4210 6442
752 389 812 456 )5
1871 392 1969 449 AD
2009 388 2272 449 PIIOTlI
2316 390 2882 456 BIBLIOTHECAM
3936 400 3999 464 16

744 504 989 559 rernitet
1026 513 1197 566 notat,
1235 514 1292 557 ιιι
1331 506 1421 572 qui
1460 517 1704 558 summas
1757 500 1878 554 illas
1922 502 2085 568 legat,
2127 508 2267 552 totos
2302 500 2467 553 libros
2512 513 2567 556 et
2613 504 2830 572 ingenia
2884 515 3169 561 auctorum
3203 523 3368 562 nosse
3415 509 3516 563 sibi
3559 512 3822 564 rideatur.
3862 512 3998 577 Quis

745 594 908 661 igitur
955 604 1150 644 ιιοδιιδιιξ
1202 592 1378 646 aetatis
1404 607 1462 646 se
1494 606 1615 646 cum
1646 588 1842 643 Phatio
1870 588 2121 643 conferre
2165 589 2391 651 audeat,

2347 600 2391 651 t,
2425 589 2539 643 sive
2570 590 2846 659 ingenium
2898 592 3015 660 ejus
3061 605 3389 662 spectemus,
3426 599 3539 650 sive
3567 597 3913 667 πολυμαθίαν
3945 612 3999 653 et

743 680 1092 749 πολυπειρίαν
1111 697 1126 743 ;

1834 761 1919 816 Ea;
1937 763 2131 815 litteris
2155 761 2385 814 Joannis
2414 761 2636 815 Livineii
2668 765 2736 815 ad
2766 765 2833 817 ι).
2868 766 2938 818 11.

811 852 984 906 Photii
1011 853 1271 923 scriptum
1299 850 1500 921 urgeri,
1535 859 1663 920 puto
1694 849 2044 903 vehementer
2074 864 2103 901 e
2133 865 2191 901 re
2223 848 2487 902 litleraria
2518 848 2657 903 csse.
2700 852 2792 905 Est
2823 854 2966 905 enim
3003 857 3236 919 varium,
3273 866 3326 909 et
3374 859 3628 911 omnibus
3669 860 3897 926 ingeniis
3934 875 3999 912 ac

739 940 934 993 studiis
963 939 1114 991 valde
1141 942 1403 993 serviens.
1442 937 1642 991 Deinde
1677 936 1864 1004 quanti
1909 937 2169 1000 aestimas,
2196 936 2340 989 seire
2384 950 2481 989 nos
2526 937 2719 990 saltem
2751 950 2884 1006 quot
2928 941 3195 994 bonorum
3234 945 3570 1016 scriptorum
3614 946 3665 998 in
3714 948 3862 1001 omni
3897 961 3998 1015 ge-

740 1039 869 1078 nere
895 1026 1179 1091 doctrinae,
1217 1026 1304 1095 qui
1334 1026 1448 1078 viro
1475 1024 1549 1077 illi
1584 1023 2000 1093 φιλολογωτάτῳ
2031 1023 2127 1074 visi
2164 1022 2419 1089 lectique,
2457 1023 2796 1092 naufragium
2834 1025 3149 1083 fecerimus.

1799 1109 1882 1162 Ex
1929 1110 2120 1162 litteris
2153 1108 2271 1162 Jos.
2304 1107 2571 1176 Scaligeri
2596 1111 2663 1162 ad
2698 1114 2960 1165 eumdem.

812 1195 1028 1253 Utinam
1056 1239 1071 1259 .
1116 1198 1186 1252 mi
1241 1198 1534 1261 llmscheli,
1562 1199 1613 1252 in
1652 1197 1831 1251 Photii
1860 1196 2094 1250 editione
2119 1194 2435 1249 exornanda
2464 1204 2515 1248 te
2538 1195 2728 1263 jnure
2755 1214 2986 1266 possem.
3031 1201 3251 1256 Librum
3289 1204 3505 1271 quidem
3554 1214 3725 1258 tottnn
3760 1206 3813 1260 in
3857 1207 3996 1259 duos

740 1291 919 1337 tomos
947 1285 1283 1349 distinctum,
1320 1301 1481 1338 manu
1519 1284 1738 1339 Henrici
1770 1284 2028 1353 Stephani
2059 1283 2319 1350 scriptum
2353 1280 2482 1333 olim
2522 1282 2647 1352 legi,
2690 1298 2824 1353 Opus
2856 1287 3085 1351 varium,
3126 1306 3190 1344 ex
3236 1292 3388 1357 cujus
3418 1293 3656 1345 editione
3700 1293 3993 1355 incertum,

741 1370 991 1438 majorne
1028 1372 1391 1426 redundatura
1419 1374 1489 1426 sit
1518 1374 1569 1425 in
1620 1382 1672 1426 te
1705 1373 1898 1441 gloria,
1940 1386 2008 1425 an
2044 1371 2095 1423 in
2130 1370 2266 1425 alios
2294 1369 2524 1423 utilitas.
2551 1372 2715 1426 Certe
2754 1385 2860 1427 tam
2896 1378 3173 1445 egregium
3213 1381 3469 1447 scriptum
3500 1380 3608 1435 iion
3646 1382 3751 1435 alio
3782 1382 3996 1435 editore

735 1457 956 1522 dignum
980 1469 1117 1522 erat,
1147 1474 1308 1527 quam
1346 1469 1420 1521 te,
1445 1460 1534 1525 qui
1567 1469 1643 1511 tot
1682 1458 1943 1513 bonorum
1986 1465 2270 1510 auctorum
2307 1458 2547 1512 editione
2582 1469 2637 1513 et
2661 1462 3025 1517 eruditionem
3076 1476 3220 1519 tuam
3255 1477 3308 1520 et
3340 1483 3667 1536 proliensmn
3697 1469 3749 1521 in
3786 1460 3997 1522 litteras

733 1544 970 1597 animum
1008 1545 1193 1598 testari
1226 1545 1482 1599 volueris.
1514 1543 1701 1613 Neque
1734 1561 1856 1612 ego,
1890 1558 2063 1613 neque
2092 1542 2387 1596 Vulcanius
2429 1554 2620 1599 noster
2659 1555 2711 1597 te
2735 1544 2928 1613 juvare
2958 1551 3008 1603 in
3044 1552 3145 1605 ltoc
3173 1566 3481 1620 possumus,
3511 1556 3601 1623 qui
3636 1556 3780 1608 nulla
3812 1570 3997 1609 exem-

734 1630 903 1696 plaria
942 1631 1059 1698 ejus
1090 1630 1212 1685 libri
1247 1633 1532 1686 habemus.
1570 1630 1675 1684 Sed
1704 1632 1748 1685 si
1788 1633 1974 1695 habes,
2006 1641 2062 1684 nt
2092 1631 2249 1693 dicis,
2281 1629 2414 1694 duo,
2446 1642 2575 1697 puto
2614 1642 2663 1686 te
2688 1634 2940 1689 omnibus
2969 1637 3089 1691 aliis
3111 1653 3269 1707 aequo
3300 1642 3480 1697 animo
3518 1658 3710 1697 carere
3735 1658 3912 1711 posse.

1763 1717 1844 1771 Ea:
1866 1718 2061 1770 litteris
2094 1716 2275 1769 Isauri
2304 1715 2603 1772 Casmtboni
2624 1723 2693 1772 ad
2722 1725 2986 1775 eumdem.

802 1801 927 1855 Ain’
962 1813 1015 1856 tu
1046 1804 1269 1858 autem?
1302 1818 1422 1859 esse
1455 1815 1504 1857 te
1538 1806 1591 1858 in
1629 1821 1692 1857 eo
1728 1815 1785 1858 nt
1827 1804 2004 1857 Photii
2035 1804 2419 1857 Bibliotheca»:
2455 1808 2627 1860 edas?
2659 1825 2691 1861 υ
2720 1825 2917 1864 munus
2952 1826 3079 1865 vere
3128 1816 3484 1871 munificuml
3518 1833 3549 1872 ο
3578 1829 3628 1872 te
3685 1818 3993 1871 libi-ralem!

733 1887 891 1945 facile
924 1902 1010 1945 est
1040 1906 1107 1945 ex
1139 1892 1204 1946 iis
1235 1907 1352 1959 qttte
1376 1903 1503 1946 sunt
1534 1895 1678 1946 edita
1710 1894 1775 1947 de
1812 1892 1955 1945 illius
1987 1891 2139 1945 libris
2167 1901 2422 1959 tanquam
2454 1909 2517 1947 ex
2554 1896 2827 1964 unguibus
2858 1897 3068 1953 leonem
3100 1902 3394 1956 mstimare.

1362 2139 1667 2198 ISAACUS
1702 2140 2193 2199 CASAUBONUS
2253 2139 2505 2200 DAVIDI
2569 2142 3015 2205 IiCESCHELIO
3051 2147 3114 2206 S.
3162 2148 3231 2206 P.
3268 2148 3336 2207 D.

801 2286 1050 2343 Photium
1086 2297 1234 2341 tttttm
1278 2294 1478 2355 quanta
1526 2298 1773 2356 poteram
1818 2290 2094 2357 diligentia
2149 2291 2289 2341 inter
2328 2288 2533 2343 aulicos
2580 2292 2864 2359 strepitus,
2891 2294 3211 2349 avidissime
3270 2308 3416 2352 certe
3460 2302 3725 2368 percurri.
3766 2303 3992 2360 Ostendi

733 2378 893 2430 etiam
926 2390 1120 2428 munus
1157 2384 1302 2428 tuum
1341 2374 1517 2427 dnctis
1562 2376 1882 2444 magnisque
1919 2376 2091 2427 viris:
2129 2392 2359 2443 quorum
2418 2376 2469 2428 in
2517 2377 2618 2431 hac
2659 2382 2800 2446 regia
2854 2383 2990 2435 urbe
3040 2398 3297 2438 numerus
3342 2386 3755 2457 haudquaquam
3823 2400 3995 2462 poem-

735 2464 950 2516 tendus.
986 2460 1186 2515 Omnes
1219 2462 1310 2514 tibi
1340 2470 1393 2513 rt
1433 2463 1886 2528 priestantissimo
1926 2460 2152 2515 Velsern
2185 2462 2388 2529 gratias
2415 2477 2578 2531 agere
2622 2466 2979 2530 immortales,
3022 2485 3252 2537 quorum
3285 2476 3610 2529 auctoritate
3640 2487 3695 2532 et
3728 2460 3992 2534 industria

737 2551 1081 2602 utilissimqu
1117 2550 1437 2617 scriptorem
1482 2549 1730 2617 proximo
1760 2559 2022 2602 autumno
2070 2565 2127 2603 se
2177 2548 2460 2605 habituros
2489 2562 2732 2620 sperant.
2770 2554 3074 2625 l’rincipem
3108 2558 3246 2611 inter
3279 2559 3438 2627 hujus
3469 2565 3679 2618 ordinis
3714 2569 3859 2621 viros
3899 2568 3977 2621 lo-

735 2660 857 2698 cum
890 2644 1099 2697 obtinet
1132 2660 1329 2713 praeses
1357 2642 1617 2697 Tltnauus
1652 2662 1665 2695 :
1704 2659 1871 2712 queat
1898 2658 1998 2713 ego
2030 2646 2204 2697 virum
2238 2648 2499 2700 divinitus
2537 2649 2719 2701 datum
2746 2663 2942 2702 censeo
2976 2652 3179 2705 saeculo
3212 2653 3296 2707 isti
3333 2654 3385 2707 in
3411 2659 3718 2726 exemplum
3752 2662 3992 2728 pietatis,

738 2732 1086 2799 integritatis,
1118 2732 1422 2800 probitatis,
1462 2739 1598 2783 etut
1634 2745 1739 2784 uno
1780 2735 1945 2784 vcrho
2000 2734 2176 2785 dicam
2224 2735 2400 2803 πάσης

2330 2753 2406 2803 της
2448 2737 2645 2807 ἀρετῆς
2672 2738 2764 2790 καὶ
2792 2739 3056 2810 καλλονῆς
3094 2741 3291 2811 ψυχῆς.
3337 2741 3473 2797 Sunt
3499 2755 3553 2798 et
3598 2748 3747 2801 tnulti
3772 2750 3861 2804 alii
3885 2768 3992 2820 qua

738 2819 789 2871 iu
825 2818 971 2880 aula,
1010 2832 1112 2885 qua
1136 2817 1189 2870 in
1224 2829 1416 2870 senatu
1446 2816 1743 2871 Parisiensi
1771 2818 2082 2888 λάμποντες
2113 2821 2346 2890 ἀστέρες
2370 2822 2448 2885 ὡς
2477 2826 2641 2878 vestri
2667 2828 3072 2892 studiosissimi,
3108 2842 3162 2883 et
3196 2834 3431 2899 purioris
3462 2835 3781 2891 litteraturae
3801 2816 3993 2894 aman-

738 2905 954 2960 tissimi.
996 2905 1199 2958 Omnes
1230 2904 1283 2956 hi
1329 2902 1581 2956 Photium
1622 2913 1857 2959 vestrum
1904 2906 2255 2972 cupidissime
2282 2920 2623 2977 exspectant,
2656 2913 2857 2967 eximie
2890 2926 3068 2969 autem
3100 2916 3428 2974 Francisctts
3470 2921 3732 2983 Pitltaeus.
3781 2926 3848 2979 de
3872 2944 3991 2993 quo

738 3006 911 3057 nuper
970 2992 1319 3059 scripseram,
1351 3004 1469 3043 esse
1507 2989 1558 3042 in
1608 2990 1724 3057 ejus
1756 2992 2001 3044 manibus
2034 2990 2211 3046 Photii
2238 2996 2541 3063 exemplar,
2561 2998 2886 3052 collaturum
2918 3017 3002 3057 nte
3033 3012 3180 3056 ttnnn
3212 3008 3455 3061 codicem
3494 3008 3614 3062 ctnli
3651 3011 3741 3065 illo
3777 3034 3787 3066 :
3815 2989 3994 3069 etven-

736 3086 951 3144 cerptas
987 3078 1111 3130 inde
1137 3077 1354 3147 γραφὰς
1384 3076 1671 3149 διαφόρους
1719 3078 1896 3131 istltuc
1926 3079 2238 3135 missurum.
2274 3081 2457 3150 Neque
2484 3087 2550 3137 ab
2585 3086 2673 3137 illo
2702 3102 2876 3153 neque
2905 3104 2933 3140 a
2976 3105 3060 3143 me
3113 3093 3333 3162 insuper
3380 3095 3559 3150 habita
3590 3113 3651 3151 ea
3690 3114 3847 3165 cura,
3895 3107 3991 3158 sed

737 3179 1032 3232 paucorum
1065 3163 1315 3218 foliorum
1345 3165 1753 3232 comparatione
1784 3164 2090 3227 didicimus,
2121 3168 2253 3221 nihil
2276 3180 2367 3221 aut
2392 3186 2574 3237 parutn
2605 3175 2825 3228 omnino
2850 3177 3038 3231 auxilii
3072 3181 3137 3231 ad
3174 3183 3471 3235 ornandam
3492 3175 3647 3237 tuam
3696 3163 3992 3242 editionem

738 3265 765 3302 a
804 3250 1000 3303 Pithcei
1032 3248 1165 3302 lihro
1192 3262 1311 3302 esse
1338 3250 1786 3315 exspectandum.
1819 3248 2000 3313 Quare
2031 3250 2174 3303 aliud
2203 3266 2398 3305 censeo
2435 3270 2674 3325 agamus.
2717 3260 2977 3327 Equidem
3017 3266 3059 3317 si
3088 3269 3230 3318 domi
3266 3268 3319 3320 in
3352 3268 3535 3323 Museo
3569 3288 3689 3325 meo
3722 3289 3842 3341 quae
3861 3289 3993 3329 sunt

747 3351 774 3388 a
802 3346 854 3391 te
880 3337 1041 3389 missa
1073 3335 1341 3405 legissem,
1380 3346 1473 3388 aut
1502 3336 1598 3389 otii
1636 3336 1937 3404 plusculum
1967 3335 2281 3391 habuissem
2330 3340 2397 3393 ad
2438 3343 2488 3394 id
2532 3348 2828 3412 nrgotium,
2863 3349 3013 3417 plura
3042 3363 3096 3405 et
3132 3353 3351 3406 meliora
3392 3357 3441 3408 in
3487 3372 3553 3411 eo
3588 3335 3865 3427 Scriptore
3895 3363 3992 3415 ob—

737 3438 1041 3476 servassem
1081 3433 1134 3477 et
1166 3433 1339 3477 tecum
1386 3424 1903 3479 communicassem.
1953 3424 2058 3478 Sed
2089 3426 2252 3479 crede
2298 3428 2430 3481 mihi
2458 3433 2598 3484 serio
2630 3433 2943 3500 allii-inanti,
2998 3438 3129 3490 nihil
3159 3444 3498 3508 occupatius,
3549 3445 3681 3498 nihil
3713 3424 3757 3497 ia
3794 3450 3995 3501 studiis

739 3510 968 3563 alienius
995 3525 1056 3563 ea
1090 3510 1222 3573 vita,
1248 3525 1409 3577 quam
1440 3510 1492 3562 in
1530 3511 1629 3564 hac
1656 3511 1779 3563 aula
1807 3511 2071 3565 hactenus
2087 3511 2346 3568 viximus.
2380 3514 2638 3572 Utscires
2668 3529 2841 3573 tamen
2870 3524 3039 3577 etiam
3074 3526 3125 3578 in
3180 3530 3409 3582 summis
3438 3531 3582 3583 hisce
3614 3535 3990 3601 occupationi-

741 3601 839 3651 bus
874 3597 1123 3650 Photiunt
1162 3607 1309 3651 tuum
1340 3597 1497 3651 nobis
1524 3612 1647 3652 esse
1675 3598 1895 3662 lectum,
1927 3600 2153 3666 paucula
2186 3602 2432 3669 quasdam
2465 3605 2734 3659 illevimus
2772 3608 2895 3663 huic
2926 3611 3150 3674 charte,
3182 3629 3298 3681 quae
3335 3626 3443 3669 ttnu
3492 3619 3647 3672 nobis
3670 3620 3721 3672 in
3752 3597 3991 3675 iacntem

739 3693 1022 3738 venerunt.
1056 3682 1187 3737 Nam
1226 3685 1446 3754 gravius
1471 3685 1676 3755 aliquid
1708 3686 1905 3740 frustra
1947 3702 2087 3742 nunc
2116 3702 2145 3742 a
2192 3701 2279 3742 tne
2317 3693 2739 3758 exspectaveris.
2768 3694 2916 3762 Vale,
2949 3698 3033 3751 vir
3070 3700 3405 3768 doctissime,
3442 3714 3498 3759 ct
3550 3721 3633 3760 me
3675 3718 3994 3765 constanter

741 3785 881 3825 ama.
920 3770 1144 3828 Lutetia:
1164 3770 1499 3827 Parisiorum
1534 3773 1567 3827 5
1601 3773 1825 3828 Kalend.
1852 3772 2036 3827 lunias
2062 3790 2185 3828 unc.

1779 4041 1882 4098 EX
1966 4041 2183 4100 NOTIS
2228 4044 2555 4105 ANDREIE
2622 4050 2952 4125 SCIIOTTI,

1884 4178 1967 4220 AD
2007 4179 2083 4221 Cll
2093 4180 2570 4229 RESTOMATHIAM
2592 4187 2835 4233 PROCLI.

821 4307 1184 4377 ‘A-zsyvdqu,
1215 4308 1410 4360 lectum
1450 4320 1556 4371 est,
1596 4310 1677 4362 vel
1730 4308 2197 4381 Ἀνεγνώσθησαν,
2235 4313 2370 4368 lecta
2401 4326 2548 4371 sunt.
2600 4320 2691 4374 Sic
2721 4322 2786 4375 de
2818 4323 3040 4393 singulis
3082 4341 3109 4378 a
3140 4342 3199 4380 se
3226 4342 3349 4382 cum
3382 4329 3586 4396 judicio
3632 4334 3787 4389 lectis
3835 4339 3993 4397 libris

741 4396 964 4449 Phatius
1018 4396 1323 4463 patriarcha
1355 4394 1985 4464 Constantinopolitanus
2020 4400 2077 4449 ὲν
2111 4403 2178 4469 τῇ
2218 4401 2403 4454 Βιϐλία

2328 4404 2540 4475 ιιοοήκῃ
2583 4408 2691 4459 τῶν
2738 4410 3164 4480 ἀνεγνωσμένων
3202 4416 3351 4487 cit-Lup
3377 4418 3597 4487 βιϐλίων
3639 4422 3893 4493 loquitur,
3932 4441 3990 4483 ut

744 4482 959 4537 oculato
987 4480 1110 4535 (eali
1135 4482 1266 4536 fides
1299 4483 1587 4536 habeatur.
1618 4482 1725 4537 Nec
1752 4486 1895 4537 enim
1926 4500 1990 4538 ex
2022 4486 2247 4539 aliorum
2290 4506 2560 4557 sermone,
2602 4497 2683 4548 vel
2726 4498 2923 4562 obiter,
2958 4510 3012 4554 et
3056 4480 3449 4574 tanquant'p'er
3508 4480 3857 4566 transennam
3881 4480 3989 4569 ἠιξ

745 4579 929 4639 ξρθςιο
957 4584 1144 4637 opere,
1175 4577 1230 4621 ut
1266 4569 1379 4622 fere
1409 4569 1509 4621 hoc
1542 4571 1758 4633 saeculo,
1802 4572 1867 4625 de
1896 4582 2005 4626 toto
2037 4588 2197 4641 opere
2228 4574 2486 4640 judicium
2538 4583 2636 4635 sibi
2675 4583 2956 4639 ferendum
2980 4569 3468 4655 existitflaltal,-Smi
3503 4611 3529 4648 a
3562 4598 3739 4664 capite
3776 4603 3843 4653 ad
3878 4606 3991 4655 cal-

743 4672 858 4713 cem
899 4657 1157 4727 pet-lecto,
1194 4656 1360 4710 libere
1397 4656 1605 4725 judicat
1640 4673 1835 4711 censor
1866 4671 1919 4711 et
1964 4661 2187 4713 t-iiticus
2221 4665 2591 4729 gravissimus.
2629 4673 2823 4723 summi
2861 4681 2912 4725 et
2944 4673 3142 4743 ingenii
3186 4687 3238 4729 et
3279 4679 3489 4746 judicii,
3522 4685 3587 4736 de
3627 4656 3991 4755 scriptoribus

751 4747 998 4799 ducentis
1026 4746 1258 4811 amplius
1302 4745 1746 4813 rtseptuaginta,
1792 4746 2104 4813 philologis,
2134 4749 2330 4814 poetis,
2367 4752 2659 4820 historicis,
2700 4761 3028 4823 oratoribus,
3073 4745 3405 4833 philosophis
3460 4780 3512 4821 et
3543 4745 3807 4841 theologis
3846 4794 3859 4829 :
3892 4779 3987 4842 qui

744 4834 1029 4886 maximam
1063 4844 1295 4901 partem,
1323 4842 1694 4900 tetnporumne
1729 4834 1943 4901 injuria,
1976 4850 2042 4887 an
2105 4838 2367 4902 majorum
2402 4842 2631 4905 incuria,
2667 4846 2961 4911 perierunt.
3020 4848 3083 4900 Et
3111 4853 3329 4917 quidem
3370 4853 3434 4905 de
3469 4857 3592 4924 styli
3640 4834 3981 4924 charactere,

741 4923 1060 4989 scriptorum
1096 4936 1341 4983 numero,
1382 4931 1435 4974 et
1485 4921 1675 4981 titulis,
1717 4938 1834 4991 quae
1864 4926 2088 4989 γνήσια,
2139 4940 2256 4989 quze
2297 4925 2398 4991 ψευ

2324 4925 2736 4997 isﬁeri-(paea,
2781 4934 2909 4999 quid
2946 4934 3121 5000 laude,
3152 4946 3206 4989 et
3262 4921 3580 5006 imitatione,
3625 4946 3749 5011 quid
3795 4921 3986 5000 contra

745 5008 1140 5077 vituperatione
1170 5010 1390 5077 dignum
1421 5008 1472 5060 in
1498 5008 1725 5075 singulis
1759 5010 2228 5076 deprehendisset,
2267 5011 2385 5065 sine
2422 5014 2543 5067 fuco
2571 5026 2628 5068 et
2670 5017 2815 5081 odio,
2856 5036 3003 5073 more
3036 5022 3324 5089 majorum,
3368 5008 3702 5092 pronuntiat.
3745 5033 3985 5102 Denique

745 5113 848 5165 qua
877 5097 1105 5167 quiaQue
1137 5106 1458 5165 tempestate
1490 5096 1756 5161 floruerit,
1800 5110 2124 5163 eademque,
2159 5098 2373 5168 longum
2410 5112 2551 5153 esset
2578 5105 2721 5155 enim
2752 5106 2828 5157 ire
2861 5123 2955 5175 per
2984 5111 3215 5179 singula,
3247 5114 3507 5170 audacter
3532 5118 3818 5186 dijudicat.

1688 5355 1743 5413 J.
1777 5355 2063 5413 LlPSlUS
2095 5356 2350 5414 MARCO
2390 5356 2730 5415 VELSEHO
2769 5358 2828 5416 S.
2856 5359 2933 5417 Μ.
2968 5359 3037 5419 D.

819 5478 1080 5532 Senecam
1125 5489 1367 5531 nostrum
1400 5494 1427 5531 a
1469 5489 1519 5532 te
1550 5492 1853 5547 atceptutn,
1886 5490 1939 5535 et
1966 5496 2090 5534 vere
2119 5489 2419 5548 acceptum,
2456 5483 2503 5535 id
2543 5494 2645 5545 est,
2678 5495 2884 5551 gratum
2915 5484 3098 5549 fuisse,
3134 5489 3359 5555 gaudeo.
3392 5490 3582 5547 Annon
3616 5507 3783 5561 esset,
3834 5504 3977 5556 scri-

748 5578 864 5634 ptor
891 5568 1123 5634 (“ﬂ-Imus
1156 5568 1269 5620 viro
1301 5567 1543 5635 optimo?
1572 5567 1721 5630 Quod
1760 5572 1839 5621 uis
1869 5570 2175 5621 desiderare
2222 5573 2479 5635 quasdmn
2522 5570 2723 5632 reliqua
2752 5588 2763 5622 :
2805 5586 2971 5637 pauca
2998 5582 3144 5635 SUtll,
3178 5585 3229 5624 et
3260 5576 3418 5631 hodie
3448 5595 3562 5633 IIIOS
3587 5583 3795 5636 obtinet
3844 5589 3977 5641 reli-

748 5668 1001 5722 quatore‘s
1042 5670 1182 5714 esse,
1234 5658 1341 5707 imo
1367 5657 1806 5710 conturliatores.
1848 5656 2009 5708 Detur
2048 5655 2223 5716 venia,
2251 5664 2344 5705 attt
2387 5665 2535 5706 certe
2583 5669 2730 5706 tuora
2781 5656 2980 5723 aliqua,
3035 5658 3367 5713 valetudini:
3408 5672 3459 5716 et
3507 5663 3741 5720 fortasse
3793 5670 3967 5726 altera

750 5744 909 5796 editio
941 5742 1106 5795 dabit.
1144 5742 1279 5794 Sunt
1308 5752 1362 5795 et
1409 5744 1460 5793 in
1492 5741 1594 5796 illis
1627 5742 1798 5807 libris,
1832 5757 1951 5809 quae
1985 5742 2184 5795 volenti
2233 5740 2373 5795 haud
2418 5742 2686 5807 peribunt.
2726 5743 2793 5793 At
2820 5751 2873 5792 tu
2912 5746 2974 5796 de
3014 5743 3187 5809 elogio
3222 5746 3418 5800 debere
3453 5752 3751 5816 profiteris.
3797 5754 3860 5806 Et
3896 5760 3974 5810 si;
