4210 6442
242 427 300 489 n
1564 427 2150 490 PltOLEGOMENA.
3414 437 3478 501 ts

238 533 512 602 loqueris?
536 531 763 601 judicio,
804 532 987 586 dicere
1027 532 1305 587 debebas:
1346 542 1399 586 et
1449 532 1573 587 ideo
1619 534 1753 587 nihil
1803 537 2022 592 debere.
2066 537 2193 591 Mihi
2221 538 2405 603 crede,
2449 539 2576 593 utsi
2607 539 2822 608 juratus
2849 541 2902 596 ln
2930 552 3118 597 senatu
3144 548 3471 605 sententiam

236 621 492 684 dicerem,
537 620 619 675 sic
644 620 778 674 dixi.
807 620 945 673 Amo
977 627 1028 672 te
1056 620 1396 689 jamdudum,
1432 621 1502 674 mi
1548 618 1791 687 Velsere,
1833 625 1924 678 sed
1969 623 2194 679 allectus
2230 624 2371 678 illam
2403 625 2568 679 animi
2607 628 2781 680 lucem
2808 643 2911 682 non
2942 631 3286 688 obtenebrat.
3334 634 3473 703 Sed,

235 710 385 772 hens,
417 718 502 761 est
527 708 670 777 quod
697 709 968 761 communi
1001 708 1367 761 litteratorum
1408 710 1627 763 nomine
1653 712 2118 774 commendemus,
2148 712 2230 766 vel
2265 722 2536 781 petamus.
2564 713 2790 768 Andreae
2822 716 3057 779 Schotti,
3092 720 3277 788 magni
3304 722 3467 776 amici

234 796 432 857 nostri,
460 792 713 856 Pbotins,
749 794 972 847 Latinus
1011 793 1222 863 jamdiu
1274 795 1413 862 apud
1450 810 1546 849 vos
1591 806 1695 861 est,
1743 805 1796 849 et
1834 796 2052 865 quando
2101 795 2217 864 ipse
2258 796 2452 862 lucem,
2487 812 2585 853 nos
2613 813 2734 854 eum
2768 799 3110 855 videbimus?
3142 800 3305 859 Certe
3336 807 3476 861 inter

234 897 430 946 paucos
484 882 572 935 ille
606 883 845 949 scriptor
888 890 1168 936 meretur:
1200 881 1291 951 qui
1326 882 1471 936 solus
1506 893 1583 935 tot
1631 882 2057 936 clarissimorqu
2096 884 2433 953 ingeniorum
2478 896 2829 941 monumenta
2863 904 2892 943 a
2919 886 3033 943 fato
3074 889 3277 960 eripuit
3314 908 3329 945 :
3362 901 3476 947 toto

231 968 349 1022 dico
379 968 514 1033 lato,
546 979 603 1023 et
630 970 827 1023 saltem
866 969 1083 1022 nomina
1110 980 1163 1023 et
1196 970 1522 1034 scriptormn
1557 969 1701 1024 velut
1725 970 1965 1022 membra
1991 970 2249 1025 servavit.
2282 970 2451 1036 Quam
2482 972 2679 1028 multos
2702 974 2789 1029 ille
2815 973 2963 1044 legit,
2989 990 3058 1030 ex
3088 976 3155 1031 iis
3176 977 3360 1047 elegit,
3390 989 3468 1042 et,

231 1064 287 1108 ut
317 1056 398 1109 sic
430 1054 648 1125 loquar,
682 1055 987 1120 deﬂoravit,
1016 1070 1152 1124 quos
1192 1071 1355 1111 nosse
1388 1057 1543 1111 nobis
1576 1056 1738 1111 aliter
1784 1070 1889 1110 non
1930 1057 2106 1111 esset?
2134 1056 2175 1108 Ε
2218 1058 2406 1124 sacris,
2441 1059 2703 1127 profanis,
2730 1062 3138 1125 tractatoribus.
3172 1064 3473 1130 historicis.

228 1144 561 1207 oratoribus,
596 1144 790 1211 poetis,
823 1153 877 1197 et
913 1144 1046 1197 nihil
1088 1144 1248 1197 estin
1277 1142 1459 1197 Graeca
1488 1144 1633 1198 omni
1661 1143 1989 1205 litteratura,
2014 1154 2108 1196 aut
2139 1152 2196 1195 ut
2227 1144 2408 1199 verius
2440 1146 2638 1211 dicam,
2675 1146 2916 1213 libraria,
2948 1153 3092 1218 quod
3123 1150 3213 1206 ille
3239 1152 3325 1206 vir
3362 1168 3472 1207 non

230 1230 433 1285 libarit.
462 1229 871 1284 Pulcherrimus
902 1245 1020 1284 mos
1047 1230 1097 1283 in
1131 1244 1312 1284 mensa
1344 1229 1574 1300 legendi,
1608 1229 1693 1285 vel
1737 1230 1987 1285 audiendi
2016 1247 2029 1284 :
2063 1230 2157 1284 sed
2187 1230 2290 1286 iste
2328 1232 2609 1299 pulchrior
2635 1234 2946 1303 utiliorque,
2976 1239 3306 1301 annotandi,
3336 1254 3476 1294 cen-

229 1319 401 1383 sendi,
432 1318 787 1385 excerpendi.
820 1316 1048 1372 Pbotius
1078 1317 1225 1382 fecit,
1257 1328 1312 1371 et
1346 1317 1434 1387 qui
1478 1304 1555 1371 ad
1594 1331 1694 1373 nos
1742 1330 2127 1387 pervenerunt,
2173 1320 2341 1377 solus.
2382 1320 2553 1375 David
2584 1320 2924 1379 Hmscbelius
2961 1336 3160 1394 vester,
3194 1337 3250 1383 et
3275 1331 3476 1384 vestris

227 1410 387 1462 etiam
417 1407 702 1475 auspiciis,
743 1404 990 1460 Graecum
1024 1406 1296 1472 primitus,
1333 1418 1386 1459 et
1423 1408 1570 1459 varie
1614 1417 1778 1478 atque
1807 1406 2071 1461 industrie
2100 1409 2447 1477 castigatum,
2478 1408 2665 1463 dedit:
2717 1411 2811 1465 sed
2837 1412 2981 1467 nosti
3013 1429 3121 1483 quo
3150 1424 3370 1470 ventum
3403 1418 3477 1471 sit

229 1497 439 1564 ignavia
491 1495 615 1559 aevi,
665 1493 823 1563 pauci
863 1493 976 1546 lucc
1030 1492 1216 1560 legunt
1252 1502 1348 1546 aut
1380 1494 1621 1560 capiunt,
1651 1504 1704 1547 et
1741 1494 1843 1546 nisi
1889 1494 2078 1548 Latina
2134 1496 2426 1560 addantur,
2458 1512 2594 1565 pene
2644 1499 2817 1554 dicam
2874 1515 2980 1554 non
3034 1503 3272 1557 dedisse.
3334 1502 3476 1574 Ergo

228 1586 290 1639 Δ,
318 1584 608 1651 Schottus,
640 1583 724 1637 vir
758 1583 900 1636 bono
926 1581 1143 1651 publico
1183 1593 1364 1645 natus,
1390 1581 1735 1643 allaboravit,
1765 1592 1820 1636 et
1861 1580 2111 1635 Latinum
2153 1592 2323 1637 tomm
2352 1584 2522 1650 dedit,
2553 1594 2606 1639 et
2638 1587 2732 1640 tibi
2759 1587 3053 1643 commisit.
3086 1586 3225 1644 Ecce
3249 1589 3378 1660 jure
3416 1600 3467 1645 te

224 1672 554 1741 ﬂagitamus.
599 1669 707 1724 Fac
732 1670 873 1738 quod
900 1668 1043 1724 soles
1066 1678 1127 1722 et
1165 1678 1325 1723 natus
1355 1683 1435 1733 es,
1468 1684 1578 1724 rem
1623 1669 1889 1738 publicam
1929 1672 2011 1725 vel
2056 1671 2279 1741 privatae
2311 1682 2417 1727 tua:
2450 1674 2647 1727 damno
2672 1673 2819 1742 juva.
2851 1674 2920 1729 Mi
2951 1676 3193 1741 Velserc,
3226 1678 3290 1731 da
3330 1677 3475 1732 hanc

224 1772 470 1824 operam,
503 1755 605 1809 etsi
644 1771 808 1824 quam
838 1755 1061 1822 trepidis
1093 1765 1149 1809 et
1173 1770 1309 1824 pene
1333 1756 1629 1824 desperatis
1656 1755 1897 1826 Europa!
1927 1758 2116 1813 rebus!
2153 1758 2452 1828 Pannonia,
2491 1771 2546 1815 et
2571 1759 2681 1829 jam
2708 1760 2977 1833 Illyricum
3016 1762 3328 1831 finitimum,
3354 1762 3468 1821 sol-

225 1844 395 1897 licitas
428 1858 530 1898 nos
561 1843 762 1899 habent
786 1858 801 1895 :

1206 1928 1326 1994 Quo
1350 1930 1553 1997 pondus
1589 1931 1731 1982 istud
1764 1931 1974 1999 terget?
2014 1930 2101 1982 ubi
2145 1941 2297 1998 ponet
2328 1932 2541 1987 minas?

224 2015 559 2087 [bicnnque,
592 2028 825 2081 stemus,
852 2026 905 2071 et
934 2016 986 2070 in
1021 2017 1251 2071 honesto
1281 2016 1443 2078 ﬁrmi,
1476 2031 1689 2070 onmem
1725 2016 1817 2070 fati
1850 2018 1953 2068 vim
1987 2016 2338 2084 excipiamus,
2371 2019 2479 2074 imo
2509 2020 2811 2085 vincamus,
2840 2022 2890 2077 id
2918 2033 3021 2091 est,
3062 2022 3320 2081 feramus.

302 2104 453 2161 Vale.
486 2105 732 2171 Lovanii,
770 2106 1031 2175 postridie
1061 2104 1265 2158 Natalis
1291 2104 1577 2169 Dominici,
1610 2120 1752 2160 anno
1782 2102 2014 2158 MDCVI.

861 2334 935 2393 IN
991 2333 1395 2394 PHOTlAN/E
1451 2333 1973 2396 BIBLIOTHECIE
2028 2333 2834 2408 INTERPRETATIONEM,

1340 2476 1614 2520 SCHOTTO
1676 2476 1755 2519 DE
1816 2475 2151 2519 SOCIETATE
2189 2476 2336 2520 δεδι]
2388 2475 2614 2520 LATINE
2671 2476 2922 2521 EDITA".

1514 2582 1704 2639 Feder.
1735 2581 2022 2645 Jnmotius,
2061 2580 2202 2636 Med.

752 2478 788 2521 Α
827 2478 890 2521 R.
930 2476 987 2521 Ρ.
1034 2476 1283 2521 ANDREA

217 2728 472 2791 Σκόττος
497 2724 607 2777 ἀπὸ
629 2722 860 2793 σκοτίοιο
888 2738 950 2789 φε
961 2720 1205 2792 ρώνυμός
1224 2722 1372 2774 ἐστιν
1389 2722 1616 2792 ὁμίχλης

286 2820 509 2881 Φώτιος
529 2815 603 2878 ὡς
630 2812 884 2883 λαμπροῦ
919 2812 1147 2880 κληδόνα
1178 2813 1354 2879 φωτὸς
1377 2812 1508 2881 ἔχει.

217 2910 372 2963 Ὶ“ςνδ”
399 2908 561 2975 ἐπειὴ
591 2906 684 2957 xui.
714 2907 973 2968 Σκόττος
994 2904 1281 2970 ἀπήγαγεν
1306 2904 1500 2973 ἀχλύος
1531 2905 1687 2973 αἰνῆς

279 2999 514 3053 φωτικὰ
530 2996 870 3067 λαμπρύνων
889 2996 1191 3066 γράμματα
1220 3012 1359 3062 φωτι
1378 2996 1505 3066 νέῳ.

215 3093 384 3162 (Τοῖσι
414 3090 788 3157 παλαιγενέων
809 3087 1180 3158 σφραγίσσατο
1210 3085 1428 3153 Φώτιος
1450 3088 1657 3159 ἀνδρῶν

284 3185 586 3253 Maium-.1,
613 3182 851 3251 τιμήσας
884 3180 1175 3247 στίγμασιν
1199 3179 1510 3249 ἀμφαδξοις)

216 3276 276 3328 ΕΞ
305 3275 469 3342 Θέμις
507 3274 829 3343 aspexisse:
862 3270 1197 3342 πανατρεκὲς
1226 3271 1432 3340 οὕνομα
1460 3271 1651 3335 θεῖναι,

282 3365 384 3427 Ὃς
408 3383 541 3418 mss
566 3366 821 3430 Σκόττος
841 3362 955 3432 (qv,
983 3360 1201 3425 Φὼτιος
1224 3359 1382 3423 ἄλλος
1414 3361 1513 3412 ἔοι.

217 3519 422 3576 Franc.
470 3522 717 3577 Sclwttns
740 3521 871 3577 Jure
902 3523 1170 3578 consultus
1212 3539 1274 3575 ac
1299 3531 1506 3576 senator
1536 3524 1790 3585 Autuerp.

216 3635 378 3689 l’hoti
408 3638 634 3704 scripta,
667 3637 816 3704 prius
847 3637 937 3705 qui
980 3651 1122 3689 εει)ρο
1156 3650 1379 3689 cari-ere
1411 3635 1649 3698 clausus,

286 3726 579 3791 Horridus,
613 3726 844 3791 invisus,
880 3738 1038 3780 nocte
1072 3727 1273 3781 latebat
1304 3727 1472 3789 iners,

213 3818 414 3871 Eduxit
453 3818 707 3883 quoniam
732 3817 855 3895 tlias
892 3818 944 3871 in
980 3816 1198 3870 luminis
1226 3832 1370 3879 oras,

283 3909 482 3962 Frater
512 3909 760 3973 amande,
795 3907 958 3961 animi
1000 3908 1392 3975 dimidiumque
1426 3906 1552 3966 mei,

211 4000 481 4055 Gratulor
501 4007 556 4053 et
582 4000 754 4061 laetor,
796 4000 977 4067 prisco
1010 3999 1206 4052 dehinc
1245 4012 1394 4052 more
1436 4009 1719 4066 parentum

281 4091 484 4146 Grates
511 4101 662 4158 grata
694 4092 820 4144 velit
851 4092 1061 4145 solvere
1087 4092 1399 4158 posteritas.

211 4185 326 4237 Lux
362 4184 604 4236 tenebra:
636 4182 720 4235 hic
747 4180 925 4235 fausto
957 4182 1277 4250 conspirant
1307 4181 1505 4242 omine,
1537 4180 1720 4235 lucens

279 4274 531 4341 Namque
570 4274 801 4327 obscura
825 4272 973 4340 prius
1000 4270 1330 4325 Bibliotheca
1363 4282 1531 4338 patet.

220 4368 327 4421 Lux
361 4367 530 4419 micat
566 4382 595 4418 e
644 4365 883 4419 tenebris
929 4379 993 4418 en
1037 4374 1220 4417 mutua
1255 4380 1268 4416 :
1301 4380 1513 4431 noxque
1549 4364 1787 4418 vicissim

282 4458 518 4519 Lumen,
553 4463 604 4510 et
632 4468 749 4510 atra
785 4456 900 4509 dies
937 4455 1179 4524 ajubare
1211 4455 1505 4522 accipiunt.

209 4548 396 4602 Fallor
420 4563 490 4600 an
527 4546 793 4615 aspicient
822 4547 972 4615 pulsa
1006 4546 1237 4614 caligine
1268 4546 1426 4599 ocelli

281 4639 513 4701 Lucem,
548 4647 726 4690 mente
751 4636 915 4691 Deum
942 4638 1274 4707 justititnqne
1301 4635 1507 4703 jnbar?

212 4731 377 4784 1³Ιιοιί
412 4746 609 4784 munus
639 4733 742 4784 erit
771 4740 847 4783 tot
870 4729 1003 4783 lecta
1037 4729 1307 4783 volumina
1341 4725 1585 4788 Graium,

281 4822 495 4877 Schom'
525 4821 631 4873 erit
660 4821 770 4874 hinc
799 4820 952 4873 Latio
982 4821 1184 4874 reddita
1220 4833 1381 4886 posse
1414 4818 1537 4887 legi.

206 4956 444 5007 Jomtues
496 4951 726 5005 Bocht’us
752 4950 811 5006 S.
848 4951 912 5007 Ρ.
958 4951 1025 5018 ρ.
1050 4953 1423 5020 Autuerpieusi
1465 4969 1494 5003 a
1530 4951 1780 5004 Sccretis.

209 5085 291 5137 Nl
328 5084 431 5137 nisi
475 5096 673 5137 nomen
704 5084 907 5138 habens
957 5098 986 5137 a
1015 5082 1237 5147 lmnine,
1274 5085 1490 5137 luminis
1524 5100 1718 5153 expers

283 5175 538 5239 Pharius,
572 5183 624 5227 et
660 5176 900 5229 tenebris
924 5174 1152 5229 obrutus
1184 5182 1345 5243 atque
1377 5176 1503 5237 situ,

206 5266 554 5336 Squallebat,
589 5266 870 5333 tineasqne
907 5266 995 5320 ditt
1046 5268 1299 5335 pascebat
1330 5270 1529 5320 inertes

278 5359 536 5423 Abditas,
560 5364 613 5411 et
642 5357 831 5427 patriis
861 5357 1078 5412 sedibus
1106 5358 1262 5413 exsul
1289 5368 1428 5412 erat.

204 5452 566 5519 Aspectuque
614 5464 803 5503 carens
847 5450 1148 5513 hominum,
1201 5450 1389 5520 procul
1423 5451 1554 5503 orbe
1588 5450 1783 5503 latebat

280 5536 574 5605 Hesperio,
606 5537 821 5591 clausus
850 5552 1092 5602 carcere,
1126 5538 1263 5592 lucis
1293 5538 1466 5605 inops.

206 5630 274 5678 At
320 5625 551 5680 Schotus
581 5625 830 5683 obscuris
864 5640 1056 5683 nOmen
1091 5630 1180 5699 qui
1215 5630 1361 5683 ducit
1390 5630 1455 5682 ab
1481 5631 1685 5683 umbris

280 5717 438 5784 (Mira
473 5732 612 5771 cano
644 5720 787 5772 tenui
827 5721 1090 5783 carmine,
1124 5737 1245 5773 vera
1298 5722 1500 5787 tamen)

210 5809 365 5862 liruit
395 5813 445 5863 in
481 5812 649 5867 densa
684 5812 910 5879 positam
946 5813 1172 5880 caligine
1205 5812 1374 5865 lucem
1411 5830 1423 5864 ;

1902 2721 2150 2777 Scitottns
2182 2722 2250 2775 ab
2274 2722 2504 2775 obscura
2530 2719 2675 2773 ducit
2704 2717 2932 2786 caligine
2960 2729 3155 2771 nomen

1973 2813 2191 2868 Pltotius
2220 2825 2275 2868 ut
2308 2813 2438 2867 clari
2468 2811 2687 2865 luminis
2721 2824 2877 2865 omen
2915 2810 3092 2862 habet.

1899 2906 2029 2960 Cum
2055 2916 2232 2959 tamen
2258 2905 2399 2959 hunc
2418 2903 2664 2958 Schottus
2688 2900 2985 2956 tenebrosis
3001 2900 3206 2954 eximat
3227 2895 3458 2962 umbris,

1971 2995 2198 3049 Lumine
2228 3010 2347 3049 cum
2377 2994 2570 3048 lustret
2603 2991 2825 3046 Photica
2862 2993 3061 3060 scripta
3098 3005 3237 3045 novo
3264 3005 3281 3047 :

1901 3087 2135 3157 (Scripta
2148 3087 2342 3155 quibus
2363 3099 2558 3141 censor
2575 3094 2817 3139 veterum
2841 3093 3191 3137 monumenta
3220 3083 3465 3139 virorum

1979 3176 2196 3231 Pltotius
2227 3178 2475 3246 obsignat
2502 3176 2759 3231 liberlore
2792 3173 2938 3242 nota)

1907 3269 2039 3322 Vera
2073 3268 2198 3322 licet
2224 3266 2367 3321 veris
2396 3266 2440 3321 si
2481 3278 2683 3334 ponere
2707 3263 2922 3319 nomina
2956 3262 3116 3317 rebus

1973 3358 2074 3425 Qui
2100 3359 2257 3411 modo
2286 3355 2532 3411 St-Itottus
2554 3365 2694 3421 erat,
2724 3354 2943 3409 Photius
2972 3353 3108 3409 alter
3130 3353 3252 3409 erit.

1967 3517 2059 3572 Sic
2094 3523 2345 3587 reparant
2379 3514 2612 3570 tenebrae
2639 3511 2864 3577 lumina,
2896 3529 3113 3583 noxque
3149 3514 3315 3571 diem.

1895 3607 2299 3676 (Edipodioniaa
2334 3608 2559 3662 redeunt
2596 3605 2880 3675 enigmata
2914 3607 3193 3678 Sphingis,

1969 3698 2073 3754 Nec
2105 3713 2200 3753 sua
2239 3705 2420 3753 nostra
2455 3696 2632 3751 minus
2654 3695 2853 3750 saecula
2885 3707 3125 3751 monstra
3150 3696 3349 3750 ferunt.

1896 3788 2153 3857 Quisquis
2182 3796 2238 3842 st
2266 3786 2580 3841 umbrarum
2614 3786 2715 3841 sub
2767 3786 2985 3840 nomine
3014 3786 3159 3841 clara
3193 3796 3381 3853 tuetur,

1965 3876 2097 3944 Quae
2124 3877 2350 3932 Schotus
2383 3875 2577 3931 illustri
2613 3875 2813 3929 lumina
2847 3886 3028 3931 mente
3058 3878 3212 3947 tegit,

1897 3962 2231 4034 Insignisque
2263 3965 2363 4019 viri
2389 3978 2539 4019 raras
2572 3964 2848 4018 examinat
2876 3975 3043 4030 artes,

1965 4056 2110 4122 Quas
2137 4066 2317 4121 stupet
2344 4065 2398 4112 et
2423 4056 2663 4121 Latium,
2691 4056 2901 4112 Graecia
2933 4067 3041 4113 tota
3072 4067 3250 4127 stupet
3279 4082 3292 4115 :

1894 4145 2009 4202 Non
2036 4148 2235 4202 mirum
2257 4148 2343 4202 Est
2374 4148 2518 4202 illam
2546 4148 2725 4203 radios
2752 4150 3023 4217 emittere,
3055 4150 3221 4214 dicet,

1966 4238 2257 4308 Lampada,
2288 4240 2466 4295 lumen
2498 4240 2656 4294 habet
2687 4240 2909 4295 Photius
2944 4243 3088 4297 unde
3118 4257 3299 4298 suum.

1892 4328 2002 4385 Nec
2040 4330 2231 4385 rutilas
2262 4328 2515 4400 praeferre
2549 4329 2694 4386 faces
2731 4330 3015 4387 mirabitur
3044 4335 3313 4396 umbram,

1962 4421 2093 4489 Quae
2126 4423 2297 4477 lucem
2328 4424 2466 4478 hanc
2496 4424 2617 4479 aliis
2651 4424 2893 4493 pluribus
2920 4436 3044 4480 ante
3078 4426 3218 4481 tulit.

1896 4513 2132 4578 Salvete,
2169 4528 2201 4569 ο
2232 4515 2487 4580 tenebrae,
2512 4513 2735 4585 fulgenti
2771 4516 2890 4571 luce
2928 4530 3194 4581 coruscae,

1966 4605 2048 4659 Sit
2072 4605 2206 4660 satis
2239 4607 2339 4660 hoc
2376 4606 2568 4660 vestris
2596 4607 2841 4660 muneris
2880 4622 3000 4663 esse
3030 4610 3199 4663 decus
3236 4627 3250 4664 :

1896 4695 2115 4750 Photius
2156 4696 2210 4750 in
2247 4695 2481 4751 medium
2513 4698 2656 4766 quod
2686 4698 2872 4767 purior
2891 4709 3051 4754 exeat
3073 4699 3285 4765 orbem,

1963 4786 2078 4841 Lux
2113 4802 2143 4841 e
2177 4787 2339 4850 nube,
2376 4787 2541 4842 redux
2577 4802 2816 4854 carcere,
2858 4800 3016 4845 nocte
3042 4793 3224 4859 iubar.

1898 4899 2297 4953 Maximilianus
2376 4898 2654 4954 Vriendius
2725 4905 2929 4957 senatui
3018 4902 3357 4960 Gandavcmi
3423 4926 3453 4959 α

2540 4969 2787 5025 Secrett's.

1892 5084 1997 5138 lies
2025 5084 2180 5147 mira,
2216 5092 2269 5136 at
2302 5098 2424 5137 vera
2467 5092 2570 5147 est,
2608 5099 2711 5137 non
2756 5084 2907 5140 claro
2933 5084 3138 5141 lumine
3166 5086 3455 5143 Sdtottum

1961 5175 2236 5229 Clarorem
2267 5189 2294 5227 τι
2328 5173 2539 5229 nebulis
2567 5188 2821 5244 spargere
2850 5191 3009 5245 posse
3040 5178 3173 5232 suis.

1895 5266 2054 5320 Ducis
2086 5277 2139 5318 et
2174 5276 2451 5335 expertem
2483 5267 2649 5321 decus
2672 5275 2727 5320 et
2760 5266 2921 5334 jubar
2952 5268 3153 5323 addere
3183 5268 3313 5329 luci,

1967 5356 2286 5425 Scriptaque
2319 5366 2396 5409 tot
2428 5365 2668 5410 veterum
2701 5356 3059 5411 detenebrare
3088 5366 3323 5427 patrmn.

1895 5448 2149 5510 Mentior,
2182 5456 2237 5500 at
2263 5457 2413 5502 vetus
2444 5447 2531 5501 ille
2565 5461 2733 5500 novus
2777 5448 2937 5501 modo
2978 5445 3222 5513 Photins,
3255 5450 3382 5503 olim

1964 5537 2174 5602 Clarus,
2208 5547 2263 5590 at
2292 5537 2416 5591 inde
2442 5551 2556 5591 aevo
2586 5536 2801 5590 nubilus
2832 5547 2993 5605 atque
3023 5538 3154 5593 situ.

1893 5630 1992 5694 Qui
2031 5631 2199 5697 patria
2232 5630 2295 5681 de
2323 5638 2478 5683 nocte
2513 5642 2677 5680 novas
2716 5630 2874 5681 modo
2906 5628 3039 5681 lucis
3072 5628 3123 5681 in
3154 5644 3281 5685 oras

1965 5720 2165 5783 Einica,
2201 5719 2451 5772 Ausoniae
2486 5718 2711 5772 illustris
2742 5718 2947 5771 honore
2979 5727 3117 5785 toga:
3151 5737 3164 5772 :

1888 5810 1979 5865 ille
2010 5827 2107 5865 suo
2142 5813 2288 5866 solus
2320 5810 2532 5879 dignam
2579 5825 2675 5879 pro
2706 5808 2919 5865 vindice
2950 5823 3173 5865 causam
