4210 6442
713 418 777 481 19
1810 428 1909 487 AD
1965 431 2228 491 PIIOTII
2272 436 2835 499 BIBLlOTIlECAM
3869 440 3940 511 90

776 528 946 591 Dicet,
984 537 1037 584 et
1067 534 1269 599 accepti
1310 533 1529 588 luminis
1556 550 1725 604 usque
1762 553 1987 602 memor,

710 621 812 675 Uni
840 620 958 691 plus
997 622 1215 677 Schotlo
1250 627 1448 679 debere
1482 626 1757 692 fatebitur,
1792 631 1892 696 ipsi

775 714 947 776 Quam
985 712 1108 776 sibi,
1141 728 1300 779 quant
1334 716 1454 779 soli,
1484 732 1645 783 quam
1677 720 1961 787 patrioque
1987 721 2128 775 solo.

913 802 1170 855 Jeremias
1206 803 1558 858 Pierssenwus
1579 808 2031 875 jure-consultus.

711 892 840 954 Quis
869 895 1054 946 credat
1087 911 1250 948 ca‘ms
1284 898 1600 964 progignere
1627 914 1785 967 posse
1813 903 2049 955 tenebras

776 976 1023 1042 Lumina,
1062 981 1313 1037 Pbmbeis
1344 985 1604 1039 lucidiora
1635 990 1847 1043 oculis?

705 1070 819 1124 Non
854 1085 973 1139 ego,
1008 1088 1109 1126 non
1149 1076 1362 1143 physica
1396 1078 1680 1147 quisquam
1712 1081 1778 1134 de
1807 1094 1963 1151 gente
1996 1090 2267 1152 sacerdos,

781 1161 1005 1231 Ullaque
1041 1180 1144 1217 non
1174 1164 1384 1232 Sophia:
1422 1170 1578 1223 docta
1616 1175 1950 1241 magisteria.

706 1252 815 1305 lloc
842 1255 946 1306 nisi
970 1254 1081 1322 jam
1118 1257 1540 1323 uobisjussisset
1570 1264 1793 1317 credere
1822 1263 2091 1331 Schottus,

780 1344 1002 1398 Photius
1041 1356 1089 1398 et
1129 1350 1281 1401 caecis
1311 1350 1517 1404 lucidus
1547 1368 1578 1404 a
1608 1354 1853 1419 tenebris,

707 1438 804 1503 Qui
838 1452 979 1492 nunc
996 1436 1193 1492 Schoui
1214 1454 1371 1508 Opera
1394 1442 1543 1507 (ante
1573 1444 1793 1497 nitentia
1828 1447 2040 1500 nubilus
2061 1464 2179 1515 ora,
2205 1460 2258 1504 et

775 1526 955 1583 Multis
984 1530 1143 1583 dente
1176 1532 1271 1583 aevi
1298 1534 1483 1585 saucia
1519 1534 1851 1603 vulneribus)

705 1621 970 1687 integrior
993 1624 1167 1690 patrio
1192 1625 1369 1690 prodit
1396 1625 1672 1679 redimitus
1696 1628 1917 1684 amictu.

777 1711 885 1767 Nec
917 1714 1093 1767 minus
1118 1715 1354 1769 Ausonia
1391 1716 1587 1770 clarior
1612 1717 1661 1768 in
1692 1718 1893 1772 tunica.

703 1800 820 1855 Non
845 1818 1002 1858 secus
1029 1818 1092 1859 ac
1129 1808 1298 1860 noctis
1329 1808 1479 1874 nigra
1511 1823 1628 1862 cum
1658 1819 1807 1862 veste
1836 1809 2081 1864 videmus

774 1891 1086 1962 Obnuptum
1113 1894 1315 1958 Solem,
1344 1896 1428 1949 vel
1466 1897 1662 1964 pluviis
1693 1898 1925 1960 nebulis.

709 1982 868 2038 Veste
896 1984 1236 2038 tenebrarum
1265 1986 1452 2049 scissa,
1496 1998 1548 2040 et
1586 1989 1721 2042 sudo
1754 1989 1971 2054 adhere,
2003 1989 2104 2043 tela

782 2075 988 2142 Ejicere
1024 2076 1277 2130 hesterna
1317 2076 1575 2131 lucidiora
1604 2078 1710 2133 die.

707 2169 883 2229 Quare
908 2167 1032 2221 dum
1072 2184 1224 2223 roseo
1264 2170 1483 2237 fulgebit
1520 2171 1707 2224 lucifer
1736 2186 1852 2232 ore,

783 2257 846 2310 Et
878 2259 1058 2311 veniet
1091 2257 1299 2314 fuscum
1343 2276 1445 2313 nox
1478 2262 1733 2330 adoperta
1761 2273 1940 2331 caput,

712 2349 872 2403 Photi
898 2352 964 2402 ab
995 2350 1188 2404 illustri
1219 2352 1450 2406 radiabit
1484 2352 1680 2406 lumine
1712 2353 1981 2419 Schema,

782 2441 845 2494 Et
879 2441 1250 2497 Scholtica‘cis
1288 2442 1508 2497 Photius
1538 2462 1568 2496 a
1590 2445 1839 2499 tenebris.

1369 2532 1632 2599 Αδηλον.

713 2624 787 2676 lte
815 2624 883 2691 pii
914 2638 1122 2687 manes,
1158 2633 1211 2677 et
1242 2624 1397 2677 Pholi
1426 2624 1602 2678 nobile
1638 2625 1815 2679 lumen

777 2712 990 2772 Judicii.
1029 2730 1130 2781 qua
1172 2715 1249 2768 sol
1284 2717 1457 2784 porgit
1489 2727 1769 2784 utramque
1809 2718 1997 2770 facem.

714 2804 962 2857 Scimus:
1006 2817 1054 2859 te
1086 2806 1379 2873 Hesperiis,
1415 2806 1661 2860 Schottus
1692 2818 1742 2859 te
1772 2818 1951 2860 sacrat
1990 2807 2135 2870 Eois,

778 2896 1025 2953 Schottus
1053 2910 1102 2953 et
1131 2898 1255 2953 Eois
1284 2910 1475 2967 gratus
1501 2908 1555 2953 et
1581 2899 1879 2967 Hesperiis.

711 2991 919 3043 Cuncta
946 2992 1133 3045 videns
1160 2990 1415 3043 nimirum
1440 2991 1552 3043 ltmc
1577 2994 1775 3044 mundo
1802 2991 1934 3044 scita
1960 2990 2116 3042 dabat
2134 3006 2276 3042 meus

786 3080 943 3136 Stare
976 3081 1092 3135 loco
1124 3084 1305 3134 mundi
1341 3084 1508 3150 prima
1540 3083 1804 3136 elementa
1832 3080 2062 3148 jnbens,

716 3170 784 3226 Ut
815 3187 957 3225 careo
988 3171 1073 3223 lux
1114 3172 1254 3225 alma
1286 3174 1423 3225 cbao
1463 3173 1675 3225 viduata
1712 3182 1926 3225 serenet

2446 546 2660 610 Omnia,
2697 560 2803 602 tum
2837 550 3006 603 lucem
3033 565 3133 603 nox
3169 548 3382 604 inimica
3411 559 3618 620 premat
3646 569 3659 604 :

2374 637 2538 705 Inque
2575 641 2742 692 vicem
2778 641 2947 694 noctis
2982 656 3121 692 nova
3148 641 3235 692 lux
3266 651 3609 709 superenatet
3635 657 3838 709 aequor,

2448 730 2510 782 Et
2538 732 2705 782 niteat
2738 733 2903 784 veteri
2941 742 3087 800 grata
3117 743 3337 800 parente
3367 733 3555 801 magis.

2376 818 2430 872 lu
2465 832 2701 873 veterum
2730 823 2920 874 uiolem
2955 822 3280 889 scriptorum
3314 820 3534 875 Pharia:
3562 823 3689 876 olim

2449 912 2719 962 lttdidot‘at
2751 911 2947 973 lllt'etlt,
2974 912 3164 976 judicii
3203 913 3352 964 radio
3396 932 3408 965 ε

2376 1001 2444 1052 At
2480 1003 2682 1053 radium
2725 1002 2999 1068 excipiens
3035 1004 3169 1055 texit
3205 1004 3497 1073 longinqua
3533 1015 3813 1059 vetustas:

2442 1088 2683 1142 Scltoltus
2715 1090 2779 1141 ab
2815 1091 3031 1159 ingenio
3061 1092 3268 1143 rettulit
3290 1106 3415 1144 ecce
3451 1092 3612 1145 diem.

2373 1178 2524 1233 Nunc
2557 1181 2771 1233 tandem
2806 1182 2975 1248 portis
3005 1181 3182 1233 mundi
3222 1180 3589 1247 bipatentibus
3616 1183 3777 1247 infer,

2446 1272 2767 1325 Damnatum
2794 1273 3030 1325 tenebris
3062 1272 3238 1325 nobile
3268 1270 3447 1323 Photii
3469 1288 3617 1339 opus.

2381 1362 2596 1416 Pholius
2629 1363 2829 1431 ingenti
2865 1362 3035 1429 potuit
3066 1362 3276 1415 clarere
3312 1363 3473 1414 nitela
3510 1380 3523 1414 :

2448 1453 2552 1507 Sed
2590 1468 2742 1521 mage
2772 1454 3005 1522 praesidii
3039 1452 3238 1506 lumine
3267 1452 3478 1507 Sclrotte
3508 1454 3603 1505 tui.

2377 1543 2450 1599 Ite
2482 1546 2551 1613 pii
2583 1560 2769 1598 manes
2798 1545 3014 1599 Scholia
3046 1546 3201 1607 duce,
3228 1557 3280 1598 et
3312 1546 3527 1613 auspice
3559 1544 3803 1611 Schouo,

2375 1636 2786 1704 Setniadaperta
2827 1636 2997 1702 prius,
3030 1650 3169 1687 nunc
3200 1637 3451 1703 adaperta
3480 1638 3561 1688 via
3593 1644 3698 1692 est.

3019 1751 3073 1801 Ἀ
3083 1749 3117 1801 δ
3124 1753 3292 1815 olor.

2376 1860 2579 1914 Nomen
2616 1860 2805 1920 babes,
2836 1858 3009 1923 Scote,
3039 1874 3067 1912 a
3107 1860 3364 1921 tenebris,
3393 1876 3417 1907 ει
3444 1859 3645 1911 lumine
3675 1873 3872 1911 nomen

2449 1950 2673 2003 Pharius
2704 1965 2722 2003 :
2760 1951 2847 2002 ille
2870 1950 3087 2010 librum,
3122 1950 3344 2001 conficis
3374 1950 3484 2015 ipse
3520 1960 3695 1999 notas.

2378 2040 2581 2095 Umbra
2610 2043 2667 2092 lit
2696 2039 2963 2105 interpres
2996 2038 3153 2097 lucis,
3180 2038 3301 2104 quis
3324 2039 3564 2090 crederet
3604 2032 3879 2103 unquam?

2446 2129 2560 2183 Hoc
2594 2128 2765 2182 lucem
2793 2140 2877 2182 est
2918 2127 3157 2180 tenebris
3190 2128 3435 2195 gignere,
3464 2137 3625 2180 nocte
3655 2125 3820 2179 diem.

2376 2220 2521 2286 Quas
2562 2234 2666 2272 non
2695 2220 2949 2273 discutiet
2982 2228 3070 2271 tua
3104 2218 3218 2279 lux,
3246 2235 3278 2272 ο
3306 2217 3481 2281 Scote,
3516 2220 3791 2272 tenebras

2447 2309 2505 2364 Si
2529 2310 2702 2364 lucem
2734 2308 2971 2363 illustrat
3005 2310 3238 2362 nominis
3266 2309 3453 2362 umbra
3485 2311 3596 2362 tuil

3022 2417 3296 2485 Ἄδηλον.

2381 2534 2512 2586 Dum
2548 2543 2635 2587 tua
2668 2533 2955 2603 praeclaros
2976 2544 3228 2587 auctores
3262 2536 3463 2603 scripta
3501 2543 3809 2598 recensent,

2450 2626 2561 2679 Hos
2582 2625 2722 2677 inter
2744 2623 2925 2678 Scotto
2954 2624 3137 2677 debuit
3164 2639 3285 2676 esse
3315 2624 3484 2677 locus.

2380 2715 2516 2782 Quid
2560 2715 2750 2778 facias,
2783 2717 2937 2769 docte
2970 2730 3002 2767 ο
3036 2712 3217 2778 Pltoti,
3246 2730 3370 2769 cum
3408 2725 3651 2782 tempora
3686 2724 3872 2769 nostra

2454 2806 2573 2859 Sint
2609 2806 2792 2873 procul
2822 2821 2851 2858 a
2885 2806 3078 2859 vestris
3108 2805 3294 2857 dissita
3327 2804 3701 2873 temporibus?

2382 2895 2458 2948 Ne
2490 2896 2671 2949 dubita
2704 2914 2719 2949 :
2758 2894 2986 2957 Scottus,
3011 2910 3120 2963 quo
3153 2910 3293 2947 nunc
3316 2896 3613 2963 interprete
3643 2895 3848 2963 prodis,

2454 2986 2595 3051 Quot
2621 2986 2863 3038 celebras
2886 2985 3157 3050 homines,
3192 2995 3271 3038 tot
3295 2986 3441 3039 subit
3469 2987 3580 3053 ipse
3612 2986 3780 3040 locos.

2383 3079 2437 3129 Si
2484 3092 2552 3139 te,
2589 3076 2783 3140 Scotte,
2818 3088 2971 3145 potes
3004 3088 3271 3130 transacta
3304 3077 3354 3129 in
3387 3076 3579 3129 secula
3608 3076 3770 3141 ferre,

2452 3171 2531 3222 Au
2562 3182 2777 3222 taceant
2815 3184 3011 3222 nomen
3038 3169 3179 3223 secla
3213 3168 3390 3221 futura
3424 3166 3617 3220 tuum?

1213 3297 3911 3321 —————_————————————-——_—————

1346 3449 1521 3509 AND.
1553 3450 1867 3510 SCIIOT'I‘I
1913 3451 2066 3510 SOC.
2100 3452 2273 3511 JESU
2345 3452 2423 3511 ΙΝ
2475 3451 2731 3509 ΡΙΙΟΤΙΙ
2762 3449 3315 3510 BIBLIOTHECAM

1872 3621 2716 3707 ΠΡΟΛΕΓΟΜΕΝΑ.

787 3896 891 3963 Qui
921 3896 1021 3951 sibi
1058 3895 1355 3964 scriptores
1378 3892 1627 3960 antiquos
1664 3891 2050 3960 interpretandi
2101 3899 2280 3958 partes

714 3988 841 4041 olim
869 3996 1236 4055 sumpserunt,
1266 3994 1322 4037 ut
1348 3984 1440 4053 qui
1491 3982 1765 4037 Platonem
1818 3990 1978 4049 atque
2019 3982 2283 4033 Aristote-

717 4078 817 4132 lem
879 4078 1322 4146 pbilosopborum
1390 4076 1662 4141 principes
1714 4073 2065 4125 illustrandos
2112 4070 2282 4125 Gra'ci

714 4178 1062 4229 censuerunt,
1101 4166 1404 4219 Alexander
1438 4163 1828 4232 Aphrodisieus
1853 4203 1867 4223 ,
1923 4161 2277 4223 Tltemistius,

720 4259 1053 4326 Simplicius,
1091 4257 1333 4320 Proclus,
1385 4255 1821 4324 Olympiodorus,
1863 4252 2200 4314 Ammonius,
2232 4262 2286 4304 et

718 4349 1067 4414 Pliiloponus,
1134 4348 1166 4399 ii
1230 4347 1343 4400 fere
1398 4345 1613 4412 praefari
1681 4344 1857 4398 solent
1910 4343 2165 4410 copiose,
2221 4342 2287 4395 de

718 4452 959 4504 auctore,
997 4440 1221 4507 scripto,
1255 4446 1591 4509 argumento,
1638 4436 1793 4491 modo
1823 4448 1884 4487 ac
1911 4435 2288 4497 metbodo,or-

716 4532 839 4583 diue
865 4542 917 4581 et
968 4542 1239 4597 tempore;
1279 4537 1391 4578 tum
1422 4526 1486 4579 de
1523 4526 1737 4592 seipsis,
1779 4540 1983 4592 suaque
2008 4539 2192 4589 opera,
2234 4532 2288 4575 et

716 4624 787 4675 ita
819 4637 873 4674 re
900 4622 1194 4689 ﬂagitante,
1223 4617 1490 4671 interdum
1517 4618 1581 4669 de
1604 4618 1783 4669 causis
1830 4614 2061 4681 suscepti
2109 4613 2287 4678 operis

719 4712 1015 4765 disserunt.
1057 4711 1198 4762 Idem
1229 4708 1359 4761 mihi
1420 4720 1571 4760 more
1615 4706 1968 4770 institutoque
2026 4702 2285 4768 majorum

726 4804 776 4853 in
835 4817 1087 4868 przrscns,
1123 4800 1223 4853 etsi
1267 4797 1625 4866 μετάφρασιν,
1685 4810 1789 4849 non
1853 4803 1909 4847 ut
1975 4794 2047 4844 illi
2104 4791 2284 4861 παρά-

719 4910 917 4963 φρασιν
946 4891 1192 4951 afferam,
1224 4891 1396 4943 vismn
1423 4887 1870 4941 est-faciundum.
1901 4884 2156 4952 Equidem
2185 4900 2287 4935 nou

720 4985 1062 5050 ignorabam,
1092 4981 1248 5035 simul
1288 4990 1451 5048 atque
1479 4979 1705 5032 arduam
1736 4978 1872 5029 banc
1893 4975 2169 5028 Photiana’
2199 4973 2288 5025 Bi—

719 5074 989 5127 ιιιὶοιὴεειε
1039 5072 1228 5125 Latine
1260 5070 1673 5138 interpretanda:
1717 5067 2046 5135 provinciam
2084 5063 2257 5132 eﬂlagi

725 5164 971 5217 tantibus
1001 5162 1191 5214 amicis
1222 5160 1455 5226 suscepi,
1495 5157 1608 5211 fore
1633 5158 1918 5226 plerOSque
1948 5155 2035 5222 qui
2069 5155 2117 5207 id
2158 5152 2286 5205 mibi

722 5254 854 5306 vitio
880 5262 1175 5313 verterent,
1199 5264 1495 5318 parumque
1529 5264 1612 5303 me
1637 5249 1852 5317 dignum
1895 5246 2287 5308 existimarent,

724 5361 857 5399 tazsa
892 5345 1032 5397 inter
1064 5354 1117 5396 et
1149 5354 1421 5411 porrecta,
1464 5340 1604 5407 quod
1636 5340 1807 5401 aiunt,
1831 5338 2020 5391 alienis
2054 5338 2105 5389 in
2129 5337 2287 5389 vesti-

728 5439 830 5508 giis
857 5416 1047 5505 pedem
1082 5449 1301 5504 ponere.
1334 5431 1573 5497 Quorum
1606 5441 1781 5484 autem
1820 5431 1871 5482 iu
1918 5430 2288 5494 reprehensio-

735 5546 855 5583 nem
883 5540 1062 5582 noster
1090 5528 1175 5580 bic
1199 5518 1349 5578 labor
1373 5524 1632 5585 incurret,
1669 5522 1705 5574 ii
1736 5521 1845 5573 fere
1874 5522 2095 5573 duorum
2134 5532 2292 5585 gene-

727 5635 844 5672 rum
877 5629 1022 5672 sunt.
1054 5617 1159 5670 Alii
1188 5616 1331 5669 enim
1367 5628 1453 5666 me
1486 5611 1911 5680 reprehendent;
1938 5607 2120 5676 plures
2156 5608 2295 5661 Pho-

730 5713 859 5764 tium
918 5710 1095 5763 infesti
1153 5709 1479 5760 damnabunt
1523 5722 1535 5757 :
1572 5704 1834 5769 utrisque,
1874 5702 1917 5755 si
1972 5711 2176 5767 potero,
2211 5700 2291 5749 fa-

734 5806 871 5853 ιίειιιι
911 5805 1074 5865 satis;
1110 5809 1258 5855 certe
1294 5799 1335 5852 si
1389 5798 1438 5851 id
1492 5813 1596 5851 non
1651 5810 1969 5862 consequar,
2005 5794 2142 5847 dabo
2194 5808 2290 5859 pro

2386 3890 2526 3945 virili
2558 3903 2801 3957 operam,
2844 3897 2902 3941 ut
2948 3902 2976 3941 a
3008 3887 3232 3953 legendo
3274 3888 3494 3943 minime
3540 3889 3946 3946 deterreantur.

2387 3979 2657 4047 Principio
2686 3980 2865 4045 itaque
2914 3977 2979 4029 de
3012 3992 3115 4041 me,
3142 3979 3327 4045 paucis
3370 3988 3572 4044 tamen,
3605 3990 3657 4032 et
3676 3981 3793 4033 sine
3824 3980 3952 4034 fuco

2384 4087 2445 4123 ac
2472 4071 2709 4123 modeste
2743 4084 2756 4119 :
2790 4082 2911 4119 mox
2945 4068 3008 4120 de
3042 4066 3229 4119 Pbotio
3253 4066 3568 4120 videbimus.
3610 4068 3947 4121 lnaudieram

2386 4164 2613 4228 pridem,
2654 4174 2814 4211 unum
2839 4170 2891 4212 et
2942 4160 3065 4211 item
3108 4158 3333 4210 alterum
3358 4159 3409 4210 in
3440 4158 3607 4211 Iberia
3632 4157 3949 4212 Graecarum

2386 4252 2688 4305 litterarum
2769 4249 3195 4316 peritissimum,
3252 4247 3427 4301 Pbotii
3486 4248 3861 4301 liibliothrcam
3919 4265 3951 4304 e

2385 4342 2573 4395 (lucro
2631 4343 2681 4392 in
2731 4338 2981 4391 Latinum
3042 4353 3344 4391 sertnOuetn
3402 4340 3683 4392 commodo
3736 4342 3954 4405 publico

2388 4443 2701 4485 convertere
2764 4432 3019 4495 caepisse,
3072 4428 3162 4481 sed
3220 4431 3446 4493 coepisse
3499 4440 3727 4492 tantum,
3763 4445 3824 4482 ac
3863 4433 3951 4484 vix

2390 4524 2610 4574 dimidia
2643 4522 2823 4588 operis
2882 4532 3031 4587 parte
3067 4520 3460 4585 supersedisse,
3497 4521 3609 4571 sive
3657 4518 3826 4572 Grmci
3858 4536 3954 4572 ex-

2388 4613 2645 4681 emplaris
2674 4612 2879 4663 mendis
2910 4611 3217 4672 deterritos,
3240 4624 3330 4662 seu
3350 4610 3546 4662 laboris
3566 4610 3687 4678 fuga
3723 4610 3773 4661 in
3804 4619 3953 4662 tanta

2392 4701 2701 4763 voluminis,
2750 4715 2876 4752 cum
2918 4698 3078 4759 mole,
3118 4707 3227 4748 tum
3279 4697 3560 4759 varietate,
3593 4712 3685 4747 Seu
3720 4696 3957 4761 denique

2392 4803 2617 4859 utraque
2644 4791 2709 4843 de
2764 4805 2924 4843 causa
2984 4788 3235 4842 cessisse.
3273 4786 3455 4839 Rontre
3490 4802 3701 4853 quoque
3737 4786 3954 4838 tertium

2390 4882 2684 4952 perfecisse
2734 4882 2955 4948 quidem
3014 4881 3331 4943 narrabant,
3361 4880 3450 4929 sed
3476 4878 3539 4928 ad
3568 4878 3831 4928 edendum
3857 4880 3956 4926 ad-

2398 4976 2516 5026 duci
2547 4989 2647 5026 uon
2682 4974 2937 5039 potuisse.
2973 4968 3217 5023 Grrcmn
3253 4969 3432 5034 itaque
3490 4967 3730 5018 codiceni
3765 4980 3960 5033 tuagno

2393 5082 2498 5118 mre
2542 5075 2752 5123 nactus,
2782 5063 3141 5114 constantiam
3166 5073 3193 5109 a
3222 5059 3328 5111 Deo
3358 5066 3627 5123 precatus,
3658 5056 3955 5122 urgendum

2398 5171 2531 5223 upns
2562 5154 2777 5207 assidue
2810 5153 2874 5209 ad
2902 5162 3226 5211 extremum,
3250 5148 3294 5200 si
3320 5164 3421 5215 qua
3454 5148 3577 5199 hinc
3604 5148 3667 5197 ad
3697 5147 3827 5198 alios
3851 5148 3958 5196 uti-

2398 5249 2519 5298 Iitas
2580 5245 2798 5303 rediret,
2852 5239 3173 5294 existimavi.
3218 5236 3403 5305 Neque
3456 5252 3539 5289 nte
3585 5236 3845 5303 fugiebat,
3890 5252 3957 5289 ex

2396 5333 2812 5404 quointeriores
2858 5333 3028 5383 hasce
3090 5328 3292 5380 litteras
3338 5327 3583 5387 tractavi,
3630 5340 3788 5392 qttant
3818 5326 3961 5375 dilli-

2397 5427 2498 5480 cile
2526 5427 2595 5478 sit
2620 5424 2815 5477 bonum
2850 5437 3009 5491 agere
3036 5420 3409 5487 interpretem,
3444 5418 3709 5483 alienique
3766 5432 3959 5470 sensus

2402 5520 2822 5585 mctnpbraSIen,
2850 5527 2930 5579 ut,
2954 5513 3052 5566 nisi
3075 5527 3169 5577 par
3193 5511 3265 5564 sis
3297 5510 3347 5561 in
3382 5508 3658 5577 utriusque
3692 5508 3963 5561 orationis

2404 5608 2690 5667 facultate,
2740 5605 2940 5670 justam
3000 5600 3471 5668 reprehensionem
3533 5613 3638 5649 non
3682 5597 3959 5664 effugias:

2401 5711 2611 5765 quoque
2636 5696 2804 5762 ntajur
2834 5694 2933 5745 bac
2960 5694 3009 5744 in
3033 5708 3086 5744 re
3113 5691 3351 5743 debonis
3377 5688 3578 5742 Graecis
3602 5686 3793 5738 Latina
3820 5686 3968 5739 bona

2403 5787 2740 5842 efﬁcientium
2796 5786 3005 5848 raritas,
3065 5797 3129 5835 eo
3169 5781 3432 5835 dillicilior
3474 5778 3747 5832 uruvineia
3779 5777 3968 5829 ductis
