4210 6442
186 398 241 459 21
1511 404 2071 470 PROLEGOMENA
2085 455 2098 469 .

182 510 510 574 hominibus,
544 510 633 578 qui
670 525 789 563 eam
823 511 922 577 ipsi
953 510 1269 579 plerumque
1300 513 1594 583 refugiunt,
1630 533 1757 570 ecu-

181 615 384 663 seatur,
421 613 482 655 ut
509 604 572 654 ad
605 603 746 655 hanc
799 603 941 655 diem
978 618 1361 671 usquequaque
1401 608 1490 673 qui
1542 608 1761 661 satisfe-

180 696 376 756 ccrint,
404 694 493 746 vix
531 693 775 762 singulos
793 694 1017 761 singula:
1039 704 1227 747 aetates
1254 697 1439 751 tulisse
1458 699 1759 752 videantur:

180 799 299 835 cmn
333 785 517 836 decem
555 784 787 849 amplius
817 783 1127 838 Aristotelis
1177 785 1365 837 Ethica
1396 784 1765 849 Nicomachia,

186 875 525 943 totidemque
550 874 865 937 Rhetorica,
897 885 1078 929 nostra
1112 888 1510 946 parentumque
1556 895 1766 932 memo-

184 969 258 1018 ria
295 969 647 1033 interpretari
704 968 813 1021 sint
858 968 1064 1030 conati,
1095 969 1237 1035 quod
1292 968 1345 1020 in
1408 969 1633 1037 singulis
1677 970 1766 1038 qui

182 1062 653 1124 antecessissent,
703 1060 1034 1128 posteriores
1099 1059 1302 1127 aliquid
1371 1061 1765 1114 desiderarunt.

187 1148 385 1212 Quidni
439 1148 605 1216 igitur
636 1160 980 1216 posterorum
1012 1150 1077 1201 de
1121 1164 1207 1203 me
1225 1149 1486 1218 judicium
1520 1150 1770 1204 reformi-

184 1243 345 1293 dent?
384 1241 669 1294 Elaboravi
718 1243 993 1309 equidem,
1034 1241 1211 1308 quoad
1263 1241 1386 1309 ejus
1424 1241 1539 1296 fieri
1570 1244 1771 1311 potuit,

187 1344 244 1383 nt
277 1347 384 1385 non
422 1347 581 1385 sensa
647 1334 804 1385 modo
852 1333 1032 1385 verbis
1070 1333 1466 1400 comprehensa
1516 1349 1773 1402 sequerer

189 1425 596 1486 (a~secutusne
660 1425 761 1475 sint
837 1423 925 1474 alii
992 1421 1308 1489 statuent),
1375 1432 1429 1476 et
1494 1438 1600 1477 non
1663 1434 1771 1476 tam

187 1516 354 1566 verba
391 1530 757 1576 numerarem,
789 1529 950 1581 quam
990 1528 1207 1567 sensum
1248 1528 1311 1566 ex
1363 1516 1465 1567 title
1518 1517 1656 1568 bona
1687 1530 1779 1582 ap-

188 1606 511 1674 penderem,
542 1605 633 1658 sed
665 1606 851 1666 etiam,
875 1616 931 1657 ut
967 1621 1054 1659 res
1078 1608 1243 1673 ipsas,
1285 1608 1564 1674 fontesque
1585 1617 1775 1657 auctu-

194 1716 312 1749 rum
352 1715 381 1749 a
411 1698 603 1749 Photio
656 1698 917 1749 lectorum
960 1699 1199 1752 studiose
1248 1699 1657 1766 investigarem.
1689 1697 1781 1752 Ve-

194 1804 312 1838 rum
354 1803 478 1839 cum
508 1802 696 1839 eorum
730 1788 975 1854 plerique
1017 1797 1319 1855 temporum
1382 1790 1573 1855 injuria
1610 1790 1780 1842 inter-

192 1879 461 1940 ciderint,
524 1893 589 1931 eo
656 1879 937 1931 molestior
994 1880 1265 1932 interdum
1322 1879 1475 1932 labor
1510 1878 1777 1948 interpre-

194 1970 346 2022 tandi
380 1970 615 2033 exstitit,
646 1978 702 2021 ut
733 1970 1108 2022 hariolamlnm
1143 1985 1532 2038 nonnunquam
1592 1970 1777 2035 fuerit,

193 2066 346 2123 dmn,
384 2062 477 2128 qui
509 2062 687 2114 adhuc
738 2062 907 2115 latent
961 2063 1275 2130 seriptores,
1302 2061 1477 2115 Photii
1530 2077 1699 2129 Opera
1728 2065 1779 2115 in

197 2163 448 2219 apertum
482 2154 851 2220 proferantur,
902 2154 1043 2221 quod
1090 2162 1147 2205 ιιι
1190 2163 1427 2221 emplum
1483 2168 1675 2221 nuper,
1712 2154 1782 2206 ita

200 2246 440 2297 futurum
469 2246 699 2309 amplius
736 2247 1014 2297 doctorum
1048 2246 1325 2297 homimnu
1361 2246 1787 2315 investigatione

202 2337 539 2390 uoudiﬂido.
575 2336 917 2390 Diversorum
967 2338 1097 2390 item
1136 2338 1461 2403 scriptorum
1514 2345 1664 2390 tanta
1698 2354 1789 2388 va-

207 2426 390 2487 rictas,
452 2435 652 2491 quanta
696 2435 779 2477 est
830 2425 881 2477 itt
932 2426 1077 2477 omni
1135 2424 1463 2495 philologia,
1514 2427 1787 2489 oratoria,

206 2517 439 2569 historia
473 2530 598 2569 cum
658 2531 838 2579 sacra,
890 2526 1000 2569 tum
1049 2517 1298 2584 profana,
1332 2518 1383 2571 in
1425 2518 1788 2587 philosOphia,

205 2622 323 2665 arte
357 2611 601 2673 medica,
633 2627 695 2666 ac
712 2612 945 2679 denique
971 2613 1328 2667 scientiarum
1372 2616 1555 2683 regina
1587 2616 1795 2670 theolo-

206 2708 314 2772 μὴ.
352 2704 639 2773 negotium
690 2718 903 2772 quoque
964 2703 1266 2767 facessivit,
1304 2710 1445 2774 quod
1493 2708 1601 2762 Deo
1661 2711 1795 2760 bene

202 2804 433 2869 juvante
464 2803 679 2855 tandem
715 2801 1113 2870 superavimus.
1166 2801 1330 2852 Auxit
1375 2809 1428 2852 et
1459 2800 1533 2852 rei
1568 2796 1795 2851 dillicnl-

210 2901 377 2943 tatem
409 2891 464 2944 in
492 2889 721 2959 singulis
777 2890 1092 2943 auctOrihns
1146 2888 1327 2957 κρίσις
1360 2889 1518 2955 idque
1568 2886 1798 2940 Hermo-

208 2983 363 3046 genis
390 2982 738 3048 potissimum
770 2980 837 3035 de
897 2982 1032 3034 ideis
1082 2980 1373 3034 methodo:
1406 2994 1525 3047 qua:
1582 2990 1638 3030 ut
1686 2980 1800 3031 Ari-

209 3074 442 3127 stotelea
469 3089 534 3126 ac
558 3071 797 3125 Tulliana
819 3072 974 3139 longe
1000 3072 1254 3124 subtilior
1287 3079 1390 3132 est,
1408 3070 1478 3122 ita
1500 3069 1796 3121 admirato-

213 3181 297 3215 res
318 3165 546 3233 quidem
576 3163 841 3229 plurimos
901 3163 991 3215 sed
1024 3163 1330 3216 imitatores
1394 3175 1591 3226 paucos
1635 3160 1796 3213 hodie

214 3257 439 3324 reperit.
498 3256 697 3308 Praaer
768 3254 1081 3323 Dionysium
1132 3254 1276 3305 enim
1332 3252 1798 3306 HaliCarnasseuut

215 3350 264 3398 iu
304 3345 632 3409 Rhetoricis,
687 3356 741 3400 et
794 3344 1082 3412 Ulpianum
1130 3344 1376 3399 Graecum
1424 3344 1803 3398 Demosthenis

216 3437 677 3503 explanatorem,
738 3446 936 3505 quotus
994 3450 1113 3487 eam
1171 3435 1397 3501 quisque
1439 3436 1539 3488 hoc
1606 3434 1805 3487 sa’culo

218 3526 453 3581 tractat?
489 3526 842 3594 Trapezuntii
894 3527 1023 3579 olim
1082 3525 1240 3579 talem
1299 3522 1631 3577 Rhetoriram
1684 3540 1803 3578 cum

217 3630 451 3684 stupore
478 3617 615 3669 vidit
660 3616 846 3681 Italia;
882 3617 1017 3669 duos
1072 3616 1298 3669 fortasse
1358 3614 1646 3668 Germania
1706 3632 1799 3667 uu-

219 3709 471 3767 merarit,
502 3703 805 3757 Sturntittm
862 3713 916 3757 et
983 3700 1363 3771 Erylhrrcnm;
1410 3702 1580 3757 Gallia
1605 3700 1805 3756 Julium

220 3795 568 3865 Sealigerum
615 3795 768 3847 libris
812 3793 885 3846 De
928 3795 1165 3861 poetica;
1202 3790 1449 3862 Hispania
1495 3809 1659 3846 unum
1727 3793 1813 3844 lit-

223 3889 356 3941 teris
387 3887 667 3956 cognitum
694 3887 913 3940 laudare
972 3893 1148 3953 potest
1195 3882 1311 3937 Pet.
1348 3883 1607 3937 Joannem
1658 3881 1807 3937 Nun-

224 3980 443 4033 ncsiunt
478 3984 755 4030 rhetorem
787 3992 850 4030 ac
885 3974 1284 4044 philosophum,
1311 3976 1470 4027 editis
1500 3973 1811 4027 Rhetorica-

225 4086 344 4120 rnm
375 4070 473 4121 lib.
516 4066 603 4131 iV,
642 4066 992 4133 Hermogenis
1014 4068 1226 4133 quidem
1254 4065 1725 4133 przet'epltnuibus,
1762 4074 1814 4116 el

226 4159 533 4225 Aphthonii
565 4174 631 4211 ac
661 4157 918 4221 Theonis,
950 4158 1042 4210 sed
1066 4155 1329 4210 Tulliauis
1359 4158 1639 4224 exemplis.
1676 4157 1817 4211 Sunt

228 4261 415 4303 autem
451 4249 804 4317 Hermogenis
828 4252 942 4303 idea
954 4266 1067 4301 rum
1087 4266 1279 4319 genera
1296 4261 1496 4317 septem
1516 4251 1809 4319 Σαφήνεια,

227 4341 505 4409 Μέγεθος,
540 4342 774 4404 Κάλλος,
819 4341 1109 4410 Γοργὸτης,
1149 4336 1341 4405 ἮΟος,
1388 4340 1659 4408 Ἀλήθεια,
1697 4344 1815 4392 Δει-

229 4435 412 4499 κὸτης.
475 4433 675 4483 Deinde
717 4432 1021 4499 Σιφήνεεαν
1076 4430 1272 4483 dividit
1329 4430 1381 4482 itt
1414 4430 1813 4500 Καθαρότητα,

232 4526 329 4573 καὶ
360 4522 730 4587 Εὑκρίνειανς
765 4521 979 4574 tandem
999 4520 1059 4571 τὸ
1088 4519 1316 4589 μέγεθος
1343 4520 1392 4571 in
1418 4534 1511 4573 sex
1546 4520 1681 4573 alias
1710 4520 1816 4573 for-

231 4627 348 4665 mas
379 4612 618 4678 pattitnr
647 4629 657 4662 :
690 4612 740 4663 in
796 4610 1126 4679 Σεμνότητα,
1175 4608 1523 4677 Τραχύτητα,
1555 4611 1817 4678 Λαμπρο-

231 4718 392 4769 τητα,
439 4697 805 4766 Σφοδρὸτητα,
825 4698 1032 4767 Ἀκμὴν
1057 4698 1149 4749 καὶ
1177 4697 1471 4767 περιϐολήν
1495 4716 1508 4763 ;
1541 4709 1661 4765 post
1693 4715 1817 4750 mo-

235 4802 412 4842 ratam
446 4793 737 4841 orationem
763 4802 994 4857 quatuor
1016 4790 1459 4842 tuetiturdieendi
1489 4788 1676 4842 formis
1708 4809 1719 4842 :
1752 4793 1817 4859 τῇ

247 4881 529 4950 Ἀφελείᾳ.
589 4882 919 4949 Γλυκύτητι,
972 4881 1271 4949 Δριμύτητι
1337 4882 1429 4933 καὶ
1492 4882 1815 4951 Ἐπιεικείᾳ.

238 4974 349 5027 Dici
380 4975 549 5026 etiam
589 4975 671 5024 vix
704 4983 880 5042 poteSt
926 4982 1182 5040 quantum
1226 4973 1313 5024 hic
1348 4974 1487 5026 tmdii
1520 4973 1820 5026 absorben-

237 5068 384 5125 ιΙιιιΙι,
436 5075 731 5130 cumquot
796 5064 1121 5131 quantisque
1176 5064 1493 5119 tuendorum
1562 5068 1821 5118 monstris

240 5156 665 5209 conflictandum
699 5155 885 5220 fuerit,
921 5155 1007 5205 vix
1060 5165 1117 5206 ut
1159 5155 1389 5220 amplius
1430 5155 1715 5209 Herculem
1745 5155 1824 5207 fa-

240 5246 489 5297 bulosum
531 5244 680 5295 illttm
714 5245 876 5297 heroa
907 5244 959 5296 itt
985 5243 1169 5313 Augia:
1196 5245 1408 5297 stahulo
1444 5246 1822 5313 perpurgando

242 5336 519 5390 laborasse
547 5336 877 5389 existimem.

309 5430 385 5481 Ad
425 5428 630 5497 stylum
684 5429 822 5495 quod
880 5429 1094 5490 attinet,
1142 5428 1231 5495 qui
1272 5429 1323 5480 in
1378 5428 1569 5481 Photio
1618 5443 1716 5496 pro
1766 5443 1823 5481 re

245 5532 366 5571 nata
397 5519 589 5569 varius
617 5517 847 5577 exsistit,
879 5518 1130 5584 equidem
1166 5519 1245 5571 sic
1287 5518 1602 5585 temperari,
1630 5528 1686 5571 ut
1716 5528 1823 5570 ter-

246 5623 301 5661 so
355 5620 617 5673 caszoque
673 5622 922 5660 Sermone
952 5606 1163 5673 Latino,
1220 5610 1318 5662 hoc
1350 5620 1430 5663 cst
1472 5608 1733 5671 Romane,
1780 5612 1823 5663 si

250 5716 481 5764 possem,
534 5700 793 5757 dicerem,
831 5714 1102 5763 settsaque
1166 5703 1359 5754 mentis
1407 5702 1689 5768 perspicue
1742 5720 1822 5753 re-

253 5813 262 5851 ι
288 5801 657 5843 tut-seutarem.
708 5788 841 5842 Nam
872 5790 951 5845 vcl
982 5789 1138 5844 Tullii
1187 5792 1458 5852 umbram,
1502 5793 1571 5844 ob
1600 5791 1807 5845 dicemli

3356 409 3428 471 22

1872 522 2315 590 perspicuitatem
2346 520 2496 586 juxta
2538 535 2601 573 ac
2646 520 2988 583 suavitatem,
3021 522 3194 576 libens
3225 526 3433 591 amplc-

1862 619 1997 671 ctor,
2041 624 2148 676 prze
2190 609 2409 663 horrido
2448 609 2560 671 illo,
2615 610 2774 674 hujus
2819 611 2915 663 aevi
2962 622 3125 677 atque
3174 613 3429 674 obscuro,

1862 701 2023 766 quale
2070 699 2326 753 Heracliti
2384 701 2663 753 σκοτεινοῦ
2724 702 2843 765 fuit,
2900 703 3162 756 orationis
3212 718 3430 769 genere.

1864 789 2077 843 Scholia
2127 791 2202 842 rei
2243 790 2571 844 illustrandae
2627 793 2693 844 ad
2729 807 2877 844 oram
2943 793 3036 845 καὶ
3082 792 3437 861 ταυτολογού-

1867 895 2005 947 μενα.
2032 878 2327 933 identidem
2349 882 2593 947 apposui,
2619 892 2830 947 sumpto
2853 883 3093 935 Subsidia
3124 899 3152 935 a
3175 886 3434 937 memoria

1866 969 2206 1038 lectioueqne
2239 971 2563 1037 scriptorum
2592 981 2869 1025 veterum:
2905 984 2959 1026 et
3007 975 3061 1025 itt
3111 975 3303 1028 critico
3337 974 3437 1027 hoc

1868 1075 2064 1126 genere
2122 1060 2317 1113 similia
2370 1062 2605 1114 invicem
2664 1064 3058 1129 componendo,
3116 1064 3342 1133 digitum
3372 1066 3438 1115 ad

1870 1153 2093 1214 fontem,
2124 1149 2265 1219 quod
2297 1148 2465 1214 aiunt,
2501 1152 2780 1204 intendere
2811 1151 3005 1218 potius,
3064 1169 3222 1220 quant
3290 1164 3442 1208 tran—

1870 1245 2108 1297 scribere
2138 1245 2374 1311 pretium
2418 1256 2596 1309 oper:e
2628 1244 2775 1296 duxi.
2810 1243 3081 1297 Interdum
3118 1256 3293 1298 tamen
3326 1246 3443 1298 lon-

1870 1337 2017 1404 giora
2051 1335 2210 1403 paqu
2257 1334 2457 1387 scholia
2489 1335 2732 1397 adhibui,
2759 1351 2879 1389 cum
2909 1347 3001 1388 aut
3036 1338 3281 1391 antidoto
3307 1351 3445 1405 Opus

1874 1426 1994 1489 fuit,
2030 1426 2173 1493 iique
2212 1436 2367 1477 et'ant
2412 1424 2720 1488 refellendi,
2760 1427 2851 1494 qui
2890 1428 2939 1479 in
2975 1428 3079 1479 alia
3117 1430 3299 1481 omnia
3337 1430 3449 1483 dis-

1874 1518 2092 1578 cedunt,
2144 1525 2236 1569 aut
2272 1515 2419 1583 plura
2462 1515 2700 1582 ejusdem
2751 1518 2987 1571 auctoris
3036 1519 3340 1582 attulimus,
3390 1529 3450 1572 ιιι

1876 1624 2062 1662 eorum
2089 1624 2151 1661 ex
2203 1617 2352 1675 parte
2384 1609 2626 1661 laborem
2666 1609 2995 1671 minuerem,
3042 1611 3133 1677 qui
3167 1612 3246 1663 vel
3278 1612 3450 1663 eccle-

1876 1702 2126 1754 siasticos
2154 1701 2376 1754 annales
2401 1715 2598 1769 magno
2631 1699 2880 1753 Ecclesiae
2903 1705 3188 1755 commodo
3217 1703 3451 1756 moliun-

1881 1801 1990 1853 tur,
2015 1790 2098 1844 vel
2124 1801 2373 1843 auctores
2407 1792 2553 1853 ipsos
2598 1789 2753 1859 longe
2786 1805 2949 1857 quam
2982 1802 3143 1844 antea
3180 1794 3451 1846 auctiores

1883 1882 2242 1963 meliogcsque
2296 1882 2524 1934 dabunt.
2576 1882 2710 1936 Cum
2769 1892 2946 1936 autem
2999 1884 3337 1937 enumeratio
3391 1900 3454 1938 ac

1880 1988 2109 2029 censura
2142 1973 2337 2027 Photio
2365 1982 2507 2027 esset
2550 1974 2817 2042 principio
2842 1976 3103 2028 duntaxat
3155 1977 3451 2043 proposita,

1883 2076 2023 2137 post,
2052 2069 2204 2137 quasi
2240 2077 2505 2121 metanma
2538 2067 2755 2129 ductus,
2786 2068 2958 2120 eidem
3006 2067 3209 2135 placuit
3254 2067 3454 2120 Excer-

1884 2173 1969 2229 pta
2003 2170 2161 2227 atque
2206 2160 2338 2211 adeo
2376 2158 2631 2227 opuscula
2676 2158 3009 2219 describere,
3040 2170 3095 2212 et
3139 2160 3191 2211 in
3250 2171 3455 2211 tomum

1884 2250 2110 2301 alterum
2168 2248 2456 2315 conjicere,
2498 2248 2695 2301 mentis
2734 2250 2977 2316 augurio,
3024 2260 3287 2316 quantum
3331 2264 3460 2301 con-

1880 2340 2032 2408 jieio.
2069 2338 2185 2393 fore
2218 2349 2276 2392 ιιι
2311 2339 2568 2406 pleraque
2596 2339 2799 2406 scripta
2828 2348 3127 2405 temporum
3160 2337 3460 2405 longinqui-

1890 2442 1998 2484 tate
2026 2430 2358 2494 fatiscerent,
2392 2439 2483 2481 aut
2518 2427 2756 2482 funditus
2818 2429 3077 2495 perirent.
3119 2426 3227 2481 Nec
3269 2426 3461 2481 fefellit

1890 2523 2196 2592 augurium.
2248 2520 2495 2589 Plerique
2548 2522 2692 2573 enim
2727 2530 2974 2574 auctores
3023 2535 3127 2587 qua
3181 2519 3459 2573 hominum

1892 2614 2124 2675 incuria,
2156 2629 2261 2682 qua
2301 2612 2590 2667 vetustatis
2616 2613 2797 2665 omnia
2831 2612 3094 2665 vastantis
3127 2609 3343 2674 injuria,
3381 2609 3464 2660 in-

1896 2707 2248 2761 terciderunt.
2284 2704 2649 2770 Quamobrem
2692 2704 2742 2755 in
2785 2703 3052 2772 Escerpta
3095 2702 3183 2755 illa
3224 2701 3463 2770 longiora

1893 2799 2179 2866 pauciores
2214 2806 2370 2849 notas
2397 2797 2449 2848 in
2500 2804 2753 2849 extremo
2786 2810 2947 2861 opere
2977 2795 3324 2862 apponendas
3373 2808 3465 2845 cu-

1894 2889 2029 2953 ravi,
2064 2888 2195 2941 utin
2230 2886 2529 2949 Plutarchi,
2562 2886 2840 2949 Aristidis,
2877 2885 3198 2949 Memnonis,
3230 2894 3284 2939 et
3328 2884 3467 2954 Aga-

1897 2982 2193 3036 tharchidze
2221 2980 2681 3048 ἀποσπασμάτιαε
2714 2992 2943 3046 quorum
2979 2980 3302 3048 interpretes
3338 2994 3467 3032 eru-

1897 3073 2062 3135 ditos,
2090 3082 2148 3126 ut
2171 3087 2275 3125 non
2298 3071 2620 3139 contempsi,
2643 3071 2723 3124 sic
2745 3078 2794 3121 et
2820 3069 3035 3121 illorum
3063 3068 3473 3123 observationes

1903 3165 2115 3218 admisi.
2150 3164 2201 3217 lu
2235 3163 2429 3218 Ctesize
2450 3162 2683 3216 Persicis
2713 3174 2875 3231 atque
2904 3160 3122 3224 Iudicis,
3152 3175 3218 3214 ne
3247 3160 3323 3213 sis
3350 3174 3477 3210 ues-

1898 3257 2033 3317 cius.
2076 3256 2346 3309 diversam
2405 3255 2899 3321 interpretationem
2964 3253 3183 3305 adhibui
3244 3251 3476 3305 etillus-

1905 3346 2038 3398 travi
2074 3347 2142 3400 ab
2165 3360 2251 3409 ea,
2286 3360 2407 3414 qum
2447 3345 2498 3397 in
2530 3354 2773 3398 extremo
2804 3341 3075 3395 Herodoto
3114 3340 3477 3410 typographo-

1903 3454 2023 3493 rum
2057 3438 2331 3506 Στεφάνου
2378 3452 2543 3505 opera
2596 3436 2999 3489 circumfertur.
3054 3433 3119 3486 Et
3163 3448 3291 3486 vero
3334 3435 3481 3485 curis

1904 3530 2176 3595 secundis,
2208 3540 2650 3597 posterorumque
2697 3526 2974 3579 industria:
3008 3525 3208 3593 aliquid
3262 3524 3350 3577 hic
3381 3523 3482 3576 fttit

1908 3622 2334 3691 relinquendum.
2388 3619 2518 3672 Nam
2572 3620 2714 3686 quod
2756 3633 2881 3672 vere
2921 3626 3222 3687 togatorum
3260 3616 3336 3667 ait
3376 3615 3477 3665 do-

1906 3712 2180 3767 ctissimus
2240 3711 2305 3763 Μ.
2364 3710 2533 3764 Varro
2573 3712 2622 3762 in
2654 3712 2768 3778 lege
2814 3708 3009 3761 ania
3045 3726 3059 3761 :
3093 3726 3111 3756 ι
3152 3707 3221 3762 Ut
3257 3707 3306 3758 in
3343 3708 3478 3758 bona

1909 3813 2087 3870 segete
2123 3819 2291 3869 neque
2323 3804 2524 3855 nullum
2550 3812 2632 3855 est
2673 3802 2877 3868 spicum
2917 3816 3170 3867 nequam,
3225 3813 3401 3866 neque
3430 3800 3479 3850 itt

1912 3896 2049 3948 ntala
2081 3911 2182 3948 non
2215 3896 2426 3960 aliquod
2450 3896 2683 3952 bonum:
2723 3896 2793 3947 ita
2827 3909 2981 3945 nemo
3004 3904 3086 3946 est
3119 3891 3479 3958 reprehensus

1912 3986 2127 4053 (inquit,
2171 4000 2221 4036 vt
2286 3985 2357 4037 De
2406 3985 2584 4051 lingua
2630 3983 2867 4051 Latina),
2915 3985 3005 4052 qui
3078 3999 3108 4036 e
3181 3992 3362 4051 segete
3418 3982 3483 4033 ad

1913 4078 2244 4145 spicilegium
2306 4076 2523 4145 reliquit
2554 4077 2826 4143 stipulam.
2863 4097 2879 4127 ι
2917 4076 2971 4129 Si
3002 4077 3127 4141 quid
3171 4086 3366 4128 autem.
3398 4074 3485 4126 hic

1913 4177 2210 4238 peccaturo,
2243 4168 2401 4221 homo
2427 4169 2567 4220 enim
2601 4183 2737 4225 sunt,
2776 4181 2839 4219 ne
2876 4168 3095 4219 modicze
3130 4176 3181 4220 te

2057 4303 2341 4371 Oﬂettdant
2376 4302 2615 4363 maculis,
2648 4318 2778 4368 qua:
2815 4311 2905 4353 aut
2942 4303 3146 4351 incuria
3177 4300 3340 4368 fudit,

2127 4394 2230 4443 Aut
2253 4393 2482 4442 humana
2510 4405 2694 4455 parum
2726 4392 2859 4441 cavit
2890 4402 3101 4442 natura.

1918 4506 2109 4569 Quaeso
2162 4519 2375 4571 quoque
2407 4519 2641 4572 rogoque
2670 4504 2965 4562 doctiores,
3001 4504 3194 4570 quibus
3224 4502 3339 4555 ha-c
3380 4517 3485 4553 non

1917 4596 2211 4657 elaboravi,
2280 4604 2336 4646 ut
2402 4594 2617 4645 meliora
2691 4593 3013 4659 proferant:
3078 4590 3217 4657 quod
3280 4600 3485 4642 tantum

1919 4688 2071 4738 abest
2100 4696 2155 4737 ιιι
2183 4687 2386 4737 laturus
2416 4685 2516 4737 sim
2559 4684 2805 4742 moleste,
2842 4694 2897 4734 ιιι
2928 4684 3156 4749 gratiam
3186 4682 3286 4733 sim
3323 4682 3489 4734 etiam

1921 4777 2202 4829 habiturus
2256 4777 2578 4838 maximam;
2638 4790 2837 4841 nosque
2887 4776 3135 4833 doceant,
3189 4772 3489 4824 maledictis

1922 4867 2077 4916 modo
2118 4876 2169 4917 et
2218 4865 2503 4918 calumniis
2552 4865 2881 4923 abstineant,
2944 4861 3137 4913 stmliis
3190 4857 3492 4926 φιλανθρω-

1922 4956 2049 5016 πίας
2102 4956 2295 5007 nedum
2346 4953 2656 5007 Christiano
2700 4954 2916 5003 homine
2948 4950 3203 5018 indignis.
3265 4947 3491 4999 Valeant

1924 5061 2048 5097 vero
2069 5048 2155 5112 qui
2185 5054 2387 5096 tantum
2421 5044 2519 5095 sibi
2553 5043 2697 5094 falsa:
2719 5042 2892 5094 laudis
2924 5049 3201 5107 arrogant,
3230 5048 3489 5105 quantum

1923 5136 1986 5189 de
2013 5137 2127 5188 aliis
2170 5150 2262 5202 per
2304 5134 2452 5187 nefas
2494 5134 2822 5186 detrahunt:
2867 5132 2971 5183 Illis
3023 5147 3121 5199 ego
3173 5143 3325 5183 vetus
3364 5128 3492 5180 illud

1922 5229 2161 5281 accinaut
2194 5228 2354 5279 :‘loob
2375 5226 2549 5287 Ῥόδος
2579 5226 2706 5286 ἰδοὺ,
2742 5226 2835 5276 καὶ
2858 5225 2915 5275 τὸ
2951 5224 3200 5293 πηδημα.

1996 5339 2169 5393 Habes
2232 5341 2294 5389 de
2359 5338 2841 5405 interpretatione;
2908 5336 3061 5387 Venio
3107 5336 3169 5386 ad
3240 5334 3491 5397 alterum,

1924 5433 2140 5501 gravius
2181 5442 2356 5483 tamen
2394 5445 2456 5481 ac
2502 5428 2766 5481 difﬁcilius
2814 5430 2879 5480 ad
2914 5426 3305 5495 proﬂiganduut
3348 5441 3494 5493 qna:-

1925 5526 2115 5577 stiouis
2195 5533 2377 5590 caput,
2480 5524 2543 5574 de
2620 5521 2808 5573 Photio
2888 5518 3492 5585 ConstantinOpolitano

1925 5612 2149 5678 ejusque
2212 5611 2453 5677 scriptis,
2514 5620 2569 5660 ttt
2658 5610 2796 5661 hanc
2853 5607 3233 5659 Bibliotheca":
3290 5608 3495 5659 erroris

1928 5702 2044 5752 labe
2098 5716 2288 5753 vacare
2343 5700 2724 5752 demonstrem.
2785 5699 2860 5751 Ac
2890 5699 3119 5765 primum
3151 5699 3217 5751 de
3252 5697 3494 5750 moribus

1931 5794 2225 5854 ‘~“ltlt.‘;tlllll5,
2257 5792 2380 5844 hinc
2414 5792 2477 5842 de
2511 5790 2704 5857 ingenii
2748 5788 3126 5851 monumentis,
3150 5803 3286 5857 quae.
3310 5789 3493 5857 paucis
