4210 6442
709 410 779 473 23
1818 413 1918 471 AD
1960 411 2223 472 PIIOTII
2262 411 2617 471 DIBLIOTII
2628 413 2824 473 ECAM
3872 420 3944 482 94

708 530 958 601 demptis,
1024 530 1089 583 ad
1138 528 1279 583 hanc
1320 528 1459 583 diem
1486 530 1537 585 in
1578 528 1812 583 tenebris
1852 529 2009 582 nimis
2041 531 2127 581 ditt
2177 529 2272 581 dr-

710 621 991 683 lituerunt,
1046 635 1187 673 nunc
1238 620 1463 675 illustris
1502 620 1657 689 juxta
1699 636 1762 673 ac
1816 621 1956 673 tlocli
2006 621 2271 672 duumviri

715 710 878 765 Marci
911 710 1114 763 Velseri
1156 712 1411 779 auspiciis
1443 722 1668 778 utraque
1710 712 1885 778 lingua
1918 722 2132 770 exetmt.
2169 728 2271 764 non

711 800 813 855 levi
850 812 1107 870 Proventu
1143 802 1447 869 fructuque,
1471 812 1524 855 ut
1566 817 1722 868 spero
1750 812 1798 853 et
1831 810 1977 869 opto,
2013 803 2271 854 bonarum

710 893 904 946 artium
934 908 995 947 ac
1022 893 1445 961 disciplinarum,
1480 908 1584 961 quo
1615 893 1890 960 pauciores
1926 895 2025 946 hoc
2053 892 2272 954 smento,

712 992 905 1036 caetera
952 984 1189 1037 felicium
1230 984 1563 1053 ingeniorum
1609 983 1794 1046 feraci,
1844 984 2126 1038 interiores
2186 983 2272 1035 lit-

714 1086 879 1138 teras,
906 1074 1119 1127 Gra'cas
1149 1076 1465 1142 praesertim,
1496 1085 1843 1143 pertractant.
1874 1077 2138 1129 Auctores
2162 1075 2275 1142 ejus

710 1166 834 1219 vita:
862 1168 1201 1218 recenseudre
1237 1165 1537 1227 laudamus,
1567 1180 1635 1218 ne
1672 1167 1796 1233 quid
1827 1166 1961 1218 falso
1987 1166 2274 1218 commenti

709 1255 1007 1316 videamur,
1056 1257 1121 1307 de
1168 1255 1369 1309 Cra-eis
1419 1257 1675 1323 antiquis.
1705 1271 1766 1308 ac
1798 1271 1930 1323 pene
1957 1256 2274 1323 a'qualibus,

712 1345 996 1410 Zonaram,
1024 1347 1264 1415 Glycam,
1310 1346 1631 1409 Manassem,
1669 1346 1935 1407 Nieetam,
1984 1347 2277 1413 Curupala-

713 1448 843 1495 tam,
872 1437 1069 1503 quique
1102 1438 1242 1489 lmuc
1275 1451 1517 1505 magnam
1565 1447 1769 1505 partem
1798 1438 2133 1504 transcripsit
2174 1436 2274 1489 Ce-

713 1528 963 1592 drenum,
1016 1527 1380 1593 Metrophanis
1426 1529 1551 1581 item
1601 1539 1655 1581 et
1710 1528 1936 1596 Styliaui
1994 1529 2273 1596 epistolas,

711 1622 832 1666 acta
909 1614 1139 1682 denique
1180 1615 1366 1682 synodi
1428 1626 1630 1669 octava:
1705 1617 1970 1685 legitime.
2030 1618 2278 1670 Exstaret

712 1701 997 1770 Nicephori
1045 1704 1252 1757 Callisti
1313 1704 1449 1758 liber
1478 1706 1759 1757 Annalium
1805 1708 2277 1759 ecclesiasticarum

711 1796 904 1848 tertius
956 1806 1007 1848 et
1058 1799 1363 1859 vicesimus,
1406 1814 1509 1865 quo
1557 1800 1622 1850 de
1660 1798 1867 1861 Photio,
1906 1800 2143 1867 ejusdem
2179 1799 2275 1851 arvi

713 1886 876 1938 rebus
927 1888 1093 1953 geStis
1151 1890 1353 1939 diserte
1401 1897 1785 1955 pertractarat,
1837 1906 1938 1941 nou
1982 1874 2275 1942 admodum

712 1975 1099 2039 laboraremus,
1131 1979 1224 2030 sed
1265 1979 1489 2031 extremi
1535 1979 1606 2031 illi
1645 1978 1760 2030 libri
1812 1989 2106 2046 temporum
2137 1979 2277 2030 cala-

714 2065 977 2129 mitatem,
1012 2066 1222 2119 caeteris
1260 2067 1442 2131 salvis,
1500 2068 1717 2119 minimc
1776 2067 2113 2135 effugerunt:
2174 2068 2275 2120 nisi

715 2158 852 2210 forte
899 2159 949 2211 in
1010 2158 1252 2221 Graeciae,
1317 2173 1434 2225 qua:
1491 2158 1792 2211 libertatem
1843 2175 2015 2221 suam,
2071 2161 2274 2211 studio-

713 2262 939 2316 rumque
987 2249 1231 2301 ardorem
1289 2249 1491 2317 pridem
1540 2250 1776 2311 decoxit,
1836 2252 2032 2317 angulo
2081 2252 2276 2317 aliquo,

713 2341 952 2407 pulvere,
993 2342 1122 2404 situ,
1175 2356 1237 2393 ac
1285 2339 1534 2405 squalore
1576 2339 1761 2402 obsiti,
1798 2350 1851 2391 tit
1896 2341 1996 2391 alia
2053 2342 2276 2408 plurima

714 2441 953 2486 veterum
989 2434 1213 2500 scripta,
1251 2433 1587 2484 delitescant.
1638 2433 1718 2483 Ab
1760 2431 1964 2499 lguatio
1992 2433 2155 2500 igitur
2182 2448 2277 2499 pa-

711 2525 949 2579 triarcha
979 2524 1304 2576 narrationis
1335 2523 1547 2575 initium
1573 2524 1729 2591 paulo
1761 2524 1921 2576 altius
1950 2534 2276 2591 repetamus.

784 2616 1071 2684 Nicephori
1142 2614 1395 2683 Augusti,
1429 2616 1542 2682 ejus
1587 2616 1675 2681 qui
1727 2614 1933 2667 lrenem
1982 2617 2277 2682 Augustam

714 2709 939 2775 imperio
973 2707 1198 2776 expulit,
1252 2721 1315 2759 ex
1376 2705 1491 2757 lilia.
1526 2706 1782 2774 Eutropia
1825 2716 1983 2774 atque
2022 2706 2280 2759 Micbarle

714 2798 1040 2863 imperatore
1066 2806 1423 2862 cognomento
1465 2794 1739 2863 llangabe,
1784 2809 1948 2861 nepos
1984 2793 2081 2845 fuit
2130 2792 2280 2859 lgna-

714 2889 840 2941 tius.
879 2886 1028 2939 llnne
1057 2887 1108 2938 in
1154 2887 1344 2940 minori
1375 2896 1553 2949 actate,
1585 2896 1639 2939 et
1680 2885 2141 2955 Theophylactum
2173 2885 2280 2937 fra-

721 2988 856 3031 trem
892 2977 1149 3045 majorem
1185 2986 1334 3043 natu,
1370 2976 1615 3033 virilibus
1644 2976 1884 3028 exsecuit
1914 2992 1929 3038 ;
1964 2990 2068 3041 quo
2113 2972 2276 3036 facto,

716 3071 990 3139 repetendi
1061 3069 1291 3136 imperii,
1360 3068 1608 3135 quamvis
1653 3067 1858 3134 paterni
1915 3076 2076 3134 atque
2126 3067 2278 3129 aviti,

714 3176 807 3231 spe
847 3161 1061 3228 penitus
1108 3160 1476 3213 arcebantur:
1539 3169 1795 3227 prmterea
1838 3158 2101 3226 lgnatium
2164 3173 2278 3209 nio-

717 3252 871 3305 nachi
923 3252 1025 3304 ritu
1090 3251 1417 3303 tondendum
1477 3247 1705 3302 curavit.
1754 3245 1966 3299 Titueat
2010 3247 2151 3300 enim
2201 3256 2280 3314 ty—

715 3341 957 3394 rannidis
1001 3340 1082 3394 vis
1132 3354 1234 3393 non
1291 3338 1466 3391 minus
1526 3352 1685 3405 quam
1744 3344 2011 3389 metuatur
2063 3347 2281 3387 necesse

714 3440 815 3495 est,
868 3445 967 3484 nec
1015 3431 1193 3483 minus
1250 3428 1323 3481 sit
1378 3429 1487 3495 ipsa
1549 3426 1774 3481 sollicita
1846 3442 2005 3495 quam
2059 3426 2276 3479 subditi.

716 3520 948 3572 Omnino
980 3520 1139 3572 rebus
1170 3518 1535 3581 commutatis,
1569 3517 1900 3585 imperioque
1927 3517 1989 3568 ad
2018 3516 2282 3583 Theophi-

716 3611 824 3663 lum
879 3609 1155 3663 Michaelis
1210 3609 1391 3661 Trauli
1457 3608 1619 3661 lilium
1666 3608 1941 3669 devoluto,
1994 3610 2280 3661 'l'heodora

716 3700 995 3768 Theophili
1050 3716 1209 3764 uxor,
1242 3714 1361 3753 eum
1398 3700 1514 3753 viro
1564 3700 1818 3752 defuncto
1867 3699 2147 3767 imperium
2187 3716 2282 3767 pro

718 3791 979 3845 Michaele
1030 3791 1139 3843 filio
1209 3790 1675 3859 l‘orphyrogeneta
1728 3798 2067 3857 procuraret,
2142 3788 2279 3841 fama

716 3896 835 3950 qua:
882 3882 946 3935 de
981 3881 1170 3950 lgnatii
1218 3882 1502 3932 virtutibus
1555 3879 1781 3932 celebris
1832 3890 1969 3940 erat,
2018 3892 2281 3946 permota,

717 3982 773 4027 et
817 3972 1020 4040 alioqui
1069 3986 1166 4041 pro
1221 3970 1466 4024 muliebri
1522 3970 1734 4039 ingenio
1792 3971 2111 4023 nobilissimi
2183 3972 2280 4024 viri

716 4064 1081 4117 calamitatem
1146 4064 1422 4124 miserata,
1466 4062 1606 4115 nulla
1664 4062 1830 4128 ipsius
1865 4062 2040 4129 eulpa,
2111 4063 2281 4115 aliena

720 4163 926 4207 tantum
986 4153 1251 4223 pravitate
1299 4164 1657 4215 contractam,
1702 4152 1972 4221 Methodio
2022 4153 2286 4207 Constan-

721 4246 1071 4313 tin0politano
1100 4244 1429 4312 apatriarcba
1487 4245 1595 4295 vita
1656 4243 1855 4303 functo.
1901 4243 2164 4312 lgnatium
2199 4261 2286 4297 sa-

720 4337 846 4390 lutis
879 4353 1021 4389 anno
1055 4335 1435 4399 DCCCXLVII,
1490 4352 1678 4401 magna
1732 4338 1991 4387 bonorum
2045 4338 2282 4389 omnium

718 4427 1103 4493 gratulatione,
1150 4426 1583 4479 substituendum
1618 4426 1847 4479 curavit.
1881 4426 2037 4478 Initia
2078 4443 2141 4477 ac.
2173 4443 2284 4480 tue-

718 4520 804 4571 tlia
840 4520 958 4571 laeta
996 4521 1231 4581 luerunt,
1272 4533 1367 4585 par
1402 4518 1512 4585 spei
1549 4515 1773 4569 fructus.
1813 4518 2007 4570 Secuta
2045 4529 2124 4572 est
2174 4536 2285 4569 tua-

716 4610 803 4679 _ior
845 4611 1327 4679 Porphyrugcnetw
1374 4621 1523 4671 retas,
1580 4625 1684 4676 qua
1740 4612 1821 4663 sui
1859 4624 2099 4677 compos,
2143 4611 2286 4663 vitiis

720 4703 1074 4769 mancipatus,
1135 4710 1312 4752 matre
1354 4698 1632 4753 Theodora
1690 4715 1865 4752 rerum
1911 4702 2285 4764 prururatione

718 4804 919 4856 amota,
957 4793 1142 4844 llartlte
1197 4805 1361 4858 seque
1403 4799 1456 4843 et
1500 4791 1783 4857 imperiqu
1838 4793 2127 4857 regendum
2166 4807 2285 4856 per-

720 4882 886 4944 misit,
953 4882 1094 4935 nulla
1146 4882 1299 4932 fama:
1352 4895 1502 4944 cura,
1558 4894 1722 4945 pravo
1784 4880 1983 4932 homini
2043 4882 2284 4947 perditus

715 4975 967 5045 juvenis:
1022 4972 1114 5027 sed
1152 4973 1202 5024 in
1245 4971 1447 5037 reliqua
1486 4971 1719 5037 nequitia
1768 4986 1883 5022 eam
1931 4981 2107 5024 tamen
2168 4972 2281 5022 latt-

718 5072 836 5119 dem
879 5066 1093 5126 meruit,
1154 5064 1293 5131 quod
1345 5063 1642 5116 litterarum
1694 5062 2030 5129 professores
2075 5065 2283 5131 stipen—

719 5163 809 5213 dio
865 5160 930 5211 de
978 5157 1187 5226 publico
1263 5155 1567 5223 designato,
1642 5155 2104 5219 Constantinopoli
2154 5172 2282 5208 eru-

718 5250 923 5301 diendze
956 5246 1222 5315 iuventuti
1253 5246 1551 5306 constituit,
1578 5244 1754 5298 Leone
1780 5245 1976 5297 scholis
2010 5244 2279 5311 praIfecto,

718 5340 897 5405 magni
941 5338 1174 5391 nominis
1219 5353 1279 5389 ca
1331 5346 1649 5403 tempestate
1725 5338 2056 5403 phil050phu.
2109 5338 2282 5391 thte-

722 5446 835 5482 rum
886 5429 1113 5482 Bardatn
1157 5429 1421 5481 Caesarem
1468 5439 1731 5487 creatum,
1762 5438 1816 5479 et
1866 5438 2141 5494 arceptam
2192 5445 2281 5495 p0-

719 5531 966 5575 teslatem
1002 5536 1103 5573 non
1138 5520 1346 5588 publica
1385 5519 1578 5582 salute,
1631 5520 1721 5570 sed
1768 5520 2029 5571 scelerum
2069 5521 2281 5573 licentia

718 5613 1085 5677 delinientem,
1149 5631 1314 5682 usque
1351 5631 1431 5666 eo.
1499 5624 1553 5664 ut
1611 5626 1777 5663 uxore
1834 5612 2103 5677 repudiata
2160 5629 2279 5663 cum

718 5718 852 5754 ituru
907 5718 1001 5755 sua
1050 5708 1216 5769 stupri
1275 5704 1713 5755 consuetudinem
1761 5702 2001 5762 haberet,
2072 5705 2279 5764 piorum

720 5801 857 5847 cortu
908 5794 1141 5863 Ignotius
1172 5795 1528 5849 anatlicmatis
1565 5792 1855 5863 ignominia
1890 5800 2125 5844 notatum
2186 5810 2275 5846 ex~

2380 529 2530 593 pulit,
2564 546 2625 584 ac
2649 530 2808 583 veluti
2844 530 3105 593 Baptistes
3146 529 3282 582 alter
3314 527 3579 583 "ero-lem
3617 528 3937 597 increpavit.

2376 617 2596 687 Magnus
2628 636 2757 673 sane
2809 621 2908 681 vir,
2942 622 3035 672 sed
3072 620 3292 672 meliore
3334 621 3529 673 sarculo
3562 621 3774 689 dignus.
3806 619 3935 672 Per-
3968 660 3969 663 η

2374 712 2502 762 culit
2538 728 2595 763 ea
2632 713 2890 764 severitas
2944 714 3285 779 impotentem
3312 713 3544 765 hominis
3569 712 3827 775 aninmm,
3878 722 3939 763 ut

2376 817 2531 867 quem
2571 803 2824 866 revereri,
2874 814 3031 869 atque
3060 813 3116 853 ut
3148 805 3408 854 medicum
3443 817 3628 857 auiatc
3656 804 3939 860 debuerat,

2376 894 2580 961 synodo
2610 894 2745 946 facta
2783 895 3092 961 epismpatu
3126 894 3409 961 spoliatum
3442 894 3493 947 in
3525 893 3826 961 .‘llytilenem
3855 894 3942 944 in-

2377 982 2545 1033 sulam
2576 983 2846 1050 relegavit.
2867 982 3220 1036 Substituitur
3239 999 3332 1051 per
3356 982 3503 1035 nefas
3555 982 3774 1035 Phatius
3788 999 3942 1050 πρω-

2375 1072 2736 1138 τοασηκρῆτις
2783 1069 3023 1132 Zonarae.
3060 1072 3251 1123 usitata
3280 1072 3509 1139 sequiori
3548 1071 3743 1125 smculo
3778 1086 3937 1131 voce,

2378 1174 2405 1209 a
2463 1160 2877 1214 Commentariis
2928 1174 2980 1214 et
3025 1162 3256 1215 Senator
3302 1163 3537 1215 urbanus
3588 1177 3732 1214 anno
3783 1161 3933 1212 Chri

2376 1250 2443 1301 sti
2480 1248 2789 1309 θεωρικά.
2842 1252 2942 1303 hoc
2998 1262 3107 1313 est,
3154 1260 3272 1316 post
3316 1250 3942 1316 undecimum-patriar-

2378 1343 2568 1395 cbatus
2615 1341 2822 1409 Iguatii,
2869 1344 2934 1395 de
2978 1342 3094 1394 loro
3154 1351 3367 1408 repente
3415 1341 3465 1393 in
3526 1339 3778 1392 Ecclesia:
3807 1354 3948 1404 pra?-

2381 1438 2643 1490 lecluram
2686 1436 3000 1489 translatus.
3049 1437 3258 1501 llaplim
3308 1436 3486 1488 omnia
3532 1446 3586 1487 et
3634 1431 3948 1501 perturbate

2379 1542 2503 1584 sunt
2538 1529 2697 1587 facta.
2736 1545 2906 1595 neque
2949 1529 3074 1592 quid
3127 1529 3329 1595 legibus
3372 1536 3615 1580 sanctum
3645 1535 3727 1579 est
3762 1526 3946 1578 cousi-

2380 1628 2587 1684 derant,
2646 1624 2723 1675 ira
2777 1633 2828 1673 et
2878 1621 3166 1673 ambitione
3244 1620 3489 1687 pessimis
3540 1618 3947 1669 consultoribus

2382 1717 2590 1783 agitati.
2643 1714 2889 1766 Nicolaus
2950 1712 3226 1763 Romanus
3294 1710 3536 1763 Pontifex
3601 1725 3665 1761 eo
3726 1709 3949 1760 nomine

2381 1807 2608 1872 primus,
2642 1805 2714 1857 rei
2744 1812 2907 1871 gestat
2936 1803 3120 1854 nuntio
3154 1812 3479 1861 commotus,
3504 1800 3785 1866 episcopos
3811 1799 3949 1850 duos

2380 1897 2710 1950 BodOaIdttm
2755 1904 2808 1947 et
2838 1894 3154 1947 Zachariam
3201 1889 3720 1953 Constantinopolim
3759 1888 3947 1950 mittit,

2379 2000 2501 2037 cum
2562 1994 2825 2050 potestate
2879 1996 3154 2033 sacrarum
3203 1980 3496 2042 imaginum
3548 1978 3729 2029 hostes
3784 1978 3949 2040 (qua

2379 2074 2544 2143 pestis
2591 2074 2693 2127 late
2742 2073 2794 2125 in
2848 2070 3065 2123 Oriente
3107 2066 3483 2135 grassabatur)
3540 2067 3693 2119 novis
3752 2065 3949 2118 edictis

2381 2163 2687 2225 coercendi,
2744 2171 2905 2228 atque
2958 2161 3006 2211 in
3056 2160 3246 2227 lgnatii
3296 2173 3454 2209 eausa
3506 2157 3621 2220 ejus
3663 2155 3847 2223 legati,
3886 2165 3947 2206 ut

2382 2256 2685 2323 cognitione
2744 2254 3009 2311 instituta,
3058 2252 3167 2303 \isa
3221 2252 3378 2302 modo
3430 2250 3833 2314 explorataque,
3892 2245 3947 2297 in

2382 2362 2439 2400 re
2466 2345 2709 2415 praesenti
2741 2344 3127 2397 renuntiarent.
3154 2340 3406 2407 Adjungit
3431 2340 3635 2391 litteras
3673 2338 3738 2389 ad
3767 2340 3949 2406 Angu»

2381 2449 2519 2491 suum
2580 2436 2875 2503 sigillatim,
2908 2450 3027 2501 qua:
3074 2441 3305 2492 exstant,
3355 2431 3405 2483 iu
3446 2430 3691 2483 l’hotium
3742 2428 3951 2494 gravis-

2380 2530 2543 2582 simas
2580 2546 2591 2581 :
2634 2537 2819 2579 contra
2874 2526 2951 2578 fas
2986 2538 3324 2591 mqttttttiqtte,
3376 2533 3537 2587 atque
3561 2520 3741 2571 omnia
3790 2528 3947 2571 vetu-

2382 2619 2537 2669 statis
2572 2616 2814 2681 exempla
2853 2615 2903 2665 in
2957 2615 3206 2666 Ecclesia:
3244 2612 3615 2680 pr:el'ecturatn
3660 2609 3949 2675 irrupisse,

2383 2724 2443 2759 ex
2475 2707 2698 2774 profano
2751 2716 2967 2774 repente
3020 2704 3221 2757 Christi
3280 2714 3550 2770 pastorem
3584 2700 3761 2766 gregis
3810 2714 3949 2764 pro-

2383 2803 2565 2859 diisse,
2600 2813 2728 2850 vero
2773 2797 3071 2865 praesertim
3126 2804 3341 2863 pastore
3394 2791 3711 2860 superstite.
3759 2788 3947 2851 Legati

2383 2891 2566 2942 framle
2625 2890 2846 2949 inducti,
2903 2888 3149 2939 studiove
3202 2883 3536 2951 principibus
3588 2880 3947 2949 gratificandi,

2384 2983 2645 3046 lgnatiutn
2671 2980 2791 3047 jure
2821 2980 3129 3031 damnatura
3165 2974 3328 3027 videri
3371 2974 3769 3043 prmvaricando
3810 2986 3951 3038 prte-

2384 3074 2655 3126 nnntiant.
2704 3070 2952 3122 Nicotaus
2989 3069 3202 3134 quidem
3254 3065 3421 3118 atroci
3479 3063 3664 3115 nuntio
3702 3062 3952 3128 ianuaque

2384 3180 2668 3231 percussus
2735 3159 3191 3229 praevaricationis
3241 3157 3435 3208 factum
3492 3154 3788 3220 legatorum
3852 3165 3952 3201 ac-

2382 3257 2610 3308 cusavit.
2659 3253 2889 3306 Omnino
2935 3264 2997 3302 ea
3050 3247 3366 3300 'tetneritate
3414 3242 3789 3310 pronuntiandi
3838 3258 3952 3291 tua-

2383 3348 2463 3413 gis
2499 3344 2682 3413 lgnatii
2734 3358 2895 3396 causa
2950 3339 3260 3393 confirmari
3311 3340 3422 3390 visa
3471 3344 3573 3399 est,
3641 3350 3860 3402 prorsus
3895 3345 3953 3382 ιιι

2383 3438 2554 3489 Barda
2598 3436 2810 3488 Ca-Sare
2860 3433 3132 3497 deinceps.
3176 3440 3229 3481 et
3259 3428 3513 3481 Micltacle
3538 3429 3777 3493 Angusto
3820 3425 3952 3475 insi-

2383 3532 2486 3584 diis
2522 3528 2702 3581 Brlsilii
2764 3523 3070 3577 Macedonis
3131 3520 3379 3579 sublatis,
3430 3517 3697 3569 Adrianus
3732 3515 3770 3567 ll
3819 3530 3955 3582 pou-

2385 3621 2509 3673 tifev
2566 3617 2837 3670 Romanus
2884 3612 3085 3664 Nieolai
3122 3608 3356 3661 defuncti
3391 3607 3631 3673 vestigiis
3672 3606 3953 3660 incedens.

2385 3708 2589 3778 synodo
2634 3699 3096 3767 Constantinopoli
3159 3698 3334 3749 habita
3404 3710 3476 3749 cn
3550 3694 3953 3761 episcoporum,

2385 3818 2526 3856 anno
2575 3801 2763 3854 salutis
2813 3791 3293 3850 DCCCLXXXVIII
3344 3793 3498 3859 (qua:
3553 3790 3692 3841 inter
3723 3802 3957 3856 genera-

2386 3894 2461 3947 les
2493 3901 2678 3944 oclava
2710 3903 2959 3957 germana
2989 3896 3091 3948 est,
3122 3882 3420 3949 Grtcceque
3464 3895 3525 3931 ac
3554 3878 3740 3931 Latine
3774 3878 3957 3927 studio

2386 3981 2618 4033 Matth-sei
2679 3978 2873 4029 lladeri
2922 3986 3119 4027 nostra:
3166 3971 3441 4025 societatis
3481 3967 3803 4037 presbyteri,
3831 3978 3956 4034 pust

2385 4070 2655 4125 Anastasii
2708 4066 3104 4121 Bibliotheearii
3162 4064 3486 4125 versionem,
3553 4060 3724 4113 lucem
3783 4074 3957 4123 nuper

2387 4162 2652 4231 aspexit),
2708 4159 2897 4213 Photio
2948 4164 3149 4218 amoto,
3204 4154 3440 4223 lgnatius
3493 4162 3548 4203 ut
3580 4150 3957 4204 restitueretur

2386 4254 2691 4323 pot-fecerit.
2718 4250 2960 4304 Pontifex
2991 4262 3120 4302 sane
3145 4244 3321 4313 magni
3353 4244 3514 4295 animi
3540 4256 3711 4307 neque
3729 4240 3954 4292 minoris

2387 4344 2617 4406 consilii,
2660 4343 2749 4409 qui
2791 4349 2979 4393 exacta
3026 4352 3208 4391 senem
3257 4347 3437 4393 attate,
3489 4332 3647 4385 rebus
3689 4330 3938 4397 quamvis

2387 4434 2635 4503 gerendis
2691 4430 2957 4489 inutilem,
3010 4427 3198 4479 maluit
3262 4424 3518 4476 Et‘('lt?>lilﬁ
3573 4418 3954 4488 gubernaculis

2392 4521 2643 4583 restitui,
2688 4533 2849 4585 quam
2901 4516 3227 4576 concedere,
3280 4524 3336 4563 ut
3379 4526 3517 4563 novo
3587 4524 3649 4561 ac
3692 4509 3953 4559 damnato

2386 4612 2631 4678 exemplo
2677 4607 2975 4673 disciplina:
3026 4602 3408 4657 labefactamhe
3451 4600 3628 4650 aditus
3680 4596 3955 4662 relinque-

2390 4716 2555 4757 retur.
2606 4700 2718 4753 Etsi
2777 4697 3081 4757 Net-larius,
3164 4694 3420 4747 Tarasius
3458 4690 3633 4743 Photii
3684 4699 3951 4757 patruus,

2386 4796 2607 4859 ejusque
2640 4805 2921 4843 successor
2949 4785 3301 4852 NiCPpborus,
3332 4795 3384 4835 ct
3421 4784 3472 4835 lll
3496 4781 3789 4837 Occidente
3821 4782 3955 4831 Aut-

2388 4884 2599 4936 brosius
2633 4896 2661 4931 e
2708 4882 2856 4932 laicis
2896 4887 3114 4945 repente
3160 4875 3396 4941 episcopi
3441 4875 3550 4927 sint
3585 4872 3777 4925 creati.
3828 4868 3955 4922 llaec

2389 4976 2475 5028 ille
2529 4972 2798 5043 ptiustitit.
2848 4969 3032 5039 lgnatii
3081 4983 3205 5018 vero
3250 4967 3535 5017 subsecuta
3571 4972 3767 5022 morte,
3814 4978 3953 5011 nova

2386 5063 2848 5130 Constantinopoli
2880 5061 3115 5129 synodus
3140 5059 3404 5130 λῃστρικὴ
3430 5057 3679 5109 Photiqu
3716 5056 3954 5108 restituit

2386 5180 2524 5217 anno
2588 5152 3018 5213 DCCCLXXV’II,
3070 5153 3439 5220 episcoporum
3497 5162 3841 5207 cccrxxxut,
3897 5146 3951 5199 iu

2389 5254 2668 5322 pristinum
2703 5250 2899 5306 locum,
2934 5246 3084 5296 initio
3116 5256 3381 5296 consensu
3430 5240 3584 5291 llotn.
3608 5238 3763 5291 Ponl.
3786 5238 3955 5291 JOan-

2387 5359 2467 5391 ms
2496 5337 2625 5398 \’lll,
2661 5337 2731 5387 ttti
2780 5336 2897 5403 ejus
2922 5334 3111 5403 synodi
3147 5332 3315 5383 sessio
3343 5332 3514 5396 prima
3552 5329 3814 5389 declarat,
3866 5328 3957 5380 his

2387 5432 2597 5483 verbis:
2646 5430 2798 5492 Quod
2834 5428 3085 5479 Dominus
3134 5434 3307 5475 noster
3350 5424 3679 5486 Apostolicus
3719 5418 3951 5470 admittit

2383 5525 2645 5574 dominum
2694 5521 2935 5572 I’hot‘ittm
2991 5521 3044 5569 in
3078 5516 3453 5582 patriam/tum,
3481 5522 3702 5564 testatur
3726 5510 3953 5576 Pontiﬁ-

2383 5614 2510 5664 culis
2554 5614 2683 5662 sloltt
2711 5627 2739 5660 tt
2776 5614 2975 5661 suian
3007 5608 3161 5659 l’ont.
3199 5606 3408 5656 domino
3456 5614 3630 5654 nostro
3654 5597 3862 5653 Joanne
3885 5600 3955 5651 od

2384 5720 2499 5754 eum
2541 5705 2695 5751 missa
2725 5717 2740 5750 :
2774 5717 2926 5767 quam
2974 5711 3244 5762 propterea
3320 5695 3534 5753 direxit,
3574 5704 3626 5743 ut
3653 5708 3828 5743 omnes
3865 5692 3957 5741 in-

2387 5796 2641 5861 telligunt,
2673 5802 2719 5843 et
2751 5801 2889 5842 certo
2923 5808 2975 5847 sc
3000 5799 3113 5851 aut,
3142 5790 3407 5841 dominum
3459 5785 3712 5843 Pltatt'ttut
3738 5784 3896 5851 recipi
3921 5802 3955 5837 α
