4210 6442
243 422 315 483 ss
1572 401 2165 467 PROLEGOMENA.
3416 402 3490 466 35

234 546 439 584 summa
482 527 728 594 pontiﬁce
768 527 822 578 in
856 524 1229 591 palriarclmm.
1264 520 1495 586 Cumque
1526 519 1621 570 hoc
1644 516 1818 569 dixis-

235 630 331 681 set,
359 620 504 672 dedit
548 617 735 671 Photio
780 615 1133 682 pontiﬁcalem
1176 614 1387 671 stolam,
1431 609 1699 659 liumerale
1738 608 1821 659 in-

242 713 581 771 ιιιισιριιζιιηι,
620 708 889 775 penulam,
934 717 978 757 et
1031 704 1293 757 sandalia.
1361 702 1483 753 llaec
1532 701 1815 769 synodus:

236 813 569 870 argumento
614 800 916 851 conciliata?
960 798 1114 847 initio
1158 810 1277 846 cum
1324 791 1532 844 Joanne
1567 792 1820 857 pontilice

236 896 431 959 gratia:
465 910 477 944 :
506 893 597 959 qui
638 906 760 943 cum
791 904 856 942 eo
897 888 1136 952 nomine,
1175 896 1231 938 ut
1265 901 1452 951 parum
1487 883 1677 945 \iiilis,
1726 900 1819 930 an-

237 986 380 1035 dirrt
416 984 580 1043 male,
630 997 685 1034 re
714 991 925 1032 mature
958 979 1200 1045 cognita,
1235 976 1289 1028 in
1326 975 1607 1027 umbonem
1644 971 1818 1039 publi—

236 1090 363 1125 cum
408 1086 752 1140 progressus,
783 1070 1053 1131 Photinm,
1087 1067 1252 1120 veteri
1281 1067 1630 1118 anathemate
1661 1079 1821 1127 repte-

237 1166 373 1227 tito,
431 1163 569 1214 diris
615 1163 807 1213 iterum
872 1160 1109 1212 devovit.
1158 1156 1337 1222 Quare
1385 1155 1680 1208 Em-lesiam
1733 1154 1819 1205 ille

238 1265 598 1322 pra-postera,
628 1254 858 1318 primum
889 1252 1106 1317 quidem
1139 1256 1480 1316 occupatam,
1516 1244 1606 1297 diu
1637 1256 1820 1299 tenere

239 1362 348 1396 non
381 1346 579 1411 potuit.
617 1346 653 1395 Α
691 1342 868 1393 Leone
896 1344 1157 1409 Augusto,
1194 1350 1549 1407 cognomento
1574 1337 1820 1390 Philoso-

238 1437 368 1501 phu,
407 1437 499 1501 qui
544 1435 682 1502 patri
721 1432 925 1484 Basilio
950 1432 1212 1485 successit
1256 1431 1373 1483 loco
1410 1438 1605 1490 Illnllls,
1638 1431 1690 1482 in
1723 1432 1821 1480 Ar-

239 1525 549 1576 tneniarum
594 1522 978 1572 monasterium
1039 1533 1180 1570 anno
1260 1514 1697 1569 DCCCLXXXVI
1757 1516 1820 1565 ad

240 1617 371 1666 νὶιςιι
405 1614 614 1665 exitum
649 1613 749 1678 (sic
770 1609 1026 1676 arbitror)
1059 1609 1168 1659 sive
1190 1622 1217 1660 a
1251 1606 1549 1660 Catholicis
1573 1616 1817 1664 coaetus,

240 1719 334 1757 seu
371 1714 590 1770 sponle,
627 1703 915 1762 incertum,
951 1697 1201 1751 St'cessit.
1240 1697 1596 1749 Sautahareni
1628 1696 1752 1747 alni:
1775 1697 1819 1746 i-

242 1797 314 1845 tia
342 1795 397 1845 in
424 1792 617 1859 primis
658 1790 834 1842 fratuli
883 1790 955 1840 illi
988 1790 1292 1855 damnaque
1324 1786 1442 1849 fuit,
1487 1786 1709 1839 venelici
1753 1802 1816 1840 ac

243 1882 684 1951 pnestigiatoris,
731 1882 1006 1945 innltaqce
1039 1879 1240 1931 sirelera
1276 1876 1377 1928 alia
1428 1877 1478 1929 in
1513 1879 1633 1929 licta
1698 1892 1824 1928 san-

240 1973 451 2026 ctitatis
479 1972 659 2036 specie
703 1970 951 2035 tegentis.
985 1967 1075 2020 Sic
1110 1967 1379 2030 Augustus
1412 1969 1627 2034 putabat
1655 1984 1669 2031 ;
1702 1967 1816 2028 alii,

244 2064 297 2115 in
345 2064 429 2115 his
455 2064 572 2125 ipse
602 2060 826 2127 Augusti
858 2071 1029 2127 pater,
1054 2057 1104 2110 in
1137 2058 1499 2111 sanctissimis
1544 2056 1822 2109 nionaidiis

246 2168 537 2206 numerare
580 2151 723 2205 soliti
776 2161 953 2204 erant.
1004 2150 1091 2203 Sic
1137 2157 1264 2203 sunt
1297 2149 1570 2201 hominum
1619 2149 1819 2216 judicia

244 2263 367 2299 cum
398 2244 741 2311 temporibus
812 2244 1152 2295 alternantia.
1183 2243 1420 2295 Tametsi
1470 2242 1589 2296 alia:
1644 2258 1822 2297 causa:

246 2336 436 2391 amota:
462 2348 611 2397 stitit,
653 2345 710 2386 ut
740 2336 857 2402 jure
887 2335 1004 2401 pelli
1036 2334 1329 2397 videretur,
1375 2335 1459 2388 illa
1486 2334 1695 2387 exstitit
1732 2352 1819 2389 vc-

248 2429 462 2481 rissima
497 2447 510 2481 :
552 2427 728 2493 ptenis
758 2428 1021 2479 scelerum
1054 2428 1341 2495 agemibus
1365 2428 1542 2477 divina
1563 2426 1817 2487 vindicta,

246 2527 408 2581 atque
461 2515 603 2565 male
666 2514 914 2576 occupati
963 2512 1186 2566 honoris
1238 2514 1570 2566 conscientia
1629 2515 1822 2568 dedere

246 2606 611 2673 pra-.cipitem,
638 2602 912 2671 Stephano
944 2605 1170 2671 Augusti
1204 2604 1369 2658 fratre
1402 2606 1453 2658 in
1493 2605 1608 2674 ejus
1643 2606 1819 2658 locum

245 2698 565 2761 Sllbl'ugaln.
596 2694 640 2747 is
675 2695 1059 2747 controversias
1092 2695 1233 2747 inter
1268 2694 1538 2748 Romanos
1560 2706 1610 2748 et
1664 2695 1813 2748 Con-

246 2787 767 2857 stantinOpnlitanos
799 2786 1101 2852 pontilices,
1129 2788 1322 2839 nobilis
1354 2803 1473 2840 cum
1506 2787 1697 2853 primis
1740 2800 1822 2841 at-

246 2896 354 2949 que
384 2883 680 2939 diuturnz,
729 2881 907 2931 exitus
945 2877 1065 2930 fuit.
1091 2876 1139 2931 Is
1172 2878 1345 2930 Photii
1376 2877 1818 2943 psettdnpatriar-

247 2974 363 3027 Cha:
390 2987 580 3027 Casus.
625 2970 834 3033 Adhuc,
867 2969 1013 3022 brevi
1043 2978 1221 3022 tamen
1247 2970 1367 3021 vita:
1405 2968 1680 3021 Photianae
1704 2984 1821 3022 sce-

250 3082 372 3118 nam
403 3080 502 3119 seu
541 3063 861 3130 tragcediam
916 3062 1091 3114 verius
1135 3071 1408 3128 utcunque
1449 3062 1691 3125 exhibui,
1732 3062 1821 3128 qui

251 3155 331 3207 bis
357 3156 792 3223 patriarcbatum
812 3152 1087 3220 pernefas,
1112 3164 1442 3221 repugnante
1468 3162 1618 3220 pont.
1643 3168 1809 3215 ωας..

251 3248 403 3311 pulso
437 3246 666 3312 lgiiatio.
694 3245 915 3306 invasit,
945 3244 1026 3296 his
1054 3258 1267 3311 quoque
1291 3242 1541 3297 abdicare
1563 3252 1817 3298 ccactus:

254 3340 508 3404 privatus
546 3338 761 3389 tandem
793 3347 846 3390 et
888 3336 1147 3403 inglorius
1180 3336 1438 3388 secedens
1467 3336 1643 3401 periit.
1672 3334 1822 3389 Nunc

251 3432 491 3497 elogium
550 3429 689 3496 ejus,
730 3431 1006 3495 permistis
1032 3440 1210 3479 tamen
1247 3428 1432 3481 virtuti
1467 3428 1631 3491 vitiis,
1663 3443 1693 3481 e
1733 3428 1823 3480 Ni-

252 3531 371 3573 ceta
419 3519 766 3586 Paphlagone
795 3519 847 3569 in
887 3516 1003 3569 Vita
1040 3516 1098 3569 Β.
1134 3516 1321 3585 iguatii
1362 3516 1688 3583 patriarcha:
1732 3533 1823 3584 ap-

248 3625 446 3677 ponam
485 3626 497 3660 :
529 3602 638 3658 'llv
682 3606 739 3659 δὲ
784 3600 938 3666 οὗτος
976 3608 1004 3657 ὀ
1038 3606 1238 3666 Φὼτιος
1266 3606 1328 3656 οὐ
1372 3604 1477 3655 τῶν
1515 3604 1723 3671 ἁγενῶν
1763 3622 1822 3657 τε

250 3702 343 3752 καὶ
372 3699 674 3762 ἀνωνύμων
696 3738 709 3759 ,
741 3696 879 3751 ἀλλά
918 3698 1011 3748 καὶ
1046 3695 1153 3748 τῶν
1193 3694 1430 3763 εὐγενῶν
1478 3696 1616 3748 κατὰ
1645 3697 1823 3766 σάρκα

247 3793 343 3846 καὶ
382 3791 723 3858 περιφανῶν,
770 3790 930 3858 σοφίᾳ
953 3805 1011 3840 τε
1048 3792 1308 3857 κοσμικῇ,
1341 3789 1430 3840 καὶ
1464 3788 1674 3841 συνέσει
1715 3789 1823 3840 τῶν

246 3886 309 3935 ιν
330 3887 400 3953 τῇ
437 3883 683 3951 πολιτείᾳ
716 3882 1096 3949 στρεφομένων
1134 3878 1565 3949 εὐδοκιμώτατος
1606 3882 1822 3933 πάντων

246 3973 555 4042 ἐνομίζετο.
592 3971 985 4041 Γραμματικῂ
1023 3973 1121 4041 μὲν
1148 3972 1255 4039 γὰρ
1280 3970 1373 4023 καὶ
1402 3974 1687 4039 ποιήσεως,
1728 3973 1824 4041 ρη-

245 4065 479 4136 τορικῆς
506 4081 567 4116 τε
596 4066 687 4116 καὶ
723 4064 1061 4132 φιλοσοφίας,
1096 4064 1184 4115 ναὶ
1213 4064 1276 4130 δὴ
1306 4064 1399 4115 καὶ
1432 4064 1701 4132 ἰατρικῆς,
1732 4065 1823 4114 καὶ

245 4158 454 4223 πάσης,
489 4154 667 4220 ὀλίγον
690 4154 797 4205 δεῖν
818 4194 832 4215 ,
869 4154 1176 4223 ἐπιστήμης
1204 4154 1311 4206 τῶν
1341 4153 1590 4222 θύραθεν.
1628 4153 1823 4206 Τοσοῦ-

243 4269 335 4304 τον
359 4252 497 4303 αὐτὸ
521 4250 582 4301 τὸ
616 4250 823 4316 περιὸν,
865 4249 939 4310 ὡς
974 4248 1047 4316 μὴ
1093 4247 1252 4315 μόνον
1302 4250 1487 4316 σχεδὸν
1522 4250 1687 4316 φάναι
1713 4250 1821 4301 τῶν

244 4344 390 4395 κατὰ
412 4341 512 4407 τὴν
534 4339 700 4391 αὑτοῦ
725 4342 916 4405 γενεὰν
936 4342 1152 4390 πάντων
1176 4340 1491 4406 διενεγκεῖν,
1521 4341 1622 4409 ἥδη
1650 4341 1705 4392 δὲ
1730 4342 1823 4392 καὶ

244 4435 383 4504 πρὸς
414 4435 543 4495 τοὺς
576 4432 835 4491 παλαιοὺς
862 4432 1023 4483 αὑτὸν
1050 4431 1451 4499 διαμιλλᾶσθαι.
1491 4432 1672 4485 Πάντα
1714 4433 1821 4501 γὰρ

244 4526 577 4590 συνέτρεχεν
612 4521 699 4572 ἐπ’
739 4520 887 4588 αὐτῷ
921 4524 951 4587 ἡ
986 4521 1358 4589 ἐπιτηδειότης
1393 4523 1489 4589 τῆς
1517 4522 1747 4587 φύσεως.
1786 4526 1817 4591 ἡ

244 4615 475 4682 σπουδὴ.
508 4615 538 4665 ὁ
565 4610 810 4673 πλοῦτος,
852 4610 917 4663 δι’
942 4612 1000 4663 ὃν
1028 4612 1122 4663 καὶ
1152 4611 1327 4679 βίὸλος
1361 4612 1447 4663 ἐπ’
1480 4612 1641 4664 αὑτὸν
1670 4612 1819 4682 ἔρῤει

242 4710 417 4761 πᾶσα.
452 4704 621 4757 Πλέον
650 4705 706 4757 δὲ
738 4704 975 4764 πάντων,
1008 4706 1153 4772 ὁτῆς
1182 4705 1339 4773 δόξης
1370 4706 1505 4773 ἔρως
1544 4704 1610 4755 δι’
1640 4705 1699 4757 ὃν
1727 4707 1821 4756 aii-

240 4797 321 4865 τῷ
352 4795 448 4847 καὶ
474 4793 669 4853 νύκτες
712 4793 914 4845 ᾶῦπνον
950 4794 1077 4860 περὶ
1110 4793 1205 4861 τὴν
1230 4796 1533 4858 ἀνάγνωσιν
1559 4794 1820 4863 ἐμμελῶς

244 4882 610 4950 πεφυλαχότι.
660 4879 793 4932 Era:
848 4880 1070 4933 Pharias
1114 4883 1268 4933 homo
1311 4884 1523 4936 minime
1567 4887 1818 4936 obscurus

241 4985 336 5027 aut
364 4973 641 5041 ignobilis,
669 4972 759 5024 sed
793 4972 951 5026 claris
975 4984 1023 5025 et
1051 4974 1348 5027 illustribus
1379 4977 1637 5029 oriundus
1660 4950 1815 5030 riala-

240 5064 402 5123 libus,
432 5078 712 5129 rerumque
741 5062 973 5115 civilium
999 5072 1049 5115 et
1079 5064 1417 5127 politicarnm
1450 5082 1549 5117 usu
1590 5068 1817 5132 pruden-

242 5156 420 5217 tiaque
442 5163 493 5203 et
528 5153 787 5215 sapientia
817 5151 1177 5214 clarissimus;
1212 5156 1570 5220 grammatica:
1610 5172 1816 5224 quoque

241 5244 567 5294 litteratura:
594 5248 642 5291 et
669 5241 918 5292 carminis
963 5242 1245 5307 pangendi,
1284 5244 1588 5312 dicendique
1634 5247 1811 5308 laude,

239 5336 366 5401 quin
416 5344 468 5385 et
523 5332 865 5399 philliwphiav
910 5343 955 5383 et
998 5334 1306 5394 medicinae,
1369 5344 1524 5403 atque
1580 5341 1815 5392 omnium

240 5438 397 5487 prope
445 5420 747 5471 liberalium
806 5418 1207 5484 disciplinarum
1242 5431 1577 5476 externarum
1616 5427 1813 5485 studio,

242 5516 638 5575 (agnitioueque
694 5519 960 5573 tantopere
999 5510 1211 5574 ﬂoruit,
1277 5520 1331 5561 ut
1372 5512 1465 5563 a'vi
1524 5516 1606 5565 sui
1660 5516 1816 5582 facile

243 5602 479 5667 princeps
508 5598 788 5649 haberetur
820 5612 833 5646 :
868 5597 971 5648 into
996 5608 1039 5648 et
1075 5615 1190 5648 cum
1229 5603 1607 5669 veleribnsjam
1639 5615 1812 5669 posset

244 5689 500 5753 componi.
525 5684 735 5743 ,Omnia
765 5684 949 5750 quippe
972 5686 1332 5751 confluxerant
1366 5688 1415 5739 in
1443 5689 1589 5740 illum
1611 5707 1628 5742 .'
1672 5696 1810 5759 apti-

249 5776 363 5839 ;udo
395 5775 665 5849 qua’dam,
692 5785 736 5825 ει
768 5782 971 5825 natura:
1003 5775 1073 5826 vis
1103 5785 1149 5829 ct
1178 5776 1428 5842 felicitas,
1462 5796 1599 5850 opes,
1620 5785 1807 5852 quibus

1924 512 2023 563 sibi
2055 513 2306 563 librorum
2327 512 2556 561 omnium
2593 509 2875 562 maximam
2911 511 3112 577 copiam
3132 512 3492 579 comparabat;

1921 605 2130 671 etquod
2167 618 2274 669 pra:
2313 604 2535 666 cunctis,
2576 601 2759 670 gloria
2807 604 3081 671 laudisque
3132 604 3347 670 cupido,
3388 620 3496 671 qua

1921 697 2178 763 ﬂagrans,
2208 706 2343 747 totas
2370 704 2565 756 noctes,
2592 703 2646 745 ut
2672 694 2883 746 lectioni
2902 694 3116 746 assidue
3150 704 3383 757 racaret,
3408 697 3491 744 in-

1921 803 2126 840 somnes
2160 786 2402 837 ducebat.
2432 784 2685 855 Idemque
2722 786 2935 840 Nicetas
2962 785 3223 854 graphice
3252 798 3375 836 eum
3415 787 3496 833 vi-

1924 880 2114 945 visque
2140 877 2417 931 coloribus
2440 878 2697 945 depingit.
2739 877 2813 930 Es
2842 892 2973 945 quo,
3006 872 3499 942 scriptisqueGrrc-

1923 983 2115 1023 eorum
2159 970 2431 1028 omnium,
2473 969 2712 1035 ampliss.
2753 969 2935 1022 Cmsar
2988 968 3137 1021 card.
3190 966 3495 1028 Duronius,

1924 1075 2092 1113 sacra:
2124 1068 2277 1128 pater
2317 1060 2555 1111 historiae
2593 1069 2738 1111 tomo
2770 1058 3055 1111 Annalium
3079 1056 3385 1109 Ecclesiast.
3426 1052 3493 1119 Χ,

1923 1166 2020 1205 sua
2050 1163 2134 1204 est
2167 1160 2460 1203 mutuatus.
2486 1147 2746 1216 Equidem
2780 1166 2883 1202 nun
2916 1164 3034 1202 sum
3075 1148 3210 1200 adeo
3245 1146 3493 1211 demens,

1928 1243 2233 1310 mentisque
2278 1242 2468 1308 inops,
2522 1252 2577 1295 ut
2622 1240 2796 1295 Photii
2847 1242 2972 1292 vitia
3018 1240 3351 1293 defeudenda
3402 1248 3497 1291 aut

1924 1332 2122 1400 ﬂagitia
2170 1337 2474 1386 excusanda
2518 1332 2831 1401 suscipiam.
2873 1331 2989 1385 .Iam
3031 1331 3178 1383 enim
3215 1330 3497 1399 judicatus

1923 1435 2029 1477 est.
2073 1424 2269 1477 Gravis
2314 1432 2462 1476 certe.
2494 1424 2571 1475 ira
2606 1424 2901 1489 odiumque
2924 1432 3089 1487 atque
3118 1421 3365 1481 ambitio,
3397 1421 3494 1473 ho-

1925 1517 2121 1569 minem
2154 1525 2347 1569 czetera
2378 1514 2555 1569 smcnli
2582 1515 2663 1567 sui
2697 1514 3096 1573 doctissimum,
3128 1523 3356 1580 egerunt
3383 1523 3495 1565 tan-

1924 1609 2044 1659 dem
2080 1607 2433 1674 praecipitem.
2460 1604 2594 1658 liinc
2633 1605 2733 1657 illa:
2758 1604 3027 1673 lacryuue.
3070 1604 3203 1656 Aula
3240 1604 3491 1655 nimirum

1924 1712 2043 1764 qua:
2096 1698 2279 1749 multis
2318 1698 2582 1763 hodieque
2626 1705 2857 1748 mentem
2903 1695 3086 1761 eripit,
3136 1704 3190 1748 et
3234 1695 3490 1757 infatuat,

1924 1787 2175 1841 Photinm
2219 1802 2431 1855 quoque
2475 1788 2789 1847 excmcavit,
2844 1795 2901 1837 ut
2943 1800 3049 1839 non
3090 1785 3286 1853 injuria
3336 1795 3489 1838 vetus

1924 1888 2105 1948 poeta,
2131 1878 2316 1931 nescio
2354 1880 2497 1946 quis,
2532 1878 2654 1930 aula
2697 1878 2867 1939 exire,
2906 1877 2995 1945 qui
3029 1877 3146 1942 pius
3177 1890 3295 1928 esse
3326 1876 3489 1937 volet,

1925 1972 2171 2024 suadeat.

1996 2061 2126 2115 Illud
2166 2062 2292 2113 mihi
2338 2064 2387 2113 in
2438 2061 2722 2127 przesenlia
2773 2064 2837 2114 de
2886 2059 3230 2121 Bibliotheca,
3277 2074 3397 2127 qum
3436 2061 3487 2112 in

1924 2154 2175 2207 manibus
2196 2165 2301 2214 est,
2336 2167 2466 2219 pace
2496 2152 2703 2221 piorum
2730 2152 2938 2220 μηνίειτί
2971 2154 3269 2221 testarique
3308 2152 3486 2214 liceat,

1922 2245 2179 2312 scriptam
2233 2260 2262 2298 ι
2305 2242 2498 2297 Photio
2526 2244 2714 2309 videri,
2750 2245 2855 2297 imo
2899 2243 3054 2307 eﬂici,
3104 2246 3227 2295 dum
3261 2242 3490 2297 Caesaris

1924 2337 2156 2406 legatum
2207 2340 2259 2392 in
2308 2338 2531 2408 Assyria
2574 2352 2738 2405 agens
2764 2376 2779 2400 ,
2817 2338 3051 2389 nondum
3092 2337 3488 2403 patriarchatns

1923 2432 2231 2500 dignitatem
2270 2446 2361 2499 per
2388 2430 2537 2483 nefas
2561 2430 2763 2482 ambiit.
2800 2429 3133 2493 Argumenta
3169 2436 3298 2480 sunt
3330 2428 3482 2495 prin-

1921 2523 2065 2587 cipio
2087 2521 2154 2575 de
2180 2536 2457 2575 sacrarmn
2492 2520 2780 2586 imaginum
2811 2520 2956 2573 cultu
2990 2520 3190 2586 passim
3218 2519 3366 2571 illum
3389 2535 3482 2572 ca-

1925 2612 2125 2667 tholico
2168 2613 2271 2664 ritu
2305 2625 2358 2665 et
2390 2611 2591 2664 sentire
2629 2620 2680 2665 et
2720 2612 3033 2678 przedicare.
3079 2611 3217 2663 utin
3255 2611 3483 2678 Evagrio

1923 2706 2108 2758 codice
2144 2705 2242 2769 29;
2294 2706 2344 2757 in
2383 2705 2585 2773 synodo
2638 2704 2915 2766 Sidetana,
2951 2703 3071 2756 cod.
3124 2704 3235 2767 ὕες
3287 2707 3337 2756 in
3366 2703 3487 2756 Cle-

1925 2806 2101 2846 mente
2140 2793 2527 2854 Alexandrino,
2575 2793 2696 2846 cod.
2750 2792 2883 2855 HO;
2927 2794 2979 2845 in
3020 2791 3184 2846 Lucio
3226 2792 3483 2853 Charino,

1922 2884 2042 2936 cod.
2078 2883 2215 2946 lli;
2260 2884 2310 2934 in
2353 2883 2544 2945 Pierio,
2576 2884 2695 2935 cod.
2726 2882 2860 2946 H9;
2895 2882 2946 2934 in
2980 2880 3239 2949 Procopio
3268 2879 3484 2944 Ganeo,

1923 2976 2042 3027 cod.
2096 2975 2239 3027 160.
2289 2974 2512 3036 Deinde,
2561 2974 2701 3041 quod
2749 2987 2989 3027 summos
3026 2971 3181 3024 llum.
3232 2972 3487 3025 Ecclesia:

1924 3066 2225 3134 pontifices,
2255 3076 2580 3133 sanctosque
2602 3065 2907 3120 Occidentis
2930 3063 3117 3117 Patres
3143 3064 3200 3115 Β.
3230 3063 3485 3123 Leonem,

1923 3156 2203 3222 Irenzeum,
2251 3157 2616 3219 Ambrosium,
2668 3156 3050 3222 Augustinum,
3085 3165 3348 3221 caeteros,
3392 3155 3490 3207 hoc

1928 3247 1977 3301 in
2011 3261 2175 3314 opere
2222 3248 2516 3300 honorifice
2557 3261 2771 3313 semper
2821 3246 3071 3315 appellet.
3116 3246 3299 3299 Tertio
3346 3247 3487 3313 quod

1926 3339 2080 3393 initio
2123 3349 2326 3405 septem
2367 3349 2650 3391 enunieret
2690 3336 2923 3406 synodos
2948 3336 3311 3405 singularique
3378 3346 3490 3390 tra-

1923 3438 2093 3490 ctatu,
2138 3440 2265 3482 tom.
2318 3428 2336 3482 i
2368 3428 2749 3491 Conciliorum,
2787 3441 3030 3483 octavam
3069 3439 3250 3483 autem
3285 3444 3487 3489 veram,

1924 3536 2026 3586 qua
2075 3521 2354 3573 restitutus
2385 3521 2435 3573 in
2470 3522 2856 3589 patriarchimn
2884 3519 3117 3589 lgnatius
3141 3562 3156 3583 ,
3195 3519 3413 3574 Adriani
3446 3520 3487 3572 ll

1926 3610 2270 3673 auctoritate,
2303 3624 2364 3661 ac
2404 3624 2469 3661 ne
2499 3608 2724 3661 alteram
2776 3610 2987 3674 quidem
3026 3608 3363 3679 λῃστρικὴν,
3398 3610 3485 3662 cui

1925 3699 2037 3765 ipse
2063 3696 2327 3765 flagitiose
2357 3696 2591 3765 praefuit,
2621 3698 3000 3763 dauinataqne,
3028 3707 3085 3750 ut
3114 3697 3372 3759 diximus,
3402 3705 3488 3750 est

1924 3798 1978 3842 et
2024 3789 2263 3857 explosa,
2301 3803 2563 3855 nusquam
2612 3788 2697 3841 hic
2728 3788 2963 3841 nominet
3013 3789 3232 3857 (citatur
3282 3798 3486 3848 tamen.

1924 3882 2024 3936 etsi
2092 3890 2418 3949 prmpostere
2449 3897 2477 3931 a
2527 3879 2733 3934 Joanne
2779 3878 3007 3943 Zonara,
3052 3878 3337 3932 Theodoro
3370 3877 3491 3929 Bal-

1924 3986 2167 4034 smnone,
2202 3982 2257 4025 et
2288 3971 2544 4023 Gratiano
2578 3973 2627 4022 in
2682 3970 2929 4030 Decretis,
2971 3984 3019 4023 c.
3048 3969 3101 4034 'l,
3140 3986 3193 4034 ιι.
3231 3984 3267 4032 I,
3293 3984 3342 4023 c.
3376 3968 3490 4020 Hae

1924 4079 2250 4131 nequaquam
2271 4061 2384 4129 ιδῃ
2402 4061 2631 4125 iactaret
2654 4064 2790 4113 haud
2821 4062 3001 4124 dubie,
3043 4060 3486 4128 prazdicaretque,

1924 4168 1979 4207 nt
2006 4171 2104 4207 suo
2136 4155 2448 4223 plermnqne
2478 4154 2653 4221 perire
2684 4169 2839 4207 sorex
2868 4153 3065 4205 indicio
3094 4151 3401 4217 consuevit,
3426 4167 3489 4204 ae

1926 4256 2100 4314 tegere
2121 4246 2224 4298 odii
2256 4244 2521 4297 ﬂammam
2548 4244 2854 4311 praecordiis
2888 4245 3178 4296 luerentem
3210 4243 3337 4311 quin
3361 4259 3492 4294 evo-

1924 4346 2090 4389 meret
2140 4336 2432 4403 nequisset.
2471 4336 2698 4399 Quidam
2746 4346 2920 4387 tamen
2967 4336 3216 4387 homines
3263 4336 3485 4396 eruditi,

1924 4427 2117 4493 quibus
2146 4435 2203 4477 ut
2234 4426 2535 4477 assentirer
2571 4425 2803 4477 nondum
2852 4426 2978 4477 mihi
3014 4426 3279 4492 imperare
3316 4428 3483 4492 potui,

1922 4529 2170 4569 secessus
2219 4514 2651 4581 opportunitate,
2689 4528 2810 4565 cum
2857 4514 3050 4565 iterum
3091 4513 3345 4566 abdicare
3394 4530 3486 4581 pa-

1923 4606 2218 4658 triarchatu
2249 4590 2470 4657 coactus
2501 4612 2664 4665 esset,
2699 4604 3003 4668 invitatum,
3039 4605 3103 4657 ad
3135 4605 3481 4657 scribendum

1922 4697 2221 4749 accessisse
2265 4695 2622 4757 arbitrantur,
2662 4709 2769 4760 quo
2800 4695 2993 4747 solatio
3025 4695 3327 4747 litterarum
3365 4698 3483 4746 ani-

1922 4803 2065 4840 nmm
2090 4786 2236 4841 curis
2264 4802 2480 4853 gravem
2516 4796 2867 4847 snsmmaret,
2895 4786 3277 4852 molestiasque
3294 4801 3484 4841 omnes

1920 4879 1972 4931 in
2004 4878 2261 4931 librorum
2307 4877 2537 4929 lectione
2581 4888 2635 4929 et
2667 4878 2936 4929 suavitate
2991 4878 3309 4943 deponeret.
3354 4876 3482 4930 Mihi

1920 4984 2071 5032 vero,
2107 4968 2251 5020 salva
2301 4967 2564 5029 amicitia,
2604 4968 2781 5019 verior
2816 4968 3082 5020 sententia
3120 4968 3270 5035 prior
3303 4969 3486 5020 videa-

1921 5071 2025 5113 tur.
2068 5059 2298 5113 Tantum
2343 5061 2409 5111 de
2451 5058 2763 5126 scriptionis
2800 5067 3079 5125 tempore,
3148 5058 3275 5110 illml
3322 5058 3484 5111 modo

1918 5155 1974 5204 ἐν
2016 5151 2239 5221 παρόδῳ
2281 5148 2554 5216 adjiciam,
2599 5149 2897 5201 centesimo
2925 5148 3157 5215 amplius
3197 5164 3340 5200 anno
3364 5159 3484 5216 post

1919 5242 2105 5311 lgnatii
2147 5241 2433 5307 l’hotiique
2470 5254 2661 5301 :evum,
2712 5241 2765 5290 in
2800 5238 2983 5290 eadem
3026 5236 3319 5306 Byzantina
3353 5240 3481 5291 sede

1919 5335 2181 5387 resedisse
2203 5330 2464 5385 Joannem
2503 5329 2833 5399 Xipiiilinum
2854 5328 3293 5397 Trapezuntium,
3327 5345 3480 5382 mon-

1920 5427 1986 5480 tis
2020 5426 2229 5496 Olympi
2281 5425 2624 5485 tnonaehum,
2672 5423 2827 5474 annis
2869 5437 2941 5484 tu,
2980 5438 3149 5475 mens.
3196 5437 3289 5483 vti,
3326 5423 3479 5487 Cujus

1915 5528 2128 5570 exstent
2156 5518 2516 5583 Augustormn
2545 5514 2676 5566 Vita:
2711 5528 2739 5565 e
2769 5514 2933 5566 Dione
2962 5513 3185 5580 Cassio;
3220 5515 3308 5580 qui
3342 5514 3475 5567 Dion

1913 5611 2053 5663 eain
2106 5617 2257 5676 parte
2311 5608 2572 5672 epitomes
2630 5620 2791 5672 opera
2850 5605 3126 5658 mutilatas
3182 5606 3472 5667 intercidit,

1914 5700 2366 5773 quemadmodum
2390 5710 2441 5751 et
2473 5697 2536 5750 Τ.
2574 5697 2754 5750 Livius
2772 5698 2937 5749 multo
2960 5699 3246 5749 Inaximam
3265 5714 3325 5764 pa
3338 5709 3471 5749 rtem

1917 5790 2307 5851 abbreviatoris
2322 5789 2498 5855 culpa,
2525 5798 2579 5841 ut
2600 5786 2791 5841 Jnstini
2814 5788 3127 5856 compendio
3160 5786 3469 5856 Pompeium
