4210 6442
661 454 732 517 27
1764 448 1862 507 AD
1904 446 2163 505 ΡῘῘΟΤΙΙ
2213 446 2252 503 Β

2370 448 2707 508 .lOTIlECA
2719 452 2769 512 Μ
3867 458 3943 522 28

666 566 904 633 Trogum
937 578 963 615 a
997 564 1165 631 stirpe
1210 560 1518 615 amisimus.
1548 560 1679 615 Post
1708 563 1873 616 etiam
1920 560 2248 622 Theodosio,

666 658 749 708 cui
782 655 994 707 Maximi
1032 663 1450 720 cognomentum
1500 652 1715 707 Nicetes
1761 654 1970 713 tribttit,
2013 652 2247 719 patriar-

666 747 880 801 cheium
926 755 1166 804 tenente.
1234 744 1550 798 Eustathius
1586 743 2091 797 Thessalonicensis
2138 742 2252 808 epi-

668 851 908 905 scopus,
957 851 1077 887 cum
1145 834 1391 887 Manuele
1446 834 1868 900 Consmntinop.
1918 834 2251 901 imperatore

668 928 1071 981 contentionem
1105 941 1268 994 super
1303 927 1409 979 Deo
1438 925 1726 980 lllahometi
1758 928 1981 990 habuit;
2012 926 2168 993 cujus
2200 935 2253 977 et

670 1021 722 1072 in
780 1019 1065 1072 llomerum
1107 1030 1384 1086 poetarum
1433 1033 1599 1087 pr0pe
1643 1018 1830 1081 Deum,
1905 1028 1957 1071 et
2014 1018 2249 1085 Dionysii

668 1113 783 1167 Afri
817 1112 1146 1181 περιήγησιν
1182 1110 1578 1176 explicationes
1618 1112 1836 1172 uberes,
1881 1122 1934 1163 et
1964 1110 2249 1177 multiplici

670 1210 914 1263 doctrina
947 1207 1176 1261 refertas
1204 1207 1471 1273 hodieque
1504 1207 1751 1273 legimus,
1776 1221 1880 1258 non
1901 1215 2077 1256 autem
2111 1203 2253 1257 Pho-

674 1299 797 1356 tius.
841 1307 1072 1350 utmtate
1104 1297 1271 1365 prior.
1307 1294 1501 1349 Poetas
1532 1298 1885 1363 ceteroquin,
1936 1310 2071 1363 quos
2152 1297 2252 1347 hoc

672 1392 725 1440 in
761 1402 923 1454 opere
966 1402 1071 1440 non
1128 1387 1307 1455 attigit
1355 1387 1494 1440 haud
1544 1389 1918 1455 pra-teriisset.
1954 1388 2062 1441 nisi
2110 1388 2252 1455 quod

672 1480 944 1533 labulosas
984 1480 1355 1543 narrationes,
1390 1494 1509 1547 qua:
1538 1481 1601 1533 ad
1647 1480 1928 1533 historiam
1979 1481 2255 1549 pertinere

672 1569 980 1632 \ideantur,
1029 1568 1306 1621 delibavit.
1347 1567 1529 1621 Redeo
1567 1584 1595 1620 a
1648 1567 1968 1621 diverticulo
2010 1570 2250 1620 domum.

676 1662 871 1716 Denms
892 1662 1333 1715 scelestissimnm
1352 1662 1659 1713 mortalium
1684 1662 1931 1715 Photinm
1951 1663 2249 1724 exstitisse,

677 1753 925 1804 turbaSse
956 1751 1190 1804 Orientis
1230 1750 1549 1815 Ecclesiam,
1592 1754 1656 1804 ad
1694 1751 2163 1819 defectionemque
2202 1755 2251 1806 in

675 1842 963 1914 προεδρίας
1020 1842 1420 1895 contentionem
1477 1841 1694 1895 Graecos
1752 1844 1985 1910 primum
2054 1843 2255 1894 sollici-

677 1946 855 1997 tasse,
900 1931 1334 2002 quandoquidem
1380 1946 1508 1985 vero
1569 1933 1773 1985 nullum
1830 1932 1881 1983 in
1931 1932 2032 1984 hoc
2089 1946 2255 1999 opere

676 2027 792 2093 ejus
828 2025 1072 2079 criminis
1117 2026 1405 2095 vestigium
1457 2032 1737 2091 appareat,
1785 2033 1971 2076 contra
2025 2022 2252 2091 plurima

677 2124 989 2177 occurrant,
1023 2129 1141 2183 qua:
1174 2117 1502 2183 scriptorum
1523 2128 1681 2167 nemo
1716 2127 1781 2167 ne
1811 2113 2251 2179 attigitquidem,

679 2207 873 2259 nedum
924 2206 1305 2273 pertractavit,
1351 2218 1491 2273 quae,
1540 2205 1789 2266 obsecro,
1835 2203 2034 2255 invidia
2062 2204 2133 2255 sit
2168 2217 2257 2255 re-

680 2296 903 2362 pudiare
943 2296 1189 2361 omnino,
1238 2310 1302 2349 ac
1342 2294 1589 2361 rejicere,
1630 2304 1682 2346 et
1728 2307 1795 2345 ne
1834 2293 2000 2362 digito
2038 2294 2255 2360 quidem

679 2398 899 2455 tmgere
931 2388 1091 2449 velle.
1134 2402 1253 2441 cum
1280 2386 1580 2441 acerrimos
1618 2386 1740 2438 ﬁdei
1768 2385 2097 2439 ChriStianaa
2132 2400 2253 2452 pcr-

680 2480 888 2534 duelles
935 2480 1317 2551 Porphyrium,
1364 2478 1685 2542 Lucianum,
1718 2479 2041 2548 Eunapium,
2069 2488 2123 2532 et
2152 2477 2258 2531 Zo-

680 2571 873 2623 simum
903 2569 1164 2638 legamus.
1202 2569 1298 2623 Hic
1327 2583 1456 2622 vero
1480 2567 1737 2624 Ecclesia:
1763 2570 2077 2623 orthodoxa:
2106 2572 2258 2637 capi-

681 2670 790 2714 tum
825 2659 980 2713 Rom.
1016 2663 1328 2729 pontilicum
1374 2663 1617 2714 encomia
1661 2662 1899 2728 reperies
1926 2700 1940 2723 ,
1980 2662 2259 2714 hcatormn

678 2752 986 2815 Cwlestini,
1038 2752 1254 2817 Leonis,
1296 2767 1360 2806 ac
1410 2752 1655 2823 Gregorii
1692 2770 1707 2807 :
1740 2761 1797 2806 ut
1839 2765 1893 2808 et
1942 2750 2259 2805 Latinorum

680 2842 868 2896 Patres
897 2842 1234 2907 Ambrosios,
1281 2844 1639 2910 Augustinus,
1675 2843 1833 2905 alios,
1872 2842 2077 2896 laudari
2121 2842 2263 2895 dixi-

683 2949 821 2986 mus.
851 2932 1118 2999 llaereses,
1138 2934 1511 3001 sectariosqne
1543 2934 1766 3001 passim,
1796 2943 1854 2985 ut
1883 2932 2016 2987 diris
2040 2932 2261 2986 devotos

681 3026 1173 3092 exsecrandosque,
1213 3023 1501 3093 fugiendos
1534 3024 1766 3080 Pbotins
1816 3034 1999 3078 monet
2036 3042 2049 3079 :
2079 3024 2263 3078 Euno-

683 3116 1100 3183 mios,inquam,
1134 3114 1489 3178 Novatianos,
1522 3114 1781 3169 Basilium
1813 3115 2060 3177 Cilicem,
2083 3114 2267 3168 Philo-

680 3206 939 3275 btorgittm
958 3207 1239 3273 Arianum,
1266 3209 1547 3275 ipsumque
1562 3208 1695 3261 adeo
1716 3207 1925 3261 scelesti
1958 3208 1993 3259 A
2006 3207 2065 3259 rii
2080 3220 2264 3274 caput.

753 3296 1057 3351 Offenditur
1100 3311 1313 3366 quoque
1347 3313 1452 3350 non
1492 3312 1649 3350 nemo
1692 3298 1847 3350 titulo
1906 3297 2262 3363 Bibliothecw,

685 3390 736 3442 in
801 3390 1497 3457 speciemtartogantiore.
1570 3387 1756 3458 Neque
1814 3394 1955 3443 enim
2017 3391 2265 3445 volumen

684 3498 849 3535 tttnttn
908 3481 1329 3544 bibliothecam,
1388 3491 1447 3533 ut
1511 3496 1610 3535 nec
1678 3483 1984 3535 mortalium
2055 3501 2265 3549 unum,

685 3574 967 3641 collegium
1000 3572 1213 3627 eﬂicere
1241 3573 1309 3626 de
1327 3573 1488 3642 plano
1527 3575 1859 3639 pronuntiat.
1882 3572 2269 3643 Reprehendat

686 3666 828 3719 alius
874 3663 1271 3734 Μυριόὸιϐλον,
1324 3662 1593 3729 inscribi,
1656 3678 1721 3717 ac
1769 3664 1932 3717 veluti
1981 3664 2030 3716 itt
2083 3664 2270 3718 limine

685 3757 828 3821 quod
870 3755 1021 3807 aiunt
1062 3755 1344 3822 impingat.
1386 3753 1455 3806 At
1523 3755 1857 3815 meminerit,
1917 3766 1972 3805 ut
2000 3766 2268 3807 sexcentos

689 3844 953 3906 ltomane,
984 3843 1062 3897 sic
1090 3854 1139 3895 et
1167 3842 1351 3896 Graece
1375 3841 1525 3895 mille
1557 3843 1901 3911 proinlinitis
1932 3844 2069 3896 dicis
2097 3844 2268 3911 gratia

688 3935 959 3989 adhiberi.
994 3933 1167 3987 Priori
1211 3948 1338 3985 vero
1384 3934 1701 4000 respondeo,
1731 3934 1773 3986 si
1812 3944 2055 3987 veterum
2087 3951 2267 3989 excut-

690 4026 773 4092 pla
814 4025 1059 4091 requirat
1086 4024 1415 4093 (recentium
1448 4023 1591 4076 enim
1638 4026 2089 4079 bibliothecarum
2127 4026 2269 4091 pleni

690 4125 817 4168 sunt
856 4130 1043 4169 omnes
1073 4116 1311 4169 omnimn
1351 4115 1535 4182 plutei,
1564 4117 1715 4185 plena
1755 4115 2005 4183 pulpita),
2046 4117 2259 4181 Apollo-

691 4208 804 4258 dori
837 4208 1185 4261 Atheniensis
1228 4222 1285 4259 se
1319 4207 1543 4258 l‘hotius
1584 4222 1645 4259 ac
1678 4206 1891 4259 Diodori
1944 4206 2109 4258 Siculi
2173 4223 2273 4259 au-

692 4299 970 4359 ctoritate,
1014 4299 1104 4364 qui
1155 4307 1209 4350 et
1251 4299 1329 4350 sic
1379 4298 1707 4362 inscribunt,
1741 4306 1971 4351 tueatur.
2003 4298 2269 4350 tlteterutn

687 4389 886 4454 justius
919 4391 1127 4441 titulum
1168 4390 1309 4441 hunc
1351 4386 1559 4441 foribus
1605 4390 1860 4456 appendit
1896 4406 1908 4441 :
1959 4389 2119 4454 quod,
2151 4405 2270 4440 cunt

696 4482 965 4535 l'.tbulosas
1007 4483 1230 4535 deorum
1272 4480 1661 4548 hominumque
1697 4481 2042 4533 narrationes
2076 4482 2271 4532 vendi-

697 4582 826 4634 tont,
861 4573 945 4625 hic
974 4587 1159 4625 sacros
1189 4571 1342 4637 juxta
1392 4584 1455 4624 ac
1485 4568 1741 4639 profanos
1778 4572 2071 4638 scriptores
2108 4570 2271 4623 h0lll0

694 4666 1050 4727 Christianus,
1082 4666 1321 4731 jucunda
1370 4666 1601 4731 quadam
1648 4662 2024 4715 vicissitudine
2054 4663 2270 4713 mdium

692 4772 852 4807 mune
874 4756 1105 4819 levante,
1138 4756 1336 4822 partim
1361 4762 1641 4807 recenseat
1668 4752 2273 4821 sigillatim,judicium-

695 4864 798 4913 quc
832 4846 987 4908 ferat,
1034 4847 1226 4914 partim
1255 4845 1517 4907 Excerpta
1550 4856 1802 4898 accurate
1828 4844 2082 4897 exhibeat
2108 4845 2275 4896 libro-

700 4953 841 5000 rum,
903 4940 990 5004 qui
1043 4939 1376 5005 temporibus
1421 4937 1857 4989 interciderunt:
1911 4935 2273 5005 Βιϐλιοθήκην

692 5028 809 5093 jure
840 5028 1185 5095 indigitando,
1206 5026 1345 5091 quod
1367 5025 1579 5095 Aigypti
1607 5028 2023 5095 regcslibrornm
2048 5030 2275 5094 optimo-

700 5134 813 5169 runt
860 5118 1130 5171 cumulum
1182 5114 1391 5183 Ψυχῆς
1432 5115 1705 5181 ἰατρεῖον,
1745 5116 1916 5167 Animi
1963 5116 2272 5180 medicinas,

701 5224 835 5263 teste
869 5210 1122 5271 Diodoro,
1158 5208 1522 5270 ‘notninarint,
1563 5218 1616 5260 et
1665 5208 1884 5260 Asinius
1930 5205 2100 5258 Pollio
2132 5209 2270 5272 apud

702 5302 928 5352 I'lininin
988 5299 1169 5351 Romae
1222 5298 1607 5351 bibliothecam
1670 5297 2003 5361 dcdicando,
2065 5298 2272 5363 ingenia

700 5395 969 5444 hominum
996 5409 1103 5444 rem
1126 5391 1392 5460 publicam
1428 5390 1637 5444 fecerit.
1666 5390 1775 5443 lloc
1796 5400 1974 5443 autem
2002 5390 2054 5441 in
2078 5406 2275 5453 genere

698 5485 978 5537 titulorum
1030 5486 1278 5535 sudatum
1310 5481 1632 5549 antiquitus,
1670 5490 1748 5545 ut,
1800 5480 1940 5547 quod
1983 5481 2033 5531 in
2082 5480 2275 5531 merci—

702 5578 796 5627 bus
822 5577 1050 5641 vinoque
1081 5575 1237 5636 solet,
1274 5576 1433 5626 cdera
1473 5588 1705 5641 appensa
1749 5573 1899 5625 labor
1930 5573 2275 5625 commenda-

701 5679 868 5718 rotur.
916 5665 1131 5717 Tironis
1169 5665 1330 5716 Tullii
1373 5666 1581 5732 vigiliae,
1620 5679 1845 5732 quaeque
1891 5674 2108 5715 exstant
2151 5678 2278 5729 pru-

702 5762 919 5810 dentum
947 5757 997 5809 in
1034 5756 1153 5823 jurc
1186 5773 1465 5825 responsa,
1499 5759 1798 5825 pandccue,
1840 5755 2103 5822 inscripti.
2135 5752 2267 5805 0m-

706 5854 951 5918 nigenatn
1012 5853 1308 5911 ltlaTUt’i'dItI,
1389 5850 1663 5917 copia:un
1710 5863 1875 5901 cornu
1918 5845 2275 5909 Phavorinus,

2360 562 2661 631 Hesychius
2698 564 2925 617 illustris
2964 574 3123 633 atque.
3164 566 3414 622 Ailianns
3460 586 3554 622 sua
3594 584 3934 640 nuncupant.

2356 652 2576 706 Cestuin
2616 671 2708 707 seu
2758 671 2785 705 a
2835 657 2951 708 dcte
2989 658 3187 720 balteo,
3229 662 3343 713 sive
3377 677 3403 711 a
3450 662 3689 729 pugilum
3741 667 3933 728 armis,

2358 741 2531 797 Julius
2569 745 2851 798 Africanus
2896 759 2949 799 et
3003 748 3213 813 Celsus,
3256 751 3305 801 itt
3343 768 3502 818 quem
3548 755 3668 821 styli
3706 769 3936 807 acumen

2358 833 2620 899 Origenes
2661 838 2898 899 strinxit,
2946 840 3145 905 scripta
3182 843 3554 904 nominarunt,
3587 845 3675 909 qui
3728 856 3779 895 et
3812 846 3937 898 Oti-

2360 942 2523 995 genes
2565 926 2831 979 Stromata
2870 932 3188 997 scripserat,
3229 942 3287 983 ut
3340 934 3643 987 Stromatca
3681 935 3936 989 Clemens

2361 1018 2761 1073 Alexandrinus
2818 1023 2884 1073 ab
2924 1035 3244 1088 argumento
3302 1027 3452 1079 varie
3507 1029 3676 1094 picto,
3722 1040 3937 1094 stragu-

2361 1109 2533 1169 lisque
2585 1111 2801 1164 belluati
2852 1116 3051 1179 operis,
3090 1116 3289 1183 quibus
3329 1116 3723 1171 ThemistOclcs
3755 1120 3935 1172 homi-

2362 1201 2444 1254 nis
2471 1217 2776 1255 sermonem
2798 1219 3113 1271 comparare
3134 1206 3349 1259 solitus.
3372 1207 3433 1258 Β.
3452 1208 3686 1278 Cyrillus
3703 1212 3938 1263 Alexan-

2358 1293 2569 1356 drinus,
2597 1304 2651 1348 et
2674 1295 2785 1362 lpse
2825 1295 3099 1365 Glaphyra
3132 1314 3288 1351 suum
3325 1300 3375 1351 in
3403 1298 3852 1363 Pentateuchum,
3881 1313 3940 1356 et

2360 1383 2589 1437 altermn
2652 1388 2781 1456 περὶ
2822 1390 3109 1455 ὁμοουσίου
3161 1390 3623 1445 Commentarinm
3675 1393 3937 1447 librorum

2360 1479 2768 1545 quatuordecim
2801 1479 3122 1532 Tliesaurum
3152 1482 3449 1535 nominavit
3484 1484 3698 1552 (quales
3719 1501 3839 1539 esse
3872 1487 3941 1537 li-

2359 1566 2483 1620 bros
2531 1581 2721 1620 omnes
2771 1568 3035 1622 Domitius
3068 1569 3192 1623 Piso
3233 1582 3358 1624 ante
3388 1576 3713 1639 exoptarat).
3744 1574 3815 1628 Ut
3879 1586 3942 1628 et

2360 1672 2548 1711 novem
2570 1659 2846 1711 Musarum
2881 1661 3187 1713 nominibus
3215 1662 3518 1719 llerodotns
3554 1676 3609 1719 et
3635 1665 3935 1732 Cepltalion

2360 1749 2501 1813 apud
2550 1751 2692 1803 hunc
2738 1750 2913 1817 ipsum
2974 1752 3223 1805 Pltotium
3271 1756 3474 1823 scripta
3545 1757 3936 1811 distinxerunt.

2359 1839 2556 1903 Taceo,
2598 1842 2862 1907 prudens;
2909 1853 3033 1896 sunt
3081 1844 3227 1896 enim
3271 1860 3439 1913 prope
3508 1847 3941 1902 innumerabiles

2362 1931 2615 1997 reliquos,
2642 1931 2731 1998 qui
2755 1931 2926 1986 titulis
2967 1934 3120 1999 operi
3150 1936 3347 1989 additis
3378 1937 3510 1989 mira
3548 1939 3811 1991 varietate
3848 1940 3939 1992 l-i-

2360 2032 2567 2081 serunt,
2606 2030 2923 2090 tantumque
2946 2023 3051 2077 sibi
3086 2024 3471 2094 indulgendum
3509 2031 3635 2090 rati,
3667 2041 3935 2097 quantum

2361 2127 2456 2165 sua
2488 2114 2720 2181 quisque
2762 2116 3053 2169 miraretur
3088 2134 3150 2171 ac
3181 2120 3524 2185 praedicaret.
3562 2120 3746 2189 Neque
3782 2123 3942 2179 libris

2364 2207 2524 2257 modo
2565 2205 2910 2259 Bibliotheca:
2945 2208 3132 2261 titulus
3167 2210 3349 2272 datus,
3390 2213 3482 2264 sed
3533 2214 3635 2267 hoc
3681 2213 3938 2282 amplius,

2361 2306 2415 2348 et
2463 2298 2791 2364 hominitms,
2846 2308 2900 2352 ut
2957 2300 3269 2371 Dionysium
3319 2304 3616 2370 Longinum
3661 2308 3941 2360 rhetorem

2365 2385 2638 2456 Eunapius
2673 2389 2970 2445 Sardianus
2999 2391 3241 2462 ἔμψυχον
3260 2392 3632 2466 βιϐλιοθήκην,
3655 2399 3942 2463 spirantem

2362 2477 2736 2535 Bibliothecam
2777 2485 3047 2551 vivumth
3078 2487 3209 2539 adeo
3247 2486 3505 2542 Marsicum
3541 2490 3814 2561 appellare
3833 2507 3941 2546 non

2364 2571 2597 2625 dubitat.

2440 2658 2634 2710 Verum
2680 2659 2745 2712 de
2803 2671 3042 2713 veterum
3100 2658 3411 2715 Graecorum
3468 2662 3946 2734 Romanorumque

2365 2747 2707 2802 bibliothecis
2740 2764 2843 2802 non
2882 2749 3156 2811 describo,
3187 2753 3383 2805 scrinia
3414 2756 3736 2822 compilnns,
3797 2758 3942 2811 otio-

2364 2853 2469 2907 que
2497 2838 2747 2902 abutens,
2784 2855 2904 2906 qua:
2935 2857 3108 2910 nuper
3148 2841 3313 2913 Belgii
3349 2846 3552 2900 ocellus
3579 2846 3790 2915 Lipsius
3844 2867 3945 2901 no-

2366 2940 2482 2983 ster
2515 2931 2718 2984 diserte
2747 2932 2812 2982 ad
2848 2932 3095 2987 nobiliss.
3150 2936 3325 2988 virum
3392 2937 3647 2992 Carolum
3715 2939 3944 2995 Croium

2367 3025 2667 3091 disseruit;
2707 3026 2967 3081 Analecta
3022 3029 3288 3082 duntaxat
3348 3030 3622 3087 cerollarii
3676 3033 3792 3087 vice
3846 3037 3948 3088 da-

2368 3137 2506 3174 mns.

2432 3213 2609 3267 Missis
2646 3214 2825 3281 itaque
2849 3212 3012 3265 Paulo
3043 3211 3287 3275 AEmilio,
3320 3215 3378 3266 L.
3425 3213 3590 3269 Corn.
3628 3214 3772 3269 Sulla
3794 3224 3849 3269 et
3879 3212 3946 3272 L.

2371 3299 2593 3354 Lucullo
2629 3301 2891 3354 librorum
2932 3301 3322 3354 servandorum
3358 3304 3452 3372 (ut
3512 3319 3805 3374 generosos
3833 3319 3951 3357 nta—

2372 3395 2514 3445 xime
2566 3393 2811 3445 homines
2859 3392 3060 3454 decuit,
3094 3407 3417 3461 semperque
3450 3395 3691 3463 decebit)
3742 3395 3952 3449 studio-

2373 3481 2471 3541 sis,
2501 3482 2564 3533 'l‘.
2605 3480 2935 3550 Pomponius
2965 3482 3175 3536 Atticus
3206 3482 3423 3550 elegans
3450 3496 3499 3538 et
3534 3485 3648 3550 ipse
3676 3484 3953 3537 Romanos

2376 3573 2520 3625 inter
2548 3580 2603 3624 et
2636 3572 2955 3638 splendidus
2989 3571 3372 3625 bibliothecam
3404 3573 3679 3627 instruens
3712 3573 3942 3627 Herma—

2377 3664 2573 3725 thenis,
2610 3662 2844 3730 aliisque
2872 3662 3071 3717 statuis
3127 3674 3286 3731 atque
3323 3664 3650 3733 imaginibus
3706 3667 3949 3719 ornavit.

2374 3753 2513 3819 Quin
2564 3764 2619 3807 et
2668 3755 2731 3806 de
2791 3755 3117 3822 imaginibus
3171 3755 3221 3806 in
3290 3755 3632 3809 bibliothecis
3696 3756 3952 3811 collocari

2374 3841 2569 3902 Solitis,
2605 3844 2788 3907 paucis
2815 3853 2897 3895 est
2935 3842 3175 3894 versibus
3214 3854 3633 3898 commentatus.
3671 3845 3751 3898 Ad
3782 3860 3945 3913 quem

2374 3944 2429 3987 ct
2468 3936 2649 3987 animo
2687 3935 2875 3987 fratris
2908 3934 3027 3988 loco
3060 3936 3541 4000 conjunctissimus
3580 3938 3648 3991 Μ.
3684 3939 3890 3993 Tullius
3923 3957 3941 3994 :

2382 4044 2397 4075 ι
2445 4025 2659 4087 Libros,
2718 4026 2917 4093 inquit,
2955 4037 3074 4079 tuos
3107 4042 3389 4094 conserva,
3426 4040 3477 4081 et
3515 4030 3622 4082 noli
3664 4032 3956 4097 desperare

2376 4132 2468 4169 eos
2502 4132 2651 4169 meos
2707 4117 2888 4170 faei-re
2926 4133 3085 4185 posse
3124 4136 3135 4169 :
3171 4119 3311 4185 quod
3337 4119 3382 4171 si
3429 4135 3712 4186 asseqnor,
3754 4136 3954 4188 supero

2374 4208 2627 4262 Crassum
2665 4210 2884 4272 divitiis,
2914 4221 3075 4275 atque
3108 4210 3351 4261 omnium
3389 4211 3534 4263 vicos
3564 4220 3615 4265 et
3643 4224 3792 4276 prata
3815 4227 3951 4266 con-

2376 4309 2575 4351 totum).
2624 4320 2639 4350 ι
2679 4301 2851 4364 Quid?
2884 4313 3146 4365 przetcreo
3194 4302 3365 4352 Asinii
3414 4301 3672 4356 Pollionis
3732 4303 3876 4356 illant
3922 4318 3956 4358 θ

2377 4391 2741 4442 Dalmatarum
2794 4392 3065 4443 manubiis
3096 4392 3422 4458 publicatam
3455 4392 3636 4447 Romae
3668 4394 3956 4447 bibliothe-

2377 4497 2516 4542 cam,
2550 4478 2823 4532 Caesarum
2858 4495 3071 4547 quoque
3112 4496 3138 4532 a
3166 4481 3225 4534 C.
3260 4479 3405 4535 Julio
3438 4484 3773 4548 inchoatam,
3831 4499 3955 4552 per-

2378 4569 2679 4638 fectamque
2703 4573 2769 4623 ab
2792 4571 3050 4638 Augusto,
3076 4570 3357 4624 Octaviam
3383 4588 3443 4625 ac
3475 4571 3770 4625 Palatinam
3797 4573 3953 4637 sileo,

2380 4660 2601 4726 Trajani
2671 4672 2939 4729 praeterea
3008 4660 3245 4729 Ulpiam.
3298 4662 3572 4716 Adrianus
3614 4665 3760 4716 enim
3820 4663 3954 4731 imp.

2379 4749 2706 4817 Pompeiano
2735 4762 2788 4804 et
2813 4750 3106 4803 Commodo
3137 4766 3280 4804 coss.
3319 4768 3440 4805 cum
3498 4753 3739 4820 insignes
3758 4761 3812 4806 et
3842 4753 3959 4821 plu-

2380 4843 2545 4897 rimas
2588 4843 2731 4895 :edes
2787 4842 3014 4896 Athenis
3072 4843 3267 4897 Atticis
3323 4842 3560 4909 fecisset,
3614 4855 3668 4898 et
3726 4859 3953 4913 agonem

2381 4934 2719 4996 instituisset,
2758 4935 2801 4986 si
2841 4932 2993 4987 fastis
3023 4932 3331 4988 Cassiodori
3387 4936 3539 4999 fides,
3570 4935 3956 4990 bibliothecam

2380 5027 2501 5079 miri
2538 5026 2718 5093 operis
2763 5028 3050 5079 exstruxit.
3106 5025 3300 5080 Juliaui
3327 5027 3530 5091 adluec,
3564 5025 3656 5079 τοῦ
3702 5024 3958 5095 παραδά-

2377 5135 2493 5181 sou,
2528 5127 2719 5170 thtcra
2749 5119 2970 5178 eruditi,
3006 5120 3058 5169 in
3124 5118 3275 5171 libris
3334 5118 3651 5185 colligendis
3716 5118 3957 5170 studium

2377 5210 2603 5262 exstitit.
2638 5208 2815 5262 'l'estis
2880 5210 2993 5276 ipse
3050 5210 3287 5275 loi-uples
3336 5208 3508 5277 Epist.
3555 5213 3620 5262 ad
3678 5208 3959 5261 Ecdicium

2378 5299 2594 5369 z‘Egypti
2643 5300 2951 5366 pr:{?chllltll
2990 5319 3001 5352 :
3044 5299 3226 5351 Ἄλλοι
3272 5300 3370 5368 μὲν
3431 5300 3631 5361 ἵππων,
3671 5297 3823 5351 ἄλλοι
3878 5298 3938 5351 δὲ

3390 5407 3402 5420 ·
3461 5392 3586 5459 ἐμοὶ
3639 5390 3695 5442 δὲ
3727 5389 3956 5459 βιϐλίων

2379 5484 2621 5552 κτήσεως
2654 5484 2716 5535 ὲκ
2737 5484 3019 5551 παιδαρίου
3044 5484 3215 5544 δεινὸς
3239 5483 3496 5549 ἐντέτηκε
3519 5482 3699 5543 πόθος.
3732 5481 3965 5545 Quidam

2376 5576 2540 5641 equis,
2574 5575 2665 5625 alii
2699 5574 2898 5635 avibus,
2923 5574 3159 5626 nonnulli
3194 5574 3319 5640 feris
3353 5576 3667 5639 voluptatem
3703 5576 3957 5636 capiunt;

2378 5682 2464 5734 ego
2480 5670 2588 5733 jam
2614 5667 2733 5716 inde
2763 5684 2791 5715 a
2820 5682 2975 5731 puero
2993 5667 3241 5715 librorum
3272 5666 3555 5731 cupiditate
3583 5664 3822 5730 ﬂagravi.
3858 5662 3966 5715 llu-

2376 5759 2462 5824 jus
2499 5757 2718 5815 Augusti
2753 5756 3139 5807 Bibliotltt'cam
3166 5754 3685 5815 \‘icissintJovianus,
3713 5753 3966 5804 hortante

2383 5850 2631 5917 conjuge,
2673 5858 2725 5900 et
2758 5848 3036 5913 adjutantc
3070 5844 3372 5913 TheOphilo
3399 5845 3673 5907 eunucho,
3703 5842 3964 5911 ringenti-

2377 5393 2598 5461 ὀρνέων,
2643 5392 2790 5444 ἄλλοι
2853 5392 3054 5460 Θηρίων
3127 5391 3329 5460 ἐρῶσιν
