4210 6442
187 439 248 502 29
1514 436 2104 500 PROLEGOMENA.
3366 427 3438 489 30

184 559 279 612 bus
333 555 555 608 interim
610 553 985 617 Antiochenis,
1030 563 1083 607 ut
1153 564 1342 608 auctor
1398 564 1477 608 est
1539 556 1755 616 Suidas,

184 646 464 697 t-uemavit.
512 642 748 696 Externa
780 645 909 711 quid
946 660 1388 707 commemorem,
1446 644 1753 714 Egj'ptios,

181 744 228 785 et
261 734 533 787 Attalicos
559 748 712 802 reges
738 734 1057 800 colligendis
1092 734 1243 788 libris
1269 736 1624 802 magniﬁcos?
1652 751 1750 788 no-

182 835 287 875 tum
375 822 726 876 Ptolemmnm
802 824 1211 893 Philadelphum
1288 826 1753 893 septingentorum

180 913 403 965 millium
440 914 705 967 librorum
761 916 1033 967 cumulum
1068 915 1385 979 cootulisse,
1440 916 1527 984 qui
1564 932 1757 969 cumu-

178 1008 257 1058 lus
288 1007 685 1069 Alexandrino,
714 1010 846 1076 proh
872 1008 1051 1062 dolor!
1090 1008 1319 1062 tumultu
1377 1008 1754 1079 conflagravit.

176 1094 378 1164 Ecquis
413 1098 554 1150 adeo
583 1098 633 1148 in
660 1097 857 1151 litteris
890 1099 1103 1166 hospes,
1134 1099 1225 1165 qui
1273 1097 1412 1152 LXX
1486 1100 1755 1167 interpre-

176 1201 287 1239 ttlttt
319 1203 516 1242 sacras
545 1188 783 1243 Litteras
812 1206 872 1242 ex
908 1190 1127 1242 Hebraeo
1155 1188 1397 1257 ejusdem
1432 1189 1582 1256 jussu
1638 1206 1762 1245 ver-

176 1281 408 1331 lentittttt
473 1281 761 1334 historiam
833 1282 1087 1350 ignoret?
1140 1280 1366 1336 Tacitus
1409 1293 1584 1335 tamen
1638 1282 1759 1337 sine

174 1369 379 1438 digitio
426 1373 713 1438 prazterire
744 1387 848 1425 non
890 1368 1131 1440 pOssnm,
1186 1382 1447 1442 qnautmn
1495 1374 1659 1426 studii
1707 1374 1757 1425 in

173 1462 567 1529 renQuirendis
595 1462 744 1516 libris
766 1465 911 1530 regio
941 1474 1099 1532 atque
1134 1464 1352 1518 heroico
1381 1465 1566 1517 animo
1613 1464 1755 1517 idem

172 1550 509 1607 Ptolemaeus
558 1558 815 1623 posuerit,
870 1567 926 1608 ιιι
995 1566 1074 1610 est
1110 1571 1140 1609 a
1179 1557 1383 1611 Galeno
1429 1558 1759 1611 medicormn

173 1645 425 1711 principe
453 1644 549 1698 lib.
584 1662 595 1697 I
634 1645 710 1699 De
760 1656 949 1699 natura
980 1648 1227 1707 hominis,
1262 1662 1582 1714 ranItt‘nque
1663 1648 1757 1701 lib.

173 1747 229 1784 ιιι
271 1729 533 1798 Epidem.
572 1734 916 1804 Hippocratis
941 1737 1213 1790 memoria:
1264 1738 1561 1805 proditum,
1597 1739 1760 1791 Athe-

172 1820 462 1875 niensibus
527 1824 806 1889 nimirum,
873 1824 1130 1878 frumenti
1191 1825 1366 1893 inopia
1426 1841 1758 1895 atmonazqne

169 1909 447 1964 abaritate
480 1912 873 1973 laborantibus.
906 1930 1009 1967 non
1042 1916 1190 1984 prius
1238 1913 1571 1970 frumentum
1623 1933 1756 1972 con-

170 2002 405 2054 cessisse
451 2002 632 2071 (quod
678 2015 823 2058 esset
852 2003 1119 2074 Egyptus
1176 2003 1425 2071 Graeciae,
1482 2016 1541 2058 ιιι
1572 2006 1757 2059 Sicilia

168 2092 342 2145 italia:
396 2094 686 2148 fertilitate
744 2110 842 2147 sua
895 2097 1179 2165 horreum)
1234 2112 1393 2165 quam
1431 2096 1759 2163 tragicomut

170 2184 489 2252 principum
559 2183 831 2258 Eschyli,
892 2186 1175 2254 Sophorlis
1272 2197 1434 2255 atque
1486 2188 1763 2258 Euripidis

176 2276 679 2329 describendorum
720 2279 932 2347 copiam
961 2275 1243 2333 fecissent.
1301 2276 1355 2331 In
1390 2293 1496 2347 qua
1547 2280 1762 2347 quidem

171 2381 227 2419 re
258 2381 323 2419 ea
361 2367 470 2420 llde
502 2376 799 2429 versatum,
832 2376 890 2421 ut
922 2380 1120 2436 praeter
1166 2368 1514 2440 vtectlgalium
1565 2369 1757 2423 immu-

172 2458 428 2521 nitatem,
465 2470 534 2509 sv
574 2456 776 2510 talenta
808 2457 999 2511 iisdem
1044 2460 1253 2528 pignori
1302 2460 1536 2521 dederit,
1599 2474 1763 2526 quam

175 2548 400 2613 quidem
434 2551 726 2616 pecuniam
767 2562 891 2619 post
928 2548 1099 2605 libens
1138 2551 1430 2619 volensque
1459 2549 1605 2604 dono
1662 2549 1765 2604 mi-

171 2641 266 2703 sit,
315 2650 374 2693 et
404 2640 654 2707 exempla
689 2641 960 2709 descripta
1006 2643 1234 2695 remisit.
1278 2640 1412 2695 Nam
1444 2641 1509 2695 de
1560 2640 1768 2694 Aristo-

174 2725 299 2779 trl‘ss
333 2725 715 2793 Peripateticae
738 2728 939 2782 scholae
977 2731 1236 2798 principis
1284 2744 1348 2784 ac
1401 2728 1765 2798 Theophrasti

175 2816 517 2871 bibliotheca
552 2834 581 2870 a
604 2817 769 2873 Nelco
798 2818 1001 2874 Corisci
1036 2817 1097 2874 Ρ.
1147 2827 1429 2889 coempta,
1459 2828 1512 2873 et
1550 2820 1771 2873 heredi-

175 2909 301 2973 bus,
328 2923 398 2962 ne
426 2909 499 2962 ab
532 2909 779 2966 Attalicis
818 2913 1034 2980 regibus
1054 2910 1384 2976 auferretur,
1413 2912 1560 2965 butni
1594 2910 1768 2966 defosp

175 3014 258 3060 sa,
296 3000 429 3069 quia
487 3016 659 3069 nuper
693 3002 745 3054 in
784 3000 1067 3057 Parallelis
1115 3002 1496 3069 disseruimus,
1548 3007 1768 3057 verbum

176 3104 287 3142 non
350 3090 576 3144 addam.
638 3090 885 3145 Clearchi
944 3106 1160 3161 quoque
1213 3092 1485 3148 Heraclea
1531 3094 1772 3149 Ponticae

177 3181 339 3248 primi
377 3182 619 3250 tyranni,
644 3183 761 3249 o-jus
791 3185 882 3252 qui
909 3183 1144 3238 Platanis
1171 3194 1227 3239 et
1269 3184 1521 3241 Isocratis
1558 3188 1772 3241 auditor

173 3271 412 3331 exstitit,
456 3271 778 3327 bibliotheca
827 3289 855 3325 a
905 3274 1190 3330 Memnone
1233 3276 1375 3342 apud
1418 3277 1563 3332 hunc
1594 3280 1769 3345 ipsum

177 3360 443 3413 Plautium
509 3378 646 3415 mire
707 3364 1064 3431 pra-lieutnr,
1124 3369 1279 3435 cujus
1341 3367 1514 3422 laudis
1577 3370 1774 3423 adorea

176 3464 414 3505 caeteros
469 3468 662 3507 uttunes
706 3464 967 3524 tyrannos
1010 3459 1169 3525 longo
1219 3468 1338 3525 post
1387 3473 1445 3512 se
1497 3459 1777 3526 reliquerit

179 3544 504 3596 intervallo.
551 3543 658 3597 Sed
704 3546 845 3598 unde
890 3545 1116 3613 digressi
1163 3546 1456 3614 paululum,
1488 3564 1552 3601 co
1586 3550 1777 3603 redea-

184 3651 334 3689 tuus.
379 3633 821 3690 Tumultuarium
860 3638 1075 3706 quidem
1107 3653 1265 3706 opus,
1300 3656 1363 3694 ne
1390 3641 1519 3709 quid
1555 3644 1779 3714 tacitur-

180 3728 360 3780 nitate
402 3727 745 3795 przevaricari
786 3729 991 3792 videar.
1032 3728 1353 3785 PhOIianam
1394 3732 1533 3788 hanc
1568 3733 1777 3787 Biblio-

177 3820 392 3871 thecam
442 3820 722 3874 exstitisse
774 3821 888 3874 haec
935 3821 1172 3874 indicant
1218 3840 1231 3887 ;
1278 3824 1464 3875 eadem
1511 3840 1651 3892 saepe
1698 3841 1782 3878 re-

177 3912 378 3975 petita,
416 3909 599 3963 hiatus
646 3911 941 3976 interdum,
984 3926 1147 3981 atque
1199 3913 1379 3968 hiulca
1423 3916 1560 3979 loca,
1595 3916 1779 3984 negle-

178 4013 304 4055 ctus
341 4002 545 4069 stylus,
579 4001 771 4067 rejema
815 4003 1047 4071 denique
1080 4004 1131 4056 in
1164 4004 1390 4059 alteram
1434 4006 1615 4073 operis
1657 4022 1782 4073 par-

180 4100 292 4144 tem
355 4091 663 4153 librorum,
724 4108 861 4161 quos
910 4094 1021 4159 jam
1082 4104 1468 4162 recensuerat,
1525 4108 1779 4165 excerpta

178 4183 458 4252 longiora.
498 4183 580 4235 Ad
624 4198 775 4236 oram
822 4199 1034 4253 quoque
1076 4186 1330 4240 nonnulla
1366 4186 1663 4252 collocata;
1699 4197 1777 4248 et,

178 4277 327 4343 quod
384 4274 627 4338 mireris,
683 4276 901 4329 eosdem
953 4277 1163 4331 libellos
1209 4277 1350 4331 κατὰ
1400 4278 1591 4341 πόδας,
1642 4292 1778 4345 pene

1859 556 2073 608 cancris
2124 554 2428 620 promiscoe
2479 549 2779 619 prodesset,
2829 546 2931 599 hoc
2974 558 3109 611 opus
3158 544 3438 597 Consarci-

1862 661 2037 711 nasse,
2074 655 2165 696 aut
2201 654 2348 697 certe
2393 650 2724 709 postremam
2760 652 2973 690 manum
3005 650 3110 688 non
3150 632 3436 699 adiecisse,

1860 740 1983 789 lima
2043 735 2283 790 nitidiori
2334 749 2498 800 opere
2546 732 2748 784 futuro.
2798 727 3000 781 Aulicis
3045 727 3301 778 nimirum
3348 740 3444 777 ne-

1860 830 2040 899 gotiis,
2078 840 2240 896 atque
2276 826 2570 879 ambitione
2620 820 2971 875 transversim
3018 828 3253 886 raptum,
3290 830 3442 868 men-

1864 930 1965 972 tem
2001 919 2127 979 alio,
2163 918 2268 968 alio
2301 929 2459 967 aures
2491 912 2763 965 divisisse.

1930 1008 2201 1061 Hactenus
2236 1007 2301 1059 de
2340 1004 2515 1059 Photii
2561 1005 2691 1064 vita,
2725 1011 2776 1055 et
2817 1000 3143 1054 Bibliotheca
3174 998 3439 1051 lectorum

1860 1104 2117 1156 Iihrornm
2154 1119 2166 1154 :
2203 1109 2370 1153 restat
2428 1108 2486 1150 ιιι
2528 1107 2724 1149 cmtera
2772 1094 2891 1161 ejus
2926 1094 3126 1161 scripta
3162 1092 3214 1145 in
3251 1090 3444 1159 vulgus

1860 1198 2025 1258 edita,
2068 1211 2174 1263 quo
2219 1192 2301 1247 vel
2353 1191 2404 1243 in
2446 1190 2605 1243 hoste
2638 1189 2886 1239 virtutem
2935 1184 3217 1249 miremur,-
3251 1197 3441 1236 recen-

1862 1306 2029 1341 seam.
2078 1286 2312 1353 Scripsit
2362 1283 2415 1335 in
2470 1280 2531 1335 Β.
2578 1279 2727 1334 Pauli
2781 1275 3048 1344 Epistolas
3091 1277 3443 1329 Commenta-

1864 1382 2000 1433 rium
2052 1396 2067 1434 :
2118 1376 2260 1429 unde
2311 1373 2570 1443 pleraque
2626 1372 2814 1425 hausta
2866 1370 2917 1422 in
2967 1366 3229 1421 Catenam
3285 1379 3440 1417 snam

1861 1466 2224 1523 (licumenius
2314 1461 2627 1523 transtulit,
2689 1468 2747 1512 ut
2815 1474 2918 1511 non
2982 1455 3440 1511 contemnendum

1864 1560 2168 1623 theologum
2189 1569 2454 1625 agnoscas
2494 1573 2506 1607 :
2536 1550 2677 1620 quod
2722 1565 2787 1604 eo
2826 1549 3028 1615 gratior
3063 1548 3236 1601 doctis
3268 1546 3442 1626 homi-

1864 1653 2020 1705 nilms
2054 1649 2167 1719 (qui
2212 1663 2277 1701 eo
2318 1660 2377 1701 se
2418 1645 2631 1712 adiutos
2672 1642 2725 1695 in
2767 1639 2937 1693 Paulo
2982 1638 3321 1707 esplanando
3364 1635 3446 1689 fa-

1864 1750 2079 1797 teantur
2108 1741 2365 1809 ingenue)
2400 1736 2553 1789 labor
2585 1734 2673 1787 hic
2708 1733 2953 1795 exsistat,
2980 1746 3087 1798 quo
3115 1727 3444 1783 dilliciliores

1864 1838 1914 1889 in
1963 1835 2027 1888 iis
2063 1830 2308 1903 epistolis
2355 1828 2525 1883 nodos
2566 1839 2855 1879 occurrere
2887 1823 2947 1877 Β.
2990 1823 3183 1876 Petrus
3222 1831 3442 1891 aposto-

1865 1928 2004 1979 latus
2042 1925 2247 1995 collega
2299 1919 2692 1990 protmutiavit.
2722 1916 2945 1969 Exstant
2972 1923 3027 1969 et
3059 1913 3237 1967 Pltotii
3276 1927 3440 1981 opera

1864 2017 2102 2069 (Iunones
2142 2010 2518 2082 apostolorum,
2560 2006 2999 2071 consiliorumque
3035 2014 3266 2058 veterum
3307 2003 3444 2070 leges

1865 2116 2220 2161 sacrosancta!
2264 2105 2315 2157 in
2356 2103 2605 2153 volumen
2654 2112 2820 2150 unum
2853 2109 3155 2163 corpusque
3187 2093 3441 2156 collecta,

1868 2199 2236 2264 distinctaque
2265 2192 2555 2258 capitibus,
2583 2189 2726 2259 quod
2772 2196 2826 2241 et
2861 2186 3239 2240 Nomoeanone
3273 2184 3446 2237 nomi-

1868 2292 2035 2351 navit.
2068 2303 2205 2355 Opus
2238 2287 2469 2357 spissum
2491 2292 2546 2338 et
2582 2281 2817 2345 varium,
2854 2278 3143 2345 multaeque
3176 2274 3444 2340 lectionis,

1868 2380 2167 2447 visitnrque
2245 2377 2435 2431 Graece
2501 2374 2555 2427 in
2633 2369 2938 2427 Germaniae
3032 2366 3436 2431 bibliothecis;

1868 2472 2011 2541 quod
2076 2466 2393 2524 Theodorus
2448 2464 2734 2518 Balsamon
2787 2458 3158 2514 illustrandum
3213 2454 3446 2518 censuit,

1870 2572 2259 2630 verteruntqne
2323 2557 2515 2612 Latine
2580 2554 2879 2609 Gentianus
2951 2549 3238 2610 Ilervetus.
3286 2548 3453 2601 homo

1870 2654 2078 2713 Gallus.
2112 2652 2348 2719 itemque
2394 2647 2556 2715 Belga
2604 2643 2868 2698 Henricus
2912 2640 3183 2711 Agyltens.
3220 2636 3448 2703 Qualem

1872 2747 2010 2801 inter
2039 2743 2264 2799 Latinos
2295 2738 2628 2807 diligentiam
2652 2733 2996 2788 Bnrcbardus
3032 2728 3450 2791 Vormatiensis,

1873 2834 1963 2889 Ivo
2010 2832 2384 2891 Carnotensis.
2436 2844 2500 2883 ac
2550 2824 2847 2881 Gratianus
2901 2819 3200 2875 monachus
3252 2816 3452 2870 imitati

1872 2935 2001 2981 sunt
2040 2926 2202 2990 longo
2256 2920 2562 2983 intervallo,
2594 2917 2737 2971 haud
2786 2915 2997 2969 minore
3036 2924 3216 2979 opera
3254 2907 3451 2976 pretio.

1874 3016 2053 3069 Edidit
2085 3025 2141 3067 et
2166 3021 2370 3080 septem
2414 3006 2879 3065 mcmnenieorum
2910 3000 3267 3055 conciliorum
3308 3006 3456 3062 acta,

1876 3109 2233 3172 visunturqne
2281 3100 2549 3171 principio
2606 3095 2959 3150 conciliorum
3009 3090 3170 3144 tomis
3218 3088 3456 3158 digesto-

1876 3209 2018 3255 rum,
2060 3207 2181 3259 qua:
2230 3189 2416 3245 Graece
2472 3189 2524 3241 in
2577 3184 2805 3254 Belgicis
2854 3180 3200 3237 bibliothecis
3244 3178 3459 3235 calamo

1877 3294 2098 3338 exarata
2147 3290 2517 3336 asservantnr.
2566 3277 2818 3345 Epistolas
2874 3277 2989 3340 eius
3043 3277 3096 3327 in
3141 3272 3454 3342 Atlgttstana

1881 3374 2208 3429 bibliotheca
2242 3371 2530 3426 habentur.
2578 3369 2922 3437 Encyclicam
2962 3368 3028 3422 ad
3064 3364 3459 3436 patriarchales

1879 3465 2117 3521 Orientis
2151 3463 2327 3526 sedes,
2359 3462 2474 3515 sive
2515 3462 2632 3525 ejus
2672 3470 2778 3522 est,
2816 3476 2909 3513 seu
2951 3458 3199 3521 Sisinnii.
3233 3470 3290 3510 ιιι
3328 3454 3454 3525 (ιυί-

1879 3561 2001 3612 dam
2052 3564 2262 3625 putant,
2308 3555 2603 3625 apostolica
2654 3554 2831 3613 sedes.
2865 3564 2923 3605 ut
2966 3563 3023 3608 et
3071 3550 3457 3620 praedatoriam

1879 3649 1993 3717 ejus
2020 3649 2309 3717 synodum,
2343 3646 2535 3699 merito
2563 3646 2803 3697 damnat.
2836 3643 3027 3697 Exstat
3070 3644 3199 3697 item
3228 3640 3456 3708 epistola

1880 3742 1946 3796 ad
1999 3739 2314 3795 Michaelem
2369 3736 2721 3805 Bulgsrorum
2780 3737 3121 3806 principem,
3170 3750 3200 3787 a
3255 3731 3451 3786 Franc.

1882 3830 2148 3885 'l‘nrriano
2193 3828 2481 3883 Societatis
2529 3837 2726 3880 nostra
2770 3836 2949 3885 eruta.
2989 3825 3289 3891 Latineque
3334 3822 3457 3875 red-

1882 3923 2011 3985 dita,
2044 3932 2101 3974 ut
2128 3931 2181 3976 et
2208 3937 2298 3974 sea:
2338 3920 2732 3973 dissertationes
2760 3918 2824 3971 de
2854 3918 3124 3971 divinitate
3183 3924 3232 3967 et
3273 3914 3451 3967 incar-

1884 4014 2133 4075 natione,
2202 4012 2557 4080 legunturqne
2611 4020 2758 4062 tomo
2810 4006 2851 4059 ν
2900 4006 3201 4060 Lectionum
3271 4003 3451 4072 Antiq.

1885 4101 2097 4155 llenrici
2136 4100 2336 4155 Canisii
2386 4098 2743 4168 jureconsnlti
2778 4097 2984 4149 clat‘iss.
3032 4092 3148 4149 Huc
3189 4092 3454 4146 aet-edunt

1880 4201 1935 4244 et
1989 4189 2231 4257 ejusdem
2283 4188 2461 4242 Photii
2532 4188 2809 4239 Tractatns
2870 4189 2932 4238 de
2992 4182 3341 4237 voluntatibus
3398 4181 3453 4233 in

1884 4278 2116 4339 Christo,
2158 4294 2277 4344 quae
2328 4278 2579 4330 dicuntur
2631 4278 2882 4343 γνωμικὰ
2932 4273 3217 4343 Θελήματα
3259 4270 3451 4323 eodem

179 4367 475 4434 repetitos,
509 4376 569 4419 ut
616 4366 849 4436 Dionysii
898 4367 1053 4437 ΑΞεεί
1100 4368 1379 4436 Dictyaca,
1423 4368 1687 4422 Hieroclis
1718 4377 1771 4421 et

179 4456 414 4511 llimerii
457 4456 801 4525 aliorumque
835 4472 938 4511 non
974 4473 1167 4526 pauca,
1202 4472 1423 4525 prorsus
1464 4467 1521 4510 ut
1553 4457 1768 4511 credam

178 4547 444 4604 Photium
500 4549 759 4603 memoria
823 4564 918 4605 sua
970 4548 1206 4619 juvanda
1257 4550 1432 4619 potius
1494 4563 1657 4617 quam
1713 4558 1771 4601 ut

1880 4368 2148 4422 Turriano
2179 4370 2494 4435 interprete.
2527 4367 2633 4421 Sed
2659 4368 2771 4432 jam
2806 4366 2919 4418 vela
2953 4362 3361 4423 contrahamus,
3396 4367 3452 4412 et

1883 4460 2132 4513 Photiutn
2182 4460 2475 4528 scriptores
2526 4459 2670 4510 varie
2723 4466 3091 4510 recensentem
3138 4451 3448 4515 audiamus;

1878 4552 2075 4621 linguis
2105 4552 2407 4617 animisque
2442 4549 2637 4604 favete.

1780 4753 1846 4767 —

735 4883 989 4940 Facultas
1026 4885 1086 4940 Β.
1120 4884 1185 4941 Ρ.
1224 4885 1576 4941 Provincialis
1611 4885 1889 4941 Sacietatis
1922 4884 2070 4949 Iesu,
2099 4898 2189 4948 per
2219 4881 2534 4947 superiorem
2564 4873 2918 4930 Germaniam.

268 5022 420 5078 lianc
478 5020 757 5075 l‘hotiante
810 5020 1159 5076 Bildiotheete
1202 5038 1268 5077 ex
1317 5023 1508 5077 Graeco
1562 5023 1889 5083 versionem,
1937 5020 2232 5085 interprete
2282 5014 2341 5069 P.
2379 5014 2595 5066 Andrea
2629 5009 2873 5071 Scliotto,
2922 5003 3208 5058 Societatis
3247 5008 3447 5053 nostrze

177 5113 499 5173 sacerdote,
532 5110 599 5161 ab
638 5108 844 5177 aliquot
880 5108 1129 5163 Patribus
1157 5108 1476 5163 Grarcarnm‘
1514 5109 1815 5162 litterarum
1870 5104 2059 5173 peritis
2103 5103 2272 5157 visam
2308 5112 2361 5155 et
2396 5099 2695 5167 probatam,
2728 5110 2826 5162 ego
2858 5085 3444 5177 GeorgiusRoseﬂins,

179 5196 478 5249 Societatis
522 5192 653 5247 Jesu
701 5173 796 5263 per
836 5193 1180 5249 Germaniam
1236 5196 1569 5263 superiorem
1616 5191 1980 5262 provincialis,
2023 5197 2283 5257 potestate
2316 5186 2443 5239 mihi
2484 5190 2550 5237 ab
2579 5181 2865 5235 admodum
2910 5178 2973 5231 ll.
3001 5175 3059 5229 P.
3108 5176 3170 5229 N.
3200 5173 3441 5263 genera-li

177 5282 420 5336 Claudio
446 5258 721 5348 Aquavira
750 5295 1027 5343 concessa,
1057 5283 1195 5350 typis
1225 5258 1465 5334 mandari
1498 5258 1750 5349 permitto
1777 5298 1789 5333 :
1817 5277 1903 5333 cui
1934 5276 2007 5330 rei
2040 5277 2141 5329 hoc
2172 5273 2480 5329 testimonio
2509 5285 2669 5323 manu
2703 5282 2819 5321 mea
2842 5264 3237 5331 subscripto,et
3270 5258 3447 5329 sigillo

187 5368 428 5431 munito,
464 5366 626 5421 ﬁdem
659 5365 840 5421 facere
875 5367 1034 5421 volui.
1076 5367 1345 5438 Angusta,
1377 5366 1631 5422 Kalendis
1665 5365 2016 5436 Septembris.
2053 5362 2210 5416 Anno
2237 5357 2444 5414 MDUV.

2454 5465 2729 5521 Gsoncws
2767 5460 3085 5516 Rossrrtus.
