4210 6442
711 406 770 467 31
1800 408 1897 467 AD
1938 409 2200 467 PIIOTII
2245 410 2805 470 BIBLIOTIIECAM
3892 388 3965 451 32

713 564 3935 603 _________________________________________.__.

1500 688 1737 748 INDEX
1767 690 2182 751 AUCTOIIUM
2219 693 2744 752 BIBLIOTIIECfE
2784 690 3189 751 I‘IIOTlAN/E

1525 852 1872 894 ALPHABETI
1899 852 2075 894 SERIE
2104 854 2182 895 ET
2213 856 2495 899 CODICUM
2529 857 2796 898 NUMERO
2832 854 3152 898 ASCRII’TO.

1468 996 1510 1048 A

782 1087 1018 1144 Achilles
1045 1086 1257 1142 Tatius.
1285 1086 1357 1139 De
1386 1090 1543 1141 rebus
1565 1088 1863 1155 Leucippes
1892 1094 1945 1139 et
1972 1086 2293 1156 Clitophon-

716 1180 785 1234 tis
817 1180 937 1232 libri
977 1195 1091 1244 VIII,
1127 1182 1249 1232 cod.
1283 1178 1590 1235 LXXXVII.

785 1272 915 1325 Acta
956 1271 1337 1339 disputationis
1384 1272 1798 1334 barreticornm.
1840 1288 2022 1325 coram
2082 1270 2290 1325 Joanne

714 1360 1020 1425 patriarcha
1050 1359 1669 1429 Constantinopolitano,
1700 1360 1821 1414 cod.
1850 1359 2039 1413 XXIV.

784 1451 1008 1503 Adriani
1040 1451 1263 1522 Isagoge
1301 1452 1357 1506 S.
1400 1454 1712 1521 Scripturze.
1750 1455 1870 1508 cod.
1899 1452 1962 1509 II.

784 1542 1000 1593 Adriani
1033 1542 1473 1607 declamationes,
1500 1546 1615 1599 rod.
1641 1544 1707 1599 C.

781 1618 1110 1687 [Enesidemi
1143 1632 1296 1703 IEgei
1331 1633 1396 1689 de
1428 1634 1742 1706 Pyrrhoniis
1799 1635 1918 1688 libri
1984 1651 2104 1698 vm,
2162 1635 2282 1687 cod.

710 1718 914 1773 CCXII.

779 1805 1059 1864 ﬁschinis
1098 1811 1377 1865 orationes
1412 1827 1470 1865 ιιι
1501 1822 1555 1866 et
1605 1814 1851 1883 epistolae
1888 1831 1961 1878 xI,
1998 1816 2117 1868 cod.
2165 1814 2283 1869 LXI

705 1908 760 1948 et
789 1896 1063 1951 CCLXIV.

776 1992 916 2043 Aetii
986 1993 1235 2049 Amideni
1299 1997 1478 2064 operis
1525 1999 1715 2052 medici
1775 1999 1899 2054 lihri
1936 2016 2064 2063 xu,
2129 2002 2281 2055 cod.

706 2082 935 2136 CCXXI.

774 2173 1185 2239 Agatban-bidx
1215 2176 1439 2241 Ilistor.,
1461 2180 1580 2233 cod.
1603 2180 1827 2235 CCXIII.
1848 2181 1973 2237 Inde
2004 2196 2278 2253 excerpta,

704 2263 825 2317 cod.
850 2263 1001 2319 CCL.

770 2353 1007 2407 Alemnd
1020 2357 1059 2407 ri
1076 2358 1484 2413 Admirabilium
1500 2361 1938 2427 collectio,rml.C
1949 2364 2027 2418 LX
2042 2365 2132 2419 XX
2146 2365 2279 2423 VIII.

768 2447 1130 2516 Amyntianus
1151 2451 1204 2503 in
1222 2452 1583 2506 Alexandrum
1608 2453 1673 2507 M.
1695 2470 1740 2508 et
1764 2458 1888 2519 :IIII,
1911 2460 2028 2513 eod.
2046 2459 2280 2513 CXXXI.

771 2538 1060 2591 Andocida-
1090 2543 1385 2603 orationes,
1417 2545 1534 2597 cod.
1569 2544 1794 2600 CCLXI.

771 2629 1405 2685 Audronicianuscontra
1440 2632 1830 2698 Eunomianm,
1860 2641 1979 2693 cod.
2016 2641 2172 2697 XLV.

773 2716 1089 2787 Anonymus
1136 2732 1324 2775 contra
1358 2721 1573 2779 Judazos
1626 2738 1680 2778 et
1735 2729 2280 2795 Quartadecimanos,

701 2808 824 2859 cod.
849 2807 1008 2863 CXV.

772 2901 1042 2969 Anonymi
1096 2901 1532 2958 testimoniorum
1568 2907 1632 2960 de
1684 2907 1901 2960 Christo
1958 2926 1987 2963 e
2040 2913 2279 2979 gentium

700 2992 917 3059 scriptis
964 2991 1081 3045 libri
1128 3009 1214 3060 xv,
1262 2996 1381 3049 cod.
1428 2996 1650 3052 CLXX.
1688 3030 1758 3039 ——
1799 2998 2115 3069 Pythagora:
2166 3003 2281 3055 Vita

700 3080 820 3133 cod.
867 3082 1139 3137 CCXLIX.
1168 3114 1240 3127 -
1268 3086 1325 3140 S.
1357 3086 1602 3153 Gregorii
1656 3090 1797 3153 Vita,
1836 3092 1957 3145 cod.
1990 3092 2184 3149 CCLII.
2214 3122 2284 3131 --

704 3172 1020 3243 Martyrium
1071 3191 1140 3229 νιι
1187 3194 1470 3244 puerorum
1530 3182 1630 3235 sub
1678 3183 1856 3247 Decio,
1885 3186 2005 3240 end,
2045 3186 2277 3240 CCLIII.

701 3262 1087 3333 —Mirtyrium
1138 3266 1404 3319 Timothei
1467 3272 1719 3335 apostoli,
1752 3274 1888 3324 col.
1941 3271 2168 3326 CCLIV.
2216 3303 2282 3313 —-

704 3352 1019 3424 Martyrium
1046 3356 1103 3410 S.
1128 3357 1402 3421 Demetrii,
1426 3362 1542 3412 cod.
1565 3360 1759 3414 CCLV.
1787 3390 1855 3400 ——
1876 3365 2004 3415 Acta
2033 3362 2131 3416 SS.
2173 3364 2281 3416 .Ilu-

705 3448 983 3511 tmphauis
1030 3458 1080 3500 et
1129 3449 1442 3513 Alexandri,
1488 3453 1609 3503 rod.
1674 3452 1893 3505 CCLVI.
1952 3485 2020 3494 ——
2054 3455 2172 3507 Vita
2224 3467 2277 3507 et

708 3537 1025 3605 martyrium
1054 3538 1200 3590 Pauli
1228 3540 1391 3607 episc.
1418 3540 1850 3608 (ὶοιιειειιιιίιιοιι.ν
1889 3546 2008 3597 cod.
2032 3544 2276 3601 CCLVII.

701 3622 898 3677 --Vila
932 3637 981 3679 et
1014 3633 1283 3681 certamen
1316 3632 1492 3699 magni
1522 3631 1824 3697 Athanasii,
1855 3636 1972 3685 cod.
2012 3634 2278 3690 CCLVIII.

778 3717 1119 3784 Antiphontis
1157 3720 1507 3775 Atheniensis
1544 3723 1781 3776 rhetoris
1813 3725 2110 3787 orationes,
2150 3728 2271 3779 eod.

705 3805 928 3859 CCLIX.

776 3899 994 3952 Antonii
1036 3898 1287 3969 Diogenis
1317 3899 1715 3957 Incredibilium
1759 3904 1824 3958 de
1856 3903 2027 3958 Thule
2091 3906 2266 3960 insula

706 3987 830 4042 libri
864 4004 1012 4053 mn,
1045 3991 1167 4045 cod.
1203 3991 1433 4047 CLXVI.

773 4080 1065 4147 Aphtlmnii
1098 4083 1362 4150 Sophista:
1378 4083 1824 4150 declamationes,
1849 4086 1971 4141 cod.
1992 4086 2273 4144 CXXXIII.

775 4172 1045 4240 Apologia:
1082 4177 1147 4228 de
1186 4177 1414 4245 Urigcne
1450 4187 1505 4231 et
1544 4177 1662 4245 ejus
1703 4178 2045 4247 dogmatibus
2076 4182 2195 4236 libri
2225 4198 2276 4248 ι’,

698 4262 822 4315 cod.
861 4262 1065 4317 CXVII.

769 4355 1137 4421 Apollinarins
1188 4355 1515 4426 Ilierapolita
1568 4358 1644 4414 De
1702 4360 1902 4430 pietate
1936 4371 1991 4416 et
2050 4364 2276 4419 veritate

698 4445 959 4497 adversus
992 4456 1211 4514 gentes,
1247 4448 1367 4500 cod.
1406 4446 1542 4503 XIV.

751 4536 1058 4603 Apollodori
1080 4540 1418 4606 grammatici
1436 4538 1782 4601 Bibliotheca,
1803 4541 1922 4596 cod.
1943 4541 2269 4597 CLXXXVI.

771 4627 996 4694 Appiani
1024 4629 1370 4681 Alexandrini
1397 4627 1645 4683 Historiae
1674 4628 1931 4685 Romana:
1968 4632 2090 4686 libri
2116 4649 2265 4697 xxiv,

700 4719 819 4769 col.
849 4715 1016 4770 LVII.

777 4809 1025 4861 Aristidis
1083 4809 1257 4861 oratio
1305 4807 1731 4872 Panathenaica,
1782 4811 1901 4864 cod.
1952 4811 2172 4865 CCLVI.
2208 4842 2275 4854 -—

701 4899 947 4964 Ejusdem
1008 4902 1284 4953 orationes
1335 4910 1567 4969 quatuor
1621 4916 1717 4968 pro
1785 4904 2078 4966 rhetoriea,
2149 4906 2270 4956 cod.

698 4989 986 5044 CCXLVII.
1021 5022 1088 5031 --
1109 4992 1356 5059 Ejusdem
1389 4992 1565 5044 oratio
1592 5007 1687 5060 pro
1717 4990 2116 5057 Quatnnrviris,
2148 4996 2268 5047 cod.

700 5079 1020 5135 CCXLVIII.

780 5173 990 5225 Arriani
1025 5170 1276 5226 Parthica
1303 5183 1355 5227 ct
1394 5173 1444 5226 in
1479 5172 1779 5241 Epictetum
1817 5190 2118 5236 sermones.
2149 5176 2266 5229 cod.

701 5260 877 5314 LVIII.
914 5263 1262 5331 —Ejusdem
1318 5264 1384 5315 de
1439 5263 1728 5315 Alexandri
1779 5261 1847 5313 Ill.
1902 5263 2061 5316 rebus
2110 5264 2277 5331 gestis

700 5352 818 5405 Lhri
853 5368 947 5417 νιι,
978 5367 1029 5406 et
1060 5352 1262 5415 Indica,
1294 5355 1414 5406 cod.
1450 5353 1580 5407 XCI.
1608 5383 1676 5391 —
1712 5353 1782 5405 De
1814 5358 1970 5406 rebus
2005 5366 2122 5419 post
2149 5354 2268 5408 Ale-

700 5445 960 5495 Xandrmn
1012 5447 1175 5511 gestis
1234 5444 1352 5495 IIIII'I
1411 5460 1463 5507 ι,
1500 5445 1618 5496 le.
1685 5442 1845 5496 XCII.
1907 5474 1974 5483 -—-
2029 5444 2277 5509 Ejusdem

699 5529 1004 5599 Bithynica,
1064 5534 1183 5584 cod.
1224 5530 1330 5583 Vill
1382 5540 1434 5584 ct
1469 5532 1648 5585 XCIII.
1700 5563 1766 5571 —
1811 5532 2058 5605 Ejush-m
2107 5533 2268 5587 Gesta

704 5622 882 5676 Dionis
910 5641 969 5675 ae
1000 5622 1353 5676 Timoleontis
1396 5625 1447 5675 in
1484 5624 1689 5685 Sicilia,
1716 5626 1837 5676 cod.
1877 5624 2056 5675 XCIII.

774 5714 970 5765 Asterii
1000 5716 1231 5766 Amasia:
1262 5715 1431 5781 opisc.
1480 5714 1711 5767 homilia:
1747 5716 1907 5767 variae
1937 5734 1949 5767 :
1999 5717 2044 5765 l.
2080 5714 2272 5768 Sermo

704 5804 768 5856 de
806 5805 1120 5873 pa‘uitentia
1154 5823 1166 5864 ;
1207 5806 1259 5857 ‘2.
1306 5807 1361 5859 III
1420 5806 1747 5872 Stephanum
1783 5815 2266 5872 protr-martyrem;

2398 997 2450 1049 '5.
2488 998 2559 1049 lle
2615 1011 2678 1050 eo
2707 997 2796 1063 qui
2843 997 2892 1045 in
2946 994 3182 1046 latrones
3230 992 3418 1043 incidit
3453 1007 3466 1055 ;
3499 990 3551 1042 ι.
3584 986 3653 1040 de
3688 985 3961 1039 Pbarismo

2393 1099 2450 1141 et
2482 1088 2773 1141 Pnblicano
2804 1102 2819 1151 ;
2848 1087 2898 1141 5.
2930 1086 3000 1139 De
3039 1084 3297 1137 Zacelnco
3323 1101 3335 1143 ;
3364 1081 3415 1136 6.
3452 1082 3521 1133 De
3560 1080 3668 1131 lilio
3693 1079 3917 1144 prodigo
3952 1094 3965 1137 ;

2395 1178 2447 1232 7.
2482 1181 2553 1231 lie
2594 1178 2929 1231 Centurionis
2963 1192 3121 1229 servo
3151 1194 3166 1241 ;
3192 1177 3243 1229 8.
3295 1174 3365 1225 De
3394 1174 3635 1240 jejunio;
3674 1171 3743 1223 lle
3766 1186 3909 1222 caeco
3939 1186 3966 1218 κ

2395 1269 2700 1329 nativitale;
2743 1262 2828 1319 l0.
2871 1266 2942 1319 De
2968 1264 3134 1323 .lairo.
3174 1275 3226 1315 et
3267 1264 3487 1315 Innlierc
3531 1260 3812 1326 sanguinis
3840 1276 3968 1326 prn-

2393 1360 2556 1413 lluvio
2592 1358 2896 1415 laborante.
2929 1355 3053 1407 cod.
3098 1353 3377 1408 CCLXXI.

2466 1450 2752 1502 Albanas-ii
2795 1445 2902 1511 (8.)
2941 1446 3332 1513 epistolm,cod.
3369 1442 3577 1497 XXXII.
3617 1472 3688 1483 -—-
3716 1442 3968 1506 Eiusdem

2392 1540 2448 1593 in
2482 1539 2619 1592 Et-t'li
2644 1539 2867 1594 sinsten.
2898 1548 2943 1586 et
2982 1538 3201 1588 (iantiia
3259 1536 3590 1587 ranticorum
3629 1542 3960 1585 commenta-

2391 1631 2522 1694 rius,
2556 1633 2675 1683 cod.
2711 1628 2991 1682 CXXXIX.
3035 1628 3282 1693 Ejusdem
3315 1638 3500 1679 contra
3544 1627 3727 1678 Arium
3762 1625 3882 1677 lihri
3916 1639 3970 1688 ν,

2388 1726 2509 1776 cod.
2539 1720 2698 1775 CXL.

2459 1813 2703 1863 Anc-turis
2730 1811 2919 1863 incerti
2945 1809 3007 1860 de
3030 1823 3184 1861 sacro
3212 1806 3434 1861 Pascha:
3469 1807 3606 1859 Rasto
3642 1806 3843 1859 volunt.
3878 1821 3966 1866 ιιι,

2387 1903 2507 1955 Cod.
2539 1898 2724 1954 CXVI.

3143 1989 3182 2040 ll

2459 2083 2639 2137 Basilii
2668 2082 2850 2136 Cilicis
2876 2082 3083 2136 Eccles.
3104 2082 3351 2135 llistoria».
3382 2082 3502 2134 lihri
3535 2097 3615 2147 III,
3647 2082 3767 2136 cod.
3804 2081 3965 2135 XLII.

2385 2175 2705 2242 --Ejnsdem
2736 2185 2923 2227 contra
2946 2172 3205 2227 Joannem
3235 2174 3657 2243 Srytbopolitam
3696 2174 3818 2226 l'bri
3846 2190 3965 2239 ut,

2388 2268 2510 2319 Cod.
2547 2264 2703 2319 CVII.

2459 2356 2639 2410 Basilii
2669 2356 2839 2425 Magni
2874 2359 3260 2413 conl'ntationis
3288 2359 3532 2412 Eunomii
3562 2359 3797 2412 Inrretiri
3835 2359 3960 2409 lihri

2389 2462 2467 2505 ιιι,
2496 2446 2614 2500 cod.
2657 2445 2889 2501 CXXIX.
2917 2474 2981 2488 -ι
3010 2448 3257 2512 Ejusdem
3300 2450 3568 2505 ASI‘CIICII.
3605 2450 3723 2501 rod.
3756 2448 3964 2502 CXLIV

2386 2548 2439 2590 et
2463 2536 2639 2591 CXCI.
2677 2537 2926 2603 Ejusdem
2949 2538 3343 2601 Hexaemeron,
3379 2540 3499 2593 cod.
3529 2538 3707 2592 CXLI.
3736 2572 3801 2580 —
3833 2539 3964 2592 IIem

2386 2631 2662 2682 orationes
2721 2631 2933 2694 etbicm,
2984 2633 3103 2685 t'OIl.
3143 2631 3347 2687 CXLII.
3399 2660 3471 2671 —-
3507 2630 3778 2700 Epistola',
3832 2635 3955 2683 and.

2386 2720 2612 2774 CXLIII.

2457 2812 2636 2868 Basilii
2668 2815 2923 2870 Seleuciae
2957 2818 3124 2884 episc.
3160 2817 3433 2868 orationes
3471 2831 3555 2867 xv.
3602 2814 3661 2866 Et
3695 2814 3810 2866 Vita
3843 2814 3965 2882 pri-

2388 2921 2485 2957 ma:
2513 2910 2761 2976 martyris
2789 2908 3161 2971 Tbeclae,cod.
3188 2906 3461 2960 CLXVIII.

2460 2996 2643 3051 Bnetbi
2717 3016 2905 3053 vocum
2957 2999 3353 3053 Platonicarum
3416 2998 3772 3060 Collectanea,
3832 2999 3965 3051 tod.

2386 3088 2567 3143 CLIV.
2602 3120 2671 3129 ——
2715 3089 2963 3157 Ejusdem
3019 3092 3084 3144 de
3124 3090 3305 3143 dubiis
3339 3091 3477 3158 apud
3535 3089 3812 3141 I’latonetn
3868 3104 3963 3142 vo-

2386 3181 2537 3234 cibus
2559 3182 2897 3249 0pttsculnm,
2930 3183 3048 3235 cod.
3080 3178 3230 3235 CLV.

3165 3272 3204 3326 C

2458 3361 2616 3415 Caius
2640 3365 2923 3430 presbyter
2953 3361 3025 3416 De
3054 3362 3334 3427 universo,
3369 3362 3488 3416 cod.
3521 3360 3747 3414 XLVIII.

2457 3454 2677 3506 Caesar-ii
2716 3456 2889 3521 capita
2928 3453 3316 3518 ecclesiastica,
3348 3454 3465 3507 cod.
3494 3452 3699 3515 CCXX,
3732 3451 3889 3506 CCX.

2456 3541 2679 3595 Candidi
2710 3539 3067 3595 Ilistoriarum
3102 3539 3220 3592 libri
3253 3556 3333 3604 III,
3361 3541 3483 3595 cod.
3516 3538 3729 3593 LXXIX

2455 3632 2696 3685 Cassiani
2749 3632 2997 3685 monachi
3031 3631 3246 3699 ltegulze
3307 3633 3692 3685 mouachormn
3723 3629 3968 3699 Egypti,

2388 3722 2459 3774 De
2486 3733 2605 3773 orto
2636 3722 2885 3792 (vitiosis)
2912 3722 3349 3792 cogitationibus,
3384 3721 3594 3777 libellus
3619 3722 3776 3774 trium
3803 3722 3970 3773 colla-

2390 3811 2615 3870 lionnm,
2649 3810 2770 3863 cod.
2809 3808 3063 3863 CXCVII.

2453 3900 2820 3969 Cepltalmonis
2838 3898 3026 3963 Musa,
3056 3900 3168 3954 sive
3191 3898 3431 3953 historia
3448 3897 3709 3967 epitomes
3743 3896 3860 3949 libri
3884 3913 3963 3961 Ix,

2386 3992 2505 4047 cnd.
2539 3989 2771 4045 LXVIII.

2452 4082 2670 4135 Charini
2701 4080 2809 4150 (ιλ.)
2867 4079 3077 4135 Periodi
3110 4080 3495 4148 apostolorum,
3522 4079 3641 4131 cod.
3677 4076 3861 4132 CXIV.

2453 4173 2686 4226 Cboricii
2720 4172 2986 4240 Sophistze
3002 4172 3420 4227 declamationes
3449 4172 3628 4231 variae,
3655 4183 3775 4221 con.
3799 4168 3958 4221 CLX.

2455 4243 2885 4319 Christianorum
2946 4263 3103 4328 liber,
3173 4262 3486 4317 ()ctateucbi
3553 4261 3822 4330 expositio
3891 4260 3963 4313 li-

2385 4357 2494 4410 bris
2527 4374 2622 4418 xn,
2660 4358 2781 4412 cod.
2828 4356 3064 4410 XXXVI.

2452 4431 2735 4517 Chr’ysippi
2814 4445 3307 4516 Hierosolymorum
3376 4446 3554 4514 presb.
3616 4443 3840 4498 historia
3894 4444 3966 4499 de

2385 4538 2677 4591 C‘Imaliele
2707 4548 2759 4590 et
2790 4535 3106 4602 Nicoilemu,
3144 4537 3264 4591 cod.
3298 4534 3532 4590 CLXXI.

2451 4628 2838 4696 Cbrysosmmi.
2881 4626 3007 4679 Vide
3036 4625 3277 4680 Joannis.

2454 4714 2746 4768 Clementis
2787 4714 3133 4767 Alexandrini
3176 4716 3353 4782 presb.
3403 4714 3643 4782 scripta,
3686 4726 3734 4767 et
3772 4715 3956 4781 llypn-

2388 4818 2642 4875 typaseon
2685 4807 2798 4858 sive
2837 4805 3258 4873 disputationum
3292 4806 3407 4857 libri
3440 4821 3554 4867 ιίιι,
3588 4813 3708 4857 rod.
3732 4805 3867 4858 CIX.
3893 4836 3965 4843 ——

2387 4898 2635 4965 Ejusdem
2671 4896 2803 4949 liber
2856 4906 3042 4950 contra
3094 4905 3299 4962 gentes,
3331 4908 3383 4950 et
3414 4897 3686 4965 l‘mdagngi
3724 4898 3839 4948 lihri
3878 4914 3962 4957 ιιι,

2384 4989 2502 5040 (³0.1.
2571 4984 2683 5041 CX.
2739 5016 2809 5026 —
2874 4986 3126 5055 Ejusdem
3172 4986 3465 5042 Strontatci
3500 4987 3618 5040 libri
3669 5003 3787 5051 VIII,
3835 4991 3962 5042 cod.

2382 5076 2519 5132 CXI.

2449 5167 2740 5222 Clementis
2786 5168 2942 5221 ltum.
2978 5168 3246 5237 pontiﬁcis
3292 5168 3723 5223 CnnSIitutiones
3750 5180 3964 5233 προδιει-

2376 5257 2575 5321 lorum,
2606 5258 3014 5324 llecognitinnes
3036 5268 3089 5312 et
3134 5258 3261 5321 alia,
3299 5262 3420 5313 cod.
3456 5259 3593 5314 CXII
3617 5270 3670 5314 et
3698 5258 3961 5313 CXIII.—

2384 5348 2632 5417 Ejusdcm
2664 5348 2912 5416 Epistula:
2944 5351 3009 5402 ad
3044 5348 3357 5407 Corinthios
3381 5368 3439 5416 II,
3475 5354 3599 5406 cod.
3632 5350 3895 5406 CXXVII.

2451 5442 2686 5494 COItonis
2723 5441 2772 5495 in
2807 5439 3161 5509 Pbiloponum
3206 5442 3494 5507 iIIvet-liva,
3524 5445 3643 5498 cod.
3680 5444 3871 5498 XXIII.

2456 5533 2692 5585 Cononis
2723 5534 3060 5586 narrationes
3083 5551 3132 5595 L,
3157 5535 3276 5585 cod.
3303 5532 3629 5587 CLXXXVI.

2450 5625 2641 5676 (ltc~i:e
2696 5623 2871 5676 Cnidii
2928 5622 3265 5677 Persicorum
3304 5639 3479 5677 rermn
3535 5624 3653 5676 libri
3686 5639 3841 5679 XXIII.
3890 5660 3958 5671 ~—

2383 5718 2630 5779 Ljusdcm
2690 5716 2990 5784 h-aglneula
3025 5743 3090 5752 —
3134 5714 3383 5780 Ejusdem
3442 5716 3741 5769 lndicorntn
3801 5718 3953 5783 liber,

2385 5811 2507 5861 t'Utl.
2548 5806 2756 5859 LXXII.
