4210 6442
706 416 778 477 35
1853 406 1952 468 AD
1980 405 2246 467 PHOTII
2287 401 2859 466 BIBLIOTHECAM
3910 390 3981 455 36

780 524 967 581 Isidori
1003 522 1119 577 Vita
1204 520 1331 576 Vide
1360 519 1698 575 Damasciua.

780 611 1038 669 Isocratis
1128 611 1407 666 orationes
1483 624 1577 663 xxt
1658 607 1893 676 indeque
1984 614 2282 671 excerpta,

707 708 832 762 eod.
863 703 1067 759 CCLX.
1100 731 1172 744 —
1204 701 1272 757 Et
1318 701 1562 771 epistolae
1604 716 1684 763 Ix,
1730 700 1854 753 cod.
1894 696 2075 753 CLIX.
2121 696 2281 766 Ejus-

711 799 832 849 dem
873 797 939 849 ad
970 794 1358 849 Archidamum
1388 792 1617 861 epistola
1656 804 1803 845 nunc
1850 789 2081 860 primum
2114 789 2284 852 edita,

712 887 845 940 ibid.

1500 995 1529 1051 J

783 1111 1071 1167 Jamblichi
1094 1111 1161 1166 de
1180 1112 1341 1166 rebus
1361 1109 1639 1164 Rhodanis
1664 1118 1721 1163 et
1735 1107 2012 1163 Sinonidis
2026 1106 2151 1162 libri
2177 1120 2291 1171 xw,

714 1206 838 1257 cod.
871 1200 1055 1256 XCIV.

786 1293 1017 1348 Joannis
1044 1290 1322 1358 Carpathii
1368 1288 1767 1344 consolatorius
1793 1287 1858 1341 ad
1904 1286 2067 1341 Indiae
2102 1300 2292 1340 monao

717 1386 851 1439 chos
882 1393 1095 1436 centum
1124 1381 1383 1446 capitum,
1408 1380 1526 1433 cod.
1560 1377 1687 1432 CCI.

788 1472 1011 1528 Joannis
1036 1472 1144 1542 (5.)
1181 1470 1560 1540 Chrysostomi
1599 1470 1652 1522 in
1680 1478 1905 1524 mortem
1940 1476 1996 1523 et
2022 1467 2301 1521 ascensio-

719 1577 842 1616 nem
872 1561 1097 1623 Christi,
1131 1562 1367 1627 itemque
1394 1559 1445 1612 in
1465 1557 1821 1612 Pentecosten
1868 1558 2143 1611 orationes
2170 1569 2297 1609 xxv.

718 1652 1069 1718 -—'Ejusdem
1122 1648 1369 1716 epistola:
1411 1650 1476 1701 ad
1511 1646 1881 1717 Olympiadem
1912 1656 1965 1699 et
1987 1646 2143 1709 alios,
2177 1644 2298 1698 cod.

721 1739 1008 1796 LXXXVI.
1043 1738 1296 1807 Ejusdem
1335 1738 1679 1790 homiliarnm
1716 1738 1766 1789 in
1794 1736 2030 1789 Genesiu
2078 1734 2305 1787 VOIIIIIII-

721 1849 787 1887 na
823 1835 948 1894 tria,
980 1832 1097 1884 cod.
1127 1827 1405 1891 CLXXIII,
1431 1826 1709 1889 CLXXIII,
1736 1825 2013 1880 CLXXIV.
2048 1826 2302 1896 Ejusdem

719 1924 897 1977 oratio
964 1924 1015 1976 in
1070 1921 1129 1977 S.
1167 1922 1416 1983 Paulum,
1474 1923 1595 1975 cod.
1623 1917 2065 1974 CCLXX.—-Et
2124 1919 2175 1972 in
2233 1933 2299 1971 xi.

725 2024 1016 2082 martyres,
1071 2010 1195 2064 cod.
1237 2008 1536 2064 CCLXXIV
1567 2048 1581 2062 .
1640 2008 1916 2072 llomiliae,
1964 2007 2029 2061 de
2090 2005 2300 2075 Spiritu

724 2116 963 2166 sancto;
1020 2103 1072 2154 in
1132 2100 1375 2154 Natalem
1420 2100 1668 2166 Christi;
1724 2098 1778 2152 in
1824 2098 2049 2157 dictum,
2100 2095 2301 2167 δυθῑεὶι

725 2195 818 2245 tibi
869 2195 1045 2261 gratia
1109 2208 1253 2255 mea,
1318 2203 1392 2256 et,
1436 2190 1498 2245 Si
1539 2208 1641 2259 qua
1673 2204 1795 2258 ergo
1834 2190 1887 2239 in
1917 2187 2127 2242 Christo
2173 2203 2304 2241 noua

724 2298 1011 2349 creatura;
1042 2284 1113 2337 De
1148 2282 1488 2353 ptrnitentia,
1511 2281 1633 2336 cod.
1664 2275 2017 2335 CCLXXVII.

792 2373 1017 2430 Joannis
1080 2374 1281 2428 Moschi
1316 2371 1561 2434 Pratum.
1615 2372 1731 2427 sive
1784 2368 2042 2425 Hortalus
2109 2380 2301 2432 novus,

723 2471 849 2522 cod.
875 2464 1109 2522 CXCIX.

796 2558 1040 2613 Joannes
1073 2555 1397 2623 Philoponus
1422 2554 1487 2609 de
1533 2552 1965 2616 resurrectione,
2003 2549 2125 2605 cod.
2158 2547 2301 2613 XXI,

724 2647 963 2701 —ldem
1024 2647 1078 2699 in
1148 2644 1539 2707 Hexaemeron,
1578 2645 1702 2697 cod.
1752 2641 1935 2695 XLIII.
1980 2640 2308 2707 —-lndeque

728 2749 1007 2804 excerpta,
1047 2736 1173 2790 cod.
1197 2732 1401 2788 CCXL.
1450 2763 1512 2773 —
1536 2733 1601 2787 Et
1637 2744 1823 2788 contra
1869 2743 2117 2801 quartam
2147 2745 2309 2801 syno-

731 2833 882 2893 dum,
909 2827 994 2883 LV
1023 2856 1094 2868 —
1118 2826 1372 2895 Ejusdem
1398 2825 1609 2880 libellus
1639 2835 1827 2880 contra
1851 2821 2114 2878 Joannem
2142 2820 2309 2891 patri-

727 2922 949 2973 archam
1004 2918 1154 2980 CP.,
1250 2927 1607 2986 cognomento
1689 2913 2082 2970 Scholasticum
2115 2952 2131 2979 ,
2182 2911 2307 2967 eod.

726 3007 940 3064 LXXV.
1032 3008 1175 3062 Idem
1251 3018 1440 3061 contra
1502 3005 1789 3062 Jamblichi
1832 3019 1969 3073 opus
2016 3004 2085 3058 de
2124 3003 2310 3058 simu-

730 3102 915 3167 lacris,
945 3102 1068 3157 eod.
1115 3097 1321 3155 CCXV.

798 3190 1025 3247 Joannis
1043 3190 1343 3261 presbyteri
1364 3187 1609 3258 Egesta:
1626 3185 1833 3243 Eceles.
1853 3185 2095 3243 historia:
2108 3183 2231 3240 libri
2250 3198 2306 3248 ν.

732 3285 859 3337 cod.
883 3280 1019 3337 XLI.
1066 3310 1138 3322 ——
1180 3280 1327 3334 Idem
1354 3288 1545 3334 contra
1571 3287 1823 3347 quartam
1868 3278 2160 3348 synodum,
2181 3275 2305 3333 cod.

727 3370 839 3427 LV.

798 3462 1024 3534 Joannis
1053 3459 1436 3532 Scythopolita:
1452 3468 1642 3515 contra
1672 3456 2039 3527 Eutychianos
2056 3452 2184 3510 libri
2203 3468 2307 3521 xu,

728 3558 851 3611 cod.
881 3550 1043 3610 XCV.

799 3646 1031 3702 Joannis
1052 3644 1253 3702 Stobzei
1298 3644 1638 3714 Eclogarum,
1672 3641 2231 3712 Apophthegmatum,
2255 3645 2312 3693 et

732 3739 857 3793 vitae
887 3738 1313 3807 przeceptionum
1350 3737 1469 3790 libri
1506 3751 1579 3802 tv,
1615 3736 1738 3791 cod.
1767 3731 2029 3790 CLXVII.

806 3824 945 3880 Jobii
988 3824 1241 3880 monachi
1288 3822 1680 3879 Cutnmentarii
1723 3824 1791 3877 de
1822 3821 2001 3877 Verbo
2025 3820 2311 3875 incarnato

734 3915 858 3970 libri
891 3931 966 3977 Ix.
998 3916 1178 3984 capita
1212 3929 1335 3979 xu,
1377 3916 1497 3968 cod.
1521 3912 1778 3969 CCXXII.

804 4006 1075 4076 Josepbus
1107 4016 1165 4062 et
1200 4005 1362 4061 Caius
1418 4007 1703 4075 presbyter
1756 4003 1838 4058 De
1878 4002 2154 4067 universo,
2185 4000 2308 4057 cod.

737 4097 969 4156 XLVIII.

806 4190 1025 4260 Josephi
1081 4189 1246 4244 Judaei
1306 4189 1381 4243 De
1438 4187 1578 4242 bello
1605 4185 1833 4242 Jndaico
1881 4185 2002 4240 libri
2048 4199 2148 4247 vu,
2182 4182 2307 4238 cod.

739 4281 946 4336 XLVII.
983 4310 1052 4321 —
1080 4274 1332 4349 Ejusdem
1367 4279 1763 4346 Antiquitatutn
1813 4275 2156 4329 Judaicarum
2187 4272 2309 4327 libri

739 4388 805 4425 xx
827 4419 840 4435 ,
892 4373 1014 4425 cod.
1060 4370 1456 4425 l.XXVI.—-Et
1491 4380 1741 4439 excerpta
1775 4368 1896 4423 cod.
1926 4364 2307 4422 CCXXXVIII.

804 4462 1002 4520 Juliani
1030 4462 1262 4517 Lexicon
1292 4477 1322 4515 e
1370 4463 1556 4515 decem
1590 4460 1923 4520 oratoribus,
1966 4457 2089 4510 cod.
2122 4454 2233 4510 CL.

806 4554 933 4609 Julii
976 4555 1216 4609 Africani
1251 4554 1477 4609 historia
1512 4564 1567 4608 et
1596 4552 1721 4617 alia,
1765 4553 1887 4605 cod.
1921 4548 2163 4605 XXXIV.

808 4646 946 4701 Justi
981 4646 1316 4701 Tiberiensis
1370 4644 1677 4700 Judzeornm
1738 4658 1924 4713 regum
1974 4641 2308 4704 Chronicon,

738 4740 860 4793 cod.
890 4737 1130 4792 XXXIII.

808 4828 1002 4883 Justini
1036 4830 1295 4899 martyris
1329 4827 1587 4897 Apologia
1634 4842 1733 4896 pro
1770 4826 2127 4893 Christianis,
2159 4844 2311 4899 qua:-

738 4920 963 4985 stiones,
1003 4932 1058 4975 et
1096 4922 1222 4984 alia,
1263 4922 1384 4975 cod.
1424 4918 1638 4975 CXXV.

1488 5032 1528 5087 L

2474 516 2689 571 Libanii
2734 514 2994 585 sophista:
3049 512 3328 569 orationes
3419 518 3478 565 et
3528 506 3791 579 epistola.
3854 506 3978 561 eod.

2402 604 2623 750 xcliueii
2662 692 2948 748 Patrensis
3013 691 3503 759 Hetamorphoses,
3559 690 3685 747 cod.
3738 686 3982 744 CXXIX.

2468 785 2692 840 Luci-ani
2726 798 2890 853 opera
2921 783 3095 846 varia,
3131 782 3256 835 cod.
3282 777 3525 835 CXXIX.

2464 879 2693 950 Lycurgi
2734 876 3033 933 orationes.
3070 876 3197 929 cod.
3225 869 3525 928 CCLXVIII

2466 970 2641 1041 Lysiae
2673 970 2974 1034 orationes,
2999 967 3125 1021 cod.
3168 962 3417 1021 CCLXII.

2465 1151 2664 1204 Malchi
2696 1150 2967 1217 Sophiste
3013 1145 3329 1218 Byzantina:
3387 1141 3629 1199 historic
3677 1140 3801 1196 libri
3864 1154 3980 1204 vn,

2397 1244 2516 1296 (³οι1.
2548 1240 2637 1295 LX
2650 1240 2829 1296 XVIII.

2477 1331 2643 1385 Marci
2687 1330 2936 1385 monachi
2978 1328 3351 1382 Asccticorum
3390 1325 3514 1379 libri
3541 1338 3673 1389 vm;
3710 1334 3765 1377 et
3794 1322 3987 1375 adver-

2400 1437 2493 1478 sus
2525 1420 2989 1476 Melchisedecitas
3022 1420 3119 1473 lih.
3154 1434 3190 1481 I,
3223 1419 3344 1471 cod.
3373 1415 3479 1471 CC.

2480 1513 2823 1583 Martyrimn.
2866 1511 2994 1565 Vide
3032 1510 3325 1579 Anonymi.

2476 1606 2703 1660 Maximi
2734 1604 3182 1666 declamationes,
3217 1603 3341 1657 cod.
3369 1598 3633 1655 CXXXV.

2478 1696 2696 1749 Maximi
2755 1694 2867 1761 (Β.)
2927 1694 3176 1748 monachi
3224 1700 3279 1747 et
3328 1690 3659 1745 confessoris
3725 1686 3988 1756 quaestio-

2407 1804 2533 1841 num
2607 1801 2638 1840 e
2710 1800 2865 1841 sacra
2926 1784 3204 1851 Scriptura
3256 1797 3411 1836 cutv
3473 1779 3808 1839 solutiones.
3861 1777 3987 1830 cod.

2405 1874 2611 1931 CXCII.
2644 1903 2715 1915 —
2746 1873 2997 1943 Ejusdem
3054 1872 3301 1943 epistola:
3351 1886 3524 1931 xxvu.
3575 1871 3697 1923 cod.
3748 1866 3979 1922 CXCIII.

2406 1998 2479 2008 ο-
2509 1966 2765 2033 Ejusdem
2830 1965 2967 2018 liher
3004 1964 3299 2027 ascetieus,
3357 1972 3411 2014 et
3455 1961 3715 2014 centuria;
3764 1960 3828 2010 de
3860 1958 3996 2010 dile-

2410 2056 2610 2119 ctione,
2652 2054 2776 2109 cod.
2810 2050 3039 2108 CXCIII.
3076 2080 3145 2090 —
3176 2050 3427 2119 Ejusdem
3467 2049 3691 2117 epistola
3724 2048 3789 2101 ad
3826 2043 3998 2100 Geor-

2411 2148 2554 2218 gium
2594 2145 2899 2216 Eparchum
2928 2162 2941 2198 :
2976 2143 3425 2211 'l‘heologicorum
3486 2140 3873 2209 Mnraliumque
3900 2154 3997 2190 ca—

2412 2240 2578 2306 pitutn
2609 2237 2869 2292 centuriae
2916 2236 3031 2290 sive
3075 2235 3199 2289 libri
3249 2248 3320 2296 tt,
3371 2242 3424 2286 et
3474 2231 3715 2300 epistolae
3748 2245 3799 2290 ν,
3862 2228 3991 2281 cvd.

2412 2327 2642 2385 CXCIV.
2680 2357 2751 2369 —
2781 2326 3033 2394 Ejusdem
3073 2326 3234 2395 epist.
3265 2323 3333 2377 ad
3369 2323 3667 2376 Marianum
3696 2330 3750 2374 et
3804 2318 3995 2373 Dialo-

2413 2433 2511 2490 gus
2538 2432 2660 2471 cum
2692 2415 2902 2485 Pyrrho
2930 2416 2996 2471 de
3017 2414 3229 2469 duabus
3270 2413 3321 2467 in
3352 2411 3568 2466 Christo
3597 2408 3991 2471 voluntatibus,

2413 2510 2536 2565 cod.
2578 2506 2783 2563 CXCV.

2486 2601 2787 2656 Memnonis
2823 2598 3081 2655 historica
3123 2604 3380 2665 excerpta
3422 2594 3491 2650 de
3538 2593 3809 2650 "erach
3843 2590 3999 2646 Pon-

2415 2694 2534 2749 ticae
2573 2692 2840 2762 tyrannis,
2884 2691 3007 2744 cod.
3041 2685 3317 2743 CCXXIV.

2486 2780 2741 2836 Methodii
2762 2778 2867 2849 (S.)
2888 2778 3056 2848 cpise.
3077 2787 3130 2830 et
3148 2785 3307 2830 mart.
3336 2776 3470 2830 liber
3484 2775 3550 2830 de
3569 2774 3991 2834 resurrectione,

2416 2876 2533 2929 cod.
2554 2870 3210 2940 CCXXXIV.—Ejnsdem
3230 2870 3294 2923 de
3315 2869 3533 2933 creatis,
3548 2870 3667 2924 cod.
3681 2864 3991 2922 CCXXXV.

2416 2994 2486 3005 —
2523 2964 2655 3017 Item
2687 2964 2754 3018 de
2777 2962 2946 3017 libero
2974 2961 3226 3024 arbitrio,
3256 2960 3382 3015 cod.
3432 2957 3763 3014 CCXXXVI.
3800 2984 3874 2996 —
3916 2955 3996 3011 De

2415 3055 2689 3118 castitate,
2726 3055 2847 3109 cod.
2890 3050 3250 3109 CCXXXVII.

2488 3142 2783 3200 lietrodori
2820 3143 3064 3201 calculus
3094 3141 3392 3213 paschalis,
3427 3143 3548 3195 cod.
3572 3138 3735 3195 CXV.

2488 3236 2766 3292 Modestus
2808 3236 3138 3305 archiepise.
3182 3233 3541 3303 Hierosolym.
3583 3233 3635 3286 in
3666 3230 3859 3286 Marias
3888 3246 3998 3287 un-

2415 3338 2610 3398 guenta
2646 3327 2881 3384 l'erentes
2916 3336 2972 3382 et
3006 3324 3385 3398 Hypapanten,
3428 3326 3549 3379 eod.
3583 3321 3878 3380 CCLXXV.

2483 3417 2726 3475 Mmridis
2769 3418 3047 3486 Atticista,
3096 3418 3221 3473 cod.
3248 3413 3459 3471 CLVII.

2483 3604 2772 3675 Nieephori
2813 3604 2923 3676 (8.)
2978 3604 3303 3676 patriarcha
3361 3604 3649 3662 Constant.
3716 3601 3991 3659 Historica

2411 3694 2667 3763 epitome,
2695 3695 2817 3749 cod.
2849 3692 3032 3749 LXVI.

2479 3781 2670 3841 Nicias
2708 3788 3004 3843 monachus
3031 3797 3221 3844 contra
3275 3786 3656 3859 Pblloponmn.
3702 3787 3991 3854 Severum,

2411 3885 2467 3932 et
2515 3887 2708 3932 contra
2739 3888 2953 3947 gentes,
2987 3879 3107 3934 cod.
3150 3878 3213 3931 L.

2491 3968 2808 4023 Nicomachi
2832 3966 3084 4024 Gerasinl
3103 3968 3387 4039 theologia!
3403 3969 3757 4026 arithmeticae
3779 3970 3897 4025 libri
3926 3987 3990 4039 ιι,

2411 4059 2534 4114 cod.
2570 4056 2754 4111 CLXX
2765 4056 2929 4112 XVII.

2483 4147 2584 4203 Nili
2620 4149 2871 4203 monachi
2901 4149 2968 4203 de
2998 4159 3249 4203 oratione
3289 4149 3462 4219 capita
3494 4164 3619 4203 cun
3648 4191 3662 4214 ,
3696 4150 3817 4204 cod.
3852 4150 3990 4203 CCI.

2410 4268 2479 4279 —
2506 4239 2759 4307 Ejusdem
2794 4240 3067 4293 orationes
3111 4240 3164 4292 in
3220 4243 3675 4295 resurrectionem
3710 4252 3763 4295 et
3797 4258 3995 4295 ascen-

2414 4331 2622 4385 sionem
2666 4330 2897 4394 Domini,
2928 4332 3050 4385 cod.
3096 4328 3421 4385 CCLXXVI.

2484 4419 2718 4475 Nonnosi
2754 4420 2990 4476 Historia
3022 4421 3376 4490 legationum,
3413 4421 3535 4475 cod.
3577 4420 3666 4475 Ill.

2485 4602 2854 4673 Olympiodori
2887 4601 3243 4656 Historiarum
3299 4601 3419 4655 libri
3449 4618 3583 4667 χιιι,
3617 4603 3736 4656 cod.
3771 4601 3988 4657 LXXX.

2483 4691 2744 4747 Oratores
2773 4694 2872 4761 (in)
2905 4694 3087 4747 decem
3125 4691 3349 4747 Graecia:
3372 4692 3566 4748 Lexica
3601 4695 3770 4761 varia,
3800 4713 3828 4748 a
3860 4698 3987 4750 cod.

2413 4782 2596 4838 CXLV
2634 4799 2804 4852 usque
2843 4785 2908 4836 ad
2952 4783 3134 4839 CLIX.

2484 4873 2716 4928 Oribasii
2755 4876 2946 4930 medici
2981 4874 3171 4930 Galeni
3199 4878 3576 4945 compendium
3608 4882 3672 4933 ad
3707 4878 3985 4934 Julianum

2416 4964 2569 5034 itnp.,
2610 4966 2731 5044 cod.
2772 4964 2999 5019 CCXVI.
3042 4993 3113 5005 —
3140 4964 3388 5035 Ejusdem
3428 4970 3823 5023 medicinalium
3874 4974 3991 5023 cnl-

2414 5057 2673 5111 lectorum
2711 5057 2779 5110 ad
2811 5056 3081 5112 Julianum
3115 5060 3244 5126 imp.
3282 5060 3403 5112 libri
3431 5076 3554 5127 ιιι,
3576 5062 3695 5115 end.
3732 5062 3988 5129 CCXVII,

818 5142 1024 5195 Leontii
1064 5144 1232 5211 episc.
1282 5143 1527 5197 Arahissi
1584 5158 1765 5199 sermo
1814 5145 1882 5198 de
1932 5144 2210 5198 creatione
2258 5153 2312 5197 et
2411 5176 2480 5188 —
2538 5146 2788 5215 Ejusdem
2841 5149 3218 5215 compendium
3281 5149 3348 5203 ad
3408 5148 3746 5204 Eustathimn
3811 5153 3980 5206 lilium

750 5234 959 5289 Lazaro
1003 5235 1261 5299 redivivo,
1302 5235 1422 5289 cod.
1465 5234 1760 5289 CCLXXII.

830 5322 1180 5378 Lesbonactis
1218 5325 1493 5377 orationes
1526 5325 1782 5391 politicm,
1814 5324 1935 5378 cod.
1964 5323 2079 5377 XVI
2107 5340 2121 5389 ;
2168 5324 2309 5393 apud

742 5415 1122 5478 Themistiutn,
1156 5415 1276 5469 cod.
1313 5413 1547 5469 LXXVI.

814 5506 1050 5559 LOXII'OII
1084 5521 1229 5574 pura:
1264 5504 1419 5569 Idem,
1453 5507 1633 5574 gravis
1677 5505 1825 5575 styli,
1879 5508 2149 5563 sermonis
2179 5507 2312 5576 poli-

743 5599 860 5656 tic',
901 5597 1018 5649 cod.
1061 5593 1289 5654 CXLVI,
1321 5594 1570 5656 CXLVII,
1613 5593 1890 5649 CXLVIII.

816 5683 1012 5737 Lexica
1047 5685 1191 5737 varia
1241 5685 1292 5735 in
1341 5686 1526 5738 decem
1559 5683 1733 5737 (inec.
1785 5694 2053 5749 oratores,
2109 5701 2136 5738 a
2188 5688 2309 5741 cod.

742 5774 920 5830 CXLV
946 5791 1114 5846 usque
1142 5774 1324 5831 CLIX.

2414 5238 2533 5291 libri
2550 5241 2747 5299 mead.
2765 5238 3344 5308 CCXVII.——Ejusdem
3363 5244 3430 5296 ad
3451 5243 3750 5311 Eunapium
3769 5245 3891 5299 libri
3910 5262 3985 5310 tv,

2415 5329 2537 5383 cod.
2568 5328 2798 5384 CCXIX.

2483 5420 2735 5490 Origenis
2769 5420 2843 5476 De
2872 5422 3156 5493 principiis
3190 5421 3310 5476 libri
3346 5438 3423 5488 tv,
3453 5425 3573 5479 eod.
3602 5423 3730 5480 VIII.

3152 5511 3194 5565 P

2484 5601 2709 5670 Palladii
2739 5602 3178 5668 declamationes,
3212 5603 3334 5658 cod.
3364 5602 3626 5657 CXXXII.

2486 5690 2749 5759 Pamphili
2779 5693 3035 5763 martyris
3062 5691 3331 5763 Apologia:
3364 5707 3461 5763 pro
3499 5689 3733 5761 Origene
3759 5692 3880 5748 libri
3924 5710 3979 5763 ν.

2417 5782 2537 5834 cod.
2574 5779 2801 5835 CXVIII.
