4210 6442
202 434 267 497 t5
1300 419 1827 484 BIBLIOTHECA.
1862 444 1928 457 —
1956 416 2169 478 cono.
2213 413 2383 474 1-111.
3399 418 3469 487 ιδ

200 541 400 614 γνησία
432 540 467 610 ή
496 536 593 591 τοῦ
618 535 775 606 ἁγίου
805 528 1083 588 Διονυσίου
1118 529 1321 603 βίϐλος.
1351 530 1632 584 Διελύοντο
1658 528 1716 582 δι
1737 529 1795 582 εν
1823 530 1862 589 Α

1823 530 1869 589 Α
1899 540 2213 595 germanum
2236 540 2358 579 esse
2381 524 2555 579 sancti
2585 522 2827 593 Dionysii
2852 538 3007 594 opus.
3040 522 3336 581 Solvuntur
3364 545 3463 583 au-

199 633 270 701 τῷ
304 630 452 698 λόγῳ
481 629 762 688 ἐνστάσεις
786 625 1073 692 τέσσαρες,
1108 621 1207 693 μία
1236 621 1337 691 μὲν
1363 622 1446 674 ὅτι
1474 621 1525 673 εί
1555 615 1625 691 ἦν
1646 634 1781 687 γνη-

1901 628 2004 673 ιοιιι
2036 627 2271 687 quatuor
2314 616 2657 686 potissimum
2689 626 3023 685 argumenta.
3073 617 3314 673 Primum
3344 620 3467 686 qui-

204 724 312 779 σία.
345 722 469 783 πῶς
498 720 599 772 οὐκ
629 716 980 788 ἐμνήσθησαν
1005 715 1111 766 τῶν
1141 717 1198 766 ὲν
1226 714 1364 783 αὐτῇ
1392 712 1574 783 ῥητῶν
1599 729 1657 764 τε
1690 711 1789 765 καὶ

1897 708 2018 761 dem
2043 725 2056 760 :
2086 704 2141 760 Si
2167 706 2432 776 genuinus
2453 714 2558 771 est,
2582 718 2680 759 cur
2698 712 3003 759 Sanctorum
3028 703 3247 759 Patrum
3291 722 3471 772 nemo,

203 816 455 885 χρήσεων
489 809 636 872 τινὲς
677 808 788 859 τῶν
826 804 1300 877 μεταγενεστέρων
1333 803 1623 872 Πατέρωνς
1658 806 1789 855 Δευ-

1897 797 1986 866 qui
2018 808 2139 865 post
2162 798 2333 851 secuti
2357 805 2503 863 sunt,
2526 811 2593 851 ex
2623 810 2689 851 eo
2710 795 2849 850 libro
2871 796 3169 851 sententias
3192 808 3287 851 aut
3315 800 3472 852 testi-

202 904 332 972 τέρα
365 901 427 954 δέ
452 916 470 930 ’
503 901 589 953 ὅτι
615 897 872 959 Εὐσέϐιος
902 898 930 949 ὀ
960 894 1243 964 Παμφίλου
1282 892 1605 963 ἀναγραφὴν
1629 910 1787 962 ποιη-

1905 888 2081 941 niouia
2111 887 2333 941 citarit?
2376 888 2621 942 Alterum
2664 901 2792 941 vero
2832 885 3153 953 :Quouiodo
3199 886 3470 942 Eusebius

208 995 442 1061 σὰμενος
496 992 606 1043 τῶν
661 987 1167 1057 συγγεγραμμένων
1213 988 1325 1049 τοῖς
1362 986 1651 1055 μακαρίοις
1681 988 1793 1039 [Ια-

1902 981 2187 1052 Pamphili,
2235 993 2546 1038 sanctorum
2590 981 2811 1038 Patrum
2857 984 3059 1052 scripta
3118 996 3471 1044 enumerans,

206 1084 397 1151 τρεάσιν
430 1081 592 1149 ἡμῶν
616 1078 835 1148 βιϐλίων
859 1078 1112 1146 οὐδεμίαν
1135 1074 1336 1144 ταύτης
1369 1077 1587 1145 μνήμην
1608 1075 1795 1143 ἐποιή-

1904 1074 2062 1140 hujus
2091 1074 2291 1129 nullam
2341 1074 2528 1128 fecerit
2577 1074 2945 1127 mentionem?
2978 1071 3225 1128 Tertium
3272 1091 3287 1127 :
3320 1071 3476 1139 Quo-

211 1189 370 1236 σατος
410 1172 588 1239 Τρίτη
626 1170 715 1222 δέ’
753 1170 836 1221 ὅτι
872 1169 988 1230 πῶς
1014 1167 1123 1220 τῶν
1156 1168 1298 1219 κατὰ
1326 1166 1608 1233 προκοπὴν
1636 1167 1692 1219 ἐν
1726 1168 1793 1235 τῇ

1907 1168 2065 1221 modo
2116 1166 2462 1220 traditionem
2496 1180 2705 1231 earum,
2731 1180 2851 1233 quae
2894 1166 2945 1218 iu
2995 1163 3235 1219 Ecclesia
3268 1180 3367 1233 per
3394 1166 3478 1217 lu-

221 1264 527 1334 Ἐκκλησία
557 1265 650 1315 καὶ
681 1263 772 1313 διὰ
822 1258 1038 1331 μακροῦ
1076 1258 1170 1311 τοῦ
1218 1258 1411 1329 χρόνου
1456 1258 1798 1325 αὐξηθέντων

1904 1269 2183 1313 crementa
2228 1267 2280 1311 et
2324 1257 2565 1311 diuturni
2632 1256 2895 1325 temporis
2938 1256 3111 1324 spatia
3159 1267 3473 1319 creverunt,

212 1353 573 1421 παραδόσεων
604 1354 635 1419 ή
665 1350 845 1420 βίϐλος
891 1349 1029 1418 αὐτη
1066 1349 1377 1417 λεπτομερῆ
1406 1348 1505 1416 τὴν
1538 1346 1799 1416 ἐξήγησιν

1910 1348 2047 1403 liber
2092 1348 2183 1401 hic
2212 1347 2487 1417 sigillatiin
2531 1354 2676 1400 texat
2705 1345 3102 1401 narrationem?
3127 1348 3213 1415 2a
3250 1346 3478 1417 Magnus

214 1445 451 1495 ποιεῖται
478 1458 495 1505 ;
542 1441 601 1493 Ὀ
625 1440 722 1509 μὲν
746 1440 853 1508 γὰρ
882 1439 1052 1508 μέγας
1071 1438 1343 1499 Διονύσιος
1389 1437 1682 1509 σύγχρονος
1708 1433 1798 1507 ἦν,

1908 1440 2053 1493 enim
2097 1438 2425 1508 Dionysius,
2470 1445 2529 1490 ut
2571 1451 2639 1491 ex
2679 1437 2829 1490 Actis
2879 1447 3063 1505 patet,
3108 1436 3477 1505 apostolorum

214 1537 285 1597 ὡς
319 1536 486 1603 δῆλον
519 1536 582 1585 ἔκ
615 1533 720 1585 τῶν
760 1532 1042 1600 Πρὰξεων.
1074 1533 1184 1593 τοῖς
1226 1531 1540 1593 ἀποστόλοις
1560 1548 1573 1560 ο
1607 1529 1645 1584 ἃ
1678 1529 1735 1583 δὲ
1768 1531 1802 1601 ή

1910 1529 2130 1598 aequalis
2160 1527 2293 1595 fuit;
2328 1529 2417 1583 hic
2450 1542 2581 1583 vero
2630 1526 2767 1581 liber
2798 1542 2987 1581 earum
3021 1527 3258 1582 maxime
3302 1527 3477 1581 tradi-

218 1626 398 1696 βίϐλος
434 1625 705 1694 περιέχει,
742 1622 809 1675 τὰ
839 1621 1065 1673 πλεῖστα
1096 1620 1205 1674 τῶν
1237 1623 1376 1673 κατὰ
1405 1620 1686 1691 προκοπὴν
1710 1622 1803 1673 καὶ

1915 1621 2117 1674 ιὶοιιιιιιι
2151 1618 2569 1688 descriptionem
2612 1618 2877 1680 continet,
2904 1634 3021 1685 quae
3050 1626 3235 1688 postea
3273 1618 3479 1672 sensim

218 1720 273 1780 ἐς
302 1720 540 1785 ὕστερον
566 1718 625 1768 ὲν
650 1719 715 1785 τῇ
751 1698 1047 1784 Ἐκκλησία
1077 1712 1420 1783 αὐξηθέντων
1450 1712 1803 1784 παραδόσεών

218 1810 365 1860 ἐστιν
413 1807 711 1875 ἀναγραφή
738 1819 751 1831 ·
782 1805 1049 1858 ἀπίθανον
1101 1800 1216 1865 οὖν,
1252 1804 1464 1873 φησὶη,
1498 1804 1698 1873 μᾶλλον
1744 1803 1803 1857 δὲ

1916 1710 1969 1763 ἰιι
2016 1710 2257 1764 Ecclesia
2288 1710 2654 1763 iuvalueruut.
2690 1706 2807 1762 Non
2856 1710 3016 1779 igitur
3055 1708 3352 1763 verisimile
3400 1710 3480 1762 vi-

1918 1800 2030 1855 deri
2070 1800 2171 1863 ait,
2207 1800 2316 1856 imo
2342 1798 2477 1854 falso
2505 1798 2825 1862 conﬁctam,
2856 1814 2976 1868 quae
3004 1799 3163 1868 longo
3187 1809 3306 1868 post
3350 1810 3486 1853 tem-

220 1901 627 1962 κακὸπλαστον,
649 1897 717 1950 τὰ
747 1896 887 1965 μετὰ
913 1897 1080 1950 πολὺν
1105 1897 1296 1967 χρόνον
1323 1901 1421 1965 τῆς
1442 1896 1698 1965 τελευτῆς
1718 1895 1811 1948 τοῦ
1846 1888 1882 1941 Β

1846 1888 1886 1941 Β
1917 1904 2046 1959 pore
2069 1905 2096 1943 a
2148 1902 2325 1945 morte
2369 1891 2545 1959 magni
2576 1889 2817 1961 Dionysii
2850 1890 2902 1944 in
2939 1888 3179 1946 Ecclesia
3208 1902 3329 1944 orta
3378 1890 3485 1943 sint

223 1989 467 2057 μεγάλου
504 1986 780 2038 Διονυσίου
802 1988 860 2038 ιν
887 1989 954 2057 τῇ
982 1986 1277 2058 Ἐκκλησία
1299 1987 1601 2057 αὐξηθέντα
1632 1985 1813 2039 Διονύ-

223 2099 333 2135 σιον
368 2078 786 2149 ὑπολαμϐάνειν
814 2079 1149 2148 ἀναγράψαι.
1170 2078 1418 2148 Ἱέτάρτη
1458 2077 1535 2131 δέ’
1571 2078 1688 2139 πῶς
1720 2077 1817 2147 μὲ-

225 2188 425 2243 μνηται
472 2171 575 2239 τῆς
615 2169 710 2222 τοῦ
746 2169 1008 2241 θεοφόρου
1044 2171 1303 2238 Ὶγνατίου
1340 2169 1629 2239 ἐπιστολῆς
1668 2170 1701 2239 ή
1735 2168 1815 2239 βί-

224 2265 384 2329 ϐλος;
432 2264 497 2316 ’0
532 2263 632 2333 μὲν
656 2262 768 2334 γὰρ
800 2262 1075 2325 Διονύσιος
1110 2265 1223 2325 τοίς
1248 2261 1358 2314 τῶν
1386 2261 1698 2315 ἀποστόλων
1730 2263 1816 2313 ἐν·

225 2359 445 2427 ήχμασε
498 2355 732 2427 χρόνοις,
750 2355 1008 2423 Ἰγνάτιος
1048 2355 1104 2409 δὲ
1152 2355 1245 2408 ἐπὶ
1275 2354 1542 2425 Τραϊανοῦ
1588 2354 1682 2406 τὸν
1729 2351 1817 2406 διὰ

229 2448 541 2521 μαρτυρίου
588 2446 821 2517 ήθλησεν
857 2446 1041 2515 ἀγῶνα
1067 2463 1081 2477 ·
1126 2445 1185 2510 ὃς
1230 2445 1326 2499 καὶ
1370 2445 1476 2517 πρὸ
1511 2444 1683 2516 βραχύ
1715 2442 1816 2513 τῆς

225 2541 491 2610 τελευτῆς
519 2539 723 2610 ταύτην
755 2540 853 2609 τὴν
874 2540 916 2570 ³³
939 2538 1260 2609 ἐπιστολὴν,
1292 2532 1361 2611 ἧς
1396 2540 1428 2609 ή
1463 2537 1647 2608 βίϐλος
1677 2553 1816 2607 μνη-

232 2633 449 2704 μονεύει
473 2674 492 2695 ,
528 2632 753 2701 γρὰςει.
787 2632 1001 2693 Ταύτας
1033 2630 1125 2683 οὐν
1152 2632 1251 2692 τὰς
1281 2630 1554 2699 τέσσαρας
1585 2630 1817 2700 ἀπορίας

229 2724 486 2778 διαλῦσαι
539 2724 1041 2792 ἑπαγωνισάμενος,
1089 2722 1298 2792 βεϐαιοῖ
1342 2721 1403 2775 τό
1454 2736 1517 2789 γε
1551 2721 1643 2774 ἐπ’
1671 2720 1820 2791 αὐτῷ

231 2814 464 2884 γνησίαν
503 2808 643 2865 εἶναι
678 2812 772 2865 τοῦ
814 2812 1051 2883 μεγάλου
1090 2812 1369 2865 Διονυσίου
1405 2809 1503 2881 τὴν
1542 2809 1744 2880 βίϐλον.

980 2902 1052 2955 B'.

473 2993 792 3062 ’Δδριανοῦ
825 2994 1137 3064 Είσατωτὴ
1168 2992 1281 3063 τῆς
1311 2992 1581 3063 Γωρῆς.

302 3085 655 3157 Ἀνεγνὼσθη
711 3085 994 3157 Ἀδριανοῦ
1034 3085 1347 3155 εἰσαγωγὴ
1400 3086 1513 3156 τῆς
1547 3083 1813 3155 Γωφῆς.

236 3180 531 3251 Χρήσιμος
562 3178 677 3241 τοῖς
714 3177 1088 3248 εἰσαγομένοις
1126 3179 1160 3248 ή
1200 3175 1400 3247 βίϐλος.

1005 3355 1078 3409 Γ.

718 3449 1033 3501 Νοννόσου
1073 3447 1351 3513 Ἱστορία.

308 3543 367 3613 [5
382 3539 480 3612 [1.]
509 3537 850 3606 Ἀνεγνὼσοη
873 3538 1135 3591 Νοννόσου
1168 3537 1447 3604 Ἰστορία,
1473 3538 1529 3591 ὲν
1548 3531 1745 3611 ᾖδιαλα
1754 3557 1820 3609 μ-

242 3631 468 3684 Sive-rat
507 3629 772 3702 πρεσϐεία
804 3628 968 3681 αὐτοῦ
1000 3629 1135 3696 πρός
1164 3644 1221 3679 τε
1255 3627 1517 3688 Αἰθίοπας
1546 3630 1639 3683 καὶ
1662 3630 1821 3698 Ἀμε-

245 3723 463 3793 ρίταςιδ
509 3721 606 3774 καὶ
654 3720 1035 3789 Σαρακηνούς,
1066 3719 1132 3771 τὰ
1182 3718 1501 3789 ἰσχυρότερα
1546 3720 1657 3773 τῶν
1698 3722 1819 3775 τότε

242 3815 435 3875 ἐθνῶν,
464 3813 551 3865 ἔτι
581 3812 637 3864 δὲ
666 3814 758 3864 καὶ
792 3812 925 3879 πρὸς
959 3810 1092 3863 ἄλλα
1122 3810 1414 3863 ἀνατολικὰ
1438 3811 1585 3881 ἔθνη.
1606 3813 1821 3866 ἰουστι-

243 3908 421 3968 νιανὸς
474 3906 536 3956 δὲ
584 3904 705 3955 to"
742 3901 1042 3972 τηνικαῦτα
1094 3902 1192 3970 τὴν
1226 3902 1536 3971 Ῥωμαϊκὴν
1568 3907 1819 3974 περιεῖπε

244 3995 555 4047 πολιτείαν·
586 3991 857 4059 φύλαρχος
899 3990 954 4042 δὲ
980 3988 1089 4041 τῶν
1122 3989 1449 4059 Σαρακηνῶν
1484 3992 1820 4060 ἐχρημάτιζε

245 4088 474 4149 Κὰῐσος,
502 4084 768 4150 ἀπόγονος
801 4083 1013 4149 ’Δρὲοα,
1049 4081 1144 4133 καὶ
1175 4082 1337 4135 αὐτοῦ
1364 4082 1641 4153 φυλάρχου
1663 4101 1820 4152 γεγε-

1915 1991 2077 2048 atque
2109 1986 2472 2042 excreverint,
2492 1997 2553 2035 ea
2579 1981 2893 2051 Dionysium
2925 1982 3279 2035 describenda
3305 1996 3487 2036 susce-

1916 2074 2077 2141 pisse.
2107 2070 2370 2139 Quartum
2409 2070 2558 2126 :Cur
2581 2071 2867 2140 epistolam
2901 2071 3044 2126 beati
3081 2070 3274 2142 lgiiatii
3308 2070 3397 2126 hic
3423 2071 3486 2124 li-

1917 2163 2013 2217 ber
2044 2163 2221 2218 citat?
2255 2164 2539 2233 Dionysius
2567 2164 2711 2216 enim
2736 2161 2819 2235 [ut
2835 2160 3091 2235 diximus]
3118 2163 3484 2231 apostolorum

1918 2254 2249 2325 temporibus
2276 2250 2459 2308 ﬂoruit
2498 2273 2510 2308 :
2546 2252 2784 2325 Ignatius
2812 2269 2940 2308 vero
2967 2252 3202 2321 Trajano
3242 2253 3487 2322 Augusto

1918 2346 2219 2415 imperante
2265 2344 2513 2416 martyrii
2583 2354 2861 2398 certamen
2910 2346 3173 2408 certavit,
3232 2353 3289 2396 et
3329 2343 3490 2411 paulo

1918 2453 2046 2496 ante
2078 2452 2309 2496 mortem
2358 2454 2478 2494 eam
2508 2437 2819 2508 epistolam,
2852 2451 3013 2507 quam
3050 2436 3139 2491 hic
3166 2436 3301 2489 liber
3329 2435 3487 2499 citat,

1918 2533 2267 2602 couscripsit.
2287 2531 2527 2599 Quatuor
2570 2532 2654 2585 his
2700 2531 2860 2597 igitur
2908 2530 3242 2601 argumentis
3270 2536 3491 2582 contro-

1919 2637 2074 2677 versa
2118 2625 2411 2680 dissolvere
2455 2624 2638 2678 studet
2690 2619 3044 2685 Theodorus,
3084 2620 3353 2689 cllicitque
3392 2633 3490 2689 pro

1919 2717 2061 2772 virili
2091 2717 2392 2789 legitimum
2424 2716 2573 2770 illum
2608 2729 2733 2770 esse
2765 2714 2941 2783 magni
2968 2713 3213 2783 Dionysii
3247 2724 3487 2781 partum.

2234 2990 2462 3044 Adriani
2489 2989 2711 3060 Isagoge
2750 2986 2808 3043 S.
2847 2987 3165 3057 Scriptura.

1991 3080 2155 3135 Lecta
2212 3091 2296 3136 est
2346 3080 2569 3141 Adriani
2628 3078 2963 3134 lntroductio
2999 3080 3055 3133 iit
3097 3094 3305 3134 sacrant
3338 3076 3495 3133 Scri-

1919 3186 2151 3243 pturant.
2180 3172 2340 3231 Utilis
2374 3173 2527 3231 liberi.
2546 3171 2615 3229 iis
2641 3173 2733 3244 qui
2762 3172 2830 3229 ad
2860 3186 2983 3228 eam
3021 3172 3254 3243 primum
3300 3184 3496 3244 aggre-

1846 3249 1890 3309 C
1926 3266 2168 3319 diuntur.

2277 3445 2513 3501 Nonnosi
2545 3445 2783 3499 Historia
2805 3444 3146 3514 legationum.

2000 3537 2159 3593 Lecta
2197 3546 2279 3592 est
2308 3536 2542 3592 Nonnosi
2577 3534 2838 3600 Historia,
2864 3550 2964 3605 qua
2987 3535 3307 3605 legationem
3338 3549 3489 3589 suain

1925 3630 2299 3698 οοιιψΙει-ῑίιιιι-
2336 3630 2400 3683 ad
2450 3627 2753 3697 Ethiopas,
2785 3638 2840 3682 et
2868 3627 3195 3694 ilonieritas,
3210 3635 3372 3697 atque
3394 3624 3494 3681 Sa—

1926 3736 2149 3777 racenos
2168 3729 2495 3789 susceptam,
2534 3720 2758 3790 populos
2802 3729 2914 3773 tum
2940 3718 3345 3788 potentissimos
3378 3734 3395 3773 :
3438 3729 3495 3772 et

1924 3814 1990 3866 ad
2042 3812 2177 3866 alias
2213 3812 2340 3866 item
2378 3809 2617 3866 Orientis
2656 3820 2865 3881 gentes.
2902 3808 3237 3865 Justinianus
3291 3808 3492 3864 Ronia-

1927 3921 2051 3958 iiuui
2077 3915 2202 3960 tunc
2233 3904 2517 3973 imperium
2552 3906 2769 3958 tenebat
2798 3921 2812 3958 :
2848 3905 3129 3974 pralectus
3163 3917 3294 3957 vero
3328 3901 3493 3956 Sara-

1924 4009 2178 4050 cenorum
2223 3993 2413 4048 Kaisus
2472 4001 2588 4047 erat
2617 3993 2741 4063 (3'),
2790 3994 2999 4049 Arctbre
3033 4008 3245 4061 nepos:
3295 3993 3386 4063 qui
3435 4004 3491 4047 et

1928 4084 2041 4152 ipse
2084 4082 2368 4153 praefectus
2394 4082 2481 4138 ille
2508 4082 2631 4149 iuit,
2668 4087 2737 4137 ad
2769 4099 2926 4152 quem
2959 4082 3200 4138 Nonnosi
3239 4098 3374 4137 avus
3420 4086 3489 4136 ab

1525 4220 1757 4277 νΑιιιΑε
1798 4222 2198 4278 LECTIONES.

317 4319 359 4350 “
387 4317 579 4397 malim
612 4316 762 4403 (ρασί.
800 4385 813 4401 ι
840 4316 883 4348 ²³
917 4316 1014 4403 τήν
1038 4315 1262 4403 ιιᾴιίκΑ.
1330 4314 1388 4403 ξ’
1411 4314 1985 4403 ΔἈμερίνὶαςλγρλκαὶ.
2034 4318 2331 4389 Ὀμηρίτας
2356 4336 2370 4351 ·
2402 4320 2447 4372 oi
2473 4320 2581 4391 γὰρ
2605 4318 2665 4386 ἐξ
2701 4318 2872 4391 ἀρχῆς
2905 4317 3139 4389 βασιλεῖς
3171 4317 3237 4371 δι’
3267 4319 3489 4389 ὁμήρων

250 4388 578 4443 ἑπιστοῦντο
600 4388 697 4440 τίεν
722 4385 927 4439 τούτων
960 4385 1240 4455 ὐποταγήν
1266 4402 1374 4456 mg.
1400 4386 1466 4438 A.

1545 4388 1589 4416 "
1618 4387 1677 4439 τὺ
1706 4390 1830 4441 add.
1846 4388 1916 4442 Α.

1776 4499 2003 4556 NOTAE.

254 4608 454 4651 nostra!
491 4595 841 4666 tempestatis
858 4596 1076 4666 sectarii
1105 4595 1291 4647 eadem
1323 4595 1819 4666 reriprocandoite-
1853 4599 1893 4651 D
1924 4598 2100 4657 debet,
2141 4598 2281 4664 quod
2315 4598 2621 4650 Arianisuio
2660 4594 2890 4651 infectus
2944 4596 3051 4661 ille,
3106 4596 3223 4666 ejus
3276 4598 3486 4665 scripta

253 4676 390 4729 rant,
429 4678 499 4719 ac
534 4664 700 4717 veluti
735 4665 802 4715 ab
832 4663 1022 4717 inferis
1072 4672 1350 4727 revocarit,
1393 4674 1627 4732 quatuor
1670 4665 1819 4719 hisce

254 4734 609 4805 argumentis
639 4734 873 4805 breviter
915 4733 1271 4805 respondebo.
1292 4732 1582 4805 Copiosins
1616 4732 1727 4805 alii,
1763 4745 1821 4788 nt

255 4801 340 4858 adv
365 4804 636 4863 Hilduini.
684 4802 863 4857 Caroli
920 4801 1095 4872 Magni
1133 4802 1388 4868 aqualis,
1440 4804 1820 4871 Areopagitica

256 4874 543 4927 blattbzeus
584 4872 838 4935 Galenus,
872 4883 928 4926 et
963 4876 1027 4925 ad
1070 4872 1413 4941 Pachymene
1451 4872 1819 4939 paraphrasim

254 4944 477 4997 Godoir.
524 4941 843 4995 Tilmaniius
900 4961 913 4996 :
967 4943 1199 5009 denique
1260 4951 1403 4994 tonio
1451 4941 1492 4994 ll
1532 4943 1820 4996 Annalium

255 5013 753 5067 ecclesiasticorum
788 5012 854 5064 ad
904 5026 1100 5065 annum
1141 5011 1341 5066 Christi
1388 5011 1509 5077 109,
1544 5013 1818 5065 illustriss.

256 5084 434 5137 Caesar
475 5082 631 5134 card.
668 5080 951 5141 Baronius,
987 5095 1116 5134 sane
1165 5083 1232 5135 de
1289 5084 1432 5135 omni
1484 5096 1638 5136 sacra
1682 5084 1824 5134 auti-

257 5155 488 5220 quitale,
520 5160 687 5217 atque
717 5153 849 5203 adeo
885 5152 1143 5204 militante
1179 5152 1229 5203 in
1263 5153 1422 5204 terris
1444 5150 1700 5220 Ecclesia,
1727 5150 1819 5205 Dei

259 5238 471 5287 sponsa,
520 5222 726 5289 optime
759 5220 999 5273 meritus.
1039 5220 1219 5274 Primo
1252 5220 1415 5287 igitur
1449 5236 1478 5273 a
1520 5221 1618 5272 SS.
1648 5219 1819 5275 Patrio

260 5296 354 5343 bus
394 5307 677 5358 iiiiiiquain
720 5289 968 5343 advocari
1015 5290 1075 5344 Β.
1123 5290 1436 5358 Dionysium
1495 5289 1817 5344 iuliciamur.

260 5360 463 5413 Laudat
508 5360 650 5430 enim
711 5358 1017 5427 frequenter
1046 5361 1102 5412 Β.
1137 5360 1367 5430 Cyrilliis
1399 5360 1811 5430 Alexandrinus,

261 5433 538 5498 Origenes,
585 5428 965 5491 Damascenus,
992 5428 1201 5491 Agatho
1226 5440 1279 5482 et
1303 5429 1592 5497 Gregorius
1626 5428 1642 5480 Ι
1690 5445 1819 5497 pou—

262 5502 457 5561 tilices,
504 5499 726 5569 aliique.
758 5498 889 5551 Nam
929 5508 987 5569 et
1015 5498 1276 5552 Maximus
1321 5512 1546 5569 martyr,
1590 5498 1814 5553 Michael

262 5570 547 5638 Syugelus,
585 5581 639 5620 et
684 5568 946 5637 Georgius
977 5568 1361 5638 Pachyincrius
1390 5568 1492 5622 noii
1528 5570 1685 5622 modo
1724 5571 1816 5622 de-

264 5641 487 5690 fendunt
531 5655 559 5690 a
594 5640 901 5701 calumniis,
947 5642 1124 5692 sedet
1170 5639 1390 5692 SL'IIUlllS
1428 5639 1655 5691 eruditis
1706 5638 1817 5690 illu-

264 5719 455 5761 stram.
481 5710 631 5775 Adde
654 5712 797 5777 quoii
827 5708 964 5761 iul‘ra
982 5722 1193 5776 quoque
1210 5710 1258 5760 iii
1280 5722 1383 5761 non
1410 5710 1607 5761 recenti
1625 5723 1808 5776 opere,

266 5788 466 5846 sanctis
496 5780 853 5844 scriptoribus
873 5790 1259 5831 aiinuuieratus
1290 5780 1515 5846 legatur,
1536 5780 1651 5831 cod.
1682 5778 1807 5830 251.

266 5843 327 5900 11.
350 5845 555 5903 Eusebii
574 5843 841 5917 Pamphili
859 5849 1130 5904 silentium
1155 5843 1461 5916 suspectatii
1485 5849 1674 5904 ιιυϊὶιο
1694 5863 1812 5904 esse

1927 4681 2213 4737 recensere
2265 4666 2465 4737 idcirco
2501 4667 2663 4737 cavit,
2696 4667 2823 4737 quia
2865 4667 2946 4719 vel
2987 4679 3093 4737 uno
3127 4668 3185 4737 ξ.
3231 4666 3488 4737 Dionysio

1924 4736 2265 4789 Ariicausani
2289 4736 2517 4804 jugulari
2551 4732 2960 4804 posse'viileret.
2993 4732 3082 4789 ιιι.
3119 4732 3487 4792 Cieremoiiias

1924 4820 2051 4858 vero
2090 4806 2332 4873 ritusque
2360 4803 2617 4859 Ecclesiae
2657 4803 2767 4871 jam
2824 4805 2947 4858 inde
2992 4808 3062 4859 ab
3112 4804 3481 4873 apostolorum

1926 4876 2254 4943 temporibus
2283 4886 2522 4935 exorias,
2548 4889 2613 4927 ac
2636 4873 2799 4927 veluti
2836 4888 2930 4943 per
2949 4890 3141 4929 manus
3166 4875 3395 4929 traditas
3432 4880 3483 4930 iii

1925 4942 2217 4996 Ecclesiam
2249 4958 2618 5011 promauasse,
2641 4954 2801 5012 atque
2827 4942 2878 4997 in
2904 4944 3015 4997 haec
3040 4958 3209 5013 usque
3240 4954 3485 5014 tempora

1923 5014 2064 5079 apud
2114 5015 2229 5080 pios
2272 5014 2513 5082 homines
2537 5016 2881 5082 perdurasse,
2916 5027 3076 5068 nemo
3111 5015 3344 5082 negabit,
3374 5016 3481 5069 nisi

1924 5084 2036 5150 qui,
2056 5082 2124 5134 ab
2152 5082 2398 5137 Ecclesia
2434 5080 2715 5136 Catholica
2747 5080 2988 5136 Romana
3015 5080 3402 5146 desciscentes,
3428 5086 3479 5138 ii.

1925 5161 2239 5222 iiovatorum
2279 5160 2460 5205 castra
2488 5151 2892 5220 transfugerunt
2922 5171 2938 5207 :
2969 5153 3230 5220 docetque
3265 5156 3483 5222 copiose

1923 5221 2117 5275 Fraur.
2168 5222 2467 5275 Turriaiius
2500 5231 2704 5283 noster,
2751 5223 2985 5289 itemque
3029 5222 3292 5277 Baronius
3328 5221 3480 5277 card.

1924 5303 2067 5359 tonio
2097 5289 2112 5342 l
2145 5291 2456 5354 Annalium,
2494 5293 2559 5346 de
2595 5292 2810 5346 Esseiiis
2834 5306 3015 5359 agens.
3047 5289 3137 5345 IV.
3166 5291 3319 5356 Quod
3356 5307 3486 5347 vero

1922 5361 1982 5413 Β.
2028 5358 2220 5429 lgnatii
2271 5364 2527 5431 martyris
2581 5358 3055 5431 epistolam’citat,
3103 5365 3194 5429 qui
3247 5359 3483 5429 Traiano

1922 5432 2219 5498 imperante
2265 5430 2663 5501 martyrhobiit,
2707 5430 2904 5501 nemini
2951 5433 3145 5484 mirum
3186 5431 3482 5495 videbitur,

1918 5502 2008 5568 qui
2038 5516 2105 5553 ex
2137 5504 2324 5554 eodem
2356 5499 2445 5553 illo
2481 5500 2710 5553 Barouio
2744 5499 2803 5552 Β.
2848 5500 3267 5570 Βίοιιγειιιιιιλιιιι
3290 5518 3353 5553 ea
3388 5518 3483 5555 os-

1919 5567 2025 5637 que
2046 5582 2287 5639 tempora
2321 5572 2655 5638 pervenisse,
2678 5581 2827 5623 certo
2855 5567 3119 5638 cognorit.
3160 5567 3266 5623 Sed
3291 5585 3389 5625 nos
3415 5579 3483 5625 de

1922 5642 2005 5693 liis
2036 5643 2131 5693 σὺν
2180 5639 2298 5710 Θεῷ
2343 5641 2609 5709 copiosius
2638 5641 2776 5693 libro
2802 5641 2867 5693 de
2900 5642 3119 5707 scriptis
3165 5649 3480 5695 sanctorum

1920 5710 2137 5763 Patrum
2161 5710 2213 5763 in
2249 5710 2785 5771 dubium-revocatis,
2813 5726 2875 5764 ac
2906 5711 3212 5764 vindicatis.

1991 5780 2086 5901 (3'2
2126 5779 2195 5831 De
2218 5795 2323 5847 quo
2350 5780 2575 5861 l’i-ocOp.
2610 5779 2742 5856 lili.i
2781 5777 2853 5833 De'
2883 5780 3021 5837 bello
3043 5779 3193 5836 Pers.
3225 5779 3322 5835 inf.
3354 5782 3478 5836 cod.

1991 5847 2051 5901 ιιι
2109 5851 2265 5901 paulo
2288 5860 2410 5901 ante
2437 5852 2557 5901 liii..
2587 5859 2642 5901 et
2671 5850 2762 5901 lib.
2801 5864 2859 5901 it.

1919 5847 2077 5902 LXlll
2108 5851 2265 5919 paulo
2288 5860 2410 5904 aute
2437 5848 2557 5913 liii.,
2587 5859 2642 5903 et
2671 5850 2762 5903 lib.
2801 5864 2859 5906 it.
