4210 6442
730 426 798 487 47
1894 424 2157 484 PllOTIl
2200 425 2312 483 ΡΧ]

2418 425 2706 485 εΑιιριιςΕ
2746 426 2859 487 cr.
3931 420 4003 486 48

729 535 1015 591 Anastasio
1064 534 1390 602 imperatore
1439 529 1642 599 legatus
1693 530 1886 595 fuerat,
1925 544 1975 585 et
2020 533 2167 601 pacis
2204 532 2305 584 lu:-

2418 532 2669 601 νημένου,
2699 532 2835 603 πρὸς
2872 532 2930 583 ὃν
2974 534 3002 583 ὀ
3040 529 3305 584 Νοννόσου
3341 532 3563 593 πάππος
3593 528 4003 599 ἐπρεσϐεύσατο

730 633 858 683 dera
891 640 1169 682 sanxerat.
1188 625 1324 692 Quin
1352 633 1404 678 et
1430 623 1662 680 Nonnosi
1686 625 2047 696 pater,cui(4)
2074 626 2307 679 Ahramo

734 736 950 782 nomen,
987 719 1052 771 ad
1106 718 1534 771 Alamundarum
1566 718 1877 786 prafectum
1910 718 2305 773 Saracenorum

729 823 913 865 orator
943 810 1232 879 aliquando
1256 810 1544 878 profectus,
1568 809 1703 863 duos
1724 811 2086 863 Romanorum
2118 811 2303 869 duces.

732 901 1121 953 Timostratum
1154 912 1317 967 atque
1344 899 1629 963 Joannem,
1665 900 1784 953 belli
1821 902 1941 971 jure
1966 911 2169 969 captos,
2201 919 2303 955 una

731 989 995 1053 liberavit,
1025 988 1236 1043 Justino
1269 991 1576 1057 imperatori
1612 991 1661 1043 in
1690 991 1917 1044 ducibus
1942 992 2026 1045 his
2067 992 2305 1045 liberan-

731 1087 813 1140 dis
857 1089 1226 1141 subserviens.
1264 1087 1432 1139 Porro
1474 1086 1686 1146 Kaisns,
1718 1088 1783 1139 ad
1820 1102 1979 1155 quem
2022 1084 2307 1140 Nonnosns

732 1180 949 1243 missus,
988 1180 1196 1233 duabus
1245 1190 1473 1248 prmerat
1521 1182 1770 1248 gentibus
1816 1179 1955 1249 apud
2006 1179 2308 1233 Saracenos

729 1272 1064 1334 clarissimis,
1110 1271 1397 1327 Chindiuis
1440 1282 1494 1325 et
1551 1270 1848 1326 Maadenis.
1896 1271 1975 1324 Ad
2017 1286 2177 1340 quem
2226 1273 2306 1339 ip-

732 1377 847 1415 Sunt
874 1364 1101 1415 Kaisum
1139 1361 1374 1417 Nonnosi
1411 1378 1623 1432 quoque
1664 1374 1832 1431 pater,
1872 1374 2158 1431 antequam
2192 1364 2308 1416 lia-c

732 1454 989 1509 Nonnoso
1047 1456 1243 1524 legatio
1277 1458 1649 1521 mandaretur,
1692 1470 1721 1509 a
1759 1453 2065 1509 Justiniano
2112 1456 2308 1509 missus

731 1556 860 1600 est:
907 1548 1165 1614 pacisque
1224 1546 1425 1601 hedera
1487 1548 1555 1599 ita
1605 1547 1904 1611 constituit,
1943 1556 2001 1601 ut
2057 1546 2203 1600 Kaisi
2251 1546 2310 1598 li-

732 1638 882 1703 lium,
910 1638 1134 1692 Maviam
1158 1640 1395 1703 nomine,
1428 1640 1665 1693 obsidem
1694 1640 1984 1707 acceperit,
2017 1647 2070 1693 et
2096 1638 2308 1709 Byzan-

734 1732 864 1781 tium
921 1730 987 1782 ad
1044 1727 1405 1782 Justinianum
1448 1730 1750 1783 adduxerit.
1796 1730 1923 1784 Post
1953 1746 2072 1796 quae
2112 1728 2308 1794 duplici

733 1819 1019 1874 Nonnosus
1054 1823 1276 1875 nomine
1320 1821 1527 1889 legatus
1566 1824 1766 1876 missus
1797 1832 1879 1876 est
1911 1840 1921 1873 :
1950 1822 2046 1891 2b
2087 1820 2150 1876 Ut
2183 1820 2310 1873 Κςιίη

2414 625 2566 693 παρᾶ
2600 624 2954 676 Ἀναστασίου
2981 625 3101 675 τότε
3134 623 3505 692 βασιλεύοντος
3530 623 3877 685 ἀποσταλεὶς,
3909 625 4001 674 καὶ

2411 717 2481 767 τὰ
2512 715 2646 786 πρὸς
2690 717 2915 785 εἰρήνην
2959 716 3270 769 ἐσπείσατο.
3306 717 3380 768 Οὐ
3416 718 3521 786 μὴν
3549 715 3687 769 ἀλλά
3720 717 3812 767 καὶ
3841 720 3866 767 ὁ
3897 731 4001 764 π)-

2413 808 2537 878 τὴρ
2564 808 2831 861 Νοννόσου
2874 808 3190 877 (Ἀῆράμης
3226 807 3282 876 12
3315 806 3409 879 Η.]
3439 808 3481 860 δ’
3510 804 3576 878 ἦν
3605 809 3753 878 αύτῷ
3785 809 3955 878 ὄνομα
3982 810 3999 875 )

2414 903 2551 970 πρὸς
2587 900 3019 974 Ἀλαμούνῖαρον
3044 904 3318 973 φύλαρχον
3344 904 3677 973 Σαρακηνῶν
3702 904 3997 972 ἐπρεσϐεύο

2416 1008 2547 1044 σατο
2572 1032 2585 1054 ,
2638 996 2731 1045 καὶ
2778 993 2870 1046 δύο
2916 998 3251 1064 στρατηγοὺς
3290 995 3598 1064 Ῥωμαίων,
3626 997 4004 1065 Τιμόστρατον

2416 1086 2510 1137 καὶ
2550 1087 2825 1156 Ἰωάννην,
2877 1086 3025 1156 νόμῳ
3070 1088 3309 1153 πολέμου
3342 1088 3742 1158 συλληφθέντας
3795 1088 4002 1140 ἀνεσώο

2419 1194 2579 1230 σατο·
2622 1180 2889 1247 Ίουστίνῳ
2934 1180 2991 1232 δὲ
3037 1180 3114 1248 τῷ
3164 1180 3374 1249 βασιλεί
3412 1181 3507 1251 τὴν
3538 1183 3646 1234 τῶν
3680 1184 4005 1255 στρατηγῶν

2415 1268 2717 1336 διηκονεῖτο
2761 1258 3095 1339 ἀνάρρησιν.
3134 1270 3191 1321 Ὀ
3243 1272 3423 1339 μέντοι
3475 1272 3696 1335 Κὰῖσος,
3759 1273 3894 1341 πρὸς
3943 1272 4004 1325 ὃν

2418 1359 2698 1412 ἐστέλλετο
2726 1361 3012 1425 Νὸννοσος,
3046 1361 3138 1414 δύο
3167 1360 3339 1428 γενῶν
3367 1364 3553 1431 ἠγεῖτο
3582 1364 3690 1415 τῶν
3715 1366 3862 1430 παρά
3890 1368 4002 1427 τοῖς

2418 1452 2754 1521 Σαρακηνοῑς
2786 1453 3223 1523 ἐπισημοτάτων,
3271 1455 3546 1523 Χινδηνῶν
3571 1457 3611 1486 ⁸⁸
3647 1457 3739 1507 καὶ
3772 1456 4001 1523 Μααδη-

2418 1545 2543 1597 νῶν.
2585 1545 2726 1612 Πρὸς
2755 1545 2942 1597 τοῦτον
2969 1545 3032 1615 δὴ
3057 1546 3147 1596 τὸν
3179 1547 3385 1598 Κάῖσον
3415 1547 3507 1597 καὶ
3534 1548 3561 1598 ὁ
3596 1548 3859 1599 Νοννόσου
3897 1565 4005 1599 πα-

2417 1636 2541 1704 τὴρ,
2576 1636 2705 1704 πρὶν
2736 1636 2767 1705 ἢ
2809 1637 3071 1689 Νόννοσον
3099 1637 3422 1706 πρεσϐεύειν
3456 1638 3758 1708 αἱρεθῆναι,
3780 1639 4007 1691 Ἰουστι-

2418 1726 2601 1778 νιανοῦ
2656 1728 2963 1795 πέμποντος
3010 1728 3317 1781 ἀπέσταλτο
3375 1730 3468 1781 καὶ
3517 1732 3802 1799 εἰρηνικὰς
3852 1731 4006 1783 ἔθετο

2421 1816 2673 1881 σπονδὰς,
2709 1816 2847 1868 ὥστε
2882 1822 2975 1867 καὶ
3001 1817 3091 1868 τὸν
3122 1817 3236 1868 υἱὸν
3270 1820 3473 1870 Καῖσου
3509 1820 3759 1885 (Manta;
3789 1821 3843 1873 δὲ
3877 1823 4006 1873 ἐκα-

734 1929 873 1976 sum,
902 1913 944 1967 si
979 1921 1178 1980 posset.
1213 1914 1278 1965 ad
1312 1914 1689 1981 imperatorem
1711 1914 2027 1966 adduceret:
2064 1913 2200 1966 etad
2230 1912 2306 1979 (3)

2418 1908 2580 1976 λεῖτο)
2612 1911 2795 1978 ὅμηρα
2819 1909 3003 1963 λαϐεῖν
3031 1911 3123 1961 καὶ
3153 1913 3287 1979 πρὸς
3306 1913 3683 1964 ’1ουστινιανὶν
3713 1916 3769 1975 ἐς
3798 1916 4005 1977 Βυζάν-

736 2006 1155 2059 Ausumitarum
1204 2022 1383 2076 regem
1445 2006 1551 2073 (cui
1592 2006 1737 2075 genti
1778 2006 1855 2073 (6)
1886 2004 2142 2059 Elcsbaas
2184 2015 2309 2058 tunc

733 2096 1005 2164 μείρει-ιιι),
1043 2098 1281 2165 itemque
1322 2096 1387 2149 ad
1417 2096 1492 2167 (7)
1523 2094 1831 2148 Homeritas
1854 2096 2306 2162 proﬁcisceretur.

732 2187 994 2241 Auxuutis
1041 2203 1335 2258 permagna
1375 2198 1461 2243 est
1492 2190 1705 2251 civitas,
1742 2197 1795 2241 et
1828 2188 1980 2255 quasi
2014 2185 2310 2255 Ethiopian

737 2280 901 2332 totius
949 2279 1282 2347 metropolis,
1318 2280 1490 2347 magis
1537 2281 1601 2332 ad
1644 2281 1921 2332 meridiem
1954 2289 2007 2331 et
2044 2282 2308 2331 orientem

736 2386 1160 2440 tergens,quam
1190 2370 1489 2425 Romanum
1511 2372 1817 2441 imperium.
1858 2370 2139 2424 Nonnosus
2160 2386 2309 2435 vero,

735 2461 917 2514 multis
947 2463 1185 2530 gentium
1222 2464 1492 2532 superatis
1535 2464 1747 2518 insidiis
1794 2463 2137 2531 ferarumque
2170 2464 2313 2532 peri-

735 2554 868 2607 enlis
901 2553 1120 2621 (praater
1140 2555 1239 2607 via:
1264 2554 1623 2619 incommoda,
1659 2556 1936 2625 multaque
1966 2557 2305 2623 discrimina,

737 2645 788 2695 in
822 2659 939 2711 quze
959 2659 1328 2712 sa'penumero
1360 2645 1595 2715 incidit),
1623 2655 1803 2701 tamen
1838 2663 1957 2716 quae
1994 2649 2158 2700 voluit
2186 2663 2314 2715 per-

735 2735 882 2799 fecit,
925 2747 979 2789 et
1010 2738 1189 2790 salvus
1216 2748 1300 2791 est
1329 2739 1519 2806 patriae
1548 2739 1810 2793 redditus.

2418 2018 2532 2053 τιον
2563 2000 2918 2069 ἀποκομίσαι.
2953 2001 3087 2053 Μεθ’
3118 2002 3175 2054 ὃν
3210 2002 3399 2071 χρόνον
3424 2003 3828 2072 ὲπρεσσεύσατο
3862 2006 4003 2057 Nov-

2417 2109 2569 2155 νοσος
2602 2094 2692 2145 ἐπὶ
2721 2092 2839 2144 δυσὶ
2868 2091 3097 2155 τούτοις,
3135 2095 3356 2156 Κάῖσον,
3390 2096 3436 2145 εἰ
3465 2095 3710 2156 δυνατὸν,
3737 2096 3873 2163 πρὸς
3904 2095 4004 2163 βα-

2420 2183 2575 2236 σιλέα
2606 2186 2854 2251 ἀγαγεῖν,
2884 2185 2979 2237 καὶ
3018 2185 3153 2255 πρὸς
3177 2185 3267 2238 τὸν
3294 2185 3401 2237 τῶν
3426 2186 3777 2255 Αύξονμιτῶν
3811 2187 4007 2255 ἀφικέ-

2421 2275 2543 2328 σθαι
2561 2274 2786 2345 βχσιλέα
2804 2277 2821 2345 (
2839 2276 3131 2339 Ἐλεσΰαᾶς
3148 2278 3188 2308 "
3207 2277 3261 2329 δέ
3280 2278 3400 2329 τότε
3419 2279 3640 2346 ἐκράτει
3658 2278 3747 2331 τοῦ
3769 2277 4004 2348 ἔθνους),

2421 2368 2679 2438 καὶπρὸς
2720 2368 2933 2432 τούτοις
2982 2370 3074 2422 καὶ
3107 2373 3186 2432 εις
3214 2371 3341 2434 τοὺς
3376 2372 3665 2441 ’Λμερίτας
3697 2374 4009 2441 παραγενέ-

2420 2462 2565 2515 σθαι.
2588 2462 2651 2514 Ἢ
2674 2463 2729 2515 δὲ
2759 2461 3030 2533 Δύξουμις
3063 2463 3218 2525 πόλις
3246 2463 3363 2515 ἐστὶ
3390 2464 3620 2535 μεγίστη
3651 2466 3744 2517 καὶ
3763 2461 3877 2517 οἷον
3910 2483 4010 2537 μη-

2417 2555 2673 2624 τρόπολις
2701 2555 2797 2624 τῆς
2826 2555 2954 2625 ὅλης
2985 2555 3292 2618 Αἰθιοπίας,
3326 2559 3497 2609 κεῖται
3520 2556 3578 2609 δὲ
3611 2559 4005 2628 μεσημϐρινω-

2417 2645 2552 2716 τέρα
2588 2646 2684 2699 καὶ
2719 2647 3164 2717 ἀνατολικωτέρα
3207 2649 3306 2718 τῆς
3334 2648 3621 2717 Ῥωμαίων
3646 2649 3921 2719 ἀρχῆς.’0
3951 2650 4009 2703 δὲ

2421 2738 2685 2802 Νὸννοσος
2720 2739 2919 2801 πολλὰς
2952 2740 3051 2809 μὲν
3081 2740 3368 2803 ἐπιϐουλὰς
3395 2741 3564 2793 ἐθνῶν
3596 2744 3855 2810 ὑποστὰς,
3886 2745 4010 2797 πολ-

735 2833 831 2893 λάς
864 2833 920 2886 δέ
950 2833 1155 2905 θηρίων
1182 2832 1560 2902 χαλεπότητας
1590 2833 1742 2905 παρὰ
1770 2835 1866 2904 τὴν
1897 2835 2033 2899 ὁδὸν,
2056 2836 2148 2888 καὶ
2184 2835 2406 2897 πολλαῖς
2475 2834 2807 2905 δυσχωρίαις
2862 2836 2956 2887 καὶ
3002 2836 3259 2906 ἀπορίαις
3326 2836 3588 2899 πολλάκις
3652 2837 4004 2907 περιπεσὼν,

735 2928 885 2998 ὅμως
914 2928 1006 2979 καὶ
1030 2930 1098 2980 τὰ
1122 2927 1349 2991 δόξαντα
1377 2926 1685 2991 ἐξετέλεσεν
1716 2929 1808 2981 καὶ
1840 2927 1975 2990 σῶος
2005 2930 2068 2997 τῇ
2099 2927 2317 2997 πατρίδι
2355 2926 2689 2980 ἀποδίδοται.

807 3042 1031 3097 Kaisum
1076 3041 1259 3106 refert,
1304 3042 1473 3097 misso
1526 3042 1718 3096 iterum
1764 3045 1999 3097 Abramo
2049 3045 2115 3096 ad
2165 3043 2310 3095 illum

737 3135 950 3204 legato,
1048 3134 1361 3205 Byzantium
1435 3131 1735 3202 profectum
1805 3148 1959 3197 esse,
2044 3148 2311 3201 suamque

738 3226 1114 3293 przefecturam
1152 3225 1356 3278 Ambro
1391 3235 1445 3276 et
1485 3220 1669 3276 Jezido
1704 3224 1963 3277 fratribus
2012 3224 2262 3279 divisisse
2296 3245 2309 3278 :

740 3319 913 3385 ipsum
946 3330 1075 3369 vero
1112 3314 1414 3368 Palaestina:
1465 3314 1839 3382 prad‘ecturam
1876 3315 1943 3368 ab
1988 3314 2313 3383 imperatore

738 3409 1220 3464 administrandam
1249 3408 1571 3475 suscepisse,
1628 3408 2000 3476 inﬁnitamque
2036 3409 2312 3463 hominum

741 3503 1081 3557 subditorum
1119 3516 1303 3553 secum
1338 3500 1735 3553 multitudinem
1768 3500 2005 3554 duxisse.

812 3592 939 3658 Qua:
980 3605 1123 3644 nunc
1154 3589 1396 3642 sandalia
1439 3590 1600 3649 dicta,
1636 3588 1847 3659 arbylas
1882 3588 2180 3659 appellasse
2230 3606 2320 3644 ve-

744 3695 885 3735 teres
916 3682 990 3734 ait
1028 3700 1039 3735 :
1076 3692 1128 3733 et
1162 3680 1241 3750 (8)
1272 3679 1572 3749 φακιόλιον,
1602 3678 1865 3748 φασὼλιν.

812 3773 1231 3838 Saracenorum,
1273 3772 1368 3835 ait,
1404 3772 1665 3840 plerique,
1713 3783 1818 3827 tam
1846 3773 1935 3841 qui
1965 3772 2041 3842 (9)
2070 3774 2122 3827 in
2154 3774 2318 3829 Plite-

740 3866 952 3927 nicone,
994 3879 1156 3931 quam
1204 3864 1295 3933 qui
1338 3863 1474 3916 ultra
1515 3862 1893 3919 PlltBttiCttltelIl
1927 3876 1980 3919 et
2017 3865 2315 3930 Taurenos,

738 3972 875 4026 quos
908 3965 1106 4011 vocant
1156 3966 1370 4010 montes
1416 3957 1614 4023 degunt
1650 3956 1786 4028 (10),
1822 3958 1994 4011 locum
2026 3961 2316 4027 quemdam

740 4065 838 4120 pro
884 4063 1043 4104 sacro
1111 4048 1346 4108 habent.
1397 4049 1555 4101 alicui
1608 4048 1831 4104 deorum
1891 4062 2315 4105 consecratum:

741 4155 847 4207 quo
879 4139 962 4193 bis
998 4141 1288 4208 quonmnis
1327 4140 1679 4193 conveniunt.
1715 4140 1918 4193 Horqu
1951 4153 2314 4195 conventuum

742 4234 986 4301 ipsorum
1020 4231 1156 4285 alter
1188 4245 1429 4285 mensem
1460 4231 1615 4283 durat
1642 4232 1931 4302 integrum,
1972 4233 2037 4284 ad
2080 4234 2313 4287 medium

743 4324 856 4378 fere
902 4338 1015 4390 ver,
1051 4324 1268 4392 quando
1302 4324 1467 4377 Tauri
1514 4323 1726 4390 signum
1768 4324 1848 4377 sol
1886 4324 1938 4377 in
1982 4325 2202 4379 zodiaco
2235 4335 2316 4379 te-

741 4425 832 4468 net
865 4432 877 4469 :
921 4414 1060 4467 alter
1093 4426 1221 4466 vero
1261 4413 1311 4465 in
1351 4413 1488 4466 duos
1530 4414 1730 4467 alteros
1761 4428 1972 4467 menses
2001 4416 2316 4468 extenditur

742 4515 1026 4575 agiturque
1045 4514 1162 4573 post
1207 4505 1450 4557 a'stivum
1494 4504 1804 4558 solsuitium.
1851 4503 1905 4558 In
1938 4506 2159 4570 ltis,ait,
2188 4522 2317 4560 con-

740 4596 988 4649 ventibus
1019 4608 1229 4647 summa
1276 4592 1416 4658 \‘igt‘l
1439 4592 1823 4659 tranquillitas,
1853 4609 1957 4646 non
1986 4594 2155 4647 solum
2177 4596 2317 4649 inter

742 4687 904 4756 ipsos,
936 4690 1031 4741 sed
1066 4696 1120 4738 et
1151 4700 1273 4739 cum
1298 4684 1552 4737 eiunibus
1583 4686 1829 4739 advenis.
1862 4685 1998 4751 Quin
2033 4687 2193 4739 etiam
2239 4687 2316 4741 fe-

2496 3040 2616 3092 ’οτι
2648 3041 2849 3102 Κάῖσος
2887 3040 3165 3108 Ἀϐράμου
3198 3041 3361 3095 πάλιν
3385 3042 3518 3111 πρὸς
3543 3044 3707 3095 αὑτὸν
3736 3047 4009 3115 πρεσϐεύ-

2422 3149 2614 3193 σαντος
2649 3134 2785 3199 πρὸς
2807 3132 2868 3183 τὺ
2894 3134 3186 3196 Βυζάντιον
3209 3136 3593 3204 παραγίνεται,
3617 3140 3710 3189 καὶ
3736 3140 3837 3208 τὴν
3870 3140 4013 3195 ἰδίαν

2420 3223 2723 3293 φυλαρχίαν
2751 3224 2983 3293 Ἀμὸρῳ
3014 3228 3105 3277 καὶ
3140 3226 3339 3297 Ἰεζίδῳ
3372 3230 3483 3289 τοῖς
3527 3228 3777 3297 ἀδελφοῖς
3806 3232 4009 3284 διανει-

2422 3317 2663 3385 μάμενος
2716 3317 2877 3377 αὐτὸς
2928 3320 3028 3387 τὴν
3079 3318 3453 3370 Παλαιστινῶν
3502 3322 3802 3391 ἡγεμονίαν
3856 3326 4014 3394 παρὰ

2422 3408 2686 3477 βασιλέως
2729 3409 2978 3474 ἐδέξατο,
3011 3412 3216 3479 πλῆθος
3251 3412 3384 3464 πολὺ
3413 3413 3523 3466 τῶν
3552 3417 4014 3487 ὑποτεταγμένων

2424 3500 2570 3569 αὐτῷ
2612 3503 2710 3553 σὺν
2749 3501 2899 3571 αὐτῷ
2938 3504 3297 3570 ἐπαγόμενος.

2496 3593 2617 3645 Ὀτι
2664 3594 2732 3644 τὰ
2778 3594 3055 3656 σανδάλια,
3086 3597 3255 3662 φησὶ,
3288 3595 3405 3647 νυνὶ
3424 3596 3711 3665 λεγόμενα,
3763 3599 4012 3668 ἀρεύλας

2422 3682 2609 3750 ἔλεγον
2645 3684 2693 3735 οἱ
2734 3684 2988 3745 παλαιοὶ,
3029 3685 3121 3736 καὶ
3159 3685 3219 3736 τὸ
3260 3686 3537 3753 φακιόλιον
3576 3688 3900 3757 φασώλινη.

2496 3776 2616 3827 Ὅτι
2653 3775 2762 3825 τῶν
2795 3775 3125 3845 Σαρακηνῶν
3149 3778 3199 3827 oi.
3227 3778 3500 3843 πλεῖστοι,
3533 3780 3589 3832 οτ
3611 3796 3669 3833 τε
3696 3783 3753 3833 ἐν
3780 3783 3858 3851 τῷ
3889 3785 4014 3835 Φοι-

2422 3866 2609 3918 νικῶνι
2640 3868 2734 3918 καὶ
2758 3868 2807 3917 οἱ
2846 3866 2937 3919 τοῦ
2969 3866 3291 3931 Φοινικῶνος
3328 3870 3424 3921 καὶ
3452 3871 3562 3923 τῶν
3587 3874 4013 3942 ὀνομαζομένων

2422 3962 2723 4032 Ταυρηνῶν
2767 3962 2907 4031 ὀρῶν
2954 3963 3241 4026 ἐπέκεινα,
3274 3966 3416 4035 ἱερόν
3445 3982 3498 4018 τι
3528 3969 3727 4038 χωρίον
3756 3970 4014 4039 νομίζουο

2424 4072 2527 4117 σιν,
2560 4055 2734 4125 ὀτῳδὴ
2766 4055 2903 4108 θεῶν
2933 4056 3242 4123 ἀνειμένον,
3275 4058 3370 4110 καὶ
3391 4058 3625 4113 ἐνταῦθα
3656 4061 4011 4129 συλλέγονται

2421 4146 2541 4197 κατ’
2576 4145 2820 4198 ἐνιαυτὸν
2849 4145 3082 4198 ἕκαστον
3115 4140 3321 4208 δίς.Ὦν
3354 4148 3455 4218 τὴν
3486 4149 3587 4218 μὲν
3617 4150 3725 4201 τῶν
3759 4154 4011 4221 navand-

2422 4253 2561 4305 ρεων
2600 4235 2780 4288 αὐτῶν
2828 4236 2934 4306 μὴν
2964 4236 3082 4298 ὂλος
3107 4238 3148 4267 ¹⁹
3182 4238 3372 4307 μετρεῖ
3419 4240 3780 4308 παρατείνων,
3816 4242 4011 4311 σχεδόν

2423 4344 2522 4378 που
2570 4326 2662 4379 τοῦ
2717 4326 2876 4397 ἔαρος
2926 4327 3069 4380 κατὰ
3098 4326 3159 4379 τὸ
3195 4328 3356 4395 μέσον
3402 4330 3755 4401 τελουμένην,
3788 4332 3879 4385 ὅτε
3915 4333 4009 4386 τὸν

2421 4418 2629 4490 Ταῦρον
2655 4421 2744 4471 ὁ²⁰
2780 4420 2930 4489 ἥλιος
2962 4419 3453 4491 ἐπιπορεύεται.Ἠ
3479 4422 3536 4474 δὲ
3570 4422 3732 4493 ἑτέρα
3756 4426 4007 4493 πανήγυ-

2423 4528 2506 4581 ρις
2534 4512 2657 4563 δυσὶ
2698 4513 2831 4581 μησὶ
2860 4514 3286 4583 παρατείνεταις
3321 4514 3460 4583 μετὰ
3492 4514 3707 4583 θερινὰς
3725 4518 3765 4547 ⁸⁸
3795 4518 4007 4585 τροπὰς

2419 4603 2612 4669 ἄγουσι
2644 4602 2870 4673 ταύτην.
2890 4605 2977 4655 Ἐν
3008 4605 3254 4668 ταύταις,
3280 4607 3416 4673 φησὶ
3434 4646 3449 4669 ,
3478 4608 3598 4669 ταῖς
3624 4607 4006 4675 πανηγύρεσιν

2419 4694 2601 4745 πᾶσαν
2620 4692 2843 4760 ἄγουσιν
2860 4694 3102 4763 εἰρήνην,
3122 4694 3182 4746 ού
3205 4694 3342 4762 πρὸς
3371 4694 3633 4763 ἀλλήλους
3659 4696 3841 4765 μόνον,
3868 4698 4007 4752 ἀλλὰ

742 4792 829 4831 ras
877 4792 999 4831 cum
1057 4777 1388 4841 hominibus,
1438 4793 1540 4827 non
1589 4786 1792 4828 tantmn
1839 4777 1979 4830 inter
2011 4794 2089 4843 se,
2127 4791 2312 4847 pacate

2424 4786 2518 4838 καὶ
2569 4786 2705 4857 πρὸς
2758 4787 3004 4849 ἅπαντας
3050 4787 3177 4849 τοὺς
3224 4786 3587 4855 ἐνδημοῦντας
3639 4788 4002 4859 ἀνθρώπους⁸

2039 4919 2272 4975 VARUE
2314 4921 2727 4981 LECTIONES.

815 5059 854 5087 ¹⁶
889 5059 1136 5128 χινδίνων
1166 5075 1225 5123 ς.
1288 5061 1328 5090 ¹⁷
1359 5061 1619 5123 ἐλεσϐαάς
1673 5058 1754 5109 vel
1809 5058 2064 5120 ἐλεοῦαάς
2104 5061 2140 5109 Α

741 5147 791 5198 p.
829 5131 977 5183 Hll.
1087 5130 1128 5159 "
1157 5130 1292 5191 ὅλως
1327 5148 1385 5195 ς.
1467 5130 1511 5160 ³⁸
1545 5134 1572 5182 ὁ
1603 5147 1709 5181 oin.
1741 5146 1799 5191 ς’.

2203 5077 2216 5111 :
2268 5059 2497 5122 ἑλεδαᾶς
2537 5078 2596 5124 ς.

1884 5129 1921 5157 ιι
1958 5140 2077 5194 post
2118 5129 2336 5198 θερινὰς
2362 5146 2483 5183 cum
2516 5132 2552 5183 A
2580 5132 2736 5184 ourisi
2759 5132 2835 5187 δέ.

2704 5062 2745 5140 ’ξ’
2764 5063 3049 5146 ᾕφασώλιν]
3098 5069 3409 5132 φασκιόλιον
3460 5070 3672 5125 Stlicer.
3728 5070 3897 5126 Tltcs.
3936 5075 3995 5139 ΙΙ.

2266 5266 2492 5323 NOTAE.

813 5376 887 5450 (4)
918 5375 1013 5429 llic
1044 5377 1407 5450 Alirahamius
1439 5379 1697 5450 (quinque
1718 5381 1963 5450 syllabis)
1994 5380 2076 5431 vir
2118 5382 2235 5446 pius
2257 5393 2311 5434 et

742 5447 1019 5520 presbyter
1066 5449 1374 5520 nominatur
1413 5450 1464 5520 i_n
1500 5447 1647 5504 Actis
1693 5447 1759 5504 S.
1808 5452 2020 5506 Aretlta:
2060 5454 2311 5520 martyris

742 5518 881 5585 apud
916 5517 1039 5571 Sor.
1075 5529 1201 5572 tom.
1222 5517 1286 5578 V,
1311 5519 1383 5572 24
1413 5518 1602 5572 Octob.

841 5586 892 5659 ξὶ)
924 5587 1207 5659 Dequibus
1230 5587 1519 5658 Nieeplior.
1541 5591 1630 5643 lib.
1664 5607 1794 5653 xvu,
1830 5606 1946 5659 cap.
1978 5590 2067 5646 52.

834 5656 888 5731 β)
916 5658 1313 5731 Ctijusmentio
1355 5656 1406 5711 in
1436 5659 1493 5711 S.
1531 5661 1747 5715 Arcthaa
1764 5656 1913 5716 Actis
1946 5677 2068 5731 sup.
2100 5662 2308 5727 citatis,

742 5734 797 5779 et
836 5728 1051 5791 Niceptt.
1092 5727 1182 5780 Ιιὺ.
1212 5744 1343 5791 xvu,
1373 5744 1491 5795 cap.
1533 5734 1583 5783 b'.

812 5796 887 5866 (7)
936 5796 1162 5871 rNicep_h.
1216 5799 1307 5852 lib.
1341 5814 1487 5871 AVlll,
1538 5816 1654 5869 cap.
1689 5802 1778 5859 35.
1810 5813 1861 5856 et
1894 5819 2023 5866 xvii,
2052 5818 2171 5871 cap.
2203 5801 2306 5859 52:

744 5864 1058 5935 Th'eOplian.
1078 5864 1303 5938 'Byzant.
1338 5868 1433 5923 inf.
1462 5871 1581 5925 cod.
1605 5864 1797 5925 LXIV.

2488 5382 2563 5451 (8i
2602 5382 2736 5436 Vide
2775 5384 2994 5438 Suidam
3024 5394 3077 5439 et
3119 5395 3277 5439 notas
3308 5392 3371 5438 ad
3407 5386 3720 5455 Curi-palat,
3753 5387 3829 5443 De
3851 5390 3995 5446 oﬂie.

2413 5452 2831 5522 Constantinop.

2484 5525 2560 5599 (Si)
2594 5524 3119 5599 Plimtiiconis_ur_bis
3150 5525 3367 5597 :Egypti
3400 5528 3645 5580 meminit
3674 5529 3772 5582 inf.
3807 5526 3996 5599 Olym-

2417 5594 2671 5657 piodorus
2705 5597 2824 5651 cod.
2858 5594 3047 5647 LXXX
3108 5599 3206 5649 sub
3229 5594 3356 5651 “tiu.
3425 5600 3573 5652 Diod.
3609 5599 3779 5655 Sicnl.
3819 5594 3993 5654 Ιίῧ.ιιι

2416 5665 2590 5785 locum
2630 5680 2749 5716 esse
2802 5667 3129 5719 maritimum
3172 5668 3239 5721 ad
3293 5670 3470 5721 sinunt
3515 5669 3806 5723 Ambit:qu
3853 5675 3993 5725 seri-

2436 5742 2515 5784 nt.

2488 5800 2750 5876 (lolNon
2785 5802 3331 5876 omnino_d_iss_itnile,
3370 5808 3512 5876 quod
3558 5818 3745 5863 narrat
3780 5808 3993 5866 Ctesias

2415 5871 2468 5924 in
2503 5867 2706 5925 Indicit
2736 5870 2833 5926 inf.
2861 5874 2980 5928 cod.
3016 5872 3224 5929 LXXII.
