4210 6442
237 411 297 475 49
1361 411 1887 472 IlIBLIOTHECA.
1924 411 2176 473 —COD.
2213 411 2328 471 IlI.
3383 411 3455 474 50

236 521 344 590 φασὶ
368 519 416 573 δὲ
441 518 521 571 ὅτι
560 516 654 569 καὶ
692 516 763 569 τά
795 516 959 587 θηρία
1000 517 1136 588 πρὸς
1169 520 1300 583 τοὺς
1327 520 1666 590 ἀνθρώπους,
1699 522 1760 572 ού
1793 527 1837 583 Α
1867 530 1898 575 ιι

1793 527 1837 583 Α
1867 530 1992 576 tunc
2024 522 2219 591 degere
2258 520 2590 575 fabulantur.
2629 517 2825 573 Narrat
2853 526 2907 573 et
2935 518 3040 573 alia
3066 519 3237 573 multa
3276 520 3452 589 inopi-

236 613 365 680 μόνον
386 608 437 659 δὲ
465 606 598 659 ἀλλὰ
628 607 724 658 καὶ
754 606 895 660 αύτά
918 608 1053 677 πρὸς
1080 608 1306 679 ἀλληλα,
1332 610 1566 676 Λέγεται
1598 612 1655 664 δὲ
1680 613 1776 665 καὶ
1876 630 1898 669 r

1268 628 1306 662 t.
1332 610 1566 676 Λέγεται
1598 612 1655 664 δὲ
1680 613 1776 665 καὶ
1876 623 2023 678 nata,
2050 624 2106 671 et
2132 614 2245 684 (ll)
2280 614 2476 669 fabulis
2505 627 2613 667 non
2643 610 2930 666 absimilia.

235 703 342 757 ἄλλα
367 698 525 752 πολλά
555 696 837 769 παράδοξα
858 698 954 751 καὶ
985 700 1168 767 μύθων
1191 702 1342 754 οὐδὲν
1369 703 1773 757 διαλλάττοντα.

291 791 353 863 [8
393 789 480 862 8.]
506 791 632 843 Ὀτι
682 790 1028 863 διεστηκέναι
1078 794 1213 861 φησὶ
1254 792 1354 862 τὴν
1382 794 1629 847 ’Λδουλιν
1679 795 1779 863 τῆς

234 884 577 953 Δύξούμεως”
631 882 691 936 ιε’
744 884 969 953 ἡμερῶν
1019 884 1421 939 ὀδόν.Ἀπιοῦσι
1463 886 1520 940 δὲ
1557 888 1636 947 είς
1682 887 1779 957 τὴν

235 976 468 1045 Αὖξουμιν
496 974 749 1044 Νοννόσῳ
776 992 837 1027 τε
863 975 957 1028 καὶ⁸
991 979 1103 1039 τοῖς
1133 978 1308 1044 μετ⁹¹⁸
1332 977 1493 1030 αὐτὸν
1524 978 1781 1047 μέγιστον

234 1068 380 1136 ἐφάνη
430 1066 606 1134 θέαμα
654 1068 785 1135 περὶ⁵
828 1067 1027 1137 χωρίον
1055 1066 1203 1137 Αὖην
1239 1069 1782 1140 προσονομζὸμενον

236 1157 403 1225 (κεῖται
432 1155 486 1209 δὲ
533 1157 566 1225 ἡ
614 1155 731 1223 Abt]
781 1156 840 1207 ἐν
875 1156 1024 1225 μέσῳ
1066 1157 1166 1225 τῆς
1194 1174 1255 1210 τε
1291 1158 1399 1210 τῶν
1429 1158 1783 1228 Αύξουμιτῶν

235 1251 313 1303 καὶ
334 1251 423 1319 τῆς
452 1251 559 1303 τῶν
593 1252 910 1305 ’Δδουλιτῶν
942 1252 1209 1320 πόλεως),
1241 1254 1548 1322 ἐλεφάντων
1579 1256 1785 1326 πλῆθος

238 1342 319 1393 οὐχ
340 1343 527 1409 ὀλίγον,
562 1342 699 1397 ἀλλά
729 1341 787 1413 [5
815 1340 910 1413 H.]
930 1343 1130 1411 σχεδὸν
1154 1344 1230 1407 ὡς
1247 1346 1292 1376 ⁸⁸
1320 1346 1575 1415 χιλιάδων
1599 1348 1785 1411 πέντε,

248 1432 502 1501 Ἐνέμοντο
526 1434 584 1485 δὲ
614 1426 760 1487 οὗτοι
806 1435 854 1486 οί
895 1434 1186 1501 ἐλέφαντες
1228 1436 1286 1489 ὲν
1328 1436 1495 1506 πεδίῳ
1525 1438 1747 1509 μεγάλῳ
1769 1456 1783 1469 ·

237 1524 317 1575 καὶ
342 1524 581 1587 πελάζειν
607 1528 790 1589 αὐτοῖς
814 1528 991 1580 οὐδενὶ
1012 1527 1120 1579 τῶν
1147 1529 1427 1599 ἐγχωρίων
1453 1527 1520 1602 ἦν
1542 1530 1787 1597 εὖκολον,

235 1613 336 1666 οὐδὲ
384 1614 583 1685 εἴργειν
630 1616 731 1684 τῆς
778 1619 970 1685 νομῆς.
1004 1615 1178 1668 Τοῦτο
1227 1617 1325 1687 μὲν
1362 1613 1455 1669 οὖν
1492 1618 1695 1687 μεταξὺ
1729 1618 1790 1670 τὸ

238 1704 394 1774 θέαμα
429 1707 613 1771 αὐτοῖς
650 1708 1064 1775 προσεγεγόνει.

291 1797 400 1866 Χρὴ
434 1797 488 1850 δὲ
536 1798 629 1851 καὶ
680 1798 750 1851 τὰ
788 1800 917 1868 περὶ
962 1799 1064 1867 τῆς
1122 1799 1373 1869 κράσεως
1419 1799 1530 1852 τῶν
1593 1800 1775 1870 ἀέρων

1951 815 2142 869 Adulin
2170 816 2357 870 scribit
2397 814 2463 869 ab
2496 814 2729 868 Autumi
2762 815 3064 883 quindecim
3098 816 3291 871 itinere
3336 819 3448 870 die-

1883 919 1999 959 rum
2031 904 2250 957 distare.
2298 902 2666 957 Proficiscenti
2699 918 2825 956 vero
2869 902 3140 957 Auxumin
3190 904 3448 958 Nounoso

1883 1012 2003 1051 cum
2062 994 2198 1057 suis,
2242 994 2533 1049 maximum
2579 994 2681 1047 hoc
2726 993 2997 1062 obiectum
3057 995 3450 1063 spectaculum,

1884 1089 1950 1141 ad
2004 1089 2281 1157 regionem
2332 1090 2479 1140 Aven
2524 1086 2746 1147 dictam,
2792 1101 2911 1155 qua:
2957 1086 3134 1140 media
3179 1096 3262 1139 est
3306 1088 3451 1140 inter

1887 1180 2154 1233 Auxumin
2201 1188 2254 1233 et
2282 1177 2475 1233 Aduliu
2512 1178 2693 1241 urbes,
2736 1177 3146 1247 elephantorum
3197 1178 3455 1233 nimirum

1887 1273 2171 1326 multitudo
2222 1286 2327 1325 non
2370 1271 2599 1335 modica,
2648 1272 2755 1324 imo
2788 1270 2954 1324 millia
2987 1270 3163 1325 ferme
3190 1272 3450 1340 quinque.

1887 1362 2189 1417 Pascebant
2224 1363 2278 1416 hi
2314 1363 2580 1433 elephanti
2612 1362 2848 1417 maximo
2876 1364 2927 1415 in
2960 1378 3173 1429 campo,
3208 1364 3455 1431 pr0pius-

1889 1469 1993 1522 que
2023 1456 2280 1510 accedere
2314 1455 2509 1509 nemini
2548 1455 2635 1524 3a
2671 1454 2963 1509 incolarum
3000 1453 3157 1507 facile
3194 1464 3330 1514 erat,
3360 1471 3455 1508 ne-

1888 1561 1993 1615 que
2018 1556 2176 1613 pastu
2213 1546 2518 1615 prohibere.
2551 1545 2664 1601 Hoc
2696 1546 2804 1599 illis
2834 1547 3047 1600 interim
3085 1548 3453 1616 spectaculum

1889 1638 2145 1691 occurrit.

1965 1810 2038 1865 De
2082 1810 2203 1864 εοειί
2244 1826 2458 1880 quoque
2512 1812 2901 1868 constitutione
2956 1813 3136 1868 dicere
3198 1810 3451 1884 oportet,

234 1888 405 1951 εἰπεῖν,
430 1889 515 1942 οἵα
540 1887 648 1941 ἀπὸ
680 1889 784 1959 τῆς
811 1890 960 1961 Αὖης
985 1891 1077 1943 ἐπὶ
1111 1891 1211 1961 τὴν
1234 1890 1510 1960 Αὕξουμιν
1537 1892 1777 1963 διαδέχε-
1810 1872 1852 1926 Β
1881 1914 1896 1951 t

1810 1872 1852 1926 Β
1881 1914 2000 1961 qua:
2030 1911 2112 1955 est
2144 1903 2211 1956 ab
2240 1904 2353 1955 Ave
2385 1902 2451 1955 ad
2511 1902 2784 1957 Auxumin
2820 1921 2833 1956 :
2878 1914 3066 1959 contra
3108 1908 3249 1960 enim
3295 1918 3453 1963 testas

233 1993 324 2030 ται.
362 1978 641 2041 Ἐναντίως
665 1978 776 2049 γὰρ
810 1980 940 2051 περί
979 1998 1039 2034 τε
1078 1981 1236 2051 θέρος
1270 1982 1364 2035 καὶ
1390 1982 1637 2051 χειμῶνα
1666 1982 1781 2036 διά-

234 2085 405 2121 κειται.
459 2069 567 2123 Τοῦ
608 2070 719 2143 γὰρ
749 2072 905 2141 ἡλίου
931 2072 1024 2125 τὸν
1053 2073 1329 2144 Καρκίνον
1364 2090 1424 2126 τε
1457 2074 1550 2127 καὶ
1573 2073 1779 2126 Λέοντα

236 2160 313 2212 καὶ
341 2161 610 2232 Παρθένον
659 2165 1008 2234 διερχομένου
1062 2164 1225 2235 μέχρι
1279 2165 1380 2234 μὲν
1430 2166 1527 2235 τῆς
1579 2164 1727 2235 Αὕης
1760 2204 1777 2227 .

230 2253 396 2324 ὥσπερ
418 2256 509 2308 καὶ
538 2257 667 2327 παρ’
686 2258 837 2326 ἡμῖν,
865 2256 1021 2327 θέρος
1035 2274 1093 2310 τε
1130 2258 1225 2312 καὶ
1249 2258 1481 2329 ξηρότης
1502 2258 1784 2329 διακρατεῐ

230 2340 310 2391 τὸν
332 2342 479 2411 ἀέρα,
515 2344 625 2396 ἀπὸ
659 2343 718 2396 δὲ
743 2345 844 2413 τῆς
866 2345 1013 2414 Αῠης
1042 2346 1134 2399 ἐπὶ
1157 2347 1258 2416 τὴν
1298 2347 1465 2417 ἀλλην
1494 2346 1781 2400 Αἰθιοπίαν

230 2432 414 2501 χειμὼν
456 2435 731 2488 ἐπίκειται
768 2437 1030 2506 σφοδρὸς,
1086 2437 1147 2490 ού
1214 2438 1281 2491 δι’
1336 2439 1463 2508 ὅλης
1521 2439 1780 2510 ἡμέρας,

230 2524 352 2576 ἀλλὰ
389 2525 494 2592 γὰρ
538 2526 649 2579 ἀπὸ
703 2527 1051 2598 μεσημϐρίας
1096 2528 1399 2599 ἀρχόμενος
1472 2528 1729 2581 ἑκάστοτε
1764 2569 1781 2594 ,

232 2620 439 2687 συννεφῆ
465 2636 525 2671 τε
574 2619 667 2671 τὸν
717 2619 855 2689 ἀέρα
894 2621 1063 2673 ποιῶν
1092 2622 1187 2674 καὶ
1235 2620 1463 2691 ὄμϐροις
1505 2621 1785 2691 ραγδαίοις

231 2704 317 2773 τὴν
362 2706 539 2776 χώραν
592 2708 925 2773 ἐπικλύζων.
962 2711 1277 2781 Τηνικαῦτα
1324 2712 1381 2763 δὲ
1440 2712 1556 2781 ἀρα
1616 2714 1712 2767 καὶ
1756 2715 1785 2766 ὁ

230 2796 401 2860 Νεῖλος
433 2800 601 2862 πολὺς
622 2801 716 2852 ἐπὶ
745 2802 846 2872 τὴν
877 2804 1153 2870 Αἴγυπτον
1176 2803 1469 2873 ἐρχόμενος
1498 2804 1785 2871 πελαγίζει

234 2905 285 2940 τε
307 2893 392 2942 καὶ
415 2892 673 2962 κατάρδει
719 2894 819 2962 τὴν
846 2896 969 2963 γῆν,
1025 2895 1114 2947 ὅτε
1141 2895 1198 2946 δὲ
1227 2898 1255 2948 ὁ
1299 2895 1448 2965 ἥλιος
1486 2897 1578 2947 τὸν
1626 2897 1788 2963 Αίγό-

227 2980 388 3048 κερών
405 2984 448 3015 ’³
469 3000 529 3036 τε
563 2985 660 3035 καὶ
698 2984 982 3055 ’Υδροχόον
1014 2986 1107 3038 καὶ⁸
1132 2984 1345 3053 Ἰχθύας
1376 2985 1783 3055 ἐπιπορεύεται,

227 3071 474 3125 ἀνάπαλιν
526 3075 555 3125 ὁ
602 3073 710 3144 ἀὴρ
766 3076 881 3137 τοῖς
942 3074 1040 3144 μὲν
1112 3074 1442 3137 Ἀδουλίταις
1472 3075 1631 3145 μέχρι
1688 3076 1787 3144 τῆς

1882 1989 1989 2043 illic
2015 1999 2068 2045 et
2090 1992 2261 2045 hiems
2314 1992 2531 2046 accidit.
2560 1991 2716 2057 Nam,
2753 1995 2867 2049 sole
2902 1996 3193 2060 Cancrum,
3218 1998 3453 2052 Leonem

1878 2092 1934 2138 et
1986 2084 2259 2154 Virginem
2302 2086 2557 2149 obeunte,
2591 2086 2656 2139 ad
2696 2087 2841 2139 Aven
2873 2102 3045 2153 usque
3074 2088 3171 2155 (uti
3199 2098 3253 2143 et
3277 2082 3452 2147 nobis)

1881 2187 2037 2232 mstas
2067 2188 2169 2241 est,
2189 2192 2504 2246 summaque
2537 2177 2656 2233 caeli
2680 2178 2911 2233 siccitas.
2950 2178 3018 2233 At
3043 2180 3110 2233 ab
3132 2181 3241 2233 Ave
3265 2182 3451 2233 Auxu-

1883 2266 1993 2319 tnin
2028 2280 2235 2327 versus,
2272 2276 2326 2319 et
2348 2262 2954 2335 reliquamllthiopiam
2983 2307 2995 2327 ,
3034 2267 3207 2321 hiems
3246 2276 3328 2319 est
3358 2282 3452 2321 ve-

1884 2360 2126 2422 hemens,
2152 2375 2256 2413 non
2298 2360 2507 2430 integro
2542 2359 2757 2427 quidem
2793 2359 2881 2411 illa
2920 2360 3027 2424 die,
3068 2362 3160 2414 sed
3191 2377 3308 2430 qurc
3338 2362 3450 2430 (l2)

1885 2465 1913 2503 a
1960 2451 2182 2505 meridie
2209 2466 2421 2517 semper
2460 2459 2514 2505 el.
2543 2452 2745 2519 ubique
2779 2451 3064 2521 incipiens,
3103 2454 3306 2507 coactis
3357 2469 3456 2505 utt-

1884 2543 2040 2598 bibus
2075 2558 2253 2598 aerem
2284 2543 2535 2607 obducat,
2577 2552 2631 2598 et.
2688 2545 2968 2599 horrendis
3010 2545 3275 2599 imbribus
3301 2561 3452 2599 oram

1888 2634 2029 2688 illam
2092 2636 2335 2690 inundet.
2405 2636 2521 2702 Quo
2591 2635 2755 2690 etiam
2823 2646 3063 2705 tempore
3137 2637 3285 2690 Nilus
3352 2638 3457 2691 late

1888 2728 2175 2799 Egyptnm
2208 2728 2526 2797 pervadens,
2564 2728 2730 2782 maris
2762 2729 2812 2780 in
2844 2727 3059 2782 modum
3096 2739 3295 2781 terram
3334 2730 3458 2782 irri-

1888 2830 1996 2888 gat.
2050 2818 2181 2873 Cum
2227 2829 2403 2871 autem
2463 2819 2543 2872 sol
2588 2819 3002 2887 Capricornum,
3061 2821 3358 2888 Aquarium
3409 2832 3461 2874 et

1890 2908 2070 2963 Pisces
2102 2909 2459 2975 perambulat,
2487 2924 2580 2963 aer
2625 2910 2741 2964 vice
2770 2925 2924 2964 versa
2957 2912 3190 2965 Adulitis
3223 2912 3274 2964 in
3310 2916 3459 2965 Aven

1891 3016 2060 3069 usque
2102 2999 2364 3055 imbribus
2401 3002 2671 3069 regionem
2700 3002 2941 3064 inundat,
2981 3003 3047 3055 iis
3095 3018 3223 3056 vero
3267 3004 3356 3071 qui
3392 3004 3461 3057 ab

1891 3095 2000 3146 Ave
2030 3095 2337 3158 Auxumin,
2381 3104 2742 3161 ceteramque
2780 3092 3110 3162 Ethiopian]
3148 3110 3344 3147 versus
3375 3094 3459 3160 ja-

226 3162 360 3233 Αὖης
386 3164 617 3235 δμσροις
649 3166 932 3229 ἐπικλύζει
957 3168 1055 3235 τὴν
1087 3165 1295 3236 χώραν,
1328 3167 1441 3228 τοῖς
1467 3166 1521 3219 δὲ
1556 3166 1663 3219 ἀπὸ
1686 3168 1784 3236 τῆς
1816 3204 1857 3260 C

1816 3204 1857 3260 ο
1892 3192 2032 3248 cent,
2068 3191 2227 3235 aestas
2253 3190 2357 3247 est,
2398 3192 2452 3237 et
2472 3190 2713 3237 maturos
2757 3182 2866 3253 jam
2901 3180 3113 3236 fructus
3146 3193 3289 3236 terra
3320 3198 3448 3252 prue-

225 3254 359 3325 Αὖης
392 3258 555 3326 μέχρι
620 3257 945 3326 Λύξούμεως
1013 3258 1105 3311 καὶ⁵
1134 3256 1236 3327 τῆς
1292 3257 1457 3326 ἀλλης
1502 3259 1786 3321 Αἰθιοπίας
1824 3254 1857 3260 ⁷
1890 3272 1997 3324 ιιει,

224 3345 365 3415 θέρος
392 3366 449 3400 τε
473 3348 569 3400 καὶ
592 3348 663 3401 τά
684 3348 861 3420 ὡραῖα
880 3348 1179 3419 τηνικαῦτα
1209 3348 1420 3412 τούτοις
1448 3351 1480 3419 ὴ
1508 3350 1578 3419 γῆ
1615 3366 1789 3419 παρα-

222 3436 439 3492 δίδωσιν.

284 3529 400 3582 Ὀτι
430 3531 540 3583 ἀπὸ
571 3530 675 3600 τῆς
719 3532 938 3603 Φαρσάν
981 3532 1197 3586 πλέοντι
1229 3533 1309 3605 τῷ
1360 3531 1632 3603 Νοννόσῳ,
1692 3532 1787 3584 ἐπὶ

220 3620 308 3690 τὴν
333 3622 570 3693 ἐσχάτην
620 3623 730 3675 τῶν
777 3626 955 3692 νήσων
1008 3626 1415 3693 κατηντηκότι,
1488 3625 1686 3679 τοιόνδε
1733 3643 1787 3679 τι

222 3712 400 3784 συνέεη
438 3755 453 3779 ,
509 3714 700 3785 θαῦμα
745 3719 839 3768 καὶ
893 3716 1420 3789 ἀκοῦσαι.Ἐνέτυχε
1477 3718 1585 3787 γάρ
1670 3736 1779 3771 τισι

223 3809 423 3877 μορφὴν
453 3810 556 3878 μὲν
600 3810 696 3862 καὶ
728 3809 874 3863 ίδέαν
918 3809 1131 3879 ἔχουσιν
1160 3809 1539 3879 ἀνθρωπίνην,
1585 3810 1788 3880 βραχυ-

218 3896 387 3961 τάτοις
437 3900 495 3952 δὲ
564 3902 627 3953 τὸ
706 3901 752 3931 ³⁸
806 3900 1037 3971 μέγεθος
1116 3902 1211 3954 καὶ
1265 3902 1461 3971 μέλασι
1548 3903 1593 3933 ’⁷
1685 3904 1785 3973 τὴν

219 3987 394 4053 χρόαν,
425 3990 533 4041 ὑπὸ
563 3990 621 4042 δὲ
652 3991 859 4060 τριχῶν
894 3990 1313 4061 δεδασυσμένοις
1344 3992 1434 4045 διὰ
1470 3993 1667 4057 παντὸς
1693 3993 1787 4047 τοῦ

219 4074 455 4145 σώματος
478 4095 492 4108 ⁸
526 4081 749 4133 εἵποντο
777 4081 831 4132 δὲ
876 4083 989 4144 τοῖς
1017 4081 1247 4153 ἀνδράσι
1279 4082 1371 4135 καὶ
1398 4086 1654 4150 γυναῖκες
1681 4101 1787 4135 πα-

219 4169 504 4238 ραπλήσιαι
541 4172 642 4223 καὶ
705 4173 969 4243 παιδάρια
1020 4174 1099 4227 ἔτι
1157 4173 1467 4245 βραχύτερα
1498 4174 1607 4227 τῶν
1654 4176 1786 4246 παρ’

216 4259 386 4323 αὐτοῖς
412 4262 652 4333 ἀνδρῶν.
693 4265 894 4333 Γυμνοὶ
936 4265 992 4318 δὲ
1020 4260 1159 4337 ἦσαν
1194 4268 1451 4330 ἀπαντες’
1501 4267 1640 4338 πλὴν
1669 4268 1787 4339 δέρ-

216 4352 335 4420 ματί
373 4372 480 4408 τινι
530 4355 719 4426 μικρῷ
752 4356 849 4428 τὴν
893 4355 1024 4409 αἰδὼ
1075 4358 1511 4428 περιεκάλυπτον
1566 4358 1616 4410 οί
1650 4375 1787 4429 προ-

212 4442 497 4515 σεϐηκότες
524 4447 737 4516 ὁμοίως
760 4447 949 4514 ἀνδρες
976 4464 1036 4500 τε
1062 4450 1153 4501 καὶ
1180 4450 1453 4517 γυναῖκες.
1476 4450 1701 4519 Ἄγριον
1725 4448 1783 4501 δὲ

1960 3530 2240 3602 Naviganti
2283 3546 2311 3585 a
2356 3528 2554 3585 Pharsa
2604 3528 2863 3585 Nonnoso
2890 3572 2905 3597 ,
2954 3540 3007 3584 et
3050 3530 3117 3584 ad
3164 3541 3459 3586 extremam

1891 3638 2057 3693 usque
2100 3623 2393 3677 insularum
2452 3622 2648 3688 delato,
2702 3623 2804 3676 tale
2857 3622 2985 3691 quid
3057 3624 3315 3685 occurrit,
3379 3624 3461 3676 vel

1889 3717 2002 3785 ipso
2030 3716 2209 3771 auditu
2251 3715 2649 3769 admirandum.
2690 3713 2883 3769 Incidit
2928 3716 3072 3769 enim
3110 3716 3162 3769 in
3196 3715 3459 3783 quosdam

1889 3806 2059 3861 forma
2087 3806 2302 3876 quidem
2324 3816 2379 3859 et
2397 3806 2563 3875 figura
2581 3808 2839 3868 humana,
2865 3808 2958 3860 sed
2984 3806 3459 3877 brevissimosﬂb)

1887 3910 1940 3953 et
1974 3909 2148 3953 cutem
2200 3900 2379 3968 nigros
2424 3906 2701 3966 totumque
2750 3897 2950 3966 pilosos
2988 3912 3204 3965 corpus.
3244 3897 3453 3966 Seque-

1889 3988 2083 4043 bantur
2120 3991 2260 4043 viros
2294 3990 2527 4058 aequales
2561 3990 2801 4053 feminae,
2838 4002 2892 4047 et
2931 3993 3081 4060 pueri
3132 3992 3308 4047 adhuc
3338 3995 3459 4047 bre-

1888 4082 2083 4136 viores.
2116 4081 2250 4135 Nudi
2280 4095 2467 4134 omnes
2496 4092 2680 4150 agunt,
2708 4083 2845 4152 pelle
2885 4092 3092 4137 tantum
3118 4085 3266 4138 brevi
3298 4085 3453 4139 adul-

1888 4176 2055 4229 tiores
2087 4177 2317 4229 verenda
2346 4174 2490 4238 tecti,
2514 4173 2615 4228 viri
2643 4175 2847 4243 pariter
2880 4192 2941 4229 ac
2976 4175 3213 4241 feminae,
3249 4186 3461 4245 agreste

1890 4265 2020 4319 nihil
2059 4278 2235 4333 neque
2267 4262 2489 4317 eﬂerum
2530 4262 2658 4331 quid
2697 4278 2806 4331 prae
2836 4278 2894 4317 se
2931 4262 3187 4318 ferentes.
3220 4263 3359 4330 Quin
3408 4272 3461 4316 et

1887 4370 1988 4411 vox
2020 4354 2125 4409 illis
2152 4356 2405 4417 humana,
2429 4354 2521 4406 sed
2549 4354 2824 4417 omnibus,
2846 4356 3009 4407 etiam
3036 4354 3259 4416 accolis,
3296 4368 3453 4422 pror-

1888 4460 1980 4499 sus
2008 4445 2185 4513 ignota
2237 4442 2436 4510 lingua,
2483 4443 2763 4511 multoque
2798 4444 3029 4509 amplius
3079 4443 3319 4499 Nonnosi
3370 4458 3457 4497 so.

210 4535 352 4587 οὐδὲν
374 4536 764 4590 ἐπεδείκνυπο
794 4537 914 4589 οὐδὲ
944 4538 1217 4608 ἀνήμερον
1243 4579 1256 4598 ,
1303 4539 1437 4591 ἀλλά
1464 4539 1558 4591 καὶ
1595 4538 1781 4609 φωνὴν
1814 4545 1857 4600 ι)

1814 4545 1857 4600 ι)
1886 4536 2000 4589 ciis.
2041 4533 2237 4587 Vivunt
2264 4534 2484 4587 marinis
2525 4535 2746 4595 ostreis,
2775 4543 2828 4587 et
2860 4535 3099 4602 piscibus
3142 4549 3173 4588 e
3218 4535 3359 4588 mari
3390 4538 3454 4587 ad

209 4622 344 4695 εἶχον
375 4630 476 4699 μὲν
507 4628 887 4699 ἀνθρωπίνην,
938 4630 1214 4697 ἄγνωστον
1242 4630 1297 4682 δὲ
1335 4630 1650 4683 παντάπασι
1680 4631 1779 4699 τὴν

206 4718 473 4773 διάλεκτον
505 4723 626 4782 τοῖς
659 4738 719 4772 τε
752 4721 1047 4790 περιοίκοις
1074 4721 1247 4774 ἅπασι
1297 4724 1386 4775 καὶ
1412 4722 1592 4792 πολλῷ
1616 4721 1778 4774 πλέον

206 4813 310 4874 τοῖς
333 4813 461 4881 περὶ
486 4811 584 4864 τὸν
614 4811 881 4863 Νὸννοσον
913 4810 978 4863 ⁸⁸.
1040 4812 1242 4876 Διέζων
1293 4814 1347 4866 δὲ
1378 4816 1441 4867 ὲκ
1475 4813 1777 4867 θαλαττίων

1888 4630 2117 4682 insulam
2160 4626 2430 4694 proiectis.
2478 4624 2726 4679 Audaces
2769 4626 2987 4679 minime
3032 4635 3178 4687 sunt,
3233 4635 3313 4689 ut,
3362 4642 3459 4680 no-

1886 4722 2013 4775 stris
2068 4721 2375 4788 conspectis
2430 4718 2775 4783 hominibus,
2837 4720 3292 4786 quemadmodum
3360 4734 3457 4772 nos

1890 4816 1997 4865 visa
2028 4813 2227 4883 ingenti
2252 4810 2383 4876 fera,
2423 4821 2563 4865 metu
2593 4810 2822 4880 perculsi
2854 4810 3056 4865 fuerint

204 4908 428 4978 ὀστρέων
468 4911 515 4940 ¹⁹
571 4908 671 4960 καὶ
719 4907 918 4977 ίχθύων
937 4907 1043 4961 τῶν
1071 4909 1177 4961 ἀπὸ
1221 4909 1321 4977 τῆς
1354 4909 1629 4982 θαλάσσης
1662 4915 1744 4975 είς
1780 4911 1879 4980 τὴν
1937 4910 2097 4978 νῆσον
2128 4906 2630 4977 ἀποῤῥιπτομένων.
2675 4904 2885 4974 Θάρσος
2953 4905 3010 4957 δὲ
3053 4900 3196 4975 εἶχον
3281 4902 3453 4964 οὐδὲν.

203 5000 324 5057 ἀλλά
352 5002 448 5057 καὶ
486 5000 733 5073 δρῶντες
772 5003 899 5065 τοὺς
937 5002 1061 5057 καθ’
1088 5005 1233 5074 ἡμᾶς
1262 5005 1581 5075 ἀνθρώπους
1642 5008 1983 5075 ὑπέπτησσον
2006 5006 2048 5036 ³ο
2074 5042 2089 5068 ,
2145 5003 2331 5072 ὥσπερ
2360 5004 2522 5073 ῂμεϊς
2555 5002 2624 5056 ei
2654 5003 2825 5074 μείζω
2841 5002 2947 5055 τῶν
2977 5001 3201 5073 θηρίων.

1518 5167 1753 5223 νΑΡιιιΕ
1802 5166 2208 5224 LECTIONES.

264 5321 695 5395 sa_ao§ou#mg
719 5323 818 5395 At
854 5322 1062 5395 7’7’961’]
1094 5327 1221 5394 περὶ
1255 5343 1306 5395 p.
1344 5329 1378 5381 3
1402 5345 1433 5381 a
1468 5330 1555 5385 54.

199 5389 332 5463 last]
352 5389 603 5463 μελανὴν
631 5394 674 5444 Α
686 5432 699 5445 .

1631 5332 1677 5363 ’⁸
1700 5331 1777 5395 ὼς
1796 5332 1838 5385 Α
1862 5350 1874 5387 :
1898 5332 2021 5385 ὅσον
2050 5349 2109 5396 ς.

779 5393 822 5424 ⁸⁸
851 5393 1439 5466 Νόννωσον,ίυιέκρε,
1472 5404 1535 5454 A.
1608 5403 1653 5433 "
1686 5393 1947 5465 ὀστρείων
1980 5420 2039 5466 ς.

2184 5330 2231 5361 ’⁸
2256 5329 2599 5399 αίγοκέρωτα
2622 5346 2703 5399 pr.
2727 5330 2788 5383 A.
2870 5330 2916 5359 “
2950 5328 3131 5381 τὸυιυ.
3165 5330 3226 5383 A.
3305 5328 3456 5395 ¹⁷μέ-

2113 5402 2157 5433 ⁸⁰
2185 5400 2507 5468 ὑπέπτησαν
2536 5416 2597 5463 ς.

1727 5561 1961 5618 NOTAE.

265 5692 372 5761 ill)
411 5693 664 5765 Ctesiam
697 5691 947 5747 fortassis
1008 5690 1274 5757 imitatus,
1305 5709 1334 5748 a
1364 5710 1474 5765 quo
1512 5698 1766 5752 nonnulla

199 5764 420 5815 mutuari
455 5764 702 5815 videtur.

262 5831 370 5901 (ιὲ)
396 5832 594 5886 Simile
658 5830 787 5900 quid
829 5830 881 5885 in
933 5828 1130 5886 Indicis
1181 5832 1343 5890 refert
1393 5834 1601 5894 Ctesias
1639 5836 1767 5893 Cni-

1884 5699 2009 5753 dius
2038 5697 2137 5753 inf.
2166 5699 2284 5753 cod.
2316 5697 2525 5753 LXXII.

1950 5770 2062 5833 (l5)
2080 5769 2149 5822 De
2169 5767 2430 5837 Pygmteis
2450 5768 2545 5820 inf.
2567 5767 2772 5837 Ctesias
2795 5766 3073 5837 inlndt'ct's
3095 5767 3215 5824 cod.
3238 5765 3459 5826 LXX”.

1874 5837 2143 5894 Juvenalis
2170 5836 2401 5908 quoque,
2432 5838 2633 5893 Plinius
2656 5848 2707 5893 et
2742 5836 3014 5892 Paulinus.
