4210 6442
757 415 816 481 51
1934 414 2194 476 PIIOTII
2234 417 2739 478 PATRIARCIL‘E
2781 421 2887 478 CI‘.
3952 414 4017 479 52

1496 528 1585 583 IV.

763 620 1014 673 Theodori
1044 618 1352 691 Antiochieui
1376 636 1469 685 pro
1496 632 1679 675 sancto
1705 621 1905 675 Basilio
1944 620 2055 691 (14)
2090 622 2337 675 adversus

1237 690 1558 743 Eunomium
1591 693 1712 744 libri
1746 708 1869 747 xxv.

830 780 979 835 Lecti
1006 794 1131 837 sunt
1161 781 1431 837 Theodori
1463 780 1783 839 Autiocbeni
1809 802 1905 854 pro
1928 783 2126 839 Basilio
2150 788 2339 840 adver-

758 892 845 927 sus
868 873 1183 928 Enuomium
1204 875 1324 928 libri
1357 876 1541 945 viginti
1580 878 1807 947 quinque
1826 877 1960 947 (15).
1980 878 2069 931 Est
2087 878 2156 931 illi
2178 878 2339 946 phra-

760 968 833 1018 sis
862 982 968 1019 non
1001 982 1385 1037 usquequaque
1412 969 1691 1038 perspicua
1718 984 1734 1029 ς
1778 969 2026 1023 sensibus
2050 979 2225 1023 tamen
2253 970 2337 1039 3b

760 1066 818 1109 et
878 1060 1211 1127 argumentis
1262 1058 1490 1112 nimium
1552 1069 1815 1128 quantum
1868 1060 2109 1119 densus.
2168 1076 2339 1115 sacrm

760 1152 1055 1218 Scripturze
1092 1152 1419 1205 testimoniis
1444 1152 1656 1222 egregie
1706 1153 1965 1207 abundat.
2004 1151 2085 1206 Ad
2115 1153 2337 1207 verbum

760 1242 873 1299 fere
934 1243 1181 1299 Ennomii
1244 1248 1482 1301 rationes
1546 1246 1779 1310 refellit,
1854 1247 2160 1315 imperitum
2214 1264 2337 1302 eum

762 1337 915 1390 valde
962 1348 1315 1393 externarum
1356 1338 1787 1409 disciplinarum,
1842 1339 2121 1407 multoque
2170 1342 2338 1406 magis

763 1437 963 1481 nostra:
1010 1428 1322 1500 theologia},
1395 1430 1637 1498 pluribus
1700 1432 2015 1487 ostendens.
2068 1433 2165 1489 Hic
2214 1450 2339 1489 vero

762 1516 1119 1589 Mopsuestia,
1146 1531 1204 1575 ut
1232 1531 1383 1591 puto,
1410 1522 1697 1593 episcopus
1717 1522 1839 1578 fuit.

1497 1694 1559 1749 V.

1125 1782 1411 1851 δομὴνοηῆ
1450 1788 1513 1839 de
1538 1790 1719 1841 eadem
1745 1806 1797 1843 re
1820 1791 1969 1845 liber.

829 1871 1027 1927 Lectus
1050 1876 1301 1929 similiter
1338 1878 1631 1945 Sopbrooii
1657 1897 1753 1949 pro
1776 1881 1979 1937 Basilio
2008 1897 2192 1939 contra
2218 1885 2330 1940 Eu-
2368 1917 2407 1971 Β

762 1968 994 2020 nomium
1030 1968 1183 2032 liber,
1225 1967 1514 2026 Theodoro
1546 1977 1807 2040 apertior,
1838 1986 1894 2031 et
1923 1977 2091 2032 multo
2122 1980 2333 2034 doctior

760 2074 826 2113 ac
856 2061 1093 2114 brevior.
1131 2060 1316 2131 Neque
1359 2066 1503 2117 enim
1535 2082 1627 2135 pcr
1647 2070 1828 2122 omnia
1860 2069 2181 2124 Eunomiunt
2214 2086 2337 2140 per-

761 2150 1027 2217 sequitur,
1071 2151 1163 2205 sed
1191 2151 1276 2204 illa
1325 2156 1667 2221 potissimum
1699 2158 1938 2227 exagitat
1968 2168 2132 2226 atque
2177 2158 2338 2213 refel-

764 2240 841 2305 lit,
881 2258 1000 2311 qute
1020 2258 1229 2298 summa
1284 2246 1461 2313 capita
1512 2248 1732 2303 hmresis
1777 2250 2021 2305 Eunomii
2058 2254 2340 2309 continere

760 2333 1107 2389 videbantur.
1127 2336 1455 2391 Charactcre
1488 2354 1614 2393 usus
1641 2352 1725 2393 est
1755 2342 2123 2411 distinguente
2153 2362 2215 2400 ac
2241 2348 2339 2401 de-

764 2424 1030 2480 linieute:
1076 2437 1131 2480 et
1182 2438 1241 2482 ut
1279 2429 1566 2497 plurinnnu
1614 2434 1823 2489 solutus
1885 2436 1960 2489 illi
2013 2437 2341 2507 minimeque

764 2518 975 2572 vinctus
1004 2534 1206 2583 sermo,
1266 2538 1368 2577 non
1410 2525 1648 2594 ingratus
1688 2536 1890 2589 tamen,
1947 2528 2055 2581 into
2106 2541 2160 2583 et
2208 2530 2342 2600 lngi-

764 2608 843 2663 cis
873 2612 1438 2679 argumentationibus
1469 2632 1727 2685 perquam
1756 2618 1979 2674 ﬂoridus
2003 2632 2104 2675 est.

1511 2708 1596 2761 VI.

835 2792 1076 2863 Gregorii
1111 2794 1346 2866 Νεμείηὶ
1375 2799 1607 2867 ejusdem
1662 2806 1961 2872 argumenti
2005 2822 2161 2869 opera
2213 2808 2338 2860 duo.

834 2944 1033 3001 Lectus
1073 2959 1155 3002 est
1201 2951 1446 3023 Gregorii
1480 2953 1665 3025 Nyssa:
1691 2958 1928 3026 episcopi
1971 2960 2220 3014 similiter
2249 2980 2340 3028 pro

3170 529 3242 584 Δ’.

2444 622 2747 691 Θεοδώρου
2782 624 3119 691 Ἀντιοχέως
3165 622 3318 690 ὑπὲρ
3361 621 3684 691 Βασιλείου
3726 620 3877 673 κατὰ
3903 620 4022 673 Εὐ-

2935 690 3170 760 νομίου,
3217 696 3385 761 λόγοι
3423 690 3525 745 κε’.

2524 784 2861 854 Ἀνεγνώσθη
2880 784 3156 851 Θεοδώρου
3188 784 3503 853 Ἀντιοχέως
3522 783 3679 851 ὑπὲρ
3696 781 4021 835 Βασίλειον

2442 873 2595 926 κατὰ
2636 874 2938 941 Εὑνομίου
2967 875 3023 925 ἐν
3059 874 3233 941 λόγοις
3264 880 3361 925 κε’.
3393 873 3547 925 Ἐστι
3576 874 3633 925 δὲ
3684 872 3785 944 τὴν
3814 872 3917 942 μέν
3977 872 4020 901 ³⁸

2441 966 2641 1037 φράσιν
2668 966 2729 1018 οὐ
2756 966 2897 1018 πάνυ
2930 965 3178 1035 λαμπρὸς
3200 1005 3215 1027 ,
3250 967 3373 1027 ταῖς
3396 965 3452 1017 δέ
3476 964 3740 1027 διανοίαις
3776 966 3872 1018 καὶ
3911 966 4023 1025 τοῖς

2439 1059 2836 1129 ἐπιχειρήμασι
2856 1057 2973 1110 λίαν
2990 1058 3214 1120 πυκνὸς,
3239 1059 3335 1110 καὶ
3361 1059 3479 1119 ταῖς
3500 1056 3801 1127 Γραφικαϊς
3824 1056 4024 1125 ἄριστα

2440 1150 2686 1203 πλουτῶν
2706 1148 3052 1220 μαρτυρίαις.
3084 1149 3243 1203 Κατὰ
3272 1150 3416 1213 λέξιν
3445 1149 3501 1201 δὲ
3520 1148 3707 1219 σχεδὸν
3732 1147 3841 1200 τῶν
3863 1146 4026 1199 Εὐνο-

2444 1245 2568 1312 μίου
2601 1244 2774 1311 λόγων
2801 1244 2897 1310 τὴν
2934 1242 3245 1312 ἀνασκευὴν
3287 1244 3525 1295 ποιεῖται
3548 1280 3565 1305 ,
3592 1240 3781 1310 ἁμαθῆ
3808 1257 3870 1292 τε
3901 1238 4025 1291 λίαν

2440 1337 2548 1389 τῶν
2576 1354 2636 1388 τε
2675 1336 2909 1404 θύραθεν
2952 1336 3296 1405 μαθημάτων
3332 1335 3428 1388 καὶ
3476 1333 3657 1403 πολλῷ
3696 1332 3899 1403 μᾶλλον
3926 1332 4027 1399 τῆς

2442 1429 2564 1482 καθ’
2594 1430 2739 1498 ἡμᾶς
2772 1428 3058 1497 θεοσοφίας
3114 1427 3203 1481 διὰ
3244 1427 3456 1480 πολλῶν
3480 1426 3811 1489 ἐπιδεικνύς.
3855 1426 3915 1477 ’0
3965 1425 4025 1475 δὲ

2442 1522 2815 1591 Μοψουεστίας
2892 1521 3130 1590 γεγονὼς
3220 1522 3516 1582 ἐπίσκοπος
3597 1513 3752 1582 οὗτός
3833 1520 4025 1581 ἐστιν,

2441 1612 2615 1684 οἶμαι.

3182 1704 3257 1759 Ε’.

2536 1799 2879 1866 Σωφρονίου
2907 1799 3059 1865 ὑπὲρ
3078 1797 3400 1850 Βασιλειόυ
3432 1794 3581 1848 κατὰ
3602 1794 3925 1862 Εὑνομίου.

2518 1889 2858 1958 ’Δνεγνὼσθη
2905 1889 3105 1959 ὁμοίως
3175 1886 3482 1958 Σωφρονίου
3509 1888 3665 1954 ὑπὲρ
3695 1886 4027 1939 Βασίλειον

2439 1980 2591 2034 κατὰ
2633 1982 2957 2049 Εὑνομίου.
3017 1980 3357 2049 Σαφέστερος
3429 1978 3527 2047 μὲν
3600 1976 3876 2045 Θεοδώρου
3930 1978 4027 2029 καὶ

2439 2072 2619 2142 πολλῷ
2670 2072 3076 2142 συντομώτερος
3136 2072 3178 2102 ³¹
3212 2110 3227 2134 ,
3312 2070 3405 2122 καὶ
3453 2068 3576 2121 οὐδὲ
3643 2067 3701 2139 [4
3727 2065 3823 2137 IL]
3884 2069 4023 2118 πᾶσι

2439 2167 2549 2227 τοῖς
2581 2164 2844 2232 Εὐνομίου
2876 2161 3125 2225 ἐπεξιὼν,
3161 2160 3216 2232 [9
3246 2159 3334 2232 ιι.]
3368 2159 3479 2213 ἀλλ’
3518 2161 3705 2212 ἐκεῖνα
3734 2158 4030 2225 γυμνάζων

2440 2258 2533 2310 καὶ
2564 2257 2770 2324 ἐλέγχῳ
2794 2254 3261 2316 καθυποὸἀλλων,
3308 2252 3344 2305 ἃ
3386 2252 3533 2305 δοκεῖ
3584 2249 3881 2303 συνεκτικὰ
3934 2250 4029 2303 καὶ

2441 2346 2711 2415 κεφάλαια
2747 2346 2843 2413 τῆς
2875 2344 3142 2413 Εὐνομίου
3172 2342 3440 2413 αἱρέσεως
3462 2338 3627 2394 εἷναι.
3664 2340 4029 2412 Ἀφοριστικῷ

2440 2435 2496 2486 δὲ
2526 2434 2789 2504 κέχρηται
2836 2434 3180 2503 χαρακτῆρι,
3249 2433 3345 2484 καὶ
3376 2433 3452 2495 ὼς
3510 2431 3716 2484 ἐπίπαν
3758 2431 4027 2494 ἀπύλωτος

2442 2530 2588 2579 ἐστιν
2620 2526 2769 2594 αὑτῷ
2815 2528 2908 2579 καὶ
2943 2525 3232 2588 ἀσύνδετος
3276 2526 3305 2577 ὁ
3340 2524 3497 2592 λόγος
3520 2564 3536 2588 ,
3574 2524 3677 2576 οὐκ
3710 2524 3913 2593 ἄχαρις
3944 2523 4027 2585 δέ,

2441 2620 2577 2672 ἀλλὰ
2600 2621 2691 2671 καὶ
2716 2620 2950 2686 λογικοῖς
2978 2618 3368 2689 ἐπιχειρήμασι
3397 2616 3878 2688 περιηνθισμένος.

2444 2803 2777 2871 I‘pm-oplov
2810 2802 3313 2925 ΝύσσηςΕόμοίως
3342 2802 3495 2871 ὑπὲρ
3520 2800 3849 2855 Βασιλείου
3876 2800 4032 2854 κατὰ

3116 2890 3388 2925 υνοιιιου.

3116 2890 3388 2941 υνομιου.

2538 2962 2875 3033 Ἀνεγνώσθη
2920 2964 3222 3033 Γρηγορίου
3265 2963 3485 3032 Νύσσης
3540 2964 3586 2995 ³⁸
3632 2963 3834 3033 ὁμοίως
3874 2961 4035 3029 ὑπὲρ

770 3035 970 3091 Basilio
1002 3041 1249 3095 adversus
1272 3042 1588 3096 Eunomium
1615 3045 1747 3098 liber
1771 3048 1907 3115 (Ili).
1943 3046 2125 3118 Stylus
2162 3049 2258 3113 illi,
2296 3052 2339 3103 si

2448 3054 2771 3107 Βασιλείου
2786 3054 2883 3106 καὶ
2896 3054 3215 3122 Εὑνομίοο.
3232 3054 3345 3123 Τὴν
3362 3054 3461 3123 μὲν
3475 3056 3695 3124 φράσιν,
3712 3055 3852 3115 εῐτις
3873 3053 4035 3113 ἄλλος

766 3131 851 3183 cui
906 3131 1208 3197 rhetorum,
1280 3133 1524 3201 illustris,
1590 3150 1644 3190 et
1672 3136 2063 3205 jucunditatem
2123 3145 2343 3197 auribus

2449 3146 2716 3215 ρητόρων.
2755 3146 3007 3216 λαμπρὸς
3051 3147 3143 3199 καὶ
3173 3144 3369 3215 ἡδονῆς
3412 3147 3545 3199 ὠσὶν
3577 3145 3942 3209 ἀποστὰξων,
3970 3146 4033 3197 οὐ

770 3222 1055 3281 iustillans.
1106 3225 1213 3279 Sed
1265 3241 1367 3281 nec
1433 3228 1546 3295 ipse
1580 3231 1796 3297 quidem
1849 3233 2040 3288 ordine
2096 3234 2341 3290 Eunomii

2454 3239 2634 3307 μέντοι
2680 3238 2915 3307 καθεξῆς
2966 3238 3077 3291 οὐδ’
3133 3240 3294 3301 αὐτὸς
3321 3240 3365 3270 ³⁸
3424 3240 3525 3307 τὴν
3571 3237 3842 3307 Εὑνομίου
3897 3254 4035 3307 γραν

772 3314 1030 3381 scriptum
1091 3292 1464 3383 reprehendit.
1542 3292 1903 3384 Quamobrem
1956 3334 2011 3376 et
2059 3292 2414 3381 Theodoroc

769 3406 1034 3457 concisior
1066 3416 1170 3469 εει,
1200 3414 1255 3459 et
1301 3407 1607 3477 Sopbronio
1656 3409 1853 3477 latior;
1904 3414 2141 3470 abundat
2198 3422 2341 3473 enim

770 3496 1268 3565 entbymematibus
1311 3509 1474 3568 atque
1505 3503 1787 3572 exemplis.
1821 3504 1952 3559 Illud
2008 3519 2187 3562 autem
2221 3526 2345 3565 vere

768 3587 1273 3653 pronuntiaverim,
1344 3601 1602 3659 quantum
1680 3594 1976 3664 Gregorius
2039 3611 2343 3667 venustate,

767 3677 1051 3746 splendore
1093 3692 1148 3737 et
1190 3684 1417 3737 miriﬁca
1455 3687 1795 3756 jncunditate
1849 3692 2121 3745 antecellit
2171 3693 2347 3748 Theo-

768 3770 924 3833 doro.
948 3781 1157 3828 tantum
1183 3778 1346 3829 etiam
1372 3788 1817 3848 argumentorum
1844 3784 1994 3851 copia
2019 3793 2073 3839 et
2101 3786 2346 3841 ubertate

768 3865 1015 3918 eumdem
1039 3868 1254 3922 vincere
1276 3870 1590 3925 connititur.

1513 3964 1620 4017 VII.

838 4043 1061 4099 Lectum
1109 4057 1191 4101 est
1238 4050 1465 4105 alterum
1520 4056 1758 4122 ejusdem
1810 4055 2055 4127 Gregorii
2112 4060 2342 4128 Nysseni

766 4153 923 4206 opus,
956 4140 1020 4194 de
1051 4143 1241 4195 eadem
1276 4144 1391 4210 ipsa
1422 4160 1480 4198 re
1511 4167 1522 4199 ;
1558 4148 1609 4200 in
1642 4163 1748 4215 quo
1787 4151 2090 4206 rationibus
2124 4155 2347 4209 validio-

772 4232 919 4285 ribus
947 4247 1067 4286 cum
1101 4233 1363 4290 Eunoutio
1394 4253 1583 4293 manus
1631 4256 1951 4307 conserens,
1983 4259 2105 4298 eum
2141 4248 2192 4300 vi
2251 4264 2349 4303 ex-

769 4334 989 4391 pugnat,
1021 4326 1203 4381 omnia
1263 4330 1553 4396 impietatis
1610 4332 1951 4389 ﬁrmamenta
1991 4337 2345 4395 labefactans.

770 4412 1042 4470 Venustas
1074 4432 1201 4471 vero
1254 4422 1540 4484 orationis,
1592 4435 1647 4476 et
1698 4425 1956 4492 splendor
2007 4428 2346 4493 jucunditate

774 4505 988 4571 mistus,
1029 4509 1192 4563 etiam
1244 4511 1295 4563 in
1351 4513 1451 4565 boc
1502 4529 1666 4583 opere
1720 4516 1976 4573 decenter
2000 4535 2059 4575 se
2090 4524 2345 4577 ostendit.

1498 4688 1622 4743 VIII.

1111 4775 1351 4846 Origeuis
1384 4778 1457 4832 De
1489 4779 1777 4850 Principiis
1810 4784 1931 4837 libri
1962 4802 2034 4842 tv.

842 4863 992 4920 Lecti
1040 4880 1165 4921 sunt
1204 4867 1457 4939 Origenis
1491 4873 1627 4943 (I7)
1666 4874 1740 4927 De
1781 4875 2069 4947 Principiis
2104 4882 2226 4935 libri
2272 4899 2344 4939 tv.

772 4957 972 5013 llorum
1006 4961 1217 5031 primus
1248 4964 1315 5018 de
1351 4964 1530 5030 Patre,
1560 4978 1612 5021 et
1645 4966 1805 5032 Filio,
1840 4981 1895 5025 et
1921 4972 2123 5041 Spiritu
2158 4985 2348 5032 sancto

768 5050 902 5120 agit.
930 5052 1048 5118 Quo
1078 5054 1131 5109 in
1164 5055 1301 5110 libro
1333 5058 1557 5125 plurima
1608 5060 1923 5129 blaspheme
1978 5066 2170 5120 scribit
2205 5086 2219 5121 :
2268 5079 2343 5132 ut,

2453 3327 2557 3395 φὴν
2600 3329 2892 3397 ἀπελέγχει
2917 3329 2980 3382 ³⁸.
3016 3330 3105 3381 Διὸ
3158 3328 3252 3381 καὶ
3299 3327 3708 3398 συντομώτερός
3755 3329 3875 3380 ἐστι
3904 3328 4035 3380 Oeo-

2451 3418 2643 3487 δώρου,
2672 3420 2983 3489 Σωφρονίου
3033 3420 3091 3473 δὲ
3143 3420 3505 3490 πλατύτερος.
3548 3420 3837 3484 Πλεονάζει
3857 3418 3973 3489 γὰρ
3990 3420 4033 3448 ⁸⁸

2448 3510 2559 3570 τοῖς
2590 3509 2936 3579 ἐνθυμήμασι
2979 3512 3073 3563 καὶ
3112 3513 3225 3573 τοῖς
3274 3511 3737 3580 παραδείγμασιν.
3787 3510 3947 3563 Ἔστι
3977 3511 4033 3562 δὲ

2449 3597 2761 3659 ἀδεκάστως
2803 3602 2977 3651 εἰπεῖν
3000 3600 3074 3663 ὡς
3114 3602 3236 3653 ὅσον
3273 3602 3601 3670 ὑπερϐάλλει
3634 3601 3821 3654 κάλλει
3842 3619 3903 3654 τε
3941 3608 4035 3654 καὶ

2448 3689 2792 3761 λαμπρότητι
2844 3693 2938 3743 καὶ
2976 3691 3058 3761 τῷ
3096 3692 3344 3763 ἡδυτάτῳ
3392 3694 3669 3764 Θεόδωρον
3702 3732 3720 3757 ,
3775 3692 4036 3746 τοσοῦτον

2449 3784 2659 3833 ἐκείνου
2686 3781 2875 3835 τοῦτον
2895 3782 2957 3835 τὸ
2980 3784 3182 3853 πλῆθος
3213 3785 3321 3837 τῶν
3360 3788 3806 3856 ἐπιχειρημάτων
3847 3788 3947 3840 καὶ
3978 3788 4037 3839 τὸ

2451 3874 2673 3943 γόνιμον
2699 3876 2778 3939 εἰς
2806 3876 2867 3928 τὸ
2897 3878 3155 3947 προέχειν
3182 3877 3520 3942 ἐκϐιάζεται.

3183 3971 3257 4021 Ζ’.

2536 4056 2877 4125 Ἀνεγνώσθη
2909 4057 3073 4127 ἑτέρα
3112 4059 3464 4129 πραγματεία
3495 4057 3589 4111 τοῦ
3635 4058 3800 4111 αὑτοῦ
3824 4060 4039 4130 Γρηγο-

2453 4146 2569 4217 pluo
2599 4147 2817 4216 Νύσσης
2852 4148 2981 4219 περὶ
3006 4148 3110 4218 τῆς
3149 4148 3322 4218 αὐτῆς
3353 4148 3687 4212 ὑποθέσεως,
3735 4151 3794 4201 ἐν
3887 4150 4038 4217 λογι-

2452 4238 2692 4309 κώτερον
2743 4238 2996 4309 Εὐνομίῳ
3032 4238 3377 4309 συμπλακεὶς
3420 4239 3563 4293 κατὰ
3597 4240 3799 4308 κράτος
3849 4239 4033 4307 αἱρετ.

2452 4331 2631 4383 πάντα
2660 4331 2949 4400 σαθρώσας
2994 4332 3093 4400 τῆς
3126 4330 3447 4394 δυσσεϐείας
3504 4329 3672 4384 αὑτοῦ
3716 4330 3787 4383 τὰ
3815 4329 4036 4400 ὀχυρώ-

2454 4438 2623 4492 ματα.
2653 4423 2728 4476 Τὸ
2754 4423 2811 4475 δὲ
2840 4421 3035 4486 κάλλος
3065 4422 3159 4475 τοῦ
3192 4422 3349 4491 λόγου
3379 4425 3472 4476 καὶ
3496 4424 3529 4493 ὴ
3562 4422 3868 4492 σύγκρατος
3904 4422 4038 4491 λαμ-

2451 4519 2657 4589 πρότης
2708 4518 3007 4589 γλυκύτητι
3063 4519 3340 4574 κάνταῦθα
3370 4518 3687 4590 διαπρεπῶς
3729 4517 4038 4571 ἐπιδείκνυ-

2382 4634 2429 4690 D
2456 4629 2564 4663 ται.

3192 4708 3272 4760 H’.

2684 4797 3020 4864 Ὤριτένους
3036 4798 3099 4851 τὸ
3123 4797 3263 4866 Περι
3288 4798 3528 4866 Ἀρχῶν,
3551 4798 3721 4867 ,λόγοι
3743 4796 3817 4853 δ’.

2540 4888 2877 4958 Ἀνεγνώσθη
2912 4890 3217 4959 Ὡριγένους
3250 4890 3309 4943 τὸ
3332 4892 3469 4959 Περὶ
3494 4890 3736 4959 Ἀρχῶν,
3773 4889 3926 4957 λόγοι
3971 4892 4036 4951 δ’,

2459 4973 2533 5033 ὧν
2560 4980 2587 5030 ὁ
2625 4981 2723 5049 μὲν
2749 4982 2963 5052 πρῶτος
2990 4983 3117 5051 περὶ
3143 4981 3374 5051 Πατρὸς,
3399 4982 3495 5034 καὶ
3535 4980 3687 5047 Υῐοῦ,
3740 4981 3835 5034 καὶ
3876 4982 4038 5048 ἁγίου

2459 5072 2791 5141 Πνεύματος·
2830 5076 2888 5125 ὲν
2917 5066 2961 5141 ᾧ
2995 5073 3219 5127 πλεῖστα
3260 5073 3593 5144 βλασφημεῖ,
3637 5072 3729 5126 τὸν
3771 5072 3873 5141 μὲν
3907 5074 4038 5126 Υίὸν

2072 5205 2303 5261 νΑῐίιΑζ
2346 5207 2753 5264 LEC'I‘IONES.

870 5288 910 5318 ³¹
1070 5305 1177 5342 0m.
1204 5291 1271 5344 Α.
1314 5292 1393 5377 ﬂ"
1426 5294 2017 5377 ξηεθωσυγτομώτερος
2072 5317 2195 5354 cum
2254 5304 2297 5355 Α
2339 5306 2498 5360 omisi
2559 5308 2920 5377 συνετώτερος
2974 5305 3088 5361 καί.

773 5362 817 5392 ³⁸
850 5360 1133 5429 ἐπελέγχει
1171 5379 1229 5424 ς.
1313 5363 1357 5392 ³⁸⁸
1389 5364 1519 5435 γὰρ]
1550 5364 1605 5415 δὲ
1642 5366 1747 5434 γὰρ

3182 5306 3229 5337 ³³
3253 5304 3418 5371 νύσης
3440 5306 3506 5361 Α.
3588 5304 3634 5338 ³⁸
3657 5303 3845 5377 αὐτὸς]
3875 5307 3939 5359 οὐ
3969 5310 4035 5362 Λ.

2294 5516 2521 5573 ΝΟΤίΕ.

842 5663 889 5732 (I
903 5662 956 5730 4)
975 5662 1089 5718 Iam
1109 5667 1214 5718 vita
1232 5667 1436 5728 functo,
1458 5676 1514 5719 nt
1532 5668 1739 5723 duceris
1759 5669 1855 5726 inf.
1877 5672 1997 5727 cod.
2020 5672 2357 5726 CXXXVIII.

844 5733 957 5809 (I5)
992 5733 1130 5787 Infra
1160 5737 1279 5790 cod.
1326 5736 1645 5805 CLXXVII,
1684 5739 1736 5793 in
1768 5740 1884 5809 Ωιι,
1918 5742 2085 5799 libros
2110 5743 2179 5798 ‘28
2226 5746 2358 5799 scri-

784 5804 958 5874 psisse
984 5820 1458 5861 commenmratnr.

871 5876 983 5945 (I6)
1014 5874 1234 5933 Exstant
1258 5880 1370 5948 ejus
1406 5880 1526 5935 libri
1560 5897 1655 5936 xm
1719 5883 1972 5939 adversus
2013 5886 2238 5943 Eunoni.
2296 5888 2350 5943 in

2474 5674 2722 5729 biblioth.
2757 5674 3043 5739 Vaticana,
3072 5674 3233 5729 Boica
3265 5684 3319 5730 et
3344 5676 3493 5730 alibi.

2538 5745 2651 5807 (17)
2684 5744 2825 5812 Lege
2854 5748 2917 5798 de
2943 5747 3025 5799 bis
3055 5745 3112 5798 D.
3142 5745 3340 5799 Baron.
3376 5748 3525 5800 card.
3560 5756 3689 5801 tom.
3749 5744 3794 5799 V
3850 5748 3917 5802 ad
3965 5750 4032 5803 Δ.

2462 5817 2520 5867 C.
2556 5818 2680 5870 597.
2730 5815 2918 5869 Essent
2945 5818 3162 5886 elegans
3205 5818 3428 5883 epistola
3471 5817 3528 5869 Β.
3594 5818 3909 5886 Hieronymi
3968 5822 4034 5872 all

2459 5889 2675 5942 Atitum
2699 5888 2765 5941 de
2790 5888 3042 5943 cavendis
3065 5888 3315 5958 Origenis
3332 5888 3464 5959 Περὶ
3483 5887 3694 5959 ’Λρχὼν
3721 5891 4025 5945 erroribus.
