4210 6442
189 394 249 457 53
1200 400 1724 466 BIBLIOTHECA.
1761 407 2061 471 —CODD.
2104 411 2372 473 IV-XIII-
3370 410 3438 477 54

188 506 285 557 ὑπὸ
312 503 413 557 τοῦ
442 504 659 575 Πατρδς
687 505 1017 575 πεποιῆσθαι
1037 506 1297 578 λέγων,τὺ
1322 510 1378 565 δὲ
1399 513 1623 584 Πνεῦμα
1654 516 1760 568 ὑπὸ

1869 518 2055 574 Filium
2110 536 2140 573 a
2203 521 2363 577 Patre
2415 519 2653 587 factum,

2740 520 2998 592 Spiritum
3044 538 3074 579 a
3124 523 3262 580 Filio
3320 546 3335 581 :
3385 539 3439 583 et

187 600 270 653 τοῦ
299 600 461 663 Υίοῦ,
502 602 598 654 καὶ
634 602 844 669 διήκειν
866 604 963 672 μὲν
997 604 1091 656 τὸν
1121 605 1338 675 Πατέρα
1398 608 1487 662 διὰ
1540 610 1761 663 πάντων

1869 609 2077 664 Patrem
2108 613 2324 681 quidem
2378 627 2474 682 per
2527 613 2708 666 omnia
2760 630 2877 681 quae
2932 616 3197 671 exsistunt
3247 633 3437 687 perva-

186 693 283 744 τῶν
301 693 675 753 δντων,τὸνδὲ
692 694 823 749 Υίδν
848 696 1010 768 μέχρι
1036 696 1143 750 τῶν
1160 697 1395 766 λογικῶν
1439 700 1615 769 μόνων
1675 702 1718 731 ³⁷
1745 742 1760 767 ,

187 782 242 833 τὸ
267 782 323 833 δὲ
344 781 582 851 Πνεῦμα
616 782 779 852 μέχρι
826 782 999 852 μόνων
1049 783 1159 836 τῶν
1196 786 1574 855 σεσωσμένων.
1601 786 1764 854 Λέγει

186 873 350 927 δὲκαὶ
402 874 548 928 ἄλλα
601 875 1036 944 παραλογώτατα
1067 876 1162 928 καὶ
1209 876 1528 940 δυσσεϐείας
1558 878 1762 949 πλήρη.

193 966 666 1036 Μετεμψυχὼσεις
692 985 749 1020 τε
780 969 888 1036 γάρ
915 969 1147 1040 ληρῳδεῖ
1170 1010 1185 1031 ,
1219 969 1314 1022 καὶ
1346 970 1621 1040 ἐμψύχους
1640 972 1767 1035 τοὺς

189 1057 466 1129 ἀστέρας.
513 1060 608 1111 καὶ
648 1061 812 1130 ἕτερα
840 1060 1050 1123 τούτοις
1074 1061 1452 1132 παραπλήσια.
1488 1064 1644 1116 Ἔστι
1668 1063 1710 1115 δ’
1739 1065 1769 1117 ὁ

192 1147 281 1216 μὲν
322 1148 551 1217 πρῶτος
594 1150 744 1219 αὐτῷ
794 1151 1311 1221 μεμυθολογημένος
1366 1152 1497 1220 ’περὶ⁵
1558 1152 1603 1183 ³⁸
1656 1153 1769 1206 Πα-

188 1241 307 1309 τρὸς
329 1243 431 1294 καὶ
479 1243 578 1311 (ὡς
600 1245 806 1306 ἐκεῖνος
837 1245 993 1314 φησι)
1031 1246 1162 1315 περὶ
1208 1244 1446 1315 Χριστοῦ
1502 1244 1599 1298 καὶ
1644 1244 1772 1315 περὶ

191 1334 339 1398 ἁγίου
379 1336 728 1404 Πνεύματος.
786 1336 867 1390 ἔτι
930 1338 1193 1407 καὶπερὶ
1229 1337 1462 1404 λογικῶν
1521 1336 1767 1407 φύσεων·

188 1426 289 1480 ὀδὲ
314 1427 580 1499 δεύτερος
642 1429 771 1498 περὶ
826 1410 1031 1496 κόσμου
1088 1429 1185 1482 καὶ
1235 1428 1345 1481 τῶν
1376 1430 1436 1483 ἐν
1465 1428 1617 1499 αὐτῷ
1650 1446 1773 1482 κτι-

193 1520 439 1586 σμάτων,
486 1522 580 1571 καὶ
622 1520 701 1572 ἔτι
737 1522 819 1573 ὅτι
877 1515 959 1584 εἷς
1010 1520 1144 1583 Θεὸς
1201 1520 1366 1590 νόμου
1425 1522 1521 1574 καὶ
1565 1536 1777 1591 προφη-

427 1612 526 1663 κσὶ
568 1612 709 1663 ὅτιὸ
755 1612 917 1675 αὐτὸς
975 1613 1220 1676 Παλαιᾶς
1272 1614 1365 1666 καὶ
1391 1615 1599 1683 Καινῆς
1649 1617 1775 1665 Δια-

189 1701 360 1771 θήκης
428 1702 588 1767 Θεὸς,
642 1704 736 1755 καὶ
798 1705 925 1773 περὶ
988 1704 1086 1773 τῆς
1160 1704 1253 1757 τοῦ
1311 1705 1561 1775 Σωτῆρος
1619 1707 1775 1758 ἔναν-

187 1793 549 1863 θρωπήσεως.
604 1795 697 1847 καὶ
736 1796 820 1847 ὅτι
867 1796 928 1849 τὸ
960 1796 1092 1850 αὑτὸ
1132 1796 1358 1868 Πνεῦμα
1400 1798 1458 1850 ὲν
1500 1799 1705 1867 Μωῦσῇ
1731 1798 1773 1829 ³⁸

189 1611 290 1661 τῶν
314 1650 332 1673 ,

1865 700 1995 755 dere
2021 719 2035 756 :
2071 701 2265 755 Filium
2292 718 2421 756 vero
2448 703 2659 758 ratione
2689 703 2951 760 duntaxat
2980 707 3204 772 praedita
3239 725 3253 761 :
3305 709 3425 777 Spi-

1869 793 2027 845 ritum
2077 803 2255 846 autem
2313 809 2375 847 ea
2435 803 2640 847 tantum
2693 809 2813 864 quae
2872 797 3019 851 salva
3086 797 3228 851 facta
3293 808 3439 852 sunt.

1868 881 2057 936 Tradit
2079 892 2132 937 et
2158 884 2258 936 alia
2292 885 2514 937 nimium
2538 885 2794 953 absurda,
2819 886 3220 956 impietatisque
3240 887 3393 956 plena
3420 905 3435 942 :

1868 974 2177 1028 animarum
2228 974 2315 1045 4a
2350 975 2701 1044 migrationes
2731 986 2785 1033 et
2815 978 3058 1030 animata
3088 978 3292 1041 sidera,
3320 977 3444 1046 pln-

1870 1078 2036 1133 raque
2066 1064 2117 1119 id
2160 1080 2329 1133 genus
2365 1065 2467 1119 alia
2525 1076 2779 1136 nugatus.
2831 1066 3015 1122 Primo
3079 1068 3259 1137 itaque
3307 1068 3445 1122 libro

1874 1154 2116 1209 fabulose
2166 1156 2382 1210 disserit
2437 1157 2503 1209 de
2549 1156 2733 1218 Patre,
2782 1166 2836 1211 et
2894 1158 2983 1229 (ut
3022 1158 3138 1228 ipse
3175 1159 3441 1227 appellat)

1873 1248 1938 1301 de
1965 1247 2203 1312 Christo,
2235 1256 2290 1301 et
2316 1247 2382 1301 de
2408 1258 2596 1302 sancto
2626 1248 2830 1316 Spiritu
2868 1266 2883 1303 :
2920 1251 3145 1318 insuper
3172 1261 3227 1304 et
3258 1253 3323 1306 de
3350 1266 3441 1303 na-

1874 1338 2010 1393 turis
2064 1340 2270 1392 ratione
2314 1340 2574 1408 praeditis.
2629 1340 2881 1395 Secundo
2928 1356 3077 1407 vero,
3112 1343 3178 1395 de
3219 1343 3442 1407 mundo,

1874 1426 2144 1496 rebusque
2174 1427 2225 1480 in
2256 1441 2321 1480 eo
2353 1428 2587 1482 conditis
2616 1446 2627 1481 :
2658 1439 2916 1497 praeterea
2958 1445 3123 1484 unum
3164 1431 3439 1485 eumdem-

1874 1533 1980 1587 que
2004 1532 2124 1572 esse
2166 1516 2333 1572 Deum
2365 1518 2497 1587 legis
2552 1529 2608 1573 et
2640 1521 3023 1588 prOpbetarum
3054 1541 3067 1577 :
3098 1538 3261 1576 unum
3312 1524 3438 1577 item

1874 1624 1993 1663 esse
2022 1609 2229 1664 Veteris
2257 1618 2308 1663 et
2340 1606 2473 1664 Novi
2525 1608 2862 1665 Testamenti
2894 1612 3061 1666 Deum
3096 1631 3109 1667 :
3155 1614 3221 1668 de
3254 1615 3441 1668 Salva-

1876 1700 2009 1754 toris
2067 1700 2489 1755 incarnatione:
2546 1700 2794 1755 eumdem
2848 1703 3094 1772 spiritum
3131 1704 3183 1757 in
3236 1704 3439 1776 Moyse,
3516 1728 3517 1731 η

1878 1801 1931 1847 et
1959 1791 2076 1845 aliis
2118 1791 2415 1860 pr0phetis,
2452 1792 2764 1861 sanctisque
2810 1794 3070 1863 apostolis
3117 1795 3303 1851 fuisse.
3360 1799 3438 1851 Ad

184 1886 271 1937 καὶ
292 1888 412 1947 τοῖς
436 1886 618 1948 ἄλλοις
644 1887 952 1955 προφήταις
980 1888 1075 1941 καὶ
1097 1888 1272 1955 ἁγίοις
1317 1889 1657 1951 ἀποστόλοιςο
1684 1887 1764 1939 ἔτι

1872 1884 1985 1935 haec
2017 1882 2081 1935 de
2110 1881 2311 1944 anima,
2344 1880 2408 1933 de
2438 1882 2861 1949 resurrectione,
2892 1884 2958 1939 de
2990 1897 3170 1953 pinna,
3201 1888 3265 1941 de
3299 1902 3439 1955 prie-

184 1976 305 2044 περὶ
332 1975 541 2043 ψυχῆς,
573 1976 701 2044 περὶ
728 1977 1096 2042 ἀναστάσεως,
1161 1977 1294 2048 περὶ
1315 1978 1609 2041 κολάσεως,
1638 1978 1767 2046 περὶ

183 2063 550 2131 ἐπαγγελιῶν.
603 2066 661 2119 '0
693 2066 749 2119 δὲ
785 2067 968 2137 τρίτος
1009 2068 1139 2139 περὶ
1179 2068 1549 2133 αὑτεξοοσίου.
1586 2068 1708 2131 Πῶς
1739 2072 1767 2123 ὀ

180 2156 425 2220 διάϐολος
473 2160 570 2211 καὶ
615 2160 670 2211 αί
731 2160 1106 2229 ἀντικείμεναι
1156 2161 1417 2230 δυνάμεις
1474 2161 1617 2216 κατὰ
1669 2162 1767 2224 τὰς

179 2250 403 2319 Γραφὲς
441 2251 834 2320 στρατεύονται
870 2252 947 2322 τῷ
995 2252 1321 2323 ἀνθρωπίνῳ
1348 2253 1515 2321 γένει·
1561 2254 1644 2307 ὅτι
1677 2270 1765 2321 γε-

177 2344 336 2411 νητὸς
376 2346 407 2396 ὁ
456 2344 663 2411 κόσμος
703 2344 800 2397 καὶ
837 2344 1077 2415 φθαρτὸς
1118 2346 1228 2399 ἀπὸ
1276 2345 1469 2415 χρόνον
1526 2345 1765 2416 ἀρξάμε-

176 2451 279 2498 νος.
328 2434 388 2487 Ὀ
415 2434 478 2487 δὲ
505 2436 763 2503 τέταρτος
784 2438 913 2506 περὶ
946 2436 1151 2501 τέλους,
1170 2437 1251 2490 ὅτι
1272 2435 1411 2489 θεῖαι
1444 2437 1501 2490 αἱ
1524 2434 1762 2507 Γραφαί.

176 2526 360 2590 Τέλος,
392 2527 549 2591 ὅπως
570 2530 652 2580 δεῖ
682 2528 1079 2596 ἀναγινώσκειν
1107 2528 1200 2581 καὶ
1227 2531 1366 2581 νοεῖν
1390 2528 1487 2591 τὰς
1518 2528 1759 2599 Γραφάς.

917 2661 995 2716 Θ’.

437 2766 739 2824 Εὺοέεϐιου
772 2773 1131 2839 Καισαρείας
1160 2773 1534 2828 ἐπισκόπου.

258 2883 605 2951 Ἀνεγνώσθη
636 2882 1047 2951 Εὑαγτελικῆς
1066 2887 1578 2953 Προπαρασκευῆς
1602 2888 1764 2941 Εὐσε-

180 2973 294 3025 ϐίου
318 2974 473 3040 λόγοι
494 2979 578 3037 ιε’,
598 2975 656 3025 ὲν
684 2968 764 3037 οἷς
794 2976 870 3037 ὡς
898 2975 1101 3027 ἐπίπαν
1130 2974 1227 3044 τὴν
1244 2976 1512 3044 Ἐλλήνων
1543 2994 1765 3045 ματαιο-

179 3067 367 3133 λογίαν
397 3066 756 3135 ὲλέγχεμκειὶ
785 3067 1196 3138 ὼςάσύμφωνοι
1216 3067 1306 3138 [12
1327 3068 1415 3141 R.]
1445 3070 1598 3122 αὐτοὶ⁵
1626 3070 1766 3140 πρὸς

182 3157 410 3219 ἑαυτοὺς
446 3157 781 3211 διετέλεσαν.
821 3158 1112 3229 Μέμνηται
1142 3158 1200 3211 δὲ
1237 3160 1297 3211 ὲν
1329 3160 1470 3231 ἀρχῇ
1496 3161 1591 3213 τοῦ
1632 3179 1762 3214 πεν-

182 3250 579 3303 τεκαιδεκάτου
606 3250 764 3317 λόγου
800 3250 858 3323 [5
882 3250 975 3323 [1.]
1009 3251 1105 3305 καὶ
1135 3254 1194 3304 ἐν
1248 3252 1326 3322 τῷ
1370 3254 1513 3307 τέλει
1568 3254 1768 3325 ἑτέρας

185 3342 605 3411 πραγματείας,
671 3344 741 3412 ἢν
773 3344 1192 3411 Euan-31min
1222 3344 1552 3409 Ἀπόδειξιν
1594 3346 1771 3411 ἐξονο-

187 3435 348 3501 μαξει
410 3434 462 3465 δ’
490 3473 506 3498 ,
561 3434 853 3488 ἀκόλουθον
901 3436 1063 3490 οὖσαν
1112 3440 1179 3507 τῇ
1212 3438 1589 3507 Εὐαγγελικῇ
1622 3443 1770 3507 Προ-

186 3525 579 3595 πιιρασκευῇ.
639 3529 721 3582 ὅτι
752 3530 785 3598 ἡ
846 3529 947 3598 μὲν
991 3529 1210 3599 ἔλεγχός
1259 3531 1375 3583 ἐστι
1428 3533 1616 3602 σχεδὸν
1673 3534 1773 3604 τῆς

197 3619 475 3687 Ἐλλήνων
497 3618 731 3686 πλάνης,
777 3621 810 3689 ἡ
848 3619 904 3673 δὲ
933 3618 1226 3689 βεϐαίωσις
1272 3621 1368 3675 τοῦ
1415 3623 1773 3695 κηρύγματος

186 3711 281 3763 τοῦ
321 3710 710 3778 εύαγγελιιιοῦ.

264 3891 621 3962 Ἀνεγνώσθη
648 3890 962 3963 Εὐσεδίουὴ
985 3895 1359 3965 Εὐαγγελικὴ
1378 3896 1703 3964 Ἀπόδειξις
1718 3899 1774 3951 ὲν

190 3986 419 4055 βιϐλίοις
450 3990 500 4037 κ’
508 4026 521 4039 .

950 4076 1053 4132 lA'.

274 4169 626 4239 ’Δνεγνὼσθη
653 4170 911 4224 Εὐσεσίου
941 4168 1446 4237 Ἐκκλησιαστικὴ
1473 4173 1779 4239 Προπαρα-

189 4260 393 4329 σκευὴ
423 4264 484 4314 ὲν
516 4260 840 4331 βιϐλίοις...,
878 4264 939 4316 ὲν
965 4255 1045 4323 οἷς
1071 4260 1315 4329 ὲκλογαί.

954 4352 1055 4407 lB'.

272 4445 624 4516 ’Δνεγνώσθη
645 4443 905 4499 Εὑσεόίου
930 4440 1437 4511 Ἑκκλησιαστικὴ
1465 4440 1785 4509 Ἀπόδειξις

192 4543 253 4594 ιν
280 4540 587 4611 βισλίοις...

954 4628 1055 4683 II”.

278 4724 597 4795 Ἀνεγνὼθη
623 4722 882 4778 Εὐσεϐίου
906 4719 1188 4789 Ἐλέτχου
1205 4717 1305 4771 καί
1322 4716 1668 4787 Ἀπολογίας
1706 4716 1785 4770 λό-

194 4839 283 4889 γοι
316 4820 437 4885 δύο,
473 4817 573 4871 καί
597 4816 774 4885 ἕτεροι
802 4813 916 4876 δύο,
938 4813 1133 4875 οἵτινες
1174 4809 1311 4881 πρὸς
1333 4811 1457 4872 τοὺς
1478 4810 1780 4880 προτέρους

194 4913 293 4965 δύο
314 4912 373 4964 ἐν
404 4926 522 4963 τισι
556 4909 740 4979 ῥητοῖς
763 4904 1235 4973 παραλλάσσοντες
1270 4901 1329 4953 ὲν
1356 4902 1468 4963 τοῖς
1497 4900 1680 4962 ἄλλοις
1710 4902 1777 4970 τῇ

195 5020 259 5056 τε
280 5002 430 5067 λέξει
468 4998 569 5051 καὶ
595 4998 662 5065 τῇ
682 4994 891 5065 διανοίᾳ
922 4995 969 5045 οί
992 4990 1141 5044 αὐτοί
1172 4991 1330 5046 εἰσιν.
1364 4988 1587 5058 Είσάγει
1614 4989 1673 5042 δὲ
1698 4990 1773 5052 ὡς

1870 1973 2013 2027 miis.
2038 1971 2225 2027 Tertio
2249 1974 2314 2028 de
2348 1973 2555 2028 arbitrii
2598 1973 2850 2029 libertate
2880 1992 2894 2029 :
2928 1989 3031 2043 qua
3064 1975 3269 2030 ratione
3323 1977 3440 2030 dia-

1868 2063 2039 2128 holus,
2059 2066 2448 2135 contrariaque
2493 2073 2807 2135 potestates,
2834 2064 2985 2132 juxta
3028 2066 3431 2135 Scripturarum

1867 2153 2191 2218 doctrinam,
2250 2169 2370 2208 cum
2422 2158 2657 2209 humano
2709 2169 2907 2225 genere
2946 2165 3183 2224 pugnent
3228 2172 3241 2209 :
3281 2171 3440 2209 mun-

1867 2244 1991 2297 dum
2014 2245 2141 2299 item
2170 2257 2347 2301 ortum
2385 2245 2611 2310 habere,
2634 2255 2689 2302 et
2740 2248 3078 2316 corruptioni
3143 2249 3435 2302 obnoxium

1865 2350 2007 2400 esse,
2038 2347 2098 2391 ut
2127 2338 2217 2407 qui
2265 2352 2295 2391 a
2324 2348 2564 2407 tempore
2599 2339 2810 2392 initium
2860 2340 3177 2408 sumpserit.
3237 2340 3438 2405 Quarto

1865 2431 1991 2484 item
2018 2428 2153 2484 libro
2182 2430 2248 2486 de
2278 2431 2381 2485 line
2411 2430 2599 2486 ultimo
2630 2448 2643 2484 :
2679 2430 2888 2486 divinas
2914 2446 3032 2486 esse
3078 2431 3386 2501 Scripturas
3420 2449 3435 2486 :

1867 2521 1933 2576 de
1956 2521 2163 2577 ratione
2189 2522 2418 2593 denique
2433 2522 2640 2593 legendi
2672 2532 2726 2577 et
2755 2522 3079 2593 intelligendi
3105 2521 3438 2593 Scripturas.

2605 2655 2699 2711 lX.

1870 2765 2081 2821 Eusebii
2120 2766 2457 2823 Cwaariensit
2492 2769 2722 2839 episwpi
2753 2768 2903 2841 (17⁸)
2941 2769 3136 2838 scripta
3179 2769 3444 2840 pleraque.

1935 2881 2081 2935 Lecti
2112 2891 2238 2936 sunt
2284 2880 2609 2951 Evangelia:
2636 2883 3034 2950 prepamtianis
3064 2883 3278 2937 Eusebii
3320 2884 3446 2937 libri

1865 2974 2219 3042 quindecim:
2253 2974 2448 3043 quibus
2498 2983 2556 3027 ut
2614 2973 2903 3043 plurimum
2954 2976 3167 3028 inanem
3206 2976 3445 3043 gentium

1866 3060 2165 3114 doctrinam
2230 3061 2461 3125 vellicat,
2542 3075 2811 3131 quamque
2872 3061 3073 3116 dissoni
3156 3061 3257 3130 ipsi
3307 3062 3449 3115 inter

1868 3163 1926 3203 se
1951 3160 2209 3218 perpetuo
2240 3148 2456 3205 inierint.
2495 3149 2740 3205 Meminit
2776 3166 2907 3206 vero
2963 3151 3118 3205 initio
3146 3151 3265 3205 libri
3295 3152 3445 3206 deci-

1870 3242 1942 3294 mi
1981 3242 2176 3309 quinti,
2221 3251 2277 3297 et
2315 3242 2368 3296 in
2424 3242 2613 3298 eodem
2645 3250 2911 3309 extremo,
2966 3242 3191 3297 alterius
3240 3242 3443 3312 operis,

1869 3337 2011 3403 quod
2054 3333 2422 3404 Erangelicam
2457 3333 2963 3390 Demonstrationem
3022 3336 3281 3398 nominat,
3327 3349 3448 3404 qua

1869 3432 1990 3491 post
2016 3420 2383 3493 Evangelicam
2420 3420 2868 3489 Prwparationem
2891 3423 3269 3493 consequitur;
3301 3423 3445 3493 quod

1872 3517 1986 3569 haec
2028 3515 2242 3583 quidem
2276 3515 2622 3583 reprehensio
2674 3514 2787 3570 fere
2823 3520 2891 3570 sit
2923 3516 3123 3570 erroris
3174 3515 3439 3586 gentium,

1874 3606 1958 3661 illa
1994 3621 2122 3660 vero
2152 3605 2491 3661 confirmatio
2522 3606 2775 3676 praconii
2811 3608 3125 3678 evangelici.

1946 3887 2092 3943 Lecti
2142 3899 2265 3942 sunt
2296 3888 2511 3943 Eusebii
2562 3798 2892 3958 Εοῗίιθιίξεω
2958 3889 3434 3944 Demonstratianis

1881 3978 2002 4033 libri
2031 3980 2215 4049 viginti
2251 3979 2385 4049 (ιδ).

2617 4068 2711 4125 XI.

1954 4166 2099 4223 Lecti
2121 4173 2246 4220 sunt
2268 4174 2321 4219 et
2350 4163 2567 4220 Eusebii
2600 4164 2712 4237 (19)
2747 4161 3131 4219 Εεοίεεὶαειίσω
3165 4164 3476 4233 Ρτωρανα-.

1884 4259 2040 4314 tionis
2068 4256 2305 4312 libri.....
2343 4255 2397 4309 in
2426 4254 2621 4326 quibus
2659 4265 2913 4325 excerpta
2941 4263 3086 4309 sunt.

2604 4348 2722 4404 XII.

2604 4349 2653 4403 Χ
2706 4390 2722 4404 .

1957 4439 2099 4494 Lecti
2134 4448 2257 4494 sunt
2280 4440 2407 4493 item
2446 4349 3091 4494 Eusebiiulkclesiasticw
3116 4439 3453 4493 Demonstra-

1816 4568 1862 4625 Β
1890 4529 2046 4582 tionis
2082 4528 2318 4583 libri.....

2607 4617 2749 4675 XIII.

1960 4710 2108 4766 Lecti
2156 4718 2281 4765 sunt
2334 4708 2552 4763 Eusebii
2617 4706 3013 4775 Confutationis
3075 4720 3123 4763 et
3184 4711 3453 4780 Apologia:

1888 4802 2012 4856 libri
2041 4801 2165 4856 duo.
2200 4799 2371 4853 Alteri
2404 4798 2532 4852 item
2562 4798 2689 4863 duo,
2714 4798 2802 4867 qui
2829 4814 2860 4851 a
2914 4799 3186 4867 prioribus
3241 4804 3452 4856 duobus

1888 4910 2008 4950 cum
2048 4892 2437 4948 assertionibus
2464 4889 2785 4960 quibusdam
2817 4890 3091 4957 dill‘erant,
3128 4892 3180 4946 in
3236 4894 3452 4947 caeteris

1884 4987 2091 5042 dicendi
2131 4997 2348 5055 genere,
2373 4997 2436 5036 ac
2473 4996 2635 5035 sensu
2692 4981 2851 5035 iidem
2896 4991 3041 5035 sunt.
3085 4981 3255 5035 Alfert
3306 4998 3455 5045 vero,

196 5094 311 5147 ἀπὸ
325 5092 443 5146 τῶν
487 5087 756 5158 Ἐλλήνων
770 5086 923 5149 τινὰς
946 5084 1180 5152 ἀπορίας
1200 5083 1337 5135 κατὰ
1356 5082 1455 5152 τῆς
1480 5081 1769 5151 ἀμωμήτοι.

1887 5086 1948 5129 ttt
1974 5074 2039 5129 ab
2067 5074 2298 5129 ethnicis
2338 5069 2598 5141 profecta,
2626 5080 2942 5140 argumenta
2969 5073 3211 5139 quaedam
3246 5070 3442 5124 adver-

198 5184 509 5255 θρησκείας
544 5178 723 5249 ἡμῶν,
768 5178 866 5231 καὶ
906 5176 1104 5238 ταύτας
1152 5173 1334 5235 καλῶς
1359 5212 1374 5237 ,
1418 5176 1465 5226 εί
1494 5174 1692 5243 καὶμὴ
1730 5175 1769 5226 si

1891 5183 1984 5222 sus
2008 5167 2271 5221 sinceram
2310 5174 2546 5219 nostram
2573 5164 2881 5231 religionem
2906 5180 2921 5228 ;
2952 5164 3253 5231 eademque
3284 5174 3453 5229 recte,

197 5250 371 5329 πᾶσιν
412 5314 430 5340 ,
485 5268 775 5326 ὲπιλύεται
839 5267 906 5321 δι.
963 5266 1075 5335 Τὴν
1114 5264 1172 5318 δὲ
1221 5264 1421 5335 φράσιν
1471 5263 1573 5315 οὐκ
1645 5262 1769 5315 ἐστι’

1891 5256 1975 5327 ω)
2028 5256 2148 5309 licet
2197 5269 2302 5309 non
2357 5268 2451 5322 per
2497 5252 2698 5315 omnia,
2761 5250 2973 5305 refellit.
3034 5250 3224 5304 Plirasi
3278 5266 3456 5320 neque

1487 5400 1724 5455 VARIA‘J
1767 5396 2171 5454 LECTIONES.

278 5508 325 5541 ³⁷
354 5508 519 5577 μόνον
558 5519 618 5567 ς.

712 5502 756 5537 ³⁸
777 5498 928 5571 αὐτῷ
959 5497 1421 5569 μυθολογούμενος
1453 5496 1607 5566 λόγος
1636 5498 1763 5567 περὶ
1799 5512 1858 5558 ς.

1947 5494 1990 5523 ³⁹
2027 5490 2199 5562 μωσεῖ
2222 5507 2279 5552 ς.
2371 5485 2417 5516 ⁸ο
2449 5484 2701 5553 ὀνομάζει
2732 5501 2791 5546 ς.
2891 5481 2933 5513 δ’
2957 5479 3255 5535 ἀπολύεται
3284 5501 3344 5546 ς’,

1768 5584 1995 5641 ΝΟΤΛΕ.

285 5692 427 5762 (l7‘)
461 5688 629 5743 Plura
672 5690 985 5762 “enumerat
1032 5680 1096 5735 Β.
1145 5677 1364 5762 ψοςοη.
1415 5679 1467 5733 in
1524 5677 1783 5749 Cataiogo

209 5779 277 5820 ca
354 5749 429 5838 *εἰ
442 5768 645 5838 _,_et“ex
661 5754 761 5838 _illo
785 5752 1055 5838 Sophron,
1064 5764 1143 5838 ac
1174 5749 1325 5838 §uidj

295 5819 405 5904 ζιελ
438 5819 616 5887 Hodie
641 5825 833 5881 decem
862 5819 1133 5878 duntaxat
1175 5819 1440 5888 leguntur.

1964 5674 2075 5747 (l9)
2111 5672 2537 5747 Utrumquelioc
2585 5683 2726 5747 opus
2789 5667 3110 5747 Ecclesiast:
3156 5666 3453 5747 Praeparat.

1894 5737 1983 5799 ac'
2016 5737 2379 5799 Demonstrat.
2412 5737 2703 5801 intercidit,
2739 5752 2909 5807 neque
2950 5738 3198 5793 meminit
3228 5737 3291 5792 Β.
3322 5738 3459 5793 Hie-

1890 5832 2003 5870 I'OII.
