  <div class='ocr_page' id='page_1' title='image "/cluster/home/n/w/nwhite01/storage/ocr_20150623/103/nnc1.0046979689/037.png"; bbox 0 0 4210 6442; ppageno 0'>
   <div class='ocr_carea' id='block_1_1' title="bbox 699 395 3954 471">
    <p class='ocr_par' dir='ltr' id='par_1_1' title="bbox 699 395 3954 471">
     <span class='ocr_line' id='line_1_1' title="bbox 699 395 3954 471; baseline 0.002 -12"><span class='ocrx_word' id='word_1_1' title='bbox 699 395 771 463; x_wconf 81' lang='grc'>59</span> <span class='ocrx_word' id='word_1_2' title='bbox 1841 398 2104 459; x_wconf 84' lang='lat' dir='ltr'>PIIOTII</span> <span class='ocrx_word' id='word_1_3' title='bbox 2162 396 2666 458; x_wconf 65' lang='lat' dir='ltr'><strong>PATRIARCIL’E</strong></span> <span class='ocrx_word' id='word_1_4' title='bbox 2706 400 2814 460; x_wconf 85' lang='lat' dir='ltr'><strong>CP.</strong></span> <span class='ocrx_word' id='word_1_5' title='bbox 3880 405 3954 471; x_wconf 83' lang='lat'><strong>60</strong></span> 
     </span>
    </p>
   </div>
   <div class='ocr_carea' id='block_1_2' title="bbox 1371 512 1530 567">
    <p class='ocr_par' dir='ltr' id='par_1_2' title="bbox 1371 512 1530 567">
     <span class='ocr_line' id='line_1_2' title="bbox 1371 512 1530 567; baseline 0.013 -2"><span class='ocrx_word' id='word_1_6' title='bbox 1371 512 1530 567; x_wconf 81' lang='lat' dir='ltr'><strong>XXII.</strong></span> 
     </span>
    </p>
   </div>
   <div class='ocr_carea' id='block_1_3' title="bbox 860 602 2092 672">
    <p class='ocr_par' dir='ltr' id='par_1_3' title="bbox 860 602 2092 672">
     <span class='ocr_line' id='line_1_3' title="bbox 860 602 2092 672; baseline -0.002 -13"><span class='ocrx_word' id='word_1_7' title='bbox 860 606 1176 659; x_wconf 73' lang='lat' dir='ltr'><strong>Theodosius</strong></span> <span class='ocrx_word' id='word_1_8' title='bbox 1210 606 1491 658; x_wconf 72' lang='lat' dir='ltr'><strong>monachus</strong></span> <span class='ocrx_word' id='word_1_9' title='bbox 1512 615 1697 659; x_wconf 86' lang='lat' dir='ltr'><strong>contra</strong></span> <span class='ocrx_word' id='word_1_10' title='bbox 1716 602 2092 672; x_wconf 83' lang='lat' dir='ltr'><strong>Philoponum.</strong></span> 
     </span>
    </p>
   </div>
   <div class='ocr_carea' id='block_1_4' title="bbox 754 759 2261 830">
    <p class='ocr_par' dir='ltr' id='par_1_4' title="bbox 754 759 2261 830">
     <span class='ocr_line' id='line_1_4' title="bbox 754 759 2261 830; baseline -0.001 -14"><span class='ocrx_word' id='word_1_11' title='bbox 754 759 918 816; x_wconf 87' lang='lat' dir='ltr'><strong>Lecta</strong></span> <span class='ocrx_word' id='word_1_12' title='bbox 961 769 1045 816; x_wconf 87' lang='lat' dir='ltr'><strong>est</strong></span> <span class='ocrx_word' id='word_1_13' title='bbox 1108 760 1397 816; x_wconf 84' lang='lat' dir='ltr'><strong>Theodosii</strong></span> <span class='ocrx_word' id='word_1_14' title='bbox 1465 762 1715 817; x_wconf 81' lang='lat' dir='ltr'><strong>monachi</strong></span> <span class='ocrx_word' id='word_1_15' title='bbox 1765 777 1992 824; x_wconf 79' lang='lat' dir='ltr'><strong>eorum,</strong></span> <span class='ocrx_word' id='word_1_16' title='bbox 2056 776 2178 830; x_wconf 70' lang='lat' dir='ltr'><strong>qua:</strong></span> <span class='ocrx_word' id='word_1_17' title='bbox 2231 776 2261 814; x_wconf 93' lang='lat' dir='ltr'><strong>a</strong></span> 
     </span>
    </p>
   </div>
   <div class='ocr_carea' id='block_1_5' title="bbox 688 852 2263 919">
    <p class='ocr_par' dir='ltr' id='par_1_5' title="bbox 688 852 2263 919">
     <span class='ocr_line' id='line_1_5' title="bbox 688 852 2263 919; baseline -0.001 -13"><span class='ocrx_word' id='word_1_18' title='bbox 688 852 891 907; x_wconf 84' lang='lat' dir='ltr'><strong>Joanne</strong></span> <span class='ocrx_word' id='word_1_19' title='bbox 918 852 1217 919; x_wconf 88' lang='lat' dir='ltr'><strong>Philopono</strong></span> <span class='ocrx_word' id='word_1_20' title='bbox 1244 854 1491 908; x_wconf 63' lang='lat' dir='ltr'><strong>adductae</strong></span> <span class='ocrx_word' id='word_1_21' title='bbox 1521 864 1647 909; x_wconf 90' lang='lat' dir='ltr'><strong>sunt</strong></span> <span class='ocrx_word' id='word_1_22' title='bbox 1678 855 2003 910; x_wconf 89' lang='lat' dir='ltr'><strong>citationum</strong></span> <span class='ocrx_word' id='word_1_23' title='bbox 2068 854 2263 906; x_wconf 85' lang='lat' dir='ltr'><strong>adver-</strong></span> 
     </span>
    </p>
   </div>
   <div class='ocr_carea' id='block_1_6' title="bbox 689 944 2261 1014">
    <p class='ocr_par' dir='ltr' id='par_1_6' title="bbox 689 944 2261 1014">
     <span class='ocr_line' id='line_1_6' title="bbox 689 944 2261 1014; baseline -0.001 -18"><span class='ocrx_word' id='word_1_24' title='bbox 689 960 781 998; x_wconf 86' lang='lat' dir='ltr'><strong>sus</strong></span> <span class='ocrx_word' id='word_1_25' title='bbox 804 960 1087 1014; x_wconf 88' lang='lat' dir='ltr'><strong>corporum</strong></span> <span class='ocrx_word' id='word_1_26' title='bbox 1114 947 1597 1009; x_wconf 81' lang='lat' dir='ltr'><strong>resurrectionem,</strong></span> <span class='ocrx_word' id='word_1_27' title='bbox 1624 946 1899 1000; x_wconf 79' lang='lat' dir='ltr'><strong>elaborata</strong></span> <span class='ocrx_word' id='word_1_28' title='bbox 1928 944 2261 1014; x_wconf 77' lang='lat' dir='ltr'><strong>Confutatio;</strong></span> 
     </span>
    </p>
   </div>
   <div class='ocr_carea' id='block_1_7' title="bbox 693 1035 2266 1107">
    <p class='ocr_par' dir='ltr' id='par_1_7' title="bbox 693 1035 2266 1107">
     <span class='ocr_line' id='line_1_7' title="bbox 693 1035 2266 1107; baseline 0 -19"><span class='ocrx_word' id='word_1_29' title='bbox 693 1038 745 1089; x_wconf 89' lang='lat' dir='ltr'><strong>in</strong></span> <span class='ocrx_word' id='word_1_30' title='bbox 781 1054 884 1106; x_wconf 87' lang='lat' dir='ltr'><strong>qna</strong></span> <span class='ocrx_word' id='word_1_31' title='bbox 922 1047 977 1091; x_wconf 90' lang='lat' dir='ltr'><strong>et</strong></span> <span class='ocrx_word' id='word_1_32' title='bbox 1010 1038 1124 1091; x_wconf 87' lang='lat' dir='ltr'><strong>loca</strong></span> <span class='ocrx_word' id='word_1_33' title='bbox 1159 1054 1327 1092; x_wconf 65' lang='lat' dir='ltr'><strong>sacrae</strong></span> <span class='ocrx_word' id='word_1_34' title='bbox 1378 1040 1675 1107; x_wconf 72' lang='lat' dir='ltr'><strong>Scriptum</strong></span> <span class='ocrx_word' id='word_1_35' title='bbox 1708 1048 2130 1102; x_wconf 87' lang='lat' dir='ltr'><strong>sanctorumque</strong></span> <span class='ocrx_word' id='word_1_36' title='bbox 2158 1035 2266 1089; x_wconf 82' lang='lat' dir='ltr'><strong>Pa-</strong></span> 
     </span>
    </p>
   </div>
   <div class='ocr_carea' id='block_1_8' title="bbox 693 1126 2161 1198">
    <p class='ocr_par' dir='ltr' id='par_1_8' title="bbox 693 1126 2161 1198">
     <span class='ocr_line' id='line_1_8' title="bbox 693 1126 2161 1198; baseline -0.001 -19"><span class='ocrx_word' id='word_1_37' title='bbox 693 1138 832 1180; x_wconf 89' lang='lat' dir='ltr'><strong>trum</strong></span> <span class='ocrx_word' id='word_1_38' title='bbox 864 1128 1100 1193; x_wconf 82' lang='lat' dir='ltr'><strong>adducit,</strong></span> <span class='ocrx_word' id='word_1_39' title='bbox 1130 1129 1327 1198; x_wconf 88' lang='lat' dir='ltr'><strong>quibus</strong></span> <span class='ocrx_word' id='word_1_40' title='bbox 1344 1127 1570 1181; x_wconf 81' lang='lat' dir='ltr'><strong>Joannis</strong></span> <span class='ocrx_word' id='word_1_41' title='bbox 1604 1128 1843 1182; x_wconf 89' lang='lat' dir='ltr'><strong>amentia</strong></span> <span class='ocrx_word' id='word_1_42' title='bbox 1877 1126 2161 1181; x_wconf 83' lang='lat' dir='ltr'><strong>refellitur.</strong></span> 
     </span>
    </p>
   </div>
   <div class='ocr_carea' id='block_1_9' title="bbox 1379 1218 1570 1275">
    <p class='ocr_par' dir='ltr' id='par_1_9' title="bbox 1379 1218 1570 1275">
     <span class='ocr_line' id='line_1_9' title="bbox 1379 1218 1570 1275; baseline 0.01 -2"><span class='ocrx_word' id='word_1_43' title='bbox 1379 1218 1570 1275; x_wconf 86' lang='lat' dir='ltr'>XXIII.</span> 
     </span>
    </p>
   </div>
   <div class='ocr_carea' id='block_1_10' title="bbox 3074 514 3173 568">
    <p class='ocr_par' dir='ltr' id='par_1_10' title="bbox 3074 514 3173 568">
     <span class='ocr_line' id='line_1_10' title="bbox 3074 514 3173 568; baseline -0.01 0"><span class='ocrx_word' id='word_1_44' title='bbox 3074 514 3173 568; x_wconf 71' lang='grc' dir='ltr'><strong>ΚΒ</strong></span> 
     </span>
    </p>
   </div>
   <div class='ocr_carea' id='block_1_11' title="bbox 2363 599 3951 675">
    <p class='ocr_par' dir='ltr' id='par_1_11' title="bbox 2363 599 3951 675">
     <span class='ocr_line' id='line_1_11' title="bbox 2363 599 3951 675; baseline 0.004 -20"><span class='ocrx_word' id='word_1_45' title='bbox 2363 599 2687 655; x_wconf 77' lang='grc' dir='ltr'><strong>Θεοδοσίου</strong></span> <span class='ocrx_word' id='word_1_46' title='bbox 2733 603 3099 675; x_wconf 57' lang='lat' dir='ltr'><strong>portitor-mc</strong></span> <span class='ocrx_word' id='word_1_47' title='bbox 3132 605 3282 659; x_wconf 79' lang='grc' dir='ltr'><strong>κατὰ</strong></span> <span class='ocrx_word' id='word_1_48' title='bbox 3318 606 3424 658; x_wconf 80' lang='grc' dir='ltr'><strong>τοῦ</strong></span> <span class='ocrx_word' id='word_1_49' title='bbox 3447 606 3787 661; x_wconf 64' lang='lat' dir='ltr'><strong>«inlecter</strong></span> <span class='ocrx_word' id='word_1_50' title='bbox 3814 616 3951 675; x_wconf 69' lang='grc' dir='ltr'>περι</span> 
     </span>
    </p>
   </div>
   <div class='ocr_carea' id='block_1_12' title="bbox 2834 674 3479 743">
    <p class='ocr_par' dir='ltr' id='par_1_12' title="bbox 2834 674 3479 743">
     <span class='ocr_line' id='line_1_12' title="bbox 2834 674 3479 743; baseline 0.003 -17"><span class='ocrx_word' id='word_1_51' title='bbox 2834 674 3242 739; x_wconf 78' lang='grc' dir='ltr'>Ἀναστάσεως</span> <span class='ocrx_word' id='word_1_52' title='bbox 3272 678 3479 743; x_wconf 73' lang='grc' dir='ltr'><strong>λόγου.</strong></span> 
     </span>
    </p>
   </div>
   <div class='ocr_carea' id='block_1_13' title="bbox 2446 765 3955 839">
    <p class='ocr_par' dir='ltr' id='par_1_13' title="bbox 2446 765 3955 839">
     <span class='ocr_line' id='line_1_13' title="bbox 2446 765 3955 839; baseline 0.001 -21"><span class='ocrx_word' id='word_1_53' title='bbox 2446 765 2785 836; x_wconf 79' lang='grc' dir='ltr'><strong>Ἀνεγνὼσθη</strong></span> <span class='ocrx_word' id='word_1_54' title='bbox 2816 766 3101 821; x_wconf 71' lang='grc' dir='ltr'><strong>Θεοδοσίου</strong></span> <span class='ocrx_word' id='word_1_55' title='bbox 3128 768 3451 837; x_wconf 80' lang='grc' dir='ltr'><strong>μονάζοντος</strong></span> <span class='ocrx_word' id='word_1_56' title='bbox 3479 769 3589 820; x_wconf 88' lang='grc' dir='ltr'>τῶν</span> <span class='ocrx_word' id='word_1_57' title='bbox 3616 766 3713 839; x_wconf 82' lang='lat' dir='ltr'><strong>[I6</strong></span> <span class='ocrx_word' id='word_1_58' title='bbox 3743 767 3841 839; x_wconf 64' lang='grc'><strong>8.]</strong></span> <span class='ocrx_word' id='word_1_59' title='bbox 3873 767 3955 836; x_wconf 84' lang='grc' dir='ltr'><strong>τῷ</strong></span> 
     </span>
    </p>
   </div>
   <div class='ocr_carea' id='block_1_14' title="bbox 2362 858 3959 930">
    <p class='ocr_par' dir='ltr' id='par_1_14' title="bbox 2362 858 3959 930">
     <span class='ocr_line' id='line_1_14' title="bbox 2362 858 3959 930; baseline 0 -19"><span class='ocrx_word' id='word_1_60' title='bbox 2362 858 2641 929; x_wconf 80' lang='grc' dir='ltr'>Φιλοπόνῳ</span> <span class='ocrx_word' id='word_1_61' title='bbox 2694 858 2915 930; x_wconf 83' lang='grc' dir='ltr'><strong>Ἰωάννῃ</strong></span> <span class='ocrx_word' id='word_1_62' title='bbox 2972 858 3446 929; x_wconf 78' lang='grc' dir='ltr'><strong>παραληφθέντων</strong></span> <span class='ocrx_word' id='word_1_63' title='bbox 3500 862 3752 929; x_wconf 81' lang='grc' dir='ltr'><strong>χρήσεων</strong></span> <span class='ocrx_word' id='word_1_64' title='bbox 3813 860 3959 911; x_wconf 80' lang='grc' dir='ltr'><strong>κατά</strong></span> 
     </span>
    </p>
   </div>
   <div class='ocr_carea' id='block_1_15' title="bbox 2364 948 3961 1018">
    <p class='ocr_par' dir='ltr' id='par_1_15' title="bbox 2364 948 3961 1018">
     <span class='ocr_line' id='line_1_15' title="bbox 2364 948 3961 1018; baseline 0 -17"><span class='ocrx_word' id='word_1_65' title='bbox 2364 949 2463 1017; x_wconf 82' lang='grc' dir='ltr'><strong>τῆς</strong></span> <span class='ocrx_word' id='word_1_66' title='bbox 2496 950 2606 1001; x_wconf 88' lang='grc' dir='ltr'><strong>τῶν</strong></span> <span class='ocrx_word' id='word_1_67' title='bbox 2653 949 2920 1017; x_wconf 84' lang='grc' dir='ltr'>σωμάτων</span> <span class='ocrx_word' id='word_1_68' title='bbox 2963 949 3310 1009; x_wconf 78' lang='grc' dir='ltr'><strong>ἀναστάσεως</strong></span> <span class='ocrx_word' id='word_1_69' title='bbox 3342 950 3756 1018; x_wconf 81' lang='grc' dir='ltr'>ὲσπουδασμένη</span> <span class='ocrx_word' id='word_1_70' title='bbox 3792 948 3961 1002; x_wconf 81' lang='grc' dir='ltr'>Ἀνα-</span> 
     </span>
    </p>
   </div>
   <div class='ocr_carea' id='block_1_16' title="bbox 2367 1036 3959 1106">
    <p class='ocr_par' dir='ltr' id='par_1_16' title="bbox 2367 1036 3959 1106">
     <span class='ocr_line' id='line_1_16' title="bbox 2367 1036 3959 1106; baseline 0 -17"><span class='ocrx_word' id='word_1_71' title='bbox 2367 1037 2587 1104; x_wconf 80' lang='grc' dir='ltr'>τροπή,</span> <span class='ocrx_word' id='word_1_72' title='bbox 2630 1038 2725 1088; x_wconf 78' lang='grc' dir='ltr'><strong>καὶ</strong></span> <span class='ocrx_word' id='word_1_73' title='bbox 2759 1036 3063 1106; x_wconf 84' lang='grc' dir='ltr'><strong>παράθεσις</strong></span> <span class='ocrx_word' id='word_1_74' title='bbox 3098 1036 3277 1105; x_wconf 81' lang='grc' dir='ltr'><strong>ῥητῶν</strong></span> <span class='ocrx_word' id='word_1_75' title='bbox 3302 1036 3593 1105; x_wconf 80' lang='grc' dir='ltr'><strong>Γραφικῶν</strong></span> <span class='ocrx_word' id='word_1_76' title='bbox 3624 1054 3685 1089; x_wconf 91' lang='grc' dir='ltr'><strong>τε</strong></span> <span class='ocrx_word' id='word_1_77' title='bbox 3728 1038 3823 1089; x_wconf 78' lang='grc' dir='ltr'><strong>καὶ</strong></span> <span class='ocrx_word' id='word_1_78' title='bbox 3845 1054 3959 1089; x_wconf 88' lang='grc' dir='ltr'><strong>πα-</strong></span> 
     </span>
    </p>
   </div>
   <div class='ocr_carea' id='block_1_17' title="bbox 2368 1127 3884 1199">
    <p class='ocr_par' dir='ltr' id='par_1_17' title="bbox 2368 1127 3884 1199">
     <span class='ocr_line' id='line_1_17' title="bbox 2368 1127 3884 1199; baseline 0.001 -18"><span class='ocrx_word' id='word_1_79' title='bbox 2368 1128 2575 1199; x_wconf 85' lang='grc' dir='ltr'>τρικῶν</span> <span class='ocrx_word' id='word_1_80' title='bbox 2604 1128 2684 1191; x_wconf 84' lang='grc' dir='ltr'>είς</span> <span class='ocrx_word' id='word_1_81' title='bbox 2719 1127 2941 1197; x_wconf 78' lang='grc' dir='ltr'>ἔλεγχον</span> <span class='ocrx_word' id='word_1_82' title='bbox 2968 1130 3067 1197; x_wconf 79' lang='grc' dir='ltr'><strong>τῆς</strong></span> <span class='ocrx_word' id='word_1_83' title='bbox 3113 1127 3363 1180; x_wconf 84' lang='grc' dir='ltr'><strong>Ἰωάννου</strong></span> <span class='ocrx_word' id='word_1_84' title='bbox 3393 1128 3784 1197; x_wconf 78' lang='grc' dir='ltr'><strong>ματαιοπονίας</strong></span> <span class='ocrx_word' id='word_1_85' title='bbox 3813 1130 3884 1182; x_wconf 75' lang='grc'><strong>⁸⁸.</strong></span> 
     </span>
    </p>
   </div>
   <div class='ocr_carea' id='block_1_18' title="bbox 3081 1220 3209 1273">
    <p class='ocr_par' dir='ltr' id='par_1_18' title="bbox 3081 1220 3209 1273">
     <span class='ocr_line' id='line_1_18' title="bbox 3081 1220 3209 1273; baseline 0 -1"><span class='ocrx_word' id='word_1_86' title='bbox 3081 1220 3209 1273; x_wconf 74' lang='lat' dir='ltr'><strong>KI&quot;.</strong></span> 
     </span>
    </p>
   </div>
   <div class='ocr_carea' id='block_1_19' title="bbox 694 1308 2288 1382">
    <p class='ocr_par' dir='ltr' id='par_1_19' title="bbox 694 1308 2271 1382">
     <span class='ocr_line' id='line_1_19' title="bbox 694 1308 2271 1382; baseline -0.001 -18"><span class='ocrx_word' id='word_1_87' title='bbox 694 1308 957 1376; x_wconf 77' lang='lat' dir='ltr'><strong>Cononis,</strong></span> <span class='ocrx_word' id='word_1_88' title='bbox 1019 1310 1280 1382; x_wconf 83' lang='lat' dir='ltr'><strong>Eugenii,</strong></span> <span class='ocrx_word' id='word_1_89' title='bbox 1338 1318 1388 1382; x_wconf 87' lang='lat' dir='ltr'><strong>et</strong></span> <span class='ocrx_word' id='word_1_90' title='bbox 1455 1310 1731 1365; x_wconf 75' lang='lat' dir='ltr'><strong>Themistii</strong></span> <span class='ocrx_word' id='word_1_91' title='bbox 1806 1311 1862 1364; x_wconf 91' lang='lat' dir='ltr'><strong>in</strong></span> <span class='ocrx_word' id='word_1_92' title='bbox 1915 1310 2271 1380; x_wconf 79' lang='lat' dir='ltr'><strong>Philoponum</strong></span> 
     </span>
    </p>
   </div>
   <div class='ocr_carea' id='block_1_20' title="bbox 2387 1308 3962 1382">
    <p class='ocr_par' dir='ltr' id='par_1_20' title="bbox 2387 1310 3962 1381">
     <span class='ocr_line' id='line_1_20' title="bbox 2387 1310 3962 1381; baseline -0.001 -14"><span class='ocrx_word' id='word_1_93' title='bbox 2387 1314 2674 1376; x_wconf 80' lang='grc' dir='ltr'><strong>Κόνωνος.</strong></span> <span class='ocrx_word' id='word_1_94' title='bbox 2708 1312 2805 1364; x_wconf 78' lang='grc' dir='ltr'><strong>καὶ</strong></span> <span class='ocrx_word' id='word_1_95' title='bbox 2844 1311 3159 1381; x_wconf 75' lang='grc' dir='ltr'><strong>Εὐγενίου.</strong></span> <span class='ocrx_word' id='word_1_96' title='bbox 3194 1310 3291 1364; x_wconf 75' lang='grc' dir='ltr'><strong>καί</strong></span> <span class='ocrx_word' id='word_1_97' title='bbox 3322 1314 3641 1379; x_wconf 82' lang='grc' dir='ltr'><strong>Θεμιστίου</strong></span> <span class='ocrx_word' id='word_1_98' title='bbox 3668 1313 3819 1366; x_wconf 82' lang='grc' dir='ltr'>κατὰ</span> <span class='ocrx_word' id='word_1_99' title='bbox 3848 1312 3962 1380; x_wconf 73' lang='grc' dir='ltr'><strong>τῆς</strong></span> 
     </span>
    </p>
   </div>
   <div class='ocr_carea' id='block_1_21' title="bbox 1352 1394 1636 1436">
    <p class='ocr_par' dir='ltr' id='par_1_21' title="bbox 1352 1394 1636 1436">
     <span class='ocr_line' id='line_1_21' title="bbox 1352 1394 1636 1436; baseline 0.011 -3"><span class='ocrx_word' id='word_1_100' title='bbox 1352 1394 1636 1436; x_wconf 72' lang='grc' dir='ltr'>ιηυεειτυω.</span> 
     </span>
    </p>
   </div>
   <div class='ocr_carea' id='block_1_22' title="bbox 766 1468 2272 1541">
    <p class='ocr_par' dir='ltr' id='par_1_22' title="bbox 766 1468 2272 1541">
     <span class='ocr_line' id='line_1_22' title="bbox 766 1468 2272 1541; baseline -0.003 -15"><span class='ocrx_word' id='word_1_101' title='bbox 766 1472 949 1527; x_wconf 64' lang='lat' dir='ltr'><strong>Lecta</strong></span> <span class='ocrx_word' id='word_1_102' title='bbox 993 1480 1119 1527; x_wconf 85' lang='lat' dir='ltr'><strong>sunt</strong></span> <span class='ocrx_word' id='word_1_103' title='bbox 1148 1471 1409 1534; x_wconf 84' lang='lat' dir='ltr'><strong>Cononis,</strong></span> <span class='ocrx_word' id='word_1_104' title='bbox 1456 1471 1681 1541; x_wconf 87' lang='lat' dir='ltr'><strong>Engenii</strong></span> <span class='ocrx_word' id='word_1_105' title='bbox 1722 1472 1858 1540; x_wconf 76' lang='lat' dir='ltr'><strong>(3i),</strong></span> <span class='ocrx_word' id='word_1_106' title='bbox 1900 1480 1953 1524; x_wconf 80' lang='lat' dir='ltr'><strong>et</strong></span> <span class='ocrx_word' id='word_1_107' title='bbox 1989 1468 2272 1524; x_wconf 89' lang='lat' dir='ltr'><strong>Themistii</strong></span> 
     </span>
    </p>
   </div>
   <div class='ocr_carea' id='block_1_23' title="bbox 695 1560 2274 1631">
    <p class='ocr_par' dir='ltr' id='par_1_23' title="bbox 695 1560 2274 1631">
     <span class='ocr_line' id='line_1_23' title="bbox 695 1560 2274 1631; baseline -0.003 -14"><span class='ocrx_word' id='word_1_108' title='bbox 695 1564 962 1617; x_wconf 74' lang='lat' dir='ltr'><strong>Adversus</strong></span> <span class='ocrx_word' id='word_1_109' title='bbox 988 1560 1212 1616; x_wconf 73' lang='lat' dir='ltr'><strong>Joannis</strong></span> <span class='ocrx_word' id='word_1_110' title='bbox 1239 1560 1523 1631; x_wconf 80' lang='lat' dir='ltr'><strong>Philoponi</strong></span> <span class='ocrx_word' id='word_1_111' title='bbox 1562 1564 1623 1616; x_wconf 87' lang='lat' dir='ltr'><strong>de</strong></span> <span class='ocrx_word' id='word_1_112' title='bbox 1655 1564 1833 1616; x_wconf 76' lang='lat' dir='ltr'><strong>carnis</strong></span> <span class='ocrx_word' id='word_1_113' title='bbox 1868 1562 2274 1615; x_wconf 77' lang='lat' dir='ltr'><strong>Resurrectione</strong></span> 
     </span>
    </p>
   </div>
   <div class='ocr_carea' id='block_1_24' title="bbox 699 1653 2271 1721">
    <p class='ocr_par' dir='ltr' id='par_1_24' title="bbox 699 1653 2271 1721">
     <span class='ocr_line' id='line_1_24' title="bbox 699 1653 2271 1721; baseline -0.001 -14"><span class='ocrx_word' id='word_1_114' title='bbox 699 1658 1051 1709; x_wconf 79' lang='lat' dir='ltr'><strong>deliramenta</strong></span> <span class='ocrx_word' id='word_1_115' title='bbox 1092 1656 1389 1719; x_wconf 72' lang='lat' dir='ltr'><strong>Invectivte,</strong></span> <span class='ocrx_word' id='word_1_116' title='bbox 1432 1655 1629 1721; x_wconf 90' lang='lat' dir='ltr'><strong>quibus</strong></span> <span class='ocrx_word' id='word_1_117' title='bbox 1674 1656 1877 1708; x_wconf 84' lang='lat' dir='ltr'><strong>acriter</strong></span> <span class='ocrx_word' id='word_1_118' title='bbox 1923 1654 2058 1708; x_wconf 81' lang='lat' dir='ltr'><strong>adeo</strong></span> <span class='ocrx_word' id='word_1_119' title='bbox 2098 1653 2271 1721; x_wconf 85' lang='lat' dir='ltr'><strong>ipsum</strong></span> 
     </span>
    </p>
   </div>
   <div class='ocr_carea' id='block_1_25' title="bbox 697 1743 2278 1813">
    <p class='ocr_par' dir='ltr' id='par_1_25' title="bbox 697 1743 2278 1813">
     <span class='ocr_line' id='line_1_25' title="bbox 697 1743 2278 1813; baseline -0.002 -14"><span class='ocrx_word' id='word_1_120' title='bbox 697 1749 1057 1813; x_wconf 89' lang='lat' dir='ltr'><strong>insectantur,</strong></span> <span class='ocrx_word' id='word_1_121' title='bbox 1093 1756 1152 1799; x_wconf 92' lang='lat' dir='ltr'><strong>ut</strong></span> <span class='ocrx_word' id='word_1_122' title='bbox 1177 1748 1341 1800; x_wconf 86' lang='lat' dir='ltr'><strong>etiam</strong></span> <span class='ocrx_word' id='word_1_123' title='bbox 1372 1746 1593 1799; x_wconf 84' lang='lat' dir='ltr'><strong>omnino</strong></span> <span class='ocrx_word' id='word_1_124' title='bbox 1623 1761 1652 1799; x_wconf 89' lang='lat' dir='ltr'><strong>a</strong></span> <span class='ocrx_word' id='word_1_125' title='bbox 1679 1745 1992 1800; x_wconf 84' lang='lat' dir='ltr'><strong>Christiana</strong></span> <span class='ocrx_word' id='word_1_126' title='bbox 2042 1744 2144 1797; x_wconf 80' lang='lat' dir='ltr'><strong>[ide</strong></span> <span class='ocrx_word' id='word_1_127' title='bbox 2179 1743 2278 1795; x_wconf 84' lang='lat' dir='ltr'><strong>ab-</strong></span> 
     </span>
    </p>
   </div>
   <div class='ocr_carea' id='block_1_26' title="bbox 2608 1382 3722 1451">
    <p class='ocr_par' dir='ltr' id='par_1_26' title="bbox 2608 1382 3722 1451">
     <span class='ocr_line' id='line_1_26' title="bbox 2608 1382 3722 1451; baseline -0.001 -15"><span class='ocrx_word' id='word_1_128' title='bbox 2608 1382 2798 1448; x_wconf 82' lang='grc' dir='ltr'><strong>αὺτῆς</strong></span> <span class='ocrx_word' id='word_1_129' title='bbox 2826 1382 2931 1435; x_wconf 87' lang='grc' dir='ltr'><strong>τοῦ</strong></span> <span class='ocrx_word' id='word_1_130' title='bbox 2970 1382 3251 1435; x_wconf 80' lang='grc' dir='ltr'><strong>Ἰωάννου</strong></span> <span class='ocrx_word' id='word_1_131' title='bbox 3300 1384 3722 1451; x_wconf 79' lang='grc' dir='ltr'><strong>πραγματείας.</strong></span> 
     </span>
    </p>
   </div>
   <div class='ocr_carea' id='block_1_27' title="bbox 2460 1472 3963 1542">
    <p class='ocr_par' dir='ltr' id='par_1_27' title="bbox 2460 1472 3963 1542">
     <span class='ocr_line' id='line_1_27' title="bbox 2460 1472 3963 1542; baseline -0.003 -15"><span class='ocrx_word' id='word_1_132' title='bbox 2460 1472 2798 1542; x_wconf 83' lang='grc' dir='ltr'>Ἀνεγνώσθη</span> <span class='ocrx_word' id='word_1_133' title='bbox 2832 1473 3079 1535; x_wconf 80' lang='grc' dir='ltr'>Κόνωνος</span> <span class='ocrx_word' id='word_1_134' title='bbox 3110 1473 3202 1523; x_wconf 77' lang='grc' dir='ltr'><strong>καὶ</strong></span> <span class='ocrx_word' id='word_1_135' title='bbox 3241 1472 3499 1538; x_wconf 82' lang='grc' dir='ltr'><strong>Εὑγενίου</strong></span> <span class='ocrx_word' id='word_1_136' title='bbox 3538 1473 3635 1525; x_wconf 77' lang='grc' dir='ltr'><strong>καὶ</strong></span> <span class='ocrx_word' id='word_1_137' title='bbox 3666 1473 3963 1541; x_wconf 80' lang='grc' dir='ltr'><strong>Θεμιστίου</strong></span> 
     </span>
    </p>
   </div>
   <div class='ocr_carea' id='block_1_28' title="bbox 2380 1563 3965 1633">
    <p class='ocr_par' dir='ltr' id='par_1_28' title="bbox 2380 1563 3965 1633">
     <span class='ocr_line' id='line_1_28' title="bbox 2380 1563 3965 1633; baseline -0.005 -12"><span class='ocrx_word' id='word_1_138' title='bbox 2380 1568 2539 1621; x_wconf 84' lang='grc' dir='ltr'><strong>Κατὰ</strong></span> <span class='ocrx_word' id='word_1_139' title='bbox 2555 1564 2845 1629; x_wconf 78' lang='grc' dir='ltr'>Ἰωάννου,</span> <span class='ocrx_word' id='word_1_140' title='bbox 2873 1565 2971 1633; x_wconf 86' lang='grc' dir='ltr'><strong>τὴν</strong></span> <span class='ocrx_word' id='word_1_141' title='bbox 2998 1564 3128 1633; x_wconf 76' lang='grc' dir='ltr'>περὶ</span> <span class='ocrx_word' id='word_1_142' title='bbox 3148 1563 3498 1626; x_wconf 84' lang='grc' dir='ltr'>ἀναστάσεως</span> <span class='ocrx_word' id='word_1_143' title='bbox 3526 1563 3693 1616; x_wconf 80' lang='grc' dir='ltr'><strong>αὑτοῦ</strong></span> <span class='ocrx_word' id='word_1_144' title='bbox 3728 1580 3965 1631; x_wconf 87' lang='grc' dir='ltr'>ματαιο-</span> 
     </span>
    </p>
   </div>
   <div class='ocr_carea' id='block_1_29' title="bbox 2382 1649 3968 1725">
    <p class='ocr_par' dir='ltr' id='par_1_29' title="bbox 2382 1649 3968 1725">
     <span class='ocr_line' id='line_1_29' title="bbox 2382 1649 3968 1725; baseline -0.004 -14"><span class='ocrx_word' id='word_1_145' title='bbox 2382 1660 2573 1711; x_wconf 87' lang='grc' dir='ltr'><strong>πονίαν</strong></span> <span class='ocrx_word' id='word_1_146' title='bbox 2596 1660 2639 1690; x_wconf 81' lang='grc'><strong>⁸⁸</strong></span> <span class='ocrx_word' id='word_1_147' title='bbox 2672 1656 3097 1725; x_wconf 90' lang='grc' dir='ltr'>στηλιτευόντων</span> <span class='ocrx_word' id='word_1_148' title='bbox 3120 1672 3133 1683; x_wconf 89' lang='grc'><strong>·</strong></span> <span class='ocrx_word' id='word_1_149' title='bbox 3164 1657 3223 1706; x_wconf 85' lang='grc' dir='ltr'>ὲν</span> <span class='ocrx_word' id='word_1_150' title='bbox 3251 1649 3332 1716; x_wconf 76' lang='grc' dir='ltr'><strong>οἷς</strong></span> <span class='ocrx_word' id='word_1_151' title='bbox 3366 1656 3565 1725; x_wconf 81' lang='grc' dir='ltr'>πολλὴν</span> <span class='ocrx_word' id='word_1_152' title='bbox 3593 1654 3759 1707; x_wconf 72' lang='grc' dir='ltr'>αὖτοῦ</span> <span class='ocrx_word' id='word_1_153' title='bbox 3796 1672 3968 1705; x_wconf 84' lang='grc' dir='ltr'>κατα-</span> 
     </span>
    </p>
   </div>
   <div class='ocr_carea' id='block_1_30' title="bbox 2383 1745 3966 1821">
    <p class='ocr_par' dir='ltr' id='par_1_30' title="bbox 2383 1745 3966 1821">
     <span class='ocr_line' id='line_1_30' title="bbox 2383 1745 3966 1821; baseline -0.005 -18"><span class='ocrx_word' id='word_1_154' title='bbox 2383 1750 2589 1821; x_wconf 85' lang='grc' dir='ltr'>δρομὴν</span> <span class='ocrx_word' id='word_1_155' title='bbox 2634 1747 2935 1812; x_wconf 80' lang='grc' dir='ltr'>ποιοῦνται,</span> <span class='ocrx_word' id='word_1_156' title='bbox 2967 1746 3107 1800; x_wconf 76' lang='grc' dir='ltr'>ὥστε</span> <span class='ocrx_word' id='word_1_157' title='bbox 3134 1748 3228 1798; x_wconf 76' lang='grc' dir='ltr'><strong>καὶ</strong></span> <span class='ocrx_word' id='word_1_158' title='bbox 3266 1747 3548 1815; x_wconf 80' lang='grc' dir='ltr'>ἀλλότριον</span> <span class='ocrx_word' id='word_1_159' title='bbox 3574 1745 3753 1813; x_wconf 81' lang='grc' dir='ltr'><strong>λέγειν</strong></span> <span class='ocrx_word' id='word_1_160' title='bbox 3798 1746 3966 1797; x_wconf 73' lang='grc' dir='ltr'>αὑτὸν</span> 
     </span>
    </p>
   </div>
   <div class='ocr_carea' id='block_1_31' title="bbox 696 1837 2288 1908">
    <p class='ocr_par' dir='ltr' id='par_1_31' title="bbox 696 1838 2278 1908">
     <span class='ocr_line' id='line_1_31' title="bbox 696 1838 2278 1908; baseline -0.004 -14"><span class='ocrx_word' id='word_1_161' title='bbox 696 1842 922 1895; x_wconf 83' lang='lat' dir='ltr'><strong>horrere</strong></span> <span class='ocrx_word' id='word_1_162' title='bbox 966 1840 1237 1894; x_wconf 91' lang='lat' dir='ltr'><strong>hominem</strong></span> <span class='ocrx_word' id='word_1_163' title='bbox 1297 1838 1591 1903; x_wconf 80' lang='lat' dir='ltr'><strong>amrment,</strong></span> <span class='ocrx_word' id='word_1_164' title='bbox 1653 1840 1783 1893; x_wconf 88' lang='lat' dir='ltr'><strong>licet</strong></span> <span class='ocrx_word' id='word_1_165' title='bbox 1811 1838 1895 1908; x_wconf 82' lang='lat' dir='ltr'><strong>5b</strong></span> <span class='ocrx_word' id='word_1_166' title='bbox 1952 1839 2003 1891; x_wconf 91' lang='lat' dir='ltr'><strong>in</strong></span> <span class='ocrx_word' id='word_1_167' title='bbox 2046 1851 2113 1890; x_wconf 90' lang='lat' dir='ltr'><strong>eo</strong></span> <span class='ocrx_word' id='word_1_168' title='bbox 2155 1851 2278 1889; x_wconf 90' lang='lat' dir='ltr'><strong>cum</strong></span> 
     </span>
    </p>
   </div>
   <div class='ocr_carea' id='block_1_32' title="bbox 2387 1837 3969 1908">
    <p class='ocr_par' dir='ltr' id='par_1_32' title="bbox 2387 1837 3969 1908">
     <span class='ocr_line' id='line_1_32' title="bbox 2387 1837 3969 1908; baseline -0.003 -15"><span class='ocrx_word' id='word_1_169' title='bbox 2387 1841 2663 1902; x_wconf 83' lang='grc' dir='ltr'><strong>παντελῶς</strong></span> <span class='ocrx_word' id='word_1_170' title='bbox 2687 1840 2780 1893; x_wconf 78' lang='grc' dir='ltr'><strong>τοῦ</strong></span> <span class='ocrx_word' id='word_1_171' title='bbox 2806 1840 3074 1908; x_wconf 88' lang='grc' dir='ltr'>δόγματος</span> <span class='ocrx_word' id='word_1_172' title='bbox 3100 1838 3210 1891; x_wconf 89' lang='grc' dir='ltr'>τῶν</span> <span class='ocrx_word' id='word_1_173' title='bbox 3249 1837 3612 1908; x_wconf 86' lang='grc' dir='ltr'>Χριστιανῶν.</span> <span class='ocrx_word' id='word_1_174' title='bbox 3646 1839 3838 1891; x_wconf 79' lang='grc' dir='ltr'><strong>Καίτοι</strong></span> <span class='ocrx_word' id='word_1_175' title='bbox 3870 1838 3969 1889; x_wconf 72' lang='grc' dir='ltr'><strong>καὶ</strong></span> 
     </span>
    </p>
   </div>
   <div class='ocr_carea' id='block_1_33' title="bbox 699 1928 2286 2001">
    <p class='ocr_par' dir='ltr' id='par_1_33' title="bbox 699 1928 2286 2001">
     <span class='ocr_line' id='line_1_33' title="bbox 699 1928 2286 2001; baseline -0.001 -18"><span class='ocrx_word' id='word_1_176' title='bbox 699 1932 789 1985; x_wconf 88' lang='lat' dir='ltr'><strong>illo</strong></span> <span class='ocrx_word' id='word_1_177' title='bbox 834 1932 1121 1996; x_wconf 84' lang='lat' dir='ltr'><strong>sentirent,</strong></span> <span class='ocrx_word' id='word_1_178' title='bbox 1174 1934 1317 2000; x_wconf 90' lang='lat' dir='ltr'><strong>quod</strong></span> <span class='ocrx_word' id='word_1_179' title='bbox 1357 1947 1458 1986; x_wconf 89' lang='lat' dir='ltr'><strong>nec</strong></span> <span class='ocrx_word' id='word_1_180' title='bbox 1508 1932 1610 2001; x_wconf 86' lang='lat' dir='ltr'><strong>ipsi</strong></span> <span class='ocrx_word' id='word_1_181' title='bbox 1654 1932 1959 2001; x_wconf 87' lang='lat' dir='ltr'><strong>reciperent</strong></span> <span class='ocrx_word' id='word_1_182' title='bbox 1991 1928 2286 1985; x_wconf 86' lang='lat' dir='ltr'><strong>Chalcedo-</strong></span> 
     </span>
    </p>
   </div>
   <div class='ocr_carea' id='block_1_34' title="bbox 698 2025 1206 2079">
    <p class='ocr_par' dir='ltr' id='par_1_34' title="bbox 698 2025 1206 2079">
     <span class='ocr_line' id='line_1_34' title="bbox 698 2025 1206 2079; baseline 0.006 -3"><span class='ocrx_word' id='word_1_183' title='bbox 698 2036 871 2077; x_wconf 83' lang='lat' dir='ltr'><strong>ncnse</strong></span> <span class='ocrx_word' id='word_1_184' title='bbox 893 2025 1206 2079; x_wconf 89' lang='lat' dir='ltr'><strong>concilium.</strong></span> 
     </span>
    </p>
   </div>
   <div class='ocr_carea' id='block_1_35' title="bbox 1387 2112 1580 2171">
    <p class='ocr_par' dir='ltr' id='par_1_35' title="bbox 1387 2112 1580 2171">
     <span class='ocr_line' id='line_1_35' title="bbox 1387 2112 1580 2171; baseline 0.026 -5"><span class='ocrx_word' id='word_1_185' title='bbox 1387 2112 1580 2171; x_wconf 80' lang='lat' dir='ltr'><strong>XXIV.</strong></span> 
     </span>
    </p>
   </div>
   <div class='ocr_carea' id='block_1_36' title="bbox 698 2204 2286 2330">
    <p class='ocr_par' dir='ltr' id='par_1_36' title="bbox 698 2204 2286 2330">
     <span class='ocr_line' id='line_1_36' title="bbox 698 2204 2286 2330; baseline 0.006 -74"><span class='ocrx_word' id='word_1_186' title='bbox 698 2204 833 2257; x_wconf 82' lang='lat' dir='ltr'><strong>Acta</strong></span> <span class='ocrx_word' id='word_1_187' title='bbox 885 2206 1258 2274; x_wconf 76' lang='lat' dir='ltr'><strong>disputationis</strong></span> <span class='ocrx_word' id='word_1_188' title='bbox 1300 2206 1670 2330; x_wconf 49' lang='lat' dir='ltr'><strong>liceretjcorgln}</strong></span> <span class='ocrx_word' id='word_1_189' title='bbox 1712 2224 1891 2263; x_wconf 84' lang='lat' dir='ltr'><strong>coram</strong></span> <span class='ocrx_word' id='word_1_190' title='bbox 1935 2208 2150 2267; x_wconf 75' lang='lat' dir='ltr'><strong>Joanne</strong></span> <span class='ocrx_word' id='word_1_191' title='bbox 2195 2230 2286 2282; x_wconf 86' lang='lat' dir='ltr'><strong>pa-</strong></span> 
     </span>
     <span class='ocr_line' id='line_1_37' title="bbox 1299 2288 1681 2330; baseline 0.003 -1"><span class='ocrx_word' id='word_1_192' title='bbox 1299 2288 1536 2329; x_wconf 81' lang='lat' dir='ltr'><strong>tt&#39;turCta</strong></span> <span class='ocrx_word' id='word_1_193' title='bbox 1667 2317 1681 2330; x_wconf 95' lang='lat'><strong>.</strong></span> 
     </span>
    </p>
   </div>
   <div class='ocr_carea' id='block_1_37' title="bbox 1299 2288 1681 2331">
    <p class='ocr_par' dir='ltr' id='par_1_37' title="bbox 1299 2288 1681 2331">
     <span class='ocr_line' id='line_1_38' title="bbox 1299 2288 1681 2331; baseline 0.005 -2"><span class='ocrx_word' id='word_1_194' title='bbox 1299 2288 1536 2329; x_wconf 81' lang='lat' dir='ltr'><strong>tt&#39;turclta</strong></span> <span class='ocrx_word' id='word_1_195' title='bbox 1571 2288 1681 2331; x_wconf 72' lang='lat' dir='ltr'><strong>LP.</strong></span> 
     </span>
    </p>
   </div>
   <div class='ocr_carea' id='block_1_38' title="bbox 771 2368 2286 2441">
    <p class='ocr_par' dir='ltr' id='par_1_38' title="bbox 771 2368 2286 2441">
     <span class='ocr_line' id='line_1_39' title="bbox 771 2368 2286 2441; baseline 0.005 -19"><span class='ocrx_word' id='word_1_196' title='bbox 771 2368 972 2424; x_wconf 89' lang='lat' dir='ltr'><strong>Lectus</strong></span> <span class='ocrx_word' id='word_1_197' title='bbox 1006 2369 1143 2425; x_wconf 87' lang='lat' dir='ltr'><strong>liber</strong></span> <span class='ocrx_word' id='word_1_198' title='bbox 1186 2372 1321 2424; x_wconf 81' lang='lat' dir='ltr'><strong>Acta</strong></span> <span class='ocrx_word' id='word_1_199' title='bbox 1368 2372 1659 2426; x_wconf 84' lang='lat' dir='ltr'><strong>continens</strong></span> <span class='ocrx_word' id='word_1_200' title='bbox 1709 2372 2087 2441; x_wconf 76' lang='lat' dir='ltr'><strong>disputationis</strong></span> <span class='ocrx_word' id='word_1_201' title='bbox 2134 2376 2286 2430; x_wconf 62' lang='lat' dir='ltr'><strong>initae</strong></span> 
     </span>
    </p>
   </div>
   <div class='ocr_carea' id='block_1_39' title="bbox 701 2461 2284 2535">
    <p class='ocr_par' dir='ltr' id='par_1_39' title="bbox 701 2461 2284 2535">
     <span class='ocr_line' id='line_1_40' title="bbox 701 2461 2284 2535; baseline 0.005 -21"><span class='ocrx_word' id='word_1_202' title='bbox 701 2476 883 2516; x_wconf 92' lang='lat' dir='ltr'><strong>coram</strong></span> <span class='ocrx_word' id='word_1_203' title='bbox 927 2463 1038 2534; x_wconf 69' lang='grc'><strong>(52)</strong></span> <span class='ocrx_word' id='word_1_204' title='bbox 1075 2461 1285 2518; x_wconf 83' lang='lat' dir='ltr'><strong>Joanne</strong></span> <span class='ocrx_word' id='word_1_205' title='bbox 1336 2464 1501 2533; x_wconf 70' lang='lat' dir='ltr'><strong>regia:</strong></span> <span class='ocrx_word' id='word_1_206' title='bbox 1538 2464 1688 2518; x_wconf 89' lang='lat' dir='ltr'><strong>urbis</strong></span> <span class='ocrx_word' id='word_1_207' title='bbox 1740 2466 2017 2535; x_wconf 90' lang='lat' dir='ltr'><strong>episc0po,</strong></span> <span class='ocrx_word' id='word_1_208' title='bbox 2071 2466 2284 2522; x_wconf 82' lang='lat' dir='ltr'><strong>Justiuo</strong></span> 
     </span>
    </p>
   </div>
   <div class='ocr_carea' id='block_1_40' title="bbox 704 2556 2282 2628">
    <p class='ocr_par' dir='ltr' id='par_1_40' title="bbox 704 2556 2282 2628">
     <span class='ocr_line' id='line_1_41' title="bbox 704 2556 2282 2628; baseline 0.004 -20"><span class='ocrx_word' id='word_1_209' title='bbox 704 2556 1027 2623; x_wconf 87' lang='lat' dir='ltr'><strong>imperante,</strong></span> <span class='ocrx_word' id='word_1_210' title='bbox 1078 2558 1219 2610; x_wconf 89' lang='lat' dir='ltr'><strong>inter</strong></span> <span class='ocrx_word' id='word_1_211' title='bbox 1264 2556 1531 2610; x_wconf 87' lang='lat' dir='ltr'><strong>Cononem</strong></span> <span class='ocrx_word' id='word_1_212' title='bbox 1565 2566 1612 2610; x_wconf 86' lang='lat' dir='ltr'><strong>et</strong></span> <span class='ocrx_word' id='word_1_213' title='bbox 1661 2557 1774 2628; x_wconf 78' lang='lat'><strong>(35)</strong></span> <span class='ocrx_word' id='word_1_214' title='bbox 1822 2557 2118 2628; x_wconf 86' lang='lat' dir='ltr'><strong>Eugenium</strong></span> <span class='ocrx_word' id='word_1_215' title='bbox 2159 2562 2282 2615; x_wconf 87' lang='lat' dir='ltr'><strong>Tri-</strong></span> 
     </span>
    </p>
   </div>
   <div class='ocr_carea' id='block_1_41' title="bbox 704 2645 2287 2719">
    <p class='ocr_par' dir='ltr' id='par_1_41' title="bbox 704 2645 2287 2719">
     <span class='ocr_line' id='line_1_42' title="bbox 704 2645 2287 2719; baseline 0.003 -20"><span class='ocrx_word' id='word_1_216' title='bbox 704 2646 904 2700; x_wconf 80' lang='lat' dir='ltr'><strong>tIieitas</strong></span> <span class='ocrx_word' id='word_1_217' title='bbox 928 2646 1067 2716; x_wconf 71' lang='grc' dir='ltr'><strong>(δι),</strong></span> <span class='ocrx_word' id='word_1_218' title='bbox 1090 2657 1136 2699; x_wconf 89' lang='lat' dir='ltr'><strong>et</strong></span> <span class='ocrx_word' id='word_1_219' title='bbox 1162 2645 1387 2699; x_wconf 86' lang='lat' dir='ltr'><strong>Paulum</strong></span> <span class='ocrx_word' id='word_1_220' title='bbox 1406 2664 1468 2699; x_wconf 86' lang='lat' dir='ltr'><strong>ac</strong></span> <span class='ocrx_word' id='word_1_221' title='bbox 1491 2647 1842 2715; x_wconf 81' lang='lat' dir='ltr'><strong>Stephanum,</strong></span> <span class='ocrx_word' id='word_1_222' title='bbox 1864 2651 1954 2718; x_wconf 91' lang='lat' dir='ltr'><strong>qui</strong></span> <span class='ocrx_word' id='word_1_223' title='bbox 1974 2651 2144 2719; x_wconf 91' lang='lat' dir='ltr'><strong>etipsi</strong></span> <span class='ocrx_word' id='word_1_224' title='bbox 2166 2650 2287 2704; x_wconf 71' lang='lat' dir='ltr'><strong>Hae-</strong></span> 
     </span>
    </p>
   </div>
   <div class='ocr_carea' id='block_1_42' title="bbox 703 2737 2280 2807">
    <p class='ocr_par' dir='ltr' id='par_1_42' title="bbox 703 2737 2280 2807">
     <span class='ocr_line' id='line_1_43' title="bbox 703 2737 2280 2807; baseline 0.004 -17"><span class='ocrx_word' id='word_1_225' title='bbox 703 2737 985 2792; x_wconf 84' lang='lat' dir='ltr'><strong>sitantium</strong></span> <span class='ocrx_word' id='word_1_226' title='bbox 1007 2738 1123 2807; x_wconf 79' lang='lat'>(&#39;55)</span> <span class='ocrx_word' id='word_1_227' title='bbox 1142 2738 1207 2791; x_wconf 90' lang='lat' dir='ltr'><strong>de</strong></span> <span class='ocrx_word' id='word_1_228' title='bbox 1240 2753 1467 2791; x_wconf 89' lang='lat' dir='ltr'><strong>numero</strong></span> <span class='ocrx_word' id='word_1_229' title='bbox 1486 2750 1660 2792; x_wconf 90' lang='lat' dir='ltr'><strong>erant.</strong></span> <span class='ocrx_word' id='word_1_230' title='bbox 1683 2738 1783 2793; x_wconf 86' lang='lat' dir='ltr'><strong>Hic</strong></span> <span class='ocrx_word' id='word_1_231' title='bbox 1804 2743 2055 2795; x_wconf 90' lang='lat' dir='ltr'><strong>visuntur</strong></span> <span class='ocrx_word' id='word_1_232' title='bbox 2073 2741 2280 2805; x_wconf 88' lang='lat' dir='ltr'><strong>Conon,</strong></span> 
     </span>
    </p>
   </div>
   <div class='ocr_carea' id='block_1_43' title="bbox 704 2830 2284 2902">
    <p class='ocr_par' dir='ltr' id='par_1_43' title="bbox 704 2830 2284 2902">
     <span class='ocr_line' id='line_1_44' title="bbox 704 2830 2284 2902; baseline 0.003 -19"><span class='ocrx_word' id='word_1_233' title='bbox 704 2842 759 2884; x_wconf 92' lang='lat' dir='ltr'><strong>et</strong></span> <span class='ocrx_word' id='word_1_234' title='bbox 795 2830 1067 2902; x_wconf 87' lang='lat' dir='ltr'><strong>Eugenius</strong></span> <span class='ocrx_word' id='word_1_235' title='bbox 1090 2830 1390 2901; x_wconf 86' lang='lat' dir='ltr'><strong>Philopono</strong></span> <span class='ocrx_word' id='word_1_236' title='bbox 1418 2834 1774 2899; x_wconf 83' lang='lat' dir='ltr'><strong>patrocinari.</strong></span> <span class='ocrx_word' id='word_1_237' title='bbox 1799 2832 1935 2887; x_wconf 89' lang='lat' dir='ltr'><strong>Cum</strong></span> <span class='ocrx_word' id='word_1_238' title='bbox 1970 2835 2113 2887; x_wconf 87' lang='lat' dir='ltr'><strong>enim</strong></span> <span class='ocrx_word' id='word_1_239' title='bbox 2142 2834 2284 2888; x_wconf 89' lang='lat' dir='ltr'><strong>Pau-</strong></span> 
     </span>
    </p>
   </div>
   <div class='ocr_carea' id='block_1_44' title="bbox 706 2920 2283 2993">
    <p class='ocr_par' dir='ltr' id='par_1_44' title="bbox 706 2920 2283 2993">
     <span class='ocr_line' id='line_1_45' title="bbox 706 2920 2283 2993; baseline 0.003 -19"><span class='ocrx_word' id='word_1_240' title='bbox 706 2921 791 2975; x_wconf 87' lang='lat' dir='ltr'><strong>lus</strong></span> <span class='ocrx_word' id='word_1_241' title='bbox 817 2933 871 2975; x_wconf 85' lang='lat' dir='ltr'><strong>et</strong></span> <span class='ocrx_word' id='word_1_242' title='bbox 899 2920 1210 2992; x_wconf 89' lang='lat' dir='ltr'><strong>Stephanus</strong></span> <span class='ocrx_word' id='word_1_243' title='bbox 1243 2924 1310 2976; x_wconf 88' lang='lat' dir='ltr'><strong>ab</strong></span> <span class='ocrx_word' id='word_1_244' title='bbox 1345 2922 1476 2990; x_wconf 87' lang='lat' dir='ltr'><strong>ipsis</strong></span> <span class='ocrx_word' id='word_1_245' title='bbox 1500 2924 1861 2991; x_wconf 79' lang='lat' dir='ltr'><strong>postularent,</strong></span> <span class='ocrx_word' id='word_1_246' title='bbox 1888 2935 1947 2977; x_wconf 82' lang='lat' dir='ltr'><strong>ut</strong></span> <span class='ocrx_word' id='word_1_247' title='bbox 1974 2925 2283 2993; x_wconf 86' lang='lat' dir='ltr'><strong>Philopono</strong></span> 
     </span>
    </p>
   </div>
   <div class='ocr_carea' id='block_1_45' title="bbox 706 3012 2284 3083">
    <p class='ocr_par' dir='ltr' id='par_1_45' title="bbox 706 3012 2284 3083">
     <span class='ocr_line' id='line_1_46' title="bbox 706 3012 2284 3083; baseline 0.004 -20"><span class='ocrx_word' id='word_1_248' title='bbox 706 3012 997 3066; x_wconf 86' lang='lat' dir='ltr'><strong>anathema</strong></span> <span class='ocrx_word' id='word_1_249' title='bbox 1039 3012 1310 3074; x_wconf 89' lang='lat' dir='ltr'><strong>dicerent,</strong></span> <span class='ocrx_word' id='word_1_250' title='bbox 1364 3022 1704 3066; x_wconf 91' lang='lat' dir='ltr'><strong>recusarunt.</strong></span> <span class='ocrx_word' id='word_1_251' title='bbox 1752 3014 1892 3079; x_wconf 89' lang='lat' dir='ltr'><strong>Quin</strong></span> <span class='ocrx_word' id='word_1_252' title='bbox 1919 3025 1973 3068; x_wconf 93' lang='lat' dir='ltr'><strong>et</strong></span> <span class='ocrx_word' id='word_1_253' title='bbox 2006 3015 2284 3083; x_wconf 78' lang='lat' dir='ltr'><strong>proferunt</strong></span> 
     </span>
    </p>
   </div>
   <div class='ocr_carea' id='block_1_46' title="bbox 706 3101 2286 3176">
    <p class='ocr_par' dir='ltr' id='par_1_46' title="bbox 706 3101 2286 3176">
     <span class='ocr_line' id='line_1_47' title="bbox 706 3101 2286 3176; baseline 0.004 -23"><span class='ocrx_word' id='word_1_254' title='bbox 706 3101 1042 3166; x_wconf 89' lang='lat' dir='ltr'><strong>testimonia,</strong></span> <span class='ocrx_word' id='word_1_255' title='bbox 1088 3104 1232 3171; x_wconf 90' lang='lat' dir='ltr'><strong>quod</strong></span> <span class='ocrx_word' id='word_1_256' title='bbox 1285 3118 1410 3157; x_wconf 94' lang='lat' dir='ltr'><strong>cum</strong></span> <span class='ocrx_word' id='word_1_257' title='bbox 1454 3102 1660 3157; x_wconf 85' lang='lat' dir='ltr'><strong>Severo</strong></span> <span class='ocrx_word' id='word_1_258' title='bbox 1701 3114 1755 3157; x_wconf 92' lang='lat' dir='ltr'><strong>et</strong></span> <span class='ocrx_word' id='word_1_259' title='bbox 1789 3105 2097 3159; x_wconf 89' lang='lat' dir='ltr'><strong>Theodosio</strong></span> <span class='ocrx_word' id='word_1_260' title='bbox 2141 3108 2286 3176; x_wconf 87' lang='lat' dir='ltr'><strong>ipsu-</strong></span> 
     </span>
    </p>
   </div>
   <div class='ocr_carea' id='block_1_47' title="bbox 2387 1930 3968 2001">
    <p class='ocr_par' dir='ltr' id='par_1_47' title="bbox 2387 1930 3968 2001">
     <span class='ocr_line' id='line_1_48' title="bbox 2387 1930 3968 2001; baseline -0.002 -16"><span class='ocrx_word' id='word_1_261' title='bbox 2387 1934 2539 1985; x_wconf 75' lang='grc' dir='ltr'><strong>αὐτοὶ</strong></span> <span class='ocrx_word' id='word_1_262' title='bbox 2560 1931 2605 1964; x_wconf 85' lang='grc'><strong>⁸³</strong></span> <span class='ocrx_word' id='word_1_263' title='bbox 2631 1932 2734 2001; x_wconf 83' lang='grc' dir='ltr'><strong>τῆς</strong></span> <span class='ocrx_word' id='word_1_264' title='bbox 2781 1932 2949 2001; x_wconf 79' lang='grc' dir='ltr'>αὐτῆς</span> <span class='ocrx_word' id='word_1_265' title='bbox 2979 1931 3130 2000; x_wconf 87' lang='grc' dir='ltr'><strong>αύτῷ</strong></span> <span class='ocrx_word' id='word_1_266' title='bbox 3176 1930 3336 1998; x_wconf 81' lang='grc' dir='ltr'><strong>δόξης</strong></span> <span class='ocrx_word' id='word_1_267' title='bbox 3385 1930 3728 1993; x_wconf 75' lang='grc' dir='ltr'><strong>ἐκοινώνουν,</strong></span> <span class='ocrx_word' id='word_1_268' title='bbox 3758 1932 3861 1998; x_wconf 80' lang='grc' dir='ltr'><strong>τὴν</strong></span> <span class='ocrx_word' id='word_1_269' title='bbox 3907 1932 3968 1982; x_wconf 75' lang='grc' dir='ltr'><strong>ὲν</strong></span> 
     </span>
    </p>
   </div>
   <div class='ocr_carea' id='block_1_48' title="bbox 2387 2020 3872 2095">
    <p class='ocr_par' dir='ltr' id='par_1_48' title="bbox 2387 2020 3872 2095">
     <span class='ocr_line' id='line_1_49' title="bbox 2387 2020 3872 2095; baseline -0.005 -16"><span class='ocrx_word' id='word_1_270' title='bbox 2387 2024 2710 2095; x_wconf 79' lang='grc' dir='ltr'><strong>Χαλκηδόνι,</strong></span> <span class='ocrx_word' id='word_1_271' title='bbox 2737 2023 2811 2088; x_wconf 84' lang='grc' dir='ltr'><strong>ὡς</strong></span> <span class='ocrx_word' id='word_1_272' title='bbox 2839 2025 3066 2089; x_wconf 77' lang='grc' dir='ltr'><strong>ἐκεῖνος,</strong></span> <span class='ocrx_word' id='word_1_273' title='bbox 3098 2022 3159 2074; x_wconf 87' lang='grc' dir='ltr'><strong>οὑ</strong></span> <span class='ocrx_word' id='word_1_274' title='bbox 3189 2021 3622 2092; x_wconf 79' lang='grc' dir='ltr'>παραδεχόμενοι</span> <span class='ocrx_word' id='word_1_275' title='bbox 3653 2020 3872 2073; x_wconf 81' lang='grc' dir='ltr'>σύνοδον</span> 
     </span>
    </p>
   </div>
   <div class='ocr_carea' id='block_1_49' title="bbox 3112 2118 3239 2171">
    <p class='ocr_par' dir='ltr' id='par_1_49' title="bbox 3112 2118 3239 2171">
     <span class='ocr_line' id='line_1_50' title="bbox 3112 2118 3239 2171; baseline 0.016 -3"><span class='ocrx_word' id='word_1_276' title='bbox 3112 2118 3239 2171; x_wconf 83' lang='grc' dir='ltr'><strong>ΚΔ¹.</strong></span> 
     </span>
    </p>
   </div>
   <div class='ocr_carea' id='block_1_50' title="bbox 2386 2206 3972 2282">
    <p class='ocr_par' dir='ltr' id='par_1_50' title="bbox 2386 2206 3972 2282">
     <span class='ocr_line' id='line_1_51' title="bbox 2386 2206 3972 2282; baseline -0.006 -14"><span class='ocrx_word' id='word_1_277' title='bbox 2386 2210 2687 2282; x_wconf 81' lang='grc' dir='ltr'><strong>Πρακτικὰ</strong></span> <span class='ocrx_word' id='word_1_278' title='bbox 2752 2210 2849 2265; x_wconf 78' lang='grc' dir='ltr'><strong>ἐπὶ</strong></span> <span class='ocrx_word' id='word_1_279' title='bbox 2908 2210 3213 2276; x_wconf 83' lang='grc' dir='ltr'><strong>παρουσίᾳ</strong></span> <span class='ocrx_word' id='word_1_280' title='bbox 3287 2208 3561 2282; x_wconf 77' lang='grc' dir='ltr'>Ἰωάννου</span> <span class='ocrx_word' id='word_1_281' title='bbox 3621 2206 3972 2260; x_wconf 80' lang='grc' dir='ltr'><strong>ἐπισκόπου</strong></span> 
     </span>
    </p>
   </div>
   <div class='ocr_carea' id='block_1_51' title="bbox 2810 2280 3530 2344">
    <p class='ocr_par' dir='ltr' id='par_1_51' title="bbox 2810 2280 3530 2344">
     <span class='ocr_line' id='line_1_52' title="bbox 2810 2280 3530 2344; baseline -0.004 -10"><span class='ocrx_word' id='word_1_282' title='bbox 2810 2280 3530 2344; x_wconf 74' lang='grc' dir='ltr'>Κωνσταντινουπόλεως.</span> 
     </span>
    </p>
   </div>
   <div class='ocr_carea' id='block_1_52' title="bbox 2469 2370 3975 2445">
    <p class='ocr_par' dir='ltr' id='par_1_52' title="bbox 2469 2370 3975 2445">
     <span class='ocr_line' id='line_1_53' title="bbox 2469 2370 3975 2445; baseline -0.005 -16"><span class='ocrx_word' id='word_1_283' title='bbox 2469 2373 2805 2445; x_wconf 82' lang='grc' dir='ltr'><strong>Ἀνεγνὼσθη</strong></span> <span class='ocrx_word' id='word_1_284' title='bbox 2860 2373 3062 2443; x_wconf 78' lang='grc' dir='ltr'><strong>βιϐλίον</strong></span> <span class='ocrx_word' id='word_1_285' title='bbox 3100 2372 3223 2440; x_wconf 78' lang='grc' dir='ltr'><strong>ἔχον</strong></span> <span class='ocrx_word' id='word_1_286' title='bbox 3285 2370 3650 2441; x_wconf 76' lang='grc' dir='ltr'>πεπραγμένα</span> <span class='ocrx_word' id='word_1_287' title='bbox 3698 2370 3975 2422; x_wconf 83' lang='grc' dir='ltr'><strong>συστάντα</strong></span> 
     </span>
    </p>
   </div>
   <div class='ocr_carea' id='block_1_53' title="bbox 2386 2461 3972 2537">
    <p class='ocr_par' dir='ltr' id='par_1_53' title="bbox 2386 2461 3972 2537">
     <span class='ocr_line' id='line_1_54' title="bbox 2386 2461 3972 2537; baseline -0.006 -17"><span class='ocrx_word' id='word_1_288' title='bbox 2386 2468 2536 2537; x_wconf 75' lang='grc' dir='ltr'>παρὰ</span> <span class='ocrx_word' id='word_1_289' title='bbox 2566 2467 2643 2536; x_wconf 84' lang='grc' dir='ltr'>τῷ</span> <span class='ocrx_word' id='word_1_290' title='bbox 2684 2467 2784 2534; x_wconf 85' lang='grc' dir='ltr'><strong>τῆς</strong></span> <span class='ocrx_word' id='word_1_291' title='bbox 2824 2464 3091 2535; x_wconf 82' lang='grc' dir='ltr'><strong>βασιλίδος</strong></span> <span class='ocrx_word' id='word_1_292' title='bbox 3120 2462 3407 2532; x_wconf 82' lang='grc' dir='ltr'>ὲπισκόπῳ</span> <span class='ocrx_word' id='word_1_293' title='bbox 3453 2461 3696 2531; x_wconf 73' lang='grc' dir='ltr'>Ἰωάννῃ,</span> <span class='ocrx_word' id='word_1_294' title='bbox 3742 2461 3972 2514; x_wconf 79' lang='grc' dir='ltr'><strong>ἰουστί-</strong></span> 
     </span>
    </p>
   </div>
   <div class='ocr_carea' id='block_1_54' title="bbox 2386 2553 3976 2628">
    <p class='ocr_par' dir='ltr' id='par_1_54' title="bbox 2386 2553 3976 2628">
     <span class='ocr_line' id='line_1_55' title="bbox 2386 2553 3976 2628; baseline -0.006 -16"><span class='ocrx_word' id='word_1_295' title='bbox 2386 2579 2476 2612; x_wconf 90' lang='grc' dir='ltr'>νου</span> <span class='ocrx_word' id='word_1_296' title='bbox 2502 2558 2874 2628; x_wconf 80' lang='grc' dir='ltr'><strong>βασιλεύοντος</strong></span> <span class='ocrx_word' id='word_1_297' title='bbox 2900 2574 2913 2587; x_wconf 83' lang='grc'><em>’</em></span> <span class='ocrx_word' id='word_1_298' title='bbox 2954 2556 3113 2610; x_wconf 71' lang='grc' dir='ltr'>ἅτινα</span> <span class='ocrx_word' id='word_1_299' title='bbox 3148 2556 3481 2624; x_wconf 81' lang='grc' dir='ltr'>συνέστησαν</span> <span class='ocrx_word' id='word_1_300' title='bbox 3518 2554 3719 2623; x_wconf 71' lang='grc' dir='ltr'><strong>μεταξὺ</strong></span> <span class='ocrx_word' id='word_1_301' title='bbox 3789 2553 3976 2604; x_wconf 80' lang='grc' dir='ltr'>Κόνω-</span> 
     </span>
    </p>
   </div>
   <div class='ocr_carea' id='block_1_55' title="bbox 2386 2646 3975 2719">
    <p class='ocr_par' dir='ltr' id='par_1_55' title="bbox 2386 2646 3975 2719">
     <span class='ocr_line' id='line_1_56' title="bbox 2386 2646 3975 2719; baseline -0.006 -13"><span class='ocrx_word' id='word_1_302' title='bbox 2386 2670 2475 2715; x_wconf 91' lang='grc' dir='ltr'><strong>νος</strong></span> <span class='ocrx_word' id='word_1_303' title='bbox 2504 2653 2597 2705; x_wconf 74' lang='grc' dir='ltr'><strong>καὶ</strong></span> <span class='ocrx_word' id='word_1_304' title='bbox 2622 2650 2876 2719; x_wconf 82' lang='grc' dir='ltr'><strong>Εὑγενίου</strong></span> <span class='ocrx_word' id='word_1_305' title='bbox 2906 2650 3013 2702; x_wconf 89' lang='grc' dir='ltr'><strong>τῶν</strong></span> <span class='ocrx_word' id='word_1_306' title='bbox 3040 2647 3342 2717; x_wconf 84' lang='grc' dir='ltr'>Τριθεῖτῶν</span> <span class='ocrx_word' id='word_1_307' title='bbox 3373 2648 3467 2700; x_wconf 70' lang='grc' dir='ltr'><strong>καὶ</strong></span> <span class='ocrx_word' id='word_1_308' title='bbox 3490 2646 3702 2701; x_wconf 79' lang='grc' dir='ltr'><strong>Παύλου</strong></span> <span class='ocrx_word' id='word_1_309' title='bbox 3728 2646 3823 2698; x_wconf 78' lang='grc' dir='ltr'><strong>καὶ</strong></span> <span class='ocrx_word' id='word_1_310' title='bbox 3838 2647 3975 2698; x_wconf 79' lang='grc' dir='ltr'>Στε-</span> 
     </span>
    </p>
   </div>
   <div class='ocr_carea' id='block_1_56' title="bbox 2388 2734 3978 2811">
    <p class='ocr_par' dir='ltr' id='par_1_56' title="bbox 2388 2734 3978 2811">
     <span class='ocr_line' id='line_1_57' title="bbox 2388 2734 3978 2811; baseline -0.005 -16"><span class='ocrx_word' id='word_1_311' title='bbox 2388 2744 2579 2811; x_wconf 75' lang='grc' dir='ltr'>φάνου,</span> <span class='ocrx_word' id='word_1_312' title='bbox 2620 2744 2714 2795; x_wconf 76' lang='grc' dir='ltr'><strong>καὶ</strong></span> <span class='ocrx_word' id='word_1_313' title='bbox 2741 2741 2919 2795; x_wconf 81' lang='grc' dir='ltr'>αὐτῶν</span> <span class='ocrx_word' id='word_1_314' title='bbox 2952 2740 3051 2809; x_wconf 82' lang='grc' dir='ltr'><strong>τῆς</strong></span> <span class='ocrx_word' id='word_1_315' title='bbox 3082 2739 3189 2791; x_wconf 90' lang='grc' dir='ltr'>τῶν</span> <span class='ocrx_word' id='word_1_316' title='bbox 3225 2736 3659 2807; x_wconf 82' lang='grc' dir='ltr'><strong>διακρινομένων</strong></span> <span class='ocrx_word' id='word_1_317' title='bbox 3704 2734 3978 2803; x_wconf 77' lang='grc' dir='ltr'>αἱρέσεως</span> 
     </span>
    </p>
   </div>
   <div class='ocr_carea' id='block_1_57' title="bbox 2385 2826 3978 2902">
    <p class='ocr_par' dir='ltr' id='par_1_57' title="bbox 2385 2826 3978 2902">
     <span class='ocr_line' id='line_1_58' title="bbox 2385 2826 3978 2902; baseline -0.006 -17"><span class='ocrx_word' id='word_1_318' title='bbox 2385 2832 2784 2902; x_wconf 85' lang='grc' dir='ltr'>τυγχανόντων.</span> <span class='ocrx_word' id='word_1_319' title='bbox 2831 2830 2919 2883; x_wconf 86' lang='grc' dir='ltr'><strong>Ἐν</strong></span> <span class='ocrx_word' id='word_1_320' title='bbox 2963 2826 3007 2899; x_wconf 84' lang='grc' dir='ltr'>ᾧ</span> <span class='ocrx_word' id='word_1_321' title='bbox 3037 2830 3317 2897; x_wconf 83' lang='grc' dir='ltr'><strong>φαίνονται</strong></span> <span class='ocrx_word' id='word_1_322' title='bbox 3345 2828 3391 2860; x_wconf 78' lang='grc'><strong>⁸⁸</strong></span> <span class='ocrx_word' id='word_1_323' title='bbox 3425 2829 3613 2880; x_wconf 83' lang='grc' dir='ltr'>Κόνων</span> <span class='ocrx_word' id='word_1_324' title='bbox 3662 2828 3757 2878; x_wconf 76' lang='grc' dir='ltr'><strong>καὶ</strong></span> <span class='ocrx_word' id='word_1_325' title='bbox 3799 2826 3978 2892; x_wconf 82' lang='grc' dir='ltr'><strong>Εὐγέ-</strong></span> 
     </span>
    </p>
   </div>
   <div class='ocr_carea' id='block_1_58' title="bbox 2386 2918 3981 2993">
    <p class='ocr_par' dir='ltr' id='par_1_58' title="bbox 2386 2918 3981 2993">
     <span class='ocr_line' id='line_1_59' title="bbox 2386 2918 3981 2993; baseline -0.006 -14"><span class='ocrx_word' id='word_1_326' title='bbox 2386 2944 2495 2986; x_wconf 86' lang='grc' dir='ltr'><strong>νιος</strong></span> <span class='ocrx_word' id='word_1_327' title='bbox 2538 2923 2975 2993; x_wconf 74' lang='grc' dir='ltr'>ἀντιποιούμενοι</span> <span class='ocrx_word' id='word_1_328' title='bbox 3016 2922 3111 2975; x_wconf 75' lang='grc' dir='ltr'>τοῦ</span> <span class='ocrx_word' id='word_1_329' title='bbox 3161 2920 3454 2973; x_wconf 77' lang='grc' dir='ltr'>Φιλοπόνου</span> <span class='ocrx_word' id='word_1_330' title='bbox 3482 2937 3496 2951; x_wconf 79' lang='grc'><em>’</em></span> <span class='ocrx_word' id='word_1_331' title='bbox 3536 2918 3642 2972; x_wconf 90' lang='grc' dir='ltr'><strong>τῶν</strong></span> <span class='ocrx_word' id='word_1_332' title='bbox 3687 2918 3792 2988; x_wconf 72' lang='grc' dir='ltr'><strong>γὰρ</strong></span> <span class='ocrx_word' id='word_1_333' title='bbox 3845 2920 3981 2987; x_wconf 77' lang='grc' dir='ltr'>περὶ</span> 
     </span>
    </p>
   </div>
   <div class='ocr_carea' id='block_1_59' title="bbox 2388 3009 3978 3084">
    <p class='ocr_par' dir='ltr' id='par_1_59' title="bbox 2388 3009 3978 3084">
     <span class='ocr_line' id='line_1_60' title="bbox 2388 3009 3978 3084; baseline -0.008 -14"><span class='ocrx_word' id='word_1_334' title='bbox 2388 3018 2597 3071; x_wconf 77' lang='grc' dir='ltr'><strong>Παῦλον</strong></span> <span class='ocrx_word' id='word_1_335' title='bbox 2648 3018 2741 3070; x_wconf 70' lang='grc' dir='ltr'><strong>καὶ</strong></span> <span class='ocrx_word' id='word_1_336' title='bbox 2788 3016 3058 3084; x_wconf 77' lang='grc' dir='ltr'>Στέφανον</span> <span class='ocrx_word' id='word_1_337' title='bbox 3109 3012 3487 3065; x_wconf 86' lang='grc' dir='ltr'>ἀπαιτούντων</span> <span class='ocrx_word' id='word_1_338' title='bbox 3526 3011 3722 3072; x_wconf 69' lang='grc' dir='ltr'><strong>αὐτοὺς</strong></span> <span class='ocrx_word' id='word_1_339' title='bbox 3775 3009 3978 3061; x_wconf 83' lang='grc' dir='ltr'>ἀναθε-</span> 
     </span>
    </p>
   </div>
   <div class='ocr_carea' id='block_1_60' title="bbox 2394 3098 3978 3178">
    <p class='ocr_par' dir='ltr' id='par_1_60' title="bbox 2394 3098 3978 3178">
     <span class='ocr_line' id='line_1_61' title="bbox 2394 3098 3978 3178; baseline -0.006 -18"><span class='ocrx_word' id='word_1_340' title='bbox 2394 3109 2619 3178; x_wconf 82' lang='grc' dir='ltr'>ματίσαι</span> <span class='ocrx_word' id='word_1_341' title='bbox 2654 3109 2745 3159; x_wconf 85' lang='grc' dir='ltr'><strong>τὸν</strong></span> <span class='ocrx_word' id='word_1_342' title='bbox 2770 3106 3060 3158; x_wconf 83' lang='grc' dir='ltr'>Φιλόπονον</span> <span class='ocrx_word' id='word_1_343' title='bbox 3095 3106 3161 3167; x_wconf 84' lang='grc'><strong>³⁸,</strong></span> <span class='ocrx_word' id='word_1_344' title='bbox 3195 3098 3340 3156; x_wconf 72' lang='grc' dir='ltr'><strong>οὗτοι</strong></span> <span class='ocrx_word' id='word_1_345' title='bbox 3374 3103 3471 3154; x_wconf 84' lang='grc' dir='ltr'><strong>οὐκ</strong></span> <span class='ocrx_word' id='word_1_346' title='bbox 3498 3102 3810 3171; x_wconf 78' lang='grc' dir='ltr'>ἠνέσχοντο,</span> <span class='ocrx_word' id='word_1_347' title='bbox 3838 3100 3978 3152; x_wconf 82' lang='grc' dir='ltr'><strong>ἀλλά</strong></span> 
     </span>
    </p>
   </div>
   <div class='ocr_carea' id='block_1_61' title="bbox 712 3183 2288 3272">
    <p class='ocr_par' dir='ltr' id='par_1_61' title="bbox 712 3194 2288 3267">
     <span class='ocr_line' id='line_1_62' title="bbox 712 3194 2288 3267; baseline 0.004 -22"><span class='ocrx_word' id='word_1_348' title='bbox 712 3208 831 3245; x_wconf 92' lang='lat' dir='ltr'><strong>rum</strong></span> <span class='ocrx_word' id='word_1_349' title='bbox 862 3194 1313 3262; x_wconf 66' lang='lat' dir='ltr'><strong>praeceptoribus,</strong></span> <span class='ocrx_word' id='word_1_350' title='bbox 1337 3195 1526 3249; x_wconf 89' lang='lat' dir='ltr'><strong>eadem</strong></span> <span class='ocrx_word' id='word_1_351' title='bbox 1554 3196 1885 3251; x_wconf 85' lang='lat' dir='ltr'><strong>sentireI.Hi</strong></span> <span class='ocrx_word' id='word_1_352' title='bbox 1910 3198 2124 3267; x_wconf 87' lang='lat' dir='ltr'><strong>quidem</strong></span> <span class='ocrx_word' id='word_1_353' title='bbox 2156 3199 2288 3252; x_wconf 90' lang='lat' dir='ltr'><strong>mul-</strong></span> 
     </span>
    </p>
   </div>
   <div class='ocr_carea' id='block_1_62' title="bbox 2387 3183 3983 3272">
    <p class='ocr_par' dir='ltr' id='par_1_62' title="bbox 2395 3193 3983 3272">
     <span class='ocr_line' id='line_1_63' title="bbox 2395 3193 3983 3272; baseline -0.006 -19"><span class='ocrx_word' id='word_1_354' title='bbox 2395 3203 2488 3253; x_wconf 77' lang='grc' dir='ltr'><strong>καὶ</strong></span> <span class='ocrx_word' id='word_1_355' title='bbox 2516 3198 2881 3272; x_wconf 80' lang='grc' dir='ltr'>προεκόμιζον</span> <span class='ocrx_word' id='word_1_356' title='bbox 2928 3196 3231 3268; x_wconf 83' lang='grc' dir='ltr'>μαρτυρίας</span> <span class='ocrx_word' id='word_1_357' title='bbox 3263 3194 3337 3257; x_wconf 82' lang='grc' dir='ltr'><strong>ὠς</strong></span> <span class='ocrx_word' id='word_1_358' title='bbox 3374 3193 3586 3265; x_wconf 86' lang='grc' dir='ltr'>συνῳδά</span> <span class='ocrx_word' id='word_1_359' title='bbox 3631 3193 3855 3263; x_wconf 78' lang='grc' dir='ltr'>Σεὸήρῳ</span> <span class='ocrx_word' id='word_1_360' title='bbox 3884 3194 3983 3244; x_wconf 78' lang='grc' dir='ltr'><strong>καὶ</strong></span> 
     </span>
    </p>
   </div>
   <div class='ocr_carea' id='block_1_63' title="bbox 712 3287 2292 3357">
    <p class='ocr_par' dir='ltr' id='par_1_63' title="bbox 712 3287 2292 3357">
     <span class='ocr_line' id='line_1_64' title="bbox 712 3287 2292 3357; baseline 0.006 -21"><span class='ocrx_word' id='word_1_361' title='bbox 712 3293 795 3337; x_wconf 82' lang='lat' dir='ltr'><strong>tns</strong></span> <span class='ocrx_word' id='word_1_362' title='bbox 826 3287 875 3339; x_wconf 93' lang='lat' dir='ltr'><strong>in</strong></span> <span class='ocrx_word' id='word_1_363' title='bbox 922 3287 1243 3354; x_wconf 82' lang='lat' dir='ltr'><strong>theologicis</strong></span> <span class='ocrx_word' id='word_1_364' title='bbox 1284 3288 1399 3357; x_wconf 85' lang='lat' dir='ltr'><strong>pias</strong></span> <span class='ocrx_word' id='word_1_365' title='bbox 1445 3304 1604 3343; x_wconf 88' lang='lat' dir='ltr'><strong>voces</strong></span> <span class='ocrx_word' id='word_1_366' title='bbox 1652 3290 1930 3353; x_wconf 88' lang='lat' dir='ltr'><strong>adhibent,</strong></span> <span class='ocrx_word' id='word_1_367' title='bbox 1959 3301 2019 3344; x_wconf 90' lang='lat' dir='ltr'><strong>ut</strong></span> <span class='ocrx_word' id='word_1_368' title='bbox 2059 3292 2292 3345; x_wconf 86' lang='lat' dir='ltr'><strong>Trinita-</strong></span> 
     </span>
    </p>
   </div>
   <div class='ocr_carea' id='block_1_64' title="bbox 714 3377 2293 3447">
    <p class='ocr_par' dir='ltr' id='par_1_64' title="bbox 714 3377 2293 3447">
     <span class='ocr_line' id='line_1_65' title="bbox 714 3377 2293 3447; baseline 0.006 -22"><span class='ocrx_word' id='word_1_369' title='bbox 714 3384 819 3428; x_wconf 62' lang='lat' dir='ltr'><strong>tum</strong></span> <span class='ocrx_word' id='word_1_370' title='bbox 840 3377 1363 3431; x_wconf 87' lang='lat' dir='ltr'><strong>consubstantialem</strong></span> <span class='ocrx_word' id='word_1_371' title='bbox 1410 3394 1553 3437; x_wconf 83' lang='lat' dir='ltr'><strong>esse,</strong></span> <span class='ocrx_word' id='word_1_372' title='bbox 1587 3379 1939 3447; x_wconf 82' lang='lat' dir='ltr'><strong>ejusdemque</strong></span> <span class='ocrx_word' id='word_1_373' title='bbox 1974 3391 2201 3442; x_wconf 58' lang='lat' dir='ltr'><strong>natura,</strong></span> <span class='ocrx_word' id='word_1_374' title='bbox 2239 3391 2293 3435; x_wconf 89' lang='lat' dir='ltr'><strong>et</strong></span> 
     </span>
    </p>
   </div>
   <div class='ocr_carea' id='block_1_65' title="bbox 715 3467 2293 3536">
    <p class='ocr_par' dir='ltr' id='par_1_65' title="bbox 715 3467 2293 3536">
     <span class='ocr_line' id='line_1_66' title="bbox 715 3467 2293 3536; baseline 0.003 -19"><span class='ocrx_word' id='word_1_375' title='bbox 715 3482 880 3519; x_wconf 88' lang='lat' dir='ltr'><strong>unum</strong></span> <span class='ocrx_word' id='word_1_376' title='bbox 925 3467 1115 3531; x_wconf 86' lang='lat' dir='ltr'><strong>Deum,</strong></span> <span class='ocrx_word' id='word_1_377' title='bbox 1163 3484 1439 3536; x_wconf 85' lang='lat' dir='ltr'><strong>unamque</strong></span> <span class='ocrx_word' id='word_1_378' title='bbox 1480 3468 1859 3524; x_wconf 81' lang='lat' dir='ltr'><strong>divinitatem:</strong></span> <span class='ocrx_word' id='word_1_379' title='bbox 1914 3467 2293 3535; x_wconf 83' lang='lat' dir='ltr'><strong>blasphetnant</strong></span> 
     </span>
    </p>
   </div>
   <div class='ocr_carea' id='block_1_66' title="bbox 716 3557 2297 3623">
    <p class='ocr_par' dir='ltr' id='par_1_66' title="bbox 716 3557 2297 3623">
     <span class='ocr_line' id='line_1_67' title="bbox 716 3557 2297 3623; baseline 0.001 -14"><span class='ocrx_word' id='word_1_380' title='bbox 716 3574 867 3623; x_wconf 86' lang='lat' dir='ltr'><strong>vero,</strong></span> <span class='ocrx_word' id='word_1_381' title='bbox 900 3557 1026 3611; x_wconf 87' lang='lat' dir='ltr'><strong>dum</strong></span> <span class='ocrx_word' id='word_1_382' title='bbox 1057 3559 1209 3611; x_wconf 91' lang='lat' dir='ltr'><strong>aiunt</strong></span> <span class='ocrx_word' id='word_1_383' title='bbox 1232 3557 1448 3611; x_wconf 83' lang='lat' dir='ltr'><strong>Patrem</strong></span> <span class='ocrx_word' id='word_1_384' title='bbox 1484 3569 1537 3611; x_wconf 88' lang='lat' dir='ltr'><strong>et</strong></span> <span class='ocrx_word' id='word_1_385' title='bbox 1575 3557 1767 3611; x_wconf 81' lang='lat' dir='ltr'><strong>Filium</strong></span> <span class='ocrx_word' id='word_1_386' title='bbox 1798 3570 1850 3611; x_wconf 87' lang='lat' dir='ltr'><strong>et</strong></span> <span class='ocrx_word' id='word_1_387' title='bbox 1883 3558 2143 3623; x_wconf 87' lang='lat' dir='ltr'><strong>Spiritum</strong></span> <span class='ocrx_word' id='word_1_388' title='bbox 2178 3574 2297 3611; x_wconf 85' lang='lat' dir='ltr'><strong>san-</strong></span> 
     </span>
    </p>
   </div>
   <div class='ocr_carea' id='block_1_67' title="bbox 718 3648 2297 3718">
    <p class='ocr_par' dir='ltr' id='par_1_67' title="bbox 718 3648 2297 3718">
     <span class='ocr_line' id='line_1_68' title="bbox 718 3648 2297 3718; baseline -0.001 -16"><span class='ocrx_word' id='word_1_389' title='bbox 718 3658 864 3702; x_wconf 85' lang='lat' dir='ltr'><strong>ctum</strong></span> <span class='ocrx_word' id='word_1_390' title='bbox 894 3648 1150 3717; x_wconf 86' lang='lat' dir='ltr'><strong>partiales</strong></span> <span class='ocrx_word' id='word_1_391' title='bbox 1187 3663 1310 3704; x_wconf 88' lang='lat' dir='ltr'><strong>esse</strong></span> <span class='ocrx_word' id='word_1_392' title='bbox 1349 3648 1710 3713; x_wconf 88' lang='lat' dir='ltr'><strong>substantias,</strong></span> <span class='ocrx_word' id='word_1_393' title='bbox 1749 3651 2111 3718; x_wconf 75' lang='lat' dir='ltr'><strong>propriasque</strong></span> <span class='ocrx_word' id='word_1_394' title='bbox 2158 3648 2297 3702; x_wconf 87' lang='lat' dir='ltr'><strong>divi-</strong></span> 
     </span>
    </p>
   </div>
   <div class='ocr_carea' id='block_1_68' title="bbox 721 3740 2297 3810">
    <p class='ocr_par' dir='ltr' id='par_1_68' title="bbox 721 3740 2297 3810">
     <span class='ocr_line' id='line_1_69' title="bbox 721 3740 2297 3810; baseline -0.002 -16"><span class='ocrx_word' id='word_1_395' title='bbox 721 3742 943 3805; x_wconf 86' lang='lat' dir='ltr'><strong>nitates,</strong></span> <span class='ocrx_word' id='word_1_396' title='bbox 976 3750 1031 3794; x_wconf 89' lang='lat' dir='ltr'><strong>et</strong></span> <span class='ocrx_word' id='word_1_397' title='bbox 1053 3740 1302 3810; x_wconf 90' lang='lat' dir='ltr'><strong>proprias</strong></span> <span class='ocrx_word' id='word_1_398' title='bbox 1329 3750 1573 3793; x_wconf 89' lang='lat' dir='ltr'><strong>naturas.</strong></span> <span class='ocrx_word' id='word_1_399' title='bbox 1605 3740 1678 3791; x_wconf 93' lang='lat' dir='ltr'><strong>Ita</strong></span> <span class='ocrx_word' id='word_1_400' title='bbox 1706 3756 1892 3795; x_wconf 89' lang='lat' dir='ltr'><strong>secum</strong></span> <span class='ocrx_word' id='word_1_401' title='bbox 1934 3741 2059 3809; x_wconf 89' lang='lat' dir='ltr'><strong>ipsi,</strong></span> <span class='ocrx_word' id='word_1_402' title='bbox 2092 3752 2145 3795; x_wconf 91' lang='lat' dir='ltr'><strong>et</strong></span> <span class='ocrx_word' id='word_1_403' title='bbox 2174 3756 2297 3794; x_wconf 90' lang='lat' dir='ltr'><strong>cum</strong></span> 
     </span>
    </p>
   </div>
   <div class='ocr_carea' id='block_1_69' title="bbox 721 3832 2298 3903">
    <p class='ocr_par' dir='ltr' id='par_1_69' title="bbox 721 3832 2298 3903">
     <span class='ocr_line' id='line_1_70' title="bbox 721 3832 2298 3903; baseline 0 -18"><span class='ocrx_word' id='word_1_404' title='bbox 721 3834 950 3887; x_wconf 84' lang='lat' dir='ltr'><strong>veritate</strong></span> <span class='ocrx_word' id='word_1_405' title='bbox 975 3842 1300 3902; x_wconf 80' lang='lat' dir='ltr'><strong>pugnantes,</strong></span> <span class='ocrx_word' id='word_1_406' title='bbox 1326 3832 1431 3886; x_wconf 90' lang='lat' dir='ltr'><strong>alia</strong></span> <span class='ocrx_word' id='word_1_407' title='bbox 1457 3833 1613 3903; x_wconf 92' lang='lat' dir='ltr'><strong>plura</strong></span> <span class='ocrx_word' id='word_1_408' title='bbox 1648 3833 1698 3887; x_wconf 93' lang='lat' dir='ltr'><strong>id</strong></span> <span class='ocrx_word' id='word_1_409' title='bbox 1734 3847 1906 3903; x_wconf 84' lang='lat' dir='ltr'><strong>genus</strong></span> <span class='ocrx_word' id='word_1_410' title='bbox 1941 3832 2298 3888; x_wconf 86' lang='lat' dir='ltr'><strong>deliramenta</strong></span> 
     </span>
    </p>
   </div>
   <div class='ocr_carea' id='block_1_70' title="bbox 724 3926 1026 3995">
    <p class='ocr_par' dir='ltr' id='par_1_70' title="bbox 724 3926 1026 3995">
     <span class='ocr_line' id='line_1_71' title="bbox 724 3926 1026 3995; baseline 0.017 -18"><span class='ocrx_word' id='word_1_411' title='bbox 724 3926 1026 3995; x_wconf 75' lang='lat' dir='ltr'><strong>proferunt.</strong></span> 
     </span>
    </p>
   </div>
   <div class='ocr_carea' id='block_1_71' title="bbox 1433 4013 1601 4068">
    <p class='ocr_par' dir='ltr' id='par_1_71' title="bbox 1433 4013 1601 4068">
     <span class='ocr_line' id='line_1_72' title="bbox 1433 4013 1601 4068; baseline -0.006 0"><span class='ocrx_word' id='word_1_412' title='bbox 1433 4013 1601 4068; x_wconf 86' lang='lat' dir='ltr'><strong>XXV.</strong></span> 
     </span>
    </p>
   </div>
   <div class='ocr_carea' id='block_1_72' title="bbox 2395 3277 3983 3362">
    <p class='ocr_par' dir='ltr' id='par_1_72' title="bbox 2395 3277 3983 3362">
     <span class='ocr_line' id='line_1_73' title="bbox 2395 3277 3983 3362; baseline -0.007 -17"><span class='ocrx_word' id='word_1_413' title='bbox 2395 3292 2659 3362; x_wconf 85' lang='grc' dir='ltr'>Θεοδοσίῳ</span> <span class='ocrx_word' id='word_1_414' title='bbox 2688 3294 2800 3353; x_wconf 88' lang='grc' dir='ltr'>τοῖς</span> <span class='ocrx_word' id='word_1_415' title='bbox 2844 3290 3053 3342; x_wconf 78' lang='grc' dir='ltr'>ἑαυτῶν</span> <span class='ocrx_word' id='word_1_416' title='bbox 3089 3288 3278 3356; x_wconf 83' lang='grc' dir='ltr'>φρονεῖ</span> <span class='ocrx_word' id='word_1_417' title='bbox 3323 3285 3687 3347; x_wconf 84' lang='grc' dir='ltr'><strong>διδασκάλοις.</strong></span> <span class='ocrx_word' id='word_1_418' title='bbox 3724 3277 3887 3336; x_wconf 64' lang='grc' dir='ltr'><strong>Οὗτοι</strong></span> <span class='ocrx_word' id='word_1_419' title='bbox 3922 3283 3983 3334; x_wconf 77' lang='grc' dir='ltr'>δὲ</span> 
     </span>
    </p>
   </div>
   <div class='ocr_carea' id='block_1_73' title="bbox 2394 3374 3983 3451">
    <p class='ocr_par' dir='ltr' id='par_1_73' title="bbox 2394 3374 3983 3451">
     <span class='ocr_line' id='line_1_74' title="bbox 2394 3374 3983 3451; baseline -0.008 -14"><span class='ocrx_word' id='word_1_420' title='bbox 2394 3386 2489 3445; x_wconf 78' lang='grc' dir='ltr'><strong>τὰς</strong></span> <span class='ocrx_word' id='word_1_421' title='bbox 2522 3384 2620 3451; x_wconf 81' lang='grc' dir='ltr'><strong>μὲν</strong></span> <span class='ocrx_word' id='word_1_422' title='bbox 2650 3382 2813 3443; x_wconf 78' lang='grc' dir='ltr'>ἄλλας</span> <span class='ocrx_word' id='word_1_423' title='bbox 2844 3380 2972 3451; x_wconf 70' lang='grc' dir='ltr'>περὶ</span> <span class='ocrx_word' id='word_1_424' title='bbox 2997 3380 3094 3449; x_wconf 88' lang='grc' dir='ltr'>τὴν</span> <span class='ocrx_word' id='word_1_425' title='bbox 3123 3377 3401 3444; x_wconf 84' lang='grc' dir='ltr'><strong>Θεολογίαν</strong></span> <span class='ocrx_word' id='word_1_426' title='bbox 3427 3376 3644 3442; x_wconf 77' lang='grc' dir='ltr'>λέγουσι</span> <span class='ocrx_word' id='word_1_427' title='bbox 3677 3374 3861 3441; x_wconf 72' lang='grc' dir='ltr'>φωνὰς</span> <span class='ocrx_word' id='word_1_428' title='bbox 3891 3374 3983 3425; x_wconf 84' lang='grc' dir='ltr'>εύ-</span> 
     </span>
    </p>
   </div>
   <div class='ocr_carea' id='block_1_74' title="bbox 2400 3463 3979 3539">
    <p class='ocr_par' dir='ltr' id='par_1_74' title="bbox 2400 3463 3979 3539">
     <span class='ocr_line' id='line_1_75' title="bbox 2400 3463 3979 3539; baseline -0.007 -15"><span class='ocrx_word' id='word_1_429' title='bbox 2400 3474 2596 3534; x_wconf 73' lang='grc' dir='ltr'>σεῦεἶς,</span> <span class='ocrx_word' id='word_1_430' title='bbox 2628 3469 2831 3539; x_wconf 85' lang='grc' dir='ltr'>Τριάδα</span> <span class='ocrx_word' id='word_1_431' title='bbox 2856 3468 3140 3537; x_wconf 78' lang='grc' dir='ltr'><strong>όμοούσιον</strong></span> <span class='ocrx_word' id='word_1_432' title='bbox 3163 3467 3257 3517; x_wconf 70' lang='lat' dir='ltr'><strong>xui.</strong></span> <span class='ocrx_word' id='word_1_433' title='bbox 3284 3466 3521 3534; x_wconf 83' lang='grc' dir='ltr'><strong>όμοφυῆ,</strong></span> <span class='ocrx_word' id='word_1_434' title='bbox 3561 3465 3658 3516; x_wconf 74' lang='grc' dir='ltr'><strong>καὶ</strong></span> <span class='ocrx_word' id='word_1_435' title='bbox 3687 3463 3823 3515; x_wconf 84' lang='grc' dir='ltr'><strong>Θεὸν</strong></span> <span class='ocrx_word' id='word_1_436' title='bbox 3856 3464 3979 3525; x_wconf 75' lang='grc' dir='ltr'>ἕνα,</span> 
     </span>
    </p>
   </div>
   <div class='ocr_carea' id='block_1_75' title="bbox 2398 3554 3984 3633">
    <p class='ocr_par' dir='ltr' id='par_1_75' title="bbox 2398 3554 3984 3633">
     <span class='ocr_line' id='line_1_76' title="bbox 2398 3554 3984 3633; baseline -0.008 -16"><span class='ocrx_word' id='word_1_437' title='bbox 2398 3565 2494 3617; x_wconf 69' lang='grc' dir='ltr'><strong>καὶ</strong></span> <span class='ocrx_word' id='word_1_438' title='bbox 2528 3563 2653 3633; x_wconf 86' lang='grc' dir='ltr'><strong>μίαν</strong></span> <span class='ocrx_word' id='word_1_439' title='bbox 2675 3562 2909 3629; x_wconf 80' lang='grc' dir='ltr'>θεότητα</span> <span class='ocrx_word' id='word_1_440' title='bbox 2930 3577 2944 3591; x_wconf 87' lang='grc'><strong>·</strong></span> <span class='ocrx_word' id='word_1_441' title='bbox 2979 3557 3359 3629; x_wconf 78' lang='grc' dir='ltr'><strong>βλασφημοῦσι</strong></span> <span class='ocrx_word' id='word_1_442' title='bbox 3386 3558 3441 3609; x_wconf 79' lang='grc' dir='ltr'>δὲ</span> <span class='ocrx_word' id='word_1_443' title='bbox 3469 3557 3718 3625; x_wconf 83' lang='grc' dir='ltr'>λέγοντες</span> <span class='ocrx_word' id='word_1_444' title='bbox 3748 3554 3984 3624; x_wconf 77' lang='grc' dir='ltr'>μερικάς</span> 
     </span>
    </p>
   </div>
   <div class='ocr_carea' id='block_1_76' title="bbox 2400 3643 3986 3719">
    <p class='ocr_par' dir='ltr' id='par_1_76' title="bbox 2400 3643 3986 3719">
     <span class='ocr_line' id='line_1_77' title="bbox 2400 3643 3986 3719; baseline -0.007 -12"><span class='ocrx_word' id='word_1_445' title='bbox 2400 3655 2589 3716; x_wconf 83' lang='grc' dir='ltr'><strong>οὐσίας</strong></span> <span class='ocrx_word' id='word_1_446' title='bbox 2618 3653 2713 3705; x_wconf 71' lang='grc' dir='ltr'><strong>καὶ</strong></span> <span class='ocrx_word' id='word_1_447' title='bbox 2746 3652 2919 3713; x_wconf 77' lang='grc' dir='ltr'>ίδικάς</span> <span class='ocrx_word' id='word_1_448' title='bbox 2944 3650 3207 3719; x_wconf 86' lang='grc' dir='ltr'>Θεότητας</span> <span class='ocrx_word' id='word_1_449' title='bbox 3236 3649 3331 3701; x_wconf 76' lang='grc' dir='ltr'><strong>καὶ</strong></span> <span class='ocrx_word' id='word_1_450' title='bbox 3364 3647 3538 3709; x_wconf 58' lang='lat' dir='ltr'><strong>tam;</strong></span> <span class='ocrx_word' id='word_1_451' title='bbox 3579 3646 3771 3714; x_wconf 80' lang='grc' dir='ltr'>φύσεις</span> <span class='ocrx_word' id='word_1_452' title='bbox 3809 3645 3862 3716; x_wconf 77' lang='lat'><strong>[7</strong></span> <span class='ocrx_word' id='word_1_453' title='bbox 3890 3643 3986 3715; x_wconf 88' lang='lat' dir='ltr'><strong>H.]</strong></span> 
     </span>
    </p>
   </div>
   <div class='ocr_carea' id='block_1_77' title="bbox 2400 3738 3987 3815">
    <p class='ocr_par' dir='ltr' id='par_1_77' title="bbox 2400 3738 3987 3815">
     <span class='ocr_line' id='line_1_78' title="bbox 2400 3738 3987 3815; baseline -0.008 -16"><span class='ocrx_word' id='word_1_454' title='bbox 2400 3746 2491 3798; x_wconf 80' lang='grc' dir='ltr'><strong>τὸν</strong></span> <span class='ocrx_word' id='word_1_455' title='bbox 2526 3744 2742 3815; x_wconf 80' lang='grc' dir='ltr'>Πατέρα</span> <span class='ocrx_word' id='word_1_456' title='bbox 2772 3745 2864 3795; x_wconf 76' lang='grc' dir='ltr'><strong>καὶ</strong></span> <span class='ocrx_word' id='word_1_457' title='bbox 2893 3743 2983 3795; x_wconf 78' lang='grc' dir='ltr'><strong>τὸν</strong></span> <span class='ocrx_word' id='word_1_458' title='bbox 3018 3743 3145 3794; x_wconf 81' lang='grc' dir='ltr'><strong>Υίδν</strong></span> <span class='ocrx_word' id='word_1_459' title='bbox 3174 3741 3269 3794; x_wconf 77' lang='grc' dir='ltr'><strong>καὶ</strong></span> <span class='ocrx_word' id='word_1_460' title='bbox 3304 3741 3365 3793; x_wconf 81' lang='grc' dir='ltr'><strong>τὸ</strong></span> <span class='ocrx_word' id='word_1_461' title='bbox 3394 3741 3547 3808; x_wconf 82' lang='grc' dir='ltr'>ᾰγιον</span> <span class='ocrx_word' id='word_1_462' title='bbox 3587 3738 3829 3804; x_wconf 83' lang='grc' dir='ltr'><strong>Πνεῦμα,</strong></span> <span class='ocrx_word' id='word_1_463' title='bbox 3853 3739 3987 3789; x_wconf 67' lang='lat' dir='ltr'><strong>tau—</strong></span> 
     </span>
    </p>
   </div>
   <div class='ocr_carea' id='block_1_78' title="bbox 2404 3828 3988 3905">
    <p class='ocr_par' dir='ltr' id='par_1_78' title="bbox 2404 3828 3988 3905">
     <span class='ocr_line' id='line_1_79' title="bbox 2404 3828 3988 3905; baseline -0.006 -15"><span class='ocrx_word' id='word_1_464' title='bbox 2404 3840 2517 3900; x_wconf 86' lang='grc' dir='ltr'>τοῖς</span> <span class='ocrx_word' id='word_1_465' title='bbox 2557 3853 2617 3889; x_wconf 92' lang='grc' dir='ltr'>τε</span> <span class='ocrx_word' id='word_1_466' title='bbox 2652 3835 2748 3888; x_wconf 77' lang='grc' dir='ltr'><strong>καὶ</strong></span> <span class='ocrx_word' id='word_1_467' title='bbox 2794 3838 2859 3905; x_wconf 83' lang='grc' dir='ltr'><strong>τῇ</strong></span> <span class='ocrx_word' id='word_1_468' title='bbox 2902 3833 3131 3903; x_wconf 76' lang='grc' dir='ltr'><strong>ἀληθείᾳ</strong></span> <span class='ocrx_word' id='word_1_469' title='bbox 3179 3831 3495 3901; x_wconf 85' lang='grc' dir='ltr'>μαχόμενοι.</span> <span class='ocrx_word' id='word_1_470' title='bbox 3527 3832 3638 3883; x_wconf 71' lang='grc' dir='ltr'><strong>Καὶ</strong></span> <span class='ocrx_word' id='word_1_471' title='bbox 3668 3830 3802 3883; x_wconf 83' lang='grc' dir='ltr'><strong>ἄλλα</strong></span> <span class='ocrx_word' id='word_1_472' title='bbox 3845 3828 3988 3881; x_wconf 79' lang='grc' dir='ltr'>ἄττα</span> 
     </span>
    </p>
   </div>
   <div class='ocr_carea' id='block_1_79' title="bbox 2403 3923 3789 4001">
    <p class='ocr_par' dir='ltr' id='par_1_79' title="bbox 2403 3923 3789 4001">
     <span class='ocr_line' id='line_1_80' title="bbox 2403 3923 3789 4001; baseline -0.007 -18"><span class='ocrx_word' id='word_1_473' title='bbox 2403 3929 2630 4001; x_wconf 81' lang='grc' dir='ltr'>ληροῦσι</span> <span class='ocrx_word' id='word_1_474' title='bbox 2658 3926 3014 3998; x_wconf 86' lang='grc' dir='ltr'>παραπλήσια</span> <span class='ocrx_word' id='word_1_475' title='bbox 3044 3924 3247 3992; x_wconf 87' lang='grc' dir='ltr'>ταύτης</span> <span class='ocrx_word' id='word_1_476' title='bbox 3274 3924 3371 3993; x_wconf 79' lang='grc' dir='ltr'><strong>τῆς</strong></span> <span class='ocrx_word' id='word_1_477' title='bbox 3404 3923 3789 3993; x_wconf 88' lang='grc' dir='ltr'><strong>ματαιότητος.</strong></span> 
     </span>
    </p>
   </div>
   <div class='ocr_carea' id='block_1_80' title="bbox 3130 4015 3256 4069">
    <p class='ocr_par' dir='ltr' id='par_1_80' title="bbox 3130 4015 3256 4069">
     <span class='ocr_line' id='line_1_81' title="bbox 3130 4015 3256 4069; baseline 0 0"><span class='ocrx_word' id='word_1_478' title='bbox 3130 4015 3256 4069; x_wconf 80' lang='lat' dir='ltr'><strong>KE&#39;.</strong></span> 
     </span>
    </p>
   </div>
   <div class='ocr_carea' id='block_1_81' title="bbox 728 4103 2288 4177">
    <p class='ocr_par' dir='ltr' id='par_1_81' title="bbox 728 4107 2287 4177">
     <span class='ocr_line' id='line_1_82' title="bbox 728 4107 2287 4177; baseline -0.003 -13"><span class='ocrx_word' id='word_1_479' title='bbox 728 4109 790 4164; x_wconf 87' lang='lat' dir='ltr'><strong>S.</strong></span> <span class='ocrx_word' id='word_1_480' title='bbox 817 4107 1045 4163; x_wconf 75' lang='lat' dir='ltr'><strong>Joannis</strong></span> <span class='ocrx_word' id='word_1_481' title='bbox 1087 4107 1454 4176; x_wconf 74' lang='lat' dir='ltr'><strong>Chrysostomi</strong></span> <span class='ocrx_word' id='word_1_482' title='bbox 1490 4108 1546 4177; x_wconf 72' lang='lat' dir='ltr'><strong>in</strong></span> <span class='ocrx_word' id='word_1_483' title='bbox 1596 4116 1815 4159; x_wconf 77' lang='lat' dir='ltr'><strong>mortem</strong></span> <span class='ocrx_word' id='word_1_484' title='bbox 1858 4115 1911 4159; x_wconf 92' lang='lat' dir='ltr'><strong>et</strong></span> <span class='ocrx_word' id='word_1_485' title='bbox 1951 4107 2287 4161; x_wconf 77' lang='lat' dir='ltr'><strong>ascensionen</strong></span> 
     </span>
    </p>
   </div>
   <div class='ocr_carea' id='block_1_82' title="bbox 2387 4103 3995 4177">
    <p class='ocr_par' dir='ltr' id='par_1_82' title="bbox 2412 4103 3995 4177">
     <span class='ocr_line' id='line_1_83' title="bbox 2412 4103 3995 4177; baseline -0.008 -9"><span class='ocrx_word' id='word_1_486' title='bbox 2412 4113 2526 4168; x_wconf 86' lang='grc' dir='ltr'><strong>Τοῦ</strong></span> <span class='ocrx_word' id='word_1_487' title='bbox 2558 4110 2993 4177; x_wconf 80' lang='grc' dir='ltr'><strong>Χρυσοστόμου</strong></span> <span class='ocrx_word' id='word_1_488' title='bbox 3046 4110 3133 4173; x_wconf 81' lang='grc' dir='ltr'>είς</span> <span class='ocrx_word' id='word_1_489' title='bbox 3178 4107 3285 4160; x_wconf 80' lang='grc' dir='ltr'><strong>τὸν</strong></span> <span class='ocrx_word' id='word_1_490' title='bbox 3312 4106 3594 4168; x_wconf 81' lang='grc' dir='ltr'>θάνατον,</span> <span class='ocrx_word' id='word_1_491' title='bbox 3634 4104 3847 4177; x_wconf 32' lang='grc' dir='ltr'><strong>και-είς</strong></span> <span class='ocrx_word' id='word_1_492' title='bbox 3875 4103 3995 4170; x_wconf 81' lang='grc' dir='ltr'><strong>τὴν</strong></span> 
     </span>
    </p>
   </div>
   <div class='ocr_carea' id='block_1_83' title="bbox 906 4176 2141 4246">
    <p class='ocr_par' dir='ltr' id='par_1_83' title="bbox 906 4176 2141 4246">
     <span class='ocr_line' id='line_1_84' title="bbox 906 4176 2141 4246; baseline -0.002 -13"><span class='ocrx_word' id='word_1_493' title='bbox 906 4178 1126 4241; x_wconf 75' lang='lat' dir='ltr'><strong>Christi,</strong></span> <span class='ocrx_word' id='word_1_494' title='bbox 1153 4179 1378 4246; x_wconf 83' lang='lat' dir='ltr'><strong>itemque</strong></span> <span class='ocrx_word' id='word_1_495' title='bbox 1402 4178 1455 4229; x_wconf 90' lang='lat' dir='ltr'><strong>in</strong></span> <span class='ocrx_word' id='word_1_496' title='bbox 1481 4176 1821 4230; x_wconf 76' lang='lat' dir='ltr'><strong>Pentecosten</strong></span> <span class='ocrx_word' id='word_1_497' title='bbox 1851 4178 2141 4230; x_wconf 71' lang='lat' dir='ltr'><strong>orationes.</strong></span> 
     </span>
    </p>
   </div>
   <div class='ocr_carea' id='block_1_84' title="bbox 800 4266 2307 4338">
    <p class='ocr_par' dir='ltr' id='par_1_84' title="bbox 800 4266 2307 4338">
     <span class='ocr_line' id='line_1_85' title="bbox 800 4266 2307 4338; baseline -0.002 -16"><span class='ocrx_word' id='word_1_498' title='bbox 800 4267 1054 4338; x_wconf 77' lang='lat' dir='ltr'><strong>Legimus</strong></span> <span class='ocrx_word' id='word_1_499' title='bbox 1076 4266 1455 4337; x_wconf 85' lang='lat' dir='ltr'><strong>Chrysostomi</strong></span> <span class='ocrx_word' id='word_1_500' title='bbox 1491 4266 1709 4319; x_wconf 88' lang='lat' dir='ltr'><strong>nomine</strong></span> <span class='ocrx_word' id='word_1_501' title='bbox 1736 4266 2057 4334; x_wconf 87' lang='lat' dir='ltr'><strong>inscriptum</strong></span> <span class='ocrx_word' id='word_1_502' title='bbox 2088 4266 2307 4330; x_wconf 89' lang='lat' dir='ltr'><strong>librum,</strong></span> 
     </span>
    </p>
   </div>
   <div class='ocr_carea' id='block_1_85' title="bbox 2585 4175 3811 4247">
    <p class='ocr_par' dir='ltr' id='par_1_85' title="bbox 2585 4175 3811 4247">
     <span class='ocr_line' id='line_1_86' title="bbox 2585 4175 3811 4247; baseline -0.007 -12"><span class='ocrx_word' id='word_1_503' title='bbox 2585 4175 2916 4247; x_wconf 56' lang='grc' dir='ltr'>ἀνάληψιν,</span> <span class='ocrx_word' id='word_1_504' title='bbox 2953 4179 3049 4231; x_wconf 77' lang='grc' dir='ltr'><strong>καὶ</strong></span> <span class='ocrx_word' id='word_1_505' title='bbox 3079 4181 3166 4242; x_wconf 81' lang='grc' dir='ltr'><strong>είς</strong></span> <span class='ocrx_word' id='word_1_506' title='bbox 3214 4178 3325 4243; x_wconf 82' lang='grc' dir='ltr'><strong>τὴν</strong></span> <span class='ocrx_word' id='word_1_507' title='bbox 3357 4175 3811 4243; x_wconf 80' lang='grc' dir='ltr'><strong>Πεντηκοστήν.</strong></span> 
     </span>
    </p>
   </div>
   <div class='ocr_carea' id='block_1_86' title="bbox 2493 4266 3998 4341">
    <p class='ocr_par' dir='ltr' id='par_1_86' title="bbox 2493 4266 3998 4341">
     <span class='ocr_line' id='line_1_87' title="bbox 2493 4266 3998 4341; baseline -0.007 -13"><span class='ocrx_word' id='word_1_508' title='bbox 2493 4272 2834 4341; x_wconf 81' lang='grc' dir='ltr'>’Δνεγνώσθη</span> <span class='ocrx_word' id='word_1_509' title='bbox 2847 4269 2941 4323; x_wconf 79' lang='grc' dir='ltr'><strong>τοῦ</strong></span> <span class='ocrx_word' id='word_1_510' title='bbox 2965 4271 3081 4339; x_wconf 86' lang='grc' dir='ltr'>Χρυ</span> <span class='ocrx_word' id='word_1_511' title='bbox 3090 4269 3354 4337; x_wconf 86' lang='grc' dir='ltr'>σοστόμου</span> <span class='ocrx_word' id='word_1_512' title='bbox 3367 4268 3680 4338; x_wconf 69' lang='grc' dir='ltr'>ἐπιγραφὴν</span> <span class='ocrx_word' id='word_1_513' title='bbox 3699 4266 3820 4335; x_wconf 70' lang='grc' dir='ltr'><strong>ἔχον</strong></span> <span class='ocrx_word' id='word_1_514' title='bbox 3842 4267 3889 4318; x_wconf 90' lang='grc' dir='ltr'><strong><em>Σ</em></strong></span> <span class='ocrx_word' id='word_1_515' title='bbox 3893 4266 3971 4331; x_wconf 83' lang='grc' dir='ltr'>χό</span> <span class='ocrx_word' id='word_1_516' title='bbox 3977 4293 3998 4305; x_wconf 86' lang='lat'><strong>-</strong></span> 
     </span>
    </p>
   </div>
   <div class='ocr_carea' id='block_1_87' title="bbox 730 4352 2288 4429">
    <p class='ocr_par' dir='ltr' id='par_1_87' title="bbox 730 4352 2288 4412">
     <span class='ocr_line' id='line_1_88' title="bbox 730 4352 2288 4412; baseline -0.004 0"><span class='ocrx_word' id='word_1_517' title='bbox 730 4356 1045 4412; x_wconf 76' lang='lat' dir='ltr'><strong>Notationes</strong></span> <span class='ocrx_word' id='word_1_518' title='bbox 1083 4358 1136 4409; x_wconf 88' lang='lat' dir='ltr'><strong>in</strong></span> <span class='ocrx_word' id='word_1_519' title='bbox 1181 4366 1399 4408; x_wconf 87' lang='lat' dir='ltr'><strong>mortem</strong></span> <span class='ocrx_word' id='word_1_520' title='bbox 1458 4352 1681 4408; x_wconf 72' lang='lat' dir='ltr'><strong>Christi.</strong></span> <span class='ocrx_word' id='word_1_521' title='bbox 1718 4352 1857 4406; x_wconf 84' lang='lat' dir='ltr'><strong>Sunt</strong></span> <span class='ocrx_word' id='word_1_522' title='bbox 1896 4363 2075 4409; x_wconf 89' lang='lat' dir='ltr'><strong>autem</strong></span> <span class='ocrx_word' id='word_1_523' title='bbox 2120 4355 2288 4410; x_wconf 85' lang='lat' dir='ltr'><strong>breve:</strong></span> 
     </span>
    </p>
   </div>
   <div class='ocr_carea' id='block_1_88' title="bbox 2387 4352 3997 4429">
    <p class='ocr_par' dir='ltr' id='par_1_88' title="bbox 2409 4354 3997 4429">
     <span class='ocr_line' id='line_1_89' title="bbox 2409 4354 3997 4429; baseline -0.006 -11"><span class='ocrx_word' id='word_1_524' title='bbox 2409 4370 2511 4419; x_wconf 74' lang='lat' dir='ltr'><strong>.Zta</strong></span> <span class='ocrx_word' id='word_1_525' title='bbox 2528 4367 2574 4397; x_wconf 81' lang='lat'><strong>“</strong></span> <span class='ocrx_word' id='word_1_526' title='bbox 2602 4368 2687 4427; x_wconf 83' lang='grc' dir='ltr'><strong>είς</strong></span> <span class='ocrx_word' id='word_1_527' title='bbox 2710 4364 2813 4415; x_wconf 83' lang='grc' dir='ltr'><strong>τὸν</strong></span> <span class='ocrx_word' id='word_1_528' title='bbox 2836 4362 3114 4420; x_wconf 82' lang='grc' dir='ltr'><strong>θάνατον,</strong></span> <span class='ocrx_word' id='word_1_529' title='bbox 3166 4360 3312 4427; x_wconf 82' lang='grc' dir='ltr'><strong>λόγοι</strong></span> <span class='ocrx_word' id='word_1_530' title='bbox 3349 4360 3392 4391; x_wconf 87' lang='grc'><strong>⁸⁷</strong></span> <span class='ocrx_word' id='word_1_531' title='bbox 3436 4359 3625 4429; x_wconf 61' lang='grc' dir='ltr'><strong>μικροὶ⁹</strong></span> <span class='ocrx_word' id='word_1_532' title='bbox 3666 4357 3839 4409; x_wconf 83' lang='grc' dir='ltr'><strong>εἴκοσι</strong></span> <span class='ocrx_word' id='word_1_533' title='bbox 3876 4354 3997 4409; x_wconf 83' lang='grc' dir='ltr'>δύο.</span> 
     </span>
    </p>
   </div>
   <div class='ocr_carea' id='block_1_89' title="bbox 731 4444 2311 4517">
    <p class='ocr_par' dir='ltr' id='par_1_89' title="bbox 731 4444 2311 4517">
     <span class='ocr_line' id='line_1_90' title="bbox 731 4444 2311 4517; baseline 0.001 -17"><span class='ocrx_word' id='word_1_534' title='bbox 731 4451 1010 4504; x_wconf 88' lang='lat' dir='ltr'><strong>orationes</strong></span> <span class='ocrx_word' id='word_1_535' title='bbox 1037 4450 1157 4502; x_wconf 81' lang='lat' dir='ltr'><strong>dua:</strong></span> <span class='ocrx_word' id='word_1_536' title='bbox 1192 4457 1245 4502; x_wconf 92' lang='lat' dir='ltr'><strong>et</strong></span> <span class='ocrx_word' id='word_1_537' title='bbox 1277 4447 1493 4517; x_wconf 82' lang='lat' dir='ltr'><strong>viginti.</strong></span> <span class='ocrx_word' id='word_1_538' title='bbox 1524 4444 1802 4499; x_wconf 78' lang='lat' dir='ltr'><strong>[labentur</strong></span> <span class='ocrx_word' id='word_1_539' title='bbox 1819 4455 1873 4499; x_wconf 90' lang='lat' dir='ltr'><strong>et</strong></span> <span class='ocrx_word' id='word_1_540' title='bbox 1905 4446 1956 4499; x_wconf 95' lang='lat' dir='ltr'><strong>in</strong></span> <span class='ocrx_word' id='word_1_541' title='bbox 1987 4447 2179 4501; x_wconf 88' lang='lat' dir='ltr'><strong>eodem</strong></span> <span class='ocrx_word' id='word_1_542' title='bbox 2218 4463 2311 4501; x_wconf 90' lang='lat' dir='ltr'><strong>vo-</strong></span> 
     </span>
    </p>
   </div>
   <div class='ocr_carea' id='block_1_90' title="bbox 2416 4446 4001 4524">
    <p class='ocr_par' dir='ltr' id='par_1_90' title="bbox 2416 4446 4001 4524">
     <span class='ocr_line' id='line_1_91' title="bbox 2416 4446 4001 4524; baseline -0.006 -14"><span class='ocrx_word' id='word_1_543' title='bbox 2416 4458 2526 4511; x_wconf 77' lang='grc' dir='ltr'>Καὶ</span> <span class='ocrx_word' id='word_1_544' title='bbox 2555 4459 2611 4509; x_wconf 80' lang='grc' dir='ltr'><strong>ὲν</strong></span> <span class='ocrx_word' id='word_1_545' title='bbox 2640 4455 2718 4524; x_wconf 87' lang='grc' dir='ltr'>τῷ</span> <span class='ocrx_word' id='word_1_546' title='bbox 2748 4454 2895 4524; x_wconf 84' lang='grc' dir='ltr'>αὑτῷ</span> <span class='ocrx_word' id='word_1_547' title='bbox 2927 4453 3075 4521; x_wconf 83' lang='grc' dir='ltr'>λόγοι</span> <span class='ocrx_word' id='word_1_548' title='bbox 3104 4452 3478 4521; x_wconf 82' lang='grc' dir='ltr'>παραπλήσιοι</span> <span class='ocrx_word' id='word_1_549' title='bbox 3510 4453 3614 4515; x_wconf 80' lang='grc' dir='ltr'><strong>Εἰς</strong></span> <span class='ocrx_word' id='word_1_550' title='bbox 3631 4449 3745 4515; x_wconf 75' lang='grc' dir='ltr'><strong>τὴν</strong></span> <span class='ocrx_word' id='word_1_551' title='bbox 3765 4446 4001 4515; x_wconf 75' lang='grc' dir='ltr'>ἀνάλη-</span> 
     </span>
    </p>
   </div>
   <div class='ocr_carea' id='block_1_91' title="bbox 732 4525 2288 4617">
    <p class='ocr_par' dir='ltr' id='par_1_91' title="bbox 732 4536 2288 4596">
     <span class='ocr_line' id='line_1_92' title="bbox 732 4536 2288 4596; baseline -0.003 0"><span class='ocrx_word' id='word_1_552' title='bbox 732 4542 936 4596; x_wconf 88' lang='lat' dir='ltr'><strong>Iumine</strong></span> <span class='ocrx_word' id='word_1_553' title='bbox 976 4542 1218 4596; x_wconf 87' lang='lat' dir='ltr'><strong>similes:</strong></span> <span class='ocrx_word' id='word_1_554' title='bbox 1256 4538 1323 4592; x_wconf 85' lang='lat' dir='ltr'><strong>In</strong></span> <span class='ocrx_word' id='word_1_555' title='bbox 1371 4539 1729 4591; x_wconf 69' lang='lat' dir='ltr'><strong>ascensionem</strong></span> <span class='ocrx_word' id='word_1_556' title='bbox 1773 4536 1986 4591; x_wconf 87' lang='lat' dir='ltr'><strong>Domini</strong></span> <span class='ocrx_word' id='word_1_557' title='bbox 2025 4539 2143 4592; x_wconf 81' lang='lat' dir='ltr'><strong>ali:e</strong></span> <span class='ocrx_word' id='word_1_558' title='bbox 2190 4544 2288 4592; x_wconf 85' lang='lat' dir='ltr'><strong>dua</strong></span> 
     </span>
    </p>
   </div>
   <div class='ocr_carea' id='block_1_92' title="bbox 2387 4525 4003 4617">
    <p class='ocr_par' dir='ltr' id='par_1_92' title="bbox 2417 4538 4003 4617">
     <span class='ocr_line' id='line_1_93' title="bbox 2417 4538 4003 4617; baseline -0.007 -16"><span class='ocrx_word' id='word_1_559' title='bbox 2417 4553 2527 4617; x_wconf 75' lang='grc' dir='ltr'>ψιν</span> <span class='ocrx_word' id='word_1_560' title='bbox 2555 4548 2660 4601; x_wconf 86' lang='grc' dir='ltr'><strong>τοῦ</strong></span> <span class='ocrx_word' id='word_1_561' title='bbox 2688 4547 2909 4613; x_wconf 83' lang='grc' dir='ltr'><em>Κυρίου</em></span> <span class='ocrx_word' id='word_1_562' title='bbox 2936 4543 3041 4615; x_wconf 82' lang='grc' dir='ltr'><strong>κβ⁹,</strong></span> <span class='ocrx_word' id='word_1_563' title='bbox 3067 4545 3159 4598; x_wconf 79' lang='grc' dir='ltr'><strong>καὶ</strong></span> <span class='ocrx_word' id='word_1_564' title='bbox 3178 4543 3260 4596; x_wconf 84' lang='grc' dir='ltr'>ἐτι</span> <span class='ocrx_word' id='word_1_565' title='bbox 3287 4546 3392 4609; x_wconf 77' lang='grc' dir='ltr'><strong>Εἰς</strong></span> <span class='ocrx_word' id='word_1_566' title='bbox 3413 4542 3531 4611; x_wconf 81' lang='grc' dir='ltr'><strong>τὴν</strong></span> <span class='ocrx_word' id='word_1_567' title='bbox 3556 4538 4003 4607; x_wconf 79' lang='grc' dir='ltr'>Πεντηκοστὴν</span> 
     </span>
    </p>
   </div>
   <div class='ocr_carea' id='block_1_93' title="bbox 734 4627 2311 4700">
    <p class='ocr_par' dir='ltr' id='par_1_93' title="bbox 734 4627 2311 4700">
     <span class='ocr_line' id='line_1_94' title="bbox 734 4627 2311 4700; baseline 0 -17"><span class='ocrx_word' id='word_1_568' title='bbox 734 4641 791 4684; x_wconf 82' lang='lat' dir='ltr'><strong>ct</strong></span> <span class='ocrx_word' id='word_1_569' title='bbox 824 4630 1047 4700; x_wconf 88' lang='lat' dir='ltr'><strong>viginti;</strong></span> <span class='ocrx_word' id='word_1_570' title='bbox 1088 4640 1142 4683; x_wconf 89' lang='lat' dir='ltr'><strong>et</strong></span> <span class='ocrx_word' id='word_1_571' title='bbox 1179 4630 1232 4682; x_wconf 93' lang='lat' dir='ltr'><strong>in</strong></span> <span class='ocrx_word' id='word_1_572' title='bbox 1281 4627 1624 4681; x_wconf 74' lang='lat' dir='ltr'><strong>Pentecosten</strong></span> <span class='ocrx_word' id='word_1_573' title='bbox 1663 4642 1877 4697; x_wconf 85' lang='lat' dir='ltr'><strong>quoque</strong></span> <span class='ocrx_word' id='word_1_574' title='bbox 1902 4628 2179 4683; x_wconf 87' lang='lat' dir='ltr'><strong>orationes</strong></span> <span class='ocrx_word' id='word_1_575' title='bbox 2224 4644 2311 4683; x_wconf 89' lang='lat' dir='ltr'><strong>se-</strong></span> 
     </span>
    </p>
   </div>
   <div class='ocr_carea' id='block_1_94' title="bbox 737 4721 1085 4790">
    <p class='ocr_par' dir='ltr' id='par_1_94' title="bbox 737 4721 1085 4790">
     <span class='ocr_line' id='line_1_95' title="bbox 737 4721 1085 4790; baseline 0.006 -18"><span class='ocrx_word' id='word_1_576' title='bbox 737 4721 1085 4790; x_wconf 80' lang='lat' dir='ltr'><strong>ptetndecim.</strong></span> 
     </span>
    </p>
   </div>
   <div class='ocr_carea' id='block_1_95' title="bbox 2419 4639 2969 4709">
    <p class='ocr_par' dir='ltr' id='par_1_95' title="bbox 2419 4639 2969 4709">
     <span class='ocr_line' id='line_1_96' title="bbox 2419 4639 2969 4709; baseline 0 -16"><span class='ocrx_word' id='word_1_577' title='bbox 2419 4640 2679 4703; x_wconf 83' lang='grc' dir='ltr'>ὡσαύτως</span> <span class='ocrx_word' id='word_1_578' title='bbox 2706 4639 2853 4709; x_wconf 80' lang='grc' dir='ltr'>λόγοι</span> <span class='ocrx_word' id='word_1_579' title='bbox 2884 4639 2969 4703; x_wconf 76' lang='grc' dir='ltr'><strong>ιζ’.</strong></span> 
     </span>
    </p>
   </div>
   <div class='ocr_carea' id='block_1_96' title="bbox 2028 4834 2708 4894">
    <p class='ocr_par' dir='ltr' id='par_1_96' title="bbox 2028 4834 2708 4894">
     <span class='ocr_line' id='line_1_97' title="bbox 2028 4834 2708 4894; baseline 0.009 -9"><span class='ocrx_word' id='word_1_580' title='bbox 2028 4834 2260 4892; x_wconf 64' lang='lat' dir='ltr'><strong>VARIA‘I</strong></span> <span class='ocrx_word' id='word_1_581' title='bbox 2303 4837 2708 4894; x_wconf 75' lang='lat' dir='ltr'><strong>LECTIONES.</strong></span> 
     </span>
    </p>
   </div>
   <div class='ocr_carea' id='block_1_97' title="bbox 811 4932 1341 5001">
    <p class='ocr_par' dir='ltr' id='par_1_97' title="bbox 811 4932 1341 5001">
     <span class='ocr_line' id='line_1_98' title="bbox 811 4932 1341 5001; baseline -0.004 -15"><span class='ocrx_word' id='word_1_582' title='bbox 811 4933 855 4964; x_wconf 85' lang='grc'><strong>¹¹</strong></span> <span class='ocrx_word' id='word_1_583' title='bbox 895 4932 1252 5001; x_wconf 87' lang='grc' dir='ltr'><strong>ματαιότητος</strong></span> <span class='ocrx_word' id='word_1_584' title='bbox 1280 4950 1341 4997; x_wconf 80' lang='grc' dir='ltr'><strong>ς.</strong></span> 
     </span>
    </p>
   </div>
   <div class='ocr_carea' id='block_1_98' title="bbox 741 5002 1665 5074">
    <p class='ocr_par' dir='ltr' id='par_1_98' title="bbox 741 5002 1665 5074">
     <span class='ocr_line' id='line_1_99' title="bbox 741 5002 1665 5074; baseline -0.003 -16"><span class='ocrx_word' id='word_1_585' title='bbox 741 5007 808 5059; x_wconf 81' lang='grc' dir='ltr'><strong>Α.</strong></span> <span class='ocrx_word' id='word_1_586' title='bbox 882 5004 927 5035; x_wconf 81' lang='grc'>⁵⁸</span> <span class='ocrx_word' id='word_1_587' title='bbox 960 5005 1172 5074; x_wconf 72' lang='grc' dir='ltr'><strong>σκόλιον</strong></span> <span class='ocrx_word' id='word_1_588' title='bbox 1203 5020 1263 5066; x_wconf 84' lang='grc' dir='ltr'><strong>ς.</strong></span> <span class='ocrx_word' id='word_1_589' title='bbox 1352 5002 1397 5034; x_wconf 85' lang='grc'><strong>⁸⁷</strong></span> <span class='ocrx_word' id='word_1_590' title='bbox 1422 5002 1569 5071; x_wconf 84' lang='grc' dir='ltr'>λόγῳ</span> <span class='ocrx_word' id='word_1_591' title='bbox 1604 5019 1665 5066; x_wconf 83' lang='grc' dir='ltr'><strong>ς.</strong></span> 
     </span>
    </p>
   </div>
   <div class='ocr_carea' id='block_1_99' title="bbox 1453 4928 2596 5004">
    <p class='ocr_par' dir='ltr' id='par_1_99' title="bbox 1453 4928 2596 5004">
     <span class='ocr_line' id='line_1_100' title="bbox 1453 4928 2596 5004; baseline 0.008 -25"><span class='ocrx_word' id='word_1_592' title='bbox 1453 4932 1500 5004; x_wconf 75' lang='lat'><strong>&#39;_&#39;</strong></span> <span class='ocrx_word' id='word_1_593' title='bbox 1530 4928 1916 4999; x_wconf 87' lang='grc' dir='ltr'><strong>ματαιολογίαν</strong></span> <span class='ocrx_word' id='word_1_594' title='bbox 1952 4947 2011 4995; x_wconf 85' lang='grc' dir='ltr'><strong>ς,</strong></span> <span class='ocrx_word' id='word_1_595' title='bbox 2087 4930 2133 4961; x_wconf 86' lang='grc'><strong>⁵³</strong></span> <span class='ocrx_word' id='word_1_596' title='bbox 2149 4932 2327 5004; x_wconf 78' lang='grc' dir='ltr'><strong>αὐτοὶ]</strong></span> <span class='ocrx_word' id='word_1_597' title='bbox 2367 4928 2511 4987; x_wconf 73' lang='grc' dir='ltr'><strong>οὗτοι</strong></span> <span class='ocrx_word' id='word_1_598' title='bbox 2534 4936 2596 4988; x_wconf 80' lang='grc' dir='ltr'><strong>Α.</strong></span> 
     </span>
    </p>
   </div>
   <div class='ocr_carea' id='block_1_100' title="bbox 2694 4921 4003 5001">
    <p class='ocr_par' dir='ltr' id='par_1_100' title="bbox 2694 4921 4003 5001">
     <span class='ocr_line' id='line_1_101' title="bbox 2694 4921 4003 5001; baseline 0.005 -18"><span class='ocrx_word' id='word_1_599' title='bbox 2694 4932 2739 4966; x_wconf 67' lang='grc'><strong>³⁸</strong></span> <span class='ocrx_word' id='word_1_600' title='bbox 2766 4932 3012 5001; x_wconf 84' lang='grc' dir='ltr'>φαίνεται</span> <span class='ocrx_word' id='word_1_601' title='bbox 3042 4931 3109 4984; x_wconf 86' lang='lat' dir='ltr'><strong>A.</strong></span> <span class='ocrx_word' id='word_1_602' title='bbox 3207 4928 3254 4959; x_wconf 84' lang='grc'><strong>⁸³</strong></span> <span class='ocrx_word' id='word_1_603' title='bbox 3275 4922 3589 4996; x_wconf 77' lang='grc' dir='ltr'>Φιλόπονον]</span> <span class='ocrx_word' id='word_1_604' title='bbox 3614 4921 3882 4976; x_wconf 71' lang='grc' dir='ltr'><strong>Φίλιππον</strong></span> <span class='ocrx_word' id='word_1_605' title='bbox 3916 4936 4003 4989; x_wconf 68' lang='grc' dir='ltr'><strong>βτ-</strong></span> 
     </span>
    </p>
   </div>
   <div class='ocr_carea' id='block_1_101' title="bbox 2262 5090 2495 5146">
    <p class='ocr_par' dir='ltr' id='par_1_101' title="bbox 2262 5090 2495 5146">
     <span class='ocr_line' id='line_1_102' title="bbox 2262 5090 2495 5146; baseline 0 -3"><span class='ocrx_word' id='word_1_606' title='bbox 2262 5090 2495 5146; x_wconf 66' lang='lat' dir='ltr'><strong>NOTAE.</strong></span> 
     </span>
    </p>
   </div>
   <div class='ocr_carea' id='block_1_102' title="bbox 819 5202 2312 5281">
    <p class='ocr_par' dir='ltr' id='par_1_102' title="bbox 819 5202 2312 5281">
     <span class='ocr_line' id='line_1_103' title="bbox 819 5202 2312 5281; baseline -0.006 -16"><span class='ocrx_word' id='word_1_607' title='bbox 819 5210 929 5281; x_wconf 79' lang='grc'><strong>(51)</strong></span> <span class='ocrx_word' id='word_1_608' title='bbox 958 5208 1126 5277; x_wconf 79' lang='lat' dir='ltr'><strong>Cujus</strong></span> <span class='ocrx_word' id='word_1_609' title='bbox 1148 5223 1255 5263; x_wconf 89' lang='lat' dir='ltr'><strong>non</strong></span> <span class='ocrx_word' id='word_1_610' title='bbox 1294 5206 1462 5281; x_wconf 85' lang='lat' dir='ltr'><strong>semel</strong></span> <span class='ocrx_word' id='word_1_611' title='bbox 1494 5204 2056 5281; x_wconf 23' lang='lat' dir='ltr'><strong>meminit‘ﬁicephor.</strong></span> <span class='ocrx_word' id='word_1_612' title='bbox 2100 5202 2312 5257; x_wconf 72' lang='lat' dir='ltr'><strong>Lallist.</strong></span> 
     </span>
    </p>
   </div>
   <div class='ocr_carea' id='block_1_103' title="bbox 746 5276 2314 5339">
    <p class='ocr_par' dir='ltr' id='par_1_103' title="bbox 746 5276 2314 5339">
     <span class='ocr_line' id='line_1_104' title="bbox 746 5276 2314 5339; baseline -0.007 -4"><span class='ocrx_word' id='word_1_613' title='bbox 746 5276 1082 5335; x_wconf 68' lang='lat' dir='ltr'><strong>Themistius</strong></span> <span class='ocrx_word' id='word_1_614' title='bbox 1109 5288 1286 5332; x_wconf 83' lang='lat' dir='ltr'><strong>autem</strong></span> <span class='ocrx_word' id='word_1_615' title='bbox 1325 5278 1467 5331; x_wconf 75' lang='lat' dir='ltr'><strong>idern</strong></span> <span class='ocrx_word' id='word_1_616' title='bbox 1496 5276 1833 5339; x_wconf 76' lang='lat' dir='ltr'><strong>vitletnrille,</strong></span> <span class='ocrx_word' id='word_1_617' title='bbox 1865 5276 2125 5327; x_wconf 86' lang='lat' dir='ltr'><strong>adversus</strong></span> <span class='ocrx_word' id='word_1_618' title='bbox 2157 5290 2314 5338; x_wconf 74' lang='lat' dir='ltr'><strong>qut-tn</strong></span> 
     </span>
    </p>
   </div>
   <div class='ocr_carea' id='block_1_104' title="bbox 748 5341 2314 5419">
    <p class='ocr_par' dir='ltr' id='par_1_104' title="bbox 748 5341 2314 5419">
     <span class='ocr_line' id='line_1_105' title="bbox 748 5341 2314 5419; baseline -0.006 -14"><span class='ocrx_word' id='word_1_619' title='bbox 748 5350 1306 5419; x_wconf 81' lang='lat' dir='ltr'><strong>scripsitTheodorns</strong></span> <span class='ocrx_word' id='word_1_620' title='bbox 1336 5348 1585 5419; x_wconf 70' lang='lat' dir='ltr'><strong>tnonach.</strong></span> <span class='ocrx_word' id='word_1_621' title='bbox 1630 5344 1728 5419; x_wconf 81' lang='lat' dir='ltr'><strong>inI&#39;.</strong></span> <span class='ocrx_word' id='word_1_622' title='bbox 1776 5346 1909 5419; x_wconf 77' lang='lat' dir='ltr'><strong>cotI._</strong></span> <span class='ocrx_word' id='word_1_623' title='bbox 1946 5341 2122 5396; x_wconf 86' lang='lat' dir='ltr'>CVIII.</span> <span class='ocrx_word' id='word_1_624' title='bbox 2149 5344 2314 5419; x_wconf 66' lang='lat' dir='ltr'><strong>card.</strong></span> 
     </span>
    </p>
   </div>
   <div class='ocr_carea' id='block_1_105' title="bbox 749 5412 2309 5491">
    <p class='ocr_par' dir='ltr' id='par_1_105' title="bbox 749 5412 2309 5491">
     <span class='ocr_line' id='line_1_106' title="bbox 749 5412 2309 5491; baseline -0.004 -19"><span class='ocrx_word' id='word_1_625' title='bbox 749 5412 909 5491; x_wconf 78' lang='lat' dir='ltr'><strong>porro</strong></span> <span class='ocrx_word' id='word_1_626' title='bbox 926 5423 1121 5491; x_wconf 79' lang='lat' dir='ltr'><strong>Baron.</strong></span> <span class='ocrx_word' id='word_1_627' title='bbox 1148 5418 1497 5491; x_wconf 80' lang='lat' dir='ltr'><strong>proEugenio</strong></span> <span class='ocrx_word' id='word_1_628' title='bbox 1513 5414 1801 5483; x_wconf 80' lang='lat' dir='ltr'><strong>Evagrium</strong></span> <span class='ocrx_word' id='word_1_629' title='bbox 1828 5414 2009 5478; x_wconf 86' lang='lat' dir='ltr'><strong>habet,</strong></span> <span class='ocrx_word' id='word_1_630' title='bbox 2034 5421 2166 5466; x_wconf 92' lang='lat' dir='ltr'><strong>tom.</strong></span> <span class='ocrx_word' id='word_1_631' title='bbox 2201 5412 2309 5472; x_wconf 87' lang='lat' dir='ltr'>VII,</span> 
     </span>
    </p>
   </div>
   <div class='ocr_carea' id='block_1_106' title="bbox 748 5490 1196 5546">
    <p class='ocr_par' dir='ltr' id='par_1_106' title="bbox 748 5490 1196 5546">
     <span class='ocr_line' id='line_1_107' title="bbox 748 5490 1196 5546; baseline -0.004 -1"><span class='ocrx_word' id='word_1_632' title='bbox 748 5490 815 5545; x_wconf 75' lang='lat' dir='ltr'><strong>ad</strong></span> <span class='ocrx_word' id='word_1_633' title='bbox 847 5508 895 5545; x_wconf 88' lang='lat' dir='ltr'><strong>a.</strong></span> <span class='ocrx_word' id='word_1_634' title='bbox 934 5492 1032 5546; x_wconf 90' lang='lat' dir='ltr'><strong>Ch.</strong></span> <span class='ocrx_word' id='word_1_635' title='bbox 1072 5490 1196 5544; x_wconf 82' lang='grc'>555.</span> 
     </span>
    </p>
   </div>
   <div class='ocr_carea' id='block_1_107' title="bbox 824 5552 2311 5628">
    <p class='ocr_par' dir='ltr' id='par_1_107' title="bbox 824 5552 2311 5628">
     <span class='ocr_line' id='line_1_108' title="bbox 824 5552 2311 5628; baseline -0.009 -14"><span class='ocrx_word' id='word_1_636' title='bbox 824 5562 1072 5628; x_wconf 60' lang='grc' dir='ltr'><strong>(ὖὲίιῐῖιιὶι</strong></span> <span class='ocrx_word' id='word_1_637' title='bbox 1093 5563 1177 5613; x_wconf 88' lang='lat' dir='ltr'><strong>hic</strong></span> <span class='ocrx_word' id='word_1_638' title='bbox 1190 5556 1528 5619; x_wconf 75' lang='lat' dir='ltr'><strong>JoannesIII,</strong></span> <span class='ocrx_word' id='word_1_639' title='bbox 1545 5566 1902 5628; x_wconf 82' lang='lat' dir='ltr'><strong>cognomento</strong></span> <span class='ocrx_word' id='word_1_640' title='bbox 1918 5552 2311 5628; x_wconf 61' lang='lat' dir='ltr'><strong>Scholastions,</strong></span> 
     </span>
    </p>
   </div>
   <div class='ocr_carea' id='block_1_108' title="bbox 754 5618 2318 5693">
    <p class='ocr_par' dir='ltr' id='par_1_108' title="bbox 754 5618 2318 5693">
     <span class='ocr_line' id='line_1_109' title="bbox 754 5618 2318 5693; baseline -0.007 -6"><span class='ocrx_word' id='word_1_641' title='bbox 754 5618 856 5687; x_wconf 81' lang='lat' dir='ltr'><strong>sub</strong></span> <span class='ocrx_word' id='word_1_642' title='bbox 884 5618 1095 5685; x_wconf 70' lang='lat' dir='ltr'><strong>Iustino</strong></span> <span class='ocrx_word' id='word_1_643' title='bbox 1119 5630 1350 5690; x_wconf 90' lang='lat' dir='ltr'><strong>minore,</strong></span> <span class='ocrx_word' id='word_1_644' title='bbox 1380 5630 1445 5680; x_wconf 84' lang='lat' dir='ltr'><strong>de</strong></span> <span class='ocrx_word' id='word_1_645' title='bbox 1479 5643 1586 5693; x_wconf 86' lang='lat' dir='ltr'><strong>quo</strong></span> <span class='ocrx_word' id='word_1_646' title='bbox 1615 5618 1791 5677; x_wconf 58' lang='grc' dir='ltr'><strong>νυιὶειιιι</strong></span> <span class='ocrx_word' id='word_1_647' title='bbox 1824 5624 1918 5677; x_wconf 79' lang='lat' dir='ltr'><strong>ini.</strong></span> <span class='ocrx_word' id='word_1_648' title='bbox 1950 5626 2070 5677; x_wconf 83' lang='lat' dir='ltr'><strong>eod.</strong></span> <span class='ocrx_word' id='word_1_649' title='bbox 2105 5618 2318 5676; x_wconf 70' lang='lat' dir='ltr'><strong>LXXV.</strong></span> 
     </span>
    </p>
   </div>
   <div class='ocr_carea' id='block_1_109' title="bbox 756 5696 1792 5760">
    <p class='ocr_par' dir='ltr' id='par_1_109' title="bbox 756 5696 1792 5760">
     <span class='ocr_line' id='line_1_110' title="bbox 756 5696 1792 5760; baseline -0.007 -5"><span class='ocrx_word' id='word_1_650' title='bbox 756 5704 954 5755; x_wconf 79' lang='lat' dir='ltr'><strong>Bnron.</strong></span> <span class='ocrx_word' id='word_1_651' title='bbox 982 5702 1133 5753; x_wconf 85' lang='lat' dir='ltr'><strong>card.</strong></span> <span class='ocrx_word' id='word_1_652' title='bbox 1168 5710 1206 5752; x_wconf 83' lang='lat' dir='ltr'><strong>t.</strong></span> <span class='ocrx_word' id='word_1_653' title='bbox 1246 5696 1356 5760; x_wconf 77' lang='lat' dir='ltr'>VII,</span> <span class='ocrx_word' id='word_1_654' title='bbox 1395 5698 1458 5747; x_wconf 84' lang='lat' dir='ltr'><strong>:uI</strong></span> <span class='ocrx_word' id='word_1_655' title='bbox 1490 5713 1539 5749; x_wconf 86' lang='lat' dir='ltr'><strong>a.</strong></span> <span class='ocrx_word' id='word_1_656' title='bbox 1573 5696 1635 5749; x_wconf 83' lang='lat' dir='ltr'><strong>C.</strong></span> <span class='ocrx_word' id='word_1_657' title='bbox 1668 5696 1792 5749; x_wconf 66' lang='lat'><strong>564.</strong></span> 
     </span>
    </p>
   </div>
   <div class='ocr_carea' id='block_1_110' title="bbox 832 5763 2323 5839">
    <p class='ocr_par' dir='ltr' id='par_1_110' title="bbox 832 5763 2323 5839">
     <span class='ocr_line' id='line_1_111' title="bbox 832 5763 2323 5839; baseline -0.009 -14"><span class='ocrx_word' id='word_1_658' title='bbox 832 5771 943 5839; x_wconf 78' lang='grc'><strong>(53)</strong></span> <span class='ocrx_word' id='word_1_659' title='bbox 984 5770 1271 5838; x_wconf 80' lang='lat' dir='ltr'><strong>Evagrium</strong></span> <span class='ocrx_word' id='word_1_660' title='bbox 1314 5768 1569 5839; x_wconf 60' lang='lat' dir='ltr'><strong>nominat</strong></span> <span class='ocrx_word' id='word_1_661' title='bbox 1605 5766 1665 5819; x_wconf 84' lang='grc' dir='ltr'><strong>Ο.</strong></span> <span class='ocrx_word' id='word_1_662' title='bbox 1705 5764 1899 5819; x_wconf 77' lang='lat' dir='ltr'><strong>Buron.</strong></span> <span class='ocrx_word' id='word_1_663' title='bbox 1946 5764 2093 5818; x_wconf 78' lang='lat' dir='ltr'><strong>card.</strong></span> <span class='ocrx_word' id='word_1_664' title='bbox 2136 5763 2198 5815; x_wconf 74' lang='lat' dir='ltr'><strong>nti</strong></span> <span class='ocrx_word' id='word_1_665' title='bbox 2226 5778 2323 5813; x_wconf 85' lang='lat' dir='ltr'><strong>nn-</strong></span> 
     </span>
    </p>
   </div>
   <div class='ocr_carea' id='block_1_111' title="bbox 761 5835 1591 5905">
    <p class='ocr_par' dir='ltr' id='par_1_111' title="bbox 761 5835 1591 5905">
     <span class='ocr_line' id='line_1_112' title="bbox 761 5835 1591 5905; baseline -0.013 -7"><span class='ocrx_word' id='word_1_666' title='bbox 761 5835 888 5899; x_wconf 78' lang='lat' dir='ltr'><strong>nuin</strong></span> <span class='ocrx_word' id='word_1_667' title='bbox 924 5835 1123 5897; x_wconf 74' lang='lat' dir='ltr'><strong>Christi</strong></span> <span class='ocrx_word' id='word_1_668' title='bbox 1157 5840 1281 5905; x_wconf 78' lang='grc'>555,</span> <span class='ocrx_word' id='word_1_669' title='bbox 1318 5850 1445 5893; x_wconf 86' lang='lat' dir='ltr'><strong>tum.</strong></span> <span class='ocrx_word' id='word_1_670' title='bbox 1488 5835 1591 5890; x_wconf 79' lang='lat' dir='ltr'><strong>\‘ll.</strong></span> 
     </span>
    </p>
   </div>
   <div class='ocr_carea' id='block_1_112' title="bbox 2500 5190 4009 5271">
    <p class='ocr_par' dir='ltr' id='par_1_112' title="bbox 2500 5190 4009 5271">
     <span class='ocr_line' id='line_1_113' title="bbox 2500 5190 4009 5271; baseline -0.009 -15"><span class='ocrx_word' id='word_1_671' title='bbox 2500 5203 2613 5271; x_wconf 66' lang='lat' dir='ltr'><strong>(5i)</strong></span> <span class='ocrx_word' id='word_1_672' title='bbox 2669 5201 2745 5254; x_wconf 89' lang='lat' dir='ltr'><strong>Ita</strong></span> <span class='ocrx_word' id='word_1_673' title='bbox 2794 5198 3079 5267; x_wconf 87' lang='lat' dir='ltr'><strong>Philoponi</strong></span> <span class='ocrx_word' id='word_1_674' title='bbox 3139 5206 3439 5271; x_wconf 82' lang='lat' dir='ltr'><strong>se_ctatores</strong></span> <span class='ocrx_word' id='word_1_675' title='bbox 3488 5192 3641 5271; x_wconf 67' lang='lat' dir='ltr'><strong>dicti,</strong></span> <span class='ocrx_word' id='word_1_676' title='bbox 3690 5190 3831 5271; x_wconf 77' lang='lat' dir='ltr'><strong>quod</strong></span> <span class='ocrx_word' id='word_1_677' title='bbox 3894 5198 4009 5243; x_wconf 91' lang='lat' dir='ltr'><strong>tres</strong></span> 
     </span>
    </p>
   </div>
   <div class='ocr_carea' id='block_1_113' title="bbox 2428 5260 4009 5332">
    <p class='ocr_par' dir='ltr' id='par_1_113' title="bbox 2428 5260 4009 5332">
     <span class='ocr_line' id='line_1_114' title="bbox 2428 5260 4009 5332; baseline -0.011 -7"><span class='ocrx_word' id='word_1_678' title='bbox 2428 5260 2648 5325; x_wconf 65' lang='lat' dir='ltr'><strong>naiuras</strong></span> <span class='ocrx_word' id='word_1_679' title='bbox 2684 5273 2735 5323; x_wconf 90' lang='lat' dir='ltr'><strong>in</strong></span> <span class='ocrx_word' id='word_1_680' title='bbox 2781 5260 3129 5324; x_wconf 73' lang='lat' dir='ltr'><strong>sacrosancta</strong></span> <span class='ocrx_word' id='word_1_681' title='bbox 3178 5266 3446 5319; x_wconf 88' lang='lat' dir='ltr'><strong>Trinitate</strong></span> <span class='ocrx_word' id='word_1_682' title='bbox 3497 5260 3829 5332; x_wconf 82' lang='lat' dir='ltr'><strong>proﬁtendas</strong></span> <span class='ocrx_word' id='word_1_683' title='bbox 3869 5274 4009 5313; x_wconf 76' lang='lat' dir='ltr'><strong>ceu-</strong></span> 
     </span>
    </p>
   </div>
   <div class='ocr_carea' id='block_1_114' title="bbox 2425 5332 4000 5404">
    <p class='ocr_par' dir='ltr' id='par_1_114' title="bbox 2425 5332 4000 5404">
     <span class='ocr_line' id='line_1_115' title="bbox 2425 5332 4000 5404; baseline -0.011 -6"><span class='ocrx_word' id='word_1_684' title='bbox 2425 5343 2654 5398; x_wconf 87' lang='lat' dir='ltr'><strong>suerint.</strong></span> <span class='ocrx_word' id='word_1_685' title='bbox 2690 5341 2881 5395; x_wconf 85' lang='lat' dir='ltr'><strong>Leont.</strong></span> <span class='ocrx_word' id='word_1_686' title='bbox 2934 5348 3041 5394; x_wconf 83' lang='lat' dir='ltr'><strong>act.</strong></span> <span class='ocrx_word' id='word_1_687' title='bbox 3071 5339 3128 5404; x_wconf 85' lang='grc'>5,</span> <span class='ocrx_word' id='word_1_688' title='bbox 3165 5346 3412 5392; x_wconf 80' lang='lat' dir='ltr'><strong>extremo</strong></span> <span class='ocrx_word' id='word_1_689' title='bbox 3441 5332 3668 5401; x_wconf 87' lang='lat' dir='ltr'><strong>Niceph.</strong></span> <span class='ocrx_word' id='word_1_690' title='bbox 3703 5332 3795 5384; x_wconf 86' lang='lat' dir='ltr'><strong>lib.</strong></span> <span class='ocrx_word' id='word_1_691' title='bbox 3838 5344 4000 5391; x_wconf 82' lang='lat' dir='ltr'><strong>xvm,</strong></span> 
     </span>
    </p>
   </div>
   <div class='ocr_carea' id='block_1_115' title="bbox 2421 5412 2832 5473">
    <p class='ocr_par' dir='ltr' id='par_1_115' title="bbox 2421 5412 2832 5473">
     <span class='ocr_line' id='line_1_116' title="bbox 2421 5412 2832 5473; baseline -0.002 -7"><span class='ocrx_word' id='word_1_692' title='bbox 2421 5428 2542 5473; x_wconf 84' lang='lat' dir='ltr'><strong>cap.</strong></span> <span class='ocrx_word' id='word_1_693' title='bbox 2578 5412 2666 5473; x_wconf 71' lang='grc'><strong>49,</strong></span> <span class='ocrx_word' id='word_1_694' title='bbox 2699 5412 2832 5473; x_wconf 81' lang='lat' dir='ltr'><strong>lege.</strong></span> 
     </span>
    </p>
   </div>
   <div class='ocr_carea' id='block_1_116' title="bbox 2491 5426 4005 5552">
    <p class='ocr_par' dir='ltr' id='par_1_116' title="bbox 2491 5426 4005 5552">
     <span class='ocr_line' id='line_1_117' title="bbox 2491 5426 4005 5552; baseline -0.011 -16"><span class='ocrx_word' id='word_1_695' title='bbox 2491 5426 3021 5552; x_wconf 40' lang='lat' dir='ltr'><strong>sbsjubii‘ogenomiue</strong></span> <span class='ocrx_word' id='word_1_696' title='bbox 3045 5475 3299 5552; x_wconf 57' lang='lat' dir='ltr'><strong>appellati</strong></span> <span class='ocrx_word' id='word_1_697' title='bbox 3338 5471 3661 5552; x_wconf 80' lang='lat' dir='ltr'><strong>Eutychiani</strong></span> <span class='ocrx_word' id='word_1_698' title='bbox 3695 5479 3859 5537; x_wconf 89' lang='lat' dir='ltr'><strong>atque</strong></span> <span class='ocrx_word' id='word_1_699' title='bbox 3893 5469 4005 5552; x_wconf 61' lang='lat' dir='ltr'><strong>Se:-</strong></span> 
     </span>
    </p>
   </div>
   <div class='ocr_carea' id='block_1_117' title="bbox 2430 5540 4011 5619">
    <p class='ocr_par' dir='ltr' id='par_1_117' title="bbox 2430 5540 4011 5619">
     <span class='ocr_line' id='line_1_118' title="bbox 2430 5540 4011 5619; baseline -0.008 -18"><span class='ocrx_word' id='word_1_700' title='bbox 2430 5540 2784 5619; x_wconf 50' lang='lat' dir='ltr'><strong>veriani:qni</strong></span> <span class='ocrx_word' id='word_1_701' title='bbox 2819 5564 2991 5618; x_wconf 89' lang='lat' dir='ltr'><strong>neque</strong></span> <span class='ocrx_word' id='word_1_702' title='bbox 3016 5540 3537 5619; x_wconf 56' lang='lat' dir='ltr'><strong>pa&#39;laanSutychetis</strong></span> <span class='ocrx_word' id='word_1_703' title='bbox 3571 5556 3787 5619; x_wconf 80' lang='lat' dir='ltr'><strong>errores</strong></span> <span class='ocrx_word' id='word_1_704' title='bbox 3835 5540 4011 5618; x_wconf 49' lang='lat' dir='ltr'><strong>proli:</strong></span> 
     </span>
    </p>
   </div>
   <div class='ocr_carea' id='block_1_118' title="bbox 2431 5612 4006 5688">
    <p class='ocr_par' dir='ltr' id='par_1_118' title="bbox 2431 5612 4006 5688">
     <span class='ocr_line' id='line_1_119' title="bbox 2431 5612 4006 5688; baseline -0.01 -13"><span class='ocrx_word' id='word_1_705' title='bbox 2431 5624 2531 5675; x_wconf 86' lang='lat' dir='ltr'><strong>teri</strong></span> <span class='ocrx_word' id='word_1_706' title='bbox 2558 5612 2989 5688; x_wconf 54' lang='lat' dir='ltr'><strong>ausi,&#39;neque&#39;ad</strong></span> <span class='ocrx_word' id='word_1_707' title='bbox 3017 5612 3339 5688; x_wconf 49' lang='lat' dir='ltr'><strong>&#39;Catholicos</strong></span> <span class='ocrx_word' id='word_1_708' title='bbox 3366 5628 3487 5688; x_wconf 80' lang='lat' dir='ltr'><strong>sese</strong></span> <span class='ocrx_word' id='word_1_709' title='bbox 3532 5612 3871 5688; x_wconf 41' lang='lat' dir='ltr'><strong>adjungere,‘</strong></span> <span class='ocrx_word' id='word_1_710' title='bbox 3894 5612 4006 5688; x_wconf 71' lang='lat' dir='ltr'><strong>nisi</strong></span> 
     </span>
    </p>
   </div>
   <div class='ocr_carea' id='block_1_119' title="bbox 2473 5678 4006 5752">
    <p class='ocr_par' dir='ltr' id='par_1_119' title="bbox 2473 5678 4006 5752">
     <span class='ocr_line' id='line_1_120' title="bbox 2473 5678 4006 5752; baseline -0.008 -10"><span class='ocrx_word' id='word_1_711' title='bbox 2473 5692 2583 5745; x_wconf 91' lang='lat' dir='ltr'><strong>rius</strong></span> <span class='ocrx_word' id='word_1_712' title='bbox 2635 5678 2905 5744; x_wconf 64' lang='lat' dir='ltr'><strong>damnatis</strong></span> <span class='ocrx_word' id='word_1_713' title='bbox 2959 5690 3130 5741; x_wconf 89' lang='lat' dir='ltr'><strong>tribus</strong></span> <span class='ocrx_word' id='word_1_714' title='bbox 3187 5684 3457 5752; x_wconf 83' lang='lat' dir='ltr'><strong>capitulis,</strong></span> <span class='ocrx_word' id='word_1_715' title='bbox 3490 5678 3797 5735; x_wconf 90' lang='lat' dir='ltr'><strong>voluerunt.</strong></span> <span class='ocrx_word' id='word_1_716' title='bbox 3832 5678 4006 5732; x_wconf 71' lang='lat' dir='ltr'><strong>(lant.</strong></span> 
     </span>
    </p>
   </div>
   <div class='ocr_carea' id='block_1_120' title="bbox 2432 5709 3589 5829">
    <p class='ocr_par' dir='ltr' id='par_1_120' title="bbox 2432 5709 3589 5829">
     <span class='ocr_line' id='line_1_121' title="bbox 2473 5709 3589 5752; baseline -0.012 -6"><span class='ocrx_word' id='word_1_717' title='bbox 2473 5709 2583 5745; x_wconf 84' lang='lat' dir='ltr'>I&#39;HIS</span> <span class='ocrx_word' id='word_1_718' title='bbox 2635 5709 2905 5744; x_wconf 82' lang='lat' dir='ltr'><strong>ttnmnatls</strong></span> <span class='ocrx_word' id='word_1_719' title='bbox 2959 5709 3130 5741; x_wconf 81' lang='lat' dir='ltr'><strong>Inuus</strong></span> <span class='ocrx_word' id='word_1_720' title='bbox 3187 5709 3457 5752; x_wconf 69' lang='lat' dir='ltr'><strong>cupluma,</strong></span> <span class='ocrx_word' id='word_1_721' title='bbox 3494 5709 3589 5733; x_wconf 82' lang='lat' dir='ltr'><strong>vuu</strong></span> 
     </span>
     <span class='ocr_line' id='line_1_122' title="bbox 2432 5709 3589 5829; baseline -0.007 -16"><span class='ocrx_word' id='word_1_722' title='bbox 2432 5709 2631 5815; x_wconf 61' lang='grc' dir='ltr'><strong>ῗίίιτοη.</strong></span> <span class='ocrx_word' id='word_1_723' title='bbox 2664 5776 2782 5829; x_wconf 86' lang='lat' dir='ltr'><strong>sup.</strong></span> <span class='ocrx_word' id='word_1_724' title='bbox 2817 5770 2872 5815; x_wconf 86' lang='lat' dir='ltr'><strong>et</strong></span> <span class='ocrx_word' id='word_1_725' title='bbox 2902 5758 3093 5813; x_wconf 88' lang='lat' dir='ltr'><strong>Lcont.</strong></span> <span class='ocrx_word' id='word_1_726' title='bbox 3123 5766 3232 5810; x_wconf 91' lang='lat' dir='ltr'><strong>act.</strong></span> <span class='ocrx_word' id='word_1_727' title='bbox 3265 5756 3297 5808; x_wconf 79' lang='grc'>6</span> <span class='ocrx_word' id='word_1_728' title='bbox 3327 5766 3589 5807; x_wconf 78' lang='lat' dir='ltr'><strong>extrema.</strong></span> 
     </span>
    </p>
   </div>
  </div>
