4210 6442
736 384 803 450 63
1899 378 2160 439 PIIOTII
2203 374 2711 436 PATRIARCH/E
2753 376 2856 437 CP.
3925 386 3998 450 δι

742 515 945 569 septem
978 509 1061 555 est
1099 499 1248 553 libris
1286 497 1696 565 comprehensa.
1747 495 1931 566 Stylns
1965 496 2037 547 illi
2079 511 2182 549 non
2209 496 2302 548 ad-
2338 544 2339 548 η

2442 494 2465 542 ὲ
2506 493 2703 561 φράσις
2736 491 2886 543 οὐδὲν
2928 490 3042 561 ἔχει
3098 491 3397 561 ἀξιόλογον.
3443 496 3603 550 Ἀλλά
3641 500 3735 551 καὶ
3781 501 3839 553 ὲν
3880 509 3997 569 τοῖς

743 600 963 652 modum
1009 592 1348 663 splendidus,
1398 592 1492 644 sed
1542 605 1640 644 nec
1687 590 1739 644 in
1789 588 2135 660 dogmatibus
2164 588 2318 641 valde

2438 582 2683 652 ῑόγμασιν
2718 583 2780 634 οὺ
2814 582 2933 634 λίαν
2966 583 3115 634 ἐστὶν
3148 584 3407 656 ἀκριϐής.

745 698 1030 742 accuratus
1061 694 1162 739 est.

1458 772 1649 827 XXIX.

750 871 962 934 Evagrii
1001 868 1306 922 Scholastici
1352 865 1739 917 Ecclesiastira
1795 862 2043 915 Historia
2074 859 2196 913 libri
2223 859 2317 912 vit.

822 962 977 1014 ιρυιδ
1018 961 1231 1027 Evagrii
1275 955 1621 1017 Scholastici,
1675 951 2007 1020 exprai‘ecti,
2048 950 2157 1003 nati
2195 948 2323 1017 Epi-

750 1052 983 1121 pbanite,
1019 1050 1150 1102 urbe
1184 1047 1512 1115 leesyrite,
1560 1042 1931 1097 Ecclesiastica
1974 1040 2215 1094 Historia
2252 1040 2319 1090 lio

754 1142 857 1193 bris
887 1157 977 1193 sea:
1007 1156 1023 1192 :
1060 1140 1318 1192 inchoatis
1343 1152 1370 1188 a
1397 1136 1503 1189 (ine
1533 1134 1776 1189 Socratis
1806 1143 1858 1188 et
1892 1133 2214 1187 Theodoreti
2244 1132 2324 1183 hi-

751 1233 1063 1293 storiarum,
1098 1231 1516 1298 pertingensth
1541 1226 1608 1279 ad
1629 1224 1869 1279 Mauricii
1894 1238 2091 1277 annum
2123 1223 2325 1276 duode—

753 1325 952 1377 cimnm
984 1321 1195 1392 (ιε-45)
1236 1320 1468 1389 imperii.
1507 1316 1693 1387 Stylus
1731 1316 1855 1369 huic
1890 1330 1992 1369 non
2033 1315 2276 1383 ingratus
2307 1329 2321 1364 :

753 1415 963 1468 tametsi
1008 1416 1274 1468 interdum
1327 1412 1635 1465 redundare
1689 1408 2090 1478 quodammodo
2140 1405 2327 1458 videa-

750 1513 862 1568 tur,
901 1514 1047 1557 certe
1094 1503 1145 1555 in
1199 1502 1463 1556 doctrina:
1509 1499 1744 1553 veritate
1797 1498 2010 1551 cateris
2049 1494 2329 1549 historicis

753 1594 1058 1647 accuratior
1090 1603 1191 1647 est.
1224 1591 1401 1647 Habet
1438 1602 1619 1645 autem
1641 1598 1697 1645 et
1725 1589 1790 1643 de
1819 1586 2141 1657 imaginibus
2171 1600 2324 1657 qua:-

746 1684 875 1737 dam
902 1683 1168 1753 exempla.

1451 1861 1621 1916 XXX.

791 1954 1024 2010 Hermia
1057 1955 1335 2010 Sosomeni
1363 1953 1618 2009 Historia
1649 1952 2036 2007 Ecctosiastica
2066 1953 2188 2005 libri
2220 1968 2296 2006 Ix.

827 2118 986 2172 Lecta
1001 2128 1081 2171 est
1099 2117 1329 2171 Hermia
1342 2117 1630 2170 Sozomeui
1652 2114 1965 2179 Salaminii,
1985 2115 2322 2179 scholastici,

755 2210 1131 2264 Ecclesiastica
1163 2208 1403 2262 Historia
1442 2208 1559 2260 libri
1588 2223 1768 2262 novem
1804 2220 1823 2259 :
1859 2223 2019 2276 quam
2051 2216 2326 2276 nuncupat

753 2302 1065 2357 Theodosio
1107 2302 1324 2354 minori.
1383 2300 1712 2366 Auspicatur
1741 2313 1770 2352 a
1805 2300 2085 2353 consulatu
2126 2298 2325 2367 Crispi,

754 2395 978 2462 ejusque
1007 2394 1178 2463 patris
1228 2392 1592 2454 Constantini,
1631 2401 1685 2445 et
1738 2392 1985 2460 perducit
2036 2393 2099 2444 ad
2150 2391 2330 2446 Theo—

755 2486 892 2539 dosii
945 2485 1167 2538 minoris
1214 2485 1522 2551 imperium.
1578 2482 1674 2537 Hic
1716 2482 2188 2551 Constantinopoli
2240 2483 2332 2553 jus

756 2578 883 2632 olim
924 2578 1178 2641 dicebat;
1240 2590 1429 2643 estque
1493 2576 1717 2630 Socrate
1762 2578 1814 2629 in
1874 2578 2013 2646 stylo
2066 2586 2330 2643 praestan—

760 2670 864 2723 tior
892 2688 906 2724 :
946 2685 972 2721 a
1005 2686 1113 2739 quo
1139 2671 1302 2722 etiam
1334 2670 1385 2721 iu
1430 2668 1834 2721 narrationibus
1860 2669 2180 2736 quibusdam
2214 2669 2327 2722 dis-

759 2761 942 2815 sentit.

1450 2849 1645 2904 XXXI.

1022 2942 1330 2995 Theodoreti
1362 2940 1614 2993 Historia
1646 2940 1849 2993 Eccles.
1879 2940 1999 2993 libri
2033 2955 2086 2999 ν.

828 3035 913 3105 6b
974 3033 1133 3087 Lecta
1175 3044 1261 3086 est
1308 3031 1631 3086 Theodoreti
1680 3030 1917 3085 Historia
1956 3033 2331 3085 ecclesiastica.

760 3125 1014 3180 Omnium
1067 3140 1203 3193 quos
1273 3125 1517 3193 proxime
1589 3123 1859 3176 nominavi
1922 3126 2331 3178 convenientem

762 3220 935 3285 magis
993 3216 1233 3270 historiae
1287 3214 1483 3285 stylum
1545 3214 1785 3270 adhibet.
1837 3213 2031 3268 Clarus
2076 3217 2220 3268 enim
2279 3230 2335 3270 et

763 3310 984 3377 grandis
1040 3317 1142 3372 est,
1211 3308 1540 3375 minimeque
1596 3306 1971 3373 redundans:
2036 3308 2133 3360 nisi
2196 3308 2339 3376 quod

762 3400 1216 3456 translationibus
1279 3400 1543 3453 interdum
1603 3400 1897 3460 audacius,
1962 3415 2096 3467 pene
2164 3400 2341 3468 inepte

763 3502 967 3547 utatur.
1003 3492 1101 3547 Hic
1127 3492 1288 3546 etiam
1350 3506 1510 3557 quam
1560 3490 1740 3543 caeteri
1775 3488 1945 3542 fusius
1974 3489 2218 3542 secunda!
2252 3504 2342 3558 sy—

766 3585 891 3637 nodi
948 3593 1097 3652 gesta
1162 3591 1597 3636 commemorat:
1651 3597 1767 3649 quae
1822 3582 1909 3634 alii
1977 3595 2226 3649 tanquam
2288 3583 2340 3635 in

769 3691 1059 3738 concursu,
1091 3675 1228 3729 dicis
1257 3676 1451 3741 gratia,
1477 3683 1534 3725 et
1564 3673 1741 3726 obiter
1770 3672 1883 3726 fere
1920 3683 2161 3737 narrant,
2188 3674 2340 3742 quasi

768 3769 833 3821 de
881 3783 941 3821 ea
994 3767 1136 3834 loqui
1174 3768 1460 3836 refugiant.
1519 3766 1921 3821 Verumtamem
1961 3782 2026 3820 ne
2078 3767 2189 3834 ipse
2218 3766 2342 3834 qui-

768 3859 890 3914 dem
937 3860 1115 3912 omnia
1154 3860 1427 3927 sigillatim
1483 3858 1668 3913 refert.
1725 3859 2018 3913 Historiam
2073 3858 2347 3912 inchoavit

769 3952 838 4002 ab
870 3950 1055 4004 haresi
1099 3952 1235 4015 Arii,
1283 3952 1656 4020 pertexuitque
1704 3960 1757 4003 et
1791 3952 1904 4017 ipse
1956 3951 2017 4002 ad
2052 3948 2343 4003 Theodosii

771 4043 998 4095 minoris
1046 4051 1308 4109 tempora,
1358 4054 1412 4096 et
1447 4057 1615 4110 usque
1648 4043 1711 4094 ad
1758 4041 1976 4094 Diodori
2007 4040 2120 4109 (44)
2159 4054 2346 4094 exces-

772 4148 891 4186 sum
918 4173 933 4195 ,
984 4134 1198 4202 quando
1247 4133 1709 4204 Constantinopoli
1755 4132 1868 4203 (45)
1904 4148 2178 4186 sacrorum
2204 4133 2344 4186 anti-

774 4235 887 4278 stes
915 4225 1185 4281 Sisinnius
1218 4225 1338 4280 fuit.

1459 4315 1672 4370 XXXII.

1242 4408 1300 4465 S.
1335 4411 1612 4463 Athanasii
1645 4411 1899 4476 epistola.

846 4500 1023 4556 Lecta:
1055 4502 1333 4554 Athanasii
1363 4501 1594 4568 epistola
1641 4500 1803 4551 varia
1852 4498 2010 4569 (quas
2038 4498 2178 4551 inter
2208 4500 2347 4551 etde
2381 4519 2423 4572 ι)

774 4593 891 4657 ejus
924 4607 1163 4654 seCessu,
1218 4604 1471 4658 tanquam
1505 4589 1786 4658 Apologia,
1838 4589 2171 4642 collocantur
2203 4603 2341 4640 non-

778 4684 982 4751 nulla),
1015 4683 1293 4751 eleganter
1312 4682 1469 4735 simul
1501 4690 1554 4733 et
1582 4680 1886 4747 splendide,
1923 4679 2173 4746 clareque
2200 4694 2347 4733 coin-

778 4777 1004 4844 positae:
1052 4774 1410 4842 persuadendi
1463 4772 1683 4838 insuper
1738 4771 1811 4835 vi,
1858 4786 1919 4823 ac
1949 4780 2226 4822 venustate
2256 4769 2352 4823 ilo-

781 4870 929 4932 ridaa,
963 4879 1019 4921 ut
1042 4868 1337 4936 jucundum
1364 4868 1455 4929 sit,
1482 4879 1643 4934 quam
1677 4864 1745 4918 ibi
1785 4863 2099 4932 Apologiatn
2134 4863 2351 4924 scribit,

779 4956 987 5012 audire.

3135 768 3261 822 ΚΘΕ

2414 858 2712 925 Εὑαγρίου
2728 859 3143 925 Σχολαστιχοῦ
3172 862 3679 930 Ἐκκλησιαστικη
3738 866 4001 932 Ιστορία.

2505 950 2844 1020 Ἀνεγνώσθη
2874 952 3144 1020 Εὐαγρίου
3175 952 3537 1021 Σχολαστικοῦ
3574 956 3684 1009 ἀπὸ
3718 956 4005 1027 ὑπάρχων,

2426 1043 2632 1103 πόλεως
2675 1044 2729 1094 δὲ
2761 1044 3063 1110 ἐπιφανοῦς
3107 1044 3205 1111 τῆς
3243 1046 3385 1098 κατά
3414 1047 3512 1115 τὴν
3545 1048 3749 1119 Κοίλην
3780 1049 4005 1120 Συρίαν,

2424 1135 2933 1203 Ἐκκλησιαστικὴ
2966 1137 3217 1204 Ἰστορία
3246 1138 3302 1189 ὲν
3330 1139 3515 1205 τόμοις
3539 1140 4009 1211 ἓξ·άρχὴνποιου-

2430 1228 2561 1297 μένη
2578 1226 2638 1278 τὸ
2650 1227 2804 1290 τέλος
2814 1229 2911 1296 τῆς
2930 1228 3252 1299 Σωκράτους
3268 1230 3362 1283 καὶ
3374 1230 3719 1302 Θεοδωρήτου
3741 1234 4005 1304 ἱστορίας,

2427 1316 2526 1369 καὶ
2553 1316 2815 1369 κατιοῦσα
2859 1318 3021 1387 μέχρι
3057 1321 3158 1388 τῆς
3195 1319 3472 1389 βασιλείας
3506 1322 3839 1392 Μαυρικίου,
3886 1322 4010 1386 ἔτος

2425 1408 2730 1461 δωδέκατον
2760 1411 2817 1461 ἐν
2848 1413 2916 1480 τῇ
2972 1409 3221 1482 βασιλείᾳ
3269 1411 3597 1475 διανύοντος.
3633 1414 3789 1466 Ἐστι
3827 1412 4013 1485 δὲτὴν

2430 1500 2627 1569 φράσιν
2653 1502 2753 1553 οὐκ
2786 1502 3005 1571 ἄχαρις,
3036 1506 3085 1555 εἱ
3110 1504 3202 1556 καί
3230 1522 3347 1566 πως
3378 1504 3795 1574 περιττεύεσθαι
3833 1507 4010 1560 ἐνίοτε

2430 1594 2576 1645 δοκεῖ
2599 1608 2612 1622 °
2644 1594 2702 1644 ὲν
2732 1597 2798 1663 τῇ
2821 1595 2877 1647 δὲ
2904 1594 3013 1647 τῶν
3042 1595 3333 1664 δογμάτων
3360 1596 3417 1667 [8
3445 1595 3535 1668 Η.]
3561 1596 3813 1667 ὀρθότητι
3848 1601 4011 1669 ἀκρι-

2431 1681 2530 1751 ϐὴς
2564 1682 2672 1734 τῶν
2700 1683 2875 1735 ἄλλων
2901 1684 3100 1754 μᾶλλον
3123 1687 3428 1757 ἱστορικῶν.
3466 1688 3621 1759 Ἔχει
3656 1687 3713 1739 δὲ
3747 1689 3841 1741 καὶ
3875 1690 4015 1759 χρή-

2433 1790 2489 1825 σε
2500 1791 2547 1837 ις
2572 1775 2701 1844 περὶ
2733 1776 2981 1830 εἰκόνων.

3171 1866 3249 1919 Λ’.

2432 1955 2789 2025 Σαλαμάγου
2824 1955 3093 2023 Ἑρμείου
3140 1956 3475 2022 Σωζομένου
3502 1958 4011 2027 Ἑκκλησιαστική

2864 2027 3117 2093 Ἰστορία
3143 2027 3212 2078 ὲν
3248 2029 3451 2094 λόγοις
3472 2025 3541 2081 θ’.

2518 2114 2857 2185 Ἀνεγνώσθη
2911 2115 3232 2185 Σαλαμάνου
3290 2116 3333 2147 ⁸⁸
3386 2117 3640 2186 Ἑρμείου
3690 2117 4014 2185 Σωζομένου

2432 2206 2790 2275 Σχολαστικοῦ
2822 2206 3332 2276 Ἐκκλησιαστικὴ
3370 2208 3620 2277 Ἰστορία
3648 2212 3707 2263 ὲν
3732 2210 3915 2278 λόγοις
3945 2210 4015 2265 θ’.

2431 2300 2751 2369 Προσφωνεί
2776 2299 2830 2350 δὲ
2865 2298 2965 2368 τὴν
3004 2299 3247 2368 ἱστορίαν
3278 2301 3413 2369 πρὸς
3443 2301 3721 2354 Θεοδόσιον
3752 2302 3845 2353 τὸν
3868 2303 4013 2357 νέον.

2435 2392 2698 2460 Ἀρχεται
2730 2391 2785 2443 δὲ
2812 2392 2919 2443 ἀπὸ
2951 2390 3050 2458 τῆς
3083 2390 3351 2453 ὑπατείας
3377 2390 3627 2461 Κρίσπου
3654 2393 3746 2444 καὶ
3776 2391 3872 2445 τοῦ
3907 2411 4016 2446 πα-

2431 2483 2556 2552 τρὸς
2585 2482 3017 2546 Κωνσταντὶνου,
3052 2482 3147 2534 καὶ
3187 2483 3404 2535 κάτεισι
3440 2482 3605 2552 μέχρι
3636 2482 3736 2552 τῆς
3764 2482 3861 2535 τοῦ
3889 2484 4017 2535 νέου

2432 2573 2710 2625 Θεοδοσίου
2738 2573 3034 2641 βασιλείας.
3060 2569 3226 2636 Οὗτος
3246 2574 3302 2625 δὲ
3324 2575 3476 2637 δίκας
3497 2570 3563 2645 ἦν
3586 2575 3760 2642 λέγων
3784 2578 3843 2627 ὲν
3867 2576 4020 2627 Κων-

2434 2662 2891 2715 σταντινουπόλει.
2925 2663 3079 2714 Ἔστι
3129 2663 3184 2714 δὲ
3232 2663 3553 2732 Σωκράτους
3596 2665 3655 2715 ὲν
3696 2667 3761 2733 τῇ
3812 2665 4021 2733 φράσει

2434 2754 2679 2823 βελτίων,
2712 2752 2973 2821 διαφωνεῖ
2998 2752 3054 2804 δὲ
3084 2753 3233 2821 αὐτῷ
3274 2754 3367 2805 καὶ
3395 2757 3537 2807 κατά
3566 2771 3718 2817 τινας
3752 2755 4021 2823 ἱστορίας.

3167 2842 3291 2896 ΔΑ’.

2597 2935 2974 3001 Θεοδωρήτου
3024 2935 3533 3003 Ἑκκλησιαστικὴ
3568 2936 3851 3003 Ἰστορια.

2508 3025 2597 3097 [‘20
2630 3025 2718 3096 IL]
2756 3026 3096 3095 Ἀνεγνώσθη
3132 3027 3478 3097 Θεοδωρήτου
3503 3027 4025 3095 Ἐκκλησιαστικὴ

2451 3118 2723 3185 Ἰστορία.
2756 3119 2981 3177 Πάντων
3009 3119 3116 3171 τῶν
3134 3119 3435 3187 εἰρημένων
3464 3120 3798 3189 κατάλληλον
3821 3121 4029 3188 φράσιν

2440 3212 2504 3279 τῇ
2532 3210 2743 3278 ἱστορίᾳ
2772 3208 2971 3277 μᾶλλον
3001 3203 3154 3271 οὗτος
3184 3210 3423 3278 ἐπέθηκε
3443 3225 3459 3242 ο
3494 3211 3672 3280 σαφής
3702 3227 3761 3261 τε
3791 3211 3902 3277 γάρ
3928 3211 4031 3263 καὶ

2442 3301 2644 3370 ὑψηλὸς
2676 3303 2769 3354 καὶ
2792 3301 3102 3372 ἁπέριττος.
3139 3301 3277 3371 πλὴν
3305 3303 3387 3354 ὃτι
3423 3302 3593 3355 ἐνίοτε
3630 3305 3749 3363 ταῖς
3784 3320 4031 3370 μεταφο-

2445 3395 2563 3461 ραῖς
2594 3391 2918 3461 παραϐόλως
2946 3394 3040 3446 καὶ
3071 3392 3261 3461 ὥσπερ
3309 3393 3692 3461 ἀπειροκάλως
3723 3395 4028 3462 ἐχρήσατο.

2443 3478 2609 3548 Οὗτος
2639 3486 2731 3537 καὶ
2780 3484 3113 3554 πλατύτερον
3142 3485 3248 3538 τῶν
3290 3486 3595 3555 εἰρημένων
3640 3487 3707 3538 τά
3753 3486 3882 3556 περὶ
3924 3484 4034 3554 τῆς

2443 3576 2700 3647 δευτέρας
2719 3576 2933 3629 συνόδου
2958 3576 3194 3637 διέλαὸε.
3218 3578 3401 3645 σχεδόν
3421 3595 3473 3630 τι
3499 3577 3606 3629 τῶν
3631 3576 3808 3630 ἄλλων
3834 3577 4034 3644 ῶσπερ

2448 3668 2607 3738 μόνον
2652 3668 2741 3721 διά
2786 3670 2884 3737 τῆς
2928 3667 3232 3739 ἐπιδρομῆς
3268 3669 3677 3739 ἀφοσιουμένων
3710 3668 3776 3733 ⁸⁸,
3812 3667 3928 3723 ἀλλ’
3966 3685 4000 3720 ο

2446 3760 2786 3832 βουλομένων
2807 3778 2859 3813 τι
2890 3762 3017 3831 περὶ
3048 3762 3219 3831 αὐτῆς
3249 3762 3423 3814 εἱπείν
3443 3777 3456 3791 ⁸
3491 3762 3629 3831 πλὴν
3652 3761 3785 3815 ἀλλὰ
3817 3762 3912 3814 καὶ
3941 3756 4031 3817 οὖς

2444 3870 2534 3915 τος
2579 3854 2641 3905 οὑ
2684 3851 2863 3904 πάντα
2913 3851 3267 3921 λεπτομερῶς
3310 3853 3479 3920 λέγει.
3519 3855 3781 3922 Ἀρχεται
3827 3854 3885 3905 δὲ
3928 3853 4039 3923 τῆς

2449 3944 2693 4012 ἱστορίας
2745 3943 2852 3996 ἀπὸ
2877 3942 2974 4012 τῆς
3014 3944 3225 4012 Ἀρείου
3267 3945 3554 4013 αἱρέσεως,
3598 3945 3693 3996 καὶ
3732 3944 4038 4014 καταλήγει

2450 4038 2612 4107 μέχρι
2657 4038 2754 4106 τῆς
2800 4034 3079 4088 Θεοδοσίου
3111 4035 3204 4087 τοῦ
3253 4036 3374 4088 νέου
3423 4034 3699 4105 βασιλείας
3738 4037 3834 4088 καὶ
3868 4036 4040 4105 μέχρι

2448 4127 2545 4195 τῆς
2575 4126 2839 4195 Διοδώρου
2866 4124 3145 4193 τελευτῆς,
3179 4123 3340 4193 ἡνίκα
3381 4125 3475 4176 καὶ
3520 4126 4045 4178 Κωνσταντινουπό-

2448 4216 2583 4278 λεως
2610 4216 2872 4277 Σισίννιος
2901 4210 3094 4284 ἦρχεν.

3170 4305 3295 4358 AB'.

2892 4396 3247 4451 Ἀθανασίου
3277 4397 3620 4451 ἐπιστολαί.

2536 4486 2979 4557 ’Δνεγνὼσθησαν
2998 4488 3041 4518 ⁸⁷
3061 4486 3379 4539 ἈΘανασίου
3405 4487 3721 4541 ἐπιστολαὶ
3741 4486 4046 4555 διάφοροι,

2450 4584 2507 4633 ὲν
2538 4576 2624 4642 αἷς
2654 4580 2982 4648 ὲμφέρονται
3011 4580 3103 4630 κα)⁸
3131 4581 3186 4631 αἱ
3211 4580 3309 4643 τῆς
3335 4579 3709 4649 γεγενημένης
3743 4580 3911 4631 αὑτοῦ
3940 4598 4050 4647 φυ-

2451 4673 2555 4741 γῆς
2584 4671 2772 4740 ὥσπερ
2794 4670 3121 4737 Ἀπολογίαν
3159 4671 3537 4739 περιέχουσαι,
3577 4670 3801 4739 κομψῶς
3848 4688 3908 4722 τε
3943 4673 4047 4723 καὶ

2454 4764 2719 4833 λαμπρῶς
2752 4763 2844 4814 καλ.
2876 4762 2955 4814 ἔτι
3013 4761 3198 4828 σαφῶς
3245 4762 3675 4829 συντεθειμέναι,
3710 4762 3803 4813 καὶ
3844 4761 3908 4811 τὸ
3946 4778 4049 4812 πι-

2456 4852 2617 4907 θανὸν
2675 4852 2811 4923 μετὰ
2848 4851 2941 4903 τοῦ
2993 4852 3274 4921 χαρίεντος
3321 4852 3582 4905 άνθοῦσαι
3607 4869 3620 4882 ·
3673 4852 3834 4921 ἡδονὴ
3862 4852 3909 4883 ⁸⁸
3941 4853 4052 4921 τῆς

2459 4945 2669 4998 ἐκεῖθεν
2701 4943 3025 5011 Ἀπολογίας
3053 4942 3295 4996 ἀκούειν.

2064 5128 2296 5185 VARIAS
2344 5127 2752 5185 LECTIONES.

857 5296 900 5325 ⁸⁸
926 5294 1197 5362 σλαμάνου
1234 5294 1295 5345 Α.
1324 5291 1394 5345 cf.
1424 5290 1602 5346 Vales.
1630 5292 1696 5344 tle
1727 5292 1843 5346 Vita
1864 5301 1917 5346 et
1943 5290 2171 5362 Scriptis
2192 5287 2435 5344 Socratis
2462 5297 2517 5342 et
2544 5286 2827 5342 Sozomeui
2847 5301 2899 5354 p.
2923 5286 3027 5355 (ed.
3048 5283 3299 5351 Amstel.)
3329 5282 3381 5337 5.
3462 5282 3507 5313 ⁸⁸
3532 5278 3951 5350 ἀφωσιωμένων
3980 5301 4044 5350 ς.

784 5364 829 5395 ⁸⁷
871 5361 1185 5433 ανεγνώσυη
1221 5365 1279 5415 Α.
1359 5366 1403 5395 ⁸⁸
1429 5362 1622 5433 ἡδονὴν
1655 5364 1881 5431 (omisso
1904 5361 2144 5427 ἀκούειν)
2181 5378 2241 5425 ς.

2327 5514 2558 5569 ΝΟΤίΕ.

869 5684 1078 5770 (42:43:)
1111 5683 1269 5736 Card.
1293 5681 1491 5735 Baron.
1520 5678 1745 5732 δέκατον
1768 5675 2043 5743 legittom.
2065 5670 2149 5736 Ill,
2170 5673 2235 5725 ad
2267 5690 2360 5723 au-

796 5754 1307 5895 Μὶἳιῗυέεοδὼρου
1358 5820 1445 5877 hic
1503 5815 1869 5890 reponendum
1920 5829 1986 5870 ex
2039 5811 2359 5870 auctoritate

2472 5668 2794 5723 Theodoreti
2823 5668 2920 5721 lib.
2950 5680 3001 5731 ν,
3028 5680 3150 5734 cap.
3183 5663 3284 5734 ult,

2548 5740 2658 5809 (iiii)
2699 5740 2827 5793 Vide
2860 5736 2955 5791 inf.
2989 5727 3111 5791 cod:
3157 5730 3369 5799 XXXV,
3419 5732 3472 5786 in
3506 5729 3642 5785 l’hil.
3680 5727 3895 5784 Sidcta.
