  <div class='ocr_page' id='page_1' title='image "/cluster/home/n/w/nwhite01/storage/ocr_20150623/103/nnc1.0046979689/041.png"; bbox 0 0 4210 6442; ppageno 0'>
   <div class='ocr_carea' id='block_1_1' title="bbox 760 408 4010 475">
    <p class='ocr_par' dir='ltr' id='par_1_1' title="bbox 760 408 4010 475">
     <span class='ocr_line' id='line_1_1' title="bbox 760 408 4010 475; baseline -0.001 0"><span class='ocrx_word' id='word_1_1' title='bbox 760 415 827 475; x_wconf 80' lang='lat'><strong>67</strong></span> <span class='ocrx_word' id='word_1_2' title='bbox 1894 408 2151 472; x_wconf 85' lang='lat' dir='ltr'><strong>PIIOTII</strong></span> <span class='ocrx_word' id='word_1_3' title='bbox 2190 408 2697 468; x_wconf 63' lang='lat' dir='ltr'><strong>PATRIARCIIAi</strong></span> <span class='ocrx_word' id='word_1_4' title='bbox 2736 410 2846 470; x_wconf 87' lang='lat' dir='ltr'><strong>CP.</strong></span> <span class='ocrx_word' id='word_1_5' title='bbox 3936 408 4010 471; x_wconf 79' lang='lat'><strong>68</strong></span> 
     </span>
    </p>
   </div>
   <div class='ocr_carea' id='block_1_2' title="bbox 835 524 2347 601">
    <p class='ocr_par' dir='ltr' id='par_1_2' title="bbox 835 524 2337 596">
     <span class='ocr_line' id='line_1_2' title="bbox 835 524 2337 596; baseline 0 -16"><span class='ocrx_word' id='word_1_6' title='bbox 835 525 1065 595; x_wconf 78' lang='lat' dir='ltr'><strong>Scripsit</strong></span> <span class='ocrx_word' id='word_1_7' title='bbox 1089 540 1302 596; x_wconf 89' lang='lat' dir='ltr'><strong>quoque</strong></span> <span class='ocrx_word' id='word_1_8' title='bbox 1333 524 1430 579; x_wconf 80' lang='lat' dir='ltr'><strong>Afr</strong></span> <span class='ocrx_word' id='word_1_9' title='bbox 1446 524 1633 581; x_wconf 87' lang='lat' dir='ltr'><strong>icanus</strong></span> <span class='ocrx_word' id='word_1_10' title='bbox 1662 526 1730 581; x_wconf 93' lang='lat' dir='ltr'><strong>ad</strong></span> <span class='ocrx_word' id='word_1_11' title='bbox 1756 526 2068 590; x_wconf 74' lang='lat' dir='ltr'><strong>Aristidem,</strong></span> <span class='ocrx_word' id='word_1_12' title='bbox 2105 525 2193 579; x_wconf 92' lang='lat' dir='ltr'><strong>ubi</strong></span> <span class='ocrx_word' id='word_1_13' title='bbox 2219 540 2337 593; x_wconf 71' lang='lat' dir='ltr'><strong>qua:</strong></span> 
     </span>
    </p>
   </div>
   <div class='ocr_carea' id='block_1_3' title="bbox 2438 524 4014 601">
    <p class='ocr_par' dir='ltr' id='par_1_3' title="bbox 2509 524 4014 601">
     <span class='ocr_line' id='line_1_3' title="bbox 2509 524 4014 601; baseline -0.001 -21"><span class='ocrx_word' id='word_1_14' title='bbox 2509 529 2712 599; x_wconf 80' lang='grc' dir='ltr'><strong>Γράφει</strong></span> <span class='ocrx_word' id='word_1_15' title='bbox 2737 530 2794 583; x_wconf 83' lang='grc' dir='ltr'><strong>δὲ</strong></span> <span class='ocrx_word' id='word_1_16' title='bbox 2853 530 3177 601; x_wconf 82' lang='grc' dir='ltr'><strong>Ἀφρικανὸς</strong></span> <span class='ocrx_word' id='word_1_17' title='bbox 3229 526 3323 581; x_wconf 74' lang='grc' dir='ltr'><strong>καὶ</strong></span> <span class='ocrx_word' id='word_1_18' title='bbox 3374 527 3513 599; x_wconf 77' lang='grc' dir='ltr'><strong>πρὸς</strong></span> <span class='ocrx_word' id='word_1_19' title='bbox 3570 524 4014 597; x_wconf 79' lang='grc' dir='ltr'><strong>’Δριστείδην,ὲν</strong></span> 
     </span>
    </p>
   </div>
   <div class='ocr_carea' id='block_1_4' title="bbox 764 613 2347 690">
    <p class='ocr_par' dir='ltr' id='par_1_4' title="bbox 764 616 2325 688">
     <span class='ocr_line' id='line_1_4' title="bbox 764 616 2325 688; baseline 0.001 -20"><span class='ocrx_word' id='word_1_20' title='bbox 764 619 831 671; x_wconf 88' lang='lat' dir='ltr'><strong>de</strong></span> <span class='ocrx_word' id='word_1_21' title='bbox 866 616 1165 671; x_wconf 82' lang='lat' dir='ltr'><strong>Salvatoris</strong></span> <span class='ocrx_word' id='word_1_22' title='bbox 1196 618 1364 671; x_wconf 83' lang='lat' dir='ltr'><strong>nostri</strong></span> <span class='ocrx_word' id='word_1_23' title='bbox 1414 617 1722 688; x_wconf 75' lang='lat' dir='ltr'><strong>genealogis</strong></span> <span class='ocrx_word' id='word_1_24' title='bbox 1753 616 2058 670; x_wconf 70' lang='lat' dir='ltr'><strong>Matthmum</strong></span> <span class='ocrx_word' id='word_1_25' title='bbox 2093 616 2237 669; x_wconf 85' lang='lat' dir='ltr'><strong>inter</strong></span> <span class='ocrx_word' id='word_1_26' title='bbox 2269 624 2325 669; x_wconf 89' lang='lat' dir='ltr'><strong>et</strong></span> 
     </span>
    </p>
   </div>
   <div class='ocr_carea' id='block_1_5' title="bbox 2438 613 4014 690">
    <p class='ocr_par' dir='ltr' id='par_1_5' title="bbox 2438 613 4014 690">
     <span class='ocr_line' id='line_1_5' title="bbox 2438 613 4014 690; baseline -0.003 -18"><span class='ocrx_word' id='word_1_27' title='bbox 2438 613 2518 682; x_wconf 78' lang='grc' dir='ltr'><strong>οἷς</strong></span> <span class='ocrx_word' id='word_1_28' title='bbox 2536 620 2734 681; x_wconf 81' lang='grc' dir='ltr'><strong>ἱκανῶς</strong></span> <span class='ocrx_word' id='word_1_29' title='bbox 2755 620 2852 689; x_wconf 77' lang='grc' dir='ltr'><strong>τὴν</strong></span> <span class='ocrx_word' id='word_1_30' title='bbox 2870 618 3235 690; x_wconf 76' lang='grc' dir='ltr'><strong>νομιζομένην</strong></span> <span class='ocrx_word' id='word_1_31' title='bbox 3256 618 3554 686; x_wconf 80' lang='grc' dir='ltr'><strong>διαφωνίαν</strong></span> <span class='ocrx_word' id='word_1_32' title='bbox 3580 615 3731 686; x_wconf 76' lang='grc' dir='ltr'><strong>παρὰ</strong></span> <span class='ocrx_word' id='word_1_33' title='bbox 3748 616 4014 685; x_wconf 83' lang='grc' dir='ltr'><strong>Ματθαίῳ</strong></span> 
     </span>
    </p>
   </div>
   <div class='ocr_carea' id='block_1_6' title="bbox 761 706 2347 781">
    <p class='ocr_par' dir='ltr' id='par_1_6' title="bbox 761 707 2337 779">
     <span class='ocr_line' id='line_1_6' title="bbox 761 707 2337 779; baseline -0.001 -17"><span class='ocrx_word' id='word_1_34' title='bbox 761 708 960 763; x_wconf 83' lang='lat' dir='ltr'><strong>Lucam</strong></span> <span class='ocrx_word' id='word_1_35' title='bbox 1020 710 1290 764; x_wconf 89' lang='lat' dir='ltr'><strong>dissensio</strong></span> <span class='ocrx_word' id='word_1_36' title='bbox 1347 710 1666 779; x_wconf 77' lang='lat' dir='ltr'><strong>putabatur,</strong></span> <span class='ocrx_word' id='word_1_37' title='bbox 1710 709 1912 764; x_wconf 90' lang='lat' dir='ltr'><strong>nullam</strong></span> <span class='ocrx_word' id='word_1_38' title='bbox 1956 722 2075 763; x_wconf 87' lang='lat' dir='ltr'><strong>esse</strong></span> <span class='ocrx_word' id='word_1_39' title='bbox 2111 707 2337 763; x_wconf 86' lang='lat' dir='ltr'><strong>demou-</strong></span> 
     </span>
    </p>
   </div>
   <div class='ocr_carea' id='block_1_7' title="bbox 2438 706 4015 781">
    <p class='ocr_par' dir='ltr' id='par_1_7' title="bbox 2440 706 4015 781">
     <span class='ocr_line' id='line_1_7' title="bbox 2440 706 4015 781; baseline -0.002 -19"><span class='ocrx_word' id='word_1_40' title='bbox 2440 711 2534 763; x_wconf 71' lang='grc' dir='ltr'><strong>καὶ</strong></span> <span class='ocrx_word' id='word_1_41' title='bbox 2572 711 2757 781; x_wconf 57' lang='lat' dir='ltr'><strong>Aoum?</strong></span> <span class='ocrx_word' id='word_1_42' title='bbox 2784 710 2915 781; x_wconf 77' lang='grc' dir='ltr'><strong>περὶ</strong></span> <span class='ocrx_word' id='word_1_43' title='bbox 2945 711 3047 781; x_wconf 83' lang='grc' dir='ltr'><strong>τῆς</strong></span> <span class='ocrx_word' id='word_1_44' title='bbox 3070 710 3165 765; x_wconf 83' lang='grc' dir='ltr'><strong>τοῦ</strong></span> <span class='ocrx_word' id='word_1_45' title='bbox 3200 711 3452 781; x_wconf 81' lang='grc' dir='ltr'><strong>Σωτῆρος</strong></span> <span class='ocrx_word' id='word_1_46' title='bbox 3480 707 3636 779; x_wconf 72' lang='grc' dir='ltr'><strong>ἡμῶν</strong></span> <span class='ocrx_word' id='word_1_47' title='bbox 3659 706 4015 775; x_wconf 66' lang='grc' dir='ltr'><strong>γενεαλογίας</strong></span> 
     </span>
    </p>
   </div>
   <div class='ocr_carea' id='block_1_8' title="bbox 762 800 2347 871">
    <p class='ocr_par' dir='ltr' id='par_1_8' title="bbox 762 810 919 856">
     <span class='ocr_line' id='line_1_8' title="bbox 762 810 919 856; baseline -0.006 0"><span class='ocrx_word' id='word_1_48' title='bbox 762 810 919 856; x_wconf 73' lang='lat' dir='ltr'><strong>Strat.</strong></span> 
     </span>
    </p>
   </div>
   <div class='ocr_carea' id='block_1_9' title="bbox 2438 800 2979 871">
    <p class='ocr_par' dir='ltr' id='par_1_9' title="bbox 2439 800 2979 871">
     <span class='ocr_line' id='line_1_9' title="bbox 2439 800 2979 871; baseline 0.009 -18"><span class='ocrx_word' id='word_1_49' title='bbox 2439 800 2732 871; x_wconf 82' lang='grc' dir='ltr'><strong>σύμφωνον</strong></span> <span class='ocrx_word' id='word_1_50' title='bbox 2754 802 2979 868; x_wconf 76' lang='grc' dir='ltr'><strong>ἔδειξεν.</strong></span> 
     </span>
    </p>
   </div>
   <div class='ocr_carea' id='block_1_10' title="bbox 1450 891 1666 947">
    <p class='ocr_par' dir='ltr' id='par_1_10' title="bbox 1450 891 1666 947">
     <span class='ocr_line' id='line_1_10' title="bbox 1450 891 1666 947; baseline 0.009 -2"><span class='ocrx_word' id='word_1_51' title='bbox 1450 891 1666 947; x_wconf 75' lang='lat' dir='ltr'><strong>XXXV.</strong></span> 
     </span>
    </p>
   </div>
   <div class='ocr_carea' id='block_1_11' title="bbox 839 981 2283 1052">
    <p class='ocr_par' dir='ltr' id='par_1_11' title="bbox 839 981 2283 1052">
     <span class='ocr_line' id='line_1_11' title="bbox 839 981 2283 1052; baseline -0.002 -16"><span class='ocrx_word' id='word_1_52' title='bbox 839 981 1079 1052; x_wconf 72' lang='lat' dir='ltr'><strong>Philippi</strong></span> <span class='ocrx_word' id='word_1_53' title='bbox 1126 983 1321 1037; x_wconf 70' lang='lat' dir='ltr'><strong>Sideta&#39;</strong></span> <span class='ocrx_word' id='word_1_54' title='bbox 1350 982 1667 1039; x_wconf 71' lang='lat' dir='ltr'><strong>Christiana</strong></span> <span class='ocrx_word' id='word_1_55' title='bbox 1688 983 1946 1038; x_wconf 75' lang='lat' dir='ltr'><strong>Historia!</strong></span> <span class='ocrx_word' id='word_1_56' title='bbox 1983 983 2106 1036; x_wconf 80' lang='lat' dir='ltr'><strong>libri</strong></span> <span class='ocrx_word' id='word_1_57' title='bbox 2138 996 2283 1036; x_wconf 73' lang='lat' dir='ltr'><strong>ulv.</strong></span> 
     </span>
    </p>
   </div>
   <div class='ocr_carea' id='block_1_12' title="bbox 833 1068 2338 1143">
    <p class='ocr_par' dir='ltr' id='par_1_12' title="bbox 833 1068 2338 1143">
     <span class='ocr_line' id='line_1_12' title="bbox 833 1068 2338 1143; baseline 0 -17"><span class='ocrx_word' id='word_1_58' title='bbox 833 1068 1055 1127; x_wconf 85' lang='lat' dir='ltr'><strong>Lectum</strong></span> <span class='ocrx_word' id='word_1_59' title='bbox 1112 1072 1344 1143; x_wconf 84' lang='lat' dir='ltr'><strong>Philippi</strong></span> <span class='ocrx_word' id='word_1_60' title='bbox 1414 1074 1610 1128; x_wconf 67' lang='lat' dir='ltr'><strong>Sidetz</strong></span> <span class='ocrx_word' id='word_1_61' title='bbox 1686 1090 1857 1143; x_wconf 89' lang='lat' dir='ltr'><strong>opus,</strong></span> <span class='ocrx_word' id='word_1_62' title='bbox 1921 1072 2074 1142; x_wconf 86' lang='lat' dir='ltr'><strong>cujus</strong></span> <span class='ocrx_word' id='word_1_63' title='bbox 2152 1074 2338 1127; x_wconf 79' lang='lat' dir='ltr'><strong>titulus</strong></span> 
     </span>
    </p>
   </div>
   <div class='ocr_carea' id='block_1_13' title="bbox 765 1163 2347 1240">
    <p class='ocr_par' dir='ltr' id='par_1_13' title="bbox 765 1163 2342 1233">
     <span class='ocr_line' id='line_1_13' title="bbox 765 1163 2342 1233; baseline 0.001 -18"><span class='ocrx_word' id='word_1_64' title='bbox 765 1163 1067 1217; x_wconf 82' lang='lat' dir='ltr'><strong>Christiana</strong></span> <span class='ocrx_word' id='word_1_65' title='bbox 1095 1164 1354 1230; x_wconf 80' lang='lat' dir='ltr'><strong>Historia,</strong></span> <span class='ocrx_word' id='word_1_66' title='bbox 1400 1168 1568 1219; x_wconf 88' lang='lat' dir='ltr'><strong>ducto</strong></span> <span class='ocrx_word' id='word_1_67' title='bbox 1602 1165 1729 1220; x_wconf 89' lang='lat' dir='ltr'><strong>inde</strong></span> <span class='ocrx_word' id='word_1_68' title='bbox 1779 1166 1933 1220; x_wconf 86' lang='lat' dir='ltr'><strong>initio</strong></span> <span class='ocrx_word' id='word_1_69' title='bbox 1966 1182 1981 1219; x_wconf 90' lang='lat'><strong>:</strong></span> <span class='ocrx_word' id='word_1_70' title='bbox 2012 1184 2031 1217; x_wconf 76' lang='grc' dir='ltr'><strong>ι</strong></span> <span class='ocrx_word' id='word_1_71' title='bbox 2054 1164 2108 1217; x_wconf 92' lang='lat' dir='ltr'><strong>In</strong></span> <span class='ocrx_word' id='word_1_72' title='bbox 2141 1165 2342 1233; x_wconf 88' lang='lat' dir='ltr'><strong>princi-</strong></span> 
     </span>
    </p>
   </div>
   <div class='ocr_carea' id='block_1_14' title="bbox 2438 1163 4017 1240">
    <p class='ocr_par' dir='ltr' id='par_1_14' title="bbox 2441 1165 4017 1240">
     <span class='ocr_line' id='line_1_14' title="bbox 2441 1165 4017 1240; baseline 0 -23"><span class='ocrx_word' id='word_1_73' title='bbox 2441 1168 2625 1236; x_wconf 77' lang='grc' dir='ltr'><strong>γραφὴ</strong></span> <span class='ocrx_word' id='word_1_74' title='bbox 2649 1167 3034 1234; x_wconf 74' lang='grc' dir='ltr'><strong>Χριστιανικὴ</strong></span> <span class='ocrx_word' id='word_1_75' title='bbox 3060 1168 3327 1236; x_wconf 80' lang='grc' dir='ltr'><strong>Ἱστορία.</strong></span> <span class='ocrx_word' id='word_1_76' title='bbox 3346 1171 3676 1240; x_wconf 82' lang='grc' dir='ltr'><strong>Ἀπάρχεται</strong></span> <span class='ocrx_word' id='word_1_77' title='bbox 3692 1168 3748 1220; x_wconf 83' lang='grc' dir='ltr'><strong>δὲ</strong></span> <span class='ocrx_word' id='word_1_78' title='bbox 3766 1169 3872 1220; x_wconf 77' lang='grc' dir='ltr'><strong>ἀπὸ</strong></span> <span class='ocrx_word' id='word_1_79' title='bbox 3895 1165 4017 1230; x_wconf 80' lang='grc' dir='ltr'><strong>τοῦ,</strong></span> 
     </span>
    </p>
   </div>
   <div class='ocr_carea' id='block_1_15' title="bbox 766 1248 2347 1333">
    <p class='ocr_par' dir='ltr' id='par_1_15' title="bbox 766 1254 2344 1324">
     <span class='ocr_line' id='line_1_15' title="bbox 766 1254 2344 1324; baseline 0.002 -20"><span class='ocrx_word' id='word_1_80' title='bbox 766 1254 854 1322; x_wconf 91' lang='lat' dir='ltr'><strong>pio</strong></span> <span class='ocrx_word' id='word_1_81' title='bbox 892 1255 1096 1306; x_wconf 75' lang='lat' dir='ltr'><strong>creavit</strong></span> <span class='ocrx_word' id='word_1_82' title='bbox 1127 1254 1265 1308; x_wconf 90' lang='lat' dir='ltr'><strong>Deus</strong></span> <span class='ocrx_word' id='word_1_83' title='bbox 1294 1255 1491 1309; x_wconf 67' lang='lat' dir='ltr'><strong>caelum</strong></span> <span class='ocrx_word' id='word_1_84' title='bbox 1539 1266 1594 1309; x_wconf 95' lang='lat' dir='ltr'><strong>et</strong></span> <span class='ocrx_word' id='word_1_85' title='bbox 1648 1267 1868 1310; x_wconf 87' lang='lat' dir='ltr'><strong>terram.</strong></span> <span class='ocrx_word' id='word_1_86' title='bbox 1913 1274 1933 1307; x_wconf 71' lang='grc' dir='ltr'><strong>ι</strong></span> <span class='ocrx_word' id='word_1_87' title='bbox 1963 1256 2029 1309; x_wconf 84' lang='lat' dir='ltr'><strong>Et</strong></span> <span class='ocrx_word' id='word_1_88' title='bbox 2064 1255 2344 1324; x_wconf 82' lang='lat' dir='ltr'><strong>persequi-</strong></span> 
     </span>
    </p>
   </div>
   <div class='ocr_carea' id='block_1_16' title="bbox 2438 1248 4020 1333">
    <p class='ocr_par' dir='ltr' id='par_1_16' title="bbox 2448 1248 4020 1333">
     <span class='ocr_line' id='line_1_16' title="bbox 2448 1248 4020 1333; baseline -0.001 -23"><span class='ocrx_word' id='word_1_89' title='bbox 2448 1278 2467 1310; x_wconf 77' lang='grc' dir='ltr'><strong>ι</strong></span> <span class='ocrx_word' id='word_1_90' title='bbox 2509 1259 2596 1311; x_wconf 81' lang='grc' dir='ltr'><strong>Ἑν</strong></span> <span class='ocrx_word' id='word_1_91' title='bbox 2639 1260 2779 1329; x_wconf 79' lang='grc' dir='ltr'><strong>ἀρχῇ</strong></span> <span class='ocrx_word' id='word_1_92' title='bbox 2803 1248 3067 1329; x_wconf 72' lang='grc' dir='ltr'><strong>’ἐποίησεν</strong></span> <span class='ocrx_word' id='word_1_93' title='bbox 3112 1262 3141 1313; x_wconf 84' lang='grc' dir='ltr'><strong>ὁ</strong></span> <span class='ocrx_word' id='word_1_94' title='bbox 3182 1260 3313 1325; x_wconf 63' lang='grc' dir='ltr'><strong>Θείας</strong></span> <span class='ocrx_word' id='word_1_95' title='bbox 3351 1260 3465 1333; x_wconf 83' lang='grc' dir='ltr'><strong>[τὸν</strong></span> <span class='ocrx_word' id='word_1_96' title='bbox 3513 1261 3740 1333; x_wconf 73' lang='grc' dir='ltr'><strong>οὐρανὸν</strong></span> <span class='ocrx_word' id='word_1_97' title='bbox 3779 1259 3872 1312; x_wconf 72' lang='grc' dir='ltr'><strong>καὶ</strong></span> <span class='ocrx_word' id='word_1_98' title='bbox 3915 1258 4020 1325; x_wconf 82' lang='grc' dir='ltr'><strong>τὴν</strong></span> 
     </span>
    </p>
   </div>
   <div class='ocr_carea' id='block_1_17' title="bbox 766 1343 2347 1421">
    <p class='ocr_par' dir='ltr' id='par_1_17' title="bbox 766 1343 2339 1416">
     <span class='ocr_line' id='line_1_17' title="bbox 766 1343 2339 1416; baseline 0 -20"><span class='ocrx_word' id='word_1_99' title='bbox 766 1355 856 1397; x_wconf 91' lang='lat' dir='ltr'><strong>tur</strong></span> <span class='ocrx_word' id='word_1_100' title='bbox 902 1343 1148 1398; x_wconf 64' lang='lat' dir='ltr'><strong>Mosaicae</strong></span> <span class='ocrx_word' id='word_1_101' title='bbox 1180 1346 1416 1399; x_wconf 68' lang='lat' dir='ltr'><strong>historiae</strong></span> <span class='ocrx_word' id='word_1_102' title='bbox 1476 1347 1722 1413; x_wconf 79' lang='lat' dir='ltr'><strong>qua-datu</strong></span> <span class='ocrx_word' id='word_1_103' title='bbox 1749 1346 2043 1412; x_wconf 83' lang='lat' dir='ltr'><strong>succincte,</strong></span> <span class='ocrx_word' id='word_1_104' title='bbox 2095 1346 2339 1416; x_wconf 67' lang='lat' dir='ltr'><strong>quaedam</strong></span> 
     </span>
    </p>
   </div>
   <div class='ocr_carea' id='block_1_18' title="bbox 2438 1343 4021 1421">
    <p class='ocr_par' dir='ltr' id='par_1_18' title="bbox 2442 1348 4021 1421">
     <span class='ocr_line' id='line_1_18' title="bbox 2442 1348 4021 1421; baseline 0.001 -22"><span class='ocrx_word' id='word_1_105' title='bbox 2442 1349 2544 1417; x_wconf 83' lang='grc' dir='ltr'><strong>γῆν</strong></span> <span class='ocrx_word' id='word_1_106' title='bbox 2562 1349 2604 1381; x_wconf 83' lang='grc'><strong>⁶¹</strong></span> <span class='ocrx_word' id='word_1_107' title='bbox 2616 1348 2655 1421; x_wconf 83' lang='grc'><strong>,]</strong></span> <span class='ocrx_word' id='word_1_108' title='bbox 2672 1369 2687 1399; x_wconf 78' lang='grc' dir='ltr'><strong>ι</strong></span> <span class='ocrx_word' id='word_1_109' title='bbox 2716 1351 2809 1403; x_wconf 72' lang='grc' dir='ltr'><strong>καὶ</strong></span> <span class='ocrx_word' id='word_1_110' title='bbox 2822 1350 3040 1416; x_wconf 80' lang='grc' dir='ltr'><strong>διέξεισι</strong></span> <span class='ocrx_word' id='word_1_111' title='bbox 3053 1351 3120 1404; x_wconf 82' lang='grc' dir='ltr'><strong>τὰ</strong></span> <span class='ocrx_word' id='word_1_112' title='bbox 3140 1350 3239 1420; x_wconf 84' lang='grc' dir='ltr'><strong>μὲν</strong></span> <span class='ocrx_word' id='word_1_113' title='bbox 3263 1354 3572 1421; x_wconf 79' lang='grc' dir='ltr'><strong>συντέμνων</strong></span> <span class='ocrx_word' id='word_1_114' title='bbox 3585 1351 3653 1404; x_wconf 73' lang='grc' dir='ltr'><strong>τὰ</strong></span> <span class='ocrx_word' id='word_1_115' title='bbox 3666 1352 3720 1403; x_wconf 85' lang='grc' dir='ltr'><strong>δὲ</strong></span> <span class='ocrx_word' id='word_1_116' title='bbox 3735 1349 4021 1402; x_wconf 80' lang='grc' dir='ltr'><strong>πλατύνων</strong></span> 
     </span>
    </p>
   </div>
   <div class='ocr_carea' id='block_1_19' title="bbox 764 1433 2347 1512">
    <p class='ocr_par' dir='ltr' id='par_1_19' title="bbox 764 1433 2340 1503">
     <span class='ocr_line' id='line_1_19' title="bbox 764 1433 2340 1503; baseline 0.001 -17"><span class='ocrx_word' id='word_1_117' title='bbox 764 1435 984 1500; x_wconf 85' lang='lat' dir='ltr'><strong>copiose</strong></span> <span class='ocrx_word' id='word_1_118' title='bbox 1019 1450 1032 1484; x_wconf 91' lang='lat'><strong>:</strong></span> <span class='ocrx_word' id='word_1_119' title='bbox 1066 1435 1251 1488; x_wconf 89' lang='lat' dir='ltr'><strong>nmltis</strong></span> <span class='ocrx_word' id='word_1_120' title='bbox 1302 1435 1500 1503; x_wconf 86' lang='lat' dir='ltr'><strong>ubique</strong></span> <span class='ocrx_word' id='word_1_121' title='bbox 1527 1434 1701 1488; x_wconf 78' lang='lat' dir='ltr'><strong>verbis</strong></span> <span class='ocrx_word' id='word_1_122' title='bbox 1736 1450 1887 1490; x_wconf 87' lang='lat' dir='ltr'><strong>usus.</strong></span> <span class='ocrx_word' id='word_1_123' title='bbox 1925 1433 2138 1490; x_wconf 79' lang='lat' dir='ltr'><strong>Primus</strong></span> <span class='ocrx_word' id='word_1_124' title='bbox 2162 1444 2340 1488; x_wconf 86' lang='lat' dir='ltr'><strong>autem</strong></span> 
     </span>
    </p>
   </div>
   <div class='ocr_carea' id='block_1_20' title="bbox 2438 1433 4010 1512">
    <p class='ocr_par' dir='ltr' id='par_1_20' title="bbox 2441 1442 4010 1512">
     <span class='ocr_line' id='line_1_20' title="bbox 2441 1442 4010 1512; baseline -0.002 -18"><span class='ocrx_word' id='word_1_125' title='bbox 2441 1443 2540 1512; x_wconf 79' lang='grc' dir='ltr'><strong>τὴν</strong></span> <span class='ocrx_word' id='word_1_126' title='bbox 2572 1442 2871 1511; x_wconf 81' lang='grc' dir='ltr'><strong>Μωσαῖκὴν</strong></span> <span class='ocrx_word' id='word_1_127' title='bbox 2922 1442 3181 1512; x_wconf 75' lang='grc' dir='ltr'><strong>ἱστορίαν,</strong></span> <span class='ocrx_word' id='word_1_128' title='bbox 3235 1444 3387 1512; x_wconf 85' lang='grc' dir='ltr'><strong>ὅμως</strong></span> <span class='ocrx_word' id='word_1_129' title='bbox 3410 1443 3505 1497; x_wconf 80' lang='grc' dir='ltr'><strong>οὖν</strong></span> <span class='ocrx_word' id='word_1_130' title='bbox 3533 1443 3764 1504; x_wconf 76' lang='grc' dir='ltr'><strong>πολλοὺς</strong></span> <span class='ocrx_word' id='word_1_131' title='bbox 3784 1444 3842 1494; x_wconf 70' lang='grc' dir='ltr'><strong>ὲν</strong></span> <span class='ocrx_word' id='word_1_132' title='bbox 3870 1442 4010 1493; x_wconf 74' lang='grc' dir='ltr'><strong>πᾶσι</strong></span> 
     </span>
    </p>
   </div>
   <div class='ocr_carea' id='block_1_21' title="bbox 766 1523 2347 1602">
    <p class='ocr_par' dir='ltr' id='par_1_21' title="bbox 766 1523 2344 1594">
     <span class='ocr_line' id='line_1_21' title="bbox 766 1523 2344 1594; baseline 0.001 -19"><span class='ocrx_word' id='word_1_133' title='bbox 766 1523 903 1577; x_wconf 91' lang='lat' dir='ltr'><strong>liber</strong></span> <span class='ocrx_word' id='word_1_134' title='bbox 934 1537 1107 1577; x_wconf 88' lang='lat' dir='ltr'><strong>tomos</strong></span> <span class='ocrx_word' id='word_1_135' title='bbox 1139 1526 1384 1579; x_wconf 88' lang='lat' dir='ltr'><strong>continet</strong></span> <span class='ocrx_word' id='word_1_136' title='bbox 1444 1536 1678 1594; x_wconf 82' lang='lat' dir='ltr'><strong>quatuor</strong></span> <span class='ocrx_word' id='word_1_137' title='bbox 1723 1540 1777 1580; x_wconf 89' lang='lat' dir='ltr'><strong>et</strong></span> <span class='ocrx_word' id='word_1_138' title='bbox 1831 1526 2018 1594; x_wconf 85' lang='lat' dir='ltr'><strong>viginti</strong></span> <span class='ocrx_word' id='word_1_139' title='bbox 2048 1543 2063 1579; x_wconf 90' lang='lat'><strong>:</strong></span> <span class='ocrx_word' id='word_1_140' title='bbox 2096 1524 2344 1580; x_wconf 84' lang='lat' dir='ltr'><strong>similiter</strong></span> 
     </span>
    </p>
   </div>
   <div class='ocr_carea' id='block_1_22' title="bbox 2438 1523 4021 1602">
    <p class='ocr_par' dir='ltr' id='par_1_22' title="bbox 2443 1527 4021 1602">
     <span class='ocr_line' id='line_1_22' title="bbox 2443 1527 4021 1602; baseline -0.002 -20"><span class='ocrx_word' id='word_1_141' title='bbox 2443 1530 2632 1599; x_wconf 80' lang='grc' dir='ltr'><strong>λόγους</strong></span> <span class='ocrx_word' id='word_1_142' title='bbox 2654 1531 2981 1583; x_wconf 80' lang='grc' dir='ltr'><strong>ἀναλίσκων.</strong></span> <span class='ocrx_word' id='word_1_143' title='bbox 2998 1531 3061 1582; x_wconf 81' lang='grc' dir='ltr'><em>Ἢ</em></span> <span class='ocrx_word' id='word_1_144' title='bbox 3093 1531 3285 1601; x_wconf 82' lang='grc' dir='ltr'><strong>πρώτη</strong></span> <span class='ocrx_word' id='word_1_145' title='bbox 3312 1527 3407 1584; x_wconf 79' lang='grc' dir='ltr'><strong>οὖν</strong></span> <span class='ocrx_word' id='word_1_146' title='bbox 3427 1532 3591 1585; x_wconf 79' lang='grc' dir='ltr'><strong>αὐτοῦ</strong></span> <span class='ocrx_word' id='word_1_147' title='bbox 3623 1531 3805 1602; x_wconf 77' lang='grc' dir='ltr'><strong>βίϐλος</strong></span> <span class='ocrx_word' id='word_1_148' title='bbox 3826 1530 4021 1596; x_wconf 82' lang='grc' dir='ltr'><strong>λόγους</strong></span> 
     </span>
    </p>
   </div>
   <div class='ocr_carea' id='block_1_23' title="bbox 764 1616 2347 1693">
    <p class='ocr_par' dir='ltr' id='par_1_23' title="bbox 764 1616 2343 1687">
     <span class='ocr_line' id='line_1_23' title="bbox 764 1616 2343 1687; baseline -0.001 -15"><span class='ocrx_word' id='word_1_149' title='bbox 764 1627 820 1672; x_wconf 93' lang='lat' dir='ltr'><strong>et</strong></span> <span class='ocrx_word' id='word_1_150' title='bbox 847 1617 1033 1686; x_wconf 86' lang='lat' dir='ltr'><strong>reliqui</strong></span> <span class='ocrx_word' id='word_1_151' title='bbox 1068 1627 1178 1671; x_wconf 89' lang='lat' dir='ltr'><strong>tres</strong></span> <span class='ocrx_word' id='word_1_152' title='bbox 1205 1629 1259 1669; x_wconf 87' lang='lat' dir='ltr'><strong>et</strong></span> <span class='ocrx_word' id='word_1_153' title='bbox 1294 1617 1480 1687; x_wconf 83' lang='lat' dir='ltr'><strong>viginti</strong></span> <span class='ocrx_word' id='word_1_154' title='bbox 1506 1616 1651 1681; x_wconf 89' lang='lat' dir='ltr'><strong>libri,</strong></span> <span class='ocrx_word' id='word_1_155' title='bbox 1676 1631 1815 1685; x_wconf 89' lang='lat' dir='ltr'><strong>quos</strong></span> <span class='ocrx_word' id='word_1_156' title='bbox 1834 1616 2050 1685; x_wconf 84' lang='lat' dir='ltr'><strong>quidem</strong></span> <span class='ocrx_word' id='word_1_157' title='bbox 2081 1616 2343 1671; x_wconf 83' lang='lat' dir='ltr'><strong>hactenus</strong></span> 
     </span>
    </p>
   </div>
   <div class='ocr_carea' id='block_1_24' title="bbox 2438 1616 4022 1693">
    <p class='ocr_par' dir='ltr' id='par_1_24' title="bbox 2444 1623 4022 1693">
     <span class='ocr_line' id='line_1_24' title="bbox 2444 1623 4022 1693; baseline -0.001 -18"><span class='ocrx_word' id='word_1_158' title='bbox 2444 1624 2749 1693; x_wconf 78' lang='grc' dir='ltr'><strong>περιέχει⁸⁸</strong></span> <span class='ocrx_word' id='word_1_159' title='bbox 2786 1623 2891 1676; x_wconf 83' lang='grc' dir='ltr'><strong>κδ’·</strong></span> <span class='ocrx_word' id='word_1_160' title='bbox 2930 1624 3191 1686; x_wconf 84' lang='grc' dir='ltr'><strong>ὡσαύτως</strong></span> <span class='ocrx_word' id='word_1_161' title='bbox 3224 1624 3281 1677; x_wconf 77' lang='grc' dir='ltr'><strong>δὲ</strong></span> <span class='ocrx_word' id='word_1_162' title='bbox 3330 1626 3423 1678; x_wconf 84' lang='grc' dir='ltr'><strong>καὶ</strong></span> <span class='ocrx_word' id='word_1_163' title='bbox 3451 1627 3507 1678; x_wconf 87' lang='grc' dir='ltr'><strong>αἱ</strong></span> <span class='ocrx_word' id='word_1_164' title='bbox 3532 1626 3690 1678; x_wconf 81' lang='grc' dir='ltr'><strong>ἄλλαι</strong></span> <span class='ocrx_word' id='word_1_165' title='bbox 3738 1623 3903 1677; x_wconf 80' lang='grc' dir='ltr'><strong>αὑτοῦ</strong></span> <span class='ocrx_word' id='word_1_166' title='bbox 3934 1628 4022 1687; x_wconf 77' lang='grc' dir='ltr'><strong>κγ’</strong></span> 
     </span>
    </p>
   </div>
   <div class='ocr_carea' id='block_1_25' title="bbox 766 1705 2347 1785">
    <p class='ocr_par' dir='ltr' id='par_1_25' title="bbox 766 1705 2343 1773">
     <span class='ocr_line' id='line_1_25' title="bbox 766 1705 2343 1773; baseline 0.002 -17"><span class='ocrx_word' id='word_1_167' title='bbox 766 1706 1002 1760; x_wconf 78' lang='lat' dir='ltr'><strong>vidimus</strong></span> <span class='ocrx_word' id='word_1_168' title='bbox 1030 1705 1269 1773; x_wconf 69' lang='grc' dir='ltr'><strong>(ιε-49).</strong></span> <span class='ocrx_word' id='word_1_169' title='bbox 1302 1706 1523 1758; x_wconf 78' lang='lat' dir='ltr'><strong>Multum</strong></span> <span class='ocrx_word' id='word_1_170' title='bbox 1559 1706 1844 1760; x_wconf 79' lang='lat' dir='ltr'><strong>admodum</strong></span> <span class='ocrx_word' id='word_1_171' title='bbox 1868 1707 2176 1770; x_wconf 81' lang='lat' dir='ltr'><strong>verborum,</strong></span> <span class='ocrx_word' id='word_1_172' title='bbox 2225 1707 2343 1759; x_wconf 90' lang='lat' dir='ltr'><strong>sine</strong></span> 
     </span>
    </p>
   </div>
   <div class='ocr_carea' id='block_1_26' title="bbox 2438 1705 4022 1785">
    <p class='ocr_par' dir='ltr' id='par_1_26' title="bbox 2446 1711 4022 1785">
     <span class='ocr_line' id='line_1_26' title="bbox 2446 1711 4022 1785; baseline -0.001 -21"><span class='ocrx_word' id='word_1_173' title='bbox 2446 1715 2619 1785; x_wconf 77' lang='grc' dir='ltr'><strong>βίϐλοι</strong></span> <span class='ocrx_word' id='word_1_174' title='bbox 2652 1715 2754 1767; x_wconf 80' lang='grc' dir='ltr'><strong>ἀνὰ</strong></span> <span class='ocrx_word' id='word_1_175' title='bbox 2791 1714 2965 1781; x_wconf 80' lang='grc' dir='ltr'><strong>λόγων</strong></span> <span class='ocrx_word' id='word_1_176' title='bbox 2996 1712 3074 1766; x_wconf 87' lang='grc' dir='ltr'><strong>κδ’</strong></span> <span class='ocrx_word' id='word_1_177' title='bbox 3080 1753 3093 1775; x_wconf 84' lang='grc'><strong>,</strong></span> <span class='ocrx_word' id='word_1_178' title='bbox 3130 1714 3196 1778; x_wconf 74' lang='grc' dir='ltr'><strong>ἃς</strong></span> <span class='ocrx_word' id='word_1_179' title='bbox 3225 1714 3363 1778; x_wconf 82' lang='grc' dir='ltr'><strong>τέως</strong></span> <span class='ocrx_word' id='word_1_180' title='bbox 3391 1718 3556 1785; x_wconf 78' lang='grc' dir='ltr'><strong>ἡμεῖς</strong></span> <span class='ocrx_word' id='word_1_181' title='bbox 3587 1714 3826 1782; x_wconf 67' lang='grc' dir='ltr'><strong>εἴδομεν.</strong></span> <span class='ocrx_word' id='word_1_182' title='bbox 3861 1711 4022 1763; x_wconf 83' lang='grc' dir='ltr'><strong>Ἐστι</strong></span> 
     </span>
    </p>
   </div>
   <div class='ocr_carea' id='block_1_27' title="bbox 766 1797 2347 1875">
    <p class='ocr_par' dir='ltr' id='par_1_27' title="bbox 766 1797 2344 1867">
     <span class='ocr_line' id='line_1_27' title="bbox 766 1797 2344 1867; baseline 0.001 -18"><span class='ocrx_word' id='word_1_183' title='bbox 766 1798 874 1850; x_wconf 92' lang='lat' dir='ltr'><strong>ulla</strong></span> <span class='ocrx_word' id='word_1_184' title='bbox 907 1810 1084 1851; x_wconf 85' lang='lat' dir='ltr'><strong>tamen</strong></span> <span class='ocrx_word' id='word_1_185' title='bbox 1118 1799 1427 1851; x_wconf 76' lang='lat' dir='ltr'><strong>urbanitate</strong></span> <span class='ocrx_word' id='word_1_186' title='bbox 1460 1806 1553 1850; x_wconf 82' lang='lat' dir='ltr'><strong>aut</strong></span> <span class='ocrx_word' id='word_1_187' title='bbox 1597 1798 1771 1866; x_wconf 87' lang='lat' dir='ltr'><strong>gratia</strong></span> <span class='ocrx_word' id='word_1_188' title='bbox 1792 1797 2100 1867; x_wconf 76' lang='lat' dir='ltr'><strong>profundit:</strong></span> <span class='ocrx_word' id='word_1_189' title='bbox 2136 1797 2269 1867; x_wconf 90' lang='lat' dir='ltr'><strong>quin</strong></span> <span class='ocrx_word' id='word_1_190' title='bbox 2287 1806 2344 1851; x_wconf 84' lang='lat' dir='ltr'><strong>et</strong></span> 
     </span>
    </p>
   </div>
   <div class='ocr_carea' id='block_1_28' title="bbox 2438 1797 4024 1875">
    <p class='ocr_par' dir='ltr' id='par_1_28' title="bbox 2444 1803 4024 1875">
     <span class='ocr_line' id='line_1_28' title="bbox 2444 1803 4024 1875; baseline -0.002 -17"><span class='ocrx_word' id='word_1_191' title='bbox 2444 1806 2500 1858; x_wconf 79' lang='grc' dir='ltr'><strong>δὲ</strong></span> <span class='ocrx_word' id='word_1_192' title='bbox 2523 1805 2785 1875; x_wconf 82' lang='grc' dir='ltr'><strong>πολύχους</strong></span> <span class='ocrx_word' id='word_1_193' title='bbox 2837 1808 2961 1868; x_wconf 83' lang='grc' dir='ltr'><strong>ταῖς</strong></span> <span class='ocrx_word' id='word_1_194' title='bbox 3018 1805 3246 1871; x_wconf 80' lang='grc' dir='ltr'><strong>λέξεσιν,</strong></span> <span class='ocrx_word' id='word_1_195' title='bbox 3280 1808 3382 1860; x_wconf 78' lang='grc' dir='ltr'><strong>οὐκ</strong></span> <span class='ocrx_word' id='word_1_196' title='bbox 3418 1810 3633 1869; x_wconf 81' lang='grc' dir='ltr'><strong>ἀστεῖος</strong></span> <span class='ocrx_word' id='word_1_197' title='bbox 3654 1807 3711 1859; x_wconf 78' lang='grc' dir='ltr'><strong>δὲ</strong></span> <span class='ocrx_word' id='word_1_198' title='bbox 3743 1804 3866 1858; x_wconf 67' lang='grc' dir='ltr'><strong>οὐδὲ</strong></span> <span class='ocrx_word' id='word_1_199' title='bbox 3900 1803 4024 1857; x_wconf 65' lang='lat' dir='ltr'><strong>kni-</strong></span> 
     </span>
    </p>
   </div>
   <div class='ocr_carea' id='block_1_29' title="bbox 765 1887 2347 1968">
    <p class='ocr_par' dir='ltr' id='par_1_29' title="bbox 765 1887 2347 1957">
     <span class='ocr_line' id='line_1_29' title="bbox 765 1887 2347 1957; baseline 0.001 -16"><span class='ocrx_word' id='word_1_200' title='bbox 765 1888 1071 1942; x_wconf 85' lang='lat' dir='ltr'><strong>satietatem</strong></span> <span class='ocrx_word' id='word_1_201' title='bbox 1132 1887 1309 1950; x_wconf 70' lang='lat' dir='ltr'><strong>aliert,</strong></span> <span class='ocrx_word' id='word_1_202' title='bbox 1363 1899 1455 1941; x_wconf 89' lang='lat' dir='ltr'><strong>aut</strong></span> <span class='ocrx_word' id='word_1_203' title='bbox 1516 1889 1695 1957; x_wconf 90' lang='lat' dir='ltr'><strong>potius</strong></span> <span class='ocrx_word' id='word_1_204' title='bbox 1770 1889 2071 1944; x_wconf 81' lang='lat' dir='ltr'><strong>molestiam</strong></span> <span class='ocrx_word' id='word_1_205' title='bbox 2118 1906 2133 1945; x_wconf 88' lang='lat'><strong>:</strong></span> <span class='ocrx_word' id='word_1_206' title='bbox 2185 1900 2347 1957; x_wconf 87' lang='lat' dir='ltr'><strong>atque</strong></span> 
     </span>
    </p>
   </div>
   <div class='ocr_carea' id='block_1_30' title="bbox 2438 1887 4021 1968">
    <p class='ocr_par' dir='ltr' id='par_1_30' title="bbox 2446 1895 4021 1968">
     <span class='ocr_line' id='line_1_30' title="bbox 2446 1895 4021 1968; baseline 0.001 -17"><span class='ocrx_word' id='word_1_207' title='bbox 2446 1916 2627 1968; x_wconf 82' lang='grc' dir='ltr'><strong>χαρις,</strong></span> <span class='ocrx_word' id='word_1_208' title='bbox 2654 1897 2792 1950; x_wconf 82' lang='grc' dir='ltr'><strong>ἀλλὰ</strong></span> <span class='ocrx_word' id='word_1_209' title='bbox 2837 1899 2929 1950; x_wconf 79' lang='grc' dir='ltr'><strong>καὶ</strong></span> <span class='ocrx_word' id='word_1_210' title='bbox 2978 1900 3313 1968; x_wconf 78' lang='grc' dir='ltr'><strong>προσκορὴς,</strong></span> <span class='ocrx_word' id='word_1_211' title='bbox 3364 1898 3565 1967; x_wconf 77' lang='grc' dir='ltr'><strong>μᾶλλον</strong></span> <span class='ocrx_word' id='word_1_212' title='bbox 3592 1897 3649 1950; x_wconf 72' lang='grc' dir='ltr'><strong>δὲ</strong></span> <span class='ocrx_word' id='word_1_213' title='bbox 3680 1895 3775 1949; x_wconf 78' lang='grc' dir='ltr'><strong>καὶ</strong></span> <span class='ocrx_word' id='word_1_214' title='bbox 3818 1895 4021 1965; x_wconf 81' lang='grc' dir='ltr'><strong>ἀηδὴς.</strong></span> 
     </span>
    </p>
   </div>
   <div class='ocr_carea' id='block_1_31' title="bbox 766 1978 2347 2059">
    <p class='ocr_par' dir='ltr' id='par_1_31' title="bbox 766 1978 2343 2048">
     <span class='ocr_line' id='line_1_31' title="bbox 766 1978 2343 2048; baseline 0.002 -17"><span class='ocrx_word' id='word_1_215' title='bbox 766 1979 1144 2032; x_wconf 82' lang='lat' dir='ltr'><strong>ostentationis</strong></span> <span class='ocrx_word' id='word_1_216' title='bbox 1186 1978 1307 2048; x_wconf 88' lang='lat' dir='ltr'><strong>plus</strong></span> <span class='ocrx_word' id='word_1_217' title='bbox 1346 1979 1507 2033; x_wconf 89' lang='lat' dir='ltr'><strong>habet</strong></span> <span class='ocrx_word' id='word_1_218' title='bbox 1544 1993 1704 2047; x_wconf 85' lang='lat' dir='ltr'><strong>quam</strong></span> <span class='ocrx_word' id='word_1_219' title='bbox 1749 1980 2019 2036; x_wconf 85' lang='lat' dir='ltr'><strong>utilitatis.</strong></span> <span class='ocrx_word' id='word_1_220' title='bbox 2038 1979 2269 2035; x_wconf 87' lang='lat' dir='ltr'><strong>Inseruit</strong></span> <span class='ocrx_word' id='word_1_221' title='bbox 2286 1989 2343 2035; x_wconf 89' lang='lat' dir='ltr'><strong>et</strong></span> 
     </span>
    </p>
   </div>
   <div class='ocr_carea' id='block_1_32' title="bbox 2438 1978 4023 2059">
    <p class='ocr_par' dir='ltr' id='par_1_32' title="bbox 2448 1988 4023 2059">
     <span class='ocr_line' id='line_1_32' title="bbox 2448 1988 4023 2059; baseline -0.004 -15"><span class='ocrx_word' id='word_1_222' title='bbox 2448 1992 2541 2044; x_wconf 84' lang='grc' dir='ltr'><strong>καὶ</strong></span> <span class='ocrx_word' id='word_1_223' title='bbox 2569 1989 2935 2051; x_wconf 80' lang='grc' dir='ltr'><strong>ἐπιδεικτικδς</strong></span> <span class='ocrx_word' id='word_1_224' title='bbox 2994 1988 3197 2059; x_wconf 74' lang='grc' dir='ltr'><strong>μᾶλλον</strong></span> <span class='ocrx_word' id='word_1_225' title='bbox 3228 1990 3260 2059; x_wconf 83' lang='grc' dir='ltr'>ἢ</span> <span class='ocrx_word' id='word_1_226' title='bbox 3290 1988 3587 2059; x_wconf 79' lang='grc' dir='ltr'><strong>ὠφέλιμος,</strong></span> <span class='ocrx_word' id='word_1_227' title='bbox 3632 1989 3726 2041; x_wconf 73' lang='grc' dir='ltr'><strong>καὶ</strong></span> <span class='ocrx_word' id='word_1_228' title='bbox 3752 2002 4023 2057; x_wconf 81' lang='grc' dir='ltr'><strong>παρεντι-</strong></span> 
     </span>
    </p>
   </div>
   <div class='ocr_carea' id='block_1_33' title="bbox 770 2072 2347 2154">
    <p class='ocr_par' dir='ltr' id='par_1_33' title="bbox 770 2072 2345 2142">
     <span class='ocr_line' id='line_1_33' title="bbox 770 2072 2345 2142; baseline 0 -17"><span class='ocrx_word' id='word_1_229' title='bbox 770 2074 1000 2142; x_wconf 84' lang='lat' dir='ltr'><strong>plurima</strong></span> <span class='ocrx_word' id='word_1_230' title='bbox 1039 2072 1321 2126; x_wconf 85' lang='lat' dir='ltr'><strong>historiam</strong></span> <span class='ocrx_word' id='word_1_231' title='bbox 1363 2072 1494 2126; x_wconf 84' lang='lat' dir='ltr'><strong>nihil</strong></span> <span class='ocrx_word' id='word_1_232' title='bbox 1522 2074 1825 2138; x_wconf 88' lang='lat' dir='ltr'><strong>attinentia,</strong></span> <span class='ocrx_word' id='word_1_233' title='bbox 1856 2085 1913 2127; x_wconf 90' lang='lat' dir='ltr'><strong>ut</strong></span> <span class='ocrx_word' id='word_1_234' title='bbox 1968 2088 2074 2129; x_wconf 92' lang='lat' dir='ltr'><strong>non</strong></span> <span class='ocrx_word' id='word_1_235' title='bbox 2117 2082 2224 2127; x_wconf 88' lang='lat' dir='ltr'><strong>tam</strong></span> <span class='ocrx_word' id='word_1_236' title='bbox 2261 2072 2345 2128; x_wconf 89' lang='lat' dir='ltr'><strong>Iti-</strong></span> 
     </span>
    </p>
   </div>
   <div class='ocr_carea' id='block_1_34' title="bbox 2438 2072 4027 2154">
    <p class='ocr_par' dir='ltr' id='par_1_34' title="bbox 2448 2078 4027 2154">
     <span class='ocr_line' id='line_1_34' title="bbox 2448 2078 4027 2154; baseline -0.005 -17"><span class='ocrx_word' id='word_1_237' title='bbox 2448 2084 2560 2148; x_wconf 79' lang='grc' dir='ltr'><strong>Θεὶς</strong></span> <span class='ocrx_word' id='word_1_238' title='bbox 2574 2084 2619 2115; x_wconf 81' lang='grc'><strong>⁸³</strong></span> <span class='ocrx_word' id='word_1_239' title='bbox 2646 2084 2718 2147; x_wconf 85' lang='grc' dir='ltr'><strong>ὼς</strong></span> <span class='ocrx_word' id='word_1_240' title='bbox 2751 2084 2977 2136; x_wconf 82' lang='grc' dir='ltr'><strong>πλεῖστα</strong></span> <span class='ocrx_word' id='word_1_241' title='bbox 3027 2084 3193 2154; x_wconf 76' lang='grc' dir='ltr'><strong>μηδὲν</strong></span> <span class='ocrx_word' id='word_1_242' title='bbox 3223 2083 3361 2153; x_wconf 77' lang='grc' dir='ltr'><strong>πρὸς</strong></span> <span class='ocrx_word' id='word_1_243' title='bbox 3400 2086 3499 2154; x_wconf 79' lang='grc' dir='ltr'><strong>τὴν</strong></span> <span class='ocrx_word' id='word_1_244' title='bbox 3528 2082 3771 2152; x_wconf 73' lang='grc' dir='ltr'><strong>ἱστορίαν</strong></span> <span class='ocrx_word' id='word_1_245' title='bbox 3809 2078 4027 2133; x_wconf 79' lang='grc' dir='ltr'><strong>συντείο</strong></span> 
     </span>
    </p>
   </div>
   <div class='ocr_carea' id='block_1_35' title="bbox 768 2163 2347 2245">
    <p class='ocr_par' dir='ltr' id='par_1_35' title="bbox 768 2163 2343 2234">
     <span class='ocr_line' id='line_1_35' title="bbox 768 2163 2343 2234; baseline 0 -17"><span class='ocrx_word' id='word_1_246' title='bbox 768 2166 992 2218; x_wconf 89' lang='lat' dir='ltr'><strong>storiam</strong></span> <span class='ocrx_word' id='word_1_247' title='bbox 1018 2178 1159 2228; x_wconf 87' lang='lat' dir='ltr'><strong>esse,</strong></span> <span class='ocrx_word' id='word_1_248' title='bbox 1189 2179 1350 2232; x_wconf 89' lang='lat' dir='ltr'><strong>quam</strong></span> <span class='ocrx_word' id='word_1_249' title='bbox 1402 2163 1702 2218; x_wconf 88' lang='lat' dir='ltr'><strong>alienorum</strong></span> <span class='ocrx_word' id='word_1_250' title='bbox 1750 2167 2082 2234; x_wconf 79' lang='lat' dir='ltr'><strong>negotiorum</strong></span> <span class='ocrx_word' id='word_1_251' title='bbox 2128 2176 2343 2219; x_wconf 89' lang='lat' dir='ltr'><strong>tracta—</strong></span> 
     </span>
    </p>
   </div>
   <div class='ocr_carea' id='block_1_36' title="bbox 2438 2163 4028 2245">
    <p class='ocr_par' dir='ltr' id='par_1_36' title="bbox 2445 2169 4028 2245">
     <span class='ocr_line' id='line_1_36' title="bbox 2445 2169 4028 2245; baseline -0.006 -16"><span class='ocrx_word' id='word_1_252' title='bbox 2445 2193 2626 2241; x_wconf 87' lang='grc' dir='ltr'><strong>νοντα,</strong></span> <span class='ocrx_word' id='word_1_253' title='bbox 2656 2175 2732 2238; x_wconf 89' lang='grc' dir='ltr'><strong>ὠς</strong></span> <span class='ocrx_word' id='word_1_254' title='bbox 2758 2176 2909 2227; x_wconf 64' lang='grc' dir='ltr'><strong>οὐδὲν</strong></span> <span class='ocrx_word' id='word_1_255' title='bbox 2936 2173 3135 2244; x_wconf 78' lang='grc' dir='ltr'><strong>μᾶλλον</strong></span> <span class='ocrx_word' id='word_1_256' title='bbox 3180 2174 3422 2245; x_wconf 74' lang='grc' dir='ltr'><strong>ἱστορίαν</strong></span> <span class='ocrx_word' id='word_1_257' title='bbox 3446 2170 3584 2226; x_wconf 86' lang='grc' dir='ltr'><strong>εἷναι</strong></span> <span class='ocrx_word' id='word_1_258' title='bbox 3611 2172 3644 2242; x_wconf 80' lang='grc' dir='ltr'>ἢ</span> <span class='ocrx_word' id='word_1_259' title='bbox 3676 2169 4028 2241; x_wconf 81' lang='grc' dir='ltr'><strong>πραγμάτων</strong></span> 
     </span>
    </p>
   </div>
   <div class='ocr_carea' id='block_1_37' title="bbox 770 2255 2347 2337">
    <p class='ocr_par' dir='ltr' id='par_1_37' title="bbox 770 2255 2344 2330">
     <span class='ocr_line' id='line_1_37' title="bbox 770 2255 2344 2330; baseline 0.001 -22"><span class='ocrx_word' id='word_1_260' title='bbox 770 2256 980 2330; x_wconf 76' lang='lat' dir='ltr'><strong>tiottetq</strong></span> <span class='ocrx_word' id='word_1_261' title='bbox 1031 2256 1189 2323; x_wconf 89' lang='lat' dir='ltr'><strong>(adeo</strong></span> <span class='ocrx_word' id='word_1_262' title='bbox 1235 2257 1418 2324; x_wconf 91' lang='lat' dir='ltr'><strong>inepte</strong></span> <span class='ocrx_word' id='word_1_263' title='bbox 1456 2255 1778 2324; x_wconf 81' lang='lat' dir='ltr'><strong>etTunditur)</strong></span> <span class='ocrx_word' id='word_1_264' title='bbox 1810 2257 2037 2311; x_wconf 78' lang='lat' dir='ltr'><strong>dixeris.</strong></span> <span class='ocrx_word' id='word_1_265' title='bbox 2094 2255 2344 2324; x_wconf 68' lang='lat' dir='ltr'><strong>Equalis</strong></span> 
     </span>
    </p>
   </div>
   <div class='ocr_carea' id='block_1_38' title="bbox 2438 2255 4028 2337">
    <p class='ocr_par' dir='ltr' id='par_1_38' title="bbox 2447 2264 4028 2337">
     <span class='ocr_line' id='line_1_38' title="bbox 2447 2264 4028 2337; baseline -0.004 -17"><span class='ocrx_word' id='word_1_266' title='bbox 2447 2269 2651 2337; x_wconf 76' lang='grc' dir='ltr'><strong>ἑτέρων</strong></span> <span class='ocrx_word' id='word_1_267' title='bbox 2709 2267 2809 2337; x_wconf 81' lang='grc' dir='ltr'><strong>τὴν</strong></span> <span class='ocrx_word' id='word_1_268' title='bbox 2870 2267 3258 2336; x_wconf 81' lang='grc' dir='ltr'><strong>πραγματείαν</strong></span> <span class='ocrx_word' id='word_1_269' title='bbox 3287 2266 3562 2336; x_wconf 69' lang='grc' dir='ltr'><strong>διάληψινσ</strong></span> <span class='ocrx_word' id='word_1_270' title='bbox 3590 2264 3765 2327; x_wconf 80' lang='grc' dir='ltr'><strong>οὕτως</strong></span> <span class='ocrx_word' id='word_1_271' title='bbox 3796 2265 4028 2332; x_wconf 74' lang='grc' dir='ltr'><strong>ἀπειρο-</strong></span> 
     </span>
    </p>
   </div>
   <div class='ocr_carea' id='block_1_39' title="bbox 767 2345 4025 2429">
    <p class='ocr_par' dir='ltr' id='par_1_39' title="bbox 767 2345 4025 2429">
     <span class='ocr_line' id='line_1_39' title="bbox 767 2345 4025 2429; baseline -0.002 -29"><span class='ocrx_word' id='word_1_272' title='bbox 767 2346 871 2401; x_wconf 77' lang='lat' dir='ltr'><strong>fuit</strong></span> <span class='ocrx_word' id='word_1_273' title='bbox 924 2346 1009 2417; x_wconf 78' lang='lat' dir='ltr'><strong>7b</strong></span> <span class='ocrx_word' id='word_1_274' title='bbox 1065 2347 1325 2411; x_wconf 88' lang='lat' dir='ltr'><strong>Sisinnii,</strong></span> <span class='ocrx_word' id='word_1_275' title='bbox 1390 2357 1447 2401; x_wconf 87' lang='lat' dir='ltr'><strong>et</strong></span> <span class='ocrx_word' id='word_1_276' title='bbox 1508 2345 1685 2402; x_wconf 87' lang='lat' dir='ltr'><strong>Procli</strong></span> <span class='ocrx_word' id='word_1_277' title='bbox 1746 2347 1903 2417; x_wconf 84' lang='lat'><strong>(50),</strong></span> <span class='ocrx_word' id='word_1_278' title='bbox 1970 2349 2341 2417; x_wconf 88' lang='lat' dir='ltr'><strong>episcoporum</strong></span> <span class='ocrx_word' id='word_1_279' title='bbox 2448 2360 2629 2423; x_wconf 72' lang='grc' dir='ltr'><strong>κάλως</strong></span> <span class='ocrx_word' id='word_1_280' title='bbox 2683 2359 2995 2429; x_wconf 55' lang='grc' dir='ltr'><strong>ἐκκέχυται,</strong></span> <span class='ocrx_word' id='word_1_281' title='bbox 3029 2358 3331 2429; x_wconf 71' lang='grc' dir='ltr'><strong>Σύγχρονος</strong></span> <span class='ocrx_word' id='word_1_282' title='bbox 3360 2359 3416 2412; x_wconf 62' lang='grc' dir='ltr'><strong>δὲ</strong></span> <span class='ocrx_word' id='word_1_283' title='bbox 3444 2357 3709 2411; x_wconf 71' lang='grc' dir='ltr'><strong>Σισιννίου</strong></span> <span class='ocrx_word' id='word_1_284' title='bbox 3740 2356 3837 2410; x_wconf 66' lang='grc' dir='ltr'><strong>καὶ</strong></span> <span class='ocrx_word' id='word_1_285' title='bbox 3870 2355 4025 2425; x_wconf 54' lang='grc' dir='ltr'><strong>Πρὸ-</strong></span> 
     </span>
    </p>
   </div>
   <div class='ocr_carea' id='block_1_40' title="bbox 768 2439 2347 2517">
    <p class='ocr_par' dir='ltr' id='par_1_40' title="bbox 768 2439 2347 2509">
     <span class='ocr_line' id='line_1_40' title="bbox 768 2439 2347 2509; baseline -0.003 -14"><span class='ocrx_word' id='word_1_286' title='bbox 768 2440 1288 2509; x_wconf 81' lang='lat' dir='ltr'><strong>Constantinopolis.</strong></span> <span class='ocrx_word' id='word_1_287' title='bbox 1323 2442 1501 2508; x_wconf 81' lang='lat' dir='ltr'><strong>Atque</strong></span> <span class='ocrx_word' id='word_1_288' title='bbox 1553 2440 1605 2493; x_wconf 91' lang='lat' dir='ltr'><strong>in</strong></span> <span class='ocrx_word' id='word_1_289' title='bbox 1664 2440 1766 2495; x_wconf 89' lang='lat' dir='ltr'><strong>hac</strong></span> <span class='ocrx_word' id='word_1_290' title='bbox 1825 2439 2041 2509; x_wconf 87' lang='lat' dir='ltr'><strong>quidem</strong></span> <span class='ocrx_word' id='word_1_291' title='bbox 2090 2439 2347 2494; x_wconf 85' lang='lat' dir='ltr'><strong>historica</strong></span> 
     </span>
    </p>
   </div>
   <div class='ocr_carea' id='block_1_41' title="bbox 2438 2439 4030 2517">
    <p class='ocr_par' dir='ltr' id='par_1_41' title="bbox 2448 2445 4030 2517">
     <span class='ocr_line' id='line_1_41' title="bbox 2448 2445 4030 2517; baseline -0.004 -14"><span class='ocrx_word' id='word_1_292' title='bbox 2448 2450 2599 2515; x_wconf 83' lang='grc' dir='ltr'><strong>κλου,</strong></span> <span class='ocrx_word' id='word_1_293' title='bbox 2671 2450 2721 2502; x_wconf 77' lang='grc' dir='ltr'><strong>οἳ</strong></span> <span class='ocrx_word' id='word_1_294' title='bbox 2766 2448 3391 2512; x_wconf 80' lang='grc' dir='ltr'><strong>Κωνσταντινουπόλεως</strong></span> <span class='ocrx_word' id='word_1_295' title='bbox 3450 2448 3854 2517; x_wconf 72' lang='grc' dir='ltr'><strong>ἑπεσκόπησαν.</strong></span> <span class='ocrx_word' id='word_1_296' title='bbox 3934 2445 4030 2497; x_wconf 81' lang='grc' dir='ltr'><strong>Ἐν</strong></span> 
     </span>
    </p>
   </div>
   <div class='ocr_carea' id='block_1_42' title="bbox 768 2528 2347 2614">
    <p class='ocr_par' dir='ltr' id='par_1_42' title="bbox 768 2528 2347 2602">
     <span class='ocr_line' id='line_1_42' title="bbox 768 2528 2347 2602; baseline -0.001 -14"><span class='ocrx_word' id='word_1_297' title='bbox 768 2533 1065 2602; x_wconf 84' lang='lat' dir='ltr'><strong>scriptione</strong></span> <span class='ocrx_word' id='word_1_298' title='bbox 1100 2547 1242 2601; x_wconf 65' lang='lat' dir='ltr'><strong>saepe</strong></span> <span class='ocrx_word' id='word_1_299' title='bbox 1271 2528 1570 2585; x_wconf 86' lang='lat' dir='ltr'><strong>Sisinnium</strong></span> <span class='ocrx_word' id='word_1_300' title='bbox 1595 2533 1909 2601; x_wconf 86' lang='lat' dir='ltr'><strong>perstringit</strong></span> <span class='ocrx_word' id='word_1_301' title='bbox 1937 2531 2078 2599; x_wconf 81' lang='lat'><strong>(5|);</strong></span> <span class='ocrx_word' id='word_1_302' title='bbox 2100 2531 2245 2599; x_wconf 92' lang='lat' dir='ltr'><strong>quod</strong></span> <span class='ocrx_word' id='word_1_303' title='bbox 2267 2532 2347 2601; x_wconf 90' lang='lat' dir='ltr'><strong>(ut</strong></span> 
     </span>
    </p>
   </div>
   <div class='ocr_carea' id='block_1_43' title="bbox 2438 2528 4032 2614">
    <p class='ocr_par' dir='ltr' id='par_1_43' title="bbox 2446 2538 4032 2614">
     <span class='ocr_line' id='line_1_43' title="bbox 2446 2538 4032 2614; baseline -0.004 -20"><span class='ocrx_word' id='word_1_304' title='bbox 2446 2544 2504 2594; x_wconf 78' lang='grc' dir='ltr'><strong>δὲ</strong></span> <span class='ocrx_word' id='word_1_305' title='bbox 2535 2546 2601 2613; x_wconf 77' lang='grc' dir='ltr'><strong>τῇ</strong></span> <span class='ocrx_word' id='word_1_306' title='bbox 2627 2540 2789 2595; x_wconf 81' lang='grc' dir='ltr'><strong>αὐτοῦ</strong></span> <span class='ocrx_word' id='word_1_307' title='bbox 2841 2542 2941 2613; x_wconf 85' lang='grc' dir='ltr'><strong>τῆς</strong></span> <span class='ocrx_word' id='word_1_308' title='bbox 2973 2543 3213 2614; x_wconf 79' lang='grc' dir='ltr'><strong>ἱστορίας</strong></span> <span class='ocrx_word' id='word_1_309' title='bbox 3260 2543 3552 2613; x_wconf 72' lang='grc' dir='ltr'><strong>συγγραφῇ</strong></span> <span class='ocrx_word' id='word_1_310' title='bbox 3598 2538 3801 2608; x_wconf 77' lang='grc' dir='ltr'><strong>πολλὴν</strong></span> <span class='ocrx_word' id='word_1_311' title='bbox 3848 2554 4032 2591; x_wconf 80' lang='grc' dir='ltr'><strong>κατα-</strong></span> 
     </span>
    </p>
   </div>
   <div class='ocr_carea' id='block_1_44' title="bbox 770 2624 2347 2704">
    <p class='ocr_par' dir='ltr' id='par_1_44' title="bbox 770 2624 2347 2694">
     <span class='ocr_line' id='line_1_44' title="bbox 770 2624 2347 2694; baseline 0.001 -17"><span class='ocrx_word' id='word_1_312' title='bbox 770 2624 970 2689; x_wconf 82' lang='lat' dir='ltr'><strong>ferunt)</strong></span> <span class='ocrx_word' id='word_1_313' title='bbox 1002 2626 1127 2676; x_wconf 89' lang='lat' dir='ltr'><strong>dum</strong></span> <span class='ocrx_word' id='word_1_314' title='bbox 1162 2624 1305 2677; x_wconf 92' lang='lat' dir='ltr'><strong>idem</strong></span> <span class='ocrx_word' id='word_1_315' title='bbox 1368 2638 1562 2678; x_wconf 88' lang='lat' dir='ltr'><strong>munus</strong></span> <span class='ocrx_word' id='word_1_316' title='bbox 1622 2624 1737 2694; x_wconf 69' lang='lat'><strong>(52)</strong></span> <span class='ocrx_word' id='word_1_317' title='bbox 1785 2635 2011 2693; x_wconf 89' lang='lat' dir='ltr'><strong>uterque</strong></span> <span class='ocrx_word' id='word_1_318' title='bbox 2061 2624 2259 2688; x_wconf 88' lang='lat' dir='ltr'><strong>obiret,</strong></span> <span class='ocrx_word' id='word_1_319' title='bbox 2294 2633 2347 2678; x_wconf 86' lang='lat' dir='ltr'><strong>et</strong></span> 
     </span>
    </p>
   </div>
   <div class='ocr_carea' id='block_1_45' title="bbox 2438 2624 4031 2704">
    <p class='ocr_par' dir='ltr' id='par_1_45' title="bbox 2446 2629 4031 2704">
     <span class='ocr_line' id='line_1_45' title="bbox 2446 2629 4031 2704; baseline -0.003 -17"><span class='ocrx_word' id='word_1_320' title='bbox 2446 2635 2653 2704; x_wconf 84' lang='grc' dir='ltr'><strong>δρομὴν</strong></span> <span class='ocrx_word' id='word_1_321' title='bbox 2703 2636 2965 2687; x_wconf 86' lang='grc' dir='ltr'><strong>Σισιννίου</strong></span> <span class='ocrx_word' id='word_1_322' title='bbox 3015 2637 3271 2700; x_wconf 76' lang='grc' dir='ltr'><strong>ποιεῖται,</strong></span> <span class='ocrx_word' id='word_1_323' title='bbox 3320 2636 3403 2688; x_wconf 85' lang='grc' dir='ltr'><strong>ὅτι</strong></span> <span class='ocrx_word' id='word_1_324' title='bbox 3460 2634 3551 2686; x_wconf 80' lang='grc' dir='ltr'><strong>τὸν</strong></span> <span class='ocrx_word' id='word_1_325' title='bbox 3603 2632 3768 2685; x_wconf 83' lang='grc' dir='ltr'><strong>αὐτὸν</strong></span> <span class='ocrx_word' id='word_1_326' title='bbox 3819 2629 4031 2699; x_wconf 81' lang='grc' dir='ltr'><strong>κλῆρον</strong></span> 
     </span>
    </p>
   </div>
   <div class='ocr_carea' id='block_1_46' title="bbox 767 2711 2347 2793">
    <p class='ocr_par' dir='ltr' id='par_1_46' title="bbox 767 2711 2347 2782">
     <span class='ocr_line' id='line_1_46' title="bbox 767 2711 2347 2782; baseline 0 -15"><span class='ocrx_word' id='word_1_327' title='bbox 767 2714 1076 2782; x_wconf 86' lang='lat' dir='ltr'><strong>eloquentia</strong></span> <span class='ocrx_word' id='word_1_328' title='bbox 1110 2713 1313 2781; x_wconf 85' lang='lat' dir='ltr'><strong>primas</strong></span> <span class='ocrx_word' id='word_1_329' title='bbox 1343 2722 1525 2767; x_wconf 87' lang='lat' dir='ltr'><strong>tenere</strong></span> <span class='ocrx_word' id='word_1_330' title='bbox 1555 2712 2140 2782; x_wconf 83' lang='lat' dir='ltr'><strong>Pltilippusvideretur.</strong></span> <span class='ocrx_word' id='word_1_331' title='bbox 2169 2711 2347 2768; x_wconf 81' lang='lat' dir='ltr'><strong>Sisin-</strong></span> 
     </span>
    </p>
   </div>
   <div class='ocr_carea' id='block_1_47' title="bbox 2438 2711 4033 2793">
    <p class='ocr_par' dir='ltr' id='par_1_47' title="bbox 2449 2715 4033 2793">
     <span class='ocr_line' id='line_1_47' title="bbox 2449 2715 4033 2793; baseline -0.007 -17"><span class='ocrx_word' id='word_1_332' title='bbox 2449 2723 2617 2793; x_wconf 78' lang='grc' dir='ltr'><strong>ᾶμφω</strong></span> <span class='ocrx_word' id='word_1_333' title='bbox 2643 2722 3016 2793; x_wconf 76' lang='grc' dir='ltr'><strong>πληρούντων,</strong></span> <span class='ocrx_word' id='word_1_334' title='bbox 3045 2724 3148 2776; x_wconf 75' lang='grc' dir='ltr'><strong>κάν</strong></span> <span class='ocrx_word' id='word_1_335' title='bbox 3195 2723 3377 2789; x_wconf 85' lang='grc' dir='ltr'><strong>λόγοις</strong></span> <span class='ocrx_word' id='word_1_336' title='bbox 3430 2718 3729 2791; x_wconf 79' lang='grc' dir='ltr'><strong>πρωτεύειν</strong></span> <span class='ocrx_word' id='word_1_337' title='bbox 3753 2715 4033 2769; x_wconf 62' lang='grc' dir='ltr'><strong>Φιλίππου</strong></span> 
     </span>
    </p>
   </div>
   <div class='ocr_carea' id='block_1_48' title="bbox 3136 895 3259 947">
    <p class='ocr_par' dir='ltr' id='par_1_48' title="bbox 3136 895 3259 947">
     <span class='ocr_line' id='line_1_48' title="bbox 3136 895 3259 947; baseline -0.008 0"><span class='ocrx_word' id='word_1_338' title='bbox 3136 895 3259 947; x_wconf 80' lang='lat' dir='ltr'><strong>AE&#39;.</strong></span> 
     </span>
    </p>
   </div>
   <div class='ocr_carea' id='block_1_49' title="bbox 2589 985 3870 1054">
    <p class='ocr_par' dir='ltr' id='par_1_49' title="bbox 2589 985 3870 1054">
     <span class='ocr_line' id='line_1_49' title="bbox 2589 985 3870 1054; baseline 0.002 -19"><span class='ocrx_word' id='word_1_339' title='bbox 2589 985 2891 1039; x_wconf 73' lang='grc' dir='ltr'><strong>Φιλίππου</strong></span> <span class='ocrx_word' id='word_1_340' title='bbox 2908 986 3151 1040; x_wconf 65' lang='lat' dir='ltr'><strong>risi:on</strong></span> <span class='ocrx_word' id='word_1_341' title='bbox 3180 989 3564 1054; x_wconf 79' lang='grc' dir='ltr'><strong>Χριστιανικὴ</strong></span> <span class='ocrx_word' id='word_1_342' title='bbox 3602 986 3870 1053; x_wconf 82' lang='grc' dir='ltr'><strong>Ἰστορία.</strong></span> 
     </span>
    </p>
   </div>
   <div class='ocr_carea' id='block_1_50' title="bbox 2522 1070 4017 1146">
    <p class='ocr_par' dir='ltr' id='par_1_50' title="bbox 2522 1070 4017 1146">
     <span class='ocr_line' id='line_1_50' title="bbox 2522 1070 4017 1146; baseline 0.001 -21"><span class='ocrx_word' id='word_1_343' title='bbox 2522 1074 2861 1146; x_wconf 81' lang='grc' dir='ltr'><strong>Ἀνεγνὼσοη</strong></span> <span class='ocrx_word' id='word_1_344' title='bbox 2918 1076 3124 1145; x_wconf 80' lang='grc' dir='ltr'><strong>βιϐλίον</strong></span> <span class='ocrx_word' id='word_1_345' title='bbox 3173 1078 3441 1132; x_wconf 74' lang='grc' dir='ltr'><strong>Φιλίππου</strong></span> <span class='ocrx_word' id='word_1_346' title='bbox 3479 1080 3716 1140; x_wconf 83' lang='grc' dir='ltr'><strong>Σιδὲτου,</strong></span> <span class='ocrx_word' id='word_1_347' title='bbox 3748 1070 3809 1130; x_wconf 74' lang='grc' dir='ltr'><strong>οὗ</strong></span> <span class='ocrx_word' id='word_1_348' title='bbox 3832 1078 3865 1145; x_wconf 80' lang='grc' dir='ltr'>ἡ</span> <span class='ocrx_word' id='word_1_349' title='bbox 3894 1076 4017 1128; x_wconf 66' lang='lat' dir='ltr'><strong>tm-</strong></span> 
     </span>
    </p>
   </div>
   <div class='ocr_carea' id='block_1_51' title="bbox 769 2805 2347 2875">
    <p class='ocr_par' dir='ltr' id='par_1_51' title="bbox 769 2805 2347 2875">
     <span class='ocr_line' id='line_1_51' title="bbox 769 2805 2347 2875; baseline 0.002 -15"><span class='ocrx_word' id='word_1_350' title='bbox 769 2807 891 2860; x_wconf 88' lang='lat' dir='ltr'><strong>nius</strong></span> <span class='ocrx_word' id='word_1_351' title='bbox 944 2806 1203 2859; x_wconf 87' lang='lat' dir='ltr'><strong>tamenin</strong></span> <span class='ocrx_word' id='word_1_352' title='bbox 1256 2805 1671 2875; x_wconf 85' lang='lat' dir='ltr'><strong>patriarchaletu</strong></span> <span class='ocrx_word' id='word_1_353' title='bbox 1717 2806 1900 2861; x_wconf 89' lang='lat' dir='ltr'><strong>sedem</strong></span> <span class='ocrx_word' id='word_1_354' title='bbox 1936 2805 2048 2875; x_wconf 78' lang='lat'><strong>(53)</strong></span> <span class='ocrx_word' id='word_1_355' title='bbox 2091 2805 2347 2874; x_wconf 75' lang='lat' dir='ltr'><strong>pradatus</strong></span> 
     </span>
    </p>
   </div>
   <div class='ocr_carea' id='block_1_52' title="bbox 768 2894 1101 2963">
    <p class='ocr_par' dir='ltr' id='par_1_52' title="bbox 768 2894 1101 2963">
     <span class='ocr_line' id='line_1_52' title="bbox 768 2894 1101 2963; baseline 0 -15"><span class='ocrx_word' id='word_1_356' title='bbox 768 2894 934 2949; x_wconf 81' lang='lat' dir='ltr'><strong>fuerit</strong></span> <span class='ocrx_word' id='word_1_357' title='bbox 961 2894 1101 2963; x_wconf 67' lang='lat'><strong>(54).</strong></span> 
     </span>
    </p>
   </div>
   <div class='ocr_carea' id='block_1_53' title="bbox 1434 3006 1675 3063">
    <p class='ocr_par' dir='ltr' id='par_1_53' title="bbox 1434 3006 1675 3063">
     <span class='ocr_line' id='line_1_53' title="bbox 1434 3006 1675 3063; baseline 0.012 -3"><span class='ocrx_word' id='word_1_358' title='bbox 1434 3006 1675 3063; x_wconf 73' lang='lat' dir='ltr'><strong>XXXVI.</strong></span> 
     </span>
    </p>
   </div>
   <div class='ocr_carea' id='block_1_54' title="bbox 2449 2806 4032 2884">
    <p class='ocr_par' dir='ltr' id='par_1_54' title="bbox 2449 2806 4032 2884">
     <span class='ocr_line' id='line_1_54' title="bbox 2449 2806 4032 2884; baseline -0.006 -17"><span class='ocrx_word' id='word_1_359' title='bbox 2449 2814 2754 2877; x_wconf 82' lang='grc' dir='ltr'><strong>δοκοῦντος,</strong></span> <span class='ocrx_word' id='word_1_360' title='bbox 2816 2815 3101 2877; x_wconf 80' lang='grc' dir='ltr'><strong>Σισίννιος,</strong></span> <span class='ocrx_word' id='word_1_361' title='bbox 3155 2816 3342 2884; x_wconf 68' lang='grc' dir='ltr'><strong>φασιν,</strong></span> <span class='ocrx_word' id='word_1_362' title='bbox 3395 2814 3477 2876; x_wconf 90' lang='grc' dir='ltr'><strong>εἱς</strong></span> <span class='ocrx_word' id='word_1_363' title='bbox 3511 2810 3605 2865; x_wconf 78' lang='grc' dir='ltr'><strong>τὸν</strong></span> <span class='ocrx_word' id='word_1_364' title='bbox 3636 2806 4032 2881; x_wconf 65' lang='grc' dir='ltr'><strong>ἀρχιερατικὴν</strong></span> 
     </span>
    </p>
   </div>
   <div class='ocr_carea' id='block_1_55' title="bbox 2451 2904 3056 2976">
    <p class='ocr_par' dir='ltr' id='par_1_55' title="bbox 2451 2904 3056 2976">
     <span class='ocr_line' id='line_1_55' title="bbox 2451 2904 3056 2976; baseline 0.003 -17"><span class='ocrx_word' id='word_1_365' title='bbox 2451 2905 2641 2976; x_wconf 83' lang='grc' dir='ltr'><strong>θρόνον</strong></span> <span class='ocrx_word' id='word_1_366' title='bbox 2670 2904 2972 2969; x_wconf 72' lang='grc' dir='ltr'><strong>ἐξείλεκται</strong></span> <span class='ocrx_word' id='word_1_367' title='bbox 2987 2905 3056 2961; x_wconf 74' lang='grc'><strong>⁸⁸.</strong></span> 
     </span>
    </p>
   </div>
   <div class='ocr_carea' id='block_1_56' title="bbox 3131 3016 3275 3086">
    <p class='ocr_par' dir='ltr' id='par_1_56' title="bbox 3131 3016 3275 3086">
     <span class='ocr_line' id='line_1_56' title="bbox 3131 3016 3275 3086; baseline 0.014 -15"><span class='ocrx_word' id='word_1_368' title='bbox 3131 3016 3275 3086; x_wconf 71' lang='lat' dir='ltr'><strong>iter.</strong></span> 
     </span>
    </p>
   </div>
   <div class='ocr_carea' id='block_1_57' title="bbox 769 3074 2347 3178">
    <p class='ocr_par' dir='ltr' id='par_1_57' title="bbox 769 3098 2341 3168">
     <span class='ocr_line' id='line_1_57' title="bbox 769 3098 2341 3168; baseline 0 -14"><span class='ocrx_word' id='word_1_369' title='bbox 769 3098 1193 3154; x_wconf 73' lang='lat' dir='ltr'><strong>Christianorum</strong></span> <span class='ocrx_word' id='word_1_370' title='bbox 1224 3099 1373 3161; x_wconf 74' lang='lat' dir='ltr'><strong>liber,</strong></span> <span class='ocrx_word' id='word_1_371' title='bbox 1407 3098 1722 3153; x_wconf 75' lang='lat' dir='ltr'><strong>Octateuclti</strong></span> <span class='ocrx_word' id='word_1_372' title='bbox 1761 3100 2017 3168; x_wconf 70' lang='lat' dir='ltr'><strong>expositio</strong></span> <span class='ocrx_word' id='word_1_373' title='bbox 2064 3099 2212 3154; x_wconf 87' lang='lat' dir='ltr'><strong>libris</strong></span> <span class='ocrx_word' id='word_1_374' title='bbox 2240 3112 2341 3154; x_wconf 81' lang='lat' dir='ltr'><strong>xu.</strong></span> 
     </span>
    </p>
   </div>
   <div class='ocr_carea' id='block_1_58' title="bbox 2438 3074 4037 3178">
    <p class='ocr_par' dir='ltr' id='par_1_58' title="bbox 2450 3074 4037 3178">
     <span class='ocr_line' id='line_1_58' title="bbox 2450 3074 4037 3178; baseline -0.001 -16"><span class='ocrx_word' id='word_1_375' title='bbox 2450 3106 2713 3171; x_wconf 74' lang='grc' dir='ltr'><strong>Βιϐλίον,</strong></span> <span class='ocrx_word' id='word_1_376' title='bbox 2739 3100 2813 3161; x_wconf 84' lang='grc' dir='ltr'><strong>οὗ</strong></span> <span class='ocrx_word' id='word_1_377' title='bbox 2841 3107 3162 3178; x_wconf 71' lang='grc' dir='ltr'><strong>ἐπιγραφὴ,</strong></span> <span class='ocrx_word' id='word_1_378' title='bbox 3193 3074 3565 3177; x_wconf 49' lang='grc' dir='ltr'><strong>ἀριστωγῶν</strong></span> <span class='ocrx_word' id='word_1_379' title='bbox 3581 3108 3821 3173; x_wconf 71' lang='grc' dir='ltr'><strong>βίϐλος,</strong></span> <span class='ocrx_word' id='word_1_380' title='bbox 3847 3105 4037 3175; x_wconf 66' lang='grc' dir='ltr'><strong>ὀρμη-</strong></span> 
     </span>
    </p>
   </div>
   <div class='ocr_carea' id='block_1_59' title="bbox 849 3269 2342 3339">
    <p class='ocr_par' dir='ltr' id='par_1_59' title="bbox 849 3269 2342 3339">
     <span class='ocr_line' id='line_1_59' title="bbox 849 3269 2342 3339; baseline -0.001 -14"><span class='ocrx_word' id='word_1_381' title='bbox 849 3269 1045 3325; x_wconf 82' lang='lat' dir='ltr'><strong>Lectus</strong></span> <span class='ocrx_word' id='word_1_382' title='bbox 1090 3271 1226 3325; x_wconf 90' lang='lat' dir='ltr'><strong>liber</strong></span> <span class='ocrx_word' id='word_1_383' title='bbox 1264 3281 1369 3334; x_wconf 85' lang='lat' dir='ltr'><strong>est,</strong></span> <span class='ocrx_word' id='word_1_384' title='bbox 1421 3271 1511 3339; x_wconf 90' lang='lat' dir='ltr'><strong>qui</strong></span> <span class='ocrx_word' id='word_1_385' title='bbox 1543 3271 1861 3325; x_wconf 83' lang='lat' dir='ltr'><strong>inscribitur</strong></span> <span class='ocrx_word' id='word_1_386' title='bbox 1920 3272 2342 3326; x_wconf 79' lang='lat' dir='ltr'><strong>Christianarum</strong></span> 
     </span>
    </p>
   </div>
   <div class='ocr_carea' id='block_1_60' title="bbox 775 3362 2345 3432">
    <p class='ocr_par' dir='ltr' id='par_1_60' title="bbox 775 3362 2345 3432">
     <span class='ocr_line' id='line_1_60' title="bbox 775 3362 2345 3432; baseline 0.002 -16"><span class='ocrx_word' id='word_1_387' title='bbox 775 3362 947 3426; x_wconf 82' lang='lat' dir='ltr'><strong>Liber,</strong></span> <span class='ocrx_word' id='word_1_388' title='bbox 996 3363 1310 3416; x_wconf 85' lang='lat' dir='ltr'><strong>Octateuclti</strong></span> <span class='ocrx_word' id='word_1_389' title='bbox 1358 3364 1638 3431; x_wconf 74' lang='lat' dir='ltr'><strong>expositio.</strong></span> <span class='ocrx_word' id='word_1_390' title='bbox 1690 3363 1967 3432; x_wconf 84' lang='lat' dir='ltr'><strong>Pamphilo</strong></span> <span class='ocrx_word' id='word_1_391' title='bbox 2008 3365 2218 3418; x_wconf 87' lang='lat' dir='ltr'><strong>cuidam</strong></span> <span class='ocrx_word' id='word_1_392' title='bbox 2254 3366 2345 3419; x_wconf 87' lang='lat' dir='ltr'><strong>de-</strong></span> 
     </span>
    </p>
   </div>
   <div class='ocr_carea' id='block_1_61' title="bbox 770 3453 2345 3524">
    <p class='ocr_par' dir='ltr' id='par_1_61' title="bbox 770 3453 2345 3524">
     <span class='ocr_line' id='line_1_61' title="bbox 770 3453 2345 3524; baseline 0.001 -18"><span class='ocrx_word' id='word_1_393' title='bbox 770 3456 971 3509; x_wconf 86' lang='lat' dir='ltr'><strong>dicavit</strong></span> <span class='ocrx_word' id='word_1_394' title='bbox 996 3468 1122 3508; x_wconf 90' lang='lat' dir='ltr'><strong>eum</strong></span> <span class='ocrx_word' id='word_1_395' title='bbox 1161 3463 1373 3522; x_wconf 87' lang='lat' dir='ltr'><strong>auctor,</strong></span> <span class='ocrx_word' id='word_1_396' title='bbox 1415 3455 1507 3524; x_wconf 92' lang='lat' dir='ltr'><strong>qui</strong></span> <span class='ocrx_word' id='word_1_397' title='bbox 1565 3453 1763 3509; x_wconf 73' lang='lat' dir='ltr'><strong>.lustini</strong></span> <span class='ocrx_word' id='word_1_398' title='bbox 1817 3456 2180 3510; x_wconf 80' lang='lat' dir='ltr'><strong>Romanorum</strong></span> <span class='ocrx_word' id='word_1_399' title='bbox 2244 3456 2345 3509; x_wconf 85' lang='lat' dir='ltr'><strong>itu-</strong></span> 
     </span>
    </p>
   </div>
   <div class='ocr_carea' id='block_1_62' title="bbox 2807 3178 3668 3246">
    <p class='ocr_par' dir='ltr' id='par_1_62' title="bbox 2807 3178 3668 3246">
     <span class='ocr_line' id='line_1_62' title="bbox 2807 3178 3668 3246; baseline -0.002 -13"><span class='ocrx_word' id='word_1_400' title='bbox 2807 3181 2941 3233; x_wconf 78' lang='grc' dir='ltr'><strong>νεία</strong></span> <span class='ocrx_word' id='word_1_401' title='bbox 2983 3182 3070 3245; x_wconf 85' lang='grc' dir='ltr'><strong>εἱς</strong></span> <span class='ocrx_word' id='word_1_402' title='bbox 3094 3178 3212 3245; x_wconf 81' lang='grc' dir='ltr'><strong>τὴν</strong></span> <span class='ocrx_word' id='word_1_403' title='bbox 3252 3179 3668 3246; x_wconf 77' lang='grc' dir='ltr'><strong>ὀκτιίτευχον.</strong></span> 
     </span>
    </p>
   </div>
   <div class='ocr_carea' id='block_1_63' title="bbox 2535 3262 4035 3341">
    <p class='ocr_par' dir='ltr' id='par_1_63' title="bbox 2535 3262 4035 3341">
     <span class='ocr_line' id='line_1_63' title="bbox 2535 3262 4035 3341; baseline -0.005 -16"><span class='ocrx_word' id='word_1_404' title='bbox 2535 3270 2870 3341; x_wconf 78' lang='grc' dir='ltr'><strong>’Δνεγνώσθη</strong></span> <span class='ocrx_word' id='word_1_405' title='bbox 2898 3268 3121 3339; x_wconf 75' lang='grc' dir='ltr'><strong>βιϐλίον,</strong></span> <span class='ocrx_word' id='word_1_406' title='bbox 3150 3262 3211 3321; x_wconf 74' lang='grc' dir='ltr'><strong>οὗ</strong></span> <span class='ocrx_word' id='word_1_407' title='bbox 3235 3270 3268 3337; x_wconf 80' lang='grc' dir='ltr'>ἡ</span> <span class='ocrx_word' id='word_1_408' title='bbox 3296 3268 3579 3337; x_wconf 74' lang='grc' dir='ltr'><strong>ἐπιγραφὴ</strong></span> <span class='ocrx_word' id='word_1_409' title='bbox 3610 3265 4035 3334; x_wconf 75' lang='grc' dir='ltr'><strong>Χριστιανοῦ⁸⁸</strong></span> 
     </span>
    </p>
   </div>
   <div class='ocr_carea' id='block_1_64' title="bbox 2414 3357 4035 3431">
    <p class='ocr_par' dir='ltr' id='par_1_64' title="bbox 2414 3357 4035 3431">
     <span class='ocr_line' id='line_1_64' title="bbox 2414 3357 4035 3431; baseline -0.005 -15"><span class='ocrx_word' id='word_1_410' title='bbox 2414 3364 2682 3428; x_wconf 64' lang='lat' dir='ltr'><strong>&quot;,8t&#39;610c,</strong></span> <span class='ocrx_word' id='word_1_411' title='bbox 2701 3360 2983 3431; x_wconf 75' lang='grc' dir='ltr'><strong>ἑρμηνεία</strong></span> <span class='ocrx_word' id='word_1_412' title='bbox 3002 3362 3089 3422; x_wconf 82' lang='grc' dir='ltr'><strong>είς</strong></span> <span class='ocrx_word' id='word_1_413' title='bbox 3116 3357 3645 3426; x_wconf 72' lang='grc' dir='ltr'><strong>τὴν-Ὀκτὰτευχονν</strong></span> <span class='ocrx_word' id='word_1_414' title='bbox 3677 3357 3949 3427; x_wconf 72' lang='grc' dir='ltr'><strong>Παμφίλῳ</strong></span> <span class='ocrx_word' id='word_1_415' title='bbox 3975 3358 4035 3409; x_wconf 76' lang='grc' dir='ltr'><strong>δὲ</strong></span> 
     </span>
    </p>
   </div>
   <div class='ocr_carea' id='block_1_65' title="bbox 2451 3447 4036 3525">
    <p class='ocr_par' dir='ltr' id='par_1_65' title="bbox 2451 3447 4036 3525">
     <span class='ocr_line' id='line_1_65' title="bbox 2451 3447 4036 3525; baseline -0.004 -16"><span class='ocrx_word' id='word_1_416' title='bbox 2451 3474 2558 3509; x_wconf 89' lang='grc' dir='ltr'><strong>τινι</strong></span> <span class='ocrx_word' id='word_1_417' title='bbox 2615 3455 2930 3525; x_wconf 75' lang='grc' dir='ltr'><strong>προσφωνεί</strong></span> <span class='ocrx_word' id='word_1_418' title='bbox 2958 3452 3018 3505; x_wconf 75' lang='grc' dir='ltr'><strong>τὸ</strong></span> <span class='ocrx_word' id='word_1_419' title='bbox 3048 3450 3273 3522; x_wconf 72' lang='grc' dir='ltr'><strong>βιϐλίον.</strong></span> <span class='ocrx_word' id='word_1_420' title='bbox 3332 3447 3443 3503; x_wconf 82' lang='grc' dir='ltr'><strong>Ἶιν</strong></span> <span class='ocrx_word' id='word_1_421' title='bbox 3466 3450 3525 3503; x_wconf 68' lang='grc' dir='ltr'><strong>δὲ</strong></span> <span class='ocrx_word' id='word_1_422' title='bbox 3546 3452 3666 3513; x_wconf 80' lang='grc' dir='ltr'><strong>ταῖς</strong></span> <span class='ocrx_word' id='word_1_423' title='bbox 3738 3449 4036 3502; x_wconf 87' lang='grc' dir='ltr'><strong>ἰουστίνου</strong></span> 
     </span>
    </p>
   </div>
   <div class='ocr_carea' id='block_1_66' title="bbox 2011 3623 2695 3682">
    <p class='ocr_par' dir='ltr' id='par_1_66' title="bbox 2011 3623 2695 3682">
     <span class='ocr_line' id='line_1_66' title="bbox 2011 3623 2695 3682; baseline 0.003 -2"><span class='ocrx_word' id='word_1_424' title='bbox 2011 3623 2246 3680; x_wconf 65' lang='grc' dir='ltr'><strong>ΫΑίὶΙιΕ</strong></span> <span class='ocrx_word' id='word_1_425' title='bbox 2286 3624 2576 3681; x_wconf 73' lang='lat' dir='ltr'><strong>LECTION‘</strong></span> <span class='ocrx_word' id='word_1_426' title='bbox 2585 3624 2695 3682; x_wconf 87' lang='lat' dir='ltr'><strong>ES.</strong></span> 
     </span>
    </p>
   </div>
   <div class='ocr_carea' id='block_1_67' title="bbox 842 3715 3150 3787">
    <p class='ocr_par' dir='ltr' id='par_1_67' title="bbox 842 3715 3150 3787">
     <span class='ocr_line' id='line_1_67' title="bbox 842 3715 3150 3787; baseline 0.002 -19"><span class='ocrx_word' id='word_1_427' title='bbox 842 3715 886 3748; x_wconf 82' lang='lat'><strong>&quot;</strong></span> <span class='ocrx_word' id='word_1_428' title='bbox 913 3716 1003 3769; x_wconf 77' lang='grc' dir='ltr'><strong>τὸν</strong></span> <span class='ocrx_word' id='word_1_429' title='bbox 1024 3718 1253 3786; x_wconf 82' lang='grc' dir='ltr'><strong>οὐρανὸν</strong></span> <span class='ocrx_word' id='word_1_430' title='bbox 1282 3718 1378 3771; x_wconf 74' lang='grc' dir='ltr'><strong>καὶ</strong></span> <span class='ocrx_word' id='word_1_431' title='bbox 1408 3717 1509 3785; x_wconf 79' lang='grc' dir='ltr'><strong>τὴν</strong></span> <span class='ocrx_word' id='word_1_432' title='bbox 1535 3717 1638 3787; x_wconf 83' lang='grc' dir='ltr'><strong>γῆν</strong></span> <span class='ocrx_word' id='word_1_433' title='bbox 1666 3731 1776 3772; x_wconf 91' lang='lat' dir='ltr'><strong>om.</strong></span> <span class='ocrx_word' id='word_1_434' title='bbox 1822 3718 1891 3771; x_wconf 84' lang='grc' dir='ltr'><strong>Α.</strong></span> <span class='ocrx_word' id='word_1_435' title='bbox 1964 3716 2257 3787; x_wconf 78' lang='grc' dir='ltr'><strong>⁸¹περιὲχει</strong></span> <span class='ocrx_word' id='word_1_436' title='bbox 2295 3717 2485 3786; x_wconf 89' lang='grc' dir='ltr'><strong>λόγους</strong></span> <span class='ocrx_word' id='word_1_437' title='bbox 2508 3735 2570 3781; x_wconf 87' lang='grc' dir='ltr'><strong>ς.</strong></span> <span class='ocrx_word' id='word_1_438' title='bbox 2630 3718 2676 3749; x_wconf 77' lang='grc'><strong>⁸³</strong></span> <span class='ocrx_word' id='word_1_439' title='bbox 2702 3715 3055 3787; x_wconf 69' lang='grc' dir='ltr'><strong>παρεντεθεὶς</strong></span> <span class='ocrx_word' id='word_1_440' title='bbox 3088 3734 3150 3780; x_wconf 83' lang='grc' dir='ltr'><strong>ς.</strong></span> 
     </span>
    </p>
   </div>
   <div class='ocr_carea' id='block_1_68' title="bbox 3252 3712 4037 3786">
    <p class='ocr_par' dir='ltr' id='par_1_68' title="bbox 3252 3712 4037 3786">
     <span class='ocr_line' id='line_1_68' title="bbox 3252 3712 4037 3786; baseline 0 -18"><span class='ocrx_word' id='word_1_441' title='bbox 3252 3716 3296 3747; x_wconf 76' lang='grc'><strong>⁸⁸</strong></span> <span class='ocrx_word' id='word_1_442' title='bbox 3316 3714 3663 3785; x_wconf 77' lang='grc' dir='ltr'><strong>ὲξελήλεκται</strong></span> <span class='ocrx_word' id='word_1_443' title='bbox 3693 3716 3736 3768; x_wconf 77' lang='grc' dir='ltr'><strong>Δ</strong></span> <span class='ocrx_word' id='word_1_444' title='bbox 3833 3712 3880 3745; x_wconf 83' lang='grc'><strong>⁸⁸</strong></span> <span class='ocrx_word' id='word_1_445' title='bbox 3907 3734 4037 3786; x_wconf 79' lang='grc' dir='ltr'><strong>χρι-</strong></span> 
     </span>
    </p>
   </div>
   <div class='ocr_carea' id='block_1_69' title="bbox 775 3786 4039 3856">
    <p class='ocr_par' dir='ltr' id='par_1_69' title="bbox 775 3786 4039 3856">
     <span class='ocr_line' id='line_1_69' title="bbox 775 3786 4039 3856; baseline 0 -19"><span class='ocrx_word' id='word_1_446' title='bbox 775 3788 1005 3839; x_wconf 81' lang='grc' dir='ltr'><strong>στιανῶν</strong></span> <span class='ocrx_word' id='word_1_447' title='bbox 1032 3806 1095 3851; x_wconf 84' lang='grc' dir='ltr'><strong>ς.</strong></span> <span class='ocrx_word' id='word_1_448' title='bbox 1134 3803 1255 3840; x_wconf 91' lang='lat' dir='ltr'><strong>eum</strong></span> <span class='ocrx_word' id='word_1_449' title='bbox 1285 3788 1479 3839; x_wconf 89' lang='lat' dir='ltr'><strong>librum</strong></span> <span class='ocrx_word' id='word_1_450' title='bbox 1510 3788 1579 3841; x_wconf 91' lang='lat' dir='ltr'><strong>ab</strong></span> <span class='ocrx_word' id='word_1_451' title='bbox 1598 3786 1807 3840; x_wconf 31' lang='lat' dir='ltr'><strong>’Allatio</strong></span> <span class='ocrx_word' id='word_1_452' title='bbox 1838 3802 2054 3855; x_wconf 91' lang='lat' dir='ltr'><strong>quoque</strong></span> <span class='ocrx_word' id='word_1_453' title='bbox 2082 3786 2366 3856; x_wconf 61' lang='lat' dir='ltr'><strong>Christin</strong></span> <span class='ocrx_word' id='word_1_454' title='bbox 2394 3789 2604 3841; x_wconf 72' lang='lat' dir='ltr'><strong>cuidam</strong></span> <span class='ocrx_word' id='word_1_455' title='bbox 2632 3804 2678 3841; x_wconf 90' lang='lat' dir='ltr'><strong>s.</strong></span> <span class='ocrx_word' id='word_1_456' title='bbox 2701 3786 2979 3856; x_wconf 76' lang='lat' dir='ltr'><strong>Cltristino</strong></span> <span class='ocrx_word' id='word_1_457' title='bbox 3008 3786 3195 3840; x_wconf 86' lang='lat' dir='ltr'><strong>datum</strong></span> <span class='ocrx_word' id='word_1_458' title='bbox 3242 3801 3389 3840; x_wconf 90' lang='lat' dir='ltr'><strong>nunc</strong></span> <span class='ocrx_word' id='word_1_459' title='bbox 3422 3786 3644 3840; x_wconf 91' lang='lat' dir='ltr'><strong>inscribi</strong></span> <span class='ocrx_word' id='word_1_460' title='bbox 3687 3786 3884 3855; x_wconf 75' lang='grc' dir='ltr'><strong>Κοσμᾶ</strong></span> <span class='ocrx_word' id='word_1_461' title='bbox 3909 3804 4039 3856; x_wconf 84' lang='grc' dir='ltr'><strong>χρι-</strong></span> 
     </span>
    </p>
   </div>
   <div class='ocr_carea' id='block_1_70' title="bbox 775 3853 2995 3927">
    <p class='ocr_par' dir='ltr' id='par_1_70' title="bbox 775 3853 2995 3927">
     <span class='ocr_line' id='line_1_70' title="bbox 775 3853 2995 3927; baseline 0.001 -20"><span class='ocrx_word' id='word_1_462' title='bbox 775 3856 1058 3927; x_wconf 82' lang='grc' dir='ltr'><strong>στιανικὴν</strong></span> <span class='ocrx_word' id='word_1_463' title='bbox 1084 3856 1486 3927; x_wconf 80' lang='grc' dir='ltr'><strong>τοπογραφίαν.</strong></span> <span class='ocrx_word' id='word_1_464' title='bbox 1524 3853 2024 3911; x_wconf 75' lang='lat' dir='ltr'><strong>moneLFabricius</strong></span> <span class='ocrx_word' id='word_1_465' title='bbox 2087 3855 2149 3910; x_wconf 83' lang='grc' dir='ltr'><strong>Β.</strong></span> <span class='ocrx_word' id='word_1_466' title='bbox 2178 3853 2273 3911; x_wconf 86' lang='lat' dir='ltr'><strong>Gr.</strong></span> <span class='ocrx_word' id='word_1_467' title='bbox 2303 3866 2344 3911; x_wconf 90' lang='lat' dir='ltr'><strong>l.</strong></span> <span class='ocrx_word' id='word_1_468' title='bbox 2370 3857 2424 3921; x_wconf 74' lang='grc'><strong>4,</strong></span> <span class='ocrx_word' id='word_1_469' title='bbox 2454 3857 2632 3927; x_wconf 66' lang='lat' dir='ltr'><strong>p.345</strong></span> <span class='ocrx_word' id='word_1_470' title='bbox 2657 3860 2744 3911; x_wconf 92' lang='lat' dir='ltr'><strong>ed.</strong></span> <span class='ocrx_word' id='word_1_471' title='bbox 2782 3855 2995 3910; x_wconf 88' lang='lat' dir='ltr'><strong>Harles.</strong></span> 
     </span>
    </p>
   </div>
   <div class='ocr_carea' id='block_1_71' title="bbox 2265 3990 2493 4050">
    <p class='ocr_par' dir='ltr' id='par_1_71' title="bbox 2265 3990 2493 4050">
     <span class='ocr_line' id='line_1_71' title="bbox 2265 3990 2493 4050; baseline 0.022 -5"><span class='ocrx_word' id='word_1_472' title='bbox 2265 3990 2493 4050; x_wconf 66' lang='grc' dir='ltr'><strong>ΝΟΤΛΕ.</strong></span> 
     </span>
    </p>
   </div>
   <div class='ocr_carea' id='block_1_72' title="bbox 846 4120 4034 4196">
    <p class='ocr_par' dir='ltr' id='par_1_72' title="bbox 846 4120 4034 4196">
     <span class='ocr_line' id='line_1_72' title="bbox 846 4120 4034 4196; baseline -0.001 -21"><span class='ocrx_word' id='word_1_473' title='bbox 846 4122 1061 4196; x_wconf 34' lang='lat'><strong>(48-439)</strong></span> <span class='ocrx_word' id='word_1_474' title='bbox 1091 4120 1226 4196; x_wconf 80' lang='lat' dir='ltr'><strong>Nam</strong></span> <span class='ocrx_word' id='word_1_475' title='bbox 1266 4121 1333 4176; x_wconf 78' lang='lat'><strong>37</strong></span> <span class='ocrx_word' id='word_1_476' title='bbox 1370 4121 1603 4177; x_wconf 86' lang='lat' dir='ltr'><strong>edidisse</strong></span> <span class='ocrx_word' id='word_1_477' title='bbox 1647 4131 1839 4178; x_wconf 88' lang='lat' dir='ltr'><strong>auctor</strong></span> <span class='ocrx_word' id='word_1_478' title='bbox 1866 4133 1950 4178; x_wconf 86' lang='lat' dir='ltr'><strong>est</strong></span> <span class='ocrx_word' id='word_1_479' title='bbox 1978 4121 2255 4185; x_wconf 86' lang='lat' dir='ltr'><strong>Socrates,</strong></span> <span class='ocrx_word' id='word_1_480' title='bbox 2294 4130 2351 4177; x_wconf 92' lang='lat' dir='ltr'><strong>et</strong></span> <span class='ocrx_word' id='word_1_481' title='bbox 2448 4135 2758 4196; x_wconf 75' lang='lat' dir='ltr'><strong>gumentttm</strong></span> <span class='ocrx_word' id='word_1_482' title='bbox 2792 4124 2952 4177; x_wconf 88' lang='lat' dir='ltr'><strong>etiam</strong></span> <span class='ocrx_word' id='word_1_483' title='bbox 2983 4122 3245 4196; x_wconf 81' lang='lat' dir='ltr'><strong>cujusque</strong></span> <span class='ocrx_word' id='word_1_484' title='bbox 3296 4124 3428 4196; x_wconf 89' lang='lat' dir='ltr'><strong>tomi</strong></span> <span class='ocrx_word' id='word_1_485' title='bbox 3459 4131 3664 4196; x_wconf 87' lang='lat' dir='ltr'><strong>tomum</strong></span> <span class='ocrx_word' id='word_1_486' title='bbox 3707 4126 3879 4190; x_wconf 87' lang='lat' dir='ltr'><strong>ipsmn</strong></span> <span class='ocrx_word' id='word_1_487' title='bbox 3931 4127 4034 4196; x_wconf 79' lang='lat' dir='ltr'><strong>atl—</strong></span> 
     </span>
    </p>
   </div>
   <div class='ocr_carea' id='block_1_73' title="bbox 773 4192 1213 4263">
    <p class='ocr_par' dir='ltr' id='par_1_73' title="bbox 773 4192 1213 4263">
     <span class='ocr_line' id='line_1_73' title="bbox 773 4192 1213 4263; baseline -0.007 -14"><span class='ocrx_word' id='word_1_488' title='bbox 773 4208 837 4249; x_wconf 80' lang='lat' dir='ltr'><strong>ex</strong></span> <span class='ocrx_word' id='word_1_489' title='bbox 860 4192 958 4246; x_wconf 87' lang='lat' dir='ltr'><strong>illo</strong></span> <span class='ocrx_word' id='word_1_490' title='bbox 987 4192 1213 4263; x_wconf 79' lang='lat' dir='ltr'><strong>Niceph.</strong></span> 
     </span>
    </p>
   </div>
   <div class='ocr_carea' id='block_1_74' title="bbox 848 4259 2350 4333">
    <p class='ocr_par' dir='ltr' id='par_1_74' title="bbox 848 4259 2350 4333">
     <span class='ocr_line' id='line_1_74' title="bbox 848 4259 2350 4333; baseline -0.001 -17"><span class='ocrx_word' id='word_1_491' title='bbox 848 4264 958 4333; x_wconf 83' lang='lat'><strong>(50)</strong></span> <span class='ocrx_word' id='word_1_492' title='bbox 983 4259 1351 4333; x_wconf 57' lang='lat' dir='ltr'><strong>Cum’quibus,</strong></span> <span class='ocrx_word' id='word_1_493' title='bbox 1385 4270 1445 4315; x_wconf 93' lang='lat' dir='ltr'><strong>ut</strong></span> <span class='ocrx_word' id='word_1_494' title='bbox 1496 4269 1552 4315; x_wconf 93' lang='lat' dir='ltr'><strong>et</strong></span> <span class='ocrx_word' id='word_1_495' title='bbox 1610 4276 1733 4333; x_wconf 90' lang='lat' dir='ltr'><strong>cum</strong></span> <span class='ocrx_word' id='word_1_496' title='bbox 1782 4260 2056 4333; x_wconf 79' lang='lat' dir='ltr'><strong>Nestorio,</strong></span> <span class='ocrx_word' id='word_1_497' title='bbox 2094 4259 2174 4333; x_wconf 64' lang='lat' dir='ltr'><strong>de</strong></span> <span class='ocrx_word' id='word_1_498' title='bbox 2220 4260 2350 4315; x_wconf 90' lang='lat' dir='ltr'><strong>sede</strong></span> 
     </span>
    </p>
   </div>
   <div class='ocr_carea' id='block_1_75' title="bbox 771 4328 2346 4399">
    <p class='ocr_par' dir='ltr' id='par_1_75' title="bbox 771 4328 2346 4399">
     <span class='ocr_line' id='line_1_75' title="bbox 771 4328 2346 4399; baseline -0.002 -11"><span class='ocrx_word' id='word_1_499' title='bbox 771 4328 1369 4399; x_wconf 78' lang='lat' dir='ltr'><strong>Constantinopolitana</strong></span> <span class='ocrx_word' id='word_1_500' title='bbox 1414 4332 1707 4387; x_wconf 90' lang='lat' dir='ltr'><strong>contendit.</strong></span> <span class='ocrx_word' id='word_1_501' title='bbox 1772 4332 2037 4386; x_wconf 79' lang='lat' dir='ltr'><strong>Auctores</strong></span> <span class='ocrx_word' id='word_1_502' title='bbox 2090 4328 2346 4385; x_wconf 85' lang='lat' dir='ltr'><strong>Socrates</strong></span> 
     </span>
    </p>
   </div>
   <div class='ocr_carea' id='block_1_76' title="bbox 771 4403 1203 4470">
    <p class='ocr_par' dir='ltr' id='par_1_76' title="bbox 771 4403 1203 4470">
     <span class='ocr_line' id='line_1_76' title="bbox 771 4403 1203 4470; baseline -0.007 -12"><span class='ocrx_word' id='word_1_503' title='bbox 771 4414 827 4459; x_wconf 91' lang='lat' dir='ltr'><strong>et</strong></span> <span class='ocrx_word' id='word_1_504' title='bbox 850 4403 1203 4470; x_wconf 74' lang='lat' dir='ltr'><strong>Nic-ephorus.</strong></span> 
     </span>
    </p>
   </div>
   <div class='ocr_carea' id='block_1_77' title="bbox 844 4470 2345 4541">
    <p class='ocr_par' dir='ltr' id='par_1_77' title="bbox 844 4470 2345 4541">
     <span class='ocr_line' id='line_1_77' title="bbox 844 4470 2345 4541; baseline -0.002 -15"><span class='ocrx_word' id='word_1_505' title='bbox 844 4472 955 4541; x_wconf 75' lang='lat' dir='ltr'><strong>(Eii)</strong></span> <span class='ocrx_word' id='word_1_506' title='bbox 988 4473 1096 4525; x_wconf 88' lang='lat' dir='ltr'><strong>Iino</strong></span> <span class='ocrx_word' id='word_1_507' title='bbox 1128 4480 1183 4524; x_wconf 90' lang='lat' dir='ltr'><strong>et</strong></span> <span class='ocrx_word' id='word_1_508' title='bbox 1206 4471 1488 4541; x_wconf 84' lang='lat' dir='ltr'><strong>episcopos</strong></span> <span class='ocrx_word' id='word_1_509' title='bbox 1512 4470 2015 4541; x_wconf 77' lang='lat' dir='ltr'><strong>quiordinassent,</strong></span> <span class='ocrx_word' id='word_1_510' title='bbox 2035 4478 2115 4541; x_wconf 73' lang='lat' dir='ltr'><strong>et</strong></span> <span class='ocrx_word' id='word_1_511' title='bbox 2173 4483 2345 4539; x_wconf 86' lang='lat' dir='ltr'><strong>popu-</strong></span> 
     </span>
    </p>
   </div>
   <div class='ocr_carea' id='block_1_78' title="bbox 772 4538 2116 4609">
    <p class='ocr_par' dir='ltr' id='par_1_78' title="bbox 772 4538 2116 4609">
     <span class='ocr_line' id='line_1_78' title="bbox 772 4538 2116 4609; baseline -0.003 -12"><span class='ocrx_word' id='word_1_512' title='bbox 772 4538 883 4597; x_wconf 90' lang='lat' dir='ltr'><strong>lum</strong></span> <span class='ocrx_word' id='word_1_513' title='bbox 927 4538 1017 4609; x_wconf 85' lang='lat' dir='ltr'><strong>qui</strong></span> <span class='ocrx_word' id='word_1_514' title='bbox 1048 4538 1321 4607; x_wconf 75' lang='lat' dir='ltr'><strong>elegisset.</strong></span> <span class='ocrx_word' id='word_1_515' title='bbox 1356 4539 1570 4593; x_wconf 83' lang='lat' dir='ltr'><strong>Socrat.</strong></span> <span class='ocrx_word' id='word_1_516' title='bbox 1601 4538 1695 4594; x_wconf 87' lang='lat' dir='ltr'><strong>lib.</strong></span> <span class='ocrx_word' id='word_1_517' title='bbox 1727 4555 1822 4605; x_wconf 88' lang='lat' dir='ltr'><strong>vit,</strong></span> <span class='ocrx_word' id='word_1_518' title='bbox 1862 4554 1985 4609; x_wconf 89' lang='lat' dir='ltr'><strong>cap.</strong></span> <span class='ocrx_word' id='word_1_519' title='bbox 2023 4538 2116 4594; x_wconf 75' lang='lat'><strong>‘29.</strong></span> 
     </span>
    </p>
   </div>
   <div class='ocr_carea' id='block_1_79' title="bbox 847 4609 1327 4679">
    <p class='ocr_par' dir='ltr' id='par_1_79' title="bbox 847 4609 1327 4679">
     <span class='ocr_line' id='line_1_79' title="bbox 847 4609 1327 4679; baseline -0.004 -16"><span class='ocrx_word' id='word_1_520' title='bbox 847 4609 959 4679; x_wconf 75' lang='lat'><strong>(52)</strong></span> <span class='ocrx_word' id='word_1_521' title='bbox 980 4609 1327 4677; x_wconf 75' lang='lat' dir='ltr'><strong>l’resbyterii.</strong></span> 
     </span>
    </p>
   </div>
   <div class='ocr_carea' id='block_1_80' title="bbox 846 4680 1477 4749">
    <p class='ocr_par' dir='ltr' id='par_1_80' title="bbox 846 4680 1477 4749">
     <span class='ocr_line' id='line_1_80' title="bbox 846 4680 1477 4749; baseline -0.002 -15"><span class='ocrx_word' id='word_1_522' title='bbox 846 4680 957 4749; x_wconf 78' lang='lat'><strong>(53)</strong></span> <span class='ocrx_word' id='word_1_523' title='bbox 985 4680 1244 4732; x_wconf 80' lang='lat' dir='ltr'><strong>Defuncto</strong></span> <span class='ocrx_word' id='word_1_524' title='bbox 1275 4680 1477 4733; x_wconf 85' lang='lat' dir='ltr'><strong>Attico.</strong></span> 
     </span>
    </p>
   </div>
   <div class='ocr_carea' id='block_1_81' title="bbox 845 4747 2339 4818">
    <p class='ocr_par' dir='ltr' id='par_1_81' title="bbox 845 4747 2339 4818">
     <span class='ocr_line' id='line_1_81' title="bbox 845 4747 2339 4818; baseline -0.001 -15"><span class='ocrx_word' id='word_1_525' title='bbox 845 4747 959 4818; x_wconf 71' lang='grc'><strong>(54)</strong></span> <span class='ocrx_word' id='word_1_526' title='bbox 1003 4749 1183 4801; x_wconf 81' lang='lat' dir='ltr'><strong>Visum</strong></span> <span class='ocrx_word' id='word_1_527' title='bbox 1218 4758 1303 4801; x_wconf 87' lang='lat' dir='ltr'><strong>est</strong></span> <span class='ocrx_word' id='word_1_528' title='bbox 1329 4750 1570 4802; x_wconf 83' lang='lat' dir='ltr'><strong>inserere</strong></span> <span class='ocrx_word' id='word_1_529' title='bbox 1595 4747 1840 4803; x_wconf 87' lang='lat' dir='ltr'><strong>Socratis</strong></span> <span class='ocrx_word' id='word_1_530' title='bbox 1883 4748 1979 4802; x_wconf 91' lang='lat' dir='ltr'><strong>lib.</strong></span> <span class='ocrx_word' id='word_1_531' title='bbox 2024 4765 2098 4803; x_wconf 83' lang='lat' dir='ltr'><strong>vn</strong></span> <span class='ocrx_word' id='word_1_532' title='bbox 2138 4747 2339 4801; x_wconf 85' lang='lat' dir='ltr'><strong>Eccles.</strong></span> 
     </span>
    </p>
   </div>
   <div class='ocr_carea' id='block_1_82' title="bbox 777 4818 2340 4889">
    <p class='ocr_par' dir='ltr' id='par_1_82' title="bbox 777 4818 2340 4889">
     <span class='ocr_line' id='line_1_82' title="bbox 777 4818 2340 4889; baseline -0.003 -15"><span class='ocrx_word' id='word_1_533' title='bbox 777 4821 979 4874; x_wconf 84' lang='lat' dir='ltr'><strong>Ilistor.</strong></span> <span class='ocrx_word' id='word_1_534' title='bbox 1012 4834 1131 4886; x_wconf 85' lang='lat' dir='ltr'><strong>cap.</strong></span> <span class='ocrx_word' id='word_1_535' title='bbox 1162 4818 1253 4884; x_wconf 76' lang='lat'><strong>27,</strong></span> <span class='ocrx_word' id='word_1_536' title='bbox 1294 4820 1438 4886; x_wconf 89' lang='lat' dir='ltr'><strong>quod</strong></span> <span class='ocrx_word' id='word_1_537' title='bbox 1467 4820 1589 4871; x_wconf 85' lang='lat' dir='ltr'><strong>huic</strong></span> <span class='ocrx_word' id='word_1_538' title='bbox 1626 4834 1761 4887; x_wconf 90' lang='lat' dir='ltr'><strong>pene</strong></span> <span class='ocrx_word' id='word_1_539' title='bbox 1790 4820 2063 4889; x_wconf 89' lang='lat' dir='ltr'><strong>geminum</strong></span> <span class='ocrx_word' id='word_1_540' title='bbox 2091 4820 2181 4881; x_wconf 86' lang='lat' dir='ltr'><strong>sit,</strong></span> <span class='ocrx_word' id='word_1_541' title='bbox 2206 4827 2340 4889; x_wconf 80' lang='lat' dir='ltr'><strong>etex</strong></span> 
     </span>
    </p>
   </div>
   <div class='ocr_carea' id='block_1_83' title="bbox 776 4888 2342 4957">
    <p class='ocr_par' dir='ltr' id='par_1_83' title="bbox 776 4888 2342 4957">
     <span class='ocr_line' id='line_1_83' title="bbox 776 4888 2342 4957; baseline -0.004 -12"><span class='ocrx_word' id='word_1_542' title='bbox 776 4889 1185 4957; x_wconf 82' lang='lat' dir='ltr'><strong>comparatione</strong></span> <span class='ocrx_word' id='word_1_543' title='bbox 1222 4903 1401 4956; x_wconf 74' lang='lat' dir='ltr'><strong>operte</strong></span> <span class='ocrx_word' id='word_1_544' title='bbox 1436 4890 1669 4956; x_wconf 83' lang='lat' dir='ltr'><strong>pretium</strong></span> <span class='ocrx_word' id='word_1_545' title='bbox 1694 4890 1818 4941; x_wconf 85' lang='lat' dir='ltr'><strong>tiat:</strong></span> <span class='ocrx_word' id='word_1_546' title='bbox 1847 4906 1864 4938; x_wconf 78' lang='grc' dir='ltr'><strong>ι</strong></span> <span class='ocrx_word' id='word_1_547' title='bbox 1898 4889 2175 4957; x_wconf 75' lang='lat' dir='ltr'><strong>Philippus</strong></span> <span class='ocrx_word' id='word_1_548' title='bbox 2200 4888 2342 4939; x_wconf 78' lang='lat' dir='ltr'><strong>Sida:</strong></span> 
     </span>
    </p>
   </div>
   <div class='ocr_carea' id='block_1_84' title="bbox 774 4956 2342 5029">
    <p class='ocr_par' dir='ltr' id='par_1_84' title="bbox 774 4956 2342 5029">
     <span class='ocr_line' id='line_1_84' title="bbox 774 4956 2342 5029; baseline -0.001 -18"><span class='ocrx_word' id='word_1_549' title='bbox 774 4956 926 5013; x_wconf 82' lang='lat' dir='ltr'><strong>ortus</strong></span> <span class='ocrx_word' id='word_1_550' title='bbox 950 4959 1068 5029; x_wconf 66' lang='lat' dir='ltr'><strong>luit.</strong></span> <span class='ocrx_word' id='word_1_551' title='bbox 1098 4956 1223 5029; x_wconf 68' lang='lat' dir='ltr'><strong>Haec</strong></span> <span class='ocrx_word' id='word_1_552' title='bbox 1244 4960 1458 5029; x_wconf 61' lang='lat' dir='ltr'><strong>quidem</strong></span> <span class='ocrx_word' id='word_1_553' title='bbox 1482 4967 1563 5011; x_wconf 86' lang='lat' dir='ltr'><strong>est</strong></span> <span class='ocrx_word' id='word_1_554' title='bbox 1586 4959 1776 5029; x_wconf 83' lang='lat' dir='ltr'><strong>civitas</strong></span> <span class='ocrx_word' id='word_1_555' title='bbox 1805 4956 2153 5029; x_wconf 66' lang='lat' dir='ltr'><strong>Palltpllyilaf,</strong></span> <span class='ocrx_word' id='word_1_556' title='bbox 2174 4958 2342 5023; x_wconf 84' lang='lat' dir='ltr'><strong>inqua</strong></span> 
     </span>
    </p>
   </div>
   <div class='ocr_carea' id='block_1_85' title="bbox 777 5026 2341 5096">
    <p class='ocr_par' dir='ltr' id='par_1_85' title="bbox 777 5026 2341 5096">
     <span class='ocr_line' id='line_1_85' title="bbox 777 5026 2341 5096; baseline -0.003 -13"><span class='ocrx_word' id='word_1_557' title='bbox 777 5031 939 5083; x_wconf 88' lang='lat' dir='ltr'><strong>etiam</strong></span> <span class='ocrx_word' id='word_1_558' title='bbox 964 5028 1251 5096; x_wconf 81' lang='lat' dir='ltr'><strong>Trapltilus</strong></span> <span class='ocrx_word' id='word_1_559' title='bbox 1278 5026 1514 5096; x_wconf 84' lang='lat' dir='ltr'><strong>(Troilus</strong></span> <span class='ocrx_word' id='word_1_560' title='bbox 1548 5028 1740 5081; x_wconf 91' lang='lat' dir='ltr'><strong>melius</strong></span> <span class='ocrx_word' id='word_1_561' title='bbox 1781 5030 1941 5082; x_wconf 86' lang='lat' dir='ltr'><strong>habet</strong></span> <span class='ocrx_word' id='word_1_562' title='bbox 1978 5026 2226 5095; x_wconf 81' lang='lat' dir='ltr'><strong>Niceplt.)</strong></span> <span class='ocrx_word' id='word_1_563' title='bbox 2251 5042 2341 5079; x_wconf 88' lang='lat' dir='ltr'><strong>so-</strong></span> 
     </span>
    </p>
   </div>
   <div class='ocr_carea' id='block_1_86' title="bbox 778 5097 2344 5169">
    <p class='ocr_par' dir='ltr' id='par_1_86' title="bbox 778 5097 2344 5169">
     <span class='ocr_line' id='line_1_86' title="bbox 778 5097 2344 5169; baseline -0.002 -17"><span class='ocrx_word' id='word_1_564' title='bbox 778 5101 955 5169; x_wconf 84' lang='lat' dir='ltr'><strong>phista</strong></span> <span class='ocrx_word' id='word_1_565' title='bbox 981 5108 1137 5149; x_wconf 83' lang='lat' dir='ltr'><strong>natus</strong></span> <span class='ocrx_word' id='word_1_566' title='bbox 1158 5098 1391 5169; x_wconf 63' lang='lat' dir='ltr'><strong>diciturL</strong></span> <span class='ocrx_word' id='word_1_567' title='bbox 1408 5098 1497 5169; x_wconf 59' lang='lat' dir='ltr'><strong>cui</strong></span> <span class='ocrx_word' id='word_1_568' title='bbox 1525 5112 1581 5151; x_wconf 90' lang='lat' dir='ltr'><strong>se</strong></span> <span class='ocrx_word' id='word_1_569' title='bbox 1605 5097 2196 5166; x_wconf 79' lang='lat' dir='ltr'><strong>Philippuscognatum</strong></span> <span class='ocrx_word' id='word_1_570' title='bbox 2222 5112 2344 5150; x_wconf 90' lang='lat' dir='ltr'><strong>esse</strong></span> 
     </span>
    </p>
   </div>
   <div class='ocr_carea' id='block_1_87' title="bbox 778 5166 2338 5236">
    <p class='ocr_par' dir='ltr' id='par_1_87' title="bbox 778 5166 2338 5236">
     <span class='ocr_line' id='line_1_87' title="bbox 778 5166 2338 5236; baseline -0.001 -15"><span class='ocrx_word' id='word_1_571' title='bbox 778 5166 1041 5236; x_wconf 66' lang='lat' dir='ltr'><strong>gloriatus</strong></span> <span class='ocrx_word' id='word_1_572' title='bbox 1077 5176 1181 5219; x_wconf 89' lang='lat' dir='ltr'><strong>est.</strong></span> <span class='ocrx_word' id='word_1_573' title='bbox 1219 5166 1316 5219; x_wconf 84' lang='lat' dir='ltr'><strong>llic</strong></span> <span class='ocrx_word' id='word_1_574' title='bbox 1361 5167 1642 5235; x_wconf 87' lang='lat' dir='ltr'><strong>Philippus</strong></span> <span class='ocrx_word' id='word_1_575' title='bbox 1698 5184 1819 5220; x_wconf 77' lang='lat' dir='ltr'><strong>cum</strong></span> <span class='ocrx_word' id='word_1_576' title='bbox 1868 5180 2013 5220; x_wconf 86' lang='lat' dir='ltr'><strong>esset</strong></span> <span class='ocrx_word' id='word_1_577' title='bbox 2058 5169 2338 5228; x_wconf 75' lang='lat' dir='ltr'><strong>diaconus,</strong></span> 
     </span>
    </p>
   </div>
   <div class='ocr_carea' id='block_1_88' title="bbox 779 5236 2340 5306">
    <p class='ocr_par' dir='ltr' id='par_1_88' title="bbox 779 5236 2340 5306">
     <span class='ocr_line' id='line_1_88' title="bbox 779 5236 2340 5306; baseline 0 -17"><span class='ocrx_word' id='word_1_578' title='bbox 779 5238 1003 5291; x_wconf 81' lang='lat' dir='ltr'><strong>Joannis</strong></span> <span class='ocrx_word' id='word_1_579' title='bbox 1058 5236 1477 5306; x_wconf 87' lang='lat' dir='ltr'><strong>(Chrysostonti)</strong></span> <span class='ocrx_word' id='word_1_580' title='bbox 1522 5238 1758 5305; x_wconf 87' lang='lat' dir='ltr'><strong>episc0pi</strong></span> <span class='ocrx_word' id='word_1_581' title='bbox 1798 5239 2205 5300; x_wconf 80' lang='lat' dir='ltr'><strong>consuetudine,</strong></span> <span class='ocrx_word' id='word_1_582' title='bbox 2236 5252 2340 5305; x_wconf 84' lang='lat' dir='ltr'><strong>qua</strong></span> 
     </span>
    </p>
   </div>
   <div class='ocr_carea' id='block_1_89' title="bbox 783 5306 2340 5374">
    <p class='ocr_par' dir='ltr' id='par_1_89' title="bbox 783 5306 2340 5374">
     <span class='ocr_line' id='line_1_89' title="bbox 783 5306 2340 5374; baseline -0.001 -14"><span class='ocrx_word' id='word_1_583' title='bbox 783 5310 1008 5360; x_wconf 87' lang='lat' dir='ltr'><strong>multum</strong></span> <span class='ocrx_word' id='word_1_584' title='bbox 1062 5321 1189 5358; x_wconf 90' lang='lat' dir='ltr'><strong>usus</strong></span> <span class='ocrx_word' id='word_1_585' title='bbox 1222 5317 1322 5371; x_wconf 87' lang='lat' dir='ltr'><strong>est,</strong></span> <span class='ocrx_word' id='word_1_586' title='bbox 1376 5307 1656 5374; x_wconf 77' lang='lat' dir='ltr'><strong>impulsus.</strong></span> <span class='ocrx_word' id='word_1_587' title='bbox 1694 5308 1745 5359; x_wconf 90' lang='lat' dir='ltr'><strong>itt</strong></span> <span class='ocrx_word' id='word_1_588' title='bbox 1800 5308 1995 5359; x_wconf 90' lang='lat' dir='ltr'><strong>studiis</strong></span> <span class='ocrx_word' id='word_1_589' title='bbox 2038 5306 2340 5359; x_wconf 85' lang='lat' dir='ltr'><strong>litterarum</strong></span> 
     </span>
    </p>
   </div>
   <div class='ocr_carea' id='block_1_90' title="bbox 782 5377 2342 5445">
    <p class='ocr_par' dir='ltr' id='par_1_90' title="bbox 782 5377 2342 5445">
     <span class='ocr_line' id='line_1_90' title="bbox 782 5377 2342 5445; baseline -0.001 -15"><span class='ocrx_word' id='word_1_590' title='bbox 782 5378 1103 5445; x_wconf 81' lang='lat' dir='ltr'><strong>permultum</strong></span> <span class='ocrx_word' id='word_1_591' title='bbox 1150 5380 1332 5445; x_wconf 90' lang='lat' dir='ltr'><strong>operis</strong></span> <span class='ocrx_word' id='word_1_592' title='bbox 1384 5384 1437 5428; x_wconf 83' lang='lat' dir='ltr'><strong>et</strong></span> <span class='ocrx_word' id='word_1_593' title='bbox 1470 5378 1666 5428; x_wconf 79' lang='lat' dir='ltr'><strong>laboris</strong></span> <span class='ocrx_word' id='word_1_594' title='bbox 1700 5377 1999 5438; x_wconf 83' lang='lat' dir='ltr'><strong>collocavit,</strong></span> <span class='ocrx_word' id='word_1_595' title='bbox 2038 5378 2342 5442; x_wconf 88' lang='lat' dir='ltr'><strong>multosque</strong></span> 
     </span>
    </p>
   </div>
   <div class='ocr_carea' id='block_1_91' title="bbox 777 5446 2339 5513">
    <p class='ocr_par' dir='ltr' id='par_1_91' title="bbox 777 5446 2339 5513">
     <span class='ocr_line' id='line_1_91' title="bbox 777 5446 2339 5513; baseline -0.002 -13"><span class='ocrx_word' id='word_1_596' title='bbox 777 5460 831 5500; x_wconf 90' lang='lat' dir='ltr'><strong>et</strong></span> <span class='ocrx_word' id='word_1_597' title='bbox 872 5463 1047 5498; x_wconf 80' lang='lat' dir='ltr'><strong>varios</strong></span> <span class='ocrx_word' id='word_1_598' title='bbox 1069 5446 1330 5513; x_wconf 79' lang='lat' dir='ltr'><strong>cujusque</strong></span> <span class='ocrx_word' id='word_1_599' title='bbox 1371 5450 1587 5513; x_wconf 80' lang='lat' dir='ltr'><strong>generis</strong></span> <span class='ocrx_word' id='word_1_600' title='bbox 1617 5448 1781 5499; x_wconf 88' lang='lat' dir='ltr'><strong>libros</strong></span> <span class='ocrx_word' id='word_1_601' title='bbox 1812 5448 1863 5497; x_wconf 88' lang='lat' dir='ltr'><strong>iit</strong></span> <span class='ocrx_word' id='word_1_602' title='bbox 1900 5461 2060 5497; x_wconf 90' lang='lat' dir='ltr'><strong>unum</strong></span> <span class='ocrx_word' id='word_1_603' title='bbox 2101 5448 2339 5512; x_wconf 79' lang='lat' dir='ltr'><strong>collegit,</strong></span> 
     </span>
    </p>
   </div>
   <div class='ocr_carea' id='block_1_92' title="bbox 780 5518 2339 5585">
    <p class='ocr_par' dir='ltr' id='par_1_92' title="bbox 780 5518 2339 5585">
     <span class='ocr_line' id='line_1_92' title="bbox 780 5518 2339 5585; baseline -0.001 -16"><span class='ocrx_word' id='word_1_604' title='bbox 780 5529 941 5585; x_wconf 84' lang='lat' dir='ltr'><strong>atque</strong></span> <span class='ocrx_word' id='word_1_605' title='bbox 985 5518 1281 5569; x_wconf 82' lang='lat' dir='ltr'><strong>Asiaticum</strong></span> <span class='ocrx_word' id='word_1_606' title='bbox 1330 5518 1541 5567; x_wconf 88' lang='lat' dir='ltr'><strong>dtcettdi</strong></span> <span class='ocrx_word' id='word_1_607' title='bbox 1589 5532 1757 5583; x_wconf 83' lang='lat' dir='ltr'><strong>genus</strong></span> <span class='ocrx_word' id='word_1_608' title='bbox 1789 5519 2029 5569; x_wconf 85' lang='lat' dir='ltr'><strong>studiose</strong></span> <span class='ocrx_word' id='word_1_609' title='bbox 2078 5518 2339 5578; x_wconf 82' lang='lat' dir='ltr'><strong>imitatus,</strong></span> 
     </span>
    </p>
   </div>
   <div class='ocr_carea' id='block_1_93' title="bbox 781 5585 2342 5653">
    <p class='ocr_par' dir='ltr' id='par_1_93' title="bbox 781 5585 2342 5653">
     <span class='ocr_line' id='line_1_93' title="bbox 781 5585 2342 5653; baseline 0 -15"><span class='ocrx_word' id='word_1_610' title='bbox 781 5588 946 5639; x_wconf 90' lang='lat' dir='ltr'><strong>multa</strong></span> <span class='ocrx_word' id='word_1_611' title='bbox 1006 5587 1351 5653; x_wconf 83' lang='lat' dir='ltr'><strong>conscripsit.</strong></span> <span class='ocrx_word' id='word_1_612' title='bbox 1389 5586 1454 5638; x_wconf 76' lang='lat' dir='ltr'><strong>Et</strong></span> <span class='ocrx_word' id='word_1_613' title='bbox 1487 5601 1593 5652; x_wconf 92' lang='lat' dir='ltr'><strong>quo</strong></span> <span class='ocrx_word' id='word_1_614' title='bbox 1639 5585 1837 5638; x_wconf 84' lang='lat' dir='ltr'><strong>Juliani</strong></span> <span class='ocrx_word' id='word_1_615' title='bbox 1882 5587 2009 5653; x_wconf 89' lang='lat' dir='ltr'><strong>imp.</strong></span> <span class='ocrx_word' id='word_1_616' title='bbox 2036 5586 2220 5637; x_wconf 81' lang='lat' dir='ltr'><strong>&#39;Iiliros</strong></span> <span class='ocrx_word' id='word_1_617' title='bbox 2257 5602 2342 5638; x_wconf 88' lang='lat' dir='ltr'><strong>re-</strong></span> 
     </span>
    </p>
   </div>
   <div class='ocr_carea' id='block_1_94' title="bbox 782 5654 2342 5723">
    <p class='ocr_par' dir='ltr' id='par_1_94' title="bbox 782 5654 2342 5723">
     <span class='ocr_line' id='line_1_94' title="bbox 782 5654 2342 5723; baseline -0.001 -15"><span class='ocrx_word' id='word_1_618' title='bbox 782 5657 1013 5717; x_wconf 64' lang='lat' dir='ltr'><strong>l‘elletet,</strong></span> <span class='ocrx_word' id='word_1_619' title='bbox 1038 5672 1173 5723; x_wconf 89' lang='lat' dir='ltr'><strong>opus</strong></span> <span class='ocrx_word' id='word_1_620' title='bbox 1214 5658 1400 5719; x_wconf 87' lang='lat' dir='ltr'><strong>etiatu,</strong></span> <span class='ocrx_word' id='word_1_621' title='bbox 1453 5658 1595 5722; x_wconf 88' lang='lat' dir='ltr'><strong>quod</strong></span> <span class='ocrx_word' id='word_1_622' title='bbox 1644 5655 1933 5707; x_wconf 80' lang='lat' dir='ltr'><strong>Historiam</strong></span> <span class='ocrx_word' id='word_1_623' title='bbox 1983 5654 2342 5709; x_wconf 77' lang='lat' dir='ltr'><strong>Christianam</strong></span> 
     </span>
    </p>
   </div>
   <div class='ocr_carea' id='block_1_95' title="bbox 783 5723 2346 5792">
    <p class='ocr_par' dir='ltr' id='par_1_95' title="bbox 783 5723 2346 5792">
     <span class='ocr_line' id='line_1_95' title="bbox 783 5723 2346 5792; baseline 0 -15"><span class='ocrx_word' id='word_1_624' title='bbox 783 5726 1131 5779; x_wconf 78' lang='lat' dir='ltr'><strong>inscribentlo</strong></span> <span class='ocrx_word' id='word_1_625' title='bbox 1159 5723 1481 5791; x_wconf 87' lang='lat' dir='ltr'><strong>composuit,</strong></span> <span class='ocrx_word' id='word_1_626' title='bbox 1510 5726 1671 5792; x_wconf 89' lang='lat' dir='ltr'><strong>inque</strong></span> <span class='ocrx_word' id='word_1_627' title='bbox 1696 5726 1914 5791; x_wconf 85' lang='lat' dir='ltr'><strong>triginta</strong></span> <span class='ocrx_word' id='word_1_628' title='bbox 1940 5740 2031 5778; x_wconf 78' lang='lat' dir='ltr'><strong>sex</strong></span> <span class='ocrx_word' id='word_1_629' title='bbox 2056 5727 2222 5776; x_wconf 88' lang='lat' dir='ltr'><strong>libros</strong></span> <span class='ocrx_word' id='word_1_630' title='bbox 2243 5726 2346 5777; x_wconf 85' lang='lat' dir='ltr'><strong>tlis-</strong></span> 
     </span>
    </p>
   </div>
   <div class='ocr_carea' id='block_1_96' title="bbox 790 5794 2341 5864">
    <p class='ocr_par' dir='ltr' id='par_1_96' title="bbox 790 5794 2341 5864">
     <span class='ocr_line' id='line_1_96' title="bbox 790 5794 2341 5864; baseline -0.001 -17"><span class='ocrx_word' id='word_1_631' title='bbox 790 5796 997 5848; x_wconf 84' lang='lat' dir='ltr'><strong>tribuil.</strong></span> <span class='ocrx_word' id='word_1_632' title='bbox 1044 5794 1251 5864; x_wconf 78' lang='lat' dir='ltr'><strong>Singuli</strong></span> <span class='ocrx_word' id='word_1_633' title='bbox 1295 5795 1412 5847; x_wconf 87' lang='lat' dir='ltr'><strong>libri</strong></span> <span class='ocrx_word' id='word_1_634' title='bbox 1463 5804 1637 5849; x_wconf 87' lang='lat' dir='ltr'><strong>tomos</strong></span> <span class='ocrx_word' id='word_1_635' title='bbox 1694 5794 1997 5862; x_wconf 85' lang='lat' dir='ltr'><strong>Complures</strong></span> <span class='ocrx_word' id='word_1_636' title='bbox 2042 5797 2341 5857; x_wconf 82' lang='lat' dir='ltr'><strong>continent,</strong></span> 
     </span>
    </p>
   </div>
   <div class='ocr_carea' id='block_1_97' title="bbox 795 5865 2342 5935">
    <p class='ocr_par' dir='ltr' id='par_1_97' title="bbox 795 5865 2342 5935">
     <span class='ocr_line' id='line_1_97' title="bbox 795 5865 2342 5935; baseline 0.001 -18"><span class='ocrx_word' id='word_1_637' title='bbox 795 5867 930 5919; x_wconf 70' lang='lat' dir='ltr'><strong>adeo</strong></span> <span class='ocrx_word' id='word_1_638' title='bbox 963 5874 1016 5917; x_wconf 91' lang='lat' dir='ltr'><strong>ut</strong></span> <span class='ocrx_word' id='word_1_639' title='bbox 1044 5882 1230 5923; x_wconf 85' lang='lat' dir='ltr'><strong>omnes</strong></span> <span class='ocrx_word' id='word_1_640' title='bbox 1250 5865 1409 5921; x_wconf 84' lang='lat' dir='ltr'><strong>simul</strong></span> <span class='ocrx_word' id='word_1_641' title='bbox 1440 5878 1605 5935; x_wconf 90' lang='lat' dir='ltr'><strong>prope</strong></span> <span class='ocrx_word' id='word_1_642' title='bbox 1650 5866 1794 5920; x_wconf 87' lang='lat' dir='ltr'><strong>mille</strong></span> <span class='ocrx_word' id='word_1_643' title='bbox 1842 5880 2066 5922; x_wconf 87' lang='lat' dir='ltr'><strong>numero</strong></span> <span class='ocrx_word' id='word_1_644' title='bbox 2090 5867 2215 5920; x_wconf 85' lang='lat' dir='ltr'><strong>sint.</strong></span> <span class='ocrx_word' id='word_1_645' title='bbox 2237 5866 2342 5919; x_wconf 85' lang='lat' dir='ltr'><strong>Ar-</strong></span> 
     </span>
    </p>
   </div>
   <div class='ocr_carea' id='block_1_98' title="bbox 2447 4194 4033 4261">
    <p class='ocr_par' dir='ltr' id='par_1_98' title="bbox 2447 4194 4033 4261">
     <span class='ocr_line' id='line_1_98' title="bbox 2447 4194 4033 4261; baseline -0.004 -12"><span class='ocrx_word' id='word_1_646' title='bbox 2447 4194 2646 4261; x_wconf 64' lang='lat' dir='ltr'><strong>iequat.</strong></span> <span class='ocrx_word' id='word_1_647' title='bbox 2670 4194 3055 4261; x_wconf 79' lang='lat' dir='ltr'><strong>(Nicephorum</strong></span> <span class='ocrx_word' id='word_1_648' title='bbox 3098 4194 3183 4247; x_wconf 89' lang='lat' dir='ltr'><strong>ltic</strong></span> <span class='ocrx_word' id='word_1_649' title='bbox 3218 4195 3323 4248; x_wconf 92' lang='lat' dir='ltr'><strong>duo</strong></span> <span class='ocrx_word' id='word_1_650' title='bbox 3354 4194 3896 4261; x_wconf 20' lang='lat' dir='ltr'><strong>distinxisseiopera,</strong></span> <span class='ocrx_word' id='word_1_651' title='bbox 3926 4194 4033 4243; x_wconf 79' lang='lat' dir='ltr'><strong>oli-</strong></span> 
     </span>
    </p>
   </div>
   <div class='ocr_carea' id='block_1_99' title="bbox 2445 4260 4035 4331">
    <p class='ocr_par' dir='ltr' id='par_1_99' title="bbox 2445 4260 4035 4331">
     <span class='ocr_line' id='line_1_99' title="bbox 2445 4260 4035 4331; baseline -0.003 -13"><span class='ocrx_word' id='word_1_652' title='bbox 2445 4260 2602 4318; x_wconf 85' lang='lat' dir='ltr'><strong>servo</strong></span> <span class='ocrx_word' id='word_1_653' title='bbox 2634 4283 2645 4316; x_wconf 89' lang='lat'><strong>:</strong></span> <span class='ocrx_word' id='word_1_654' title='bbox 2675 4260 2842 4326; x_wconf 85' lang='lat' dir='ltr'><strong>Opus,</strong></span> <span class='ocrx_word' id='word_1_655' title='bbox 2874 4264 3069 4329; x_wconf 91' lang='lat' dir='ltr'><strong>inquit,</strong></span> <span class='ocrx_word' id='word_1_656' title='bbox 3094 4264 3456 4331; x_wconf 79' lang='lat' dir='ltr'><strong>magniﬁcum,</strong></span> <span class='ocrx_word' id='word_1_657' title='bbox 3478 4264 3529 4312; x_wconf 86' lang='lat' dir='ltr'><strong>iu</strong></span> <span class='ocrx_word' id='word_1_658' title='bbox 3551 4278 3652 4328; x_wconf 87' lang='lat' dir='ltr'><strong>quo</strong></span> <span class='ocrx_word' id='word_1_659' title='bbox 3669 4260 4035 4313; x_wconf 77' lang='lat' dir='ltr'><strong>Juliauicon-</strong></span> 
     </span>
    </p>
   </div>
   <div class='ocr_carea' id='block_1_100' title="bbox 2446 4331 4037 4399">
    <p class='ocr_par' dir='ltr' id='par_1_100' title="bbox 2446 4331 4037 4399">
     <span class='ocr_line' id='line_1_100' title="bbox 2446 4331 4037 4399; baseline -0.001 -14"><span class='ocrx_word' id='word_1_660' title='bbox 2446 4344 2526 4385; x_wconf 90' lang='lat' dir='ltr'><strong>tra</strong></span> <span class='ocrx_word' id='word_1_661' title='bbox 2542 4350 2695 4387; x_wconf 86' lang='lat' dir='ltr'><strong>sacra</strong></span> <span class='ocrx_word' id='word_1_662' title='bbox 2714 4334 2884 4385; x_wconf 84' lang='lat' dir='ltr'><strong>Biblia</strong></span> <span class='ocrx_word' id='word_1_663' title='bbox 2899 4335 3149 4399; x_wconf 83' lang='lat' dir='ltr'><strong>scriptum</strong></span> <span class='ocrx_word' id='word_1_664' title='bbox 3171 4334 3377 4395; x_wconf 79' lang='lat' dir='ltr'><strong>evertit,</strong></span> <span class='ocrx_word' id='word_1_665' title='bbox 3393 4334 3625 4398; x_wconf 81' lang='lat' dir='ltr'><strong>reliquit.</strong></span> <span class='ocrx_word' id='word_1_666' title='bbox 3646 4331 3804 4383; x_wconf 80' lang='lat' dir='ltr'><strong>Aliud</strong></span> <span class='ocrx_word' id='word_1_667' title='bbox 3818 4346 4037 4397; x_wconf 77' lang='lat' dir='ltr'><strong>quoque</strong></span> 
     </span>
    </p>
   </div>
   <div class='ocr_carea' id='block_1_101' title="bbox 2444 4400 4031 4471">
    <p class='ocr_par' dir='ltr' id='par_1_101' title="bbox 2444 4400 4031 4471">
     <span class='ocr_line' id='line_1_101' title="bbox 2444 4400 4031 4471; baseline -0.002 -16"><span class='ocrx_word' id='word_1_668' title='bbox 2444 4403 2680 4456; x_wconf 82' lang='lat' dir='ltr'><strong>volumen</strong></span> <span class='ocrx_word' id='word_1_669' title='bbox 2706 4411 3017 4470; x_wconf 77' lang='lat' dir='ltr'><strong>composuit,</strong></span> <span class='ocrx_word' id='word_1_670' title='bbox 3040 4400 3587 4471; x_wconf 20' lang='lat' dir='ltr'><strong>quoqicill‘isliiltI—allt</strong></span> <span class='ocrx_word' id='word_1_671' title='bbox 3607 4401 3889 4471; x_wconf 77' lang='lat' dir='ltr'><strong>historiam</strong></span> <span class='ocrx_word' id='word_1_672' title='bbox 3927 4418 4031 4471; x_wconf 57' lang='grc' dir='ltr'><strong>ηοξ</strong></span> 
     </span>
    </p>
   </div>
   <div class='ocr_carea' id='block_1_102' title="bbox 2444 4468 4033 4542">
    <p class='ocr_par' dir='ltr' id='par_1_102' title="bbox 2444 4468 4033 4542">
     <span class='ocr_line' id='line_1_102' title="bbox 2444 4468 4033 4542; baseline -0.001 -19"><span class='ocrx_word' id='word_1_673' title='bbox 2444 4473 2706 4542; x_wconf 67' lang='lat' dir='ltr'><strong>initiavit.)</strong></span> <span class='ocrx_word' id='word_1_674' title='bbox 2736 4468 2843 4524; x_wconf 84' lang='lat' dir='ltr'><strong>Hoc</strong></span> <span class='ocrx_word' id='word_1_675' title='bbox 2864 4488 2995 4539; x_wconf 84' lang='lat' dir='ltr'><strong>Opus</strong></span> <span class='ocrx_word' id='word_1_676' title='bbox 3023 4468 3125 4524; x_wconf 85' lang='lat' dir='ltr'><strong>non</strong></span> <span class='ocrx_word' id='word_1_677' title='bbox 3150 4469 3438 4524; x_wconf 80' lang='lat' dir='ltr'><strong>Historiam</strong></span> <span class='ocrx_word' id='word_1_678' title='bbox 3462 4468 3909 4542; x_wconf 82' lang='lat' dir='ltr'><strong>Ecclesittsticant,</strong></span> <span class='ocrx_word' id='word_1_679' title='bbox 3932 4470 4033 4522; x_wconf 68' lang='lat' dir='ltr'><strong>sed</strong></span> 
     </span>
    </p>
   </div>
   <div class='ocr_carea' id='block_1_103' title="bbox 2444 4539 4031 4608">
    <p class='ocr_par' dir='ltr' id='par_1_103' title="bbox 2444 4539 4031 4608">
     <span class='ocr_line' id='line_1_103' title="bbox 2444 4539 4031 4608; baseline -0.004 -14"><span class='ocrx_word' id='word_1_680' title='bbox 2444 4539 2802 4595; x_wconf 76' lang='lat' dir='ltr'><strong>Christianam</strong></span> <span class='ocrx_word' id='word_1_681' title='bbox 2856 4542 3147 4608; x_wconf 88' lang='lat' dir='ltr'><strong>inscripsit,</strong></span> <span class='ocrx_word' id='word_1_682' title='bbox 3186 4542 3492 4606; x_wconf 83' lang='lat' dir='ltr'><strong>multasque</strong></span> <span class='ocrx_word' id='word_1_683' title='bbox 3525 4550 3581 4590; x_wconf 85' lang='lat' dir='ltr'><strong>et</strong></span> <span class='ocrx_word' id='word_1_684' title='bbox 3631 4546 3806 4591; x_wconf 77' lang='lat' dir='ltr'><strong>varias</strong></span> <span class='ocrx_word' id='word_1_685' title='bbox 3855 4541 3906 4589; x_wconf 91' lang='lat' dir='ltr'><strong>in</strong></span> <span class='ocrx_word' id='word_1_686' title='bbox 3960 4554 4031 4591; x_wconf 88' lang='lat' dir='ltr'><strong>eo</strong></span> 
     </span>
    </p>
   </div>
   <div class='ocr_carea' id='block_1_104' title="bbox 2375 4608 4033 4681">
    <p class='ocr_par' dir='ltr' id='par_1_104' title="bbox 2375 4608 4033 4681">
     <span class='ocr_line' id='line_1_104' title="bbox 2375 4608 4033 4681; baseline -0.003 -16"><span class='ocrx_word' id='word_1_687' title='bbox 2375 4622 2425 4681; x_wconf 76' lang='grc' dir='ltr'><strong>υ</strong></span> <span class='ocrx_word' id='word_1_688' title='bbox 2450 4613 2717 4678; x_wconf 75' lang='lat' dir='ltr'><strong>congessit</strong></span> <span class='ocrx_word' id='word_1_689' title='bbox 2734 4611 2987 4663; x_wconf 87' lang='lat' dir='ltr'><strong>materias</strong></span> <span class='ocrx_word' id='word_1_690' title='bbox 3004 4629 3015 4662; x_wconf 93' lang='lat'><strong>:</strong></span> <span class='ocrx_word' id='word_1_691' title='bbox 3035 4624 3099 4664; x_wconf 91' lang='lat' dir='ltr'><strong>eo</strong></span> <span class='ocrx_word' id='word_1_692' title='bbox 3116 4611 3330 4678; x_wconf 88' lang='lat' dir='ltr'><strong>quidem</strong></span> <span class='ocrx_word' id='word_1_693' title='bbox 3346 4610 3594 4681; x_wconf 69' lang='lat' dir='ltr'><strong>consilio,</strong></span> <span class='ocrx_word' id='word_1_694' title='bbox 3615 4619 3671 4661; x_wconf 92' lang='lat' dir='ltr'><strong>ut</strong></span> <span class='ocrx_word' id='word_1_695' title='bbox 3688 4624 3745 4681; x_wconf 79' lang='lat' dir='ltr'><strong>se</strong></span> <span class='ocrx_word' id='word_1_696' title='bbox 3762 4608 4033 4681; x_wconf 77' lang='lat' dir='ltr'><strong>doctrina:</strong></span> 
     </span>
    </p>
   </div>
   <div class='ocr_carea' id='block_1_105' title="bbox 2452 4678 4026 4748">
    <p class='ocr_par' dir='ltr' id='par_1_105' title="bbox 2452 4678 4026 4748">
     <span class='ocr_line' id='line_1_105' title="bbox 2452 4678 4026 4748; baseline -0.001 -18"><span class='ocrx_word' id='word_1_697' title='bbox 2452 4681 2888 4748; x_wconf 80' lang='lat' dir='ltr'><strong>philosophorum</strong></span> <span class='ocrx_word' id='word_1_698' title='bbox 2952 4695 3056 4731; x_wconf 92' lang='lat' dir='ltr'><strong>non</strong></span> <span class='ocrx_word' id='word_1_699' title='bbox 3131 4688 3405 4744; x_wconf 68' lang='lat' dir='ltr'><strong>expertem</strong></span> <span class='ocrx_word' id='word_1_700' title='bbox 3458 4678 3625 4732; x_wconf 80' lang='lat' dir='ltr'><strong>fuisse</strong></span> <span class='ocrx_word' id='word_1_701' title='bbox 3697 4678 4026 4730; x_wconf 78' lang='lat' dir='ltr'><strong>declararet.</strong></span> 
     </span>
    </p>
   </div>
   <div class='ocr_carea' id='block_1_106' title="bbox 2443 4748 4028 4817">
    <p class='ocr_par' dir='ltr' id='par_1_106' title="bbox 2443 4748 4028 4817">
     <span class='ocr_line' id='line_1_106' title="bbox 2443 4748 4028 4817; baseline -0.002 -16"><span class='ocrx_word' id='word_1_702' title='bbox 2443 4749 2778 4817; x_wconf 80' lang='lat' dir='ltr'><strong>Quapropter</strong></span> <span class='ocrx_word' id='word_1_703' title='bbox 2791 4749 3586 4817; x_wconf 68' lang='lat' dir='ltr'><strong>praeceptionesgrammaticas,</strong></span> <span class='ocrx_word' id='word_1_704' title='bbox 3605 4748 4028 4817; x_wconf 85' lang='lat' dir='ltr'><strong>astronomicas,</strong></span> 
     </span>
    </p>
   </div>
   <div class='ocr_carea' id='block_1_107' title="bbox 2443 4816 4031 4883">
    <p class='ocr_par' dir='ltr' id='par_1_107' title="bbox 2443 4816 4031 4883">
     <span class='ocr_line' id='line_1_107' title="bbox 2443 4816 4031 4883; baseline -0.002 -13"><span class='ocrx_word' id='word_1_705' title='bbox 2443 4816 2807 4872; x_wconf 71' lang='lat' dir='ltr'><strong>arithmeticos</strong></span> <span class='ocrx_word' id='word_1_706' title='bbox 2828 4832 2880 4872; x_wconf 89' lang='lat' dir='ltr'><strong>et</strong></span> <span class='ocrx_word' id='word_1_707' title='bbox 2903 4822 3134 4871; x_wconf 89' lang='lat' dir='ltr'><strong>musicas</strong></span> <span class='ocrx_word' id='word_1_708' title='bbox 3155 4819 3347 4870; x_wconf 81' lang='lat' dir='ltr'><strong>crebro</strong></span> <span class='ocrx_word' id='word_1_709' title='bbox 3364 4816 3512 4869; x_wconf 82' lang='lat' dir='ltr'><strong>citat.</strong></span> <span class='ocrx_word' id='word_1_710' title='bbox 3527 4818 3665 4883; x_wconf 85' lang='lat' dir='ltr'><strong>Quin</strong></span> <span class='ocrx_word' id='word_1_711' title='bbox 3682 4818 3847 4869; x_wconf 86' lang='lat' dir='ltr'><strong>etiam</strong></span> <span class='ocrx_word' id='word_1_712' title='bbox 3868 4816 4031 4867; x_wconf 83' lang='lat' dir='ltr'><strong>insu-</strong></span> 
     </span>
    </p>
   </div>
   <div class='ocr_carea' id='block_1_108' title="bbox 2448 4886 4027 4955">
    <p class='ocr_par' dir='ltr' id='par_1_108' title="bbox 2448 4886 4027 4955">
     <span class='ocr_line' id='line_1_108' title="bbox 2448 4886 4027 4955; baseline -0.003 -15"><span class='ocrx_word' id='word_1_713' title='bbox 2448 4890 2547 4950; x_wconf 89' lang='lat' dir='ltr'><strong>las,</strong></span> <span class='ocrx_word' id='word_1_714' title='bbox 2569 4901 2797 4946; x_wconf 87' lang='lat' dir='ltr'><strong>montes.</strong></span> <span class='ocrx_word' id='word_1_715' title='bbox 2825 4898 2879 4941; x_wconf 90' lang='lat' dir='ltr'><strong>et</strong></span> <span class='ocrx_word' id='word_1_716' title='bbox 2914 4888 3044 4942; x_wconf 88' lang='lat' dir='ltr'><strong>alias</strong></span> <span class='ocrx_word' id='word_1_717' title='bbox 3073 4903 3158 4941; x_wconf 89' lang='lat' dir='ltr'><strong>res</strong></span> <span class='ocrx_word' id='word_1_718' title='bbox 3192 4903 3296 4939; x_wconf 92' lang='lat' dir='ltr'><strong>nou</strong></span> <span class='ocrx_word' id='word_1_719' title='bbox 3324 4888 3499 4955; x_wconf 87' lang='lat' dir='ltr'><strong>magni</strong></span> <span class='ocrx_word' id='word_1_720' title='bbox 3524 4886 3781 4939; x_wconf 86' lang='lat' dir='ltr'><strong>momenti</strong></span> <span class='ocrx_word' id='word_1_721' title='bbox 3808 4886 4027 4937; x_wconf 82' lang='lat' dir='ltr'><strong>descri-</strong></span> 
     </span>
    </p>
   </div>
   <div class='ocr_carea' id='block_1_109' title="bbox 2444 4956 4030 5026">
    <p class='ocr_par' dir='ltr' id='par_1_109' title="bbox 2444 4956 4030 5026">
     <span class='ocr_line' id='line_1_109' title="bbox 2444 4956 4030 5026; baseline -0.001 -17"><span class='ocrx_word' id='word_1_722' title='bbox 2444 4959 2541 5019; x_wconf 90' lang='lat' dir='ltr'><strong>bit;</strong></span> <span class='ocrx_word' id='word_1_723' title='bbox 2566 4962 2705 5011; x_wconf 89' lang='lat' dir='ltr'><strong>uude</strong></span> <span class='ocrx_word' id='word_1_724' title='bbox 2728 4972 2861 5026; x_wconf 88' lang='lat' dir='ltr'><strong>opus</strong></span> <span class='ocrx_word' id='word_1_725' title='bbox 2881 4957 3119 5010; x_wconf 82' lang='lat' dir='ltr'><strong>inﬂatum</strong></span> <span class='ocrx_word' id='word_1_726' title='bbox 3143 4968 3195 5009; x_wconf 87' lang='lat' dir='ltr'><strong>et</strong></span> <span class='ocrx_word' id='word_1_727' title='bbox 3218 4957 3430 5024; x_wconf 91' lang='lat' dir='ltr'><strong>plenum</strong></span> <span class='ocrx_word' id='word_1_728' title='bbox 3453 4957 3625 5009; x_wconf 88' lang='lat' dir='ltr'><strong>inanis</strong></span> <span class='ocrx_word' id='word_1_729' title='bbox 3639 4956 4030 5008; x_wconf 83' lang='lat' dir='ltr'><strong>ostentationis</strong></span> 
     </span>
    </p>
   </div>
   <div class='ocr_carea' id='block_1_110' title="bbox 2448 5026 4025 5096">
    <p class='ocr_par' dir='ltr' id='par_1_110' title="bbox 2448 5026 4025 5096">
     <span class='ocr_line' id='line_1_110' title="bbox 2448 5026 4025 5096; baseline -0.003 -17"><span class='ocrx_word' id='word_1_730' title='bbox 2448 5027 2643 5081; x_wconf 81' lang='lat' dir='ltr'><strong>factum</strong></span> <span class='ocrx_word' id='word_1_731' title='bbox 2670 5044 2771 5081; x_wconf 75' lang='grc' dir='ltr'><strong>εει.</strong></span> <span class='ocrx_word' id='word_1_732' title='bbox 2808 5030 2987 5094; x_wconf 82' lang='lat' dir='ltr'><strong>Quare</strong></span> <span class='ocrx_word' id='word_1_733' title='bbox 3013 5030 3056 5081; x_wconf 86' lang='lat' dir='ltr'><strong>si</strong></span> <span class='ocrx_word' id='word_1_734' title='bbox 3085 5027 3213 5094; x_wconf 85' lang='lat' dir='ltr'><strong>quid</strong></span> <span class='ocrx_word' id='word_1_735' title='bbox 3245 5042 3347 5096; x_wconf 87' lang='lat' dir='ltr'><strong>ego</strong></span> <span class='ocrx_word' id='word_1_736' title='bbox 3380 5026 3585 5093; x_wconf 72' lang='lat' dir='ltr'><strong>judico,</strong></span> <span class='ocrx_word' id='word_1_737' title='bbox 3619 5040 3796 5096; x_wconf 86' lang='lat' dir='ltr'><strong>neque</strong></span> <span class='ocrx_word' id='word_1_738' title='bbox 3820 5026 4025 5096; x_wconf 72' lang='lat' dir='ltr'><strong>doctis,</strong></span> 
     </span>
    </p>
   </div>
   <div class='ocr_carea' id='block_1_111' title="bbox 2446 5093 4028 5165">
    <p class='ocr_par' dir='ltr' id='par_1_111' title="bbox 2446 5093 4028 5165">
     <span class='ocr_line' id='line_1_111' title="bbox 2446 5093 4028 5165; baseline -0.003 -16"><span class='ocrx_word' id='word_1_739' title='bbox 2446 5113 2619 5163; x_wconf 88' lang='lat' dir='ltr'><strong>neque</strong></span> <span class='ocrx_word' id='word_1_740' title='bbox 2662 5093 2894 5150; x_wconf 88' lang='lat' dir='ltr'><strong>indoctis</strong></span> <span class='ocrx_word' id='word_1_741' title='bbox 2928 5093 3185 5165; x_wconf 88' lang='lat' dir='ltr'><strong>prodesse</strong></span> <span class='ocrx_word' id='word_1_742' title='bbox 3218 5093 3435 5165; x_wconf 71' lang='lat' dir='ltr'><strong>poterit.</strong></span> <span class='ocrx_word' id='word_1_743' title='bbox 3473 5098 3680 5163; x_wconf 82' lang='lat' dir='ltr'><strong>Quippe</strong></span> <span class='ocrx_word' id='word_1_744' title='bbox 3710 5094 3914 5165; x_wconf 81' lang='lat' dir='ltr'><strong>indocti</strong></span> <span class='ocrx_word' id='word_1_745' title='bbox 3943 5093 4028 5165; x_wconf 90' lang='lat' dir='ltr'><strong>in-</strong></span> 
     </span>
    </p>
   </div>
   <div class='ocr_carea' id='block_1_112' title="bbox 2444 5162 4025 5228">
    <p class='ocr_par' dir='ltr' id='par_1_112' title="bbox 2444 5162 4025 5228">
     <span class='ocr_line' id='line_1_112' title="bbox 2444 5162 4025 5228; baseline -0.003 -9"><span class='ocrx_word' id='word_1_746' title='bbox 2444 5162 2704 5219; x_wconf 86' lang='lat' dir='ltr'><strong>solentem</strong></span> <span class='ocrx_word' id='word_1_747' title='bbox 2731 5168 2894 5228; x_wconf 85' lang='lat' dir='ltr'><strong>illam.</strong></span> <span class='ocrx_word' id='word_1_748' title='bbox 2925 5162 2979 5220; x_wconf 81' lang='lat' dir='ltr'><strong>et</strong></span> <span class='ocrx_word' id='word_1_749' title='bbox 3000 5167 3164 5219; x_wconf 88' lang='lat' dir='ltr'><strong>nitnio</strong></span> <span class='ocrx_word' id='word_1_750' title='bbox 3188 5162 3419 5219; x_wconf 75' lang='lat' dir='ltr'><strong>artilicio</strong></span> <span class='ocrx_word' id='word_1_751' title='bbox 3447 5162 3774 5217; x_wconf 80' lang='lat' dir='ltr'><strong>elaberatatn</strong></span> <span class='ocrx_word' id='word_1_752' title='bbox 3804 5162 4025 5215; x_wconf 88' lang='lat' dir='ltr'><strong>dicendi</strong></span> 
     </span>
    </p>
   </div>
   <div class='ocr_carea' id='block_1_113' title="bbox 2446 5237 4016 5305">
    <p class='ocr_par' dir='ltr' id='par_1_113' title="bbox 2446 5237 4016 5305">
     <span class='ocr_line' id='line_1_113' title="bbox 2446 5237 4016 5305; baseline -0.004 -16"><span class='ocrx_word' id='word_1_753' title='bbox 2446 5238 2730 5299; x_wconf 82' lang='lat' dir='ltr'><strong>rationem,</strong></span> <span class='ocrx_word' id='word_1_754' title='bbox 2751 5254 2869 5305; x_wconf 80' lang='lat' dir='ltr'><strong>qua:</strong></span> <span class='ocrx_word' id='word_1_755' title='bbox 2888 5240 2940 5289; x_wconf 91' lang='lat' dir='ltr'><strong>in</strong></span> <span class='ocrx_word' id='word_1_756' title='bbox 2964 5252 3028 5289; x_wconf 89' lang='lat' dir='ltr'><strong>eo</strong></span> <span class='ocrx_word' id='word_1_757' title='bbox 3045 5246 3145 5298; x_wconf 90' lang='lat' dir='ltr'><strong>est,</strong></span> <span class='ocrx_word' id='word_1_758' title='bbox 3162 5237 3399 5288; x_wconf 86' lang='lat' dir='ltr'><strong>animum</strong></span> <span class='ocrx_word' id='word_1_759' title='bbox 3417 5237 3696 5287; x_wconf 80' lang='lat' dir='ltr'><strong>advertere</strong></span> <span class='ocrx_word' id='word_1_760' title='bbox 3715 5243 4016 5300; x_wconf 73' lang='lat' dir='ltr'><strong>nequeunt;</strong></span> 
     </span>
    </p>
   </div>
   <div class='ocr_carea' id='block_1_114' title="bbox 2446 5305 4028 5367">
    <p class='ocr_par' dir='ltr' id='par_1_114' title="bbox 2446 5305 4028 5367">
     <span class='ocr_line' id='line_1_114' title="bbox 2446 5305 4028 5367; baseline -0.003 -10"><span class='ocrx_word' id='word_1_761' title='bbox 2446 5307 2585 5359; x_wconf 89' lang='lat' dir='ltr'><strong>docti</strong></span> <span class='ocrx_word' id='word_1_762' title='bbox 2636 5319 2813 5360; x_wconf 86' lang='lat' dir='ltr'><strong>autem</strong></span> <span class='ocrx_word' id='word_1_763' title='bbox 2871 5308 3116 5360; x_wconf 83' lang='lat' dir='ltr'><strong>crebram</strong></span> <span class='ocrx_word' id='word_1_764' title='bbox 3166 5307 3476 5359; x_wconf 88' lang='lat' dir='ltr'><strong>eorutndem</strong></span> <span class='ocrx_word' id='word_1_765' title='bbox 3516 5305 3802 5356; x_wconf 83' lang='lat' dir='ltr'><strong>verborum</strong></span> <span class='ocrx_word' id='word_1_766' title='bbox 3852 5318 4028 5367; x_wconf 84' lang='lat' dir='ltr'><strong>repe—</strong></span> 
     </span>
    </p>
   </div>
   <div class='ocr_carea' id='block_1_115' title="bbox 2446 5372 4017 5445">
    <p class='ocr_par' dir='ltr' id='par_1_115' title="bbox 2446 5372 4017 5445">
     <span class='ocr_line' id='line_1_115' title="bbox 2446 5372 4017 5445; baseline -0.003 -17"><span class='ocrx_word' id='word_1_767' title='bbox 2446 5377 2712 5439; x_wconf 85' lang='lat' dir='ltr'><strong>titionem,</strong></span> <span class='ocrx_word' id='word_1_768' title='bbox 2743 5393 2859 5445; x_wconf 78' lang='lat' dir='ltr'><strong>quzn</strong></span> <span class='ocrx_word' id='word_1_769' title='bbox 2884 5378 2932 5429; x_wconf 84' lang='lat' dir='ltr'><strong>iit</strong></span> <span class='ocrx_word' id='word_1_770' title='bbox 2966 5377 3054 5429; x_wconf 91' lang='lat' dir='ltr'><strong>illo</strong></span> <span class='ocrx_word' id='word_1_771' title='bbox 3077 5390 3389 5440; x_wconf 87' lang='lat' dir='ltr'><strong>usurpatur,</strong></span> <span class='ocrx_word' id='word_1_772' title='bbox 3412 5372 4017 5445; x_wconf 69' lang='lat' dir='ltr'><strong>condcmttabunt._Ca:_-</strong></span> 
     </span>
    </p>
   </div>
   <div class='ocr_carea' id='block_1_116' title="bbox 2448 5441 4020 5513">
    <p class='ocr_par' dir='ltr' id='par_1_116' title="bbox 2448 5441 4020 5513">
     <span class='ocr_line' id='line_1_116' title="bbox 2448 5441 4020 5513; baseline -0.004 -15"><span class='ocrx_word' id='word_1_773' title='bbox 2448 5456 2619 5498; x_wconf 89' lang='lat' dir='ltr'><strong>terum</strong></span> <span class='ocrx_word' id='word_1_774' title='bbox 2648 5441 2874 5513; x_wconf 68' lang='lat' dir='ltr'><strong>quisque</strong></span> <span class='ocrx_word' id='word_1_775' title='bbox 2908 5446 3143 5499; x_wconf 89' lang='lat' dir='ltr'><strong>delihris</strong></span> <span class='ocrx_word' id='word_1_776' title='bbox 3179 5446 3282 5497; x_wconf 89' lang='lat' dir='ltr'><strong>illis</strong></span> <span class='ocrx_word' id='word_1_777' title='bbox 3306 5461 3401 5513; x_wconf 89' lang='lat' dir='ltr'><strong>pro</strong></span> <span class='ocrx_word' id='word_1_778' title='bbox 3434 5448 3699 5495; x_wconf 80' lang='lat' dir='ltr'><strong>arbitratu</strong></span> <span class='ocrx_word' id='word_1_779' title='bbox 3726 5457 3823 5513; x_wconf 83' lang='lat' dir='ltr'><strong>suo</strong></span> <span class='ocrx_word' id='word_1_780' title='bbox 3872 5441 4020 5507; x_wconf 89' lang='lat' dir='ltr'><strong>judi-</strong></span> 
     </span>
    </p>
   </div>
   <div class='ocr_carea' id='block_1_117' title="bbox 2449 5512 4024 5582">
    <p class='ocr_par' dir='ltr' id='par_1_117' title="bbox 2449 5512 4024 5582">
     <span class='ocr_line' id='line_1_117' title="bbox 2449 5512 4024 5582; baseline -0.002 -16"><span class='ocrx_word' id='word_1_781' title='bbox 2449 5516 2590 5568; x_wconf 77' lang='lat' dir='ltr'><strong>(&#39;illlll</strong></span> <span class='ocrx_word' id='word_1_782' title='bbox 2624 5512 2805 5572; x_wconf 72' lang='lat' dir='ltr'><strong>faciat.</strong></span> <span class='ocrx_word' id='word_1_783' title='bbox 2847 5516 3101 5569; x_wconf 83' lang='lat' dir='ltr'><strong>Ordinem</strong></span> <span class='ocrx_word' id='word_1_784' title='bbox 3146 5531 3271 5567; x_wconf 86' lang='lat' dir='ltr'><strong>vero</strong></span> <span class='ocrx_word' id='word_1_785' title='bbox 3310 5512 3649 5582; x_wconf 84' lang='lat' dir='ltr'><strong>temporum,</strong></span> <span class='ocrx_word' id='word_1_786' title='bbox 3702 5512 3899 5578; x_wconf 85' lang='lat' dir='ltr'><strong>quibus</strong></span> <span class='ocrx_word' id='word_1_787' title='bbox 3919 5526 4024 5582; x_wconf 80' lang='lat' dir='ltr'><strong>res</strong></span> 
     </span>
    </p>
   </div>
   <div class='ocr_carea' id='block_1_118' title="bbox 2446 5580 4026 5650">
    <p class='ocr_par' dir='ltr' id='par_1_118' title="bbox 2446 5580 4026 5650">
     <span class='ocr_line' id='line_1_118' title="bbox 2446 5580 4026 5650; baseline -0.004 -13"><span class='ocrx_word' id='word_1_788' title='bbox 2446 5587 2794 5650; x_wconf 76' lang='lat' dir='ltr'><strong>gerebantur,</strong></span> <span class='ocrx_word' id='word_1_789' title='bbox 2820 5593 2887 5637; x_wconf 87' lang='lat' dir='ltr'><strong>au</strong></span> <span class='ocrx_word' id='word_1_790' title='bbox 2923 5600 2987 5638; x_wconf 93' lang='lat' dir='ltr'><strong>eo</strong></span> <span class='ocrx_word' id='word_1_791' title='bbox 3041 5583 3322 5638; x_wconf 79' lang='lat' dir='ltr'><strong>confusum</strong></span> <span class='ocrx_word' id='word_1_792' title='bbox 3353 5580 3474 5637; x_wconf 70' lang='lat' dir='ltr'><strong>esse</strong></span> <span class='ocrx_word' id='word_1_793' title='bbox 3500 5622 3514 5645; x_wconf 94' lang='lat'><strong>,</strong></span> <span class='ocrx_word' id='word_1_794' title='bbox 3580 5585 3752 5635; x_wconf 84' lang='lat' dir='ltr'><strong>audeo</strong></span> <span class='ocrx_word' id='word_1_795' title='bbox 3800 5580 4026 5647; x_wconf 87' lang='lat' dir='ltr'><strong>quidem</strong></span> 
     </span>
    </p>
   </div>
   <div class='ocr_carea' id='block_1_119' title="bbox 2447 5652 4028 5707">
    <p class='ocr_par' dir='ltr' id='par_1_119' title="bbox 2447 5652 4028 5707">
     <span class='ocr_line' id='line_1_119' title="bbox 2447 5652 4028 5707; baseline -0.004 -1"><span class='ocrx_word' id='word_1_796' title='bbox 2447 5654 2732 5707; x_wconf 84' lang='lat' dir='ltr'><strong>:tllirntare.</strong></span> <span class='ocrx_word' id='word_1_797' title='bbox 2772 5655 2903 5707; x_wconf 80' lang='lat' dir='ltr'><strong>Nam</strong></span> <span class='ocrx_word' id='word_1_798' title='bbox 2927 5658 3260 5707; x_wconf 81' lang='lat' dir='ltr'><strong>temporibus</strong></span> <span class='ocrx_word' id='word_1_799' title='bbox 3290 5652 3576 5707; x_wconf 86' lang='lat' dir='ltr'><strong>Theodosii</strong></span> <span class='ocrx_word' id='word_1_800' title='bbox 3621 5665 4028 5703; x_wconf 85' lang='lat' dir='ltr'><strong>commemora-</strong></span> 
     </span>
    </p>
   </div>
   <div class='ocr_carea' id='block_1_120' title="bbox 2450 5719 4025 5793">
    <p class='ocr_par' dir='ltr' id='par_1_120' title="bbox 2450 5719 4025 5793">
     <span class='ocr_line' id='line_1_120' title="bbox 2450 5719 4025 5793; baseline -0.004 -18"><span class='ocrx_word' id='word_1_801' title='bbox 2450 5726 2539 5786; x_wconf 85' lang='lat' dir='ltr'><strong>tis,</strong></span> <span class='ocrx_word' id='word_1_802' title='bbox 2571 5728 2635 5776; x_wconf 90' lang='lat' dir='ltr'><strong>ad</strong></span> <span class='ocrx_word' id='word_1_803' title='bbox 2698 5734 2935 5793; x_wconf 87' lang='lat' dir='ltr'><strong>tempora</strong></span> <span class='ocrx_word' id='word_1_804' title='bbox 2974 5719 3221 5793; x_wconf 78' lang='lat' dir='ltr'><strong>(Magni,</strong></span> <span class='ocrx_word' id='word_1_805' title='bbox 3256 5726 3406 5777; x_wconf 86' lang='lat' dir='ltr'><strong>addit</strong></span> <span class='ocrx_word' id='word_1_806' title='bbox 3453 5721 3699 5793; x_wconf 80' lang='lat' dir='ltr'><strong>Niceph.)</strong></span> <span class='ocrx_word' id='word_1_807' title='bbox 3734 5719 4025 5793; x_wconf 73' lang='lat' dir='ltr'><strong>Athanasii</strong></span> 
     </span>
    </p>
   </div>
   <div class='ocr_carea' id='block_1_121' title="bbox 2447 5788 4030 5917">
    <p class='ocr_par' dir='ltr' id='par_1_121' title="bbox 2447 5788 4030 5917">
     <span class='ocr_line' id='line_1_121' title="bbox 2447 5788 4030 5917; baseline -0.003 -71"><span class='ocrx_word' id='word_1_808' title='bbox 2447 5794 2682 5917; x_wconf 56' lang='grc' dir='ltr'><strong>ῖριεοορί</strong></span> <span class='ocrx_word' id='word_1_809' title='bbox 2734 5788 2991 5851; x_wconf 64' lang='grc' dir='ltr'><strong>τοόυττίιξ</strong></span> <span class='ocrx_word' id='word_1_810' title='bbox 3016 5788 3168 5861; x_wconf 70' lang='grc' dir='ltr'><strong>ραοα</strong></span> <span class='ocrx_word' id='word_1_811' title='bbox 3206 5788 3438 5865; x_wconf 78' lang='lat' dir='ltr'><strong>quidem</strong></span> <span class='ocrx_word' id='word_1_812' title='bbox 3489 5793 3555 5846; x_wconf 91' lang='lat' dir='ltr'><strong>ab</strong></span> <span class='ocrx_word' id='word_1_813' title='bbox 3588 5788 3691 5846; x_wconf 87' lang='lat' dir='ltr'><strong>illo</strong></span> <span class='ocrx_word' id='word_1_814' title='bbox 3726 5788 4030 5860; x_wconf 76' lang='lat' dir='ltr'><strong>szepissimo</strong></span> 
     </span>
     <span class='ocr_line' id='line_1_122' title="bbox 2473 5876 2832 5917; baseline 0 0"><span class='ocrx_word' id='word_1_815' title='bbox 2473 5876 2649 5917; x_wconf 75' lang='lat' dir='ltr'><strong>actum</strong></span> <span class='ocrx_word' id='word_1_816' title='bbox 2682 5876 2783 5917; x_wconf 66' lang='lat' dir='ltr'><strong>CSI.</strong></span> <span class='ocrx_word' id='word_1_817' title='bbox 2814 5884 2832 5917; x_wconf 72' lang='grc' dir='ltr'><strong>ι</strong></span> 
     </span>
    </p>
   </div>
   <div class='ocr_carea' id='block_1_122' title="bbox 2473 5876 2832 5921">
    <p class='ocr_par' dir='ltr' id='par_1_122' title="bbox 2473 5876 2832 5921">
     <span class='ocr_line' id='line_1_123' title="bbox 2473 5876 2832 5921; baseline -0.003 -3"><span class='ocrx_word' id='word_1_818' title='bbox 2473 5876 2649 5920; x_wconf 79' lang='lat' dir='ltr'><strong>actum</strong></span> <span class='ocrx_word' id='word_1_819' title='bbox 2682 5876 2783 5921; x_wconf 86' lang='lat' dir='ltr'><strong>est.</strong></span> <span class='ocrx_word' id='word_1_820' title='bbox 2814 5884 2832 5917; x_wconf 73' lang='grc' dir='ltr'><strong>ι</strong></span> 
     </span>
    </p>
   </div>
  </div>
