4210 6442
734 408 797 473 7i
1899 407 2163 466 PIlOTlI
2203 406 2324 465 ΡΛΊ

2427 407 2709 466 ζΑῙίίἮίΕ
2750 407 2858 467 CP.
3912 404 3988 467 79

738 536 914 590 neque
952 519 1107 574 valde
1144 520 1488 590 perspicuos.
1522 518 1754 590 Fugiens
1787 534 1935 584 vero,
1967 531 2227 588 quantum
2259 521 2311 572 in

2427 519 2537 571 abte
2570 520 2692 572 λίαν
2721 522 2921 588 σαφὴς,
2959 518 3177 588 φεύγων
3202 519 3258 572 δὲ
3281 519 3373 572 τὸν
3421 519 3645 572 δυνατὸν
3683 517 3831 588 αἰντῷ
3858 520 3989 589 τρό-

740 612 857 680 ipso
895 620 1000 671 est.
1034 611 1341 680 allegorias,
1369 620 1424 665 et
1481 612 1828 666 historiarum
1858 613 2116 666 duntaxat
2145 626 2312 679 expo-

736 705 988 757 sitionem
1043 713 1307 769 tractans,
1339 703 1521 772 putide
1586 704 1747 758 nimis
1791 704 1979 758 eadem
2022 703 2310 756 identidem

739 796 960 861 repetit,
980 803 1033 846 et
1062 794 1307 863 ingratos
1342 806 1506 862 atque
1528 793 1842 850 fastidiosus
1867 796 2061 865 legenti
2092 796 2308 848 accidit.

742 885 881 948 Quin
938 895 991 937 et
1046 885 1276 940 Nestorii
1338 888 1688 949 sententiam.
1750 887 1999 957 quamvis
2032 887 2122 940 illo
2164 886 2314 956 prior

739 974 921 1038 fuerit,
965 977 1127 1030 tacite
1169 978 1354 1031 vomit.
1409 976 1509 1033 llic
1563 988 1645 1033 est
1698 978 2018 1035 Theodorus
2062 980 2148 1034 ille
2202 980 2315 1033 Mo-

736 1067 1009 1132 psuestia,
1033 1082 1061 1119 a
1096 1083 1201 1136 quo
1241 1084 1617 1138 saepenumero
1670 1071 2029 1142 constat,(56)
2054 1071 2310 1125 Joannem

737 1154 1104 1227 Phi-toponum
1145 1159 1225 1230 (ut
1260 1161 1486 1228 ipsemet
1538 1160 1754 1230 fatetur)
1823 1162 2086 1214 rationem
2132 1161 2316 1229 hujus-

740 1250 884 1303 modi
938 1248 1399 1316 interpretationis
1436 1250 1575 1302 bona
1605 1249 1710 1304 tlde
1758 1263 1819 1304 ac
1864 1250 2005 1305 serio
2045 1250 2311 1319 exegisse,

740 1343 794 1395 in
826 1356 927 1394 suo
951 1340 1024 1392 De
1056 1340 1296 1393 universi
1329 1340 1606 1394 creatione
1632 1354 1815 1410 opere.

1392 1429 1635 1487 XXXIX.

1130 1518 1387 1575 Eusebius
1414 1533 1600 1574 contra
1632 1520 1954 1577 Hieroclem.

815 1677 976 1732 Lecta
1000 1692 1085 1732 est
1117 1676 1331 1732 Eusebii
1381 1676 1648 1747 Pamphili
1676 1679 1978 1748 Confutatio
2003 1680 2169 1735 brevis
2201 1682 2314 1751 (5⁵1)

742 1770 1003 1823 librorum
1032 1767 1299 1823 Hieroclis
1320 1770 1385 1823 de
1422 1769 1709 1838 Apollonio
1736 1769 1975 1840 Tyaneo.

853 2060 1196 2129 Philostorgii
1234 1969 1628 2112 Ecclesiriiieae
1665 2056 1915 2113 Historia:
1940 2058 2063 2113 libri
2096 2075 2193 2114 ιιι.

817 2150 983 2205 Lecta
1017 2160 1101 2205 est
1130 2149 1477 2217 Philostorgii
1517 2148 1628 2217 (58)
1666 2148 1850 2202 Ariani
1885 2150 2045 2204 veluti
2082 2149 2321 2206 Historia

750 2245 1142 2299 Ecclesiastica.
1174 2242 1368 2298 Narrat
1392 2242 1506 2297 fere
1548 2246 1816 2299 contraria
1852 2246 2103 2303 omnibus
2146 2247 2323 2302 eccle-

2419 627 2519 663 πον
2562 612 2661 672 τὰς
2716 611 3064 679 ἀλληγορίας,
3127 612 3223 663 καὶ
3276 611 3420 664 κατὰ
3466 611 3566 682 τὴν
3620 610 3862 681 ἱστορίαν
3890 613 3990 681 τὴν

2418 702 2715 772 ἑρμηνείαν
2775 704 3118 770 ποιούμενος.
3172 702 3498 768 Ταυτολογεί
3527 702 3585 755 δὲ
3616 700 3685 754 τὰ
3735 701 3990 757 πλεῖστα.

2418 796 2513 845 καὶ
2539 794 2734 864 ἄχαρίς
2766 812 2879 857 πως
2911 795 3003 847 καὶ
3038 796 3210 866 ἀηδὴς
3252 792 3393 848 εἶναι
3439 796 3607 859 δοκεῖ,
3638 796 3778 850 ἀλλὰ
3804 798 3899 849 καὶ
3929 796 3993 847 τὸ

2418 884 2711 953 Νεπορίου
2751 885 2947 955 δόγμα.
2972 887 3022 937 εί
3049 887 3144 938 καὶ
3181 887 3288 956 πρὸ
3344 888 3641 957 Νεστορίου
3716 888 3989 957 ὑπῆρχεν,

2422 975 2884 1045 ὑπερευγόμεως.
2932 970 3103 1040 Οὗτος
3129 976 3187 1030 δέ
3236 980 3384 1030 ἐστιν
3412 982 3440 1030 ό
3469 979 3873 1047 Μοψουεστίας,
3926 979 3991 1031 ὃν

2417 1068 2515 1119 καὶ
2542 1068 2807 1131 πλείστας
2854 1068 3087 1132 εὐθύνας
3122 1069 3376 1140 Ἰωάννης
3399 1072 3429 1123 ὁ
3453 1072 3764 1135 Φιλόπονος,
3790 1070 3863 1132 ὡς
3891 1071 3993 1124 αὐ-

2417 1160 2508 1223 τός
2537 1177 2692 1229 φησι,
2745 1162 2844 1229 τῆς
2890 1161 3149 1231 τοιαύτης
3175 1162 3474 1232 ἑρμηνείας
3507 1166 3565 1215 ὲν
3593 1163 3777 1232 οίκείῳ
3807 1163 3888 1234 τῷ
3908 1166 3994 1224 εἰς

2417 1252 2516 1325 τὴν
2554 1253 2730 1305 κτίσιν
2769 1251 3058 1323 ’πονὴματι
3081 1254 3297 1325 ἐδείχθη
3332 1254 3636 1315 σπουδαίως
3663 1254 3993 1320 εἰσπραττό-

2422 1361 2603 1413 μενος.

3109 1439 3232 1494 ΛΘ’.

2431 1529 2739 1583 Ἐυσεϐίου
2768 1529 2876 1583 τοῦ
2913 1531 3228 1597 Παμφίλου
3266 1530 3417 1597 πρὸς
3446 1530 3587 1595 τοὺς
3617 1530 3768 1596 ὑπὲρ
3796 1529 3999 1583 Ἀπολ·

2548 1601 2770 1653 Jan-Iov
2795 1599 2900 1653 τοῦ
2932 1599 3197 1664 Τυανέως
3240 1600 3594 1666 Ἱεροκλέους
3616 1602 3858 1667 λόγους.

2502 1689 2841 1761 Ἀνεγνώσθη
2874 1690 3131 1743 Εὑσεϐίου
3150 1689 3242 1743 τοῦ
3276 1690 3564 1759 Παμφίλου
3590 1690 3993 1743 ἀνασκευαστι-

2420 1781 2515 1834 κδν
2568 1780 2898 1851 βιϐλιδάριον
2952 1780 3087 1850 πρὸς
3139 1783 3267 1844 τοὺς
3310 1781 3453 1853 ὑπὲρ
3495 1780 3852 1835 Ἀπολλωνίου
3900 1779 3999 1832 τοῦ

2357 1888 2400 1943 Β
2428 1873 2683 1936 Τυανέως
2726 1873 3055 1943 Ἱεροκλέους
3072 1874 3118 1906 ’⁸
3148 1872 3361 1941 λόγους.

3143 1965 3234 2019 Μ’.

2635 2054 3389 2122 Φιλοστορτίουᾋρειανοῦ
3431 2054 3779 2123 ’1στορικόν.

2489 2147 2829 2216 ’Λνεγνώσθη
2850 2146 2941 2217 [25
2955 2144 3045 2217 IL]
3062 2145 3523 2214 Φιλοστοργίου,Ἀ
3533 2146 3743 2216 ρειανοῦ
3757 2146 3855 2215 τὴν
3873 2146 4005 2217 θρηο

2424 2245 2629 2306 σκείαν,
2654 2242 2728 2304 ὡς
2761 2241 2917 2308 δῆθεν
2935 2238 3448 2305 Ἐκκλησιαστικὴ
3481 2238 3753 2308 Ἱστορία.
3772 2239 4005 2307 Ἱστορεῖ

747 2335 984 2389 siasticis
1041 2334 1338 2396 historicis,
1384 2332 1630 2387 landibus
1674 2335 1958 2399 extollens,
1992 2352 2129 2406 quos
2175 2338 2324 2392 novit

2427 2332 2479 2385 δὲ
2503 2333 2761 2385 τάναντία
2776 2330 2961 2399 σχεδὸν
2979 2331 3148 2384 ἅπασι
3170 2331 3283 2391 τοῖς
3305 2329 3777 2399 ἐκκλησιαστικαῖς
3801 2332 4005 2399 inopt-

748 2427 1057 2480 Arianismo
1090 2423 1339 2488 iniectos,
1367 2433 1423 2476 et
1453 2424 1709 2479 conviciis
1740 2427 2072 2481 orthodoxos
2100 2427 2324 2495 perfun-

2427 2428 2563 2486 κοῖς.
2589 2424 2822 2495 Ἐξαίρει
2840 2426 2964 2488 τοὺς
2992 2422 3421 2495 Ἀρειανίζοντας
3436 2423 4005 2495 ἆπαντας,λοιδορίαις

750 2520 882 2571 dens
919 2536 932 2571 :
965 2527 1023 2570 ut
1048 2532 1172 2571 esse
1219 2517 1321 2571 hoc
1362 2515 1481 2585 ejus
1529 2531 1665 2583 opus
1705 2532 1813 2572 non
1849 2528 1954 2570 tam
1987 2519 2210 2573 historia
2246 2519 2324 2573 vi-

2432 2516 2624 2570 πλύνει
2645 2519 2769 2579 τοὺς
2798 2517 3127 2585 όρθοδόξους,
3156 2515 3231 2579 ὡς
3257 2512 3399 2568 εἷναι
3426 2516 3525 2587 τὴν
3556 2516 3797 2586 ἱστορίαν
3830 2517 4003 2570 αὑτοῦ

754 2612 965 2672 deatur,
1000 2624 1160 2677 quam
1209 2610 1587 2663 haereticorum
1625 2609 1884 2675 laudatio,
1917 2625 2038 2665 cum
2090 2614 2226 2665 nuda
2274 2623 2324 2667 et

2440 2611 2514 2678 μὴ
2548 2610 2787 2679 ἱστορίαν
2818 2608 3039 2678 μᾶλλον,
3072 2608 3187 2661 ἀλλ’
3213 2608 3486 2677 ἐγκώμιον
3524 2608 3622 2677 μὲν
3652 2608 3763 2660 τῶν
3791 2609 4006 2678 αἰρετιο

754 2716 904 2755 mera
953 2701 1352 2770 vituperatione
1402 2710 1567 2768 atque
1622 2702 1968 2756 accusatione
2020 2701 2324 2756 Catholico—

2429 2701 2562 2764 κῶν,
2582 2699 2748 2769 ψόγον
2779 2698 2835 2750 δὲ
2862 2700 3069 2768 γυμνὸν
3092 2700 3184 2751 καὶ
3202 2699 3533 2767 κατηγορίαν
3551 2698 3659 2751 τῶν
3681 2698 4002 2768 όρθοδόξων.

755 2809 898 2849 rum.
938 2793 1124 2863 Stylus
1171 2793 1247 2847 illi
1298 2794 1586 2862 comptior,
1617 2802 1671 2848 et
1720 2795 1948 2862 poeticis
1990 2795 2107 2849 sine
2150 2796 2328 2856 tardio.

754 2885 1085 2951 minimeque
1136 2884 1362 2951 ingratis
1407 2884 1629 2937 vocibus
1669 2884 1859 2937 utitur.
1903 2881 2065 2953 Tropi
2119 2900 2333 2953 quoque

762 2987 826 3025 ac
888 2974 1049 3025 verba
1092 2971 1479 3040 signiﬁcantia,
1551 2973 1777 3041 gratiam
1824 2973 1925 3039 ipsi
1976 2988 2097 3027 cum
2137 2974 2331 3040 jucun-

754 3064 922 3117 ditate
954 3063 1248 3116 conciliant
1282 3079 1296 3117 :
1334 3062 1609 3131 nisiquod
1644 3064 1911 3117 interdum
1946 3073 2148 3117 temere
2177 3065 2331 3133 ipsis,

756 3152 841 3204 vel
872 3152 1098 3205 nimium
1130 3154 1357 3207 detortis
1394 3153 1613 3215 utendo,
1646 3153 1698 3207 in
1738 3152 1991 3224 frigidum
2031 3162 2085 3206 et
2128 3155 2333 3223 impor-

2434 2792 2589 2852 Ἐστι
2614 2790 2671 2841 δὲ
2694 2789 2792 2857 τὴν
2826 2790 3026 2858 φράσιν
3056 2787 3139 2859 [Η
3177 2787 3266 2859 Η.]
3299 2788 3506 2858 κομψὸς
3538 2792 3635 2841 καὶ
3664 2791 4005 2856 ποιητικαῖς,

2431 2883 2545 2935 ἀλλ’
2576 2883 2638 2934 οὑ
2688 2881 3011 2950 κατακόρως
3042 2881 3151 2933 οὐδ’
3198 2879 3478 2950 ἀχαρίτοις
3498 2879 3541 2911 ⁸⁷
3569 2879 3745 2946 λέξεσι
3794 2896 4006 2948 κεχρη-

2437 2976 2614 3045 μένος.
2672 2975 2779 3027 Kal.
2805 2975 2838 3043 ἡ
2867 2972 3044 3043 τροπὴ
3074 2972 3131 3025 δὲ
3198 2970 3348 3041 αὺτῷ
3403 2970 3482 3041 τῷ
3523 2970 3809 3041 ὲμφατικῷ
3830 2972 3877 3003 ³⁸
3903 2971 4008 3041 τὴν

2434 3069 2593 3135 χάριν
2627 3065 2765 3135 μετὰ
2794 3063 2888 3117 τοῦ
2918 3064 3071 3133 ἡδέος
3099 3062 3385 3132 ἐφέλκεται
3412 3074 3427 3089 ⁶
3458 3061 3596 3132 πλὴν
3624 3064 3795 3115 ἐνίοτε
3817 3078 4007 3132 παρα-

2437 3157 2607 3219 ϐόλως
2663 3158 2851 3219 αὐταῖς
2885 3156 2981 3208 καὶ
3032 3155 3284 3208 πλεῖστον
3330 3155 3843 3224 ἀποτετραμμέναις
3868 3153 4013 3223 χρώ-

757 3256 945 3296 ιιιηιιιη
982 3259 1289 3298 sermonem
1328 3245 1536 3299 incidit.
1568 3243 1803 3300 Ornatur
1836 3246 1904 3300 ab
1934 3260 1997 3299 eo
2032 3244 2118 3315 εί)
2184 3248 2324 3301 varie

2436 3265 2596 3315 μενος
2645 3248 2724 3309 είς
2780 3245 3105 3315 ψυχολογίαν
3149 3244 3244 3297 καὶ
3304 3244 3684 3313 ἀκαιρολογίαν
3722 3244 4007 3297 ἐκπίπτει.

755 3336 954 3399 oratio,
996 3336 1079 3388 vel
1119 3337 1184 3390 ad
1219 3337 1559 3401 satietatem;
1609 3337 1681 3391 ita
1729 3346 1788 3390 ut
1833 3338 1884 3390 in
1919 3338 2328 3405 obscuritatem,

759 3441 859 3480 nec
886 3441 1007 3479 eam
1037 3441 1251 3494 semper
1280 3437 1511 3497 gratam,
1548 3428 1759 3483 occulte
1797 3428 2043 3482 trahatur
2075 3429 2285 3482 auditor
2313 3442 2328 3480 :

758 3521 814 3572 in
844 3519 1136 3589 multisque
1176 3536 1281 3574 non
1338 3521 1707 3575 incontmodas
1736 3520 1973 3588 loquitur
2011 3521 2329 3574 sententias.

760 3608 955 3679 Incipit
987 3620 1169 3663 autem
1212 3611 1279 3664 ab
1320 3610 1434 3665 Arii
1474 3611 1655 3665 studio
1696 3612 1748 3663 in
1791 3611 2036 3664 haeresim
2068 3625 2129 3664 ac
2159 3611 2333 3678 primo

760 3702 995 3770 incepto,
1056 3716 1227 3770 usque
1272 3702 1338 3754 ad
1389 3702 1529 3755 Aetii
1585 3702 1697 3772 (59)
1745 3702 2045 3771 impiissimi
2100 3702 2333 3757 hominis

761 3794 1183 3847 revocationem.
1232 3793 1423 3846 Aetius
1456 3793 1544 3847 hic
1574 3795 1641 3846 ab
1676 3795 1945 3862 ipsisjuna
1976 3793 2333 3848 sentientibus

764 3882 1061 3949 haereticis,
1095 3884 1235 3950 quod
1292 3884 1410 3937 illos
1460 3884 1735 3951 impietate
1784 3894 2065 3953 superaret
2106 3885 2187 3954 (ut
2222 3886 2335 3954 ipse

760 3970 1157 4040 Philostorgius
1212 3972 1297 4025 vel
1352 3972 1555 4025 invitus
1614 3972 1802 4042 refert)
1851 3973 2155 4028 ministerio
2205 3975 2334 4029 sub-

766 4070 963 4123 motus,
987 4072 1173 4129 postea
1199 4062 1266 4115 ab
1292 4062 1609 4130 impiissinto
1637 4059 1852 4116 Juliano
1876 4061 2198 4132 imperatore
2222 4065 2333 4133 (60)

767 4161 1073 4215 revocatus,
1108 4151 1525 4219 humaniterque
1559 4164 1813 4222 acceptus
1839 4166 1942 4209 est.
1972 4155 2041 4210 Et
2072 4157 2183 4210 hac
2217 4156 2337 4225 qui—

765 4241 885 4293 dem
932 4240 1101 4307 ipsius
1136 4242 1359 4294 historia
1395 4256 1501 4294 uno
1536 4242 1809 4296 volumine
1850 4258 1945 4298 sex
1986 4245 2153 4299 libros
2191 4260 2339 4298 com-

767 4332 948 4399 plexa,
1002 4333 1067 4383 ad
1125 4332 1228 4385 hoc
1287 4348 1459 4401 usque
1514 4343 1724 4405 tempus
1794 4337 2154 4405 progreditur.
2222 4336 2340 4403 Ipse

784 4436 912 4474 vero
949 4422 1180 4488 scriptor
1212 4422 1440 4475 mendax
1472 4433 1575 4487 est,
1624 4434 1678 4477 et
1706 4423 1901 4479 fabulis
1929 4426 2145 4479 minime
2173 4424 2339 4479 absti-

765 4526 931 4574 nens,
966 4516 1331 4579 praedicatque
1361 4516 1620 4569 doctrinae
1667 4517 1899 4571 maxime
1933 4531 2092 4569 causa
2123 4517 2334 4570 Aetium

767 4613 821 4654 ct
874 4602 1234 4669 Eltltomium,
1297 4605 1451 4670 quasi
1520 4605 1619 4659 soli
1685 4615 2065 4674 repurgassent
2122 4607 2338 4673 pietatis

766 4700 1020 4764 dogmata
1093 4708 1339 4766 tempore
1400 4700 1801 4766 contaminata,
1866 4700 2167 4771 prodigiose
2230 4702 2335 4756 hoc

766 4792 939 4857 ipsum
987 4790 1347 4843 mentiendo:
1381 4790 1659 4857 signorum
1706 4802 1909 4857 autem,
1943 4803 1999 4847 et
2045 4794 2167 4845 vita:
2212 4808 2333 4863 gra-

2431 3337 2828 3409 Περιϐέϐληται
2850 3337 2905 3388 δὲ
2934 3334 3083 3404 αὐτῷ
3114 3333 3369 3396 ποικίλως
3398 3335 3427 3385 ό
3452 3334 3605 3401 λόγος
3629 3333 3723 3386 καὶ
3754 3335 3812 3385 ἐν
3834 3335 4007 3404 κόρῳ,

2430 3429 2505 3492 ὡς
2534 3430 2613 3492 είς
2648 3429 2709 3481 τὸ
2739 3426 2949 3495 ἀσαφὲς
2980 3472 2983 3477 .
3016 3426 3111 3479 καὶ
3140 3426 3241 3478 οὐκ
3270 3424 3359 3478 ἀεὶ
3384 3424 3574 3495 χαρίεν
3598 3425 3688 3476 τὸν
3726 3425 4009 3495 ἀκροατὴν

2432 3517 2821 3587 ὐποσύρεσθαι,
2858 3517 2944 3569 Ἐν
2978 3515 3191 3577 πολλοῖς
3213 3514 3270 3566 δὲ
3291 3514 3386 3567 καὶ
3412 3513 3623 3577 οίκείως
3647 3515 4009 3585 γνωμολογεῖ.

2444 3612 2667 3681 Ἱστορεῖ
2692 3609 2749 3661 δὲ
2787 3609 2854 3662 τὰ
2879 3608 2986 3661 ἀπὸ
3036 3609 3135 3677 τῆς
3172 3607 3381 3676 Ἀρείου
3434 3607 3563 3675 περὶ
3626 3607 3727 3676 τὴν
3786 3606 4012 3677 αἵρεσιν

2434 3703 2670 3769 σπουδῆς
2694 3718 2753 3753 τε
2780 3700 2874 3753 καὶ
2936 3698 3253 3769 κατάρξεως
3306 3697 3468 3768 μέχρι
3501 3697 3601 3766 τῆς
3647 3698 3855 3750 ⁹Αετίου
3907 3697 4010 3750 τοῦ

2436 3789 2863 3842 δυσσεϐεστάτου
2920 3788 3294 3858 ἀνακλήσεως.
3353 3783 3521 3849 Οὗτος
3550 3787 3608 3839 δὲ
3646 3787 3852 3848 Ἀέτιος
3874 3805 3994 3857 παρ

2436 3881 2619 3935 αὐτῶν
2684 3882 2784 3949 μὲν
2840 3880 2950 3932 τῶν
3003 3878 3460 3949 συναιρεσιωτῶν,
3524 3878 3694 3933 διὰτὸ
3722 3880 4017 3943 κάκείνους

2438 3969 2843 4038 ὑπερϐαλέσθαι
2874 3971 2917 4001 ’³
2955 3971 3020 4039 τῇ
3068 3967 3378 4037 δυτσεϐείᾳ..
3418 3969 3492 4029 ὠς
3522 3967 3683 4030 αὐτὸς
3726 3960 3879 4030 οὗτος
3912 3971 4017 4022 καὶ

2439 4061 2515 4130 μὴ
2539 4060 2859 4129 βουλόμενος
2891 4060 3114 4127 ἱστορεῖ,
3138 4058 3235 4125 τῆς
3264 4057 3538 4119 διακονίας
3573 4057 3875 4128 καθῃρέθη,
3902 4058 4017 4111 ὑπὸ

2435 4151 2492 4205 δὲ
2523 4152 2615 4203 τοῦ
2643 4150 3069 4202 δυσσεϐεστάτου
3117 4149 3409 4202 Ἰουλιανοῦ
3478 4150 3745 4220 ἀνεκλήθη
3803 4166 3863 4202 τε
3916 4154 4017 4204 καὶ

2439 4241 2777 4312 φιλοφρόνως
2803 4240 3084 4306 ἐδεξιώθη.
3121 4241 3233 4292 Καὶ
3267 4242 3300 4309 ἡ
3354 4240 3453 4309 μὲν
3487 4241 3693 4310 ίστορία
3743 4239 3908 4293 αὑτοῦ
3941 4242 4015 4295 δι’

2439 4335 2555 4396 ἐνὸς
2580 4333 2809 4402 βιϐλίου,
2842 4334 3029 4401 τόμοις
3060 4332 3119 4395 ἒξ
3146 4331 3632 4402 συμπληρουμένη,
3658 4333 3817 4403 μέχρι
3855 4331 4017 4388 τοῦδε

2438 4426 2655 4495 πρόεισι
2719 4424 2812 4477 τοῦ
2875 4424 3089 4493 χρόνου.
3160 4425 3315 4476 Ἐστι
3370 4423 3427 4476 δὲ
3465 4428 3530 4477 ό¹
3568 4425 3707 4495 ἀνὴρ
3749 4422 4011 4493 ψευδολὸ-

2369 4562 2411 4615 D
2440 4533 2534 4581 γος
2570 4534 2628 4568 τε
2676 4516 2771 4567 καὶ
2826 4515 2945 4567 οὐδὲ
3006 4515 3326 4583 μυθολογίας
3379 4516 3738 4585 ἀπεχόμενος.
3773 4515 4019 4585 Ἐξαίρει

2441 4608 2497 4659 δὲ
2536 4610 2591 4660 ἐν
2629 4608 2725 4677 μὲν
2752 4607 2927 4673 λόγοις
2982 4607 3214 4676 μάλιστα
3246 4608 3448 4660 Ἀέτιον
3479 4608 3570 4660 καὶ
3594 4608 3874 4676 Εὐνόμιον,
3913 4608 4019 4676 μό-

2440 4716 2564 4760 νους
2639 4696 2980 4766 ἀνακαθᾶραι
3034 4696 3101 4749 τὰ
3166 4699 3265 4766 τῆς
3314 4696 3594 4759 εὐσεϐείας
3636 4696 3882 4765 δόγματα
3931 4696 4017 4765 τῷ

2439 4794 2613 4862 χρόνῳ
2667 4790 3094 4861 συγκεχωσμένα
3142 4792 3563 4861 τερατευόμενος
3599 4793 3657 4843 ὲν
3702 4789 4015 4859 τεραστίοις

2045 4925 2274 4980 VARle
2310 4927 2713 4983 LECTIONES.

830 5046 877 5077 ⁹⁶
907 5046 1027 5099 libri
1056 5042 1363 5115 ίεροκλέως.
1442 5042 1486 5075 ⁸⁷
1512 5041 1695 5097 malim
1727 5043 2020 5113 ἀχαρίτως.
2098 5043 2143 5076 ⁸⁸
2183 5045 2494 5114 ὲκφαντικῷ
2532 5061 2674 5100 corr.
2707 5047 2770 5098 Α.
2847 5048 2891 5079 ⁸⁸
2919 5042 3350 5115 ὑπερϐάλλεσθαι
3380 5059 3441 5105 ς’.

3516 5041 3532 5071 ¹
3565 5040 3593 5090 ό
3623 5037 3775 5091 libris
3804 5036 3984 5091 deest.

2275 5158 2500 5213 NOTAE.

836 5280 947 5347 (56)
971 5278 1072 5334 Ιιιί.
1108 5282 1227 5335 cod.
1262 5277 1445 5333 XLIII.

839 5352 949 5420 (57)
981 5353 1194 5415 Septem
1220 5364 1313 5403 eos
1350 5351 1515 5403 fuisse
1564 5350 1815 5419 colligere
1853 5349 1994 5420 licet
2032 5364 2096 5402 ex
2156 5348 2333 5420 libello

770 5418 1004 5482 Eusebii,
1029 5420 1116 5488 qni
1136 5420 1309 5472 adhuc
1337 5430 1603 5487 superest,
1630 5418 1730 5474 hac
1758 5419 2108 5485 inscriptione
2145 5438 2156 5471 ε
2185 5437 2201 5468 ‹
2226 5418 2331 5470 En-

768 5491 899 5544 sehii
932 5488 1193 5553 Pamphili
1235 5489 1495 5542 Caesare-.1-
1541 5490 1686 5557 episc
1755 5490 2052 5542 confutatio
2108 5490 2336 5556 scripto-

770 5576 884 5613 rum
920 5560 1201 5625 Hieroclis,
1229 5557 1504 5629 Tyaneum
1552 5561 1763 5613 (Lhristo
1811 5559 2089 5612 Servatori
2126 5574 2338 5625 compa-

771 5640 956 5683 r;tttlls.
992 5650 1008 5678 ι

842 5699 950 5765 (58)
986 5697 1227 5751 Meminit
1260 5695 1372 5763 ejus
1405 5696 1597 5749 Suidas
1634 5700 1685 5750 in
1718 5698 1945 5751 Leontio
1972 5696 2323 5761 Tripolitano,

772 5768 926 5817 allata
979 5780 1032 5820 et
1086 5768 1396 5820 narratione
1448 5772 1678 5832 quadam
1730 5784 1795 5820 ex
1842 5769 1939 5819 hac
1986 5766 2326 5832 Philastorgii

773 5837 1022 5897 historia;
1054 5852 1372 5903 rursumque
1404 5838 1453 5889 in
1482 5837 1747 5906 l’ltlvgone
1768 5835 2069 5899 Tralliano;
2095 5834 2322 5901 Niceph.

2437 5278 2643 5332 Callist.
2687 5278 2779 5332 lib.
2824 5293 2862 5340 ι,
2898 5292 2945 5330 c.
2983 5277 3126 5339 init..
3158 5276 3268 5329 Deo
3308 5276 3530 5330 invisum
3570 5271 3837 5331 nominat,
3864 5267 4019 5320 reci-

2440 5358 2620 5415 tatque
2664 5364 2727 5402 ex
2782 5350 2971 5401 eodem
3023 5348 3087 5399 de
3137 5348 3398 5400 Eunornio
3440 5344 3681 5413 quadam
3732 5340 3870 5393 libro
3908 5353 4015 5404 xu,

2438 5433 2555 5484 cap.
2587 5418 2655 5470 99
2688 5420 2781 5471 lin.

2511 5479 2623 5555 (59)
2669 5488 2740 5539 De
2790 5502 2896 5553 quo
2944 5487 3169 5555 plurima
3222 5485 3358 5538 scitu
3404 5483 3708 5555 digna__non
3745 5494 3852 5533 uno
3888 5479 4017 5537 loco

2442 5551 2642 5624 scripta
2681 5551 2892 5623 reliquit
2921 5551 3204 5622 Nicephor.
3235 5555 3443 5627 Callist.
3475 5555 3525 5605 in
3558 5551 3758 5627 Hister.
3897 5617 3908 5627 _

2513 5622 2622 5694 (UO)
2657 5622 2931 5689 Ejns’hac
2985 5629 3049 5679 de
3098 5642 3153 5678 re
3210 5628 3273 5678 ad
3329 5622 3760 5694 Aetiunripsum
3804 5622 4014 5694 scripta

2439 5691 2665 5762 epistola
2700 5696 2857 5748 hodie
2888 5706 3084 5757 exstat,
3116 5710 3235 5746 enm
3271 5694 3481 5747 caneris
3522 5691 3760 5759 ejusdem
3811 5691 4012 5757 imper.

2439 5767 2621 5820 Crtece
2649 5777 2703 5817 et
2733 5764 2922 5817 Latine
2954 5766 3093 5817 edita
3127 5763 3369 5827 Parisiis.
