4210 6442
791 403 861 465 75
1951 400 2214 459 ΡΗΟΤΙῘ
2256 400 2757 459 ΡΑΤΠΙΛῐὶίἮίΕ
2798 400 2906 460 CP.
3964 398 4036 460 7G

792 514 957 581 llujus
1000 510 1241 567 historiae
1287 509 1408 563 libri
1454 511 1637 564 decem
1673 524 1818 577 sunt,
1848 520 1905 564 ut
1938 514 2025 565 ille
2063 516 2173 580 ipse
2205 516 2356 582 polli-

2461 515 2528 575 ὡς
2565 517 2656 564 καὶ
2691 514 2852 573 αὐτὸς
2904 513 3108 572 ἐκεῖνος
3157 503 3683 578 ὲπαγγὲλλεται.Ὠν
3730 508 3862 575 ἡμῖν
3913 508 4041 561 τοὺς

788 617 962 669 cetur,
998 618 1225 671 quorum
1273 602 1512 670 quinque
1555 596 1815 656 duntaxat
1858 604 2035 673 legere
2059 606 2187 657 mihi
2222 620 2351 658 con-

787 694 925 763 tigit,
968 692 1249 745 historiam
1295 690 1636 744 continentes
1683 692 1761 757 (ut
1792 690 1902 759 jam
1938 690 2069 759 dixi)
2099 707 2127 745 a
2159 692 2353 745 Nesto-

785 787 849 839 rii
881 783 1233 850 blasphemia,
1262 797 1428 851 usque
1470 785 1534 835 ad
1568 780 1711 836 Petri
1757 782 1991 837 haeretici
2025 798 2055 837 e
2098 786 2228 837 sede
2264 786 2350 837 de-

782 878 1092 948 jectionem.

1484 962 1639 1017 XLII.

890 1053 1081 1107 Basilii
1111 1053 1294 1108 Cilicis
1328 1052 1713 1109 Ecclesiastica:
1746 1054 1977 1107 historia:
2004 1054 2125 1106 libri
2166 1068 2247 1108 Ill.

860 1147 1024 1202 Lecta
1048 1160 1132 1201 est
1154 1148 1337 1200 Basilii
1362 1146 1546 1200 Cilicis
1571 1148 1807 1200 Historia
1838 1148 2186 1201 ecclesiastica
2215 1150 2351 1219 (67).

787 1236 981 1303 Incipit
1016 1235 1083 1287 ab
1125 1235 1341 1286 interitu
1382 1235 1640 1303 Simplicii
1686 1239 1833 1290 urbis
1866 1238 2047 1291 Roma:
2092 1241 2353 1308 episconi,

786 1326 877 1393 qui
945 1328 1011 1378 ad
1070 1327 1326 1379 Acacium
1402 1324 2058 1396 Οιιιιειίιηιίιιοροιῆιιιηιιιη
2137 1334 2355 1400 scripsit

785 1434 855 1473 ne
905 1433 1025 1471 cum
1077 1418 1239 1473 Petro
1291 1421 1381 1488 qui
1440 1420 1663 1490 Mnngus
1715 1429 2125 1492 cognominatus
2168 1435 2272 1489 est,
2305 1437 2359 1478 et

788 1522 912 1566 tunc
977 1512 1362 1567 Alexandriam
1425 1516 1841 1584 corrumpebat,
1905 1519 2353 1571 communicaret.

788 1602 888 1657 Hic
934 1605 1078 1658 enim
1118 1604 1308 1657 Petrus
1348 1614 1585 1658 sanctam
1618 1607 1956 1662 Chalcedone
1998 1610 2232 1663 habitam
2265 1626 2357 1679 sy-

784 1695 984 1748 nodum
1017 1696 1233 1762 publice
1263 1705 1429 1763 atque
1465 1698 1515 1749 in
1556 1698 1794 1751 Ecclesia
1829 1702 2174 1756 anathemate
2206 1705 2356 1756 dam-

784 1784 967 1839 nabat.
1016 1786 1120 1840 Per
1161 1802 1321 1853 quem
1372 1798 1425 1839 et
1468 1789 1697 1842 Aeacius
1739 1792 1906 1857 (recte
1946 1794 2162 1860 quidem
2203 1794 2357 1847 initio

782 1887 971 1932 contra
1026 1879 1201 1948 ipsum
1258 1884 1555 1949 permotus)
1609 1893 1756 1950 post,
1801 1887 1943 1951 quod
1998 1888 2064 1938 ab
2114 1886 2205 1940 illo
2253 1903 2355 1939 non
2392 1905 2430 1955 Β

786 1970 1131 2031 abhorreret,
1166 1970 1403 2024 haeretici
1455 1972 1763 2039 opinionem
1816 1975 1955 2041 apud
2008 1977 2206 2030 multos
2252 1993 2355 2031 non

783 2059 990 2130 ell'ugit,
1021 2076 1047 2113 a
1079 2058 1339 2115 Romanis
1374 2077 1501 2115 vero
1540 2064 1701 2115 etiam
1738 2068 1865 2118 sede
1898 2077 2071 2120 motus
2103 2079 2207 2131 est,
2242 2085 2361 2136 quas

786 2168 873 2206 res
907 2154 1004 2205 sub
1035 2150 1250 2205 Zenone
1299 2153 1493 2205 iterum
1547 2167 1808 2223 regnante
1857 2159 2056 2224 agitata
2090 2158 2218 2227 (68).
2252 2160 2363 2211 Au-

783 2246 1024 2313 spicatur
1043 2244 1223 2312 itaque
1246 2245 1312 2298 ab
1339 2245 1421 2297 his
1453 2247 1666 2313 quidem
1689 2250 2041 2315 temporibus,
2080 2251 2358 2318 pervenit-

783 2351 888 2403 que
918 2336 1263 2389 adAuastasii
1289 2338 1736 2405 inip.excessuni,
1756 2340 1843 2407 qui
1868 2351 2069 2409 septem
2097 2352 2148 2395 et
2171 2343 2356 2412 viginti

784 2442 973 2491 annos,
1009 2442 1326 2497 mensesque
1353 2438 1542 2489 tres,ut
1583 2430 1669 2483 hic
1700 2431 1907 2495 scribit,
1938 2432 2221 2499 imperavit
2263 2450 2361 2487 cu-

777 2520 868 2589 jus
888 2521 1167 2588 imperium
1184 2522 1396 2589 excepit
1414 2518 1656 2574 Justinus
1674 2521 1877 2587 Thrax,
1893 2532 1942 2575 nt
1960 2523 2153 2577 ibidem
2177 2525 2357 2581 refert.

791 2614 983 2668 Verum
1014 2617 1083 2668 ibi
1117 2614 1228 2669 fere
1259 2615 1347 2669 hic
1376 2616 1511 2668 liber
1540 2617 1857 2679 absolvitur,
1888 2632 1915 2668 a
1946 2616 2161 2671 Zenone
2192 2633 2360 2684 usque

784 2709 848 2760 ad
884 2707 1161 2761 Anastasii
1209 2708 1437 2772 exitum,
1471 2718 1524 2760 et
1563 2707 1758 2761 Justini
1807 2709 2122 2762 electiOuem
2164 2710 2361 2777 pertin-

782 2812 937 2865 gens.
992 2798 1176 2851 Refert
1224 2799 1354 2853 item
1417 2800 1550 2853 alios
1603 2803 1736 2855 duos
1791 2816 1820 2853 a
1875 2816 1933 2854 se
1980 2800 2146 2854 libros
2196 2800 2361 2853 fuisse

783 2901 1151 2959 conscriptos.
1186 2891 1416 2960 primum
1459 2903 1514 2945 et
1564 2894 1823 2945 tertium:
1859 2900 1912 2945 et
1953 2892 2099 2945 illum
2143 2894 2359 2960 quidem

783 2984 851 3035 ab
906 2983 1134 3052 imperio
1191 2982 1449 3035 Marciani
1510 2983 1673 3036 ducto
1727 2983 1914 3047 initio,
1972 2984 2037 3037 ad
2088 2982 2359 3036 Zenonem

785 3089 955 3142 usque
990 3073 1237 3141 perduci,
1280 3074 1421 3127 unde
1451 3084 1503 3128 et
1536 3076 1831 3128 secundum
1882 3077 1953 3129 sit
2005 3078 2355 3145 auspicatus;

785 3167 1002 3218 tertium
1042 3181 1167 3219 vero
1216 3168 1374 3235 hujus
1424 3166 1644 3220 alterius
1695 3167 1781 3235 9b
1837 3168 1955 3221 libri
2006 3168 2166 3221 linem
2212 3167 2359 3221 exci-

786 3271 941 3326 pere,
973 3274 999 3310 a
1030 3256 1226 3312 Justini
1264 3260 1593 3327 temporibus
1628 3260 1950 3326 incipiendo.

859 3438 955 3493 Est
1001 3438 1089 3494 hic
1145 3438 1397 3509 scriptor,
1434 3440 1498 3492 ad
1550 3440 1747 3510 stylum
1800 3440 1943 3508 quod
1990 3442 2204 3506 attinet,
2254 3458 2356 3495 non

789 3532 945 3586 valde
1007 3541 1316 3596 accuratus,
1365 3535 1457 3587 sed
1506 3544 1560 3586 et
1607 3534 1689 3587 sui
1741 3535 2008 3588 interdum
2063 3535 2356 3589 dissimilis.

786 3625 959 3678 All'ert
1003 3637 1183 3678 autem
1236 3625 1476 3679 maxime
1520 3626 1894 3692 episcoporum
1933 3627 2074 3680 ultro
2118 3626 2359 3693 citroque

787 3718 981 3770 missas
1029 3717 1307 3785 epistolas,
1341 3732 1448 3786 quo
1496 3718 1793 3771 narrationi
1851 3734 1981 3782 suae,
2025 3716 2357 3780 utaﬂirmat,

791 3809 947 3862 ﬁdem
992 3808 1248 3861 conciliet
1290 3824 1302 3860 :
1338 3824 1455 3875 qua:
1495 3826 1614 3863 cum
1649 3810 1970 3863 immensum
2006 3810 2233 3863 reddant
2264 3824 2359 3862 vo-

790 3899 987 3963 lumen,
1026 3902 1078 3953 in
1123 3914 1319 3969 magno
1360 3910 1534 3954 tamen
1573 3903 1858 3953 verborum
1895 3916 2087 3953 acervo
2121 3902 2206 3952 vix
2242 3915 2360 3952 mo-

790 3992 966 4043 dicam
1026 3988 1258 4043 aﬂ'erunt
1315 3989 1618 4053 historiam,
1672 4000 1728 4043 et
1774 3989 2099 4043 narrationis
2145 3990 2362 4054 insuper

791 4082 1173 4151 perspicuitas,
1208 4082 1260 4136 vi
1294 4091 1454 4151 atque
1485 4084 1637 4150 copia
1666 4096 1853 4135 eorum
1881 4096 1997 4149 qua:
2029 4079 2361 4146 iuterjiciun-

794 4186 900 4241 tur,
934 4175 1277 4230 rescinditur.

1497 4285 1677 4341 XLIII.

1081 4379 1241 4434 Joan.
1282 4376 1600 4443 Philoponus
1644 4381 1697 4431 in
1734 4376 2113 4429 Hexaemeron.

865 4470 1117 4540 Legimus
1148 4469 1409 4525 Joannem
1445 4470 1804 4537 Pliil0ponum
1840 4468 1950 4536 (69)
1986 4469 2035 4519 in
2070 4466 2360 4519 Hexaeme-

2463 607 2621 657 πέντε
2656 606 2879 671 γέγονεν
2906 604 3247 669 ἀναγνῶναι,
3281 604 3635 671 περιέχοντας
3660 599 3765 668 (ὡς
3795 600 4039 666 ἔφημεν)

2461 692 2567 743 ἀπὸ
2594 692 2692 759 τῆς
2728 690 3021 759 Νεστορίου
3056 690 3405 757 βλασφημίας
3446 690 3610 758 μέχρι
3634 688 3731 757 τῆς
3758 686 3852 738 τοῦ
3884 688 4039 754 αἱρε-

2461 780 2612 831 τικοῦ
2663 782 2865 849 Πέτρου
2908 782 3303 850 καθαιρέσεως.

3174 962 3305 1012 ΜΒ’.

2532 1052 2856 1104 Βασιλείου
2889 1054 3131 1115 Κίλικος
3161 1052 3673 1121 Ἑκκλησιαστικὴ
3718 1058 3972 1122 ἱστορία.

2536 1141 2878 1209 ’Λνεγνώσοη
2935 1141 3213 1193 Βασιλείου
3256 1141 3479 1203 Κίλικος
3533 1144 4043 1210 Ἐκκλησιαστικὴ

2463 1233 2717 1300 Ιστορίιι.
2751 1235 3011 1301 Ἀρχεται
3044 1234 3151 1284 ἀπὸ
3179 1234 3277 1303 τῆς
3302 1235 3554 1301 τελευτῆς
3594 1237 3915 1304 Σιμπλικίου
3951 1240 4044 1290 τοῦ

2480 1324 2722 1392 Ῥώμης,
2760 1324 2814 1385 ὃς
2848 1326 2982 1393 πρὸς
3019 1326 3271 1376 Ἀκάκιον
3301 1328 3390 1377 τὸν
3423 1328 4043 1393 Κωνσταντινουπόλεως

2463 1415 2700 1484 ἔγραψεν
2742 1417 3043 1483 ἀποστῆναι
3088 1418 3186 1483 τῆς
3237 1417 3370 1485 πρὸς
3420 1419 3623 1487 Πέτρον
3668 1422 3759 1471 τὸν
3793 1424 4045 1487 Ἀλεξάν-

2461 1506 2677 1573 δρειαν⁵
2710 1507 3105 1574 λυμαινόμενον
3136 1506 3439 1570 κοινωνίας,
3466 1503 3510 1574 ᾧ
3543 1512 3773 1581 ἐπίκλην
3795 1514 4043 1579 Μογγό;’

2463 1592 2615 1658 οὗτος
2653 1597 2759 1665 γὰρ
2795 1599 2891 1674 τὴν
2924 1600 2981 1649 ὲν
3027 1598 3330 1667 Καλχηδόνι
3365 1602 3523 1667 ἁγίαν
3560 1602 3777 1657 σύνοδον
3810 1606 4050 1675 δημοσίᾳ.

2466 1692 2559 1742 καὶ
2611 1692 2667 1741 ὲν
2702 1692 3000 1761 Ἐκκλησία
3038 1693 3415 1761 ἁνεθεμάτιζε.
3450 1695 3527 1746 Δι’
3556 1696 3614 1747 ὃν
3663 1700 3755 1749 καὶ
3786 1698 4047 1762 ’Δκάκιος

2464 1782 2642 1845 καλῶς
2697 1784 2959 1852 πρότερον
3012 1786 3131 1835 κατ’
3161 1784 3325 1836 αὐτοῦ
3374 1788 3752 1857 κεκινημένος,
3814 1790 4048 1861 ὕστερον

2462 1876 2560 1927 οὐκ
2590 1877 3072 1944 ἀποστρεφόμενος
3102 1877 3379 1945 αἱρετικοῦ
3423 1880 3582 1945 δόξαν
3630 1884 3780 1951 παρὰ
3826 1884 4049 1946 πολλοῖς

2465 1972 2765 2042 ἐκτήσατο,
2796 1974 2908 2033 τοῖς
2940 1972 2997 2023 δὲ
3050 1973 3341 2041 Ῥωμαίοις
3407 1979 3502 2027 καὶ
3561 1978 3666 2030 ὑπὸ
3719 1979 4047 2050 καθαίρεσιν

2462 2062 2675 2113 ἔπεσεν.
2697 2064 2819 2114 Ἐπὶ
2838 2065 3081 2132 Ζήνωνος
3097 2064 3151 2115 δὲ
3176 2065 3233 2115 τὸ
3262 2065 3511 2134 δεύτερον
3536 2068 3707 2121 ταῦτα
3719 2072 4044 2139 ἐπράττετο.

2466 2156 2724 2223 Ἀρχεται
2756 2154 2851 2221 μὲν
2885 2151 2977 2207 οὖν
3010 2157 3074 2206 ὲκ
3106 2154 3270 2206 τῶνδε
3300 2155 3407 2207 τῶν
3435 2157 3663 2226 χρόνων,
3700 2161 3793 2211 καὶ
3826 2163 4047 2214 κάτεισι

2466 2248 2627 2316 μέχρι
2656 2246 2909 2313 τελευτῆς
2947 2249 3321 2312 Ἀναστασίου,
3357 2250 3415 2312 ὃς
3460 2252 3774 2303 εἰκοσιεπτὰ
3807 2252 3903 2322 ἐτη
3951 2255 4051 2306 καὶ

2464 2337 2637 2405 μῆνας
2665 2340 2832 2406 τρεῖς,
2861 2337 2935 2399 ὡς
2965 2334 3117 2400 οὗτός
3147 2357 3330 2409 φησιν,
3366 2342 3423 2392 ἐν
3447 2343 3511 2410 τῇ
3545 2342 3794 2412 βασιλείᾳ
3821 2343 4051 2413 διήρκε-

2463 2444 2553 2479 σεν
2574 2444 2587 2456 ·
2625 2429 2742 2495 μεθ’
2775 2428 3131 2481 ὂνΊουστίνον
3163 2433 3253 2481 τὸν
3283 2432 3471 2502 Θρᾷκα
3502 2434 3884 2506 ἀναρρηθῆναι
3913 2435 4051 2505 γρά-

2462 2538 2552 2589 φει
2606 2521 2849 2590 βασιλέα.
2869 2521 3005 2573 Ἀλλ’
3041 2524 3073 2592 ἡ
3113 2524 3211 2591 μὲν
3240 2523 3417 2590 βίὸλος
3465 2526 3601 2594 αῦτη
3657 2525 3890 2578 ἐνταῦθά.
3939 2544 4050 2579 που

2461 2613 2557 2679 τὴν
2584 2613 2805 2683 Γραφὴν
2837 2614 3050 2681 ἵστησιν
3070 2653 3084 2677 ,
3121 2614 3228 2665 ἀπὸ
3258 2618 3501 2683 Ζήνωνος
3533 2619 3692 2686 μέχρι
3720 2618 3821 2685 τῆς
3854 2620 4051 2672 τελευ-

2460 2704 2556 2770 τῆς
2586 2704 2935 2755 Ἀναστασίου
2968 2706 3180 2774 καὶτῆς
3212 2707 3497 2759 Ὶουστίνου
3529 2710 3880 2778 ἀναρρήσεως
3912 2727 4053 2762 κατ-

2464 2796 2636 2846 ιοῦσα.
2658 2796 2822 2861 Λέγει
2846 2796 2901 2846 δὲ
2932 2790 3086 2857 οὗτος
3114 2797 3188 2857 ὡς
3214 2798 3405 2865 είησαν
3429 2799 3577 2868 αὐτῷ
3608 2801 3701 2852 καὶ
3732 2802 3921 2871 ἕτεραι
3949 2803 4051 2854 δύο

2462 2888 2835 2955 πεπονημέναι
2868 2887 3060 2956 βίὸλοι,
3092 2888 3281 2958 πρώτη
3320 2890 3412 2940 καὶ
3449 2892 3645 2960 τρίτη·
3679 2886 3754 2945 ὦν
3796 2893 3895 2962 τὴν
3949 2895 4055 2961 μὲν

2460 2977 2568 3027 ἀπὸ
2598 2979 2915 3046 Μαρκιανοῦ
2946 2980 3038 3031 τοῦ
3076 2979 3339 3046 βασιλέως
3377 2982 3640 3051 ἄρχεσθαι
3666 3022 3679 3046 ,
3714 2984 4055 3052 καταλήγειν

2459 3069 2513 3119 δὲ
2567 3070 2669 3131 ἕως
2716 3072 2983 3138 Ζήνωνος,
3029 3074 3121 3140 ἀφ’
3153 3070 3212 3126 οὗ
3259 3077 3357 3145 τὴν
3399 3075 3573 3145 ἀρχὴν
3604 3077 3635 3143 η
3666 3076 3895 3143 δευτέρα
3944 3078 4054 3128 ἑπ-

2460 3160 2711 3227 εποίητο,
2746 3162 2844 3229 τὴν
2871 3161 2925 3213 δὲ
2954 3162 3143 3231 τρίτην
3176 3164 3446 3216 ποιεῖσθαι
3488 3166 3771 3231 προοίμιον
3800 3166 3861 3215 τὸ
3888 3166 4055 3229 τέλος

2388 3252 2429 3308 C
2463 3250 2559 3317 τῆς
2588 3251 2843 3321 δευτέρας
2880 3254 2974 3305 καὶ
3021 3255 3127 3305 ἀπὸ
3160 3256 3261 3323 τῆς
3310 3255 3587 3324 βασιλείας
3603 3256 3891 3308 ἰουστίνου
3936 3258 4055 3310 ἀπ-

2460 3343 2745 3410 ἁρχεσΟαι.

2534 3436 2687 3487 Ἐστι
2710 3436 2765 3488 δὲ
2787 3437 2814 3488 ό
2840 3440 3193 3507 συγγραφεὺς
3218 3439 3276 3491 οὑ
3309 3438 3429 3493 λίαν
3457 3441 3555 3508 τὴν
3578 3439 3778 3509 φράσιν
3805 3440 4056 3510 ἀπηκρι-

2461 3526 2735 3595 ϐωμένος,
2772 3528 2909 3581 ἀλλὰ
2951 3532 3046 3583 καὶ
3080 3532 3385 3600 ἀνωμάλως
3435 3531 3573 3601 ἔχων
3621 3533 3794 3600 πρὸς⁸
3823 3533 4051 3588 ἑαυτόν.

2461 3620 2738 3687 Κέχρηται
2790 3620 2846 3671 δὲ
2884 3622 3115 3689 μάλιστα
3162 3625 3281 3683 ταῖς
3331 3625 3460 3692 παρ’
3494 3623 3741 3691 ἀλλήλων
3770 3625 3882 3675 τῶν
3924 3627 4059 3676 ὲπι-

2464 3712 2681 3763 σκόπων
2719 3714 3096 3784 στελλομέναις
3126 3718 3457 3779 ἐπιστολαῖς,
3487 3721 3567 3780 εις
3597 3720 3779 3771 πίστιν
3806 3718 3904 3786 (ὣς
3934 3738 4055 3789 φη·

2463 3801 2585 3869 σιν)
2613 3798 2686 3854 ὧν
2711 3804 2869 3866 αὐτὸς
2901 3806 3100 3873 γράφει
3122 3823 3133 3833 ⁸
3167 3806 3223 3857 αἳ
3256 3806 3350 3858 καὶ
3383 3806 3705 3877 πολύστιχον
3739 3807 3957 3859 ποιοῦσι.
3989 3811 4060 3862 τὸ

2464 3893 2664 3962 βιϐλίον
2696 3899 2787 3947 καὶ
2816 3899 2873 3947 ὲν
2907 3898 3096 3965 πλήθει
3129 3900 3302 3966 λόγων
3363 3900 3554 3969 ὀλίγην
3601 3900 3828 3966 συνάγον
3849 3901 3868 3928 ⁷
3899 3902 4060 3953 ἱστο-

2467 3987 2620 4055 ρίαν·
2656 3988 2734 4039 διὸ
2763 3991 2855 4040 καὶ
2883 3990 2944 4040 τὸ
2975 3991 3142 4057 σαφὲς
3178 3992 3276 4061 τῆς
3326 3992 3569 4061 ἱστορίας
3606 3991 3685 4061 τῷ
3716 3992 3910 4062 πλήθει
3945 4011 4060 4046 πε-

2465 4084 2781 4152 ρικόπτεται
2821 4084 2929 4137 τῶν
2967 4088 3463 4156 παρεντιθεμένων.

3168 4285 3220 4335 Μ
3227 4285 3276 4335 Γ¹
3285 4322 3299 4336 .

2466 4373 2749 4427 Ἰωάννου
2786 4373 2893 4425 τοῦ
2927 4376 3268 4427 Φιλοπόνου
3304 4378 3390 4441 εις
3430 4376 3547 4443 τὴν
3577 4377 3760 4446 ἕκτην
3788 4380 4061 4449 ἡμέραν.

2534 4466 2871 4535 Ἀνεγνώσθη
2891 4467 3133 4519 Ἰωάννου
3162 4469 3254 4520 τοῦ
3272 4470 3560 4522 Φιλοπόνου
3579 4474 3681 4536 Είς
3696 4472 3807 4537 τὴν
3824 4472 3977 4535 Ἑξα
3987 4476 4064 4541 ἡ-

793 4584 905 4629 ron,
949 4579 1057 4633 quo
1096 4563 1149 4617 in
1194 4562 1334 4616 libro
1376 4576 1540 4628 purus
1584 4571 1665 4613 est
1712 4568 1764 4612 et
1798 4562 1994 4623 clarus,
2032 4574 2196 4625 seque
2250 4559 2361 4625 ipse

2463 4560 2834 4627 μερον.“Εστι
2863 4560 2917 4611 δὲ
2952 4563 3006 4612 ὲν
3038 4562 3212 4632 τούτῳ
3243 4563 3317 4632 τῷ
3348 4564 3535 4632 βιϐλίῳ
3560 4564 3796 4633 καθαρὸς
3828 4566 3921 4635 [29
3954 4567 4061 4639 3.]

792 4658 1003 4710 dicendi
1048 4653 1204 4707 modo
1256 4652 1443 4715 vincit,
1474 4663 1633 4720 atque
1683 4660 1739 4703 ut
1779 4649 1975 4703 Basilio
2013 4648 2203 4716 Magno
2237 4648 2355 4717 plu-

792 4751 985 4801 rimum
1042 4745 1154 4799 lere
1201 4743 1504 4805 consentit,
1557 4743 1635 4796 sic
1692 4756 1789 4809 per
1844 4739 2357 4809 oninia,Tneodoro

791 4836 1131 4903 Mopsuestia:
1176 4844 1460 4901 repugnat,
1500 4833 1588 4900 qui
1636 4832 1774 4884 idem
1821 4830 1932 4897 ipse
1981 4841 2355 4897 argumentum

792 4940 1097 4996 aggressus,
1150 4923 1638 4993 Interpretationem
1690 4922 1944 4977 Gcneseos
1978 4922 2114 4991 (70),
2164 4925 2358 4977 librum

2466 4650 2557 4700 καὶ
2590 4650 2765 4718 σαφὴς
2796 4652 2888 4701 καὶ
2917 4652 3175 4719 κρείττων
3226 4657 3291 4722 τῇ
3334 4653 3473 4718 λέξει
3504 4654 3719 4716 ἑαυτοῦ,
3757 4657 3853 4706 καὶ
3903 4674 4066 4727 συμ-

2464 4741 2657 4807 φωνῶν
2681 4740 2859 4808 σχεδὸν
2880 4743 2936 4791 ὲν
2962 4744 3070 4801 τοῖς
3099 4744 3368 4805 πλείστοις
3398 4744 3658 4815 Βασιλείῳ
3680 4746 3755 4814 τῷ
3780 4747 4065 4817 Μεγάλῳ,

2464 4832 2803 4883 ἀντιπίπτων
2834 4831 2889 4882 δὲ
2921 4831 2985 4881 δι’
3016 4832 3135 4884 ὅλου
3164 4835 3238 4901 τῷ
3271 4836 3643 4902 Μοψουεστίας
3677 4835 3966 4904 Θεοδώρῳ,
4001 4840 4069 4900 ὃς

2469 4924 2564 4993 τὴν
2597 4924 2766 4991 αὐτὴν
2798 4921 3052 4974 ὑπόθεσιν
3094 4925 3493 4994 ἐνστησάμενος
3535 4926 3889 4992 Ἐρμηνείαν
3938 4929 4069 4993 τῆς

794 5019 1091 5086 inscripsit,
1130 5016 1288 5085 cujus
1342 5018 1623 5085 opiniones
1678 5014 2005 5083 Philoponus
2065 5016 2359 5085 reprehen-

2467 5017 2717 5079 κτίσεως
2758 5014 2818 5065 τὸ
2857 5012 3059 5083 βιϐλίον
3110 5015 3449 5084 ἐπέγραψεν
3486 5009 3546 5067 οὗ
3595 5016 3691 5077 τὰς
3743 5016 3907 5081 δόξας
3976 5018 4071 5070 ὀι-

791 5114 941 5173 dens,
975 5119 1161 5163 contra
1195 5110 1345 5164 nisus
1374 5120 1476 5163 est.

2472 5106 2710 5175 ελέγχων
2737 5108 2763 5158 ὁ
2788 5107 3074 5169 Φιλόπονος
3098 5108 3199 5177 τὴν
3224 5109 3473 5161 ἐναντίαν
3501 5107 3790 5178 ἐτράπετο.

2046 5288 2281 5343 νΑΒΙᾹΞ
2314 5289 2710 5346 LECTIONES.

864 5415 881 5443 '
919 5414 1004 5465 τὸν
1039 5412 1137 5483 τὴν
1158 5409 1569 5481 Ἀλεξάνδρειαν
1596 5428 1656 5473 ς.

1735 5410 1754 5440 ⁸
1776 5408 1936 5479 πρὸς]
1971 5412 2062 5462 καὶ
2098 5410 2229 5479 πρὸς
2254 5411 2318 5462 Α.
2399 5411 2416 5439 ⁷
2453 5411 2685 5476 συνάγον
2713 5410 2753 5460 Α
2786 5428 2797 5460 :
2833 5409 3160 5475 συναγαγεῖν
3189 5422 3249 5469 ς,

2278 5567 2509 5621 NOTA'J.

860 5683 974 5754 (67)
1010 5684 1252 5738 Meminit
1301 5684 1457 5752 hujus
1507 5683 1727 5746 Niccpb.
1766 5682 1972 5735 Cullist.
2027 5681 2115 5735 lib.
2149 5698 2187 5743 ι,
2234 5696 2351 5749 Cap.

791 5757 911 5809 iuit.
946 5755 1072 5821 Ejus
1104 5770 1262 5811 etiam
1295 5766 1375 5809 est
1408 5756 1525 5808 cml.
1570 5754 1668 5806 H7
1707 5754 1799 5805 inl‘.

858 5828 968 5895 (σεδ)
1000 5825 1138 5897 Lege
1163 5828 1311 5881 card.
1357 5826 1551 5879 Ilarou.
1585 5826 1777 5877 Amtul.
1820 5836 1946 5877 tom.
1978 5822 2058 5885 Vl,
2095 5822 2158 5874 ad
2194 5822 2255 5873 Α.
2290 5821 2350 5874 C.

2461 5681 2645 5816 48:1;9)
2690 5747 2853 5812 llnjus
2890 5750 3068 5816 operis
3102 5758 3360 5817 excerpta
3388 5746 3631 5802 invenies
3664 5745 3764 5800 iul.
3796 5750 3897 5801 end
3932 5752 3946 5802 l
3979 5754 4075 5809 ιο,

2539 5823 2649 5889 (ill)
2687 5822 2815 5886 Sup.
2852 5824 2973 5874 cod.
3009 5820 3095 5871 58.
