4210 6442
152 408 213 476 π
1106 396 1627 458 BIBLIOTHECA.
1671 422 1736 433 —
1765 396 1978 457 CODD.
2018 398 2414 459 XLII-XLIV.
3316 404 3385 467 ’18

861 517 993 569 MJ'.

2519 510 2699 567 XLIV.

147 612 555 679 Φιλοστράτου
610 609 820 679 Τυρίου
859 610 947 671 είς
1006 606 1115 661 τὸν
1156 606 1565 661 Ἀπολλωνίου
1610 605 1717 657 τοῦ

1824 605 2135 659 Philostrati
2171 604 2315 675 Tyrii
2341 606 2404 658 de
2448 606 2551 657 vita
2580 604 2841 671 Apollonii
2885 603 3084 675 Tyanei
3113 606 3237 661 libri
3268 624 3387 666 vtu.

574 678 841 745 Τυανέως
865 679 1010 742 βίον
1038 678 1207 745 λόγοι
1227 684 1299 746 η’.

212 772 562 843 Ἀνεγνὼσθη
628 771 992 839 Φιλοστράτου
1061 769 1262 838 Τυρίου
1312 769 1417 832 Εις
1462 767 1568 819 τὸν
1614 765 1721 819 τοῦ

146 866 559 921 Ἀπολλωνίου
582 862 687 915 τοῦ
711 862 977 925 Τυανέως
997 860 1087 931 [l3
1116 862 1183 913 Η.
1199 860 1211 929 ]
1227 860 1372 923 ,βίον
1388 860 1539 925 λόγοι
1556 860 1717 912 ὀκτώ.

150 953 489 1022 Ἐστιδὲτὴν
506 953 703 1020 φράσιν
722 948 898 1017 σαφὴς
926 949 1176 1017 ἑπίχαρίς
1202 950 1222 979 ⁸
1253 967 1310 1001 τε
1338 950 1431 1002 καὶ
1448 952 1723 1019 ἀφοριστι-

1894 761 2022 831 Legi
2057 762 2366 817 PhiIOSIrati
2400 762 2546 833 Tyrii
2566 762 2644 815 De
2669 763 2771 815 vita
2795 763 3057 831 Apollonii
3078 764 3391 838 Tynuei(7l)

1827 855 1994 908 lihros
2025 866 2168 907 octo.
2205 854 2357 923 Stylo
2406 870 2535 908 usus
2594 865 2677 908 est
2721 868 2922 923 aperto,
2956 858 3215 924 gratioso,
3265 875 3384 912 cou-

1826 948 1973 1010 ciso,
2004 947 2161 1013 pleno
2190 949 2351 1000 etiam
2387 945 2687 1010 dulcedine,
2723 960 2784 998 ac
2832 961 2949 999 Clllil
2982 962 3046 999 ex
3090 948 3253 1013 prisci
3300 951 3383 1001 lo—

149 1048 258 1110 κδς,
304 1046 400 1097 καί
463 1043 645 1112 βρύων
680 1042 1023 1111 γλυκύτητος
1044 1081 1058 1104 ,
1094 1043 1189 1094 καὶ
1210 1043 1287 1111 τῷ
1307 1043 1599 1113 ἀρχαῖσμῴ
1630 1043 1725 1096 καὶ

1826 1039 2026 1107 qucudi
2095 1038 2322 1103 formis,
2371 1048 2487 1093 tum
2534 1053 2600 1093 ex
2660 1038 3051 1092 recentioribus
3110 1038 3394 1109 elegantiis

146 1141 261 1199 ταῖς
292 1134 859 1205 καινοπρεπεστέρως
883 1131 990 1185 τῶν
1013 1132 1317 1196 συντάξεων
1339 1132 1726 1203 ἐμφιλοτιμού-

150 1244 331 1297 μενος.

224 1321 459 1389 Ἰστορεί
500 1318 557 1371 δὲ
598 1318 688 1370 τὸν
726 1316 1082 1369 ’Δπολλώνιον
1134 1316 1268 1385 πρός
1295 1333 1355 1369 τε
1392 1317 1605 1381 Ἰνδοὺς,
1636 1317 1730 1381 οὓς

145 1414 301 1467 καλεῖ
352 1416 453 1465 καὶ
502 1412 850 1481 Βραχμᾶνας,
883 1410 1123 1472 ἀπιέναι,
1158 1409 1218 1473 ἐξ
1249 1406 1324 1462 ὦν
1362 1411 1456 1463 καὶ
1503 1412 1733 1464 πλεῖστα

145 1507 243 1572 τῆς
274 1506 411 1575 παρ’
443 1505 627 1565 αὐτοῖς
668 1502 956 1570 θεοσοφίας
996 1500 1253 1570 ἐκμαθεῖν
1275 1540 1290 1562 ,
1321 1504 1415 1553 καὶ
1442 1503 1577 1571 πρὸς
1606 1504 1733 1564 τοὺς

146 1597 427 1649 Αἰθιόπων
482 1597 699 1661 σοφοὺς,
727 1594 818 1656 οὓς
873 1594 967 1645 καὶ
994 1592 1273 1661 Γυμνοὺς
1302 1592 1580 1658 ὀνομάζει,
1609 1595 1690 1647 ὃτι
1712 1596 1734 1625 ⁹

146 1689 346 1755 γυμνοὶ
398 1687 494 1739 τὸν
528 1686 637 1753 βίον
667 1686 787 1738 ὅλον
813 1684 1079 1750 διάγουσι,
1117 1684 1284 1753 μηδὲξ
1313 1684 1406 1735 τοῦ
1451 1686 1613 1754 ἀέρος
1658 1685 1735 1737 δι-

146 1777 440 1846 οχλοῦντος
467 1778 662 1838 αὐτοὺς
690 1776 769 1838 είς
789 1775 1078 1844 περιὸολὴν
1103 1774 1295 1826 ἐλθεῖν.
1315 1774 1503 1845 Πολλῷ
1526 1776 1582 1828 δέ
1604 1791 1735 1845 φησι

148 1872 270 1931 τοὺς
310 1868 497 1921 Ἰνδῶν
534 1868 643 1919 τῶν
676 1868 734 1918 ἐν
760 1865 840 1934 τῷ
866 1866 1120 1934 Αἰθιοπίᾳ
1146 1863 1326 1932 σοφῶν
1354 1865 1627 1934 προέχειν,
1654 1866 1734 1918 ὅτι

148 1961 201 2010 τέ
229 1975 371 2027 φησι
397 1956 534 2027 πρὸς
560 1958 751 2009 ἀκτῖνα
783 1953 1057 2017 οἰκοῦντες
1085 1953 1234 2022 ἡλίου
1264 1952 1461 2020 μᾶλλόν
1504 1956 1609 2007 είσι
1636 1955 1734 2022 τὴν

148 2051 394 2103 διάνοιαν
422 2047 569 2111 ὀξεῖς
611 2046 705 2099 καὶ
750 2046 1013 2117 καθαροὶ,
1043 2045 1139 2099 καὶ
1161 2046 1245 2098 ὅτι
1276 2045 1368 2098 καὶ
1396 2046 1570 2115 χρόνῳ
1604 2062 1736 2116 προ-

152 2142 402 2210 ηιοντες.

220 2228 315 2299 Τῷ
352 2227 542 2297 μέντοι
575 2224 916 2295 Ἀπολλωνίῳ
942 2224 1093 2279 οὐδὲν
1120 2225 1256 2288 ὅλως
1304 2225 1437 2295 φησὶ
1481 2226 1737 2296 τελεσθῆ-

154 2338 262 2382 ναι,
292 2313 385 2371 οἶα
415 2320 445 2369 ὁ
478 2315 728 2385 μυθώδης
748 2317 899 2387 αὺτῷ
922 2316 1202 2387 χαρίζεται
1227 2314 1383 2385 λόγος
1405 2333 1419 2347 ο
1450 2317 1737 2385 φιλόσοφον

154 2412 209 2457 οε
239 2422 365 2456 τινα
391 2406 491 2456 καὶ
521 2406 768 2475 ἐγκρατῆ
790 2406 904 2475 βίον
924 2406 1288 2478 ἀποσεμνύνει
1309 2409 1353 2440 ¹⁸
1379 2409 1541 2463 αὐτὸν
1563 2408 1741 2479 βιοῦν-

154 2514 219 2548 τα
238 2534 255 2557 ,
288 2495 391 2549 ατε
426 2499 526 2550 καὶ
551 2497 929 2568 Πυθαγορικὴν
961 2500 1395 2570 ἐπιδεικνύμενον
1421 2502 1740 2571 φιλοσοφίαν

158 2587 213 2637 ἐν
238 2601 301 2637 τε
341 2584 505 2655 ήθεσι
551 2586 645 2637 καὶ
689 2587 748 2637 ἐν
788 2588 1038 2657 δόγμασι.
1066 2590 1170 2642 Τὸν
1211 2591 1269 2643 δὲ
1314 2592 1541 2645 Θάνατον
1572 2593 1739 2648 αὐτοῦ

158 2676 355 2746 ἀδηλόν
382 2693 444 2729 τε
476 2676 573 2753 καῖ
596 2675 807 2738 πολλοῖς
833 2677 1268 2749 διαφωνούμενον
1299 2681 1445 2750 λέγει
1467 2685 1741 2751 γενέσθαι,

161 2766 328 2820 αὑτοῦ
349 2767 566 2820 ἑκείνου
589 2766 746 2819 τοῦτο
770 2769 1169 2832 σπουδάσαντος¹
1184 2787 1197 2800 ο
1218 2773 1435 2843 καὶγὰρ
1453 2776 1545 2826 καὶ
1562 2775 1741 2839 ζῶντα

162 2862 240 2911 ἑτι
282 2859 535 2927 λέγειν¹¹
584 2858 658 2922 ὡς
693 2859 773 2912 δεῖ
798 2858 889 2911 τὸν
924 2862 1083 2929 σοφὸν
1109 2864 1234 2925 τοὺς
1267 2864 1493 2927 πολλοὺς
1514 2866 1741 2919 λαθόντα

164 2951 374 3018 βιῶναι,
408 2952 461 3003 εί
482 2950 541 3002 δὲ
564 2949 659 3021 μὴ,
691 2951 792 3003 κᾶν
816 2950 947 3018 γοῦν
972 2953 1273 3007 ἁποϐιῶναι
1297 2954 1552 3009 λαθόντα⁸
1574 2957 1743 3024 τάφον

160 3045 213 3095 δὲ
240 3042 417 3096 αὑτοῦ
456 3042 711 3113 μηδαμοῦ
741 3045 843 3113 γῆς
872 3045 1157 3112 ἐγνῶσθαι.
1181 3046 1343 3114 Λέγει
1364 3048 1421 3099 δὲ
1450 3048 1611 3101 αὑτὸν
1637 3048 1743 3117 μά-

163 3135 323 3187 λιστα
356 3134 666 3204 χρημάτων
695 3134 930 3205 κρείττω
954 3136 1222 3203 γενέσθαι,
1252 3137 1327 3199 ὡς
1353 3138 1445 3191 καὶ
1466 3139 1564 3208 τὴν
1606 3139 1740 3208 κτῆ-

165 3244 248 3279 σιν
277 3226 452 3279 αὐτοῦ
482 3225 563 3295 τῷ
589 3243 647 3279 τε
682 3226 796 3295 ἰδίῳ
835 3225 1047 3296 ἁδελφῷ
1078 3227 1170 3281 καὶ
1197 3227 1402 3298 ἑτέροις
1426 3228 1743 3282 καταλιπεῖν

165 3319 258 3371 καὶ
288 3320 448 3389 παρὰ
482 3318 709 3388 μηδενὸς
734 3319 842 3372 τῶν
876 3319 961 3371 ιττ*
981 3319 1022 3349 ⁸⁸
1050 3319 1339 3384 εξουσίαις,
1364 3320 1539 3373 καίτοι
1574 3320 1745 3373 πολλὰ

165 3409 494 3472 ἀξιούντων,
549 3408 834 3478 πεισθῆναι
854 3410 898 3440 ⁸³
945 3407 1130 3460 λαϐεῖν
1186 3408 1464 3477 χρήματα.
1509 3408 1743 3477 Φησὶνίδ

168 3501 329 3553 αὑτὸν
360 3500 458 3552 τὸν
488 3500 547 3551 ὲν
577 3499 783 3568 Ἐφέσῳ
808 3498 994 3568 λοιμὸν
1014 3501 1054 3532 ⁸³
1080 3501 1172 3552 καὶ
1203 3500 1438 3568 προϊδεῖν
1469 3501 1561 3552 καὶ
1586 3516 1745 3567 γεγο-

169 3596 292 3646 vita.
318 3593 559 3648 παῦσαι.
588 3594 699 3646 Καὶ
743 3593 930 3646 λέοντα
958 3593 1015 3645 δὲ
1046 3594 1194 3658 ἰδεῖν,
1234 3594 1328 3647 καὶ
1373 3595 1547 3647 εἰπεῖν
1588 3592 1664 3656 ὡς
1709 3595 1742 3663 ἡ

169 3685 261 3738 τοῦ
296 3684 597 3755 Ἀμάσιδος
633 3682 728 3735 τοῦ
757 3684 1069 3751 Αἰγυπτίων
1110 3683 1375 3753 βασιλέως
1404 3683 1549 3755 ψυχὴ
1580 3684 1638 3737 εν
1666 3682 1743 3752 τῷ

170 3772 340 3844 θηρίῳ
384 3774 500 3841 εἴη,
548 3772 823 3841 ὖπέχονσα
864 3773 1019 3843 δίκην
1063 3773 1172 3824 τῶν
1217 3772 1593 3843 βεϐιωμένων
1648 3775 1744 3826 καὶ

175 3864 501 3930 Ἔμπουσαν
534 3861 753 3927 ἐλέγξαι
806 3865 864 3914 ὲν
909 3861 1190 3931 ὑποκρίσει
1230 3862 1450 3932 ἑταίρας
1478 3864 1607 3933 ὲρᾷν
1632 3864 1743 3916 Με-

170 3954 369 4005 νίππου
415 3952 923 4021 προσποιουμένηνο
970 3954 1066 4004 καὶ
1100 3952 1266 4021 κόρην
1293 3954 1350 4004 ὲν
1388 3952 1575 4025 Ῥώμῃ
1618 3954 1743 4023 ἄρτι

171 4045 419 4098 τεθνάναι
445 4043 709 4097 δοκοῦσαν
740 4044 1142 4113 ἐπαναστρέψαι
1174 4044 1252 4113 τῷ
1278 4044 1407 4114 plur
1454 4047 1550 4097 καὶ
1586 4045 1743 4099 λῦσαι

171 4136 226 4188 sb
274 4136 473 4198 σκέλος
522 4136 583 4188 εν
624 4134 702 4203 τῷ
744 4134 1099 4204 δεσμωτηρίῳ
1128 4134 1259 4187 ὄντα
1287 4134 1601 4203 δεδεμένον·
1648 4137 1744 4188 καὶ

172 4227 618 4297 ἀπολογήσασθαι
646 4228 744 4295 μὲν
770 4228 903 4297 πρὸς
931 4226 1246 4295 Δομιτιανδν
1267 4226 1309 4258 ¹⁶
1335 4227 1477 4297 ὑπέρ
1498 4244 1555 4280 τε
1580 4228 1742 4281 αὐτοῦ

175 4322 260 4371 καὶ
294 4318 541 4387 Νερούα,
564 4317 621 4379 ὃς
654 4318 788 4385 μετὰ
818 4318 1133 4387 Δομιτιανὸν
1157 4318 1437 4385 Ῥωμαίων
1466 4318 1745 4371 ἐϐασίλευ-

176 4426 283 4473 σεν,
314 4408 690 4477 ἀφανισθῆναι
731 4408 787 4461 δὲ
835 4409 973 4475 μετὰ
1001 4408 1100 4477 τὴν
1144 4408 1438 4475 ἀπολογίαν
1466 4408 1558 4461 τοῦ
1590 4409 1745 4461 δικα-

1767 1856 1808 1910 Β
1838 1852 2093 1906 amictum
2190 1852 2432 1905 imluaut.

1829 1129 2036 1185 laudem
2061 1132 2274 1201 quaerit.

1901 1305 2100 1360 Narrat
2122 1306 2456 1375 Apollonium
2485 1305 2549 1360 ad
2579 1304 2737 1360 ludos
2759 1306 2912 1375 (quos
2939 1316 2991 1360 et
3023 1305 3393 1361 Brachmanas

1832 1399 2098 1467 nominat)
2132 1397 2432 1466 profectum
2469 1412 2609 1460 esse,
2644 1413 2711 1451 ex
2759 1398 2953 1464 quibus
3003 1398 3257 1465 plerapie
3306 1401 3387 1452 di-

1832 1488 1968 1540 vina:
1994 1502 2179 1541 eorum
2208 1486 2484 1553 sapientia:
2528 1486 2795 1541 didicerit.
2828 1484 3133 1540 Proiectum
3169 1487 3293 1540 item
3327 1491 3391 1540 ad

1834 1578 2149 1648 Ethiopum
2185 1580 2472 1646 sapientes,
2501 1591 2637 1645 quos
2663 1587 2718 1631 et
2746 1577 2989 1646 Γυμνοὺς
3021 1578 3391 1646 appellat(72).

1846 1670 1991 1737 quod
2021 1669 2147 1722 nudi
2176 1678 2389 1721 aetatem
2419 1679 2677 1737 perpetuo
2732 1670 3054 1738 transigant,
3097 1678 3148 1721 et
3181 1684 3243 1721 ne
3275 1673 3394 1723 cadi

1842 1761 2056 1829 quidem
2143 1767 2460 1827 tempestate
2552 1767 2711 1827 atque
2791 1760 3131 1835 inclementia
3221 1760 3397 1813 vexati

2531 1853 2781 1906 Indorum
2863 1862 3039 1905 autem
3129 1853 3399 1921 sapientes

1838 1942 1992 2012 longe
2035 1944 2110 1996 ait
2159 1942 2243 1997 his
2287 1943 2631 2008 antecellere,
2677 1955 2786 1996 tum
2844 1942 2987 2012 quod
3042 1942 3173 1997 solis
3234 1944 3399 1998 radiis

1838 2038 2142 2103 prapiores,
2191 2045 2371 2089 mente
2416 2044 2541 2089 sunt
2576 2036 2747 2101 magis
2789 2044 2967 2097 acuta,
3007 2044 3063 2088 et
3093 2050 3249 2103 pura,
3286 2046 3399 2089 tum

1835 2141 1901 2180 ex
1935 2140 2001 2179 co
2026 2140 2258 2194 quoque,
2294 2128 2436 2195 quod
2461 2136 2619 2180 aetate
2653 2127 2763 2179 sint
2794 2128 3027 2195 priores.

1902 2219 1983 2272 Ah
2015 2217 2299 2287 Apollonio
2333 2232 2495 2285 porro
2532 2232 2719 2271 eorum
2774 2217 2903 2271 nihil
2931 2218 3154 2272 omnino
3190 2229 3399 2288 gestum

1838 2309 2026 2375 refert,
2076 2324 2197 2379 quze
2242 2308 2483 2364 fabulose
2535 2309 2601 2364 de
2647 2310 2762 2379 ipso
2812 2319 3140 2364 narrantur:
3194 2320 3399 2364 tantum

1799 2482 1802 2486 Α
1838 2400 2265 2473 philosophicam
2298 2402 2588 2470 quamdam
2625 2410 3091 2473 temperatamque
3130 2402 3246 2470 ejus
3292 2405 3400 2458 vita

1851 2494 2084 2559 extollit,
2128 2508 2232 2565 qua
2270 2492 2662 2565 Pythagoream
2709 2504 2935 2559 sectam,
2986 2512 3108 2549 cum
3161 2498 3401 2551 moribus

1842 2596 1952 2639 tum
1993 2587 2237 2641 doctrina
2268 2586 2619 2653 expresserit.
2648 2584 2869 2639 Mortem
2913 2585 3079 2654 ipsius
3110 2588 3395 2640 obscuram

1858 2678 2047 2741 fuisse,
2083 2687 2139 2731 et
2171 2692 2199 2730 a
2222 2678 2404 2732 multis
2434 2677 2583 2731 varie
2612 2686 2885 2730 narratam
2922 2676 3133 2740 scribit,
3161 2678 3401 2730 studiose

1849 2772 1956 2826 hoc
1987 2772 2161 2839 ipsum
2187 2768 2517 2825 Philostrato
2544 2779 2759 2839 agente.
2797 2768 3005 2822 Etenim
3036 2778 3090 2821 et
3129 2768 3397 2821 viventem

1844 2862 1954 2931 (75)
1974 2863 2150 2915 dicere
2165 2860 2703 2927 solitum,sapientem
2723 2870 2972 2927 oportere
2990 2858 3174 2913 fallere
3187 2873 3398 2918 omnes.

1843 2968 1908 3007 ac
1958 2952 2127 3007 latere
2166 2953 2217 3005 in
2259 2953 2397 3015 vita,
2452 2952 2503 3005 id
2544 2952 2587 3005 si
2628 2959 2879 3019 nequeat,
2910 2950 3044 3005 mori
3083 2950 3275 3004 saltem
3318 2949 3400 3002 la-

1845 3054 2043 3099 tentem
2091 3044 2306 3099 debere.
2353 3043 2670 3110 Sepulcrum
2713 3044 2831 3111 ejus
2860 3058 3121 3111 nusquam
3158 3044 3398 3097 ostendi.

1851 3134 1987 3203 ιοα
2013 3132 2177 3187 Addit
2216 3143 2271 3185 et
2303 3133 2613 3187 divitiarum
2640 3130 2925 3186 miriﬁcum
2974 3141 3398 3201 contemptorem

1847 3226 2035 3289 fuisse,
2063 3232 2124 3279 ut
2150 3232 2205 3278 et
2248 3238 2377 3279 suas
2404 3224 2519 3292 ipse
2550 3224 2918 3290 possessiones
2964 3239 3221 3293 germano
3246 3222 3399 3277 l‘ratri

1848 3318 2073 3384 aliisque
2102 3327 2295 3384 sponte
2346 3316 2702 3379 concesserit,
2731 3325 2784 3369 et
2817 3330 2845 3368 a
2879 3317 3093 3369 nemine
3136 3316 3405 3381 potentio-

1849 3424 1964 3462 rtuu
2020 3407 2283 3476 pecunias
2332 3408 2628 3474 acceperit,
2690 3408 3035 3475 quantumvis
3095 3406 3169 3459 illi
3237 3406 3400 3461 multa

1846 3497 2069 3553 merenti
2116 3496 2492 3551 obtruderent.
2538 3495 2757 3549 Famem
2808 3494 3003 3561 Ephesi
3047 3495 3203 3564 longe
3274 3505 3399 3549 ante

1845 3593 2164 3659 providisse,
2201 3602 2254 3645 et
2284 3602 2459 3645 ortam
2499 3590 2804 3645 sustulisse.
2852 3589 3031 3645 Leone
3075 3590 3213 3645 forte
3262 3592 3398 3655 viso,

1846 3684 2049 3737 dixisse
2104 3682 2388 3752 Amasydis
2442 3680 2816 3750 Egyptiorum
2892 3681 3034 3749 regis
3109 3682 3395 3743 animam,

1845 3792 2031 3844 poenas
2062 3776 2182 3829 vitae
2213 3775 2476 3828 scelerum
2503 3777 2745 3836 dantem,
2786 3774 2837 3826 iu
2875 3772 3042 3827 feram
3076 3774 3217 3827 illam
3248 3790 3366 3829 com
3386 3806 3402 3817 -

1847 3870 2131 3938 migrasse.
2166 3867 2450 3936 Eiupusam
2484 3866 2593 3937 (74)
2631 3867 2758 3920 item
2805 3866 3246 3934 deprehendisse,
3302 3871 3399 3919 sub

1848 3975 2073 4029 persona
2123 3960 2422 4012 meretricis
2466 3958 2694 4024 Meuippi
2730 3972 2788 4011 se
2828 3971 3010 4011 amore
3048 3968 3256 4024 captam
3297 3958 3399 4010 lin-

1847 4060 2084 4119 gentem.
2133 4050 2367 4104 Puellam
2423 4048 2611 4102 Romae
2658 4049 2866 4117 pridem
2907 4049 3183 4115 exspirare
3208 4051 3398 4108 visam,

1849 4144 1901 4195 in
1945 4142 2108 4194 vitam
2148 4155 2453 4194 revocasse.
2492 4138 2732 4193 Solvisse
2775 4141 3060 4207 compedes
3105 4140 3227 4203 sibi,
3278 4146 3399 4192 dum

1848 4234 1901 4285 in
1932 4247 2149 4287 carcere
2180 4232 2503 4286 constrictus
2531 4240 2826 4285 teneretur.
2851 4230 3001 4299 Apud
3038 4229 3399 4284 Domitianum

1847 4324 1975 4391 imp.
2012 4338 2227 4377 causam
2269 4324 2487 4384 dixisse,
2521 4338 2618 4390 pro
2664 4338 2721 4376 se
2767 4332 2822 4375 et
2851 4321 3047 4387 Nerva,
3087 4322 3181 4391 qui
3217 4322 3395 4375 Domi-

1849 4417 1997 4469 tiano
2038 4416 2092 4468 in
2140 4416 2364 4483 imperio
2419 4416 2706 4477 successit,
2745 4429 3013 4483 causaque
3046 4416 3186 4467 dicta
3228 4429 3257 4467 e
3285 4414 3404 4467 l‘oro

176 4503 393 4569 στηρίου
449 4499 547 4552 καὶ
598 4497 729 4569 πρὸς
770 4500 1073 4569 Δημήτριον
1106 4500 1200 4553 καὶ
1230 4500 1434 4569 Δάμιν,
1467 4500 1610 4553 οὕτω
1652 4500 1737 4554 καὶ

1799 4525 1821 4576 )
1851 4507 2153 4571 evanuisse,
2190 4518 2242 4559 et
2269 4508 2332 4559 ad
2373 4506 2726 4569 Demetrium,
2764 4520 2826 4559 ac
2855 4504 3042 4559 Damin
3065 4506 3169 4573 (sic
3191 4520 3311 4560 cum
3338 4506 3404 4559 iis

176 4593 503 4661 συνθέμενον
556 4592 769 4654 αὐτοῖς,
819 4591 1251 4659 παραγενέσθαι,
1300 4593 1361 4644 οὐ
1413 4592 1497 4645 διὰ
1526 4594 1740 4662 χρόνον,

178 4684 489 4751 παραυτίκα
518 4683 596 4746 δὲ,
629 4684 802 4735 καίτοι
830 4683 945 4735 ὁδὸν
972 4684 1191 4751 ἡμερῶν
1220 4700 1381 4736 τινων
1402 4686 1442 4715 ¹⁷
1466 4686 1747 4755 διεστηκό-

174 4790 290 4835 τας.
322 4774 513 4826 Ταῦτα
551 4776 647 4841 μὲν
691 4776 819 4843 περὶ
863 4774 1026 4827 αὐτοῦ
1049 4775 1089 4806 ⁸⁸
1121 4775 1478 4840 ἀναπλάττει,
1511 4778 1573 4829 οὑ
1621 4778 1746 4846 μέν-

176 4880 254 4915 τοι
273 4883 331 4931 γε
363 4867 441 4928 ὡς
465 4866 549 4933 εῖη
575 4864 850 4932 τελεστὴς,
876 4866 930 4916 εἴ
949 4882 1069 4917 τινα
1091 4865 1423 4919 διετελέσατο
1446 4868 1555 4920 τῶν
1588 4868 1749 4932 ἐνίοις

175 4959 646 5029 διαθρυλουμένων
682 4960 772 5013 ὑπ’
796 4958 959 5013 αὑτοῦ
998 4959 1326 5030 πεποιῆσθαι
1357 4961 1700 5029 τελεσμάτων
1724 4978 1739 4992 ο

1851 4608 2009 4669 pacto
2058 4599 2214 4667 inito)
2270 4590 2415 4651 nullo
2461 4600 2721 4666 temporis
2754 4599 2947 4667 spatio,
2980 4598 3073 4651 sed
3110 4608 3403 4657 momento,

1852 4691 2165 4754 accessisse,
2203 4689 2325 4745 licet
2375 4691 2581 4743 dierum
2630 4689 2834 4757 aliquot
2876 4688 3066 4742 itinere
3116 4689 3400 4743 distantes.

1854 4781 2002 4835 Talia
2049 4782 2115 4835 de
2169 4781 2285 4848 ipso
2344 4780 2700 4833 Philostratus
2737 4778 3186 4832 comminiscitur.
3237 4778 3403 4842 [Negat

1858 4884 2033 4926 tamen
2082 4887 2179 4940 pro
2225 4873 2499 4925 initiatore
2548 4873 2851 4925 habendum
2882 4913 2895 4935 ,
2949 4878 3229 4937 propterea
3261 4873 3401 4937 quod

1850 4980 2034 5018 eorum
2067 4980 2291 5033 operum
2323 4965 2567 5033 quaedam
2599 4963 2860 5029 elfecerit,
2884 4979 3001 5032 qua:
3042 4964 3108 5015 ab
3142 4962 3230 5015 illo
3273 4976 3402 5015 cou-

1443 5072 1677 5126 VARIIE
1719 5072 2125 5129 LECTIONES.

248 5165 268 5241 ξ’
298 5164 514 5233 ἀσαφὴς
536 5162 879 5268 summas:
908 5164 1199 5248 Hamaker.
1229 5164 1353 5265 letil‘.
1387 5166 1710 5268 lPhili‘i‘strat.
1762 5167 1897 5268 lasc;
1942 5169 1992 5268 ις
2006 5183 2067 5268 ἐρ.
2106 5166 2208 5268 Vl;
2270 5165 2420 5268 ’31:]
2456 5167 2536 5218 ὅτι
2562 5166 2685 5268 καὶΙ

250 5245 442 5268 nlnnam
494 5253 506 5264 -
568 5244 752 5268 ana-aula
825 5251 1181 5268 φηρρηυιιυρηι
1414 5253 1461 5268 τι.
1506 5248 1518 5268 t
1561 5253 1677 5268 -ιειυ
1710 5252 1795 5268 ηιη
1826 5256 1837 5266 ι
1907 5253 1962 5268 ρ.
2031 5255 2149 5268 υ-ιιι
2411 5236 2465 5268 π’
2498 5252 2586 5268 mn
2626 5253 2639 5265 ο
2696 5238 2769 5268 iu-

1298 5236 1337 5265 “
1385 5236 1465 5287 lvi.
1499 5236 1677 5302 λέγειν
1710 5252 1795 5306 mg
1826 5256 1837 5290 :
1876 5238 2149 5305 ἐπιλέγειν
2175 5240 2239 5291 Α.
2305 5238 2348 5268 ¹³
2381 5236 2465 5288 ἐπ’
2498 5252 2586 5305 mg

1260 5305 1303 5335 "
1337 5307 1663 5375 Δομετιανὸν
1697 5324 1757 5369 ς.
1852 5308 1891 5337 ¹⁷
1911 5307 2096 5375 τινῶν]
2155 5308 2338 5361 malim
2380 5306 2567 5375 τριῶν.

174 5236 442 5287 editorum
493 5253 506 5287 :
567 5236 753 5301 seripti
784 5234 1204 5301 ἀποσεμνύνειν.

178 5304 567 5375 ξξφησὶνᾼσιίά.
603 5304 680 5375 Α,Δ
728 5374 731 5375 ν
782 5304 832 5335 ¹⁵
866 5304 1021 5375 λιμὸν
1084 5322 1145 5369 ς.

178 5371 225 5401 ⁸⁸
244 5371 432 5427 ἑαυτοῦ
470 5390 530 5438 ς·
610 5373 682 5445 εἴ]
708 5374 741 5445 ἧ
770 5375 830 5425 Α.

2846 5166 2888 5197 ⁸⁸
2918 5163 3277 5233 ἀποσεμνύνει
3315 5178 3403 5229 mg

2626 5253 2639 5289 :
2675 5236 2791 5289 libri
2824 5236 2931 5288 ὑπ’.
3031 5235 3072 5265 ¹³
3092 5233 3402 5298 πεισθῆναι.

1852 5308 1891 5337 ⁸⁷
1911 5302 2096 5379 τινῶν]
2155 5308 2338 5361 malim
2380 5302 2579 5375 τριῶνῖ
2630 5306 2738 5359 vid.
2780 5302 2888 5358 Vit.
2939 5304 3201 5373 Apollonii
3236 5303 3285 5368 Ἰ,
3314 5302 3406 5356 ιι.

1698 5459 1925 5517 NOTAE.

252 5556 361 5623 (71)
403 5556 534 5621 Quae
578 5555 765 5611 Graece
808 5565 968 5621 atque
1001 5552 1120 5607 Lat.
1154 5561 1334 5607 exstat
1372 5554 1523 5623 cujus
1574 5553 1737 5608 etiam

171 5636 428 5695 excerpta
463 5626 608 5695 leges
634 5625 757 5679 iul‘r.
796 5629 916 5679 cod.
940 5623 1065 5695 2M.

254 5688 361 5775 (τῇ)
388 5688 559 5759 Philo,
587 5695 862 5758 Laertius,
887 5706 941 5748 et
962 5694 1230 5757 Luciatms
1266 5688 1737 5763 Gymnosopltistas

175 5775 473 5819 nominant.

252 5833 359 5901 (73)
384 5835 479 5891 lui.
514 5836 568 5892 in
596 5836 874 5904 excerptis
920 5833 1041 5889 cod.
1072 5832 1194 5887 ΞΗ.
1224 5832 1364 5891 Atil):
1402 5830 1603 5904 βιώσας
1624 5871 1637 5898 ,
1691 5831 1739 5883 εἰ

1846 5553 1901 5605 δὲ
1939 5555 2033 5624 μὴ,
2078 5555 2225 5609 Δάθε
2258 5555 2561 5609 ἀποθανών.
2586 5556 2642 5609 lu
2674 5556 2812 5625 quod
2840 5556 3052 5622 Epicuri
3081 5554 3278 5609 dictum
3305 5552 3385 5605 sin

1848 5625 2050 5692 gularis
2081 5638 2261 5679 exstat
2283 5626 2490 5679 Plutar.
2520 5627 2754 5680 libellus.

1920 5696 2028 5762 (74)
2050 5695 2122 5747 De
2140 5712 2359 5764 empusa
2378 5696 2546 5765 fusius
2563 5697 2672 5765 agit
2694 5695 2792 5749 Lil.
2820 5696 2897 5763 Gy
2909 5694 3107 5760 raldus,
3126 5691 3265 5748 Hist.
3289 5694 3400 5746 deo.

1850 5763 2069 5835 Syntag.
2110 5764 2195 5831 l2,
2226 5763 2345 5821 vide
2374 5778 2427 5822 et
2454 5763 2682 5821 Pharin.
2710 5768 2765 5821 iu
2794 5765 3001 5820 Laxico.
