4210 6442
750 410 819 474 79
1877 403 2139 463 PlIOTII
2181 402 2412 464 PATRI

2343 399 2694 461 RIARCHAZ
2730 402 2840 462 (ΣΡ.
3928 408 4005 471 8o

755 526 892 578 facta
931 537 959 575 a
999 520 1320 589 quibusdam
1348 519 1746 587 iactabantur:
1794 520 1887 573 sed
1931 534 2027 584 per
2067 518 2309 587 philoso-
2346 524 2391 578 Α

2346 524 2391 578 Α
2419 518 2708 589 φιλοσοφίᾳ
2738 518 2793 571 δὲ
2824 517 2920 571 καὶ
2967 517 3087 588 βίου
3121 519 3475 592 καθαρότητι,
3511 520 3606 576 καὶ
3651 521 3797 593 ᾇπερ
3840 523 4006 583 αὐτὸς

754 618 954 687 phiam,
981 628 1045 668 ac
1071 614 1195 667 vita:
1226 614 1513 683 puritatem
1544 599 1658 667 haec
1683 612 1869 675 etiam,
1903 628 2021 678 quae
2044 613 2158 681 ipse
2188 626 2314 664 mox

754 708 1077 770 narraverit,
1136 706 1203 759 ab
1255 705 1348 758 illo
1392 703 1633 771 profecta
1692 703 1863 773 ﬁngit.
1931 703 2071 769 Quin
2130 701 2316 771 potius

753 814 978 852 exosum
1014 798 1206 866 magis,
1239 812 1302 849 ac
1325 795 1601 860 veneﬁcis,
1629 810 1735 847 non
1775 808 1904 847 vero
1943 795 2165 863 magicae
2210 792 2315 846 arti

754 894 991 946 deditum
1022 891 1212 945 fuisse.

826 984 939 1037 lam
981 984 1046 1035 de
1080 982 1223 1035 Indis
1256 979 1435 1033 omnia
1471 980 1594 1044 iste,
1624 976 1858 1031 maxima
1894 975 2152 1038 abanrda,
2189 974 2319 1028 ﬁde-

756 1092 861 1146 que
896 1077 1114 1143 indigna
1149 1073 1384 1127 consuit.
1414 1072 1562 1126 Dolia
1592 1073 1737 1127 enim
1773 1071 1913 1140 apud
1940 1072 2073 1123 istos
2106 1069 2317 1132 statuit,

760 1168 913 1235 plena
960 1166 1213 1219 imbrium
1258 1173 1312 1217 et
1349 1174 1660 1227 ventorum,
1688 1163 1885 1231 quibus
1919 1162 2105 1214 datum
2134 1161 2205 1215 sit
2236 1174 2321 1214 re-

755 1261 969 1327 gionem
1008 1257 1318 1323 compluere
1346 1256 1399 1308 in
1438 1255 1691 1308 imbrium
1734 1254 1979 1321 penuria,
2016 1254 2323 1319 iterumque

764 1349 1027 1403 discussis
1082 1348 1347 1401 imbribus
1398 1348 1625 1411 siccare,
1674 1346 1802 1399 dum
1856 1343 2085 1397 alternis
2124 1358 2321 1412 aquam

765 1450 1099 1510 ventumque
1127 1454 1156 1493 e
1187 1440 1344 1494 doliis
1398 1438 1763 1507 suppeditant.
1806 1434 1903 1489 llis
1951 1434 2171 1495 similia,
2232 1434 2324 1487 de-

759 1534 972 1587 mentim
997 1532 1176 1600 plena,
1212 1540 1267 1583 et
1292 1530 1397 1583 alia
1426 1530 1655 1598 plurima
1688 1529 1993 1597 prodigiose
2040 1526 2321 1595 conﬁngit,

760 1628 940 1690 itaque
987 1623 1140 1677 libris
1180 1632 1306 1676 octo
1347 1622 1525 1675 omnis
1560 1621 1628 1675 ab
1671 1620 1763 1674 illo
1793 1616 2074 1672 vanissimi
2118 1616 2324 1672 laboris

756 1729 915 1783 opera
948 1713 1305 1768 consumitur.

1461 1800 1619 1856 XLV.

1001 1895 1423 1949 Andronicianus
1446 1908 1631 1949 contra
1663 1893 2046 1950 Eunomianos.

830 2053 975 2109 Lecti
992 2064 1115 2108 sunt
1131 2055 1508 2109 Androniciani
1528 2054 2157 2120 Adoersnsfb'unomianos
2172 2057 2335 2114 libelli

759 2152 886 2203 duo.
935 2147 1213 2202 Promittit
1259 2150 1475 2215 quidem
1520 2150 1571 2201 in
1612 2149 1891 2219 prooemiis
1929 2151 2176 2219 grandia,
2213 2168 2333 2221 qua:

760 2253 938 2295 tamen
970 2257 1074 2294 non
1100 2242 1369 2311 pra-stitit,
1402 2243 1451 2294 in
1483 2243 1656 2297 altero
1678 2246 1985 2313 praesertim
2023 2242 2180 2298 libro.
2207 2242 2331 2297 Phi-

762 2330 1016 2400 losophite
1065 2331 1154 2385 hic
1200 2333 1573 2401 perstudiusus
1608 2344 1713 2398 est,
1747 2350 1869 2388 cum
1918 2334 2182 2399 moribus,
2214 2347 2328 2390 tum

762 2430 944 2471 mente
966 2458 981 2483 ,
1028 2429 1189 2490 atque
1227 2421 1441 2476 dicendi
1469 2420 1682 2489 forma;
1716 2423 1977 2493 religione
2013 2439 2142 2481 vero
2173 2425 2332 2481 Chri-

762 2510 997 2561 stianus.

1451 2600 1637 2657 XLVI.

769 2689 1077 2745 Theodoreti
1115 2687 1311 2744 Contra
1368 2693 1641 2815 Itazrelticos
1685 2694 1810 2748 libri
1842 2712 2023 2760 xxv";
2048 2709 2095 2751 et
2135 2698 2325 2751 Eruui-

1377 2778 1469 2815 sta:
1516 2782 1529 2815 ι
1573 2782 1613 2815 η
1642 2782 1722 2815 III.

1377 2778 1469 2815 sta:
1495 2778 1613 2817 HD"
1642 2782 1722 2818 III.

843 2855 986 2907 Lecti
1019 2855 1339 2909 Theodoreti
1366 2857 1602 2925 episcopi
1632 2857 1757 2923 Cyri
1801 2858 1923 2909 libri
1957 2869 2150 2920 septem
2182 2871 2229 2913 et
2253 2862 2331 2913 vi-

764 2948 1176 3011 ginti,Adversus
1198 2948 1373 2999 varias
1390 2950 1793 3016 propositiones.
1818 2949 1950 3017 10b
1970 2950 2178 3003 Primus
2197 2950 2332 3005 liber

766 3037 873 3101 agit
899 3046 1086 3089 contra
1138 3046 1467 3099 asserentes,
1505 3038 1665 3090 unius
1707 3038 1874 3090 fuisse
1926 3050 2132 3093 natura:
2162 3040 2329 3092 Deum

774 3128 1035 3191 Verbum,
1080 3141 1134 3183 et
1167 3132 1309 3197 quod
1337 3145 1403 3183 ex
1436 3130 1643 3183 semine
1674 3129 1840 3183 David
1864 3133 2093 3199 sumpsit
2122 3131 2327 3202 princi-

2418 609 2623 678 εφησεν
2647 647 2664 673 ,
2720 609 2932 662 ἐκεῖνον
2966 610 3177 677 είσάγει
3212 610 3624 679 διαπεπρᾶχθαι
3646 626 3662 641 ·
3698 610 4005 679 ἀπεχθάνει

2418 699 2540 750 σθαι
2589 698 2645 751 δὲ
2674 699 2875 767 μᾶλλον
2926 700 3123 768 μάγοις
3151 701 3249 751 καὶ
3277 701 3593 768 φαρμακοῖς
3614 698 3679 761 ⁸⁸,
3722 698 3799 769 μὴ
3828 700 3911 752 ὅτι
3939 716 4004 767 γε

2417 792 2580 844 αὑτὸν
2614 795 2680 862 τῇ
2717 792 2906 861 μάγων
2921 791 2969 822 ⁸⁸
2993 792 3458 858 προσανακεῖσθαι
3483 793 3669 863 τέχνῃ.

2491 971 2626 1040 Περὶ
2670 969 2728 1022 δὲ
2762 970 2873 1021 τῶν
2905 968 3081 1022 Ἰνδῶν
3106 962 3263 1031 οὗτος
3287 968 3357 1022 τὰ
3388 970 3569 1023 πάντα
3584 970 3627 1001 ¹¹
3680 970 4006 1039 παραλογὼς

2419 1080 2556 1116 τατα
2589 1062 2683 1114 καὶ
2716 1062 3053 1114 ἀπιστότατα
3080 1060 3487 1131 διαρραψῳδεῖ·
3522 1062 3715 1125 πίθους
3753 1062 3861 1133 γὰρ
3898 1062 4005 1116 αύ-

2420 1158 2535 1217 τοῖς
2561 1154 2791 1224 πλήρεις
2819 1153 3046 1223 ϐμϐρων
3086 1154 3181 1206 καὶ
3216 1154 3435 1223 ἀνέμων
3463 1154 3588 1217 δοὺς
3618 1153 3736 1207 ὕειν
3762 1153 3864 1225 τὴν
3892 1154 4005 1224 χὼ-

2424 1263 2526 1315 ραν
2554 1245 2855 1315 ἀνομϐρίας
2887 1246 3216 1315 ἐπεχούσης,
3261 1244 3355 1316 [32
3401 1246 3495 1317 IL]
3528 1245 3844 1315 ἐξικμάζειν
3866 1248 3913 1278 ³⁸
3944 1265 4011 1301 τε

2422 1333 2490 1391 αὗ
2525 1338 3061 1408 καταρῥηγνυμὲνων
3098 1338 3324 1407 ὄμϐρων
3361 1340 3481 1400 ταῖς
3524 1340 3589 1390 ὲκ
3608 1338 3655 1369 ⁸³
3688 1339 3861 1392 πίθων
3902 1341 4013 1394 ἀνὰ

2427 1430 2591 1499 μέρος
2621 1430 2911 1501 χορηγίαις
2946 1428 3173 1500 κυρίους
3217 1429 3459 1492 ἐκάθισε,
3490 1430 3845 1499 παραπλήσια
3877 1432 4011 1485 τού-

2424 1538 2537 1583 τοις
2582 1522 2771 1587 ἀνοίας
2806 1522 2978 1590 μεστὰ
3006 1522 3103 1574 καὶ
3141 1522 3307 1591 ἕτερα
3336 1522 3563 1575 πλεῖστα
3594 1524 4009 1592 τερατευσάμε-

2425 1632 2532 1677 νος.
2564 1615 2652 1667 Ὲν
2679 1616 2825 1668 ὀκτὼ
2852 1616 2911 1668 δὲ
2937 1616 3117 1683 λόγοις
3146 1616 3179 1683 ἡ
3214 1616 3365 1667 πᾶσα
3394 1613 3544 1684 αὐτῷ
3574 1615 3674 1687 τῆς
3705 1632 4006 1684 ματαιοπο-

2435 1706 2543 1767 νίας
2582 1707 2786 1776 σπουδὴ
2820 1708 3223 1776 κατηνάλωται.

3138 1798 3274 1852 ME’.

2354 1869 2396 1924 Β
2430 1889 2916 1956 ’Δνδρογικιανοῦ
2946 1891 3095 1960 πρὸς
3123 1890 3533 1961 Elin-optaram-
3558 1891 3726 1959 ,πότοι
3752 1890 4010 1959 βραχεῖς

3154 1962 3285 2016 δύο.

2505 2055 2549 2128 [1
2565 2056 2593 2107 Δ
2616 2052 2710 2125 H.]
2744 2053 3191 2123 ’Δνεγνώσθησαν
3202 2055 3249 2084 ’⁸
3272 2050 3703 2123 ’Δνδρονικιανοῦ
3721 2053 3877 2118 Πρὸς
3888 2053 4010 2105 εὐ-

2432 2148 2757 2217 νομιαγοὺς
2790 2147 2961 2214 λόγοι
2975 2144 3228 2212 βραχεῖς
3243 2143 3374 2196 δύο.
3408 2143 3777 2212 ’Υπισχνεῖται
3792 2141 3891 2210 μιν
3908 2137 4010 2194 οὖν

2434 2241 2491 2293 ἐν
2516 2240 2822 2309 προοιμίοις
2849 2238 3085 2308 μεγάλα,
3109 2238 3173 2289 οὑ
3198 2235 3422 2288 τοιαῦτα
3446 2236 3502 2288 δὲ
3530 2234 3568 2288 ἃ
3592 2235 3883 2304 διέρχεται,
3911 2237 4011 2286 καὶ

2434 2331 2667 2403 μάλιστά
2697 2348 2760 2399 γε
2784 2331 2844 2382 ὲν
2867 2330 2947 2401 τῷ
2974 2330 3211 2398 δευτέρῳ
3234 2326 3562 2397 λάγῳ.Ἐστι
3590 2326 3647 2380 δὲ
3680 2322 3835 2390 οὗτος
3860 2326 4013 2395 φιλο-

2432 2425 2621 2493 σοφίας
2665 2425 2901 2494 ὲραστὴς
2928 2422 3005 2491 τῷ
3034 2439 3098 2474 τε
3132 2423 3249 2492 ἧθει
3280 2421 3378 2473 καὶ
3422 2422 3489 2489 τῇ
3532 2420 3739 2491 διανοίᾳ
3770 2419 3867 2472 καὶ
3906 2420 4009 2473 τοῦ

2430 2514 2591 2582 λόγου
2617 2515 2696 2585 τῷ
2726 2515 2987 2585 σχήματι,
3019 2512 3341 2584 Χριστιανὸς
3374 2512 3429 2565 δὲ
3459 2511 3538 2582 τῷ
3570 2511 3897 2581 σεϐάσματι.

3150 2606 3297 2672 MC’.

2432 2697 2815 2766 Θεοδωρήτου
2861 2697 3200 2751 ἐπισκόπου
3245 2698 3445 2763 Κύρου
3486 2699 3658 2766 ,πότοι
3708 2695 3813 2755 κζ’.
3847 2696 4012 2764 Πρὸς

2928 2768 3257 2835 διαφόρους
3293 2768 3514 2833 θέσεις.

2500 2858 2843 2928 Ἀνεγνώσθη
2858 2858 3208 2928 Θεοδωρήτου
3223 2858 3527 2909 ἐπισκόπου
3541 2857 3726 2926 Κύρου
3737 2856 3908 2926 ,πότοι
3927 2857 4014 2915 τιζὶ

2433 2954 2582 3022 πρὸς
2600 2953 2925 3020 διαφόρους
2946 2949 3166 3016 θέσεις·
3184 2944 3261 3003 ὧν
3288 2951 3317 3003 ὀ
3342 2952 3441 3019 μὲν
3456 2951 3671 3021 πρῶτος
3693 2950 3848 3017 λόγος
3874 2952 4017 3019 πρὸς

2428 3046 2555 3105 τοὺς
2579 3044 2836 3111 λέγοντας
2866 3044 2996 3113 μίαν
3025 3044 3187 3111 φύσιν
3218 3043 3545 3113 γεγενῆσθαι
3568 3042 3657 3096 τὸν
3678 3043 3811 3095 Θεὸν
3837 3045 4018 3111 Λόγον

2431 3137 2525 3186 καὶ
2556 3136 2654 3203 τὴν
2679 3138 2744 3186 ἐκ
2770 3133 3086 3202 σπέρματος
3116 3132 3279 3184 Δαϐὶδ
3302 3133 3600 3203 ληφθεῖσαν
3622 3134 3881 3203 ἀπαρχὴν
3914 3136 4018 3187 καὶ

771 3222 940 3287 pium.
964 3221 1200 3288 itemque
1219 3220 1483 3274 adversus
1507 3234 1624 3283 eos,
1646 3222 1734 3287 qui
1758 3221 2023 3273 divinitati
2051 3221 2330 3288 passiones
2359 3216 2401 3273 C

2359 3216 2401 3273 C
2435 3224 2848 3294 προσάπτοντας
2869 3224 2937 3276 τὰ
2962 3222 3107 3291 πάθη
3131 3226 3197 3293 τῇ
3220 3223 3453 3292 θεότητι,
3476 3225 3505 3277 ὁ
3524 3224 3579 3277 δὲ
3605 3223 3855 3293 δεύτερος
3874 3227 4016 3292 πρὸς

769 3311 1474 3365 attribuunt.—Secundus
1514 3312 1672 3373 liber,
1712 3326 1833 3364 cum
1890 3314 2093 3364 eisdem
2120 3326 2151 3366 e
2186 3312 2334 3366 Scri-

782 3416 939 3472 ptura
998 3419 1216 3459 manum
1261 3404 1495 3457 validius
1544 3405 1823 3457 consuit..
1876 3433 1945 3442 —
1975 3402 2216 3467 Tertius,
2271 3404 2335 3458 de

770 3500 953 3549 eadem
993 3512 1049 3550 re
1081 3496 1341 3564 disputat.
1368 3525 1438 3535 —
1469 3496 1726 3562 Quartus,
1762 3505 2071 3548 sanctorum
2108 3492 2334 3548 Patrum

769 3589 1008 3641 continet
1048 3587 1375 3648 doctrinam,
1408 3588 1475 3641 de
1524 3588 1758 3656 gloriosa
1797 3587 2175 3640 incarnatione
2225 3586 2333 3639 Do-

773 3681 900 3734 mini
926 3680 1096 3734 nostri
1126 3678 1253 3735 Jesu
1283 3680 1486 3735 Christi
1513 3679 1633 3735 Filii
1661 3679 1777 3733 Dei.
1800 3708 1870 3718 —
1890 3678 2143 3744 Quintus,
2168 3680 2338 3733 bare-

773 3775 1000 3825 ticorum
1057 3772 1264 3839 colligit
1320 3771 1629 3838 opiniones,
1682 3785 1819 3837 quas
1873 3772 2153 3839 componit
2210 3786 2335 3826 cum

770 3867 1025 3934 opinione
1066 3880 1278 3930 eorum,
1316 3866 1410 3933 qui
1445 3864 1497 3917 in
1533 3864 1755 3917 Christo
1792 3866 1924 3916 duas
1968 3874 2190 3917 naturas
2231 3864 2334 3917 Ini-

774 3959 915 4012 nime
943 3968 1266 4026 agnoscunt,
1289 3966 1345 4011 et
1374 3958 1611 4011 ostendit
1658 3970 1910 4025 magnam
1959 3971 2053 4009 eos
2093 3958 2234 4009 inter
2278 3971 2338 4011 se

774 4049 1098 4103 aﬂinitatem
1162 4048 1385 4103 habere.
1418 4079 1487 4089 —
1534 4048 1729 4101 St‘XlIIS
1754 4091 1767 4113 ,
1808 4050 1960 4117 ponit
2007 4064 2173 4101 unum
2211 4064 2335 4103 esse

777 4138 972 4193 Filium
1005 4138 1293 4194 Dominum
1320 4150 1566 4193 nostrum
1598 4138 1781 4193 Jesum
1815 4138 2189 4192 Christum.—
2205 4137 2338 4208 Sep-

774 4231 956 4293 timus,
983 4232 1223 4298 cpistola:
1262 4230 1441 4284 locum
1489 4240 1657 4290 tenet,
1692 4230 1890 4298 quibus
1933 4232 2182 4283 volumen
2229 4233 2340 4299 pri-

775 4336 918 4375 mum
959 4321 1273 4375 absolvitur.
1306 4350 1377 4360 —
1416 4322 1650 4375 Octavus
1683 4336 1832 4386 vero,
1862 4333 2051 4375 contra
2094 4338 2210 4386 eos,
2246 4323 2337 4390 qui

775 4414 1123 4467 multitudine
1141 4414 1403 4467 duntaxat
1419 4414 1703 4467 veritatem
1728 4412 2332 4481 dijudicant.—Nonus,

2436 3319 2561 3379 τοὺς
2608 3317 2805 3378 αὐτοὺς
2850 3314 3265 3386 γραφικώτερον
3309 3315 3791 3384 συμπλεκόμενος,
3842 3316 3939 3369 καὶ
3989 3318 4021 3368 ὁ

2437 3409 2616 3480 τρίτος
2646 3409 2776 3477 περὶ
2810 3406 2909 3476 τῆς
2935 3406 3106 3473 αὐτῆς
3137 3406 3545 3468 ὑποθέσεως.⁹0
3566 3406 3623 3458 δὲ
3644 3406 3900 3476 τέταρτος
3936 3406 4021 3459 δι-

2437 3500 2735 3562 δασκαλίας
2766 3499 2875 3550 τῶν
2922 3499 3093 3565 ἁγίων
3138 3498 3403 3565 Πατέρων
3447 3500 3691 3566 περιέχει
3741 3500 3873 3565 περὶ
3913 3501 4020 3567 τῆς

2440 3591 2650 3655 ἐνδόξου
2685 3591 2999 3659 οἰκονομίας
3026 3588 3122 3642 τοῦ
3149 3591 3419 3641 Δεσπότου
3448 3591 3605 3660 ἡμῶν
3636 3590 3873 3659 Χριστοῦ
3917 3592 4017 3643 τοῦ

2442 3680 2569 3732 Υἱοῦ
2615 3680 2710 3733 τοῦ
2754 3682 2913 3734 θεοῦ.
2934 3680 2992 3731 '0
3033 3682 3214 3750 μέντοι
3244 3680 3495 3748 πέμπτος
3522 3682 3813 3750 αίρετικῶν
3856 3680 4021 3746 δόξας

2438 3768 2703 3839 ἁθροίζει,
2734 3771 2830 3822 καὶ
2883 3770 3249 3840 παρατίθησιν
3289 3770 3460 3830 αὑτὰς
3506 3774 3575 3840 τῇ
3619 3771 3744 3842 δόξῃ
3788 3772 3895 3824 τῶν
3937 3776 4017 3841 μή

2439 3862 2847 3929 ὁμολογούντων
2874 3863 2969 3913 ἐπὶ
3010 3862 3249 3930 Χριστοῦ
3277 3862 3372 3914 δύο
3400 3863 3614 3929 φύσεις,
3653 3868 3748 3917 καὶ
3772 3864 4018 3918 δείκνυσι

2436 3955 2641 4024 πολλὴν
2679 3954 2815 4023 πρὸς
2856 3953 3118 4023 ἀλλήλους
3143 3953 3500 4016 διασώζοντας
3536 3955 3634 4023 τὴν
3668 3957 4017 4022 συγγένειαν.

2454 4048 2511 4101 '0
2554 4047 2612 4099 δὲ
2655 4046 2813 4108 ἕκτος
2847 4046 3201 4114 διαλαμϐάνει
3232 4046 3317 4097 ὅτι
3344 4040 3425 4108 εἷς
3456 4049 3661 4099 ἐστίν’⁸
3686 4048 3812 4109 Υἱὸς
3839 4048 3871 4099 6
3900 4050 4017 4101 Κύ-

2442 4157 2554 4210 ριος
2600 4138 2757 4208 ἡμῶν
2792 4137 3000 4207 Ἰησοῦς
3042 4139 3072 4189 ὁ
3102 4139 3353 4207 Χριστός.
3373 4138 3431 4190 '0
3458 4138 3683 4209 ἕϐδομος
3725 4141 4019 4210 ἐπιστολῆς

2440 4232 2627 4299 ἐπέχει
2663 4232 2855 4282 τόπον·
2887 4230 2947 4281 ὲν
2976 4225 3059 4291 οἷς
3085 4230 3147 4281 τὸ
3187 4229 3401 4298 πρῶτον
3433 4232 3834 4301 συνεπληροῦτο
3848 4234 3895 4265 ’⁸
3928 4234 4017 4302 βι-

2444 4315 2609 4374 ϐλίον.
2630 4322 2688 4373 '0
2714 4322 2773 4373 δὲ
2798 4321 2982 4387 ὄγδοος
3002 4321 3047 4350 ’⁷
3076 4322 3213 4390 πρὸς
3236 4322 3362 4383 τοὺς
3390 4322 3583 4392 πλήθει
3614 4324 3760 4392 μόνῳ
3802 4326 4020 4394 κρίνον-

2440 4430 2538 4474 τας
2569 4415 2669 4483 τὴν
2692 4412 2967 4479 ἀλήθειαν.
2987 4411 3045 4463 '0
3077 4412 3296 4473 ἔννατος
3325 4415 3460 4483 πρὸς
3498 4416 3623 4477 τοὺς
3652 4415 3909 4482 λέγοντας
3940 4420 4020 4487 μὴ

774 4506 827 4557 in
872 4518 986 4566 eos,
1051 4506 1140 4573 qui
1178 4507 1385 4574 iactant
1419 4521 1524 4558 non
1571 4514 1821 4572 oportere
1851 4519 1882 4557 e
1912 4504 2209 4572 Scripturis
2250 4517 2339 4559 aut
2372 4554 2413 4574 λ

2372 4554 2413 4574 ἢ
2442 4499 2551 4550 δεῖν
2575 4498 2683 4551 ἀπὸ
2704 4496 2813 4550 τῶν
2842 4498 3072 4567 Γραφῶν
3094 4498 3278 4567 ζητεῖν
3299 4500 3331 4568 ἢ
3358 4502 3559 4566 λαλεῖν,
3590 4504 3706 4555 ἀλλ’
3726 4506 4020 4573 ἀρκεῖσθαι

771 4590 943 4661 loqui,
968 4605 1062 4647 aut
1096 4609 1358 4663 quaarere,
1388 4595 1479 4647 sed
1515 4593 1672 4647 ﬁdem
1698 4608 1851 4647 suam
1875 4594 1976 4646 sibi
1999 4592 2340 4648 suﬁicere.—
2374 4590 2411 4604 “’

2374 4590 2411 4604 ⁵¹
2446 4593 2510 4659 τῇ
2549 4591 2679 4659 παρ’
2708 4592 2919 4652 ἑαυτοῖς
2945 4590 3222 4645 πίστει.Ὀ
3251 4593 3283 4644 ι’
3306 4594 3442 4662 πρὸς
3461 4596 3589 4657 τοὺς
3617 4597 4020 4665 προϐάλλοντας

775 4686 1045 4750 Decimus,
1075 4686 1126 4738 in
1159 4685 1298 4740 male
1322 4686 1642 4754 objicientes
1669 4686 1799 4737 illud
1834 4704 1848 4739 :
1888 4704 1906 4735 ι
1942 4685 2173 4737 Verbum
2200 4703 2334 4739 caro

775 4777 973 4831 factum
1021 4785 1124 4830 est.
1158 4795 1175 4828 ι
1200 4805 1269 4817 —-
1310 4777 1669 4839 Undecimus,
1704 4778 1963 4830 adversus
1994 4778 2341 4844 prohibentes

774 4870 910 4923 duas
948 4884 1142 4937 capere
1193 4870 1245 4922 in
1293 4869 1665 4923 incarnatione
1698 4880 1940 4923 naturas.
1978 4897 2047 4908 —
2078 4867 2343 4922 Duodeci-

777 4977 915 5023 mus,
951 4962 1003 5013 in
1038 4976 1132 5014 eos
1167 4961 1255 5029 qui
1286 4972 1540 5015 asserunt
1567 4963 1859 5025 dicentem,
1887 4962 2030 5015 aliud
2063 4976 2182 5015 esse
2204 4960 2342 5014 Ver-

2449 4682 2734 4749 κακοήθως
2762 4683 2825 4732 τὸ
2846 4684 2905 4733 «ὁ
2928 4682 3099 4749 Λόγος
3118 4682 3255 4753 σὰρξ
3277 4685 3542 4749 ἐγένετο.»
3564 4688 3620 4739 ’0
3639 4692 3708 4739 ια’
3728 4688 3862 4756 πρὸς
3889 4692 4019 4751 τοὺς

2449 4774 2756 4835 κωλύοντας
2784 4773 2879 4826 δύο
2902 4775 3091 4841 φύσεις
3108 4776 3202 4827 ἐπὶ
3220 4777 3318 4845 τῆς
3333 4778 3796 4849 ὲνανθρωπήσεως
3810 4782 4021 4851 ἐκλαμ-

2449 4866 2649 4918 ϐάνειν.
2671 4867 2729 4918 '0
2761 4864 2825 4933 ιβ’
2858 4866 2993 4936 πρὸς
3028 4869 3152 4927 τοὺς
3183 4868 3437 4934 λέγοντας
3476 4871 3558 4922 ὅτι
3604 4874 3633 4924 ὀ
3673 4870 3841 4941 λέγων
3891 4876 4024 4928 ἄλλο

2454 4957 2553 5025 μὲν
2580 4957 2671 5010 τὸν
2702 4957 2859 5023 λόγον
2888 4957 3016 5011 ἄλλο
3042 4958 3100 5010 δὲ
3129 4960 3229 5028 τὴν
3274 4959 3451 5029 σάρκα
3476 4962 3570 5013 δύο
3600 4964 3748 5025 υἱοὺς
3774 4965 3943 5031 λέγει.
3963 4968 4021 5018 ὐ

778 5055 924 5118 bum,
976 5054 1119 5108 aliud
1163 5068 1282 5108 esse
1323 5070 1563 5119 carnem,
1608 5058 1741 5108 duos
1792 5055 1929 5107 ﬁlios
1984 5056 2245 5122 proﬁteri.
2273 5086 2344 5097 —

2451 5056 2519 5115 ιγ’
2540 5048 2676 5117 πρὸς
2698 5049 2824 5110 τοὺς
2849 5048 3103 5115 λέγοντας
3130 5050 3211 5101 ὅτι
3232 5050 3293 5101 τὸ
3315 5052 3406 5103 καὶ
3427 5052 3710 5123 ἄνθρωπον
3731 5056 4023 5123 γινώσκειν

775 5147 1028 5202 Decimus
1067 5150 1286 5212 tertius,
1328 5158 1516 5201 contra
1575 5150 1845 5213 dicentes,
1887 5150 2031 5217 quod
2086 5151 2227 5203 idem
2272 5154 2344 5206 sit

2446 5141 2538 5194 τὸν
2570 5142 2805 5210 Χριστὸν
2831 5142 3029 5195 ταύτόν
3071 5144 3185 5195 ἐστι
3225 5144 3303 5213 τῷ
3335 5145 3430 5196 καὶ
3458 5148 3539 5207 εις
3563 5147 3847 5216 ἄνθρωπον
3876 5150 4024 5220 ἐχειν

773 5235 1048 5291 Christum
1089 5240 1360 5292 hominem
1406 5252 1732 5307 agnoscere,
1784 5250 1948 5307 atque
2020 5239 2071 5292 in
2124 5241 2341 5296 homine

2446 5233 2545 5295 τὰς
2573 5232 2813 5295 ἐλπίδας.
2834 5232 2891 5285 '0
2926 5232 2986 5285 ιδ’
3015 5234 3153 5303 πρὸς
3184 5236 3312 5296 τοὺς
3341 5236 3596 5303 λέγοντας
3637 5238 3838 5291 ἔπαθεν
3879 5245 4027 5295 ἀπα.

777 5342 925 5393 spem
991 5328 1277 5382 collocare.
1336 5358 1405 5366 —
1455 5327 1707 5382 Decimus
1743 5339 1980 5397 quartus
2011 5371 2023 5393 ,
2080 5330 2343 5384 adversus

2450 5324 2578 5387 θῶς.
2627 5324 2686 5376 Ὀ
2718 5331 2777 5376 ιε’
2813 5323 2951 5392 πρὸς
3005 5326 3133 5388 τοὺς
3176 5326 3431 5392 λέγοντας
3464 5347 3481 5378 ι
3502 5328 3699 5381 ἔπαθεν
3723 5330 3798 5393 ὡς
3821 5333 4024 5405 ἠθέλη-

777 5420 1121 5475 «nuntiantes
1154 5440 1166 5475 :
1202 5439 1220 5472 ι
1259 5420 1456 5475 Passus
1489 5428 1570 5475 est
1598 5422 1714 5474 sine
1743 5420 2012 5487 passione.
2056 5439 2152 5470 »--
2185 5421 2339 5475 Deci-

2453 5434 2565 5469 σεν.
2583 5436 2601 5467 ι
2621 5417 2679 5469 '0
2708 5423 2782 5482 ις’
2810 5416 2951 5486 πρὸς
2976 5418 3103 5480 τοὺς
3128 5418 3383 5485 λέγοντας
3404 5422 3484 5472 ὅτι
3512 5422 3616 5491 χρὴ
3647 5422 3897 5492 δέχεσθαι
3925 5430 4027 5491 τὰς

779 5526 898 5567 mus
927 5515 1165 5582 quintus,
1206 5515 1257 5566 in
1312 5530 1424 5577 eos,
1458 5514 1547 5583 qui
1579 5514 1767 5567 dicunt
1804 5528 1816 5564 :
1852 5528 1871 5563 ι
1901 5510 2097 5567 Passus
2140 5522 2221 5567 est
2266 5515 2341 5567 uti

2452 5508 2633 5580 φωνὰς
2668 5508 2763 5560 καὶ
2794 5508 2870 5579 μὴ
2895 5512 3116 5561 σκοπεῖν
3143 5510 3210 5562 τὰ
3238 5510 3305 5563 δι’
3328 5512 3504 5565 αὐτῶν
3524 5517 3924 5586 σημαινόμενα,
3951 5519 4029 5583 ὡς

2089 5605 2326 5659 VARI/1‘3
2366 5600 2773 5657 Ll'LtJ'l'IUNES.

848 5703 891 5731 "
922 5703 1236 5776 φαρμάκοις
1274 5717 1340 5776 ς.
1408 5700 1687 5776 "privati,
1714 5697 2028 5776 nisi__l'a_|lor.
2056 5700 2206 5776 ᾼ.Α¹¹
2230 5699 2674 5776 πάνταλπάντων
2696 5708 2854 5776 corr.
2887 5693 3039 5776 AL"
3064 5693 3366 5776 ἑξειικάξειν
3390 5698 3456 5759 Α,
3485 5699 3819 5776 vulgata_pro
3838 5710 4028 5776 γραφῇ

780 5766 1051 5835 apposui:
1114 5775 1157 5803 ³³
1199 5774 1285 5845 ut
1316 5789 1424 5825 ιιιιο
1460 5766 1523 5822 ἔκ
1575 5766 1702 5824 τῶν,
1815 5772 1859 5799 ⁸⁵
1887 5767 2197 5837 ἀνεγνώσθη
2226 5770 2290 5822 Α.
2360 5770 2403 5799 ’³
2439 5770 2585 5817 ὲσ;ιν
2642 5766 2767 5817 add.
2797 5766 2861 5819 Λ.
2940 5766 2985 5796 ³⁸
3015 5768 3429 5835 συελπληροῦται
3479 5784 3539 5828 ς’.
3583 5766 3661 5798 ﬁ"
3693 5766 3888 5835 ὄγδοος
3909 5766 4006 5828 και

780 5842 913 5900 πρὸς
969 5860 1026 5900 τ’·
