4210 6442
168 398 232 462 81
1138 404 1663 467 ΒΙΒΙᾸΟἸἮΕΟΛ.
1695 429 1767 444 ·-
1788 404 1829 466 C

1759 430 1767 443 ι
1788 404 2003 469 CODD.
2061 408 2424 471 XLV-XLVI
2435 408 2460 466 Ι
2470 454 2483 468 .
3354 405 3421 467 ἃ

170 516 382 577 πάντας
411 517 832 587 ὑπερϐαίνοντα.
850 523 908 575 ’0
936 520 1000 585 ιζ’
1020 519 1155 590 πρὸς
1175 522 1302 584 τοὺς
1322 520 1573 589 λέγοντας
1594 520 1754 574 «ἐπα-
1789 526 1832 585 Α

1789 526 1835 585 Δ
1866 524 2057 577 voluit.
2099 542 2117 576 ι
2154 553 2221 568 -—
2254 523 2505 578 Decimus
2559 527 2769 583 sextus,
2809 519 2860 575 in
2906 530 3211 576 asserentes
3258 536 3420 587 opor-

173 608 263 657 θεν
285 608 508 673 ὀΛὸγος
534 611 718 679 σαρκί.
753 632 773 665 ι
810 614 869 666 '0
905 611 972 683 ιη’
989 612 1124 684 πρὸς
1150 614 1278 677 τοὺς
1307 612 1565 681 λέγοντας
1598 614 1760 667 ποίαν

171 696 444 749 δώσουσιν
472 701 523 751 ol
554 701 797 756 Ἰουδαῖοι
825 703 1001 775 δίκην,
1026 705 1075 757 εί
1100 702 1175 773 μὴ
1207 703 1342 758 Θεδν
1366 705 1759 773 ἐσταύρωσαν;

183 789 243 841 ’0
292 790 361 841 ιθ¹
396 793 537 860 πρὸς
565 793 689 855 τοὺς
718 796 975 863 λέγοντας
1010 795 1263 859 Ἰουδαῖός
1291 798 1439 849 ἐστιν
1468 797 1497 849 ὁ
1523 795 1599 866 μὴ
1627 794 1761 849 Θεδν

176 882 561 951 ἐσταυρῶσθαι
586 885 778 953 λέγων.
798 888 854 941 Ὀ
884 896 929 941 κ’
956 889 1093 958 πρὸς
1124 887 1250 950 τοὺς
1278 887 1535 954 λέγοντας
1560 887 1643 941 ὅτι
1670 888 1764 940 καὶ

178 974 402 1037 ἄγγελοι
434 976 528 1025 ἐπὶ
559 975 652 1027 τοῦ
690 977 944 1048 Ἀϐραὰμ
989 977 1266 1042 ἐσθίοντες
1290 980 1353 1033 οὐ
1383 981 1600 1043 πάντως
1631 996 1765 1050 σαρ-

178 1063 272 1124 κὺς
296 1064 465 1130 φύσιν
497 1066 847 1135 ἐπεφέροντο.
867 1068 924 1121 '0
952 1076 1036 1121 κα⁹
1059 1071 1195 1139 πρὸς
1216 1071 1343 1133 τοὺς
1368 1072 1765 1142 σμικρύνοντας

176 1154 411 1207 ἕκαστον
444 1156 632 1227 θαῦμα
660 1161 737 1229 τῷ
765 1161 1047 1231 ἀρνεῖσθαι
1089 1162 1188 1233 τὴν
1225 1164 1423 1233 σάρκα.
1456 1164 1550 1236 [55
1580 1164 1673 1237 8.]
1706 1165 1766 1219 ’0

177 1246 259 1314 κβ⁰
287 1248 430 1312 πρὸς
457 1250 586 1311 τοὺς
620 1250 956 1320 ζημιοῦντας
987 1252 1147 1322 ἡμῶν
1176 1253 1238 1307 τὸ
1265 1255 1422 1322 γένος
1460 1256 1538 1325 τῷ
1583 1257 1657 1327 μὴ
1683 1256 1768 1308 λέ-

176 1353 295 1403 γειν
328 1341 396 1390 ἐκ
426 1338 529 1408 τῆς
555 1340 771 1409 φύσεως
803 1343 956 1414 ἡμῶν
994 1344 1247 1413 εἰλῆφθαι
1281 1345 1379 1415 τὴν
1408 1347 1688 1417 ἀπαρχήν.
1708 1347 1767 1400 '0

176 1435 261 1493 κγ’
288 1430 431 1499 πρὸς
449 1433 577 1495 τοὺς
597 1433 852 1500 λέγοντας
882 1435 1160 1489 πιστεύειν
1187 1436 1373 1501 ἁπλῶς
1394 1432 1474 1500 οἷς
1491 1438 1534 1470 ³⁸
1552 1439 1768 1506 λέγουσι

178 1520 273 1569 καὶ
308 1518 387 1587 μὴ
424 1526 711 1575 κατανοεῖν
738 1524 792 1575 τί
829 1525 1039 1595 πρέπον
1068 1527 1100 1596 ἢ
1132 1528 1400 1596 ἀπρεπές.
1440 1526 1499 1580 '0
1530 1528 1608 1580 κδ’
1632 1529 1768 1598 πρὸς

176 1612 307 1673 τοὺς
338 1612 704 1682 ἀναιροῦντας
734 1616 834 1686 τὴν
863 1617 973 1669 τῶν
1004 1617 1220 1685 φύσεων
1247 1618 1508 1689 διαφορὰν
1541 1620 1680 1689 μετὰ
1708 1621 1769 1672 τὸ

178 1704 353 1765 πάθος
384 1706 483 1759 καὶ
510 1707 611 1776 τὴν
652 1708 1016 1778 ἀνάληψιν.⁹0
1050 1717 1128 1763 κε’
1158 1712 1629 1780 άνακεφαλαίωσις
1661 1712 1769 1765 τῶν

179 1796 323 1847 κατὰ
358 1796 533 1866 μέρος
575 1798 945 1869 ρηθέντων.⁶0
977 1809 1069 1867 κς¹
1102 1804 1233 1874 περὶ
1272 1803 1373 1873 τῆς
1403 1802 1627 1875 ὕστερον
1660 1822 1766 1875 μη-

1863 625 1977 671 tere
2000 629 2159 670 voces
2185 615 2330 684 ipsas
2355 614 2643 681 accipere;
2675 628 2781 667 non
2809 622 2988 667 autem
3018 626 3206 667 earum
3240 624 3420 673 sensa,

1861 718 1918 762 ut
1951 722 2071 777 qua
2107 708 2346 761 omnium
2398 718 2612 776 captum
2647 707 2933 771 excedant,
2962 705 3322 762 considerare.
3355 733 3425 743 —-

1862 797 2115 855 Decimus
2147 801 2431 868 septimus,
2476 800 2743 854 adversus
2789 800 3029 853 dicentes
3066 815 3081 853 :
3125 816 3145 849 ι
3194 797 3423 851 Verbum

1863 904 1960 960 per
1990 905 2207 946 carnem
2230 906 2443 959 passum
2464 902 2569 947 est.
2602 911 2620 942 ι
2650 922 2720 932 -
2744 892 2995 946 Decimus
3024 898 3268 949 octavus,
3299 902 3426 941 con-

1867 992 1944 1037 tra
1980 993 2312 1046 asserentes,
2332 983 2521 1053 quales
2557 982 2723 1038 Judaei
2757 996 2945 1051 pmnas
2973 981 3150 1035 daturi
3180 980 3425 1041 fuissent,

1864 1074 1910 1128 si
1951 1072 2119 1128 Deum
2166 1074 2314 1127 cruci
2356 1088 2459 1126 non
2505 1071 2820 1126 allixissent.
2849 1100 2918 1111 —
2947 1070 3197 1124 Decimus
3226 1053 3426 1131 nonus,

1868 1165 1919 1217 in
1954 1164 2284 1218 aliirmantes
2323 1160 2567 1217 Judaeum
2606 1161 2760 1214 illum
2805 1174 2945 1221 esse,
2983 1158 3073 1225 qui
3116 1155 3284 1210 Deum
3325 1155 3427 1209 mi-

1868 1256 2011 1309 nime
2038 1254 2353 1309 crucifixum
2384 1260 2609 1305 asserat.
2633 1279 2696 1293 -ο
2713 1248 3035 1312 Vicesimus,
3068 1257 3257 1301 contra
3283 1245 3429 1298 aien-

1870 1354 1969 1405 tes.
1995 1346 2212 1412 angelos
2232 1359 2344 1405 eos,
2364 1344 2455 1412 qui
2483 1342 2623 1411 apud
2649 1341 3017 1394 Abrahamqu
3064 1336 3242 1391 cibum
3284 1350 3431 1389 sum-

1869 1448 2117 1508 pscrunt,
2140 1452 2245 1490 non
2281 1437 2539 1490 continuo
2561 1434 2726 1490 etiam
2771 1432 2953 1486 carnis
3000 1440 3251 1484 naturam
3289 1437 3431 1479 attu-

1871 1531 2017 1583 lisse.
2041 1557 2111 1568 —
2138 1526 2440 1583 Vicesimus
2477 1525 2703 1593 primus,
2742 1524 3006 1578 adversus
3037 1535 3154 1585 eos,
3198 1520 3288 1589 qui
3328 1519 3430 1570 mi-

1872 1623 2056 1678 racula
2093 1621 2405 1691 singulatim
2442 1625 2765 1681 extenuant,
2793 1618 2918 1669 dum
2950 1628 3172 1669 carnem
3212 1620 3432 1679 negant.

1867 1743 1937 1755 --
1968 1713 2270 1769 Vicesimus
2297 1714 2589 1776 secundus,
2613 1713 2876 1765 adversus
2917 1723 3036 1772 eos,
3074 1706 3165 1776 qui
3197 1708 3435 1773 humano

1870 1806 2051 1875 generi
2099 1806 2354 1859 damnum
2400 1803 2675 1871 irrogant,
2722 1802 2848 1855 dum
2894 1798 3197 1854 concedere
3249 1797 3438 1849 nolunt

180 1887 443 1957 νυθείσης
490 1891 793 1955 συνθέσεως
834 1894 953 1963 ἦτοι
991 1895 1416 1958 συνουσιώσεως.
1438 1896 1496 1949 '0
1526 1898 1607 1962 κζ’
1638 1899 1768 1967 περὶ
1801 1875 1841 1929 Β

1801 1875 1841 1929 Β
1872 1911 1937 1949 ex
1965 1903 2148 1949 nostra
2189 1901 2378 1947 natura
2415 1891 2740 1962 principium
2779 1899 3048 1959 sumptum
3082 1902 3223 1941 esse.
3248 1913 3315 1924 -—
3344 1883 3436 1935 Vi-

178 1977 273 2031 τοῦ
308 1980 460 2033 κατὰ
490 1981 582 2033 τὸν
614 1983 793 2036 κοινὸν
834 1984 1123 2054 ἄνθρωπον
1153 1987 1567 2057 ὑποδείγματος.
1597 1990 1767 2059 Δῆλον

180 2068 235 2120 δέ
262 2071 361 2122 καὶ
394 2072 462 2124 ἐκ
494 2073 659 2141 μόνης
688 2075 869 2129 αὐτῶν
892 2078 990 2145 τῆς
1021 2077 1350 2141 ὑποθέσεως,
1380 2082 1522 2133 ποῖοι
1548 2080 1658 2133 τῶν
1688 2082 1764 2133 sl-

183 2166 443 2234 ρημένων
476 2166 651 2236 λόγων
699 2168 761 2221 τδ
802 2169 1081 2239 ὀρθὸδοξον
1126 2170 1455 2240 κρατύνουσι
1487 2172 1765 2244 φρόνημα,

181 2257 271 2327 [15
303 2257 405 2329 ιι]
436 2260 533 2312 καὶ
562 2260 707 2324 τίνες
736 2261 1097 2316 ἐκκλίνουσιν.

1873 1987 2107 2041 cesimus
2151 1985 2366 2047 tertius.
2406 1993 2595 2039 contra
2627 1982 2922 2050 iactantes.
2954 1977 3179 2034 credere
3223 1974 3439 2043 simpli-

1874 2081 2009 2133 citer
2041 2078 2129 2141 iis.
2159 2092 2278 2146 qua
2300 2078 2586 2139 dicuntur;
2620 2084 2677 2130 et
2710 2089 2814 2129 non
2846 2073 3152 2137 attendere,
3180 2070 3308 2139 quid
3341 2069 3438 2121 de-

1876 2185 2008 2226 cens
2055 2170 2146 2234 sit,
2186 2178 2280 2223 aut
2320 2169 2599 2223 indecens.
2625 2197 2693 2209 -—
2728 2166 3031 2220 Vicesinms
3068 2172 3317 2233 quartus,
3347 2158 3441 2213 ad-

1869 2274 2063 2316 versus
2089 2258 2340 2313 tollentes
2381 2268 2700 2311 naturarum
2734 2253 3121 2315 dill’erentiam,
3160 2260 3279 2321 post
3306 2262 3440 2316 pas-

180 2351 399 2405 sionem
430 2360 488 2404 et
509 2353 1317 2411 ascensionem—Vicesimus
1344 2352 1585 2425 quintus,
1641 2354 1957 2411 summatim
2006 2367 2069 2407 ea
2098 2352 2312 2421 repetit,
2371 2363 2490 2420 qua
2529 2362 2625 2419 per
2682 2358 2859 2417 partes
2914 2346 3173 2400 hactenus
3241 2340 3437 2393 tradita

181 2455 334 2498 sunt.
369 2473 447 2483 —
479 2444 625 2513 lla
670 2442 973 2501 Vicesimus
1011 2456 1219 2511 sextus,
1258 2446 1324 2501 de
1374 2447 1873 2517 postomanil'estata
1919 2444 2317 2514 compositione
2370 2457 2465 2497 seu
2529 2438 3105 2496 consubstantiatione.

3157 2462 3230 2475 --
3277 2429 3435 2484 Vice-

182 2542 354 2596 simus
400 2543 692 2609 septimus,
738 2544 804 2597 de
832 2558 897 2598 eo
925 2545 1066 2613 quod
1098 2546 1396 2599 secundum
1424 2559 1769 2600 communem
1807 2543 2079 2599 hominem
2113 2550 2216 2606 est,
2240 2539 2507 2608 exemplo.
2527 2536 2744 2593 Clarum
2763 2551 2891 2589 vero
2936 2536 3017 2587 Vel
3074 2549 3142 2587 ex
3169 2534 3286 2587 solo
3322 2544 3411 2587 ar-

182 2644 446 2701 gumento
467 2635 689 2703 quinam
710 2653 774 2690 ex
803 2640 1185 2708 suprascriptis
1225 2641 1377 2697 libris
1401 2643 1762 2696 orthodoxam
1789 2641 2147 2696 corroborent
2174 2638 2500 2700 doctrinam,
2529 2636 2734 2705 quique
2769 2635 2836 2688 ab
2870 2648 2929 2687 ea
2968 2633 3275 2686 discedant.

256 2730 384 2781 Ἐτι
417 2731 475 2783 ἐν
499 2730 580 2800 τῷ
594 2731 746 2801 αὐτῷ
770 2734 950 2804 τεύχει
977 2735 1399 2806 ἀνεγνώσθησαν
1416 2739 1459 2771 ²⁹
1490 2736 1585 2791 τοῦ
1604 2736 1771 2791 αὐτοῦ

185 2816 331 2885 λόγοι
348 2821 524 2888 τρεῖς,
544 2822 764 2887 μείζους
778 2822 888 2875 τῶν
902 2826 1335 2895 προειρημένων*
1367 2826 1772 2898 Ἐρανιστὴςῆ

186 2909 591 2977 Πολύμορςρος
612 2911 1255 2986 ἐφερονέπιγραφήνῙΩν
1275 2918 1303 2971 ὀ
1322 2918 1419 2987 μιν
1433 2918 1670 2989 πρῶτος,
1692 2919 1774 2972 ὅτι

186 2999 460 3068 ἄτρεπτος
488 3000 518 3051 ὁ
547 3000 679 3062 Θεὸς
713 3002 915 3069 Λόγοςο
940 3006 969 3055 ὁ
994 3004 1266 3076 δεύτερος,
1298 3008 1379 3059 ὅτι
1405 3007 1709 3077 ἀσύγχυτος
1737 3010 1769 3078 ἡ

186 3089 384 3151 ἐνωσις
403 3106 419 3119 ⁸
454 3093 483 3143 ὁ
508 3091 718 3161 τρίτος,
753 3093 835 3145 ὃτι
867 3095 1084 3164 ἀπαθὴς
1109 3097 1138 3149 δ
1167 3096 1300 3160 Θεὸς
1330 3098 1651 3164 Δόγος.Ἐτι
1681 3100 1772 3153 καὶ

1946 2734 2135 2789 Adhuc
2166 2734 2219 2788 in
2247 2734 2447 2802 {eodem
2491 2731 2608 2799 ipso
2638 2727 2924 2783 Volumine
2974 2727 3073 2796 legi
3123 2736 3234 2779 tres
3294 2724 3439 2791 ejus-

1874 2828 1997 2882 dem
2046 2828 2209 2881 libros
2253 2824 2621 2893 superioribus
2668 2819 2917 2889 majores.
2962 2818 3200 2873 Titulum
3248 2818 3440 2886 praefe-

1878 2927 2003 2972 runt
2045 2919 2339 2987 ἐρανιστὴς
2374 2914 2510 2984 (75),
2542 2913 2575 2983 ἢ
2605 2909 3052 2980 Πολύμορφος(ἰι1
3084 2918 3185 2971 est,
3221 2909 3442 2967 sodalis.

1876 3025 1969 3065 seu
2024 3009 2409 3076 multiformis).
2470 3005 2672 3058 llorum
2727 3003 2953 3072 primus,
3000 3001 3164 3055 Deum
3209 2998 3442 3053 Verbum

1876 3099 2211 3151 immutabile
2232 3112 2353 3151 esse
2382 3094 2558 3150 docet.
2590 3093 2764 3157 Alter,
2798 3092 3155 3154 inconfusam,
3192 3092 3441 3143 minimo-

190 3179 474 3250 τέταρτος.
507 3182 567 3232 ἐν
612 3174 657 3249 ᾦ
702 3184 1083 3255 συλλογισμοῖς
1126 3187 1230 3257 τῆς
1272 3189 1441 3258 αὐτῆς
1471 3189 1777 3253 ὑποθέσεως
1802 3174 1846 3235 C

1802 3174 1846 3235 C
1879 3204 1984 3257 que
2038 3189 2253 3243 mistam
2309 3188 2562 3241 unionem
2608 3198 2750 3240 esse.
2802 3182 3017 3238 Tertius
3061 3182 3444 3252 impassihilem

193 3271 687 3340 ὑπεραγωνίζεται.
718 3270 878 3330 Οὗτοι
906 3278 963 3330 δέ
1005 3281 1053 3331 oi
1081 3283 1231 3350 τρεῖς
1255 3281 1404 3349 λόγοι
1444 3283 1502 3334 ἐν
1546 3282 1780 3353 διαλόγῳ

194 3362 332 3413 εἰσὶν
361 3362 519 3432 αὑτῷ
555 3364 1020 3437 διεσκευασμένοι,
1047 3372 1095 3421 οἱ
1123 3372 1180 3423 δὲ
1209 3372 1357 3425 ἄλλοι
1383 3374 1776 3443 καταλογάδην.

196 3454 381 3523 Σαφὴς
402 3455 465 3507 δέ
488 3457 639 3507 ἐστιν
668 3460 726 3509 ἐν
755 3460 926 3511 ἆπασι
946 3462 1043 3531 τὴν
1069 3462 1292 3531 φράσιν,
1314 3464 1389 3526 ὼς
1410 3465 1666 3536 εὐκρινὴς
1688 3467 1783 3519 καὶ

197 3547 463 3615 καθαρὸς,
493 3548 588 3599 καὶ
621 3549 719 3601 οὐκ
744 3550 990 3621 ἀμοιρῶν
1022 3554 1114 3605 τοῦ
1146 3554 1321 3623 ἡδέος,
1354 3556 1702 3627 καταλλήλως
1722 3574 1780 3609 τε

196 3640 308 3700 τοῖς
348 3640 623 3709 νοήμασιν
660 3641 1121 3713 ἐνευθηνούμενος
1144 3646 1210 3698 ³⁸.

920 3933 1049 3985 MZ'.

217 4042 510 4116 Ἰωσήπου
553 4045 862 4117 Ἰουδαίου
912 4051 983 4100 τὰ
1022 4050 1172 4101 κατὰ
1221 4049 1541 4115 Ἰουδαίους
1602 4052 1782 4117 πάθη,

467 4115 568 4166 καί
599 4117 636 4183 ἡ
668 4115 779 4183 τῆς
821 4116 1217 4186 Ἰερουσαλὴμ
1251 4120 1497 4185 ἅλωσις.

272 4228 623 4297 Ἀνεγνὼσθη
651 4232 919 4300 Ἰωσήπου
934 4233 1187 4287 Ἰουδαίου
1200 4234 1271 4288 τὰ
1289 4238 1441 4289 κατὰ
1457 4235 1787 4301 Ἰουδαίους

204 4319 388 4387 πάθη,
420 4319 480 4372 ἐν
508 4312 588 4380 οἷς
613 4319 647 4388 ἠ
678 4337 735 4372 τε
759 4322 860 4390 τῆς
893 4322 1247 4393 Ἰερουσαλὴμ
1268 4327 1359 4378 ἐπὶ
1386 4325 1528 4378 τέλει
1560 4326 1670 4377 τῶν
1700 4325 1787 4377 λόο

206 4428 314 4477 γων
358 4410 569 4473 ἅλωσις
614 4414 708 4465 καὶ
755 4415 788 4482 ή
840 4414 942 4480 τῆς
986 4417 1243 4479 Μασάδας
1275 4416 1553 4486 πολίχνης,
1585 4418 1692 4487 πρὸ
1728 4416 1786 4469 δὲ

1883 3278 1997 3332 sive
2038 3274 2535 3344 imperturbabilem
2585 3287 2704 3328 esse
2748 3274 2910 3327 Deum
2933 3269 3189 3325 Verbum.
3227 3271 3449 3325 Accedit

1884 3377 2127 3435 quartus.
2156 3366 2206 3419 in
2240 3381 2347 3433 quo
2381 3365 2704 3436 syIIOgismis
2752 3363 2864 3418 hac
2911 3363 3095 3417 eadem
3128 3375 3445 3431 argumenta

1885 3458 2299 3525 retexit.Atque
2358 3458 2411 3511 bi
2461 3456 2683 3525 quidem
2739 3455 2859 3509 libri
2910 3470 3005 3521 per
3060 3456 3328 3523 dialogum
3381 3458 3449 3507 ab

1885 3549 1999 3617 ipso
2046 3549 2334 3617 conscripti
2376 3559 2522 3609 sunt,
2582 3546 2771 3616 reliqui
2826 3562 2952 3599 vero
3005 3547 3340 3609 continenti,
3388 3562 3450 3599 ac

1886 3649 2140 3709 perpetua
2198 3642 2360 3695 serie.
2417 3641 2600 3711 Stylns
2646 3641 2694 3693 ei
2747 3638 2799 3693 in
2831 3640 3080 3693 omnibus
3134 3639 3449 3708 perspicuus

1884 3734 1990 3800 (est
2011 3735 2153 3785 enim
2204 3735 2490 3787 distinctus
2544 3748 2608 3785 ac
2658 3731 2843 3799 purus)
2886 3746 3058 3798 neque
3097 3731 3451 3798 iucunditatis

1886 3836 2077 3893 expers
2106 3838 2119 3873 :
2153 3822 2497 3891 pr0p0rtione
2519 3836 2642 3874 vero
2663 3822 2911 3876 sensibus
2944 3820 3220 3875 exuberat.

2567 3934 2773 3989 XLVII.

2066 4045 2281 4113 Iosephi
2311 4044 2489 4100 λιιιίωί
2520 4045 2582 4098 de
2608 4045 2739 4097 libro
2767 4042 2993 4097 Iudaico
3022 4043 3138 4094 libri
3167 4057 3262 4094 vn.

1959 4225 2087 4293 Leti
2125 4223 2417 4294 Josephum
2450 4221 2715 4286 Judzeum,
2750 4221 2823 4274 De
2842 4220 3082 4273 Iudaica
3109 4219 3275 4286 gentis
3303 4218 3454 4271 ὀπία-

1892 4322 2071 4375 mi'ale
2094 4328 2249 4385 atque
2280 4318 2510 4371 interitu.
2532 4315 2649 4382 Quo
2682 4316 2733 4369 in
2766 4314 2900 4367 libro
2924 4322 3168 4365 extremo
3197 4310 3451 4363 Hieroso-

1891 4416 2155 4484 lymorum
2205 4409 2471 4465 excidium
2515 4418 2719 4472 narrat,
2769 4416 2822 4458 et
2860 4404 3087 4457 Munda!
3122 4402 3301 4471 oppidi
3346 4420 3360 4454 :
3399 4412 3453 4454 et

204 4502 415 4554 τούτων
443 4504 475 4570 η
506 4503 615 4554 τῶν
635 4503 994 4566 Ἰωταπάτων,
1022 4508 1079 4559 ἐν
1213 4508 1307 4559 καὶ
1345 4507 1507 4569 αὐτὸς
1527 4506 1791 4577 Ἰώσηπος
1824 4532 1866 4583 ι)

1824 4532 1866 4583 η
1894 4515 2021 4558 ante
2066 4504 2180 4557 hare
2230 4499 2623 4568 .lotapatorum,
2671 4498 2721 4549 iu
2775 4512 2881 4564 quo
2927 4504 2981 4547 et
3035 4495 3150 4560 ipse
3185 4490 3454 4557 Josephus

206 4594 336 4661 ἥλω,
371 4594 455 4645 ἔτι
495 4594 553 4647 δὲ
581 4595 619 4646 Γ
624 4596 915 4664 ισχάλων³¹
944 4598 1143 4661 ἅλωσις
1169 4600 1261 4652 καὶ
1282 4598 1457 4652 ἄλλων
1478 4599 1785 4653 Ἰουδαϊκῶν

207 4683 489 4752 φρουρίων
537 4685 925 4754 ἐρημία.Ἐσ-τι
968 4688 1025 4741 δέ
1076 4689 1225 4759 αὺτῷ
1241 4690 1285 4721 ³⁸
1316 4691 1375 4742 τὺ
1407 4689 1689 4760 σύνταγμα
1729 4692 1787 4742 ἐν

208 4774 391 4841 λόγοις
420 4776 581 4829 ἐτι-τά.
609 4778 866 4848 Καθαρὸς
895 4779 994 4848 τὴν
1014 4781 1235 4851 φράσιν,
1264 4783 1357 4834 καὶ
1389 4782 1605 4851 ἀξίωμα
1626 4782 1787 4849 λόγου

212 4866 346 4933 μετὰ
375 4867 689 4935 εὐκρινείας
720 4872 815 4922 καὶ
848 4870 1037 4941 ἡδονῆς
1080 4872 1253 4934 δεινὸς
1281 4875 1535 4943 ἐκφῆναι,
1565 4873 1789 4936 πιθανός

207 4970 266 5006 τε
297 4964 425 5018 ut
456 4956 819 5025 δημηγορίαις
854 4962 948 5013 καὶ
973 4960 1243 5031 ἐπίχαρις,
1278 4963 1383 5015 κᾶν
1415 4965 1507 5015 ἐπὶ
1535 4964 1789 5017 τάναντία

209 5050 237 5098 ὁ
262 5049 455 5117 καιρὸς
476 5050 615 5119 καλῇ
643 5052 948 5121 χρήσασθαι
970 5053 1045 5123 τῷ
1065 5053 1227 5123 λόγῳ,
1253 5053 1423 5117 δεξιὸς
1448 5055 1541 5107 mi.
1566 5053 1790 5123 γόνιμος

210 5139 619 5210 ἐνθυμημάτων
664 5144 1035 5216 ἐφ’,ἐκάτεραη
1071 5147 1165 5199 καὶ
1200 5145 1603 5215 γνωμολογικὺς
1628 5145 1684 5198 δέ
1713 5145 1789 5209 ὡς
1834 5216 1853 5231 Ι

1893 4604 2111 4663 raptus;
2151 4603 2408 4661 praterea
2439 4589 2812 4645 Gischalorum
2859 4586 3216 4648 eversionem,
3241 4594 3294 4636 et
3319 4584 3455 4637 alio-

1895 4702 2013 4740 rum
2039 4682 2384 4740 Judaicorum
2407 4682 2856 4734 munimentorum
2884 4676 3289 4732 desolationem.
3321 4674 3457 4728 Sunt

1895 4791 2073 4832 autem
2093 4776 2251 4845 hujus
2274 4775 2453 4843 operis
2474 4773 2589 4825 libri
2615 4784 2839 4839 septem.
2860 4770 3131 4825 Candidus
3156 4768 3230 4821 illi
3256 4783 3455 4831 sermo,

1895 4872 1985 4943 qui
2025 4869 2294 4925 rationum
2331 4867 2538 4935 pondus
2572 4876 2729 4932 atque
2766 4873 3093 4917 momentum
3142 4877 3261 4915 cum
3310 4864 3459 4930 puri-

1896 4974 2009 5017 tate
2038 4978 2100 5016 ac
2122 4961 2463 5031 iucunditate
2486 4956 2790 5023 exprimere
2818 4954 3006 5023 possit.
3034 4952 3085 5004 In
3110 4952 3459 5005 concionibns

1899 5050 2252 5122 persuadendi
2304 5048 2354 5101 vi
2408 5044 2664 5114 praeditus
2720 5051 2841 5105 est,
2895 5056 2957 5093 ac
3007 5040 3295 5107 gratiosus,
3347 5050 3457 5089 tmn

1896 5146 2057 5196 etiam
2094 5154 2214 5195 cum
2265 5140 2451 5191 suadet
2485 5132 2859 5204 opportunitas
2901 5130 3197 5183 orationem
3244 5128 3296 5181 in
3324 5142 3458 5181 con-

1444 5320 1530 5375 VA
1540 5317 1678 5373 lile
1717 5315 2114 5373 LECTIONES.

288 5410 333 5438 ’⁸
363 5410 459 5472 οὓς
491 5428 557 5474 ς.

216 5480 261 5511 ³³
290 5482 423 5533 αὐτὸ
468 5498 530 5546 ς.

633 5413 679 5445 ¹⁹
712 5414 1028 5485 ἀνεγνώσθη
1068 5413 1160 5468 τοῦ
1183 5412 1369 5467 αὐτοῦ.
1402 5418 1469 5477 Α,
1500 5413 1918 5483 ἀνεγνώσθησαν
1951 5410 2114 5465 αὑτοῦ
2177 5425 2216 5472 ς
2246 5447 2259 5460 .

2356 5406 2401 5437 ⁸⁸
2432 5402 2824 5475 εὑθηνούμενος
2882 5418 2942 5465 ς.
3026 5402 3065 5432 ⁸¹
3098 5403 3366 5471 χισχά).ων
3392 5402 3458 5454 Α.

1722 5654 1950 5712 NOTAE.

290 5769 404 5833 (75)
435 5768 810 5821 Em’emlicalor
841 5767 1080 5821 reddituir
1110 5767 1427 5839 arGeutiuuo
1451 5765 1685 5839 llcrvelo
1714 5784 1780 5826 ex
1818 5769 1987 5839 ipsius
2014 5767 2338 5825 Theodoreti
2374 5768 2587 5824 [δηίων.
2638 5767 2881 5821 Sadalam
2942 5780 3039 5833 ego
3084 5779 3237 5826 voco,
3296 5723 3450 5827 unus;

218 5841 379 5893 simul
398 5839 626 5899 sdalem.
662 5847 716 5894 et
742 5840 980 5902 eiusdem
1017 5838 1333 5896 uarticiuem
1360 5836 1635 5895 svutbolae.
