4210 6442
776 363 844 427 83
1923 376 2190 438 PHOTII
2227 378 2438 438 PATR]

2349 379 2735 440 [‘RIARCHE
2770 381 2881 443 (ΖΡ.
3945 383 4011 448 84

770 479 991 529 trariam
1022 489 1225 547 partem
1257 480 1493 539 ﬂectere.
1520 484 1749 561 Dextere
1781 501 1999 557 quoque
2026 500 2079 543 et
2114 491 2336 560 copiose
2367 507 2407 558 Λ

2367 507 2407 558 Λ
2436 494 2491 545 ει
2525 511 2611 556 τις
2640 494 2821 556 ἄλλος,
2847 496 2944 547 καὶ
2972 494 3119 565 πάθη
3149 494 3229 565 τῷ
3256 496 3399 567 λόγῳ
3429 500 3779 570 παραστῆσαι
3824 502 4014 553 ἱκανώ-

769 568 1184 637 enthymematis
1214 574 1265 627 in
1297 583 1582 644 utramque
1634 587 1842 646 partem
1872 580 2062 643 utitur,
2109 593 2333 637 senten-

2439 601 2625 648 τατυς,
2652 586 2747 637 καὶ
2774 586 2985 655 ἐγεῖραι
3014 586 3187 650 πάθος
3212 589 3303 641 καὶ
3327 588 3568 658 πραΰναι
3588 592 3973 661 δοκιμώτατος.

771 663 996 729 tiasque,
1051 663 1096 717 si
1136 666 1258 733 quis
1312 666 1484 732 alius,
1513 668 1754 724 adhibet.
1814 670 2056 727 Orationi
2114 674 2334 743 insuper
2365 673 2618 728 aﬂ'ectuni
2650 676 3015 743 imprimendi,
3045 688 3102 731 et
3162 680 3467 734 concitandi
3513 691 3713 746 motus,
3771 685 4013 738 eosdem-

770 769 874 823 que
906 770 1026 808 mox
1058 754 1309 820 leniendi,
1340 768 1423 812 est
1458 762 1849 829 peritissimus.

842 848 1007 902 Multa
1060 862 1191 902 vero
1233 849 1383 919 signa
1449 860 1611 921 atque
1667 857 1907 927 prodigia
1955 858 2341 930 Hierosolyma:

768 940 1038 995 excidium
1094 944 1437 1011 pmcessisse
1474 959 1881 1003 commemorat.
1914 949 2111 1005 Bovem
2146 955 2211 1006 ad
2246 967 2341 1005 sa-

769 1030 1030 1086 crificium
1060 1032 1277 1087 ductam
1314 1048 1509 1099 agnum
1542 1039 1837 1106 peperisse.
1879 1042 2078 1097 Lucem
2109 1045 2164 1098 in
2200 1055 2340 1098 tem-

771 1124 858 1192 plo
918 1126 1276 1194 splenduisse.
1332 1127 1526 1183 Vocem
1579 1134 1775 1186 exinde
1827 1137 2107 1191 auditam:
2146 1156 2165 1188 ι
2201 1138 2338 1191 Ilinc

768 1218 1048 1273 abeamus.
1088 1238 1107 1270 ι
1140 1219 1345 1289 Templi
1376 1229 1596 1291 portas,l
1624 1241 1762 1295 quas
1797 1242 1863 1281 ne
1892 1228 2076 1296 viginti
2116 1230 2336 1298 quidem

766 1309 866 1363 viri
910 1312 1120 1379 aperire
1173 1322 1445 1381 poterant,
1494 1326 1686 1385 sponte
1728 1318 1990 1384 patuisse.
2023 1319 2335 1374 Exercitum

766 1402 981 1470 vesperi
1033 1404 1206 1458 visum
1238 1406 1425 1461 ‘armis
1470 1408 1736 1463 indutum.
1780 1410 1988 1473 Virmn,
2020 1413 2108 1465 cui
2140 1428 2335 1467 nomen

764 1492 925 1550 Jesus
954 1495 1199 1563 Ananiae,
1247 1499 1381 1552 nihil
1430 1501 1573 1555 aliud
1608 1504 1768 1557 annis
1813 1518 1906 1557 sex
1953 1513 2007 1557 et
2061 1507 2337 1562 mensibus

768 1584 941 1638 tribus
976 1589 1239 1649 sonuisse,
1279 1600 1534 1659 tanquam
1585 1592 1768 1648 furore
1818 1596 2120 1659 percitum,
2169 1612 2333 1665 quam

765 1676 1056 1731 identidem
1097 1697 1110 1732 :
1158 1698 1176 1730 ι
1233 1678 1354 1743 Vae,
1387 1697 1500 1744 vae,
1545 1683 1880 1749 Jerusalem,
1923 1705 1942 1736 ι
1981 1689 2337 1758 enmdemque

764 1777 885 1817 cum
913 1779 974 1818 ea
1007 1767 1073 1821 de
1095 1782 1258 1823 causa
1290 1770 1601 1826 verberibus
1621 1786 1837 1841 quoque
1857 1774 2173 1838 caederetur,
2195 1791 2335 1844 prae-

2518 857 2693 910 [Ιολλά
2740 859 2796 910 δὲ
2848 858 3094 926 σύμϐολα
3136 863 3231 915 καὶ
3263 864 3465 932 σημεῖα
3496 864 3644 931 λέγει
3673 866 4013 934 προῦπάρξαι

2441 949 2541 1016 τῆς
2573 949 2930 1018 Ἰερουσαλὴμ
2960 950 3244 1013 ἁλώσεως·
3280 953 3407 1022 βοῦν
3452 972 3511 1007 τε
3546 955 3654 1024 γὰρ
3688 956 3779 1011 ἐπὶ
3828 956 4016 1011 θυσίαν

2441 1036 2718 1106 ἀγομένην
2742 1038 2881 1107 ἄρνα
2898 1042 3099 1101 τεκεῖν,
3116 1041 3210 1092 καὶ
3233 1041 3347 1108 φῶς
3366 1043 3681 1112 ἀναλάμψαι
3704 1045 3765 1096 ἐν
3782 1044 3861 1113 τῷ
3884 1046 4015 1114 ναῷ,

2440 1128 2537 1181 καὶ
2557 1132 2742 1198 φωνῆς
2759 1130 2968 1182 ἐκεῖθεν
2988 1130 3291 1184 ἐπακοῦσαι
3305 1152 3320 1183 ι
3333 1133 3751 1204 Μεταόαίνομεν
3774 1136 3818 1168 ⁸³
3834 1136 4019 1189 ἐντεῦ-

2444 1222 2590 1285 θεν.»
2618 1224 2716 1275 καὶ
2747 1223 2848 1286 τὰς
2872 1223 2967 1276 τοῦ
3004 1226 3151 1293 ἱεροῦ
3173 1225 3349 1290 πύλας
3376 1228 3486 1279 οὐδ’
3512 1228 3619 1281 ὑπὸ
3644 1229 3854 1299 ἀνδρῶν
3878 1233 4022 1283 εῐκο-

2440 1330 2528 1364 σιν
2570 1314 2930 1381 ἀνοιγομένας
2970 1316 3296 1384 αὐτομάτως
3330 1318 3621 1388 ἀνεῷχθαι,
3648 1322 3742 1372 καὶ
3791 1324 4020 1393 στρατὸν

2438 1404 2677 1474 ἑσπέρας
2706 1406 3091 1473 ἐπιφαίνεσθαι
3120 1408 3307 1471 ὅπλοις
3348 1412 3894 1482 περιπεφραγμένον,
3925 1416 4018 1467 καὶ

2436 1496 2729 1564 ἄνθρωπόν
2752 1514 2875 1549 τινα
2906 1498 3115 1570 (ὄνομα
3145 1501 3296 1570 αὐτῷ
3325 1503 3354 1553 ό
3378 1502 3472 1555 τοῦ
3494 1503 3739 1556 Ἀνανίου
3767 1506 3976 1573 Ἰησοῦς
3998 1506 4019 1573 )

2440 1586 2606 1655 μηδὲν
2639 1588 2768 1640 ἄλλο
2797 1590 3225 1658 ἐπιφθέγγεσθαι
3255 1593 3349 1643 ἐπὶ
3379 1593 3473 1663 ἐτη
3499 1601 3551 1657 ς’
3572 1596 3667 1647 καὶ⁵
3679 1597 3725 1627 ⁸⁵
3751 1596 3928 1664 μῆνας
3944 1606 4014 1663 γ’,

2439 1678 2631 1745 ῶσπερ
2661 1678 3096 1749 βεϐακχευμένον
3129 1682 3260 1735 ὄντα
3302 1684 3389 1735 ἐπ’
3422 1684 3555 1736 αὐτὸ
3581 1684 3761 1749 τοῦτο,
3799 1687 3832 1756 ἢ
3874 1689 3936 1740 τὸ
3958 1690 4019 1742 αἲ

2438 1772 2506 1838 τῇ
2544 1769 2896 1840 Ἰερουσαλήμ
2916 1788 2931 1801 °
2960 1772 3021 1835 ὃς
3057 1774 3153 1825 καὶ
3184 1774 3326 1843 ὑπὲρ
3362 1774 3555 1828 τούτου
3584 1777 3851 1841 αἰκισθεὶς
3876 1780 4017 1848 πλὴν

766 1866 849 1911 ter
878 1859 1015 1914 hanc
1042 1876 1205 1916 unam
1240 1878 1446 1929 vocem,
1476 1866 1676 1919 nullam
1705 1865 1952 1921 emisisse
1978 1867 2159 1922 aliam.
2182 1870 2336 1924 llunc
2366 1881 2409 1935 Β

2366 1881 2409 1935 Β
2438 1864 2645 1934 ταύτης
2685 1865 2785 1935 τῆς
2827 1864 3011 1934 φωνῆς
3052 1864 3205 1917 οὐδὲν
3235 1865 3363 1917 ἄλλο
3389 1865 3753 1936 ἀπεκρίνατο,
3786 1869 3843 1919 ἐν
3874 1870 4012 1939 αὐτῇ

764 1949 891 2004 item
915 1952 1065 2007 urbis
1084 1955 1297 2009 excidio
1333 1971 1456 2011 cum
1484 1958 1790 2024 interesset,
1818 1962 2174 2029 eamdemque
2194 1966 2333 2032 apud

761 2056 823 2096 se
852 2057 1035 2098 vocem
1071 2045 1448 2115 ingemlnaret,
1496 2049 1687 2119 lapidis
1728 2050 1837 2106 ictu
1876 2054 2012 2123 11b
2053 2054 2123 2108 ab
2181 2055 2335 2109 hoste

762 2135 1001 2189 occisum
1030 2151 1169 2193 esse.

829 2230 1007 2297 Atqnc
1063 2232 1178 2284 haec
1224 2230 1441 2299 quidem
1480 2241 1607 2289 ante
1656 2236 1843 2289 urbem
1904 2245 2121 2306 captam
2176 2238 2330 2307 signa

764 2329 1059 2375 monstrata
1091 2319 1261 2384 fuere,
1314 2324 1553 2378 intestini
1580 2340 1710 2379 vero
1752 2327 1874 2382 belli
1904 2330 2098 2383 seditio
2128 2340 2183 2384 et
2233 2332 2333 2383 bo-

758 2420 873 2465 stes
897 2411 1081 2466 urbem
1103 2424 1431 2470 everterunt.
1458 2416 1512 2470 lu
1545 2419 1836 2472 zelotarum
1871 2420 2013 2474 enim
2039 2421 2330 2475 factionem

762 2512 818 2555 et
850 2504 1170 2558 sicariorum
1198 2507 1378 2572 divisi,
1412 2522 1471 2562 se
1500 2520 1685 2564 mutuo
1717 2508 1884 2565 Judaei
1921 2510 2329 2575 interfecerunt,

762 2596 1048 2664 ipsumque
1075 2599 1210 2652 adeo
1244 2599 1552 2667 reipublicae
1592 2616 1788 2671 corpus
1818 2604 2027 2673 vulgus,
2057 2605 2128 2659 ab
2158 2604 2333 2658 utris-

761 2701 871 2754 que
893 2691 1087 2744 acerbe
1120 2698 1205 2744 est
1237 2700 1398 2761 atque
1429 2693 1721 2749 crudeliter
1765 2696 2101 2750 dilaniatum.
2136 2695 2333 2751 Fames

766 2782 891 2832 item
923 2781 1003 2835 sic
1037 2783 1222 2836 urbem
1255 2783 1474 2847 invasit,
1505 2794 1564 2840 ut
1594 2794 1650 2838 et
1683 2787 1749 2839 ad
1780 2787 1883 2840 alia
1929 2788 2130 2857 ﬂagitia
2153 2790 2331 2845 homi-

764 2886 863 2926 nes
895 2872 1105 2939 impulsi
1140 2875 1361 2939 fuerint,
1403 2888 1459 2932 et
1497 2877 1691 2933 mulier
1716 2893 1869 2933 suum
1905 2881 2019 2947 ipsa
2045 2881 2211 2935 lilium
2238 2896 2332 2936 co-

761 2962 1012 3017 mederit.
1038 2963 1217 3020 Pestis
1242 2967 1424 3021 adharc
1450 2968 1644 3023 famem
1668 2972 1966 3038 excipiens,
1997 2972 2131 3025 satis
2153 2971 2332 3026 omni-

757 3054 861 3108 bus
901 3056 1052 3109 clare
1100 3058 1361 3122 ostendit,
1397 3059 1588 3114 divina:
1645 3060 1696 3114 id
1744 3062 1837 3114 ira:
1884 3077 2018 3128 opus
2064 3077 2219 3128 esse,
2265 3077 2331 3117 ac

767 3144 1061 3202 Dominicaa
1118 3149 1540 3207 denuntiationis
1583 3154 1979 3222 minarumque,
2014 3155 2131 3211 fore
2168 3158 2330 3209 nimi-

762 3253 880 3292 rum
912 3250 969 3292 ut
992 3240 1120 3296 urbs
1155 3240 1395 3295 funditus
1433 3258 1619 3297 eversa
1652 3246 1861 3311 periret.

1426 3328 1650 3383 XLVIII.

898 3417 1179 3484 Iosephus,
1205 3421 1282 3473 vel
1308 3420 1467 3475 Caius
1494 3420 1791 3490 Presbyter.
1822 3424 1894 3475 De
1916 3426 2179 3477 universo.

834 3572 1029 3627 Lectus
1056 3586 1159 3639 est,
1185 3575 1449 3645 Juseplius
1478 3578 1554 3633 De
1579 3582 1855 3645 uuiverso;
1898 3582 1989 3649 qui
2027 3580 2165 3634 liber
2200 3580 2325 3633 alibi

758 3661 1053 3732 inscriptus
1101 3665 1317 3734 legitur,
1351 3665 1426 3721 De
1455 3669 1688 3722 universi
1716 3685 1916 3734 causa;
1962 3669 2014 3722 in
2047 3669 2169 3724 aliis
2202 3684 2329 3723 vero

757 3755 933 3819 libris,
962 3756 1040 3810 De
1070 3760 1295 3812 universi
1320 3772 1530 3814 natura.
1561 3761 1805 3830 Suntque
1834 3761 1993 3816 libelli
2028 3763 2167 3827 duo,
2203 3764 2328 3829 qui-

758 3848 858 3903 bus
886 3863 1069 3904 secum
1097 3866 1334 3921 pngnare
1370 3850 1643 3907 Platonem
1680 3854 1853 3907 docet.
1882 3852 1959 3908 De
1989 3856 2167 3908 anima
2194 3869 2330 3923 quo-

759 3954 866 4004 que
915 3944 1141 3996 materia
1167 3980 1183 4005 ,
1224 3951 1279 3996 et
1318 3943 1714 3998 resurrectione
1759 3943 1873 4013 (76)
1914 3945 2235 4009 Alcinoum,
2270 3954 2329 3997 nt

760 4028 990 4082 absurde
1053 4045 1118 4084 ac
1162 4030 1297 4085 falso
1347 4032 1729 4096 disserentem,
1778 4032 2146 4100 reprehendit,
2201 4047 2329 4086 suas

759 4135 887 4175 vero
931 4122 1045 4192 ipse
1078 4124 1143 4178 de
1173 4124 1254 4179 his
1308 4124 1553 4179 thesibus
1598 4124 1880 4191 opiniones
1907 4125 2167 4193 opponit;
2223 4124 2327 4179 do-

757 4224 953 4284 cetque
981 4214 1287 4269 Judaaorum
1323 4216 1594 4270 nationem
1627 4216 1785 4285 longe
1823 4230 1963 4278 esse,
1994 4231 2154 4285 quam
2176 4214 2327 4268 Gne—

759 4324 946 4361 corum
984 4306 1369 4377 antiquiorem.
1400 4306 1559 4360 Putat
1583 4306 1938 4374 compositum
1968 4306 2243 4361 hominem
2257 4322 2323 4361 ex

758 4401 915 4469 igne,
971 4410 1135 4466 terra,
1183 4414 1343 4467 aqua,
1396 4413 1461 4452 ac
1507 4406 1766 4467 praeterea
1814 4412 1845 4452 e
1891 4398 2110 4466 spiritu,
2163 4413 2322 4466 quem

2432 1975 2496 2010 τε
2523 1960 2594 2028 τῇ
2624 1957 2823 2010 ἁλώσει
2872 1956 3066 2027 ⁴παρὼν
3094 1957 3190 2009 καὶ
3223 1956 3401 2025 ἐαυτῷ
3419 1958 3463 1990 ³⁵
3490 1958 3590 2026 τὴν
3617 1959 3875 2028 τοιαύτην
3901 1978 4016 2028 φω-

2433 2051 2531 2122 νὴν
2564 2050 2830 2116 ἐπειπὼν,
2859 2050 2994 2123 λίθῳ
3024 2050 3244 2122 βληθεὶς
3274 2051 3382 2105 ὑπὸ
3423 2052 3533 2107 τῶν
3566 2053 3861 2123 πολεμίων,
3894 2057 4017 2107 ἐτε-

2432 2143 2683 2213 λεύτησε.

2503 2236 2596 2309 [56
2622 2236 2716 2307 R.]
2756 2237 2837 2290 Τά
2867 2236 2966 2307 μὲν
2985 2235 3079 2290 οὖν
3100 2234 3487 2308 προδειχθέντα
3509 2235 3609 2304 τῆς
3635 2233 3887 2297 ἁλώσεως
3913 2251 4011 2303 ση-

2433 2333 2563 2399 μεῖα
2594 2328 2804 2383 ταῦτα·
2837 2330 2873 2399 ἡ
2904 2329 3095 2392 στάσις
3117 2329 3176 2382 δὲ
3222 2329 3332 2382 τῶν
3378 2328 3657 2397 ἐμφυλίων
3700 2328 3735 2396 ἢ
3770 2328 3821 2380 oi
3844 2328 4012 2381 πολέ-

2433 2438 2549 2489 μιοι
2574 2421 2673 2491 τὴν
2700 2420 2857 2473 πόλιν
2885 2419 3216 2490 ἐπόρθησαν.
3242 2420 3335 2481 Εἰς
3365 2418 3611 2486 ζηλωτὰς
3640 2419 3747 2490 γὰρ
3779 2420 4011 2482 ἑαυτοὺς

2430 2514 2528 2566 καὶ
2570 2511 2853 2583 σικαρίους
2892 2512 3281 2580 διαστήσαντες
3315 2510 3580 2578 ἀλλήλους
3623 2528 3685 2563 τε
3728 2509 4009 2578 ἔφθειρον,

2429 2608 2528 2660 καὶ
2572 2607 2637 2659 τὸ
2681 2606 2860 2659 κοινὸν
2894 2605 3053 2675 σῶμα
3083 2607 3113 2658 ό
3151 2605 3321 2673 δῆμος
3360 2604 3451 2656 ὑπ’
3477 2604 3680 2673 ἀμφοῖν
3704 2603 3921 2672 πικρῶς
3946 2620 4010 2655 τε

2430 2701 2527 2753 καὶ
2569 2698 2809 2769 ἀνηλεῶς
2836 2698 3231 2767 ἐσπαράττετο.
3265 2697 3439 2765 Λιμός
3480 2713 3540 2749 τε
3570 2695 3712 2748 οὕτω
3742 2696 4012 2763 κατέσχεν

2429 2790 2513 2851 ὡς
2544 2789 2639 2841 καὶ
2670 2789 2751 2849 είς
2792 2786 2930 2841 ἀλλα
2961 2786 3060 2856 μὲν
3086 2785 3387 2854 παράνομα
3409 2784 3537 2847 τοὺς
3563 2782 3881 2854 ἀνθρώπους
3915 2784 4013 2836 ἐκ·

2430 2877 2797 2948 διαιτηθῆναι,
2829 2879 2925 2930 καὶ
2951 2878 3186 2945 γυναῖκα
3211 2877 3268 2929 δέ
3292 2876 3355 2929 τὸ
3377 2877 3576 2929 οἰκεῖον
3607 2877 3797 2929 τέκνον
3824 2876 4012 2944 θοινή-

2431 2967 2649 3020 σασθαι.
2683 2967 2794 3019 Καὶ
2817 2966 2894 3035 τῷ
2916 2965 3060 3036 λιμῷ
3085 2966 3115 3017 ό
3140 2964 3326 3033 λοιμὸς
3349 2964 3840 3033 συνεπιλαϐόμενος
3866 2963 4009 3015 ἐδεί-

2430 3076 2532 3111 κνυ
2564 3060 2731 3111 πᾶσιν
2760 3058 3017 3126 ἐμφανῶς
3047 3057 3342 3126 θεομηνίας
3362 3055 3523 3125 ἔργον
3546 3056 3640 3107 καὶ
3665 3054 3765 3122 τῆς
3793 3058 4011 3107 Δεσπο-

2428 3151 2590 3219 τικῆς
2618 3150 2977 3219 προρρήσεως
3002 3149 3098 3202 καὶ
3126 3148 3354 3217 ἀπειλῆς
3397 3148 3499 3219 τὴν
3528 3147 3629 3217 τῆς
3662 3146 3871 3212 πόλεως
3900 3148 4013 3201 ὑπ-

2429 3242 2592 3313 άρξαι
2617 3241 2990 3312 πανωλεθρίαν
3019 3242 3113 3294 καὶ
3143 3241 3366 3294 ἅλωσιν.

3126 3332 3179 3384 Μ
3188 3333 3268 3383 Ην.

2434 3420 2551 3473 Τοῦ
2575 3422 2763 3475 αὐτοῦ
2793 3421 3037 3490 μᾶλλον
3068 3418 3137 3470 δὲ
3174 3422 3365 3490 Γαΐου
3398 3420 3829 3487 Πρεσσυτέοου,
3862 3423 4005 3487 περὶ

2946 3488 3056 3557 τῆς
3085 3489 3194 3542 τοῦ
3225 3491 3475 3556 παντός.

2493 3576 2833 3645 Ἀνεγνώσθη
2862 3578 3125 3648 Ἰωσήπου
3151 3578 3288 3643 Περὶ
3309 3578 3414 3629 τοῦ
3428 3575 3678 3640 παντὸς,
3697 3574 3727 3626 ὃ
3740 3576 3798 3626 ἐν
3813 3573 4002 3636 ἄλλοις

2409 3670 2649 3736 ἀνέγνων
2673 3668 3109 3736 ἐπιγραφόμενον
3120 3667 3257 3732 Περὶ
3277 3666 3387 3733 τῆς
3404 3667 3509 3719 τοῦ
3525 3664 3749 3729 παντὸς
3778 3663 4006 3727 αιτιαςι

2410 3764 2470 3815 ἐν
2496 3760 2678 3822 ἀλλοις
2714 3758 2773 3810 δὲ
2813 3757 2950 3824 Περὶ
2976 3756 3083 3823 τῆς
3110 3757 3219 3810 τοῦ
3247 3759 3477 3822 παντὸς
3505 3757 3738 3821 οὐσίας.
3776 3755 3867 3827 [I6
3899 3754 4002 3827 H.]

2415 3854 2573 3906 Ἔστι
2599 3851 2657 3904 δὲ
2676 3852 2734 3903 ἐν
2753 3850 2873 3903 δυσὶ
2895 3849 3171 3917 λογιδίοις.
3194 3850 3444 3903 Δείκνυσι
3473 3848 3530 3900 δὲ
3559 3850 3617 3900 ἐν
3639 3847 3825 3911 αὐτοῖς
3852 3847 4004 3917 πρὸς

2412 3940 2603 3995 ἐαυτὸν
2654 3939 3015 4002 στασιάζοντα
3042 3939 3327 4003 Πλάτωνα,
3379 3938 3593 4006 ἐλέγχει
3637 3938 3693 3990 δὲ
3723 3940 3819 3990 καὶ
3864 3938 4007 4004 περὶ

2421 4036 2605 4108 ψυχῆς
2629 4036 2724 4089 καὶ
2753 4034 2886 4104 ὕλης
2912 4032 3008 4085 καὶ
3032 4027 3380 4088 ἀναστάσεως
3405 4022 3679 4077 ’Δλκίνουν
3707 4021 3918 4088 ἀλόγως
3940 4039 4006 4073 τε

2426 4131 2521 4184 καὶ
2544 4127 2756 4198 ψευδῶς
2786 4126 3044 4186 εἰπόντα,
3077 4120 3391 4187 ἀντεισάγει
3419 4119 3477 4171 δέ
3503 4115 3603 4179 τὰς
3635 4114 3843 4174 οἰκείας
3869 4116 4009 4183 περὶ

2424 4220 2629 4273 τούτων
2652 4218 2762 4271 τῶν
2787 4215 3097 4270 ὑποθέσεων
3124 4211 3303 4278 δόξας,
3327 4207 3572 4263 δείκνυσί
3598 4224 3657 4260 τε
3692 4204 4009 4276 πρεσϐύτε-

2428 4330 2519 4384 ρον
2548 4312 2817 4382 Ἑλλήνιον
2845 4308 3026 4376 πολλῷ
3063 4308 3127 4359 τὸ
3146 4304 3415 4360 Ἰουδαίων
3456 4302 3630 4370 γένος.
3674 4298 3895 4363 Δοξάζει
3942 4299 4009 4351 δὲ

2424 4402 2740 4472 συγκεῖσθαι
2767 4400 2863 4453 τὸν
2893 4399 3182 4469 ἄνθρωπον
3212 4398 3275 4449 ἐκ
3305 4397 3476 4467 πυρὸς
3500 4394 3594 4448 καὶ
3627 4394 3729 4461 γῆς
3752 4393 3845 4445 καὶ
3866 4390 4010 4443 ὓδα-

755 4490 990 4542 animum
1023 4490 1274 4558 appellat.
1314 4487 1386 4541 De
1429 4504 1535 4557 quo
1576 4488 1765 4557 spiritu
1798 4489 1946 4543 hisce
1984 4488 2165 4542 verbis
2193 4502 2323 4541 usus

2419 4513 2534 4558 τος,
2566 4494 2663 4546 καὶ
2694 4492 2776 4545 ἐτι
2808 4494 2874 4545 ἐκ
2901 4489 3232 4558 πνεύματος,
3272 4487 3302 4539 ὃ
3352 4488 3447 4539 καὶ
3490 4486 3669 4556 ψυχὴν
3718 4483 4003 4551 ὀνομάζει.

754 4590 837 4633 est
872 4595 886 4634 :
926 4580 1095 4645 liuius
1149 4580 1442 4650 principem
1494 4590 1701 4648 partem
1741 4579 2171 4648 apprehendens,
2211 4595 2317 4632 una
2352 4568 2396 4624 ί)

2352 4568 2396 4624 ί)
2422 4587 2559 4657 Περὶ
2584 4579 2647 4638 οὗ
2675 4582 2979 4653 πνεύματος
3003 4582 3192 4643 αὑταῖς
3222 4580 3431 4645 λέξεσιν
3455 4578 3597 4630 οὕτω
3620 4576 4006 4646 φησίοτούτου

756 4690 878 4727 cum
906 4688 1131 4742 corpore
1160 4674 1430 4739 formavit,
1463 4683 1517 4727 et
1546 4688 1641 4741 per
1664 4673 1844 4727 omnia
1870 4675 2112 4728 membra
2142 4683 2324 4726 artus-

2419 4677 2481 4729 τὺ
2523 4677 2856 4747 κυριώτερον
2885 4672 3207 4741 ἀνελόμενος
3241 4671 3359 4738 ἅμα
3392 4669 3470 4738 τῷ
3514 4668 3727 4737 σώματι
3768 4667 4002 4731 ἔπλασε,

755 4779 861 4833 que
890 4765 1028 4817 viam
1090 4765 1186 4831 ipsi
1226 4762 1497 4833 patefecit.
1533 4762 1633 4829 Qui
1686 4764 1909 4832 spiritus
1943 4764 2154 4831 corpori
2186 4778 2321 4817 con-

2420 4771 2515 4820 καὶ
2540 4766 2630 4821 διὰ
2657 4765 2859 4827 παντὸς
2881 4764 3077 4834 μέλους
3096 4761 3195 4815 καὶ
3216 4760 3419 4831 ἄρθρου
3444 4760 3668 4828 πορείαν
3690 4757 3839 4826 αὑτῷ
3864 4775 4010 4810 κατ-

756 4857 1036 4921 formatus,
1083 4869 1361 4925 totumque
1400 4857 1717 4922 pervadens,
1753 4858 1939 4909 eadem
1990 4854 2185 4918 forma,
2214 4870 2321 4925 qua

2420 4856 2775 4910 εσκεύασενκ
2794 4872 2810 4886 ο
2845 4854 2875 4905 ὃ
2900 4852 2978 4922 τῷ
3006 4850 3218 4920 σώματι
3244 4848 3595 4919 συμπλασθὲν
3624 4849 3718 4900 καὶ
3743 4848 3833 4900 διὰ
3858 4864 4011 4900 παν-

755 4964 950 5017 corpus
982 4948 1081 5001 hoc
1111 4957 1408 5016 spectatur,
1433 4947 1720 5013 insignitus
1749 4956 1833 5001 est
1862 4961 1878 4999 :
1909 4955 2161 4998 naturain
2190 4960 2321 4998 vero
2415 4971 2417 4981 ι

2415 4949 2509 5009 τὸς
2532 4946 2905 5014 διικνούμενον
2927 4942 3007 5012 τῷ
3035 4942 3190 5011 αὐτῷ
3230 4942 3365 4994 εἴδει
3389 4939 3483 4991 τοῦ
3520 4938 3853 5008 βλεπομένου
3888 4939 4006 4990 σώ-

756 5038 1085 5106 frigidiorem
1120 5039 1298 5102 habet,
1334 5038 1400 5090 ad
1436 5038 1535 5090 tria
1561 5036 1670 5101 illa,
1694 5051 1789 5104 per
1810 5051 1929 5104 quae
1950 5050 2146 5104 corpus
2169 5051 2320 5089 com-

2426 5056 2597 5109 ματος
2627 5037 2963 5098 τετύπωται,
2979 5034 3080 5103 τὴν
3102 5032 3292 5085 οὐσίαν
3318 5032 3375 5084 δὲ
3396 5030 3729 5099 ψυχρότερον
3757 5029 4004 5097 ὑπάρχει

754 5137 967 5194 pactum
1006 5137 1109 5182 est.
1148 5126 1270 5181 Haec
1302 5128 1406 5188 ille,
1431 5144 1533 5182 non
1558 5129 1689 5182 satis
1707 5136 1831 5195 apte
1862 5126 1929 5179 ad
1967 5126 2315 5180 ilebreorutn

2422 5130 2560 5201 πρὸς
2604 5129 2675 5182 τὰ
2714 5128 2864 5198 τρία,
2891 5125 2959 5179 δι’
2990 5119 3065 5178 ὧν
3114 5124 3177 5177 τὺ
3219 5123 3381 5192 σῶμα
3404 5124 3792 5191 συνήρμοσται.
3834 5122 4006 5174 Οὕτω

754 5220 821 5272 de
851 5219 1083 5274 hominis
1116 5230 1306 5273 natura
1352 5219 1676 5283 doctrinam,
1725 5233 1902 5288 neque
1923 5220 2055 5271 satis
2080 5233 2112 5272 e
2141 5218 2317 5287 digni-

2425 5224 2527 5292 μὲν
2570 5217 2665 5275 οὖν
2708 5217 2942 5283 ἀναξίως
2962 5219 3061 5287 τῆς
3084 5233 3143 5269 τε
3172 5215 3280 5267 τῶν
3306 5215 3575 5267 Ἰουδαίων
3610 5215 3737 5283 περὶ
3780 5214 4004 5284 ἀνθρώ-

756 5318 865 5362 tate
895 5309 1221 5377 reliquorum
1259 5324 1288 5361 a
1329 5323 1387 5363 se
1417 5310 1618 5364 diserte
1668 5311 1993 5379 scriptorum
2045 5308 2312 5363 elocutus.

2418 5329 2523 5364 που
2553 5310 2901 5377 φυσιολογίας
2924 5307 3097 5361 ταῦτα
3127 5307 3296 5359 εἰπὼν
3339 5307 3434 5358 καὶ
3465 5306 3561 5374 τῆς
3610 5303 3774 5374 ἄλλης
3824 5305 3999 5357 αὑτοῦ

757 5398 832 5453 De
884 5401 1068 5453 mundi
1110 5415 1327 5471 quoque
1391 5402 1736 5471 generatione
1788 5415 1883 5468 per
1929 5399 2309 5467 compendium
2415 5421 2419 5432 ε

2415 5401 2545 5472 περὶ
2574 5399 2703 5460 τοὺς
2736 5398 2927 5467 λόγους
2972 5398 3289 5468 ἀσκήσεως,
3316 5394 3535 5460 διέξεισι
3572 5395 3665 5447 καὶ
3716 5394 3849 5466 περὶ
3892 5395 4002 5465 τῆς

2034 5512 2271 5567 νΑιιιιΕ
2314 5512 2718 5569 LECTIUNES.

1993 5612 2036 5643 ³⁸
2062 5610 2264 5683 ἐαυτῷ]
2291 5612 2454 5675 αὐτὸς
2479 5626 2601 5667 esse
2629 5612 2839 5664 videtur
2868 5607 2923 5661 in
2955 5607 3023 5659 Α.

2257 5702 2492 5757 ΝΟΤΑΕ.

830 5794 939 5864 (76)
969 5794 1131 5865 Cujus
1185 5796 1249 5851 de
1299 5806 1595 5866 comparat.
1638 5795 1848 5851 I‘Iatou.
1898 5805 1950 5849 ct
1988 5797 2212 5851 Aristot.
2252 5795 2463 5849 libellus
2498 5793 2857 5860 Grmccatquc
2887 5789 3074 5844 Latine
3104 5786 3154 5839 in
3186 5786 3361 5840 mcdio
3389 5792 3487 5837 est.

3128 5605 3173 5637 ³⁸
3199 5603 3608 5675 παρεσκεύασεν
3638 5603 3702 5656 Α.

826 5612 870 5644 ³³
899 5613 1312 5683 μεταδαίνωμεν
1366 5630 1426 5676 ς.
1505 5612 1550 5643 ³⁸
1574 5612 1665 5665 καὶ
1688 5627 1797 5666 om.
1831 5613 1893 5665 Δ.
