4210 6442
718 410 784 471 87
1836 400 2095 462 ΡΗΟΤΙΙ
2133 398 2380 459 ΡΑΤΒΙΑ

2320 393 2641 456 lIARCH/E
2679 394 2795 453 ΟΡ.
3909 387 3982 449 88

1462 519 1547 573 LI.

722 617 970 688 Mesychii
1002 616 1288 686 presbyteri
1328 613 1605 737 Colnztont.
1651 610 1716 665 In
1760 628 1963 667 teneant
2010 621 2295 679 serpentem

1415 700 1429 736 ι
1471 700 1514 736 η
1551 699 1628 737 ιν.

1415 699 1514 737 ton
1551 699 1628 737 ιν.

794 778 942 833 Lecti
1003 784 1133 831 sunt
1178 774 1435 846 Hesychii
1484 773 1787 844 presbyteri
1840 773 2299 841 Constantinopo-

722 872 876 925 litani
908 868 975 923 In
1000 884 1204 924 «meum
1230 875 1519 936 serpentem
1547 865 1675 919 libri
1713 874 1960 936 quatuor.
1997 865 2188 920 Sermo
2223 866 2295 919 illi

725 964 791 1017 ad
821 962 1243 1017 ostentationem
1276 968 1648 1028 comparatus,
1689 969 1744 1013 et
1786 960 2123 1013 concitandis
2169 958 2300 1012 adeo

727 1056 905 1108 ctibus
936 1055 1229 1108 meditatus
1260 1052 1561 1106 videbatur.
1591 1049 1691 1106 Hic
1712 1051 1988 1106 orationes
2026 1040 2301 1119 ﬁnguntur

728 1146 927 1218 Moysis
954 1146 1019 1198 ad
1070 1143 1350 1213 populum,
1384 1152 1440 1197 et
1474 1142 1637 1212 hujus
1684 1142 1925 1196 vicissim
1965 1141 2032 1195 ad
2080 1140 2301 1212 Moysen

727 1239 1021 1293 artificiosa
1059 1237 1315 1306 alloquia.
1362 1236 1455 1290 Dei
1502 1251 1719 1306 quoque
1752 1235 1817 1288 ad
1850 1234 2070 1305 Moysen
2103 1243 2160 1288 et
2204 1249 2301 1303 po-

727 1331 934 1399 pulum,
988 1338 1043 1383 et
1100 1330 1293 1383 horum
1347 1329 1630 1395 utriusque
1696 1344 1908 1381 rursum
1977 1327 2043 1381 ad
2109 1325 2301 1390 Deum,

728 1422 1061 1491 precationis
1122 1431 1286 1489 atque
1354 1420 1722 1474 excusationis
1792 1419 1961 1472 forma
2023 1432 2305 1471 sermones

729 1513 1038 1582 compositi.
1105 1512 1241 1581 126
1280 1512 1486 1579 Quibus
1530 1511 1868 1566 orationibus
1901 1525 2149 1577 magnam
2183 1510 2302 1564 libri

730 1612 941 1667 partem
988 1601 1284 1664 consumit,
1334 1601 1523 1670 ingens
1572 1600 1712 1655 mole
1746 1600 1996 1654 volumen
2043 1598 2304 1655 eﬂiciens.

732 1696 903 1749 Porro
943 1692 1187 1761 Scriptor
1224 1694 1360 1761 ipse,
1395 1702 1654 1769 quantum
1682 1707 1747 1747 ex
1778 1693 1881 1746 hoc
1904 1707 2069 1761 opere
2108 1692 2305 1761 dijudi-

734 1801 865 1841 care
901 1787 1052 1850 licet,
1096 1787 1147 1839 in
1179 1786 1498 1840 orthodoxis
1527 1794 1610 1839 est
1652 1784 2039 1839 numerandus.

1474 1876 1583 1931 LII.

809 1966 1057 2037 Synodus
1082 1966 1361 2031 Sidetana,
1407 1967 1619 2037 aliaque
1642 1977 1825 2021 contra
1859 1966 2227 2021 Messalianos.

804 2126 971 2182 Lecta
1024 2128 1263 2197 synodus
1324 2126 1483 2197 Sydaa
1530 2126 1714 2179 habita
1766 2127 2025 2180 adversus
2059 2127 2307 2181 haeresim

735 2221 1183 2276 Messalianorutu
1241 2220 1374 2288 (8i),
1430 2222 1533 2275 hoc
1604 2230 1707 2283 est,
1782 2219 2141 2273 Euchetarum
2216 2234 2309 2272 seu

736 2311 1217 2381 Adelpbianorum.
1301 2309 1525 2365 Praefuit
1582 2311 1789 2381 synodo
1866 2310 2306 2379 Amphilochius.

738 2404 907 2459 Iconii
972 2406 1306 2475 episcopus,
1374 2403 1781 2459 considentibus
1836 2414 1891 2456 et
1944 2404 2067 2459 aliis
2121 2404 2311 2474 viginti

739 2497 979 2566 quinque
1008 2498 1298 2565 episcopis.
1352 2495 1408 2549 ln
1449 2497 1638 2550 eodem
1692 2496 1810 2564 ipso
1854 2495 1989 2549 libro
2042 2497 2178 2551 lecta
2230 2506 2315 2552 est

743 2584 916 2653 ipsius
967 2586 1157 2656 synodi
1189 2587 1254 2639 ad
1306 2599 1557 2654 magnum
1614 2583 1953 2648 Flavianum,
2003 2585 2313 2653 episc0pum

748 2678 1071 2742 Antiochiae,
1133 2676 1404 2749 Synodica
1465 2676 1717 2746 epistola,
1796 2692 1975 2732 rerum
2038 2686 2314 2746 gestarum

745 2771 1008 2825 rationem
1040 2771 1291 2826 reddens.

817 2859 1166 2931 Quapmpter
1195 2861 1362 2916 etiam
1398 2862 1512 2931 ipse
1562 2861 1854 2915 Flavianus
1914 2862 2177 2932 synodum
2234 2862 2316 2915 in-

748 2954 888 3009 dixit
932 2956 1195 3009 adversus
1235 2955 1451 3010 eosdem
1506 2955 1625 3009 illos
1669 2954 1973 3018 haereticos,
2015 2955 2319 3010 accedenti-

748 3044 851 3098 bus
889 3046 1063 3100 tribus
1098 3046 1409 3115 episcopis;
1462 3044 1589 3099 Biza
1640 3044 1903 3099 Seleuciae
1943 3045 2079 3115 (82),
2113 3053 2168 3099 et
2205 3045 2319 3098 Ma-

3122 508 3243 568 NA'.

2410 602 2706 670 Ἡσυχίου
2730 600 3143 668 πρεσϐυτέρου
3168 598 3869 664 Κωσταντικουπόλεως
3891 599 3983 663 εις

2720 672 2825 724 τὸν
2859 671 3133 739 χαλκοῦν
3166 670 3327 738 ὅφιν,
3365 673 3537 739 λόγοι
3564 670 3636 723 δ’.

2468 761 2812 833 Ἀνεγνώσθη
2852 762 3109 833 Ἠσυχίου
3135 760 3511 831 πρεσϐυτέρου
3542 761 3987 813 Κωνσταντινου-

2399 857 2608 917 πόλεως
2642 858 2746 921 Είς
2785 856 2893 908 τὸν
2920 854 3197 925 χαλκοῦν
3231 853 3373 922 ὄφιν
3404 854 3575 921 λόγοι
3603 851 3835 904 δ⁹.⁹Εστι
3868 851 3926 903 δὲ
3957 852 3987 902 ό

2399 947 2557 1017 λόγος
2584 949 2663 1011 είς
2693 947 2953 1013 ἐπίδειξιν
2976 947 3434 1015 διεσκευασμένος
3481 945 3577 999 καὶ
3605 945 3662 996 ὲν
3694 942 3986 1012 ἠθοποιίας

2400 1042 2532 1094 είδει
2556 1039 2827 1111 μεμελετη
2838 1042 3018 1110 μένος,
3047 1040 3105 1092 ὲν
3128 1036 3208 1101 οἷς
3228 1037 3558 1108 δημηγορίαι
3579 1052 3638 1088 τε
3662 1034 3990 1087 διατυποῦν-

2399 1149 2491 1185 ται
2538 1132 2631 1185 τοῦ
2677 1132 2953 1194 Μωῦσέως
2999 1130 3135 1202 πρὸς
3165 1130 3257 1183 τὸν
3287 1130 3435 1191 λαὸν,
3468 1129 3563 1182 κα)⁸
3610 1126 3788 1179 αὐτῶν
3820 1125 3991 1178 πάλιν

2402 1224 2976 1296 κατασχηματίζονται
3004 1224 3139 1295 πρὸς
3168 1225 3258 1277 τὸν
3288 1222 3527 1276 Μωῡσέα
3561 1217 3830 1272 διαλαλιαὶ
3853 1256 3870 1280 ,
3908 1217 3991 1269 ἔτι

2402 1319 2460 1372 δὲ
2496 1320 2588 1372 καὶ
2614 1318 2703 1371 τοῦ
2738 1318 2885 1371 θείου
2916 1319 3053 1386 πρός
3085 1333 3146 1369 τε
3187 1315 3423 1368 Μωῦσέα
3453 1314 3548 1365 καὶ
3591 1312 3683 1363 τὸν
3715 1311 3863 1375 λαὸν,
3893 1313 3991 1365 καὶ

2403 1411 2608 1465 τούτων
2635 1414 2692 1465 ὲν
2721 1415 2876 1480 τύπῳ
2900 1412 3137 1478 δεήσεων
3166 1410 3260 1464 καὶ
3288 1407 3582 1473 ἀπολογίας
3607 1404 3987 1473 ὲκπεποιημέ-

2404 1525 2487 1559 νοι
2521 1506 2700 1573 λόγοι·
2738 1507 2796 1557 ὲν
2828 1499 2909 1565 οἷς
2934 1504 3029 1555 καὶ
3061 1505 3089 1555 ό
3124 1502 3291 1563 πολὺς
3318 1497 3468 1569 αὐτῷ
3491 1496 3869 1565 κατηνάλωται
3892 1493 3991 1547 τοῦ

2410 1598 2617 1669 βιϐλίου
2656 1596 2811 1664 λόγος
2836 1635 2851 1656 ,
2888 1594 3211 1662 πολύστιχον
3244 1591 3407 1658 ὄγκον
3451 1574 3993 1658 ὲμτὶεριειληφώς.’0

2407 1689 2464 1740 δέ
2494 1704 2557 1755 γε
2584 1687 2743 1755 ἀνὴρ,
2761 1686 2837 1747 ὼς
2865 1684 3013 1736 ἐστιν
3038 1686 3102 1736 ὲκ
3124 1682 3276 1735 τοῦδε
3302 1679 3469 1733 αὑτοῦ
3489 1677 3870 1747 τεκμηριῶσαι
3892 1676 3993 1729 τοῦ

2412 1779 2812 1849 συντάγματος,
2850 1777 2959 1829 τῶν
2996 1771 3417 1846 ὀρθοδοξούντων
3432 1769 3478 1801 ⁵³
3513 1768 3683 1822 ἐστίν.

3134 1861 3260 1917 NB'.

2414 1959 2693 2027 Σύνοδος
2748 1957 3068 2028 γενομένη-
3088 1957 3159 2009 ἐν
3186 1954 3334 2028 Σίδῃ
3369 1952 3520 2028 κατὰ
3561 1949 3843 2028 σίρέσεως
3872 1945 3989 1999 τῶι·

2721 2020 3136 2091 Μεσαλιανῶν,
3172 2020 3365 2094 ἤγουν
3393 2020 3685 2091 Εὺχιτῶν.

2484 2121 2825 2191 Ἀνεγνώσθη
2875 2120 3094 2182 σύνοδος
3138 2116 3405 2186 γενομένη
3452 2116 3509 2168 ὲν
3554 2113 3682 2185 Σίδῃ
3712 2108 3854 2162 κατὰ
3891 2110 3996 2176 τῆς

2414 2216 2681 2286 αἱρέσεως
2739 2214 2848 2267 τῶν
2914 2209 3272 2267 Μεσαλιανῶν
3330 2208 3497 2278 ἢγουν
3566 2202 3810 2273 Εύχιτῶν
3870 2201 3998 2271 ἦτοι

2427 2307 2821 2376 Ἀδελφιανῶν·
2854 2306 3049 2377 ἐξῆρχε
3090 2292 3151 2355 δὲ
3189 2301 3289 2370 τῆς
3326 2299 3547 2352 συνόδου
3585 2292 3939 2364 ’Δμφιλόχιος
3970 2294 4001 2344 ὁ

2413 2404 2508 2456 τοῦ
2543 2403 2765 2456 Ἰκονίου
2784 2400 2850 2465 ⁸⁸,
2880 2395 3310 2469 συνεδρευόντων
3335 2391 3485 2461 αὑτῷ
3513 2391 3607 2444 καὶ
3637 2390 3839 2458 ἑτέρων
3868 2389 3999 2438 ἑπι-

2416 2501 2635 2554 σκόπων
2665 2498 2757 2551 τὸν
2785 2497 3017 2568 ἀριθμὸν
3059 2495 3224 2546 πέντε
3267 2492 3362 2544 καὶ
3392 2490 3619 2541 εἴκοσιν.
3638 2487 3726 2539 Ἐν
3758 2486 3823 2555 τῇ
3855 2484 4000 2553 αὐτῇ

2416 2594 2472 2645 δὲ
2506 2590 2669 2660 βίϐλῳ
2691 2588 3006 2658 ἀνεγνώσθη
3036 2585 3138 2655 τῆς
3164 2584 3334 2652 αὐτῆς
3361 2580 3582 2633 συνόδου
3612 2579 3746 2646 προς
3772 2576 3864 2628 τὸν
3896 2574 4001 2644 μέ·-

2420 2702 2525 2751 γαν
2569 2679 2864 2734 Φλαϐιανὸν
2900 2679 2993 2731 τὸν
3029 2674 3365 2744 ’Δντιοχείας
3407 2668 3669 2738 ἐπιστολὴ
3720 2664 4002 2735 συνοδικὴ,

2420 2777 2527 2838 τῶν
2567 2772 2978 2844 πεπραγμένων
3015 2768 3312 2836 ποιουμένη
3353 2765 3452 2835 τὴν
3488 2761 3859 2816 διδασκαλίαν.

2491 2867 2688 2935 Διόπερ
2722 2866 2816 2918 καὶ
2854 2863 3018 2926 αὐτὸς
3047 2857 3391 2929 συναθροίζει
3438 2856 3651 2910 σύνοδον
3696 2853 3840 2907 κατὰ
3891 2851 4010 2904 τῶν

2423 2960 2602 3015 αὐτῶν
2620 2958 2934 3029 αἱρετικῶν,
2965 2953 3363 3024 συμπαρόντων
3389 2950 3487 3019 μὲν
3510 2946 3657 3015 αὐτῷ
3688 2947 4011 2999 ἐπισκόπων

2424 3053 2613 3124 τριῶν,
2642 3052 2803 3113 Βίζου
2819 3050 2865 3081 ’⁵⁸
2890 3046 2983 3100 τοῦ
3007 3044 3328 3105 Σελευκείας
3358 3041 3453 3093 καὶ
3475 3037 3738 3109 Μαρουθᾶ
3766 3035 3857 3088 τοῦ
3880 3035 4016 3086 Σουο

750 3137 911 3191 rutha
934 3136 1047 3205 (85)
1076 3138 1251 3206 gentis
1286 3136 1749 3205 Supharenorum,
1779 3146 1835 3190 et
1871 3135 2042 3197 Sami,
2074 3137 2139 3188 ad
2184 3149 2320 3202 quos
2358 3210 2387 3215 _

2358 3210 2387 3215 _
2427 3145 2683 3215 φαρηνῶν
2713 3142 2899 3204 ἔθνους
2931 3139 3026 3193 καὶ
3055 3139 3238 3205 Σάμου
3258 3152 3271 3164 ·
3307 3132 3666 3203 πρεσϐύτεροι
3691 3131 3749 3183 δὲ
3776 3131 3867 3181 καὶ
3893 3127 4013 3179 διὰ·

752 3243 812 3282 se
846 3244 967 3283 cum
1015 3230 1339 3299 presbyteri,
1381 3240 1493 3283 tum
1528 3229 1740 3283 diaconi
1800 3229 1865 3280 ad
1924 3229 2143 3295 triginta
2191 3210 2392 3281 σου-(ἶ

2351 3210 2392 3264 c
2430 3210 2575 3293 κονοί
2627 3236 2994 3307 συμπαρῆσαν
3049 3233 3211 3302 μέχρι
3261 3229 3568 3299 τριάκοντα·
3598 3226 3686 3276 Ἑν
3720 3222 3888 3291 ταύτῃ
3942 3222 4013 3287 τῇ

747 3320 1069 3385 junxerunt.
1098 3319 1277 3373 Noluit
1301 3321 1411 3373 haec
1444 3322 1681 3389 synodus
1701 3320 2023 3387 Adelphium
2053 3320 2324 3387 paeniten-

755 3414 889 3467 tiam
919 3412 1290 3484 profitentem,
1345 3412 1704 3479 haeresimque
1745 3410 2081 3478 abjurantem
2128 3411 2327 3463 admit-

754 3514 873 3560 tere
926 3522 940 3558 :
978 3504 1122 3573 quod
1166 3518 1341 3571 neque
1374 3517 1437 3557 ea
1480 3505 1751 3558 haereseos
1804 3503 2099 3573 abjuratio,
2153 3517 2329 3570 neque

757 3596 1104 3662 paenitentia,
1138 3610 1265 3650 vera
1298 3605 1461 3664 atque
1490 3610 1557 3649 ex
1589 3597 1772 3649 animo
1811 3594 1951 3649 facta
1982 3595 2327 3663 probaretur.

758 3688 993 3744 Haeresis
1025 3690 1184 3759 hujus
1209 3700 1460 3743 auctores
1490 3687 1640 3744 fuere
1666 3687 1984 3757 Adelphius,
2005 3703 2165 3757 quem
2194 3687 2329 3751 dixi,

759 3797 937 3849 neque
964 3783 1380 3847 monachorum,
1414 3796 1590 3850 neque
1630 3782 1975 3835 sacerdotum
2006 3782 2058 3835 in
2084 3782 2329 3835 ordinem

756 3879 951 3943 lectus,
977 3876 1073 3931 sed
1101 3875 1361 3943 plebeius.
1388 3889 1451 3928 ac
1477 3876 1739 3942 privatus,
1768 3884 1824 3927 et
1860 3873 2087 3939 Sabbas,
2138 3888 2331 3927 mona-

760 3967 984 4021 chorum
1030 3965 1277 4020 bahitum
1328 3964 1643 4033 praeferens,
1693 3979 1855 4033 quem
1895 3978 1959 4018 et
2015 3965 2090 4020 rei
2135 3974 2330 4018 eventu

758 4059 1038 4113 ἀπόκοπον
1084 4057 1211 4127 (hoc
1249 4066 1352 4116 est.
1397 4055 1690 4123 Besectum)
1734 4058 2087 4111 nominarunt
2128 4074 2141 4110 :
2196 4056 2333 4110 alter

763 4154 891 4206 item
919 4150 1145 4213 Sabbas,
1177 4159 1231 4201 et
1262 4147 1577 4202 Eustathius
1612 4148 1993 4213 venerandus;
2020 4158 2074 4202 et
2102 4148 2332 4212 Dadoes,

760 4254 817 4298 et
844 4242 1166 4297 Semcsones
1194 4240 1355 4306 (83'),
1396 4240 1657 4294 daemonis
1708 4239 1940 4301 zizania,
2002 4240 2201 4308 aliique
2252 4240 2337 4293 his

764 4336 1124 4389 adhaerentes.
1158 4333 1565 4388 Condemnatus
1591 4346 1719 4385 vero
1749 4331 2064 4398 Adelphius,
2114 4330 2339 4399 ejusque

765 4437 1123 4483 sectatores:
1183 4438 1360 4493 neque
1422 4424 1757 4492 paenitentiae
1819 4426 1997 4477 locum
2041 4423 2336 4492 (quamvis,

2430 3331 2635 3399 συνόδῳ
2693 3330 2981 3398 μετάνοιαν
3050 3320 3521 3390 ἐπαγγελλόμενον
3586 3316 3676 3367 τὸν
3733 3312 4017 3380 ’Δδελφιδν

2430 3425 2525 3494 (40
2570 3421 2664 3493 R.]
2700 3422 2799 3473 ούκ
2850 3418 3133 3482 ἐδέξαντο,
3185 3414 3307 3467 οὐδὲ
3351 3412 3449 3465 τὴν
3479 3410 3688 3477 αἵρεσιν
3733 3404 4018 3472 ἀπαρνού-

2432 3535 2592 3588 μενον
2619 3514 2968 3585 προσήκαντο
2988 3525 3001 3539 ·
3031 3508 3154 3562 οὐδὲ
3189 3506 3297 3576 γὰρ
3328 3505 3392 3557 ὲκ
3421 3502 3675 3572 καρδίας,
3697 3497 3818 3551 οὗτε
3831 3498 3880 3588 ’ἡ
3909 3495 4017 3564 τῆς

2429 3584 2696 3679 αἱρέσεως
2712 3606 2960 3674 ἄρνησις,
2976 3602 3102 3653 οὒτε
3124 3601 3156 3665 ὴ
3182 3597 3440 3668 μετάνοια
3459 3584 4019 3646 ὲπεδείκνυτο.Ἧσαν

2430 3702 2487 3754 δὲ
2524 3701 2575 3753 οί
2610 3697 2814 3765 ταύτης
2842 3694 3168 3764 γεννήτορες
3194 3690 3295 3758 τῆς
3320 3686 3583 3758 αἱρέσεως
3611 3680 3887 3749 ’Δδελφιός
3930 3696 4021 3741 τις

2429 3795 2459 3846 ό
2487 3792 2693 3863 ῥηθεὶς,
2715 3788 2839 3842 οὔτε
2864 3784 3144 3858 μοναστῶν
3168 3782 3290 3836 οὕτε
3316 3780 3505 3851 ίεριων
3529 3772 4021 3863 ὶγκατειλεγμένος

2431 3862 2641 3954 κλήρῳ,
2672 3881 2787 3936 ἀλλ’
2813 3882 2870 3933 ὲν
2893 3879 3102 3940 λαῖκοίς
3134 3874 3544 3943 ἐξεταζόμενος,
3563 3870 3658 3923 καὶ
3689 3866 3866 3927 Σάϐας
3889 3864 3937 3896 ⁵⁸
3954 3862 4023 3916 τὸ

2432 3978 2541 4031 τῶν
2585 3974 2836 4047 μοναχῶν
2884 3971 3139 4032 ὑπεισδὺς
3192 3968 3402 4037 σχῆμα,
3438 3964 3498 4017 ὃν
3526 3964 3591 4016 ὲκ
3618 3961 3717 4030 τῆς
3765 3957 4022 4029 πράξεως

2436 4068 2661 4121 ἐκάλουν
2683 4065 2992 4125 ἁπόκοπον,
3025 4060 3121 4115 καὶ
3148 4059 3332 4126 ἔτερος
3366 4054 3568 4117 Σάϐας,
3594 4052 3690 4104 καὶ
3718 4047 4022 4109 Εὑστάθιος

2450 4160 2732 4228 Ἐδεσηνὸς
2750 4157 2792 4187 ⁸⁷
2824 4157 2915 4209 καὶ
2942 4151 3161 4221 Δαδὼης
3192 4151 3286 4203 καὶ
3312 4146 3603 4217 Συμεώνης
3615 4144 3684 4209 ⁵⁸,
3716 4141 3824 4195 τῶν
3851 4157 4027 4208 πονη-

2443 4252 2536 4323 ροῦ
2568 4250 2638 4305 τὰ
2671 4248 2918 4312 ζιζάνια,
2954 4245 3050 4298 καὶ
3076 4244 3255 4312 ἕτεροι
3295 4239 3507 4300 τούτοις
3541 4233 4021 4303 συμπαραρυόμεο

2440 4322 2539 4398 νοι.
2578 4337 2981 4409 Κατεκρίθη¹δὲ
3013 4332 3290 4399 ’Δδελφιδς
3319 4330 3414 4383 καὶ
3439 4330 3487 4381 oi
3520 4328 3615 4380 σὺν
3639 4324 3809 4392 αὐτῷ,
3833 4322 4016 4374 καίτοι

2446 4432 2733 4506 μετανοίας
2779 4431 2979 4490 τόπον,
3009 4426 3086 4488 ὡς
3134 4424 3365 4493 ἔφημεν,
3397 4416 3812 4506 ἐπιζητοῦντες
3867 4411 4015 4506 πλὴν

765 4533 827 4575 ut
888 4521 1156 4585 diximus,
1229 4517 1578 4587 quaesierint)
1637 4527 1928 4584 propterea
1984 4526 2337 4586 repererunt,
2371 4546 2417 4602 ι)

2371 4546 2417 4602 ι)
2442 4502 2645 4593 ταύτης
2677 4522 2776 4574 οὐκ
2804 4520 3016 4589 ἔτυχον,
3055 4515 3187 4569 διότι
3218 4512 3530 4583 ἐγγράφως.
3563 4506 3657 4567 οὓς
3689 4502 4019 4602 ἀνεθεμάτι-

766 4613 932 4680 quod,
967 4626 1105 4681 quos
1138 4610 1489 4664 anathemate
1523 4618 1778 4675 tanquam
1831 4606 2181 4662 Messalianos
2222 4624 2343 4663 con-

767 4705 1131 4766 demnarant,
1185 4716 1309 4755 cum
1368 4700 1454 4754 his
1510 4699 1673 4753 veluti
1739 4699 2081 4754 consortibus
2140 4700 2343 4768 scripto

769 4796 1177 4851 communicare
1210 4792 1533 4862 deprehensi
1561 4800 1709 4846 sunt.

844 4886 1015 4941 Porro
1049 4886 1266 4954 scripsit
1318 4883 1604 4938 Flavianus
1641 4885 1706 4937 ad
1739 4882 2096 4937 Osroinenses
2140 4885 2344 4953 episto-

772 4980 901 5044 lam,
938 4994 1002 5032 ea
1024 4995 1143 5049 qua:
1172 4987 1323 5047 gesta
1348 4988 1549 5041 essent,
1574 4977 1915 5040 edocentem,
1954 4977 2004 5030 in
2038 4992 2144 5046 qua
2178 4977 2343 5031 etiam

774 5072 1055 5125 haereticos
1106 5071 1343 5139 punitos,
1398 5077 1454 5122 et
1493 5068 1994 5124 excommunicatos
2032 5069 2223 5133 refert,
2265 5083 2346 5122 re-

774 5177 1145 5233 sponsumque
1192 5172 1297 5225 est,
1334 5162 1575 5229 acceptis
1624 5160 1693 5214 ab
1724 5161 1991 5229 episcopis
2025 5160 2246 5226 litteris,
2291 5169 2346 5214 et

776 5256 1039 5313 Flaviano
1086 5273 1185 5328 pro
1230 5258 1315 5311 bis
1375 5254 1565 5325 gratiae
1618 5263 1774 5320 actae,
1827 5262 1991 5321 atque
2038 5267 2343 5307 assensum.

2446 4635 2548 4671 σαν
2574 4615 2649 4679 ὡς
2680 4609 3075 4671 Μεσαλιανοὺς,
3098 4606 3309 4668 τούτοις
3358 4604 3435 4666 ὡς
3480 4600 3776 4671 ὁμόφροσιν
3806 4594 4031 4664 ἐφωρά-

2446 4710 2621 4780 θησαν
2648 4704 3100 4775 κοινωνήσαντες.

2517 4888 2764 4960 Ἐγράφη
2812 4886 2866 4938 δὲ
2914 4878 3200 4948 Φλαϐιανῷ
3250 4875 3388 4948 πρὸς
3430 4874 3557 4936 τοὺς
3606 4869 3957 4939 ὲνόσροήνη
3985 4868 4032 4898 "

2448 4976 2704 5047 ἐπιστολὴ
2748 4974 2815 5027 τὰ
2846 4974 2977 5043 περὶ
3022 4970 3221 5031 αὐτοὺς
3266 4963 3581 5035 πραχθέντα
3614 4960 4030 5020 ὲκδιδάσκουσα,

2451 5074 2509 5124 ὲν
2540 5063 2900 5142 ᾗΙὲμφέρεται
2928 5065 3004 5127 ὡς
3027 5064 3077 5116 οί
3108 5058 3376 5131 αἱρετικοὶ
3402 5053 3783 5123 ὲτυπτήθησαν
3812 5052 3907 5103 καὶ
3932 5054 4032 5104 ἁν-

2452 5158 2917 5231 εθεματίσθησαψ
2945 5155 3037 5207 καὶ
3064 5152 3385 5221 ἀντεγράφη
3411 5146 3563 5218 παρὰ
3582 5143 3689 5197 τῶν
3712 5142 4032 5211 δεξαμένων

2454 5252 2768 5307 ἐπισκόπων
2801 5246 3089 5318 Φλαϐιανῷ
3137 5241 3459 5315 εὐχαριστία
3507 5237 3645 5307 ὑπὲρ
3687 5235 3894 5289 τούτων
3940 5236 4036 5287 καὶ

2045 5367 2280 5424 VARUE
2319 5366 2729 5424 LECTIONES.

853 5473 897 5503 "
932 5470 1229 5539 ὀρθοδόξων
1262 5488 1323 5533 ς.

784 5544 913 5612 ηνὸς
936 5559 1082 5597 corr.
1105 5542 1449 5611 Α,αἱδεσμδς
1480 5558 1541 5609 pr
1572 5560 1585 5595 :
1624 5540 1904 5606 αἰδέσιμος
1945 5556 2009 5602 ς.

1415 5472 1460 5502 ⁸⁸
1481 5469 1715 5523 εἰκονίου
1748 5470 1809 5522 Α.
1829 5467 2147 5521 ἐπισκόπων
2173 5472 2250 5518 κε’
2273 5466 2328 5517 ἐν
2360 5484 2419 5529 ς.

2104 5537 2149 5570 ⁸⁸
2172 5536 2364 5603 δαδόης
2388 5537 2480 5589 καὶ
2550 5534 2873 5605 σημεσώνης
2938 5549 2999 5596 ς.

2921 5462 2965 5493 ⁵⁸
3004 5457 3218 5518 Σάϐϐας
3276 5474 3335 5519 ς.
3374 5456 3453 5509 sic
3485 5461 3539 5508 et
3570 5449 3728 5505 infra.
3806 5451 3851 5482 "
3884 5450 4031 5502 ἐδεσ·

2496 5467 2539 5498 “
2565 5464 2728 5535 βύζου
2763 5480 2846 5516 στ.
2921 5464 2965 5493 ⁵⁸
3004 5464 3218 5518 Σᾶϐϐας
3276 5474 3335 5519 ς.

2550 5534 2873 5599 σημεσώνης
2938 5549 2999 5596 ς.
3077 5527 3294 5599 "eam
3337 5544 3374 5590 ς

2268 5630 2500 5686 ΝΟΤᾸΕ.

853 5727 965 5796 (8|)
1003 5727 1075 5780 De
1123 5742 1229 5797 qua
1266 5725 1396 5781 Vide
1432 5724 1755 5781 Theodoret.
1806 5725 1899 5777 Iih.
1949 5739 2023 5789 tv,
2074 5736 2122 5777 τ.
2174 5722 2271 5786 lO;
2311 5730 2363 5776 ct

786 5798 1008 5861 Nico-ph.
1045 5796 1245 5856 lih.xt.
1284 5811 1405 5866 cap.
1440 5796 1532 5864 15,
1572 5800 1630 5852 S.
1675 5797 1863 5866 Epiph.

860 5869 973 5939 (82)
1017 5869 1074 5924 S.
1092 5869 1306 5926 Basilio.

2538 5717 2651 5784 (83)
2687 5716 2778 5768 Ille
2830 5714 3055 5767 forsitan
3111 5706 3723 5784 Mesopotamize_episc.
3781 5704 3835 5757 in
3895 5701 4051 5757 llist.

2471 5778 2728 5843 .lc‘n-ims
2763 5786 2822 5837 D.
2852 5785 3135 5851 Chrys-ost.
3171 5780 3326 5831 valde
3354 5778 3676 5851 celehratuj:

2542 5858 2677 5927 (85')
2718 5843 3002 5924 Symeone's
3049 5850 3389 5905 'i'bcodoreto
3422 5857 3582 5912 atque
3615 5843 3841 5911 Niccph.
