4210 6442
166 408 237 468 89
1333 425 1851 489 BIBLIOTHECA.
1886 453 1956 466 -
1982 429 2145 492 COD.
2177 431 2307 492 LII.
3318 433 3391 497 90

169 531 735 603 συμφωνία.Ἐγραψε
760 536 817 590 δὲ
848 539 941 590 καὶ
967 538 1191 603 Διτὼἳος
1233 542 1263 593 6
1301 541 1591 611 Ἀρμενίας
1622 543 1739 596 επί-

1844 546 2071 615 Scripsit
2116 556 2172 603 et
2202 547 2410 603 Litoius
2454 546 2570 618 (84)
2635 546 2903 601 Armenia
2949 547 3261 617 episcopus.
3323 553 3393 608 de

169 634 395 686 σκοπος,
424 620 916 696 διαπυνθανόμενος
940 631 1006 682 τά
1027 632 1154 699 περὶ
1176 631 1283 683 τῶν
1301 634 1707 687 Μεσαλιανιτῶν
1721 651 1735 665 ⁸

163 708 262 782 ’καὶ
308 711 529 780 ἐγράφη
564 714 708 784 αύτῷ
738 719 771 785 ἡ
802 720 927 788 περὶ
958 720 1135 772 αὐτῶν
1161 721 1412 793 συνοδικὴ
1440 724 1618 793 ψῆφος
1646 724 1739 776 καὶ

168 798 721 873 άπόφασις.Ἕγραψε
761 808 817 860 δὲ
847 811 874 861 6
908 810 1079 877 μέγας
1107 812 1402 875 Φλαόιανὸς
1427 817 1519 867 καὶ
1541 816 1740 885 Ἀρμε-

169 885 266 955 νίῳ
298 890 413 941 τινὶ
441 892 723 964 ἐπισκόπῳ
748 896 873 965 περὶ
898 897 995 966 τῆς
1020 899 1189 968 αὐτῆς
1220 901 1532 967 ὑποθέσεως
1554 905 1739 958 δεύτε-

172 992 264 1044 ρον
286 995 298 1006 ·
329 981 392 1031 ὲν
413 980 472 1033 δὲ
496 985 563 1052 τῇ
592 983 821 1055 δευτέρᾳ
846 988 1098 1059 ἐπιστολῇ
1127 990 1220 1060 [18
1247 991 1340 1060 ιι]
1369 995 1460 1044 καὶ
1476 995 1522 1025 ⁸⁸
1549 993 1741 1063 ῐγκλη-

171 1084 253 1119 σιν
297 1072 597 1139 προσάγει,
631 1075 713 1127 ὅτι
752 1079 1082 1146 προστασίας
1127 1082 1272 1145 τινὸς
1321 1084 1450 1155 παρ’
1478 1086 1639 1140 αὐτοῦ
1690 1090 1739 1141 οἱ

170 1159 570 1216 Μεσαλιαντται
615 1168 993 1236 τυγχάνουσιν.
1034 1172 1277 1242 Ἔγραψε
1327 1176 1512 1242 μέντοι
1566 1179 1662 1231 καὶ⁸
1711 1182 1741 1233 6

172 1250 797 1319 Κωνσταντινουπόλεως
816 1260 1056 1325 Ἀττικὸς
1075 1265 1190 1326 τοῖς
1218 1265 1276 1317 εν
1302 1265 1596 1338 Παμφυλίᾳ
1618 1271 1739 1322 επι-

173 1341 423 1406 σκόποις,
449 1345 540 1397 ἴνα
573 1349 911 1418 πανταχόθεν
945 1354 1070 1416 τοὺς
1103 1354 1474 1418 Μεσαλιανοὺς
1511 1357 1586 1416 ὡς
1628 1357 1736 1428 ἄγη

172 1432 263 1484 καὶ
296 1433 445 1505 μύση
468 1438 846 1491 άπελαύνωσιν
864 1456 878 1469 ⁸
912 1442 992 1495 ἔτι
1012 1445 1067 1496 δὲ
1089 1446 1118 1498 6
1143 1445 1306 1509 αὐτὸς
1334 1447 1426 1499 καὶ
1453 1446 1587 1517 πρὸς
1608 1450 1740 1519 ’Δμ-

172 1524 415 1592 φιλόχιον
452 1528 546 1579 τὸν
581 1530 739 1599 Σίδης
774 1532 994 1600 ὁμοίως.

237 1613 494 1687 Ἔγραψε
528 1619 584 1671 δὲ
614 1623 709 1673 καὶ
746 1622 1004 1687 Σισίννιος
1057 1627 1087 1678 6
1122 1628 1741 1701 Κωνσταντινουπόλεως

173 1706 263 1798 καὶ
293 1707 556 1797 Θεόδοτος
597 1713 627 1764 6
668 1714 995 1784 Ἀντιοχείας
1043 1721 1229 1792 κοινὴν
1264 1725 1551 1798 επιστολὴν
1603 1731 1738 1798 πρὸς

174 1794 487 1863 Βερινιανὸν
511 1803 604 1854 καὶ
638 1803 896 1876 ’Δμφιλόχ
906 1826 982 1861 ιον
1001 1811 1093 1862 καὶ
1119 1812 1335 1877 λοιποὺς
1357 1818 1480 1881 τοὺς
1500 1794 1558 1871 εν
1582 1794 1736 1890 Πάμ-

1838 638 2173 694 Messalianis
2202 640 2558 708 interrogans,
2588 639 2921 709 missumque
2966 642 3031 694 ad
3061 641 3208 695 illum
3239 657 3396 711 syno-

1838 730 2016 784 dicum
2062 730 2127 784 de
2155 730 2261 784 illis
2304 729 2576 783 decretum
2618 739 2779 798 atque
2822 732 3111 785 sententia.
3164 732 3397 800 Scripsit

1837 833 2051 886 quoque
2096 833 2321 888 magnus
2365 818 2653 874 Flavianus
2702 820 2960 875 Armenio
3010 820 3227 875 cuidam
3279 823 3396 891 epi-

1836 922 2019 977 scopo,
2062 908 2200 977 13a
2245 909 2440 963 iterum
2490 908 2556 963 de
2598 908 2786 964 eadem
2833 912 2948 978 ipsa
2980 926 3080 966 re;
3138 927 3241 982 qua
3275 913 3394 979 qni-

1836 998 1958 1052 dem
1982 998 2152 1052 altera
2178 998 2421 1067 epistola,
2461 1000 2625 1053 etiam
2670 1000 2919 1069 queritur
2960 1002 3027 1056 et‘
3059 1003 3393 1070 expostulat,

1836 1087 2122 1155 patrocinii
2153 1088 2294 1155 apud
2333 1088 2507 1158 ipsum
2548 1089 2752 1157 aliquid
2802 1090 3203 1146 Nessalianitas
3242 1092 3395 1146 inve-

1840 1178 1975 1231 nire.
2008 1178 2242 1245 Scripsit
2267 1189 2321 1232 et
2350 1178 2564 1233 Atticus
2612 1180 3247 1250 Constantinopolitanus
3288 1186 3398 1252 epi-

1838 1272 2016 1338 scopis
2038 1271 2091 1325 in
2121 1271 2431 1343 Pamphylia
2460 1274 2872 1340 essistentibus,
2902 1286 2960 1329 ut
2990 1278 3227 1346 undique
3252 1277 3396 1332 Mes-

1838 1362 2073 1417 salianos
2109 1364 2269 1418 veluti
2299 1379 2486 1419 sacros
2529 1381 2592 1419 ac
2636 1365 2986 1420 detestandos
3018 1370 3393 1421 exturbarent.

1838 1445 1977 1512 Quin
2015 1458 2070 1502 et
2095 1450 2231 1504 idem
2262 1451 2327 1503 ad
2362 1452 2801 1522 Amphilochium
2846 1453 2991 1509 Sidae
3020 1456 3397 1524 praesidentem

1838 1537 2090 1593 similiter
2116 1542 2358 1610 scripsit.

1908 1627 2179 1686 Sisinnius
2225 1633 2351 1687 item
2407 1632 3060 1705 ConstantinOpolitanus,
3117 1649 3174 1693 et
3219 1640 3398 1691 Theo-

1839 1719 2000 1776 dotus
2027 1722 2415 1787 Antiochenus.
2447 1739 2789 1781 communem
2834 1729 3117 1796 epistolam
3150 1730 3217 1784 ad
3250 1730 3399 1782 Beri-

1841 1810 2083 1875 nianum,
2127 1823 2184 1867 et
2213 1812 2669 1883 Amphilochium,
2712 1826 3044 1887 caeterosque
3092 1820 3144 1873 in
3222 1818 3387 1872 Pam-

175 1886 334 1956 φυλίᾳ
363 1890 723 1956 ἐπισκόπους.
752 1891 819 1965 ἧς
840 1898 1186 1971 ἡέπιγραφὴ,
1205 1923 1223 1954 ι
1252 1904 1376 1968 Τοῖς
1393 1886 1737 1975 Θεοφιλεστά-

1844 1900 2004 1969 philia
2035 1902 2315 1972 episcopos
2345 1906 2643 1974 scripsere,
2678 1908 2831 1976 cujus
2876 1886 3117 1976 epistolae
3151 1909 3265 1962 haec
3317 1912 3399 1964 in-

173 1996 277 2041 τοις
314 1982 754 2054 συλλειτουργοίς
790 1989 1085 2061 Βερινιανῷ
1121 1997 1214 2048 καὶ
1255 1997 1601 2071 ’Δμφιλοχίῳ,
1647 2004 1738 2055 καὶ

175 2071 304 2122 πᾶσι
351 2076 471 2132 τοῖς
521 2077 579 2127 ἐν
628 2077 922 2151 Παμφυλίᾳ
964 2083 1300 2151 ἐπισκόποις,
1344 2090 1601 2154 Σισίννιος
1645 2095 1739 2147 καὶ

173 2158 431 2223 Ηεόδοτος
482 2165 577 2215 καὶ
612 2167 762 2221 πᾶσα
802 2170 833 2236 ἡ
865 2170 994 2236 ἁγία
1034 2174 1309 2245 σύνοδοςή
1347 2180 1485 2232 κατά
1516 2180 1665 2235 θείαν
1692 2184 1735 2215 ⁸⁸

176 2248 326 2319 χάριν
358 2257 793 2327 συγκροτηθεῖσα
824 2260 881 2313 ὲν
913 2266 977 2333 τῇ
1014 2266 1368 2333 μεγαλοπόλει
1396 2273 1737 2328 Κωνσταντι-

173 2346 427 2398 νουπόλει
467 2348 568 2414 τῆς
614 2354 944 2420 χειροτονίας
982 2356 1143 2411 ἕνεκα
1186 2360 1280 2413 τοῦ
1328 2362 1735 2431 Θεοφιλεστάτου

175 2434 263 2485 γα).
308 2435 621 2502 άγιωτάτου
647 2442 692 2472 ⁸²
737 2443 1033 2499 ἐπισκόπου
1079 2450 1360 2515 Σισιννίου,
1409 2454 1737 2525 θεσπίσματι

173 2526 261 2578 τοῦ
303 2528 705 2585 εὐσεϐεστάτου
751 2536 843 2587 καὶ
889 2536 1233 2608 φιλοχρίστου
1273 2544 1431 2613 ἡμῶν
1475 2546 1738 2614 βασιλέως

173 2615 477 2681 Θεοδοσίου,
503 2622 562 2673 ὲν
590 2624 775 2694 Κυρίῳ
796 2627 1023 2696 χαίρειν.
1060 2648 1079 2681 s
1101 2632 1189 2683 'Ev
1211 2633 1383 2707 ταύτῃ
1402 2640 1467 2707 τῇ
1489 2640 1734 2711 συνοδικῇ

172 2708 429 2781 ἐπιστολῇ
461 2714 559 2766 καὶ
587 2714 747 2775 Νέων
777 2719 1071 2782 ἐπίσκοπος
1090 2722 1447 2795 ἐξεφώνησεν,
1480 2728 1556 2792 ὡς
1586 2731 1639 2783 εί
1654 2708 1737 2794 τις

174 2801 306 2864 μετὰ
336 2802 435 2854 τὸν
478 2803 922 2877 ἀναθεματισμὶν
954 2811 1231 2884 φωραθείη
1272 2815 1351 2881 τῷ
1390 2817 1565 2887 χρόνῳ
1598 2821 1736 2889 ἣδιὰ

175 2892 437 2958 ῥημάτων
469 2894 503 2963 ἢ
529 2895 619 2947 διὰ
652 2901 991 2969 πραγμάτων
1019 2905 1097 2965 είς
1130 2906 1227 2975 τὴν
1259 2906 1491 2977 ὑποψίαν
1512 2912 1612 2980 τῆς
1648 2915 1735 2966 νό-

175 3000 265 3036 σου
298 2986 508 3056 ταύτης
558 2989 866 3058 ἐμπίπτων,
898 2995 1092 3064 μηκέτι
1130 2996 1313 3051 λοιπὸν
1364 3001 1523 3057 αὑτὸν
1555 3005 1736 3075 χώραν

172 3076 332 3144 ἔχειν,
372 3078 502 3147 μηδ’
540 3081 604 3133 ἂν
651 3084 909 3152 μυριάκις
949 3088 1437 3159 ἑπαγγέλληταιη,
1464 3095 1560 3163 τὴν
1586 3098 1736 3161 τάξιν

168 3168 524 3239 ἀναπληροῦν
565 3171 674 3223 τῶν
722 3178 1157 3242 μετανοούντωνο
1215 3184 1650 3248 συγκινδυνεύειν
1690 3192 1737 3222 ⁵⁵

1843 1994 2065 2062 scriptio
2091 2005 2212 2051 est:
2244 2014 2263 2047 ι
2307 1998 2416 2052 Deo
2441 2000 2781 2055 charissitnis
2829 2016 3107 2055 sacrorum
3150 2002 3396 2074 collegis,

1843 2084 2153 2153 Beriniano,
2206 2096 2260 2143 et
2294 2089 2695 2157 Amphilochia,
2744 2092 3105 2164 omnibusque
3154 2096 3289 2149 adeo
3342 2097 3394 2149 in

1843 2176 2152 2248 Pamphylia
2183 2179 2473 2250 episcopis,
2527 2183 2822 2250 Sisinnius,
2873 2195 3039 2254 atque
3084 2188 3396 2241 Theodotus

1840 2278 1895 2322 et
1924 2270 2176 2325 universa
2229 2284 2420 2328 sancta
2476 2278 2739 2345 synodus,
2789 2292 2908 2347 qua
2964 2278 3058 2333 Dei
3114 2281 3307 2349 gratia,
3343 2281 3395 2334 in

1844 2377 2035 2433 magna
2066 2366 2201 2419 urbe
2231 2364 2829 2437 Constantinopolitana
2868 2378 3054 2425 coacta
3102 2381 3212 2435 est,
3260 2388 3395 2427 con-
3416 2409 3433 2425 .

1843 2456 2090 2509 secrandi
2120 2459 2295 2526 gratia
2338 2458 2448 2513 Deo
2478 2460 2835 2516 amantissimi
2865 2463 3101 2532 episcopi
3148 2462 3397 2528 Sisinnii,

1836 2544 1989 2611 jussu
2018 2557 2073 2601 et
2120 2550 2443 2605 auctoritate
2498 2551 2837 2618 pientissimi,
2874 2562 2929 2607 et
2971 2554 3190 2609 Christo
3238 2556 3392 2609 cltari

1842 2637 2192 2706 imperatoris
2214 2642 2380 2695 nostri
2410 2641 2725 2705 Theodosii,
2758 2644 2984 2699 salutem
3012 2646 3063 2699 in
3096 2646 3338 2701 Domino.
3373 2666 3393 2699 ι

1843 2727 1900 2782 In
1962 2744 2025 2783 ea
2076 2732 2188 2798 ipsa
2243 2734 2495 2802 synodica
2529 2735 2757 2801 epistola
2793 2734 2938 2789 Neon
2988 2738 3272 2807 episcopus
3303 2754 3398 2790 cx-

1842 2820 2114 2885 clamavit,
2157 2831 2234 2887 ut,
2285 2826 2330 2877 si
2380 2826 2504 2894 quis
2557 2836 2676 2893 post
2725 2828 3230 2881 anathematisnnnn
3290 2831 3400 2882 ullo

1843 2918 2087 2979 tempore
2116 2913 2484 2980 deprehensus
2533 2913 2717 2977 fuerit,
2777 2931 2835 2970 re
2883 2926 2973 2969 aut
3002 2918 3183 2985 verbo,
3218 2920 3268 2972 in
3309 2935 3399 2973 su-

1842 3000 2133 3067 spicionem
2170 3003 2321 3058 mala
2363 3005 2523 3073 hujus
2575 3014 2740 3060 sectae.
2787 3008 3064 3072 incidisse,
3121 3026 3396 3079 nunquam

1842 3104 2026 3161 postea
2061 3093 2232 3147 locum
2284 3105 2485 3161 teneat,
2532 3113 2602 3151 ne
2643 3100 2686 3152 si
2724 3100 2917 3154 millies
2950 3102 3167 3171 quidem
3223 3106 3398 3172 pinni-

1845 3186 2078 3239 tentihus
2106 3187 2433 3239 constitutas
2462 3199 2649 3255 pmnas
2680 3190 2936 3245 luiturum
2972 3208 3029 3247 se
3056 3195 3393 3262 polliceatur.

168 3258 221 3310 δὲ
239 3260 389 3327 αύτῷ
410 3261 507 3313 καὶ
532 3263 618 3314 τὸν
651 3268 1047 3335 συγκροτοῦντα
1067 3272 1248 3337 αὑτὸν,
1280 3275 1389 3328 εἴτε
1413 3279 1731 3345 ἐπίσκοπος,

1844 3270 1960 3326 Pari
1986 3288 2107 3327 cunt
2143 3274 2245 3329 hoc
2271 3247 2512 3344 periculo
2537 3288 2592 3332 et
2614 3292 2735 3331 eum
2764 3280 2999 3346 subjicit,
3033 3247 3123 3350 q'ni
3170 3298 3397 3336 consen-

168 3351 272 3401 εἴτε
305 3351 470 3414 ἄλλος
504 3370 590 3416 τις
622 3357 727 3424 είη.
778 3358 1020 3430 Ἑγράφη
1050 3363 1106 3415 δὲ
1139 3365 1233 3417 καὶ
1260 3367 1516 3441 ἐπιστολὴ
1554 3371 1735 3427 Ἰωάν-

168 3455 255 3491 νου
295 3442 632 3511 ’Δντιοχείας
666 3448 714 3478 ⁸⁸
747 3448 879 3518 πρὸς
910 3451 1205 3522 Νεστόριον
1248 3460 1374 3527 περὶ
1406 3461 1513 3513 τῶν
1553 3464 1739 3517 Μεσα-

168 3529 441 3585 ὶιανιτῶν.
496 3534 787 3603 Ἐξὴνεγκε
823 3539 879 3592 δὲ
909 3543 999 3594 καὶ
1042 3544 1171 3614 ὅρον
1196 3548 1229 3615 ἡ
1264 3549 1394 3617 ἁγία
1439 3555 1533 3606 καὶ
1561 3556 1739 3610 οίκου-

170 3624 365 3693 μενικὴ
402 3623 643 3687 σύνοδος,
678 3629 710 3697 ή
744 3630 800 3682 ὲν
844 3630 1051 3702 Ἐφέσῳ
1084 3636 1264 3705 τρίτη.
1296 3640 1737 3710 άπογυμνώσασα

167 3713 346 3767 αὐτῶν
370 3715 421 3747 ⁸⁸
454 3716 551 3769 καὶ
577 3718 645 3771 τά
672 3719 729 3771 ὲν
754 3720 831 3790 τῷ
860 3722 1139 3796 λεγομένῳ
1158 3728 1337 3783 αὐτῶν
1360 3729 1546 3804 βιϐλίῳ
1565 3736 1737 3808 ἀσκη-

167 3808 299 3878 τικῷ
345 3809 647 3881 βλάσφημα
689 3815 783 3866 καὶ
823 3818 1071 3887 αἱρετικά
1125 3823 1413 3889 κεφάλαια,
1462 3831 1555 3881 καὶ
1603 3832 1737 3883 καθ-

167 3900 517 3955 υποὸαλοῦσα
539 3903 613 3973 τῷ
640 3906 958 3976 άναθέματι.
980 3912 1223 3982 Ἔγραψε
1245 3915 1302 3968 δὲ
1328 3920 1420 3970 καὶ
1446 3918 1738 3990 ’Δρχέλαος

165 3993 192 4043 6
218 3993 563 4063 Καισαρείας
587 3998 684 4066 τῆς
716 3999 1098 4056 Καππαδοκῶν
1128 4005 1422 4079 ἐπίσκοπος
1458 4010 1736 4081 ἀναθεμα-

166 4086 391 4153 τισμοὺς
408 4089 857 4159 είκοσιτέσταρας
872 4093 980 4145 τῶν
995 4096 1304 4162 κεφαλαίων
1319 4100 1518 4155 αὐτῶν.
1538 4100 1623 4172 [41
1644 4102 1735 4176 R.]

166 4175 437 4239 Συνέταξε
470 4177 530 4229 δὲ
569 4180 687 4231 κατ’
735 4180 914 4233 αὐτῶν
950 4184 1043 4236 καὶ
1080 4185 1432 4257 Ἡρακλείδας
1457 4192 1486 4243 6
1517 4175 1736 4260 Νύσσης

166 4265 463 4330 ἐπίσκοπος
500 4269 785 4335 ἐπιστολὰς
810 4272 925 4334 δύο.
952 4267 1029 4327 ὧν
1052 4278 1110 4329 ὲν
1136 4276 1201 4349 τῇ
1230 4279 1457 4353 δευτέρᾳ
1485 4286 1579 4336 καὶ
1601 4287 1737 4356 χρῆ-

166 4372 246 4421 σις
277 4361 513 4430 φέρεται
543 4361 641 4430 τῆς
678 4364 1035 4436 ἀρχαιότητος
1084 4368 1192 4423 τῶν
1236 4374 1452 4426 σεπτῶν
1492 4378 1733 4433 εἰκόνων.

232 4626 489 4697 Ἐγραψε
511 4627 569 4679 δὲ
597 4629 773 4698 χρόνῳ
805 4629 1029 4701 ὓστερον
1058 4632 1150 4685 καὶ
1170 4631 1469 4705 Γερόντιος,
1495 4637 1733 4707 πρεσὸύο

160 4737 320 4790 τερος
353 4722 452 4773 καὶ
487 4720 789 4789 ἡγούμενος
821 4721 931 4774 τῶν
965 4726 1022 4776 ὲν
1061 4723 1258 4777 Γλίτιδι
1294 4727 1564 4795 μοναχῶν,
1600 4729 1739 4799 πρὸς

174 4811 431 4864 Ἀλύπιον
462 4813 890 4882 άρχιεπίσκοπον
917 4814 1019 4884 τῆς
1048 4817 1105 4867 ὲν
1133 4817 1499 4891 Καππαδοκίᾳ
1526 4821 1734 4875 Καισα-

166 4904 339 4971 ρείας,
377 4904 706 4973 ἐγκλήματα
755 4906 896 4958 κατά
939 4907 1254 4976 Δαμπετίου
1297 4910 1482 4974 κινῶν,
1533 4912 1593 4975 ὃς
1642 4917 1737 4969 xui.

159 4997 379 5065 πρῶτος
422 4997 521 5064 τῆς
564 4998 860 5067 εἰρημένης
891 4999 1153 5067 αἱρέσεως
1201 5000 1422 5071 ίσχυσεν
1470 5003 1733 5074 ἐκκλέψαι

156 5088 212 5139 τὸ
240 5088 346 5157 τῆς
374 5087 679 5158 ἱερωσύνης
708 5090 802 5142 καὶ
843 5089 1094 5144 ὑπελθεῖν
1134 5090 1372 5159 ἀξίωμα,
1406 5092 1633 5163 βέόηλος
1664 5095 1741 5150 ὣν

159 5180 255 5234 καὶ
293 5181 575 5235 άτοατεών.
618 5181 868 5246 nam;
899 5183 955 5236 δὲ
989 5184 1034 5215 ⁸⁷
1067 5184 1136 5238 τά
1178 5187 1459 5255 γραφέντα
1505 5187 1738 5259 δεξάμε-

1841 3362 1936 3415 tiat
1968 3362 2383 3433 applaudatque,
2427 3366 2539 3420 sive
2574 3369 2882 3437 episc0pns,
2927 3370 3041 3423 sive
3089 3372 3208 3439 quis
3261 3371 3399 3425 alius

1839 3453 1925 3507 ille
1950 3454 2129 3509 fuerit.
2162 3455 2322 3511 Missa
2357 3473 2570 3527 quoque
2609 3461 2836 3527 epistola
2874 3459 3097 3515 Joannis
3139 3462 3252 3531 (85)
3288 3465 3399 3515 An-

1841 3545 2070 3600 tiocheni
2102 3549 2168 3600 ad
2196 3547 2525 3615 Nestorium,
2558 3551 2625 3605 de
2662 3550 3062 3607 Messalianitis.
3090 3552 3237 3608 Fecit
3269 3555 3399 3608 item

1838 3636 2111 3690 decretum
2142 3638 2233 3709 (de
2282 3639 2384 3694 hoc
2416 3641 2531 3709 ipso
2560 3641 2824 3709 Adelpbio
2851 3643 3132 3712 haeretica)
3169 3658 3317 3697 sacra
3344 3656 3399 3696 ct

1837 3731 2170 3785 mcumenica
2244 3734 2483 3802 synodus
2548 3732 2821 3802 Ephesina
2902 3737 3061 3790 tertia
3098 3776 3113 3799 ,
3156 3752 3275 3805 quze
3344 3746 3399 3791 et

1839 3820 1993 3874 illum
2077 3837 2199 3875 cum
2296 3825 2647 3893 hlasphemiis
2742 3826 3115 3896 cupitibusqne
3224 3828 3396 3882 haere-

1836 3925 1997 3976 seos,
2054 3923 2316 3982 quotquot
2394 3916 2447 3969 in
2510 3916 2727 3970 illorum
2795 3918 2932 3973 libro
2998 3918 3246 3973 Ascetieo
3310 3934 3399 3973 es.

1836 4013 1977 4066 sent,
2036 4004 2276 4069 detexit,
2344 4017 2399 4060 et
2453 4009 2781 4063 anathemati
2856 4010 3110 4078 subjecit.
3170 4008 3398 4077 Scripsit

1837 4105 1894 4149 et
1971 4097 2271 4152 Archelaus
2322 4100 2582 4153 (ἐκείνοι
2663 4100 3021 4170 Cappadocia:
3116 4104 3399 4170 episcopus

1836 4197 2069 4255 quatuor
2086 4199 2139 4242 et
2162 4190 2346 4258 viginti
2377 4192 2855 4247 anathematismos
2871 4194 3104 4261 capitum
3125 4194 3385 4262 ipsorum.

1834 4274 2149 4343 Composuit
2207 4278 2466 4331 adversus
2522 4278 2641 4333 illos
2678 4289 2733 4334 et
2768 4278 3076 4335 Heraclidas
3121 4263 3397 4349 Nyssenus

1832 4368 2118 4438 episcOpus
2144 4369 2277 4423 duas
2300 4370 2559 4438 epistolas
2590 4387 2605 4424 :
2638 4387 2863 4439 quarum
2924 4373 2977 4425 in
3020 4373 3188 4426 altera
3227 4375 3393 4425 etiam

1835 4460 2199 4514 testimonium
2225 4462 2491 4530 quoddam
2530 4462 2753 4517 aﬂ'ertur
2814 4479 2913 4534 pro
2940 4466 3263 4534 antiquitate
3299 4481 3393 4519 εει-

1759 4584 1813 4645 D
1838 4563 2047 4602 crarum
2080 4550 2392 4618 imaginum.

1909 4638 2214 4709 Insequenti
2245 4657 2370 4697 vero
2401 4651 2639 4710 tempore
2684 4643 2978 4699 Gerontius
3020 4660 3233 4716 quoque
3274 4662 3396 4715 pre-

1840 4731 2026 4801 sbyter
2044 4744 2099 4785 et
2129 4732 2413 4802 prmfectus
2434 4735 2817 4790 monachorum
2851 4736 3143 4798 inGlitide.
3180 4740 3398 4805 scripsit

1837 4825 1902 4878 ad
1953 4824 2205 4894 Alypium
2269 4827 2732 4897 archiepiscopum
2768 4828 3023 4884 Czesarea:
3048 4829 3396 4898 Cappadociae

1837 4916 2085 4984 querelas
2121 4918 2297 4971 varias
2332 4920 2589 4972 adversus
2622 4917 2985 4989 Lampetium,
3044 4921 3133 4988 qui
3190 4921 3394 4989 primus

1835 5023 1900 5063 ex
1930 5010 2072 5063 dicta
2128 5010 2317 5064 haeresi
2375 5011 2655 5079 subripere
2713 5010 2893 5065 furtim
2930 5011 3061 5082 13b
3102 5013 3393 5066 sacerdotii

1833 5100 2175 5170 dignitatem,
2203 5116 2266 5156 ac
2286 5103 2465 5156 subire
2486 5103 2678 5170 potuit,
2710 5103 2990 5169 -proranus
3018 5103 3129 5171 ipse
3167 5117 3286 5154 cum
3308 5117 3396 5155 es-

1831 5200 1936 5258 set,
1965 5203 2123 5261 atque
2163 5194 2440 5264 impostor.
2472 5193 2649 5261 Quare
2683 5195 2928 5265 Alypius,
2970 5196 3209 5265 acceptis
3246 5195 3391 5250 litte—

1463 5298 1693 5358 VARIE
1730 5300 2133 5363 LECTIONES.

220 5410 270 5497 ’ς
298 5410 401 5461 καὶ
428 5424 539 5497 om.
788 5410 958 5497 θείαν]
1011 5412 1234 5497 θεοοξ.
1280 5417 1355 5497 Δ⁸¹
1512 5420 1816 5487 άγιωτάτου
1851 5426 1973 5479 add.
2006 5426 2070 5480 Α.
2144 5427 2190 5459 ⁸³
2218 5427 2584 5497 ὲπαγγέληται
2620 5426 2683 5481 Α.
2760 5427 2806 5459 ⁸⁸
2841 5424 3255 5493 συγκινδυνεύει
3324 5438 3381 5486 ς.

154 5479 196 5509 ss
237 5480 541 5548 άπιοχέως
566 5486 634 5534 Α,
711 5481 759 5511 ⁵⁸
787 5479 1032 5547 αὺτὸν-ς.
1107 5485 1151 5517 ⁸⁷
1176 5484 1232 5538 δὲ
1267 5487 1351 5541 A:
1387 5490 1482 5543 καὶ
1553 5479 1616 5554 ξ’.

1645 5602 1875 5661 NOTAE.

224 5691 347 5758 (84)
396 5690 902 5763 Letoitts_Ecclesi:e
936 5690 1295 5763 Melitinensis
1336 5696 1505 5763 episc.
1554 5695 1728 5752 Theo-

160 5760 357 5833 doreto
386 5762 475 5833 l_ib.
504 5768 561 5833 ἰν
591 5760 731 5833 Hist.
773 5762 1014 5833 «p.60,
1040 5762 1292 5828 ~Latoius,
1324 5760 1550 5833 Niceph.

227 5830 350 5903 (85)
389 5826 718 5887 Patriarclnn
746 5826 973 5900 accipio,
1027 5836 1117 5903 qui
1173 5834 1231 5889 S.
1279 5826 1558 5892 Theodoto
1609 5850 1729 5891 suc-

1835 5702 2017 5765 cessit,
2061 5709 2222 5768 atque
2255 5700 2320 5753 ad
2353 5696 2657 5769 Nestorium
2709 5697 2991 5767 scripsisse
3044 5697 3256 5769 legitur.
3288 5697 3385 5751 Ni-

1835 5771 1989 5841 ceph.
2020 5770 2112 5826 lib.
2160 5785 2272 5836 ιιν,
2303 5785 2431 5839 cap.
2464 5768 2555 5825 35.
