  <div class='ocr_page' id='page_1' title='image "/cluster/home/n/w/nwhite01/storage/ocr_20150623/103/nnc1.0046979689/053.png"; bbox 0 0 4210 6442; ppageno 0'>
   <div class='ocr_carea' id='block_1_1' title="bbox 748 415 2363 487">
    <p class='ocr_par' dir='ltr' id='par_1_1' title="bbox 748 415 2363 485">
     <span class='ocr_line' id='line_1_1' title="bbox 748 415 2363 485; baseline 0.004 -7"><span class='ocrx_word' id='word_1_1' title='bbox 748 415 810 479; x_wconf 78' lang='grc'><strong>91</strong></span> <span class='ocrx_word' id='word_1_2' title='bbox 1890 423 2149 483; x_wconf 82' lang='lat' dir='ltr'><strong>PIIOTII</strong></span> <span class='ocrx_word' id='word_1_3' title='bbox 2192 424 2363 485; x_wconf 83' lang='lat' dir='ltr'><strong>PATI</strong></span> 
     </span>
    </p>
   </div>
   <div class='ocr_carea' id='block_1_2' title="bbox 2444 415 3989 487">
    <p class='ocr_par' dir='ltr' id='par_1_2' title="bbox 2444 420 3989 487">
     <span class='ocr_line' id='line_1_2' title="bbox 2444 420 3989 487; baseline -0.003 0"><span class='ocrx_word' id='word_1_4' title='bbox 2444 426 2695 487; x_wconf 66' lang='lat' dir='ltr'><strong>lRCIIxE</strong></span> <span class='ocrx_word' id='word_1_5' title='bbox 2734 427 2843 486; x_wconf 90' lang='lat' dir='ltr'><strong>CP.</strong></span> <span class='ocrx_word' id='word_1_6' title='bbox 3916 420 3989 483; x_wconf 73' lang='lat'><strong><em>92</em></strong></span> 
     </span>
    </p>
   </div>
   <div class='ocr_carea' id='block_1_3' title="bbox 751 530 2363 611">
    <p class='ocr_par' dir='ltr' id='par_1_3' title="bbox 751 530 2363 611">
     <span class='ocr_line' id='line_1_3' title="bbox 751 530 2363 611; baseline 0.001 -24"><span class='ocrx_word' id='word_1_7' title='bbox 751 536 845 598; x_wconf 89' lang='lat' dir='ltr'><strong>ris,</strong></span> <span class='ocrx_word' id='word_1_8' title='bbox 921 532 985 587; x_wconf 86' lang='lat' dir='ltr'><strong>ad</strong></span> <span class='ocrx_word' id='word_1_9' title='bbox 1048 532 1358 587; x_wconf 82' lang='lat' dir='ltr'><strong>llormizam</strong></span> <span class='ocrx_word' id='word_1_10' title='bbox 1396 530 1664 599; x_wconf 79' lang='lat' dir='ltr'><strong>Comanes</strong></span> <span class='ocrx_word' id='word_1_11' title='bbox 1717 534 2048 603; x_wconf 77' lang='lat' dir='ltr'><strong>episcopum,</strong></span> <span class='ocrx_word' id='word_1_12' title='bbox 2107 552 2227 604; x_wconf 74' lang='lat' dir='ltr'><strong>qua:</strong></span> <span class='ocrx_word' id='word_1_13' title='bbox 2255 538 2363 611; x_wconf 60' lang='lat' dir='ltr'><strong>deJ</strong></span> 
     </span>
    </p>
   </div>
   <div class='ocr_carea' id='block_1_4' title="bbox 2444 530 3990 611">
    <p class='ocr_par' dir='ltr' id='par_1_4' title="bbox 2444 534 3990 608">
     <span class='ocr_line' id='line_1_4' title="bbox 2444 534 3990 608; baseline -0.003 -18"><span class='ocrx_word' id='word_1_14' title='bbox 2444 556 2530 603; x_wconf 75' lang='grc' dir='ltr'><strong>νος,</strong></span> <span class='ocrx_word' id='word_1_15' title='bbox 2559 540 2694 608; x_wconf 79' lang='grc' dir='ltr'><strong>πρὸς</strong></span> <span class='ocrx_word' id='word_1_16' title='bbox 2718 539 2809 590; x_wconf 84' lang='grc' dir='ltr'><strong>τὸν</strong></span> <span class='ocrx_word' id='word_1_17' title='bbox 2832 537 3131 590; x_wconf 86' lang='grc' dir='ltr'><strong>ἐπίσκοπον</strong></span> <span class='ocrx_word' id='word_1_18' title='bbox 3159 536 3418 605; x_wconf 76' lang='grc' dir='ltr'><strong>Κομάνης</strong></span> <span class='ocrx_word' id='word_1_19' title='bbox 3454 534 3718 607; x_wconf 79' lang='grc' dir='ltr'><strong>Ὀρμίζην</strong></span> <span class='ocrx_word' id='word_1_20' title='bbox 3738 534 3990 587; x_wconf 83' lang='grc' dir='ltr'><strong>ἐπιστέλ-</strong></span> 
     </span>
    </p>
   </div>
   <div class='ocr_carea' id='block_1_5' title="bbox 754 624 2319 691">
    <p class='ocr_par' dir='ltr' id='par_1_5' title="bbox 754 624 2319 691">
     <span class='ocr_line' id='line_1_5' title="bbox 754 624 2319 691; baseline 0.001 -15"><span class='ocrx_word' id='word_1_21' title='bbox 754 624 1039 691; x_wconf 86' lang='lat' dir='ltr'><strong>Lampetio</strong></span> <span class='ocrx_word' id='word_1_22' title='bbox 1065 632 1469 691; x_wconf 73' lang='lat' dir='ltr'><strong>spargerentur,</strong></span> <span class='ocrx_word' id='word_1_23' title='bbox 1514 625 1835 678; x_wconf 71' lang='lat' dir='ltr'><strong>excutienda</strong></span> <span class='ocrx_word' id='word_1_24' title='bbox 1876 626 2042 679; x_wconf 90' lang='lat' dir='ltr'><strong>misit.</strong></span> <span class='ocrx_word' id='word_1_25' title='bbox 2079 627 2319 679; x_wconf 78' lang='lat' dir='ltr'><strong>Accusa-</strong></span> 
     </span>
    </p>
   </div>
   <div class='ocr_carea' id='block_1_6' title="bbox 752 714 2319 785">
    <p class='ocr_par' dir='ltr' id='par_1_6' title="bbox 752 714 2319 785">
     <span class='ocr_line' id='line_1_6' title="bbox 752 714 2319 785; baseline 0.003 -19"><span class='ocrx_word' id='word_1_26' title='bbox 752 714 916 768; x_wconf 89' lang='lat' dir='ltr'><strong>tionis</strong></span> <span class='ocrx_word' id='word_1_27' title='bbox 934 723 1092 766; x_wconf 91' lang='lat' dir='ltr'><strong>erant</strong></span> <span class='ocrx_word' id='word_1_28' title='bbox 1131 714 1305 782; x_wconf 79' lang='lat' dir='ltr'><strong>capita</strong></span> <span class='ocrx_word' id='word_1_29' title='bbox 1338 715 1452 768; x_wconf 74' lang='lat' dir='ltr'><strong>hzrc</strong></span> <span class='ocrx_word' id='word_1_30' title='bbox 1485 731 1499 767; x_wconf 90' lang='lat'><strong>:</strong></span> <span class='ocrx_word' id='word_1_31' title='bbox 1529 715 1761 767; x_wconf 69' lang='lat' dir='ltr'><strong>Puellam</strong></span> <span class='ocrx_word' id='word_1_32' title='bbox 1820 718 1964 770; x_wconf 86' lang='lat' dir='ltr'><strong>ulnis</strong></span> <span class='ocrx_word' id='word_1_33' title='bbox 2017 719 2319 785; x_wconf 75' lang='lat' dir='ltr'><strong>amplexuum</strong></span> 
     </span>
    </p>
   </div>
   <div class='ocr_carea' id='block_1_7' title="bbox 754 805 2325 876">
    <p class='ocr_par' dir='ltr' id='par_1_7' title="bbox 754 805 2325 876">
     <span class='ocr_line' id='line_1_7' title="bbox 754 805 2325 876; baseline 0.004 -21"><span class='ocrx_word' id='word_1_34' title='bbox 754 815 913 871; x_wconf 84' lang='lat' dir='ltr'><strong>atque</strong></span> <span class='ocrx_word' id='word_1_35' title='bbox 954 806 1326 858; x_wconf 75' lang='lat' dir='ltr'><strong>exosculatum</strong></span> <span class='ocrx_word' id='word_1_36' title='bbox 1362 806 1554 859; x_wconf 89' lang='lat' dir='ltr'><strong>fuisse.</strong></span> <span class='ocrx_word' id='word_1_37' title='bbox 1610 805 1786 875; x_wconf 84' lang='lat' dir='ltr'><strong>Ipsum</strong></span> <span class='ocrx_word' id='word_1_38' title='bbox 1831 808 2167 876; x_wconf 84' lang='lat' dir='ltr'><strong>Lampetium</strong></span> <span class='ocrx_word' id='word_1_39' title='bbox 2201 826 2325 862; x_wconf 78' lang='lat' dir='ltr'><strong>nar-</strong></span> 
     </span>
    </p>
   </div>
   <div class='ocr_carea' id='block_1_8' title="bbox 756 898 2322 969">
    <p class='ocr_par' dir='ltr' id='par_1_8' title="bbox 756 898 2322 969">
     <span class='ocr_line' id='line_1_8' title="bbox 756 898 2322 969; baseline 0.004 -20"><span class='ocrx_word' id='word_1_40' title='bbox 756 912 926 959; x_wconf 81' lang='lat' dir='ltr'><strong>rasse.</strong></span> <span class='ocrx_word' id='word_1_41' title='bbox 966 898 1360 968; x_wconf 82' lang='lat' dir='ltr'><strong>Hierosolymis</strong></span> <span class='ocrx_word' id='word_1_42' title='bbox 1412 913 1472 953; x_wconf 90' lang='lat' dir='ltr'><strong>se</strong></span> <span class='ocrx_word' id='word_1_43' title='bbox 1512 914 1635 953; x_wconf 92' lang='lat' dir='ltr'><strong>cum</strong></span> <span class='ocrx_word' id='word_1_44' title='bbox 1673 900 1976 954; x_wconf 84' lang='lat' dir='ltr'><strong>diaconissa</strong></span> <span class='ocrx_word' id='word_1_45' title='bbox 2040 916 2322 969; x_wconf 78' lang='lat' dir='ltr'><strong>peccasse;</strong></span> 
     </span>
    </p>
   </div>
   <div class='ocr_carea' id='block_1_9' title="bbox 758 990 2324 1059">
    <p class='ocr_par' dir='ltr' id='par_1_9' title="bbox 758 990 2324 1059">
     <span class='ocr_line' id='line_1_9' title="bbox 758 990 2324 1059; baseline 0.002 -17"><span class='ocrx_word' id='word_1_46' title='bbox 758 990 1151 1043; x_wconf 78' lang='lat' dir='ltr'><strong>accedentibus</strong></span> <span class='ocrx_word' id='word_1_47' title='bbox 1180 991 1299 1042; x_wconf 69' lang='lat' dir='ltr'><strong>dein</strong></span> <span class='ocrx_word' id='word_1_48' title='bbox 1329 990 1601 1045; x_wconf 90' lang='lat' dir='ltr'><strong>nonnullis</strong></span> <span class='ocrx_word' id='word_1_49' title='bbox 1643 992 1733 1059; x_wconf 91' lang='lat' dir='ltr'><strong>qui</strong></span> <span class='ocrx_word' id='word_1_50' title='bbox 1781 992 1968 1045; x_wconf 90' lang='lat' dir='ltr'><strong>morbo</strong></span> <span class='ocrx_word' id='word_1_51' title='bbox 2007 993 2324 1045; x_wconf 83' lang='lat' dir='ltr'><strong>medicinam</strong></span> 
     </span>
    </p>
   </div>
   <div class='ocr_carea' id='block_1_10' title="bbox 758 1081 2329 1152">
    <p class='ocr_par' dir='ltr' id='par_1_10' title="bbox 758 1081 2329 1152">
     <span class='ocr_line' id='line_1_10' title="bbox 758 1081 2329 1152; baseline 0.005 -22"><span class='ocrx_word' id='word_1_52' title='bbox 758 1090 1084 1147; x_wconf 67' lang='lat' dir='ltr'><strong>quaererent,</strong></span> <span class='ocrx_word' id='word_1_53' title='bbox 1121 1081 1388 1141; x_wconf 84' lang='lat' dir='ltr'><strong>adducite,</strong></span> <span class='ocrx_word' id='word_1_54' title='bbox 1423 1081 1644 1145; x_wconf 78' lang='lat' dir='ltr'><strong>dixisse,</strong></span> <span class='ocrx_word' id='word_1_55' title='bbox 1691 1082 1972 1150; x_wconf 86' lang='lat' dir='ltr'><strong>pulchram</strong></span> <span class='ocrx_word' id='word_1_56' title='bbox 2020 1083 2151 1136; x_wconf 89' lang='lat' dir='ltr'><strong>mihi</strong></span> <span class='ocrx_word' id='word_1_57' title='bbox 2180 1083 2329 1152; x_wconf 87' lang='lat' dir='ltr'><strong>puel-</strong></span> 
     </span>
    </p>
   </div>
   <div class='ocr_carea' id='block_1_11' title="bbox 760 1172 2324 1239">
    <p class='ocr_par' dir='ltr' id='par_1_11' title="bbox 760 1172 2324 1239">
     <span class='ocr_line' id='line_1_11' title="bbox 760 1172 2324 1239; baseline 0.004 -18"><span class='ocrx_word' id='word_1_58' title='bbox 760 1172 889 1231; x_wconf 86' lang='lat' dir='ltr'><strong>lam,</strong></span> <span class='ocrx_word' id='word_1_59' title='bbox 928 1172 1319 1239; x_wconf 86' lang='lat' dir='ltr'><strong>ostendamque</strong></span> <span class='ocrx_word' id='word_1_60' title='bbox 1379 1172 1473 1224; x_wconf 90' lang='lat' dir='ltr'><strong>tibi</strong></span> <span class='ocrx_word' id='word_1_61' title='bbox 1524 1173 1980 1227; x_wconf 77' lang='lat' dir='ltr'><strong>sanctimoniam:</strong></span> <span class='ocrx_word' id='word_1_62' title='bbox 2030 1188 2125 1227; x_wconf 91' lang='lat' dir='ltr'><strong>eos</strong></span> <span class='ocrx_word' id='word_1_63' title='bbox 2176 1176 2324 1239; x_wconf 88' lang='lat' dir='ltr'><strong>item,</strong></span> 
     </span>
    </p>
   </div>
   <div class='ocr_carea' id='block_1_12' title="bbox 761 1261 2330 1331">
    <p class='ocr_par' dir='ltr' id='par_1_12' title="bbox 761 1261 2330 1331">
     <span class='ocr_line' id='line_1_12' title="bbox 761 1261 2330 1331; baseline 0.004 -21"><span class='ocrx_word' id='word_1_64' title='bbox 761 1262 858 1328; x_wconf 89' lang='lat' dir='ltr'><strong>qni</strong></span> <span class='ocrx_word' id='word_1_65' title='bbox 904 1261 1061 1313; x_wconf 82' lang='lat' dir='ltr'><strong>statis</strong></span> <span class='ocrx_word' id='word_1_66' title='bbox 1091 1262 1239 1317; x_wconf 87' lang='lat' dir='ltr'><strong>horis</strong></span> <span class='ocrx_word' id='word_1_67' title='bbox 1265 1262 1577 1331; x_wconf 85' lang='lat' dir='ltr'><strong>psallerent,</strong></span> <span class='ocrx_word' id='word_1_68' title='bbox 1606 1263 1748 1319; x_wconf 67' lang='lat' dir='ltr'><strong>fosile</strong></span> <span class='ocrx_word' id='word_1_69' title='bbox 1780 1265 2035 1326; x_wconf 86' lang='lat' dir='ltr'><strong>irrisisse,</strong></span> <span class='ocrx_word' id='word_1_70' title='bbox 2070 1275 2123 1317; x_wconf 91' lang='lat' dir='ltr'><strong>et</strong></span> <span class='ocrx_word' id='word_1_71' title='bbox 2143 1266 2330 1319; x_wconf 88' lang='lat' dir='ltr'><strong>convi-</strong></span> 
     </span>
    </p>
   </div>
   <div class='ocr_carea' id='block_1_13' title="bbox 765 1352 2327 1424">
    <p class='ocr_par' dir='ltr' id='par_1_13' title="bbox 765 1352 2327 1424">
     <span class='ocr_line' id='line_1_13' title="bbox 765 1352 2327 1424; baseline 0.006 -23"><span class='ocrx_word' id='word_1_72' title='bbox 765 1352 852 1405; x_wconf 86' lang='lat' dir='ltr'><strong>tiis</strong></span> <span class='ocrx_word' id='word_1_73' title='bbox 883 1352 1229 1416; x_wconf 80' lang='lat' dir='ltr'><strong>insectatum,</strong></span> <span class='ocrx_word' id='word_1_74' title='bbox 1292 1364 1548 1422; x_wconf 88' lang='lat' dir='ltr'><strong>tanquam</strong></span> <span class='ocrx_word' id='word_1_75' title='bbox 1611 1356 1713 1424; x_wconf 86' lang='lat' dir='ltr'><strong>legi</strong></span> <span class='ocrx_word' id='word_1_76' title='bbox 1759 1357 1936 1410; x_wconf 83' lang='lat' dir='ltr'><strong>adhuc</strong></span> <span class='ocrx_word' id='word_1_77' title='bbox 1981 1357 2327 1423; x_wconf 78' lang='lat' dir='ltr'><strong>servientes;</strong></span> 
     </span>
    </p>
   </div>
   <div class='ocr_carea' id='block_1_14' title="bbox 761 1442 2332 1515">
    <p class='ocr_par' dir='ltr' id='par_1_14' title="bbox 761 1442 2332 1515">
     <span class='ocr_line' id='line_1_14' title="bbox 761 1442 2332 1515; baseline 0.004 -22"><span class='ocrx_word' id='word_1_78' title='bbox 761 1442 971 1508; x_wconf 81' lang='lat' dir='ltr'><strong>aliaque</strong></span> <span class='ocrx_word' id='word_1_79' title='bbox 990 1444 1166 1496; x_wconf 89' lang='lat' dir='ltr'><strong>multa</strong></span> <span class='ocrx_word' id='word_1_80' title='bbox 1206 1446 1254 1497; x_wconf 87' lang='lat' dir='ltr'><strong>id</strong></span> <span class='ocrx_word' id='word_1_81' title='bbox 1296 1460 1465 1515; x_wconf 80' lang='lat' dir='ltr'><strong>genus</strong></span> <span class='ocrx_word' id='word_1_82' title='bbox 1486 1443 1689 1499; x_wconf 88' lang='lat' dir='ltr'><strong>nefaria</strong></span> <span class='ocrx_word' id='word_1_83' title='bbox 1722 1447 1775 1500; x_wconf 92' lang='lat' dir='ltr'><strong>in</strong></span> <span class='ocrx_word' id='word_1_84' title='bbox 1805 1447 1897 1501; x_wconf 91' lang='lat' dir='ltr'><strong>illo</strong></span> <span class='ocrx_word' id='word_1_85' title='bbox 1920 1456 2332 1515; x_wconf 77' lang='lat' dir='ltr'><strong>accnsata,qu:e</strong></span> 
     </span>
    </p>
   </div>
   <div class='ocr_carea' id='block_1_15' title="bbox 762 1533 2330 1604">
    <p class='ocr_par' dir='ltr' id='par_1_15' title="bbox 762 1533 2330 1604">
     <span class='ocr_line' id='line_1_15' title="bbox 762 1533 2330 1604; baseline 0.004 -19"><span class='ocrx_word' id='word_1_86' title='bbox 762 1549 789 1585; x_wconf 92' lang='lat' dir='ltr'><strong>a</strong></span> <span class='ocrx_word' id='word_1_87' title='bbox 822 1533 1153 1590; x_wconf 81' lang='lat' dir='ltr'><strong>Messalianis</strong></span> <span class='ocrx_word' id='word_1_88' title='bbox 1190 1545 1243 1590; x_wconf 91' lang='lat' dir='ltr'><strong>et</strong></span> <span class='ocrx_word' id='word_1_89' title='bbox 1271 1537 1428 1601; x_wconf 83' lang='lat' dir='ltr'><strong>fiunt,</strong></span> <span class='ocrx_word' id='word_1_90' title='bbox 1456 1548 1507 1590; x_wconf 89' lang='lat' dir='ltr'><strong>et</strong></span> <span class='ocrx_word' id='word_1_91' title='bbox 1539 1538 1810 1592; x_wconf 86' lang='lat' dir='ltr'><strong>dicuntur.</strong></span> <span class='ocrx_word' id='word_1_92' title='bbox 1865 1539 2330 1604; x_wconf 82' lang='lat' dir='ltr'><strong>Quemadmodum</strong></span> 
     </span>
    </p>
   </div>
   <div class='ocr_carea' id='block_1_16' title="bbox 764 1628 2331 1697">
    <p class='ocr_par' dir='ltr' id='par_1_16' title="bbox 764 1628 2331 1697">
     <span class='ocr_line' id='line_1_16' title="bbox 764 1628 2331 1697; baseline 0.004 -21"><span class='ocrx_word' id='word_1_93' title='bbox 764 1637 816 1677; x_wconf 88' lang='lat' dir='ltr'><strong>et</strong></span> <span class='ocrx_word' id='word_1_94' title='bbox 852 1641 971 1691; x_wconf 88' lang='lat' dir='ltr'><strong>nos,</strong></span> <span class='ocrx_word' id='word_1_95' title='bbox 1035 1628 1231 1693; x_wconf 88' lang='lat' dir='ltr'><strong>inquit,</strong></span> <span class='ocrx_word' id='word_1_96' title='bbox 1294 1628 1420 1681; x_wconf 86' lang='lat' dir='ltr'><strong>dum</strong></span> <span class='ocrx_word' id='word_1_97' title='bbox 1454 1643 1551 1694; x_wconf 87' lang='lat' dir='ltr'><strong>pro</strong></span> <span class='ocrx_word' id='word_1_98' title='bbox 1578 1630 1717 1682; x_wconf 89' lang='lat' dir='ltr'><strong>virili</strong></span> <span class='ocrx_word' id='word_1_99' title='bbox 1782 1644 2042 1683; x_wconf 87' lang='lat' dir='ltr'><strong>conamur</strong></span> <span class='ocrx_word' id='word_1_100' title='bbox 2071 1631 2331 1697; x_wconf 86' lang='lat' dir='ltr'><strong>quosdam</strong></span> 
     </span>
    </p>
   </div>
   <div class='ocr_carea' id='block_1_17' title="bbox 762 1716 2334 1788">
    <p class='ocr_par' dir='ltr' id='par_1_17' title="bbox 762 1716 2334 1788">
     <span class='ocr_line' id='line_1_17' title="bbox 762 1716 2334 1788; baseline 0.005 -21"><span class='ocrx_word' id='word_1_101' title='bbox 762 1716 1029 1770; x_wconf 85' lang='lat' dir='ltr'><strong>abducere</strong></span> <span class='ocrx_word' id='word_1_102' title='bbox 1069 1718 1137 1770; x_wconf 92' lang='lat' dir='ltr'><strong>ab</strong></span> <span class='ocrx_word' id='word_1_103' title='bbox 1176 1720 1277 1771; x_wconf 92' lang='lat' dir='ltr'><strong>hoc</strong></span> <span class='ocrx_word' id='word_1_104' title='bbox 1298 1732 1503 1781; x_wconf 86' lang='lat' dir='ltr'><strong>errore,</strong></span> <span class='ocrx_word' id='word_1_105' title='bbox 1563 1719 1653 1787; x_wconf 91' lang='lat' dir='ltr'><strong>qui</strong></span> <span class='ocrx_word' id='word_1_106' title='bbox 1688 1733 1858 1787; x_wconf 88' lang='lat' dir='ltr'><strong>nuper</strong></span> <span class='ocrx_word' id='word_1_107' title='bbox 1881 1720 2039 1774; x_wconf 86' lang='lat' dir='ltr'><strong>istinc</strong></span> <span class='ocrx_word' id='word_1_108' title='bbox 2069 1720 2334 1788; x_wconf 81' lang='lat' dir='ltr'><strong>pullulare</strong></span> 
     </span>
    </p>
   </div>
   <div class='ocr_carea' id='block_1_18' title="bbox 762 1808 2330 1879">
    <p class='ocr_par' dir='ltr' id='par_1_18' title="bbox 762 1808 2330 1879">
     <span class='ocr_line' id='line_1_18' title="bbox 762 1808 2330 1879; baseline 0.002 -19"><span class='ocrx_word' id='word_1_109' title='bbox 762 1808 954 1873; x_wconf 74' lang='lat' dir='ltr'><strong>ccepit,</strong></span> <span class='ocrx_word' id='word_1_110' title='bbox 982 1809 1253 1873; x_wconf 71' lang='lat' dir='ltr'><strong>ingentem</strong></span> <span class='ocrx_word' id='word_1_111' title='bbox 1280 1824 1413 1863; x_wconf 85' lang='lat' dir='ltr'><strong>sane</strong></span> <span class='ocrx_word' id='word_1_112' title='bbox 1445 1810 1781 1877; x_wconf 70' lang='lat' dir='ltr'><strong>putretlinem</strong></span> <span class='ocrx_word' id='word_1_113' title='bbox 1840 1812 2330 1879; x_wconf 76' lang='lat' dir='ltr'><strong>perturbationum,</strong></span> 
     </span>
    </p>
   </div>
   <div class='ocr_carea' id='block_1_19' title="bbox 2420 621 3992 700">
    <p class='ocr_par' dir='ltr' id='par_1_19' title="bbox 2420 621 3992 700">
     <span class='ocr_line' id='line_1_19' title="bbox 2420 621 3992 700; baseline -0.001 -19"><span class='ocrx_word' id='word_1_114' title='bbox 2420 630 2500 682; x_wconf 81' lang='grc' dir='ltr'><strong>λει</strong></span> <span class='ocrx_word' id='word_1_115' title='bbox 2526 632 2591 683; x_wconf 84' lang='grc' dir='ltr'><strong>τά</strong></span> <span class='ocrx_word' id='word_1_116' title='bbox 2616 647 2682 682; x_wconf 83' lang='grc' dir='ltr'><strong>πε</strong></span> <span class='ocrx_word' id='word_1_117' title='bbox 2691 631 2745 700; x_wconf 82' lang='lat' dir='ltr'><strong>pl</strong></span> <span class='ocrx_word' id='word_1_118' title='bbox 2775 630 3087 697; x_wconf 85' lang='grc' dir='ltr'><strong>Λαμπετίου</strong></span> <span class='ocrx_word' id='word_1_119' title='bbox 3112 628 3361 694; x_wconf 75' lang='grc' dir='ltr'><strong>ἐξετάσαι</strong></span> <span class='ocrx_word' id='word_1_120' title='bbox 3382 628 3667 697; x_wconf 82' lang='grc' dir='ltr'><strong>λεγόμενα.</strong></span> <span class='ocrx_word' id='word_1_121' title='bbox 3697 626 3807 679; x_wconf 78' lang='lat' dir='ltr'><strong>Kal</strong></span> <span class='ocrx_word' id='word_1_122' title='bbox 3827 621 3896 695; x_wconf 78' lang='grc' dir='ltr'><strong>ἦν</strong></span> <span class='ocrx_word' id='word_1_123' title='bbox 3920 625 3992 679; x_wconf 80' lang='grc' dir='ltr'><strong>τὰ</strong></span> 
     </span>
    </p>
   </div>
   <div class='ocr_carea' id='block_1_20' title="bbox 2421 714 3994 789">
    <p class='ocr_par' dir='ltr' id='par_1_20' title="bbox 2421 714 3994 789">
     <span class='ocr_line' id='line_1_20' title="bbox 2421 714 3994 789; baseline -0.004 -17"><span class='ocrx_word' id='word_1_124' title='bbox 2421 718 2820 789; x_wconf 86' lang='grc' dir='ltr'><strong>ἐγκαλούμενα,</strong></span> <span class='ocrx_word' id='word_1_125' title='bbox 2856 721 2938 771; x_wconf 82' lang='grc' dir='ltr'><strong>ὅτι</strong></span> <span class='ocrx_word' id='word_1_126' title='bbox 2966 718 3136 787; x_wconf 89' lang='grc' dir='ltr'><strong>κόρην</strong></span> <span class='ocrx_word' id='word_1_127' title='bbox 3167 718 3306 768; x_wconf 82' lang='grc' dir='ltr'><strong>κατὰ</strong></span> <span class='ocrx_word' id='word_1_128' title='bbox 3350 717 3523 785; x_wconf 86' lang='grc' dir='ltr'><strong>στόμα</strong></span> <span class='ocrx_word' id='word_1_129' title='bbox 3555 714 3722 784; x_wconf 73' lang='grc' dir='ltr'><strong>φιλῶν</strong></span> <span class='ocrx_word' id='word_1_130' title='bbox 3756 716 3994 783; x_wconf 81' lang='grc' dir='ltr'><strong>ἐνηγκα-</strong></span> 
     </span>
    </p>
   </div>
   <div class='ocr_carea' id='block_1_21' title="bbox 2421 804 3995 875">
    <p class='ocr_par' dir='ltr' id='par_1_21' title="bbox 2421 804 3995 875">
     <span class='ocr_line' id='line_1_21' title="bbox 2421 804 3995 875; baseline -0.003 -16"><span class='ocrx_word' id='word_1_131' title='bbox 2421 810 2619 873; x_wconf 62' lang='lat' dir='ltr'><strong>mm,</strong></span> <span class='ocrx_word' id='word_1_132' title='bbox 2652 810 2747 861; x_wconf 71' lang='grc' dir='ltr'><strong>καὶ</strong></span> <span class='ocrx_word' id='word_1_133' title='bbox 2772 809 2853 861; x_wconf 82' lang='grc' dir='ltr'><strong>ὅτι</strong></span> <span class='ocrx_word' id='word_1_134' title='bbox 2881 808 3043 870; x_wconf 83' lang='grc' dir='ltr'><strong>αὐτὸς</strong></span> <span class='ocrx_word' id='word_1_135' title='bbox 3076 808 3281 868; x_wconf 85' lang='grc' dir='ltr'><strong>ἐκεῖνος</strong></span> <span class='ocrx_word' id='word_1_136' title='bbox 3317 806 3422 875; x_wconf 75' lang='grc' dir='ltr'><strong>ἔφη</strong></span> <span class='ocrx_word' id='word_1_137' title='bbox 3451 806 3761 875; x_wconf 82' lang='grc' dir='ltr'><strong>Δαμπέτιος</strong></span> <span class='ocrx_word' id='word_1_138' title='bbox 3792 805 3850 856; x_wconf 87' lang='grc' dir='ltr'><strong>ἐν</strong></span> <span class='ocrx_word' id='word_1_139' title='bbox 3889 804 3995 856; x_wconf 82' lang='grc' dir='ltr'><strong>Ἱε-</strong></span> 
     </span>
    </p>
   </div>
   <div class='ocr_carea' id='block_1_22' title="bbox 2425 894 3996 969">
    <p class='ocr_par' dir='ltr' id='par_1_22' title="bbox 2425 894 3996 969">
     <span class='ocr_line' id='line_1_22' title="bbox 2425 894 3996 969; baseline -0.004 -17"><span class='ocrx_word' id='word_1_140' title='bbox 2425 900 2741 969; x_wconf 85' lang='grc' dir='ltr'><strong>ροσολύμοις</strong></span> <span class='ocrx_word' id='word_1_141' title='bbox 2787 900 2923 968; x_wconf 88' lang='grc' dir='ltr'><strong>μετά</strong></span> <span class='ocrx_word' id='word_1_142' title='bbox 2957 915 3101 961; x_wconf 86' lang='grc' dir='ltr'><strong>τινος</strong></span> <span class='ocrx_word' id='word_1_143' title='bbox 3138 898 3483 967; x_wconf 89' lang='grc' dir='ltr'><strong>διακονίσσης</strong></span> <span class='ocrx_word' id='word_1_144' title='bbox 3519 898 3866 966; x_wconf 72' lang='grc' dir='ltr'><strong>ἐξαμαρτεῖν,</strong></span> <span class='ocrx_word' id='word_1_145' title='bbox 3898 894 3996 946; x_wconf 75' lang='grc' dir='ltr'><strong>καὶ</strong></span> 
     </span>
    </p>
   </div>
   <div class='ocr_carea' id='block_1_23' title="bbox 2424 984 3996 1059">
    <p class='ocr_par' dir='ltr' id='par_1_23' title="bbox 2424 984 3996 1059">
     <span class='ocr_line' id='line_1_23' title="bbox 2424 984 3996 1059; baseline -0.006 -15"><span class='ocrx_word' id='word_1_146' title='bbox 2424 992 2503 1044; x_wconf 81' lang='grc' dir='ltr'><strong>ὅτι</strong></span> <span class='ocrx_word' id='word_1_147' title='bbox 2538 990 2942 1059; x_wconf 83' lang='grc' dir='ltr'><strong>προσελθόντων</strong></span> <span class='ocrx_word' id='word_1_148' title='bbox 2961 990 3007 1021; x_wconf 86' lang='grc'><strong><em>⁵⁸</em></strong></span> <span class='ocrx_word' id='word_1_149' title='bbox 3033 990 3195 1041; x_wconf 84' lang='grc' dir='ltr'><strong>τινῶν</strong></span> <span class='ocrx_word' id='word_1_150' title='bbox 3223 990 3317 1041; x_wconf 77' lang='grc' dir='ltr'><strong>καὶ</strong></span> <span class='ocrx_word' id='word_1_151' title='bbox 3336 991 3641 1057; x_wconf 81' lang='grc' dir='ltr'><strong>νοσήματος</strong></span> <span class='ocrx_word' id='word_1_152' title='bbox 3672 989 3815 1039; x_wconf 82' lang='grc' dir='ltr'><strong>ίασιν</strong></span> <span class='ocrx_word' id='word_1_153' title='bbox 3844 984 3996 1049; x_wconf 79' lang='grc' dir='ltr'><strong>ἐξαι-</strong></span> 
     </span>
    </p>
   </div>
   <div class='ocr_carea' id='block_1_24' title="bbox 2425 1077 3999 1151">
    <p class='ocr_par' dir='ltr' id='par_1_24' title="bbox 2425 1077 3999 1151">
     <span class='ocr_line' id='line_1_24' title="bbox 2425 1077 3999 1151; baseline -0.005 -16"><span class='ocrx_word' id='word_1_154' title='bbox 2425 1084 2701 1151; x_wconf 83' lang='grc' dir='ltr'><strong>τουμένων</strong></span> <span class='ocrx_word' id='word_1_155' title='bbox 2723 1082 2850 1150; x_wconf 87' lang='grc' dir='ltr'><strong>ἐφη,</strong></span> <span class='ocrx_word' id='word_1_156' title='bbox 2866 1100 2883 1132; x_wconf 81' lang='grc' dir='ltr'><strong>ι</strong></span> <span class='ocrx_word' id='word_1_157' title='bbox 2908 1083 3037 1151; x_wconf 81' lang='grc' dir='ltr'><strong>φέρε</strong></span> <span class='ocrx_word' id='word_1_158' title='bbox 3059 1081 3187 1150; x_wconf 90' lang='grc' dir='ltr'><strong>μίαν</strong></span> <span class='ocrx_word' id='word_1_159' title='bbox 3213 1080 3380 1150; x_wconf 80' lang='grc' dir='ltr'><strong>κόρην</strong></span> <span class='ocrx_word' id='word_1_160' title='bbox 3407 1079 3543 1149; x_wconf 80' lang='grc' dir='ltr'><strong>πρὸς</strong></span> <span class='ocrx_word' id='word_1_161' title='bbox 3569 1079 3592 1130; x_wconf 91' lang='grc' dir='ltr'><strong>ἐ</strong></span> <span class='ocrx_word' id='word_1_162' title='bbox 3602 1078 3668 1148; x_wconf 79' lang='grc' dir='ltr'><strong>μὲ</strong></span> <span class='ocrx_word' id='word_1_163' title='bbox 3686 1077 3877 1147; x_wconf 78' lang='grc' dir='ltr'><strong>καλὴν,</strong></span> <span class='ocrx_word' id='word_1_164' title='bbox 3902 1077 3999 1129; x_wconf 82' lang='grc' dir='ltr'><strong>καὶ</strong></span> 
     </span>
    </p>
   </div>
   <div class='ocr_carea' id='block_1_25' title="bbox 2426 1167 3992 1242">
    <p class='ocr_par' dir='ltr' id='par_1_25' title="bbox 2426 1167 3992 1242">
     <span class='ocr_line' id='line_1_25' title="bbox 2426 1167 3992 1242; baseline -0.004 -15"><span class='ocrx_word' id='word_1_165' title='bbox 2426 1174 2585 1239; x_wconf 81' lang='grc' dir='ltr'><strong>δείξω</strong></span> <span class='ocrx_word' id='word_1_166' title='bbox 2620 1192 2702 1225; x_wconf 91' lang='grc' dir='ltr'><strong>σοι</strong></span> <span class='ocrx_word' id='word_1_167' title='bbox 2736 1174 3065 1242; x_wconf 82' lang='grc' dir='ltr'><strong>ἁγιωσύνην,</strong></span> <span class='ocrx_word' id='word_1_168' title='bbox 3099 1191 3118 1224; x_wconf 84' lang='lat' dir='ltr'><strong>s</strong></span> <span class='ocrx_word' id='word_1_169' title='bbox 3152 1172 3244 1225; x_wconf 76' lang='grc' dir='ltr'><strong>καὶ</strong></span> <span class='ocrx_word' id='word_1_170' title='bbox 3276 1173 3357 1224; x_wconf 85' lang='grc' dir='ltr'><strong>ὅτι</strong></span> <span class='ocrx_word' id='word_1_171' title='bbox 3397 1172 3524 1233; x_wconf 80' lang='grc' dir='ltr'><strong>τοὺς</strong></span> <span class='ocrx_word' id='word_1_172' title='bbox 3550 1172 3649 1233; x_wconf 81' lang='grc' dir='ltr'><strong>τὰς</strong></span> <span class='ocrx_word' id='word_1_173' title='bbox 3678 1169 3827 1239; x_wconf 82' lang='grc' dir='ltr'><strong>ὥρας</strong></span> <span class='ocrx_word' id='word_1_174' title='bbox 3857 1167 3992 1236; x_wconf 78' lang='grc' dir='ltr'><strong>ψάλ-</strong></span> 
     </span>
    </p>
   </div>
   <div class='ocr_carea' id='block_1_26' title="bbox 2428 1246 4003 1334">
    <p class='ocr_par' dir='ltr' id='par_1_26' title="bbox 2428 1246 4003 1334">
     <span class='ocr_line' id='line_1_26' title="bbox 2428 1246 4003 1334; baseline -0.005 -17"><span class='ocrx_word' id='word_1_175' title='bbox 2428 1266 2617 1327; x_wconf 85' lang='grc' dir='ltr'><strong>λοντας</strong></span> <span class='ocrx_word' id='word_1_176' title='bbox 2647 1246 3045 1334; x_wconf 77' lang='grc' dir='ltr'><strong>ἐξεμυκτήριζε</strong></span> <span class='ocrx_word' id='word_1_177' title='bbox 3078 1263 3173 1316; x_wconf 76' lang='grc' dir='ltr'><strong>καὶ</strong></span> <span class='ocrx_word' id='word_1_178' title='bbox 3199 1262 3446 1333; x_wconf 84' lang='grc' dir='ltr'><strong>διέσυρεν</strong></span> <span class='ocrx_word' id='word_1_179' title='bbox 3475 1261 3551 1324; x_wconf 86' lang='grc' dir='ltr'><strong>ὡς</strong></span> <span class='ocrx_word' id='word_1_180' title='bbox 3586 1261 3691 1315; x_wconf 80' lang='grc' dir='ltr'><strong>ὑπὸ</strong></span> <span class='ocrx_word' id='word_1_181' title='bbox 3725 1261 3887 1330; x_wconf 87' lang='grc' dir='ltr'><strong>νόμον</strong></span> <span class='ocrx_word' id='word_1_182' title='bbox 3916 1259 4003 1310; x_wconf 81' lang='grc' dir='ltr'><strong>ἐτι</strong></span> 
     </span>
    </p>
   </div>
   <div class='ocr_carea' id='block_1_27' title="bbox 2428 1349 4004 1424">
    <p class='ocr_par' dir='ltr' id='par_1_27' title="bbox 2428 1349 4004 1424">
     <span class='ocr_line' id='line_1_27' title="bbox 2428 1349 4004 1424; baseline -0.004 -16"><span class='ocrx_word' id='word_1_183' title='bbox 2428 1355 2817 1424; x_wconf 84' lang='grc' dir='ltr'><strong>τυγχάνοντας.</strong></span> <span class='ocrx_word' id='word_1_184' title='bbox 2850 1355 2960 1407; x_wconf 80' lang='grc' dir='ltr'><strong>Καὶ</strong></span> <span class='ocrx_word' id='word_1_185' title='bbox 2986 1353 3121 1407; x_wconf 72' lang='grc' dir='ltr'><strong>ἄλλα</strong></span> <span class='ocrx_word' id='word_1_186' title='bbox 3155 1353 3291 1406; x_wconf 84' lang='grc' dir='ltr'><strong>άττα</strong></span> <span class='ocrx_word' id='word_1_187' title='bbox 3334 1351 3568 1421; x_wconf 75' lang='grc' dir='ltr'><strong>ἀθέμιτα</strong></span> <span class='ocrx_word' id='word_1_188' title='bbox 3604 1349 3936 1419; x_wconf 82' lang='grc' dir='ltr'><strong>διεϐέϐλητο,</strong></span> <span class='ocrx_word' id='word_1_189' title='bbox 3961 1349 4004 1403; x_wconf 72' lang='grc' dir='ltr'>ἃ</span> 
     </span>
    </p>
   </div>
   <div class='ocr_carea' id='block_1_28' title="bbox 2430 1439 4004 1510">
    <p class='ocr_par' dir='ltr' id='par_1_28' title="bbox 2430 1439 4004 1510">
     <span class='ocr_line' id='line_1_28' title="bbox 2430 1439 4004 1510; baseline -0.002 -13"><span class='ocrx_word' id='word_1_190' title='bbox 2430 1448 2540 1507; x_wconf 89' lang='grc' dir='ltr'><strong>τοῖς</strong></span> <span class='ocrx_word' id='word_1_191' title='bbox 2569 1444 2929 1508; x_wconf 83' lang='grc' dir='ltr'><strong>Μεσαλιανοῖς</strong></span> <span class='ocrx_word' id='word_1_192' title='bbox 2980 1444 3075 1497; x_wconf 73' lang='grc' dir='ltr'><strong>καὶ</strong></span> <span class='ocrx_word' id='word_1_193' title='bbox 3116 1447 3351 1497; x_wconf 86' lang='grc' dir='ltr'><strong>ποιεῖται</strong></span> <span class='ocrx_word' id='word_1_194' title='bbox 3399 1444 3492 1496; x_wconf 84' lang='grc' dir='ltr'><strong>καὶ</strong></span> <span class='ocrx_word' id='word_1_195' title='bbox 3534 1442 3779 1510; x_wconf 81' lang='grc' dir='ltr'><strong>λέγεται,</strong></span> <span class='ocrx_word' id='word_1_196' title='bbox 3815 1439 4004 1502; x_wconf 82' lang='grc' dir='ltr'><strong>καθὼς</strong></span> 
     </span>
    </p>
   </div>
   <div class='ocr_carea' id='block_1_29' title="bbox 2432 1532 4007 1607">
    <p class='ocr_par' dir='ltr' id='par_1_29' title="bbox 2432 1532 4007 1607">
     <span class='ocr_line' id='line_1_29' title="bbox 2432 1532 4007 1607; baseline -0.002 -17"><span class='ocrx_word' id='word_1_197' title='bbox 2432 1538 2525 1590; x_wconf 73' lang='grc' dir='ltr'><strong>καὶ</strong></span> <span class='ocrx_word' id='word_1_198' title='bbox 2558 1539 2737 1607; x_wconf 82' lang='grc' dir='ltr'><strong>ἡμεῖς,</strong></span> <span class='ocrx_word' id='word_1_199' title='bbox 2766 1540 2841 1599; x_wconf 87' lang='grc' dir='ltr'><strong>ὼς</strong></span> <span class='ocrx_word' id='word_1_200' title='bbox 2869 1532 2981 1590; x_wconf 75' lang='grc' dir='ltr'><strong>οἷόν</strong></span> <span class='ocrx_word' id='word_1_201' title='bbox 3011 1554 3071 1589; x_wconf 90' lang='grc' dir='ltr'><strong>τε</strong></span> <span class='ocrx_word' id='word_1_202' title='bbox 3102 1538 3253 1606; x_wconf 77' lang='grc' dir='ltr'><strong>ἡμῖν,</strong></span> <span class='ocrx_word' id='word_1_203' title='bbox 3276 1536 3430 1597; x_wconf 83' lang='grc' dir='ltr'><strong>τινὰς</strong></span> <span class='ocrx_word' id='word_1_204' title='bbox 3450 1535 3551 1603; x_wconf 77' lang='grc' dir='ltr'><strong>τῆς</strong></span> <span class='ocrx_word' id='word_1_205' title='bbox 3582 1534 3837 1604; x_wconf 81' lang='grc' dir='ltr'><strong>τοιαύτης</strong></span> <span class='ocrx_word' id='word_1_206' title='bbox 3863 1533 4007 1587; x_wconf 80' lang='grc' dir='ltr'><strong>πλά-</strong></span> 
     </span>
    </p>
   </div>
   <div class='ocr_carea' id='block_1_30' title="bbox 2432 1621 4008 1696">
    <p class='ocr_par' dir='ltr' id='par_1_30' title="bbox 2432 1621 4008 1696">
     <span class='ocr_line' id='line_1_30' title="bbox 2432 1621 4008 1696; baseline -0.003 -19"><span class='ocrx_word' id='word_1_207' title='bbox 2432 1642 2529 1696; x_wconf 86' lang='grc' dir='ltr'><strong>νης</strong></span> <span class='ocrx_word' id='word_1_208' title='bbox 2589 1626 2913 1693; x_wconf 79' lang='grc' dir='ltr'><strong>ἀπάγοντες,</strong></span> <span class='ocrx_word' id='word_1_209' title='bbox 2954 1624 3047 1695; x_wconf 77' lang='grc' dir='ltr'><strong>[ιο</strong></span> <span class='ocrx_word' id='word_1_210' title='bbox 3098 1623 3192 1694; x_wconf 68' lang='grc' dir='ltr'><strong>ιι]</strong></span> <span class='ocrx_word' id='word_1_211' title='bbox 3242 1624 3368 1692; x_wconf 82' lang='grc' dir='ltr'><strong>άρτι</strong></span> <span class='ocrx_word' id='word_1_212' title='bbox 3417 1623 3735 1693; x_wconf 76' lang='grc' dir='ltr'><strong>βλαστάνειν</strong></span> <span class='ocrx_word' id='word_1_213' title='bbox 3791 1621 4008 1676; x_wconf 83' lang='grc' dir='ltr'><strong>ἐκεῖθεν</strong></span> 
     </span>
    </p>
   </div>
   <div class='ocr_carea' id='block_1_31' title="bbox 2433 1712 4009 1785">
    <p class='ocr_par' dir='ltr' id='par_1_31' title="bbox 2433 1712 4009 1785">
     <span class='ocr_line' id='line_1_31' title="bbox 2433 1712 4009 1785; baseline -0.003 -18"><span class='ocrx_word' id='word_1_214' title='bbox 2433 1713 2746 1785; x_wconf 72' lang='grc' dir='ltr'><strong>ἀρξαμένης</strong></span> <span class='ocrx_word' id='word_1_215' title='bbox 2775 1716 2841 1775; x_wconf 79' lang='grc'><strong>⁵⁸,</strong></span> <span class='ocrx_word' id='word_1_216' title='bbox 2880 1713 3082 1784; x_wconf 79' lang='grc' dir='ltr'><strong>πολλὴν</strong></span> <span class='ocrx_word' id='word_1_217' title='bbox 3130 1714 3398 1784; x_wconf 87' lang='grc' dir='ltr'><strong>σηπεδόνα</strong></span> <span class='ocrx_word' id='word_1_218' title='bbox 3443 1713 3635 1767; x_wconf 83' lang='grc' dir='ltr'><strong>παθῶν</strong></span> <span class='ocrx_word' id='word_1_219' title='bbox 3682 1713 3776 1765; x_wconf 76' lang='grc' dir='ltr'><strong>καὶ</strong></span> <span class='ocrx_word' id='word_1_220' title='bbox 3803 1712 4009 1773; x_wconf 88' lang='grc' dir='ltr'><strong>κακίας</strong></span> 
     </span>
    </p>
   </div>
   <div class='ocr_carea' id='block_1_32' title="bbox 2432 1802 4009 1873">
    <p class='ocr_par' dir='ltr' id='par_1_32' title="bbox 2432 1802 4009 1873">
     <span class='ocr_line' id='line_1_32' title="bbox 2432 1802 4009 1873; baseline -0.003 -16"><span class='ocrx_word' id='word_1_221' title='bbox 2432 1804 2533 1866; x_wconf 74' lang='grc' dir='ltr'><strong>τὰς</strong></span> <span class='ocrx_word' id='word_1_222' title='bbox 2561 1804 2784 1857; x_wconf 82' lang='grc' dir='ltr'><strong>ἐκείνων</strong></span> <span class='ocrx_word' id='word_1_223' title='bbox 2816 1803 2993 1873; x_wconf 76' lang='grc' dir='ltr'><strong>ψυχάς</strong></span> <span class='ocrx_word' id='word_1_224' title='bbox 3014 1804 3447 1873; x_wconf 84' lang='grc' dir='ltr'><strong>ἐπιϐοσκομένην</strong></span> <span class='ocrx_word' id='word_1_225' title='bbox 3475 1803 3818 1872; x_wconf 77' lang='grc' dir='ltr'><strong>ἑωράκαμεν.</strong></span> <span class='ocrx_word' id='word_1_226' title='bbox 3860 1802 4009 1854; x_wconf 78' lang='grc' dir='ltr'><strong>Ἀλλ’</strong></span> 
     </span>
    </p>
   </div>
   <div class='ocr_carea' id='block_1_33' title="bbox 764 1890 2363 1968">
    <p class='ocr_par' dir='ltr' id='par_1_33' title="bbox 764 1898 2331 1968">
     <span class='ocr_line' id='line_1_33' title="bbox 764 1898 2331 1968; baseline 0.005 -19"><span class='ocrx_word' id='word_1_227' title='bbox 764 1907 925 1965; x_wconf 84' lang='lat' dir='ltr'><strong>atque</strong></span> <span class='ocrx_word' id='word_1_228' title='bbox 961 1898 1344 1965; x_wconf 85' lang='lat' dir='ltr'><strong>improbitatis,</strong></span> <span class='ocrx_word' id='word_1_229' title='bbox 1373 1914 1562 1953; x_wconf 88' lang='lat' dir='ltr'><strong>eorum</strong></span> <span class='ocrx_word' id='word_1_230' title='bbox 1592 1900 1883 1966; x_wconf 83' lang='lat' dir='ltr'><strong>depascere</strong></span> <span class='ocrx_word' id='word_1_231' title='bbox 1905 1903 2115 1955; x_wconf 83' lang='lat' dir='ltr'><strong>animos</strong></span> <span class='ocrx_word' id='word_1_232' title='bbox 2137 1904 2331 1968; x_wconf 90' lang='lat' dir='ltr'><strong>depre-</strong></span> 
     </span>
    </p>
   </div>
   <div class='ocr_carea' id='block_1_34' title="bbox 2444 1890 4012 1968">
    <p class='ocr_par' dir='ltr' id='par_1_34' title="bbox 2444 1892 4012 1966">
     <span class='ocr_line' id='line_1_34' title="bbox 2444 1892 4012 1966; baseline -0.002 -17"><span class='ocrx_word' id='word_1_233' title='bbox 2444 1897 2462 1949; x_wconf 84' lang='lat'><strong>5</strong></span> <span class='ocrx_word' id='word_1_234' title='bbox 2494 1912 2557 1964; x_wconf 93' lang='grc' dir='ltr'><strong>γε</strong></span> <span class='ocrx_word' id='word_1_235' title='bbox 2595 1897 2913 1963; x_wconf 87' lang='grc' dir='ltr'><strong>Δαμπέτιος</strong></span> <span class='ocrx_word' id='word_1_236' title='bbox 2954 1894 3210 1966; x_wconf 81' lang='grc' dir='ltr'><strong>Ὀρμίζου</strong></span> <span class='ocrx_word' id='word_1_237' title='bbox 3248 1896 3345 1962; x_wconf 73' lang='grc' dir='ltr'><strong>μιν</strong></span> <span class='ocrx_word' id='word_1_238' title='bbox 3389 1893 3486 1946; x_wconf 78' lang='grc' dir='ltr'><strong>τοῦ</strong></span> <span class='ocrx_word' id='word_1_239' title='bbox 3521 1894 3820 1947; x_wconf 87' lang='grc' dir='ltr'><strong>ἐπισκόπου</strong></span> <span class='ocrx_word' id='word_1_240' title='bbox 3847 1892 4012 1946; x_wconf 60' lang='lat' dir='ltr'><strong>sua-</strong></span> 
     </span>
    </p>
   </div>
   <div class='ocr_carea' id='block_1_35' title="bbox 766 1988 2332 2062">
    <p class='ocr_par' dir='ltr' id='par_1_35' title="bbox 766 1988 2332 2062">
     <span class='ocr_line' id='line_1_35' title="bbox 766 1988 2332 2062; baseline 0.006 -22"><span class='ocrx_word' id='word_1_241' title='bbox 766 1989 1078 2043; x_wconf 83' lang='lat' dir='ltr'><strong>hendimus.</strong></span> <span class='ocrx_word' id='word_1_242' title='bbox 1113 1988 1307 2043; x_wconf 82' lang='lat' dir='ltr'><strong>Verum</strong></span> <span class='ocrx_word' id='word_1_243' title='bbox 1340 1990 1424 2044; x_wconf 90' lang='lat' dir='ltr'><strong>hic</strong></span> <span class='ocrx_word' id='word_1_244' title='bbox 1444 1989 1779 2061; x_wconf 85' lang='lat' dir='ltr'><strong>Lampetius,</strong></span> <span class='ocrx_word' id='word_1_245' title='bbox 1809 1992 2058 2049; x_wconf 80' lang='lat' dir='ltr'><strong>Hormiza</strong></span> <span class='ocrx_word' id='word_1_246' title='bbox 2080 1994 2332 2062; x_wconf 86' lang='lat' dir='ltr'><strong>episcopo</strong></span> 
     </span>
    </p>
   </div>
   <div class='ocr_carea' id='block_1_36' title="bbox 760 2079 2331 2153">
    <p class='ocr_par' dir='ltr' id='par_1_36' title="bbox 760 2079 2331 2153">
     <span class='ocr_line' id='line_1_36' title="bbox 760 2079 2331 2153; baseline 0.005 -22"><span class='ocrx_word' id='word_1_247' title='bbox 760 2079 962 2146; x_wconf 83' lang='lat' dir='ltr'><strong>judice,</strong></span> <span class='ocrx_word' id='word_1_248' title='bbox 986 2091 1041 2134; x_wconf 90' lang='lat' dir='ltr'><strong>et</strong></span> <span class='ocrx_word' id='word_1_249' title='bbox 1072 2079 1339 2134; x_wconf 87' lang='lat' dir='ltr'><strong>Gerontio</strong></span> <span class='ocrx_word' id='word_1_250' title='bbox 1376 2083 1697 2152; x_wconf 83' lang='lat' dir='ltr'><strong>presbytero</strong></span> <span class='ocrx_word' id='word_1_251' title='bbox 1726 2091 1931 2148; x_wconf 85' lang='lat' dir='ltr'><strong>actore,</strong></span> <span class='ocrx_word' id='word_1_252' title='bbox 1958 2084 2150 2153; x_wconf 86' lang='lat' dir='ltr'><strong>partim</strong></span> <span class='ocrx_word' id='word_1_253' title='bbox 2176 2084 2331 2140; x_wconf 89' lang='lat' dir='ltr'><strong>testi-</strong></span> 
     </span>
    </p>
   </div>
   <div class='ocr_carea' id='block_1_37' title="bbox 763 2172 2331 2243">
    <p class='ocr_par' dir='ltr' id='par_1_37' title="bbox 763 2172 2331 2243">
     <span class='ocr_line' id='line_1_37' title="bbox 763 2172 2331 2243; baseline 0.004 -20"><span class='ocrx_word' id='word_1_254' title='bbox 763 2173 864 2223; x_wconf 85' lang='lat' dir='ltr'><strong>hns</strong></span> <span class='ocrx_word' id='word_1_255' title='bbox 896 2172 1201 2238; x_wconf 77' lang='lat' dir='ltr'><strong>convictus,</strong></span> <span class='ocrx_word' id='word_1_256' title='bbox 1254 2172 1452 2240; x_wconf 84' lang='lat' dir='ltr'><strong>partim</strong></span> <span class='ocrx_word' id='word_1_257' title='bbox 1508 2187 1603 2226; x_wconf 87' lang='lat' dir='ltr'><strong>sua</strong></span> <span class='ocrx_word' id='word_1_258' title='bbox 1652 2175 1767 2243; x_wconf 86' lang='lat' dir='ltr'><strong>ipse</strong></span> <span class='ocrx_word' id='word_1_259' title='bbox 1797 2174 2142 2230; x_wconf 81' lang='lat' dir='ltr'><strong>confessione</strong></span> <span class='ocrx_word' id='word_1_260' title='bbox 2187 2190 2331 2239; x_wconf 89' lang='lat' dir='ltr'><strong>reus,</strong></span> 
     </span>
    </p>
   </div>
   <div class='ocr_carea' id='block_1_38' title="bbox 765 2262 2331 2335">
    <p class='ocr_par' dir='ltr' id='par_1_38' title="bbox 765 2262 2331 2335">
     <span class='ocr_line' id='line_1_38' title="bbox 765 2262 2331 2335; baseline 0.006 -23"><span class='ocrx_word' id='word_1_261' title='bbox 765 2262 1005 2314; x_wconf 89' lang='lat' dir='ltr'><strong>oumium</strong></span> <span class='ocrx_word' id='word_1_262' title='bbox 1033 2262 1254 2315; x_wconf 81' lang='lat' dir='ltr'><strong>calculis</strong></span> <span class='ocrx_word' id='word_1_263' title='bbox 1281 2264 1576 2317; x_wconf 87' lang='lat' dir='ltr'><strong>sacerdotii</strong></span> <span class='ocrx_word' id='word_1_264' title='bbox 1636 2266 1897 2335; x_wconf 79' lang='lat' dir='ltr'><strong>dignitate</strong></span> <span class='ocrx_word' id='word_1_265' title='bbox 1941 2266 2331 2321; x_wconf 83' lang='lat' dir='ltr'><strong>submovetur:</strong></span> 
     </span>
    </p>
   </div>
   <div class='ocr_carea' id='block_1_39' title="bbox 765 2353 2332 2426">
    <p class='ocr_par' dir='ltr' id='par_1_39' title="bbox 765 2353 2332 2426">
     <span class='ocr_line' id='line_1_39' title="bbox 765 2353 2332 2426; baseline 0.006 -22"><span class='ocrx_word' id='word_1_266' title='bbox 765 2353 1096 2406; x_wconf 83' lang='lat' dir='ltr'><strong>assentiente</strong></span> <span class='ocrx_word' id='word_1_267' title='bbox 1116 2355 1280 2408; x_wconf 90' lang='lat' dir='ltr'><strong>etiam</strong></span> <span class='ocrx_word' id='word_1_268' title='bbox 1313 2355 1507 2426; x_wconf 83' lang='lat' dir='ltr'><strong>Alypio</strong></span> <span class='ocrx_word' id='word_1_269' title='bbox 1556 2356 1902 2423; x_wconf 69' lang='lat' dir='ltr'><strong>Casariensi,</strong></span> <span class='ocrx_word' id='word_1_270' title='bbox 1953 2360 2044 2426; x_wconf 86' lang='lat' dir='ltr'><strong>qui</strong></span> <span class='ocrx_word' id='word_1_271' title='bbox 2073 2360 2332 2413; x_wconf 88' lang='lat' dir='ltr'><strong>miserum</strong></span> 
     </span>
    </p>
   </div>
   <div class='ocr_carea' id='block_1_40' title="bbox 766 2440 2332 2518">
    <p class='ocr_par' dir='ltr' id='par_1_40' title="bbox 766 2440 2332 2518">
     <span class='ocr_line' id='line_1_40' title="bbox 766 2440 2332 2518; baseline 0.006 -24"><span class='ocrx_word' id='word_1_272' title='bbox 766 2440 912 2495; x_wconf 92' lang='lat' dir='ltr'><strong>illum</strong></span> <span class='ocrx_word' id='word_1_273' title='bbox 940 2445 1220 2514; x_wconf 80' lang='lat' dir='ltr'><strong>(deceptus</strong></span> <span class='ocrx_word' id='word_1_274' title='bbox 1247 2448 1383 2518; x_wconf 81' lang='lat' dir='ltr'><strong>ipse)</strong></span> <span class='ocrx_word' id='word_1_275' title='bbox 1420 2448 1795 2518; x_wconf 85' lang='lat' dir='ltr'><strong>presbyterum</strong></span> <span class='ocrx_word' id='word_1_276' title='bbox 1840 2450 2141 2506; x_wconf 84' lang='lat' dir='ltr'><strong>ordinarat.</strong></span> <span class='ocrx_word' id='word_1_277' title='bbox 2186 2450 2332 2505; x_wconf 85' lang='lat' dir='ltr'><strong>Idem</strong></span> 
     </span>
    </p>
   </div>
   <div class='ocr_carea' id='block_1_41' title="bbox 765 2536 2334 2613">
    <p class='ocr_par' dir='ltr' id='par_1_41' title="bbox 765 2536 2334 2613">
     <span class='ocr_line' id='line_1_41' title="bbox 765 2536 2334 2613; baseline 0.008 -29"><span class='ocrx_word' id='word_1_278' title='bbox 765 2548 893 2588; x_wconf 84' lang='lat' dir='ltr'><strong>vero</strong></span> <span class='ocrx_word' id='word_1_279' title='bbox 916 2536 1370 2594; x_wconf 87' lang='lat' dir='ltr'><strong>sceleratissimus</strong></span> <span class='ocrx_word' id='word_1_280' title='bbox 1417 2540 1734 2609; x_wconf 86' lang='lat' dir='ltr'><strong>Lampetius</strong></span> <span class='ocrx_word' id='word_1_281' title='bbox 1783 2540 1984 2596; x_wconf 81' lang='lat' dir='ltr'><strong>librum</strong></span> <span class='ocrx_word' id='word_1_282' title='bbox 2045 2544 2334 2613; x_wconf 89' lang='lat' dir='ltr'><strong>quemdam</strong></span> 
     </span>
    </p>
   </div>
   <div class='ocr_carea' id='block_1_42' title="bbox 766 2627 2339 2696">
    <p class='ocr_par' dir='ltr' id='par_1_42' title="bbox 766 2627 2339 2696">
     <span class='ocr_line' id='line_1_42' title="bbox 766 2627 2339 2696; baseline 0.008 -21"><span class='ocrx_word' id='word_1_283' title='bbox 766 2627 1086 2693; x_wconf 77' lang='lat' dir='ltr'><strong>composuit,</strong></span> <span class='ocrx_word' id='word_1_284' title='bbox 1116 2643 1275 2696; x_wconf 85' lang='lat' dir='ltr'><strong>quem</strong></span> <span class='ocrx_word' id='word_1_285' title='bbox 1311 2633 1706 2685; x_wconf 78' lang='lat' dir='ltr'><strong>Testamentum</strong></span> <span class='ocrx_word' id='word_1_286' title='bbox 1736 2633 2053 2696; x_wconf 86' lang='lat' dir='ltr'><strong>nominavit,</strong></span> <span class='ocrx_word' id='word_1_287' title='bbox 2117 2635 2204 2688; x_wconf 91' lang='lat' dir='ltr'><strong>cui</strong></span> <span class='ocrx_word' id='word_1_288' title='bbox 2238 2635 2339 2688; x_wconf 93' lang='lat' dir='ltr'><strong>im-</strong></span> 
     </span>
    </p>
   </div>
   <div class='ocr_carea' id='block_1_43' title="bbox 768 2718 2336 2794">
    <p class='ocr_par' dir='ltr' id='par_1_43' title="bbox 768 2718 2336 2794">
     <span class='ocr_line' id='line_1_43' title="bbox 768 2718 2336 2794; baseline 0.007 -26"><span class='ocrx_word' id='word_1_289' title='bbox 768 2718 983 2782; x_wconf 82' lang='lat' dir='ltr'><strong>pietatis</strong></span> <span class='ocrx_word' id='word_1_290' title='bbox 1007 2733 1117 2773; x_wconf 75' lang='lat' dir='ltr'><strong>suze</strong></span> <span class='ocrx_word' id='word_1_291' title='bbox 1144 2718 1396 2790; x_wconf 77' lang='lat' dir='ltr'><strong>dogmata</strong></span> <span class='ocrx_word' id='word_1_292' title='bbox 1417 2724 1661 2791; x_wconf 61' lang='lat' dir='ltr'><strong>quedam</strong></span> <span class='ocrx_word' id='word_1_293' title='bbox 1687 2726 1965 2794; x_wconf 89' lang='lat' dir='ltr'><strong>inspersit,</strong></span> <span class='ocrx_word' id='word_1_294' title='bbox 1998 2740 2120 2779; x_wconf 88' lang='lat' dir='ltr'><strong>eum</strong></span> <span class='ocrx_word' id='word_1_295' title='bbox 2140 2727 2336 2779; x_wconf 89' lang='lat' dir='ltr'><strong>librum</strong></span> 
     </span>
    </p>
   </div>
   <div class='ocr_carea' id='block_1_44' title="bbox 775 2810 2339 2887">
    <p class='ocr_par' dir='ltr' id='par_1_44' title="bbox 775 2810 2339 2887">
     <span class='ocr_line' id='line_1_44' title="bbox 775 2810 2339 2887; baseline 0.007 -26"><span class='ocrx_word' id='word_1_296' title='bbox 775 2810 1028 2875; x_wconf 75' lang='lat' dir='ltr'><strong>Severus,</strong></span> <span class='ocrx_word' id='word_1_297' title='bbox 1059 2812 1150 2878; x_wconf 90' lang='lat' dir='ltr'><strong>qni</strong></span> <span class='ocrx_word' id='word_1_298' title='bbox 1184 2814 1575 2869; x_wconf 79' lang='lat' dir='ltr'><strong>Antiochenam</strong></span> <span class='ocrx_word' id='word_1_299' title='bbox 1603 2816 1797 2871; x_wconf 75' lang='lat' dir='ltr'><strong>invasit</strong></span> <span class='ocrx_word' id='word_1_300' title='bbox 1826 2817 2029 2879; x_wconf 87' lang='lat' dir='ltr'><strong>sedem,</strong></span> <span class='ocrx_word' id='word_1_301' title='bbox 2061 2819 2339 2887; x_wconf 82' lang='lat' dir='ltr'><strong>presbyter</strong></span> 
     </span>
    </p>
   </div>
   <div class='ocr_carea' id='block_1_45' title="bbox 767 2900 2335 2978">
    <p class='ocr_par' dir='ltr' id='par_1_45' title="bbox 767 2900 2335 2978">
     <span class='ocr_line' id='line_1_45' title="bbox 767 2900 2335 2978; baseline 0.008 -29"><span class='ocrx_word' id='word_1_302' title='bbox 767 2900 933 2952; x_wconf 82' lang='lat' dir='ltr'><strong>etiam</strong></span> <span class='ocrx_word' id='word_1_303' title='bbox 967 2904 1237 2958; x_wconf 79' lang='lat' dir='ltr'><strong>exsistens</strong></span> <span class='ocrx_word' id='word_1_304' title='bbox 1260 2903 1541 2962; x_wconf 76' lang='lat' dir='ltr'><strong>refutavit.</strong></span> <span class='ocrx_word' id='word_1_305' title='bbox 1596 2907 1829 2975; x_wconf 80' lang='lat' dir='ltr'><strong>Alpheus</strong></span> <span class='ocrx_word' id='word_1_306' title='bbox 1865 2917 2044 2962; x_wconf 78' lang='lat' dir='ltr'><strong>tamen</strong></span> <span class='ocrx_word' id='word_1_307' title='bbox 2098 2911 2335 2978; x_wconf 82' lang='lat' dir='ltr'><strong>quidam,</strong></span> 
     </span>
    </p>
   </div>
   <div class='ocr_carea' id='block_1_46' title="bbox 768 2989 2339 3069">
    <p class='ocr_par' dir='ltr' id='par_1_46' title="bbox 768 2989 2339 3069">
     <span class='ocr_line' id='line_1_46' title="bbox 768 2989 2339 3069; baseline 0.006 -26"><span class='ocrx_word' id='word_1_308' title='bbox 768 2989 1263 3048; x_wconf 79' lang='lat' dir='ltr'><strong>Rhinocorurorum</strong></span> <span class='ocrx_word' id='word_1_309' title='bbox 1318 2995 1644 3065; x_wconf 87' lang='lat' dir='ltr'><strong>episcopus,</strong></span> <span class='ocrx_word' id='word_1_310' title='bbox 1697 2997 2033 3068; x_wconf 82' lang='lat' dir='ltr'><strong>Lampetium</strong></span> <span class='ocrx_word' id='word_1_311' title='bbox 2085 3001 2339 3069; x_wconf 80' lang='lat' dir='ltr'><strong>Apologia</strong></span> 
     </span>
    </p>
   </div>
   <div class='ocr_carea' id='block_1_47' title="bbox 767 3080 2339 3157">
    <p class='ocr_par' dir='ltr' id='par_1_47' title="bbox 767 3080 2339 3157">
     <span class='ocr_line' id='line_1_47' title="bbox 767 3080 2339 3157; baseline 0.008 -24"><span class='ocrx_word' id='word_1_312' title='bbox 767 3080 1029 3143; x_wconf 77' lang='lat' dir='ltr'><strong>defendit,</strong></span> <span class='ocrx_word' id='word_1_313' title='bbox 1063 3085 1216 3151; x_wconf 89' lang='lat' dir='ltr'><strong>quasi</strong></span> <span class='ocrx_word' id='word_1_314' title='bbox 1256 3086 1385 3139; x_wconf 89' lang='lat' dir='ltr'><strong>nihil</strong></span> <span class='ocrx_word' id='word_1_315' title='bbox 1414 3102 1625 3151; x_wconf 91' lang='lat' dir='ltr'><strong>eorum,</strong></span> <span class='ocrx_word' id='word_1_316' title='bbox 1682 3090 1750 3142; x_wconf 93' lang='lat' dir='ltr'><strong>de</strong></span> <span class='ocrx_word' id='word_1_317' title='bbox 1794 3090 1989 3157; x_wconf 88' lang='lat' dir='ltr'><strong>quibus</strong></span> <span class='ocrx_word' id='word_1_318' title='bbox 2050 3106 2339 3146; x_wconf 85' lang='lat' dir='ltr'><strong>accusare-</strong></span> 
     </span>
    </p>
   </div>
   <div class='ocr_carea' id='block_1_48' title="bbox 768 3172 2341 3237">
    <p class='ocr_par' dir='ltr' id='par_1_48' title="bbox 768 3172 2341 3237">
     <span class='ocr_line' id='line_1_48' title="bbox 768 3172 2341 3237; baseline 0.01 -19"><span class='ocrx_word' id='word_1_319' title='bbox 768 3172 1254 3237; x_wconf 76' lang='lat' dir='ltr'><strong>tnr,autdixisset,</strong></span> <span class='ocrx_word' id='word_1_320' title='bbox 1290 3186 1379 3228; x_wconf 90' lang='lat' dir='ltr'><strong>aut</strong></span> <span class='ocrx_word' id='word_1_321' title='bbox 1418 3174 1655 3231; x_wconf 77' lang='lat' dir='ltr'><strong>fecisset.</strong></span> <span class='ocrx_word' id='word_1_322' title='bbox 1702 3177 1815 3232; x_wconf 79' lang='lat' dir='ltr'><strong>Etsi</strong></span> <span class='ocrx_word' id='word_1_323' title='bbox 1862 3188 2039 3233; x_wconf 87' lang='lat' dir='ltr'><strong>autem</strong></span> <span class='ocrx_word' id='word_1_324' title='bbox 2087 3181 2140 3232; x_wconf 92' lang='lat' dir='ltr'><strong>in</strong></span> <span class='ocrx_word' id='word_1_325' title='bbox 2191 3180 2341 3234; x_wconf 90' lang='lat' dir='ltr'><strong>edito</strong></span> 
     </span>
    </p>
   </div>
   <div class='ocr_carea' id='block_1_49' title="bbox 767 3262 2325 3339">
    <p class='ocr_par' dir='ltr' id='par_1_49' title="bbox 767 3262 2325 3339">
     <span class='ocr_line' id='line_1_49' title="bbox 767 3262 2325 3339; baseline 0.008 -27"><span class='ocrx_word' id='word_1_326' title='bbox 767 3262 998 3327; x_wconf 85' lang='lat' dir='ltr'><strong>quodam</strong></span> <span class='ocrx_word' id='word_1_327' title='bbox 1037 3279 1064 3315; x_wconf 91' lang='lat' dir='ltr'><strong>a</strong></span> <span class='ocrx_word' id='word_1_328' title='bbox 1099 3280 1156 3318; x_wconf 86' lang='lat' dir='ltr'><strong>se</strong></span> <span class='ocrx_word' id='word_1_329' title='bbox 1188 3265 1327 3319; x_wconf 90' lang='lat' dir='ltr'><strong>libro</strong></span> <span class='ocrx_word' id='word_1_330' title='bbox 1348 3267 1586 3335; x_wconf 87' lang='lat' dir='ltr'><strong>Alpheus</strong></span> <span class='ocrx_word' id='word_1_331' title='bbox 1608 3267 1713 3322; x_wconf 87' lang='lat' dir='ltr'><strong>iste</strong></span> <span class='ocrx_word' id='word_1_332' title='bbox 1766 3269 1922 3332; x_wconf 90' lang='lat' dir='ltr'><strong>nihil,</strong></span> <span class='ocrx_word' id='word_1_333' title='bbox 1951 3280 2211 3339; x_wconf 89' lang='lat' dir='ltr'><strong>quantum</strong></span> <span class='ocrx_word' id='word_1_334' title='bbox 2233 3285 2325 3324; x_wconf 89' lang='lat' dir='ltr'><strong>co-</strong></span> 
     </span>
    </p>
   </div>
   <div class='ocr_carea' id='block_1_50' title="bbox 768 3356 2343 3423">
    <p class='ocr_par' dir='ltr' id='par_1_50' title="bbox 768 3356 2343 3423">
     <span class='ocr_line' id='line_1_50' title="bbox 768 3356 2343 3423; baseline 0.011 -20"><span class='ocrx_word' id='word_1_335' title='bbox 768 3368 1051 3420; x_wconf 82' lang='lat' dir='ltr'><strong>gnoscere</strong></span> <span class='ocrx_word' id='word_1_336' title='bbox 1102 3356 1251 3420; x_wconf 67' lang='lat' dir='ltr'><strong>licru,</strong></span> <span class='ocrx_word' id='word_1_337' title='bbox 1296 3359 1678 3423; x_wconf 90' lang='lat' dir='ltr'><strong>calumniatur,</strong></span> <span class='ocrx_word' id='word_1_338' title='bbox 1712 3361 1963 3417; x_wconf 84' lang='lat' dir='ltr'><strong>abdicare</strong></span> <span class='ocrx_word' id='word_1_339' title='bbox 1993 3364 2343 3420; x_wconf 83' lang='lat' dir='ltr'><strong>nihilominus</strong></span> 
     </span>
    </p>
   </div>
   <div class='ocr_carea' id='block_1_51' title="bbox 770 3450 2334 3522">
    <p class='ocr_par' dir='ltr' id='par_1_51' title="bbox 770 3450 2334 3522">
     <span class='ocr_line' id='line_1_51' title="bbox 770 3450 2334 3522; baseline 0.01 -28"><span class='ocrx_word' id='word_1_340' title='bbox 770 3455 1023 3514; x_wconf 87' lang='lat' dir='ltr'><strong>tanquam</strong></span> <span class='ocrx_word' id='word_1_341' title='bbox 1054 3451 1297 3504; x_wconf 89' lang='lat' dir='ltr'><strong>sentiens</strong></span> <span class='ocrx_word' id='word_1_342' title='bbox 1320 3465 1440 3503; x_wconf 91' lang='lat' dir='ltr'><strong>cum</strong></span> <span class='ocrx_word' id='word_1_343' title='bbox 1471 3450 1768 3522; x_wconf 88' lang='lat' dir='ltr'><strong>Lampetio,</strong></span> <span class='ocrx_word' id='word_1_344' title='bbox 1800 3464 2019 3509; x_wconf 90' lang='lat' dir='ltr'><strong>coactus</strong></span> <span class='ocrx_word' id='word_1_345' title='bbox 2044 3466 2149 3509; x_wconf 87' lang='lat' dir='ltr'><strong>est.</strong></span> <span class='ocrx_word' id='word_1_346' title='bbox 2183 3455 2334 3509; x_wconf 87' lang='lat' dir='ltr'><strong>Alter</strong></span> 
     </span>
    </p>
   </div>
   <div class='ocr_carea' id='block_1_52' title="bbox 767 3535 2345 3609">
    <p class='ocr_par' dir='ltr' id='par_1_52' title="bbox 767 3535 2345 3609">
     <span class='ocr_line' id='line_1_52' title="bbox 767 3535 2345 3609; baseline 0.008 -22"><span class='ocrx_word' id='word_1_347' title='bbox 767 3535 1033 3601; x_wconf 79' lang='lat' dir='ltr'><strong>Alpheus,</strong></span> <span class='ocrx_word' id='word_1_348' title='bbox 1110 3540 1427 3607; x_wconf 67' lang='lat' dir='ltr'><strong>praeceptori</strong></span> <span class='ocrx_word' id='word_1_349' title='bbox 1517 3542 1882 3609; x_wconf 85' lang='lat' dir='ltr'><strong>cognominis,</strong></span> <span class='ocrx_word' id='word_1_350' title='bbox 1968 3560 1995 3596; x_wconf 87' lang='lat' dir='ltr'><strong>a</strong></span> <span class='ocrx_word' id='word_1_351' title='bbox 2054 3544 2345 3600; x_wconf 87' lang='lat' dir='ltr'><strong>Timotheo</strong></span> 
     </span>
    </p>
   </div>
   <div class='ocr_carea' id='block_1_53' title="bbox 768 3625 2347 3699">
    <p class='ocr_par' dir='ltr' id='par_1_53' title="bbox 768 3625 2347 3699">
     <span class='ocr_line' id='line_1_53' title="bbox 768 3625 2347 3699; baseline 0.008 -23"><span class='ocrx_word' id='word_1_352' title='bbox 768 3625 1135 3679; x_wconf 76' lang='lat' dir='ltr'><strong>Alexandrino</strong></span> <span class='ocrx_word' id='word_1_353' title='bbox 1166 3629 1451 3699; x_wconf 81' lang='lat' dir='ltr'><strong>presbyter</strong></span> <span class='ocrx_word' id='word_1_354' title='bbox 1472 3632 1777 3696; x_wconf 84' lang='lat' dir='ltr'><strong>ordinatus,</strong></span> <span class='ocrx_word' id='word_1_355' title='bbox 1809 3634 1877 3689; x_wconf 91' lang='lat' dir='ltr'><strong>ob</strong></span> <span class='ocrx_word' id='word_1_356' title='bbox 1905 3635 2147 3688; x_wconf 84' lang='lat' dir='ltr'><strong>eamdem</strong></span> <span class='ocrx_word' id='word_1_357' title='bbox 2177 3636 2347 3689; x_wconf 78' lang='lat' dir='ltr'><strong>luere-</strong></span> 
     </span>
    </p>
   </div>
   <div class='ocr_carea' id='block_1_54' title="bbox 774 3720 2345 3788">
    <p class='ocr_par' dir='ltr' id='par_1_54' title="bbox 774 3720 2345 3788">
     <span class='ocr_line' id='line_1_54' title="bbox 774 3720 2345 3788; baseline 0.006 -17"><span class='ocrx_word' id='word_1_358' title='bbox 774 3720 877 3771; x_wconf 79' lang='lat' dir='ltr'><strong>sim</strong></span> <span class='ocrx_word' id='word_1_359' title='bbox 926 3721 1296 3786; x_wconf 84' lang='lat' dir='ltr'><strong>submovetur,</strong></span> <span class='ocrx_word' id='word_1_360' title='bbox 1362 3730 1423 3776; x_wconf 88' lang='lat' dir='ltr'><strong>ut</strong></span> <span class='ocrx_word' id='word_1_361' title='bbox 1471 3722 1768 3788; x_wconf 66' lang='lat' dir='ltr'><strong>Ptolomaei,</strong></span> <span class='ocrx_word' id='word_1_362' title='bbox 1840 3725 2345 3780; x_wconf 83' lang='lat' dir='ltr'><strong>Rhinocorurorum</strong></span> 
     </span>
    </p>
   </div>
   <div class='ocr_carea' id='block_1_55' title="bbox 769 3810 2350 3886">
    <p class='ocr_par' dir='ltr' id='par_1_55' title="bbox 769 3810 2350 3886">
     <span class='ocr_line' id='line_1_55' title="bbox 769 3810 2350 3886; baseline 0.008 -26"><span class='ocrx_word' id='word_1_363' title='bbox 769 3826 985 3879; x_wconf 88' lang='lat' dir='ltr'><strong>quoque</strong></span> <span class='ocrx_word' id='word_1_364' title='bbox 1011 3810 1277 3882; x_wconf 87' lang='lat' dir='ltr'><strong>episcopi,</strong></span> <span class='ocrx_word' id='word_1_365' title='bbox 1305 3815 1374 3867; x_wconf 87' lang='lat' dir='ltr'><strong>ad</strong></span> <span class='ocrx_word' id='word_1_366' title='bbox 1395 3816 1645 3869; x_wconf 88' lang='lat' dir='ltr'><strong>eumdem</strong></span> <span class='ocrx_word' id='word_1_367' title='bbox 1670 3815 1845 3886; x_wconf 90' lang='lat' dir='ltr'><strong>ipsum</strong></span> <span class='ocrx_word' id='word_1_368' title='bbox 1887 3814 2230 3872; x_wconf 82' lang='lat' dir='ltr'><strong>Timotheum</strong></span> <span class='ocrx_word' id='word_1_369' title='bbox 2262 3830 2350 3872; x_wconf 87' lang='lat' dir='ltr'><strong>re-</strong></span> 
     </span>
    </p>
   </div>
   <div class='ocr_carea' id='block_1_56' title="bbox 770 3901 1201 3957">
    <p class='ocr_par' dir='ltr' id='par_1_56' title="bbox 770 3901 1201 3957">
     <span class='ocr_line' id='line_1_56' title="bbox 770 3901 1201 3957; baseline 0.009 -4"><span class='ocrx_word' id='word_1_370' title='bbox 770 3901 900 3955; x_wconf 89' lang='lat' dir='ltr'><strong>latio</strong></span> <span class='ocrx_word' id='word_1_371' title='bbox 938 3910 1201 3957; x_wconf 85' lang='lat' dir='ltr'><strong>testatur.</strong></span> 
     </span>
    </p>
   </div>
   <div class='ocr_carea' id='block_1_57' title="bbox 1494 3996 1630 4055">
    <p class='ocr_par' dir='ltr' id='par_1_57' title="bbox 1494 3996 1630 4055">
     <span class='ocr_line' id='line_1_57' title="bbox 1494 3996 1630 4055; baseline 0.022 -3"><span class='ocrx_word' id='word_1_372' title='bbox 1494 3996 1630 4055; x_wconf 89' lang='lat' dir='ltr'><strong>Llll.</strong></span> 
     </span>
    </p>
   </div>
   <div class='ocr_carea' id='block_1_58' title="bbox 772 4080 2334 4157">
    <p class='ocr_par' dir='ltr' id='par_1_58' title="bbox 772 4080 2334 4157">
     <span class='ocr_line' id='line_1_58' title="bbox 772 4080 2334 4157; baseline 0.006 -21"><span class='ocrx_word' id='word_1_373' title='bbox 772 4080 1015 4153; x_wconf 77' lang='lat' dir='ltr'><strong>Synodus</strong></span> <span class='ocrx_word' id='word_1_374' title='bbox 1044 4082 1475 4157; x_wconf 56' lang='lat' dir='ltr'><strong>Carthaginensis</strong></span> <span class='ocrx_word' id='word_1_375' title='bbox 1520 4099 1566 4140; x_wconf 85' lang='grc' dir='ltr'><strong>ει</strong></span> <span class='ocrx_word' id='word_1_376' title='bbox 1599 4086 1808 4157; x_wconf 75' lang='lat' dir='ltr'><strong>Scripta</strong></span> <span class='ocrx_word' id='word_1_377' title='bbox 1856 4091 2097 4155; x_wconf 58' lang='lat' dir='ltr'><strong>quadam</strong></span> <span class='ocrx_word' id='word_1_378' title='bbox 2147 4104 2334 4146; x_wconf 81' lang='lat' dir='ltr'><strong>contra</strong></span> 
     </span>
    </p>
   </div>
   <div class='ocr_carea' id='block_1_59' title="bbox 1145 4153 1981 4227">
    <p class='ocr_par' dir='ltr' id='par_1_59' title="bbox 1145 4153 1981 4227">
     <span class='ocr_line' id='line_1_59' title="bbox 1145 4153 1981 4227; baseline 0.008 -20"><span class='ocrx_word' id='word_1_379' title='bbox 1145 4153 1445 4224; x_wconf 64' lang='lat' dir='ltr'><strong>Pelagium,</strong></span> <span class='ocrx_word' id='word_1_380' title='bbox 1483 4168 1638 4227; x_wconf 79' lang='lat' dir='ltr'><strong>atque</strong></span> <span class='ocrx_word' id='word_1_381' title='bbox 1673 4153 1981 4214; x_wconf 70' lang='lat' dir='ltr'><strong>Gelestium.</strong></span> 
     </span>
    </p>
   </div>
   <div class='ocr_carea' id='block_1_60' title="bbox 840 4244 2345 4321">
    <p class='ocr_par' dir='ltr' id='par_1_60' title="bbox 840 4244 2345 4321">
     <span class='ocr_line' id='line_1_60' title="bbox 840 4244 2345 4321; baseline 0.006 -23"><span class='ocrx_word' id='word_1_382' title='bbox 840 4244 1037 4300; x_wconf 84' lang='lat' dir='ltr'><strong>Lectus</strong></span> <span class='ocrx_word' id='word_1_383' title='bbox 1058 4246 1209 4309; x_wconf 91' lang='lat' dir='ltr'><strong>liber,</strong></span> <span class='ocrx_word' id='word_1_384' title='bbox 1237 4263 1327 4302; x_wconf 90' lang='lat' dir='ltr'><strong>seu</strong></span> <span class='ocrx_word' id='word_1_385' title='bbox 1358 4246 1599 4317; x_wconf 76' lang='lat' dir='ltr'><strong>Syaodus</strong></span> <span class='ocrx_word' id='word_1_386' title='bbox 1617 4252 1866 4305; x_wconf 71' lang='lat' dir='ltr'><strong>adversus</strong></span> <span class='ocrx_word' id='word_1_387' title='bbox 1883 4252 2154 4321; x_wconf 68' lang='lat' dir='ltr'><strong>Pelagium</strong></span> <span class='ocrx_word' id='word_1_388' title='bbox 2171 4264 2219 4306; x_wconf 77' lang='lat' dir='ltr'><strong>et</strong></span> <span class='ocrx_word' id='word_1_389' title='bbox 2238 4253 2345 4307; x_wconf 72' lang='lat' dir='ltr'><strong>Cc-</strong></span> 
     </span>
    </p>
   </div>
   <div class='ocr_carea' id='block_1_61' title="bbox 771 4338 2350 4409">
    <p class='ocr_par' dir='ltr' id='par_1_61' title="bbox 771 4338 2350 4409">
     <span class='ocr_line' id='line_1_61' title="bbox 771 4338 2350 4409; baseline 0.008 -21"><span class='ocrx_word' id='word_1_390' title='bbox 771 4339 956 4391; x_wconf 77' lang='lat' dir='ltr'><strong>lestum</strong></span> <span class='ocrx_word' id='word_1_391' title='bbox 986 4338 1118 4408; x_wconf 88' lang='lat'><strong>(86),</strong></span> <span class='ocrx_word' id='word_1_392' title='bbox 1152 4340 1485 4409; x_wconf 73' lang='lat' dir='ltr'><strong>Carthagine</strong></span> <span class='ocrx_word' id='word_1_393' title='bbox 1531 4345 1583 4395; x_wconf 93' lang='lat' dir='ltr'><strong>in</strong></span> <span class='ocrx_word' id='word_1_394' title='bbox 1614 4358 1821 4397; x_wconf 85' lang='lat' dir='ltr'><strong>summa</strong></span> <span class='ocrx_word' id='word_1_395' title='bbox 1850 4344 1963 4399; x_wconf 70' lang='lat' dir='ltr'><strong>aede</strong></span> <span class='ocrx_word' id='word_1_396' title='bbox 1996 4345 2203 4408; x_wconf 89' lang='lat' dir='ltr'><strong>habita,</strong></span> <span class='ocrx_word' id='word_1_397' title='bbox 2240 4346 2350 4400; x_wconf 87' lang='lat' dir='ltr'><strong>llo-</strong></span> 
     </span>
    </p>
   </div>
   <div class='ocr_carea' id='block_1_62' title="bbox 774 4430 2349 4506">
    <p class='ocr_par' dir='ltr' id='par_1_62' title="bbox 774 4430 2349 4506">
     <span class='ocr_line' id='line_1_62' title="bbox 774 4430 2349 4506; baseline 0.004 -25"><span class='ocrx_word' id='word_1_398' title='bbox 774 4431 927 4484; x_wconf 90' lang='lat' dir='ltr'><strong>norio</strong></span> <span class='ocrx_word' id='word_1_399' title='bbox 942 4430 1118 4486; x_wconf 86' lang='lat' dir='ltr'><strong>Felice</strong></span> <span class='ocrx_word' id='word_1_400' title='bbox 1138 4430 1447 4488; x_wconf 90' lang='lat' dir='ltr'><strong>Occidentis</strong></span> <span class='ocrx_word' id='word_1_401' title='bbox 1469 4432 1681 4502; x_wconf 89' lang='lat' dir='ltr'><strong>imperii</strong></span> <span class='ocrx_word' id='word_1_402' title='bbox 1718 4434 1929 4489; x_wconf 91' lang='lat' dir='ltr'><strong>clavum</strong></span> <span class='ocrx_word' id='word_1_403' title='bbox 1952 4444 2189 4489; x_wconf 90' lang='lat' dir='ltr'><strong>tenente.</strong></span> <span class='ocrx_word' id='word_1_404' title='bbox 2212 4436 2349 4506; x_wconf 59' lang='lat' dir='ltr'><strong>15a</strong></span> 
     </span>
    </p>
   </div>
   <div class='ocr_carea' id='block_1_63' title="bbox 777 4520 2424 4605">
    <p class='ocr_par' dir='ltr' id='par_1_63' title="bbox 777 4520 2424 4605">
     <span class='ocr_line' id='line_1_63' title="bbox 777 4520 2424 4605; baseline 0.007 -32"><span class='ocrx_word' id='word_1_405' title='bbox 777 4520 1037 4578; x_wconf 64' lang='lat' dir='ltr'><strong>Prsesedit</strong></span> <span class='ocrx_word' id='word_1_406' title='bbox 1089 4526 1140 4578; x_wconf 91' lang='lat' dir='ltr'><strong>in</strong></span> <span class='ocrx_word' id='word_1_407' title='bbox 1198 4540 1259 4579; x_wconf 88' lang='lat' dir='ltr'><strong>ea</strong></span> <span class='ocrx_word' id='word_1_408' title='bbox 1310 4525 1561 4579; x_wconf 87' lang='lat' dir='ltr'><strong>Aurelius</strong></span> <span class='ocrx_word' id='word_1_409' title='bbox 1616 4528 1925 4595; x_wconf 89' lang='lat' dir='ltr'><strong>episcopus,</strong></span> <span class='ocrx_word' id='word_1_410' title='bbox 1987 4537 2041 4582; x_wconf 88' lang='lat' dir='ltr'><strong>et</strong></span> <span class='ocrx_word' id='word_1_411' title='bbox 2092 4528 2349 4583; x_wconf 88' lang='lat' dir='ltr'><strong>Dotianns</strong></span> <span class='ocrx_word' id='word_1_412' title='bbox 2384 4553 2424 4605; x_wconf 79' lang='grc' dir='ltr'><strong>ι)</strong></span> 
     </span>
    </p>
   </div>
   <div class='ocr_carea' id='block_1_64' title="bbox 774 4614 2350 4685">
    <p class='ocr_par' dir='ltr' id='par_1_64' title="bbox 774 4614 2350 4685">
     <span class='ocr_line' id='line_1_64' title="bbox 774 4614 2350 4685; baseline 0.001 -16"><span class='ocrx_word' id='word_1_413' title='bbox 774 4614 1027 4669; x_wconf 86' lang='lat' dir='ltr'><strong>Ptentesii</strong></span> <span class='ocrx_word' id='word_1_414' title='bbox 1068 4617 1253 4684; x_wconf 57' lang='lat' dir='ltr'><strong>prima!</strong></span> <span class='ocrx_word' id='word_1_415' title='bbox 1285 4618 1429 4671; x_wconf 86' lang='lat' dir='ltr'><strong>sedis</strong></span> <span class='ocrx_word' id='word_1_416' title='bbox 1460 4615 1762 4685; x_wconf 72' lang='lat' dir='ltr'><strong>Byzacenz</strong></span> <span class='ocrx_word' id='word_1_417' title='bbox 1784 4618 2075 4684; x_wconf 73' lang='lat' dir='ltr'><strong>provincia:</strong></span> <span class='ocrx_word' id='word_1_418' title='bbox 2102 4634 2115 4669; x_wconf 90' lang='lat'>:</span> <span class='ocrx_word' id='word_1_419' title='bbox 2155 4618 2350 4683; x_wconf 88' lang='lat' dir='ltr'><strong>quibus</strong></span> 
     </span>
    </p>
   </div>
   <div class='ocr_carea' id='block_1_65' title="bbox 780 4704 2350 4779">
    <p class='ocr_par' dir='ltr' id='par_1_65' title="bbox 780 4704 2350 4779">
     <span class='ocr_line' id='line_1_65' title="bbox 780 4704 2350 4779; baseline 0.005 -23"><span class='ocrx_word' id='word_1_420' title='bbox 780 4704 1069 4758; x_wconf 85' lang='lat' dir='ltr'><strong>adfuerunt</strong></span> <span class='ocrx_word' id='word_1_421' title='bbox 1098 4707 1265 4761; x_wconf 85' lang='lat' dir='ltr'><strong>variis</strong></span> <span class='ocrx_word' id='word_1_422' title='bbox 1300 4722 1330 4762; x_wconf 90' lang='lat' dir='ltr'><strong>e</strong></span> <span class='ocrx_word' id='word_1_423' title='bbox 1363 4708 1661 4777; x_wconf 85' lang='lat' dir='ltr'><strong>provinciis</strong></span> <span class='ocrx_word' id='word_1_424' title='bbox 1692 4709 1999 4764; x_wconf 89' lang='lat' dir='ltr'><strong>sacerdotio</strong></span> <span class='ocrx_word' id='word_1_425' title='bbox 2032 4718 2350 4779; x_wconf 66' lang='lat' dir='ltr'><strong>prastantes</strong></span> 
     </span>
    </p>
   </div>
   <div class='ocr_carea' id='block_1_66' title="bbox 773 4795 1971 4869">
    <p class='ocr_par' dir='ltr' id='par_1_66' title="bbox 773 4795 1971 4869">
     <span class='ocr_line' id='line_1_66' title="bbox 773 4795 1971 4869; baseline 0.008 -24"><span class='ocrx_word' id='word_1_426' title='bbox 773 4795 900 4858; x_wconf 84' lang='lat' dir='ltr'><strong>viri,</strong></span> <span class='ocrx_word' id='word_1_427' title='bbox 931 4810 1155 4849; x_wconf 87' lang='lat' dir='ltr'><strong>numero</strong></span> <span class='ocrx_word' id='word_1_428' title='bbox 1181 4798 1397 4851; x_wconf 89' lang='lat' dir='ltr'><strong>ducenti</strong></span> <span class='ocrx_word' id='word_1_429' title='bbox 1420 4807 1655 4865; x_wconf 88' lang='lat' dir='ltr'><strong>quatuor</strong></span> <span class='ocrx_word' id='word_1_430' title='bbox 1676 4810 1731 4853; x_wconf 84' lang='lat' dir='ltr'><strong>et</strong></span> <span class='ocrx_word' id='word_1_431' title='bbox 1758 4799 1971 4869; x_wconf 82' lang='lat' dir='ltr'><strong>viginti.</strong></span> 
     </span>
    </p>
   </div>
   <div class='ocr_carea' id='block_1_67' title="bbox 848 4887 2350 4960">
    <p class='ocr_par' dir='ltr' id='par_1_67' title="bbox 848 4887 2350 4960">
     <span class='ocr_line' id='line_1_67' title="bbox 848 4887 2350 4960; baseline 0.004 -21"><span class='ocrx_word' id='word_1_432' title='bbox 848 4887 1075 4939; x_wconf 88' lang='lat' dir='ltr'><strong>Damnat</strong></span> <span class='ocrx_word' id='word_1_433' title='bbox 1113 4887 1226 4941; x_wconf 71' lang='lat' dir='ltr'><strong>haec</strong></span> <span class='ocrx_word' id='word_1_434' title='bbox 1259 4889 1498 4959; x_wconf 86' lang='lat' dir='ltr'><strong>synodus</strong></span> <span class='ocrx_word' id='word_1_435' title='bbox 1522 4890 1870 4945; x_wconf 88' lang='lat' dir='ltr'><strong>anathemate</strong></span> <span class='ocrx_word' id='word_1_436' title='bbox 1913 4904 2030 4955; x_wconf 85' lang='lat' dir='ltr'><strong>eos,</strong></span> <span class='ocrx_word' id='word_1_437' title='bbox 2085 4891 2350 4960; x_wconf 85' lang='lat' dir='ltr'><strong>quiasse-</strong></span> 
     </span>
    </p>
   </div>
   <div class='ocr_carea' id='block_1_68' title="bbox 774 4977 2347 5047">
    <p class='ocr_par' dir='ltr' id='par_1_68' title="bbox 774 4977 2347 5047">
     <span class='ocr_line' id='line_1_68' title="bbox 774 4977 2347 5047; baseline 0.004 -19"><span class='ocrx_word' id='word_1_438' title='bbox 774 4985 956 5030; x_wconf 83' lang='lat' dir='ltr'><strong>rercnt</strong></span> <span class='ocrx_word' id='word_1_439' title='bbox 989 4977 1100 5046; x_wconf 87' lang='lat'><strong>(87)</strong></span> <span class='ocrx_word' id='word_1_440' title='bbox 1140 4978 1406 5033; x_wconf 86' lang='lat' dir='ltr'><strong>Adamum</strong></span> <span class='ocrx_word' id='word_1_441' title='bbox 1436 4981 1719 5035; x_wconf 88' lang='lat' dir='ltr'><strong>mortalem</strong></span> <span class='ocrx_word' id='word_1_442' title='bbox 1746 4996 1865 5037; x_wconf 86' lang='lat' dir='ltr'><strong>esse</strong></span> <span class='ocrx_word' id='word_1_443' title='bbox 1893 4982 2192 5047; x_wconf 91' lang='lat' dir='ltr'><strong>conditum,</strong></span> <span class='ocrx_word' id='word_1_444' title='bbox 2241 4997 2347 5035; x_wconf 89' lang='lat' dir='ltr'><strong>non</strong></span> 
     </span>
    </p>
   </div>
   <div class='ocr_carea' id='block_1_69' title="bbox 775 5072 2350 5141">
    <p class='ocr_par' dir='ltr' id='par_1_69' title="bbox 775 5072 2350 5141">
     <span class='ocr_line' id='line_1_69' title="bbox 775 5072 2350 5141; baseline 0.004 -20"><span class='ocrx_word' id='word_1_445' title='bbox 775 5081 951 5124; x_wconf 79' lang='lat' dir='ltr'><strong>nuth</strong></span> <span class='ocrx_word' id='word_1_446' title='bbox 986 5072 1446 5141; x_wconf 66' lang='lat' dir='ltr'><strong>praevaricationis</strong></span> <span class='ocrx_word' id='word_1_447' title='bbox 1481 5088 1669 5139; x_wconf 82' lang='lat' dir='ltr'><strong>causa,</strong></span> <span class='ocrx_word' id='word_1_448' title='bbox 1707 5084 1881 5130; x_wconf 89' lang='lat' dir='ltr'><strong>morte</strong></span> <span class='ocrx_word' id='word_1_449' title='bbox 1920 5074 2225 5129; x_wconf 89' lang='lat' dir='ltr'><strong>multatum.</strong></span> <span class='ocrx_word' id='word_1_450' title='bbox 2262 5074 2350 5129; x_wconf 85' lang='lat' dir='ltr'><strong>Si-</strong></span> 
     </span>
    </p>
   </div>
   <div class='ocr_carea' id='block_1_70' title="bbox 776 5162 2347 5235">
    <p class='ocr_par' dir='ltr' id='par_1_70' title="bbox 776 5162 2347 5235">
     <span class='ocr_line' id='line_1_70' title="bbox 776 5162 2347 5235; baseline 0.004 -20"><span class='ocrx_word' id='word_1_451' title='bbox 776 5162 973 5217; x_wconf 86' lang='lat' dir='ltr'><strong>militer</strong></span> <span class='ocrx_word' id='word_1_452' title='bbox 1003 5173 1059 5217; x_wconf 90' lang='lat' dir='ltr'><strong>et</strong></span> <span class='ocrx_word' id='word_1_453' title='bbox 1087 5178 1182 5219; x_wconf 87' lang='lat' dir='ltr'><strong>eos</strong></span> <span class='ocrx_word' id='word_1_454' title='bbox 1224 5164 1315 5234; x_wconf 92' lang='lat' dir='ltr'><strong>qui</strong></span> <span class='ocrx_word' id='word_1_455' title='bbox 1349 5179 1538 5221; x_wconf 87' lang='lat' dir='ltr'><strong>recens</strong></span> <span class='ocrx_word' id='word_1_456' title='bbox 1575 5178 1732 5222; x_wconf 89' lang='lat' dir='ltr'><strong>natos</strong></span> <span class='ocrx_word' id='word_1_457' title='bbox 1776 5166 2011 5223; x_wconf 86' lang='lat' dir='ltr'><strong>infantes</strong></span> <span class='ocrx_word' id='word_1_458' title='bbox 2040 5166 2347 5235; x_wconf 87' lang='lat' dir='ltr'><strong>&#39;haptismo</strong></span> 
     </span>
    </p>
   </div>
   <div class='ocr_carea' id='block_1_71' title="bbox 2432 1983 4009 2057">
    <p class='ocr_par' dir='ltr' id='par_1_71' title="bbox 2432 1983 4009 2057">
     <span class='ocr_line' id='line_1_71' title="bbox 2432 1983 4009 2057; baseline -0.003 -16"><span class='ocrx_word' id='word_1_459' title='bbox 2432 1988 2638 2052; x_wconf 78' lang='grc' dir='ltr'><strong>ζοντος,</strong></span> <span class='ocrx_word' id='word_1_460' title='bbox 2660 1987 2725 2039; x_wconf 85' lang='grc' dir='ltr'><strong>Γε</strong></span> <span class='ocrx_word' id='word_1_461' title='bbox 2735 1986 2945 2057; x_wconf 84' lang='grc' dir='ltr'><strong>ροντίου</strong></span> <span class='ocrx_word' id='word_1_462' title='bbox 2961 1986 3019 2039; x_wconf 80' lang='grc' dir='ltr'><strong>δέ</strong></span> <span class='ocrx_word' id='word_1_463' title='bbox 3034 1985 3129 2039; x_wconf 79' lang='grc' dir='ltr'><strong>τοῦ</strong></span> <span class='ocrx_word' id='word_1_464' title='bbox 3154 1985 3528 2057; x_wconf 84' lang='grc' dir='ltr'><strong>πρεσϐυτέρου</strong></span> <span class='ocrx_word' id='word_1_465' title='bbox 3549 1983 4009 2055; x_wconf 76' lang='grc' dir='ltr'><strong>κατηγοροῦντος,</strong></span> 
     </span>
    </p>
   </div>
   <div class='ocr_carea' id='block_1_72' title="bbox 2432 2075 4013 2149">
    <p class='ocr_par' dir='ltr' id='par_1_72' title="bbox 2432 2075 4013 2149">
     <span class='ocr_line' id='line_1_72' title="bbox 2432 2075 4013 2149; baseline -0.002 -18"><span class='ocrx_word' id='word_1_466' title='bbox 2432 2079 2527 2131; x_wconf 78' lang='grc' dir='ltr'><strong>καὶ</strong></span> <span class='ocrx_word' id='word_1_467' title='bbox 2557 2078 2624 2131; x_wconf 84' lang='grc' dir='ltr'><strong>τά</strong></span> <span class='ocrx_word' id='word_1_468' title='bbox 2662 2077 2761 2146; x_wconf 80' lang='grc' dir='ltr'><strong>μέν</strong></span> <span class='ocrx_word' id='word_1_469' title='bbox 2787 2077 2875 2131; x_wconf 84' lang='grc' dir='ltr'><strong>διὰ</strong></span> <span class='ocrx_word' id='word_1_470' title='bbox 2907 2076 3199 2149; x_wconf 85' lang='grc' dir='ltr'><strong>μαρτύρων</strong></span> <span class='ocrx_word' id='word_1_471' title='bbox 3242 2075 3599 2147; x_wconf 76' lang='grc' dir='ltr'><strong>ἐξελεγχθεὶς,</strong></span> <span class='ocrx_word' id='word_1_472' title='bbox 3632 2078 3701 2130; x_wconf 73' lang='grc' dir='ltr'><strong>τὰ</strong></span> <span class='ocrx_word' id='word_1_473' title='bbox 3739 2076 3797 2130; x_wconf 83' lang='grc' dir='ltr'><strong>δέ</strong></span> <span class='ocrx_word' id='word_1_474' title='bbox 3820 2075 3898 2146; x_wconf 80' lang='grc' dir='ltr'><strong>τῷ</strong></span> <span class='ocrx_word' id='word_1_475' title='bbox 3923 2079 4013 2129; x_wconf 77' lang='lat' dir='ltr'><strong>ol-</strong></span> 
     </span>
    </p>
   </div>
   <div class='ocr_carea' id='block_1_73' title="bbox 2433 2169 4016 2242">
    <p class='ocr_par' dir='ltr' id='par_1_73' title="bbox 2433 2169 4016 2242">
     <span class='ocr_line' id='line_1_73' title="bbox 2433 2169 4016 2242; baseline 0.001 -20"><span class='ocrx_word' id='word_1_476' title='bbox 2433 2170 2563 2240; x_wconf 86' lang='grc' dir='ltr'><strong>κείῳ</strong></span> <span class='ocrx_word' id='word_1_477' title='bbox 2592 2170 2827 2239; x_wconf 86' lang='grc' dir='ltr'><strong>στόματι</strong></span> <span class='ocrx_word' id='word_1_478' title='bbox 2852 2170 3203 2242; x_wconf 77' lang='grc' dir='ltr'><strong>περιπαρεὶς,</strong></span> <span class='ocrx_word' id='word_1_479' title='bbox 3234 2171 3473 2233; x_wconf 90' lang='grc' dir='ltr'><strong>άπάσαις</strong></span> <span class='ocrx_word' id='word_1_480' title='bbox 3497 2169 3698 2240; x_wconf 77' lang='grc' dir='ltr'><strong>ψήφοις</strong></span> <span class='ocrx_word' id='word_1_481' title='bbox 3721 2169 3821 2239; x_wconf 83' lang='grc' dir='ltr'><strong>τῆς</strong></span> <span class='ocrx_word' id='word_1_482' title='bbox 3851 2172 4016 2235; x_wconf 78' lang='grc' dir='ltr'><strong>ἱερω-</strong></span> 
     </span>
    </p>
   </div>
   <div class='ocr_carea' id='block_1_74' title="bbox 2436 2261 4015 2333">
    <p class='ocr_par' dir='ltr' id='par_1_74' title="bbox 2436 2261 4015 2333">
     <span class='ocr_line' id='line_1_74' title="bbox 2436 2261 4015 2333; baseline 0.001 -19"><span class='ocrx_word' id='word_1_483' title='bbox 2436 2261 2601 2333; x_wconf 89' lang='grc' dir='ltr'><strong>σύνης</strong></span> <span class='ocrx_word' id='word_1_484' title='bbox 2642 2261 2971 2332; x_wconf 78' lang='grc' dir='ltr'><strong>καθῄρηται,</strong></span> <span class='ocrx_word' id='word_1_485' title='bbox 3023 2264 3315 2333; x_wconf 72' lang='grc' dir='ltr'><strong>συμψήφου</strong></span> <span class='ocrx_word' id='word_1_486' title='bbox 3364 2264 3730 2332; x_wconf 70' lang='grc' dir='ltr'><strong>γεγενημένου</strong></span> <span class='ocrx_word' id='word_1_487' title='bbox 3776 2262 3871 2316; x_wconf 78' lang='grc' dir='ltr'><strong>καὶ</strong></span> <span class='ocrx_word' id='word_1_488' title='bbox 3910 2264 4015 2315; x_wconf 73' lang='grc' dir='ltr'><strong>τοῦ</strong></span> 
     </span>
    </p>
   </div>
   <div class='ocr_carea' id='block_1_75' title="bbox 2435 2354 4017 2424">
    <p class='ocr_par' dir='ltr' id='par_1_75' title="bbox 2435 2354 4017 2424">
     <span class='ocr_line' id='line_1_75' title="bbox 2435 2354 4017 2424; baseline 0 -16"><span class='ocrx_word' id='word_1_489' title='bbox 2435 2354 2773 2424; x_wconf 72' lang='grc' dir='ltr'><strong>Καισαρείας</strong></span> <span class='ocrx_word' id='word_1_490' title='bbox 2812 2354 3091 2419; x_wconf 82' lang='grc' dir='ltr'><strong>Ἀλυπίου,</strong></span> <span class='ocrx_word' id='word_1_491' title='bbox 3139 2355 3198 2420; x_wconf 86' lang='grc' dir='ltr'><strong>δς</strong></span> <span class='ocrx_word' id='word_1_492' title='bbox 3247 2356 3465 2409; x_wconf 80' lang='grc' dir='ltr'><strong>καὶτὸν</strong></span> <span class='ocrx_word' id='word_1_493' title='bbox 3517 2356 3751 2409; x_wconf 76' lang='grc' dir='ltr'><strong>δείλαιον</strong></span> <span class='ocrx_word' id='word_1_494' title='bbox 3800 2356 4017 2408; x_wconf 83' lang='grc' dir='ltr'><strong>ἐκεῖνον</strong></span> 
     </span>
    </p>
   </div>
   <div class='ocr_carea' id='block_1_76' title="bbox 2435 2445 4019 2520">
    <p class='ocr_par' dir='ltr' id='par_1_76' title="bbox 2435 2445 4019 2520">
     <span class='ocr_line' id='line_1_76' title="bbox 2435 2445 4019 2520; baseline 0.003 -23"><span class='ocrx_word' id='word_1_495' title='bbox 2435 2445 2801 2517; x_wconf 75' lang='grc' dir='ltr'><strong>ἐξαπατηθεὶς</strong></span> <span class='ocrx_word' id='word_1_496' title='bbox 2856 2448 2937 2510; x_wconf 89' lang='grc' dir='ltr'><strong>είς</strong></span> <span class='ocrx_word' id='word_1_497' title='bbox 2982 2448 3075 2500; x_wconf 80' lang='grc' dir='ltr'><strong>τὸν</strong></span> <span class='ocrx_word' id='word_1_498' title='bbox 3120 2446 3219 2501; x_wconf 82' lang='grc' dir='ltr'><strong>τοῦ</strong></span> <span class='ocrx_word' id='word_1_499' title='bbox 3277 2448 3674 2520; x_wconf 89' lang='grc' dir='ltr'><strong>πρεσϐυτερίου</strong></span> <span class='ocrx_word' id='word_1_500' title='bbox 3708 2449 3754 2481; x_wconf 77' lang='grc'><strong>⁸⁸</strong></span> <span class='ocrx_word' id='word_1_501' title='bbox 3807 2448 4019 2519; x_wconf 79' lang='grc' dir='ltr'><strong>βαθμὸν</strong></span> 
     </span>
    </p>
   </div>
   <div class='ocr_carea' id='block_1_77' title="bbox 2435 2532 4021 2611">
    <p class='ocr_par' dir='ltr' id='par_1_77' title="bbox 2435 2532 4021 2611">
     <span class='ocr_line' id='line_1_77' title="bbox 2435 2532 4021 2611; baseline 0.002 -22"><span class='ocrx_word' id='word_1_502' title='bbox 2435 2537 2697 2606; x_wconf 85' lang='grc' dir='ltr'><strong>ἐτύγχανε</strong></span> <span class='ocrx_word' id='word_1_503' title='bbox 2746 2536 3147 2608; x_wconf 86' lang='grc' dir='ltr'><strong>προενηνοχὼς.</strong></span> <span class='ocrx_word' id='word_1_504' title='bbox 3193 2532 3362 2603; x_wconf 73' lang='grc' dir='ltr'><strong>Οὗτος</strong></span> <span class='ocrx_word' id='word_1_505' title='bbox 3418 2539 3475 2592; x_wconf 75' lang='grc' dir='ltr'><strong>δὲ</strong></span> <span class='ocrx_word' id='word_1_506' title='bbox 3522 2541 3552 2594; x_wconf 89' lang='grc' dir='ltr'><strong>ό</strong></span> <span class='ocrx_word' id='word_1_507' title='bbox 3603 2540 4021 2611; x_wconf 85' lang='grc' dir='ltr'><strong>τρισαλιτήριος</strong></span> 
     </span>
    </p>
   </div>
   <div class='ocr_carea' id='block_1_78' title="bbox 2436 2626 4023 2695">
    <p class='ocr_par' dir='ltr' id='par_1_78' title="bbox 2436 2626 4023 2695">
     <span class='ocr_line' id='line_1_78' title="bbox 2436 2626 4023 2695; baseline 0 -16"><span class='ocrx_word' id='word_1_508' title='bbox 2436 2627 2748 2695; x_wconf 87' lang='grc' dir='ltr'><strong>Λαμπέτιος</strong></span> <span class='ocrx_word' id='word_1_509' title='bbox 2779 2627 2875 2679; x_wconf 72' lang='grc' dir='ltr'><strong>καὶ</strong></span> <span class='ocrx_word' id='word_1_510' title='bbox 2908 2628 3068 2695; x_wconf 85' lang='grc' dir='ltr'><strong>λόγον</strong></span> <span class='ocrx_word' id='word_1_511' title='bbox 3094 2627 3219 2680; x_wconf 75' lang='grc' dir='ltr'><strong>τινὰ</strong></span> <span class='ocrx_word' id='word_1_512' title='bbox 3249 2627 3567 2695; x_wconf 74' lang='grc' dir='ltr'><strong>συνέθηκεν,</strong></span> <span class='ocrx_word' id='word_1_513' title='bbox 3587 2626 3646 2679; x_wconf 88' lang='grc' dir='ltr'><strong>ὃν</strong></span> <span class='ocrx_word' id='word_1_514' title='bbox 3677 2626 3770 2679; x_wconf 77' lang='grc' dir='ltr'><strong>καὶ</strong></span> <span class='ocrx_word' id='word_1_515' title='bbox 3804 2626 4023 2691; x_wconf 70' lang='grc' dir='ltr'><strong>Διαθῆ-</strong></span> 
     </span>
    </p>
   </div>
   <div class='ocr_carea' id='block_1_79' title="bbox 2439 2712 4023 2790">
    <p class='ocr_par' dir='ltr' id='par_1_79' title="bbox 2439 2712 4023 2790">
     <span class='ocr_line' id='line_1_79' title="bbox 2439 2712 4023 2790; baseline -0.001 -19"><span class='ocrx_word' id='word_1_516' title='bbox 2439 2736 2559 2786; x_wconf 81' lang='grc' dir='ltr'><strong>κην</strong></span> <span class='ocrx_word' id='word_1_517' title='bbox 2592 2719 2951 2783; x_wconf 88' lang='grc' dir='ltr'><strong>ἐπεκάλεσεν,</strong></span> <span class='ocrx_word' id='word_1_518' title='bbox 2984 2712 3098 2790; x_wconf 78' lang='grc' dir='ltr'><strong>ἐνῇ</strong></span> <span class='ocrx_word' id='word_1_519' title='bbox 3128 2719 3220 2771; x_wconf 87' lang='grc' dir='ltr'><strong>καί</strong></span> <span class='ocrx_word' id='word_1_520' title='bbox 3247 2720 3424 2771; x_wconf 65' lang='lat' dir='ltr'><strong>uva&quot;</strong></span> <span class='ocrx_word' id='word_1_521' title='bbox 3452 2720 3551 2788; x_wconf 84' lang='grc' dir='ltr'><strong>τῆς</strong></span> <span class='ocrx_word' id='word_1_522' title='bbox 3578 2716 3896 2779; x_wconf 91' lang='grc' dir='ltr'><strong>δυσσεϐείας</strong></span> <span class='ocrx_word' id='word_1_523' title='bbox 3920 2717 4023 2770; x_wconf 77' lang='grc' dir='ltr'><strong>αὑ-</strong></span> 
     </span>
    </p>
   </div>
   <div class='ocr_carea' id='block_1_80' title="bbox 2437 2811 4024 2882">
    <p class='ocr_par' dir='ltr' id='par_1_80' title="bbox 2437 2811 4024 2882">
     <span class='ocr_line' id='line_1_80' title="bbox 2437 2811 4024 2882; baseline -0.002 -16"><span class='ocrx_word' id='word_1_524' title='bbox 2437 2812 2531 2866; x_wconf 80' lang='grc' dir='ltr'><strong>τοῦ</strong></span> <span class='ocrx_word' id='word_1_525' title='bbox 2555 2812 2884 2882; x_wconf 86' lang='grc' dir='ltr'><strong>ἐνέσπαρται</strong></span> <span class='ocrx_word' id='word_1_526' title='bbox 2904 2829 2919 2844; x_wconf 71' lang='grc' dir='ltr'><strong><em>ο</em></strong></span> <span class='ocrx_word' id='word_1_527' title='bbox 2946 2813 3013 2882; x_wconf 82' lang='grc' dir='ltr'><strong>ήν</strong></span> <span class='ocrx_word' id='word_1_528' title='bbox 3041 2813 3136 2865; x_wconf 72' lang='grc' dir='ltr'><strong>καὶ</strong></span> <span class='ocrx_word' id='word_1_529' title='bbox 3160 2811 3398 2882; x_wconf 84' lang='grc' dir='ltr'><strong>Σεϐἧρος</strong></span> <span class='ocrx_word' id='word_1_530' title='bbox 3419 2813 3464 2844; x_wconf 79' lang='grc'><strong>⁸⁸</strong></span> <span class='ocrx_word' id='word_1_531' title='bbox 3494 2814 3522 2865; x_wconf 89' lang='grc' dir='ltr'><strong>ό</strong></span> <span class='ocrx_word' id='word_1_532' title='bbox 3554 2813 3646 2865; x_wconf 85' lang='grc' dir='ltr'><strong>τδν</strong></span> <span class='ocrx_word' id='word_1_533' title='bbox 3686 2811 4024 2881; x_wconf 73' lang='grc' dir='ltr'><strong>Ἀντιοχικὸν</strong></span> 
     </span>
    </p>
   </div>
   <div class='ocr_carea' id='block_1_81' title="bbox 2440 2902 4022 2974">
    <p class='ocr_par' dir='ltr' id='par_1_81' title="bbox 2440 2902 4022 2974">
     <span class='ocr_line' id='line_1_81' title="bbox 2440 2902 4022 2974; baseline 0.001 -19"><span class='ocrx_word' id='word_1_534' title='bbox 2440 2903 2629 2972; x_wconf 86' lang='grc' dir='ltr'><strong>θρόνον</strong></span> <span class='ocrx_word' id='word_1_535' title='bbox 2657 2903 2936 2967; x_wconf 57' lang='lat' dir='ltr'><strong>amasse,</strong></span> <span class='ocrx_word' id='word_1_536' title='bbox 2966 2904 3047 2957; x_wconf 69' lang='grc' dir='ltr'><strong>ἔτι</strong></span> <span class='ocrx_word' id='word_1_537' title='bbox 3092 2902 3481 2974; x_wconf 88' lang='grc' dir='ltr'><strong>πρεσϐυτέρων</strong></span> <span class='ocrx_word' id='word_1_538' title='bbox 3520 2904 3731 2974; x_wconf 86' lang='grc' dir='ltr'><strong>ἐπέχων</strong></span> <span class='ocrx_word' id='word_1_539' title='bbox 3762 2904 3918 2968; x_wconf 82' lang='grc' dir='ltr'><strong>τάξιν</strong></span> <span class='ocrx_word' id='word_1_540' title='bbox 3946 2903 4022 2965; x_wconf 82' lang='grc'><strong>⁸⁸,</strong></span> 
     </span>
    </p>
   </div>
   <div class='ocr_carea' id='block_1_82' title="bbox 2439 2975 4027 3064">
    <p class='ocr_par' dir='ltr' id='par_1_82' title="bbox 2439 2975 4027 3064">
     <span class='ocr_line' id='line_1_82' title="bbox 2439 2975 4027 3064; baseline 0.001 -18"><span class='ocrx_word' id='word_1_541' title='bbox 2439 2994 3049 3064; x_wconf 45' lang='grc' dir='ltr'><strong>άνέτρεψεν.“Αλφειδς</strong></span> <span class='ocrx_word' id='word_1_542' title='bbox 3082 2996 3129 3027; x_wconf 74' lang='grc'>⁸⁸</span> <span class='ocrx_word' id='word_1_543' title='bbox 3161 2975 3343 3063; x_wconf 66' lang='grc' dir='ltr'><strong>μέντοι</strong></span> <span class='ocrx_word' id='word_1_544' title='bbox 3382 3013 3466 3059; x_wconf 90' lang='grc' dir='ltr'><strong>τις</strong></span> <span class='ocrx_word' id='word_1_545' title='bbox 3504 2996 3801 3059; x_wconf 74' lang='grc' dir='ltr'><strong>ἐπίσκοπος</strong></span> <span class='ocrx_word' id='word_1_546' title='bbox 3842 2995 4027 3048; x_wconf 82' lang='grc' dir='ltr'><strong>Ῥινο-</strong></span> 
     </span>
    </p>
   </div>
   <div class='ocr_carea' id='block_1_83' title="bbox 2440 3085 4025 3157">
    <p class='ocr_par' dir='ltr' id='par_1_83' title="bbox 2440 3085 4025 3157">
     <span class='ocr_line' id='line_1_83' title="bbox 2440 3085 4025 3157; baseline -0.001 -19"><span class='ocrx_word' id='word_1_547' title='bbox 2440 3087 2723 3155; x_wconf 87' lang='grc' dir='ltr'><strong>κορούρων</strong></span> <span class='ocrx_word' id='word_1_548' title='bbox 2752 3086 2797 3118; x_wconf 84' lang='grc'><strong>⁸⁸</strong></span> <span class='ocrx_word' id='word_1_549' title='bbox 2830 3086 3322 3157; x_wconf 77' lang='grc' dir='ltr'><strong>ὑπεραπολογεῖται</strong></span> <span class='ocrx_word' id='word_1_550' title='bbox 3372 3087 3687 3156; x_wconf 83' lang='grc' dir='ltr'><strong>Λαμπετίου</strong></span> <span class='ocrx_word' id='word_1_551' title='bbox 3719 3087 3796 3147; x_wconf 87' lang='grc' dir='ltr'><strong>ὠς</strong></span> <span class='ocrx_word' id='word_1_552' title='bbox 3848 3085 4025 3155; x_wconf 77' lang='grc' dir='ltr'><strong>μηδὲν</strong></span> 
     </span>
    </p>
   </div>
   <div class='ocr_carea' id='block_1_84' title="bbox 2441 3170 4027 3247">
    <p class='ocr_par' dir='ltr' id='par_1_84' title="bbox 2441 3170 4027 3247">
     <span class='ocr_line' id='line_1_84' title="bbox 2441 3170 4027 3247; baseline 0.001 -17"><span class='ocrx_word' id='word_1_553' title='bbox 2441 3170 2516 3230; x_wconf 86' lang='grc' dir='ltr'><strong>ὧν</strong></span> <span class='ocrx_word' id='word_1_554' title='bbox 2546 3176 2806 3247; x_wconf 82' lang='grc' dir='ltr'><strong>ἐνεκλήθη</strong></span> <span class='ocrx_word' id='word_1_555' title='bbox 2836 3177 2870 3246; x_wconf 82' lang='grc' dir='ltr'><strong>ή</strong></span> <span class='ocrx_word' id='word_1_556' title='bbox 2907 3176 3209 3247; x_wconf 76' lang='grc' dir='ltr'><strong>είπόντοςή</strong></span> <span class='ocrx_word' id='word_1_557' title='bbox 3240 3178 3570 3245; x_wconf 87' lang='grc' dir='ltr'><strong>ποιήσαντος</strong></span> <span class='ocrx_word' id='word_1_558' title='bbox 3589 3189 3604 3205; x_wconf 85' lang='grc'>⁶</span> <span class='ocrx_word' id='word_1_559' title='bbox 3644 3177 3937 3244; x_wconf 86' lang='grc' dir='ltr'><strong>ἐκθέμενος</strong></span> <span class='ocrx_word' id='word_1_560' title='bbox 3962 3176 4027 3232; x_wconf 76' lang='grc' dir='ltr'><strong>εδ</strong></span> 
     </span>
    </p>
   </div>
   <div class='ocr_carea' id='block_1_85' title="bbox 2445 3266 4023 3336">
    <p class='ocr_par' dir='ltr' id='par_1_85' title="bbox 2445 3266 4023 3336">
     <span class='ocr_line' id='line_1_85' title="bbox 2445 3266 4023 3336; baseline -0.001 -17"><span class='ocrx_word' id='word_1_561' title='bbox 2445 3268 2541 3320; x_wconf 76' lang='grc' dir='ltr'><strong>καὶ</strong></span> <span class='ocrx_word' id='word_1_562' title='bbox 2568 3268 2726 3336; x_wconf 89' lang='grc' dir='ltr'><strong>λόγον</strong></span> <span class='ocrx_word' id='word_1_563' title='bbox 2768 3268 2891 3320; x_wconf 85' lang='grc' dir='ltr'><strong>τινὰ</strong></span> <span class='ocrx_word' id='word_1_564' title='bbox 2916 3268 3069 3321; x_wconf 81' lang='grc' dir='ltr'><strong>ούδέν</strong></span> <span class='ocrx_word' id='word_1_565' title='bbox 3116 3269 3176 3321; x_wconf 86' lang='grc' dir='ltr'><strong>ἐν</strong></span> <span class='ocrx_word' id='word_1_566' title='bbox 3214 3266 3388 3336; x_wconf 85' lang='grc' dir='ltr'><strong>αὐτῷ,</strong></span> <span class='ocrx_word' id='word_1_567' title='bbox 3422 3268 3548 3320; x_wconf 86' lang='grc' dir='ltr'><strong>ὅσον</strong></span> <span class='ocrx_word' id='word_1_568' title='bbox 3600 3266 3714 3320; x_wconf 80' lang='grc' dir='ltr'><strong>ἐστι</strong></span> <span class='ocrx_word' id='word_1_569' title='bbox 3763 3267 4023 3334; x_wconf 76' lang='grc' dir='ltr'><strong>συνιδεῖν,</strong></span> 
     </span>
    </p>
   </div>
   <div class='ocr_carea' id='block_1_86' title="bbox 2448 3357 4026 3429">
    <p class='ocr_par' dir='ltr' id='par_1_86' title="bbox 2448 3357 4026 3429">
     <span class='ocr_line' id='line_1_86' title="bbox 2448 3357 4026 3429; baseline -0.001 -19"><span class='ocrx_word' id='word_1_570' title='bbox 2448 3358 2793 3429; x_wconf 77' lang='grc' dir='ltr'><strong>βλασφημεῖ·</strong></span> <span class='ocrx_word' id='word_1_571' title='bbox 2840 3357 3119 3429; x_wconf 73' lang='grc' dir='ltr'><strong>καθῃρέθη</strong></span> <span class='ocrx_word' id='word_1_572' title='bbox 3150 3357 3332 3427; x_wconf 79' lang='grc' dir='ltr'><strong>μέντοι</strong></span> <span class='ocrx_word' id='word_1_573' title='bbox 3366 3374 3429 3425; x_wconf 84' lang='grc' dir='ltr'><strong>γε</strong></span> <span class='ocrx_word' id='word_1_574' title='bbox 3471 3357 3548 3421; x_wconf 87' lang='grc' dir='ltr'><strong>ὠς</strong></span> <span class='ocrx_word' id='word_1_575' title='bbox 3593 3358 3662 3410; x_wconf 84' lang='grc' dir='ltr'><strong>τά</strong></span> <span class='ocrx_word' id='word_1_576' title='bbox 3704 3357 4026 3425; x_wconf 83' lang='grc' dir='ltr'><strong>Λαμπετίου</strong></span> 
     </span>
    </p>
   </div>
   <div class='ocr_carea' id='block_1_87' title="bbox 2447 3448 4029 3521">
    <p class='ocr_par' dir='ltr' id='par_1_87' title="bbox 2447 3448 4029 3521">
     <span class='ocr_line' id='line_1_87' title="bbox 2447 3448 4029 3521; baseline -0.003 -18"><span class='ocrx_word' id='word_1_577' title='bbox 2447 3452 2680 3521; x_wconf 86' lang='grc' dir='ltr'><strong>φρονῶν.</strong></span> <span class='ocrx_word' id='word_1_578' title='bbox 2714 3449 2823 3503; x_wconf 77' lang='grc' dir='ltr'><strong>Καὶ</strong></span> <span class='ocrx_word' id='word_1_579' title='bbox 2870 3448 3118 3518; x_wconf 80' lang='grc' dir='ltr'><strong>’Δλφειδς</strong></span> <span class='ocrx_word' id='word_1_580' title='bbox 3160 3449 3219 3502; x_wconf 88' lang='grc' dir='ltr'><strong>δέ</strong></span> <span class='ocrx_word' id='word_1_581' title='bbox 3272 3466 3357 3511; x_wconf 90' lang='grc' dir='ltr'><strong>τις</strong></span> <span class='ocrx_word' id='word_1_582' title='bbox 3403 3449 3581 3513; x_wconf 73' lang='grc' dir='ltr'><strong>ἄλλος,</strong></span> <span class='ocrx_word' id='word_1_583' title='bbox 3611 3448 3903 3518; x_wconf 84' lang='grc' dir='ltr'><strong>ὁμώνυμος</strong></span> <span class='ocrx_word' id='word_1_584' title='bbox 3942 3448 4029 3517; x_wconf 74' lang='grc' dir='ltr'><strong>τῷ</strong></span> 
     </span>
    </p>
   </div>
   <div class='ocr_carea' id='block_1_88' title="bbox 2446 3538 4028 3612">
    <p class='ocr_par' dir='ltr' id='par_1_88' title="bbox 2446 3538 4028 3612">
     <span class='ocr_line' id='line_1_88' title="bbox 2446 3538 4028 3612; baseline -0.001 -18"><span class='ocrx_word' id='word_1_585' title='bbox 2446 3543 2753 3610; x_wconf 82' lang='grc' dir='ltr'><strong>καθηγητῇ,</strong></span> <span class='ocrx_word' id='word_1_586' title='bbox 2786 3541 3182 3612; x_wconf 77' lang='grc' dir='ltr'><strong>χειροτονηθεὶς</strong></span> <span class='ocrx_word' id='word_1_587' title='bbox 3214 3538 3586 3612; x_wconf 68' lang='grc' dir='ltr'><strong>πρεσϐύτερος</strong></span> <span class='ocrx_word' id='word_1_588' title='bbox 3619 3539 3723 3593; x_wconf 82' lang='grc' dir='ltr'><strong>ὑπὸ</strong></span> <span class='ocrx_word' id='word_1_589' title='bbox 3755 3539 4028 3608; x_wconf 85' lang='grc' dir='ltr'><strong>Τιμοθέου</strong></span> 
     </span>
    </p>
   </div>
   <div class='ocr_carea' id='block_1_89' title="bbox 2444 3630 4033 3704">
    <p class='ocr_par' dir='ltr' id='par_1_89' title="bbox 2444 3630 4033 3704">
     <span class='ocr_line' id='line_1_89' title="bbox 2444 3630 4033 3704; baseline -0.001 -17"><span class='ocrx_word' id='word_1_590' title='bbox 2444 3634 2541 3687; x_wconf 85' lang='grc' dir='ltr'><strong>τοῦ</strong></span> <span class='ocrx_word' id='word_1_591' title='bbox 2572 3633 2981 3704; x_wconf 77' lang='grc' dir='ltr'><strong>Ἀλεξανδρείας</strong></span> <span class='ocrx_word' id='word_1_592' title='bbox 3009 3634 3078 3697; x_wconf 80' lang='grc'><strong>⁸⁸,</strong></span> <span class='ocrx_word' id='word_1_593' title='bbox 3111 3631 3202 3685; x_wconf 82' lang='grc' dir='ltr'><strong>διὰ</strong></span> <span class='ocrx_word' id='word_1_594' title='bbox 3228 3633 3327 3703; x_wconf 82' lang='grc' dir='ltr'><strong>τὴν</strong></span> <span class='ocrx_word' id='word_1_595' title='bbox 3371 3632 3539 3701; x_wconf 80' lang='grc' dir='ltr'><strong>αὐτὴν</strong></span> <span class='ocrx_word' id='word_1_596' title='bbox 3566 3630 3844 3703; x_wconf 83' lang='grc' dir='ltr'><strong>καθῃρέθη</strong></span> <span class='ocrx_word' id='word_1_597' title='bbox 3876 3630 4033 3703; x_wconf 77' lang='grc' dir='ltr'><strong>αἶρε-</strong></span> 
     </span>
    </p>
   </div>
   <div class='ocr_carea' id='block_1_90' title="bbox 2449 3722 4032 3794">
    <p class='ocr_par' dir='ltr' id='par_1_90' title="bbox 2449 3722 4032 3794">
     <span class='ocr_line' id='line_1_90' title="bbox 2449 3722 4032 3794; baseline -0.003 -16"><span class='ocrx_word' id='word_1_598' title='bbox 2449 3743 2556 3791; x_wconf 90' lang='grc' dir='ltr'><strong>σιν,</strong></span> <span class='ocrx_word' id='word_1_599' title='bbox 2588 3724 2663 3787; x_wconf 84' lang='grc' dir='ltr'><strong>ὡς</strong></span> <span class='ocrx_word' id='word_1_600' title='bbox 2686 3725 2721 3793; x_wconf 80' lang='grc' dir='ltr'><strong>ἡ</strong></span> <span class='ocrx_word' id='word_1_601' title='bbox 2743 3723 2839 3777; x_wconf 81' lang='grc' dir='ltr'><strong>τοῦ</strong></span> <span class='ocrx_word' id='word_1_602' title='bbox 2864 3724 3200 3794; x_wconf 81' lang='grc' dir='ltr'><strong>Πτολεμαίου</strong></span> <span class='ocrx_word' id='word_1_603' title='bbox 3223 3723 3318 3777; x_wconf 79' lang='grc' dir='ltr'><strong>τοῦ</strong></span> <span class='ocrx_word' id='word_1_604' title='bbox 3357 3722 3777 3793; x_wconf 84' lang='grc' dir='ltr'><strong>Ῥινοκορούρων</strong></span> <span class='ocrx_word' id='word_1_605' title='bbox 3802 3723 4032 3775; x_wconf 86' lang='grc' dir='ltr'><strong>ἐπισκό-</strong></span> 
     </span>
    </p>
   </div>
   <div class='ocr_carea' id='block_1_91' title="bbox 2447 3812 4031 3886">
    <p class='ocr_par' dir='ltr' id='par_1_91' title="bbox 2447 3812 4031 3886">
     <span class='ocr_line' id='line_1_91' title="bbox 2447 3812 4031 3886; baseline -0.003 -16"><span class='ocrx_word' id='word_1_606' title='bbox 2447 3834 2553 3871; x_wconf 90' lang='grc' dir='ltr'><strong>που</strong></span> <span class='ocrx_word' id='word_1_607' title='bbox 2604 3815 2743 3885; x_wconf 79' lang='grc' dir='ltr'><strong>πρδς</strong></span> <span class='ocrx_word' id='word_1_608' title='bbox 2795 3813 3062 3885; x_wconf 85' lang='grc' dir='ltr'><strong>Τιμόθεον</strong></span> <span class='ocrx_word' id='word_1_609' title='bbox 3102 3814 3197 3868; x_wconf 86' lang='grc' dir='ltr'><strong>τδν</strong></span> <span class='ocrx_word' id='word_1_610' title='bbox 3260 3814 3659 3886; x_wconf 72' lang='grc' dir='ltr'><strong>προειρημένον</strong></span> <span class='ocrx_word' id='word_1_611' title='bbox 3715 3812 4031 3867; x_wconf 82' lang='grc' dir='ltr'><strong>ἐκδιδάσκει</strong></span> 
     </span>
    </p>
   </div>
   <div class='ocr_carea' id='block_1_92' title="bbox 2448 3908 2720 3978">
    <p class='ocr_par' dir='ltr' id='par_1_92' title="bbox 2448 3908 2720 3978">
     <span class='ocr_line' id='line_1_92' title="bbox 2448 3908 2720 3978; baseline -0.011 -16"><span class='ocrx_word' id='word_1_612' title='bbox 2448 3908 2720 3978; x_wconf 80' lang='grc' dir='ltr'><strong>ἀναφορὰ.</strong></span> 
     </span>
    </p>
   </div>
   <div class='ocr_carea' id='block_1_93' title="bbox 3192 3997 3320 4050">
    <p class='ocr_par' dir='ltr' id='par_1_93' title="bbox 3192 3997 3320 4050">
     <span class='ocr_line' id='line_1_93' title="bbox 3192 3997 3320 4050; baseline 0.008 -1"><span class='ocrx_word' id='word_1_613' title='bbox 3192 3997 3320 4050; x_wconf 79' lang='lat' dir='ltr'><strong>Nl&quot;.</strong></span> 
     </span>
    </p>
   </div>
   <div class='ocr_carea' id='block_1_94' title="bbox 2451 4086 4035 4159">
    <p class='ocr_par' dir='ltr' id='par_1_94' title="bbox 2451 4086 4035 4159">
     <span class='ocr_line' id='line_1_94' title="bbox 2451 4086 4035 4159; baseline -0.004 -14"><span class='ocrx_word' id='word_1_614' title='bbox 2451 4091 2717 4157; x_wconf 76' lang='grc' dir='ltr'><strong>Σύνοδυς</strong></span> <span class='ocrx_word' id='word_1_615' title='bbox 2745 4089 2896 4144; x_wconf 81' lang='grc' dir='ltr'><strong>κατὰ</strong></span> <span class='ocrx_word' id='word_1_616' title='bbox 2929 4089 3226 4159; x_wconf 74' lang='grc' dir='ltr'><strong>Πελατίου</strong></span> <span class='ocrx_word' id='word_1_617' title='bbox 3272 4089 3372 4141; x_wconf 76' lang='grc' dir='ltr'><strong>καί</strong></span> <span class='ocrx_word' id='word_1_618' title='bbox 3394 4087 3736 4159; x_wconf 71' lang='grc' dir='ltr'><strong>Κελεστίου</strong></span> <span class='ocrx_word' id='word_1_619' title='bbox 3765 4086 3836 4139; x_wconf 74' lang='grc' dir='ltr'><strong>ἐν</strong></span> <span class='ocrx_word' id='word_1_620' title='bbox 3858 4089 4035 4156; x_wconf 80' lang='grc' dir='ltr'><strong>Καρ-</strong></span> 
     </span>
    </p>
   </div>
   <div class='ocr_carea' id='block_1_95' title="bbox 2961 4158 3520 4228">
    <p class='ocr_par' dir='ltr' id='par_1_95' title="bbox 2961 4158 3520 4228">
     <span class='ocr_line' id='line_1_95' title="bbox 2961 4158 3520 4228; baseline -0.002 -13"><span class='ocrx_word' id='word_1_621' title='bbox 2961 4160 3184 4228; x_wconf 56' lang='lat' dir='ltr'><strong>Gardi-1,1</strong></span> <span class='ocrx_word' id='word_1_622' title='bbox 3212 4158 3520 4215; x_wconf 84' lang='grc' dir='ltr'><strong>συστᾶσα.</strong></span> 
     </span>
    </p>
   </div>
   <div class='ocr_carea' id='block_1_96' title="bbox 2520 4250 4034 4321">
    <p class='ocr_par' dir='ltr' id='par_1_96' title="bbox 2520 4250 4034 4321">
     <span class='ocr_line' id='line_1_96' title="bbox 2520 4250 4034 4321; baseline 0 -17"><span class='ocrx_word' id='word_1_623' title='bbox 2520 4250 2861 4321; x_wconf 80' lang='grc' dir='ltr'><strong>’Δνεγνὼσθη</strong></span> <span class='ocrx_word' id='word_1_624' title='bbox 2885 4250 3090 4318; x_wconf 85' lang='grc' dir='ltr'><strong>βιϐλίον</strong></span> <span class='ocrx_word' id='word_1_625' title='bbox 3109 4253 3142 4320; x_wconf 89' lang='grc' dir='ltr'><strong>ή</strong></span> <span class='ocrx_word' id='word_1_626' title='bbox 3181 4252 3341 4304; x_wconf 81' lang='grc' dir='ltr'><strong>Κατὰ</strong></span> <span class='ocrx_word' id='word_1_627' title='bbox 3373 4251 3671 4318; x_wconf 68' lang='grc' dir='ltr'><strong>Παλατίου</strong></span> <span class='ocrx_word' id='word_1_628' title='bbox 3700 4250 3801 4304; x_wconf 73' lang='grc' dir='ltr'><strong>καί</strong></span> <span class='ocrx_word' id='word_1_629' title='bbox 3838 4254 4034 4305; x_wconf 69' lang='grc' dir='ltr'><strong>Κελε-</strong></span> 
     </span>
    </p>
   </div>
   <div class='ocr_carea' id='block_1_97' title="bbox 2452 4341 4035 4425">
    <p class='ocr_par' dir='ltr' id='par_1_97' title="bbox 2452 4341 4035 4425">
     <span class='ocr_line' id='line_1_97' title="bbox 2452 4341 4035 4425; baseline -0.001 -28"><span class='ocrx_word' id='word_1_630' title='bbox 2452 4344 2623 4397; x_wconf 87' lang='grc' dir='ltr'><strong>στίου</strong></span> <span class='ocrx_word' id='word_1_631' title='bbox 2637 4344 2680 4374; x_wconf 83' lang='lat'>&quot;</span> <span class='ocrx_word' id='word_1_632' title='bbox 2694 4344 2961 4407; x_wconf 80' lang='grc' dir='ltr'><strong>σύνοδος</strong></span> <span class='ocrx_word' id='word_1_633' title='bbox 2975 4344 3033 4395; x_wconf 88' lang='grc' dir='ltr'><strong>ἐν</strong></span> <span class='ocrx_word' id='word_1_634' title='bbox 3048 4341 3377 4412; x_wconf 78' lang='grc' dir='ltr'><strong>Καρθαγένῃ</strong></span> <span class='ocrx_word' id='word_1_635' title='bbox 3398 4342 3639 4395; x_wconf 78' lang='grc' dir='ltr'><strong>συστᾶσα</strong></span> <span class='ocrx_word' id='word_1_636' title='bbox 3652 4343 3710 4425; x_wconf 32' lang='grc' dir='ltr'><strong>ἐκν</strong></span> <span class='ocrx_word' id='word_1_637' title='bbox 3730 4344 3793 4411; x_wconf 81' lang='grc' dir='ltr'><strong>τῇ</strong></span> <span class='ocrx_word' id='word_1_638' title='bbox 3814 4342 4035 4413; x_wconf 78' lang='grc' dir='ltr'><strong>μεγάλῃ</strong></span> 
     </span>
    </p>
   </div>
   <div class='ocr_carea' id='block_1_98' title="bbox 2452 4432 4035 4503">
    <p class='ocr_par' dir='ltr' id='par_1_98' title="bbox 2452 4432 4035 4503">
     <span class='ocr_line' id='line_1_98' title="bbox 2452 4432 4035 4503; baseline 0 -17"><span class='ocrx_word' id='word_1_639' title='bbox 2452 4434 2719 4503; x_wconf 69' lang='grc' dir='ltr'><strong>ἐκκλησίᾳ.</strong></span> <span class='ocrx_word' id='word_1_640' title='bbox 2764 4434 3010 4487; x_wconf 65' lang='grc' dir='ltr'><strong>Φαύστου</strong></span> <span class='ocrx_word' id='word_1_641' title='bbox 3050 4433 3311 4503; x_wconf 83' lang='grc' dir='ltr'><strong>Ὀνωρίου</strong></span> <span class='ocrx_word' id='word_1_642' title='bbox 3340 4434 3403 4485; x_wconf 77' lang='grc' dir='ltr'><strong>τὸ</strong></span> <span class='ocrx_word' id='word_1_643' title='bbox 3437 4433 3537 4502; x_wconf 87' lang='grc' dir='ltr'><strong>τῆς</strong></span> <span class='ocrx_word' id='word_1_644' title='bbox 3580 4432 3836 4502; x_wconf 70' lang='grc' dir='ltr'><strong>ἑσπερίου</strong></span> <span class='ocrx_word' id='word_1_645' title='bbox 3870 4432 4035 4503; x_wconf 65' lang='grc' dir='ltr'><strong>βασις-</strong></span> 
     </span>
    </p>
   </div>
   <div class='ocr_carea' id='block_1_99' title="bbox 2453 4525 4037 4597">
    <p class='ocr_par' dir='ltr' id='par_1_99' title="bbox 2453 4525 4037 4597">
     <span class='ocr_line' id='line_1_99' title="bbox 2453 4525 4037 4597; baseline 0.006 -9"><span class='ocrx_word' id='word_1_646' title='bbox 2453 4526 2601 4589; x_wconf 81' lang='grc' dir='ltr'><strong>λείας</strong></span> <span class='ocrx_word' id='word_1_647' title='bbox 2652 4526 3015 4597; x_wconf 66' lang='grc' dir='ltr'><strong>φρουροῦντος</strong></span> <span class='ocrx_word' id='word_1_648' title='bbox 3054 4525 3306 4595; x_wconf 71' lang='grc' dir='ltr'><strong>ἀξίωμαο</strong></span> <span class='ocrx_word' id='word_1_649' title='bbox 3343 4525 3541 4596; x_wconf 74' lang='grc' dir='ltr'><strong>Ιιξῆρ)ιε</strong></span> <span class='ocrx_word' id='word_1_650' title='bbox 3579 4526 3638 4579; x_wconf 67' lang='grc' dir='ltr'><strong>δὲ</strong></span> <span class='ocrx_word' id='word_1_651' title='bbox 3680 4525 3885 4596; x_wconf 69' lang='grc' dir='ltr'><strong>ταύτης</strong></span> <span class='ocrx_word' id='word_1_652' title='bbox 3929 4527 4037 4596; x_wconf 82' lang='grc' dir='ltr'><strong>τῆς</strong></span> 
     </span>
    </p>
   </div>
   <div class='ocr_carea' id='block_1_100' title="bbox 2453 4616 4037 4688">
    <p class='ocr_par' dir='ltr' id='par_1_100' title="bbox 2453 4616 4037 4688">
     <span class='ocr_line' id='line_1_100' title="bbox 2453 4616 4037 4688; baseline 0 -18"><span class='ocrx_word' id='word_1_653' title='bbox 2453 4619 2672 4672; x_wconf 85' lang='grc' dir='ltr'><strong>συνόδου</strong></span> <span class='ocrx_word' id='word_1_654' title='bbox 2714 4618 2985 4688; x_wconf 80' lang='grc' dir='ltr'><strong>Αὐρήλιος</strong></span> <span class='ocrx_word' id='word_1_655' title='bbox 3010 4618 3055 4650; x_wconf 80' lang='grc'><strong>⁸⁸</strong></span> <span class='ocrx_word' id='word_1_656' title='bbox 3078 4618 3378 4680; x_wconf 75' lang='grc' dir='ltr'><strong>ἐπίσκοπος</strong></span> <span class='ocrx_word' id='word_1_657' title='bbox 3425 4619 3520 4671; x_wconf 79' lang='grc' dir='ltr'><strong>καὶ</strong></span> <span class='ocrx_word' id='word_1_658' title='bbox 3556 4617 3808 4679; x_wconf 81' lang='grc' dir='ltr'><strong>Δοτιανδς</strong></span> <span class='ocrx_word' id='word_1_659' title='bbox 3840 4618 3885 4650; x_wconf 76' lang='grc'><strong>⁸⁸</strong></span> <span class='ocrx_word' id='word_1_660' title='bbox 3923 4616 4037 4671; x_wconf 85' lang='grc' dir='ltr'><strong>Τε-</strong></span> 
     </span>
    </p>
   </div>
   <div class='ocr_carea' id='block_1_101' title="bbox 2453 4708 4041 4780">
    <p class='ocr_par' dir='ltr' id='par_1_101' title="bbox 2453 4708 4041 4780">
     <span class='ocr_line' id='line_1_101' title="bbox 2453 4708 4041 4780; baseline -0.001 -16"><span class='ocrx_word' id='word_1_661' title='bbox 2453 4711 2772 4764; x_wconf 85' lang='grc' dir='ltr'><strong>πτεντεσίου</strong></span> <span class='ocrx_word' id='word_1_662' title='bbox 2804 4712 2851 4743; x_wconf 76' lang='grc' dir='ltr'><strong>τ’</strong></span> <span class='ocrx_word' id='word_1_663' title='bbox 2882 4710 2979 4763; x_wconf 84' lang='grc' dir='ltr'><strong>τοῦ</strong></span> <span class='ocrx_word' id='word_1_664' title='bbox 3012 4709 3231 4779; x_wconf 72' lang='grc' dir='ltr'><strong>πρώτου</strong></span> <span class='ocrx_word' id='word_1_665' title='bbox 3257 4709 3451 4780; x_wconf 89' lang='grc' dir='ltr'><strong>θρόνου</strong></span> <span class='ocrx_word' id='word_1_666' title='bbox 3472 4711 3514 4741; x_wconf 80' lang='grc'><strong>⁷⁸</strong></span> <span class='ocrx_word' id='word_1_667' title='bbox 3555 4708 3823 4780; x_wconf 82' lang='grc' dir='ltr'><strong>ἐπαρχίας</strong></span> <span class='ocrx_word' id='word_1_668' title='bbox 3855 4708 4041 4772; x_wconf 78' lang='grc' dir='ltr'><strong>Βυζα-</strong></span> 
     </span>
    </p>
   </div>
   <div class='ocr_carea' id='block_1_102' title="bbox 2451 4796 4036 4871">
    <p class='ocr_par' dir='ltr' id='par_1_102' title="bbox 2451 4796 4036 4871">
     <span class='ocr_line' id='line_1_102' title="bbox 2451 4796 4036 4871; baseline -0.002 -16"><span class='ocrx_word' id='word_1_669' title='bbox 2451 4804 2640 4871; x_wconf 85' lang='grc' dir='ltr'><strong>κηνῆς.</strong></span> <span class='ocrx_word' id='word_1_670' title='bbox 2658 4796 2740 4864; x_wconf 76' lang='grc' dir='ltr'><strong>οἷς</strong></span> <span class='ocrx_word' id='word_1_671' title='bbox 2757 4803 3084 4871; x_wconf 85' lang='grc' dir='ltr'><strong>συνήδρευον</strong></span> <span class='ocrx_word' id='word_1_672' title='bbox 3102 4802 3167 4853; x_wconf 92' lang='grc' dir='ltr'><strong>ἐκ</strong></span> <span class='ocrx_word' id='word_1_673' title='bbox 3187 4800 3459 4870; x_wconf 84' lang='grc' dir='ltr'><strong>διαφόρων</strong></span> <span class='ocrx_word' id='word_1_674' title='bbox 3485 4800 3763 4870; x_wconf 85' lang='grc' dir='ltr'><strong>ἐπαρχιῶν</strong></span> <span class='ocrx_word' id='word_1_675' title='bbox 3777 4801 3823 4831; x_wconf 80' lang='grc'><strong>⁷⁸</strong></span> <span class='ocrx_word' id='word_1_676' title='bbox 3837 4800 4036 4870; x_wconf 74' lang='grc' dir='ltr'><strong>ἄνδρες</strong></span> 
     </span>
    </p>
   </div>
   <div class='ocr_carea' id='block_1_103' title="bbox 2450 4891 3719 4963">
    <p class='ocr_par' dir='ltr' id='par_1_103' title="bbox 2450 4891 3719 4963">
     <span class='ocr_line' id='line_1_103' title="bbox 2450 4891 3719 4963; baseline 0 -19"><span class='ocrx_word' id='word_1_677' title='bbox 2450 4893 2845 4961; x_wconf 78' lang='grc' dir='ltr'><strong>διαπρέποντες</strong></span> <span class='ocrx_word' id='word_1_678' title='bbox 2874 4893 3140 4963; x_wconf 82' lang='grc' dir='ltr'><strong>ἱερωσύνῃ</strong></span> <span class='ocrx_word' id='word_1_679' title='bbox 3162 4931 3178 4953; x_wconf 93' lang='grc'><strong>,</strong></span> <span class='ocrx_word' id='word_1_680' title='bbox 3208 4893 3301 4945; x_wconf 84' lang='grc' dir='ltr'><strong>τὸν</strong></span> <span class='ocrx_word' id='word_1_681' title='bbox 3324 4891 3555 4962; x_wconf 83' lang='grc' dir='ltr'><strong>άριθμδν</strong></span> <span class='ocrx_word' id='word_1_682' title='bbox 3590 4898 3719 4944; x_wconf 87' lang='grc' dir='ltr'><strong>σκε’.</strong></span> 
     </span>
    </p>
   </div>
   <div class='ocr_carea' id='block_1_104' title="bbox 2528 4979 4039 5052">
    <p class='ocr_par' dir='ltr' id='par_1_104' title="bbox 2528 4979 4039 5052">
     <span class='ocr_line' id='line_1_104' title="bbox 2528 4979 4039 5052; baseline -0.002 -17"><span class='ocrx_word' id='word_1_683' title='bbox 2528 4981 2680 5051; x_wconf 81' lang='grc' dir='ltr'><strong>Α’ύτη</strong></span> <span class='ocrx_word' id='word_1_684' title='bbox 2710 4983 2743 5051; x_wconf 79' lang='grc' dir='ltr'><strong>η</strong></span> <span class='ocrx_word' id='word_1_685' title='bbox 2774 4980 2992 5045; x_wconf 86' lang='grc' dir='ltr'><strong>σύνοδος</strong></span> <span class='ocrx_word' id='word_1_686' title='bbox 3017 4984 3139 5043; x_wconf 84' lang='grc' dir='ltr'><strong>τοὺς</strong></span> <span class='ocrx_word' id='word_1_687' title='bbox 3173 4981 3369 5052; x_wconf 82' lang='grc' dir='ltr'><strong>θνητὸν</strong></span> <span class='ocrx_word' id='word_1_688' title='bbox 3410 4982 3715 5050; x_wconf 79' lang='grc' dir='ltr'><strong>πλασθῆναι</strong></span> <span class='ocrx_word' id='word_1_689' title='bbox 3737 4981 3831 5034; x_wconf 87' lang='grc' dir='ltr'><strong>τδν</strong></span> <span class='ocrx_word' id='word_1_690' title='bbox 3854 4979 4039 5048; x_wconf 70' lang='grc' dir='ltr'><strong>Ἀδὰμ</strong></span> 
     </span>
    </p>
   </div>
   <div class='ocr_carea' id='block_1_105' title="bbox 2460 5070 4039 5143">
    <p class='ocr_par' dir='ltr' id='par_1_105' title="bbox 2460 5070 4039 5143">
     <span class='ocr_line' id='line_1_105' title="bbox 2460 5070 4039 5143; baseline 0.001 -20"><span class='ocrx_word' id='word_1_691' title='bbox 2460 5071 2722 5140; x_wconf 82' lang='grc' dir='ltr'><strong>λέγοντας</strong></span> <span class='ocrx_word' id='word_1_692' title='bbox 2753 5070 2845 5140; x_wconf 76' lang='grc' dir='ltr'><strong>ιιι</strong></span> <span class='ocrx_word' id='word_1_693' title='bbox 2872 5070 2966 5143; x_wconf 70' lang='lat' dir='ltr'><strong>IL]</strong></span> <span class='ocrx_word' id='word_1_694' title='bbox 2998 5070 3133 5123; x_wconf 84' lang='grc' dir='ltr'><strong>άλλά</strong></span> <span class='ocrx_word' id='word_1_695' title='bbox 3169 5072 3244 5141; x_wconf 77' lang='grc' dir='ltr'><strong>μὴ</strong></span> <span class='ocrx_word' id='word_1_696' title='bbox 3277 5074 3344 5125; x_wconf 88' lang='grc' dir='ltr'><strong>ἐκ</strong></span> <span class='ocrx_word' id='word_1_697' title='bbox 3391 5072 3753 5142; x_wconf 80' lang='grc' dir='ltr'><strong>παραϐάσεως</strong></span> <span class='ocrx_word' id='word_1_698' title='bbox 3798 5071 3961 5125; x_wconf 81' lang='grc' dir='ltr'><strong>τοῦτο</strong></span> <span class='ocrx_word' id='word_1_699' title='bbox 3987 5074 4039 5105; x_wconf 84' lang='grc'><strong>⁷⁸</strong></span> 
     </span>
    </p>
   </div>
   <div class='ocr_carea' id='block_1_106' title="bbox 2461 5162 4040 5234">
    <p class='ocr_par' dir='ltr' id='par_1_106' title="bbox 2461 5162 4040 5234">
     <span class='ocr_line' id='line_1_106' title="bbox 2461 5162 4040 5234; baseline 0.001 -19"><span class='ocrx_word' id='word_1_700' title='bbox 2461 5162 2924 5231; x_wconf 81' lang='grc' dir='ltr'><strong>καταδικασθῆναι</strong></span> <span class='ocrx_word' id='word_1_701' title='bbox 2978 5162 3367 5234; x_wconf 77' lang='grc' dir='ltr'><strong>άναθεματίζει</strong></span> <span class='ocrx_word' id='word_1_702' title='bbox 3393 5178 3410 5195; x_wconf 91' lang='grc'><strong>·</strong></span> <span class='ocrx_word' id='word_1_703' title='bbox 3470 5162 3730 5228; x_wconf 83' lang='grc' dir='ltr'><strong>ὡσαύτως</strong></span> <span class='ocrx_word' id='word_1_704' title='bbox 3779 5164 3909 5228; x_wconf 84' lang='grc' dir='ltr'><strong>τοὺς</strong></span> <span class='ocrx_word' id='word_1_705' title='bbox 3967 5167 4040 5218; x_wconf 63' lang='grc' dir='ltr'><strong>τὰ</strong></span> 
     </span>
    </p>
   </div>
   <div class='ocr_carea' id='block_1_107' title="bbox 2062 5274 2731 5334">
    <p class='ocr_par' dir='ltr' id='par_1_107' title="bbox 2062 5274 2731 5334">
     <span class='ocr_line' id='line_1_107' title="bbox 2062 5274 2731 5334; baseline -0.007 -1"><span class='ocrx_word' id='word_1_706' title='bbox 2062 5279 2296 5334; x_wconf 68' lang='lat' dir='ltr'><strong>VARIE</strong></span> <span class='ocrx_word' id='word_1_707' title='bbox 2332 5274 2731 5333; x_wconf 80' lang='lat' dir='ltr'><strong>LECTIONES.</strong></span> 
     </span>
    </p>
   </div>
   <div class='ocr_carea' id='block_1_108' title="bbox 845 5369 2470 5445">
    <p class='ocr_par' dir='ltr' id='par_1_108' title="bbox 845 5369 2470 5445">
     <span class='ocr_line' id='line_1_108' title="bbox 845 5369 2470 5445; baseline 0.004 -23"><span class='ocrx_word' id='word_1_708' title='bbox 845 5369 889 5445; x_wconf 80' lang='lat'><strong>&#39;_&#39;</strong></span> <span class='ocrx_word' id='word_1_709' title='bbox 920 5370 1283 5445; x_wconf 73' lang='grc' dir='ltr'><strong>ἐλθόντωνΑ.</strong></span> <span class='ocrx_word' id='word_1_710' title='bbox 1302 5443 1313 5445; x_wconf 15' lang='grc' dir='ltr'>μ</span> <span class='ocrx_word' id='word_1_711' title='bbox 1345 5373 1763 5445; x_wconf 21' lang='grc' dir='ltr'><strong>⁸⁹ᾉάρξαμένους</strong></span> <span class='ocrx_word' id='word_1_712' title='bbox 1789 5378 1854 5429; x_wconf 86' lang='lat' dir='ltr'><strong>A.</strong></span> <span class='ocrx_word' id='word_1_713' title='bbox 1932 5376 1977 5407; x_wconf 83' lang='lat'>“</span> <span class='ocrx_word' id='word_1_714' title='bbox 2006 5375 2379 5445; x_wconf 77' lang='grc' dir='ltr'><strong>πρεσϐυτέρου</strong></span> <span class='ocrx_word' id='word_1_715' title='bbox 2409 5392 2470 5445; x_wconf 87' lang='grc' dir='ltr'><strong>ς’.</strong></span> 
     </span>
    </p>
   </div>
   <div class='ocr_carea' id='block_1_109' title="bbox 776 5440 3075 5516">
    <p class='ocr_par' dir='ltr' id='par_1_109' title="bbox 776 5440 3075 5516">
     <span class='ocr_line' id='line_1_109' title="bbox 776 5440 3075 5516; baseline 0.002 -24"><span class='ocrx_word' id='word_1_716' title='bbox 776 5440 986 5516; x_wconf 76' lang='grc' dir='ltr'><strong>ἐπέχων</strong></span> <span class='ocrx_word' id='word_1_717' title='bbox 1037 5459 1109 5516; x_wconf 56' lang='grc' dir='ltr'><strong>ς.</strong></span> <span class='ocrx_word' id='word_1_718' title='bbox 1174 5444 1219 5516; x_wconf 59' lang='grc' dir='ltr'><strong>ξδ</strong></span> <span class='ocrx_word' id='word_1_719' title='bbox 1251 5440 1674 5516; x_wconf 8' lang='grc' dir='ltr'><strong>ἔάλφιὸςᾌέείε</strong></span> <span class='ocrx_word' id='word_1_720' title='bbox 1704 5456 1760 5500; x_wconf 86' lang='lat' dir='ltr'><strong>et</strong></span> <span class='ocrx_word' id='word_1_721' title='bbox 1790 5446 1954 5500; x_wconf 88' lang='lat' dir='ltr'><strong>infra.</strong></span> <span class='ocrx_word' id='word_1_722' title='bbox 2030 5440 2073 5479; x_wconf 71' lang='grc'><strong>⁸⁸</strong></span> <span class='ocrx_word' id='word_1_723' title='bbox 2111 5440 2545 5516; x_wconf 66' lang='grc' dir='ltr'><strong>ρινοκόυρούρων</strong></span> <span class='ocrx_word' id='word_1_724' title='bbox 2573 5443 2865 5516; x_wconf 41' lang='grc' dir='ltr'><strong>Ληεὶευει</strong></span> <span class='ocrx_word' id='word_1_725' title='bbox 2910 5440 3075 5496; x_wconf 74' lang='lat' dir='ltr'><strong>infra.</strong></span> 
     </span>
    </p>
   </div>
   <div class='ocr_carea' id='block_1_110' title="bbox 779 5510 1873 5583">
    <p class='ocr_par' dir='ltr' id='par_1_110' title="bbox 779 5510 1873 5583">
     <span class='ocr_line' id='line_1_110' title="bbox 779 5510 1873 5583; baseline 0.01 -23"><span class='ocrx_word' id='word_1_726' title='bbox 779 5510 893 5583; x_wconf 73' lang='grc' dir='ltr'><strong>σίου</strong></span> <span class='ocrx_word' id='word_1_727' title='bbox 1068 5512 1375 5583; x_wconf 14' lang='grc' dir='ltr'><strong>⁸⁸γαύρίλιίος</strong></span> <span class='ocrx_word' id='word_1_728' title='bbox 1406 5516 1446 5567; x_wconf 78' lang='grc' dir='ltr'><strong>Α</strong></span> <span class='ocrx_word' id='word_1_729' title='bbox 1482 5514 1754 5583; x_wconf 75' lang='grc' dir='ltr'><strong>ςάϐρίλιος</strong></span> <span class='ocrx_word' id='word_1_730' title='bbox 1810 5534 1873 5580; x_wconf 82' lang='grc' dir='ltr'><strong>ς.</strong></span> 
     </span>
    </p>
   </div>
   <div class='ocr_carea' id='block_1_111' title="bbox 3806 5367 4041 5432">
    <p class='ocr_par' dir='ltr' id='par_1_111' title="bbox 3806 5367 4041 5432">
     <span class='ocr_line' id='line_1_111' title="bbox 3806 5367 4041 5432; baseline 0.004 -13"><span class='ocrx_word' id='word_1_731' title='bbox 3806 5367 3852 5399; x_wconf 83' lang='grc'><strong>⁸³</strong></span> <span class='ocrx_word' id='word_1_732' title='bbox 3877 5368 4041 5432; x_wconf 83' lang='grc' dir='ltr'><strong>τάξιν</strong></span> 
     </span>
    </p>
   </div>
   <div class='ocr_carea' id='block_1_112' title="bbox 2581 5373 4041 5511">
    <p class='ocr_par' dir='ltr' id='par_1_112' title="bbox 2581 5373 4041 5511">
     <span class='ocr_line' id='line_1_112' title="bbox 2581 5373 4041 5443; baseline -0.003 -19"><span class='ocrx_word' id='word_1_733' title='bbox 2581 5373 2625 5403; x_wconf 66' lang='grc'><strong>⁵⁸</strong></span> <span class='ocrx_word' id='word_1_734' title='bbox 2664 5387 2790 5424; x_wconf 86' lang='grc' dir='ltr'><strong>τινα</strong></span> <span class='ocrx_word' id='word_1_735' title='bbox 2853 5373 2963 5425; x_wconf 82' lang='grc' dir='ltr'><strong>τῶν</strong></span> <span class='ocrx_word' id='word_1_736' title='bbox 3009 5374 3110 5443; x_wconf 82' lang='grc' dir='ltr'><strong>τῆς</strong></span> <span class='ocrx_word' id='word_1_737' title='bbox 3141 5388 3204 5435; x_wconf 84' lang='grc' dir='ltr'><strong>ς.</strong></span> <span class='ocrx_word' id='word_1_738' title='bbox 3296 5373 3340 5401; x_wconf 80' lang='grc'><strong>⁸³</strong></span> <span class='ocrx_word' id='word_1_739' title='bbox 3372 5373 3601 5439; x_wconf 77' lang='grc' dir='ltr'><strong>σευ-ἦρος</strong></span> <span class='ocrx_word' id='word_1_740' title='bbox 3669 5385 3731 5432; x_wconf 84' lang='grc' dir='ltr'><strong>ς.</strong></span> <span class='ocrx_word' id='word_1_741' title='bbox 3806 5373 3852 5399; x_wconf 80' lang='grc'><strong>⁸³</strong></span> <span class='ocrx_word' id='word_1_742' title='bbox 3877 5373 4041 5432; x_wconf 84' lang='grc' dir='ltr'><strong>τάξιν</strong></span> 
     </span>
     <span class='ocr_line' id='line_1_113' title="bbox 2581 5437 4041 5511; baseline -0.003 -16"><span class='ocrx_word' id='word_1_743' title='bbox 2581 5444 2635 5495; x_wconf 69' lang='grc' dir='ltr'><strong>Α.</strong></span> <span class='ocrx_word' id='word_1_744' title='bbox 2675 5443 2756 5495; x_wconf 86' lang='lat' dir='ltr'><strong>sic</strong></span> <span class='ocrx_word' id='word_1_745' title='bbox 2809 5452 2865 5494; x_wconf 88' lang='lat' dir='ltr'><strong>et</strong></span> <span class='ocrx_word' id='word_1_746' title='bbox 2910 5440 3075 5496; x_wconf 84' lang='lat' dir='ltr'><strong>infra.</strong></span> <span class='ocrx_word' id='word_1_747' title='bbox 3190 5442 3234 5473; x_wconf 85' lang='lat'>“</span> <span class='ocrx_word' id='word_1_748' title='bbox 3256 5439 3630 5511; x_wconf 67' lang='grc' dir='ltr'><strong>ἀλεξανδρέως</strong></span> <span class='ocrx_word' id='word_1_749' title='bbox 3670 5437 3731 5491; x_wconf 80' lang='grc' dir='ltr'><strong>Α.</strong></span> <span class='ocrx_word' id='word_1_750' title='bbox 3808 5438 3853 5511; x_wconf 60' lang='grc' dir='ltr'><strong>⁸Ϊ</strong></span> <span class='ocrx_word' id='word_1_751' title='bbox 3876 5438 4041 5491; x_wconf 84' lang='grc' dir='ltr'><strong>κελε-</strong></span> 
     </span>
    </p>
   </div>
   <div class='ocr_carea' id='block_1_113' title="bbox 3296 5369 3731 5439">
    <p class='ocr_par' dir='ltr' id='par_1_113' title="bbox 3296 5369 3731 5439">
     <span class='ocr_line' id='line_1_114' title="bbox 3296 5369 3731 5439; baseline 0.002 -1"><span class='ocrx_word' id='word_1_752' title='bbox 3296 5370 3340 5401; x_wconf 85' lang='grc'><strong>⁶¹</strong></span> <span class='ocrx_word' id='word_1_753' title='bbox 3372 5369 3601 5439; x_wconf 77' lang='grc' dir='ltr'><strong>σευῆρος</strong></span> <span class='ocrx_word' id='word_1_754' title='bbox 3669 5385 3731 5439; x_wconf 79' lang='grc' dir='ltr'><strong>ς·</strong></span> 
     </span>
    </p>
   </div>
   <div class='ocr_carea' id='block_1_114' title="bbox 1950 5508 4038 5586">
    <p class='ocr_par' dir='ltr' id='par_1_114' title="bbox 1950 5508 4038 5586">
     <span class='ocr_line' id='line_1_115' title="bbox 1950 5508 4038 5586; baseline -0.003 -19"><span class='ocrx_word' id='word_1_755' title='bbox 1950 5518 1995 5549; x_wconf 70' lang='grc' dir='ltr'><strong>θ’</strong></span> <span class='ocrx_word' id='word_1_756' title='bbox 2025 5508 2604 5586; x_wconf 71' lang='grc' dir='ltr'><strong>Δοτιανδς]ιδιά’τινος</strong></span> <span class='ocrx_word' id='word_1_757' title='bbox 2632 5512 2695 5566; x_wconf 80' lang='grc' dir='ltr'><strong>Α.</strong></span> <span class='ocrx_word' id='word_1_758' title='bbox 2772 5513 2819 5586; x_wconf 51' lang='grc' dir='ltr'><em>ξ’</em></span> <span class='ocrx_word' id='word_1_759' title='bbox 2848 5512 3333 5586; x_wconf 50' lang='lat' dir='ltr'><strong>{urgensinqu</strong></span> <span class='ocrx_word' id='word_1_760' title='bbox 3374 5509 3468 5586; x_wconf 83' lang='grc' dir='ltr'><strong>τοῦ</strong></span> <span class='ocrx_word' id='word_1_761' title='bbox 3492 5508 3552 5563; x_wconf 83' lang='grc' dir='ltr'><strong>τε</strong></span> <span class='ocrx_word' id='word_1_762' title='bbox 3592 5508 3919 5586; x_wconf 62' lang='grc' dir='ltr'><strong>πτεντεσίου</strong></span> <span class='ocrx_word' id='word_1_763' title='bbox 3972 5526 4038 5573; x_wconf 83' lang='grc' dir='ltr'><strong>ς.</strong></span> 
     </span>
    </p>
   </div>
   <div class='ocr_carea' id='block_1_115' title="bbox 779 5578 4039 5657">
    <p class='ocr_par' dir='ltr' id='par_1_115' title="bbox 779 5578 4039 5657">
     <span class='ocr_line' id='line_1_116' title="bbox 779 5578 4039 5657; baseline 0 -25"><span class='ocrx_word' id='word_1_764' title='bbox 779 5580 818 5611; x_wconf 74' lang='grc'><strong>⁷⁸</strong></span> <span class='ocrx_word' id='word_1_765' title='bbox 854 5580 1071 5652; x_wconf 86' lang='grc' dir='ltr'><strong>πρώτου</strong></span> <span class='ocrx_word' id='word_1_766' title='bbox 1111 5578 1325 5655; x_wconf 80' lang='grc' dir='ltr'><strong>θρόνου]</strong></span> <span class='ocrx_word' id='word_1_767' title='bbox 1354 5578 1746 5657; x_wconf 71' lang='grc' dir='ltr'><strong>πρωτοθρόνοο</strong></span> <span class='ocrx_word' id='word_1_768' title='bbox 1770 5578 1913 5642; x_wconf 78' lang='lat' dir='ltr'><strong>corr.</strong></span> <span class='ocrx_word' id='word_1_769' title='bbox 1941 5588 2009 5640; x_wconf 70' lang='grc' dir='ltr'><strong>Α..</strong></span> <span class='ocrx_word' id='word_1_770' title='bbox 2050 5588 2098 5619; x_wconf 63' lang='grc' dir='ltr'><strong>τί</strong></span> <span class='ocrx_word' id='word_1_771' title='bbox 2128 5578 2397 5657; x_wconf 79' lang='grc' dir='ltr'><strong>ἐπαρχίας</strong></span> <span class='ocrx_word' id='word_1_772' title='bbox 2426 5582 2834 5653; x_wconf 70' lang='grc' dir='ltr'><strong>βυζακηνῆςΔς</strong></span> <span class='ocrx_word' id='word_1_773' title='bbox 2870 5579 3194 5654; x_wconf 74' lang='grc' dir='ltr'><strong>Βυξακηνῆς</strong></span> <span class='ocrx_word' id='word_1_774' title='bbox 3227 5582 3499 5651; x_wconf 83' lang='grc' dir='ltr'><strong>ἐπαρχίας</strong></span> <span class='ocrx_word' id='word_1_775' title='bbox 3547 5597 3608 5645; x_wconf 84' lang='grc' dir='ltr'><strong>ς.</strong></span> <span class='ocrx_word' id='word_1_776' title='bbox 3650 5579 3696 5611; x_wconf 85' lang='grc'><strong>⁷³</strong></span> <span class='ocrx_word' id='word_1_777' title='bbox 3724 5578 3916 5632; x_wconf 84' lang='grc' dir='ltr'><strong>τοῦτον</strong></span> <span class='ocrx_word' id='word_1_778' title='bbox 3972 5596 4039 5643; x_wconf 84' lang='grc' dir='ltr'><strong>ς.</strong></span> 
     </span>
    </p>
   </div>
   <div class='ocr_carea' id='block_1_116' title="bbox 2289 5677 2521 5734">
    <p class='ocr_par' dir='ltr' id='par_1_116' title="bbox 2289 5677 2521 5734">
     <span class='ocr_line' id='line_1_117' title="bbox 2289 5677 2521 5734; baseline 0 -1"><span class='ocrx_word' id='word_1_779' title='bbox 2289 5677 2521 5734; x_wconf 54' lang='grc' dir='ltr'><strong>ΝΟΤΙΕ.</strong></span> 
     </span>
    </p>
   </div>
   <div class='ocr_carea' id='block_1_117' title="bbox 854 5766 2343 5848">
    <p class='ocr_par' dir='ltr' id='par_1_117' title="bbox 854 5766 2343 5848">
     <span class='ocr_line' id='line_1_118' title="bbox 854 5766 2343 5848; baseline 0.004 -25"><span class='ocrx_word' id='word_1_780' title='bbox 854 5766 965 5848; x_wconf 78' lang='lat'><strong>(86)</strong></span> <span class='ocrx_word' id='word_1_781' title='bbox 998 5767 1161 5838; x_wconf 84' lang='lat' dir='ltr'><strong>Cujus</strong></span> <span class='ocrx_word' id='word_1_782' title='bbox 1182 5769 1399 5848; x_wconf 75' lang='lat' dir='ltr'><strong>epistol.</strong></span> <span class='ocrx_word' id='word_1_783' title='bbox 1422 5771 1733 5843; x_wconf 86' lang='lat' dir='ltr'><strong>synodalem</strong></span> <span class='ocrx_word' id='word_1_784' title='bbox 1767 5773 1936 5831; x_wconf 82' lang='lat' dir='ltr'><strong>habes</strong></span> <span class='ocrx_word' id='word_1_785' title='bbox 1966 5785 2004 5833; x_wconf 91' lang='lat' dir='ltr'><strong>t.</strong></span> <span class='ocrx_word' id='word_1_786' title='bbox 2031 5774 2073 5831; x_wconf 90' lang='lat' dir='ltr'><strong>Il</strong></span> <span class='ocrx_word' id='word_1_787' title='bbox 2104 5774 2343 5848; x_wconf 90' lang='lat' dir='ltr'><strong>Operum</strong></span> 
     </span>
    </p>
   </div>
   <div class='ocr_carea' id='block_1_118' title="bbox 786 5837 1406 5910">
    <p class='ocr_par' dir='ltr' id='par_1_118' title="bbox 786 5837 1406 5910">
     <span class='ocr_line' id='line_1_119' title="bbox 786 5837 1406 5910; baseline 0.006 -20"><span class='ocrx_word' id='word_1_788' title='bbox 786 5837 844 5891; x_wconf 82' lang='grc' dir='ltr'><strong>ί).</strong></span> <span class='ocrx_word' id='word_1_789' title='bbox 870 5837 1095 5910; x_wconf 82' lang='lat' dir='ltr'><strong>August.</strong></span> <span class='ocrx_word' id='word_1_790' title='bbox 1124 5842 1283 5910; x_wconf 84' lang='lat' dir='ltr'><strong>epist.</strong></span> <span class='ocrx_word' id='word_1_791' title='bbox 1317 5841 1406 5897; x_wconf 84' lang='lat'><strong>90.</strong></span> 
     </span>
    </p>
   </div>
   <div class='ocr_carea' id='block_1_119' title="bbox 2529 5768 4039 5843">
    <p class='ocr_par' dir='ltr' id='par_1_119' title="bbox 2529 5768 4039 5843">
     <span class='ocr_line' id='line_1_120' title="bbox 2529 5768 4039 5843; baseline -0.003 -16"><span class='ocrx_word' id='word_1_792' title='bbox 2529 5773 2641 5843; x_wconf 86' lang='lat'><strong>(87)</strong></span> <span class='ocrx_word' id='word_1_793' title='bbox 2676 5772 2850 5837; x_wconf 82' lang='lat' dir='ltr'><strong>Quam</strong></span> <span class='ocrx_word' id='word_1_794' title='bbox 2900 5773 3231 5828; x_wconf 86' lang='lat' dir='ltr'><strong>sententiam</strong></span> <span class='ocrx_word' id='word_1_795' title='bbox 3266 5769 3781 5843; x_wconf 23' lang='lat' dir='ltr'><strong>quoqneﬂtenuisse</strong></span> <span class='ocrx_word' id='word_1_796' title='bbox 3824 5768 4039 5825; x_wconf 72' lang='lat' dir='ltr'><strong>dicetur</strong></span> 
     </span>
    </p>
   </div>
   <div class='ocr_carea' id='block_1_120' title="bbox 2454 5840 3596 5900">
    <p class='ocr_par' dir='ltr' id='par_1_120' title="bbox 2454 5840 3596 5900">
     <span class='ocr_line' id='line_1_121' title="bbox 2454 5840 3596 5900; baseline -0.003 -1"><span class='ocrx_word' id='word_1_797' title='bbox 2454 5840 2766 5899; x_wconf 73' lang='lat' dir='ltr'><strong>Theodonus</strong></span> <span class='ocrx_word' id='word_1_798' title='bbox 2797 5845 3172 5900; x_wconf 78' lang='lat' dir='ltr'><strong>Autiochenus</strong></span> <span class='ocrx_word' id='word_1_799' title='bbox 3206 5842 3302 5897; x_wconf 80' lang='lat' dir='ltr'><strong>inf.</strong></span> <span class='ocrx_word' id='word_1_800' title='bbox 3326 5844 3445 5897; x_wconf 85' lang='lat' dir='ltr'><strong>cod.</strong></span> <span class='ocrx_word' id='word_1_801' title='bbox 3479 5840 3596 5896; x_wconf 82' lang='lat' dir='ltr'><strong>l&#39;l7.</strong></span> 
     </span>
    </p>
   </div>
  </div>
