4210 6442
165 424 238 485 93
774 460 775 463 η
1189 424 1710 487 BlBLlOTHECA.
1739 454 1808 463 -
1844 428 2060 489 CODD.
2104 429 2421 490 LIII-LIV.
3353 434 3424 498 94

168 538 349 607 βρέφη
385 538 456 591 τὰ
513 537 775 607 ἁρτίτοκα
818 536 893 605 μὴ
945 537 1137 606 χρείαν
1184 536 1327 605 ἐχειν
1374 536 1747 605 βαπτίσματος
1778 547 1821 600 Α

1778 547 1821 600 Α
1854 539 2076 591 minime
2104 538 2343 606 indigere
2378 540 2641 601 dicerent,
2700 539 2842 609 quod
2875 539 2991 595 illos
3022 552 3243 611 peccato
3258 550 3424 617 origi-

165 632 254 683 διὰ
296 631 359 683 τὸ
388 631 465 699 μὴ
509 629 689 683 ἕλκειν
727 628 865 682 αὐτὰ
897 628 1225 699 προγονικὴν
1260 630 1533 700 ἁμαρτίαν
1570 629 1669 697 τὴν
1694 628 1752 692 ἐξ

1856 629 1938 683 nis
1968 643 2031 681 ex
2064 630 2271 684 Adamo
2308 645 2412 683 non
2438 639 2691 699 putarent
2730 631 3011 689 obnoxios.
3066 635 3171 689 Eos
3207 652 3422 707 quoque

167 723 346 789 Ἀδὰμ
373 720 784 789 ἁναθεματίζει.
822 721 933 774 Καὶ
955 723 1081 782 τοὺς
1108 720 1369 787 λέγοντας
1398 722 1561 789 μέσον
1590 722 1753 772 τόπον

1853 720 1944 789 qui
1977 720 2328 785 allirmarent,
2362 723 2537 776 medio
2565 723 2793 789 quodam
2830 725 2948 778 loco
2990 727 3297 793 paradisum
3334 732 3419 783 in-

168 814 456 876 κολάσεως
485 815 581 867 καὶ
622 814 969 881 παραδείσω,
1001 814 1080 876 είς
1112 814 1171 865 ὃν
1200 815 1296 865 καὶ
1333 813 1401 865 τὰ
1445 812 1754 866 ἁϐἁπτιστα

170 905 352 974 βρέφη
391 904 796 973 μετατιθέμενα
822 905 920 974 ζῇν
953 904 1257 974 μακαρίως.
1290 904 1382 956 καὶ
1411 905 1631 964 τούτους
1662 900 1753 955 οὗν

170 999 591 1067 ἀναθεματίζει.
620 1000 742 1051 Ἔτι
768 998 824 1050 δέ
852 998 946 1049 καὶ
968 998 1131 1067 ἐτερα
1153 997 1211 1061 ’ἐξ
1236 995 1622 1064 ἁναθεματίζει
1649 1011 1754 1047 πα-

173 1090 459 1159 ραπλήσια
502 1090 713 1151 τούτοις
754 1090 1044 1156 κεφάλαια,
1070 1089 1107 1143 ἃ.
1147 1092 1257 1153 τοῖς
1305 1089 1756 1154 Πελαγιανισταῖς

172 1183 269 1235 καὶ
298 1181 684 1243 Κελεστιανοίς
715 1180 1095 1249 πρεσϐεύεται.

244 1272 502 1341 Ἔγραψε
532 1272 587 1324 δέ
638 1272 729 1324 καὶ
760 1271 1039 1335 Θεοδόσιος
1069 1273 1167 1324 καὶ
1204 1270 1457 1339 Ὀνώριος
1501 1273 1549 1323 ul
1597 1272 1754 1341 βασι-

171 1367 283 1424 λεῖς
326 1365 466 1432 πρὸς
517 1363 783 1433 Αὑρήλιον
812 1364 858 1394 ⁷⁵
886 1364 1186 1416 ἐπίσκοπον
1229 1363 1368 1415 κατὰ
1400 1364 1506 1415 τῶν
1550 1365 1751 1419 αὐτῶν.

176 1456 432 1525 Ἔγραψε
477 1457 615 1523 μετὰ
649 1456 693 1485 ⁷⁸
718 1453 889 1508 ταῦτα
916 1456 1009 1506 καὶ
1043 1454 1452 1515 Κωνσταντῖνος
1496 1456 1523 1505 ὁ
1552 1455 1756 1506 Πλακι-

173 1550 292 1610 δξας
315 1549 481 1617 ἁνὴρ,
510 1546 950 1599 Οὐαλεντινιανοῦ
976 1547 1029 1599 δὲ
1054 1546 1147 1598 τοῦ
1174 1545 1370 1616 μικροῦ
1396 1546 1595 1613 πατὴρ,
1628 1547 1758 1615 περὶ

174 1641 267 1694 τοῦ
299 1641 653 1708 ἐξορισθῆναι
686 1640 974 1692 Κελέστιον
1011 1640 1103 1691 τὸν
1133 1638 1437 1708 αἱρετικόν·
1471 1637 1675 1706 ἔγραψε
1701 1638 1756 1689 δέ

174 1734 272 1802 τὴν
329 1731 460 1785 mt‘
486 1731 653 1784 αὐτοῦ
684 1731 865 1801 ψῆφον
900 1732 1033 1799 πρὸς
1076 1728 1431 1782 Οὑολοσιανδν
1451 1729 1499 1761 ’⁸
1539 1727 1633 1799 [20
1666 1726 1754 1800 lt]

176 1826 418 1894 ἔπαρχον
465 1825 692 1885 πόλεως.
728 1823 970 1891 Ἔγραψε
1024 1821 1080 1874 δὲ
1132 1822 1224 1874 καὶ
1253 1822 1405 1875 Λέων
1458 1822 1485 1874 ὀ
1538 1819 1751 1889 Ῥώμης

1857 822 1938 865 ter
1957 820 2013 864 et
2048 810 2253 867 inferos
2285 828 2388 867 non
2419 815 2725 883 baptizatos
2770 818 3002 874 infantes
3036 822 3191 875 beate
3220 823 3419 877 vivere.

1856 903 1961 958 Sex
1986 906 2112 958 item
2133 905 2237 960 alia
2272 908 2356 962 his
2379 908 2553 962 alﬁnia
2586 911 2783 978 capita,
2843 928 2960 979 qua:
2988 928 3015 965 a
3049 912 3423 983 Pelagianistis

1855 1005 1909 1050 et
1934 996 2260 1053 Celestianis
2297 1000 2602 1066 traduntur,
2662 1004 3009 1058 anathemate
3042 1017 3226 1074 patres
3261 1008 3422 1073 jugu-

1857 1090 1990 1143 lant.

1928 1272 2276 1342 Scripsernnt
2304 1287 2431 1329 vero
2464 1282 2518 1327 et
2548 1274 2902 1339 Theodosius,
2930 1284 2982 1329 et
3024 1274 3295 1329 Honorius
3320 1278 3425 1330 imo

1858 1373 2141 1431 peratores
2183 1375 2373 1420 contra
2440 1367 2657 1420 eosdem
2701 1368 2982 1422 ltmreticos
3025 1370 3091 1423 ad
3147 1370 3425 1425 Aurelium

1858 1456 2191 1523 episcopum.
2255 1456 2383 1510 Post
2440 1457 2554 1510 haec
2598 1460 2761 1512 etiam
2816 1458 3203 1516 Constantinus
3282 1462 3421 1531 (88),

1858 1546 2113 1601 Placidia
2176 1547 2392 1616 conjux,
2435 1545 2797 1600 Valentiniani
2860 1550 3083 1603 minoris
3125 1560 3301 1618 pater,
3362 1553 3429 1605 de

1858 1641 2093 1697 Celestio
2120 1640 2378 1695 baretico
2410 1640 2464 1693 in
2492 1640 2741 1693 exsilium
2771 1640 3019 1707 pellendo
3050 1642 3270 1711 scripsit
3315 1642 3427 1712 (89)

1860 1733 2134 1787 decretum
2178 1733 2243 1785 ad
2276 1732 2622 1787 Volusianum
2646 1734 2795 1785 urbis
2812 1732 3145 1801 prmlectum.
3177 1734 3279 1800 Qui
3305 1736 3428 1804 qui-

1860 1822 1979 1876 dem
2012 1822 2356 1885 Volusianus,
2387 1834 2590 1877 sanctse
2615 1822 2730 1891 (90)
2779 1822 2996 1877 Helenae
3027 1835 3272 1891 patruus,
3304 1840 3426 1879 cum

177 1918 303 1985 περ).
329 1916 447 1967 τῶν
480 1915 917 1984 ἐπιστρεφόντων
947 1914 1404 1981 Ηελαγιανιστῶν,
1437 1914 1583 1977 ὅπως
1608 1912 1753 1979 ὀφεί-
1787 1925 1828 1980 Β

1787 1925 1828 1980 Β
1858 1912 2111 1978 gentibus
2131 1915 2344 1979 quidem
2370 1923 2496 1966 tunc
2518 1915 2784 1969 sentiebat
2818 1930 2832 1968 :
2870 1924 2925 1968 at
2968 1916 3092 1968 dum
3130 1931 3252 1969 eum
3281 1932 3426 1971 mors

174 2006 360 2058 λουσιν
383 2006 814 2076 ἐπιστρέφοντες
842 2004 1115 2073 δεχθῆναι,
1143 2005 1223 2057 ὅτι
1255 2004 1546 2073 ἐγγράφως
1577 2002 1755 2055 αὐτῶν

175 2098 233 2149 τδ
259 2097 528 2167 φρόνημα
562 2096 1067 2165 ἁναθεματίζοντες.
1105 2094 1268 2149 Ἀλλὰ
1297 2098 1389 2149 καὶ
1432 2096 1490 2147 ἐν
1519 2097 1585 2166 τῇ
1622 2093 1757 2164 πρὸς

179 2192 481 2257 Νεστόριον
530 2190 852 2244 Κελεστίνου
905 2189 996 2243 τοῦ
1043 2191 1340 2242 ἐπισκόπου
1380 2188 1598 2257 Ῥώμης
1640 2189 1759 2241 ἐπι-

181 2283 336 2352 στολῇ
368 2284 403 2351 ἡ
440 2282 563 2334 κατ’
590 2282 772 2335 αὐτῶν
800 2281 1040 2348 ἔγκειται
1082 2280 1324 2351 διαϐολή.
1366 2280 1613 2351 Ἔγραψε
1641 2280 1697 2333 δέ
1732 2283 1760 2334 ό

180 2376 343 2441 αὑτὸς
396 2378 514 2439 τοῖς
549 2376 608 2429 ἐν
641 2375 890 2439 Γαλλίαις
929 2376 1247 2437 ἐπισκόποις
1292 2374 1416 2444 περί
1445 2391 1504 2427 τε
1541 2374 1640 2443 τῆς
1666 2373 1758 2426 τοῦ

180 2471 335 2537 ἁγίου
368 2470 741 2538 Αὐγουστίνου
769 2469 1002 2531 πίστεως
1027 2470 1118 2521 καὶ
1144 2466 1285 2520 κατὰ
1306 2467 1413 2519 τῶν
1440 2466 1758 2528 ἁλαζονευο·

185 2564 361 2631 μένων
381 2564 496 2631 ιέπὶ
516 2565 580 2632 τῇ
613 2562 709 2631 τῆς
742 2561 1003 2632 αἱρέσεως
1026 2560 1263 2626 ἐξουσία.
1303 2559 1549 2629 Ἔγραψε
1579 2559 1636 2612 δέ
1661 2558 1755 2611 καὶ

192 2657 520 2725 Ἱερώνυμος
574 2654 943 2725 πρεσϐύτερος
1004 2653 1140 2723 πρὸς
1188 2652 1553 2721 Κτησιφῶντα
1618 2652 1758 2705 κατὰ

181 2750 284 2799 τῶν
315 2750 593 2816 λεγόντων
636 2747 905 2800 ἀπάθειαν
935 2748 1053 2816 ἦτοι
1085 2746 1227 2798 κατὰ
1270 2744 1553 2811 Πελαγίου.
1590 2738 1758 2805 Οὗτος

183 2844 236 2895 δέ
266 2845 293 2894 ὁ
324 2843 595 2909 Πελὰγιος
625 2841 853 2912 μοναχδς
896 2836 983 2910 ἦν,
1017 2838 1263 2909 μαθητὴν
1308 2838 1647 2907 κτησάμενος
1668 2836 1758 2888 τὸν

184 2934 387 2986 Keller.
398 2952 499 2985 ιον.

1862 2014 2097 2075 legatum
2135 2004 2604 2074 Constantinopnli
2630 2007 3189 2073 agenteminvaderet,
3228 2009 3294 2060 ad
3337 2023 3428 2061 or-

1862 2098 2077 2151 thoxam
2111 2096 2267 2151 iidem
2300 2098 2534 2159 transiit,
2563 2099 2973 2168 baptisatusque
2995 2111 3079 2154 est
3102 2117 3130 2154 a
3156 2100 3215 2153 Β.
3235 2098 3429 2155 Proclo

1860 2188 2472 2259 Constantinopolitano.
2502 2189 2621 2256 Quo
2653 2191 2779 2243 item
2812 2200 3053 2260 tempore
3112 2191 3258 2245 illam
3300 2207 3427 2245 san-

1863 2293 2006 2337 ctam
2043 2282 2319 2336 mulierem
2362 2281 2495 2335 forte
2524 2284 2794 2345 convenit,
2823 2299 2942 2337 cum
2973 2284 3084 2352 ipsa
3113 2284 3427 2352 Hierosoly-

1864 2378 1967 2429 mis
2004 2376 2055 2428 in
2082 2376 2283 2444 regiam
2324 2376 2507 2429 urbem
2556 2376 2882 2429 advenisset.
2939 2376 3171 2446 Scripsit
3216 2387 3271 2431 et
3310 2377 3428 2432 Leo

1862 2467 2231 2521 Romanorum
2256 2466 2411 2522 Pont.
2445 2467 2509 2521 de
2540 2466 2911 2535 Pelagianistis
2936 2468 3233 2529 conversis.
3258 2484 3425 2537 opor-

1862 2569 1999 2625 tere,
2033 2561 2077 2615 si
2107 2560 2218 2629 jam
2248 2562 2535 2615 redeuntes
2559 2560 2725 2629 recipi
2759 2560 2945 2623 velint,
2979 2560 3199 2629 scriptis
3224 2560 3423 2614 tabulis

1863 2669 2105 2708 errorem
2144 2668 2299 2708 suum
2328 2652 2605 2707 detestari.
2638 2651 2691 2705 In
2746 2651 2974 2721 epistola
3008 2668 3221 2722 quoque
3272 2652 3429 2707 Cele-

1863 2746 1989 2800 stini
2018 2745 2245 2799 Roman.
2279 2744 2555 2798 Pontificis
2587 2745 2652 2798 ad
2698 2743 3023 2811 Nestorium,
3056 2744 3214 2797 iidem
3258 2747 3431 2798 haere-

1865 2838 1953 2890 tici
1990 2836 2473 2904 reprehenduntur.
2510 2836 2741 2905 Scripsit
2784 2834 2924 2888 idem
2952 2846 3005 2889 et
3035 2835 3099 2888 ad
3135 2834 3427 2890 Galliarum

1861 2929 2144 2998 episcopos
2180 2931 2245 2983 de
2287 2928 2388 2982 lide
2443 2928 2505 2981 Β.
2545 2928 2856 2996 Augustini,
2888 2936 2944 2981 et
2974 2938 3164 2981 contra
3193 2943 3309 2993 eos,
3336 2929 3428 2996 qui

185 3026 414 3079 lurresis
446 3024 660 3078 licentia
698 3024 857 3079 nimis
889 3024 1015 3079 elati
1057 3022 1463 3078 insolescerent.
1493 3018 1725 3087 Scripsit
1756 3020 1919 3075 etiam
1956 3020 2320 3092 Hieronymus
2350 3022 2637 3091 presbyter
2710 3020 2774 3073 ad
2822 3018 3227 3089 Ctesiphontem
3289 3035 3427 3073 cou-

187 3125 262 3165 tra
330 3125 645 3168 asserentes
702 3116 970 3169 ἀπάθειαν
1032 3115 1121 3185 (id
1180 3123 1263 3167 est

1350 3110 1835 3179 impassibilitatem
1898 3111 2009 3181 (9i)
2061 3111 2143 3166 vel
2197 3112 2767 3181 imperturbationem)
2834 3126 2930 3165 seu
2991 3118 3182 3163 contra
3261 3109 3409 3165 Pela-

184 3210 350 3274 gium.
414 3207 513 3263 Hic
554 3220 730 3262 autem
781 3208 1026 3276 Pelagius
1064 3210 1353 3263 monachus
1387 3206 1505 3265 fuit,
1563 3204 1855 3260 Celestium
1887 3206 2208 3274 discipulum
2232 3217 2441 3260 nactus.

907 3302 1027 3357 ΝΔῑ.

194 3400 403 3469 Ἑτέρα
433 3398 694 3464 σύνοδος
726 3395 1011 3469 κατὰμτῆς
1045 3393 1420 3469 Πελαγιανῆς
1448 3393 1760 3464 καὶζιίελε-

674 3466 890 3535 στιανῆ
898 3487 928 3531 ς
966 3466 1243 3534 αἱρέσεως
1256 3503 1269 3517 .

254 3560 601 3630 Ἀνεγνὼσθη
625 3561 781 3615 Κατὰ
803 3558 912 3625 τῆς
943 3556 1423 3624 Ηελαγιιινῆςθιωί
1445 3561 1757 3610 Κελεστια·

183 3655 298 3721 γῆς
328 3653 639 3720 αΙρέσεως,
671 3645 731 3704 οῦ
762 3653 793 3719 ἡ
826 3650 1127 3719 ἐπιγραφὴ,
1160 3644 1759 3715 Ἶσάὶηπρατμένων

183 3749 239 3797 ἰν
277 3748 389 3808 τοῖς
421 3745 657 3805 δπικοίς
685 3742 1007 3804 ἐπισκόποις
1062 3739 1205 3792 κατὰ
1234 3740 1342 3790 τῶν
1378 3738 1758 3806 Νεστοριανῶν

182 3836 493 3902 δογμάτων.
552 3834 640 3887 Ἐν
682 3825 726 3899 ᾧ
775 3834 1084 3901 γέγραπται
1115 3829 1189 3892 ὡς
1229 3831 1259 3897 ή
1302 3828 1636 3897 Nan-optavi)
1666 3827 1758 3879 καὶ

184 3924 524 3993 Κελεστιανὴ
557 3923 768 3991 αἵρεσις
796 3924 827 3990 ἡ
860 3921 996 3989 αὐτή
1042 3923 1177 3973 ἐστι.
1204 3920 1360 3987 Φέρει
1393 3920 1448 3971 δὲ
1485 3922 1579 3971 κα).
1618 3919 1759 3987 μάρ-

180 4031 313 4085 τυρα
359 4014 633 4085 Κύριλλον
672 4014 764 4066 τὸν
809 4011 1247 4082 Ἀλεξανδρείας,
1300 4013 1580 4080 γράφοντα
1624 4010 1760 4079 πρὸς

180 4108 464 4175 Θεοδόσιον
510 4106 605 4157 τὸν
643 4105 864 4174 βασιλέα
897 4104 972 4167 ὡς
1021 4106 1054 4174 ἡ
1100 4104 1236 4175 αὐτή
1288 4103 1435 4155 ἐστιν
1480 4104 1692 4170 αἵρεσις
1724 4101 1757 4169 ἠ

181 4170 525 4268 Νεστορδιανὴ
579 4170 651 4267 τῇ*
696 4170 1053 4267 Κελεστιανῇ.
1096 4170 1265 4265 Δῆλον
1319 4194 1396 4256 δὲ,
1450 4194 1649 4263 φησιν’
1709 4197 1757 4247 oi

186 4288 277 4358 μέν
322 4290 439 4356 γὰρ
490 4286 839 4339 Κελεστιανοὶ
879 4287 1007 4355 περὶ
1048 4284 1142 4338 τοῦ
1197 4283 1447 4352 σώματος
1497 4285 1614 4354 ἦτοι
1651 4283 1759 4337 τῶν

185 4380 359 4447 μελῶν
388 4377 487 4430 τοῦ
520 4378 780 4447 Χριστοῦ,
809 4378 1054 4429 τουτέστι
1088 4377 1188 4445 τῆς
1232 4375 1580 4446 Ἐκκλησίας,
1620 4377 1757 4429 ἁπο-

182 4470 549 4539 θρασύνονται
574 4470 654 4522 ὅτι
682 4486 789 4537 περ
816 4470 937 4538 οὐχ).
955 4468 983 4520 ὁ
1005 4467 1158 4530 Θεὸς,
1180 4467 1426 4519 τουτέστι
1455 4468 1518 4520 τὸ
1536 4467 1758 4536 Πνεῦμα

179 4562 237 4614 τὸ
266 4565 449 4631 ἅγιον,
496 4563 599 4630 τήν
626 4578 683 4613 τε
714 4561 896 4613 πίστιν
939 4561 1120 4622 αὐτοῖς
1158 4562 1251 4611 καὶ
1292 4562 1467 4614 πάντα
1516 4561 1584 4613 τὰ
1620 4560 1756 4628 πρὸς

2570 3300 2704 3356 LIV.

1863 3392 2152 3462 Exemplar
2183 3393 2435 3467 Actorum
2469 3394 2532 3446 ab
2576 3393 2875 3467 Occidentis
2930 3397 3183 3467 episwpis
3242 3408 3426 3453 contra

2214 3462 2582 3525 Nestorianos,
2626 3476 2672 3517 et
2706 3464 3039 3533 Pelagianos.

1926 3556 2120 3610 Lectus
2150 3567 2234 3609 est
2261 3554 2395 3608 liber
2426 3553 2624 3608 Contra
2676 3556 3023 3626 Pelagianam
3078 3571 3124 3612 et
3164 3558 3421 3614 Celestin-

1860 3663 1983 3700 nant
2008 3646 2271 3709 lucrosius,
2300 3646 2452 3713 cujus
2476 3646 2590 3700 hac
2631 3647 2914 3717 inscriptio
2951 3666 2965 3703 :
3004 3648 3293 3717 Euntplar
3328 3652 3430 3705 Ac-

1862 3745 2031 3788 torans
2059 3733 2169 3804 (92)
2206 3734 2271 3787 ab
2306 3732 2613 3789 Occidentis
2644 3735 2908 3804 episcopis
2947 3739 3203 3791 adversus
3232 3736 3424 3793 Nesto-

1862 3828 2009 3880 riaua
2035 3828 2303 3895 dogmata.
2346 3824 2444 3879 Hic
2461 3824 2626 3879 refert
2651 3828 2893 3881 eamdem
2914 3843 3034 3882 esse
3052 3827 3424 3883 Nestorianam

1858 3926 1914 3971 et
1949 3917 2304 3972 Celestianam
2357 3918 2650 3972 haeresim:
2692 3928 2988 3987 testemque
3040 3920 3221 3974 laudat
3250 3921 3427 3991 Cyril-

1860 4009 1969 4063 lum
2028 4010 2453 4064 Alexandrinum
2506 4010 2837 4078 episcopum,
2889 4010 3022 4082 15b
3062 4013 3129 4065 ad
3178 4012 3428 4067 Theodo-

1860 4101 1998 4154 sium
2066 4101 2193 4168 imp.
2248 4099 2624 4154 Nestorianam
2674 4110 2729 4156 et
2770 4100 3129 4155 Celestianam
3193 4104 3426 4157 limreses

1858 4193 2171 4262 conspirare
2196 4193 2543 4248 scribentem.
2586 4192 2807 4246 Planum
2861 4194 2910 4247 id
2946 4203 3052 4256 est,
3088 4193 3285 4261 inquit.
3322 4194 3424 4249 Co-

1861 4284 2072 4339 lestiaui
2096 4284 2238 4339 enim
2262 4285 2328 4338 de
2365 4298 2611 4352 corpore.
2646 4299 2742 4338 seu
2778 4284 3035 4339 membris
3063 4284 3284 4346 Christi,
3322 4286 3422 4339 hoc

1857 4386 1940 4431 est
1968 4378 2034 4429 de
2057 4375 2296 4430 Ecclesia
2329 4376 2639 4445 petulanter
2689 4376 2790 4430 ista
2827 4377 3075 4443 jactant:
3108 4393 3213 4430 non
3248 4378 3414 4431 Deum

1860 4468 2055 4536 ipsum,
2095 4468 2146 4521 id
2172 4477 2254 4520 est
2274 4466 2530 4535 Spiritum
2556 4478 2823 4531 sanctum,
2847 4467 3001 4521 (idem
3028 4469 3182 4536 ipsis,
3204 4469 3417 4522 omnia-

1859 4572 1964 4625 que
1998 4561 2063 4609 ad
2102 4557 2290 4619 vitam,
2350 4557 2606 4624 pietatem
2657 4566 2713 4611 et
2761 4557 2985 4611 salutem
3064 4557 3418 4624 necessaria;

183 4656 319 4727 ζωὴν
355 4656 453 4710 καὶ
500 4654 784 4707 εὐσέϐειαν
810 4653 901 4705 καὶ
946 4652 1219 4721 σωτηρίαν
1254 4653 1453 4722 διαιρεί
1481 4652 1586 4721 ἰδία
1624 4652 1755 4703 ἑκά·
1789 4649 1831 4702 D

1750 4680 1755 4692 ι
1789 4649 1831 4702 D
1860 4647 2108 4716 privatim
2140 4646 2381 4700 dividere
2413 4646 2725 4714 unicuique,
2761 4654 2919 4714 prout
2948 4645 3095 4707 velit,
3152 4647 3244 4698 sed
3278 4661 3412 4699 cou-

184 4765 303 4817 στῳ,
335 4747 529 4808 καθὼς
561 4744 827 4814 βούλεται,
854 4744 967 4796 ἀλλ’
995 4745 1075 4795 ὅτι
1106 4761 1213 4813 περ
1241 4745 1273 4811 ἠ
1304 4746 1753 4811 κατατεταγμένη

180 4838 266 4891 τοῦ
296 4837 596 4908 ἀνθρώπου
634 4836 813 4903 φύσις,
845 4837 878 4905 ἡ
917 4835 1003 4889 διὰ
1030 4835 1131 4905 τὴν
1177 4834 1485 4905 παράϐασιν
1530 4836 1623 4886 καὶ
1654 4833 1754 4904 τὴν

1859 4740 2098 4793 stltutam
2124 4737 2354 4790 hominis
2372 4746 2619 4790 naturam
2639 4738 2779 4805 (quae
2792 4740 3409 4805 pertrausgressionem,

1858 4840 1911 4884 et
1928 4840 2208 4899 peccatum
2223 4830 2362 4883 beati
2372 4829 2555 4882 tudine
2568 4829 2787 4895 excidit,
2801 4838 2959 4897 atque
2974 4844 3003 4882 a
3019 4828 3127 4883 Deo
3148 4836 3417 4896 separata,

1438 4976 1671 5033 νΑιιιΑλ)
1731 4970 2139 5030 LECTIONES.

248 5101 288 5132 "
314 5098 568 5166 ἁϐρίλιον
624 5116 686 5161 ς.
784 5098 832 5130 ’⁸
867 5096 1072 5167 ἔγραψε
1109 5093 1349 5167 δέίμετὰ
1402 5111 1468 5167 ς.

184 5172 335 5237 ἁγίας
361 5170 617 5239 Μελένης
639 5175 733 5239 (με

182 5243 323 5305 παρὰ
352 5238 449 5291 τοῦ
481 5236 641 5305 ἁγίου
667 5236 937 5307 ΤΙρόκλου
976 5236 1070 5289 τοῦ

1574 5095 1621 5127 ⁷⁸
1660 5104 1781 5160 post
1822 5090 2175 5145 Οὐολοσιανδν
2214 5090 2371 5159 vulgo
2400 5089 2517 5143 bzec
2549 5088 2751 5142 addunt
2778 5100 2799 5160 :_
2822 5079 2975 5160 οῦτρς
2996 5080 3092 5160 ἦν-
3124 5084 3266 5149 οιῖος
3308 5085 3422 5160 Δ’τῆς

816 5155 962 5237 cod.)
1003 5155 1369 5237 έλληνόφρων.
1397 5155 1455 5215 ἐν
1487 5166 1544 5218 δέ
1576 5155 1888 5237 τῴἁποθνῄ
1900 5155 2443 5237 σκειν-μεταθέ-ιξενος
2472 5161 2605 5237 προς
2631 5160 2691 5237 τδ
2712 5155 2989 5237 ὀρθόδοξον
3012 5155 3102 5237 καὶ
3126 5156 3421 5237 φωτι-σθεὶς

1157 5226 1731 5295 ωνσταντινουπόλεως
1760 5250 1775 5265 ι
1812 5226 1977 5285 αὐτοῦ
2004 5226 2113 5300 γὰρ
2164 5226 2357 5299 εὑρέθη
2396 5226 2625 5299 πρέσϐις
2661 5226 3006 5300 ἀποσταλεὶς,
3049 5226 3136 5277 ὅτε
3191 5228 3285 5278 καὶ
3349 5230 3417 5297 τῇ

178 5298 306 5381 ἁγία
345 5298 603 5379 ἐνέτυίεν
638 5298 1101 5379 ἐξἹέροσολύμων
1130 5302 1514 5377 καταλαϐούσῃ
1543 5311 1641 5373 τὴν
1678 5302 1926 5373 βασιλίδα
1957 5298 2340 5365 τῶνπόλεων,
2380 5298 2500 5369 qna».
2532 5301 2584 5353 in
2629 5314 2737 5367 mg.
2769 5298 2931 5351 habet
2963 5299 3004 5348 Δ
3024 5334 3040 5359 ,
3077 5312 3106 5348 a
3151 5310 3230 5349 rc.
3256 5311 3417 5350 manu

180 5392 381 5436 addita.

1703 5467 1936 5525 ΝΟΤΛΕ.

264 5566 375 5631 (88)
415 5566 792 5631 Constantius,
820 5578 877 5620 ιιι
904 5565 1013 5637 iam
1044 5568 1177 5624 alias
1207 5576 1471 5622 notatum.

251 5638 360 5707 (89)
379 5636 552 5709 Quod
575 5641 716 5709 apud
755 5640 816 5693 D.
843 5634 1040 5694 Baron.
1064 5640 1280 5709 legitur,
1309 5651 1440 5694 tom.
1475 5634 1513 5690 V
1538 5635 1735 5691 Annal.

181 5708 244 5759 ad
276 5706 347 5758 Α.
365 5706 656 5772 Qh.,4207,
684 5709 857 5761 initio.

248 5775 357 5849 «90)
388 5774 655 5843 Melaniae,
689 5779 844 5849 cujus
872 5776 989 5833 Vita
1021 5777 1074 5834 in
1104 5776 1364 5848 Ustaphr.
1423 5777 1519 5832 ult.
1576 5774 1733 5830 .lauu.

183 5862 235 5897 et
264 5848 379 5899 δίη.
417 5863 544 5901 ιυιιι.
580 5849 623 5902 l.

1916 5561 2025 5635 (9!)
2060 5562 2138 5635 _l_la
2176 5562 2279 5617 hoc
2314 5561 2431 5617 loco
2460 5562 2525 5635 AD.
2558 5560 2777 5635 Hieron.
2820 5559 3051 5635 reddidit
3078 5553 3316 5635 tom._II.

1913 5630 2026 5702 (92)
2059 5630 2599 5702 ἰσαπεπραγμένων.
2642 5630 3054 5702 Eademl‘orma.
3088 5630 3269 5702 quain
3302 5635 3412 5677 ter-

1847 5698 2181 5769 tia'ge'nerali
2207 5698 2433 5771 synodo,
2460 5717 2578 5770 quae
2613 5702 2805 5771 Ephesi
2841 5701 3023 5752 habita
3077 5698 3409 5771 pa_ssini_oc-

1843 5766 2033 5825 currit.
2051 5771 2194 5824 Ἰσον
2216 5766 2564 5841 γράμματά.
2580 5772 2725 5823 Ἴσον
2751 5770 3071 5838 ἀποφορίας,
3106 5766 3248 5819 Ἴσον
3268 5766 3405 5818 ὑπο-

1851 5842 2149 5910 μνήματος,
2186 5858 2281 5910 pro
2308 5842 2616 5909 exemplari,
2652 5851 2742 5896 aut
2775 5842 3079 5908 descriptio.
