  <div class='ocr_page' id='page_1' title='image "/cluster/home/n/w/nwhite01/storage/ocr_20150623/103/nnc1.0046979689/055.png"; bbox 0 0 4210 6442; ppageno 0'>
   <div class='ocr_carea' id='block_1_1' title="bbox 761 432 829 492">
    <p class='ocr_par' dir='ltr' id='par_1_1' title="bbox 761 432 829 492">
     <span class='ocr_line' id='line_1_1' title="bbox 761 432 829 492; baseline -0.044 0"><span class='ocrx_word' id='word_1_1' title='bbox 761 432 829 492; x_wconf 81' lang='grc'><strong>95</strong></span> 
     </span>
    </p>
   </div>
   <div class='ocr_carea' id='block_1_2' title="bbox 1846 408 2796 475">
    <p class='ocr_par' dir='ltr' id='par_1_2' title="bbox 1846 408 2796 475">
     <span class='ocr_line' id='line_1_2' title="bbox 1846 408 2796 475; baseline -0.011 0"><span class='ocrx_word' id='word_1_2' title='bbox 1846 416 2103 475; x_wconf 86' lang='lat' dir='ltr'><strong>PIIOTll</strong></span> <span class='ocrx_word' id='word_1_3' title='bbox 2142 409 2647 473; x_wconf 63' lang='lat' dir='ltr'><strong>PATRIARCHIE</strong></span> <span class='ocrx_word' id='word_1_4' title='bbox 2687 408 2796 467; x_wconf 90' lang='lat' dir='ltr'><strong>CP.</strong></span> 
     </span>
    </p>
   </div>
   <div class='ocr_carea' id='block_1_3' title="bbox 3903 388 3977 451">
    <p class='ocr_par' dir='ltr' id='par_1_3' title="bbox 3903 388 3977 451">
     <span class='ocr_line' id='line_1_3' title="bbox 3903 388 3977 451; baseline 0 0"><span class='ocrx_word' id='word_1_5' title='bbox 3903 388 3977 451; x_wconf 79' lang='lat'><strong>96</strong></span> 
     </span>
    </p>
   </div>
   <div class='ocr_carea' id='block_1_4' title="bbox 762 502 2424 600">
    <p class='ocr_par' dir='ltr' id='par_1_4' title="bbox 762 524 2424 600">
     <span class='ocr_line' id='line_1_4' title="bbox 762 524 2424 600; baseline -0.014 -9"><span class='ocrx_word' id='word_1_6' title='bbox 762 537 923 591; x_wconf 89' lang='lat' dir='ltr'><strong>morti</strong></span> <span class='ocrx_word' id='word_1_7' title='bbox 950 534 1147 589; x_wconf 90' lang='lat' dir='ltr'><strong>tradita</strong></span> <span class='ocrx_word' id='word_1_8' title='bbox 1179 530 1284 600; x_wconf 88' lang='lat' dir='ltr'><strong>est)</strong></span> <span class='ocrx_word' id='word_1_9' title='bbox 1331 545 1430 600; x_wconf 91' lang='lat' dir='ltr'><strong>pro</strong></span> <span class='ocrx_word' id='word_1_10' title='bbox 1475 529 1665 583; x_wconf 90' lang='lat' dir='ltr'><strong>merito</strong></span> <span class='ocrx_word' id='word_1_11' title='bbox 1710 528 2001 582; x_wconf 90' lang='lat' dir='ltr'><strong>voluntatis</strong></span> <span class='ocrx_word' id='word_1_12' title='bbox 2065 526 2317 576; x_wconf 86' lang='lat' dir='ltr'><strong>uuiuscu—</strong></span> <span class='ocrx_word' id='word_1_13' title='bbox 2346 524 2389 577; x_wconf 85' lang='lat' dir='ltr'><strong>A</strong></span> <span class='ocrx_word' id='word_1_14' title='bbox 2420 544 2424 567; x_wconf 75' lang='grc'><strong><em>4</em></strong></span> 
     </span>
    </p>
   </div>
   <div class='ocr_carea' id='block_1_5' title="bbox 2314 502 3976 600">
    <p class='ocr_par' dir='ltr' id='par_1_5' title="bbox 2314 502 3976 587">
     <span class='ocr_line' id='line_1_5' title="bbox 2314 502 3976 587; baseline -0.014 -11"><span class='ocrx_word' id='word_1_15' title='bbox 2314 554 2317 561; x_wconf 83' lang='lat'><strong><em>~</em></strong></span> <span class='ocrx_word' id='word_1_16' title='bbox 2346 524 2389 577; x_wconf 83' lang='lat' dir='ltr'><strong>A</strong></span> <span class='ocrx_word' id='word_1_17' title='bbox 2420 519 2693 587; x_wconf 82' lang='grc' dir='ltr'><strong>ἁμαρτίαν</strong></span> <span class='ocrx_word' id='word_1_18' title='bbox 2719 518 2818 584; x_wconf 83' lang='grc' dir='ltr'>τῆς</span> <span class='ocrx_word' id='word_1_19' title='bbox 2852 515 2950 581; x_wconf 82' lang='grc' dir='ltr'>μὲν</span> <span class='ocrx_word' id='word_1_20' title='bbox 2980 511 3376 581; x_wconf 79' lang='grc' dir='ltr'><strong>μακαριότητος</strong></span> <span class='ocrx_word' id='word_1_21' title='bbox 3413 503 3719 557; x_wconf 68' lang='grc' dir='ltr'>ἐκπεσοῦσα</span> <span class='ocrx_word' id='word_1_22' title='bbox 3756 503 3850 554; x_wconf 74' lang='grc' dir='ltr'>καὶ</span> <span class='ocrx_word' id='word_1_23' title='bbox 3879 502 3976 552; x_wconf 80' lang='grc' dir='ltr'>τοῦ</span> 
     </span>
    </p>
   </div>
   <div class='ocr_carea' id='block_1_6' title="bbox 758 615 2313 697">
    <p class='ocr_par' dir='ltr' id='par_1_6' title="bbox 758 615 2313 697">
     <span class='ocr_line' id='line_1_6' title="bbox 758 615 2313 697; baseline -0.01 -15"><span class='ocrx_word' id='word_1_24' title='bbox 758 631 985 697; x_wconf 87' lang='lat' dir='ltr'><strong>jusque;</strong></span> <span class='ocrx_word' id='word_1_25' title='bbox 1019 626 1277 693; x_wconf 74' lang='lat' dir='ltr'><strong>Spiritum</strong></span> <span class='ocrx_word' id='word_1_26' title='bbox 1323 623 1567 676; x_wconf 87' lang='lat' dir='ltr'><strong>sanctum</strong></span> <span class='ocrx_word' id='word_1_27' title='bbox 1620 628 1674 675; x_wconf 87' lang='lat' dir='ltr'><strong>et</strong></span> <span class='ocrx_word' id='word_1_28' title='bbox 1706 618 1999 688; x_wconf 86' lang='lat' dir='ltr'><strong>appellare,</strong></span> <span class='ocrx_word' id='word_1_29' title='bbox 2054 626 2108 669; x_wconf 94' lang='lat' dir='ltr'><strong>et</strong></span> <span class='ocrx_word' id='word_1_30' title='bbox 2138 615 2313 684; x_wconf 83' lang='lat' dir='ltr'><strong>repel-</strong></span> 
     </span>
    </p>
   </div>
   <div class='ocr_carea' id='block_1_7' title="bbox 762 710 2319 783">
    <p class='ocr_par' dir='ltr' id='par_1_7' title="bbox 762 710 2319 783">
     <span class='ocr_line' id='line_1_7' title="bbox 762 710 2319 783; baseline -0.01 -9"><span class='ocrx_word' id='word_1_31' title='bbox 762 722 895 774; x_wconf 92' lang='lat' dir='ltr'><strong>lere.</strong></span> <span class='ocrx_word' id='word_1_32' title='bbox 949 715 1252 771; x_wconf 67' lang='lat' dir='ltr'><strong>Nestoriani</strong></span> <span class='ocrx_word' id='word_1_33' title='bbox 1294 729 1423 783; x_wconf 81' lang='lat' dir='ltr'><strong>vero</strong></span> <span class='ocrx_word' id='word_1_34' title='bbox 1460 714 1528 765; x_wconf 88' lang='lat' dir='ltr'><strong>de</strong></span> <span class='ocrx_word' id='word_1_35' title='bbox 1586 712 1702 780; x_wconf 86' lang='lat' dir='ltr'><strong>ipso</strong></span> <span class='ocrx_word' id='word_1_36' title='bbox 1754 712 1916 765; x_wconf 91' lang='lat' dir='ltr'><strong>etiam</strong></span> <span class='ocrx_word' id='word_1_37' title='bbox 1955 710 2195 775; x_wconf 87' lang='lat' dir='ltr'><strong>eurporis</strong></span> <span class='ocrx_word' id='word_1_38' title='bbox 2232 721 2319 759; x_wconf 89' lang='lat' dir='ltr'><strong>ca-</strong></span> 
     </span>
    </p>
   </div>
   <div class='ocr_carea' id='block_1_8' title="bbox 764 798 2317 878">
    <p class='ocr_par' dir='ltr' id='par_1_8' title="bbox 764 798 2317 878">
     <span class='ocr_line' id='line_1_8' title="bbox 764 798 2317 878; baseline -0.008 -17"><span class='ocrx_word' id='word_1_39' title='bbox 764 812 872 878; x_wconf 77' lang='lat' dir='ltr'><strong>pite</strong></span> <span class='ocrx_word' id='word_1_40' title='bbox 894 808 1133 868; x_wconf 88' lang='lat' dir='ltr'><strong>Christo,</strong></span> <span class='ocrx_word' id='word_1_41' title='bbox 1163 806 1349 860; x_wconf 88' lang='lat' dir='ltr'><strong>eadem</strong></span> <span class='ocrx_word' id='word_1_42' title='bbox 1406 804 1631 863; x_wconf 79' lang='lat' dir='ltr'><strong>sentire,</strong></span> <span class='ocrx_word' id='word_1_43' title='bbox 1676 812 1730 855; x_wconf 90' lang='lat' dir='ltr'><strong>et</strong></span> <span class='ocrx_word' id='word_1_44' title='bbox 1775 801 2040 853; x_wconf 74' lang='lat' dir='ltr'><strong>affirmare</strong></span> <span class='ocrx_word' id='word_1_45' title='bbox 2096 798 2317 849; x_wconf 81' lang='lat' dir='ltr'><strong>audent.</strong></span> 
     </span>
    </p>
   </div>
   <div class='ocr_carea' id='block_1_9' title="bbox 764 888 2320 963">
    <p class='ocr_par' dir='ltr' id='par_1_9' title="bbox 764 888 2320 963">
     <span class='ocr_line' id='line_1_9' title="bbox 764 888 2320 963; baseline -0.01 -10"><span class='ocrx_word' id='word_1_46' title='bbox 764 902 1027 953; x_wconf 86' lang='lat' dir='ltr'><strong>Asserunt</strong></span> <span class='ocrx_word' id='word_1_47' title='bbox 1057 898 1223 957; x_wconf 90' lang='lat' dir='ltr'><strong>enim,</strong></span> <span class='ocrx_word' id='word_1_48' title='bbox 1258 893 1691 963; x_wconf 81' lang='lat' dir='ltr'><strong>quandoquidem</strong></span> <span class='ocrx_word' id='word_1_49' title='bbox 1715 901 1909 944; x_wconf 65' lang='lat' dir='ltr'><strong>nostra?</strong></span> <span class='ocrx_word' id='word_1_50' title='bbox 1936 888 2184 943; x_wconf 83' lang='lat' dir='ltr'><strong>Christus</strong></span> <span class='ocrx_word' id='word_1_51' title='bbox 2225 900 2320 938; x_wconf 89' lang='lat' dir='ltr'><strong>na—</strong></span> 
     </span>
    </p>
   </div>
   <div class='ocr_carea' id='block_1_10' title="bbox 766 978 2320 1058">
    <p class='ocr_par' dir='ltr' id='par_1_10' title="bbox 766 978 2320 1058">
     <span class='ocr_line' id='line_1_10' title="bbox 766 978 2320 1058; baseline -0.01 -14"><span class='ocrx_word' id='word_1_52' title='bbox 766 1002 898 1045; x_wconf 65' lang='lat' dir='ltr'><strong>turae</strong></span> <span class='ocrx_word' id='word_1_53' title='bbox 922 993 988 1043; x_wconf 86' lang='lat' dir='ltr'><strong>sit</strong></span> <span class='ocrx_word' id='word_1_54' title='bbox 1017 988 1283 1058; x_wconf 80' lang='lat' dir='ltr'><strong>particeps</strong></span> <span class='ocrx_word' id='word_1_55' title='bbox 1313 985 1509 1046; x_wconf 80' lang='lat' dir='ltr'><strong>factus,</strong></span> <span class='ocrx_word' id='word_1_56' title='bbox 1561 994 1617 1036; x_wconf 91' lang='lat' dir='ltr'><strong>et</strong></span> <span class='ocrx_word' id='word_1_57' title='bbox 1663 983 1803 1036; x_wconf 90' lang='lat' dir='ltr'><strong>Deus</strong></span> <span class='ocrx_word' id='word_1_58' title='bbox 1842 995 2032 1033; x_wconf 90' lang='lat' dir='ltr'><strong>omnes</strong></span> <span class='ocrx_word' id='word_1_59' title='bbox 2074 978 2320 1031; x_wconf 76' lang='lat' dir='ltr'><strong>homines</strong></span> 
     </span>
    </p>
   </div>
   <div class='ocr_carea' id='block_1_11' title="bbox 767 1069 2320 1141">
    <p class='ocr_par' dir='ltr' id='par_1_11' title="bbox 767 1069 2320 1141">
     <span class='ocr_line' id='line_1_11' title="bbox 767 1069 2320 1141; baseline -0.012 -4"><span class='ocrx_word' id='word_1_60' title='bbox 767 1084 1015 1137; x_wconf 82' lang='lat' dir='ltr'><strong>similiter</strong></span> <span class='ocrx_word' id='word_1_61' title='bbox 1055 1080 1235 1132; x_wconf 79' lang='lat' dir='ltr'><strong>salvos</strong></span> <span class='ocrx_word' id='word_1_62' title='bbox 1268 1079 1381 1131; x_wconf 89' lang='lat' dir='ltr'><strong>fieri</strong></span> <span class='ocrx_word' id='word_1_63' title='bbox 1418 1077 1566 1138; x_wconf 81' lang='lat' dir='ltr'><strong>velit,</strong></span> <span class='ocrx_word' id='word_1_64' title='bbox 1628 1072 2113 1141; x_wconf 78' lang='lat' dir='ltr'><strong>unumqumnlibet,</strong></span> <span class='ocrx_word' id='word_1_65' title='bbox 2156 1069 2320 1122; x_wconf 89' lang='lat' dir='ltr'><strong>etiam</strong></span> 
     </span>
    </p>
   </div>
   <div class='ocr_carea' id='block_1_12' title="bbox 773 1164 2320 1242">
    <p class='ocr_par' dir='ltr' id='par_1_12' title="bbox 773 1164 2320 1242">
     <span class='ocr_line' id='line_1_12' title="bbox 773 1164 2320 1242; baseline -0.008 -18"><span class='ocrx_word' id='word_1_66' title='bbox 773 1191 871 1242; x_wconf 73' lang='lat' dir='ltr'><strong>per</strong></span> <span class='ocrx_word' id='word_1_67' title='bbox 930 1170 1139 1224; x_wconf 81' lang='lat' dir='ltr'><strong>arbitrii</strong></span> <span class='ocrx_word' id='word_1_68' title='bbox 1193 1170 1272 1220; x_wconf 88' lang='lat' dir='ltr'><strong>sui</strong></span> <span class='ocrx_word' id='word_1_69' title='bbox 1333 1167 1658 1225; x_wconf 85' lang='lat' dir='ltr'><strong>libertatem,</strong></span> <span class='ocrx_word' id='word_1_70' title='bbox 1710 1164 1984 1230; x_wconf 90' lang='lat' dir='ltr'><strong>pr0prium</strong></span> <span class='ocrx_word' id='word_1_71' title='bbox 2044 1172 2320 1227; x_wconf 87' lang='lat' dir='ltr'><strong>peccatum</strong></span> 
     </span>
    </p>
   </div>
   <div class='ocr_carea' id='block_1_13' title="bbox 768 1252 2321 1330">
    <p class='ocr_par' dir='ltr' id='par_1_13' title="bbox 768 1252 2321 1330">
     <span class='ocr_line' id='line_1_13' title="bbox 768 1252 2321 1330; baseline -0.008 -15"><span class='ocrx_word' id='word_1_72' title='bbox 768 1268 1057 1330; x_wconf 79' lang='lat' dir='ltr'><strong>corrigere,</strong></span> <span class='ocrx_word' id='word_1_73' title='bbox 1117 1269 1171 1313; x_wconf 89' lang='lat' dir='ltr'><strong>et</strong></span> <span class='ocrx_word' id='word_1_74' title='bbox 1233 1258 1341 1310; x_wconf 85' lang='lat' dir='ltr'><strong>Deo</strong></span> <span class='ocrx_word' id='word_1_75' title='bbox 1366 1257 1587 1323; x_wconf 84' lang='lat' dir='ltr'><strong>dignum</strong></span> <span class='ocrx_word' id='word_1_76' title='bbox 1624 1270 1681 1309; x_wconf 89' lang='lat' dir='ltr'><strong>se</strong></span> <span class='ocrx_word' id='word_1_77' title='bbox 1720 1253 1919 1307; x_wconf 86' lang='lat' dir='ltr'><strong>facere.</strong></span> <span class='ocrx_word' id='word_1_78' title='bbox 1963 1252 2321 1318; x_wconf 82' lang='lat' dir='ltr'><strong>Quamobrem</strong></span> 
     </span>
    </p>
   </div>
   <div class='ocr_carea' id='block_1_14' title="bbox 767 1340 2325 1420">
    <p class='ocr_par' dir='ltr' id='par_1_14' title="bbox 767 1340 2325 1420">
     <span class='ocr_line' id='line_1_14' title="bbox 767 1340 2325 1420; baseline -0.01 -13"><span class='ocrx_word' id='word_1_79' title='bbox 767 1354 859 1420; x_wconf 86' lang='lat' dir='ltr'><strong>qui</strong></span> <span class='ocrx_word' id='word_1_80' title='bbox 889 1369 952 1406; x_wconf 82' lang='lat' dir='ltr'><strong>ex</strong></span> <span class='ocrx_word' id='word_1_81' title='bbox 979 1351 1143 1404; x_wconf 75' lang='lat' dir='ltr'><strong>Maria</strong></span> <span class='ocrx_word' id='word_1_82' title='bbox 1184 1349 1253 1401; x_wconf 88' lang='lat' dir='ltr'><strong>sit</strong></span> <span class='ocrx_word' id='word_1_83' title='bbox 1283 1349 1483 1410; x_wconf 89' lang='lat' dir='ltr'><strong>editus,</strong></span> <span class='ocrx_word' id='word_1_84' title='bbox 1543 1360 1648 1399; x_wconf 94' lang='lat' dir='ltr'><strong>non</strong></span> <span class='ocrx_word' id='word_1_85' title='bbox 1677 1359 1798 1398; x_wconf 91' lang='lat' dir='ltr'><strong>esse</strong></span> <span class='ocrx_word' id='word_1_86' title='bbox 1826 1342 2077 1405; x_wconf 80' lang='lat' dir='ltr'><strong>Verbum,</strong></span> <span class='ocrx_word' id='word_1_87' title='bbox 2138 1340 2229 1393; x_wconf 88' lang='lat' dir='ltr'><strong>sed</strong></span> <span class='ocrx_word' id='word_1_88' title='bbox 2258 1354 2325 1393; x_wconf 81' lang='lat' dir='ltr'><strong>ex</strong></span> 
     </span>
    </p>
   </div>
   <div class='ocr_carea' id='block_1_15' title="bbox 768 1432 2326 1512">
    <p class='ocr_par' dir='ltr' id='par_1_15' title="bbox 768 1432 2326 1512">
     <span class='ocr_line' id='line_1_15' title="bbox 768 1432 2326 1512; baseline -0.009 -15"><span class='ocrx_word' id='word_1_89' title='bbox 768 1460 829 1497; x_wconf 89' lang='lat' dir='ltr'><strong>ea</strong></span> <span class='ocrx_word' id='word_1_90' title='bbox 858 1444 1119 1512; x_wconf 77' lang='lat' dir='ltr'><strong>genitum.</strong></span> <span class='ocrx_word' id='word_1_91' title='bbox 1142 1443 1211 1495; x_wconf 88' lang='lat' dir='ltr'><strong>ob</strong></span> <span class='ocrx_word' id='word_1_92' title='bbox 1238 1439 1498 1492; x_wconf 81' lang='lat' dir='ltr'><strong>naturalis</strong></span> <span class='ocrx_word' id='word_1_93' title='bbox 1531 1436 1823 1490; x_wconf 75' lang='lat' dir='ltr'><strong>voluntatis</strong></span> <span class='ocrx_word' id='word_1_94' title='bbox 1857 1434 2196 1502; x_wconf 88' lang='lat' dir='ltr'><strong>dignitatem,</strong></span> <span class='ocrx_word' id='word_1_95' title='bbox 2226 1432 2326 1484; x_wconf 89' lang='lat' dir='ltr'><strong>ha-</strong></span> 
     </span>
    </p>
   </div>
   <div class='ocr_carea' id='block_1_16' title="bbox 768 1524 2327 1589">
    <p class='ocr_par' dir='ltr' id='par_1_16' title="bbox 768 1524 2327 1589">
     <span class='ocr_line' id='line_1_16' title="bbox 768 1524 2327 1589; baseline -0.007 -1"><span class='ocrx_word' id='word_1_96' title='bbox 768 1536 898 1589; x_wconf 87' lang='lat' dir='ltr'><strong>bere</strong></span> <span class='ocrx_word' id='word_1_97' title='bbox 929 1534 1148 1587; x_wconf 83' lang='lat' dir='ltr'><strong>verbum</strong></span> <span class='ocrx_word' id='word_1_98' title='bbox 1198 1529 1571 1585; x_wconf 85' lang='lat' dir='ltr'><strong>concomitans</strong></span> <span class='ocrx_word' id='word_1_99' title='bbox 1606 1546 1622 1584; x_wconf 90' lang='lat'><strong>:</strong></span> <span class='ocrx_word' id='word_1_100' title='bbox 1658 1544 1781 1584; x_wconf 90' lang='lat' dir='ltr'><strong>cum</strong></span> <span class='ocrx_word' id='word_1_101' title='bbox 1840 1527 1955 1581; x_wconf 90' lang='lat' dir='ltr'><strong>sola</strong></span> <span class='ocrx_word' id='word_1_102' title='bbox 1997 1528 2097 1581; x_wconf 91' lang='lat' dir='ltr'><strong>ista</strong></span> <span class='ocrx_word' id='word_1_103' title='bbox 2134 1524 2327 1579; x_wconf 88' lang='lat' dir='ltr'><strong>nobili-</strong></span> 
     </span>
    </p>
   </div>
   <div class='ocr_carea' id='block_1_17' title="bbox 772 1619 2329 1691">
    <p class='ocr_par' dir='ltr' id='par_1_17' title="bbox 772 1619 2329 1691">
     <span class='ocr_line' id='line_1_17' title="bbox 772 1619 2329 1691; baseline -0.007 -14"><span class='ocrx_word' id='word_1_104' title='bbox 772 1634 903 1687; x_wconf 86' lang='lat' dir='ltr'><strong>tate,</strong></span> <span class='ocrx_word' id='word_1_105' title='bbox 945 1626 1209 1677; x_wconf 87' lang='lat' dir='ltr'><strong>eteadem</strong></span> <span class='ocrx_word' id='word_1_106' title='bbox 1242 1621 1602 1691; x_wconf 82' lang='lat' dir='ltr'><strong>appellatione</strong></span> <span class='ocrx_word' id='word_1_107' title='bbox 1646 1619 2010 1675; x_wconf 90' lang='lat' dir='ltr'><strong>communicet</strong></span> <span class='ocrx_word' id='word_1_108' title='bbox 2067 1632 2188 1671; x_wconf 90' lang='lat' dir='ltr'><strong>cum</strong></span> <span class='ocrx_word' id='word_1_109' title='bbox 2239 1628 2329 1667; x_wconf 84' lang='lat' dir='ltr'><strong>ra-</strong></span> 
     </span>
    </p>
   </div>
   <div class='ocr_carea' id='block_1_18' title="bbox 770 1716 1240 1773">
    <p class='ocr_par' dir='ltr' id='par_1_18' title="bbox 770 1716 1240 1773">
     <span class='ocr_line' id='line_1_18' title="bbox 770 1716 1240 1773; baseline 0 -2"><span class='ocrx_word' id='word_1_110' title='bbox 770 1721 917 1773; x_wconf 88' lang='lat' dir='ltr'><strong>tione</strong></span> <span class='ocrx_word' id='word_1_111' title='bbox 943 1716 1240 1771; x_wconf 84' lang='lat' dir='ltr'><strong>liliationis.</strong></span> 
     </span>
    </p>
   </div>
   <div class='ocr_carea' id='block_1_19' title="bbox 2418 588 3979 677">
    <p class='ocr_par' dir='ltr' id='par_1_19' title="bbox 2418 588 3979 677">
     <span class='ocr_line' id='line_1_19' title="bbox 2418 588 3979 677; baseline -0.014 -15"><span class='ocrx_word' id='word_1_112' title='bbox 2418 609 2551 662; x_wconf 87' lang='grc' dir='ltr'><strong>Θεοῦ</strong></span> <span class='ocrx_word' id='word_1_113' title='bbox 2577 606 2925 677; x_wconf 75' lang='grc' dir='ltr'><strong>χωρισθεῖσα,</strong></span> <span class='ocrx_word' id='word_1_114' title='bbox 2952 600 3030 670; x_wconf 85' lang='grc' dir='ltr'>τῷ</span> <span class='ocrx_word' id='word_1_115' title='bbox 3066 601 3122 653; x_wconf 83' lang='grc' dir='ltr'>δὲ</span> <span class='ocrx_word' id='word_1_116' title='bbox 3155 599 3368 665; x_wconf 80' lang='grc' dir='ltr'><strong>Θανάτῳ</strong></span> <span class='ocrx_word' id='word_1_117' title='bbox 3405 592 3791 665; x_wconf 79' lang='grc' dir='ltr'><strong>παραδοθεῖσα,</strong></span> <span class='ocrx_word' id='word_1_118' title='bbox 3835 588 3979 659; x_wconf 77' lang='grc' dir='ltr'>αὕτη</span> 
     </span>
    </p>
   </div>
   <div class='ocr_carea' id='block_1_20' title="bbox 2418 682 3983 769">
    <p class='ocr_par' dir='ltr' id='par_1_20' title="bbox 2418 682 3983 769">
     <span class='ocr_line' id='line_1_20' title="bbox 2418 682 3983 769; baseline -0.013 -17"><span class='ocrx_word' id='word_1_119' title='bbox 2418 701 2560 752; x_wconf 84' lang='grc' dir='ltr'>κατά</span> <span class='ocrx_word' id='word_1_120' title='bbox 2580 699 2678 769; x_wconf 83' lang='grc' dir='ltr'><strong>τὴν</strong></span> <span class='ocrx_word' id='word_1_121' title='bbox 2702 698 2799 765; x_wconf 86' lang='grc' dir='ltr'>τῆς</span> <span class='ocrx_word' id='word_1_122' title='bbox 2823 693 3193 763; x_wconf 83' lang='grc' dir='ltr'>προαιρέσεως</span> <span class='ocrx_word' id='word_1_123' title='bbox 3217 689 3372 755; x_wconf 80' lang='grc' dir='ltr'>ἀξίαν</span> <span class='ocrx_word' id='word_1_124' title='bbox 3401 686 3461 741; x_wconf 83' lang='grc' dir='ltr'>τὺ</span> <span class='ocrx_word' id='word_1_125' title='bbox 3487 684 3709 753; x_wconf 80' lang='grc' dir='ltr'><strong>Πνεῦμα</strong></span> <span class='ocrx_word' id='word_1_126' title='bbox 3737 683 3795 735; x_wconf 77' lang='grc' dir='ltr'><strong>τὸ</strong></span> <span class='ocrx_word' id='word_1_127' title='bbox 3823 682 3983 749; x_wconf 81' lang='grc' dir='ltr'>ἀγιον</span> 
     </span>
    </p>
   </div>
   <div class='ocr_carea' id='block_1_21' title="bbox 2420 774 3985 861">
    <p class='ocr_par' dir='ltr' id='par_1_21' title="bbox 2420 774 3985 861">
     <span class='ocr_line' id='line_1_21' title="bbox 2420 774 3985 861; baseline -0.011 -19"><span class='ocrx_word' id='word_1_128' title='bbox 2420 791 2515 843; x_wconf 79' lang='grc' dir='ltr'>καὶ</span> <span class='ocrx_word' id='word_1_129' title='bbox 2548 788 2935 861; x_wconf 81' lang='grc' dir='ltr'>προσκαλεῖται</span> <span class='ocrx_word' id='word_1_130' title='bbox 2969 785 3064 837; x_wconf 75' lang='grc' dir='ltr'>καὶ</span> <span class='ocrx_word' id='word_1_131' title='bbox 3095 782 3421 835; x_wconf 66' lang='grc' dir='ltr'>ἀπωθεῖταν</span> <span class='ocrx_word' id='word_1_132' title='bbox 3457 780 3505 831; x_wconf 93' lang='grc' dir='ltr'>οί</span> <span class='ocrx_word' id='word_1_133' title='bbox 3534 776 3589 830; x_wconf 76' lang='grc' dir='ltr'><strong>δὲ</strong></span> <span class='ocrx_word' id='word_1_134' title='bbox 3628 774 3985 845; x_wconf 59' lang='grc' dir='ltr'><strong>Νεστοριανολ⁵</strong></span> 
     </span>
    </p>
   </div>
   <div class='ocr_carea' id='block_1_22' title="bbox 2420 868 3981 949">
    <p class='ocr_par' dir='ltr' id='par_1_22' title="bbox 2420 868 3981 949">
     <span class='ocr_line' id='line_1_22' title="bbox 2420 868 3981 949; baseline -0.012 -15"><span class='ocrx_word' id='word_1_135' title='bbox 2420 882 2514 935; x_wconf 64' lang='grc' dir='ltr'><strong>καὶ¹</strong></span> <span class='ocrx_word' id='word_1_136' title='bbox 2541 882 2670 949; x_wconf 78' lang='grc' dir='ltr'>περὶ</span> <span class='ocrx_word' id='word_1_137' title='bbox 2699 878 2868 947; x_wconf 79' lang='grc' dir='ltr'>αὐτὴν</span> <span class='ocrx_word' id='word_1_138' title='bbox 2900 877 2998 945; x_wconf 75' lang='grc' dir='ltr'><strong>τὴν</strong></span> <span class='ocrx_word' id='word_1_139' title='bbox 3025 874 3119 927; x_wconf 83' lang='grc' dir='ltr'><strong>τοῦ</strong></span> <span class='ocrx_word' id='word_1_140' title='bbox 3152 872 3403 940; x_wconf 85' lang='grc' dir='ltr'>σώματος</span> <span class='ocrx_word' id='word_1_141' title='bbox 3431 868 3692 938; x_wconf 82' lang='grc' dir='ltr'>κεφαλὴν,</span> <span class='ocrx_word' id='word_1_142' title='bbox 3720 868 3811 919; x_wconf 80' lang='grc' dir='ltr'><strong>τὸν</strong></span> <span class='ocrx_word' id='word_1_143' title='bbox 3839 868 3981 935; x_wconf 79' lang='grc' dir='ltr'><strong>Χρι⁹</strong></span> 
     </span>
    </p>
   </div>
   <div class='ocr_carea' id='block_1_23' title="bbox 2422 959 3986 1039">
    <p class='ocr_par' dir='ltr' id='par_1_23' title="bbox 2422 959 3986 1039">
     <span class='ocr_line' id='line_1_23' title="bbox 2422 959 3986 1039; baseline -0.012 -14"><span class='ocrx_word' id='word_1_144' title='bbox 2422 972 2565 1033; x_wconf 81' lang='grc' dir='ltr'>στὸν,</span> <span class='ocrx_word' id='word_1_145' title='bbox 2589 972 2687 1039; x_wconf 77' lang='grc' dir='ltr'><strong>τὴν</strong></span> <span class='ocrx_word' id='word_1_146' title='bbox 2715 969 2883 1037; x_wconf 76' lang='grc' dir='ltr'>αὐτὴν</span> <span class='ocrx_word' id='word_1_147' title='bbox 2910 968 3146 1021; x_wconf 84' lang='grc' dir='ltr'>διάνοιαν</span> <span class='ocrx_word' id='word_1_148' title='bbox 3169 966 3263 1017; x_wconf 75' lang='grc' dir='ltr'>καὶ</span> <span class='ocrx_word' id='word_1_149' title='bbox 3282 964 3485 1033; x_wconf 86' lang='grc' dir='ltr'>τόλμαν</span> <span class='ocrx_word' id='word_1_150' title='bbox 3510 962 3716 1030; x_wconf 69' lang='grc' dir='ltr'>ἔχουσι.</span> <span class='ocrx_word' id='word_1_151' title='bbox 3746 959 3986 1025; x_wconf 78' lang='grc' dir='ltr'><strong>Λέγουσι</strong></span> 
     </span>
    </p>
   </div>
   <div class='ocr_carea' id='block_1_24' title="bbox 2422 1047 3985 1132">
    <p class='ocr_par' dir='ltr' id='par_1_24' title="bbox 2422 1047 3985 1132">
     <span class='ocr_line' id='line_1_24' title="bbox 2422 1047 3985 1132; baseline -0.012 -16"><span class='ocrx_word' id='word_1_152' title='bbox 2422 1065 2529 1132; x_wconf 85' lang='grc' dir='ltr'><strong>γάρ</strong></span> <span class='ocrx_word' id='word_1_153' title='bbox 2555 1065 2633 1115; x_wconf 85' lang='grc' dir='ltr'><strong>ὃτι</strong></span> <span class='ocrx_word' id='word_1_154' title='bbox 2655 1062 2777 1114; x_wconf 76' lang='grc' dir='ltr'>ἐπεὶ</span> <span class='ocrx_word' id='word_1_155' title='bbox 2814 1060 2912 1129; x_wconf 82' lang='grc' dir='ltr'>τῆς</span> <span class='ocrx_word' id='word_1_156' title='bbox 2944 1058 3213 1129; x_wconf 70' lang='grc' dir='ltr'>ἡμετέρας</span> <span class='ocrx_word' id='word_1_157' title='bbox 3256 1055 3471 1125; x_wconf 86' lang='grc' dir='ltr'>φύσεώς</span> <span class='ocrx_word' id='word_1_158' title='bbox 3502 1054 3646 1105; x_wconf 73' lang='grc' dir='ltr'>ἔστιν</span> <span class='ocrx_word' id='word_1_159' title='bbox 3675 1053 3701 1103; x_wconf 89' lang='grc' dir='ltr'>ὁ</span> <span class='ocrx_word' id='word_1_160' title='bbox 3725 1047 3985 1117; x_wconf 68' lang='grc' dir='ltr'>Χριστὸς,</span> 
     </span>
    </p>
   </div>
   <div class='ocr_carea' id='block_1_25' title="bbox 2422 1140 3987 1219">
    <p class='ocr_par' dir='ltr' id='par_1_25' title="bbox 2422 1140 3987 1219">
     <span class='ocr_line' id='line_1_25' title="bbox 2422 1140 3987 1219; baseline -0.012 -11"><span class='ocrx_word' id='word_1_161' title='bbox 2422 1159 2449 1209; x_wconf 88' lang='grc' dir='ltr'>ὁ</span> <span class='ocrx_word' id='word_1_162' title='bbox 2473 1157 2528 1208; x_wconf 80' lang='grc' dir='ltr'>δὲ</span> <span class='ocrx_word' id='word_1_163' title='bbox 2556 1154 2686 1215; x_wconf 79' lang='grc' dir='ltr'>Θεὸς</span> <span class='ocrx_word' id='word_1_164' title='bbox 2715 1153 2918 1213; x_wconf 86' lang='grc' dir='ltr'>πάντας</span> <span class='ocrx_word' id='word_1_165' title='bbox 2960 1148 3279 1219; x_wconf 83' lang='grc' dir='ltr'><strong>ἀνθρώπους</strong></span> <span class='ocrx_word' id='word_1_166' title='bbox 3323 1145 3523 1215; x_wconf 89' lang='grc' dir='ltr'>ὁμοίως</span> <span class='ocrx_word' id='word_1_167' title='bbox 3567 1144 3710 1196; x_wconf 81' lang='grc' dir='ltr'><strong>θέλει</strong></span> <span class='ocrx_word' id='word_1_168' title='bbox 3741 1140 3987 1208; x_wconf 81' lang='grc' dir='ltr'>σωθῆναι</span> 
     </span>
    </p>
   </div>
   <div class='ocr_carea' id='block_1_26' title="bbox 2423 1230 3988 1314">
    <p class='ocr_par' dir='ltr' id='par_1_26' title="bbox 2423 1230 3988 1314">
     <span class='ocr_line' id='line_1_26' title="bbox 2423 1230 3988 1314; baseline -0.012 -15"><span class='ocrx_word' id='word_1_169' title='bbox 2423 1247 2520 1300; x_wconf 74' lang='grc' dir='ltr'>καὶ</span> <span class='ocrx_word' id='word_1_170' title='bbox 2567 1244 2753 1314; x_wconf 66' lang='grc' dir='ltr'>οίκείᾳι</span> <span class='ocrx_word' id='word_1_171' title='bbox 2783 1242 3097 1313; x_wconf 78' lang='grc' dir='ltr'><strong>προαιρέσει</strong></span> <span class='ocrx_word' id='word_1_172' title='bbox 3142 1238 3233 1310; x_wconf 77' lang='grc'><strong>[45</strong></span> <span class='ocrx_word' id='word_1_173' title='bbox 3257 1236 3349 1309; x_wconf 63' lang='lat' dir='ltr'><strong>IL]</strong></span> <span class='ocrx_word' id='word_1_174' title='bbox 3402 1236 3631 1289; x_wconf 72' lang='grc' dir='ltr'>ἕκαστον</span> <span class='ocrx_word' id='word_1_175' title='bbox 3678 1233 3739 1285; x_wconf 83' lang='grc' dir='ltr'><strong>τδ</strong></span> <span class='ocrx_word' id='word_1_176' title='bbox 3787 1230 3988 1284; x_wconf 66' lang='grc' dir='ltr'>ἑαυτοῦ</span> 
     </span>
    </p>
   </div>
   <div class='ocr_carea' id='block_1_27' title="bbox 2425 1322 3987 1407">
    <p class='ocr_par' dir='ltr' id='par_1_27' title="bbox 2425 1322 3987 1407">
     <span class='ocr_line' id='line_1_27' title="bbox 2425 1322 3987 1407; baseline -0.012 -15"><span class='ocrx_word' id='word_1_177' title='bbox 2425 1341 2669 1407; x_wconf 85' lang='grc' dir='ltr'>πταῖσμα</span> <span class='ocrx_word' id='word_1_178' title='bbox 2696 1331 3179 1404; x_wconf 64' lang='grc' dir='ltr'>ἐπανορθώσασθαι</span> <span class='ocrx_word' id='word_1_179' title='bbox 3206 1330 3301 1383; x_wconf 77' lang='grc' dir='ltr'>καὶ</span> <span class='ocrx_word' id='word_1_180' title='bbox 3328 1328 3477 1392; x_wconf 79' lang='grc' dir='ltr'>ἄξιον</span> <span class='ocrx_word' id='word_1_181' title='bbox 3514 1326 3707 1379; x_wconf 75' lang='grc' dir='ltr'>ἑαυτὸν</span> <span class='ocrx_word' id='word_1_182' title='bbox 3741 1322 3907 1377; x_wconf 82' lang='grc' dir='ltr'>αὑτοῦ</span> <span class='ocrx_word' id='word_1_183' title='bbox 3942 1322 3987 1351; x_wconf 85' lang='grc'><strong>’⁷</strong></span> 
     </span>
    </p>
   </div>
   <div class='ocr_carea' id='block_1_28' title="bbox 2428 1412 3989 1498">
    <p class='ocr_par' dir='ltr' id='par_1_28' title="bbox 2428 1412 3989 1498">
     <span class='ocr_line' id='line_1_28' title="bbox 2428 1412 3989 1498; baseline -0.013 -15"><span class='ocrx_word' id='word_1_184' title='bbox 2428 1432 2671 1498; x_wconf 86' lang='grc' dir='ltr'>ποιῆσαι,</span> <span class='ocrx_word' id='word_1_185' title='bbox 2701 1428 2787 1480; x_wconf 85' lang='grc' dir='ltr'>διὰ</span> <span class='ocrx_word' id='word_1_186' title='bbox 2821 1426 2979 1478; x_wconf 79' lang='grc' dir='ltr'>τοῦτο</span> <span class='ocrx_word' id='word_1_187' title='bbox 3008 1424 3109 1476; x_wconf 83' lang='grc' dir='ltr'>οὐκ</span> <span class='ocrx_word' id='word_1_188' title='bbox 3135 1423 3283 1475; x_wconf 68' lang='grc' dir='ltr'>ἔστιν</span> <span class='ocrx_word' id='word_1_189' title='bbox 3303 1424 3331 1474; x_wconf 89' lang='grc' dir='ltr'><strong>ό</strong></span> <span class='ocrx_word' id='word_1_190' title='bbox 3357 1420 3528 1487; x_wconf 81' lang='grc' dir='ltr'><strong>Λόγος</strong></span> <span class='ocrx_word' id='word_1_191' title='bbox 3551 1421 3580 1470; x_wconf 85' lang='grc' dir='ltr'>ὁ</span> <span class='ocrx_word' id='word_1_192' title='bbox 3606 1416 3841 1485; x_wconf 75' lang='grc' dir='ltr'>τεχθεὶς,</span> <span class='ocrx_word' id='word_1_193' title='bbox 3868 1412 3989 1465; x_wconf 82' lang='grc' dir='ltr'>ἀλλ’</span> 
     </span>
    </p>
   </div>
   <div class='ocr_carea' id='block_1_29' title="bbox 2426 1512 3990 1589">
    <p class='ocr_par' dir='ltr' id='par_1_29' title="bbox 2426 1512 3990 1589">
     <span class='ocr_line' id='line_1_29' title="bbox 2426 1512 3990 1589; baseline -0.013 -13"><span class='ocrx_word' id='word_1_194' title='bbox 2426 1524 2456 1576; x_wconf 87' lang='grc' dir='ltr'><strong>ό</strong></span> <span class='ocrx_word' id='word_1_195' title='bbox 2478 1522 2522 1554; x_wconf 81' lang='grc'><strong>⁷⁷</strong></span> <span class='ocrx_word' id='word_1_196' title='bbox 2550 1520 2831 1589; x_wconf 75' lang='grc' dir='ltr'>γεννηθεὶς</span> <span class='ocrx_word' id='word_1_197' title='bbox 2862 1519 2928 1570; x_wconf 84' lang='grc' dir='ltr'>ὲκ</span> <span class='ocrx_word' id='word_1_198' title='bbox 2963 1517 3180 1587; x_wconf 81' lang='grc' dir='ltr'>Μαρίας</span> <span class='ocrx_word' id='word_1_199' title='bbox 3204 1514 3293 1567; x_wconf 83' lang='grc' dir='ltr'><strong>διά</strong></span> <span class='ocrx_word' id='word_1_200' title='bbox 3319 1513 3420 1582; x_wconf 82' lang='grc' dir='ltr'><strong>τὴν</strong></span> <span class='ocrx_word' id='word_1_201' title='bbox 3456 1512 3552 1581; x_wconf 83' lang='grc' dir='ltr'>τῆς</span> <span class='ocrx_word' id='word_1_202' title='bbox 3582 1512 3817 1579; x_wconf 76' lang='grc' dir='ltr'>φυσικῆς</span> <span class='ocrx_word' id='word_1_203' title='bbox 3850 1522 3990 1577; x_wconf 82' lang='grc' dir='ltr'>προ-</span> 
     </span>
    </p>
   </div>
   <div class='ocr_carea' id='block_1_30' title="bbox 2427 1599 3994 1682">
    <p class='ocr_par' dir='ltr' id='par_1_30' title="bbox 2427 1599 3994 1682">
     <span class='ocr_line' id='line_1_30' title="bbox 2427 1599 3994 1682; baseline -0.011 -16"><span class='ocrx_word' id='word_1_204' title='bbox 2427 1613 2691 1682; x_wconf 80' lang='grc' dir='ltr'>αιρέσεως</span> <span class='ocrx_word' id='word_1_205' title='bbox 2738 1608 2892 1674; x_wconf 87' lang='grc' dir='ltr'>ἀξίαν</span> <span class='ocrx_word' id='word_1_206' title='bbox 2923 1603 3066 1675; x_wconf 84' lang='grc' dir='ltr'>εἶχεν</span> <span class='ocrx_word' id='word_1_207' title='bbox 3091 1605 3358 1674; x_wconf 68' lang='grc' dir='ltr'>ἑπόμενον</span> <span class='ocrx_word' id='word_1_208' title='bbox 3397 1604 3489 1656; x_wconf 85' lang='grc' dir='ltr'>τδν</span> <span class='ocrx_word' id='word_1_209' title='bbox 3526 1602 3702 1669; x_wconf 90' lang='grc' dir='ltr'>λόγον,</span> <span class='ocrx_word' id='word_1_210' title='bbox 3738 1599 3874 1669; x_wconf 78' lang='grc' dir='ltr'>μόνῃ</span> <span class='ocrx_word' id='word_1_211' title='bbox 3921 1599 3994 1664; x_wconf 82' lang='grc' dir='ltr'><strong>τῇ</strong></span> 
     </span>
    </p>
   </div>
   <div class='ocr_carea' id='block_1_31' title="bbox 2428 1689 3997 1774">
    <p class='ocr_par' dir='ltr' id='par_1_31' title="bbox 2428 1689 3997 1774">
     <span class='ocr_line' id='line_1_31' title="bbox 2428 1689 3997 1774; baseline -0.011 -18"><span class='ocrx_word' id='word_1_212' title='bbox 2428 1703 2556 1774; x_wconf 77' lang='grc' dir='ltr'>ἀξία</span> <span class='ocrx_word' id='word_1_213' title='bbox 2585 1702 2768 1771; x_wconf 63' lang='lat' dir='ltr'><strong>aratorii</strong></span> <span class='ocrx_word' id='word_1_214' title='bbox 2792 1697 3079 1768; x_wconf 75' lang='grc' dir='ltr'>ὁμωνυμία</span> <span class='ocrx_word' id='word_1_215' title='bbox 3099 1692 3505 1763; x_wconf 76' lang='grc' dir='ltr'><strong>κεκοινωνηκὼς</strong></span> <span class='ocrx_word' id='word_1_216' title='bbox 3519 1693 3660 1761; x_wconf 85' lang='grc' dir='ltr'>λόγῳ</span> <span class='ocrx_word' id='word_1_217' title='bbox 3680 1691 3779 1759; x_wconf 84' lang='grc' dir='ltr'>τῆς</span> <span class='ocrx_word' id='word_1_218' title='bbox 3808 1689 3997 1755; x_wconf 66' lang='lat' dir='ltr'><strong>uid-rq-</strong></span> 
     </span>
    </p>
   </div>
   <div class='ocr_carea' id='block_1_32' title="bbox 2431 1810 2541 1856">
    <p class='ocr_par' dir='ltr' id='par_1_32' title="bbox 2431 1810 2541 1856">
     <span class='ocr_line' id='line_1_32' title="bbox 2431 1810 2541 1856; baseline 0.009 -10"><span class='ocrx_word' id='word_1_219' title='bbox 2431 1810 2541 1856; x_wconf 88' lang='grc' dir='ltr'>τος.</span> 
     </span>
    </p>
   </div>
   <div class='ocr_carea' id='block_1_33' title="bbox 842 1850 2504 1959">
    <p class='ocr_par' dir='ltr' id='par_1_33' title="bbox 842 1850 2504 1959">
     <span class='ocr_line' id='line_1_33' title="bbox 842 1850 2504 1959; baseline -0.006 -13"><span class='ocrx_word' id='word_1_220' title='bbox 842 1893 1008 1946; x_wconf 90' lang='lat' dir='ltr'><strong>Porro</strong></span> <span class='ocrx_word' id='word_1_221' title='bbox 1059 1893 1173 1945; x_wconf 72' lang='lat' dir='ltr'><strong>lucc</strong></span> <span class='ocrx_word' id='word_1_222' title='bbox 1224 1890 1438 1959; x_wconf 88' lang='lat' dir='ltr'><strong>quidem</strong></span> <span class='ocrx_word' id='word_1_223' title='bbox 1487 1886 1811 1957; x_wconf 73' lang='lat' dir='ltr'><strong>Pelagiana,</strong></span> <span class='ocrx_word' id='word_1_224' title='bbox 1863 1900 1956 1941; x_wconf 83' lang='lat' dir='ltr'><strong>seu</strong></span> <span class='ocrx_word' id='word_1_225' title='bbox 2021 1883 2327 1939; x_wconf 87' lang='lat' dir='ltr'><strong>Celestiana</strong></span> <span class='ocrx_word' id='word_1_226' title='bbox 2359 1850 2404 1909; x_wconf 73' lang='grc' dir='ltr'><strong>Β</strong></span> 
     </span>
    </p>
   </div>
   <div class='ocr_carea' id='block_1_34' title="bbox 2338 1850 4000 1959">
    <p class='ocr_par' dir='ltr' id='par_1_34' title="bbox 2359 1850 4000 1952">
     <span class='ocr_line' id='line_1_34' title="bbox 2359 1850 4000 1952; baseline -0.012 -13"><span class='ocrx_word' id='word_1_227' title='bbox 2359 1850 2404 1909; x_wconf 73' lang='grc' dir='ltr'>Β</span> <span class='ocrx_word' id='word_1_228' title='bbox 2502 1850 2651 1950; x_wconf 62' lang='grc' dir='ltr'>λῦτη</span> <span class='ocrx_word' id='word_1_229' title='bbox 2679 1883 2857 1952; x_wconf 83' lang='grc' dir='ltr'>μέντοι</span> <span class='ocrx_word' id='word_1_230' title='bbox 2884 1882 2918 1951; x_wconf 75' lang='grc' dir='ltr'><strong>ἡ</strong></span> <span class='ocrx_word' id='word_1_231' title='bbox 2945 1878 3252 1948; x_wconf 80' lang='grc' dir='ltr'>Πελαγιανὴ</span> <span class='ocrx_word' id='word_1_232' title='bbox 3282 1878 3399 1947; x_wconf 77' lang='grc' dir='ltr'>ἦτοι</span> <span class='ocrx_word' id='word_1_233' title='bbox 3425 1872 3757 1941; x_wconf 79' lang='grc' dir='ltr'>Κελεστιανη</span> <span class='ocrx_word' id='word_1_234' title='bbox 3784 1870 4000 1939; x_wconf 79' lang='grc' dir='ltr'>αἵρεσις</span> 
     </span>
    </p>
   </div>
   <div class='ocr_carea' id='block_1_35' title="bbox 772 1976 2330 2046">
    <p class='ocr_par' dir='ltr' id='par_1_35' title="bbox 772 1976 2330 2046">
     <span class='ocr_line' id='line_1_35' title="bbox 772 1976 2330 2046; baseline -0.007 -10"><span class='ocrx_word' id='word_1_235' title='bbox 772 1983 1011 2045; x_wconf 67' lang='lat' dir='ltr'><strong>haeresis,</strong></span> <span class='ocrx_word' id='word_1_236' title='bbox 1058 1999 1162 2037; x_wconf 94' lang='lat' dir='ltr'><strong>non</strong></span> <span class='ocrx_word' id='word_1_237' title='bbox 1195 1983 1246 2035; x_wconf 92' lang='lat' dir='ltr'><strong>in</strong></span> <span class='ocrx_word' id='word_1_238' title='bbox 1274 1980 1496 2035; x_wconf 90' lang='lat' dir='ltr'><strong>Oriente</strong></span> <span class='ocrx_word' id='word_1_239' title='bbox 1529 1980 1785 2032; x_wconf 77' lang='lat' dir='ltr'><strong>duntaxat</strong></span> <span class='ocrx_word' id='word_1_240' title='bbox 1828 1977 2014 2046; x_wconf 71' lang='lat' dir='ltr'><strong>viguit,</strong></span> <span class='ocrx_word' id='word_1_241' title='bbox 2037 1976 2130 2029; x_wconf 85' lang='lat' dir='ltr'><strong>sed</strong></span> <span class='ocrx_word' id='word_1_242' title='bbox 2168 1976 2330 2028; x_wconf 89' lang='lat' dir='ltr'><strong>etiam</strong></span> 
     </span>
    </p>
   </div>
   <div class='ocr_carea' id='block_1_36' title="bbox 770 2066 2333 2143">
    <p class='ocr_par' dir='ltr' id='par_1_36' title="bbox 770 2066 2333 2143">
     <span class='ocr_line' id='line_1_36' title="bbox 770 2066 2333 2143; baseline -0.006 -15"><span class='ocrx_word' id='word_1_243' title='bbox 770 2076 1115 2128; x_wconf 83' lang='lat' dir='ltr'><strong>Occidentem</strong></span> <span class='ocrx_word' id='word_1_244' title='bbox 1168 2073 1428 2143; x_wconf 79' lang='lat' dir='ltr'><strong>pervasit,</strong></span> <span class='ocrx_word' id='word_1_245' title='bbox 1459 2080 1513 2126; x_wconf 90' lang='lat' dir='ltr'><strong>et</strong></span> <span class='ocrx_word' id='word_1_246' title='bbox 1540 2070 1872 2139; x_wconf 89' lang='lat' dir='ltr'><strong>Carthagine</strong></span> <span class='ocrx_word' id='word_1_247' title='bbox 1931 2068 1984 2123; x_wconf 84' lang='lat' dir='ltr'><strong>in</strong></span> <span class='ocrx_word' id='word_1_248' title='bbox 2033 2066 2215 2121; x_wconf 88' lang='lat' dir='ltr'><strong>Africa</strong></span> <span class='ocrx_word' id='word_1_249' title='bbox 2266 2067 2333 2119; x_wconf 90' lang='lat' dir='ltr'><strong>ab</strong></span> 
     </span>
    </p>
   </div>
   <div class='ocr_carea' id='block_1_37' title="bbox 772 2159 2332 2233">
    <p class='ocr_par' dir='ltr' id='par_1_37' title="bbox 772 2159 2332 2233">
     <span class='ocr_line' id='line_1_37' title="bbox 772 2159 2332 2233; baseline -0.005 -16"><span class='ocrx_word' id='word_1_250' title='bbox 772 2164 987 2218; x_wconf 84' lang='lat' dir='ltr'><strong>Aurelio</strong></span> <span class='ocrx_word' id='word_1_251' title='bbox 1031 2176 1191 2233; x_wconf 86' lang='lat' dir='ltr'><strong>atque</strong></span> <span class='ocrx_word' id='word_1_252' title='bbox 1225 2164 1529 2233; x_wconf 76' lang='lat' dir='ltr'><strong>Augustino</strong></span> <span class='ocrx_word' id='word_1_253' title='bbox 1571 2163 1927 2232; x_wconf 83' lang='lat' dir='ltr'><strong>deprehensa,</strong></span> <span class='ocrx_word' id='word_1_254' title='bbox 1975 2170 2028 2214; x_wconf 90' lang='lat' dir='ltr'><strong>et</strong></span> <span class='ocrx_word' id='word_1_255' title='bbox 2065 2159 2332 2220; x_wconf 82' lang='lat' dir='ltr'><strong>convicta,</strong></span> 
     </span>
    </p>
   </div>
   <div class='ocr_carea' id='block_1_38' title="bbox 774 2248 2334 2325">
    <p class='ocr_par' dir='ltr' id='par_1_38' title="bbox 774 2248 2334 2325">
     <span class='ocr_line' id='line_1_38' title="bbox 774 2248 2334 2325; baseline -0.003 -18"><span class='ocrx_word' id='word_1_256' title='bbox 774 2256 1047 2323; x_wconf 80' lang='lat' dir='ltr'><strong>variisque</strong></span> <span class='ocrx_word' id='word_1_257' title='bbox 1081 2256 1290 2325; x_wconf 89' lang='lat' dir='ltr'><strong>publice</strong></span> <span class='ocrx_word' id='word_1_258' title='bbox 1316 2255 1555 2309; x_wconf 81' lang='lat' dir='ltr'><strong>conciliis</strong></span> <span class='ocrx_word' id='word_1_259' title='bbox 1588 2254 1864 2310; x_wconf 90' lang='lat' dir='ltr'><strong>damnata.</strong></span> <span class='ocrx_word' id='word_1_260' title='bbox 1889 2250 2053 2318; x_wconf 85' lang='lat' dir='ltr'><strong>Ejecti</strong></span> <span class='ocrx_word' id='word_1_261' title='bbox 2091 2265 2216 2303; x_wconf 87' lang='lat' dir='ltr'><strong>vero</strong></span> <span class='ocrx_word' id='word_1_262' title='bbox 2245 2248 2334 2317; x_wconf 89' lang='lat' dir='ltr'><strong>qui</strong></span> 
     </span>
    </p>
   </div>
   <div class='ocr_carea' id='block_1_39' title="bbox 774 2340 2337 2414">
    <p class='ocr_par' dir='ltr' id='par_1_39' title="bbox 774 2340 2337 2414">
     <span class='ocr_line' id='line_1_39' title="bbox 774 2340 2337 2414; baseline -0.001 -18"><span class='ocrx_word' id='word_1_263' title='bbox 774 2362 894 2399; x_wconf 84' lang='lat' dir='ltr'><strong>cum</strong></span> <span class='ocrx_word' id='word_1_264' title='bbox 926 2347 1009 2401; x_wconf 92' lang='lat' dir='ltr'><strong>his</strong></span> <span class='ocrx_word' id='word_1_265' title='bbox 1053 2348 1335 2411; x_wconf 88' lang='lat' dir='ltr'><strong>sentirent,</strong></span> <span class='ocrx_word' id='word_1_266' title='bbox 1376 2356 1634 2414; x_wconf 88' lang='lat' dir='ltr'><strong>tanquam</strong></span> <span class='ocrx_word' id='word_1_267' title='bbox 1678 2343 1936 2402; x_wconf 69' lang='lat' dir='ltr'><strong>haeretici.</strong></span> <span class='ocrx_word' id='word_1_268' title='bbox 1965 2351 2117 2396; x_wconf 76' lang='lat' dir='ltr'><strong>extra</strong></span> <span class='ocrx_word' id='word_1_269' title='bbox 2148 2340 2337 2395; x_wconf 83' lang='lat' dir='ltr'><strong>Eccle-</strong></span> 
     </span>
    </p>
   </div>
   <div class='ocr_carea' id='block_1_40' title="bbox 774 2434 2335 2506">
    <p class='ocr_par' dir='ltr' id='par_1_40' title="bbox 774 2434 2335 2506">
     <span class='ocr_line' id='line_1_40' title="bbox 774 2434 2335 2506; baseline -0.003 -17"><span class='ocrx_word' id='word_1_270' title='bbox 774 2439 932 2500; x_wconf 88' lang='lat' dir='ltr'><strong>siam,</strong></span> <span class='ocrx_word' id='word_1_271' title='bbox 957 2438 1281 2506; x_wconf 74' lang='lat' dir='ltr'><strong>temporibus</strong></span> <span class='ocrx_word' id='word_1_272' title='bbox 1295 2440 1663 2506; x_wconf 89' lang='lat' dir='ltr'><strong>episcoporum</strong></span> <span class='ocrx_word' id='word_1_273' title='bbox 1682 2435 1962 2503; x_wconf 87' lang='lat' dir='ltr'><strong>Theophili</strong></span> <span class='ocrx_word' id='word_1_274' title='bbox 1982 2434 2335 2496; x_wconf 71' lang='lat' dir='ltr'><strong>Alexandriae,</strong></span> 
     </span>
    </p>
   </div>
   <div class='ocr_carea' id='block_1_41' title="bbox 774 2528 2337 2595">
    <p class='ocr_par' dir='ltr' id='par_1_41' title="bbox 774 2528 2337 2595">
     <span class='ocr_line' id='line_1_41' title="bbox 774 2528 2337 2595; baseline -0.003 -14"><span class='ocrx_word' id='word_1_275' title='bbox 774 2540 828 2581; x_wconf 87' lang='lat' dir='ltr'><strong>et</strong></span> <span class='ocrx_word' id='word_1_276' title='bbox 871 2530 1163 2585; x_wconf 89' lang='lat' dir='ltr'><strong>Innocentii</strong></span> <span class='ocrx_word' id='word_1_277' title='bbox 1200 2530 1347 2585; x_wconf 86' lang='lat' dir='ltr'><strong>urbis</strong></span> <span class='ocrx_word' id='word_1_278' title='bbox 1399 2530 1598 2594; x_wconf 71' lang='lat' dir='ltr'><strong>Romae,</strong></span> <span class='ocrx_word' id='word_1_279' title='bbox 1639 2540 1746 2583; x_wconf 90' lang='lat' dir='ltr'><strong>tam</strong></span> <span class='ocrx_word' id='word_1_280' title='bbox 1795 2544 1825 2583; x_wconf 89' lang='lat' dir='ltr'><strong>a</strong></span> <span class='ocrx_word' id='word_1_281' title='bbox 1867 2528 2148 2589; x_wconf 83' lang='lat' dir='ltr'><strong>Romanis,</strong></span> <span class='ocrx_word' id='word_1_282' title='bbox 2176 2541 2337 2595; x_wconf 85' lang='lat' dir='ltr'><strong>quam</strong></span> 
     </span>
    </p>
   </div>
   <div class='ocr_carea' id='block_1_42' title="bbox 778 2620 2339 2690">
    <p class='ocr_par' dir='ltr' id='par_1_42' title="bbox 778 2620 2339 2690">
     <span class='ocr_line' id='line_1_42' title="bbox 778 2620 2339 2690; baseline -0.004 -16"><span class='ocrx_word' id='word_1_283' title='bbox 778 2621 1074 2685; x_wconf 84' lang='lat' dir='ltr'><strong>Africanis,</strong></span> <span class='ocrx_word' id='word_1_284' title='bbox 1100 2623 1417 2690; x_wconf 61' lang='lat' dir='ltr'><strong>ceterisque</strong></span> <span class='ocrx_word' id='word_1_285' title='bbox 1450 2621 1755 2675; x_wconf 88' lang='lat' dir='ltr'><strong>Occidentis</strong></span> <span class='ocrx_word' id='word_1_286' title='bbox 1775 2620 2059 2686; x_wconf 84' lang='lat' dir='ltr'><strong>episcopis.</strong></span> <span class='ocrx_word' id='word_1_287' title='bbox 2090 2620 2339 2670; x_wconf 81' lang='lat' dir='ltr'><strong>Attamen</strong></span> 
     </span>
    </p>
   </div>
   <div class='ocr_carea' id='block_1_43' title="bbox 780 2706 2340 2782">
    <p class='ocr_par' dir='ltr' id='par_1_43' title="bbox 780 2706 2340 2782">
     <span class='ocr_line' id='line_1_43' title="bbox 780 2706 2340 2782; baseline -0.003 -19"><span class='ocrx_word' id='word_1_288' title='bbox 780 2712 1021 2780; x_wconf 74' lang='lat' dir='ltr'><strong>Pelagius</strong></span> <span class='ocrx_word' id='word_1_289' title='bbox 1076 2713 1182 2776; x_wconf 90' lang='lat' dir='ltr'><strong>hic,</strong></span> <span class='ocrx_word' id='word_1_290' title='bbox 1235 2713 1287 2766; x_wconf 92' lang='lat' dir='ltr'><strong>in</strong></span> <span class='ocrx_word' id='word_1_291' title='bbox 1337 2728 1398 2764; x_wconf 87' lang='lat' dir='ltr'><strong>ea</strong></span> <span class='ocrx_word' id='word_1_292' title='bbox 1447 2711 1649 2782; x_wconf 82' lang='lat' dir='ltr'><strong>synodo</strong></span> <span class='ocrx_word' id='word_1_293' title='bbox 1685 2725 1805 2779; x_wconf 70' lang='lat' dir='ltr'><strong>qua:</strong></span> <span class='ocrx_word' id='word_1_294' title='bbox 1831 2710 1883 2763; x_wconf 92' lang='lat' dir='ltr'><strong>in</strong></span> <span class='ocrx_word' id='word_1_295' title='bbox 1917 2709 2196 2762; x_wconf 69' lang='lat' dir='ltr'><strong>Palaestina</strong></span> <span class='ocrx_word' id='word_1_296' title='bbox 2225 2706 2340 2776; x_wconf 78' lang='grc'>(95)</span> 
     </span>
    </p>
   </div>
   <div class='ocr_carea' id='block_1_44' title="bbox 779 2800 2340 2869">
    <p class='ocr_par' dir='ltr' id='par_1_44' title="bbox 779 2800 2340 2869">
     <span class='ocr_line' id='line_1_44' title="bbox 779 2800 2340 2869; baseline -0.004 -16"><span class='ocrx_word' id='word_1_297' title='bbox 779 2804 1072 2867; x_wconf 84' lang='lat' dir='ltr'><strong>convenit,</strong></span> <span class='ocrx_word' id='word_1_298' title='bbox 1114 2803 1199 2855; x_wconf 92' lang='lat' dir='ltr'><strong>cui</strong></span> <span class='ocrx_word' id='word_1_299' title='bbox 1244 2800 1648 2869; x_wconf 84' lang='lat' dir='ltr'><strong>quatuordecim</strong></span> <span class='ocrx_word' id='word_1_300' title='bbox 1710 2802 1965 2868; x_wconf 73' lang='lat' dir='ltr'><strong>praesules</strong></span> <span class='ocrx_word' id='word_1_301' title='bbox 2024 2801 2340 2859; x_wconf 83' lang='lat' dir='ltr'><strong>intererant,</strong></span> 
     </span>
    </p>
   </div>
   <div class='ocr_carea' id='block_1_45' title="bbox 779 2889 2340 2960">
    <p class='ocr_par' dir='ltr' id='par_1_45' title="bbox 779 2889 2340 2960">
     <span class='ocr_line' id='line_1_45' title="bbox 779 2889 2340 2960; baseline -0.003 -16"><span class='ocrx_word' id='word_1_302' title='bbox 779 2893 1053 2946; x_wconf 88' lang='lat' dir='ltr'><strong>absolutus</strong></span> <span class='ocrx_word' id='word_1_303' title='bbox 1080 2902 1185 2958; x_wconf 91' lang='lat' dir='ltr'><strong>est,</strong></span> <span class='ocrx_word' id='word_1_304' title='bbox 1209 2908 1328 2946; x_wconf 92' lang='lat' dir='ltr'><strong>cum</strong></span> <span class='ocrx_word' id='word_1_305' title='bbox 1354 2893 1455 2945; x_wconf 85' lang='lat' dir='ltr'><strong>alia</strong></span> <span class='ocrx_word' id='word_1_306' title='bbox 1489 2892 1702 2960; x_wconf 81' lang='lat' dir='ltr'><strong>quidem</strong></span> <span class='ocrx_word' id='word_1_307' title='bbox 1726 2892 2054 2959; x_wconf 86' lang='lat' dir='ltr'><strong>objectorqu</strong></span> <span class='ocrx_word' id='word_1_308' title='bbox 2081 2889 2340 2956; x_wconf 85' lang='lat' dir='ltr'><strong>capitum,</strong></span> 
     </span>
    </p>
   </div>
   <div class='ocr_carea' id='block_1_46' title="bbox 782 2966 2345 3053">
    <p class='ocr_par' dir='ltr' id='par_1_46' title="bbox 782 2966 2345 3053">
     <span class='ocr_line' id='line_1_46' title="bbox 782 2966 2345 3053; baseline -0.002 -18"><span class='ocrx_word' id='word_1_309' title='bbox 782 2993 836 3036; x_wconf 90' lang='lat' dir='ltr'><strong>ut</strong></span> <span class='ocrx_word' id='word_1_310' title='bbox 872 2985 1055 3047; x_wconf 88' lang='lat' dir='ltr'><strong>stulta,</strong></span> <span class='ocrx_word' id='word_1_311' title='bbox 1084 2984 1303 3038; x_wconf 92' lang='lat' dir='ltr'><strong>omnino</strong></span> <span class='ocrx_word' id='word_1_312' title='bbox 1327 2966 1664 3053; x_wconf 80' lang='lat' dir='ltr'><strong>abnegasset,</strong></span> <span class='ocrx_word' id='word_1_313' title='bbox 1706 2993 1865 3053; x_wconf 87' lang='lat' dir='ltr'><strong>atque</strong></span> <span class='ocrx_word' id='word_1_314' title='bbox 1888 2985 2218 3043; x_wconf 70' lang='lat' dir='ltr'><strong>damnasset,</strong></span> <span class='ocrx_word' id='word_1_315' title='bbox 2244 2980 2345 3032; x_wconf 91' lang='lat' dir='ltr'><strong>alia</strong></span> 
     </span>
    </p>
   </div>
   <div class='ocr_carea' id='block_1_47' title="bbox 779 3075 2349 3145">
    <p class='ocr_par' dir='ltr' id='par_1_47' title="bbox 779 3075 2349 3145">
     <span class='ocr_line' id='line_1_47' title="bbox 779 3075 2349 3145; baseline -0.003 -17"><span class='ocrx_word' id='word_1_316' title='bbox 779 3090 909 3129; x_wconf 85' lang='lat' dir='ltr'><strong>vero</strong></span> <span class='ocrx_word' id='word_1_317' title='bbox 946 3092 977 3130; x_wconf 90' lang='lat' dir='ltr'><strong>a</strong></span> <span class='ocrx_word' id='word_1_318' title='bbox 1028 3092 1086 3130; x_wconf 91' lang='lat' dir='ltr'><strong>se</strong></span> <span class='ocrx_word' id='word_1_319' title='bbox 1131 3078 1344 3145; x_wconf 89' lang='lat' dir='ltr'><strong>quidem</strong></span> <span class='ocrx_word' id='word_1_320' title='bbox 1405 3078 1540 3130; x_wconf 80' lang='lat' dir='ltr'><strong>dicta</strong></span> <span class='ocrx_word' id='word_1_321' title='bbox 1587 3075 1865 3130; x_wconf 87' lang='lat' dir='ltr'><strong>confessus</strong></span> <span class='ocrx_word' id='word_1_322' title='bbox 1923 3083 2085 3134; x_wconf 86' lang='lat' dir='ltr'><strong>esset,</strong></span> <span class='ocrx_word' id='word_1_323' title='bbox 2137 3089 2241 3126; x_wconf 90' lang='lat' dir='ltr'><strong>non</strong></span> <span class='ocrx_word' id='word_1_324' title='bbox 2285 3087 2349 3123; x_wconf 91' lang='lat' dir='ltr'><strong>co</strong></span> 
     </span>
    </p>
   </div>
   <div class='ocr_carea' id='block_1_48' title="bbox 2433 1964 4000 2048">
    <p class='ocr_par' dir='ltr' id='par_1_48' title="bbox 2433 1964 4000 2048">
     <span class='ocr_line' id='line_1_48' title="bbox 2433 1964 4000 2048; baseline -0.01 -18"><span class='ocrx_word' id='word_1_325' title='bbox 2433 1977 2683 2048; x_wconf 77' lang='grc' dir='ltr'>ἧκμασεν</span> <span class='ocrx_word' id='word_1_326' title='bbox 2716 1977 2775 2026; x_wconf 83' lang='lat' dir='ltr'><strong>tv</strong></span> <span class='ocrx_word' id='word_1_327' title='bbox 2802 1977 2867 2044; x_wconf 80' lang='grc' dir='ltr'><strong>τῇ</strong></span> <span class='ocrx_word' id='word_1_328' title='bbox 2895 1972 3146 2041; x_wconf 75' lang='grc' dir='ltr'>ἀνατολῇ,</span> <span class='ocrx_word' id='word_1_329' title='bbox 3184 1969 3389 2039; x_wconf 80' lang='grc' dir='ltr'><strong>διεδόθη</strong></span> <span class='ocrx_word' id='word_1_330' title='bbox 3421 1968 3479 2020; x_wconf 78' lang='grc' dir='ltr'><strong>δὲ</strong></span> <span class='ocrx_word' id='word_1_331' title='bbox 3509 1968 3601 2020; x_wconf 83' lang='grc' dir='ltr'><strong>καὶ</strong></span> <span class='ocrx_word' id='word_1_332' title='bbox 3630 1968 3688 2018; x_wconf 92' lang='lat' dir='ltr'><strong>tv</strong></span> <span class='ocrx_word' id='word_1_333' title='bbox 3723 1968 3788 2035; x_wconf 76' lang='grc' dir='ltr'><strong>τῇ</strong></span> <span class='ocrx_word' id='word_1_334' title='bbox 3823 1964 4000 2016; x_wconf 87' lang='grc' dir='ltr'>δύσει.</span> 
     </span>
    </p>
   </div>
   <div class='ocr_carea' id='block_1_49' title="bbox 2435 2054 4003 2137">
    <p class='ocr_par' dir='ltr' id='par_1_49' title="bbox 2435 2054 4003 2137">
     <span class='ocr_line' id='line_1_49' title="bbox 2435 2054 4003 2137; baseline -0.011 -13"><span class='ocrx_word' id='word_1_335' title='bbox 2435 2069 2547 2124; x_wconf 74' lang='grc' dir='ltr'><strong>Καὶ</strong></span> <span class='ocrx_word' id='word_1_336' title='bbox 2570 2072 2627 2121; x_wconf 88' lang='lat' dir='ltr'><strong>tv</strong></span> <span class='ocrx_word' id='word_1_337' title='bbox 2656 2068 2753 2137; x_wconf 71' lang='grc' dir='ltr'>μὲν</span> <span class='ocrx_word' id='word_1_338' title='bbox 2774 2069 2841 2136; x_wconf 79' lang='grc' dir='ltr'><strong>τῇ</strong></span> <span class='ocrx_word' id='word_1_339' title='bbox 2866 2064 3190 2135; x_wconf 79' lang='grc' dir='ltr'>Καρταγὲνῃ</span> <span class='ocrx_word' id='word_1_340' title='bbox 3216 2064 3261 2095; x_wconf 77' lang='grc'>’⁸</span> <span class='ocrx_word' id='word_1_341' title='bbox 3291 2061 3392 2131; x_wconf 81' lang='grc' dir='ltr'><strong>τῆς</strong></span> <span class='ocrx_word' id='word_1_342' title='bbox 3425 2061 3686 2130; x_wconf 81' lang='grc' dir='ltr'>’Δφρικῆς</span> <span class='ocrx_word' id='word_1_343' title='bbox 3706 2054 4003 2126; x_wconf 74' lang='grc' dir='ltr'><strong>διηλέγχθη</strong></span> 
     </span>
    </p>
   </div>
   <div class='ocr_carea' id='block_1_50' title="bbox 2438 2148 4005 2231">
    <p class='ocr_par' dir='ltr' id='par_1_50' title="bbox 2438 2148 4005 2231">
     <span class='ocr_line' id='line_1_50' title="bbox 2438 2148 4005 2231; baseline -0.01 -17"><span class='ocrx_word' id='word_1_344' title='bbox 2438 2164 2534 2215; x_wconf 74' lang='grc' dir='ltr'>καὶ</span> <span class='ocrx_word' id='word_1_345' title='bbox 2583 2159 2841 2231; x_wconf 72' lang='grc' dir='ltr'>ἐφωράθη</span> <span class='ocrx_word' id='word_1_346' title='bbox 2889 2159 2994 2211; x_wconf 82' lang='grc' dir='ltr'><strong>ὑπό</strong></span> <span class='ocrx_word' id='word_1_347' title='bbox 3040 2174 3100 2210; x_wconf 89' lang='grc' dir='ltr'><strong>τε</strong></span> <span class='ocrx_word' id='word_1_348' title='bbox 3145 2154 3413 2226; x_wconf 79' lang='grc' dir='ltr'>Αύρηλίου</span> <span class='ocrx_word' id='word_1_349' title='bbox 3462 2152 3559 2205; x_wconf 69' lang='grc' dir='ltr'>καὶ</span> <span class='ocrx_word' id='word_1_350' title='bbox 3611 2148 4005 2216; x_wconf 83' lang='grc' dir='ltr'>Δύγουστίνου,</span> 
     </span>
    </p>
   </div>
   <div class='ocr_carea' id='block_1_51' title="bbox 2438 2240 4009 2323">
    <p class='ocr_par' dir='ltr' id='par_1_51' title="bbox 2438 2240 4009 2323">
     <span class='ocr_line' id='line_1_51' title="bbox 2438 2240 4009 2323; baseline -0.011 -16"><span class='ocrx_word' id='word_1_351' title='bbox 2438 2252 2797 2323; x_wconf 83' lang='grc' dir='ltr'>άπεκηρύχθη</span> <span class='ocrx_word' id='word_1_352' title='bbox 2821 2251 2877 2303; x_wconf 73' lang='grc' dir='ltr'><strong>δὲ</strong></span> <span class='ocrx_word' id='word_1_353' title='bbox 2909 2250 3183 2319; x_wconf 77' lang='grc' dir='ltr'>διαφόροις</span> <span class='ocrx_word' id='word_1_354' title='bbox 3212 2246 3468 2307; x_wconf 89' lang='grc' dir='ltr'>συνόδοις.</span> <span class='ocrx_word' id='word_1_355' title='bbox 3520 2241 3917 2311; x_wconf 70' lang='grc' dir='ltr'>Ἐξεδλήθησαν</span> <span class='ocrx_word' id='word_1_356' title='bbox 3945 2240 4009 2290; x_wconf 80' lang='grc' dir='ltr'><strong>δὲ</strong></span> 
     </span>
    </p>
   </div>
   <div class='ocr_carea' id='block_1_52' title="bbox 2441 2330 4011 2411">
    <p class='ocr_par' dir='ltr' id='par_1_52' title="bbox 2441 2330 4011 2411">
     <span class='ocr_line' id='line_1_52' title="bbox 2441 2330 4011 2411; baseline -0.01 -14"><span class='ocrx_word' id='word_1_357' title='bbox 2441 2345 2537 2398; x_wconf 79' lang='grc' dir='ltr'><strong>καὶ</strong></span> <span class='ocrx_word' id='word_1_358' title='bbox 2568 2344 2617 2395; x_wconf 90' lang='grc' dir='ltr'>οί</span> <span class='ocrx_word' id='word_1_359' title='bbox 2646 2342 2788 2395; x_wconf 82' lang='grc' dir='ltr'>οὓτω</span> <span class='ocrx_word' id='word_1_360' title='bbox 2817 2340 3137 2411; x_wconf 82' lang='grc' dir='ltr'>φρονοῦντες</span> <span class='ocrx_word' id='word_1_361' title='bbox 3165 2334 3611 2406; x_wconf 80' lang='grc' dir='ltr'>τῆςἚκκλησίας</span> <span class='ocrx_word' id='word_1_362' title='bbox 3628 2334 3704 2395; x_wconf 82' lang='grc' dir='ltr'><strong>ὡς</strong></span> <span class='ocrx_word' id='word_1_363' title='bbox 3736 2330 4011 2400; x_wconf 62' lang='grc' dir='ltr'><strong>αίρετικοὶ⁵</strong></span> 
     </span>
    </p>
   </div>
   <div class='ocr_carea' id='block_1_53' title="bbox 2441 2423 4013 2504">
    <p class='ocr_par' dir='ltr' id='par_1_53' title="bbox 2441 2423 4013 2504">
     <span class='ocr_line' id='line_1_53' title="bbox 2441 2423 4013 2504; baseline -0.01 -16"><span class='ocrx_word' id='word_1_364' title='bbox 2441 2437 2499 2488; x_wconf 90' lang='lat' dir='ltr'><strong>tv</strong></span> <span class='ocrx_word' id='word_1_365' title='bbox 2526 2437 2639 2497; x_wconf 86' lang='grc' dir='ltr'>τοῖς</span> <span class='ocrx_word' id='word_1_366' title='bbox 2668 2434 2877 2504; x_wconf 76' lang='grc' dir='ltr'>χρόνοις</span> <span class='ocrx_word' id='word_1_367' title='bbox 2902 2430 3158 2498; x_wconf 77' lang='grc' dir='ltr'><strong>Θεοφίλου</strong></span> <span class='ocrx_word' id='word_1_368' title='bbox 3181 2427 3275 2481; x_wconf 80' lang='grc' dir='ltr'><strong>τοῦ</strong></span> <span class='ocrx_word' id='word_1_369' title='bbox 3311 2425 3713 2494; x_wconf 71' lang='grc' dir='ltr'>Ἀλεξανδρείας</span> <span class='ocrx_word' id='word_1_370' title='bbox 3745 2423 3839 2476; x_wconf 83' lang='grc' dir='ltr'><strong>καὶ</strong></span> <span class='ocrx_word' id='word_1_371' title='bbox 3878 2423 4013 2475; x_wconf 86' lang='grc' dir='ltr'><strong>Ἰνο-</strong></span> 
     </span>
    </p>
   </div>
   <div class='ocr_carea' id='block_1_54' title="bbox 2442 2512 4013 2592">
    <p class='ocr_par' dir='ltr' id='par_1_54' title="bbox 2442 2512 4013 2592">
     <span class='ocr_line' id='line_1_54' title="bbox 2442 2512 4013 2592; baseline -0.009 -15"><span class='ocrx_word' id='word_1_372' title='bbox 2442 2525 2652 2577; x_wconf 84' lang='grc' dir='ltr'>κεντίου</span> <span class='ocrx_word' id='word_1_373' title='bbox 2689 2524 2906 2592; x_wconf 83' lang='grc' dir='ltr'><strong>Ῥώμης</strong></span> <span class='ocrx_word' id='word_1_374' title='bbox 2953 2521 3058 2575; x_wconf 85' lang='grc' dir='ltr'><strong>ὑπό</strong></span> <span class='ocrx_word' id='word_1_375' title='bbox 3101 2537 3161 2573; x_wconf 83' lang='grc' dir='ltr'><strong>τε</strong></span> <span class='ocrx_word' id='word_1_376' title='bbox 3197 2518 3481 2588; x_wconf 85' lang='grc' dir='ltr'>Ῥωμαίων</span> <span class='ocrx_word' id='word_1_377' title='bbox 3530 2519 3623 2568; x_wconf 81' lang='grc' dir='ltr'><strong>καὶ</strong></span> <span class='ocrx_word' id='word_1_378' title='bbox 3657 2516 3880 2585; x_wconf 75' lang='grc' dir='ltr'>’Δφρων</span> <span class='ocrx_word' id='word_1_379' title='bbox 3911 2512 4013 2564; x_wconf 78' lang='grc' dir='ltr'><strong>καὶ</strong></span> 
     </span>
    </p>
   </div>
   <div class='ocr_carea' id='block_1_55' title="bbox 2442 2602 4014 2675">
    <p class='ocr_par' dir='ltr' id='par_1_55' title="bbox 2442 2602 4014 2675">
     <span class='ocr_line' id='line_1_55' title="bbox 2442 2602 4014 2675; baseline -0.011 -6"><span class='ocrx_word' id='word_1_380' title='bbox 2442 2617 2550 2670; x_wconf 85' lang='grc' dir='ltr'>τῶν</span> <span class='ocrx_word' id='word_1_381' title='bbox 2575 2616 2776 2667; x_wconf 84' lang='grc' dir='ltr'>λοιπῶν</span> <span class='ocrx_word' id='word_1_382' title='bbox 2806 2613 3033 2666; x_wconf 87' lang='grc' dir='ltr'>δυτικῶν</span> <span class='ocrx_word' id='word_1_383' title='bbox 3062 2610 3397 2664; x_wconf 72' lang='grc' dir='ltr'>ἐπισκόπων.</span> <span class='ocrx_word' id='word_1_384' title='bbox 3440 2607 3497 2661; x_wconf 86' lang='lat'><strong>&#39;0</strong></span> <span class='ocrx_word' id='word_1_385' title='bbox 3528 2606 3711 2675; x_wconf 69' lang='grc' dir='ltr'>μέντοι</span> <span class='ocrx_word' id='word_1_386' title='bbox 3743 2602 4014 2668; x_wconf 85' lang='grc' dir='ltr'>Πελάγιος</span> 
     </span>
    </p>
   </div>
   <div class='ocr_carea' id='block_1_56' title="bbox 2445 2695 4014 2776">
    <p class='ocr_par' dir='ltr' id='par_1_56' title="bbox 2445 2695 4014 2776">
     <span class='ocr_line' id='line_1_56' title="bbox 2445 2695 4014 2776; baseline -0.01 -15"><span class='ocrx_word' id='word_1_387' title='bbox 2445 2711 2502 2761; x_wconf 83' lang='lat' dir='ltr'><strong>tv</strong></span> <span class='ocrx_word' id='word_1_388' title='bbox 2524 2706 2857 2776; x_wconf 80' lang='grc' dir='ltr'>Παλαιστίνῃ</span> <span class='ocrx_word' id='word_1_389' title='bbox 2886 2704 3104 2755; x_wconf 83' lang='grc' dir='ltr'>συνόδου</span> <span class='ocrx_word' id='word_1_390' title='bbox 3134 2701 3405 2768; x_wconf 81' lang='grc' dir='ltr'>συστάσης</span> <span class='ocrx_word' id='word_1_391' title='bbox 3427 2696 3946 2765; x_wconf 80' lang='grc' dir='ltr'>(τεσσαρεσκαίδεκα</span> <span class='ocrx_word' id='word_1_392' title='bbox 3962 2695 4014 2724; x_wconf 80' lang='grc'><strong>⁸⁸</strong></span> 
     </span>
    </p>
   </div>
   <div class='ocr_carea' id='block_1_57' title="bbox 2444 2784 4017 2868">
    <p class='ocr_par' dir='ltr' id='par_1_57' title="bbox 2444 2784 4017 2868">
     <span class='ocr_line' id='line_1_57' title="bbox 2444 2784 4017 2868; baseline -0.011 -17"><span class='ocrx_word' id='word_1_393' title='bbox 2444 2799 2501 2851; x_wconf 76' lang='grc' dir='ltr'><strong>δὲ</strong></span> <span class='ocrx_word' id='word_1_394' title='bbox 2536 2797 2632 2868; x_wconf 82' lang='grc' dir='ltr'>τὴν</span> <span class='ocrx_word' id='word_1_395' title='bbox 2661 2795 2876 2848; x_wconf 80' lang='grc' dir='ltr'>σύνοδον</span> <span class='ocrx_word' id='word_1_396' title='bbox 2909 2792 3180 2860; x_wconf 68' lang='grc' dir='ltr'>ἐπλήρουν</span> <span class='ocrx_word' id='word_1_397' title='bbox 3204 2787 3500 2858; x_wconf 79' lang='grc' dir='ltr'>ἀρχιερεῖς)</span> <span class='ocrx_word' id='word_1_398' title='bbox 3530 2786 3783 2856; x_wconf 79' lang='grc' dir='ltr'>ὴθωώθη,</span> <span class='ocrx_word' id='word_1_399' title='bbox 3816 2784 3884 2836; x_wconf 75' lang='grc' dir='ltr'><strong>τά</strong></span> <span class='ocrx_word' id='word_1_400' title='bbox 3910 2784 4017 2852; x_wconf 76' lang='grc' dir='ltr'>μὲν</span> 
     </span>
    </p>
   </div>
   <div class='ocr_carea' id='block_1_58' title="bbox 2445 2875 4021 2957">
    <p class='ocr_par' dir='ltr' id='par_1_58' title="bbox 2445 2875 4021 2957">
     <span class='ocr_line' id='line_1_58' title="bbox 2445 2875 4021 2957; baseline -0.011 -15"><span class='ocrx_word' id='word_1_401' title='bbox 2445 2890 2555 2943; x_wconf 82' lang='grc' dir='ltr'>τῶν</span> <span class='ocrx_word' id='word_1_402' title='bbox 2590 2885 2900 2957; x_wconf 79' lang='grc' dir='ltr'>κεφαλαίων</span> <span class='ocrx_word' id='word_1_403' title='bbox 2943 2882 3219 2944; x_wconf 82' lang='grc' dir='ltr'>παντελῶς</span> <span class='ocrx_word' id='word_1_404' title='bbox 3269 2878 3703 2949; x_wconf 77' lang='grc' dir='ltr'>ὲξαρνησάμενος</span> <span class='ocrx_word' id='word_1_405' title='bbox 3745 2876 3819 2938; x_wconf 89' lang='grc' dir='ltr'><strong>ώς</strong></span> <span class='ocrx_word' id='word_1_406' title='bbox 3852 2875 4021 2945; x_wconf 77' lang='grc' dir='ltr'>μωρὰ</span> 
     </span>
    </p>
   </div>
   <div class='ocr_carea' id='block_1_59' title="bbox 2449 2969 4020 3052">
    <p class='ocr_par' dir='ltr' id='par_1_59' title="bbox 2449 2969 4020 3052">
     <span class='ocr_line' id='line_1_59' title="bbox 2449 2969 4020 3052; baseline -0.013 -12"><span class='ocrx_word' id='word_1_407' title='bbox 2449 2988 2543 3040; x_wconf 75' lang='grc' dir='ltr'>καὶ</span> <span class='ocrx_word' id='word_1_408' title='bbox 2574 2982 2994 3052; x_wconf 83' lang='grc' dir='ltr'>ἀναθεματίσας,</span> <span class='ocrx_word' id='word_1_409' title='bbox 3027 2981 3095 3033; x_wconf 89' lang='grc' dir='ltr'><strong>τά</strong></span> <span class='ocrx_word' id='word_1_410' title='bbox 3121 2978 3179 3030; x_wconf 65' lang='grc' dir='ltr'>δὲ</span> <span class='ocrx_word' id='word_1_411' title='bbox 3218 2976 3496 3046; x_wconf 82' lang='grc' dir='ltr'>είρηκέναι</span> <span class='ocrx_word' id='word_1_412' title='bbox 3533 2975 3631 3043; x_wconf 83' lang='grc' dir='ltr'>μὲν</span> <span class='ocrx_word' id='word_1_413' title='bbox 3660 2974 3855 3040; x_wconf 83' lang='grc' dir='ltr'>φήσας,</span> <span class='ocrx_word' id='word_1_414' title='bbox 3889 2969 4020 3038; x_wconf 79' lang='grc' dir='ltr'><strong>οὐχὶ</strong></span> 
     </span>
    </p>
   </div>
   <div class='ocr_carea' id='block_1_60' title="bbox 2450 3060 4019 3141">
    <p class='ocr_par' dir='ltr' id='par_1_60' title="bbox 2450 3060 4019 3141">
     <span class='ocr_line' id='line_1_60' title="bbox 2450 3060 4019 3141; baseline -0.013 -12"><span class='ocrx_word' id='word_1_415' title='bbox 2450 3078 2506 3129; x_wconf 80' lang='grc' dir='ltr'><strong>δὲ</strong></span> <span class='ocrx_word' id='word_1_416' title='bbox 2533 3077 2607 3138; x_wconf 87' lang='grc' dir='ltr'>ὼς</span> <span class='ocrx_word' id='word_1_417' title='bbox 2639 3078 2687 3127; x_wconf 88' lang='grc' dir='ltr'>οί</span> <span class='ocrx_word' id='word_1_418' title='bbox 2711 3074 3003 3141; x_wconf 78' lang='grc' dir='ltr'>κατήγοροι</span> <span class='ocrx_word' id='word_1_419' title='bbox 3036 3068 3370 3137; x_wconf 69' lang='grc' dir='ltr'>ἐξειλήφασι,</span> <span class='ocrx_word' id='word_1_420' title='bbox 3404 3062 3702 3133; x_wconf 81' lang='grc' dir='ltr'>συμφώνως</span> <span class='ocrx_word' id='word_1_421' title='bbox 3723 3062 3777 3113; x_wconf 79' lang='grc' dir='ltr'>δὲ</span> <span class='ocrx_word' id='word_1_422' title='bbox 3811 3060 4019 3129; x_wconf 81' lang='grc' dir='ltr'>μᾶλλον</span> 
     </span>
    </p>
   </div>
   <div class='ocr_carea' id='block_1_61' title="bbox 785 3152 2447 3239">
    <p class='ocr_par' dir='ltr' id='par_1_61' title="bbox 785 3168 2447 3235">
     <span class='ocr_line' id='line_1_61' title="bbox 785 3168 2447 3235; baseline 0 -18"><span class='ocrx_word' id='word_1_423' title='bbox 785 3178 959 3220; x_wconf 87' lang='lat' dir='ltr'><strong>tamen</strong></span> <span class='ocrx_word' id='word_1_424' title='bbox 982 3181 1161 3230; x_wconf 89' lang='lat' dir='ltr'><strong>sensu,</strong></span> <span class='ocrx_word' id='word_1_425' title='bbox 1187 3184 1293 3235; x_wconf 89' lang='lat' dir='ltr'><strong>quo</strong></span> <span class='ocrx_word' id='word_1_426' title='bbox 1332 3179 1675 3222; x_wconf 86' lang='lat' dir='ltr'><strong>accusatores</strong></span> <span class='ocrx_word' id='word_1_427' title='bbox 1699 3168 1786 3221; x_wconf 94' lang='lat' dir='ltr'><strong>illa</strong></span> <span class='ocrx_word' id='word_1_428' title='bbox 1814 3168 2340 3234; x_wconf 89' lang='lat' dir='ltr'><strong>interpretarentur:</strong></span> <span class='ocrx_word' id='word_1_429' title='bbox 2373 3180 2413 3233; x_wconf 63' lang='grc' dir='ltr'><strong>(ς</strong></span> <span class='ocrx_word' id='word_1_430' title='bbox 2444 3192 2447 3205; x_wconf 82' lang='grc'>‹</span> 
     </span>
    </p>
   </div>
   <div class='ocr_carea' id='block_1_62' title="bbox 2358 3152 4020 3239">
    <p class='ocr_par' dir='ltr' id='par_1_62' title="bbox 2373 3152 4020 3239">
     <span class='ocr_line' id='line_1_62' title="bbox 2373 3152 4020 3239; baseline -0.012 -17"><span class='ocrx_word' id='word_1_431' title='bbox 2373 3180 2413 3233; x_wconf 80' lang='lat' dir='ltr'><strong><em>C</em></strong></span> <span class='ocrx_word' id='word_1_432' title='bbox 2444 3173 2509 3239; x_wconf 83' lang='grc' dir='ltr'><strong>τῇ</strong></span> <span class='ocrx_word' id='word_1_433' title='bbox 2542 3166 2799 3234; x_wconf 87' lang='grc' dir='ltr'>καθολικῇ</span> <span class='ocrx_word' id='word_1_434' title='bbox 2829 3160 3142 3230; x_wconf 68' lang='grc' dir='ltr'>Ἐκκλησία,</span> <span class='ocrx_word' id='word_1_435' title='bbox 3169 3162 3231 3211; x_wconf 88' lang='grc' dir='ltr'><strong>Οἱ</strong></span> <span class='ocrx_word' id='word_1_436' title='bbox 3254 3160 3432 3227; x_wconf 82' lang='grc' dir='ltr'>μέντοι</span> <span class='ocrx_word' id='word_1_437' title='bbox 3460 3152 3888 3223; x_wconf 80' lang='grc' dir='ltr'>κατηγοροῦντες</span> <span class='ocrx_word' id='word_1_438' title='bbox 3915 3152 4020 3204; x_wconf 80' lang='grc' dir='ltr'>αύ-</span> 
     </span>
    </p>
   </div>
   <div class='ocr_carea' id='block_1_63' title="bbox 783 3259 2345 3325">
    <p class='ocr_par' dir='ltr' id='par_1_63' title="bbox 783 3259 2345 3325">
     <span class='ocr_line' id='line_1_63' title="bbox 783 3259 2345 3325; baseline 0.003 -17"><span class='ocrx_word' id='word_1_439' title='bbox 783 3267 839 3309; x_wconf 88' lang='lat' dir='ltr'><strong>at</strong></span> <span class='ocrx_word' id='word_1_440' title='bbox 865 3269 1020 3325; x_wconf 93' lang='lat' dir='ltr'><strong>prout</strong></span> <span class='ocrx_word' id='word_1_441' title='bbox 1061 3274 1181 3311; x_wconf 89' lang='lat' dir='ltr'><strong>cum</strong></span> <span class='ocrx_word' id='word_1_442' title='bbox 1210 3259 1463 3313; x_wconf 69' lang='lat' dir='ltr'><strong>Ecclesia?</strong></span> <span class='ocrx_word' id='word_1_443' title='bbox 1485 3260 1765 3313; x_wconf 64' lang='lat' dir='ltr'><strong>catholica</strong></span> <span class='ocrx_word' id='word_1_444' title='bbox 1798 3261 2040 3312; x_wconf 88' lang='lat' dir='ltr'><strong>doctrina</strong></span> <span class='ocrx_word' id='word_1_445' title='bbox 2072 3262 2345 3325; x_wconf 61' lang='lat' dir='ltr'><strong>conspirao</strong></span> 
     </span>
    </p>
   </div>
   <div class='ocr_carea' id='block_1_64' title="bbox 786 3343 2345 3413">
    <p class='ocr_par' dir='ltr' id='par_1_64' title="bbox 786 3343 2345 3413">
     <span class='ocr_line' id='line_1_64' title="bbox 786 3343 2345 3413; baseline 0.003 -19"><span class='ocrx_word' id='word_1_446' title='bbox 786 3354 921 3397; x_wconf 90' lang='lat' dir='ltr'><strong>rent.</strong></span> <span class='ocrx_word' id='word_1_447' title='bbox 964 3347 1321 3399; x_wconf 63' lang='lat' dir='ltr'><strong>Accusiitores</strong></span> <span class='ocrx_word' id='word_1_448' title='bbox 1363 3356 1519 3398; x_wconf 88' lang='lat' dir='ltr'><strong>erant</strong></span> <span class='ocrx_word' id='word_1_449' title='bbox 1542 3343 1807 3413; x_wconf 83' lang='lat' dir='ltr'><strong>Neporus,</strong></span> <span class='ocrx_word' id='word_1_450' title='bbox 1843 3357 1897 3400; x_wconf 90' lang='lat' dir='ltr'><strong>et</strong></span> <span class='ocrx_word' id='word_1_451' title='bbox 1926 3345 2186 3408; x_wconf 81' lang='lat' dir='ltr'><strong>Lazarus,</strong></span> <span class='ocrx_word' id='word_1_452' title='bbox 2218 3346 2345 3401; x_wconf 81' lang='lat' dir='ltr'><strong>Gul-</strong></span> 
     </span>
    </p>
   </div>
   <div class='ocr_carea' id='block_1_65' title="bbox 784 3433 2349 3506">
    <p class='ocr_par' dir='ltr' id='par_1_65' title="bbox 784 3433 2349 3506">
     <span class='ocr_line' id='line_1_65' title="bbox 784 3433 2349 3506; baseline 0.003 -20"><span class='ocrx_word' id='word_1_453' title='bbox 784 3433 870 3488; x_wconf 88' lang='lat' dir='ltr'><strong>lici</strong></span> <span class='ocrx_word' id='word_1_454' title='bbox 925 3437 1185 3504; x_wconf 89' lang='lat' dir='ltr'><strong>episcopi,</strong></span> <span class='ocrx_word' id='word_1_455' title='bbox 1238 3437 1373 3506; x_wconf 78' lang='lat' dir='ltr'><strong>15a</strong></span> <span class='ocrx_word' id='word_1_456' title='bbox 1422 3438 1512 3504; x_wconf 90' lang='lat' dir='ltr'><strong>qui</strong></span> <span class='ocrx_word' id='word_1_457' title='bbox 1572 3439 1857 3504; x_wconf 68' lang='lat' dir='ltr'><strong>quaestioni</strong></span> <span class='ocrx_word' id='word_1_458' title='bbox 1902 3438 1969 3491; x_wconf 91' lang='lat' dir='ltr'><strong>de</strong></span> <span class='ocrx_word' id='word_1_459' title='bbox 2027 3438 2113 3490; x_wconf 93' lang='lat' dir='ltr'><strong>illo</strong></span> <span class='ocrx_word' id='word_1_460' title='bbox 2155 3438 2349 3490; x_wconf 65' lang='lat' dir='ltr'><strong>habitae</strong></span> 
     </span>
    </p>
   </div>
   <div class='ocr_carea' id='block_1_66' title="bbox 783 3528 2344 3591">
    <p class='ocr_par' dir='ltr' id='par_1_66' title="bbox 783 3528 2344 3591">
     <span class='ocr_line' id='line_1_66' title="bbox 783 3528 2344 3591; baseline -0.001 -12"><span class='ocrx_word' id='word_1_461' title='bbox 783 3542 891 3579; x_wconf 89' lang='lat' dir='ltr'><strong>non</strong></span> <span class='ocrx_word' id='word_1_462' title='bbox 948 3529 1261 3591; x_wconf 81' lang='lat' dir='ltr'><strong>interfuere,</strong></span> <span class='ocrx_word' id='word_1_463' title='bbox 1306 3531 1375 3581; x_wconf 90' lang='lat' dir='ltr'><strong>ob</strong></span> <span class='ocrx_word' id='word_1_464' title='bbox 1426 3528 1647 3580; x_wconf 88' lang='lat' dir='ltr'><strong>alterius</strong></span> <span class='ocrx_word' id='word_1_465' title='bbox 1687 3543 1871 3581; x_wconf 90' lang='lat' dir='ltr'><strong>eorum</strong></span> <span class='ocrx_word' id='word_1_466' title='bbox 1923 3528 2344 3581; x_wconf 79' lang='lat' dir='ltr'><strong>iuvaletudiuem</strong></span> 
     </span>
    </p>
   </div>
   <div class='ocr_carea' id='block_1_67' title="bbox 786 3620 2348 3687">
    <p class='ocr_par' dir='ltr' id='par_1_67' title="bbox 786 3620 2348 3687">
     <span class='ocr_line' id='line_1_67' title="bbox 786 3620 2348 3687; baseline 0.001 -17"><span class='ocrx_word' id='word_1_467' title='bbox 786 3620 996 3672; x_wconf 89' lang='lat' dir='ltr'><strong>veniam</strong></span> <span class='ocrx_word' id='word_1_468' title='bbox 1049 3622 1271 3687; x_wconf 88' lang='lat' dir='ltr'><strong>precati,</strong></span> <span class='ocrx_word' id='word_1_469' title='bbox 1324 3634 1390 3673; x_wconf 89' lang='lat' dir='ltr'><strong>ne</strong></span> <span class='ocrx_word' id='word_1_470' title='bbox 1436 3635 1497 3674; x_wconf 89' lang='lat' dir='ltr'><strong>se</strong></span> <span class='ocrx_word' id='word_1_471' title='bbox 1548 3622 1824 3673; x_wconf 83' lang='lat' dir='ltr'><strong>sisterent.</strong></span> <span class='ocrx_word' id='word_1_472' title='bbox 1874 3620 1963 3673; x_wconf 87' lang='lat' dir='ltr'><strong>Sic</strong></span> <span class='ocrx_word' id='word_1_473' title='bbox 2020 3620 2348 3687; x_wconf 72' lang='lat' dir='ltr'><strong>Augustinus</strong></span> 
     </span>
    </p>
   </div>
   <div class='ocr_carea' id='block_1_68' title="bbox 788 3711 2347 3781">
    <p class='ocr_par' dir='ltr' id='par_1_68' title="bbox 788 3711 2347 3781">
     <span class='ocr_line' id='line_1_68' title="bbox 788 3711 2347 3781; baseline 0.001 -18"><span class='ocrx_word' id='word_1_474' title='bbox 788 3711 902 3779; x_wconf 87' lang='grc'><strong>(94)</strong></span> <span class='ocrx_word' id='word_1_475' title='bbox 940 3713 993 3765; x_wconf 91' lang='lat' dir='ltr'><strong>in</strong></span> <span class='ocrx_word' id='word_1_476' title='bbox 1023 3713 1089 3767; x_wconf 87' lang='lat' dir='ltr'><strong>iis</strong></span> <span class='ocrx_word' id='word_1_477' title='bbox 1121 3728 1240 3780; x_wconf 72' lang='lat' dir='ltr'><strong>quae</strong></span> <span class='ocrx_word' id='word_1_478' title='bbox 1264 3714 1329 3766; x_wconf 91' lang='lat' dir='ltr'><strong>ad</strong></span> <span class='ocrx_word' id='word_1_479' title='bbox 1363 3711 1637 3766; x_wconf 82' lang='lat' dir='ltr'><strong>Aurelium</strong></span> <span class='ocrx_word' id='word_1_480' title='bbox 1665 3711 2008 3781; x_wconf 70' lang='lat' dir='ltr'><strong>Carthaginis</strong></span> <span class='ocrx_word' id='word_1_481' title='bbox 2036 3714 2347 3781; x_wconf 83' lang='lat' dir='ltr'><strong>episcopum</strong></span> 
     </span>
    </p>
   </div>
   <div class='ocr_carea' id='block_1_69' title="bbox 787 3802 1263 3870">
    <p class='ocr_par' dir='ltr' id='par_1_69' title="bbox 787 3802 1263 3870">
     <span class='ocr_line' id='line_1_69' title="bbox 787 3802 1263 3870; baseline 0.006 -16"><span class='ocrx_word' id='word_1_482' title='bbox 787 3804 1021 3870; x_wconf 71' lang='lat' dir='ltr'><strong>scripsit,</strong></span> <span class='ocrx_word' id='word_1_483' title='bbox 1063 3802 1263 3857; x_wconf 87' lang='lat' dir='ltr'><strong>refert.</strong></span> 
     </span>
    </p>
   </div>
   <div class='ocr_carea' id='block_1_70' title="bbox 857 3890 2349 3959">
    <p class='ocr_par' dir='ltr' id='par_1_70' title="bbox 857 3890 2349 3959">
     <span class='ocr_line' id='line_1_70' title="bbox 857 3890 2349 3959; baseline -0.001 -16"><span class='ocrx_word' id='word_1_484' title='bbox 857 3890 985 3944; x_wconf 89' lang='lat' dir='ltr'><strong>Post</strong></span> <span class='ocrx_word' id='word_1_485' title='bbox 1026 3891 1198 3945; x_wconf 87' lang='lat' dir='ltr'><strong>sancti</strong></span> <span class='ocrx_word' id='word_1_486' title='bbox 1240 3890 1518 3957; x_wconf 80' lang='lat' dir='ltr'><strong>Augustini</strong></span> <span class='ocrx_word' id='word_1_487' title='bbox 1556 3900 1783 3944; x_wconf 89' lang='lat' dir='ltr'><strong>mortem</strong></span> <span class='ocrx_word' id='word_1_488' title='bbox 1809 3899 2089 3959; x_wconf 65' lang='lat' dir='ltr'><strong>coeperunt</strong></span> <span class='ocrx_word' id='word_1_489' title='bbox 2130 3890 2349 3959; x_wconf 88' lang='lat' dir='ltr'><strong>quidam</strong></span> 
     </span>
    </p>
   </div>
   <div class='ocr_carea' id='block_1_71' title="bbox 788 3976 2350 4051">
    <p class='ocr_par' dir='ltr' id='par_1_71' title="bbox 788 3976 2350 4051">
     <span class='ocr_line' id='line_1_71' title="bbox 788 3976 2350 4051; baseline -0.001 -16"><span class='ocrx_word' id='word_1_490' title='bbox 788 3980 840 4035; x_wconf 86' lang='lat' dir='ltr'><strong>in</strong></span> <span class='ocrx_word' id='word_1_491' title='bbox 873 3980 1018 4035; x_wconf 89' lang='lat' dir='ltr'><strong>clero</strong></span> <span class='ocrx_word' id='word_1_492' title='bbox 1049 3982 1269 4049; x_wconf 90' lang='lat' dir='ltr'><strong>impium</strong></span> <span class='ocrx_word' id='word_1_493' title='bbox 1307 3981 1436 4034; x_wconf 88' lang='lat' dir='ltr'><strong>illud</strong></span> <span class='ocrx_word' id='word_1_494' title='bbox 1473 3982 1661 4051; x_wconf 89' lang='lat' dir='ltr'><strong>dogma</strong></span> <span class='ocrx_word' id='word_1_495' title='bbox 1694 3976 1978 4045; x_wconf 84' lang='lat' dir='ltr'><strong>asserere;</strong></span> <span class='ocrx_word' id='word_1_496' title='bbox 2016 3982 2153 4035; x_wconf 88' lang='lat' dir='ltr'><strong>male</strong></span> <span class='ocrx_word' id='word_1_497' title='bbox 2188 3983 2350 4035; x_wconf 83' lang='lat' dir='ltr'><strong>etiam</strong></span> 
     </span>
    </p>
   </div>
   <div class='ocr_carea' id='block_1_72' title="bbox 789 4074 2349 4144">
    <p class='ocr_par' dir='ltr' id='par_1_72' title="bbox 789 4074 2349 4144">
     <span class='ocr_line' id='line_1_72' title="bbox 789 4074 2349 4144; baseline 0.001 -17"><span class='ocrx_word' id='word_1_498' title='bbox 789 4074 934 4142; x_wconf 88' lang='lat' dir='ltr'><strong>loqui</strong></span> <span class='ocrx_word' id='word_1_499' title='bbox 968 4076 1032 4129; x_wconf 90' lang='lat' dir='ltr'><strong>de</strong></span> <span class='ocrx_word' id='word_1_500' title='bbox 1052 4075 1382 4144; x_wconf 80' lang='lat' dir='ltr'><strong>Augustino,</strong></span> <span class='ocrx_word' id='word_1_501' title='bbox 1411 4084 1571 4141; x_wconf 87' lang='lat' dir='ltr'><strong>atque</strong></span> <span class='ocrx_word' id='word_1_502' title='bbox 1616 4076 1751 4128; x_wconf 89' lang='lat' dir='ltr'><strong>adeo</strong></span> <span class='ocrx_word' id='word_1_503' title='bbox 1781 4075 2034 4129; x_wconf 86' lang='lat' dir='ltr'><strong>convitiis</strong></span> <span class='ocrx_word' id='word_1_504' title='bbox 2059 4075 2349 4136; x_wconf 83' lang='lat' dir='ltr'><strong>incessere,</strong></span> 
     </span>
    </p>
   </div>
   <div class='ocr_carea' id='block_1_73' title="bbox 792 4166 2351 4235">
    <p class='ocr_par' dir='ltr' id='par_1_73' title="bbox 792 4166 2351 4235">
     <span class='ocr_line' id='line_1_73' title="bbox 792 4166 2351 4235; baseline -0.001 -15"><span class='ocrx_word' id='word_1_505' title='bbox 792 4177 1043 4235; x_wconf 88' lang='lat' dir='ltr'><strong>tanquam</strong></span> <span class='ocrx_word' id='word_1_506' title='bbox 1088 4167 1297 4220; x_wconf 87' lang='lat' dir='ltr'><strong>arbitrii</strong></span> <span class='ocrx_word' id='word_1_507' title='bbox 1344 4166 1644 4220; x_wconf 88' lang='lat' dir='ltr'><strong>libertatem</strong></span> <span class='ocrx_word' id='word_1_508' title='bbox 1715 4166 2005 4221; x_wconf 86' lang='lat' dir='ltr'><strong>tollendam</strong></span> <span class='ocrx_word' id='word_1_509' title='bbox 2057 4166 2351 4220; x_wconf 86' lang='lat' dir='ltr'><strong>docuisset.</strong></span> 
     </span>
    </p>
   </div>
   <div class='ocr_carea' id='block_1_74' title="bbox 789 4257 2355 4326">
    <p class='ocr_par' dir='ltr' id='par_1_74' title="bbox 789 4257 2355 4326">
     <span class='ocr_line' id='line_1_74' title="bbox 789 4257 2355 4326; baseline -0.001 -16"><span class='ocrx_word' id='word_1_510' title='bbox 789 4258 986 4311; x_wconf 79' lang='lat' dir='ltr'><strong>Verum</strong></span> <span class='ocrx_word' id='word_1_511' title='bbox 1042 4257 1345 4313; x_wconf 87' lang='lat' dir='ltr'><strong>Celestinus</strong></span> <span class='ocrx_word' id='word_1_512' title='bbox 1404 4258 1642 4326; x_wconf 77' lang='lat' dir='ltr'><strong>pontifex</strong></span> <span class='ocrx_word' id='word_1_513' title='bbox 1702 4258 1997 4322; x_wconf 84' lang='lat' dir='ltr'><strong>Romanus,</strong></span> <span class='ocrx_word' id='word_1_514' title='bbox 2038 4257 2103 4310; x_wconf 90' lang='lat' dir='ltr'><strong>de</strong></span> <span class='ocrx_word' id='word_1_515' title='bbox 2165 4267 2355 4311; x_wconf 86' lang='lat' dir='ltr'><strong>sancto</strong></span> 
     </span>
    </p>
   </div>
   <div class='ocr_carea' id='block_1_75' title="bbox 789 4347 2351 4417">
    <p class='ocr_par' dir='ltr' id='par_1_75' title="bbox 789 4347 2351 4417">
     <span class='ocr_line' id='line_1_75' title="bbox 789 4347 2351 4417; baseline 0 -19"><span class='ocrx_word' id='word_1_516' title='bbox 789 4349 926 4411; x_wconf 87' lang='lat' dir='ltr'><strong>viro,</strong></span> <span class='ocrx_word' id='word_1_517' title='bbox 961 4357 1016 4401; x_wconf 91' lang='lat' dir='ltr'><strong>et</strong></span> <span class='ocrx_word' id='word_1_518' title='bbox 1048 4357 1239 4401; x_wconf 74' lang='lat' dir='ltr'><strong>coiitra</strong></span> <span class='ocrx_word' id='word_1_519' title='bbox 1262 4363 1355 4402; x_wconf 90' lang='lat' dir='ltr'><strong>eos</strong></span> <span class='ocrx_word' id='word_1_520' title='bbox 1379 4348 1465 4417; x_wconf 90' lang='lat' dir='ltr'><strong>qui</strong></span> <span class='ocrx_word' id='word_1_521' title='bbox 1503 4349 1640 4401; x_wconf 90' lang='lat' dir='ltr'><strong>banc</strong></span> <span class='ocrx_word' id='word_1_522' title='bbox 1666 4349 1914 4403; x_wconf 60' lang='lat' dir='ltr'><strong>haeresim</strong></span> <span class='ocrx_word' id='word_1_523' title='bbox 1948 4347 2351 4409; x_wconf 87' lang='lat' dir='ltr'><strong>resuscitareut,</strong></span> 
     </span>
    </p>
   </div>
   <div class='ocr_carea' id='block_1_76' title="bbox 787 4437 2357 4511">
    <p class='ocr_par' dir='ltr' id='par_1_76' title="bbox 787 4437 2357 4511">
     <span class='ocr_line' id='line_1_76' title="bbox 787 4437 2357 4511; baseline 0.001 -20"><span class='ocrx_word' id='word_1_524' title='bbox 787 4437 905 4505; x_wconf 82' lang='lat' dir='ltr'><strong>ejus</strong></span> <span class='ocrx_word' id='word_1_525' title='bbox 953 4454 1063 4493; x_wconf 78' lang='lat' dir='ltr'><strong>ora:</strong></span> <span class='ocrx_word' id='word_1_526' title='bbox 1105 4441 1372 4508; x_wconf 88' lang='lat' dir='ltr'><strong>episcopis</strong></span> <span class='ocrx_word' id='word_1_527' title='bbox 1417 4440 1664 4495; x_wconf 88' lang='lat' dir='ltr'><strong>scribens</strong></span> <span class='ocrx_word' id='word_1_528' title='bbox 1709 4440 1843 4511; x_wconf 76' lang='lat'><strong>(95),</strong></span> <span class='ocrx_word' id='word_1_529' title='bbox 1886 4454 2129 4494; x_wconf 88' lang='lat' dir='ltr'><strong>errorem</strong></span> <span class='ocrx_word' id='word_1_530' title='bbox 2183 4454 2357 4508; x_wconf 92' lang='lat' dir='ltr'><strong>nuper</strong></span> 
     </span>
    </p>
   </div>
   <div class='ocr_carea' id='block_1_77' title="bbox 2451 3244 4017 3323">
    <p class='ocr_par' dir='ltr' id='par_1_77' title="bbox 2451 3244 4017 3323">
     <span class='ocr_line' id='line_1_77' title="bbox 2451 3244 4017 3323; baseline -0.011 -13"><span class='ocrx_word' id='word_1_531' title='bbox 2451 3258 2546 3310; x_wconf 80' lang='grc' dir='ltr'><strong>τοῦ</strong></span> <span class='ocrx_word' id='word_1_532' title='bbox 2577 3257 2822 3323; x_wconf 71' lang='grc' dir='ltr'>Νέστορος</span> <span class='ocrx_word' id='word_1_533' title='bbox 2860 3248 2929 3321; x_wconf 78' lang='grc' dir='ltr'><strong>ἦν</strong></span> <span class='ocrx_word' id='word_1_534' title='bbox 2964 3252 3057 3304; x_wconf 72' lang='grc' dir='ltr'>καὶ</span> <span class='ocrx_word' id='word_1_535' title='bbox 3092 3249 3337 3317; x_wconf 76' lang='grc' dir='ltr'>Λάζαρος</span> <span class='ocrx_word' id='word_1_536' title='bbox 3370 3248 3418 3298; x_wconf 91' lang='grc' dir='ltr'>οἱ</span> <span class='ocrx_word' id='word_1_537' title='bbox 3467 3245 3656 3298; x_wconf 81' lang='grc' dir='ltr'>Γάλλοι</span> <span class='ocrx_word' id='word_1_538' title='bbox 3702 3244 4017 3303; x_wconf 70' lang='grc' dir='ltr'>ἐπίσκοποι,</span> 
     </span>
    </p>
   </div>
   <div class='ocr_carea' id='block_1_78' title="bbox 2453 3334 4021 3414">
    <p class='ocr_par' dir='ltr' id='par_1_78' title="bbox 2453 3334 4021 3414">
     <span class='ocr_line' id='line_1_78' title="bbox 2453 3334 4021 3414; baseline -0.011 -13"><span class='ocrx_word' id='word_1_539' title='bbox 2453 3350 2503 3401; x_wconf 85' lang='grc' dir='ltr'>οἳ</span> <span class='ocrx_word' id='word_1_540' title='bbox 2532 3347 2650 3400; x_wconf 68' lang='grc' dir='ltr'><strong>οὐδὲ</strong></span> <span class='ocrx_word' id='word_1_541' title='bbox 2688 3343 3045 3414; x_wconf 77' lang='grc' dir='ltr'>παρεγένοντο</span> <span class='ocrx_word' id='word_1_542' title='bbox 3074 3341 3131 3393; x_wconf 82' lang='lat' dir='ltr'><strong>tv</strong></span> <span class='ocrx_word' id='word_1_543' title='bbox 3175 3343 3241 3408; x_wconf 78' lang='grc' dir='ltr'><strong>τῇ</strong></span> <span class='ocrx_word' id='word_1_544' title='bbox 3287 3338 3528 3401; x_wconf 75' lang='grc' dir='ltr'>ἐξετάσει</span> <span class='ocrx_word' id='word_1_545' title='bbox 3567 3336 3750 3399; x_wconf 81' lang='grc' dir='ltr'>αὑτοῦ,</span> <span class='ocrx_word' id='word_1_546' title='bbox 3795 3334 3883 3386; x_wconf 84' lang='grc' dir='ltr'><strong>διά</strong></span> <span class='ocrx_word' id='word_1_547' title='bbox 3916 3335 4021 3401; x_wconf 75' lang='grc' dir='ltr'>τὴν</span> 
     </span>
    </p>
   </div>
   <div class='ocr_carea' id='block_1_79' title="bbox 2456 3426 4022 3504">
    <p class='ocr_par' dir='ltr' id='par_1_79' title="bbox 2456 3426 4022 3504">
     <span class='ocr_line' id='line_1_79' title="bbox 2456 3426 4022 3504; baseline -0.011 -13"><span class='ocrx_word' id='word_1_548' title='bbox 2456 3439 2695 3492; x_wconf 85' lang='grc' dir='ltr'>κάκωσιν</span> <span class='ocrx_word' id='word_1_549' title='bbox 2736 3434 2965 3504; x_wconf 80' lang='grc' dir='ltr'>θατέρου</span> <span class='ocrx_word' id='word_1_550' title='bbox 2992 3430 3171 3484; x_wconf 75' lang='grc' dir='ltr'>αὐτῶν</span> <span class='ocrx_word' id='word_1_551' title='bbox 3210 3429 3310 3499; x_wconf 84' lang='grc' dir='ltr'><strong>τὴν</strong></span> <span class='ocrx_word' id='word_1_552' title='bbox 3339 3428 3638 3498; x_wconf 84' lang='grc' dir='ltr'>παρουσίαν</span> <span class='ocrx_word' id='word_1_553' title='bbox 3670 3426 4022 3496; x_wconf 86' lang='grc' dir='ltr'>παραιτησά-</span> 
     </span>
    </p>
   </div>
   <div class='ocr_carea' id='block_1_80' title="bbox 2460 3517 4025 3599">
    <p class='ocr_par' dir='ltr' id='par_1_80' title="bbox 2460 3517 4025 3599">
     <span class='ocr_line' id='line_1_80' title="bbox 2460 3517 4025 3599; baseline -0.01 -17"><span class='ocrx_word' id='word_1_554' title='bbox 2460 3546 2628 3599; x_wconf 88' lang='grc' dir='ltr'>μενοι.</span> <span class='ocrx_word' id='word_1_555' title='bbox 2686 3526 2870 3587; x_wconf 77' lang='grc' dir='ltr'>Οὕτως</span> <span class='ocrx_word' id='word_1_556' title='bbox 2905 3523 3262 3589; x_wconf 80' lang='grc' dir='ltr'>Λύγουστῖνος</span> <span class='ocrx_word' id='word_1_557' title='bbox 3314 3521 3372 3571; x_wconf 87' lang='lat' dir='ltr'><strong>tv</strong></span> <span class='ocrx_word' id='word_1_558' title='bbox 3410 3522 3523 3583; x_wconf 85' lang='grc' dir='ltr'>τοῖς</span> <span class='ocrx_word' id='word_1_559' title='bbox 3576 3520 3712 3588; x_wconf 85' lang='grc' dir='ltr'>πρὸς</span> <span class='ocrx_word' id='word_1_560' title='bbox 3747 3517 4025 3588; x_wconf 79' lang='grc' dir='ltr'>Δύρήλιον</span> 
     </span>
    </p>
   </div>
   <div class='ocr_carea' id='block_1_81' title="bbox 2456 3611 3446 3689">
    <p class='ocr_par' dir='ltr' id='par_1_81' title="bbox 2456 3611 3446 3689">
     <span class='ocr_line' id='line_1_81' title="bbox 2456 3611 3446 3689; baseline -0.008 -16"><span class='ocrx_word' id='word_1_561' title='bbox 2456 3621 2546 3673; x_wconf 79' lang='grc' dir='ltr'>τὸν</span> <span class='ocrx_word' id='word_1_562' title='bbox 2575 3617 2930 3689; x_wconf 70' lang='grc' dir='ltr'>Καρταγὲνης</span> <span class='ocrx_word' id='word_1_563' title='bbox 2960 3615 3145 3668; x_wconf 85' lang='grc' dir='ltr'>πάπαν</span> <span class='ocrx_word' id='word_1_564' title='bbox 3176 3611 3446 3675; x_wconf 81' lang='grc' dir='ltr'>διέξεισιν.</span> 
     </span>
    </p>
   </div>
   <div class='ocr_carea' id='block_1_82' title="bbox 2531 3875 4029 3958">
    <p class='ocr_par' dir='ltr' id='par_1_82' title="bbox 2531 3875 4029 3958">
     <span class='ocr_line' id='line_1_82' title="bbox 2531 3875 4029 3958; baseline -0.009 -19"><span class='ocrx_word' id='word_1_565' title='bbox 2531 3887 2613 3958; x_wconf 63' lang='lat' dir='ltr'><strong>[Si</strong></span> <span class='ocrx_word' id='word_1_566' title='bbox 2646 3883 2714 3956; x_wconf 81' lang='grc' dir='ltr'><strong>Η]</strong></span> <span class='ocrx_word' id='word_1_567' title='bbox 2735 3882 2884 3937; x_wconf 83' lang='grc' dir='ltr'>Μετὰ</span> <span class='ocrx_word' id='word_1_568' title='bbox 2905 3881 3085 3952; x_wconf 80' lang='grc' dir='ltr'>μέντοι</span> <span class='ocrx_word' id='word_1_569' title='bbox 3114 3896 3175 3946; x_wconf 89' lang='grc' dir='ltr'><strong>γε</strong></span> <span class='ocrx_word' id='word_1_570' title='bbox 3198 3879 3423 3934; x_wconf 87' lang='grc' dir='ltr'>θάνατον</span> <span class='ocrx_word' id='word_1_571' title='bbox 3439 3876 3532 3928; x_wconf 81' lang='grc' dir='ltr'><strong>τοῦ</strong></span> <span class='ocrx_word' id='word_1_572' title='bbox 3550 3876 3609 3928; x_wconf 85' lang='lat' dir='ltr'><strong>tv</strong></span> <span class='ocrx_word' id='word_1_573' title='bbox 3621 3876 3792 3942; x_wconf 85' lang='grc' dir='ltr'>ἁγίοις</span> <span class='ocrx_word' id='word_1_574' title='bbox 3813 3875 4029 3939; x_wconf 75' lang='grc' dir='ltr'>Αὐγου-</span> 
     </span>
    </p>
   </div>
   <div class='ocr_carea' id='block_1_83' title="bbox 2460 3966 4028 4047">
    <p class='ocr_par' dir='ltr' id='par_1_83' title="bbox 2460 3966 4028 4047">
     <span class='ocr_line' id='line_1_83' title="bbox 2460 3966 4028 4047; baseline -0.01 -15"><span class='ocrx_word' id='word_1_575' title='bbox 2460 3981 2638 4032; x_wconf 87' lang='grc' dir='ltr'>στίνου</span> <span class='ocrx_word' id='word_1_576' title='bbox 2655 3975 2887 4047; x_wconf 72' lang='grc' dir='ltr'>ἧρξαντό</span> <span class='ocrx_word' id='word_1_577' title='bbox 2906 3990 3050 4035; x_wconf 89' lang='grc' dir='ltr'>τινες</span> <span class='ocrx_word' id='word_1_578' title='bbox 3072 3972 3179 4024; x_wconf 83' lang='grc' dir='ltr'>τῶν</span> <span class='ocrx_word' id='word_1_579' title='bbox 3194 3972 3249 4022; x_wconf 84' lang='lat' dir='ltr'><strong>tv</strong></span> <span class='ocrx_word' id='word_1_580' title='bbox 3263 3969 3338 4039; x_wconf 87' lang='grc' dir='ltr'>τῷ</span> <span class='ocrx_word' id='word_1_581' title='bbox 3363 3968 3547 4037; x_wconf 79' lang='grc' dir='ltr'>κλήρῳ</span> <span class='ocrx_word' id='word_1_582' title='bbox 3562 3967 3623 4020; x_wconf 78' lang='grc' dir='ltr'>τὸ</span> <span class='ocrx_word' id='word_1_583' title='bbox 3651 3968 3746 4037; x_wconf 84' lang='grc' dir='ltr'>μὲν</span> <span class='ocrx_word' id='word_1_584' title='bbox 3762 3966 4028 4027; x_wconf 77' lang='grc' dir='ltr'>δυσσεϐὲς</span> 
     </span>
    </p>
   </div>
   <div class='ocr_carea' id='block_1_84' title="bbox 2460 4058 4030 4141">
    <p class='ocr_par' dir='ltr' id='par_1_84' title="bbox 2460 4058 4030 4141">
     <span class='ocr_line' id='line_1_84' title="bbox 2460 4058 4030 4141; baseline -0.011 -16"><span class='ocrx_word' id='word_1_585' title='bbox 2460 4070 2746 4141; x_wconf 82' lang='grc' dir='ltr'>κρατύνειν</span> <span class='ocrx_word' id='word_1_586' title='bbox 2761 4069 2960 4135; x_wconf 87' lang='grc' dir='ltr'>δόγμα,</span> <span class='ocrx_word' id='word_1_587' title='bbox 2975 4064 3159 4127; x_wconf 82' lang='grc' dir='ltr'>κακῶς</span> <span class='ocrx_word' id='word_1_588' title='bbox 3171 4065 3226 4116; x_wconf 78' lang='grc' dir='ltr'><strong>δὲ</strong></span> <span class='ocrx_word' id='word_1_589' title='bbox 3239 4064 3417 4129; x_wconf 79' lang='grc' dir='ltr'>λέγειν</span> <span class='ocrx_word' id='word_1_590' title='bbox 3434 4062 3786 4128; x_wconf 81' lang='grc' dir='ltr'>Δύγουστίνον</span> <span class='ocrx_word' id='word_1_591' title='bbox 3802 4058 3893 4110; x_wconf 85' lang='grc' dir='ltr'>καὶ</span> <span class='ocrx_word' id='word_1_592' title='bbox 3912 4058 4030 4109; x_wconf 65' lang='grc' dir='ltr'>διας</span> 
     </span>
    </p>
   </div>
   <div class='ocr_carea' id='block_1_85' title="bbox 2462 4150 4023 4231">
    <p class='ocr_par' dir='ltr' id='par_1_85' title="bbox 2462 4150 4023 4231">
     <span class='ocr_line' id='line_1_85' title="bbox 2462 4150 4023 4231; baseline -0.01 -16"><span class='ocrx_word' id='word_1_593' title='bbox 2462 4162 2646 4231; x_wconf 86' lang='grc' dir='ltr'>σύρειν</span> <span class='ocrx_word' id='word_1_594' title='bbox 2673 4159 2747 4221; x_wconf 85' lang='grc' dir='ltr'>ὡς</span> <span class='ocrx_word' id='word_1_595' title='bbox 2772 4158 3047 4227; x_wconf 89' lang='grc' dir='ltr'>ἀναίρεσιν</span> <span class='ocrx_word' id='word_1_596' title='bbox 3070 4155 3165 4207; x_wconf 83' lang='grc' dir='ltr'><strong>τοῦ</strong></span> <span class='ocrx_word' id='word_1_597' title='bbox 3191 4153 3533 4219; x_wconf 84' lang='grc' dir='ltr'>αύτεξουσίου</span> <span class='ocrx_word' id='word_1_598' title='bbox 3560 4150 4023 4218; x_wconf 76' lang='grc' dir='ltr'>εἰσηγησάμενον·</span> 
     </span>
    </p>
   </div>
   <div class='ocr_carea' id='block_1_86' title="bbox 2460 4238 4027 4314">
    <p class='ocr_par' dir='ltr' id='par_1_86' title="bbox 2460 4238 4027 4314">
     <span class='ocr_line' id='line_1_86' title="bbox 2460 4238 4027 4314; baseline -0.011 -7"><span class='ocrx_word' id='word_1_599' title='bbox 2460 4254 2594 4307; x_wconf 84' lang='grc' dir='ltr'>ἀλλά</span> <span class='ocrx_word' id='word_1_600' title='bbox 2641 4253 2736 4306; x_wconf 76' lang='grc' dir='ltr'><strong>καὶ</strong></span> <span class='ocrx_word' id='word_1_601' title='bbox 2771 4251 3090 4309; x_wconf 81' lang='grc' dir='ltr'>Κελεστῖνος</span> <span class='ocrx_word' id='word_1_602' title='bbox 3135 4249 3162 4298; x_wconf 86' lang='grc' dir='ltr'><strong>ό</strong></span> <span class='ocrx_word' id='word_1_603' title='bbox 3211 4245 3423 4314; x_wconf 84' lang='grc' dir='ltr'>Ῥώμης</span> <span class='ocrx_word' id='word_1_604' title='bbox 3456 4244 3595 4312; x_wconf 81' lang='grc' dir='ltr'>ὑπέρ</span> <span class='ocrx_word' id='word_1_605' title='bbox 3626 4259 3684 4294; x_wconf 83' lang='grc' dir='ltr'><strong>τε</strong></span> <span class='ocrx_word' id='word_1_606' title='bbox 3729 4241 3822 4293; x_wconf 87' lang='grc' dir='ltr'>τού</span> <span class='ocrx_word' id='word_1_607' title='bbox 3874 4238 4027 4291; x_wconf 80' lang='grc' dir='ltr'>θείου</span> 
     </span>
    </p>
   </div>
   <div class='ocr_carea' id='block_1_87' title="bbox 2462 4333 4029 4415">
    <p class='ocr_par' dir='ltr' id='par_1_87' title="bbox 2462 4333 4029 4415">
     <span class='ocr_line' id='line_1_87' title="bbox 2462 4333 4029 4415; baseline -0.011 -17"><span class='ocrx_word' id='word_1_608' title='bbox 2462 4344 2653 4415; x_wconf 75' lang='grc' dir='ltr'>ἀνδρὸς</span> <span class='ocrx_word' id='word_1_609' title='bbox 2676 4342 2772 4396; x_wconf 77' lang='grc' dir='ltr'><strong>καὶ</strong></span> <span class='ocrx_word' id='word_1_610' title='bbox 2800 4340 2938 4394; x_wconf 87' lang='grc' dir='ltr'>κατά</span> <span class='ocrx_word' id='word_1_611' title='bbox 2981 4339 3089 4391; x_wconf 80' lang='grc' dir='ltr'><strong>τῶν</strong></span> <span class='ocrx_word' id='word_1_612' title='bbox 3118 4336 3508 4389; x_wconf 84' lang='grc' dir='ltr'>ἀνακινούντων</span> <span class='ocrx_word' id='word_1_613' title='bbox 3535 4335 3633 4402; x_wconf 75' lang='grc' dir='ltr'>τὴν</span> <span class='ocrx_word' id='word_1_614' title='bbox 3667 4333 3879 4401; x_wconf 80' lang='grc' dir='ltr'>αἵρεσιν</span> <span class='ocrx_word' id='word_1_615' title='bbox 3908 4333 4029 4393; x_wconf 84' lang='grc' dir='ltr'>τοῖς</span> 
     </span>
    </p>
   </div>
   <div class='ocr_carea' id='block_1_88' title="bbox 2462 4421 4029 4507">
    <p class='ocr_par' dir='ltr' id='par_1_88' title="bbox 2462 4421 4029 4507">
     <span class='ocr_line' id='line_1_88' title="bbox 2462 4421 4029 4507; baseline -0.01 -18"><span class='ocrx_word' id='word_1_616' title='bbox 2462 4434 2743 4507; x_wconf 74' lang='grc' dir='ltr'>ἐγχωρίοις</span> <span class='ocrx_word' id='word_1_617' title='bbox 2756 4433 2980 4501; x_wconf 82' lang='grc' dir='ltr'>γράφων</span> <span class='ocrx_word' id='word_1_618' title='bbox 2998 4428 3333 4489; x_wconf 77' lang='grc' dir='ltr'>ἐπισκόποις,</span> <span class='ocrx_word' id='word_1_619' title='bbox 3349 4425 3445 4495; x_wconf 80' lang='grc' dir='ltr'><strong>τὴν</strong></span> <span class='ocrx_word' id='word_1_620' title='bbox 3470 4424 3794 4494; x_wconf 79' lang='grc' dir='ltr'>κινουμένην</span> <span class='ocrx_word' id='word_1_621' title='bbox 3812 4421 4029 4489; x_wconf 86' lang='grc' dir='ltr'>πλάνην</span> 
     </span>
    </p>
   </div>
   <div class='ocr_carea' id='block_1_89' title="bbox 788 4513 2450 4600">
    <p class='ocr_par' dir='ltr' id='par_1_89' title="bbox 788 4524 2432 4600">
     <span class='ocr_line' id='line_1_89' title="bbox 788 4524 2432 4600; baseline 0.001 -20"><span class='ocrx_word' id='word_1_622' title='bbox 788 4541 1099 4583; x_wconf 86' lang='lat' dir='ltr'><strong>revocatum</strong></span> <span class='ocrx_word' id='word_1_623' title='bbox 1146 4530 1407 4584; x_wconf 86' lang='lat' dir='ltr'><strong>cohibuit.</strong></span> <span class='ocrx_word' id='word_1_624' title='bbox 1458 4530 1591 4585; x_wconf 88' lang='lat' dir='ltr'><strong>Cum</strong></span> <span class='ocrx_word' id='word_1_625' title='bbox 1628 4532 1885 4600; x_wconf 89' lang='lat' dir='ltr'><strong>temporis</strong></span> <span class='ocrx_word' id='word_1_626' title='bbox 1914 4530 2033 4584; x_wconf 89' lang='lat' dir='ltr'><strong>dein</strong></span> <span class='ocrx_word' id='word_1_627' title='bbox 2066 4545 2352 4600; x_wconf 85' lang='lat' dir='ltr'><strong>progressu</strong></span> <span class='ocrx_word' id='word_1_628' title='bbox 2384 4524 2432 4582; x_wconf 90' lang='lat' dir='ltr'><strong>D</strong></span> 
     </span>
    </p>
   </div>
   <div class='ocr_carea' id='block_1_90' title="bbox 2369 4513 4031 4600">
    <p class='ocr_par' dir='ltr' id='par_1_90' title="bbox 2384 4513 4031 4597">
     <span class='ocr_line' id='line_1_90' title="bbox 2384 4513 4031 4597; baseline -0.012 -16"><span class='ocrx_word' id='word_1_629' title='bbox 2384 4524 2432 4582; x_wconf 89' lang='lat' dir='ltr'>D</span> <span class='ocrx_word' id='word_1_630' title='bbox 2458 4527 2705 4597; x_wconf 74' lang='grc' dir='ltr'>ἔστησεν.</span> <span class='ocrx_word' id='word_1_631' title='bbox 2747 4522 2954 4593; x_wconf 85' lang='grc' dir='ltr'>Χρόνου</span> <span class='ocrx_word' id='word_1_632' title='bbox 2980 4520 3035 4572; x_wconf 83' lang='grc' dir='ltr'>δὲ</span> <span class='ocrx_word' id='word_1_633' title='bbox 3058 4518 3342 4586; x_wconf 87' lang='grc' dir='ltr'>παριόντος</span> <span class='ocrx_word' id='word_1_634' title='bbox 3372 4516 3464 4568; x_wconf 77' lang='grc' dir='ltr'>καὶ</span> <span class='ocrx_word' id='word_1_635' title='bbox 3486 4514 3592 4567; x_wconf 84' lang='grc' dir='ltr'><strong>τῶν</strong></span> <span class='ocrx_word' id='word_1_636' title='bbox 3616 4514 3721 4566; x_wconf 80' lang='grc' dir='ltr'><strong>ἀπὸ</strong></span> <span class='ocrx_word' id='word_1_637' title='bbox 3743 4513 3841 4582; x_wconf 86' lang='grc' dir='ltr'>τῆς</span> <span class='ocrx_word' id='word_1_638' title='bbox 3872 4513 4031 4581; x_wconf 78' lang='grc' dir='ltr'><strong>αἱρέ-</strong></span> 
     </span>
    </p>
   </div>
   <div class='ocr_carea' id='block_1_91' title="bbox 787 4621 2354 4690">
    <p class='ocr_par' dir='ltr' id='par_1_91' title="bbox 787 4621 2354 4690">
     <span class='ocr_line' id='line_1_91' title="bbox 787 4621 2354 4690; baseline 0.001 -17"><span class='ocrx_word' id='word_1_639' title='bbox 787 4630 949 4673; x_wconf 64' lang='lat' dir='ltr'><strong>secta:</strong></span> <span class='ocrx_word' id='word_1_640' title='bbox 990 4621 1147 4687; x_wconf 86' lang='lat' dir='ltr'><strong>hujus</strong></span> <span class='ocrx_word' id='word_1_641' title='bbox 1182 4621 1428 4679; x_wconf 86' lang='lat' dir='ltr'><strong>homines</strong></span> <span class='ocrx_word' id='word_1_642' title='bbox 1460 4637 1553 4689; x_wconf 89' lang='lat' dir='ltr'><strong>per</strong></span> <span class='ocrx_word' id='word_1_643' title='bbox 1584 4623 1805 4675; x_wconf 52' lang='lat' dir='ltr'><strong>haeresis</strong></span> <span class='ocrx_word' id='word_1_644' title='bbox 1830 4636 1939 4674; x_wconf 67' lang='lat' dir='ltr'><strong>suae</strong></span> <span class='ocrx_word' id='word_1_645' title='bbox 1961 4621 2354 4690; x_wconf 87' lang='lat' dir='ltr'><strong>abjurationem</strong></span> 
     </span>
    </p>
   </div>
   <div class='ocr_carea' id='block_1_92' title="bbox 786 4711 2354 4786">
    <p class='ocr_par' dir='ltr' id='par_1_92' title="bbox 786 4711 2354 4786">
     <span class='ocr_line' id='line_1_92' title="bbox 786 4711 2354 4786; baseline -0.001 -21"><span class='ocrx_word' id='word_1_646' title='bbox 786 4711 1039 4767; x_wconf 78' lang='lat' dir='ltr'><strong>Ecclesiae</strong></span> <span class='ocrx_word' id='word_1_647' title='bbox 1064 4714 1296 4767; x_wconf 86' lang='lat' dir='ltr'><strong>restituti</strong></span> <span class='ocrx_word' id='word_1_648' title='bbox 1314 4723 1518 4779; x_wconf 86' lang='lat' dir='ltr'><strong>essent,</strong></span> <span class='ocrx_word' id='word_1_649' title='bbox 1544 4714 1735 4766; x_wconf 85' lang='lat' dir='ltr'><strong>iterum</strong></span> <span class='ocrx_word' id='word_1_650' title='bbox 1764 4714 1961 4766; x_wconf 91' lang='lat' dir='ltr'><strong>malum</strong></span> <span class='ocrx_word' id='word_1_651' title='bbox 1985 4716 2051 4786; x_wconf 75' lang='lat' dir='ltr'><strong>ab</strong></span> <span class='ocrx_word' id='word_1_652' title='bbox 2078 4712 2181 4767; x_wconf 90' lang='lat' dir='ltr'><strong>illis</strong></span> <span class='ocrx_word' id='word_1_653' title='bbox 2205 4713 2354 4782; x_wconf 89' lang='lat' dir='ltr'><strong>prin-</strong></span> 
     </span>
    </p>
   </div>
   <div class='ocr_carea' id='block_1_93' title="bbox 786 4805 2354 4875">
    <p class='ocr_par' dir='ltr' id='par_1_93' title="bbox 786 4805 2354 4875">
     <span class='ocr_line' id='line_1_93' title="bbox 786 4805 2354 4875; baseline 0.001 -20"><span class='ocrx_word' id='word_1_654' title='bbox 786 4805 984 4871; x_wconf 89' lang='lat' dir='ltr'><strong>cipium</strong></span> <span class='ocrx_word' id='word_1_655' title='bbox 1035 4807 1300 4873; x_wconf 88' lang='lat' dir='ltr'><strong>sumpsit,</strong></span> <span class='ocrx_word' id='word_1_656' title='bbox 1352 4815 1409 4858; x_wconf 92' lang='lat' dir='ltr'><strong>ut</strong></span> <span class='ocrx_word' id='word_1_657' title='bbox 1467 4805 1707 4875; x_wconf 86' lang='lat' dir='ltr'><strong>Septimo</strong></span> <span class='ocrx_word' id='word_1_658' title='bbox 1748 4807 2003 4874; x_wconf 81' lang='lat' dir='ltr'><strong>episcopo</strong></span> <span class='ocrx_word' id='word_1_659' title='bbox 2063 4818 2354 4859; x_wconf 89' lang='lat' dir='ltr'><strong>renascens</strong></span> 
     </span>
    </p>
   </div>
   <div class='ocr_carea' id='block_1_94' title="bbox 785 4894 2350 4965">
    <p class='ocr_par' dir='ltr' id='par_1_94' title="bbox 785 4894 2350 4965">
     <span class='ocr_line' id='line_1_94' title="bbox 785 4894 2350 4965; baseline 0 -18"><span class='ocrx_word' id='word_1_660' title='bbox 785 4898 971 4948; x_wconf 87' lang='lat' dir='ltr'><strong>eadem</strong></span> <span class='ocrx_word' id='word_1_661' title='bbox 1014 4896 1146 4959; x_wconf 88' lang='lat' dir='ltr'><strong>lues,</strong></span> <span class='ocrx_word' id='word_1_662' title='bbox 1200 4907 1485 4964; x_wconf 88' lang='lat' dir='ltr'><strong>antequam</strong></span> <span class='ocrx_word' id='word_1_663' title='bbox 1520 4896 1729 4965; x_wconf 88' lang='lat' dir='ltr'><strong>longius</strong></span> <span class='ocrx_word' id='word_1_664' title='bbox 1778 4903 2037 4963; x_wconf 89' lang='lat' dir='ltr'><strong>serperet,</strong></span> <span class='ocrx_word' id='word_1_665' title='bbox 2077 4894 2238 4948; x_wconf 87' lang='lat' dir='ltr'><strong>fuerit</strong></span> <span class='ocrx_word' id='word_1_666' title='bbox 2265 4911 2350 4947; x_wconf 83' lang='lat' dir='ltr'><strong>re-</strong></span> 
     </span>
    </p>
   </div>
   <div class='ocr_carea' id='block_1_95' title="bbox 786 4986 2348 5057">
    <p class='ocr_par' dir='ltr' id='par_1_95' title="bbox 786 4986 2348 5057">
     <span class='ocr_line' id='line_1_95' title="bbox 786 4986 2348 5057; baseline -0.003 -16"><span class='ocrx_word' id='word_1_667' title='bbox 786 4988 1080 5056; x_wconf 90' lang='lat' dir='ltr'><strong>primenda,</strong></span> <span class='ocrx_word' id='word_1_668' title='bbox 1113 4988 1254 5042; x_wconf 88' lang='lat' dir='ltr'><strong>datis</strong></span> <span class='ocrx_word' id='word_1_669' title='bbox 1287 4990 1351 5041; x_wconf 88' lang='lat' dir='ltr'><strong>ad</strong></span> <span class='ocrx_word' id='word_1_670' title='bbox 1385 4988 1612 5042; x_wconf 91' lang='lat' dir='ltr'><strong>Leonem</strong></span> <span class='ocrx_word' id='word_1_671' title='bbox 1647 4988 1777 5057; x_wconf 87' lang='lat'><strong>(96);</strong></span> <span class='ocrx_word' id='word_1_672' title='bbox 1810 4986 1995 5039; x_wconf 66' lang='lat' dir='ltr'><strong>Romae</strong></span> <span class='ocrx_word' id='word_1_673' title='bbox 2026 4997 2135 5038; x_wconf 89' lang='lat' dir='ltr'><strong>tum</strong></span> <span class='ocrx_word' id='word_1_674' title='bbox 2165 4988 2348 5041; x_wconf 91' lang='lat' dir='ltr'><strong>sedem</strong></span> 
     </span>
    </p>
   </div>
   <div class='ocr_carea' id='block_1_96' title="bbox 784 5076 2350 5148">
    <p class='ocr_par' dir='ltr' id='par_1_96' title="bbox 784 5076 2350 5148">
     <span class='ocr_line' id='line_1_96' title="bbox 784 5076 2350 5148; baseline 0.001 -19"><span class='ocrx_word' id='word_1_675' title='bbox 784 5078 1132 5146; x_wconf 86' lang='lat' dir='ltr'><strong>apostolicam</strong></span> <span class='ocrx_word' id='word_1_676' title='bbox 1153 5086 1449 5143; x_wconf 88' lang='lat' dir='ltr'><strong>tenentem,</strong></span> <span class='ocrx_word' id='word_1_677' title='bbox 1478 5078 1697 5144; x_wconf 89' lang='lat' dir='ltr'><strong>litteris,</strong></span> <span class='ocrx_word' id='word_1_678' title='bbox 1718 5080 1804 5148; x_wconf 89' lang='lat' dir='ltr'><strong>qui</strong></span> <span class='ocrx_word' id='word_1_679' title='bbox 1834 5076 1944 5132; x_wconf 90' lang='lat' dir='ltr'><strong>Leo</strong></span> <span class='ocrx_word' id='word_1_680' title='bbox 1976 5077 2201 5131; x_wconf 87' lang='lat' dir='ltr'><strong>ferventi</strong></span> <span class='ocrx_word' id='word_1_681' title='bbox 2232 5077 2350 5131; x_wconf 82' lang='lat' dir='ltr'><strong>zelo</strong></span> 
     </span>
    </p>
   </div>
   <div class='ocr_carea' id='block_1_97' title="bbox 2464 4604 4026 4679">
    <p class='ocr_par' dir='ltr' id='par_1_97' title="bbox 2464 4604 4026 4679">
     <span class='ocr_line' id='line_1_97' title="bbox 2464 4604 4026 4679; baseline -0.011 -9"><span class='ocrx_word' id='word_1_682' title='bbox 2464 4634 2601 4679; x_wconf 88' lang='grc' dir='ltr'>σεως</span> <span class='ocrx_word' id='word_1_683' title='bbox 2650 4616 2736 4668; x_wconf 89' lang='grc' dir='ltr'><strong>διά</strong></span> <span class='ocrx_word' id='word_1_684' title='bbox 2766 4615 2827 4666; x_wconf 84' lang='grc' dir='ltr'>τὸ</span> <span class='ocrx_word' id='word_1_685' title='bbox 2874 4609 3263 4678; x_wconf 84' lang='grc' dir='ltr'>ἀναθεματίσαι</span> <span class='ocrx_word' id='word_1_686' title='bbox 3327 4607 3427 4674; x_wconf 80' lang='grc' dir='ltr'><strong>τὴν</strong></span> <span class='ocrx_word' id='word_1_687' title='bbox 3468 4606 3670 4657; x_wconf 81' lang='grc' dir='ltr'>οίκείαν</span> <span class='ocrx_word' id='word_1_688' title='bbox 3700 4604 3911 4674; x_wconf 81' lang='grc' dir='ltr'>αἵρεσιν</span> <span class='ocrx_word' id='word_1_689' title='bbox 3956 4606 4026 4671; x_wconf 84' lang='grc' dir='ltr'>τῇ</span> 
     </span>
    </p>
   </div>
   <div class='ocr_carea' id='block_1_98' title="bbox 2474 4694 4029 4775">
    <p class='ocr_par' dir='ltr' id='par_1_98' title="bbox 2474 4694 4029 4775">
     <span class='ocr_line' id='line_1_98' title="bbox 2474 4694 4029 4775; baseline -0.01 -15"><span class='ocrx_word' id='word_1_690' title='bbox 2474 4707 2768 4775; x_wconf 75' lang='grc' dir='ltr'>Ἐκκλησία</span> <span class='ocrx_word' id='word_1_691' title='bbox 2811 4700 3284 4773; x_wconf 77' lang='grc' dir='ltr'>παραδεχθέντων,</span> <span class='ocrx_word' id='word_1_692' title='bbox 3329 4697 3487 4749; x_wconf 89' lang='grc' dir='ltr'>πάλιν</span> <span class='ocrx_word' id='word_1_693' title='bbox 3522 4696 3580 4760; x_wconf 78' lang='grc' dir='ltr'>ἐξ</span> <span class='ocrx_word' id='word_1_694' title='bbox 3626 4695 3801 4746; x_wconf 82' lang='grc' dir='ltr'>αὐτῶν</span> <span class='ocrx_word' id='word_1_695' title='bbox 3844 4694 4029 4763; x_wconf 85' lang='grc' dir='ltr'>ἀρχὴν</span> 
     </span>
    </p>
   </div>
   <div class='ocr_carea' id='block_1_99' title="bbox 2460 4785 4026 4868">
    <p class='ocr_par' dir='ltr' id='par_1_99' title="bbox 2460 4785 4026 4868">
     <span class='ocr_line' id='line_1_99' title="bbox 2460 4785 4026 4868; baseline -0.015 -16"><span class='ocrx_word' id='word_1_696' title='bbox 2460 4799 2729 4868; x_wconf 78' lang='grc' dir='ltr'>ὲλάμόανε</span> <span class='ocrx_word' id='word_1_697' title='bbox 2773 4795 2831 4847; x_wconf 86' lang='grc' dir='ltr'>τὺ</span> <span class='ocrx_word' id='word_1_698' title='bbox 2862 4792 3067 4846; x_wconf 87' lang='grc' dir='ltr'>κακόν·</span> <span class='ocrx_word' id='word_1_699' title='bbox 3103 4790 3236 4843; x_wconf 87' lang='grc' dir='ltr'>ἀλλὰ</span> <span class='ocrx_word' id='word_1_700' title='bbox 3274 4788 3540 4855; x_wconf 82' lang='grc' dir='ltr'>Σέπτιμος</span> <span class='ocrx_word' id='word_1_701' title='bbox 3579 4785 3874 4846; x_wconf 75' lang='grc' dir='ltr'>ἐπίσκοπος</span> <span class='ocrx_word' id='word_1_702' title='bbox 3917 4788 4026 4854; x_wconf 80' lang='grc' dir='ltr'><strong>ἀρ-</strong></span> 
     </span>
    </p>
   </div>
   <div class='ocr_carea' id='block_1_100' title="bbox 2460 4875 4019 4960">
    <p class='ocr_par' dir='ltr' id='par_1_100' title="bbox 2460 4875 4019 4960">
     <span class='ocr_line' id='line_1_100' title="bbox 2460 4875 4019 4960; baseline -0.012 -17"><span class='ocrx_word' id='word_1_703' title='bbox 2460 4890 2695 4960; x_wconf 78' lang='grc' dir='ltr'>χομὲνης</span> <span class='ocrx_word' id='word_1_704' title='bbox 2723 4887 2822 4956; x_wconf 83' lang='grc' dir='ltr'>τῆς</span> <span class='ocrx_word' id='word_1_705' title='bbox 2853 4884 3028 4952; x_wconf 88' lang='grc' dir='ltr'>λύμης</span> <span class='ocrx_word' id='word_1_706' title='bbox 3066 4882 3261 4949; x_wconf 76' lang='grc' dir='ltr'>ἐπέσχε</span> <span class='ocrx_word' id='word_1_707' title='bbox 3292 4882 3389 4948; x_wconf 82' lang='grc' dir='ltr'>τὴν</span> <span class='ocrx_word' id='word_1_708' title='bbox 3417 4879 3586 4947; x_wconf 77' lang='grc' dir='ltr'>φοράν</span> <span class='ocrx_word' id='word_1_709' title='bbox 3605 4919 3618 4941; x_wconf 88' lang='grc'><strong>,</strong></span> <span class='ocrx_word' id='word_1_710' title='bbox 3642 4875 3858 4944; x_wconf 73' lang='grc' dir='ltr'>γράψας</span> <span class='ocrx_word' id='word_1_711' title='bbox 3880 4876 4019 4944; x_wconf 77' lang='grc' dir='ltr'>πρὸς</span> 
     </span>
    </p>
   </div>
   <div class='ocr_carea' id='block_1_101' title="bbox 2458 4967 4017 5045">
    <p class='ocr_par' dir='ltr' id='par_1_101' title="bbox 2458 4967 4017 5045">
     <span class='ocr_line' id='line_1_101' title="bbox 2458 4967 4017 5045; baseline -0.021 3"><span class='ocrx_word' id='word_1_712' title='bbox 2458 4985 2662 5037; x_wconf 80' lang='grc' dir='ltr'><strong>Λέοντα</strong></span> <span class='ocrx_word' id='word_1_713' title='bbox 2691 4981 2780 5032; x_wconf 70' lang='grc' dir='ltr'><strong>τὸν</strong></span> <span class='ocrx_word' id='word_1_714' title='bbox 2843 4977 3062 5045; x_wconf 81' lang='grc' dir='ltr'>Ῥώμης</span> <span class='ocrx_word' id='word_1_715' title='bbox 3112 4971 3409 5042; x_wconf 77' lang='grc' dir='ltr'>τηνικαῦτα</span> <span class='ocrx_word' id='word_1_716' title='bbox 3465 4967 3859 5037; x_wconf 85' lang='grc' dir='ltr'>προεδρεύοντα</span> <span class='ocrx_word' id='word_1_717' title='bbox 3888 5007 3902 5029; x_wconf 86' lang='grc'><strong>,</strong></span> <span class='ocrx_word' id='word_1_718' title='bbox 3956 4967 4017 5029; x_wconf 83' lang='grc' dir='ltr'>ὃς</span> 
     </span>
    </p>
   </div>
   <div class='ocr_carea' id='block_1_102' title="bbox 2456 5060 4019 5142">
    <p class='ocr_par' dir='ltr' id='par_1_102' title="bbox 2456 5060 4019 5142">
     <span class='ocr_line' id='line_1_102' title="bbox 2456 5060 4019 5142; baseline -0.012 -14"><span class='ocrx_word' id='word_1_719' title='bbox 2456 5073 2707 5142; x_wconf 84' lang='grc' dir='ltr'>διαπύρῳ</span> <span class='ocrx_word' id='word_1_720' title='bbox 2738 5070 2885 5140; x_wconf 78' lang='grc' dir='ltr'><strong>ζήλῳ</strong></span> <span class='ocrx_word' id='word_1_721' title='bbox 2910 5067 3051 5120; x_wconf 84' lang='grc' dir='ltr'>κατά</span> <span class='ocrx_word' id='word_1_722' title='bbox 3072 5065 3170 5135; x_wconf 83' lang='grc' dir='ltr'>τῆς</span> <span class='ocrx_word' id='word_1_723' title='bbox 3197 5061 3511 5124; x_wconf 77' lang='grc' dir='ltr'>δυσσεϐείας</span> <span class='ocrx_word' id='word_1_724' title='bbox 3537 5060 3857 5128; x_wconf 75' lang='grc' dir='ltr'>ἠγωνίσατο.</span> <span class='ocrx_word' id='word_1_725' title='bbox 3882 5060 4019 5111; x_wconf 84' lang='grc' dir='ltr'>Μετ’</span> 
     </span>
    </p>
   </div>
   <div class='ocr_carea' id='block_1_103' title="bbox 2048 5188 2726 5248">
    <p class='ocr_par' dir='ltr' id='par_1_103' title="bbox 2048 5188 2726 5248">
     <span class='ocr_line' id='line_1_103' title="bbox 2048 5188 2726 5248; baseline -0.01 0"><span class='ocrx_word' id='word_1_726' title='bbox 2048 5193 2280 5248; x_wconf 64' lang='lat' dir='ltr'><strong>VARI/IS</strong></span> <span class='ocrx_word' id='word_1_727' title='bbox 2322 5188 2726 5247; x_wconf 85' lang='lat' dir='ltr'><strong>LECTlONES.</strong></span> 
     </span>
    </p>
   </div>
   <div class='ocr_carea' id='block_1_104' title="bbox 855 5305 2225 5373">
    <p class='ocr_par' dir='ltr' id='par_1_104' title="bbox 855 5305 2225 5373">
     <span class='ocr_line' id='line_1_104' title="bbox 855 5305 2225 5373; baseline 0.001 -15"><span class='ocrx_word' id='word_1_728' title='bbox 855 5308 896 5337; x_wconf 88' lang='grc'><strong>⁷⁷</strong></span> <span class='ocrx_word' id='word_1_729' title='bbox 920 5306 1083 5359; x_wconf 78' lang='grc' dir='ltr'>αὑτοῦ</span> <span class='ocrx_word' id='word_1_730' title='bbox 1107 5307 1146 5361; x_wconf 85' lang='grc' dir='ltr'>Α</span> <span class='ocrx_word' id='word_1_731' title='bbox 1192 5326 1206 5363; x_wconf 90' lang='lat'><strong>:</strong></span> <span class='ocrx_word' id='word_1_732' title='bbox 1247 5307 1409 5371; x_wconf 79' lang='grc' dir='ltr'>αὐτὸς</span> <span class='ocrx_word' id='word_1_733' title='bbox 1462 5325 1523 5373; x_wconf 82' lang='grc' dir='ltr'>ς.</span> <span class='ocrx_word' id='word_1_734' title='bbox 1601 5309 1647 5340; x_wconf 82' lang='grc'><strong>⁷⁸</strong></span> <span class='ocrx_word' id='word_1_735' title='bbox 1673 5308 1786 5362; x_wconf 81' lang='grc' dir='ltr'>ἀλλ’</span> <span class='ocrx_word' id='word_1_736' title='bbox 1814 5306 1863 5360; x_wconf 73' lang='grc' dir='ltr'>ὁῖ</span> <span class='ocrx_word' id='word_1_737' title='bbox 1895 5308 2008 5360; x_wconf 82' lang='grc' dir='ltr'>ἀλλ’</span> <span class='ocrx_word' id='word_1_738' title='bbox 2038 5307 2119 5359; x_wconf 79' lang='grc' dir='ltr'>ὅτι</span> <span class='ocrx_word' id='word_1_739' title='bbox 2160 5305 2225 5359; x_wconf 89' lang='lat' dir='ltr'><strong>A.</strong></span> 
     </span>
    </p>
   </div>
   <div class='ocr_carea' id='block_1_105' title="bbox 788 5393 1063 5446">
    <p class='ocr_par' dir='ltr' id='par_1_105' title="bbox 788 5393 1063 5446">
     <span class='ocr_line' id='line_1_105' title="bbox 788 5393 1063 5446; baseline 0.015 -19"><span class='ocrx_word' id='word_1_740' title='bbox 788 5393 953 5446; x_wconf 82' lang='grc' dir='ltr'>σαρες</span> <span class='ocrx_word' id='word_1_741' title='bbox 1002 5394 1063 5440; x_wconf 78' lang='grc' dir='ltr'><strong>ς’.</strong></span> 
     </span>
    </p>
   </div>
   <div class='ocr_carea' id='block_1_106' title="bbox 2338 5289 4024 5374">
    <p class='ocr_par' dir='ltr' id='par_1_106' title="bbox 2338 5289 4024 5374">
     <span class='ocr_line' id='line_1_106' title="bbox 2338 5289 4024 5374; baseline -0.021 -9"><span class='ocrx_word' id='word_1_742' title='bbox 2338 5307 2384 5338; x_wconf 82' lang='grc'><strong>⁷³</strong></span> <span class='ocrx_word' id='word_1_743' title='bbox 2425 5303 2735 5374; x_wconf 86' lang='grc' dir='ltr'>χαρταγένη</span> <span class='ocrx_word' id='word_1_744' title='bbox 2776 5311 2841 5363; x_wconf 77' lang='grc' dir='ltr'>Α,</span> <span class='ocrx_word' id='word_1_745' title='bbox 2872 5313 2962 5367; x_wconf 90' lang='lat' dir='ltr'><strong>qut</strong></span> <span class='ocrx_word' id='word_1_746' title='bbox 2995 5306 3051 5351; x_wconf 85' lang='lat' dir='ltr'><strong>et</strong></span> <span class='ocrx_word' id='word_1_747' title='bbox 3089 5298 3227 5353; x_wconf 86' lang='lat' dir='ltr'><strong>infra</strong></span> <span class='ocrx_word' id='word_1_748' title='bbox 3257 5293 3617 5367; x_wconf 79' lang='grc' dir='ltr'>χαρταγένης.</span> <span class='ocrx_word' id='word_1_749' title='bbox 3690 5290 3737 5321; x_wconf 81' lang='grc'><strong>⁸⁸</strong></span> <span class='ocrx_word' id='word_1_750' title='bbox 3761 5289 4024 5343; x_wconf 67' lang='grc' dir='ltr'>δεκατέε-</span> 
     </span>
    </p>
   </div>
   <div class='ocr_carea' id='block_1_107' title="bbox 2272 5492 2498 5549">
    <p class='ocr_par' dir='ltr' id='par_1_107' title="bbox 2272 5492 2498 5549">
     <span class='ocr_line' id='line_1_107' title="bbox 2272 5492 2498 5549; baseline -0.004 0"><span class='ocrx_word' id='word_1_751' title='bbox 2272 5492 2498 5549; x_wconf 67' lang='lat' dir='ltr'><strong>NOTAE.</strong></span> 
     </span>
    </p>
   </div>
   <div class='ocr_carea' id='block_1_108' title="bbox 787 5605 2373 5732">
    <p class='ocr_par' dir='ltr' id='par_1_108' title="bbox 787 5605 2373 5732">
     <span class='ocr_line' id='line_1_108' title="bbox 787 5605 2373 5732; baseline -0.006 -66"><span class='ocrx_word' id='word_1_752' title='bbox 787 5610 967 5732; x_wconf 61' lang='grc' dir='ltr'><strong>ιιφό)</strong></span> <span class='ocrx_word' id='word_1_753' title='bbox 1000 5608 1257 5679; x_wconf 85' lang='lat' dir='ltr'><strong>Diospoli.</strong></span> <span class='ocrx_word' id='word_1_754' title='bbox 1296 5607 1359 5664; x_wconf 88' lang='lat' dir='ltr'><strong>V.</strong></span> <span class='ocrx_word' id='word_1_755' title='bbox 1403 5607 1465 5662; x_wconf 83' lang='grc' dir='ltr'><strong>ι).</strong></span> <span class='ocrx_word' id='word_1_756' title='bbox 1506 5607 1701 5664; x_wconf 87' lang='lat' dir='ltr'><strong>Baron.</strong></span> <span class='ocrx_word' id='word_1_757' title='bbox 1740 5619 1871 5663; x_wconf 91' lang='lat' dir='ltr'><strong>tom.</strong></span> <span class='ocrx_word' id='word_1_758' title='bbox 1921 5606 2083 5672; x_wconf 84' lang='lat' dir='ltr'><strong>V,‘ad</strong></span> <span class='ocrx_word' id='word_1_759' title='bbox 2113 5622 2202 5658; x_wconf 89' lang='lat' dir='ltr'><strong>an.</strong></span> <span class='ocrx_word' id='word_1_760' title='bbox 2244 5605 2373 5658; x_wconf 80' lang='lat' dir='ltr'><strong>Ch.’</strong></span> 
     </span>
     <span class='ocr_line' id='line_1_109' title="bbox 861 5699 910 5731; baseline 0 0"><span class='ocrx_word' id='word_1_761' title='bbox 861 5699 910 5731; x_wconf 74' lang='grc' dir='ltr'><strong>ο.</strong></span> 
     </span>
    </p>
   </div>
   <div class='ocr_carea' id='block_1_109' title="bbox 863 5745 2356 5817">
    <p class='ocr_par' dir='ltr' id='par_1_109' title="bbox 863 5745 2356 5817">
     <span class='ocr_line' id='line_1_110' title="bbox 863 5745 2356 5817; baseline -0.005 -17"><span class='ocrx_word' id='word_1_762' title='bbox 863 5748 973 5817; x_wconf 72' lang='grc'><strong>(94)</strong></span> <span class='ocrx_word' id='word_1_763' title='bbox 1012 5747 1173 5801; x_wconf 83' lang='lat' dir='ltr'><strong>Forte</strong></span> <span class='ocrx_word' id='word_1_764' title='bbox 1224 5750 1316 5802; x_wconf 91' lang='lat' dir='ltr'><strong>lib.</strong></span> <span class='ocrx_word' id='word_1_765' title='bbox 1362 5749 1434 5801; x_wconf 87' lang='lat' dir='ltr'><strong>De</strong></span> <span class='ocrx_word' id='word_1_766' title='bbox 1477 5748 1634 5817; x_wconf 77' lang='lat' dir='ltr'><strong>gestis</strong></span> <span class='ocrx_word' id='word_1_767' title='bbox 1673 5745 1897 5813; x_wconf 79' lang='lat' dir='ltr'><strong>Pelagii,</strong></span> <span class='ocrx_word' id='word_1_768' title='bbox 1929 5746 2079 5813; x_wconf 86' lang='lat' dir='ltr'><strong>cujus</strong></span> <span class='ocrx_word' id='word_1_769' title='bbox 2110 5747 2221 5812; x_wconf 82' lang='lat' dir='ltr'><strong>ipse</strong></span> <span class='ocrx_word' id='word_1_770' title='bbox 2245 5758 2356 5794; x_wconf 86' lang='lat' dir='ltr'><strong>me-</strong></span> 
     </span>
    </p>
   </div>
   <div class='ocr_carea' id='block_1_110' title="bbox 792 5818 2358 5887">
    <p class='ocr_par' dir='ltr' id='par_1_110' title="bbox 792 5818 2358 5887">
     <span class='ocr_line' id='line_1_111' title="bbox 792 5818 2358 5887; baseline -0.006 -15"><span class='ocrx_word' id='word_1_771' title='bbox 792 5820 946 5873; x_wconf 88' lang='lat' dir='ltr'><strong>minit</strong></span> <span class='ocrx_word' id='word_1_772' title='bbox 998 5819 1089 5872; x_wconf 91' lang='lat' dir='ltr'><strong>lib.</strong></span> <span class='ocrx_word' id='word_1_773' title='bbox 1135 5836 1170 5873; x_wconf 89' lang='lat' dir='ltr'><strong>ll</strong></span> <span class='ocrx_word' id='word_1_774' title='bbox 1230 5818 1462 5873; x_wconf 70' lang='lat' dir='ltr'><strong>lletruct.</strong></span> <span class='ocrx_word' id='word_1_775' title='bbox 1500 5835 1630 5887; x_wconf 81' lang='lat' dir='ltr'><strong>cup.</strong></span> <span class='ocrx_word' id='word_1_776' title='bbox 1672 5820 1723 5872; x_wconf 88' lang='grc'><strong>4.</strong></span> <span class='ocrx_word' id='word_1_777' title='bbox 1784 5820 1980 5873; x_wconf 73' lang='lat' dir='ltr'><strong>Verum</strong></span> <span class='ocrx_word' id='word_1_778' title='bbox 2031 5818 2074 5869; x_wconf 85' lang='lat' dir='ltr'><strong>is</strong></span> <span class='ocrx_word' id='word_1_779' title='bbox 2140 5823 2358 5883; x_wconf 82' lang='lat' dir='ltr'><strong>putatur</strong></span> 
     </span>
    </p>
   </div>
   <div class='ocr_carea' id='block_1_111' title="bbox 2461 5602 2828 5659">
    <p class='ocr_par' dir='ltr' id='par_1_111' title="bbox 2461 5602 2828 5659">
     <span class='ocr_line' id='line_1_112' title="bbox 2461 5602 2828 5659; baseline -0.019 0"><span class='ocrx_word' id='word_1_780' title='bbox 2461 5602 2828 5659; x_wconf 78' lang='lat' dir='ltr'><strong>intercidisse.</strong></span> 
     </span>
    </p>
   </div>
   <div class='ocr_carea' id='block_1_112' title="bbox 2532 5658 4019 5741">
    <p class='ocr_par' dir='ltr' id='par_1_112' title="bbox 2532 5658 4019 5741">
     <span class='ocr_line' id='line_1_113' title="bbox 2532 5658 4019 5741; baseline -0.009 -16"><span class='ocrx_word' id='word_1_781' title='bbox 2532 5673 2641 5741; x_wconf 80' lang='lat'><strong>(95)</strong></span> <span class='ocrx_word' id='word_1_782' title='bbox 2682 5675 2814 5741; x_wconf 60' lang='lat' dir='ltr'><strong>Quae</strong></span> <span class='ocrx_word' id='word_1_783' title='bbox 2864 5666 3037 5741; x_wconf 66' lang='lat' dir='ltr'><strong>Epist.</strong></span> <span class='ocrx_word' id='word_1_784' title='bbox 3081 5672 3257 5741; x_wconf 69' lang='lat' dir='ltr'><strong>exstat</strong></span> <span class='ocrx_word' id='word_1_785' title='bbox 3312 5673 3442 5717; x_wconf 91' lang='lat' dir='ltr'><strong>tom.</strong></span> <span class='ocrx_word' id='word_1_786' title='bbox 3493 5658 3582 5714; x_wconf 79' lang='lat' dir='ltr'><strong>VII</strong></span> <span class='ocrx_word' id='word_1_787' title='bbox 3629 5658 3689 5713; x_wconf 86' lang='grc' dir='ltr'><strong>Β.</strong></span> <span class='ocrx_word' id='word_1_788' title='bbox 3734 5658 4019 5728; x_wconf 80' lang='lat' dir='ltr'><strong>Augustin.</strong></span> 
     </span>
    </p>
   </div>
   <div class='ocr_carea' id='block_1_113' title="bbox 2533 5735 3354 5809">
    <p class='ocr_par' dir='ltr' id='par_1_113' title="bbox 2533 5735 3354 5809">
     <span class='ocr_line' id='line_1_114' title="bbox 2533 5735 3354 5809; baseline -0.015 -13"><span class='ocrx_word' id='word_1_789' title='bbox 2533 5735 2644 5809; x_wconf 72' lang='lat' dir='ltr'><strong>(liti)</strong></span> <span class='ocrx_word' id='word_1_790' title='bbox 2679 5740 2804 5807; x_wconf 62' lang='lat' dir='ltr'><strong>Eius</strong></span> <span class='ocrx_word' id='word_1_791' title='bbox 2837 5736 3071 5790; x_wconf 88' lang='lat' dir='ltr'><strong>numinis</strong></span> <span class='ocrx_word' id='word_1_792' title='bbox 3102 5735 3354 5804; x_wconf 81' lang='lat' dir='ltr'><strong>primum.</strong></span> 
     </span>
    </p>
   </div>
  </div>
