4210 6442
151 443 206 506 97
1197 438 1716 501 BIBLIOTHECA.
1747 461 1813 473 —
1842 432 2056 495 CODD.
2084 428 2352 491 LV-LVI.
3323 414 3396 477 98

149 558 197 607 οὐ
222 552 366 606 πολὺ
400 553 458 606 δὲ
492 553 653 607 πάλιν
684 551 872 625 ὥσπερ
913 553 1177 623 ἀναφύειν
1199 554 1299 623 τῆς
1329 556 1535 624 πικρᾶς
1570 554 1727 624 ῥίζης

1833 556 2015 602 cutura
2072 545 2269 612 impios
2316 538 2665 609 depugnavit.
2704 535 2835 591 Post
2884 548 2989 589 non
3037 533 3128 588 diu
3177 546 3395 587 rursum

150 644 609 713 ἀναισχύντουσης
632 684 646 707 ,
675 646 735 696 ἐν
765 648 830 714 τῇ
864 645 1053 716 Ῥώμῃ
1079 646 1223 708 τινες
1267 646 1409 717 ὑπὲρ
1436 646 1535 715 τῆς
1569 645 1721 715 αἱρε-

154 752 283 796 σεως
324 734 834 807 ἐπαρρησιάζοντο·
863 735 997 788 ἀλλά
1020 737 1335 807 Πρόσπερὸς
1364 754 1447 799 τις
1470 777 1483 799 ,
1518 737 1724 808 ἀνθρω-

152 845 237 891 πος
262 828 347 890 ὡς
381 828 601 899 ἀληθῶς
620 828 714 882 τοῦ
750 828 886 882 Θεοῦ
908 869 923 895 ,
949 828 1224 892 λιδέλλους
1254 830 1373 882 κατ’
1401 829 1581 883 αὐτῶν
1601 830 1722 881 ἑπι-

150 920 397 986 δεδωκὼς
448 923 676 991 ἀφανεῖς
714 924 921 987 αὐτοὺς
964 924 1371 993 ἀπειργάσατο,
1397 923 1476 977 ἔτι
1499 925 1725 986 Λέοντος

153 1011 234 1064 τοῦ
254 1015 673 1083 προειρημένου
704 1020 798 1067 τὸν
838 1016 1146 1085 Ῥωμαϊκὸν
1197 1015 1386 1085 θρόνον
1433 1015 1723 1078 ίθύνοντος.

164 1104 597 1175 ’Δνεθεματίσθη
622 1107 679 1158 δὲ
710 1106 850 1177 αὕτη
877 1109 911 1177 ὴ
940 1108 1151 1177 αἵρεσις
1176 1108 1271 1160 καὶ
1294 1109 1352 1161 ἐν
1370 1111 1433 1179 τῇ
1465 1107 1727 1177 Ἐφεσίων

157 1196 273 1265 ἁγία
295 1196 528 1265 συνόδῳ.
564 1197 1051 1267 Ἀναθεματίζειδὲ
1074 1201 1168 1252 καὶ
1203 1200 1454 1271 Ἰωάννης
1483 1202 1512 1253 ὀ
1547 1197 1728 1265 Ἀλεξ-

156 1288 406 1357 ανδρείας
448 1290 510 1342 ὲν
543 1292 608 1360 τῇ
647 1291 782 1361 πρὸς
804 1290 1059 1345 Γελάσιον
1088 1293 1179 1346 τὸν
1219 1291 1437 1365 Ῥώμης
1465 1292 1730 1363 ἀπολογίᾳ

156 1378 209 1429 οὐ
238 1376 408 1445 μόνον
426 1378 531 1448 τὴν
554 1380 895 1452 Πελαγιανὴν
926 1382 1159 1452 αἰρεσιν,
1182 1382 1321 1437 ἀλλά
1347 1384 1438 1437 καὶ
1464 1382 1729 1451 Πελάγιον

159 1469 239 1519 καὶ
264 1468 603 1535 Κελέστιον,
661 1472 756 1525 καὶ
805 1471 887 1526 ἔτι
951 1474 1273 1541 Ίουλιανδν,
1322 1474 1382 1539 δς
1410 1475 1502 1528 καὶ
1551 1474 1730 1528 αὐτῶν

159 1560 399 1631 ἐγνώσθη
428 1561 693 1633 διάδοχος.

884 1821 990 1874 NE’

1827 639 1990 692 veluti
2019 638 2303 700 exsistere,
2351 644 2517 703 atque
2556 632 2743 688 enasci
2775 646 2806 686 e
2839 630 2977 685 mala
3005 629 3187 683 radice
3214 629 3396 695 impu-

1824 731 2013 786 denter
2042 744 2165 784 cum
2196 728 2469 796 coepisset,
2495 723 2680 779 Romae
2708 723 2870 779 etiam
2895 721 3111 791 quidem
3156 732 3256 788 pro
3284 718 3400 773 lite-

1828 822 1934 877 resi
1985 821 2153 874 libere
2199 820 2363 874 locuti
2396 828 2522 874 sunt
2556 835 2571 885 ;
2606 831 2743 887 quos
2775 816 3028 884 Prosper,
3071 815 3234 869 homo
3267 828 3401 867 sane

1825 914 2039 967 divinus
2081 912 2215 981 (97),
2246 912 2442 967 libellis
2472 912 2735 967 adversus
2774 924 2869 966 eos
2905 910 2956 963 in
2990 908 3182 978 vulgus
3216 906 3399 970 editis,

1827 1004 1987 1059 facile
2034 1004 2344 1072 dissipavit,
2394 1004 2784 1072 eastinaitque,
2828 1001 3013 1057 Leone
3059 1001 3354 1055 etiamnum
3382 1036 3397 1057 .

1827 1110 1985 1165 quem
2029 1095 2285 1161 diximus,
2327 1092 2626 1147 Romanam
2661 1094 2845 1148 sedem
2875 1093 3235 1163 gubernante.
3269 1091 3399 1143 Hac

1829 1187 2017 1241 eadem
2087 1185 2310 1240 liaresis
2355 1184 2698 1239 anathemate
2746 1184 2873 1238 item
2927 1184 3182 1237 damnata
3232 1190 3316 1236 est
3350 1181 3404 1235 in

1829 1295 1983 1335 sacra
2015 1279 2282 1350 Ephesina
2318 1280 2545 1349 synodo.
2600 1276 2885 1331 Damnavit
2920 1286 2975 1332 et
3003 1273 3242 1330 Joannes
3274 1274 3403 1328 Ale-

1830 1371 2129 1425 aandrinus
2156 1370 2463 1440 episcopus,
2484 1369 2535 1423 in
2561 1369 2819 1439 Apologia
2853 1370 2918 1422 ad
2938 1367 3218 1423 Gelasium
3256 1364 3407 1419 urbis

1829 1461 2161 1529 episcopum,
2192 1476 2299 1515 non
2335 1462 2507 1516 solum
2533 1459 2875 1530 Pelagianam
2908 1458 3185 1521 haeresim,
3215 1470 3405 1511 verum

1829 1552 1990 1604 etiam
2042 1549 2313 1622 Pelagium
2361 1553 2557 1621 ipsum,
2593 1561 2757 1620 atque
2786 1549 3100 1614 Celestium,
3146 1562 3251 1601 una
3283 1560 3407 1599 cum

1829 1640 2066 1709 Juliano,
2095 1643 2185 1713 qui
2218 1643 2271 1697 in
2298 1643 2397 1698 hac
2419 1642 2553 1712 ipsis
2571 1654 2719 1698 secta
2751 1645 3079 1698 successisse
3100 1639 3407 1710 deprehen-

1831 1748 1925 1788 sus
1960 1742 2063 1789 est.

2559 1825 2675 1881 LV.

166 1906 437 1962 Ἰωάννου
471 1908 582 1963 τοῦ
614 1913 975 1986 Quiqxdrou
997 1915 1147 1968 κατὰ
1179 1912 1287 1980 τῆς
1318 1915 1493 1983 ἁγίας
1513 1915 1611 1970 καί
1649 1917 1732 1970 οι-

1834 1914 2065 1969 Joantses
2134 1916 2460 1985 Philoponns
2514 1930 2559 1969 et
2616 1916 2850 1969 Joannes
2908 1916 3158 1986 ligentes
3220 1931 3407 1974 contra

435 1982 805 2049 κουμενικῆς
841 1982 1122 2050 τετάρτης
1161 1982 1448 2040 συνόδου.

220 2071 570 2142 ’.ἀνεγνώσθη
586 2073 835 2127 Ἰωάννου
848 2075 1214 2130 τοῦ.Φι.ιοπόν
1224 2094 1317 2142 ου,
1337 2078 1537 2146 μᾶλλον
1547 2078 1604 2132 δὲ
1618 2083 1732 2134 Ma-

161 2168 501 2227 ταιοκόνου,
520 2166 669 2219 κατὰ
684 2167 794 2234 τῆς
808 2169 979 2236 ἁγίας
993 2170 1091 2223 καί
1101 2170 1521 2239 οικουμσνικῆς
1538 2172 1733 2239 τετάρ-

158 2270 253 2319 της
269 2254 569 2309 συνόδου.
590 2256 678 2308 Ἐν
689 2250 769 2319 οἷς
786 2259 899 2310 εστι
910 2257 1007 2329 τὴν
1024 2260 1124 2329 μὲν
1140 2261 1338 2328 φράσιν
1348 2261 1531 2329 ὅμοιος
1542 2260 1728 2333 [48Β.]

160 2345 330 2416 ἑαυτῷ
350 2386 367 2410 ,
408 2345 575 2399 ὠθεῖν
596 2347 655 2402 δὲ
684 2350 939 2419 πειρᾶται
970 2352 1340 2420 ἀναισχύντως
1385 2353 1486 2425 τὴν
1516 2353 1732 2407 σύνοδον

159 2438 230 2497 είς
255 2439 316 2489 τὸ
343 2438 649 2510 Νεστορίου
692 2442 946 2511 φρόνημα
971 2484 987 2507 ,
1020 2446 1113 2496 καὶ
1143 2444 1291 2513 λέγει
1334 2446 1731 2511 καταδέξασθαι

160 2528 249 2598 τὴν
276 2529 503 2584 σύνοδον
532 2534 625 2586 τὸν
654 2534 1097 2605 άναθεματισμδν
1117 2537 1412 2607 Νεστορίου
1443 2537 1539 2591 ἀτε
1564 2537 1731 2607 μηδὲν

174 2623 488 2692 ἡγουμένην
512 2628 590 2688 είς
619 2626 905 2695 ἄνθρωπον
932 2626 1258 2697 ἐξαμαρτεῖν
1286 2629 1616 2699 ἱπινυρώσει
1644 2630 1733 2683 δό-

161 2729 396 2780 γματος,
432 2716 463 2767 δ
512 2716 611 2770 καὶ
643 2718 805 2780 αὐτὸς
853 2719 884 2771 ὀ
936 2718 1263 2788 βαλλόμενος
1306 2720 1383 2791 τῷ
1432 2721 1733 2793 ἀναθεματι

160 2806 375 2860 πάντων
406 2806 716 2876 ὑπερετίμα
730 2808 774 2840 ⁸⁸
809 2809 905 2861 καὶ
932 2810 1158 2879 ιστεργε
1186 2849 1201 2873 ,
1228 2812 1460 2880 πρᾶγμα
1481 2813 1733 2866 πλάττων

166 2895 253 2946 καὶ
304 2895 769 2965 τερατευόμενος,
803 2896 832 2949 ὃ
860 2897 957 2966 τῆς
988 2898 1198 2950 ἑκείνου
1248 2899 1446 2966 φρενὸς
1494 2903 1589 2952 καὶ
1631 2900 1735 2969 τῆς

162 2989 495 3059 ἁστηρίκτου
532 2989 757 3058 γνώμης
782 2989 1121 3059 καθέστηκεν
1145 2989 1315 3053 ἀξιον.
1367 2990 1601 3045 Τοιαῦτα
1636 2993 1735 3061 μὲν

166 3083 300 3133 κατά
350 3080 561 3149 ταύτης
598 3081 945 3149 ματαιολογεῖ
968 3081 1063 3133 καί⁸
1104 3080 1460 3152 θρασύνεται,
1514 3086 1571 3135 ἐν
1590 3085 1735 3154 τμή-

167 3188 294 3237 μασι
328 3173 388 3226 δὲ
419 3173 685 3241 τέσσαρσι
724 3176 955 3226 ποιεῖται
994 3181 1095 3242 τὴν
1123 3175 1252 3243 ὅλην
1283 3177 1405 3228 κατ’
1429 3178 1598 3241 αὐτῆς
1627 3194 1736 3230 κω-

167 3263 400 3331 μῳδίαν,
443 3238 607 3316 οὐδὲν
660 3265 887 3318 πιθανὸν
919 3265 950 3333 ἢ
978 3238 1219 3330 διανοίας
1247 3267 1422 3333 λέγων
1455 3238 1733 3337 ἐχόμενον.
1765 3238 1807 3296 c

228 3442 583 3512 ’Δνεγνώσθη
610 3442 668 3495 δὲ
695 3444 753 3494 ὲν
780 3443 857 3512 τῷ
884 3442 1031 3513 αὐτῷ
1055 3443 1153 3497 καὶ
1173 3445 1419 3498 Ἰωάννου
1439 3446 1621 3510 ἄλλου,
1638 3447 1736 3516 τὴν

165 3534 462 3605 θρησκείαν
493 3533 882 3603 Νεστοριανοῦ,
902 3537 1063 3589 Κατὰ
1088 3534 1196 3602 τῆς
1229 3537 1422 3604 αὐτῆς
1454 3540 1625 3606 ἁγίας
1647 3556 1737 3592 re-

164 3630 378 3695 ταρτης
407 3628 703 3682 συνόδου.
739 3624 906 3690 Οὗτός
936 3630 1051 3681 ἐστι
1100 3631 1129 3680 ὁ
1155 3631 1443 3701 Αίγεάτης,
1478 3631 1739 3701 δυσσεϐὴς

165 3722 287 3788 μὲν,
313 3720 647 3790 καλλιεπείᾳ
674 3720 733 3772 δὲ
764 3720 858 3772 καὶ
888 3721 964 3789 τῷ
990 3721 1107 3790 ἡδεῖ
1135 3723 1275 3789 μετά
1302 3723 1403 3793 τῆς
1436 3724 1739 3794 σαφηνείας

163 3816 251 3867 καὶ
279 3814 675 3886 λαμπρότητος
704 3812 1066 3883 κεχρημένος.

894 3990 1040 4058 ΜΓ.

298 4082 687 4149 Θεοδωρήτου
716 4083 913 4151 Κύρου
950 4084 1103 4137 κατὰ
1132 4084 1249 4139 τῶν
1287 4087 1597 4153 αἱρέσεων.

223 4175 577 4245 ’Δνεγπκῦσθη
593 4175 939 4245 Θεοδωρήτου
954 4176 1137 4247 Κύρου
1150 4179 1301 4233 κατὰ
1319 4179 1438 4233 τῶν
1452 4182 1741 4247 αΙρέσεων

159 4270 262 4322 τῶν
290 4271 405 4323 ἀπὸ
438 4270 693 4339 Σίμωνος
722 4269 1046 4340 ἀρξαμινων
1073 4272 1173 4326 καὶ
1208 4273 1401 4345 μέχρις
1430 4269 1507 4329 ὧν
1533 4278 1739 4341 εκείνος

159 4364 253 4433 τὴν
279 4363 476 4433 ἀκμὴν
497 4362 793 4433 κατείληφε
816 4364 920 4433 τὴν
949 4363 1185 4435 βλάστην
1210 4366 1735 4438 προϐαλλομένωνη.

161 4456 482 4525 Προσφωνεί
521 4453 696 4508 ταῦτα
736 4456 1028 4526 Σπορακίῳ
1056 4458 1136 4519 είς
1170 4458 1387 4527 αίτησιν
1410 4458 1513 4528 τῆς
1547 4460 1736 4513 τοιαύ-

2336 2002 2584 2055 quartam
2628 1990 2907 2054 synodum.

1901 2077 2097 2132 Lectus
2124 2088 2208 2133 est
2239 2079 2375 2133 liber
2400 2076 2626 2133 Joannis
2641 2079 2933 2131 Φιλοπόνου
2956 2076 3091 2148 (98),
3112 2090 3205 2133 aut
3228 2082 3413 2147 potius

1833 2169 2212 2223 Ματαιοπόνου
2264 2169 2338 2241 [id
2386 2178 2491 2233 est,
2546 2170 2745 2223 laboris
2779 2172 3031 2233 amantis,
3083 2186 3176 2224 seu
3234 2176 3414 2238 potius

1832 2259 2123 2333 nutantis,]
2155 2261 2415 2315 Adversus
2446 2277 2654 2314 sacram
2681 2270 2729 2314 et
2760 2264 3135 2314 acumenicam
3162 2273 3412 2331 quartam

1832 2350 2108 2419 synodum.
2153 2349 2252 2405 Hic
2284 2351 2421 2422 stylo
2455 2352 2536 2405 sui
2579 2350 2775 2406 similis
2818 2361 2903 2407 est
2937 2350 3069 2420 (99).
3108 2350 3413 2422 lntpiugere

1832 2456 1962 2497 vero
1994 2443 2332 2513 impudenter
2359 2454 2590 2498 conatur
2611 2444 2659 2498 ei
2682 2445 2889 2515 synodo
2913 2445 3146 2500 Nestorii
3179 2456 3412 2507 sectam,

1834 2543 1996 2604 atque
2020 2536 2089 2589 ab
2113 2534 2199 2588 illa
2232 2536 2389 2605 hujus
2411 2535 2921 2591 anathetnatismum
2956 2546 3231 2606 receptum
3261 2552 3409 2599 esse.

1833 2627 1976 2695 quod
2005 2627 2136 2681 nihil
2177 2642 2237 2682 se
2274 2638 2487 2697 putaret
2515 2630 2567 2682 in
2611 2628 2888 2683 hominem
2930 2644 3157 2698 peccare
3189 2632 3412 2697 quando

1834 2716 2029 2787 dogma
2080 2716 2240 2789 [ejus]
2296 2719 2595 2773 sanciatur.
2643 2718 2797 2786 Quod
2845 2718 3043 2773 factum
3095 2722 3259 2774 etiam
3296 2721 3412 2790 ipse

1835 2807 2168 2862 anathemati
2233 2809 2510 2878 subjectus
2582 2806 2869 2865 Nestorius
2933 2812 3186 2865 omnibus
3250 2814 3413 2867 rebus

1834 2906 2146 2966 anteponat,
2195 2898 2540 2967 adametque.
2596 2901 2697 2953 hoc
2748 2902 2977 2970 agendo,
3024 2912 3190 2971 atque
3233 2903 3413 2971 prodi-

1835 2990 1985 3057 giose
2020 2990 2289 3057 (lugendo,
2320 2991 2461 3059 quod
2512 2991 2631 3059 ejus
2662 2992 2935 3061 ingenium
2980 2994 3287 3064 mentisque
3329 2997 3411 3048 iu—

1835 3080 2184 3135 stnbilitatem
2224 3084 2430 3137 deceat.
2482 3084 2563 3138 Ac
2604 3082 2738 3138 tales
2774 3085 2992 3153 quidem
3038 3086 3128 3141 hic
3177 3088 3415 3156 scriptor

1840 3187 2011 3240 nugas
2063 3173 2320 3229 audacter
2350 3174 2635 3244 jactitans,
2666 3188 2898 3247 quatuor
2944 3180 3187 3247 partibus
3238 3190 3408 3233 totam

1839 3262 2159 3317 comoediam
2207 3264 2466 3321 adversus
2527 3270 2792 3339 synodum
2842 3268 3113 3334 absolvit,
3165 3286 3224 3325 re
3265 3271 3410 3325 nulla

1841 3354 1945 3409 title
1978 3357 2157 3424 digna,
2198 3374 2371 3429 neque
2405 3362 2539 3416 adeo
2567 3376 2713 3417 sana:
2749 3364 2945 3418 mentis
2980 3363 3161 3417 allata.

1914 3445 2046 3516 150
2080 3447 2278 3506 Lectus
2324 3463 2408 3506 est
2457 3451 2512 3505 in
2549 3452 2738 3507 eodem
2786 3454 3058 3509 volumine
3106 3466 3159 3509 et
3189 3454 3415 3511 Joannis

1840 3536 2061 3592 alterius
2076 3540 2144 3595 de
2162 3552 2310 3597 seeta
2343 3541 2571 3597 Nestorii
2598 3544 2696 3609 (1),
2724 3543 2920 3597 Contra
2944 3548 3180 3599 eamdem
3203 3565 3411 3601 sacram

1838 3641 2083 3699 quartam
2116 3636 2375 3703 synodum
2402 3636 2555 3690 liber.
2582 3636 2747 3704 Cujus
2798 3646 2987 3692 auctor
3029 3639 3289 3709 digestus
3323 3642 3413 3695 ille
3476 3662 3479 3663 ν

1840 3732 1964 3789 est,
2018 3723 2214 3794 impius
2273 3728 2491 3793 quidem
2563 3728 2767 3794 homo,
2820 3738 3072 3782 caeterum
3122 3730 3406 3783 verborum

1841 3815 2125 3881 splendore
2162 3832 2225 3871 ac
2254 3817 2539 3883 suavitate,
2590 3834 2710 3874 cum
2753 3823 3132 3891 perspicuitate
3163 3830 3217 3876 et
3246 3821 3409 3877 clari-

1841 3914 1953 3962 tate
1986 3924 2135 3966 υευε.

2548 4002 2657 4057 LVI
2693 4046 2705 4057 .

2124 4092 2430 4148 Theodoreti
2465 4109 2644 4149 contra
2676 4098 2893 4152 hatreses
2922 4100 3040 4153 libri
3074 4116 3122 4155 ν.

1910 4185 2107 4241 Lectus
2138 4185 2467 4242 Theodoreti
2518 4190 2743 4257 episcopi
2776 4190 2901 4260 Cyri
2929 4193 3057 4247 liber
3087 4204 3270 4249 contra
3302 4194 3409 4250 Im:-

1840 4290 1997 4339 reses,
2027 4287 2294 4347 quotquot
2317 4295 2347 4333 a
2379 4279 2604 4335 Simone
2640 4282 2792 4352 Mago
2813 4284 2877 4338 ad
2903 4286 3067 4352 ipsius
3106 4302 3273 4354 usque
3292 4287 3404 4357 jam

1839 4369 2212 4424 conﬁrmatam
2256 4382 2471 4427 atatem
2523 4376 2943 4438 egerminarant.
3003 4377 3221 4433 Dedicat
3265 4383 3409 4436 hunc

1841 4458 2101 4529 Sporacio
2127 4464 2415 4532 postulanti
2449 4465 2569 4517 talia
2608 4467 2909 4521 audirezet
2932 4471 3106 4538 pergit
3148 4486 3308 4537 porro
3339 4475 3406 4526 ad

159 4564 253 4615 της
277 4545 579 4616 φιληκοΐας
605 4547 956 4601 καταστάντι.
990 4548 1330 4617 Κατέρχεται
1359 4548 1414 4601 δὲ
1449 4550 1610 4620 μέχρι
1632 4552 1737 4604 Νε-

1838 4548 2167 4616 Nestoriutn.
2216 4553 2440 4623 ejusque
2480 4557 2760 4623 haeresim,
2792 4561 2945 4628 cujus
2992 4577 3198 4616 uteram
3231 4564 3407 4619 fundit

162 4640 376 4708 στορίου
418 4637 520 4691 καὶ
552 4638 652 4707 τῆς
702 4640 965 4708 αἱρέσεως
996 4639 1160 4693 αὐτοῦ
1184 4679 1199 4702 ,
1231 4640 1466 4709 ἄκρατον
1491 4640 1509 4712 [
1532 4641 1603 4695 22
1624 4642 1736 4715 11.]

158 4731 323 4783 αὑτοῦ
347 4729 643 4798 διαταχέων
658 4728 750 4781 τὸν
770 4728 1011 4798 ἔλεγχον.
1032 4730 1250 4799 Πρόεισι
1271 4730 1433 4783 δὲκαὶ
1461 4732 1620 4805 μέχρι
1640 4734 1740 4805 τῆς

160 4822 503 4893 Εύτυχιανῆς
528 4822 813 4892 αἱρέσεως.
857 4822 944 4874 Ἐν
965 4821 1021 4874 δὲ
1050 4822 1129 4892 τῷ
1153 4823 1389 4894 πέμπτῳ
1413 4824 1558 4895 λόγῳ
1582 4830 1740 4895 (τοσ-

157 4916 300 4969 οὗτοι
334 4915 396 4968 δι
422 4915 580 4974 ὄντες
608 4912 670 4964 τὸ
700 4909 905 4981 βιὸλίον
930 4912 1299 4984 τυγχάνουσι)
1328 4914 1438 4969 τῶν
1465 4914 1623 4969 θείων
1646 4917 1740 4970 καὶ

159 5008 334 5077 ὀρθῶν
360 5005 660 5076 δογμάτων
684 5005 785 5075 τὴν
816 5005 1082 5075 δπιτομὴν
1097 5005 1146 5037 ⁸⁸
1174 5007 1232 5058 ὲν
1260 5008 1561 5077 παραθέσει
1588 5027 1739 5081 ποιηο

159 5104 396 5171 σαμενος
418 5099 560 5169 πρὸς
590 5095 690 5159 τὰς
720 5096 1001 5164 αἱρετικάς
1034 5095 1346 5167 ἀδολεσχίας
1368 5140 1383 5165 ,
1402 5100 1461 5151 τὸ
1488 5100 1731 5171 ἀσύγχυ-

156 5197 301 5247 tm“
339 5191 517 5259 αὐτῆς
552 5190 649 5243 καὶ
682 5189 919 5260 καθαρὸν
938 5188 1268 5242 ἐπιδεικνύει
1300 5194 1390 5243 καί
1410 5192 1737 5263 ἀμώμητον.

160 5290 315 5342 Ἐστι
344 5288 405 5341 δε
433 5286 535 5357 τὴν
586 5282 789 5353 φράσιν
814 5281 991 5352 σαφὴς
1014 5281 1109 5335 καὶ
1138 5281 1449 5354 ἀπέριττος.

1835 4647 2312 4713 reprehensionem
2360 4666 2376 4712 ;
2425 4650 2492 4702 ad
2544 4651 2715 4719 ipsam
2763 4668 2973 4722 quoque
3012 4656 3404 4727 Entychiauam

1838 4737 2085 4792 heresim
2112 4740 2477 4808 progrediens.
2510 4740 2562 4794 In
2588 4742 2773 4810 quinto
2808 4759 2932 4798 vero
2962 4745 3099 4799 libro
3128 4746 3229 4816 (tot
3261 4752 3407 4803 enim

1838 4832 2003 4886 hocce
2060 4833 2360 4886 coniiciunt
2414 4836 2602 4903 opus)
2661 4835 2963 4889 divinorqu
3024 4849 3411 4909 rectorumque

1835 4925 2144 4993 doginatum
2200 4926 2439 4991 epitome
2471 4940 2569 4995 per
2600 4929 3056 4995 comparationem
3088 4946 3209 4985 cum
3238 4934 3407 4987 luere-

1839 5015 2071 5069 ticorum
2092 4996 2283 5070 fabulis
2308 5018 2469 5079 facta,
2509 5032 2667 5085 quant
2698 5033 2803 5072 non
2833 5021 3114 5074 confusum
3139 5038 3247 5090 pra:
3281 5024 3405 5086 illis,

1843 5107 1937 5160 sed
1982 5106 2299 5170 sincerum,
2352 5119 2513 5177 atque
2561 5111 3031 5176 irrepreltensihile
3077 5116 3404 5169 catholicum

1842 5200 2030 5267 dogma
2080 5201 2179 5264 sit,
2210 5201 2575 5256 demonstrat.
2644 5202 2828 5272 Stylus
2870 5206 2993 5259 huic
3055 5208 3405 5276 perspicuus,

1842 5290 2169 5359 minimeque
2199 5294 2523 5349 redundans.

1440 5394 1675 5453 VARLE
1730 5396 2131 5459 LECTIONES.

219 5497 262 5528 ⁸¹
323 5492 635 5574 ’περιετίμα
663 5508 725 5557 ς.
748 5490 1002 5574 πράττων
1029 5508 1092 5556 ς.
1166 5492 1215 5527 ⁸¹
1239 5491 1419 5548 malim
1452 5494 1900 5568 προδαλομένων,
1986 5498 2031 5530 ⁸³
2063 5501 2356 5573 ἐπιστολὴν
2394 5515 2539 5557 corr.
2567 5502 2607 5556 Α
2639 5521 2650 5556 :
2677 5502 2723 5557 δ’
2752 5504 3017 5574 ἐπιτομὴ-,ι
3038 5522 3098 5570 ς.

156 5566 344 5637 χυτονῖ
376 5563 713 5635 ἀσύγκριτον
735 5563 776 5615 Δ
789 5600 801 5614 .

3165 5505 3210 5536 ⁸⁵
3233 5504 3401 5573 ἀσύγ-

1682 5650 1914 5708 NOTAE.

222 5759 341 5827 (τη)
396 5759 666 5822 Quatuor,
704 5768 843 5823 quos
898 5752 1063 5808 habes
1094 5760 1340 5808 extremo
1367 5760 1497 5808 tom.
1532 5751 1621 5810 νη
1672 5752 1734 5807 Β.

154 5834 343 5965 Atilii)
378 5896 612 5953 Consule
654 5897 715 5949 ι).
747 5894 943 5947 Baron.
993 5901 1123 5946 tom.
1167 5891 1207 5945 V
1235 5891 1424 5945 Annal.

1912 5754 2026 5825 (99)
2046 5755 2277 5813 Consule
2308 5761 2367 5814 D.
2406 5761 2598 5817 Buron.
2639 5774 2768 5819 tom.
2799 5766 2863 5821 l'v'
2902 5768 3095 5821 τίκτηι.

1912 5831 1989 5894 (l)
2018 5828 2255 5883 lienuiuit
2282 5846 2401 5900 sup.
2437 5839 2555 5887 cod.
2594 5836 2681 5890 41.
