4210 6442
760 400 833 467 99
1844 416 2105 476 PHOTII
2146 418 2651 479 PATRIARCHZE
2685 419 2792 481 ΕΡ.

1457 518 1630 577 LVII.

802 613 1029 679 Appiani
1063 612 1407 667 Alexandrini
1436 616 1681 669 Historia:
1710 616 1959 671 Romana:
1995 619 2115 670 libri
2148 633 2294 672 xxw.

831 703 995 757 Lecta
1038 716 1122 759 est
1181 708 1408 772 Appiani
1470 707 1708 761 Romana
1760 711 2006 774 historia,
2045 712 2121 780 (9.)
2161 712 2335 765 tribus

765 793 980 858 quidem
1016 794 1398 856 voluminibus,
1450 797 1568 849 libri
1600 812 1727 852 vero
1761 812 1995 866 quatuor
2027 816 2080 853 et
2120 801 2331 863 viginti.

764 883 999 949 Quorum
1023 886 1229 954 primus
1262 887 1328 940 de
1356 894 1562 954 septem
1591 887 1847 958 Regibus,
1880 892 2128 950 Romulo,
2160 891 2331 943 Numa

764 975 1024 1044 Pompilio
1056 978 1151 1044 (5),
1186 978 1335 1030 Anco
1364 978 1613 1039 Hostilio,
1636 992 1690 1033 et
1728 982 1895 1035 altero
1924 983 2072 1035 Anco
2108 979 2330 1044 Marcio,

763 1067 948 1121 Numae
983 1081 1193 1137 nepote,
1229 1070 1544 1139 Tarquinio,
1594 1073 1783 1127 Servio
1813 1072 1990 1127 Tullio
2016 1074 2112 1142 (6),
2138 1083 2192 1125 et
2224 1071 2331 1125 Lu-

763 1160 847 1212 cio
876 1159 1167 1227 Tarquiuio
1208 1177 1391 1229 agens,
1450 1178 1637 1215 eorum
1686 1180 1873 1232 Opera,
1926 1179 2116 1232 resque
2151 1173 2332 1231 gestas

763 1253 1025 1306 continet.
1076 1252 1276 1305 llorum
1322 1268 1508 1319 regum
1546 1258 1772 1323 primus,
1801 1267 1993 1310 auctor
2024 1258 2147 1309 licet
2180 1256 2330 1307 urbis

764 1342 967 1407 Romae,
1002 1358 1064 1397 ac
1085 1345 1332 1397 conditor
1365 1344 1547 1410 fuerit,
1582 1355 1634 1399 et
1670 1357 1895 1415 paterno
1921 1348 2095 1415 potius
2125 1347 2331 1411 animo,

765 1446 923 1499 quam
971 1434 1251 1501 tyranuice
1285 1434 1671 1499 imperaverit;
1710 1448 1881 1489 caesus
1904 1446 2079 1489 tamen
2110 1446 2213 1497 est,
2251 1437 2334 1487 vel

765 1526 846 1586 (ut
872 1522 990 1575 aliis
1026 1523 1222 1591 placet)
1254 1525 1537 1592 disparuit.
1584 1525 1752 1588 Alter,
1791 1527 1962 1579 nihilo
1997 1530 2334 1591 praecedente

764 1612 816 1664 in
858 1613 1172 1677 imperando
1205 1612 1446 1675 inferior,
1493 1630 1557 1668 ac
1605 1615 1742 1670 forte
1770 1620 2130 1684 praestantior,
2165 1619 2331 1672 vitam

764 1714 950 1755 exacta
976 1713 1134 1755 aetate
1161 1705 1349 1756 ﬁnivit.
1384 1704 1598 1760 Tertius
1622 1708 1845 1761 fulmine
1868 1709 2002 1762 ictus
2030 1720 2130 1764 est.
2165 1712 2335 1775 Quar-

765 1803 852 1847 tus
884 1797 1070 1846 morbo
1092 1796 1201 1847 vita
1229 1797 1480 1849 decessit.
1511 1797 1740 1863 Quintus
1774 1815 1801 1852 a
1837 1800 2144 1869 pastoribus
2172 1800 2333 1869 jugu-

3899 414 3999 481 100

3148 526 3263 581 NZ'.

2625 618 2956 673 Ἀππιανοῦ
2992 617 3285 686 Ῥωμαικὰ
3322 616 3391 669 ἐν
3414 615 3677 682 ,βιϐλίοις
3703 619 3803 673 κδ’.

2514 710 2852 782 Ἀνεγνώσθη
2890 710 3186 763 Ἀππιανοῦ
3224 708 3518 776 Ῥωματκὴ
3536 710 3792 776 ἱστορία,
3811 709 3870 760 ἐν
3902 706 4002 777 μὲν

2431 804 2647 873 τεύχεσι
2672 807 2819 872 τρισὶ
2841 841 2857 864 ,
2880 802 3054 869 λόγοις
3083 801 3141 854 δὲ
3167 800 3263 854 κδ’.
3286 794 3385 853 Ὧν
3409 803 3438 854 6
3465 803 3563 869 μέν
3593 800 3812 870 πρῶτος
3838 800 4004 867 τόμος

2431 895 2538 947 τῶν
2572 894 2710 945 ἑπτά
2758 893 3017 961 βασιλέων
3037 930 3052 954 ,
3096 890 3376 960 Ῥωμύλου
3398 930 3413 953 ,
3444 892 3637 961 Νουμᾶ
3669 890 4004 958 Πομπιλίου,

2436 988 2639 1054 ’Ἄγκου
2681 986 2941 1038 Ὁστιλίου
2966 1026 2979 1049 ,
3011 986 3105 1038 καὶ
3141 986 3349 1051 ’Λγκου
3381 986 3567 1054 ἐτέρου
3592 985 3686 1037 τοῦ
3721 986 3816 1035 καὶ
3845 985 4005 1051 Μαρ-

2432 1076 2550 1127 κίου
2578 1116 2590 1139 ,
2628 1074 2880 1141 ὲπιγόνου
2910 1076 3104 1142 Νουμᾶ
3127 1112 3141 1135 ,
3170 1074 3476 1142 Ταρκυνίου
3490 1074 3558 1135 ⁸⁵,
3596 1073 3839 1141 Ἐρουίου
3868 1071 4008 1123 Τυλ-

2431 1162 2544 1214 λίου
2569 1205 2583 1225 ,
2622 1164 2715 1214 καὶ
2750 1162 3056 1231 ’Ταρκυνίου
3087 1162 3319 1213 Λευκίου
3368 1159 3463 1212 τοῦ
3493 1159 3795 1229 Ταρκυνίου
3816 1198 3832 1221 ,
3878 1158 4006 1209 τού-

2431 1272 2537 1306 των
2582 1257 2688 1307 τῶν
2744 1248 2881 1306 έπτά
2911 1255 3043 1321 ἔργα
3079 1270 3136 1304 τε
3163 1257 3257 1306 καὶ
3290 1254 3516 1323 πράξεις
3550 1253 3812 1322 περιέχει.
3844 1244 3946 1301 Ὠιι
3973 1251 4004 1301 6

2434 1346 2647 1415 πρῶτος
2688 1346 2912 1414 κτίστης
2940 1362 2999 1397 τε
3044 1344 3261 1413 Ῥώμης
3295 1346 3388 1396 καὶ
3432 1345 3675 1412 οἰκιστὴς
3727 1342 4006 1409 γεγονὼς,

2434 1435 2602 1503 ἄρξας
2655 1452 2713 1486 τε
2768 1432 3050 1503 πατρικῶς
3098 1433 3299 1501 μᾶλλον
3350 1432 3382 1501 ἢ
3430 1432 3792 1503 τυραννικῶς,
3854 1432 4007 1499 ὅμως

2433 1525 2644 1590 ἐσφάγη
2668 1564 2681 1585 ,
2706 1523 2737 1591 ἢ
2770 1523 2841 1579 ὡς
2865 1522 3012 1573 ἄλλοι
3035 1523 3196 1588 φασὶν
3218 1560 3229 1578 ,
3256 1520 3547 1590 ἠφανίσθη.
3588 1519 3643 1572 Ὀ
3670 1520 3723 1569 δὲ
3750 1517 4008 1586 δεύτερος

2432 1611 2761 1685 οὐδὲν-ἧττον
2800 1610 3195 1682 βεϐασιλευκὼς
3216 1611 3291 1674 ⁸⁸,
3326 1613 3373 1662 εί
3411 1610 3485 1680 μὴ
3516 1611 3614 1662 καὶ
3652 1610 3852 1679 μᾶλλον
3874 1650 3890 1671 ,
3916 1609 4012 1659 τὸν

2434 1704 2629 1757 ἑαυτοῦ
2668 1703 2781 1772 βίον
2827 1704 3145 1773 ἐτελεύτησε
3182 1702 3423 1771 ζήσας⁶’.
3468 1702 3527 1753 Ὀ
3556 1701 3613 1753 δέ
3648 1701 3828 1769 τρίτος
3881 1704 4015 1751 ὲκε-

2437 1795 2686 1865 ραυνώθη
2713 1812 2725 1825 ·
2761 1795 2900 1862 νόσῳ
2928 1796 2983 1849 δὲ
3022 1796 3113 1848 τὸν
3147 1794 3259 1863 βίον
3294 1796 3321 1846 6
3356 1794 3613 1863 τέταρτος
3666 1790 3964 1859 ὑπεξῆλθεν
3991 1804 4007 1816 ⁸

764 1885 899 1939 latus
942 1888 1121 1954 periit.
1178 1885 1375 1940 Sextus
1410 1888 1660 1943 similiter
1711 1907 1902 1955 caesus,
1944 1892 2109 1945 vitam
2160 1902 2333 1948 morte
2365 1876 2403 1929 Β

2365 1876 2403 1929 Β
2432 1887 2459 1936 6
2495 1886 2552 1937 δὲ
2599 1885 2849 1954 πέμπτος
2881 1888 2985 1939 ὑπὸ
3035 1885 3306 1954 ποιμένων
3340 1884 3552 1953 ἐσφάγη
3576 1924 3591 1947 ,
3628 1883 3720 1934 καὶ
3768 1884 3796 1933 6
3848 1882 4015 1941 ’ἐκτος

760 1982 1129 2032 commutavit.
1158 1979 1430 2048 Septimus
1461 1990 1512 2035 et
1548 1983 1677 2035 urbe
1743 1995 1794 2037 et
1844 2000 2009 2054 regno
2046 1986 2114 2039 ob
2147 1994 2331 2055 tyran-

762 2070 939 2123 nidem
987 2081 1213 2125 exactus
1244 2080 1346 2125 est.
1382 2070 1508 2125 lude
1540 2074 1716 2127 soluto
1746 2090 1931 2144 regno,
1982 2078 2045 2129 ad
2080 2077 2333 2132 consules

762 2160 1049 2229 imperium
1108 2164 1452 2216 translatum.
1508 2163 1629 2218 Haec
1669 2167 1887 2234 quidem
1938 2168 2141 2235 primus
2196 2168 2334 2222 liber

761 2254 1139 2321 complectitur
1170 2271 1182 2306 :
1219 2255 1359 2307 unde
1387 2254 1686 2324 inscriptio,
1715 2256 2073 2311 Romanorum
2100 2257 2332 2329 Regalis.

759 2341 1041 2394 Secundus
1071 2340 1204 2394 liber
1229 2342 1407 2403 habet,
1444 2356 1561 2407 quae
1593 2345 1644 2396 in
1676 2344 1880 2412 reliqua
1915 2344 2085 2409 Italia,
2109 2357 2331 2414 excepta

758 2452 845 2500 ea,
882 2452 999 2506 qua:
1029 2438 1094 2490 ad
1144 2451 1289 2489 mare
1318 2436 1520 2488 Ionium
1552 2449 1653 2503 est,
1681 2451 1828 2509 gesta
1855 2450 1979 2495 sunt
2008 2458 2023 2491 :
2048 2442 2164 2510 ejus
2202 2444 2332 2494 titu-

761 2532 884 2581 lus:
938 2527 1294 2581 Romanorum
1342 2526 1558 2582 Italica.
1596 2531 1843 2600 Sequens
1897 2534 2033 2587 liber
2059 2533 2333 2588 Romano-

760 2635 878 2672 rum
912 2621 1045 2673 bella
1084 2637 1205 2674 rum
1248 2623 1585 2677 Samnitibus
1618 2625 1781 2677 refert
1815 2628 1955 2693 (qua:
1991 2641 2121 2695 gens
2150 2629 2334 2694 copia--

758 2727 839 2775 sa,
871 2723 1282 2781 expugnatuque
1321 2711 1571 2776 dillicilis,
1616 2723 1672 2767 ιιι
1740 2716 1822 2767 vix
1869 2718 2023 2769 annis
2057 2719 2329 2786 octoginta

760 2803 986 2856 Romani
1015 2804 1151 2858 bello
1174 2806 1424 2873 subigere
1441 2807 1731 2874 potuerint)
1756 2821 1980 2875 qumque
2002 2818 2189 2875 gentes
2209 2825 2328 2861 cum

758 2897 865 2949 illis
921 2895 1115 2949 bellum
1178 2897 1480 2965 gesserint.
1536 2898 1849 2952 lnscribitur
1899 2916 1912 2951 :
1973 2898 2330 2953 Romanorum

758 2983 1069 3038 Samnitico.
1121 2984 1360 3049 Quartus
1410 3002 1557 3049 vero,
1602 2987 1743 3055 quod
1794 3002 1913 3040 cum
1942 2987 2107 3042 Gallis
2134 2987 2332 3041 Roma-

758 3093 948 3128 norum
1007 3077 1143 3130 bella
1208 3080 1445 3144 referat,
1515 3080 1827 3133 insuribitur
1890 3099 1905 3135 :
1974 3080 2331 3133 Romanorum

762 3169 898 3239 16a
932 3168 1149 3223 Celtica.
1185 3169 1274 3222 Sic
1314 3182 1367 3224 et
1406 3172 1597 3240 reliqui
1659 3175 1848 3229 ordine
1885 3174 2025 3227 libri.
2074 3174 2325 3239 Quintus,

757 3261 1118 3313 Romanarum
1151 3262 1352 3327 Sicula,
1386 3275 1432 3314 et
1468 3262 1769 3328 lnsularis;
1802 3266 1941 3331 quod
1974 3281 2093 3317 cum
2128 3264 2327 3320 Siculis

753 3363 807 3405 et
854 3354 1117 3406 Insulanis
1145 3367 1289 3420 gesta
1348 3366 1755 3408 commemoret.
1815 3354 2029 3419 Sextus,
2068 3354 2329 3409 Romano-

756 3459 872 3495 rum
911 3442 1138 3496 lbcrica.
1194 3443 1494 3510 Septimus,
1550 3442 1905 3496 Romanorum
1938 3442 2327 3507 Hamiibalica;

755 3538 895 3603 quod
924 3552 1044 3589 cum
1094 3535 1397 3590 Hannibale
1430 3534 1689 3587 Punicum
1742 3536 1936 3587 bellum
1976 3537 2191 3589 relerat.
2225 3535 2331 3591 Oc-

756 3637 933 3689 tavus,
986 3626 1202 3695 Libyca,
1241 3626 1444 3680 Punica
1478 3635 1526 3678 et
1562 3624 1869 3679 Numidica.
1907 3626 2107 3690 Nonus,
2137 3624 2333 3679 Roma-

757 3736 944 3772 norum
1003 3720 1366 3774 Macedonica.
1410 3720 1676 3783 Decimus,
1734 3719 2095 3771 Romanorum
2144 3720 2329 3773 Grmca

753 3825 799 3866 et
838 3811 1045 3867 Ionica.
1087 3811 1441 3874 Undecimus,
1480 3810 1838 3865 Romanorum
1866 3811 2089 3880 Syriaca
2115 3823 2161 3865 et
2196 3811 2330 3864 Par-

754 3906 916 3956 thica.
969 3902 1353 3963 Duodecimus,
1415 3901 1782 3955 Romanorum
1839 3903 2229 3957 Mithridatico.
2266 3903 2330 3957 Et

755 3994 1019 4049 hactenus
1055 3994 1273 4063 quidem
1305 4008 1426 4062 qua:
1462 3996 1727 4048 adversus
1753 4005 1970 4048 exteras
1993 4006 2178 4063 gentes
2217 3993 2327 4047 Ro-

755 4088 932 4139 manis
961 4086 1103 4138 edita
1161 4084 1427 4147 facinora,
1481 4086 1730 4154 bellaque
1776 4097 1949 4156 gesta,
1999 4099 2325 4153 narrantur;

754 4180 1053 4247 eademque
1090 4178 1194 4231 hoc
1242 4178 1437 4230 ordine
1496 4192 1593 4245 per
1644 4178 1815 4232 libros
1865 4180 2149 4231 distributa
2183 4188 2326 4232 sunt.

754 4269 886 4336 Quae
924 4283 1053 4321 vero
1085 4268 1227 4321 inter
1262 4283 1319 4321 se
1360 4268 1591 4321 Romani
1630 4270 2019 4322 tumultuantes
2061 4267 2193 4321 bella
2218 4283 2330 4337 ges-

753 4370 964 4422 serunt,
994 4361 1250 4427 deinceps
1286 4360 1409 4411 libri
1450 4370 1909 4422 commemorant,
1945 4374 2169 4428 quorum
2205 4360 2328 4411 inde

756 4451 987 4505 titulus:
1026 4451 1277 4504 Civilium
1317 4449 1585 4502 Bellorum
1619 4453 1852 4518 primus,
1901 4452 2183 4513 secundus,
2224 4460 2327 4501 ter-

2432 1978 2633 2045 όμοίως
2670 1980 2852 2048 σφαγῇ
2878 1977 3211 2047 κατέστρεψε
3231 1977 3276 2007 ³⁸
3309 1976 3401 2029 τὸν
3429 1976 3561 2045 βίον.
3609 1975 3665 2028 '0
3691 1974 3747 2026 δὲ
3777 1974 4019 2041 ἕϐδομος

2432 2065 2635 2135 καὶτῆς
2655 2066 2861 2128 πόλεως
2881 2068 2973 2118 καὶ
2987 2066 3085 2135 τῆς
3106 2065 3384 2135 βασιλείας
3402 2064 3736 2135 παρανομῶν
3750 2061 4016 2130 ἐξηλάθη·

2432 2152 2493 2217 ἐξ
2530 2147 2590 2205 οὗ
2626 2154 2728 2222 τῆς
2762 2154 3039 2223 βασιλείας
3079 2153 3479 2224 καταλυθείσης
3508 2156 3588 2215 είς
3611 2154 3736 2215 τοὺς
3768 2153 4019 2212 ὑπάτους

2431 2247 2498 2299 τὰ
2531 2245 2628 2316 τῆς
2653 2248 2825 2318 ἀρχῆς
2855 2246 3138 2317 μετετέθη.
3177 2248 3246 2299 Ἀ
3273 2247 3372 2317 μὲν
3398 2244 3548 2300 οὖν’*
3569 2248 3598 2299 6
3620 2245 3832 2315 πρῶτος
3854 2244 4021 2312 λόγος

2432 2340 2713 2408 περιέχει,
2764 2339 2939 2392 ταῦτά
2973 2341 3089 2391 ἐστι
3119 2356 3134 2369 ο
3183 2341 3550 2410 ἐπιγράφεται
3570 2340 3627 2392 δέ
3669 2337 4023 2405 Ῥωμαϊκῶν

2426 2430 2744 2498 βασιλική·
2774 2432 2803 2483 6
2821 2430 2876 2482 δὲ
2903 2429 3151 2501 δεύτερος
3172 2431 3238 2483 τὰ
3272 2434 3352 2494 είς
3384 2433 3482 2501 τὴν
3509 2431 3674 2501 ἄλλην
3688 2430 3734 2460 ’⁸
3780 2430 4023 2482 Ἰταλίαν

2432 2522 2601 2591 χωρὶς
2625 2522 2724 2590 τῆς
2744 2522 2894 2592 παρὰ
2919 2522 3009 2575 τὸν
3034 2523 3231 2574 κόλπον
3268 2523 3360 2574 τὸν
3403 2521 3585 2575 Ἰόνιον
3610 2523 3653 2553 ⁹¹
3683 2538 3699 2552 ·
3732 2516 3794 2573 οὗ
3827 2522 3858 2588 ὴ
3882 2524 4021 2571 επι-

2433 2612 2619 2680 γραφὴ
2654 2611 2992 2679 Ῥωμαϊκῶν
3030 2612 3313 2676 Ἰταλικὴ.
3354 2612 3411 2663 '0
3434 2612 3491 2664 δὲ
3531 2610 3727 2681 ἐφεξῆς
3764 2611 4024 2680 περιέχει

2432 2704 2522 2755 τὸν
2568 2704 2703 2773 πρὸς
2735 2704 2859 2765 τοὺς
2893 2704 3156 2765 Σαυνίτας
3203 2702 3497 2772 Ῥωμαίων
3539 2705 3807 2771 πόλεμον,
3860 2703 4023 2765 ἔθνος

2436 2794 2579 2862 μέγα
2626 2810 2682 2844 τε
2723 2795 2817 2846 καὶ
2856 2793 3092 2863 χαλεπὸν
3145 2793 3407 2861 πολέμοις
3453 2794 3707 2861 γεγονὸς,
3755 2793 3895 2861 ὅπερ
3956 2796 4024 2843 ἐν

2433 2884 2609 2937 ἐτεσιν
2656 2885 2987 2952 ὀγδοήκοντα
3029 2886 3289 2955 Ῥωμαῖοι
3322 2886 3689 2954 πολεμοῦντες
3719 2886 3870 2955 μόλις
3908 2887 4025 2936 ὑπ-

2433 2977 2703 3045 ηγάγοντο
2727 3016 2741 3040 ,
2790 2978 2889 3029 σὺν
2916 2978 3098 3039 αὐτοῖς
3128 2976 3185 3028 δὲ
3222 2978 3317 3029 καὶ
3359 2978 3460 3030 ὅσα
3502 2978 3684 3037 αὐτοῖς
3716 2978 4025 3044 συνεμάχει

2434 3069 2563 3130 ἔθνη
2586 3084 2600 3096 ·
2632 3069 2996 3137 ἐπιγράφεται
3024 3067 3081 3120 δὲ
3122 3066 3463 3136 Ῥωμαϊκῶν
3491 3071 3839 3135 xum-inm.
3870 3069 3929 3119 '0
3955 3069 4023 3120 δε

2434 3160 2695 3228 τέταρτος
2719 3200 2734 3223 ,
2762 3158 2885 3211 ἐπεὶ
2928 3158 3019 3211 τὸν
3053 3158 3189 3228 πρὸς
3216 3158 3453 3220 Κελτοὺς
3474 3161 3517 3191 ⁸³
3557 3159 3801 3229 περιέχει
3874 3158 4025 3209 Ῥω.

2441 3250 2615 3320 μαίων
2664 3252 2933 3319 πόλεμον,
2989 3250 3357 3319 ἐπιγράφεται
3407 3247 3881 3317 Ῥωμαϊκῶνιόθ
3922 3247 4024 3317 IL]

2439 3342 2717 3409 Κελτική.
2752 3344 2863 3396 Καὶ
2888 3345 2937 3396 οἱ
2968 3342 3144 3394 λοιποὶ
3173 3342 3313 3395 κατὰ
3341 3342 3429 3395 τὸν
3457 3343 3619 3394 αὑτὸν
3648 3341 3824 3408 λόγον,
3858 3344 3887 3393 6
3915 3342 4024 3407 μὲν

2436 3435 2686 3503 πέμπτος
2718 3432 3060 3501 Ῥωμαϊκῶν
3077 3433 3362 3500 Σικελικὴ
3387 3434 3486 3484 καὶ
3502 3433 3850 3497 νησιωτικὴ,
3887 3434 4024 3482 ἐπεὶ

2437 3523 2573 3592 πρὸς
2596 3522 2900 3584 Σικελοὺς⁹³
2916 3522 3009 3573 καὶ
3034 3521 3325 3589 νησιώτας
3351 3523 3379 3572 6
3404 3521 3459 3571 δέ
3485 3520 3640 3581 ἕκτος
3672 3518 4025 3587 Ῥωμαϊκῶν

2449 3615 2731 3683 ἰϐηρικήσ
2750 3617 2778 3667 ὀ
2804 3613 2861 3666 δέ
2880 3611 3461 3683 ἓὸδομοςῬωμαϊκῶν
3485 3612 3853 3676 Ἀννιϐαϊκὴ,
3881 3612 4019 3662 ἐπεὶ

2436 3708 2526 3759 τὸν
2557 3706 2692 3777 πρὸς
2754 3704 3062 3758 Ἀννίϐαν⁹⁸
3090 3705 3181 3757 τὸν
3223 3704 3591 3773 Καρχηδόνιον
3634 3703 3879 3771 περιέχει
3912 3702 4025 3753 πό-

2437 3798 2492 3849 λε
2501 3816 2620 3868 μον,
2641 3798 2669 3849 6
2684 3796 2868 3864 ὄγδοος
2886 3795 3227 3865 Ῥωμαϊκῶν
3244 3794 3469 3862 Διϐυκὴ
3489 3796 3557 3859 ⁸⁸,
3591 3794 3970 3862 ιιάρχηδονικ
3984 3793 4023 3860 ἡ

2436 3890 2530 3940 καὶ
2551 3886 2878 3954 Νομαδική·
2902 3889 2931 3939 6
2954 3888 3008 3940 δέ
3037 3887 3223 3949 ἔνατος
3255 3884 3593 3955 Ῥωμαϊκῶν
3608 3885 4020 3949 Μακεδονικὴ·

2434 3981 2462 4031 6
2499 3978 2555 4031 δὲ
2600 3979 2821 4041 δέκατος
2864 3976 3204 4046 Ῥωμαϊκῶν
3252 3977 3577 4044 Ἑλληνικὴ
3602 3978 3700 4030 καὶ
3747 3978 3979 4042 Ἰωνική
4006 3994 4022 4007 ·

2434 4074 2462 4123 ό
2486 4072 2541 4123 δὲ
2564 4072 2843 4133 ἑνδέκατος
2872 4068 3215 4138 Ῥωμαϊκῶν
3233 4070 3498 4137 Συριακὴ
3522 4070 3917 4138 καὶ-Παρθική
3944 4088 3956 4099 ο
3995 4071 4029 4120 6

2433 4164 2490 4217 δὲ
2518 4164 2817 4225 δωδέκατος
2852 4161 3193 4231 Ῥωμαϊκῶν
3218 4161 3648 4228 Μιθριδάτειος.
3679 4160 3787 4212 Καὶ
3811 4161 3879 4211 τά
3915 4160 4023 4227 μὲν

2434 4256 2567 4325 πρὸς
2585 4253 2914 4321 ἀλλοφύλους
2938 4252 3231 4321 Ῥωμαίοις
3253 4252 3666 4319 ἐπιδεδειγμένα
3679 4250 3819 4319 εργα
3834 4266 3896 4301 τε
3918 4252 4027 4303 καὶ

2432 4350 2480 4399 οἱ
2498 4348 2722 4415 πόλεμοι
2743 4345 2788 4377 ⁸⁸
2814 4346 2872 4396 ἐν
2888 4345 3098 4407 τούτοις
3116 4345 3213 4397 καὶ
3240 4343 3383 4397 οὕτω
3401 4344 3660 4413 τυγχάνει
3689 4346 3803 4406 τοῖς
3829 4342 4025 4411 λόγοις

2433 4438 2669 4491 ἐνταῦθα
2703 4438 3007 4507 διῃρημένα
3025 4452 3041 4469 ο
3066 4437 3165 4489 ὅσα
3186 4436 3243 4489 δὲ
3268 4436 3421 4489 αὐτοὶ
3457 4436 3715 4505 Ῥωμαῖοι
3748 4434 3885 4505 πρὸς
3920 4434 4027 4488 άλ-

755 4546 880 4605 tius,
902 4550 954 4593 ct
981 4543 1175 4594 ordine
1210 4542 1274 4592 ad
1305 4556 1501 4593 nonum
1561 4556 1731 4608 usque
1760 4541 1977 4603 librum,
2011 4542 2100 4609 qui
2130 4542 2178 4593 in
2209 4541 2327 4593 uni-
2358 4575 2402 4628 υ

2361 4575 2402 4628 D
2433 4535 2625 4604 λήλους
2652 4534 2980 4587 ἐστασίασαν
3007 4534 3101 4587 καὶ
3122 4535 3470 4605 ἐπολέμησαν
3487 4573 3502 4597 ,
3525 4537 3580 4587 at
3609 4532 3809 4602 ἐφεξῆς
3832 4532 4023 4602 βίϐλοι

752 4647 970 4686 versum
1007 4632 1213 4699 primus
1246 4641 1407 4685 estet
1438 4631 1935 4687 vicesimus.Liber
1970 4643 2147 4685 autem
2184 4634 2324 4685 vice-
2367 4626 2387 4628 ί

2367 4626 2387 4628 ’
2431 4627 2710 4694 δηλοῦσιν,
2729 4628 3042 4699 ἐπιγραφὴν
3061 4627 3359 4697 δεξάμεναι
3391 4628 3703 4697 ἐμφυλίων
3720 4626 3927 4693 πρώτη
3944 4626 4021 4686 θ’,

752 4723 924 4776 simus
974 4724 1266 4785 secundus,
1304 4722 1624 4775 inscribitur
1668 4720 2035 4775 Ekatonlaetia
2085 4722 2160 4790 (id
2216 4732 2322 4786 est,

754 4829 1016 4867 annorum
1045 4813 1336 4877 centuria.)
1370 4813 1668 4882 lnsequeus
1720 4815 1876 4880 liber,
1912 4813 2131 4868 Dacica.
2160 4814 2322 4868 Vice-

756 4906 929 4959 simus
985 4914 1233 4975 quartus,
1267 4904 1520 4957 Arabica.
1570 4905 1746 4972 Atque
1790 4907 1891 4959 ista
1944 4906 2209 4959 universa:
2244 4908 2325 4960 bi-

753 4999 935 5053 storite
958 4997 1176 5066 partitio
1198 5007 1298 5050 est.
1329 4996 1596 5051 Bellorum
1627 5009 1805 5051 autem
1826 4998 2063 5052 civilium
2084 4997 2237 5052 libris
2260 5013 2323 5052 ea

751 5090 983 5156 primum
1017 5089 1388 5152 continentur,
1436 5103 1553 5157 qua:
1580 5087 1780 5144 Marius
1812 5098 1866 5144 et
1913 5087 2059 5158 Sylla
2101 5088 2242 5142 'nter
2268 5104 2326 5145 se

2431 4719 2742 4788 ἐμφυλίων
2778 4719 3044 4787 δευτέρα,
3071 4722 3166 4772 καὶ
3216 4721 3342 4789 ἑξῆς
3391 4722 3553 4792 μέχρι
3596 4721 3695 4790 τῆς
3729 4717 4027 4788 ἐμφυλίων

2436 4812 2534 4881 μὲν
2568 4813 2762 4881 ἐνάτης
2786 4850 2801 4875 ,
2851 4812 2948 4880 τῆς
2978 4813 3034 4864 δὲ
3063 4812 3192 4881 ὅλης
3224 4813 3466 4883 ἱστορίας
3482 4815 3733 4883 είκοστῆς
3760 4812 4020 4883 πρώτης.

2442 4904 2503 4955 '0
2540 4904 2596 4956 δέ
2645 4902 2890 4963 εἰκοστὸς
2929 4901 3181 4970 δεύτερος
3214 4902 3371 4970 λόγος
3411 4906 3780 4974 ἐπιγράφεται
3836 4906 4023 4959 'Exa—

2433 4995 2744 5048 τονταετία
2764 5035 2777 5057 ,
2811 4995 2840 5045 6
2876 4995 2932 5047 δὲ
2972 4994 3171 5064 ἐφεξῆς
3219 4996 3443 5064 Δακικὴ
3469 5035 3483 5059 ,
3509 4998 3625 5049 ικαὶ
3643 4997 3733 5048 6"
3759 4996 4027 5058 εἰκοστὸς

2432 5087 2689 5158 τέταρτος
2737 5085 3002 5154 Ἀράϐιος
3018 5087 3084 5141 ⁹⁹.

2034 5204 2267 5261 νΑῐιιΑε
2298 5202 2705 5261 LECTIONES.

820 5292 864 5325 ⁸³
890 5293 981 5345 τοῦ
1010 5294 1311 5364 Ταρκυνίου
1345 5295 1471 5349 add.
1525 5297 1590 5351 A.

751 5362 1109 5436 llmscbelius.
1220 5366 1264 5395 ⁸⁸
1298 5368 1595 5436 κατέτρεψε
1688 5386 1749 5432 ς.

749 5451 811 5497 ς.
911 5434 953 5464 ⁸⁸
983 5435 1155 5486 ίώνιον
1177 5453 1235 5500 ς’.

1860 5371 1903 5401 ⁸³
1945 5369 2037 5421 οὖν
2066 5387 2175 5424 om.
2211 5376 2274 5425 Α.

1334 5437 1377 5468 ⁸³
1404 5439 1623 5501 κελτοὺς
1646 5440 1721 5493 A:
1759 5440 1885 5502 τοὺς
1909 5443 2146 5503 κόλπους
2198 5458 2258 5504 ς.

749 5520 812 5569 ς.
887 5504 935 5534 ⁸⁸
964 5506 1212 5576 πολέμιοι
1238 5507 1300 5563 Α,
1378 5507 1633 5580 ⁹⁷πρώτη
1664 5510 1785 5579 -β
1814 5510 1894 5564 A:
1928 5511 2142 5588 πρῶτος
2173 5542 2239 5551 -
2272 5504 2523 5579 δεύτερος
2584 5527 2645 5572 ς.
2724 5510 2771 5541 ’⁸
2797 5511 2891 5562 καὶ
2916 5513 2943 5562 6
2976 5512 3017 5562 Α
3045 5527 3059 5563 :
3120 5510 3148 5561 6
3176 5508 3232 5562 δὲ
3266 5525 3329 5572 ς.

1692 5297 1738 5329 ⁸.
1777 5298 2180 5332 βρέμῃ-Ἱεηυιῖιρ
2212 5294 2269 5332 2:1:
2330 5303 2373 5332 el
2436 5300 2473 5332 l‘

1775 5298 2180 5368 βεϐασιλευκὼς
2212 5298 2269 5353 εὖ
2328 5303 2377 5353 εί
2436 5300 2814 5354 Casaubonus.
2922 5298 2966 5328 ⁸⁷
2996 5298 3205 5368 ζήσας,
3249 5299 3388 5350 deest
3435 5314 3699 5351 annorum
3756 5313 4028 5354 numerus

1860 5371 1903 5401 ⁸³
1945 5369 2037 5421 οὖν
2066 5387 2175 5424 om.
2211 5376 2274 5425 A.
2389 5372 2436 5404 ’°
2463 5374 2528 5423 τά
2583 5372 2661 5430 εἰς
2690 5368 2811 5440 τὴν]
2861 5368 3035 5421 ταῦτά
3069 5371 3217 5440 ἐστιν
3247 5369 3354 5440 Λ-ε
3390 5371 3634 5439 περιέχει
3682 5370 3749 5420 τά
3781 5370 3862 5432 εἰς
3914 5373 4028 5439 τῂν

2342 5441 2388 5513 τ’
2415 5442 2550 5509 πρὸς
2584 5441 2710 5501 τοὺς
2729 5437 2995 5513 ᾲσικελοὺς
3030 5455 3092 5501 ς.
3130 5437 3485 5513 άνίὸατον
3515 5437 3686 5513 κζᾼ.Δ
3744 5441 3791 5471 ’⁸
3815 5437 4027 5513 λυδικήὴ

2922 5297 2966 5328 ⁸⁷
2996 5298 3205 5368 ζήσας,
3249 5299 3388 5350 deest
3435 5314 3699 5351 annorum
3756 5313 4028 5354 numerus

3437 5510 3482 5541 θ’
3507 5508 3773 5580 ἁρῤάϐιος
3824 5528 3890 5575 ς’.

2247 5601 2486 5655 ΝΟΤΙΕ.

818 5690 893 5758 (2)
926 5688 999 5742 De
1037 5705 1140 5764 qua
1184 5702 1237 5744 et
1273 5691 1469 5764 Suiclas
1513 5710 1525 5745 :
1566 5695 1918 5764 eamdemque
1972 5697 2035 5747 ad
2085 5696 2306 5749 verbum

748 5774 882 5828 pene
931 5761 1256 5825 descriptam
1288 5780 1317 5816 e
1355 5763 1493 5816 l’lut.
1537 5764 1673 5818 Vilis
1722 5761 2083 5818 observarunt
2139 5766 2305 5818 ducti.

2419 5694 2563 5747 aliis.

2491 5765 2567 5831 (4)
2616 5761 2767 5825 Quod
2820 5776 2971 5815 serva
3023 5771 3181 5815 natus
3237 5770 3403 5816 esset.
3463 5761 3685 5833 Dionys.
3742 5760 4019 5821 Halicarn

816 5830 891 5899 (ὅ)
942 5831 1076 5899 chc
1120 5832 1292 5898 Tullo,
1328 5850 1389 5887 cx
1444 5833 1615 5902 Livia,
1674 5835 1892 5904 Dionys.
1951 5834 2223 5889 llalicaru.
2255 5845 2308 5888 et
2418 5830 2509 5886 lib.
2553 5849 2623 5885 I\.
