4210 6442
137 418 220 483 101
1279 412 1807 477 BIBLIOTHECA.
1834 434 1903 449 ·-
1938 409 2101 471 COD.
2132 408 2310 470 LVII.

3279 400 3380 467 102

189 533 356 587 Οὕτω
379 535 479 602 μὲν
507 535 603 604 τῆς
629 536 755 603 ὅλης
783 537 1021 605 ἱστορίας
1053 537 1085 605 ἡ
1117 536 1399 603 διαῖρεσις.
1442 531 1702 601 Ἐμπερι-
1736 540 1776 591 Α
1807 529 1851 581 bl

1736 540 1776 591 Α
1807 529 2184 597 belligerantes
2238 534 2538 595 patrarunt.
2594 524 2793 579 Deinde
2832 536 2950 591 qua
2996 522 3287 592 Pompeius
3325 532 3383 577 et

135 629 315 694 ἐχεται
347 626 369 698 [
392 629 463 681 23
497 628 535 678 ll
564 628 651 697 ]δὲ
674 630 786 688 τοῖς
817 630 1096 695 ἐμφυλίοις
1120 628 1335 694 πρῶτον
1364 625 1461 693 μὲν
1488 625 1555 675 τά
1582 623 1710 689 περὶ

1811 620 1983 673 Julius
2018 620 2199 673 Caesar
2230 628 2529 686 gesserunt,
2566 627 2848 685 postquam
2881 615 3045 667 etiam
3081 614 3132 667 bi
3178 612 3376 665 factio-

132 720 344 787 Μάριον
367 722 468 770 καὶ
497 720 705 771 Σύλλαν
733 719 985 786 ἀλλήλοιν
1029 717 1524 785 ἐκπολεμησάντοιν
1552 754 1566 771 .
1614 714 1713 765 ἐπ-

135 827 243 861 ειτα
277 809 402 876 τά,ι
442 810 571 876 περὶ
596 809 882 877 Πομπήῖον
915 807 1007 857 κα)⁸
1049 807 1263 857 Ἰούλιον
1287 806 1375 856 τὸν
1424 803 1711 871 Καίσαρα,

136 902 217 951 καὶ
252 900 478 951 τούτοιν
498 902 557 957 ἐς
585 899 845 965 ἀλλήλους
877 899 1291 949 στασιασάντων
1320 898 1412 949 καὶ
1446 896 1713 964 μεγάλαις

140 988 339 1055 μάχαις
376 988 774 1055 προραγέντοιν
798 1026 813 1047 ,
837 987 925 1037 ὅτε
965 987 1055 1036 καὶ
1088 988 1119 1052 ἡ
1148 984 1288 1053 τύχη
1315 984 1478 1036 πλέον
1514 982 1718 1048 Ἰουλίῳ

140 1075 309 1142 ῥοπὴν
358 1072 723 1142 παρασχοῦσα
754 1076 810 1135 ὲς
862 1074 1006 1125 νῶτα
1056 1074 1150 1125 καὶ
1197 1075 1375 1141 φυγὴν
1430 1072 1717 1140 Πομπήϊον

139 1160 365 1228 ἔτρεψεν
384 1176 397 1187 ·
427 1160 624 1228 ἐφεξῆς
649 1161 703 1212 δὲ
722 1161 789 1211 τά
818 1162 944 1230 περὶ
982 1159 1290 1211 Ἂντώνιονί
1314 1161 1405 1211 καὶ
1436 1160 1719 1209 Ὀκτάυῖον

140 1250 399 1317 Καίσαρα
429 1290 443 1311 ,
474 1249 569 1297 τὸν
619 1250 715 1300 καὶ
748 1248 1056 1314 Αὔγουστον
1083 1290 1097 1313 ,
1135 1249 1270 1317 πρὸς
1296 1248 1419 1309 τοὺς
1458 1245 1717 1315 ἀνδροφό-

139 1351 254 1395 νους
307 1334 406 1386 τοῦ
449 1337 718 1403 προτέρου
767 1336 1077 1403 Καίσαρος,
1128 1335 1249 1386 καθ’
1299 1335 1355 1386 ὃν
1402 1333 1592 1403 καιρὸν
1626 1332 1722 1383 καὶ

142 1426 323 1477 πολλοὶ
350 1425 464 1475 τῶν
498 1427 788 1491 ἐπισήμων
818 1425 1101 1493 Ῥωμαίων
1126 1425 1280 1493 δίκης
1309 1424 1521 1491 ἁπάσης
1553 1423 1721 1492 χωρὶς

143 1518 226 1585 τὴν
260 1518 356 1567 ἐπὶ
398 1515 618 1583 θανάτῳ
652 1515 971 1584 ἀπήχθησαν
997 1533 1009 1545 ·
1042 1518 1352 1567 τελευταῖον
1378 1515 1434 1566 δὲ
1461 1516 1496 1567 ά
1522 1517 1579 1577 ἐς
1619 1514 1717 1565 άλ-

145 1610 331 1678 λὴλους
355 1610 658 1661 συνέπεσεν
674 1610 717 1673 ³,
763 1608 1045 1659 ’Δντώνιόν
1071 1626 1213 1676 φημι
1234 1608 1254 1637 ⁸
1278 1610 1366 1660 καὶ
1390 1608 1721 1675 Αὒγουστον,

146 1704 186 1754 οἳ
217 1704 482 1768 πολέμοις
514 1704 803 1771 κρατεροῖς
848 1701 1111 1770 ἀλλήλους
1151 1701 1554 1770 διεπολέμησαν
1576 1738 1593 1762 ,
1628 1698 1724 1751 καὶ

148 1794 353 1845 πολλῶν
387 1794 774 1863 στρατοπέδων
809 1793 1014 1861 φθορὰν
1060 1792 1488 1861 ἀνειργάσαντο,
1539 1791 1589 1841 εί
1629 1790 1723 1842 καὶ

1816 713 1973 764 nibus
2022 712 2159 765 inter
2193 724 2252 762 se
2289 710 2636 772 contendere,
2688 707 2996 775 proeliisque
3064 704 3377 773 ingentibus

1816 802 2103 868 conﬂigere
2139 807 2453 867 coeperunt;
2503 799 2720 867 quando
2769 808 2824 851 et
2871 797 3086 849 fortuna
3126 794 3269 848 Julio
3303 796 3386 846 ia-

1817 907 1969 953 veus,
2004 900 2153 958 terga
2184 894 2310 942 dare
2338 904 2399 941 ac
2430 889 2614 958 fugere
2662 888 2975 956 Pompeium
3016 885 3219 953 adegit.
3259 884 3387 938 Post

1817 986 1883 1034 ab
1917 982 2151 1034 Antonio
2208 991 2260 1034 et
2323 978 2544 1034 Octavio
2578 979 2811 1043 Czrsare,
2852 980 2943 1044 qui
3005 985 3059 1031 et
3114 978 3387 1045 Augustus

1821 1073 2017 1134 dictus,
2050 1080 2198 1141 gesta
2235 1088 2355 1125 cum
2382 1072 2615 1124 Cmsaris
2644 1069 2767 1123 Julii
2804 1069 3250 1138 percussoribus,
3282 1082 3387 1135 qua

1820 1161 1984 1214 etiam
2028 1170 2348 1229 tempestate
2410 1161 2650 1229 plerique
2706 1158 3068 1211 Romanorum
3126 1157 3387 1217 illustres,

1823 1251 2017 1303 indicta
2051 1265 2233 1313 causa,
2286 1253 2350 1302 ad
2394 1262 2621 1302 mortem
2657 1249 3031 1317 raptabantur.
3068 1248 3310 1314 Denique
3337 1257 3392 1297 et

1822 1356 1941 1408 quae
1982 1344 2118 1395 inter
2146 1343 2288 1409 ipsos
2333 1344 2668 1406 acciderunt,
2707 1340 3020 1400 Antonium,
3070 1341 3285 1407 inquam
3338 1348 3394 1391 rt

1824 1432 2147 1499 Augustum,
2184 1434 2464 1486 horrendis
2492 1434 2723 1485 invicem
2758 1430 2907 1484 bellis
2930 1445 3053 1483 cum
3081 1428 3370 1480 multorum

1823 1524 2160 1575 exercituum
2215 1534 2393 1593 strage
2434 1522 2822 1592 conﬂigentes:
2858 1530 2913 1573 et
2947 1522 2989 1574 si
3035 1522 3103 1573 ab
3145 1520 3388 1586 Augusto

1828 1612 2040 1663 tandem
2074 1614 2297 1665 victoria
2329 1615 2500 1675 stetit,
2544 1627 2646 1679 qua
2679 1613 2838 1663 etiam
2873 1627 2899 1663 a
2944 1611 3107 1663 sociis
3142 1611 3395 1661 desertus

1825 1703 2117 1765 Antonius,
2147 1704 2197 1757 itt
2228 1703 2516 1773 Egyptum
2556 1702 2887 1771 proﬂigatus,
2908 1702 2993 1754 ubi
3034 1716 3251 1753 manum
3284 1701 3386 1751 sibi

1830 1795 2085 1857 alferens,
2121 1797 2281 1847 vitam
2332 1796 2567 1863 abrupit.
2598 1795 2714 1859 Quo
2770 1796 2894 1847 item
2948 1795 3209 1847 librorum
3271 1792 3391 1844 belli

147 1884 443 1953 Αὐγούστῳ
478 1884 706 1953 ὕστερον
740 1886 772 1954 ὴ
804 1884 926 1954 νίκη
966 1884 1288 1953 ὲμὸλέψασα
1341 1883 1546 1953 ἔρημον
1588 1901 1723 1953 συμ-
1757 1880 1797 1933 Β

1757 1880 1797 1933 Β
1828 1888 2006 1940 civilis
2042 1888 2173 1957 16b
2208 1888 2394 1939 ultimo
2443 1886 2711 1957 Aﬂgyptus
2738 1886 3079 1947 describitur,
3112 1893 3165 1933 ut
3195 1884 3245 1935 itt
3274 1881 3385 1933 Ro-

149 1978 328 2046 μάχων
362 1979 446 2037 είς
483 1977 762 2044 Αἴγυπτον
795 1978 1007 2045 φυγάδα
1037 1976 1127 2028 τὸν
1174 1975 1453 2027 ’Λντώνιον
1486 1977 1685 2045 ἠλασεν
1707 2016 1721 2037 ,

147 2070 223 2136 ἐφ’
260 2066 328 2142 ἦς
355 2072 455 2123 καί
486 2068 805 2141 αὐτοχειρία
853 2069 943 2121 τὸν
988 2067 1097 2137 βίον
1127 2068 1513 2137 κατέστρεψεν.
1550 2061 1726 2136 ᾯτινι

148 2162 243 2214 τῶν
272 2162 562 2231 ἐμφυλίων
601 2161 714 2212 δντι
745 2161 918 2229 λόγῳ⁸
965 2158 1260 2226 τελευταίῳ
1303 2160 1398 2210 καὶ
1444 2158 1717 2225 Αἴγυπτος
1755 2161 2005 2231 δηλοῦται
2030 2206 2044 2228 ,
2089 2165 2163 2227 ὡς
2195 2163 2297 2216 ὑπὸ
2337 2163 2666 2233 Ῥωμαίοις⁶
2702 2163 2916 2229 ἐγένετο

152 2254 317 2323 μαίων
343 2255 405 2315 ἐς
444 2252 747 2321 μοναρχίαν
778 2253 871 2303 καὶ
904 2250 1211 2317 Αὔγουστον
1256 2249 1653 2320 ὲπανὲδραμεν.

216 2346 485 2415 ’Δρχεται
548 2345 645 2413 μὲν
693 2338 787 2395 οὖν
816 2342 913 2411 τῆς
946 2342 1183 2411 ἱστορίας
1214 2340 1323 2392 ἀπὸ
1366 2339 1577 2392 Αἰνείου
1626 2340 1718 2393 τοῦ

160 2436 411 2501 Ἀγχίσου
442 2431 541 2485 τοῦ
574 2432 849 2503 ,Κάπυος
898 2430 955 2493 δς
1003 2432 1059 2482 ὲν
1086 2429 1165 2500 τῷ
1199 2430 1430 2500 Τρωῖκῷ
1457 2431 1672 2499 ἤκμασε
1695 2430 1714 2460 ⁷

153 2525 368 2594 πολέμῳ
391 2564 407 2585 ,
448 2524 591 2593 μετὰ
658 2524 715 2574 δὲ
747 2523 844 2591 τὴν
893 2522 1095 2574 ἅλωσιν
1124 2521 1221 2590 τῆς
1271 2522 1485 2593 Τρωίας
1518 2522 1684 2591 ἔφυγε
1714 2564 1729 2586 ,

152 2618 239 2667 καί
259 2616 399 2683 μετά
430 2613 657 2682 μακρὰν
679 2612 892 2679 πλάνην
916 2611 1218 2663 καταπλεί⁸
1241 2610 1296 2671 ἐς
1325 2629 1442 2662 τινα
1463 2610 1561 2678 τῆς
1601 2611 1732 2662 Ἰτα-

151 2708 261 2768 λίας
294 2705 584 2771 αἰγιαλὸν,
640 2702 923 2770 Δώρεντον
970 2701 1431 2770 ἐπικαλούμενον,
1479 2701 1607 2753 ἔνθα
1638 2700 1732 2753 καὶ

154 2798 512 2865 στρατόπεδον
537 2794 702 2847 αὑτοῦ
733 2794 1027 2855 δείκνυται,
1048 2795 1138 2844 καὶ
1159 2792 1256 2862 τὴν
1282 2793 1450 2861 ἀκτὴν
1475 2793 1569 2844 ἀπ’
1592 2792 1727 2843 ὲκεί-

153 2908 236 2941 ντιυ
282 2891 489 2959 Τροίαν
529 2887 801 2940 καλοῦσιν.
840 2882 1016 2955 Ἦρχε
1053 2886 1173 2937 τότε
1232 2884 1584 2954 Ἀϐοριγίνων
1619 2884 1728 2935 τῶν

153 2982 271 3049 τῇδε
310 2980 535 3032 Ἰταλῶν
566 2979 768 3040 Φαῦνος
798 2980 825 3029 ὁ
853 2977 944 3029 τοῦ
976 2980 1203 3045 Ἄρεως,
1232 2976 1287 3037 ὃς
1314 2978 1407 3026 καὶ
1442 2975 1732 3042 ζεύγνυσιν

154 3073 336 3139 Αἰνεία
358 3073 461 3138 τὴν
508 3070 787 3139 θυγατέρα
813 3068 975 3119 αὑτοῦ
1013 3067 1299 3120 Λαουινίαν
1327 3106 1341 3129 ,
1375 3068 1469 3118 καὶ
1522 3068 1623 3135 γῆν
1654 3067 1731 3117 δί-

154 3164 314 3215 δωσιν
349 3167 416 3214 ἐκ
446 3162 698 3228 περιόδου
734 3160 963 3211 σταδίων
993 3158 1355 3226 τετρακοσίων
1374 3161 1414 3208 ⁸.
1464 3158 1520 3208 Ὀ
1547 3157 1603 3207 δὲ
1640 3158 1733 3207 7:6-

153 3257 232 3305 λιν
264 3255 515 3306 ἔκτισείο
539 3293 552 3313 ,
590 3252 687 3303 καὶ
724 3251 831 3302 ἀπὸ
872 3250 969 3318 τῆς
1004 3248 1257 3314 γυναικὸς
1298 3246 1581 3298 Λαουίνιον
1632 3248 1730 3297 ὲπ-

153 3348 425 3415 ωνόμασε.
460 3344 647 3413 Τρίτῳ
678 3344 738 3395 δὲ
769 3343 878 3394 ἔτει
927 3340 1020 3393 τοῦ
1044 3340 1249 3392 Φαύνου
1276 3338 1691 3407 τελευτήσαντος
1712 3378 1725 3400 ,

155 3439 433 3507 ἐκδέχεται
478 3437 581 3504 τὴν
625 3435 797 3504 ἀρχὴν
821 3434 848 3483 ὁ
877 3432 1089 3490 Αίνείας
1136 3431 1277 3483 κατὰ
1312 3430 1373 3480 τὸ
1399 3430 1565 3497 κῆδος
1589 3470 1602 3491 ,
1637 3431 1729 3480 καὶ

154 3532 274 3591 τοὺς
319 3527 670 3597 Ἀϐοριγίνας
720 3524 828 3576 άπὸ
852 3522 943 3574 τοῦ
972 3519 1235 3589 κηδεστοῦ
1265 3520 1493 3571 Λατίνου
1522 3519 1727 3569 Φαύνου

154 3623 417 3681 Λατίνους
441 3620 783 3687 ὶπωνόμασε.
816 3618 994 3685 Τρίτῳ
1019 3615 1075 3666 δὲ
1106 3614 1213 3665 ἔτει
1238 3612 1396 3665 πάλιν
1423 3612 1512 3663 διὰ
1534 3613 1728 3663 Λαουι-

156 3715 269 3765 νίαν
304 3714 409 3782 τὴν
456 3714 693 3778 γυναῖκα
745 3708 851 3759 ὑπὸ
894 3704 1222 3758 Ῥουτούλων
1254 3703 1362 3755 τῶν
1398 3702 1727 3773 Τυρῤήνων,

154 3803 702 3876 προμνηστευθείσαν
739 3799 914 3853 αὐτῶν
938 3798 1012 3867 τῷ
1042 3796 1280 3865 βασιλεῖ,
1303 3796 1604 3862 ἀναιρεῖται
1638 3809 1729 3844 πο-

155 3898 317 3967 λέμου
348 3898 507 3964 νόμῳ
545 3896 571 3947 ὁ
601 3893 816 3954 Αίνείας
838 3929 853 3952 ,
878 3892 971 3942 καὶ
996 3890 1094 3958 τὴν
1118 3887 1291 3957 ἀρχὴν
1320 3886 1590 3951 διεδέξατο
1624 3884 1728 3935 Εὑ-

158 3993 361 4060 ρυλέων
389 4029 407 4053 ,
451 3987 736 4047 ’Δσκάνιος
769 3980 1188 4054 μετονομασθεὶς
1211 4019 1225 4041 ,
1251 3978 1309 4041 ὃς
1346 3976 1607 4047 ἐγεννήθη
1654 3975 1730 4044 τῷ

158 4085 343 4153 Αίνεξα
376 4086 443 4133 ὲκ
493 4078 776 4147 Κρεούσης
819 4075 909 4145 [5‘2
947 4072 1051 4143 IL]
1090 4076 1185 4140 τῆς
1225 4070 1507 4139 Πριάμου,
1544 4070 1641 4135 τῆς
1674 4070 1733 4118 ἐν

167 4175 302 4244 Ἰλίῳ
336 4170 648 4240 γενομένης
677 4166 823 4234 αὑτῷ
845 4165 1100 4232 γυναικός
1120 4177 1133 4189 ·
1156 4161 1205 4213 oi.
1231 4161 1288 4212 δὲ
1321 4162 1385 4211 ὲκ
1413 4160 1509 4227 τῆς
1535 4159 1732 4211 Λαουι-

155 4268 267 4327 via;
321 4264 611 4317 Ἀσκάνιον
642 4257 787 4327 αὑτῷ
812 4252 1136 4323 γεννηθῆναι
1170 4268 1338 4319 φασι,
1372 4250 1461 4302 τὸν
1490 4249 1731 4317 διάδοχον

155 4360 245 4426 τῆς
269 4355 479 4425 ἀρχῆς.
512 4351 795 4403 Ἀσκανίου
826 4349 880 4400 δὲ
902 4347 1318 4413 τελευτησαντος
1352 4343 1460 4394 ἔτει
1487 4342 1731 4410 τετάρτῳ

160 4452 294 4520 μετὰ
326 4450 431 4517 τὴν
469 4445 676 4513 Ἀλὸης
701 4445 898 4495 οἷκισιν
918 4442 956 4473 ⁸¹
981 4442 997 4507 (
1018 4442 1111 4493 καὶ
1132 4439 1239 4506 γὰρ
1263 4437 1355 4490 καὶ
1375 4432 1527 4499 οὗτος
1549 4438 1730 4488 ἔκτισε

156 4544 304 4595 to?“
330 4583 343 4605 ,
375 4538 589 4607 Ἀλσην
621 4536 851 4596 καλέσας
870 4576 884 4598 ,
921 4532 1015 4585 καὶ⁵
1044 4532 1149 4584 άπὸ
1175 4529 1462 4590 Λαουινίας
1489 4528 1579 4580 τὸν
1604 4526 1732 4579 λαὸν

1832 1996 2114 2035 manorum
2156 1990 2474 2049 potestatem
2520 1980 2727 2033 venerit
2767 1996 2779 2029 :
2820 1987 2983 2047 utque
3032 1992 3119 2030 res
3152 1976 3396 2029 Romana

1836 2073 1889 2125 in
1924 2076 2082 2128 unius
2112 2073 2341 2141 Augusti
2369 2074 2651 2141 imperium
2682 2072 2951 2125 reciderit.

2992 2161 3086 2213 καὶ¹
3125 2158 3193 2214 τὰ
3265 2160 3399 2212 Ῥω-

1908 2341 2162 2395 Historia:
2209 2342 2373 2393 totius
2434 2340 2645 2393 initium
2698 2338 2913 2393 ducitur
2950 2337 3016 2391 ub
3060 2337 3251 2401 Ainea,
3292 2337 3399 2390 lilio

1831 2436 2104 2497 Anchisae,
2136 2435 2225 2485 ﬁlii
2262 2433 2481 2502 Capyis,
2520 2434 2611 2500 qui
2665 2432 2897 2500 Trojano
2948 2430 3085 2483 bello
3136 2428 3398 2491 interfuit,

1834 2528 2035 2595 Ilioque
2065 2540 2225 2596 capto
2256 2539 2415 2593 atque
2460 2540 2653 2579 everso
2690 2524 2838 2593 fugit,
2878 2534 2932 2576 et
2968 2525 3128 2575 variis
3161 2522 3402 2591 jactatus

1832 2621 2139 2682 erroribus,
2175 2624 2239 2672 ad
2277 2618 2443 2671 Italia:
2490 2620 2759 2686 quoddam
2812 2617 2957 2668 littus
3011 2630 3070 2667 se
3118 2614 3399 2683 applicuit,

1838 2712 1983 2778 quod
2017 2710 2347 2763 Laurentum
2376 2711 2613 2771 dictum;
2642 2710 2730 2760 ubi
2760 2717 2812 2760 et
2842 2715 3020 2760 castra
3048 2706 3190 2758 illius
3221 2716 3401 2758 osten-

1838 2804 2069 2864 duntur,
2100 2810 2154 2853 et
2180 2816 2241 2855 ex
2272 2806 2383 2868 ipso
2406 2816 2499 2853 ora
2542 2800 2629 2852 illa
2666 2798 2931 2850 maritima
2963 2797 3195 2865 Trojana
3226 2796 3394 2850 nomi-

1832 2906 2013 2949 natur.
2046 2896 2346 2964 Imperabat
2371 2906 2480 2946 tum
2521 2894 2590 2945 ibi
2619 2892 3005 2959 Aboriginibus
3039 2892 3203 2945 Italia:
3237 2907 3402 2958 popu-

1833 2984 1897 3037 lis
1929 2984 2166 3045 Faunus,
2222 2982 2407 3036 Martis
2474 2982 2661 3034 ﬁlius:
2713 2982 2805 3048 qui
2843 2989 2896 3034 et
2946 2979 3129 3034 Esses:
3176 2989 3397 3045 nuptum

1834 3075 1999 3127 liliam
2041 3090 2193 3127 suam
2236 3073 2509 3125 Laviniam
2560 3074 2727 3134 dedit,
2775 3074 3274 3139 quadringetttaque
3321 3068 3398 3137 (5)

1834 3162 2037 3217 circum
2062 3165 2207 3217 circa
2252 3176 2408 3217 terrae
2436 3166 2605 3216 stadia
2648 3163 2915 3226 attribuit,
2947 3164 3032 3213 ubi
3078 3160 3278 3216 IEneas
3302 3176 3400 3225 0p-

1840 3257 2019 3326 pidum
2044 3256 2349 3319 aediﬁcavit,
2368 3254 2509 3322 quod
2534 3254 2601 3307 ab
2618 3255 2799 3307 uxoris
2823 3253 3057 3306 Lavinia
3080 3250 3403 3305 nomineLa-

1834 3349 2034 3400 vittium
2114 3347 2342 3398 vocavit.
2405 3343 2589 3397 Tertio
2646 3344 2841 3396 abhinc
2913 3358 3076 3406 anno,
3134 3344 3401 3396 exstincto

1829 3439 2036 3503 Fauno,
2066 3438 2355 3507 imperium
2380 3447 2571 3489 nactus
2590 3434 2793 3489 (Encas
2818 3445 2924 3495 est,
2958 3436 3079 3502 jure
3098 3432 3399 3497 aiIinitatis;

1830 3542 1883 3585 et
1919 3530 2254 3598 Ahorigenes
2292 3528 2359 3581 ob
2412 3527 2723 3581 allinitatem
2761 3526 2936 3579 Latini
2976 3524 3142 3577 Fauni
3181 3524 3403 3577 Latinos

1834 3622 2155 3675 nominavit.
2184 3618 2366 3672 Tertio
2416 3619 2609 3672 iterum
2668 3634 2808 3671 anno
2856 3633 2883 3669 a
2944 3617 3153 3670 Rutulis
3186 3616 3394 3684 populis

1832 3713 2149 3785 Tyrrhenia:
2195 3722 2411 3780 propter
2458 3708 2756 3771 Laviniam,
2807 3710 3017 3763 illorum
3066 3709 3192 3776 Regi
3240 3715 3398 3760 antea

1832 3808 2194 3873 desponsam,
2248 3804 2385 3856 bello
2435 3802 2643 3855 tollitur
2686 3801 2929 3867 Eliens;
2999 3801 3393 3868 imperiumque

1833 3898 2099 3967 Euryleon
2174 3898 2433 3965 suscepit.
2478 3896 2743 3949 Ascanius
2795 3896 3229 3963 cognominatus.
3299 3890 3396 3945 Hic

1832 3990 2018 4043 IEueze
2048 4004 2114 4043 ex
2142 3989 2350 4043 Creusa
2387 3989 2587 4041 Priami
2616 3988 2745 4050 tilia,
2778 4002 2937 4054 quam
2970 3987 3019 4038 in
3048 3987 3141 4038 Ilio
3165 3999 3389 4037 uxorem

1834 4082 2116 4147 habuerat,
2148 4083 2287 4135 [ilius
2316 4081 2434 4146 fuit,
2469 4082 2568 4134 etsi
2635 4081 2723 4133 alii
2753 4094 2817 4133 ex
2842 4079 3064 4132 Lavinia
3102 4090 3283 4131 natum
3320 4077 3393 4129 illi

1833 4174 2128 4227 Ascanium
2166 4174 2362 4233 ierunt,
2402 4174 2551 4241 regni
2586 4187 2974 4226 successorem.
3026 4170 3237 4224 Mortuo
3272 4168 3393 4222 dein

1832 4266 2092 4329 Ascanio,
2128 4276 2329 4333 quarto
2357 4275 2479 4333 post
2501 4280 2643 4317 anno
2670 4280 2828 4334 quam
2852 4264 3037 4317 Albam
3068 4263 3399 4319 condiderat,

1839 4358 2060 4429 (etenim
2084 4369 2138 4410 et
2170 4359 2257 4411 hic
2288 4358 2538 4425 oppidum
2568 4357 2829 4420 condidit,
2855 4356 2993 4419 quod
3017 4355 3201 4405 Albam
3225 4352 3403 4404 nomi-

1836 4450 2007 4514 navit,
2048 4460 2209 4517 atque
2249 4464 2311 4501 eo
2337 4464 2399 4500 ex
2434 4447 2659 4501 Lavinio
2700 4446 2967 4501 coloniam
3008 4445 3249 4509 deduxit)
3277 4441 3399 4512 Syl—

1833 4543 1952 4595 vius
1991 4542 2138 4611 regni
2182 4541 2420 4597 habenas
2480 4543 2691 4608 accepit
2741 4556 2753 4590 :
2807 4538 2963 4603 hujus
3020 4536 3184 4605 Sylvii
3237 4534 3400 4587 ﬁlium

159 4634 509 4706 μετῴκισεν)
568 4631 845 4700 ἐκδέχεται
877 4629 973 4695 τὴν
1024 4625 1196 4695 ἀρχὴν
1243 4622 1478 4684 Σιλούιος
1501 4623 1563 4675 ¹¹.
1624 4622 1733 4673 Καὶ
1766 4644 1807 4697 D

1766 4644 1807 4697 Ι)
1838 4631 2065 4686 Ᾱέιιεοιη
2100 4632 2342 4701 Sylvium
2381 4631 2604 4695 faciunt,
2647 4628 2832 4683 xEnete
2885 4629 3005 4680 dein
3042 4627 3208 4679 lilium
3259 4624 3402 4677 Lati-

156 4730 401 4780 Σιλσυίου
454 4725 627 4776 παῖδα
664 4723 880 4775 Αἰνείαν
924 4718 1159 4771 Σιλούιόν
1190 4734 1351 4784 φασιν
1376 4756 1390 4778 ,
1422 4714 1635 4766 Αἰνείου
1676 4713 1733 4764 δὲ

158 4822 385 4871 Λατῖνον
422 4814 697 4877 Σιλούιον,
722 4812 814 4865 τοῦ
833 4812 887 4863 δὲ
920 4810 1135 4868 Κάπυν,
1161 4808 1381 4867 Κάπυος
1403 4806 1457 4857 δὲ
1478 4806 1730 4857 Κάπετον

158 4911 413 4976 γενέσθαι
431 4951 445 4974 ,
484 4907 737 4958 Καπὲτου
759 4905 815 4956 δὲ
840 4902 1137 4970 Τιϐερῖνον,
1163 4898 1255 4951 τοῦ
1270 4898 1325 4949 δὲ
1349 4896 1728 4965 Ἀγρίππαν¹³,

155 4998 243 5050 τοῦ
268 5000 328 5050 δὲ
357 4994 665 5065 Ῥωμύλον.
689 4993 799 5045 Καὶ
822 4992 1017 5043 τόνδε¹⁸
1042 4992 1140 5060 μὲν
1174 4988 1435 5058 βληθῆναι
1464 4985 1730 5056 κεραυνῴ⁹

155 5082 211 5139 οὗ
242 5086 508 5154 γενέσθαι
535 5084 697 5135 παῖδα
725 5082 1019 5135 Ἀϐεντῖνον
1041 5122 1055 5144 ,
1094 5078 1395 5132 Ἀῦεντίνου
1424 5078 1479 5129 δὲ
1514 5076 1731 5145 Πρόκαν

154 5180 433 5246 γενέσθαι.
474 5178 583 5229 Καὶ
610 5176 743 5229 πᾶσι
768 5175 822 5226 δὲ
850 5172 939 5225 τὸν
975 5171 1212 5223 Σιλούιον
1253 5168 1537 5238 ἐπώνυμον
1564 5164 1726 5220 εῖναι.

156 5274 240 5344 Τῷ
270 5275 329 5328 δὲ
364 5273 559 5342 Πράκα
586 5269 677 5323 δύο
703 5268 992 5337 ἐγενέσθην
1016 5268 1120 5319 υίοὶ
1141 5266 1204 5330 ¹⁸,
1229 5264 1596 5335 πρεσϐύτερος
1630 5265 1727 5333 μὲν

1836 4740 1961 4777 num
2002 4724 2241 4795 Sylvium
2273 4725 2597 4776 nominant:
2638 4723 2793 4788 cujus
2840 4720 3005 4772 tilium
3053 4718 3258 4785 Capyn,
3302 4717 3401 4769 Ca-

1839 4814 1959 4883 pyis
1991 4829 2118 4868 vero
2152 4814 2409 4882 Capetum
2440 4814 2608 4867 fuisse
2638 4814 2788 4867 aiunt
2818 4852 2833 4876 ,
2874 4820 2927 4864 et
2965 4810 3150 4877 Capeti
3192 4808 3404 4861 Tiberi-

1838 4920 1990 4967 num,
2036 4906 2196 4973 hujus
2254 4920 2465 4958 rursum
2520 4906 2838 4973 Agrippam,
2902 4901 3056 4970 cujns
3111 4898 3402 4952 Romulum

1839 4996 2008 5049 tilium
2052 4995 2253 5059 ferunt,
2289 4996 2507 5048 fulmine
2542 4996 2833 5057 sublatum,
2871 4994 3059 5046 relicto
3097 4990 3203 5044 ﬁlio
3224 4992 3404 5042 Aven-

1838 5088 1974 5149 tino,
2012 5104 2074 5140 ex
2105 5102 2211 5156 quo
2243 5088 2460 5140 Procas.
2499 5086 2657 5139 Hisce
2702 5086 2949 5137 omnibus
2998 5083 3162 5151 Sylvii
3196 5097 3402 5134 memo-

1845 5190 1968 5231 rant
1986 5180 2227 5231 additum
2250 5188 2685 5248 cognomentum.
2706 5175 2885 5227 Procae
2909 5176 3013 5227 duo
3040 5181 3197 5224 erant
3216 5171 3405 5232 liberi;

1835 5278 1961 5321 natu
2018 5270 2188 5339 major
2228 5268 2483 5323 Netnetor
2524 5268 2625 5339 (6),
2677 5267 2851 5320 minor
2906 5263 3154 5318 Amulius
3205 5263 3401 5315 dietus.

1457 5375 1687 5430 VARle
1730 5374 2129 5434 LECTIONES.

223 5477 474 5563 ξέπειτα
510 5472 665 5563 δὲκτὰ
713 5490 773 5535 ς.

158 5563 314 5601 οπιιει
358 5564 443 5599 τε.

878 5472 898 5502 ³
929 5470 1245 5523 Ἀντωνῖνον
1285 5468 1381 5519 xai.
1419 5468 1500 5519 ὅτι
1533 5468 1673 5519 κατὰ
1704 5466 1933 5535 Ἀϐριον
1958 5472 2106 5523 καίσ.
2152 5489 2210 5533 ς.
2290 5470 2309 5501 ⁸
2366 5471 2663 5523 συνέπεσον
2692 5487 2749 5532 ς.

526 5545 547 5575 ⁸
575 5543 751 5609 λόγων
787 5541 900 5593 δντι
927 5559 987 5603 ς.
1053 5541 1072 5571 ⁸
1108 5540 1411 5607 Ῥωμαίους
1431 5556 1488 5600 ς.
1548 5539 1565 5567 ⁷
1604 5538 1818 5606 ἤκμαζε
1848 5538 1911 5593 Α.
1972 5541 1991 5571 ⁸
2027 5543 2280 5593 κατέπλει
2304 5544 2365 5594 Α.
2408 5544 2426 5573 ⁹
2457 5542 2639 5593 δίδωσι
2666 5538 3078 5607 γῆν-σταδίων
3131 5535 3309 5609 τριῷν.
3341 5552 3399 5595 ς.

160 5619 201 5649 ³⁸
235 5620 398 5672 πόλιν
427 5632 484 5667 τε
527 5608 707 5665 ἔκτισε
742 5642 812 5652 -
841 5611 1095 5677 γυναικὸς
1120 5610 1392 5670 λαουῑνίας
1424 5608 1691 5661 λαουῖνιον
1728 5625 1788 5670 ς.

162 5706 220 5752 ς’.
303 5691 347 5719 ⁸³
414 5686 665 5762 ἀγρόπαν
693 5687 761 5736 Α.
846 5682 888 5711 ’⁸
914 5681 1063 5772 ⁸ιὶόνδε
1108 5684 1146 5733 Α
1188 5698 1201 5732 :
1234 5680 1327 5732 τὸν
1361 5697 1419 5743 ς.
1497 5679 1539 5709 ⁸⁸
1574 5677 1674 5730 υἱώ
1709 5695 1769 5739 ς.

2832 5470 2853 5498 ⁸
2876 5477 3000 5520 ante
3032 5482 3172 5534 φημι
3200 5480 3319 5517 cum
3362 5466 3397 5516 Λ

1894 5612 1932 5640 ³⁸
1963 5611 2163 5663 οἴκισιν
2194 5612 2526 5665 liteschelius
2557 5630 2569 5665 :
2598 5605 2983 5679 ιώτὶοῐκησιν,
3082 5609 3121 5638 ⁸³
3152 5605 3399 5667 συλούῖος

1638 5766 1869 5822 NOTAE.

226 5874 305 5941 (5)
336 5872 483 5941 Lego
510 5868 904 5940 τετρακοσίων.

1924 5858 1994 5930 (6)
2031 5857 2195 5927 Vulgo
2227 5858 2490 5909 Numitor.
