4210 6442
792 408 891 473 103
1905 410 2169 471 PHOTII
2205 411 2454 471 PATRII

2359 412 2709 474 RIARCH/B
2745 411 2853 472 CP.
3919 406 4021 473 104

788 524 924 578 Cum
978 523 1149 591 major
1182 535 1310 580 natu
1352 524 1521 595 patris
1556 534 1733 581 morte
1775 539 2001 595 regnum
2042 527 2357 582 hmreditate
2386 554 2429 606 Α

2386 554 2429 606 Α
2458 529 2724 599 Νεμέτωρ
2747 569 2762 593 ,
2792 528 3051 597 νεώτερος
3075 525 3132 579 δέ
3175 523 3473 595 Ἀμούλιος.
3519 521 3788 584 Δαϐόντος
3826 522 3883 575 δὲ
3922 520 4022 575 τοῦ

790 616 1141 682 suscepisset,
1176 616 1362 685 junior
1385 615 1435 670 vi
1484 625 1540 670 et
1565 632 1659 686 per
1691 615 1844 670 nefas
1881 615 1953 670 illi
1999 616 2220 680 ademit,
2251 615 2355 671 fra-

2452 622 2824 694 πρεσϐυτέρου
2838 622 2990 690 παρὰ
3005 619 3100 673 τοῦ
3118 618 3323 690 πατρὸς
3334 615 3694 679 τελευτῶντος
3705 616 3805 686 τὴν
3821 615 4020 686 ἀρχὴν,

792 706 999 773 trisque
1026 705 1192 759 ﬁlium
1219 707 1476 776 Egestum
1514 707 1753 770 sustulit,
1793 706 1957 760 ﬁliam
1985 721 2114 762 vero
2144 706 2352 760 Rheam
2452 740 2454 754 .

2452 714 2481 766 ό
2514 713 2773 781 νεώτερος
2801 711 2957 783 ὕϐρει
2984 711 3079 764 καὶ
3111 709 3202 780 βίᾳ
3227 707 3493 777 κατέσχεν
3523 705 3879 776 ἀφελόμενος.
3908 704 4025 758 Καὶ

791 792 1028 863 Sylviam
1058 797 1414 862 sacerdotem,
1453 811 1521 851 ne
1559 812 1662 865 qua
1703 797 1994 851 liberorum
2038 813 2158 865 spes
2185 806 2353 862 esset,

2455 804 2544 856 τὸν
2577 805 2675 873 μέν
2695 802 2713 874 Ῐ
2731 802 2804 856 24
2823 802 2888 856 H.
2910 802 2929 874 ]
2955 802 3119 855 παῖδα
3141 800 3236 854 τοῦ
3259 798 3487 867 ἀδελφοῦ
3511 799 3771 865 Ἐγεστον
3795 797 4023 855 κτείνει,

790 883 941 937 fecit.
972 885 1035 939 Et
1063 884 1403 940 Nemetorem
1450 889 1692 955 quidem,
1733 887 1871 955 17a
1901 886 2022 940 licet
2048 886 2218 940 frater
2234 888 2356 940 vitae

2455 895 2553 965 τὴν
2588 895 2859 965 θυγατέρα
2886 894 2943 946 δὲ
2970 894 3126 947 Ῥέαν
3151 892 3400 946 Σιλουίαν
3418 892 3462 923 ⁸⁸
3484 891 3717 961 ἱέρειαν,
3744 888 3830 941 ἶνα
3856 889 4027 949 ἄπαις

790 974 1162 1040 insidiaretur,
1199 992 1404 1030 morum
1466 979 1715 1045 comitas,
1767 978 2041 1047 multaque
2093 978 2354 1032 modestia

2455 983 2742 1053 διαμείνῃ,
2792 982 3143 1051 καθίστησι¹⁷
3169 997 3185 1012 ο
3221 981 3313 1033 τὸν
3355 980 3536 1051 μέντοι
3592 977 3881 1047 Νεμέτορα
3923 976 4027 1044 τῆς

792 1066 1034 1133 periculo
1065 1068 1300 1121 exemit:
1341 1079 1397 1123 at
1424 1067 1653 1135 Rheam,
1678 1073 1819 1139 quod
1843 1078 2027 1123 contra
2070 1070 2356 1127 sacerdotii

2457 1075 2535 1137 είς
2557 1074 2618 1127 τὸ
2647 1074 2806 1145 σῶμα
2848 1074 3138 1143 ἐπιϐουλῆς
3156 1074 3200 1105 ¹⁸
3215 1075 3249 1142 ἠ
3270 1071 3377 1125 τῶν
3402 1072 3549 1141 ἠθῶν
3572 1070 3827 1135 ἐξεῖλκεη
3849 1067 4024 1138 πραό-

790 1158 964 1227 legem
1039 1160 1363 1227 peperisset,
1422 1162 1687 1227 Amulius,
1741 1171 1798 1216 ut
1840 1163 2070 1231 puniret,
2118 1178 2361 1228 compre-
2458 1184 2555 1238 της
2584 1169 2679 1219 καὶ
2705 1168 2739 1237 ἠ
2772 1167 2939 1238 πολλὴ
2964 1168 3251 1220 ἐπιείκεια.
3268 1165 3411 1218 Ἀλλ’
3438 1166 3471 1236 ὴ
3498 1165 3712 1218 Σιλουία
3731 1164 3856 1217 ἐκυε
3875 1162 4031 1233 παρὰ

792 1248 1019 1313 ltendit,
1054 1253 1192 1304 duos
1242 1266 1369 1304 vero
1422 1251 1559 1307 ﬁlios
1607 1268 1675 1307 ex
1715 1268 1775 1307 ea
1818 1266 1973 1308 natos
2014 1255 2065 1308 in
2121 1240 2357 1309 vicinum

2458 1237 2550 1311 τόν
2587 1259 2750 1328 νόμον
2763 1237 2789 1321 ’,
2818 1237 3037 1329 καὶίτὴν
3076 1259 3174 1328 μὲν
3206 1257 3490 1328 Ἀμούλιος
3526 1257 3619 1310 ἐπὶ
3652 1255 3871 1309 κολάσει
3904 1272 4032 1306 συν-

790 1334 1032 1404 ﬂuvium,
1078 1341 1162 1394 cui
1199 1338 1413 1394 Tiberis
1451 1358 1645 1397 nomen
1679 1355 1785 1410 est,
1815 1344 2229 1414 pracipitandos
2264 1360 2361 1413 pa-

2461 1347 2732 1419 ελάμϐανε
2754 1390 2769 1415 ,
2797 1348 2892 1402 δύο
2925 1349 2981 1402 δέ
3028 1349 3227 1412 παῖδας
3260 1349 3325 1402 ἐκ
3358 1349 3519 1418 τῆσδε
3555 1348 3882 1418 γενομένους
3912 1364 4034 1400 ποι-

792 1431 1037 1485 storibus
1070 1434 1309 1488 tradidit.
1354 1433 1670 1489 Liberorum
1691 1451 1884 1490 nomen
1919 1434 2140 1497 Romus,
2168 1444 2222 1490 et
2256 1435 2364 1489 Ro-

2465 1440 2621 1509 μέσιν
2659 1440 2860 1494 ἔδωκεν
2879 1480 2893 1504 ,
2919 1442 2997 1503 είς
3028 1440 3118 1493 τὸν
3142 1440 3370 1509 πλησίον
3414 1440 3656 1510 ποταμὸν
3679 1440 3940 1510 ἐμϐαλεῖν
3964 1440 4035 1491 τὰ

791 1519 968 1575 mulus
993 1522 1092 1591 (7),
1128 1525 1196 1577 ab
1235 1525 1403 1580 Ainea
1455 1541 1551 1594 per
1584 1537 1813 1581 matrem
1854 1542 2024 1597 genus
2062 1528 2358 1583 trahentes.

2465 1531 2639 1602 βρέφη
2664 1550 2676 1563 ·
2701 1532 2902 1601 Θύϐρις
2927 1527 2994 1603 ἦν
3019 1532 3190 1601 ὄνομα
3212 1532 3291 1603 τῷ
3315 1531 3544 1603 ποταμῷ
3564 1573 3577 1597 ,
3617 1532 3826 1601 Ῥῶμος
3848 1531 3907 1584 δέ
3937 1532 4036 1583 καὶ

791 1608 1067 1667 Incertum
1113 1616 1258 1669 enim
1308 1629 1591 1685 parentem
1636 1619 1911 1683 detestati,
1955 1617 2143 1673 Eneti:
2193 1620 2364 1689 magis

2474 1619 2749 1689 Ῥωμύλος
2775 1622 2824 1673 oi
2853 1621 3072 1686 παῖδες,
3109 1622 3170 1686 ἐξ
3199 1624 3412 1677 Αἰνείου
3445 1622 3702 1686 ἐλκοντες
3760 1621 4036 1692 μητρόθεν

790 1706 1013 1759 nomine
1035 1707 1429 1775 gloriabantur.

2464 1713 2526 1766 τὸ
2554 1713 2711 1780 γένος
2737 1729 2753 1745 ο
2784 1713 2845 1765 τὸ
2876 1713 2986 1785 γὰρ
3017 1714 3111 1768 τοῦ
3143 1715 3338 1784 φύντος
3358 1715 3404 1745 ³⁸
3434 1714 3713 1784 άδηλον¹¹.

867 1795 1200 1866 Auspicatur
1220 1815 1370 1868 ergo,
1401 1802 1478 1853 uti
1502 1801 1757 1868 diximus,
1777 1802 2056 1856 historiam
2086 1802 2154 1856 ab
2168 1799 2363 1864 Enea,

2539 1804 2797 1872 Ἀρχεται
2836 1802 2935 1872 μὲν
2970 1798 3085 1866 οῦν,
3117 1802 3192 1865 ὡς
3232 1802 3472 1873 εἴρηται,
3511 1804 3544 1872 ἡ
3575 1802 3782 1871 ἱστορία
3820 1801 3879 1852 ἐν
3919 1804 4042 1853 ἐπι-

791 1887 973 1940 obiter
1006 1890 1071 1942 ad
1104 1890 1200 1943 hos
1235 1904 1406 1957 usque
1437 1906 1780 1959 progressus,
1804 1895 1896 1947 sed
1916 1908 1944 1945 a
1970 1891 2196 1947 Romulo
2216 1893 2363 1965 urbis
2394 1887 2435 1941 Β

2394 1887 2435 1941 Β
2464 1892 2637 1965 δρομῇ
2662 1893 2772 1947 άπὸ
2800 1894 3011 1947 Αἰνείου
3044 1894 3172 1965 ἄχρι
3193 1894 3302 1947 τῶν
3325 1892 3553 1945 παίδωνο
3584 1893 3694 1945 άπὸ
3723 1892 3780 1945 δέ
3817 1891 4042 1961 Ῥωμύ-

793 1979 1078 2033 conditore
1125 1993 1377 2037 accurate
1413 1984 1621 2052 singula
1658 1995 1994 2053 persecutus,
2024 1984 2267 2054 perducit
2296 1964 2363 2036 ad

2465 1984 2557 2037 λου
2600 1984 2695 2038 τοῦ
2750 1984 2990 2038 οἰκιστοῦ
3024 1984 3379 2056 λεπτομερεῖς
3425 1983 3643 2038 ἅπαντα
3685 1982 3957 2048 διεξιοῦσα
3986 1982 4034 2013 ⁸⁸

794 2075 1121 2142 Augustum,
1156 2076 1283 2140 imo,
1322 2078 1553 2144 sparsim
1582 2078 1796 2145 saltem,
1825 2089 1879 2132 et
1920 2079 1971 2133 in
2021 2088 2364 2144 transcursu,

2466 2077 2678 2130 κάτεισι
2711 2076 2875 2146 μέχρι
2905 2075 2999 2129 τοῦ
3044 2074 3319 2130 Σεϐαστοῦ
3358 2116 3375 2141 ,
3430 2074 3706 2147 σποράδην
3738 2073 3793 2127 δέ
3856 2074 3955 2127 καὶ
3984 2073 4046 2137 ἐξ

795 2180 967 2235 usque
997 2168 1062 2219 ad
1088 2165 1408 2236 Traianum.

2467 2166 2765 2236 ἐπιδρομῆς
2796 2166 2891 2218 καὶ
2916 2166 3019 2229 ῑως
3041 2164 3334 2239 Τραϊανοῦ.

867 2258 1144 2325 Appianus
1169 2260 1254 2313 hic
1275 2275 1474 2329 genere
1500 2260 1900 2315 Alexandrinus
1929 2260 2048 2324 fuit,
2076 2260 2369 2331 Romaeque

2542 2253 2711 2322 Οὗτος
2740 2259 2795 2313 δέ
2828 2260 2856 2312 ὁ
2899 2259 3193 2323 Ἀππιανδς
3233 2259 3298 2312 τὸ
3340 2259 3439 2330 μὶν
3469 2260 3625 2327 γένος
3662 2253 3731 2331 ἦν
3790 2256 4049 2323 Ἀλεξαν-

796 2349 951 2402 initio
976 2364 1169 2403 causas
1189 2351 1297 2420 egit
1332 2366 1344 2402 :
1381 2366 1501 2404 mox
1537 2351 1731 2419 dignus
1769 2353 1983 2405 habitus
2013 2353 2104 2421 qui
2142 2351 2371 2420 impera-

2468 2348 2648 2418 δρεὺς,
2696 2349 2755 2403 ἐν
2799 2347 2988 2421 Ῥώμῃ
3021 2349 3078 2402 δέ
3127 2349 3196 2403 τά
3245 2348 3439 2419 πρῶτα
3490 2348 3667 2411 δίκαις
3730 2348 4047 2417 συνηγόρει,

804 2443 982 2489 torum
1018 2438 1237 2490 nomine
1272 2437 1606 2506 provinciam
1632 2439 2057 2493 administraret.
2095 2438 2276 2508 Stylus
2297 2436 2371 2490 illi

2473 2442 2659 2495 ἔπειτα
2692 2442 2749 2495 δέ
2777 2444 2870 2495 καὶ
2904 2441 3167 2513 βασιλέων
3204 2440 3585 2511 ἐπιτροπεύειν
3618 2439 3844 2510 ἠξιώθη.
3885 2440 4048 2491 Ἐστι

800 2528 999 2590 tenuis,
1029 2543 1089 2581 ac
1114 2529 1341 2584 minime
1378 2529 1724 2585 redundans:
1759 2532 1853 2585 sed
1881 2532 2155 2584 historiam
2198 2528 2372 2598 quoad

2471 2532 2528 2585 δέ
2556 2531 2654 2601 τὴν
2691 2532 2892 2602 φράσιν
2920 2532 3212 2602 άπέριττος
3248 2533 3342 2584 καὶ
3374 2532 3539 2601 ίχνδς,
3572 2533 3671 2603 τὴν
3698 2532 3753 2583 δέ
3779 2533 4046 2599 ἱστορίαν,

799 2621 915 2690 ejus
943 2620 1057 2673 fieri
1094 2630 1290 2690 potest,
1317 2636 1501 2674 veram
1527 2623 1753 2683 texit,et
1783 2620 2033 2674 militaris
2056 2620 2371 2687 disciplinae,

2474 2623 2549 2687 ὡς
2580 2619 2691 2676 οἷόν
2720 2624 2767 2676 τ’
2794 2624 2934 2689 ἐστὶ,
2959 2624 3280 2695 φιλαλήθης,
3314 2625 3407 2677 καὶ
3433 2621 3815 2693 στρατηγικῶν
3833 2622 3923 2675 διὰ
3946 2621 4047 2689 τῆς

804 2717 848 2768 si
874 2715 997 2783 quis
1028 2715 1186 2777 alius,
1230 2725 1519 2767 enarrator
1564 2724 1667 2768 est.
1697 2714 1952 2768 Oratione
1996 2711 2233 2781 dejectos
2277 2711 2377 2763 mi—

2477 2716 2720 2787 ἱστορίας
2755 2714 3031 2785 μεθόδων,
3071 2716 3120 2767 εἰ
3159 2715 3251 2767 καί
3289 2715 3335 2745 ’³
3376 2731 3459 2777 τις
3497 2714 3686 2777 ἄλλος,
3740 2714 4047 2783 ὑποφήτης,

800 2807 950 2859 litum
989 2809 1197 2859 animos
1219 2808 1452 2875 erigere,
1489 2816 1543 2858 et
1584 2805 1923 2860 ardetttiores
1949 2805 2216 2873 mitigare,
2253 2801 2378 2855 affe—

2477 2808 2679 2877 ἐπᾶραί
2699 2824 2759 2858 τε
2803 2806 2981 2875 λόγοις
3010 2807 3476 2874 τεταπεινωμένον
3511 2808 3766 2876 φρόνημα
3814 2804 4050 2875 στρατοῦ

803 2910 1031 2967 ctusque
1066 2898 1389 2964 exprimere,
1430 2912 1494 2951 ac
1521 2897 1566 2951 si
1599 2898 1725 2966 quid
1746 2897 1888 2950 aliud
1925 2895 2120 2948 imitari
2148 2894 2375 2947 dicendo

2480 2903 2572 2952 καὶ
2605 2899 2931 2969 διαπραῦναι
2964 2899 3296 2969 φλεγμαῖνον
3336 2900 3433 2952 καὶ
3461 2898 3632 2960 πάθος
3680 2897 3920 2957 δηλῶσαι
3954 2895 4051 2947 καὶ

803 2989 951 3053 licet,
972 2990 1176 3058 optime
1198 2989 1369 3043 novit.
1392 2986 1598 3042 Floruit
1615 3000 1794 3042 autem
1824 2986 2045 3057 Traiani
2075 2996 2130 3039 et
2151 2985 2375 3039 Adriani

2482 2992 2599 3042 εἴτι
2637 2992 2764 3042 ἄλλο
2791 2991 2968 3057 λόγοις
2999 2990 3412 3061 ἐκμιμήσασθαι
3439 2990 3679 3061 ἄριστος.
3707 2989 3963 3058 Ἦκμασε
3994 2987 4053 3039 δέ

804 3083 1160 3151 temporibus.

2482 3083 2540 3132 ἐν
2561 3084 2671 3142 τοϊς
2696 3080 2910 3151 χρόνοις
2940 3081 3208 3150 Τραϊανοῦ
3235 3081 3331 3134 καὶ
3370 3080 3668 3151 Ἀδριανοῦ.

1496 3171 1678 3226 LVIII.
3210 3171 3344 3227 NH'.

1022 3266 1233 3318 Arriani
1272 3265 1549 3329 Parthica,
1588 3264 1893 3334 Bithynica,
1927 3273 1971 3315 et
1999 3262 2128 3314 alia.
2407 3230 2451 3287 ο

1927 3273 1971 3315 et
1999 3262 2128 3314 alia.
2407 3230 2451 3287 Ο
2955 3265 3263 3333 Ἀρῤιανοῦ
3310 3263 3588 3333 Παρθικὰ.

880 3356 1029 3410 Lecti
1065 3358 1429 3411 suntArriani
1464 3356 1540 3428 (8)
1577 3356 1945 3408 Parthicarum
1979 3355 2095 3406 lihri
2139 3361 2380 3420 septem-

2563 3356 2903 3427 Ἀνεγνὼσθη
2948 3356 3232 3429 Ἀρριανοῦ
3275 3358 3540 3425 Παρθικὰ
3569 3358 3626 3408 ἐν
3684 3354 3908 3425 βιϐλίοις
3967 3354 4054 3419 ιζ’.

812 3448 1012 3502 decim.
1077 3448 1172 3501 Hic
1233 3450 1363 3502 item
1418 3448 1657 3501 omnium
1697 3448 1898 3516 optime
1945 3461 2029 3498 res
2083 3456 2259 3512 gestas
2306 3442 2382 3510 (9i

2487 3441 2640 3509 ὦτος
2676 3449 2731 3499 δὲ
2782 3449 3067 3501 συντάττει
3134 3448 3354 3501 πάντων
3409 3447 3631 3518 ἄμεινον
3662 3449 3754 3499 καὶ
3813 3448 3880 3500 τά
3916 3450 4060 3500 κατὰ

815 3539 1108 3592 Alexandri
1147 3540 1290 3609 regis
1326 3538 1684 3592 Macedonum
1715 3540 2057 3605 conscripsit.
2084 3536 2383 3588 Aliuditent

2499 3538 2846 3609 Ἀλέξανδρον
2878 3539 2968 3591 τὸν
2991 3538 3271 3591 Μακεδόνα
3293 3580 3307 3602 ,
3342 3538 3421 3591 ἔτι
3458 3538 3515 3591 δέ
3545 3539 3639 3590 καὶ
3667 3538 3834 3606 ἄλλην
3875 3555 4058 3606 πραγ-

810 3646 947 3699 0pus
984 3632 1034 3684 in
1064 3634 1291 3700 gratiam
1344 3630 1609 3701 Bithyniae
1650 3633 1839 3699 patriae
1872 3631 2020 3698 (hinc
2048 3628 2190 3681 enim
2229 3636 2387 3679 natus

2494 3630 2743 3699 ματείαν,
2776 3631 2844 3682 τὰ
2882 3631 3087 3701 πάτρια
3120 3630 3217 3697 τῆς
3258 3628 3532 3694 Βιθυνίας,
3565 3628 3624 3693 ἐξ
3652 3624 3719 3700 ἦς
3760 3630 3854 3681 καὶ
3898 3630 4063 3689 αὐτὸς

810 3727 919 3789 est)
952 3724 1278 3793 composuit,
1307 3724 1708 3793 Bithym‘rorum
1750 3726 1923 3778 titulo.
1968 3723 2385 3778 Edideratetab

2490 3724 2614 3791 ἔφυ,
2652 3724 2961 3792 ἐπιγράψας
2996 3724 3056 3774 τὸ
3086 3722 3286 3791 βιϐλίον
3321 3721 3663 3775 Βιθυνιακά·
3686 3722 4064 3791 συγγράφετλι

813 3816 1000 3869 Alanis
1018 3828 1167 3883 gesta
1194 3834 1208 3883 ;
1238 3832 1396 3886 quem
1435 3818 1629 3869 librum
1674 3817 1953 3870 Alam'cam
2002 3817 2298 3884 inscripsit.
2332 3812 2388 3867 In

2490 3814 2547 3866 δέ
2586 3814 2681 3867 κοιλ⁸
2706 3814 2773 3865 τά
2805 3814 2947 3865 κατὰ
2990 3813 3263 3875 Ἀλανοὺς,
3291 3813 3357 3881 ἢν
3398 3810 4063 3881 ἐπέγραψενᾺλαι-ικήν.

815 3907 992 3976 primo
1024 3908 1116 3961 illo
1140 3923 1301 3977 opere
1340 3909 1477 3962 bella
1513 3924 1540 3961 a
1587 3908 1805 3962 Partitis
1844 3919 1898 3962 et
1942 3900 2197 3962 Romanis
2243 3918 2389 3976 gesta

2493 3903 2777 3972 Διέρχεται
2812 3904 2866 3956 δέ
2897 3906 2953 3956 ἐν
2982 3903 3155 3975 ταύτῃ
3177 3905 3221 3933 ⁸⁸
3256 3906 3321 3973 τῇ
3354 3905 3705 3974 πραγματείᾳ
3744 3903 3869 3965 τοὺς
3899 3904 4064 3955 πολέα

817 3999 1006 4062 refert,
1043 4003 1205 4053 ductu
1251 4010 1412 4068 atque
1459 4002 1714 4070 auspiciis
1746 4000 1965 4071 Trajani
2019 4001 2383 4068 imperatoris.

2498 4014 2652 4065 μους,
2688 3997 2782 4057 οὓς
2840 3996 3185 4065 ἐπολέμησαν
3221 3996 3483 4065 Ῥωμαῖοι
3528 3996 3623 4049 καὶ
3674 3996 3880 4065 Πάρθοι
3928 3996 4066 4047 Ῥω-

817 4091 943 4145 Vult
973 4093 1203 4147 Parthos
1245 4108 1272 4147 a
1318 4092 1538 4164 Scythis
1577 4096 1844 4163 originem
1876 4096 2107 4147 ducere:
2142 4092 2393 4146 Macedo-

2499 4089 2673 4159 μαίων
2718 4088 3123 4159 αὐτοκράτορος
3165 4089 3317 4151 ὄντος
3361 4087 3657 4158 Τραϊανοῦ.
3706 4089 3842 4157 Φησὶ
3878 4088 3939 4141 δὲ
4006 4087 4068 4137 τὸ

818 4202 946 4239 num
970 4197 1149 4239 autem
1185 4188 1474 4255 imperium
1510 4188 1838 4251 excussisse,
1883 4202 2005 4241 cum
2040 4186 2245 4255 pridem
2275 4200 2395 4239 ser-

2500 4180 2732 4249 Πάρθων
2782 4180 2935 4247 γένος
2990 4178 3296 4242 Σκυθικὸν,
3351 4177 3657 4246 ἀποστῆναι
3713 4176 3768 4228 δέ
3800 4177 3901 4245 τῆς
3958 4176 4071 4229 τῶν

821 4278 1048 4332 vitutem
1090 4279 1444 4343 serviissent,
1475 4276 1657 4332 Persis
1700 4293 1803 4331 uua
1844 4277 2259 4343 rebellantibus,
2298 4278 2399 4330 hac

2496 4269 2824 4323 Μακεδόνων
2880 4270 3268 4339 ἐπικρατείας,
3308 4267 3423 4336 άμα
3480 4266 3707 4337 Περσῶν
3758 4283 4073 4336 καταστρα-

829 4369 1167 4437 potissimum
1202 4371 1269 4424 de
1322 4384 1505 4424 causa.
1531 4372 1764 4424 Arsaces
1808 4380 1862 4425 et
1895 4368 2174 4424 Teridates
2202 4369 2399 4422 fratres

2501 4363 2709 4430 φέντων
2746 4361 2913 4415 πάλαι
2942 4354 3229 4425 δδυλωθέν,
3258 4360 3325 4413 δι’
3350 4360 3530 4414 αἰτίαν
3559 4361 3835 4430 τοιαύτην.
3877 4360 4074 4429 Ἀρσά-

816 4470 973 4512 erant
1012 4460 1307 4523 Arsacidae,
1362 4475 1429 4514 ex
1476 4459 1585 4513 lilio
1629 4461 1845 4514 Arsacae
1882 4460 2159 4528 Phriapita
2208 4459 2395 4528 geniti.

2502 4471 2603 4522 κης
2628 4453 2724 4506 καὶ¹
2771 4453 3081 4522 Τηριδάτης
3113 4453 3283 4522 ἧστην
3325 4450 3539 4518 ἀδελφὼ
3587 4450 3932 4521 Ἀρσακίδαι,
3976 4448 4073 4501 τοῦ

820 4548 886 4603 Hi
913 4548 1228 4603 Pltereclem
1259 4552 1325 4604 ab
1349 4552 1618 4604 Antiocho
1643 4566 1763 4621 rege
1788 4551 1970 4622 (quem
2008 4552 2165 4605 deum
2195 4566 2396 4620 cogno-
2428 4557 2471 4611 D

2428 4557 2471 4611 ι)
2503 4546 2619 4598 υἱοῦ
2720 4546 2987 4616 Ἀρσάκου
3045 4543 3139 4596 τοῦ
3205 4542 3503 4611 Φριαπίτου
3563 4543 3838 4609 ἀπόγονοι.
3914 4534 4076 4594 Οὗτοι

818 4650 1005 4695 attento
1018 4640 1378 4710 appellabant)
1401 4641 1519 4707 ejus
1536 4655 1647 4695 ora:
1676 4641 1969 4711 Satrapam
2008 4641 2305 4694 constitutu
2318 4656 2391 4704 m,

2499 4637 2772 4708 Φερεκλέα
2816 4637 2909 4689 τὸν
2945 4636 3047 4688 ὑπὸ
3105 4637 3151 4669 ⁸⁸
3198 4635 3471 4704 Ἀντιόχου
3501 4632 3596 4685 τοῦ
3638 4632 3902 4702 βασιλέως
3928 4632 4076 4702 (θεὸν

815 4735 965 4802 quod
999 4734 1170 4787 altero
1199 4732 1370 4786 fratru
1384 4749 1442 4807 mi
1467 4734 1617 4787 abuti
1653 4748 1749 4803 per
1778 4733 1886 4785 \‘illl
1913 4731 2056 4785 fwde
2089 4742 2398 4797 conaretur,

2501 4733 2662 4784 αὑτὸν
2698 4730 2927 4799 ἐπίκλην
2952 4727 3280 4799 ὠνόμαζον),
3313 4726 3404 4800 [55
3435 4726 3525 4796 R.]
3558 4727 3673 4779 ἀλλ’
3695 4726 3749 4778 οϊ
3769 4742 3832 4793 γε
3878 4726 4080 4794 Ἀρσα-

816 4826 1204 4878 contumeliam
1250 4839 1356 4879 non
1409 4823 1669 4889 ferentes,
1725 4836 2030 4887 necarunt;
2090 4824 2225 4892 ιῚὸ
2270 4839 2400 4877 cou-

2501 4824 2642 4877 κίδαι
2692 4823 2783 4875 τὸν
2830 4821 2935 4873 ὑπὸ
2985 4822 3255 4890 Ἀντιόχου
3310 4819 3597 4889 σατράπην
3645 4816 3826 4870 αὐτῶν
3873 4816 3920 4848 ’⁸
3973 4817 4078 4881 τῆς

821 4916 958 4970 sciis
976 4917 1140 4970 etiam
1166 4916 1293 4970 aliis
1310 4917 1571 4986 quinque.
1586 4913 1815 4971 Gentem
1844 4919 2023 4986 itaque
2044 4914 2396 4969 Macedonum

2502 4918 2687 4987 χώρας
2716 4914 3064 4968 καταστάντα
3102 4912 3378 4983 Φερεκλέα
3399 4952 3414 4977 ,
3447 4914 3569 4964 ἐπεὶ
3591 4911 3680 4963 τὸν
3720 4910 3907 4981 ἕτερον
3967 4909 4079 4960 τῶν

820 5007 1105 5076 pellentcs,
1138 5008 1423 5077 imperium
1472 5009 1571 5077 ipsi
1621 5003 1993 5076 abripuerunt,
2042 5023 2400 5077 magnamque

2505 5009 2751 5078 ἀδελφῶν
2791 5008 3052 5079 ἐπείρασε
3100 5005 3466 5076 βιασάμενος,
3493 5004 3595 5057 οὐκ
3620 5003 3934 5072 ἐνεγκόντες
3976 4999 4080 5070 τὴν

2140 5122 2367 5179 VARl/E
2403 5122 2693 5178 LECTION
2701 5122 2804 5177 ES.

893 5221 940 5251 "
968 5221 1222 5291 σερουϊαν
1254 5237 1337 5275 στ.
1417 5221 1460 5255 ¹⁷
1490 5218 1779 5289 καθίστησι
1807 5220 1901 5273 καὶ
1924 5220 2019 5291 τὸν
2047 5238 2128 5273 στ.
2189 5219 2442 5291 ᾲξδῄσῶμα
2470 5219 2565 5272 τοῦ
2592 5218 2826 5291 ἀδελφοῦ
2850 5216 3150 5291 ἐπιϐουλῆς
3171 5233 3254 5269 στ.
3297 5286 3307 5291 _
3333 5216 3376 5247 "
3407 5212 3578 5278 ἐξεῖλε
3602 5211 3856 5291 τος..
3908 5211 3954 5241 ³⁸

827 5281 1608 5358 cra-no;'Scltweighmuserus,
1645 5281 1738 5343 seil
1767 5299 1821 5343 et
1849 5290 1988 5343 infra
2017 5306 2067 5357 ρ.
2100 5291 2142 5342 R
2176 5288 2302 5351 680,
2328 5281 2389 5343 51
2452 5291 2577 5353 τοὺς
2611 5281 2816 5357 φύντας
2852 5290 2931 5349 είς
2964 5281 3107 5349 τοὺς
3135 5286 3439 5355 φυομένους
3463 5296 3518 5358 et
3549 5298 3614 5358 _p.
3645 5281 3806 5358 1952,
3832 5281 3863 5333 ι
3909 5284 4004 5358 xu}
4056 5284 4086 5333 ό

826 5363 955 5419 παῖς
988 5364 1079 5414 καί
1110 5350 1295 5429 ὀφύςῗ
1318 5360 1392 5414 cf.
1447 5376 1534 5430 p._
1565 5361 1689 5425 l65,
1724 5358 1810 5413 16.
1867 5361 1991 5430 ita,
2018 5350 2110 5415 ‘53.
2142 5350 2393 5430 θιδεδίτ.
2468 5361 2510 5391 ιι
2542 5350 2663 5428 post
2692 5350 2884 5430 ἄδηλον
2916 5372 3037 5430 quae
3062 5350 4083 5430 ξιίιίιςὺέιῃ-ιυΐ,Δβδελυττόμενογ-τοῦτιμ

829 5432 1036 5513 μᾶλλον
1068 5421 1480 5513 ἐγκαυχώμενοι
1507 5421 1807 5501 ἦσανίοω.
1834 5421 1992 5485 ACE.
2094 5432 2136 5463 ³⁸
2160 5428 2432 5493 διεξιοῦσα
2459 5421 2556 5482 καῖ
2586 5432 2709 5485 κάτ.
2746 5421 2813 5485 Ᾰ.
2918 5421 2965 5460 ³³
2991 5426 3087 5481 καί
3126 5428 3252 5482 add.
3286 5426 3346 5480 Β.
3431 5423 3479 5456 ⁸⁸
3505 5424 3642 5495 αὐτῇ
3674 5423 3740 5477 Δ.
3816 5424 3860 5454 ³⁵
3881 5421 3993 5474 ἀπὸ
4016 5427 4086 5475 Δ.

828 5502 874 5532 ³⁸
898 5503 1078 5555 αὐτῶν
1099 5504 1143 5554 Α
1170 5516 1185 5556 :
1220 5502 1389 5573 αὐτῆς
1419 5518 1505 5556 στ.

2395 5611 2630 5669 NOTAE.

914 5704 991 5771 (7)
1029 5702 1200 5771 Vulgo
1233 5702 1446 5759 Remus.
2212 5772 2235 5773 ﬂ
2589 5703 2666 5773 (9)
2694 5702 2876 5759 Libris
2902 5718 3023 5767 vui,
3047 5703 3135 5771 qui
3172 5701 3443 5773 hodieque
3467 5708 3705 5773 exstant.
3733 5696 4095 5773 Octayusta-

904 5767 983 5847 (tt)
1011 5767 1478 5830 Nicotllediettaem
1514 5774 1644 5835 facit
1670 5776 1815 5834 hunc
1846 5774 2169 5847 scriptorem
2205 5772 2403 5830 Suidas
2516 5767 2951 5847 men'peculiari
2997 5767 3151 5829 titulo
3191 5767 3377 5825 Indico
3430 5770 3768 5825 inscribitur.
3808 5767 3940 5823 Vide
3986 5768 4091 5825 inf.

830 5844 885 5899 in
922 5844 1174 5908 Arriano,
1199 5861 1357 5913 quem
1385 5846 1519 5915 lege.
1963 5844 1976 5847 ⁷
2513 5846 2634 5897 cod.
2669 5844 2759 5897 9|.
