4210 6442
144 369 249 431 105

1304 356 1833 420 BIBLIOTHECA.
1874 378 1940 391 υ·-
1968 353 2136 417 COD.
2170 351 2321 415 LIX.

3306 350 3405 417 106

138 476 306 546 ὕϐριν
332 471 545 528 άνεῐλόν
573 486 632 523 τε
658 468 749 523 τὸν
797 468 1097 539 ὑϐρίσαντα
1121 508 1137 534 ,
1172 468 1265 521 καὶ
1310 466 1519 538 ιτίροις
1562 465 1726 518 πέντε

1835 468 1965 515 sunt
2012 459 2312 529 potentiam
2367 457 2694 525 consecuti:
2750 466 2808 515 ut
2847 470 2903 517 et
2956 473 3079 516 cum
3142 461 3405 520 Romanis

136 565 239 635 τὴν
288 562 492 632 πρᾶξιν
540 561 1039 631 άνακυινωσάμενοι
1064 560 1157 613 καὶ
1186 560 1246 611 τδ
1277 558 1427 621 ἔθνος
1479 557 1730 612 Μακεδό-

141 672 253 706 νων
296 654 340 685 ’τ
374 654 715 721 ἀπέστησαν,
750 652 844 705 καὶ
877 650 1000 705 καθ’
1028 651 1257 713 ἑαυτοὺς
1293 646 1493 721 ἦρξαν,
1523 649 1617 702 καὶ
1637 648 1733 700 ἰπὶ

145 747 299 814 μέγα
325 745 614 813 δυνάμεως
638 744 867 813 ἧλασαν,
908 742 982 806 ῶς
1029 743 1126 795 καὶ
1170 740 1457 809 Ῥωμαίοις
1482 740 1732 810 ἀντιρρό-

144 852 284 898 πους
314 837 499 905 μάχας
529 834 740 899 θέσθαι,
765 834 938 888 ὲνίοτε
966 834 1025 886 δὲ
1060 834 1155 886 ιιαὶ⁵
1210 834 1330 902 μεθ’
1366 833 1577 886 ἑαυτῶν
1630 830 1730 900 τὴν

139 924 300 992 νίκην
330 926 561 993 ἔχοντας
614 923 712 975 τοῦ
754 922 992 991 πολέμου
1042 922 1318 976 ἀπελθεῖν.
1353 922 1602 990 Πάρθους
1655 920 1716 973 δέ

1832 566 1990 621 a-quo
2046 564 2192 621 sape
2240 548 2411 604 larte
2446 550 2848 617 contenderint,
2906 552 3178 609 interdum
3231 556 3401 611 etiam

1830 642 2056 699 victoria
2090 641 2232 697 bello
2256 642 2410 712 potiti
2474 643 2785 712 superiores
2809 643 3182 701 discesserint.
3205 646 3408 704 Narrat

1830 734 1898 789 ad
1937 734 2050 789 hac
2071 734 2307 789 Parthos
2338 734 2663 789 Sesostridis
2687 734 3063 807 Egyption
3098 737 3242 809 regis
3270 748 3413 794 tem-

1830 839 1985 895 pore,
2018 834 2069 879 ct
2111 821 2339 879 Jandusi
2377 822 2730 895 Scytharum,
2758 841 2822 880 ex
2878 824 3100 897 Scythia
3150 828 3201 882 in
3254 844 3405 895 eum,

1832 930 1993 985 quem
2026 931 2170 971 nunc
2200 925 2406 979 tenent,
2442 916 2620 971 locum
2647 917 2981 987 demigrasse
3008 936 3022 972 :
3057 922 3254 987 quibus
3277 919 3416 976 Tra-

138 1032 309 1083 φησιν
337 1017 435 1067 ἐπὶ
466 1014 835 1085 Σεσώστριδος
867 1014 962 1067 τοῦ
990 1014 1307 1081 Alvum:le
1332 1013 1594 1083 βασιλέως
1626 1014 1722 1067 καὶ

1830 1011 1988 1080 ianus
2037 1010 2403 1065 Romanorum
2458 1010 2591 1080 imp.
2630 1024 2726 1080 per
2775 1010 2883 1064 vim
2935 1009 3149 1079 fractis,
3203 1012 3413 1070 ftedere

152 1106 430 1158 ἰανδύσου
462 1106 560 1159 τοῦ
592 1105 815 1158 Σκυθῶν
846 1106 951 1159 ἀπὸ
976 1106 1075 1176 τῆς
1106 1105 1255 1173 σφῶν
1278 1104 1459 1175 χώρας
1489 1104 1723 1168 Σκυθίας

1838 1106 1970 1169 icto,
2006 1118 2183 1175 regem
2214 1104 2518 1159 constituit.

146 1200 224 1261 εἰς
260 1200 365 1267 τὴν
391 1198 489 1252 νῦν
522 1198 848 1267 μετοικῆσαι
871 1214 885 1228 ·
919 1197 1009 1260 οὓς
1064 1200 1094 1252 6
1128 1198 1414 1268 Ῥωμαίων
1480 1198 1838 1269 αὐτοκράτωρ
1877 1199 2144 1267 Τραῑανὸς
2193 1198 2337 1252 κατὰ
2392 1197 2594 1268 κράτος
2645 1198 2986 1263 ταπεινώσας
3043 1199 3415 1263 ὑποσπόνδους

148 1290 404 1358 ἀφῆκεν,
461 1290 629 1352 αὐτὸς
693 1291 879 1354 αὐτοῖς
946 1290 1039 1344 τὸν
1092 1290 1320 1360 βασιλέα
1382 1291 1889 1362 καταστησάμενος.

214 1376 395 1446 Οὗτος
421 1384 449 1435 6
497 1384 785 1453 ’Δρριανὸς
818 1384 1114 1455 φιλόσοφος
1153 1384 1247 1457 ί25
1278 1383 1374 1458 IL]
1406 1387 1504 1456 μὶν
1533 1383 1602 1459 ἢν
1640 1387 1741 1457 τὴν

143 1468 486 1539 ἐπιστήμην,
520 1464 599 1533 εἷς
639 1471 749 1523 τῶν
782 1472 1058 1542 ὁμιλητῶν
1093 1474 1457 1545 Ἐπικτήτου,
1493 1478 1636 1530 κατά
1682 1477 1740 1529 δὲ

144 1566 264 1625 τοὺς
296 1565 541 1637 χρόνους
574 1565 860 1635 Ἀδριανοῦ
885 1568 979 1620 καὶ
1015 1568 1336 1621 Ἀντωνίνου
1366 1569 1462 1622 τοῦ
1485 1571 1615 1623 Πίου
1646 1572 1740 1623 καὶ

1921 1380 2022 1441 Hic
2066 1387 2353 1453 Arrianus,
2397 1386 2734 1455 professione
2770 1387 3141 1457 philosophus,
3193 1404 3332 1443 unus
3360 1389 3414 1443 in

1850 1474 2081 1543 Epicteti
2118 1476 2496 1540 familiaribus,
2536 1476 2782 1539 Adriani,
2818 1486 2873 1531 et
2919 1479 3177 1533 Antonini
3226 1478 3327 1543 Pii,
3363 1488 3418 1534 et

1846 1563 2011 1620 Marci
2062 1566 2321 1621 Antonini
2368 1568 2760 1636 imperatorum
2814 1569 3149 1636 temporibus
3207 1571 3414 1639 viguit;

145 1654 387 1721 Μάρκου
406 1654 507 1705 τοῦ
546 1654 864 1708 ’Δντωνίνου
908 1655 1257 1726 ἐγνωρίζετοσ
1301 1657 1653 1729 ιπωνόμαζον
1681 1658 1738 1712 δὲ

1844 1667 1899 1712 et
1925 1657 1996 1713 ob
2023 1659 2352 1728 singularem
2393 1660 2701 1716 doctrinam
2732 1660 2881 1731 (novi
2910 1661 3290 1729 Xenophontis
3327 1678 3416 1719 σο⁴

143 1745 302 1796 αὐτὸν
338 1744 677 1812 Ξενοφῶντα
712 1746 857 1801 νέον.
897 1745 995 1799 Διά
1031 1746 1087 1799 δι
1116 1746 1177 1799 τὸ
1202 1748 1301 1815 τῆς
1333 1748 1579 1811 παιδείας
1620 1748 1738 1801 Jul-

145 1853 315 1905 σημον
358 1836 537 1899 άλλας
564 1852 624 1888 τε
650 1836 939 1899 πολιτικὰς
974 1836 1150 1907 ἀρχὰς
1184 1838 1504 1911 ἐπιστεύθη,
1535 1840 1628 1894 καὶ
1660 1840 1740 1903 είς

145 1928 203 1979 τὸ
228 1928 341 1981 τῶν
388 1928 621 1980 ὑπάτων
642 1926 814 1996 άνέϐη
844 1927 1016 1990 τέλος.
1072 1929 1319 1998 Ἔγραψε
1341 1929 1396 1983 δι
1428 1928 1611 1998 βιϐλία
1640 1930 1736 1985 καὶ

142 2022 325 2091 ἕτερα,
355 2020 471 2075 τῶν
492 2022 592 2091 μὲν
609 2020 928 2090 Διατριϐῶν
940 2022 1299 2091 Ἐπικτήτου
1316 2023 1409 2076 τοῦ
1422 2023 1740 2079 διδασκάλω

144 2119 236 2171 ὅσα
265 2119 439 2187 τσμεν
482 2116 665 2186 βιϐλία
701 2119 847 2172 ὀκτὼ
873 2159 889 2182 ,
920 2119 1029 2173 τῶν
1056 2120 1115 2174 δὲ
1145 2119 1425 2189 Ὀμιλιῶν
1451 2121 1544 2175 τοῦ
1573 2121 1740 2176 αὑτοῦ

155 2211 493 2280 Ἐπικτήτου
518 2209 698 2279 βιϐλία
722 2210 951 2265 δώδεκα.
970 2211 1171 2282 ’ἰσχνὸς
1194 2210 1253 2264 δι
1279 2211 1379 2283 τὴν
1401 2213 1605 2285 φράσιν
1625 2213 1741 2267 ἔστι

145 2300 235 2351 καὶ
264 2299 527 2369 μιμητὴς
557 2299 635 2362 ὠς
655 2300 875 2369 άληθῶς
899 2300 1264 2369 Ξενοφῶντος.
1291 2304 1429 2357 Φασὶ
1478 2303 1535 2357 δι
1571 2304 1739 2357 αὑτὸν

144 2392 234 2443 καὶ
261 2391 443 2459 ῑτερα
465 2390 703 2459 γράψαι,
737 2393 775 2444 ἃ
836 2390 989 2445 οὔπω
1044 2394 1125 2455 είς
1174 2394 1458 2464 ἡμετέραν
1512 2394 1742 2464 ἀφίκετο

142 2480 366 2545 γνῶσιν.
408 2480 585 2547 Δῆλον
609 2480 668 2533 δὲ
713 2480 790 2541 ὡς
823 2482 943 2535 οὐδὲ
985 2484 1285 2554 ῥητορικῆς
1314 2485 1503 2553 σοφίας
1553 2502 1610 2539 τε
1644 2488 1743 2540 καὶ

142 2570 431 2640 δυνάμεως
461 2571 790 2625 ἀπελείπετο
812 2573 879 2629 ⁸⁸.

885 2665 1015 2720 ΝΘ’.

147 2753 419 2820 Σύνοδος
445 2754 487 2820 ἡ
529 2754 680 2808 κατὰ
718 2754 827 2809 τοῦ
879 2757 949 2809 ὲν
992 2758 1185 2829 ἀει-ιρις
1224 2759 1508 2814 Ἰωάννου
1553 2774 1742 2829 παρσ-

677 2829 873 2895 νόμως
907 2826 1214 2884 συστᾶσα.

229 2915 583 2986 umqu
624 2918 843 2971 συνόδου
882 2918 985 2988 τῆς
1026 2920 1360 2990 παρανόμως
1392 2922 1535 2975 κατὰ
1556 2920 1650 2975 τοῦ
1680 2923 1741 2975 δν

148 3007 327 3073 ἁγίοις
371 3008 632 3061 Ἰωάννου
657 3007 753 3060 τοῦ
801 3010 1193 3079 Χρυσοστόμου
1242 3011 1734 3081 συγκροτηθείσης,
1770 3056 1813 3116 c

145 3099 201 3149 ὲν
239 3093 273 3171 ᾔ
302 3098 557 3168 ὑπῆρχον
591 3100 957 3169 κατάρχοντες
994 3099 1254 3169 Θεόφιλός
1283 3118 1344 3154 τε
1373 3104 1403 3155 6
1422 3104 1466 3133 ”
1500 3102 1745 3167 Ἀλεξαν-

142 3192 353 3261 δρείας,
384 3191 662 3284 (Animo:
688 3194 718 3245 6
756 3192 982 3263 Βεροίας
1029 3193 1112 3256 ³⁸,
1167 3194 1437 3264 Ἀντίοχος
1466 3196 1496 3248 6
1542 3196 1741 3251 Πτολε-

147 3284 365 3353 μαΐδος,
412 3286 509 3337 καὶ
558 3286 587 3335 6
644 3283 976 3354 Σεϐηριανὸς
1015 3284 1296 3352 Γαϐάλων,
1337 3286 1433 3340 καὶ
1460 3288 1690 3358 Κυρῖνος
1716 3290 1745 3341 6

144 3375 500 3445 Καλχηδόνος
536 3376 603 3440 ³¹,
626 3378 674 3428 οί
700 3377 770 3428 τὰ
800 3376 1033 3445 μάλιστα
1062 3376 1345 3447 δυσμενῶς
1370 3379 1587 3448 ἔχοντες
1608 3380 1745 3450 πρὸς

142 3469 234 3520 τὸν
255 3469 453 3540 ἄνδρα.
491 3469 558 3520 Οἳ
593 3468 711 3536 ἅμα
737 3469 937 3533 πάντα,
970 3471 1061 3522 καὶ
1086 3471 1272 3541 κριταὶ
1312 3472 1407 3524 καὶ
1450 3474 1743 3543 κατήγοροι

142 3562 237 3614 καὶ
268 3562 558 3631 μάρτυρες
611 3555 773 3629 ἦσαν.
823 3562 910 3614 Ἐν
965 3563 1327 3631 ὑπομνήμασι
1379 3563 1437 3616 δι
1482 3563 1656 3616 ταῦτα
1700 3563 1743 3593 ³³

143 3654 398 3723 ἐπράχθη
449 3657 525 3719 ιγ’
562 3653 626 3685 ³³’
664 3653 802 3706 ἀλλὰ
837 3655 905 3707 τὰ
940 3655 1041 3723 μὲν
1070 3654 1391 3708 δυοκαίδεκα
1450 3654 1595 3707 κατά
1650 3652 1744 3707 τοῦ

142 3746 326 3813 ἁγίου,
360 3744 428 3797 τὸ
458 3743 519 3796 es
548 3745 993 3813 τρισκαιδέκατον
1024 3746 1269 3815 περιέχει
1298 3746 1367 3798 τὰ
1400 3745 1541 3799 κατά
1578 3746 1745 3816 Ἦρα-

142 3836 359 3889 κλείδου
388 3834 485 3887 τοῦ
519 3838 599 3896 εἰς
633 3834 868 3902 Ἔφεσον
896 3836 988 3888 ὑπ’
1026 3835 1193 3889 αὐτοῦ
1244 3837 1743 3906 χειροτονηθέντος,

142 3926 312 3999 οὗπερ
344 3928 471 3981 οὐδὲ
499 3929 601 3996 τὴν
627 3927 950 3997 καθαίρεσιν
974 3928 1201 3998 ἴσχυσαν
1231 3928 1746 3999 τελειῶσαι,ὲτέρων

140 4020 307 4071 τινῶν
369 4017 761 4071 κωλυσόντων.
829 4017 886 4070 '0
935 4017 992 4070 δὲ
1047 4019 1353 4087 κατήγορος
1396 4016 1745 4087 Ἡρακλείδου

136 4113 233 4181 τῆς
262 4111 582 4182 Μαγνήτων
614 4110 821 4171 πόλεως
851 4110 1149 4172 ὶπίσκοπος
1185 4104 1253 4179 ἦν
1282 4109 1506 4179 ὀνόματι
1533 4110 1732 4164 Μακά-

143 4220 284 4273 ριος.
328 4203 392 4255 '0
422 4201 483 4254 δὲ
509 4200 607 4253 τοῦ
640 4200 910 4271 μακαρίου
954 4201 1198 4254 Ἰωάννου
1239 4202 1523 4272 προφανὴς
1552 4200 1746 4271 ίχθρδς

149 4294 244 4345 καὶ
280 4293 516 4364 πρῶτος
568 4293 874 4360 κατήγορος
923 4290 1176 4360 Ἰωάννης
1206 4292 1235 4344 6
1271 4291 1534 4359 ,διάκονος
1577 4292 1744 4347 αὑτοῦ

1844 1759 2193 1818 gnomcntum
2211 1751 2457 1821 adeptus)
2477 1766 2599 1807 cum
2614 1752 2752 1807 alios
2777 1754 2828 1807 in
2845 1754 3114 1822 republica
3140 1754 3419 1823 magistra-

1843 1850 1929 1895 tus
1946 1842 2135 1911 gesslt,
2161 1851 2272 1897 tum
2290 1843 2356 1897 ad
2381 1844 2554 1911 ipsum
2573 1856 2790 1912 quoque
2811 1844 3146 1899 consulatum
3168 1845 3418 1914 aliquan-

1849 1932 1921 1989 do
1951 1934 2215 2003 pervenit.
2240 1935 2469 2005 Scripsit
2489 1944 2542 1991 et
2588 1935 2692 1989 alia
2726 1935 3037 1991 volumina:
3071 1934 3418 1992 Dissertatio-

1842 2040 1966 2077 num
2011 2023 2240 2093 Epicteti
2282 2027 2627 2097 praeceptoris
2670 2026 2825 2097 (i0),
2878 2041 3014 2097 quos
3048 2030 3318 2096 novimus,
3349 2029 3417 2085 ii—

1842 2116 1970 2171 bros
1997 2127 2165 2173 oeto:
2213 2116 2527 2173 Sermonem
2579 2135 2708 2175 vero
2754 2120 2921 2189 ipsius
2972 2121 3202 2189 Epicteti
3255 2122 3419 2176 libros

1842 2208 2149 2263 duodecim.
2187 2208 2355 2265 Exilis
2398 2210 2472 2265 illi
2507 2211 2725 2266 dicendi
2775 2212 3083 2279 character,
3120 2222 3175 2268 et
3228 2227 3417 2268 revera

1842 2296 2219 2370 Xenophontis
2268 2304 2513 2358 imitator
2552 2314 2654 2359 est.
2692 2304 2809 2358 Alia
2843 2307 2970 2360 item
3019 2305 3309 2376 scripsisse
3335 2305 3418 2361 fe-

1843 2394 2001 2453 runt;
2037 2401 2159 2456 qua:
2204 2397 2386 2445 tamen
2432 2392 2498 2443 ad
2533 2405 2726 2445 manus
2776 2404 2923 2445 meas
2958 2394 3197 2447 nondum
3231 2408 3419 2461 perve-

1843 2488 2059 2532 nerunt.
2107 2477 2328 2535 Certum
2361 2496 2495 2536 sane
2540 2482 2691 2546 illud,
2744 2481 3029 2538 rhetorica
3074 2500 3415 2556 nequaquam

1844 2568 2127 2635 sapientiae
2151 2584 2217 2624 ac
2249 2569 2529 2626 facultatis
2558 2571 2871 2639 imperitum
2906 2571 3095 2628 fuisse.

1845 2747 2091 2817 Synodus
2136 2750 2241 2823 [ad
2284 2753 2543 2827 Quercens
2571 2753 2750 2827 μη]
2804 2757 3099 2827 illegrtinta.
3132 2770 3315 2812 contra
3349 2758 3415 2814 Β.

2263 2824 2526 2877 Joannem
2558 2823 3015 2895 Chrysbstom'sm.

1917 2906 2139 2963 Lectum
2170 2919 2253 2964 est
2288 2910 2567 2980 illegitime
2594 2919 2846 2966 coactum
2869 2914 3133 2970 adversus
3161 2925 3418 2969 sanctum

1846 2996 2112 3052 Joannem
2142 2997 2593 3070 Chrysostomum
2621 3002 3037 3058 conciliabulum
3072 3024 3085 3059 :
3116 3005 3202 3060 cui
3231 3005 3419 3074 prasis

1849 3092 1945 3143 des
2012 3089 2303 3144 adfuerunt
2350 3089 2683 3161 Theophilus
2762 3092 3128 3159 Alexandriae,
3184 3096 3419 3150 Aeacius

1848 3177 2286 3251 BcrrhoueUS),
2330 3182 2635 3238 Antiochus
2677 3182 3023 3238 Ptolemaidis
3058 3184 3195 3256 (l3),
3259 3185 3423 3241 Seve-

1851 3271 2037 3327 rianus
2081 3271 2436 3340 Gahalorum,
2490 3283 2545 3329 et
2589 3274 2823 3344 Cyrinus
2887 3276 3250 3333 Chalcedonis
3279 3280 3419 3350 (14),

1847 3364 2092 3435 episcopi
2130 3366 2291 3434 :qui,
2324 3366 2523 3422 infesto
2546 3368 2600 3420 in
2649 3367 2798 3421 illum
2840 3369 3020 3423 animo
3057 3384 3180 3423 cum
3213 3381 3420 3437 essent,

1844 3461 2004 3515 simul
2054 3463 2232 3515 omnia
2279 3472 2331 3517 et
2371 3463 2605 3531 judices,
2655 3473 2710 3517 et
2747 3476 3117 3531 accusatores,
3158 3476 3213 3521 et
3250 3475 3421 3522 testes

1847 3560 2023 3606 erant.
2064 3552 2344 3608 Trcdecim
2393 3556 2506 3607 hac
2562 3554 2868 3608 actionibus
2910 3567 3125 3624 peracta
3162 3574 3176 3610 :
3216 3558 3424 3613 duode-

1847 3648 1953 3701 cim
1989 3648 2206 3716 quidem
2260 3658 2449 3703 contra
2498 3660 2746 3704 sanctum
2793 3649 3265 3721 Chrysostomum,
3304 3661 3417 3707 ter-

1849 3740 2134 3794 tiadecima
2188 3751 2375 3795 contra
2428 3740 2789 3806 Heraclidem,
2839 3757 3000 3810 quem
3050 3742 3301 3812 Ephesiis
3332 3743 3420 3799 ille

1844 3832 2127 3886 ordinarat
2170 3834 2481 3903 episcOpum
2520 3850 2534 3887 :
2592 3833 2751 3899 hujus
2801 3842 2979 3887 tamen
3024 3834 3415 3903 depositionem

1847 3925 2080 3977 validam
2146 3926 2393 3991 reddere,
2443 3924 2563 3979 aliis
2644 3925 2917 3980 nonnullis
2978 3927 3415 3995 prohibentibus,

1848 4010 2070 4071 minime
2126 4026 2438 4085 potuerunt.
2493 4016 2795 4071 Heraclida:
2831 4027 3119 4072 accusator
3147 4017 3424 4073 Macarius

1847 4108 2069 4177 quidam
2117 4108 2337 4163 nomine
2390 4108 2513 4172 fuit,
2567 4108 2873 4179 Magnetum
2917 4110 3236 4180 episcopus;
3277 4111 3421 4166 beati

1846 4198 2070 4254 Joannis
2115 4213 2246 4254 vero
2289 4199 2464 4269 palam
2511 4200 2725 4263 hostis,
2771 4202 3087 4270 primusque
3131 4211 3423 4256 accusatur

1848 4287 2109 4356 Joannes,
2133 4292 2251 4360 ejus
2286 4292 2563 4346 diaconus.
2600 4292 2835 4347 Accusat
2863 4291 2948 4347 hic
2976 4293 3150 4362 primo
3181 4291 3420 4363 Chryso-

139 4376 227 4450 ἦν.
267 4381 603 4451 Κατηγόρει
633 4378 692 4433 δὲ
742 4380 839 4432 τοῦ
901 4380 1291 4451 Χρυσοστόμου
1342 4381 1425 4434 ὅτι
1457 4398 1516 4434 τε
1578 4381 1743 4435 αὐτὸν

1849 4389 2084 4435 stomum
2118 4384 2329 4438 actione
2357 4383 2519 4439 illata
2546 4383 2650 4438 sibi
2683 4385 2925 4452 injuriae;
2963 4387 3105 4453 quod
3136 4401 3193 4441 se
3230 4385 3424 4453 eiecis-

138 4474 430 4541 ἠδίκησεν,
480 4472 755 4541 ἀφορίσας
784 4472 949 4524 αὑτὸν
973 4511 987 4532 ,
1025 4471 1158 4525 διότι
1205 4470 1301 4525 τὸν
1345 4474 1546 4526 οίκεῑον
1580 4472 1742 4528 παίδα

140 4564 414 4617 Εὑὶάλιον
440 4563 635 4631 ἔτυψε·
660 4562 916 4633 δεύτερον
946 4562 1024 4626 δὲ,
1053 4562 1135 4615 ὅτι
1177 4562 1430 4634 Ἰωάννης
1458 4582 1541 4626 τις
1575 4581 1740 4633 μονα-

142 4656 231 4721 χὴς
282 4655 346 4719 se
376 4652 694 4723 ἐπιτροπῆς
744 4652 841 4706 τοῦ
884 4654 1278 4723 Χρυσοστόμου
1324 4654 1637 4725 ὲτυπτήθη,
1666 4655 1742 4719 ὥς

137 4762 295 4813 φησι,
328 4747 425 4798 καὶ
454 4744 632 4814 ἑσύρη
667 4744 763 4798 καὶ
815 4744 951 4815 μετὰ
995 4742 1106 4795 τῶν
1140 4744 1521 4815 δαιμονῶντων
1562 4749 1741 4815 ἐσιδη-

1850 4482 1932 4528 set
1963 4472 2103 4542 18¢
2132 4473 2203 4528 oh
2236 4473 2594 4529 domesticum
2641 4490 2863 4543 puerum
2930 4476 3197 4530 Eulalium
3230 4478 3414 4547 pulsa-

1852 4575 1988 4619 tum.
2018 4565 2262 4621 Alterum
2298 4552 2415 4620 erat
2459 4567 2665 4621 crimen
2698 4568 2841 4637 quod
2885 4564 3123 4625 Joannes
3144 4570 3256 4641 (15)
3291 4572 3419 4640 qui-

1850 4657 1973 4711 dam
2032 4658 2329 4711 monachus
2376 4657 2597 4726 iubente
2650 4658 3043 4727 Cbrysostomo
3099 4663 3420 4715 verberatus

1851 4760 2019 4811 esset,
2059 4759 2117 4803 ut
2190 4750 2286 4815 ait,
2324 4764 2387 4803 ac
2432 4759 2692 4819 raptatus,
2748 4751 3027 4821 fcrrcaque
3072 4763 3262 4809 catena
3307 4754 3419 4807 da:-

1478 4858 1710 4915 VARUE
1733 4859 2132 4918 LECTIONES.

224 4954 275 4985 "’
314 4952 477 5013 ἔθνος
508 4949 617 5002 τῶν
648 4949 853 5004 Μακεδ.
889 4968 949 5015 ς.

139 5023 181 5054 ⁸³
205 5022 391 5077 ταῦτα
420 5023 466 5074 Α
509 5038 523 5072 :
558 5020 697 5072 αὐτὰ
728 5037 788 5084 ς.

1058 4950 1101 4981 ³³
1134 4951 1433 5004 ἀπελίπετο
1466 4952 1529 5006 Α.
1642 4954 1687 4983 "
1744 4955 1771 5006 6

2387 4955 2431 4987 εδ

889 4968 949 5015 ς.
1058 4956 1101 4981 ³³
1134 4956 1433 5004 ἀπελίπετο
1466 4956 1529 5006 Α.
1642 4956 1687 4983 "
1744 4956 1771 5006 6
1824 4961 1945 5021 post
1972 4972 2030 5007 τε
2072 4956 2200 5010 add.
2233 4956 2296 5008 A.
2387 4956 2431 4987 ³⁸
2466 4956 2718 5026 βεῤῥοίας
2750 4973 2809 5020 ς.

867 5021 913 5051 ³³
952 5026 1019 5087 ιγ’
1046 5021 1092 5075 Δ
1126 5036 1140 5073 :
1174 5022 1306 5073 δέκα
1333 5021 1467 5090 πρὸς
1505 5024 1615 5085 τοῖς
1651 5022 1828 5092 τρισίν
1861 5042 1920 5088 ς.

2912 4954 2955 4987 ⁸¹
2988 4954 3326 5025 Χαλκηδόνος
3355 4974 3418 5023 ς’.

1740 5114 1970 5173 NOTAE.

208 5205 333 5274 (10)
370 5200 560 5274 Hodie
586 5210 843 5274 quatuor
886 5201 1152 5257 duntaxat
1191 5202 1363 5258 libros
1417 5205 1638 5259 Arriani
1688 5206 1740 5259 in

135 5270 385 5347 Epicteti
419 5270 741 5326 Enchiridio
769 5272 1019 5341 legimus.

207 5346 331 5412 (11)
363 5342 553 5396 Locus
580 5351 700 5412 erat
730 5351 882 5412 t_rans
926 5356 1103 5412 mare,
1141 5343 1219 5397 sic
1254 5353 1499 5409 vocatus,
1537 5342 1741 5397 Bullini

134 5408 504 5476 subur'bium,
542 5411 719 5481 inquit
745 5408 953 5481 Pallad.
994 5409 1475 5481 Helenopolitanus
1528 5414 1743 5480 episco-

135 5504 258 5557 pus,
306 5482 608 5557 9616mm
665 5496 847 5536 rerum
896 5480 959 5534 Β.
1001 5480 1371 5553 Chrysostomi
1429 5486 1741 5553 primusque

135 5554 485 5621 descriptor.

206 5618 343 5692 (12)⁷
374 5621 690 5692 Excitatum
746 5621 905 5689 hujus
951 5622 1003 5676 in
1033 5618 1299 5677 Joannem
1332 5622 1516 5675 odium
1572 5619 1740 5675 refert

134 5691 454 5753 Palladius,
499 5691 652 5759 quod
705 5704 829 5745 cum
881 5691 1119 5747 venisset
1166 5692 1219 5746 iu
1269 5692 1478 5759 urbem,
1514 5692 1741 5748 honesto

136 5773 362 5821 careret
404 5760 664 5829 hospitio.

396 5855 678 5915 Panos.
711 5853 832 5916 Gn.
863 5854 1020 5917 Clll.

1923 5209 2014 5279 (l3
2052 5206 2291 5273 Quorum
2321 5208 2561 5277 facinora
2590 5209 2783 5278 (inquit
2814 5209 3094 5279 Chrysost.
3132 5210 3185 5262 in
3226 5225 3319 5262 sua
3350 5193 3417 5265 ad

1856 5279 2253 5349 pseudosynod.
2303 5280 2463 5350 epist.
2516 5279 2663 5350 apud
2706 5279 3166 5350 Pallad.)_saculi
3210 5295 3416 5350 quoque

1854 5352 2063 5403 theatra
2094 5347 2312 5402 canunt.
2356 5349 2483 5403 Vide
2513 5347 2722 5403 Pallad.
2760 5360 2919 5415 atque
2949 5348 3173 5415 Niceplt.

1924 5418 2211 5491 (uiliuie
2245 5433 2274 5473 a
2311 5416 2423 5491 Deo
2448 5419 2742 5491 immissum
2790 5429 2975 5487 postea
3023 5434 3263 5485 poenam,
3300 5418 3419 5491 iege

1849 5491 1990 5558 apud
2024 5488 2245 5555 Nlceph.
2279 5489 2449 5558 φη,
2483 5491 2584 5544 sub
2613 5487 2707 5542 lin.

1921 5558 2034 5628 (i5)
2088 5558 2161 5612 De
2211 5558 2275 5613 iis
2317 5557 2575 5628 fortassis
2621 5572 2780 5622 unus,
2826 5558 2915 5626 qui
2945 5556 3173 5628 Longos
3206 5558 3420 5628 _fratrcs

1848 5626 2173 5753 accusare},
2208 5630 2275 5683 ab
2313 5627 2613 5698 Thcophilo
2642 5628 2896 5685 submissi
2932 5626 3169 5684 fuerant.
3202 5626 3279 5685 De
3300 5628 3417 5699 qui-

1887 5713 1916 5752 u
2088 5713 2117 5751 a
2159 5732 2177 5751 .

1887 5713 1947 5752 ιη
1974 5713 2177 5752 rauau.

3060 5852 3100 5910 ὁ
