4210 6442
790 379 886 445 107

1928 380 2193 441 ΡΗΟΤΙΙ
2236 380 2379 440 PAT
2389 379 2746 439 RIARCIME
2779 382 2887 441 (ΣΡ.

3952 389 4053 453 108

785 495 1163 551 moniacorum
1211 509 1365 550 more
1408 494 1686 551 astrictus.
1732 494 2000 573 Tertium,
2044 497 2188 565 quod
2241 510 2364 564 pre-

2475 495 2769 564 ροςόρησεο
2805 494 3013 564 τρίτον,
3044 496 3126 548 ὅτι
3153 497 3221 550 τά
3260 499 3527 571 κειμήλια
3567 502 3615 533 ⁸⁵
3664 502 3867 573 πλῆθος
3920 506 4053 559 πολὺ

786 590 1045 645 tiosarum
1089 602 1270 642 rerum
1318 602 1565 659 magnam
1593 580 1702 642 vim
1732 587 2145 643 divendidisset.
2186 590 2365 654 Quar—

785 688 897 731 tum
947 677 1179 739 crimen,
1237 678 1379 745 quod
1437 692 1707 733 marmora
1758 678 1816 732 S.
1870 678 2197 743 Anastasise,
2245 691 2367 746 qua:

785 769 1068 823 Nectarius
1112 768 1185 821 illi
1232 768 1481 822 ecclesia:
1523 768 1889 822 marmoribus
1928 768 2190 820 ornandae
2240 767 2366 821 reli-

784 869 996 927 querat,
1026 858 1141 927 ipse
1169 859 1522 913 vendidisset.
1550 859 1835 925 Quintum,
1875 859 2018 927 quod
2050 872 2148 926 per
2172 866 2365 911 contu-

785 951 1001 1005 meliam
1032 951 1266 1021 appellet
1306 951 1534 1005 clericos
1561 950 1718 1015 viles,
1750 958 2067 1018 corruptos,
2098 949 2212 1003 suis
2240 950 2366 1003 usi-

783 1044 883 1097 bus
916 1055 1107 1113 sponte
1156 1054 1398 1112 paratos,
1436 1042 1882 1109 triobolaresque.
1928 1039 2175 1105 Sextum,
2222 1042 2365 1110 quod

783 1146 1030 1190 sanctum
1055 1135 1412 1205 Epiphaniam
1433 1135 1656 1187 delirum
1671 1144 1725 1188 et
1742 1135 2019 1201 parvulum
2036 1134 2363 1187 dmmouium

783 1226 1091 1295 appellarit.
1125 1225 1449 1295 Septimum,
1483 1226 1625 1293 quod
1670 1223 1969 1279 Severiano
2001 1224 2115 1291 (16)
2151 1225 2365 1278 calum-

784 1318 927 1370 niam
958 1318 1273 1382 struxisset,
1310 1317 1550 1371 incitatis
1576 1327 1767 1371 contra
1806 1332 1932 1370 eum
1971 1318 2195 1370 decanis
2225 1316 2361 1385 (Π).

780 1406 1067 1473 Octavum,
1103 1408 1245 1477 quod
1269 1409 1644 1477 sycophantiis
1672 1408 1891 1476 plenum
1926 1408 2124 1462 librum
2162 1407 2217 1461 in
2252 1407 2364 1461 cle-

782 1515 901 1552 rum
952 1500 1299 1571 conscripsit.
1354 1500 1587 1565 Nonum,
1621 1502 1765 1569 quod
1798 1500 1964 1555 totius
1996 1500 2128 1554 cleri
2177 1500 2364 1553 habito

782 1599 1072 1652 conventu,
1122 1602 1233 1644 tres
1307 1591 1563 1644 diaconos
1617 1592 1824 1651 citarit,
1882 1591 2161 1653 Acacium,
2220 1589 2362 1642 Eda-

780 1680 990 1747 phium,
1020 1690 1074 1733 et
1098 1677 1384 1744 Joannem,
1416 1689 1471 1733 et
1498 1680 1651 1747 quasi
1685 1678 1967 1732 ltumerale
1999 1679 2171 1747 ipsius
2200 1678 2364 1731 furati

779 1782 981 1836 essent,
1016 1772 1319 1836 accusarit;
1354 1786 1627 1838 quarreus,
1680 1780 1864 1823 utrum
1903 1779 1959 1824 et
2001 1770 2067 1822 ad
2104 1769 2270 1822 alium
2297 1768 2364 1821 il-

2474 584 2757 655 διέπρασε·
2813 585 3097 655 τέταρτον,
3143 588 3225 641 ὅτι
3282 590 3352 643 τὰ
3410 594 3679 664 μάρμαρα
3739 595 3841 664 τῆς
3896 597 4058 662 ἁγίας

2487 679 2883 743 Ἀναστασίας,
2929 679 2966 732 ἀ
2996 681 3041 711 ³⁵
3084 682 3391 753 Νεκτάριος
3433 689 3515 748 εἰς
3542 690 3906 760 μαρμάρωσιν
3952 691 4056 759 τῆς

2471 769 2767 839 ἐκκλησίας
2792 771 3119 836 ἐναπέθετο,
3168 766 3325 837 οὗτος
3357 775 3643 846 διέπρασε·
3677 781 3952 847 πέμπτον,
3975 784 4056 834 ὅτι

2468 860 2596 919 τοὺς
2624 858 2921 927 κληρικοὺς
2964 859 3196 929 ἀτίμους
3237 865 3332 917 καὶ
3373 864 3813 936 διεφθαρμένους
3836 873 3931 922 καὶ
3964 872 4058 923 αὐ-

2467 951 2914 1018 τοπαραχρήτους
2928 950 2973 981 ⁸⁸
2998 953 3091 1003 καὶ
3124 953 3567 1023 τριοϐολιμαίους
3596 958 3833 1026 ὑϐρίζει·
3866 962 4051 1023 ἕκτον,

2466 1041 2546 1091 ὅτι
2576 1040 2667 1091 τὸν
2688 1041 2844 1108 ἆγιον
2895 1042 3209 1111 Ἐπιφάνιον
3240 1045 3405 1114 λῆρον
3439 1049 3623 1102 ἐκάλει
3665 1051 3706 1082 ³⁷
3738 1052 3833 1105 καὶ
3864 1054 4058 1123 δαιμο-

2468 1132 2676 1202 νιάριον
2703 1149 2717 1163 ⁸
2784 1133 3036 1202 ἕϐδομον,
3076 1135 3159 1188 ὅτι
3205 1139 3347 1190 κατά
3393 1139 3726 1211 Σεϐηριανοῦ
3786 1146 4059 1215 συσκευὴν

2468 1223 2807 1295 ἐποιήσατο,¹
2831 1225 2922 1295 [56
2955 1225 3047 1297 3.]
3085 1230 3315 1296 κινήσας
3358 1232 3479 1283 κατ’
3504 1234 3672 1287 αὐτοῦ
3712 1236 3838 1298 τοὺς
3892 1237 4058 1290 δεκα-

2467 1314 2612 1378 νούς·
2644 1316 2857 1382 ὄγδοον,
2893 1319 2973 1371 ὅτι
3002 1318 3095 1372 καὶ
3126 1320 3270 1374 κατὰ
3300 1322 3395 1374 τοῦ
3433 1324 3635 1395 κλήρου
3665 1330 4059 1396 συκοφαντικὸν

2469 1408 2671 1477 βιϐλίον
2737 1410 3160 1463 κατεσκεύασεν·
3228 1412 3471 1479 ἔννατον,
3536 1417 3619 1469 ὅτι
3677 1422 4060 1490 συγκροτήσας

2469 1501 2746 1569 συνέδριον
2776 1503 2977 1562 παντὸς
3006 1501 3100 1553 τοῦ
3120 1504 3327 1573 κλήρου
3358 1507 3552 1575 ἔστησε
3580 1512 3728 1578 τρεῖς
3747 1511 4056 1575 διακόνους.

2480 1588 2756 1651 Ἀκάκιον,
2806 1590 3058 1659 Ἐδάφιον
3079 1632 3093 1653 ,
3139 1594 3395 1663 Ἰωάννην
3416 1635 3430 1657 ,
3464 1600 3852 1667 κατηγορήσας
3892 1600 3969 1662 ὡς
3998 1602 4059 1652 τὸ

2473 1679 2744 1749 μαφὸριον
2766 1679 2808 1709 ³⁸
2827 1680 2991 1732 αὑτοῦ
3017 1682 3524 1751 κλέψαντας,λέγων
3539 1687 3630 1756 Μὴ
3654 1689 3749 1740 καὶ
3766 1692 3845 1751 εἰς
3860 1690 3991 1742 ἄλλο
4006 1706 4059 1742 τι

2466 1768 2597 1820 αὐτὸ
2626 1768 2816 1819 ἔλαϐον
2840 1784 2854 1832 ;
2876 1768 3122 1833 δέκατον,
3156 1772 3238 1823 ὅτι
3267 1772 3551 1825 Ἀντώνιον
3570 1774 3889 1844 ἐλεγχθέντι*
3916 1794 4059 1846 τυμ-

781 1862 870 1915 ΙυιΙ
914 1878 1067 1915 usum
1109 1862 1347 1931 aliquem
1408 1862 1699 1930 cepissent.
1750 1859 2053 1922 Decimum,
2092 1860 2237 1929 quod
2267 1859 2364 1913 An-

2483 1859 2731 1931 ϐωρύχον
2774 1862 3185 1933 ἐχειροτόνησεν
3220 1864 3519 1917 ἐπίσκοπον
3542 1880 3557 1894 '
3630 1866 3937 1928 ἑνδέκατον,
3974 1869 4058 1920 ὅτι

784 1953 990 2007 tonium
1039 1955 1421 2022 sepulcrorum
1481 1952 1799 2007 violatorem
1850 1955 2183 2015 convictum,
2248 1950 2365 2019 epi-

781 2057 1003 2112 scOpum
1038 2044 1329 2098 ordiuarit.
1378 2042 1762 2108 lindecimum,
1809 2044 1953 2111 quod
1980 2041 2246 2097 Joannem
2280 2057 2365 2096 co-

786 2136 972 2189 mitem
1016 2136 1071 2189 in
1115 2136 1347 2189 tumultu
1384 2136 1606 2189 militari
1642 2136 1755 2204 ipse
1782 2136 2105 2204 prodiderit.
2142 2134 2361 2186 Duode-

783 2229 1007 2290 cimum,
1038 2227 1181 2296 quod
1230 2241 1405 2295 neque
1449 2226 1707 2281 incedens
1744 2227 1810 2280 ad
1862 2226 2141 2293 templum,
2189 2240 2364 2294 neque

782 2320 1118 2388 ingrediens,
1153 2316 1324 2373 Deum
1364 2328 1617 2385 precatus
1658 2319 1751 2371 sit.
1799 2316 2077 2371 Decimum
2118 2317 2357 2379 tertium,

783 2414 930 2477 quod
954 2412 1074 2463 sine
1112 2409 1271 2462 altari
1313 2409 1665 2463 diaconorum
1702 2417 1758 2461 et
1789 2408 2229 2477 presbyterorum
2269 2421 2361 2459 or-

784 2501 1092 2554 dinationes
1146 2499 1364 2554 fecerit.
1416 2500 1695 2554 Decimum
1743 2509 2021 2568 quartum,
2064 2498 2207 2568 quod
2260 2513 2364 2552 una

784 2593 1126 2646 ordinatione
1156 2602 1393 2661 quatuor
1436 2590 1596 2645 simul
1640 2589 1926 2660 episcopos
1955 2590 2176 2643 crearit.
2208 2588 2366 2643 Deci-

785 2700 931 2737 mum
957 2685 1229 2753 quintmn,
1277 2685 1424 2754 quod
1469 2683 1723 2738 mulieres
1755 2682 2017 2750 suscipiat
2050 2682 2186 2752 (18),
2219 2684 2366 2735 solus

789 2791 913 2829 cum
947 2775 1101 2841 solis,
1153 2776 1275 2830 aliis
1328 2776 1582 2829 omnibus
1623 2772 1770 2828 foras
1806 2773 2044 2827 emissis.
2087 2772 2363 2826 Decimum

795 2880 1033 2931 sextum,
1061 2869 1201 2937 quod
1253 2867 1621 2922 hereditatem
1661 2882 1691 2917 a
1744 2865 1944 2919 Thecla
1976 2863 2240 2929 relictam,
2275 2879 2368 2932 per

786 2960 1125 3014 Theodulum
1174 2955 1496 3012 vendiderit.
1534 2955 1811 3009 Decimum
1860 2954 2167 3021 septimum,
2223 2954 2367 3022 quod

786 3052 1042 3107 Ecclesiae
1071 3050 1271 3105 reditus
1295 3062 1453 3101 nemo
1480 3047 1692 3101 noverit
1706 3060 1812 3114 quo
1841 3046 2055 3099 abeant.
2088 3045 2365 3099 Decimum

783 3149 1058 3205 octavum,
1105 3141 1247 3209 quod
1292 3139 1646 3209 Sarapiouem
1702 3136 1813 3208 (l9)
1855 3146 2192 3203 accusatum,
2234 3151 2366 3189 cau-

788 3248 1011 3303 samque
1042 3233 1208 3286 etiam
1243 3240 1354 3285 tum
1394 3231 1687 3290 dicentem,
1720 3227 2099 3297 presbyterum
2140 3227 2361 3281 ordina-

792 3329 880 3381 rit.
952 3324 1227 3378 Decimum
1280 3334 1499 3382 nmium,
1536 3319 1678 3387 quod
1718 3319 2185 3371 communicantes
2241 3331 2363 3370 cum

788 3421 921 3474 orbe
970 3417 1224 3469 universo
1268 3412 1414 3482 (‘20),
1459 3412 1628 3481 ipsius
1677 3409 1958 3464 voluntate
2007 3408 2261 3470 inclusos,
2309 3416 2365 3460 et

791 3513 841 3563 in
881 3508 1125 3561 custodia
1172 3514 1437 3569 mortuos,
1487 3501 1899 3569 contempserit,
1948 3510 2004 3553 ut
2035 3515 2100 3552 ne
2132 3514 2362 3566 corpora

789 3602 1004 3671 quidem
1054 3601 1292 3669 ipsorum
1334 3595 1625 3665 sepultura:
1655 3591 1965 3648 mandanda
2007 3593 2233 3645 curarit.
2274 3590 2361 3643 Vi-

789 3692 1076 3756 cesimum,
1114 3689 1256 3760 quod
1303 3686 1499 3755 injuria
1536 3682 1943 3739 sanctissimum
1987 3682 2246 3736 Acacium
2282 3682 2364 3734 al—

789 3784 1000 3847 l‘ecerit,
1051 3792 1105 3835 et
1159 3794 1227 3834 ne
1270 3778 1337 3833 ad
1382 3776 1715 3846 colloquium
1774 3774 1993 3844 quidem
2038 3774 2211 3843 ipsum
2269 3773 2365 3826 ad-

788 3873 1020 3928 miserit.
1097 3870 1429 3927 Vicesimum
1492 3868 1746 3939 primum,
1800 3866 1943 3935 quod
2004 3864 2363 3935 Porphyrium

789 3966 1164 4036 presbyterum
1203 3962 1489 4031 Eutropio,
1519 3970 1577 4013 ut
1610 3963 1662 4013 in
1701 3958 1952 4013 exsilium
1976 3958 2219 4025 pelleret,
2256 3966 2364 4009 tra-

788 4049 1370 4111 diderit.‘Vicesimum
1406 4054 1728 4117 secundum,
1754 4049 2038 4120 quoditem
2076 4047 2361 4101 Berenium

787 4145 1125 4199 sacerdotem
1165 4142 1510 4198 contumeliis
1562 4141 1745 4193 multis
1792 4140 1933 4192 male
1960 4148 2240 4206 acceptum
2274 4138 2363 4190 de-

787 4236 989 4292 diderit
1015 4235 1149 4306 (2l).
1195 4234 1523 4288 Vicesimqu
1556 4232 1803 4295 tertium,
1831 4229 1974 4298 quod
2018 4228 2094 4282 illi
2124 4229 2222 4282 soli
2254 4228 2367 4281 bal-

788 4343 952 4382 neum
1002 4326 1388 4391 succendatur,
1434 4333 1487 4378 et
1522 4323 1611 4377 ubi
1657 4322 1875 4386 laverit,
1915 4319 2185 4390 Sarapion
2214 4319 2364 4374 clau-

789 4422 880 4475 dat
907 4420 1141 4485 labrum,
1173 4419 1246 4472 ita
1301 4428 1359 4472 ut
1404 4417 1545 4470 alius
1593 4428 1751 4469 nemo
1802 4413 1965 4467 lavet.
2016 4413 2281 4479 Quartum
2311 4423 2365 4465 et

787 4513 1130 4575 vicesimum,
1163 4512 1305 4581 quod
1355 4510 1476 4563 sine
1532 4507 1759 4563 testibus
1807 4504 1943 4573 18b
1982 4505 2178 4558 multos
2217 4504 2362 4555 ordi-

788 4602 951 4655 narit.
979 4599 1236 4666 Quintum
1267 4608 1323 4651 et
1348 4597 1689 4660 vicesimum,
1716 4596 1860 4664 quod
1890 4594 2036 4648 solus
2070 4593 2182 4677 (:22)
2213 4594 2359 4656 edat,

2480 1951 2733 2020 Ἰωάννην
2772 1954 2862 2003 τὸν
2894 1954 3111 2022 κόμητα
3151 1958 3209 2007 ἐν
3248 1958 3314 2025 τῇ
3340 1956 3531 2008 στάσει
3556 1958 3669 2008 τῶν
3708 1959 4060 2027 στρατιωτῶν

2468 2043 2629 2105 αὐτὸς
2694 2045 3097 2112 κατεμήνυσεν·
3162 2044 3495 2109 δωδέκατον,
3548 2045 3632 2098 ὅτι
3676 2044 3800 2098 οὔτε
3848 2045 4060 2117 προῖὼν

2466 2134 2675 2201 ηὔξατο
2724 2138 2803 2197 είς
2856 2136 2956 2202 τὴν
2988 2137 3289 2206 ἐκκλησίαν
3321 2137 3446 2189 οὔτε
3473 2138 3683 2190 εἰσιώνο
3743 2140 4062 2205 τρισκαιδέ-

2466 2242 2656 2289 κατον,
2688 2226 2770 2278 ὅτι
2805 2226 2932 2279 ἄνευ
2985 2227 3371 2298 θυσιαστηρίου
3417 2231 3753 2299 χειροτονίας
3792 2231 4061 2284 διακόνων

2468 2320 2560 2371 καὶ
2585 2320 2969 2389 πρεσϐυτέρων
3015 2321 3258 2391 ἐποίησε·
3304 2321 3923 2391 τεσσαρεσκαιδέκατον,
3972 2323 4059 2375 ὅτι

2468 2408 2525 2459 ἐν
2556 2410 2657 2478 μιᾷ
2722 2411 3029 2479 χειροτονίᾳ
3097 2410 3188 2480 [26
3240 2408 3334 2481 IL]
3399 2411 3675 2480 τέσσαρας
3724 2412 4064 2472 ἐπισκόπους

2468 2501 2713 2570 ἐποίησε·
2745 2502 3252 2566 πεντεκαιδέκατον,
3281 2502 3361 2553 ὅτι
3393 2500 3605 2570 δέχεται
3662 2504 3929 2568 γυναῖκας
3965 2519 4070 2570 μο-

2468 2593 2815 2662 νοπρὸσμονα
2853 2594 2936 2657 ³⁸,
2975 2592 3185 2654 πάντας
3230 2592 3510 2645 ἐκϐάλλων
3550 2592 3618 2623 ³⁹¹
3648 2592 3771 2654 {Eur
3815 2591 4069 2656 ἑξκαιδε-

2470 2700 2667 2743 κατον,
2697 2685 2778 2735 ὃτι
2813 2684 2911 2746 τὴν
2944 2684 3309 2753 κληρονομίαν
3334 2682 3433 2752 τὴν
3463 2684 3573 2735 ἀπδ
3586 2685 3632 2715 ⁸⁸
3650 2683 3857 2746 Θέκλας
3885 2703 4065 2737 κατα-

2470 2774 2779 2844 λειφθεῖσαν
2807 2776 3057 2846 πέπρακε
3084 2776 3171 2827 διὰ
3206 2775 3520 2827 Θεοδούλου·
3556 2776 4060 2839 ἑπτακαιδέκατον,

2469 2866 2549 2917 ὅτι
2574 2866 2641 2918 τὰ
2676 2867 2933 2935 προσόδια
2950 2867 3047 2933 τῆς
3064 2866 3391 2935 Ἐκκλησίας
3414 2866 3588 2929 οὐδεὶς
3612 2863 3718 2919 οἶδε
3747 2867 3849 2919 ποῦ
3872 2869 4064 2938 ἀπῆλ-

2471 2958 2582 3010 θεν·
2602 2959 3068 3012 ὀκτωκαιδέκατον
3083 2961 3163 3011 ὅτι
3189 2959 3518 3028 Σαραπίωνα
3539 2958 3641 3011 ὑπὸ
3660 2958 3911 3028 ἔγκλημα
3928 2960 4066 3012 ὅντα

2471 3046 2841 3116 πρεσϐύτερον
2862 3049 3286 3118 ἐχειροτόνησεν·
3312 3048 3808 3112 ἐννεακαιδέκατον,
3824 3051 3910 3101 ὅτι
3931 3053 4063 3113 τοὺς

2471 3138 2823 3199 κοινωνικούς
2886 3139 2987 3206 τῆς
3042 3137 3370 3207 οἰκουμένης
3422 3141 3562 3190 κατά
3608 3139 3836 3209 γνώμην
3888 3140 4063 3191 αὐτοῦ

2470 3228 2887 3296 ἐγκλεισθέντας
2920 3229 3031 3293 ζκαὶ
3091 3228 3521 3298 τελευτήσαντας
3572 3232 3629 3282 ἐν
3680 3232 3747 3299 τῇ
3835 3230 4061 3300 φυλακῇ

2470 3322 2721 3390 ὑπερεῖδε
2754 3360 2770 3385 ,
2818 3319 2913 3372 καὶ
2970 3319 3089 3371 οὐδὲ
3146 3320 3468 3389 προπέμψαι
3499 3322 3542 3352 ⁸⁸
3596 3321 3666 3374 τὰ
3716 3322 4061 3390 σκηνώματα

2468 3411 2646 3465 αὐτῶν
2676 3412 3016 3482 κατηξίωσεν
3042 3412 3107 3442 ⁸⁸·
3168 3414 3434 3475 εἰκοστὸν,
3468 3414 3550 3465 ὅτι
3606 3413 3698 3465 τὸν
3748 3413 4061 3480 ἁγιώτατον

2481 3504 2733 3556 Ἀκὰκιον
2765 3503 2952 3573 ὕϐρισε
2984 3504 3079 3557 καὶ
3128 3502 3253 3556 οὔτε
3298 3503 3460 3571 λόγου
3514 3505 3819 3573 μετέδωκεν
3876 3506 4056 3573 αὐτῷ·

2468 3596 2709 3645 εἰκοστὸν
2729 3595 2965 3663 πρῶτον,
2980 3596 3061 3647 ὅτι
3080 3595 3387 3664 Πορφύριον
3405 3596 3493 3647 τὸν
3517 3596 3789 3666 πρεσϐύτε
3800 3614 3891 3664 ρον
3909 3613 4061 3665 παρ-

2468 3685 2667 3738 έδωκεν
2698 3685 2984 3755 Εὑτροπίῳ
3007 3686 3373 3756 ἐξορισθῆναι·
3396 3687 3639 3740 εἰκοστὸν
3662 3687 3935 3758 δεύτερον,
3969 3689 4060 3741 ὅτι

2468 3779 2563 3831 καὶ
2604 3778 2854 3848 Βενέριον
2884 3780 2931 3810 ⁸³
2964 3778 3339 3849 πρεσϐύτερον
3366 3779 3650 3847 παρέδωκε
3682 3779 3803 3849 μεθ’
3838 3780 4006 3849 ὕϐρει.
4028 3798 4060 3842 ς

2468 3871 2689 3940 πολλῆς
2738 3870 2980 3923 εἰκοστὸν
3031 3869 3237 3939 τρίτον,
3281 3871 3362 3923 ὅτι
3417 3871 3565 3941 αύτῷ
3632 3872 3777 3942 μόνῳ
3825 3872 4060 3942 λουτρὸν

2468 3963 2811 4023 ὑποκαίεται,
2839 3962 2933 4013 καὶ
2969 3962 3110 4030 μετά
3141 3962 3203 4013 τὸ
3246 3960 3537 4014 λούσασθαι
3564 3963 3726 4015 αὑτὸν
3754 3965 4061 4033 Σαραπίων

2466 4053 2688 4107 ἀπολύει
2711 4054 2754 4083 ⁵⁵
2774 4053 2872 4121 τήν
2897 4052 3149 4120 ἔμϐασιν,
3173 4052 3314 4104 ὥστε
3340 4053 3497 4107 ἀλλον
3524 4054 3645 4106 τινὰ
3680 4055 3753 4125 μὴ
3770 4055 4055 4107 λούεσθαι·

2472 4144 2717 4196 εἰκοστὸν
2761 4144 3043 4212 τέταρτον,
3078 4144 3161 4196 ὅτι
3201 4143 3428 4207 πολλοὺς
3471 4146 3804 4215 ἀμαρτύρως
3839 4148 4060 4216 ἐχειρο-

2468 4236 2596 4305 τόνη
2608 4253 2717 4287 σεν·
2763 4237 3006 4287 εἰκοστὸν
3027 4236 3301 4304 πέμπτον,
3318 4236 3399 4289 ὅτι
3432 4237 3589 4305 μόνος
3609 4236 3774 4289 ἐσθίει
3798 4238 4058 4301 ἀσώτως,

2470 4324 2577 4388 ζῶν
2595 4324 2916 4378 Κυκλώπων
2940 4324 3072 4393 βίον·
3096 4325 3342 4377 εἰκοστὸν
3362 4325 3519 4377 ἐκτον
3539 4326 3621 4377 ὃτι
3638 4326 3802 4387 αὐτὸς
3820 4342 4063 4394 κατηγο-

2474 4418 2575 4488 ρεῖ,
2594 4416 2755 4479 αὐτὸς
2788 4419 3078 4487 μαρτυρεῖ,
3105 4417 3268 4478 αὐτὸς
3284 4416 3640 4485 ἀποφαίνεται
3660 4416 3774 4486 (καὶ
3798 4414 3960 4485 δῆλον
3990 4420 4065 4469 ἐκ

2399 4539 2438 4591 D
2470 4508 2580 4560 τῶν
2613 4507 2742 4577 περὶ
2777 4508 3094 4578 Μαρτύριον
3118 4508 3211 4559 τὸν
3252 4508 3704 4577 πρωτοδιάκονον,
3736 4509 3831 4561 καὶ
3856 4509 4066 4561 ἐκτῶν

2474 4616 2538 4649 πε
2550 4598 2603 4668 pl.
2624 4600 3000 4669 Προαιρέσιον,
3028 4600 3181 4668 φασὶ,
3199 4600 3291 4651 τὸν
3310 4599 3515 4662 Λυκίας
3536 4599 3879 4668 ἐπίσκοπον)ο
3902 4602 4065 4651 είκο-

2093 4727 2326 4783 VARIE
2356 4729 2649 4785 LECTION
2658 4731 2759 4785 ES.

858 4831 902 4861 ιι
924 4847 1031 4882 των
1065 4828 1363 4902 κειμηλίων
1394 4826 1458 4880 Α,
1602 4821 1660 4902 ἃ]
1683 4821 1841 4902 ἂ-ὁιςὶ.
1920 4821 1964 4851 ⁸⁸
1980 4822 2497 4902 αὐτρπαρακλήτους
2525 4842 2635 4902 mg.
2656 4825 2940 4902 editorum.
2963 4894 2974 4902 _
3020 4823 3427 4902 ξ’(ίιπεκάλει-ς·ζ
3500 4824 3545 4853 ³⁸
3574 4824 3977 4902 ὠριοφόριονμςῖἶ
4017 4828 4070 4859 ³⁵

1491 4894 1558 4925 ³’⁴
1633 4892 1880 4946 ἐκϐαλὼν
1912 4908 1971 4953 ς.

791 4900 957 4968 μόνας
987 4900 1124 4969 πρὸς
1157 4899 1325 4965 μόνας
1354 4913 1414 4959 ς.
1491 4899 1558 4925 ³¹⁹
1633 4899 1880 4946 ἐκϐαλὼν
1912 4908 1971 4953 ς.
2048 4899 2094 4922 ’ν
2119 4899 2193 4945 ἀπ

791 4986 881 5021 σεν
912 4988 973 5029 ς.
1050 4970 1095 5000 ⁸³
1136 4968 1383 5029 Βερένιον
1414 4983 1474 5029 ς.
1544 4964 1589 5000 ⁸⁸
1617 4962 1895 5016 ἀποκλείει
1924 4975 2033 5029 mg.
2069 4964 2193 5015 edd.

787 4986 881 5021 σεν
912 4988 973 5034 ς.
1034 4968 1095 5000 ί¹⁵³
1136 4968 1383 5037 Βερένιον
1414 4983 1474 5030 ς.

2048 4891 2094 4922 ’⁵ο
2119 4890 2248 4963 ἀπὸ]
2281 4890 2502 4961 praestat
2532 4890 2656 4947 ὑπό.

2732 4896 2775 4926 ⁸⁸
2800 4892 3121 4964 προπέμψαι
3146 4906 3264 4961 pOSt
3289 4892 3469 4945 αὐτῶν
3496 4892 3643 4961 ponit
3673 4912 3731 4958 ς.

3807 4895 3853 4925 δ’
3886 4896 4072 4965 usam-

2297 5078 2533 5139 ΝΟΤᾸΞ.

861 5176 973 5247 (l6)
1010 5177 1084 5231 De
1133 5175 1389 5247 quovide
1436 5172 1667 5247 Niccpli.
1717 5169 1982 5247 lib._1t_ttt,
2030 5185 2150 5241 cap.
2179 5170 2233 5237 9,
2268 5172 2367 5226 sub

791 5239 884 5311 lin,
917 5239 969 5301 et
1000 5239 1196 5315 Georg.
1227 5246 1491 5315 Alexa_ud.
1524 5242 1648 5296 inlr.
1677 5240 1799 5315 cod.
1828 5239 1917 5293 96.

861 5310 973 5387 (l7)
1014 5310 1258 5387 Δεκανοὶ,
1290 5313 1356 5387 S._
1382 5311 1644 5381 Epiphan.
1689 5310 1872 5387 lib._iu
1902 5320 2147 5387 extremo
2181 5320 2370 5365 contra

790 5379 983 5443 htc'res'.
1021 5392 1083 5452 f.,
1113 5389 1163 5440 οί
1194 5386 1263 5437 τὰ
1294 5379 1524 5455 σώματα
1552 5379 1999 5455 περιστέλλοντες
2026 5380 2135 5455 τών
2165 5398 2373 5455 κοιμωτ

796 5461 993 5527 μένων.
1056 5449 1118 5513 Et
1174 5449 1493 5517 Novel.‘69,
1547 5449 1642 5527 qui
1690 5467 1823 5527 cum
1882 5449 2218 5527 ἀκολούθοις,
2261 5449 2385 5527 ’καί

792 5519 1138 5600 ἀσκητρίαις,
1178 5519 1612 5600 καὶ-κανονικαῗς
1635 5523 1907 5592 κάμνουσι
1964 5521 2096 5592 περὶ
2137 5522 2235 5587 τὴν
2263 5519 2373 5573 τῶν

782 5598 1060 5667 λειψάνων
1075 5598 1340 5668 ἐκφοράν.

864 5662 978 5738 (l8)
1036 5662 1409 5738 Olympiadem
1453 5662 1932 5738 atqueNicetam,
1964 5671 2017 5717 et
2056 5662 2187 5718 alias
2212 5663 2370 5718 beato

796 5734 989 5793 Joantii
1020 5734 1391 5793 ministrantes
1425 5734 1695 5802 intelligit.

869 5809 981 5880 (l9)
1024 5808 1154 5867 Vide
1180 5806 1464 5865 Socratem
1500 5806 1593 5862 lib.
1626 5818 1710 5858 vn.

2544 5174 2656 5245 (20)
2712 5172 3229 5245 Τοὺςκοινωνικοὺς
3274 5172 3373 5239 τῆς
3405 5172 3751 5245 οί-κουμένης,
3795 5188 3934 5245 quos
3968 5190 4080 5232 se-

2472 5242 2691 5315 queritis
2737 5244 2896 5315 libelli
2935 5262 2983 5295 c.
3021 5243 3108 5315 ill,
3149 5242 3499 5315 κοινωνικούς
3558 5242 3660 5315 τῇς
3700 5243 4079 5314 Ἐκκλησίας,

2474 5312 2524 5369 id
2556 5326 2659 5375 est,
2708 5314 3049 5375 καθολικοὺς,
3091 5312 3325 5365 lsaacius
3378 5321 3556 5366 vocat.
3595 5312 3717 5366 Illos
3747 5312 3943 5381 uetnpe
3979 5312 4083 5373 ui-

2472 5386 2547 5438 cit
2576 5402 2605 5438 a
2638 5383 2940 5454 TlteOphilo
2984 5381 3290 5454 submissos
3326 5382 3620 5437 Catholicae
3652 5386 4084 5454 cottttnuttionis

2475 5451 2806 5517 monachos,
2844 5454 3152 5522 Longorum
3210 5451 3465 5522 fratrum,
3509 5454 3653 5507 velut
3701 5452 4084 5522 Origenista-

2481 5539 2599 5598 rum
2640 5520 3024 5598 accusatores;
3044 5522 3267 5598 _(_J_e_rtuut
3300 5520 3352 5575 id
3379 5535 3443 5575 ex
3472 5522 3734 5589 Palladio,
3766 5520 3825 5577 et
3853 5522 4081 5598 Georg.

2481 5595 2632 5648 Alex.
2666 5594 2790 5647 infr.
2828 5596 2951 5648 cod.
2989 5591 3171 5646 XCVI.

2554 5665 2665 5733 (τί)
2701 5664 3108 5733 Berrtimensem
3140 5661 3310 5733 episc.

2552 5729 2913 5856 Seigmtiausas
2962 5731 3122 5785 affert
3170 5729 3369 5800 Georg.
3409 5732 3679 5789 Alexand.
3720 5734 3771 5787 iu
3806 5733 3917 5788 vita
3957 5736 4084 5793 inf.

2483 5807 2601 5859 cod.
2642 5804 2770 5858 XCI.
