4210 6442
802 428 904 495 119

1900 428 2161 488 ΡΗΟΤΙΙ
2203 424 2711 485 ΡΑΤΒῘΑΒΟΗᾹΞ
2751 428 2861 487 CP.

3943 431 4049 492 RD

796 559 917 599 cuiu
952 544 1091 611 21a
1150 540 1266 595 fero
1332 540 1486 595 leone
1510 541 1824 617 .inenndam
1874 540 2201 606 composuit.
2265 537 2430 591 iiIeA

2470 538 2751 607 καθίστησι
2777 538 2867 589 τὸν
2896 540 3141 592 νεανίαν
3174 543 3201 594 6
3220 541 3275 595 δέ
3307 540 3366 594 τδ
3391 543 3491 610 μὲν
3519 542 3706 611 θηρίον
3762 546 4052 613 κρατήσας

802 648 924 687 vero
959 634 1128 687 feram
1164 648 1444 700 superans.
1480 634 1698 698 occidit,
1756 636 2213 704 deprehensisque
2275 638 2360 689 in-

796 726 971 788 sidiis,
1004 730 1070 780 ad
1114 736 1319 793 patrem
1350 724 1594 791 confugit
1628 746 1641 781 :
1675 742 1782 795 quo
1823 729 1931 781 vita
1968 728 2126 784 simul
2165 737 2218 780 et
2253 730 2355 781 im-

795 822 948 887 perio
981 820 1183 884 functo,
1221 836 1442 887 reg-tum
1482 822 1625 875 filius
1658 824 1893 892 excepit.

866 913 943 967 Eo
968 914 1186 980 potitus,
1223 914 1407 969 Gallos
1454 924 1506 970 et
1539 915 1860 981 Germanos,
1893 927 2079 986 gentes
2106 918 2364 972 finitimas

798 1022 861 1061 ac
890 1009 1174 1071 barbaras,
1226 1008 1277 1061 in
1321 1017 1644 1077 potestatem
1681 1011 1912 1077 redegit.
1960 1012 2186 1080 Cognito
2240 1013 2361 1065 dein

797 1101 1122 1168 impotenter
1156 1115 1221 1154 ac
1247 1100 1528 1170 tyrannice
1560 1102 1795 1156 subditis
1824 1103 2094 1171 imperare
2131 1102 2365 1156 Maxen-

797 1195 927 1247 tium
981 1195 1105 1261 (hic
1138 1204 1255 1261 post
1299 1192 1652 1249 Maximinum
1688 1194 1878 1250 Romae
1923 1196 2363 1264 dominabatur),

796 1284 1199 1349 expeditionem
1229 1285 1488 1338 adversus
1509 1298 1632 1339 eum
1669 1286 1926 1353 suscepit,
1960 1301 2148 1352 poenas
2183 1294 2367 1355 tyran-

801 1375 942 1427 nidis
975 1374 1026 1427 in
1076 1375 1325 1429 subditos
1351 1384 1667 1429 exacturus.
1705 1374 1825 1429 Mox
1878 1376 2060 1440 praelio
2096 1377 2364 1440 superior,

796 1465 850 1518 in
903 1464 1082 1530 fugam
1113 1477 1405 1536 tyrannum
1458 1466 1751 1520 convertit.
1816 1466 1911 1523 ille
1963 1483 2091 1520 vero
2127 1467 2365 1533 fugiens,

795 1571 953 1625 quem
1009 1557 1259 1610 hostibus
1310 1572 1407 1624 per
1460 1556 1641 1611 dolum
1695 1558 1972 1611 interitum
2029 1558 2369 1611 machinatus

793 1662 895 1711 est,
926 1650 1041 1715 ipse
1078 1651 1295 1715 reperit,
1327 1652 1378 1701 in
1412 1650 1641 1710 foveam,
1675 1663 1834 1714 quam
1894 1650 2015 1702 aliis
2061 1658 2365 1718 paraverat,

795 1739 1026 1793 delatus.
1072 1740 1240 1805 Hujus
1271 1749 1431 1804 caput
1464 1739 1692 1792 Romani
1730 1755 1757 1790 a
1789 1754 2015 1806 corpore
2071 1750 2364 1800 resectum,

796 1827 1069 1897 hastmqne
1124 1829 1457 1897 impositum,
1518 1844 1615 1894 per
1674 1831 1865 1883 urbem
1928 1830 2257 1897 gestabant:
2312 1839 2442 1921 etB

794 1921 988 1975 victori
1035 1921 1395 1977 Constantino
1453 1924 1682 1978 libentes
1720 1939 1779 1980 se
1815 1939 1878 1979 ac
1908 1924 2150 1980 volentes
2201 1925 2364 1978 etiam

798 2013 958 2083 hujus
990 2016 1139 2084 regni
1171 2017 1361 2071 incola:
1396 2016 1741 2073 dediderunt.

868 2197 1068 2251 Audito
1127 2212 1343 2251 rursum
1397 2198 1664 2254 Licinium
1714 2218 1930 2271 quoque
1976 2206 2265 2260 crudeliter
2314 2216 2370 2261 et

800 2289 1093 2345 inhumane
1132 2292 1245 2345 suis
1272 2290 1445 2355 abuti,
1481 2295 1565 2345 cui
1606 2310 1731 2363 pars
1758 2296 1844 2349 illa
1882 2297 2094 2364 imperii
2127 2298 2366 2353 obvene—

796 2392 900 2446 rat,
933 2398 1097 2452 quam
1123 2383 1452 2439 Maximinus
1497 2387 1579 2455 (is
1614 2388 1704 2455 qui
1734 2388 2095 2445 Constantino
2122 2406 2217 2459 per
2252 2392 2368 2446 leo-

798 2488 918 2527 nem
951 2475 1175 2529 insidias
1212 2479 1521 2543 struxerat)
1566 2488 1829 2540 tenuerat,
1858 2490 2201 2549 mortemque
2222 2484 2370 2537 obie-

795 2576 879 2619 rat
916 2584 929 2619 :
962 2582 1068 2620 non
1122 2568 1299 2623 ferens
1355 2568 1753 2623 intolerandam
1806 2574 2020 2628 civibus
2053 2574 2158 2627 vim
2201 2586 2366 2644 atque

798 2654 1052 2719 iniuriam
1081 2656 1291 2722 inferri,
1346 2660 1531 2725 copias
1566 2661 1690 2714 item
1723 2672 1913 2718 contra
1963 2666 2107 2720 hunc
2158 2668 2367 2736 eduxit,

797 2761 905 2809 quo
970 2747 1311 2815 tyrannidem
1376 2748 1620 2815 legitimo
1676 2764 2041 2809 commutaret
2116 2758 2367 2825 imperio.

796 2833 1040 2889 Licinius
1075 2850 1228 2902 vero,
1286 2836 1561 2891 intellecta
1601 2840 1651 2894 in
1703 2855 1762 2895 se
1807 2842 2172 2911 expeditione,
2224 2857 2367 2901 metu

797 2927 1093 2992 perculsus,
1182 2927 1581 2984 immanitatem
1660 2934 1836 2997 texit,
1908 2935 2371 3005 humanitatisque

796 3020 1031 3074 speciem
1068 3018 1379 3087 praeferens,
1432 3020 1785 3089 jureiurando
1823 3025 1987 3079 etiam
2024 3042 2083 3080 se
2135 3029 2372 3083 obstrin-

796 3109 899 3170 xit,
934 3111 1259 3166 clementem
1293 3113 1549 3181 deinceps
1585 3114 1820 3170 subditis
1845 3117 2109 3184 futurum,
2141 3136 2369 3191 qnzeqne

2462 630 2658 691 ἀνεῖλε,
2682 630 2783 697 τῆς
2811 631 2865 682 δὲ
2892 630 3181 699 ἐπιϐουλῆς
3206 633 3528 700 αἰσθόμενος
3552 635 3742 703 φεύγει
3775 634 3911 702 πρὸς
3957 636 4052 687 τόν

2464 722 2692 788 πατέρα.
2725 717 2801 774 Ub
2833 722 2923 773 τὸν
2952 723 3064 781 βίον
3098 724 3343 787 λιπόντος
3395 727 3426 778 6
3457 728 3588 787 παῖς
3613 727 3895 794 ἐκδέχεται
3948 727 4047 795 τὴν

2464 812 2763 881 βασιλείαν.

2535 907 2749 974 Ταύτης
2792 906 2847 958 δὲ
2882 907 3075 970 ἐπιϐάς
3125 908 3365 970 Κελτοὺς
3412 910 3503 961 καὶ
3544 910 3877 978 Γερμανοὺς.
3916 910 4049 977 ἔθνη

2464 998 2731 1067 πρόσοικα
2776 999 2867 1049 καὶ
2898 998 3150 1067 βάρϐαρα
3174 1042 3188 1061 ,
3223 1001 3650 1069 κατεστρέψατο.
3670 1002 3945 1068 Ἀσελγῶς
3982 1003 4041 1054 δὲ

2465 1090 2560 1141 καὶ
2587 1088 2799 1158 βαρέως
2842 1089 2948 1141 τῶν
2978 1089 3232 1159 ὑπηκόων
3278 1090 3471 1159 ἄρχειν
3509 1091 3811 1156 Μαξέντιον
3857 1090 4054 1159 μαθὼν

2470 1174 2643 1249 (οὗτος
2691 1182 2735 1233 δ’
2797 1180 2885 1251 ἄρ’
2946 1176 3014 1250 ἦν
3084 1181 3222 1249 μετὰ
3270 1181 3580 1249 Μαξιμῖνον
3602 1182 3713 1233 τῶν
3755 1183 3813 1233 ἐν
3860 1182 4053 1251 Ῥώμῃ

2466 1273 2743 1335 καταστὰς
2763 1272 2997 1343 κύριος),
3024 1274 3384 1343 ἐστράτευσεν
3412 1273 3498 1325 ἐπ’
3547 1273 3731 1335 αὐτὸν,
3766 1273 3923 1335 δίκας
3952 1275 4055 1340 τῆς

2468 1366 2549 1427 είς
2580 1366 2709 1427 τοὺς
2762 1366 3095 1433 ἀρχομένους
3125 1367 3475 1435 παρανομίας
3508 1366 3903 1435 πραττόμενος.
3938 1366 4053 1418 Καὶ

2472 1456 2617 1527 μάχῃ
2667 1457 2899 1527 νικήσας
2930 1458 2987 1518 ἐς
3013 1457 3192 1526 φυγὴν
3222 1456 3437 1527 ἔτρεψε.
3469 1458 3691 1525 Φεύγων
3731 1458 3808 1518 δέ,
3836 1458 3905 1526 ἢν
3939 1462 4055 1522 τοῖς

2468 1549 2746 1617 πολεμίοις
2773 1549 2935 1609 αὐτὸς
2980 1549 3258 1611 ἀπωλείας
3290 1549 3639 1620 ἐδολορῤάφει
3697 1550 3948 1619 μηχανὴν
3980 1553 4051 1615 ⁸⁸,

2468 1641 2672 1709 ταύτην
2718 1640 2915 1709 εὕρατο
2942 1640 3039 1692 τοῦ
3084 1640 3198 1708 βίου
3232 1644 3638 1711 καταστροφὴν,
3673 1646 3737 1713 τῇ
3784 1647 3916 1713 παρ’
3953 1646 4057 1696 αύ-

2470 1732 2562 1784 τοῦ
2594 1732 3103 1803 κατασκευασθείσῃ
3133 1732 3359 1801 διώρυγι
3412 1731 3746 1801 περιπεσών.
3777 1733 3890 1801 Τὴν
3930 1734 4059 1801 μένο

2469 1839 2549 1873 τοι
2574 1821 2765 1874 τούτου
2823 1822 3066 1889 κεφαλήν
3102 1838 3251 1883 τινες
3284 1821 3393 1874 τῶν
3436 1821 3723 1890 Ῥωμαίων
3748 1824 4058 1891 ἀποτεμόν-

2469 1929 2558 1973 τες
2603 1911 2697 1964 καὶ
2736 1912 2878 1979 ξύλῳ
2914 1913 3251 1981 ἀρτήσαντες
3284 1912 3381 1980 τὴν
3443 1912 3597 1963 πόλιν
3640 1913 4055 1983 περιεπὸλευον.

2470 2005 2865 2071 Κωνσταντίνῳ
2905 2004 3082 2056 δὲκαὶ
3123 2004 3279 2073 ῆδεή
3323 2003 3573 2073 βασιλεία
3615 2005 3913 2075 προθύμως
3957 2006 4059 2059 καὶ

2470 2097 2739 2166 χαίρουσα
2773 2095 3217 2166 προσεχώρησεν.

2556 2187 2709 2239 Ἐπεὶ
2735 2188 2790 2239 δὲ
2823 2188 2915 2240 καλ⁵
2942 2188 3179 2241 Λικίνιον
3211 2189 3377 2258 ὠμῶς
3402 2192 3493 2243 καλ
3524 2190 3909 2259 ἀπανθρώπως
3940 2194 4058 2253 τοῖς

2471 2281 2732 2351 ὑπηκόοις
2776 2283 3224 2352 ἀποκεχρημένον
3267 2284 3595 2337 ἐπυνθάνετο
3641 2277 3830 2355 (οὗτος
3856 2284 3912 2337 δέ
3952 2285 4058 2353 τῆς

2475 2379 2667 2446 μοίρας
2689 2376 2902 2446 ἐκείνης
2932 2378 3298 2440 ἐϐασίλευσεν,
3321 2373 3386 2447 ἧς
3421 2377 3767 2447 Μαξιμῖνοςό
3793 2378 3895 2446 τὴν
3927 2378 4057 2428 ἐπι-

2471 2470 2664 2540 ϐουλὴν
2712 2470 3104 2539 Κωνσταντίνῳ
3149 2470 3236 2523 διὰ
3282 2470 3377 2522 τοῦ
3417 2469 3632 2531 λέοντος
3664 2470 4057 2539 προσενεγκὼν

2470 2564 2777 2629 ἐπεστάτει,
2820 2564 2985 2617 αὑτοῦ
3028 2565 3119 2617 τόν
3163 2566 3276 2634 βίον
3319 2563 3625 2632 λιπόντος),
3666 2567 3762 2617 ούκ
3808 2564 4058 2632 ἐνεγκὼν

2470 2656 2756 2724 ὁμοφύλων
2814 2656 2969 2726 ὖὸριν
3012 2658 3283 2727 ἀφόρητον
3330 2660 3650 2728 ἐστράτευεν
3704 2660 3788 2710 ἐπ’
3848 2660 4051 2723 αὑτὸν,

2471 2751 2568 2813 τῆς
2598 2749 2911 2815 τυραννίδος
2949 2750 3110 2801 αὐτὸν
3137 2752 3215 2810 είς
3248 2751 3305 2801 τί)
3339 2750 3635 2816 βασιλικῶς
3666 2752 3853 2819 ἄρχειν
3884 2769 4055 2818 μετα-

2474 2837 2878 2907 στησόμενοςυ.
2900 2838 3133 2900 Λικίνιος
3154 2839 3210 2891 δὲ
3240 2839 3337 2907 τὴν
3361 2838 3449 2890 τοῦ
3482 2838 3744 2906 βασιλέως
3775 2842 4057 2909 ἐπιστρα-

2470 2929 2620 2982 τείαν
2650 2928 2897 2990 ἀκούσας
2948 2930 3041 2981 καὶ
3088 2929 3289 2993 δείσας,
3318 2929 3551 2999 ἔκρυπτε
3585 2946 3642 2981 τε
3673 2930 3771 2999 τὴν
3789 2929 4056 2997 ὠμότητα

2472 3020 2881 3090 φιλανθρωπίας
2910 3020 2978 3051 ⁸⁷⁸
3030 3022 3399 3090 προσχήματι.
3431 3022 3523 3073 καὶ
3543 3022 3736 3090 ὅρκους
3772 3022 4056 3075 ὑπέτεινεν

2472 3110 2677 3176 ἀγαθόν
2722 3126 2780 3160 τε
2829 3109 3018 3161 ἐαυτὸν
3057 3112 3167 3170 τοῖς
3210 3110 3314 3161 ὑπὸ
3342 3111 3501 3177 χεῖρα
3544 3109 3924 3179 παρασχέσθαι
3957 3113 4057 3163 καὶ

800 3200 1001 3255 foedere
1035 3201 1141 3255 icto
1167 3203 1525 3271 promisisset,
1564 3205 1773 3274 integre
1793 3218 2153 3263 servaturum.
2182 3211 2379 3277 Quam-
2410 3195 2442 3251 C

2485 3202 2551 3264 ἃς
2583 3200 2740 3253 ἔθετο
2772 3200 3004 3262 σπονδὰς
3036 3204 3320 3268 συντηρεῖν
3368 3201 3779 3268 ἀπαραϐάτους.
3811 3202 3902 3254 Διδ
3927 3204 4055 3253 τότε

797 3294 983 3347 nbrem
1048 3293 1185 3349 bello
1245 3295 1693 3362 tuncimperator
1722 3299 2005 3353 abstinuit.
2039 3298 2368 3355 Posttamen

800 3386 893 3451 (ut
927 3386 1317 3451 conquiescere
1358 3387 1679 3453 improbitas
1728 3389 1952 3458 nequit)
1992 3390 2175 3443 violati
2203 3391 2369 3456 juris-

793 3476 1013 3540 jurandi
1046 3492 1222 3539 reum,
1277 3488 1439 3544 atque
1495 3476 1547 3529 in
1603 3493 1764 3533 omne
1818 3478 2137 3549 flagitiorum
2200 3496 2370 3546 genus

799 3567 1098 3637 delapsum,
1134 3568 1446 3638 ingentibus
1494 3569 1693 3637 przeliis
1731 3584 2073 3639 oppugnans,
2113 3569 2370 3625 Nicome-

802 3660 903 3712 diae
950 3660 1238 3723 inclusum,
1287 3658 1523 3715 obsedit.
1561 3659 1698 3713 Hinc
1748 3661 2008 3731 supplicis
2061 3663 2245 3716 habitu
2303 3665 2368 3717 ad

800 3750 1222 3805 Constantinum
1277 3751 1525 3820 fugienti,
1578 3753 1892 3817 ademptum
1936 3753 2221 3822 imperium
2260 3766 2364 3818 est,

797 3850 854 3895 et
882 3842 1240 3897 Constantino
1276 3841 1474 3912 Magno
1501 3843 1781 3897 traditum.
1826 3842 1940 3907 Sic,
1980 3847 2209 3914 quaesito
2259 3848 2372 3917 pri-

798 3936 921 3989 dem
950 3934 1113 4005 digno
1160 3936 1511 4003 imperatore,
1548 3935 1649 3989 sibi
1706 3937 1920 3992 tandem
1956 3938 2045 3992 ille
2082 3938 2193 4006 jam
2229 3941 2369 3994 dicta

798 4026 1025 4093 imperia
1067 4026 1247 4078 omnia
1278 4025 1599 4079 vindicavit.
1662 4024 1906 4081 Patrium
1956 4028 2100 4083 enim
2144 4045 2369 4101 regnum

796 4118 1131 4171 hatreditatis
1184 4118 1303 4183 jure
1351 4118 1506 4180 adiit,
1563 4119 1866 4173 Romanum
1925 4121 2110 4185 etiam,
2181 4137 2371 4177 everso

796 4206 1089 4262 Maximino
1154 4208 1307 4276 (62),
1364 4208 1584 4263 Graecia:
1638 4226 1853 4281 quoque
1908 4226 1971 4266 ac
2024 4210 2369 4279 Macedonim,

796 4300 1128 4369 minorisque
1149 4300 1312 4359 Asiae,
1344 4308 1531 4365 exuto,
1570 4308 1624 4353 nt
1657 4302 1911 4366 diximus,
1938 4317 2107 4366 regno
2140 4303 2367 4358 Licinio.

796 4387 1177 4442 Verumtamen
1235 4397 1289 4441 et
1340 4388 1565 4441 alterius
1616 4391 1807 4457 partis,
1861 4392 1945 4445 cui
2004 4390 2369 4445 Diocletianus

2476 3292 2574 3359 μέν
2612 3292 2640 3342 6
2677 3291 2929 3358 βασιλεὺς
2979 3291 3191 3359 ἀπέστη
3231 3290 3324 3342 τοῦ
3365 3292 3625 3359 πολεμεῖν
3655 3308 3670 3323 ·
3710 3291 3939 3361 ὕστερον
3972 3295 4055 3355 δὲ.

2473 3380 2594 3432 ἐπεὶ
2625 3381 2789 3431 κακία
2828 3382 3054 3449 ἠρεμεῖν
3082 3380 3178 3448 ούχ
3207 3382 3293 3433 οία
3323 3381 3381 3433 τέ
3430 3383 3566 3442 ἐστι,
3600 3383 3692 3433 καὶ
3716 3382 3823 3434 τῶν
3872 3384 4057 3452 ὅρκων

2471 3472 2798 3541 ὴφειδηκότα
2836 3470 2930 3523 καὶ
2974 3472 3031 3533 ἐς
3070 3474 3177 3524 πᾶν
3204 3473 3503 3542 κακότητος
3550 3472 3848 3541 ἐληλακότα
3878 3493 4053 3529 καται

2472 3565 2785 3633 πολεμήσας
2834 3564 3033 3633 μάχαις
3082 3567 3375 3633 καρτεραῖς
3413 3564 3459 3597 ⁸⁸
3488 3566 3577 3617 καὶ
3610 3568 3667 3618 ἐν
3709 3568 3771 3635 τῇ
3803 3566 4057 3637 Νικομη-

2471 3656 2588 3725 δεία
2657 3656 2979 3722 συγκλείσας
3041 3655 3367 3722 ἐπολιόρκει.
3428 3657 3699 3708 Κάκεῖθεν
3749 3658 3805 3708 ἐν
3871 3658 4055 3710 ίκέτου

2473 3746 2609 3816 πρὸς
2645 3744 2864 3814 βασιλέα
2896 3745 3279 3813 καταφυγόντα
3318 3745 3559 3813 σχήματι
3592 3745 3885 3795 κατέλιπεν
3921 3744 3967 3776 ⁸⁸
4019 3747 4055 3815 ἡ

2474 3838 2740 3908 βασιλεία,
2779 3838 2872 3890 καὶ
2912 3836 3109 3904 συνέϐη
3136 3837 3227 3888 τὸν
3269 3837 3460 3903 Μέγαν
3494 3837 3919 3897 Κωνσταντῖνον,
3954 3836 4058 3903 τῆς

2476 3927 2717 3997 μεγάλης
2748 3927 2919 3995 ἀρχῆς
2946 3926 3036 3977 τίιν
3062 3926 3209 3991 ἀξιον
3228 3926 3609 3994 ἐπιζητούσης,
3637 3929 3715 3987 είς
3739 3926 3931 3978 ἐαυτὸν
3955 3927 4057 3990 τὰς

2472 4020 2768 4089 εἰρημένας
2812 4017 3080 4086 βασιλείας
3111 4017 3538 4069 ἐπισπάσασθαι·
3564 4018 3657 4085 τῆς
3691 4035 3747 4069 τε
3793 4018 3900 4087 γὰρ
3944 4035 4054 4070 πα-

2472 4111 2652 4181 τρῴας
2670 4109 3005 4178 κληρονόμος
3037 4109 3272 4175 ἐγένετο,
3307 4111 3401 4161 καὶ
3435 4110 3532 4177 τῆς
3554 4110 3844 4178 Ῥωμαίων
3878 4130 4054 4165 κατα-

2472 4200 2635 4261 λύσας
2656 4198 3243 4265 Μαξιμῖνον,-”Ελλάδος
3294 4217 3352 4251 τε
3377 4201 3469 4252 καὶ
3491 4201 3827 4263 Μακεδονίας
3846 4200 3938 4272 [65
3957 4202 4051 4275 UL]

2472 4295 2564 4345 καὶ
2602 4294 2699 4359 τῆς
2734 4293 2884 4343 κάτω
2933 4292 3117 4354 Ἀσίας
3146 4292 3466 4361 παραλύσας
3504 4294 3599 4361 τῆς
3627 4294 3799 4363 ἀρχῆς
3829 4296 3923 4347 τὸν
3948 4299 4017 4366 ρη
4036 4326 4049 4335 -

2473 4383 2632 4435 θέντα
2666 4383 2923 4435 Λικίνιον.
2966 4383 3040 4433 Οὐ
3081 4384 3185 4452 μὴν
3213 4382 3349 4435 άλλά
3383 4386 3471 4435 καὶ
3502 4385 3600 4452 τῆς
3630 4385 3797 4456 ἄλλης
3820 4388 4048 4455 μοίρας,

794 4478 1107 4547 praefuerat,
1168 4479 1453 4545 imperium
1512 4480 1611 4532 sibi
1675 4478 1941 4548 adjunxit.
2013 4480 2143 4535 Nam
2204 4482 2432 4551 etiam‘

2470 4470 2537 4544 ἧς
2569 4470 2705 4543 ἦρχε
2726 4474 3122 4544 Διοκλητιανὺς,
3155 4476 3315 4538 αὐτὸς
3344 4478 3390 4509 ⁹⁰
3425 4478 3719 4546 ἀνεδήσατο
3756 4479 3835 4549 ι31
3874 4479 3964 4551 11.]
3990 4481 4053 4534 τὸ

795 4571 933 4623 hanc
966 4571 1112 4638 216
1161 4570 1284 4623 belli
1312 4570 1435 4639 jure
1464 4569 1756 4625 Maximino
1789 4572 2093 4640 ademptam
2128 4576 2361 4637 tenebat,

795 4662 882 4726 qui
917 4660 1250 4714 Diocletiano
1284 4670 1643 4722 successerat,
1698 4660 1957 4716 Licinius.
2022 4661 2207 4715 Victor
2267 4664 2365 4715 ita-

794 4767 919 4817 que,
947 4759 1000 4804 et
1035 4767 1197 4803 unum
1231 4765 1297 4804 ex
1332 4751 1583 4804 omnibus
1610 4752 1894 4819 imperiunm
1933 4751 2192 4815 conﬂans,
2229 4769 2353 4806 mox

795 4842 1109 4911 Byzantium
1151 4842 1529 4910 cognominem
1560 4841 1662 4896 sibi
1700 4842 1971 4895 civitatem
2000 4842 2142 4897 fecit.
2181 4840 2366 4894 Refert

794 4944 971 4987 autem
1000 4932 1359 5001 Praxagoras.
1398 4933 1610 4986 tametsi
1664 4934 1905 5002 gentium
1962 4940 2123 4986 sectae
2181 4932 2364 4985 adhaz-

796 5038 939 5086 rens,
971 5024 1115 5075 omni
1152 5024 1409 5075 virtutum
1434 5031 1593 5090 atque
1625 5022 1923 5077 honestatis
1948 5036 2170 5093 genere,
2193 5023 2367 5075 omni-

793 5128 897 5182 que
924 5115 1057 5168 adeo
1085 5113 1359 5175 felicitate,
1389 5127 1577 5167 omnes
1598 5114 1821 5168 omnino
1850 5114 1942 5183 qui
1973 5114 2367 5167 antecesserint

795 5206 1182 5274 imperatores,
1245 5206 1400 5260 facile
1469 5207 1795 5262 obscurasse
1855 5206 2273 5261 Constantinum
2338 5221 2355 5261 :

794 5295 985 5363 quibus
1027 5307 1081 5352 et
1114 5299 1218 5353 duo
1251 5297 1416 5367 ipsius
1446 5296 1798 5353 Historiarum
1828 5297 1948 5353 libri
1981 5297 2361 5352 terminantur.

2472 4568 2669 4635 κράτος
2700 4584 2712 4596 ·
2738 4569 2765 4619 6
2788 4566 2895 4633 γὰρ
2924 4568 3159 4629 Λικίνιος
3185 4568 3277 4619 καλ
3300 4568 3503 4635 ταύτην
3530 4566 3673 4637 εἶχεν
3703 4570 3790 4637 ὑφ’
3816 4572 4009 4625 ἐαυτὸν
4032 4613 4049 4637 ,

2471 4654 2777 4724 Μαξιμίνου
2811 4658 2853 4687 ⁹¹
2886 4657 3126 4724 πολέμου
3166 4658 3313 4725 νόμῳ
3360 4658 3595 4724 ἀφελὼν,
3626 4659 3683 4721 ὃς
3728 4660 4051 4726 Διοκλητια-

2470 4748 2559 4799 νοῦ
2590 4748 2827 4815 διάδοχος
2858 4748 3120 4815 ἐγεγόνει.
3152 4751 3571 4819 Κρατυνάμενος
3595 4753 3639 4783 ⁹²
3672 4747 3763 4803 οὖν
3793 4753 3885 4803 καὶ
3914 4753 4050 4821 μίαν

2466 4842 2643 4903 δείξας
2681 4841 2779 4909 τὴν
2816 4842 3106 4909 σύμπασαν
3137 4842 3431 4911 βασιλείαν,
3463 4844 3634 4907 κτίζει
3670 4844 3729 4895 τὸ
3756 4845 4050 4908 Βυζάντιον

2472 4933 2757 5001 ἐπώνυμον
2811 4934 3007 5001 ἐαυτῷ.
3048 4935 3214 5001 Φησλν
3266 4930 3357 4986 οὖν
3389 4936 3416 4985 6
3461 4936 3836 5003 Πραξαγόρας,
3866 4936 4049 4988 καίτοι

2472 5022 2570 5091 τὴν
2599 5023 2896 5091 θρησκείαν
2921 5023 3117 5091 Ἕλλην
3148 5023 3239 5086 ὢν,
3272 5025 3353 5075 ὅτι
3380 5024 3526 5091 πάσῃ
3563 5026 3728 5091 ἀρετῇ
3766 5022 3860 5073 καὶ
3885 5022 4050 5075 καλο-

2472 5112 2710 5182 καγαθία
2744 5114 2837 5166 καὶ
2857 5114 3021 5165 παντὶ
3054 5114 3387 5183 εύτυχήματι
3427 5116 3635 5173 πάντας
3662 5115 3786 5175 τοὺς
3816 5115 3920 5180 πρὸ
3950 5116 4049 5166 αύ-

2470 5204 2565 5257 τοῦ
2653 5204 3106 5273 βεϐασιλευκότας
3192 5209 3218 5258 ὁ
3304 5205 3553 5273 βασιλεὺς
3635 5207 4047 5268 Κωνσταντϊνος

2470 5296 2843 5363 ἀπεκρύψατο.
2888 5298 2974 5349 Ἑν
3011 5291 3089 5357 οἷς
3114 5297 3275 5350 αὑτοῦ
3308 5298 3401 5350 καὶ
3439 5299 3487 5349 oi
3516 5297 3608 5350 δύο
3640 5296 4044 5367 συμπεραιοῦν-

2470 5404 2558 5439 ται
2584 5387 2731 5453 λόγοι
2742 5427 2753 5439 .

2086 5494 2321 5551 νΑιιιΑε
2365 5498 2771 5553 LECTIONES.

863 5586 910 5618 “
946 5589 1056 5663 τοῖς
1078 5588 1203 5663 πολ,
1227 5616 1293 5627 -ο
1317 5584 1567 5663 μηχανὴν
1588 5588 1631 5638 Α
1653 5603 1675 5663 ί
1690 5587 1850 5663 αὐτὸς
1880 5588 2293 5663 τοῖςπολεμίοις
2318 5590 2665 5661 ὲδολορράφει
2693 5591 2938 5663 μηχανὴν
2969 5594 3063 5663 τῆς
3096 5593 3371 5654 ἀπωλείας
3404 5610 3465 5657 ς.
3538 5591 3587 5663 ί⁸⁷
3619 5591 4039 5663 μεταστησάμε-

796 5673 903 5730 νις.
978 5655 1049 5730 '_"‘
1086 5655 1342 5730 ὠμότητα
1374 5659 1463 5730 καλ
1490 5655 1898 5730 φιλανθρωπίας
1938 5674 1999 5730 ς.
2078 5659 2125 5690 ⁸⁸
2155 5655 2539 5730 κρατεραῖς
2591 5655 2659 5701 ’⁸ο
2692 5655 3104 5727 κατ’έλείπεν’ς.

801 5727 948 5789 μίνον
977 5724 1346 5780 Casaubonus.
1423 5726 1467 5756 "
1496 5724 1896 5793 κρατυνάμενος
1922 5727 1986 5779 Λ.

3182 5666 3225 5695 ὀ
3260 5663 3418 5725 αὐτὸς
3448 5662 3569 5716 add.
3632 5661 3695 5717 Α.
3774 5662 3817 5692 ’⁸
3867 5661 4044 5725 Magi.

2309 5790 2534 5847 sum.

857 5886 965 5959 (62)
1000 5888 1107 5945 lino
1144 5905 1321 5945 verius
1344 5890 1631 5954 Maxentio,
1657 5906 1716 5945 cx
1752 5890 1988 5946 historia:
2023 5888 2143 5943 ﬁds.
