4210 6442
792 417 894 485 123

1907 423 2170 484 PHOTII
2207 423 2711 486 PATRIARCH/E
2749 425 2859 486 CP.

3949 430 4059 493 124

796 534 939 601 litum
972 529 1268 597 rhetorem,
1298 530 1542 600 aliosque
1571 532 1833 612 classicos
1857 536 2171 603 scriptorcs.
2219 537 2360 591 Mar—

2471 552 2519 589 rs
2557 535 2845 607 Προκοπίῳ
2891 534 2970 605 τῷ
3015 535 3204 607 ῥήτορι
3230 535 3323 589 καὶ
3356 535 3535 601 ἄλλοις
3563 538 3584 570 '
3617 536 3916 608 ἀξιολόγοις
3941 582 3958 606 ,
3989 540 4059 594 τὸ

788 621 988 688 αατίόεε
1022 630 1104 677 est
1127 621 1267 691 apud
1303 621 1690 693 Praxagoram,
1747 623 1985 678 Ionicqu
2010 628 2355 694 scriptorem,

789 711 926 766 libro
950 715 1186 767 secundo
1213 712 1572 767 Historiarum
1594 716 1657 768 de
1675 715 1776 769 vita
1801 714 2137 769 Constantini
2154 716 2358 786 Magni,

788 812 843 855 et
878 802 1012 857 alios
1047 803 1174 857 item
1196 814 1468 859 auctores.
1493 802 1802 875 Margaritze
1827 820 1956 860 vero
1981 807 2234 876 [rapiens
2254 817 2360 874 est,

790 904 845 947 et
869 908 897 946 a
927 893 1110 948 multis
1141 905 1481 963 usurpatum.
1521 914 1540 947 ι

860 982 1065 1040 Dehinc
1102 994 1221 1054 post
1257 986 1495 1041 Perozen
1530 986 1798 1049 Cabades,
1833 987 2090 1042 minimus
2123 1000 2254 1042 natu
2296 989 2363 1042 ﬂ-

791 1075 917 1137 lius,
978 1090 1203 1143 regnum
1264 1077 1498 1144 excepit.
1542 1076 1589 1130 Is
1638 1078 1958 1131 violatarum
2010 1078 2185 1149 legum
2241 1096 2365 1134 reus

791 1164 986 1229 factus,
1021 1166 1074 1219 in
1115 1167 1439 1231 custodiam,
1487 1169 1571 1222 cui
1619 1167 1820 1223 Lethes
1857 1185 2076 1234 nomen,
2116 1172 2184 1224 ab
2231 1172 2366 1240 ipsis

795 1253 973 1308 Persis
1012 1254 1230 1321 missus,
1275 1257 1463 1311 uxoris
1507 1259 1723 1312 tandem
1768 1258 1953 1312 fraude
1993 1260 2251 1327 dilapsus,
2298 1262 2364 1316 ad

794 1343 1094 1401 Eutlialitas
1135 1348 1384 1416 confugit
1415 1368 1428 1403 :
1463 1365 1692 1419 quorum
1727 1366 1849 1405 cum
1897 1352 2167 1421 ingentem
2200 1353 2365 1407 colle-

793 1436 959 1505 gisset
1004 1439 1327 1505 exercitum,
1377 1455 1535 1509 quem
1577 1441 1629 1494 iu
1682 1440 1880 1496 Persas
1919 1444 2092 1505 duxit,
2136 1459 2363 1513 regnum

794 1526 911 1580 sine
945 1541 1119 1599 pugna
1174 1531 1513 1599 recuperavit
1543 1550 1555 1584 :
1592 1539 1645 1585 et
1686 1532 1877 1586 Blasen
1909 1532 2095 1587 Perozi
2141 1534 2364 1588 fratrem

788 1617 897 1683 jam
925 1629 1034 1671 tum
1056 1634 1152 1689 pro
1173 1634 1230 1675 se
1259 1632 1595 1691 regnantem,
1625 1625 1899 1678 desertum
1920 1640 1946 1677 a
1976 1627 2089 1679 suis
2118 1637 2367 1694 captum-

791 1723 917 1776 que,
950 1709 1074 1763 oleo
1109 1712 1340 1766 [ει-νοηιί
1377 1713 1426 1765 in
1452 1713 1641 1767 oculos
1672 1714 1838 1768 misso
1873 1715 1978 1783 (sic
2009 1717 2153 1769 enim
2180 1715 2364 1772 Persis

2459 626 2515 677 δὲ
2544 627 2872 695 μαργαρίδαι
2904 627 3056 695 παρά
3102 644 3161 679 τε
3206 628 3534 700 Πραξαγόρᾳ
3578 630 3842 694 ιωνίξοντι
3872 634 3933 684 ἐν
3981 635 4058 702 τῇ

2462 716 2598 781 Περὶ
2627 719 2734 767 νόν
2754 716 2954 784 Μέγαν
2971 717 3429 769 Κωνσταντῖνον
3448 719 3930 791 δευτέρᾳΊστορίᾳ,
3956 725 4061 773 καὶ

2462 807 2593 875 παρ’
2636 805 2835 867 ἄλλοις.
2866 808 2931 858 Ui
2972 806 3029 859 δι
3072 810 3405 877 μαργαρῖται
3436 808 3663 877 σύνηθες
3686 810 3779 862 καὶ
3820 809 3959 862 πολὺ
3996 812 4060 861 ἐν

2462 899 2527 966 τῇ
2565 897 2779 965 χρήσεμ
2820 915 2839 948 s

2535 985 2670 1042 Εἶτα
2707 990 2846 1057 μετά
2888 989 3137 1057 Περόζην
3178 990 3208 1041 6
3236 988 3500 1051 νεώτατος
3534 989 3629 1061 [52
3659 989 3750 1062 IL]
3782 992 3895 1054 υἱὸς
3930 993 4058 1044 Κα-

2465 1077 2630 1147 ϐἀδης
2673 1077 2749 1140 ὡς
2775 1077 3140 1141 ἐϐασίλευσεν,
3182 1080 3328 1141 ὅπως
3356 1096 3415 1130 τε
3451 1080 3471 1110 ³
3514 1080 3844 1149 παρανομῶν
3879 1082 3961 1142 είς
3995 1080 4061 1131 τὸ

2464 1167 2562 1235 τῆς
2618 1166 2804 1235 Λήθης
2863 1166 3123 1237 φρούριον
3175 1168 3267 1219 ὑπ’
3314 1168 3493 1220 αὐτῶν
3532 1168 3757 1238 Περσῶν
3804 1169 4058 1239 ἐνετέθη,

2466 1259 2614 1320 ὅπως
2640 1275 2699 1310 τε
2725 1256 2903 1309 λαθὼν
2925 1258 3012 1311 διὰ
3041 1258 3144 1327 τῆς
3177 1260 3436 1325 γυναικὸς
3462 1262 3540 1323 είς
3571 1262 3698 1324 τοὺς
3725 1261 4057 1330 Ἐφθαλίτας

2467 1344 2698 1413 ἀπέδρα,
2730 1344 2824 1397 καὶ
2851 1345 2998 1407 ὅπως
3029 1347 3209 1398 ἐκεῖσε
3238 1348 3508 1417 κηδεύσας
3529 1389 3544 1412 ,
3577 1350 3795 1420 στρατῷ
3822 1352 4057 1420 μεγάλῳ

2480 1436 2815 1504 Ἑφθαλιτῶν
2843 1438 2935 1489 ἐπὶ
2970 1438 3185 1505 Πέρσας
3224 1438 3442 1504 ἐλάσας,
3475 1441 3719 1511 ἀμαχητὶ
3748 1443 3850 1511 τὴν
3874 1444 4057 1513 ἀρχὴν

2466 1527 2822 1598 ἀνεκτήσατο,
2852 1529 2946 1581 καὶ
2997 1530 3193 1582 Βλάσιν
3222 1528 3243 1560 ⁵
3271 1530 3365 1582 τδν
3402 1532 3641 1603 Περόζου
3671 1534 3899 1603 ἀδελφὸν
3937 1537 4056 1587 ἀντ’

2467 1620 2634 1673 αὑτοῦ
2664 1620 3060 1688 βασιλεύσαντα
3088 1622 3297 1693 ἔρημον
3341 1622 3523 1676 λαϐὼν
3549 1624 3657 1677 τῶν
3689 1627 4056 1695 ἀμυνομένων

2467 1712 2824 1778 ὲξετύφλωσε,
2845 1712 2965 1774 ζέον
2982 1712 3161 1766 ἔλαιον
3176 1717 3287 1775 τοῖς
3303 1714 3600 1784 ὀφθαλμοῖς
3611 1717 3982 1786 ήνεῳγμένοις
3998 1718 4057 1749 ⁸⁸

792 1798 1038 1853 solemne
1082 1802 1189 1863 est)
1222 1804 1543 1857 excmcavit.
1606 1805 1737 1869 Quae
1796 1807 2020 1875 insuper
2074 1806 2362 1861 Paeurium

2472 1806 2739 1872 ὲπεγχέας
2759 1820 2773 1833 ⁸
2802 1806 2990 1875 τρόπῳ
3012 1805 3118 1874 γὰρ
3146 1805 3279 1873 τῷδε
3306 1805 3511 1874 Πέρσαι
3536 1807 3850 1874 τυφλοῦσιν.
3872 1810 3957 1861 Τά
3994 1826 4056 1861 τε

794 1891 935 1946 inter
983 1893 1270 1948 Persarum
1338 1910 1518 1966 regem
1584 1908 1639 1952 et
1685 1897 1927 1954 Arsacen
1984 1900 2367 1955 Armeniorum

792 1985 1157 2053 contigerunt.
1187 1986 1362 2055 deque
1403 2004 1679 2057 magorum
1708 1990 1942 2044 consilio
1970 1990 2201 2047 Pacurio
2235 2007 2368 2046 con-

796 2088 875 2130 ira
896 2078 1134 2133 Arsacen
1168 2080 1316 2145 dato,
1354 2081 1456 2136 nisi
1490 2079 1735 2138 fabulosa
1782 2084 1897 2139 haec
1948 2090 2098 2150 sunt,
2147 2085 2375 2155 scripsit

794 2178 1007 2224 auctor.

866 2256 1006 2313 Idem
1037 2260 1127 2315 ille
1174 2259 1423 2315 Cabades
1453 2260 1744 2317 Eutlialitis
1774 2263 1973 2333 ingenti
2025 2280 2135 2319 mre
2173 2265 2374 2321 obstri-

794 2364 935 2418 ctus,
964 2353 1033 2407 ab
1062 2354 1359 2408 Anastasio
1407 2354 1599 2425 imper.
1633 2355 1918 2422 pecuniam
1993 2366 2237 2412 mutuam
2279 2372 2375 2426 po-

797 2442 1042 2499 stulavit.
1075 2445 1248 2511 Quam
1293 2443 1383 2499 ubi
1425 2459 1531 2498 non
1580 2444 1914 2514 impetravit,
1963 2446 2104 2499 nulla
2148 2446 2251 2501 alia
2306 2449 2371 2503 de

798 2549 962 2588 causa
996 2538 1275 2605 repentina
1308 2538 1621 2592 incursione
1644 2538 1838 2592 bonam
1860 2537 2134 2592 Armenias
2161 2551 2371 2609 partem

797 2628 1055 2693 vastavit,
1080 2628 1438 2698 Amidamque
1465 2630 1703 2685 obsedit.
1741 2630 1877 2682 Dum
1911 2644 2040 2684 vero
2061 2631 2129 2684 al)
2161 2647 2250 2695 ea,
2281 2647 2377 2701 po-

796 2719 995 2773 tiundae
1026 2734 1120 2788 spe
1150 2720 1371 2785 amissa,
1406 2721 1633 2784 recedit,
1656 2718 1862 2774 {cadum
1897 2721 2374 2775 meretricularum

796 2812 1164 2880 spectaculum
1203 2810 1460 2865 iterandas
1512 2810 1815 2866 obsidionis
1860 2827 2080 2866 causam
2127 2813 2371 2882 prmbuit.

797 2902 879 2955 lra
911 2902 1074 2971 igitur
1102 2916 1168 2957 ac
1206 2900 1393 2956 furore
1428 2904 1664 2970 percitus
1696 2901 1940 2958 Cabades
1988 2904 2041 2957 in
2090 2906 2376 2960 obsidione

799 2993 1139 3062 perdurans,
1191 2995 1381 3048 urbem
1436 2994 1486 3048 vi
1532 3005 1842 3064 expugnat,
1895 2996 2154 3066 civesque
2190 3012 2378 3052 servos

797 3100 918 3141 esse
953 3086 1127 3156 jubet.
1166 3085 1360 3140 Postea
1393 3094 1571 3139 tamen
1603 3086 1889 3155 plerosque
1925 3088 2170 3157 captivos
2207 3089 2377 3158 gratis

2475 1898 2603 1965 περὶ
2631 1895 2934 1965 Πακουρίου
2966 1896 3059 1948 τοῦ
3096 1896 3321 1966 Περσῶν
3353 1895 3617 1965 βασιλέως
3640 1899 3733 1950 καὶ
3778 1899 4055 1969 Ἀρσάκου

2486 1988 2783 2057 Ἀρμενίων
2851 1989 2951 2055 τῆς
3010 2006 3068 2040 τε
3110 1988 3220 2041 τῶν
3272 1989 3537 2041 ιπαοιδῶν
3576 1989 3860 2059 ὑποθήκης
3906 1992 4055 2043 κατὰ

2485 2078 2754 2149 Ἀρσάκου
2793 2078 2876 2148 τῷ
2916 2080 3203 2151 Πακουριῳ
3248 2082 3714 2151 γεγενημένης,εί
3747 2083 3822 2152 μὴ
3882 2081 4056 2152 μῦθος

2473 2170 2648 2224 ταῦτα
2690 2171 2960 2226 συνέθετο.

2552 2260 2673 2312 Ὀτι
2702 2259 2957 2331 Καϐάδης
2981 2264 3010 2315 6
3048 2262 3445 2333 προειρημένος
3490 2261 3670 2329 δφλων
3704 2259 4059 2328 Ἐφθαλιταις

2475 2355 2577 2422 χρή
2589 2370 2731 2422 ματα
2747 2355 3095 2407 Ἀναστάσιον
3136 2354 3356 2423 βασιλέα
3380 2355 3558 2424 ῂτεῐτό
3588 2356 3634 2406 ol
3666 2353 3928 2416 δανεῖσαι,
3960 2352 4056 2405 τοῦ

2473 2445 2529 2498 δὲ
2569 2446 2643 2515 μὴ
2679 2446 2857 2509 δόντος
2884 2446 3011 2499 ἀνευ
3054 2447 3217 2517 ἄλλης
3266 2447 3443 2506 αἰτίας
3485 2446 3681 2515 ἀθρόον
3725 2444 3898 2498 πολλὰ
3942 2443 4055 2513 τῆς

2490 2536 2779 2605 Ἀρμενίας
2826 2536 3134 2607 κατέδραμε
3161 2539 3255 2590 καὶ
3290 2536 3512 2606 Ἀμίδαν
3554 2536 3879 2605 ἐπολιόρκει,
3913 2536 4055 2586 ἀπο-

2480 2626 2648 2697 ρήσας
2676 2627 2732 2679 δὲ.
2766 2625 3052 2698 ἀνεχώρει,
3076 2626 3445 2699 ἀναχωροῦντι
3471 2627 3528 2680 δὲ
3561 2628 3593 2697 ή
3628 2626 3737 2679 τῶν
3766 2625 4056 2695 ἑταιρίδων

2477 2718 2752 2785 γυναικῶν
2792 2718 3351 2789 αἱσχροπραγμοσύνη
3398 2719 3544 2771 αἰτία
3566 2718 3666 2786 τῆς
3702 2717 4056 2787 ὑποστροφῆς

2476 2811 2735 2877 κατέστη.
2771 2810 2865 2861 καὶ
2898 2808 3266 2879 πολιορκήσας
3305 2809 3464 2878 θυμῷ
3512 2811 3607 2862 καὶ
3633 2809 3769 2879 ὀργῇ
3797 2809 4057 2877 Καδάδης

2475 2901 2576 2971 τήν
2597 2916 2656 2952 τε
2682 2899 2834 2952 πόλιν
2877 2899 3017 2952 κατὰ
3040 2900 3239 2970 κράτος
3279 2899 3401 2968 ἔσχε
3429 2900 3523 2952 καὶ
3557 2900 3682 2961 τοὺς
3708 2899 3765 2951 έν
3793 2900 3931 2968 αὐτῇ
3965 2900 4059 2966 ἡν-

2477 2990 2859 3061 δραποδισατο.
2891 2991 3157 3060 ’Ὕστερον
3193 2990 3249 3043 δὲ
3282 2990 3508 3052 πολλοὺς
3542 2991 3648 3042 τῶν
3690 2989 4056 3059 αἰχμαλώτων

2478 3082 2658 3149 ἀφῆκε
2694 3082 2932 3152 προῖκα,
2959 3079 3053 3144 οὓς
3094 3082 3184 3133 καί
3228 3081 3578 3145 Ἀναστάσιος
3620 3084 3677 3147 ές
3719 3085 3790 3136 τά
3819 3084 4058 3152 μάλιστα

797 3180 1017 3234 domum
1056 3179 1293 3241 remisit,
1328 3193 1466 3247 quos
1498 3188 1551 3234 et
1574 3178 1901 3235 Anastasius
1925 3181 2075 3236 omni
2099 3188 2182 3235 est
2214 3180 2377 3236 bene-

2480 3174 2671 3243 ὲφιλοφ
2681 3174 2809 3245 ρονή
2818 3189 2967 3227 σατο.

796 3268 1049 3323 volentia!
1081 3282 1281 3338 genere
1310 3268 1646 3337 complexus.

868 3358 1098 3429 Cognito
1148 3374 1278 3414 vero
1306 3360 1557 3414 Amidam
1605 3359 1867 3425 obsideri,
1902 3361 2151 3431 ingentes
2188 3364 2377 3418 admo-

799 3450 924 3503 dum
951 3451 1212 3505 adversus
1236 3449 1432 3504 Persas
1457 3452 1776 3505 Anastasius
1804 3452 1911 3522 22
1934 3453 1961 3505 ὁ
1991 3454 2179 3523 capias
2202 3455 2373 3519 misit,

800 3542 1001 3597 creatis
1029 3542 1256 3597 ducibus
1289 3542 1602 3597 Areobindo
1654 3544 1897 3599 Orientis
1943 3545 2102 3609 duce,
2128 3548 2219 3616 qui
2252 3545 2378 3619 Oly-

802 3630 928 3696 brii,
956 3629 1073 3697 ejus
1099 3631 1192 3698 qui
1222 3630 1382 3697 paulo
1412 3640 1539 3685 ante
1567 3632 1617 3685 in
1658 3630 1954 3687 Occidente
1986 3634 2372 3703 imperaverat,

802 3736 968 3792 gener
994 3733 1114 3776 erat
1148 3720 1374 3777 :Celere
1407 3722 1532 3776 item
1570 3724 1852 3792 magistro,
1897 3722 2140 3780 Patricio
2164 3741 2379 3794 quoque

803 3813 1033 3883 Phryge,
1068 3822 1124 3869 et
1169 3812 1400 3884 Hypatio
1432 3826 1664 3882 cognato
1717 3815 1983 3884 patruele.
2034 3816 2115 3870 Ad
2146 3827 2381 3887 quatuor

804 3914 981 3958 autem
1027 3904 1191 3960 hosce
1241 3907 1408 3960 duces
1455 3914 1807 3961 accesserunt
1855 3916 1909 3961 et
1947 3905 2227 3973 Justinus,
2288 3911 2378 3977 qui

802 3995 1075 4048 Anastasii
1122 3996 1406 4064 imperium
1448 3996 1685 4065 excepit,
1733 3995 1937 4065 aliique
1981 3997 2198 4066 plurimi
2240 4000 2381 4055 bello

804 4096 1125 4153 praestantes
1152 4086 1275 4141 viri.
1304 4086 1617 4140 Exercitum
1656 4094 1868 4141 tantum
1902 4103 2182 4159 nunquam
2205 4106 2233 4143 a
2264 4090 2376 4146 lto-

804 4177 981 4229 mauis
1025 4174 1077 4228 in
1125 4172 1317 4230 Persas
1358 4176 1585 4230 missum
1641 4175 1845 4231 ferunt.
1883 4178 1952 4231 At
1997 4178 2127 4233 dum
2173 4194 2381 4235 tuorum

803 4269 1109 4322 cunctando
1154 4276 1402 4336 nectunt,
1435 4279 1590 4338 capta
1620 4269 1817 4324 civitas
1845 4278 1953 4335 est,
1989 4283 2166 4339 neque
2208 4271 2370 4327 simul

802 4373 991 4414 omnes
1032 4372 1158 4415 cum
1207 4357 1448 4427 Cabade,
1479 4370 1735 4417 conserta
1768 4376 1952 4429 manu,
1978 4361 2380 4432 conﬂixerunt;

802 4450 897 4505 sed
947 4450 1175 4506 seorsim
1217 4449 1417 4521 singuli
1465 4453 1696 4523 turpiter
1737 4451 1892 4516 victi,
1949 4453 2137 4509 multis
2162 4468 2381 4510 suorum

2551 3352 2673 3405 Ὀτι
2712 3349 3172 3421 πολιορκουμένην
3202 3350 3424 3419 Ἀμίδαν
3468 3352 3657 3420 μαθὼν
3707 3352 4059 3416 Ἀναστάσιος

2481 3442 2887 3512 στρατεύματος
2936 3440 3140 3511 πλῆθος
3194 3440 3311 3493 λίαν
3360 3442 3501 3494 κατὰ
3546 3441 3771 3510 Περσῶν
3823 3442 4056 3507 ἔστειλε,

2480 3534 2816 3604 στρατηγοὺς
2864 3534 3163 3602 επιστήσας
3232 3532 3565 3601 ’Λρεόϐινδόν
3634 3549 3693 3585 τε
3740 3534 3833 3585 τὸν
3882 3534 4059 3603 Ἐῲας

2480 3624 2804 3694 στρατηγὸν,
2848 3623 2906 3682 ὃς
2934 3618 3002 3691 ἦν
3057 3622 3338 3691 Ὀλυϐρίου
3366 3624 3387 3654 ⁸
3440 3622 3706 3693 κηδεστὴς
3746 3623 3838 3676 τοῦ
3876 3626 4060 3695 μικρῷ

2480 3712 2715 3784 πρόσθεν
2744 3711 2843 3779 τῆς
2885 3702 3155 3782 Ἐσπὲρας
3184 3711 3619 3779 βασιλεύσαντος,
3645 3714 3856 3783 Κέῖιερά
3878 3732 3935 3767 τε
3970 3718 4059 3767 τὸν

2484 3806 2805 3876 μάγιστρον,
2837 3803 3130 3872 Πατρίκιόν
3159 3821 3219 3855 τε
3260 3804 3350 3857 τὸν
3401 3805 3618 3875 Φρύγα,
3657 3806 3753 3858 καὶ
3800 3806 4059 3860 ’Υπάτιον

2479 3899 2573 3951 τὸν
2611 3898 2811 3950 οἰκεῖον
2832 3894 3165 3961 ἀδελφιδοῦν.
3188 3888 3347 3948 Οὗτοι
3370 3897 3468 3965 μὲν
3494 3893 3590 3951 οῦν
3616 3899 3914 3968 στρατηγοὶ
3938 3900 4059 3951 τέσ-

2484 4005 2671 4058 σαρες,
2722 3986 2889 4055 συνῆν
2913 3987 2970 4040 δὲ
3007 3986 3190 4050 αὐτοῖς
3228 3988 3323 4040 καλ⁸
3356 3989 3640 4052 ’ῐουστῖνος
3667 3991 3696 4042 6
3723 3991 3861 4059 μετὰ
3906 3992 4061 4043 Ἀναο

2488 4078 2706 4132 στάσιον
2741 4076 3065 4148 βασιλεύσας
3099 4079 3143 4141 ⁸,
3178 4078 3330 4132 ἀλλοι
3362 4096 3419 4131 τε
3448 4080 3633 4135 πολλοὶ
3657 4082 3750 4134 καὶ
3774 4082 3968 4147 ἀγαθοὶ
3997 4083 4063 4135 τὰ

2485 4170 2722 4239 πολέμια
2745 4185 2759 4198 ·
2795 4168 3113 4239 στράτευμα
3147 4169 3254 4240 γὰρ
3278 4168 3522 4222 τοιοῦτον
3560 4168 3755 4224 οὔποτε
3789 4173 3881 4224 ἐπὶ
3921 4172 4062 4241 Πέρ-

2485 4278 2585 4324 σας
2620 4259 2909 4328 Ῥωμαίοις
2956 4260 3088 4329 φασὶ
3117 4259 3395 4329 ξυστῆναι,
3438 4260 3554 4313 ἀλλ’
3582 4262 3998 4332 ὑστερησάντων
4028 4267 4060 4333 ή

2484 4354 2639 4417 πόλις
2696 4351 2860 4415 ἑάλω,
2916 4352 3011 4406 καὶ
3053 4352 3151 4423 οὐχ
3202 4350 3320 4421 ἅμα
3367 4352 3591 4424 Καϐἀδῃ
3630 4353 4061 4425 πολεμήσαντες.

2483 4444 2620 4500 ἀλλά
2642 4442 2811 4516 χωρὶς
2842 4442 3092 4505 ῑκαστοι,
3134 4440 3350 4505 ἀκλεῶς
3395 4442 3807 4513 ἀπηλλάγησαν,
3838 4442 4065 4507 πολλοὺς

803 4542 1147 4607 desideratis,
1182 4542 1575 4599 discesserunt.
1608 4540 1851 4600 Tandem
1885 4550 2091 4608 tamen,
2122 4544 2378 4600 ductisad

2484 4535 2593 4589 τῶν
2642 4534 2860 4588 οἰκείων
2921 4532 3305 4596 ἀποϐαλόντες.
3335 4532 3600 4603 Ὕστερον
3647 4534 3703 4587 δὲ
3740 4535 3798 4598 ις
3840 4535 4064 4603 Ἀμίδαν

802 4631 1050 4686 Amidam
1084 4632 1280 4702 copiis,
1318 4631 1505 4687 urbem
1532 4631 1847 4699 cinxerunt,
1880 4633 2081 4703 diuque
2109 4634 2382 4690 hercules

806 4720 1056 4787 Romani,
1084 4722 1282 4779 Persas
1310 4723 1571 4791 inclusos,
1602 4733 1659 4780 et
1700 4738 1882 4779 rerum
1920 4725 2099 4793 inopia
2128 4724 2385 4780 laboran-

805 4825 906 4880 tes,
932 4816 998 4870 ad
1021 4826 1226 4884 septem
1258 4830 1525 4870 annorum
1550 4816 1803 4871 inducias
1838 4816 2241 4883 compulerunt,
2288 4830 2385 4869 au-

804 4906 1046 4962 ctoribus
1066 4906 1255 4963 Celere
1290 4904 1537 4963 Romano
1561 4918 1615 4963 et
1641 4908 1926 4977 Aspevede
1956 4907 2142 4962 Persa.

874 5083 1083 5137 Taurus
1132 5083 1356 5139 Cilicum
1384 5102 1536 5142 mons
1565 5102 1660 5156 per
1692 5088 2046 5156 Cappadocas
2098 5087 2331 5154 primum
2361 5105 2376 5153 ;

804 5184 856 5225 et
887 5175 1174 5230 Armenios
1203 5190 1321 5230 sese
1346 5179 1611 5244 extendit,
1644 5193 1708 5232 ac
1746 5187 1973 5241 terram,
2003 5192 2140 5247 quos
2164 5187 2378 5240 vocant,

806 5261 1350 5331 Persarmeuiorum;
1406 5268 1603 5323 deliine
1643 5284 1739 5336 per
1776 5269 2017 5323 Albanos
2065 5268 2380 5338 porrigitur,

808 5361 861 5405 et
883 5352 1083 5419 Iberos,
1110 5366 1165 5411 et
1191 5371 1539 5427 quascunque
1568 5359 1700 5413 alias
1723 5360 1804 5414 sui
1840 5361 1983 5425 juris
2017 5370 2225 5427 gentes,
2262 5373 2382 5427 qua:

810 5443 991 5503 Persis
1014 5446 1160 5504 dicto
1188 5450 1487 5517 audientes,
1512 5451 1581 5507 iis
1610 5452 1661 5507 in
1682 5452 1813 5507 locis
1847 5452 2117 5507 habitant.
2150 5450 2380 5505 Praeter-

2488 4626 2809 4696 ἀφικόμενοι
2838 4624 3190 4695 ιπολιόρκουν
3216 4623 3315 4693 τὴν
3342 4624 3496 4678 πόλιν
3523 4640 3539 4657 ο
3573 4624 4063 4695 χρονοτριϐούντων

2489 4719 2566 4783 δὲ,
2593 4718 2643 4771 ol
2673 4716 2822 4779 ιντδς
2840 4716 3067 4785 Πέρσαι,
3086 4716 3185 4785 ήδη
3209 4715 3266 4768 δὲ
3292 4716 3388 4769 καὶ
3411 4715 3795 4787 ἀπορούμενοι,
3816 4718 3873 4777 ἐς
3905 4733 4066 4769 σπον⁴

2489 4809 2583 4875 δάς
2616 4808 2909 4877 Ῥωμαιοις
2938 4807 3112 4859 ἔτεσιν
3144 4806 3284 4860 ἑπτὰ
3320 4806 3623 4876 συνέϐησαν
3650 4850 3663 4873 ,
3694 4808 3929 4877 Κέλερος
3968 4810 4065 4877 μὲν

2493 4900 2633 4970 ὑπὲρ
2673 4898 2979 4967 Ῥωμαίων,
3022 4897 3344 4950 Ἀσπευέδου
3382 4898 3439 4951 δὲ
3480 4898 3603 4952 ἀντὶ
3642 4899 3870 4968 Περσῶν
3893 4900 4060 4963 αύτάς

2491 4990 2896 5061 ποιησαμένων.

2560 5082 2683 5133 Ὀτι
2724 5077 2787 5131 τὸ
2818 5077 3056 5130 Κιλίκων
3090 5078 3109 5107 ⁷
3134 5076 3259 5146 ὅρος
3300 5078 3329 5129 6
3354 5077 3567 5146 Ταῦρος
3610 5077 3830 5147 ἀμείϐει
3877 5078 3977 5147 μὲν
4000 5081 4063 5131 τά

2490 5172 2682 5243 πρῶτα
2702 5168 3098 5229 Καππαδόκας,
3124 5170 3216 5219 καὶ
3231 5168 3551 5237 Ἀρμενίους
3577 5169 3671 5221 καὶ
3686 5168 3799 5221 τῶν
3822 5170 4062 5239 Περσαρ-

2492 5263 2692 5332 μενίων
2735 5258 2833 5328 τὴν
2875 5258 3001 5327 γῆν,
3027 5253 3147 5309 εἶτα
3187 5256 3504 5320 Ἀλϐανοὺς,
3558 5259 3653 5311 καὶ
3678 5257 3923 5327 Ἴϐηρας,
3974 5264 4063 5311 καὶ

2488 5355 2588 5407 ὃσα
2608 5352 2743 5405 ἀλλα
2772 5350 3043 5418 αὐτόνομα
3077 5347 3204 5417 έθνη
3234 5350 3331 5401 καὶ⁸
3359 5348 3595 5419 Πέρσαις
3624 5351 3867 5419 κατήκοα
3894 5350 4061 5420 ταότῃ

2488 5440 3097 5516 ᾣκηνται.⁹Υπερϐἀντι
3124 5440 3182 5494 δὲ
3220 5440 3348 5504 τοὺς
3393 5440 3618 5511 Ἰϐήρων
3646 5441 3669 5473 ⁸
3712 5441 3872 5512 ὅρους
3900 5442 4065 5512 ἀτρα-

2151 5634 2380 5691 ἾΛΒΙᾹΞ
2418 5629 2817 5687 LECTIONES.

882 5775 902 5860 ξ
928 5786 1043 5859 post
1065 5776 1399 5860 ἀλλριςριιη
1442 5774 1483 5860 ι)
1515 5774 1773 5860 omisi};

818 5844 996 5907 σιλεῦς
1022 5862 1081 5911 ς.
1159 5847 1178 5877 ’
1202 5845 1423 5907 Κίλικος
1444 5845 1505 5896 Λ.
1585 5849 1603 5875 ⁸
1638 5844 1881 5913 ἰϐηριιυς
1918 5846 1978 5897 Λ.

1853 5774 1871 5803 ³
1905 5790 1960 5827 τε
1998 5774 2073 5825 .\:
2109 5773 2163 5826 δὲ
2188 5788 2247 5836 ς.
2328 5770 2345 5799 ⁸
2369 5769 2569 5838 βλὰσην
2602 5786 2662 5833 τ.
2739 5765 2779 5795 δ’
2821 5765 3191 5837 ἀνεῳγμένοις
3211 5782 3274 5832 ς.

3380 5768 3402 5799 ⁸
3432 5761 3761 5833 Ὀλυμϐρίου
3783 5780 3841 5828 ς.
3920 5765 3940 5795 ⁸
3971 5764 4063 5836 βαι
