4210 6442
138 404 238 468 129

1276 396 1807 460 BIBLIOTHECA.
1840 420 1911 435 ·-
1935 399 2097 463 COD.
2122 402 2339 463 LXIII;

3292 405 3394 471 130

131 515 322 577 θέντες
358 514 443 576 εἰς
473 512 536 567 τδ
553 512 823 583 ἡμέτερόν
847 529 907 565 τε
935 510 1369 583 μεταϐληθέντες
1392 512 1717 584 Χριστιανοὶ

1823 515 2079 572 Romanis
2126 526 2341 589 parent,
2389 526 2449 574 ut
2490 518 2657 575 etiam
2711 518 2764 574 lu
2807 516 2999 574 borum
3046 521 3245 578 castris
3285 538 3389 577 una

130 606 396 673 γεγόνασι
433 603 532 656 καὶ
549 604 810 671 κατήκοοι
853 602 1167 671 Ῥωμαίοις,
1194 603 1271 666 ὡς
1307 603 1403 656 καὶ
1437 605 1495 666 ἐς
1522 601 1717 669 λόγους

132 694 371 764 στρατοῦ
417 694 729 762 Ῥωμαῖκοῦ
766 693 1219 746 κατατάττεσθαι.

195 788 327 840 Ὀτι
392 784 654 855 Καϐάδης
717 785 887 855 άμφω
930 784 1039 837 τῶν
1078 785 1511 853 στρατευμάτων
1548 782 1720 837 αὐτοῦ

132 878 486 947 ἡττηθέντων
526 878 584 927 ὲν
625 876 833 947 ἀπορία
860 872 950 947 ἦν,
996 874 1431 944 Ἀλαμούνδαρος
1472 875 1529 928 δὲ
1559 874 1720 927 ότῶν

133 967 285 1033 παρὰ
330 967 578 1033 Πέρσαις
604 964 938 1035 Σαρακηνῶν
968 964 1243 1033 βασιλεὺς,
1276 962 1415 1035 ἀνὴρ
1442 962 1517 1015 ὢν
1549 963 1722 1025 δεινὸς

130 1064 193 1113 τὰ
212 1061 466 1129 πολέμια
493 1059 589 1113 καὶ
608 1057 957 1127 δραστήριος.
972 1055 1029 1121 ὃς
1047 1054 1090 1086 ⁸⁸
1111 1056 1167 1117 ἐς
1182 1055 1313 1121 γόνυ
1333 1054 1403 1107 τά
1436 1055 1723 1125 Ῥωμαίων

132 1151 311 1201 ἔκλινε
377 1148 689 1220 πράγματα
727 1146 873 1198 ετεσι
909 1146 1272 1213 πεντήκοντα,
1308 1140 1462 1207 οὗτος
1492 1144 1723 1198 ὑπέθετο

136 1240 365 1312 mesen
392 1240 452 1302 ἐς
499 1238 833 1306 Ἀντιόχειαν
882 1235 1005 1288 τότε
1064 1234 1378 1304 ἀφύλακτον
1408 1230 1574 1288 οὖσαν
1627 1234 1724 1287 καὶ

132 1331 197 1380 τά
240 1328 423 1398 ταύτῃ
440 1328 485 1359 ³⁷
540 1327 716 1396 χωρία
780 1324 1047 1379 ἐσϐαλεῖν.
1110 1325 1277 1385 Γνοὺς
1302 1324 1361 1377 δὲ
1401 1322 1723 1394 Βελισάριος

134 1420 277 1471 κατᾶ
324 1420 498 1489 τάχος
558 1415 881 1487 ὑπηντίαζε,
943 1416 1258 1485 στράτευμα
1302 1414 1566 1485 Ἰσαύρων
1627 1414 1726 1467 xa‘t

146 1490 497 1579 ‘Apéﬂavaov
516 1506 559 1539 ³⁸
581 1507 690 1560 τῶν
721 1507 1177 1577 παρὰῬωμαίοις
1209 1506 1543 1577 Σαρακηνῶν
1576 1505 1725 1576 βασι-

135 1601 229 1652 λέα
256 1601 385 1668 ἅμα
407 1598 505 1652 τοῦ
554 1599 757 1651 οίκείου
816 1597 1258 1667 συνεπαγόμενος
1310 1597 1444 1651 λαοῦ
1463 1598 1530 1652 ⁸³.
1566 1597 1725 1650 Ἁλα-

139 1692 443 1763 μούνδιιρος
476 1690 657 1743 δὲκαὶ
718 1688 1018 1759 ’Δζαρὲθης
1061 1689 1380 1760 ὀρρωδήσας
1426 1690 1513 1741 ἐπ’
1569 1688 1723 1741 οἴκου

140 1783 421 1853 ἀπεχώρει
442 1799 456 1813 ’
492 1782 590 1835 καὶ
620 1781 940 1851 Βελισάριος
990 1780 1200 1844 εἵπετο,
1235 1779 1355 1833 οὔτι
1374 1780 1419 1811 ⁸⁸
1450 1782 1508 1842 ις
1535 1781 1727 1851 χεῖρας

1821 610 2063 678 pertnisti
2094 610 2401 665 militariut.

1889 784 2155 850 Cabades,
2203 786 2406 841 amisso
2453 796 2683 856 utroque
2734 787 2997 852 exercitu,
3037 788 3203 843 animi
3256 803 3392 860 pen-

1821 876 2000 931 debat.
2042 875 2147 931 Sed
2185 878 2579 932 Alemundarus
2623 878 2957 933 Persicorum
2994 879 3392 934 Saracenorum

1824 984 1942 1030 res.
1976 970 2056 1022 vir
2096 969 2233 1023 bello
2283 985 2407 1024 acer
2460 986 2523 1023 ac
2579 980 2854 1034 strenuus,
2888 986 2975 1025 res
3024 971 3393 1026 Romanorum

1824 1060 1977 1115 valde
2039 1060 2293 1131 infregit,
2352 1062 2510 1116 annis
2566 1063 2980 1132 quinquaginta.
3041 1062 3141 1118 llic
3192 1062 3395 1119 Cabudi

1824 1154 2116 1219 suggessit,
2193 1151 2356 1224 πα
2414 1154 2756 1208 Antiochiam
2813 1156 3065 1223 praesidio
3117 1154 3396 1220 nudatam,

1826 1242 2165 1311 [initiumque
2204 1244 2503 1299 invaderet.
2530 1244 2843 1307 Belisarius,
2879 1260 2936 1299 re
2962 1247 3197 1313 cognita,
3229 1245 3397 1315 quam

1827 1336 2155 1389 maturrime
2201 1337 2461 1403 occurrit,
2506 1336 2718 1390 eductis
2769 1336 3073 1391 Isaurorum
3121 1338 3314 1407 capiis,
3346 1346 3402 1391 et

1824 1420 2027 1475 Arctlta
2084 1420 2451 1476 Romanarum
2513 1423 2748 1491 partium
2806 1421 3201 1478 Saracenorqu
3252 1437 3398 1493 rege,

1823 1512 1915 1577 qui
1977 1527 2132 1565 suam
2200 1512 2318 1580 ipse
2375 1522 2588 1581 gentem
2656 1510 2936 1567 ductabat.
3003 1512 3402 1565 Alannundarus

1826 1614 1977 1663 vero,
2009 1608 2061 1654 et
2112 1600 2409 1655 Azarethes
2454 1610 2599 1655 metu
2644 1614 2954 1668 percussus,
2998 1610 3143 1654 retro
3182 1602 3399 1655 domum

1826 1703 1883 1743 se
1933 1689 2157 1757 recepit.
2214 1689 2280 1743 Et
2326 1686 2619 1744 Belisarius
2671 1703 2813 1755 pone
2882 1690 3233 1759 sequebatur,
3292 1706 3397 1745 non

1830 1790 1937 1833 tam
1984 1794 2107 1833 cum
2161 1779 2316 1834 boste
2371 1794 2566 1833 manus
2612 1793 2902 1833 conserere
2943 1779 3189 1850 cupidus,
3240 1796 3401 1849 quam

141 1877 313 1929 ἐλθεῖν
342 1872 804 1944 προαιρούμενος,
831 1873 930 1941 τὴν
954 1871 1205 1937 δίωξινᾶ
1231 1870 1724 1941 σχηματιζόμενος.

1832 1882 1891 1925 ιιι
1942 1886 2065 1927 eum
2120 1871 2329 1938 insequi
2380 1887 2439 1925 se
2496 1874 2725 1940 lingeret
2757 1888 2772 1924 :
2810 1872 2980 1927 donec
3028 1873 3209 1927 multis
3261 1874 3400 1943 vulgi

152 1965 312 2018 ’Δλλά
342 1966 407 2017 τό
440 1981 509 2032 γε
539 1962 742 2033 πλῆθος
776 1962 1100 2032 ἐλοιδορεῖτο
1123 1962 1294 2033 αὐτῷ,
1329 1961 1422 2034 [35
1458 1960 1548 2033 ΙΙ.]
1580 1960 1729 2032 πρῶο

137 2074 227 2109 τον
293 2056 399 2126 μιν
448 2056 555 2107 οὐκ
614 2054 693 2116 είς
715 2053 777 2106 τὸ
810 2054 1077 2123 ἐμφανές·
1136 2052 1277 2115 ἐπεὶ,
1302 2052 1360 2106 δὲ
1390 2053 1652 2123 ἐμφανῶς
1681 2051 1725 2083 ’⁵³

136 2150 419 2214 ἐκάκιζον,
460 2148 613 2202 ἄκων
643 2148 934 2217 συγκροτεί
973 2146 1066 2198 τὸν
1098 2145 1357 2217 πόλεμον.
1392 2148 1501 2200 Kal.
1529 2146 1599 2198 τά
1626 2144 1729 2216 μὲν

138 2241 333 2311 πρῶτα
386 2238 701 2293 πιπτόντων
760 2236 1099 2307 ἑκατέρωθεν
1154 2236 1485 2307 ἀγχώμαλος
1510 2239 1544 2307 ἡ
1576 2238 1727 2307 μάχη

138 2334 379 2401 ἐγένετο,
408 2332 609 2383 ἔπειτα
634 2331 691 2384 δὲ
712 2331 1013 2402 τραπέντος
1042 2328 1139 2382 τοῦ
1163 2332 1294 2401 περὶ
1335 2329 1566 2402 ’Δρὲθαν
1595 2328 1728 2383 λαοῦ

138 2426 233 2477 καὶ
280 2424 395 2476 τῶν
430 2422 696 2492 Ἰσαύρων
760 2421 900 2473 κατά
928 2421 1129 2491 κράτος
1160 2421 1355 2474 δνίκων
1416 2421 1624 2491 Πέρσαι
1646 2420 1727 2453 ⁸ου

138 2518 234 2568 καὶ
264 2518 312 2568 εί
344 2514 424 2584 μὴ
471 2513 582 2565 ἀπὸ
610 2512 705 2565 τοῦ
764 2512 933 2564 ἵππου
981 2511 1226 2574 καταϐάς
1261 2511 1577 2581 Βελισάριος
1616 2513 1730 2572 τοῖς

138 2604 668 2675 καταλελειμμένοις
698 2604 1050 2657 συνετάττετο
1084 2604 1178 2655 καὶ
1204 2602 1460 2672 ἠμύνετο,
1488 2604 1730 2663 ἅπαντες

139 2697 205 2749 ἂν
268 2696 662 2767 διεφθάρησαν.
728 2693 1026 2765 ’Δζαρὲθης
1060 2693 1107 2725 ⁸³
1176 2694 1362 2762 μέντοι
1421 2696 1449 2747 ό
1504 2692 1733 2763 Περσῶν

142 2766 481 2858 στρατηγὸς
524 2766 865 2854 ὑποστρέψας
914 2788 1049 2856 πρὸς
1074 2787 1119 2815 ⁸⁸
1153 2785 1413 2855 Καϐάδην
1468 2785 1570 2838 οὑκ
1624 2786 1733 2837 άπ-

141 2880 324 2933 ὡνατο
359 2879 464 2948 τῆς
508 2877 601 2950 [Ἰῦ
632 2876 724 2947 1L]
750 2878 909 2946 νίκης
931 2893 945 2907 ⁸
973 2876 1200 2939 πολλοὺς
1235 2877 1344 2945 γὰρ
1364 2871 1432 2945 ἦν
1460 2878 1553 2927 καὶ
1571 2875 1733 2937 αὐτὸς

140 2970 440 3027 ἀποϐαλὼν
480 2973 541 3022 ὲν
576 2973 642 3040 τῇ
694 2970 863 3039 μάχῃ,
910 2972 957 3021 εί
1006 2970 1099 3021 καὶ
1150 2969 1288 3020 πολὺ
1345 2968 1565 3030 πλείους
1617 2967 1733 3019 τῶν

142 3063 464 3115 ἀντιπάλων
528 3061 931 3130 διεφθάρησαν*
987 3060 1068 3113 διὸ
1088 3063 1147 3113 ὲν
1188 3061 1302 3121 τοῖς
1345 3059 1564 3129 ἀτίμοις
1615 3058 1735 3111 ἑτέ-

142 3169 246 3204 ιιι.

217 3243 346 3295 Ὀτι
394 3242 714 3313 Βελισάριον
732 3243 769 3294 ϐ
793 3239 1045 3310 βασιλεὺς
1074 3240 1131 3302 ἒς
1150 3240 1195 3273 ⁸³
1235 3236 1529 3301 Βυζάντιον
1573 3252 1736 3306 μετα-

144 3332 552 3403 καλεσάμενος,
587 3332 671 3399 ὲφ⁹
703 3324 748 3398 ᾧ
779 3330 875 3383 ἰπὶ
933 3328 1242 3391 Βανδάλους
1264 3327 1311 3358 ⁵⁸
1350 3325 1732 3397 στρατεύσειε,

146 3425 348 3478 Σίτταν
370 3424 679 3494 φυλάξοντα
702 3423 746 3453 δ’
769 3423 870 3491 τὴν
899 3421 1072 3491 Ἐᾠαν
1103 3418 1425 3475 ἀπέστειλεν
1442 3438 1454 3449 ·
1478 3421 1537 3471 ἐν
1566 3411 1609 3485 ᾧ
1642 3418 1738 3472 καὶ

147 3516 367 3587 Πέρσαι
434 3516 579 3569 κατά
611 3514 898 3583 Ῥωμαίων
944 3513 1286 3578 ἐσϐάλλουσι,
1340 3512 1435 3567 καὶ
1487 3510 1737 3565 Καϐἁδου

146 3613 585 3680 τελευτήσαντος
620 3610 648 3661 ό
681 3609 811 3669 παῖς
851 3605 1099 3675 Χοσρόης
1125 3606 1225 3675 τὴν
1278 3604 1553 3674 βασιλείαν
1591 3602 1741 3657 ὲκδέ·

147 3722 331 3773 χεται.
380 3703 661 3770 Ῥουφίνος
688 3699 744 3751 δὲ
782 3700 877 3751 καὶ
914 3696 1264 3767 Ἀλέξανδρος
1287 3698 1381 3750 καὶ
1406 3697 1610 3766 Θωμᾶς
1642 3695 1740 3748 σὺν

163 3796 499 3868 Ἑρμογένει
548 3794 698 3863 παρά
759 3791 1009 3861 Χοσρόην
1062 3790 1457 3859 παραγίνονται
1484 3790 1577 3843 ἐπὶ
1604 3805 1740 3858 πρε-

152 3886 371 3940 σϐείανο
404 3882 486 3946 οἷς
508 3884 609 3953 τὴν
632 3884 859 3953 εἰρήνην
885 3881 1191 3951 ἀπέραντον
1212 3880 1382 3951 ἔφησε
1403 3878 1594 3933 θέσθαι
1610 3878 1741 3931 δέκα

150 3979 248 4029 καὶ
278 3976 486 4029 ἑκατὸν
540 3973 935 4043 κεντηναρίοις.
1003 3969 1164 4024 Ἀλλά
1187 3971 1309 4024 τότε
1345 3970 1444 4040 μὲν
1466 3970 1743 4041 ἄπρακτοι

148 4070 486 4140 διελύθησαν
516 4107 533 4133 ,
598 4065 825 4135 ὕστερον
869 4065 925 4117 δὲ
990 4064 1090 4134 τὴν
1140 4064 1447 4133 ἀπέραντον
1521 4064 1744 4133 εἰρήνην

150 4162 514 4224 ἐσπείσαντο,
535 4159 692 4211 ἒκτον
711 4158 813 4227 ήδη
836 4156 952 4219 ἔτος
963 4155 1061 4226 τὴν
1098 4155 1385 4225 βασιλείαν
1427 4156 1743 4207 Ὶουστινια-

150 4254 246 4307 νοῦ
303 4253 549 4322 ἔχοντος.
600 4249 709 4302 Καὶ
738 4250 1003 4317 Ῥωμαῖοι
1043 4247 1141 4318 μὲν
1166 4248 1235 4301 τά
1266 4264 1328 4300 τε
1350 4248 1611 4318 χρήματα
1651 4246 1745 4299 καὶ

148 4344 211 4397 τὸ
272 4342 595 4410 Φαράγγιον
646 4339 739 4392 καὶ
784 4337 1023 4390 Βῶλονδ¹
1082 4339 1145 4390 τὸ
1195 4338 1456 4409 φρούριον
1512 4337 1747 4407 Πέρσαις

151 4433 501 4505 παρέδοσαν,
564 4429 769 4499 Πέρσαι
820 4429 880 4483 δὲ
916 4428 1208 4499 Ῥωμαίοις
1242 4428 1311 4484 τά
1378 4445 1439 4482 τε
1498 4427 1746 4497 Λαζικῆς

1836 1964 2121 2027 conviciis,
2178 1964 2409 2033 primum
2466 1963 2683 2032 quidem
2745 1961 2923 2030 clam,
2991 1966 3185 2020 deinde
3239 1967 3402 2021 etiam

1826 2055 2004 2126 palam
2059 2056 2378 2121 lacessitus,
2435 2056 2637 2111 invitus
2686 2055 2752 2109 ad
2805 2071 3041 2127 pugnam
3101 2058 3399 2114 descendit.

1828 2145 2164 2201 Cadentibus
2194 2148 2351 2202 initio
2382 2147 2567 2202 multis
2599 2148 2875 2216 utrinque,
2907 2163 2971 2204 ac
3002 2151 3178 2214 caesis,
3209 2165 3405 2222 anceps

1830 2236 1918 2290 diu
1950 2252 2127 2307 pugna
2156 2235 2256 2291 fuit
2285 2255 2302 2304 ;
2334 2238 2506 2293 versis
2546 2237 2742 2292 dehinc
2775 2238 2830 2292 in
2858 2238 3034 2310 fugam
3063 2241 3277 2297 Arelli:
3306 2259 3403 2298 co-

1831 2329 1956 2399 piis,
1980 2338 2145 2398 atque
2171 2327 2393 2394 lsauris,
2428 2344 2456 2381 a
2486 2327 2667 2383 Persis
2692 2341 2903 2383 summa
2935 2334 3135 2387 virtute
3162 2348 3404 2403 pugnan-

1831 2423 2001 2482 tibus.
2058 2421 2284 2475 victoria
2334 2421 2488 2475 stetit
2530 2437 2545 2474 :
2587 2432 2648 2473 ut
2697 2421 2797 2475 nisi
2847 2437 2911 2476 ex
2957 2437 3099 2492 equo
3140 2427 3207 2480 ad
3241 2426 3404 2494 pedes

1832 2515 2128 2570 Belisarius
2169 2513 2479 2579 desiliisset,
2529 2529 2594 2567 ac
2635 2512 2858 2583 reliquis
2903 2529 3023 2569 sese
3061 2514 3403 2586 adjungendo

1832 2606 2092 2661 auxilium
2134 2605 2428 2669 attulisset,
2461 2604 2790 2659 debellatum
2836 2618 2900 2658 eo
2944 2605 3030 2660 die
3059 2615 3223 2671 esset,
3246 2608 3396 2662 caesi-

1830 2714 1937 2769 que
1983 2700 2049 2751 ad
2100 2713 2267 2751 unum
2304 2710 2496 2751 omnes
2531 2696 2902 2751 internecione
2953 2696 3205 2753 fuissent.
3250 2698 3404 2753 Atta-

1839 2804 1960 2843 men
1991 2788 2293 2842 Azaretlies
2324 2786 2614 2841 Persarum
2647 2788 2773 2849 dux,
2806 2790 3019 2842 domum
3051 2791 3117 2842 ad
3144 2788 3403 2846 Cabaden

1834 2895 2106 2943 reversus,
2144 2878 2382 2932 victoria:
2414 2877 2652 2933 fructum
2691 2894 2795 2932 non
2827 2880 2964 2933 tulit.
2994 2879 3224 2934 Suorum
3258 2883 3403 2936 enim

1836 2970 2031 3023 multos
2091 2969 2144 3023 in
2206 2968 2387 3037 praelia
2444 2969 2741 3033 amiserat,
2792 2969 2920 3024 licet
2972 2970 3403 3025 adversariorum

1834 3059 2015 3129 plures
2054 3059 2399 3114 cecidissent.
2441 3057 2811 3124 Quamobrem
2858 3060 3195 3116 inhonoratis
3231 3064 3404 3117 adnu-

1835 3160 2080 3205 meratus
2113 3160 2216 3206 est.

1909 3239 2111 3293 Evocat
2131 3238 2651 3308 Constantinopolim
2666 3238 3001 3295 Justinianus
3023 3241 3405 3312 imperatorem

1836 3330 2177 3394 Belisariutn,
2208 3342 2268 3385 ut
2307 3331 2429 3386 inde
2462 3332 2802 3387 iuVandalos
2816 3334 3213 3402 expeditionem
3231 3332 3409 3388 susci-

1834 3424 1951 3490 piat
1978 3441 1993 3477 :
2018 3422 2339 3492 Orientique
2371 3424 2650 3477 custodem
2680 3422 2888 3478 Settam
2924 3424 3199 3493 imposuit.
3248 3425 3410 3480 Hisce

1844 3516 2180 3584 temporibus
2216 3528 2271 3571 et
2296 3515 2477 3571 Persae
2526 3531 2649 3570 cum
2689 3515 2953 3569 Romanis
2998 3530 3409 3583 concurrerunt,

1839 3613 1918 3667 et,
1951 3602 2170 3657 Cabade
2196 3616 2429 3669 mortuo,
2470 3603 2610 3657 filius
2642 3604 2915 3658 Chosroes
2960 3606 3110 3674 regni
3171 3605 3412 3661 habenas

1841 3697 2103 3765 suscepit.
2134 3694 2425 3765 Missiergo
2449 3698 2515 3751 ad
2543 3711 2668 3750 eum
2692 3696 2875 3766 legati,
2899 3697 3149 3762 Rufinus,
3179 3699 3414 3752 Alexan-

1842 3788 1962 3850 der,
1995 3785 2258 3851 Thomas,
2313 3795 2366 3840 et
2405 3784 2771 3857 Hermogenes
2798 3805 2812 3842 :
2844 3789 3039 3856 quibus
3069 3803 3259 3858 pacem
3277 3789 3415 3841 velle

1841 3894 1900 3933 se
1926 3877 2104 3932 facere
2142 3878 2278 3933 dixit
2308 3887 2643 3947 perpetuam,
2685 3880 3123 3933 centenariorum
3159 3880 3412 3935 nimirum

1844 3979 2060 4025 centum
2080 3980 2137 4025 et
2157 3970 2369 4034 decem,
2404 3969 2603 4025 Verum
2654 3985 2712 4024 re
2759 3980 2869 4023 tum
2902 3972 3104 4026 infecta
3140 3971 3417 4027 discesse-

1846 4070 1972 4115 runt
2004 4079 2018 4115 ε
2056 4075 2155 4115 nec
2180 4061 2283 4115 nisi
2317 4070 2501 4130 postea
2530 4062 2825 4115 constituta
2852 4071 3113 4131 pactaque
3163 4078 3270 4133 pas
3326 4063 3415 4117 illa

1845 4164 1929 4208 est
1954 4162 2238 4223 perpetua,
2287 4154 2591 4223 imperante
2641 4162 2854 4209 sextum
2892 4154 3005 4224 (73)
3056 4153 3169 4221 jam
3216 4169 3415 4209 annum

1845 4245 2185 4301 Iustiniano.
2205 4243 2307 4301 Per
2323 4261 2440 4301 eam
2459 4243 2689 4299 Romani
2719 4246 2997 4313 pecunias,
3030 4244 3417 4316 Pharangium,

1846 4348 1903 4393 et
1928 4338 2117 4394 Bolum
2146 4354 2326 4394 arcem
2376 4338 2559 4394 Persis
2600 4338 2970 4401 reddiderunt,
3023 4338 3126 4392 etsi
3178 4338 3419 4393 vicissim

1850 4429 2113 4485 Romanis
2149 4428 2437 4485 Laziorum
2474 4430 2527 4483 in
2558 4428 2756 4484 finibus
2780 4428 2997 4499 oppida.
3051 4438 3107 4483 et
3130 4427 3419 4499 Dagarem,

149 4527 277 4595 ὅρια
316 4524 418 4577 καὶ
448 4522 769 4593 Δά·ταριν⁸¹,
804 4520 971 4590 ἄνδρα
1001 4519 1207 4588 ἀγαθὸν
1234 4520 1304 4573 τὰ
1336 4519 1595 4589 πολέμια,
1628 4521 1731 4573 ἀντ

1850 4524 2025 4577 virum
2060 4522 2200 4577 bello
2227 4533 2506 4601 strenuum
2540 4520 2763 4593 (tradito
2794 4536 2894 4590 pro
2930 4535 2995 4575 eo
3019 4530 3074 4575 et
3111 4520 3283 4576 altero
3309 4537 3418 4576 non

150 4616 328 4670 αὑτοῦ
347 4615 543 4685 ἕτερον
564 4611 956 4682 κεκομισμένοι
973 4611 1019 4642 ⁸⁸
1039 4612 1140 4664 οὐκ
1186 4610 1369 4680 ἀφανῆ
1423 4610 1613 4682 ἀνδρα.
1640 4612 1745 4664 Ed—

1854 4612 2077 4683 ignobili
2101 4612 2239 4675 viro)
2269 4612 2618 4666 remiserunt.
2678 4610 2801 4665 Mox
2842 4611 3062 4679 utrique
3104 4611 3420 4680 imperatori

149 4710 252 4775 θὺς
309 4707 504 4777 μέντοι
550 4704 800 4776 ἐκατέρῳ
855 4702 1068 4773 βασιλεί
1115 4701 1409 4773 ἐπιϐουλὴν
1435 4701 1731 4773 ξυνηνέχθη

1851 4713 2072 4758 structae
2093 4703 2304 4760 insidiae
2329 4719 2358 4757 a
2376 4704 2629 4758 subditis.
2667 4701 2939 4757 Cliosroen
2961 4702 3201 4770 quidem,
3222 4712 3280 4755 ut
3307 4712 3423 4756 tur-

149 4798 423 4867 γενέσθαι
458 4796 597 4864 πρὸς
636 4796 745 4849 τῶν
797 4794 1069 4863 ὑπηκόων.
1096 4796 1207 4847 Ka‘t
1236 4795 1481 4864 Χοσρόην
1524 4794 1623 4863 μὲν
1651 4794 1731 4847 an

1855 4794 2062 4849 bulenti
2093 4793 2613 4863 intemperantisque
2650 4791 2851 4862 ingenii
2880 4791 3075 4853 virum,
3124 4790 3303 4845 Persa:
3333 4791 3418 4844 in-

150 4889 447 4962 θορυϐώδη
474 4890 570 4942 καὶ
591 4890 827 4943 ἄτακτον
844 4889 872 4940 ό
891 4886 1116 4956 Περσῶν
1136 4889 1376 4955 μισήσας
1392 4884 1550 4949 λεὼς,
1568 4885 1730 4939 mea

1856 4885 2028 4938 visum
2064 4898 2185 4938 cum
2209 4884 2430 4949 habent,
2467 4882 2721 4937 Cabaden
2780 4880 2954 4935 Zama:
2988 4881 3176 4935 fratris
3206 4882 3321 4949 ejus
3354 4880 3419 4933 [i-

147 4980 251 5051 δην
274 4979 377 5031 τὸν
395 4979 583 5046 Ζάμου
601 4976 694 5030 τοῦ
716 4975 950 5044 ἀδελφοῦ
970 4974 1130 5027 παῖδα
1146 4973 1370 5043 βασιλέα
1392 4975 1575 5044 σφίσιν
1595 4974 1731 5027 ἐϐου-

1852 4974 2009 5037 lium,
2042 4988 2222 5043 regem
2258 4972 2360 5027 sibi
2395 4971 2575 5025 facere
2595 4972 2956 5027 constituunt.
3014 4971 3132 5038 Quo
3178 4970 3413 5041 cognito,

149 5070 434 5125 λεύααντο
464 5068 790 5138 πήσασθαν
815 5066 954 5122 άλλά
982 5066 1143 5135 γνοὺς
1164 5066 1193 5118 ό
1220 5066 1470 5137 Χοσρόης
1495 5066 1731 5137 Ζάμην⁸²

1853 5065 2123 5122 Cbosroes
2172 5063 2372 5120 Zamen
2416 5064 2565 5136 πὸ
2599 5065 2844 5131 fratrem,
2903 5064 3247 5133 reliquosque
3296 5077 3420 5132 ger-

148 5179 212 5215 τε
273 5162 406 5228 τὸν,
444 5159 676 5229 ἀδελφὺν
730 5160 825 5212 καὶ
894 5158 1022 5221 τοὺς
1079 5154 1275 5220 ἄλλους
1328 5155 1592 5225 ἀδελφοὺς
1623 5156 1731 5227 ἆμσ

1853 5173 2065 5220 manos.
2097 5169 2153 5213 et
2182 5157 2574 5228 conjurationis
2595 5157 2776 5212 socios
2795 5165 2970 5210 necat.
3025 5155 3117 5211 Sic
3152 5153 3420 5223 tranquil—

1481 5311 1715 5368 νΑῐιιιε
1756 5312 2159 5370 LECTIONES.

220 5462 271 5493 ³⁸
294 5458 364 5522 ὃς
393 5454 522 5510 add.
550 5453 619 5508 Δ.

152 5534 200 5565 δ’
229 5530 373 5583 οὔτε
417 5542 478 5589 ς’.

148 5604 195 5635 ι’
226 5604 316 5663 είς
354 5614 420 5661 ς.

152 5673 327 5742 μάγον
364 5685 429 5731 ς-

723 5455 767 5485 ³⁷
798 5453 969 5524 ταύτῃ
993 5450 1695 5524 Αεροςτερὶιιηηδιερικιηί
1724 5470 1739 5508 :
1769 5454 1975 5522 ταύτης
2006 5471 2067 5518 ς.
2185 5456 2229 5488 ³⁸
2262 5456 2355 5509 τὸν
2401 5472 2511 5510 om.
2536 5456 2602 5511 Δ.

589 5525 633 5556 δι
673 5524 795 5596 επεὶ
834 5522 1066 5596 ἀφανῶς
1094 5522 1181 5596 ςζ-
1218 5523 1302 5596 __“
1334 5523 1529 5577 ἐνίκων
1560 5525 1767 5596 Πέρσαι
1816 5527 2160 5596 κατακράτος
2188 5544 2249 5590 ς.

497 5595 543 5667 ξ’
568 5595 856 5667 Βανδίλους
883 5594 947 5648 Α.
1021 5592 1067 5625 ⁵⁷
1094 5592 1406 5662 φυλάξαντα
1436 5610 1497 5656 ς.
1583 5592 1844 5663 ⁸⁸βόλων.
1936 5597 1980 5628 ⁸⁸
2002 5592 2262 5667 Ἀαγάρην
2291 5614 2348 5661 ς.

506 5666 549 5696 ”
579 5664 761 5735 um
802 5681 862 5726 ς’
1717 5732 1947 5791 nom.

2709 5457 2753 5489 ⁸³
2791 5456 2870 5527 τῷ
2899 5454 3084 5527 οἰκείῳ
3108 5484 3176 5527 έ
3209 5453 3323 5525 λαῷ
3356 5471 3419 5519 ς.

2349 5526 2394 5558 ⁵³
2420 5525 2711 5607 ’ᾼΔζαρίθης
2731 5544 2794 5607 Ξ.
2842 5525 2850 5527 “
2888 5528 2955 5607 ft
2972 5525 3109 5595 πρὸς
3141 5526 3213 5578 A:
3244 5529 3321 5586 sl;
3355 5541 3417 5587 ς.

2442 5598 2489 5628 ⁸⁸
2529 5596 2693 5651 αὑτοῦ
2726 5598 2784 5651 δὲ
2819 5596 2909 5650 καὶ
2932 5596 3119 5666 ἓτερον
3139 5610 3419 5665 κεκοσμη-

223 5853 351 5926 (75)
388 5849 640 5921 Septimo
662 5850 873 5921 imperii
906 5866 1068 5915 anno,
1104 5851 1279 5921 inquit
1309 5851 1539 5923 Procop.
