4210 6442
792 408 889 476 131
1914 404 2172 465 ΡΙΙΟΤΙΙ
2213 404 2402 464 PATH

2487 404 2719 464 .RCILE
2764 404 2873 464 (ΞΡ.
3958 398 4072 463 132

795 522 906 575 lata
948 531 1037 573 res
1068 525 1173 582 est,
1204 517 1472 588 quiesque
1505 518 1650 573 data.
1684 516 1929 573 Cabades
1964 526 2168 580 tamen,
2200 516 2378 569 Zama:

2487 514 2589 567 τῶν
2642 516 3022 586 μετασχόντων
3054 514 3099 545 ⁸⁸
3149 514 3245 584 τῆς
3280 513 3474 585 βουλῆς
3505 514 3713 569 ἀνελὼν
3738 514 3835 588 τὴν
3866 516 4072 569 στάσιν

796 608 960 670 illius,
982 607 1271 660 admodum
1300 607 1645 670 adolescens,
1703 606 1987 676 prudentia
2024 604 2372 675 Chanarangi

2487 608 2718 663 έπαυσε.
2776 607 3034 677 Καϐάδης
3089 606 3145 660 δὲ
3176 608 3205 659 6
3236 607 3494 676 Ζάμου⁸⁸,
3551 608 3742 679 κομιδῇ
3805 609 3923 671 νέος
3960 607 4068 672 ὢν,

795 697 1430 770 Λύεῐεὶ-υυϋειιισιωιι)
1480 700 1681 753 caedem
1728 697 1937 767 elTugit,
1991 712 2099 769 quo
2159 698 2375 752 nomine

2487 701 2705 769 προνοίᾳ
2760 700 3123 769 Χαναράγγου
3184 698 3278 750 τοῦ
3296 698 3549 767 Ἀδέργου
3580 699 3879 752 Δουϐάνδου
3909 698 3960 730 ³⁸
3982 698 4071 750 δι-

801 792 893 845 hic
938 801 1123 859 postea
1165 803 1194 841 a
1238 788 1481 843 Chosroe
1527 798 1610 842 est
1656 789 1999 844 interfectus.
2065 787 2376 843 Justiniano

2487 792 2660 859 έφυγε
2700 792 2794 843 τὸν
2857 792 3122 845 θάνατον·
3181 792 3274 844 καὶ
3332 792 3360 843 6
3414 790 3782 860 Χαναράγγης
3833 789 4071 859 ὕστερον

798 896 1011 949 quoque
1041 882 1231 948 imper.
1284 880 1436 948 plebs
1504 880 1691 934 Romae
1733 881 1959 934 insidias
2010 880 2372 948 comparavit,

2487 883 2565 936 5ιά
2624 880 2840 935 τοῦτο⁸⁸
2872 882 2976 934 ὑπὸ
3006 882 3249 952 Χοσρόου
3280 881 3572 951 ἀνῄρηται.
3620 879 4067 933 Ἰουστινιανδνη

798 982 986 1027 creato
1055 972 1383 1041 imperatore
1444 972 1683 1043 (tametsi
1742 974 2084 1041 repugnaret)
2143 970 2375 1041 llypatio

2487 972 2535 1026 δὲ
2562 974 2591 1025 6
2622 973 2793 1042 δῆμος
2830 971 3201 1025 έπιϐουλεύων
3251 971 3514 1025 ’Υπάτιον
3547 972 3768 1034 ἀκοντα,
3789 971 3880 1022 τὸν
3913 970 4075 1023 ’Δνα-

803 1064 1076 1118 Anastasii
1109 1064 1250 1133 ejus,
1293 1064 1720 1133 quiimperarat,
1764 1063 2027 1133 patruele,
2068 1075 2193 1117 nata
2226 1063 2375 1119 sedi-

2487 1062 2703 1115 στασίου
2757 1063 2854 1115 τοῦ
2915 1062 3367 1133 βεϐασιλευκότος
3430 1062 3768 1130 ἀδελφιδοῦν,
3831 1062 4071 1131 βασιλέα

804 1155 970 1217 tione,
1006 1163 1238 1221 ortoque
1266 1153 1497 1207 tumultu
1528 1168 1556 1208 e
1587 1154 1941 1208 contentione
1988 1153 2236 1207 ludorum
2264 1150 2377 1207 cir-

2487 1152 2631 1219 σφῶν
2665 1152 3122 1222 ἀνηγόρευσανη,
3150 1152 3449 1224 ἀρξάμενοι
3476 1153 3576 1221 τῆς
3636 1152 3935 1221 ἐπιϐουλῆς
3970 1154 4075 1206 καὶ

802 1247 1044 1300 censium
1070 1244 1205 1313 (75).
1262 1243 1443 1298 Caesar
1485 1245 1667 1313 itaque
1704 1242 2063 1309 Justinianus,
2108 1243 2371 1299 Bclisario

2487 1243 2579 1311 τῆς
2634 1244 2877 1306 στάσεως
2910 1243 3019 1296 ἀπὺ
3058 1244 3157 1313 τῆς
3195 1246 3253 1297 έν
3281 1246 3396 1307 τοῖς
3436 1244 3815 1314 ἱπποδρομίας
3849 1244 4031 1314 ἔριδος
4053 1261 4071 1274 ⁸

802 1348 856 1391 et
885 1337 1081 1391 Mundo
1112 1336 1337 1391 ducibus
1368 1350 1521 1399 usus,
1544 1335 1833 1406 Hypatium
1878 1335 2099 1402 occidit,
2150 1336 2377 1390 multos-

808 1443 911 1497 que
973 1427 1367 1494 coniurationis
1414 1428 1578 1498 hujus
1628 1428 1807 1482 socios
1833 1428 2075 1493 sustulit,
2128 1428 2287 1497 plane
2320 1437 2381 1482 ut

812 1521 1013 1573 civium
1046 1529 1173 1573 tunc
1190 1518 1254 1573 ad
1278 1519 1497 1588 triginta
1529 1518 1695 1572 millia
1724 1519 2099 1574 occubuerint.
2137 1519 2381 1589 Impera-

807 1613 908 1666 tori
934 1612 1209 1680 suppetias
1235 1611 1533 1667 all‘erebant
1560 1612 1846 1677 Boraidcs,
1895 1621 1951 1666 et
1984 1610 2174 1666 Justus
2211 1610 2382 1667 Justi-

806 1705 953 1758 niani
995 1703 1184 1757 fratris
1219 1702 1384 1759 illius.

877 1881 933 1935 lu
978 1897 1041 1936 eo
1080 1881 1196 1950 ipso
1247 1880 1388 1935 libro
1421 1890 1606 1935 narrat
1659 1881 1727 1936 de
1777 1879 2138 1947 Triboniano,
2200 1882 2294 1951 qui
2352 1897 2383 1937 e
2414 1891 2459 1946 Β

806 1970 1119 2041 Pamphylia
1148 1985 1318 2039 genus
1338 1969 1518 2035 duxit,
1571 1980 1626 2024 et
1650 1971 1935 2038 quaestoris
1964 1986 2162 2027 munus
2224 1971 2381 2036 obiit,

806 2062 982 2131 deque
1031 2062 1258 2115 avaritia
1313 2060 1574 2131 ejusdem,
1646 2075 1711 2116 ac
1769 2060 2246 2131 blandiloquentia.
2308 2061 2385 2117 De

808 2151 1017 2207 Joanne
1041 2154 1166 2207 item
1189 2152 1567 2223 Cappadocum
1596 2152 1856 2223 praal'ecto
1917 2154 2191 2222 praetorio,
2236 2154 2385 2224 ejus—

808 2260 915 2314 que
953 2245 1110 2312 ,vitiis
1160 2244 1429 2313 plurimis.
1501 2244 1571 2300 Ut
1627 2246 1898 2300 Antonina
1955 2247 2203 2302 Bclisarii
2252 2264 2387 2303 con-

804 2334 901 2405 jus
920 2349 1013 2403 per
1037 2334 1392 2403 Euphemiam
1424 2336 1587 2390 filiam
1616 2336 1733 2405 ejus
1766 2337 1958 2392 callide
1993 2336 2261 2393 Joannem
2281 2340 2391 2394 cir-

810 2428 1166 2491 cumvenerit,
1224 2438 1279 2481 et
1312 2428 1536 2483 insidias
1564 2430 1881 2497 imperatori
1928 2440 2144 2486 struere
2182 2430 2389 2501 patefe-

811 2518 949 2571 cerit
984 2529 1190 2585 :utque
1230 2517 1472 2584 demum,
1506 2518 1739 2573 Eusebio
1778 2520 1961 2591 Cyzici
2015 2522 2275 2593 episcOpo
2320 2539 2385 2578 ex

814 2608 1027 2662 insidiis
1066 2609 1269 2674 occiso,
1312 2610 1460 2678 impii
1492 2611 1712 2666 sceleris
1742 2628 1967 2669 consors
1990 2615 2227 2676 habitus.
2267 2631 2389 2671 cor-

814 2701 1346 2769 porequastiuuibus
1368 2705 1630 2769 crueiato,
1662 2705 2020 2761 inclementer
2058 2708 2273 2763 tandem
2325 2725 2389 2765 ac

814 2805 1003 2845 severe
1028 2791 1373 2863 proscriptus
1405 2795 1498 2848 sit.

887 3054 1051 3109 Libro
1094 3056 1332 3110 secundo
1385 3055 1579 3111 Rerum
1634 3056 1980 3115 Persicorum
2032 3062 2136 3117 ista
2199 3062 2385 3119 refert.

2482 1332 2736 1401 βασιλεὺς
2760 1332 2819 1386 δέ
2844 1333 3254 1396 Ἰουστινιανδς,
3286 1332 3587 1403 Βελισαρίῳ
3608 1350 3667 1385 τε
3700 1334 3793 1385 καὶ
3834 1334 4077 1403 Μούνδῳ

2480 1426 2594 1486 τοῖς
2633 1426 2961 1495 στρατηγοῖς
2987 1423 3291 1494 χρώμενος,
3322 1425 3414 1477 τόν
3442 1441 3500 1477 τε
3540 1424 3803 1477 ’Υπάτιον
3844 1422 4075 1477 assem

2482 1517 2576 1569 καί
2629 1515 2859 1579 πολλοὺς
2897 1516 3006 1568 τῶν
3058 1515 3376 1569 στασιωτῶν
3424 1516 3657 1580 ἀνεῖλεν,
3697 1518 3825 1586 ἄχρι
3879 1520 3979 1570 καὶ
4014 1522 4077 1581 ὲς

2480 1612 2630 1679 τρεῖς
2663 1608 2931 1681 μυριάδας
2958 1608 3051 1661 τοῦ
3083 1608 3465 1676 ἀναιρεθέντος
3490 1607 3623 1661 λαοῦ
3660 1609 4075 1674 συντελοῦντος.

2483 1700 2863 1771 Συνέπραττον
2893 1700 2952 1753 δὲ
2981 1698 3059 1770 τῷ
3087 1699 3302 1770 βασιλεῖ
3345 1699 3607 1770 Eupatqu
3626 1699 3671 1730 ³⁸
3697 1701 3789 1752 καὶ⁵
3812 1699 4076 1765 Ἰοῦστος,

2482 1792 2534 1844 οἱ
2557 1790 2727 1844 αὐτοῦ
2754 1790 2989 1859 ἀνεψιοί.

2566 1882 2656 1935 Ἐν
2686 1879 2836 1951 αὐτῷ
2852 1880 2910 1933 δὲ
2937 1880 3019 1951 τῷ
3047 1879 3193 1951 λόγῳ
3252 1880 3382 1951 περὶ
3426 1880 3803 1951 Τριϐωνιανοῦ
3864 1881 3964 1935 τοῦ
4000 1884 4070 1935 έκ

2485 1974 2813 2045 Παμφυλίας
2871 1973 3124 2036 ἕλκοντος
3184 1974 3247 2027 τὸ
3308 1974 3463 2041 γένος
3507 1972 3800 2038 διέξεισιν,
3856 1973 3919 2037 ὃς
3975 1975 4080 2043 τὴν

2485 2065 2809 2136 κυαίστορος
2825 2067 2870 2098 ⁸⁸
2896 2064 3105 2119 διεῖπεν
3162 2064 3359 2135 ἀρχὴν,
3431 2064 3560 2135 περί
3588 2082 3648 2117 τε
3669 2064 3769 2133 τῆς
3808 2064 4084 2137 φιλοχρη-

2488 2155 2693 2225 ματίας
2739 2156 2963 2226 καὶτῆς
2992 2156 3158 2225 ἄλλης
3209 2155 3487 2226 αἱμυλίας,
3529 2157 3624 2208 καὶ
3651 2156 3779 2226 περὶ
3821 2156 4081 2210 Ἰωάννου

2484 2246 2582 2299 τοῦ
2600 2248 2844 2319 ἐπάρχου
2874 2247 2971 2300 τοῦ
3002 2248 3068 2300 έκ
3086 2247 3493 2313 Καππαδοκῶν,
3525 2249 3624 2318 τῆς
3641 2265 3700 2301 τε
3728 2248 4084 2319 πανουργίας

2487 2338 2583 2391 καὶ
2609 2338 2915 2409 ἀπληστίας
2939 2340 3037 2394 καὶ
3080 2340 3253 2410 μέθης
3286 2340 3382 2393 καὶ
3412 2340 3509 2410 τῆς
3533 2340 3700 2411 ἀλλης
3732 2341 4078 2412 κακότητος’

2486 2428 2637 2491 ὅπως
2669 2447 2729 2482 τε
2766 2430 3060 2483 ’Δντωνῖνα
3084 2432 3117 2500 ἡ
3150 2429 3246 2481 τοῦ
3276 2429 3593 2500 Βελισαρίου
3622 2430 3761 2502 γυνὴ
3783 2430 3853 2482 δι’
3880 2430 4080 2501 Εὐφη-

2492 2520 2622 2589 μίας
2652 2520 2751 2591 τῆς
2786 2521 2951 2575 αὑτοῦ
2988 2520 3260 2589 θυγατρὸς
3299 2523 3769 2591 φρεναπατήσασα
3810 2522 4083 2593 Ἰωάννην

2490 2610 2585 2683 ['56
2615 2610 2704 2682 IL]
2728 2611 3011 2665 ἐπίϐουλον
3037 2612 3206 2677 ἔδειξε
3234 2612 3522 2681 βασιλέως,
3544 2614 3695 2676 ὅπως
3716 2629 3778 2666 τε
3811 2612 4074 2685 ὕστερον,

2489 2701 2752 2756 Εὐσεϐίου
2773 2702 2868 2755 τοῦ
2902 2702 3200 2756 ἐπισκόπου
3241 2702 3477 2766 Κυζίκου
3500 2704 3556 2769 ἐξ
3580 2690 3875 2776 ἐπιϐουλῆς
3913 2708 4084 2759 ἀναι-

2492 2795 2759 2865 ρεθὲντος,
2785 2795 3051 2864 συνεργὸς
3077 2795 3400 2863 ὑπονοηθεὶς
3426 2796 3521 2850 τοῦ
3546 2798 3853 2867 μιάσματος
3870 2799 4083 2870 ᾐκίσθη

2488 2886 2551 2938 τὸ
2581 2885 2742 2952 σῶμα
2787 2886 2880 2939 καὶ
2914 2884 3187 2949 sxum“
3228 2886 3413 2959 ἐξορίᾳ
3448 2890 3623 2959 πικρᾷ
3658 2890 3752 2942 καὶ
3786 2890 4086 2961 τελευταίᾳ⁵

2490 2977 2788 3048 παρεδόθη.

2566 3069 2690 3122 Ὀτι
2719 3071 2777 3122 έν
2807 3068 2886 3139 τῷ
2910 3068 3150 3141 δευτέρῳ
3178 3070 3323 3141 λόγῳ
3352 3069 3606 3137 διέξεισιν
3655 3072 3803 3136 ὅπως
3841 3091 3902 3126 τε
3972 3076 4087 3129 Χο-

816 3145 1092 3199 Chosroen
1132 3147 1332 3200 invidia
1358 3148 1715 3213 stimulatum,
1742 3154 1882 3220 quod
1901 3150 2097 3206 Africae
2129 3152 2388 3208 ditionem

2493 3161 2662 3231 σρόην
2689 3159 3001 3231 μελετῶντα
3042 3161 3201 3214 λῦσαι
3232 3160 3331 3224 τάς
3362 3162 3589 3235 σπονδάς
3644 3163 3732 3216 διὰ
3762 3165 3860 3235 τὴν
3906 3167 4017 3219 τῶν
4036 3169 4085 3199 ⁸⁸

818 3238 1048 3293 Rotttani
1103 3249 1370 3301 tenerent,
1422 3242 1678 3310 pacisque
1718 3254 2003 3311 propterea
2042 3244 2245 3299 lmdera
2281 3248 2391 3300 sol-

2501 3254 2790 3323 Ῥωμαίων
2841 3254 2983 3308 κατά
3033 3254 3240 3325 Λιϐύην
3257 3254 3300 3286 ⁸⁸
3326 3232 3686 3324 έπικράτειαν
3721 3231 3932 3327 (φθόνῳ
3961 3262 4082 3330 γὰρ

816 3344 943 3383 vere
968 3339 1268 3398 parantem,
1307 3332 1530 3399 Vitiges,
1588 3331 1912 3387 Gotthorum
1952 3350 2065 3400 res,
2107 3352 2202 3404 per
2224 3335 2391 3404 Ligu-

818 3435 909 3473 res
940 3427 1204 3488 quosdam
1235 3419 1463 3489 legatos,
1488 3421 1609 3474 dein
1641 3431 1695 3473 et
1727 3436 1821 3489 per
1858 3422 2123 3476 Basacum
2150 3427 2391 3481 collocu-

820 3520 928 3572 tus,
973 3511 1146 3579 magis
1172 3508 1547 3563 inﬂammavit.
1584 3509 1702 3577 Quo
1721 3525 1843 3563 cum
1873 3512 1998 3565 item
2032 3523 2274 3582 tempore
2296 3515 2392 3568 Ar-

818 3600 981 3653 menii
1013 3615 1042 3653 a
1083 3599 1343 3653 Romanis
1362 3599 1707 3665 defecissent,
1747 3602 1884 3655 Sitta
1914 3604 2053 3657 duce
2102 3608 2392 3674 pugnando

820 3692 1166 3761 interempto,
1205 3691 1500 3759 Persisque
1558 3708 1618 3747 se
1670 3696 2070 3761 permisissent,
2132 3709 2390 3767 perpetua

819 3784 933 3846 illa,
980 3792 1276 3848 utvocant,
1326 3786 1474 3852 pacis
1534 3782 1741 3839 foedera
1799 3800 2051 3855 rumpere
2097 3788 2389 3852 Chosroes,

817 3876 1125 3945 bellumque
1190 3891 1381 3947 gerere
1443 3879 1685 3932 animum
1738 3878 1972 3935 induxit.
2046 3878 2391 3939 Justinianus

819 3968 1145 4035 imperator,
1180 3982 1237 4021 re
1294 3969 1540 4035 cognita,
1596 3968 1944 4023 Anastasium
1999 3970 2232 4041 legatum
2291 3974 2394 4028 mi-

2491 3344 2769 3411 ἐϐάλλετο)
2820 3346 3127 3415 οὺϊτιγις⁶³
3178 3346 3207 3398 6
3252 3346 3361 3398 τῶν
3407 3347 3617 3400 Γότθων
3674 3347 3927 3417 βασιλεὺς
3987 3353 4085 3407 διά

2490 3451 2651 3489 τινων
2664 3437 2948 3505 Διγούρων
2970 3435 3493 3507 κοινολογησάμενος
3518 3439 3719 3508 μᾶλλον
3740 3441 4081 3514 ἐπώτρυνενο

2492 3527 2612 3583 εἶτα
2648 3529 2742 3583 καὶ
2771 3529 3058 3583 Βασσάκου
3075 3530 3121 3561 ⁸⁸
3150 3530 3269 3601 ἃμα
3297 3532 3405 3583 τῶν
3452 3534 3756 3603 Ἀρμενίων
3788 3537 4075 3591 ἀποστάνο

2490 3638 2601 3673 των
2658 3621 2757 3689 μὲν
2774 3622 2819 3654 ⁸⁸
2858 3620 3147 3691 Ῥωμαίων
3182 3624 3278 3675 καὶ
3330 3624 3524 3677 Σίτταν
3551 3627 3644 3679 τὸν
3676 3630 3987 3699 στρατηγὸν
4017 3634 4085 3684 έν

2496 3714 2646 3783 μάχῃ
2714 3712 3046 3779 ἀνελόντων,
3125 3715 3361 3785 Πέρσαις
3423 3717 3482 3769 δὲ
3539 3722 4083 3791 προσχωρησάντων,

2490 3802 2592 3865 τάς
2639 3803 2979 3872 ἀπεράντους
3026 3806 3264 3867 σπονδὰς
3284 3807 3329 3838 ⁸⁸
3358 3807 3701 3879 καλουμένας
3731 3810 3897 3875 λύσας
3966 3815 4085 3867 Xo-

2493 3896 2661 3965 σρόης
2678 3895 2935 3967 πολεμεῖν
2952 3897 3114 3965 έγνω,
3149 3896 3240 3970 [76
3268 3896 3363 3970 R.]
3396 3900 3772 3967 Ίουστινιανὺς
3793 3905 3847 3959 δὲ
3882 3907 4084 3975 μαθὼν

2491 3988 2815 4056 παραίνεσιν
2842 3989 2992 4059 αὐτῷ
3017 3990 3085 4042 δι’
3120 3990 3482 4045 ’Δναστασίου
3506 3995 3751 4064 προσῆγε
3778 3997 3854 4067 μὴ
3886 4016 4080 4069 παρα-

815 4060 886 4113 sit
928 4060 1199 4112 hortatum
1261 4073 1329 4112 ne
1394 4074 1581 4127 pacem
1628 4058 1886 4114 solveret.
1925 4060 2128 4115 Eadem
2189 4074 2392 4134 tempe-

2494 4078 2764 4132 σπονδεῖν.
2808 4079 2898 4132 Ἐν
2916 4058 3089 4149 τούτῳ
3136 4081 3233 4133 καὶ
3262 4082 3511 4150 Οὑῖτιγις
3532 4058 3881 4155 αἰχμάλωτος
3916 4058 4080 4161 παρὰ

815 4160 954 4205 state
992 4162 1045 4207 et
1092 4149 1298 4221 Vitiges
1327 4166 1355 4204 a
1398 4149 1662 4205 Belisario
1718 4162 1940 4221 captus,
2008 4154 2393 4213 Constantino-

2492 4168 2808 4240 Βελισαρίου
2853 4172 2933 4233 είς
2992 4170 3283 4236 Βυζάντιον
3324 4149 3670 4246 ἀνεπέμφθη.
3708 4149 3959 4251 Χοσρόης
4001 4149 4077 4237 ’δὲ

816 4245 981 4312 polim
1007 4254 1089 4299 est
1113 4245 1330 4299 missus.
1350 4244 1627 4299 Cbosroes
1648 4244 2000 4300 nihilominus
2019 4246 2390 4307 Romanorum

2489 4260 2559 4312 τὰ
2575 4259 2863 4329 Ῥωμαίων
2915 4262 3041 4332 ὅρια
3092 4262 3461 4332 καταδραμὼν
3522 4244 3647 4336 τὴνή
3692 4244 3924 4341 Σούρωεί
3972 4273 4078 4324 πός

820 4338 956 4389 lines
990 4336 1249 4391 invadens
1282 4337 1546 4392 Surorum
1569 4346 1825 4415 oppidum
1863 4344 2032 4411 cepit,
2052 4343 2391 4415 Sutrinosque

2492 4350 2577 4402 λιν
2610 4347 2723 4404 εἷλε
2752 4353 2846 4405 καὶ
2880 4352 3159 4423 Σούρηνας
3179 4356 3223 4386 "
3278 4356 3733 4424 ἠνδραποδίσατο.
3799 4336 4086 4429 ι’Υστερον

816 4426 867 4477 iu
900 4426 1214 4482 servitutem
1249 4428 1494 4485 abduxit.
1525 4432 1678 4502 25a
1718 4432 1826 4485 Sed
1866 4432 2081 4487 tandem
2138 4432 2388 4487 undecim

2498 4441 2683 4511 μέντοι
2744 4445 2824 4505 είς
2869 4444 3161 4514 δισχιλίους
3214 4446 3258 4477 ⁸⁸
3300 4446 3393 4499 καὶ
3451 4448 3677 4518 μυρίους
3738 4449 3897 4513 ὄντας
3946 4426 4085 4517 τοὺς

813 4518 1151 4583 captivorqu
1189 4519 1356 4574 millia
1381 4521 1632 4577 ducentis
1673 4522 1852 4577 aureis
1877 4531 2213 4591 permutans,
2252 4522 2388 4577 libe-

2496 4534 2881 4603 αίχμαλώτους
2934 4535 3079 4587 δυοῖν
3120 4536 3383 4606 ὁμολογίᾳ
3449 4540 3817 4610 κεντηναρίων
3860 4544 4083 4613 ἀφῆκεν

816 4621 905 4660 ros
965 4622 1154 4661 omnes
1180 4609 1408 4675 dimisit,
1456 4610 1701 4666 Candide
1762 4612 2098 4681 Sergiopolis
2135 4613 2390 4681 episcopo

2498 4626 2763 4688 ἅπαντας,
2826 4624 3090 4679 Κανδίδου
3141 4626 3235 4679 τοῦ
3290 4609 4083 4701 ἐπισκόπουΣεργιουπόλνεως

812 4697 1099 4762 pecuniam
1135 4697 1376 4765 pollicito
1410 4716 1423 4752 :
1456 4700 1549 4767 qui
1580 4716 1700 4755 eum
1748 4703 2031 4771 promissis
2064 4718 2171 4757 non
2200 4713 2391 4771 staret,

2497 4714 2711 4768 έκτῖσαι
2736 4713 2798 4767 τδ
2824 4714 2983 4785 χρέος
3025 4716 3402 4787 ὑποσχομένου
3435 4720 3479 4750 ⁸⁸
3500 4735 3513 4748 ·
3544 4720 3573 4772 6
3609 4720 3666 4772 δὲ
3837 4697 4084 4795 ὑποσχέξ

813 4785 879 4837 ad
944 4784 1145 4853 justam
1219 4787 1631 4845 dissolutionem
1692 4793 1920 4847 adactus
1969 4804 2071 4848 est.
2120 4794 2391 4851 Chosroes

2500 4822 2639 4869 σεως
2688 4806 2964 4876 ἀλογήσας
3011 4808 3110 4879 τὴν
3135 4784 3348 4862 δικαίαν
3413 4784 3801 4882 είσεπράττετο
3837 4784 4079 4871 ἔκτισιν.

813 4877 935 4931 dein
961 4876 1285 4949 Hierapolim
1346 4880 1597 4937 obsidere
1652 4894 1915 4951 ceperat,
1976 4900 2101 4940 cum
2159 4888 2235 4943 illi
2287 4887 2390 4943 Be-

2496 4897 2744 4965 Χοσρόης
2765 4896 2821 4949 δέ
2839 4876 3252 4968 τὴνΊεράπολιν
3277 4876 3588 4969 πολιορκεῖν
3605 4901 3930 4972 ἀρξάμενος,
3953 4907 4084 4959 ἐπεὶ

815 4972 981 5025 rhmre
1018 4973 1303 5043 episcopus
1334 4975 1443 5045 (cui
1479 4977 1673 5047 Magno
1707 4981 1928 5049 nomen)
1952 4979 2132 5048 pondo
2178 4982 2388 5052 argenti

2492 4986 2523 5037 6
2560 4986 2789 5055 Βεροίας
2819 4988 2866 5019 ’⁸
2893 4989 3042 5059 αὐτῷ
3074 4990 3373 5054 έπίσκοπος
3399 4992 3640 5063 ἀργύρου
3670 4994 3884 5064 σταομά
3902 4996 4085 5067 διαχε-

815 5061 920 5114 duo
956 5062 1120 5117 millia
1157 5067 1427 5134 promisit.
1490 5066 1664 5123 Solvit
1698 5070 1879 5139 itaque
1898 5071 2235 5127 obsidionem
2269 5088 2385 5138 rex,

2495 5077 2585 5130 λια
2615 5078 2790 5146 ἔθετο,
2812 5078 3023 5151 ἀπέστη
3070 5080 3168 5151 τῆς
3214 5061 3557 5154 πολιορκίας,
3598 5061 3946 5157 ὁμολογήσας
3981 5061 4082 5141 καὶ

2082 5224 2312 5281 VARUE
2352 5228 2759 5287 LECTIONES.

888 5316 933 5394 '_‘
973 5320 1081 5394 τοῖς
1110 5319 1441 5387 μετασχοῦσι
1459 5337 1568 5394 ς.-
1645 5318 1908 5394 ⁸³ΔΖαμοῦ
1939 5320 2002 5371 Δ.
2107 5321 2161 5394 Α⁸⁸
2192 5322 2488 5394 Δουνάντου
2530 5343 2592 5389 ς.
2690 5328 2734 5359 ⁵⁸
2765 5326 2851 5379 διὰ
2895 5326 3053 5380 τοῦτο
3110 5328 3335 5394 ὕστερον
3365 5348 3423 5394 ς.

816 5386 875 5466 [τ’
892 5376 1258 5466 ἀνηγόρευσεν
1456 5376 1503 5421 ’ί
1537 5376 1897 5466 Βαραῖδηςῖς.
1981 5394 2047 5466 _"
2068 5391 2177 5466 τὴν
2202 5393 2301 5466 τοῦ
2324 5376 2677 5463 κοιαίστω-ρος

814 5455 959 5537 ξύων
986 5455 1076 5511 A.‘
1165 5459 1263 5537 ‘16
1304 5460 1576 5537 Δ’Υιττιγις
1618 5455 1678 5537 ξζί
1765 5455 2242 5537 ’ξξΒασάκουέᾷτε
2278 5464 2393 5532 apta
2421 5483 2480 5537 ς,
2584 5455 2627 5497 ει
2658 5455 2777 5537 μὲν]
2812 5467 2911 5535 μὲν
2970 5455 3079 5527 ad»,
3125 5455 3184 5532 ξ.

814 5528 859 5557 ⁸⁷
890 5527 1062 5598 Σύρον
1088 5556 1155 5568 -
1183 5529 1439 5599 Συρίνους
1481 5527 1540 5593 ς.
1630 5531 1677 5561 ⁸⁸
1719 5530 1920 5599 χιλίους
1955 5548 2014 5603 ςε
2095 5532 2139 5562 ⁶’
2161 5527 2569 5603 ὑποηίουμὶἐνου
2603 5527 2669 5599 Co.
2724 5527 3056 5607 ’θ’Βερροίας
3086 5527 3145 5601 ςξ

3520 5333 3565 5364 ⁸⁸
3613 5333 3978 5403 Ἰουστινιανῷ
4009 5355 4074 5401 ς.

3375 5403 3417 5433 ⁶¹
3449 5402 3556 5455 τῶν
3585 5404 3706 5456 atltl.
3740 5407 3801 5457 Α.
3901 5402 3955 5437 η
3977 5410 4079 5461 Λι-

3287 5471 3329 5502 ⁶⁶
3357 5472 3695 5543 καλουμένας
3740 5475 3973 5540 σπονδάς
4005 5494 4071 5542 ς.

888 5732 999 5804 (74)
1035 5751 1056 5804 ε
1088 5734 1229 5785 ΛιΞι-ιι
1253 5734 1589 5804 Quadubadi,
1630 5754 1646 5785 ι
1681 5743 1758 5787 cst
1800 5735 1853 5787 in
1886 5734 2150 5804 Procopio
2171 5647 2553 5792 ΙιειιὲιιιιζίΠΑ³⁸

889 5803 997 5855 .75)
1032 5802 1263 5871 Populus
1298 5803 1491 5869 ubique
1518 5806 1746 5856 [zu-tinua-
1779 5804 1977 5857 Veneta
2012 5802 2073 5860 et
2106 5807 2330 5862 Prasina
2363 5809 2566 5861 divisus
2598 5820 2733 5861 erat.
2772 5806 3144 5874 (Ριιοηουιυε.)
