4210 6442
142 424 237 486 133

1284 421 1813 487 BIBLIOTHECA.
1848 448 1919 459 —
1960 423 2124 485 COD.
2167 422 2386 484 LXIII.

3312 419 3413 486 134

139 538 317 601 πάσης
372 532 693 602 ἀποστῆναι
724 533 825 601 τῆς
883 531 1073 602 Ἐῲας,
1112 532 1163 584 εί
1195 532 1328 585 δέκα
1376 532 1581 603 χρυσοῦ
1627 551 1740 586 κεν·

1856 534 2128 603 pollicitus
2179 533 2365 587 atlba-c
2409 530 2556 585 omni
2609 529 2749 583 adeo
2783 527 3021 585 Orientis
3053 528 3422 585 Romanorum

137 626 369 693 τηνάρια
434 624 615 678 λάῆοι.
673 623 885 693 Βούζης
908 625 963 677 δέ
992 627 1020 676 ὁ
1055 625 1152 693 τῆς
1195 624 1370 693 Ἐῴας
1402 627 1732 693 στρατηγὸς,

140 716 441 783 ἀξιόμαχον
475 716 670 767 ἑαυτὸν
703 715 805 767 οὐκ
841 714 1090 783 οἰόμενος
1128 714 1206 785 τῷ
1234 717 1475 786 Χοσρόῃ,
1504 712 1603 768 ῶδε
1630 718 1733 768 κά-

142 808 285 858 xsan
320 805 763 876 περιεπλανᾶτο.
817 806 1063 875 Χοσρόης
1102 806 1161 857 δὲ
1185 806 1280 858 ἐπὶ
1310 806 1541 872 Βέροιαν
1574 824 1737 876 στρα-

140 898 335 959 τεύσας
366 899 498 968 ᾔτει
540 900 638 967 μὲν
666 897 838 949 πολλὰ
889 898 1168 967 χρήματα,
1209 896 1391 949 λαϐὼν
1417 898 1475 949 δὲ
1498 898 1736 969 δισχίλια

142 987 361 1056 σταθμὰ
389 990 664 1059 ἀργυρίου
710 988 845 1042 ἄλλα
888 987 1125 1041 τοσαῦτα
1186 988 1588 1057 προσεπεξήτει
1612 1029 1625 1052 ,
1662 992 1735 1058 μὴ

138 1079 434 1131 δ.δούντων
489 1080 534 1109 ’ί
587 1079 642 1131 δέ
697 1078 933 1149 ἰσχυρῶς
974 1078 1305 1149 ἐπολιόρκει.
1351 1078 1457 1131 Τοῦ
1493 1080 1548 1131 δέ
1586 1082 1738 1148 σφῶν

145 1170 454 1222 ἐπισκόπου
488 1169 936 1239 παραγενομένου
975 1169 1017 1198 ⁷⁸
1038 1171 1249 1237 (Μέγας
1271 1166 1339 1239 ἦν
1368 1171 1537 1239 ὄνομα
1567 1171 1735 1241 αὐτῷ)

145 1261 236 1313 καὶ
264 1260 528 1330 Χοσρόην
545 1260 901 1329 λιπαροῦντος
932 1262 1058 1323 τοὺς
1082 1262 1183 1331 μὲν
1214 1262 1525 1332 Βεροιαίους
1554 1264 1739 1316 κακῶν

145 1348 375 1410 ἀπαθεῖς
419 1352 639 1419 ἀφῆκεν
672 1352 829 1414 ἰέναι,
863 1353 971 1420 ὅπη
1016 1351 1169 1419 φίλον
1200 1353 1419 1422 ἑκάστῳ
1443 1353 1530 1422 εἴη
1556 1371 1571 1385 ⁸
1603 1357 1651 1407 oi
1682 1355 1739 1407 δὲ

146 1440 487 1507 στρατιῶται
516 1443 565 1492 ol
598 1442 842 1494 πλεῖστοι
869 1442 1086 1505 ἑκόντες
1125 1444 1341 1496 εἵποντο
1374 1446 1740 1515 στρατευόμε-

143 1547 219 1580 νοι
260 1532 516 1604 Χοσρόῃ,
581 1534 663 1585 δτι
713 1534 911 1595 αὐτοὺς
939 1535 965 1585 ὁ
988 1533 1242 1603 βασιλεὺς
1288 1535 1396 1588 τῶν
1432 1538 1739 1603 συντάξεων

145 1626 466 1694 ἀπεστέρει,
525 1625 773 1696 Χοσρόης
818 1625 895 1687 δὲ,
959 1626 1083 1677 ἐπεὶ
1140 1628 1399 1697 χρήματα
1448 1630 1740 1698 Ἀντιοχεῖς

146 1717 380 1783 αίτήσας
428 1717 537 1769 οὐκ
588 1717 803 1781 ἔλαϐεν,
857 1717 1167 1788 ἐπολιόρκει
1228 1719 1325 1789 τὴν
1376 1721 1738 1791 Ἀντιόχειαν·

149 1803 397 1873 σφοδρῶς
418 1805 479 1856 δὲ
498 1805 971 1875 πολιορκουμένης
987 1806 1310 1871 Θεόκτιστος
1326 1812 1419 1862 καὶ
1431 1810 1736 1879 Μελάτζης,

1846 626 2056 679 ditione
2090 639 2150 679 se
2186 638 2562 687 excessurum,
2585 623 2630 677 si
2668 622 2814 677 mille
2830 622 2946 676 auri
2980 622 3157 692 pondo
3186 632 3423 691 caperet.

1837 717 2051 771 lnterea
2084 716 2279 781 Buzes,
2314 717 2421 769 dux
2472 714 2736 779 Orientis,
2766 716 2978 769 viribus
3031 716 3147 769 suis
3198 713 3427 778 diuisus.

1838 821 1959 860 cum
2057 806 2299 861 Chosroe
2368 822 2611 876 pugnare
2685 808 3015 871 detrectans,
3071 806 3427 861 circumcirca

1836 900 2146 954 oberrabat.
2202 899 2344 969 Ergo
2376 898 2617 953 Berbtna:
2665 897 2885 951 admoto
2923 898 3193 962 exercitu,
3248 898 3424 953 Chos-

1838 1006 1962 1046 roes
1992 991 2340 1060 pecuniarum
2409 990 2633 1043 nimium
2668 998 2929 1057 quantum
2968 989 3282 1058 postulavit,
3333 1004 3428 1044 ac-

1840 1084 2122 1153 ceptisque
2152 1081 2337 1152 pondo
2384 1082 2592 1149 argenti
2630 1079 2865 1132 millibus
2903 1081 3139 1142 duobus,
3194 1079 3423 1134 allecum

1842 1185 2048 1227 tantum
2078 1174 2257 1242 exegit
2286 1192 2299 1227 :
2332 1188 2494 1242 quam
2526 1172 2653 1240 quia
2688 1170 2835 1224 cives
2869 1185 3137 1223 summam
3164 1186 3270 1223 non
3292 1186 3424 1239 pen-

1840 1268 2059 1330 debaut,
2094 1265 2273 1320 valide
2294 1266 2481 1318 urbem
2535 1270 2827 1332 oppugnat.
2888 1262 3084 1315 Verum
3128 1262 3425 1327 accedente

1842 1354 2038 1424 Magno
2083 1353 2261 1421 oppidi
2312 1352 2588 1420 episcopo,
2641 1359 2694 1401 et
2724 1349 3000 1403 Cbosroen
3067 1349 3426 1416 deprecante,

1842 1445 2201 1499 Berltmcnses
2219 1444 2483 1496 inminues
2519 1443 2826 1509 liberosque
2848 1441 3000 1493 abire
3032 1440 3300 1507 permisit,
3323 1454 3431 1509 quo

1840 1537 2072 1605 quisque
2122 1534 2298 1589 vellet.
2356 1533 2496 1587 Hinc
2554 1531 2797 1601 plerique
2854 1532 3018 1584 etiam
3060 1531 3299 1583 militum
3360 1532 3429 1583 ad

1840 1629 2118 1683 Cbosroen
2146 1641 2239 1680 sua
2294 1634 2488 1694 sponte
2530 1624 2884 1684 transierunt,
2936 1624 3079 1688 quod
3138 1622 3432 1691 stipendiis

1840 1720 2253 1784 eosimperator
2287 1715 2614 1769 fraudasset.
2664 1714 2745 1768 Ab
2800 1712 3158 1767 Antiochenis
3177 1712 3433 1766 similiter

1843 1809 2129 1876 pecuniam
2162 1807 2435 1861 Chosroes
2465 1806 2762 1873 postulans,
2802 1821 2901 1859 nec
2934 1807 3252 1873 impetrans,
3282 1813 3432 1858 arcte

149 1893 259 1961 ἅμα
286 1893 403 1945 τῶν
436 1895 728 1964 ἑπομένων
748 1897 933 1960 αὐτοῖς
957 1895 1064 1951 ἀπὸ
1095 1897 1190 1951 τοῦ
1224 1900 1458 1954 Λιϐάνου
1478 1919 1740 1974 στρατιω-

1843 1900 2186 1953 Antiochiam
2246 1898 2435 1953 cinxit.
2473 1898 2718 1966 Cumque
2755 1912 2847 1951 rex
2878 1905 3099 1965 urgeret
3129 1895 3428 1956 obsidium,

146 1983 274 2048 τῶν,
315 1986 717 2051 ὑπεξελθόντες
753 1986 975 2055 ἔφυγον,
1010 1989 1104 2042 καὶ
1148 1989 1292 2043 οὕτω
1322 1992 1568 2064 Χοσρόης
1607 1996 1740 2048 ἀτα-

147 2076 451 2145 λαιπώρως
490 2079 824 2148 Ἀντιόχειαν
845 2084 1229 2153 παρεστήσατο
1244 2087 1338 2137 καὶ
1358 2085 1481 2149 τοὺς
1522 2089 1581 2140 ἐν
1603 2088 1739 2159 αὐτῇ

147 2167 611 2236 ἠνδραποδίσατο.
668 2171 957 2237 Ηρέσδεων
995 2173 1052 2226 δὲ
1100 2175 1235 2244 παρ’
1282 2176 1445 2228 αὑτὸν
1494 2178 1740 2248 ἡκόντων

161 2259 415 2311 Ἰωάννου
447 2278 512 2311 τε
540 2261 634 2314 τοῦ
672 2263 952 2331 Ῥουιρίνου
972 2266 1066 2317 καὶ
1114 2266 1405 2321 Ἱουλιανοῦ
1430 2270 1521 2323 τοῦ
1562 2288 1743 2342 γραμ-

154 2350 372 2416 ματέως
441 2352 559 2403 τῶν
604 2354 957 2426 ἀπορρήτων,
1002 2357 1099 2409 καὶ⁵
1139 2359 1340 2430 πολλῆς
1373 2361 1740 2432 δικαιολογίας

150 2444 478 2511 ἀναμεταξὺ
504 2445 687 2497 αὐτῶν
708 2464 765 2498 τε
792 2449 885 2500 καὶ
908 2450 1146 2519 Χοσρόου
1168 2456 1565 2525 γεγενημένης,
1590 2458 1742 2522 τέλος

151 2532 405 2601 ἀλλήλοις
436 2535 747 2605 συνέδησαν
774 2536 859 2605 ἐφ’
878 2531 921 2603 ᾧ
946 2539 1193 2609 Χοσρόην
1216 2545 1273 2595 ἐν
1306 2543 1402 2613 μέν
1424 2544 1498 2614 τῷ
1531 2563 1745 2616 παραυ-

151 2622 275 2674 τίκα
298 2626 643 2694 κεντηνάρια
691 2629 1032 2697 πεντήκοντα
1066 2633 1219 2701 παρὰ
1239 2633 1285 2664 "
1337 2636 1622 2705 Ῥωμαίων
1649 2638 1745 2691 λα-

153 2713 340 2779 ϐόντα,
385 2717 556 2769 πέντε
590 2716 648 2784 δὲ
688 2718 991 2789 φερόμενον
1010 2723 1253 2777 ἐπέτειον
1282 2725 1439 2778 ἄλλον
1468 2728 1511 2758 ⁷⁸
1540 2728 1744 2798 δασμὸν

154 2809 231 2868 είς
295 2810 389 2859 τὸν
438 2811 623 2862 πάντα
688 2812 883 2875 αἰῶνα,
933 2816 1102 2884 μηδὲν
1158 2818 1355 2881 αὐτοὺς
1406 2820 1745 2889 ἐργάσασθαι

156 2900 477 2968 περαιτέρω
520 2902 689 2953 κακόν
710 2917 721 2928 ’
758 2902 1017 2971 πρέσῦεις
1041 2922 1098 2957 τε
1122 2906 1283 2959 πάλιν
1307 2909 1453 2977 παρὰ
1480 2908 1745 2977 βασιλέως

158 2988 558 3058 στελλομένους
584 2994 681 3051 τὰς
716 2994 860 3059 ἀμφὶ
916 2996 981 3063 τῇ
1014 2996 1208 3065 εἰρήνῃ
1239 2997 1285 3025 ⁷⁵
1319 2998 1547 3060 σπονδάς
1581 2999 1745 3067 ἐμϐε-

156 3079 597 3151 6αιωθήσεσθαι.
644 3084 807 3136 Ἀλλὰ
850 3087 1027 3138 καίτοι
1066 3087 1240 3141 ταῦτα
1270 3087 1359 3159 [57
1388 3088 1479 3159 IL]
1519 3090 1744 3159 θέμενος

1845 1989 2196 2043 Theoctistus
2248 1999 2303 2042 et
2379 1988 2658 2050 Mulatzes,
2719 2002 2821 2039 una
2870 2001 2992 2039 cum
3044 1987 3111 2041 iis
3162 1985 3430 2040 militibus

1845 2097 1983 2149 quos
2008 2097 2035 2133 κ
2068 2080 2271 2134 Libano
2298 2096 2480 2135 secum
2504 2080 2791 2143 duxerant,
2822 2079 2960 2133 clam
2980 2080 3168 2133 urbem
3200 2078 3427 2147 egressi.

1851 2174 2136 2244 fugerunt.
2174 2174 2249 2227 lla
2286 2172 2556 2228 Chosroes
2614 2172 2730 2226 sine
2758 2171 2941 2225 labore
2977 2170 3327 2224 Antiochiam
3360 2170 3431 2223 ad

1842 2268 2179 2322 deditionem
2196 2266 2477 2335 compulit,
2543 2266 2798 2333 civesque
2834 2264 2887 2318 in
2918 2264 3240 2317 servitutem
3272 2263 3431 2316 rede-

1843 2360 1919 2431 git
1947 2358 2081 2429 (76).
2144 2359 2275 2413 Inde
2301 2358 2462 2428 legati
2506 2356 2570 2411 ad
2596 2356 2745 2411 illum
2773 2355 2945 2421 missi,
2977 2353 3216 2410 Joannes
3249 2352 3428 2407 Ruﬁni

1844 2451 2012 2515 illius,
2077 2462 2131 2505 et
2181 2448 2426 2505 Julianus
2462 2460 2796 2505 secretorum
2839 2447 3018 2500 scriba
3072 2464 3085 2500 :
3128 2446 3425 2514 multisque

1845 2544 1990 2597 ultro
2012 2543 2260 2611 citroque
2280 2543 2345 2595 de
2368 2540 2541 2610 aequis
2562 2537 2970 2593 conditionibus
2997 2536 3196 2591 habitis
3218 2551 3429 2591 sermo-

1846 2636 2030 2698 nibus,
2072 2635 2290 2687 tandem
2347 2632 2647 2687 conveuit:
2686 2639 2742 2682 ut
2775 2629 3017 2683 (lbosroe
3071 2628 3185 2698 (77)
3243 2628 3426 2681 statim

1847 2726 2078 2782 Romani
2175 2726 2415 2793 quinque
2460 2737 2750 2776 aureorum
2832 2721 2997 2773 millia
3051 2732 3426 2781 numerarent,

1848 2821 2176 2889 quingentos
2213 2833 2341 2870 vero
2369 2829 2563 2869 aureos
2596 2812 2909 2882 quotannis,
2971 2812 3157 2865 tributi
3192 2811 3423 2864 alterius

1846 2914 2088 2977 nomine,
2124 2919 2379 2980 perpetuo
2413 2908 2733 2977 penderent.
2770 2889 2899 2957 nihil
2939 2918 2997 2959 se
3022 2903 3280 2971 deinceps
3308 2917 3426 2953 mn-

1846 3005 2015 3059 lcstia:
2053 3002 2339 3055 allaturum
2382 2996 2720 3068 promittenti
2760 3012 2772 3046 :
2806 3004 2969 3063 utque
3023 2994 3171 3047 missi
3227 2993 3424 3045 iterum

1846 3096 1914 3149 ab
1945 3096 2274 3164 imperatore
2299 3090 2479 3160 legati,
2522 3090 2670 3158 pacis
2693 3097 2959 3143 conventa
2986 3086 3293 3138 ﬁrmarent.
3325 3081 3427 3138 Ve-

157 3173 431 3242 Χοτρόης,
458 3176 554 3227 ἐπί
586 3193 645 3227 τε
676 3178 775 3247 τὴν
818 3179 1125 3247 Ἀπάμειαν
1177 3181 1264 3252 ᾔει
1304 3183 1373 3247 ⁷⁸,
1415 3184 1586 3253 Θωμᾶ
1621 3185 1740 3238 τότε

1848 3203 1964 3241 rum
1988 3186 2153 3239 etiam
2192 3184 2278 3238 his
2320 3183 2391 3236 ita
2422 3182 2754 3251 compositis,
2798 3179 3070 3233 Chosroes
3128 3175 3423 3243 Apameam

156 3263 666 3333 ἀρχιερατεύσαντος,
694 3268 789 3319 καὶ
808 3269 1066 3337 χρήματα
1089 3272 1301 3339 μεγάλα
1318 3272 1705 3343 εἰσεπράττετο
1724 3289 1738 3303 ⁸

155 3353 305 3415 τέλος
345 3355 417 3405 τά
444 3371 508 3405 τε
570 3356 693 3425 ἱερά
744 3359 839 3409 καί
892 3359 957 3410 τὰ
998 3359 1325 3429 ἀναθήματα
1358 3361 1533 3413 πάντα
1563 3361 1743 3414 λαόὼν

156 3443 332 3497 ἀπιὼν
368 3445 571 3515 ᾣχετο.
618 3448 703 3499 Ἐν
730 3441 773 3515 ᾧ
805 3450 1047 3520 καὶπερὶ
1101 3451 1209 3504 τῶν
1252 3453 1454 3522 τιμίων
1485 3454 1579 3506 καὶ⁸
1603 3453 1743 3517 ζωο-

156 3534 325 3588 ποιῶν
350 3536 537 3601 ξύλων
594 3538 1167 3611 τεθαυματούργηται.
1214 3542 1440 3614 Εἴρηται
1476 3546 1571 3596 καὶ
1595 3546 1742 3608 ὅπως

157 3628 410 3696 Χοτρόης
457 3629 820 3699 ἱπποδρόμιον
864 3633 982 3683 ἐκεῖ
1034 3633 1314 3685 ἐθεάσατο.
1353 3634 1487 3686 Ἀλλ’
1537 3636 1742 3688 ἐκεῖθεν

157 3716 410 3787 Χοσριόης
447 3720 546 3771 ἐπὶ
588 3720 833 3775 Χαλκίδα
885 3722 1044 3775 πάλιν
1075 3724 1117 3753 ⁷⁷
1151 3725 1465 3795 ἐπορεύετο,
1507 3725 1645 3795 ὑπὲρ
1674 3722 1741 3797 ἦς

158 3806 246 3859 δύο
270 3808 464 3859 λαϐὼν
498 3811 826 3880 κεπηνάρια
866 3812 908 3843 ⁷⁸
952 3814 1104 3883 παρά
1132 3814 1242 3867 τῶν
1280 3814 1571 3868 οἰκούντων
1603 3816 1740 3869 άπο-

158 3899 455 3969 λιόρκητον
487 3901 655 3953 εῐασε.
692 3904 801 3955 Καὶ
855 3904 949 3955 ἐπὶ
985 3905 1249 3957 Ἔδεσσαν
1281 3906 1337 3958 δέ
1363 3906 1405 3937 ⁷⁸
1434 3907 1740 3976 πορευθεὶς,

159 3989 248 4041 δύο
274 3990 471 4043 λαϐὼν
501 3994 849 4063 κεντηνάρια,
874 3994 986 4045 τισὶ
1008 3994 1062 4047 δέ
1090 3996 1184 4047 καὶ
1212 3995 1558 4066 θεοσημειαις
1586 3998 1742 4051 ἀπει-

160 4080 369 4147 ληθεὶς,
424 4082 825 4152 άπολιόρκητον
877 4085 1026 4135 εἴασε
1065 4086 1348 4155 κάκείνην.
1403 4086 1550 4154 Δῦτη
1594 4090 1740 4141 ἐστὶν

163 4172 424 4235 Ἔδεσσα,
452 4167 561 4243 ὲνῇ
586 4173 831 4241 Αῦγαρός
854 4191 913 4225 τε
941 4177 1033 4228 καὶ
1064 4176 1131 4228 τά
1147 4179 1275 4246 ’περὶ⁸
1301 4176 1551 4248 Αῦγαρον
1574 4179 1741 4232 πάλαι

161 4264 294 4330 πρὸς
362 4261 604 4331 Χριστοῦ
668 4264 941 4335 ἐπράχθη.
1000 4260 1169 4329 Οὗτος
1207 4267 1264 4319 δὲ
1308 4269 1336 4318 ὁ
1371 4267 1619 4338 Αῠγαρος
1648 4271 1741 4323 καὶ

158 4359 287 4427 παρ’
321 4358 643 4425 Αὔγουστον
694 4361 788 4413 τὸν
849 4364 971 4416 τότε
1026 4364 1315 4435 Ῥωμαίων
1362 4368 1741 4439 αὐτοκράτορα

160 4450 563 4519 παραγεγονὼς
594 4450 745 4519 φίλος
782 4469 841 4505 τε
893 4456 952 4517 ές
996 4454 1064 4507 τὰ
1097 4456 1335 4525 μάλιστα
1374 4458 1736 4528 ἐχρημάτισε,

1844 3275 2144 3347 profectus,
2187 3275 2275 3328 ubi
2311 3273 2549 3327 Thomas
2571 3271 2856 3341 episcopus
2890 3268 3236 3337 prtesidebat,
3260 3280 3413 3333 mag—

1847 3383 1974 3421 nam
2006 3367 2053 3421 ei
2086 3366 2436 3434 pecuniarum
2469 3362 2576 3415 vim
2598 3359 2925 3429 impetravit,
2987 3372 3051 3411 ac
3096 3356 3308 3410 tandem
3335 3370 3424 3408 sa-

1842 3477 1936 3515 cra
1967 3473 2120 3521 vasa,
2175 3457 2503 3523 templisque
2528 3454 2776 3508 dedicata
2826 3452 3075 3503 universa
3103 3462 3289 3502 secum
3322 3462 3421 3498 au-

1845 3555 2043 3614 l'crens,
2081 3549 2331 3603 discessit
2360 3564 2373 3599 :
2413 3548 2554 3599 inter
2586 3559 2705 3611 quae
2737 3544 2879 3598 circa
2899 3541 3188 3595 adoranda:
3242 3554 3306 3593 ac
3335 3539 3419 3592 vi-

1843 3642 2017 3695 villcze
2052 3640 2234 3694 crucis
2257 3638 2462 3706 lignum
2499 3634 2821 3689 miraculum
2851 3633 3078 3700 contigit
3112 3630 3248 3701 (78).
3280 3627 3421 3683 Nar-

1844 3742 1997 3786 ratur
2026 3731 2189 3785 etiam
2216 3730 2369 3783 ludos
2397 3736 2680 3798 equestres
2712 3724 2906 3778 ibidem
2930 3732 3226 3790 spectasse.
3290 3720 3422 3775 lude

1842 3824 1910 3877 ad
1934 3822 2245 3877 Chalcidem
2262 3820 2446 3875 urbem
2468 3834 2789 3889 progressus
2806 3829 2910 3882 est,
2928 3829 2979 3871 et
2995 3815 3101 3886 25
3116 3816 3143 3869 ι
3169 3815 3421 3870 ducentis

1844 3914 2031 3969 aureis
2056 3916 2123 3968 ab
2158 3914 2353 3967 incolis
2410 3911 2640 3975 exactis,
2693 3912 2809 3965 sine
2841 3910 3120 3963 obsidione
3171 3908 3417 3963 recessit.

1846 4005 2007 4060 Venit
2036 4005 2162 4057 hinc
2200 4003 2487 4067 Edessam,
2523 4010 2577 4055 et
2610 4004 2939 4055 tantumdem
2967 3999 3222 4054 abstulit:
3256 4013 3319 4053 ac
3342 3999 3419 4053 si-

1845 4098 1967 4166 gnis
1988 4095 2314 4165 quibusdam
2351 4094 2550 4148 divinis
2573 4095 2884 4155 deterritus,
2918 4094 3057 4146 hanc
3085 4106 3300 4162 quoque
3331 4106 3421 4144 ur-

1842 4189 1965 4242 bem
1996 4202 2101 4239 non
2134 4187 2368 4241 obsedit.
2414 4184 2565 4255 (Haec
2596 4186 2795 4242 Edessa
2831 4186 2916 4239 illa
2940 4196 3022 4240 est
3055 4186 3107 4239 in
3147 4201 3253 4254 qua
3308 4188 3419 4237 An-

1841 4295 2005 4350 garus
2036 4279 2172 4349 (79),
2212 4294 2441 4349 qumque
2472 4279 2528 4334 in
2563 4280 2653 4333 illo
2673 4279 2976 4349 antiquitus
3011 4294 3109 4346 per
3136 4277 3415 4332 Christum

1842 4382 2057 4440 patrata
2091 4390 2105 4437 ;
2139 4372 2387 4439 idemque
2410 4371 2499 4426 hic
2548 4370 2817 4441 Augarus,
2863 4370 2953 4437 qui
2983 4372 3047 4422 ad
3086 4368 3414 4437 Augustum,

1846 4473 1973 4516 tunc
2010 4461 2376 4516 Romanorum
2410 4462 2791 4531 imperatorem
2820 4460 3115 4530 profectus,
3147 4460 3321 4513 amico
3351 4473 3417 4512 eo

157 4545 249 4592 καὶ
283 4542 390 4611 τὴν
421 4544 481 4603 ἐς
509 4543 577 4595 τά
606 4546 778 4597 οἰκεῖα
828 4546 1088 4600 ἐπάνοδον
1122 4547 1287 4619 σοφία
1336 4551 1738 4620 κατεπράξατο.

1849 4557 1899 4609 in
1924 4556 2115 4625 primis
2144 4568 2296 4618 usus,
2328 4564 2385 4625 ut
2418 4555 2490 4609 illi
2522 4555 2587 4608 ad
2618 4570 2745 4609 suos
2785 4554 2961 4607 redire
2988 4551 3201 4606 nonnisi
3243 4550 3416 4604 soler-

170 4632 308 4683 Ἀλλ’
346 4633 375 4683 ὃ
411 4649 480 4699 γε
511 4629 757 4704 Χοσρόῆς
791 4636 850 4701 ἐξ
882 4637 1134 4706 Ἐδέσσης
1164 4640 1383 4710 ἀπάρας
1428 4641 1740 4711 ἐπορεύετο.

156 4721 288 4771 Τότε
325 4722 424 4773 καὶ
455 4721 547 4792 [77
588 4721 680 4793 IL]
740 4724 1120 4790 Ἰουστινιανὸς
1182 4727 1389 4797 ἔγραψε
1440 4732 1553 4793 τοῖς
1619 4735 1747 4801 πρέ-

158 4810 368 4877 σϐεσιν,
390 4813 730 4867 ἐπιτελέσειν
746 4816 814 4870 τὰ
832 4819 1154 4873 συντεθέντα
1171 4820 1470 4892 ὁμολογῶν.
1499 4824 1743 4894 Χοσρόης

1844 4646 1913 4700 tia
1940 4645 2174 4713 quadam
2202 4646 2274 4698 sit
2303 4645 2530 4714 datum).
2556 4642 2660 4706 ,Sic
2706 4642 2867 4711 igitur
2897 4641 3167 4696 Chosroes
3199 4638 3412 4693 Edessa

1841 4734 2113 4789 discessit.
2137 4733 2213 4787 Ea
2245 4736 2407 4789 etiam
2441 4744 2760 4803 tempestate
2792 4732 2983 4800 legatis
3011 4730 3126 4784 suis
3146 4728 3413 4783 Justinia-

1843 4838 1944 4877 nus
1977 4824 2279 4892 rescripsit,
2334 4832 2580 4891 paratum
2632 4836 2692 4876 se
2739 4830 2893 4889 pacta
2948 4827 3213 4873 conventa
3263 4816 3413 4886 pacis

1440 4983 1671 5038 νΑῐιιᾹε
1712 4982 2116 5040 LECTIONES.

210 5093 256 5123 "
280 5092 539 5144 διδόντων
574 5110 634 5156 ς’.

156 5162 200 5193 1s
239 5165 326 5233 ἧει
357 5166 444 5216 Ag
475 5163 561 5233 ειη
587 5179 649 5228 ς,
719 5164 762 5198 ⁷⁷
796 5162 949 5219 πόλιν
987 5182 1044 5228 ς.

737 5091 785 5171 ξ’
814 5097 1268 5171 παραγεναμένου
1308 5098 1371 5149 Δ.
1412 5099 1491 5171 _"
1520 5098 1693 5171 uaga]
1732 5102 1866 5171 πρὸς
1896 5101 1958 5152 A-

1122 5166 1166 5197 "
1197 5168 1523 5238 κεντηνάρια
1547 5166 1725 5223 λαθῶν
1754 5166 1811 5234 ᾇ.

2064 5099 2112 5131 ’δ
2142 5097 2299 5151 ἄλλον
2332 5098 2375 5153 Α
2430 5115 2443 5149 :
2503 5095 2699 5167 μᾶλλον
2725 5114 2785 5160 ς.

2900 5094 2945 5125 ⁷⁸
2974 5092 3072 5165 τὴν
3094 5092 3320 5163 εἰρήνην
3343 5109 3405 5156 ς.

1890 5170 1934 5201 τ’
1972 5168 2031 5222 δὲ
2068 5170 2191 5223 add.
2228 5169 2292 5222 A.

1670 5284 1902 5340 NOTIE.

244 5396 777 5515 3|?2‘A’dditl’rocop.
816 5416 836 5450 ι
875 5398 1182 5469 Ut-bemque
1211 5412 1409 5472 przeter
1433 5402 1625 5472 templa
1650 5403 1730 5459 iu-

153 5481 355 5607 ce2'7"]?
376 5486 447 5594 lit
477 5534 747 5593 Chosroes
782 5538 834 5593 in
871 5541 1526 5611 prtesensfquinquaginta
1560 5542 1725 5597 millia

153 5623 438 5681 nummum
480 5622 765 5663 aureorum
804 5623 868 5681 ac
900 5612 1116 5665 totidem
1148 5616 1439 5681 quotannis
1467 5626 1726 5681 perpetuo

443 5692 618 5811 usque
647 5692 744 5734 ens
776 5679 914 5733 ultra
938 5679 1186 5738 lacessat.
1220 5679 1339 5752 (Sic
1370 5679 1594 5749 Procop.
1618 5681 1725 5736 Vo-

222 5816 336 5880 (‘lBl
366 5817 658 5872 Ζωοποιῶν
720 5815 913 5881 ξυλων.
942 5814 1253 5888 Αιῲπειιιε
1300 5823 1533 5891 desuper
1586 5821 1724 5890 ignis

1827 5407 2040 5478 iubare.

1904 5461 2017 5551 (79)
2045 5478 2118 5533 De
2146 5475 2341 5551 quoD.
2372 5474 2568 5551 Baron.
2608 5482 2743 5551 tom.
2779 5470 2818 5551 ΙΙ
2841 5469 2910 5551 ad
2933 5480 3023 5521 an.
3052 5461 3402 5551 Chr:_3l,__ex

1833 5534 2178 5604 Da‘ma'sceno'
2220 5549 2313 5602 lib.
2364 5563 2418 5602 ιν
2496 5543 2721 5598 Ortltod.
2779 5534 2924 5608 ﬁdei,
2986 5534 3243 5608 cap._t7,
3308 5534 3398 5586 ubi

1829 5622 2111 5689 Abagarns
2158 5614 2617 5689 inominatur._Et
2652 5604 2792 5689 litui
2859 5604 3063 5689 Contra
3120 5604 3401 5689 [coname-

1828 5675 1980 5742 chos‘.’
2012 5688 2204 5742 Euseb.
2256 5687 2349 5740 lib.
2383 5703 2430 5739 (ι.
2484 5686 2566 5749 l3,
2633 5681 2903 5751 Agburus;
2964 5678 3085 5733 aliis
3138 5675 3392 5729 Acbarus.

1830 5758 1963 5813 Vide
1984 5768 2037 5812 et
2061 5756 2186 5812 Sur.
2232 5758 2295 5810 16
2327 5757 2461 5826 Aug.
