4210 6442
130 387 225 451 13⁸1

1238 382 1760 445 BIBIJOTHECA.
1794 407 1864 418 -
1902 381 2067 444 COD.
2113 383 2312 445 LXIV.

3300 386 3400 452 138

130 504 158 553 6
193 500 436 570 Περσῶν
465 497 717 568 ἀλλήλοις
743 496 947 559 ιθεντο,
981 494 1138 549 ἔλυσε
1169 495 1226 548 δὲ
1257 494 1503 564 Χοσρόης
1534 509 1596 546 τε
1627 493 1725 547 αὑ·
1755 496 1792 551 Α

1755 496 1797 551 Α
1826 506 1979 549 sroes
2003 493 2293 549 Persarum
2324 508 2417 549 res
2473 492 2707 549 Invicem
2752 496 3173 554 constituerant.
3211 500 3399 557 Solve-

126 590 217 654 τὸς
258 591 365 643 καὶ
414 590 697 649 Ἰουστῖνος
728 588 970 655 διάδοχος
1016 584 1400 638 Ἰυυστινιανοῦ
1426 584 1723 647 καταστὰς,

127 679 398 749 δευτέρου
424 678 579 741 ἔτους
608 676 705 746 τῆς
751 676 927 745 ἀρχῆς
974 674 1123 743 αὺτῷ
1159 674 1251 746 [80
1269 673 1360 746 R.]
1395 675 1728 745 περαιουμέ-

130 788 220 823 νου
244 772 317 821 ”.
367 772 702 840 ’Δρχόμενος
730 769 787 821 δὲ
834 766 1083 820 ἐντεῦθεν
1123 767 1219 833 τῆς
1250 766 1490 836 ἱστορίας
1513 767 1727 821 κάτεισι

133 862 300 931 μέχρι
346 861 583 913 δεκάτου
628 858 783 921 έτους
811 856 975 911 αὑτοῦ
1004 855 1099 909 τοῦ
1138 856 1398 924 πολέμου.
1437 857 1728 926 Μέμνηται

129 953 183 1004 δὲ
213 954 275 1002 ἐν
310 952 457 1020 τῷδε
491 950 568 1019 τῷ
592 948 795 1019 πρώτῳ
836 946 931 1000 τοῦ
966 946 1171 1017 βισλίου
1203 947 1346 1017 λόγῳ
1370 949 1465 1000 καὶ
1490 947 1561 1000 τὰ
1589 948 1728 1001 κατὰ

142 1043 538 1096 ’1ουστινιανὸν
562 1040 846 1110 ἱστορῆσαι
865 1055 879 1069 ο
910 1038 973 1091 οὐ
1012 1038 1117 1109 μὴν
1136 1037 1274 1091 ἀλλὰ
1297 1037 1452 1105 δῆλός
1471 1040 1619 1091 ὲστιν
1649 1038 1727 1102 ὡς

134 1137 233 1187 καὶ
260 1134 477 1205 ἑφεξῆς
507 1134 615 1187 τῶν
638 1133 770 1185 δέκα
795 1132 968 1199 λόγων
1016 1130 1237 1200 ἑτέρους
1270 1129 1545 1195 συνέταξε.
1578 1129 1731 1194 Διέξ-

133 1248 242 1283 εισι
310 1232 378 1283 δὲ
422 1232 479 1283 ὲν
518 1230 616 1300 μὲν
641 1228 777 1297 τῷδε
800 1227 878 1296 τῷ
901 1226 1043 1297 λόγῳ
1084 1227 1234 1288 ὅπως
1268 1225 1322 1277 αι
1348 1224 1570 1278 σπονδαὶ
1602 1241 1731 1277 συν·

136 1320 447 1391 εχύθησαν,
503 1320 787 1373 ’1ουστίνου
838 1319 938 1388 μὲν
1003 1317 1093 1371 διὰ
1155 1316 1520 1387 Κομεντιόλου
1562 1316 1733 1369 Σουα-

136 1421 259 1473 νίαν
283 1418 449 1488 παρὰ
491 1416 731 1484 Χοσρόου
778 1413 1159 1474 ἀπαιτοῦντος,
1191 1412 1356 1466 αὑτοῦ
1390 1413 1445 1466 δί
1482 1412 1732 1466 ὑποτιθε-

138 1511 333 1579 μένου,
361 1511 425 1562 οὑ
453 1508 638 1577 μέντοι
690 1505 961 1567 διδοῦντος
990 1505 1058 1566 ’⁸.
1086 1505 1236 1567 ὅπως
1270 1506 1383 1574 τεή
1413 1504 1731 1557 Μεσοποτα-

139 1601 238 1670 μία
292 1603 453 1653 πᾶσα
512 1598 755 1669 ἐσείσθη,
807 1596 1090 1668 προοίμιον
1130 1595 1239 1651 τῶν
1285 1595 1732 1667 ὲπελευσομένων

138 1691 330 1745 κακῶν
364 1690 658 1760 γενομένη.

207 1785 341 1837 ὐτι
379 1784 451 1836 τὰ
474 1785 492 1815 ¹
531 1783 667 1854 πρὸς
704 1778 874 1849 Εὗρον
904 1780 1103 1849 ἄνεμον
1132 1778 1227 1833 τοῦ
1266 1780 1527 1884 Τανάίδος
1555 1779 1730 1884 T06?-
1768 1830 1809 1884 Β

141 1893 227 1927 χοι
256 1876 551 1943 νέμονται,
582 1875 632 1926 οἱ
654 1874 824 1926 πάλαι
848 1872 1205 1940 Μασσαγέται
1233 1871 1253 1901 ³
1284 1868 1734 1938 καλούμενοι,οὓς

141 1960 351 2038 Πέρται
386 1967 567 2037 σίκείᾳ
596 1966 818 2037 γλώσσῃ
850 1962 1249 2034 Κερμιχίωνὰς
1274 1979 1423 2031 φασι.
1451 1962 1556 2015 Καὶ
1582 1959 1735 2014 αὐτοὶ

136 2057 195 2108 δὲ
223 2060 284 2110 ὲν
314 2057 397 2124 τῷ
416 2058 545 2109 τότε
579 2057 728 2127 δῶρα
765 2059 855 2109 καὶ
881 2056 1139 2127 πρέσϐεις
1171 2056 1307 2123 πρὸς
1332 2053 1557 2125 βασιλέα
1599 2052 1734 2105 Ἰου-

142 2152 324 2202 στῖνον
372 2149 658 2211 ἔστειλαν,
704 2148 951 2217 δεόμενοι
998 2146 1073 2218 μὴ
1125 2144 1677 2210 ὑπώέξασθαιαὺτὸν
1711 2142 1732 2174 ⁸

139 2242 268 2302 τοὺς
306 2238 573 2311 ’Δὸἀρους
595 2255 609 2268 ³
632 2242 662 2293 6
680 2240 737 2293 δὲ
752 2241 819 2293 τὰ
844 2239 992 2310 δῶρα
1015 2237 1198 2292 λαϐὼν
1230 2236 1326 2291 καὶ
1353 2236 1734 2306 ἀντιφιλοφρο-

143 2334 467 2402 νησάμενος
490 2332 762 2385 ἀπέλυσεν
797 2333 879 2394 είς
901 2329 969 2383 τὰ
1006 2330 1201 2383 οἰκεῖα.
1244 2329 1365 2391 Τοῖς
1387 2328 1444 2381 δὲ
1484 2326 1733 2397 Ἀσάροις

142 2424 376 2494 ὕστερον
409 2423 681 2488 ἐλθοῦσιν,
710 2423 805 2475 καὶ
830 2421 1127 2476 Παννονίαν
1152 2419 1482 2489 οἱκῆσαικαὶ
1507 2419 1733 2490 εἰρήνης

138 2517 331 2584 τυχεῖν
349 2514 654 2582 δεομένοις,
707 2512 795 2565 διὰ
831 2513 922 2564 τδν
947 2511 1080 2581 πρὸς
1102 2511 1228 2572 τοὺς
1270 2508 1546 2578 Τούρκους
1574 2507 1733 2575 λόγον

142 2604 365 2667 καὶτὰς
395 2604 677 2672 συνθήκας
709 2603 810 2654 οὐκ
837 2602 1151 2655 ἐσπείσατο.

215 2695 343 2748 Ὀτι
369 2694 477 2763 τήν
498 2694 608 2770 τῷν
634 2692 933 2760 σκωλήκων
964 2692 1179 2760 γένεσιν
1228 2690 1366 2762 ἀνὴρ
1395 2690 1610 2760 Πέρσης
1634 2690 1731 2759 βα-

146 2784 458 2847 σιλεύοντος
522 2782 903 2836 ’1ουστινιανοῦ
956 2784 1013 2834 ἐν
1070 2780 1353 2850 Βυζαντίῳ
1417 2780 1729 2857 ὑπέδειξεν,

142 2877 301 2930 οὔπω
334 2877 609 2947 πρότερον
631 2876 983 2945 ἐγνωσμένην
1033 2874 1345 2943 Ῥωμαίοις.
1386 2869 1552 2939 Οὗτος
1582 2874 1637 2927 δὲ
1669 2875 1733 2926 ὲκ

145 2970 339 3041 Σηρῶν
360 2970 632 3041 ὁρμηθεὶς
654 2972 683 3021 6
718 2968 935 3039 Πέρσης
956 2968 1016 3020 τὸ
1043 2968 1268 3037 σπέρμα
1296 2966 1406 3020 τῶν
1435 2968 1733 3037 σκωλήκων

145 3064 201 3114 ὲν
234 3062 480 3132 νάρθηκι
538 3060 719 3114 λαϐὼν
754 3059 917 3129 μέχρι
970 3058 1267 3121 Βυζαντίου
1297 3058 1609 3121 διεσώσατο,
1641 3058 1733 3111 καὶ

1832 595 1952 640 rant
1977 600 2039 641 ea
2068 584 2339 641 Cbosroes
2386 586 2522 655 ipse,
2558 594 2613 641 et
2634 584 2881 642 Justinus
2914 588 3051 656 (84),
3104 589 3397 648 Justinlani

1825 674 1937 744 jam
2026 691 2331 741 successor.
2382 687 2623 733 exeunte
2692 678 2864 733 altero
2943 680 3155 750 imperii
3232 699 3397 739 anno.

1832 763 1969 820 Hinc
2067 781 2198 836 ergo
2250 769 2618 822 narrationem
2699 769 3047 837 auspicatus.
3107 773 3282 842 pergit
3333 775 3401 830 ad

1832 871 2029 910 annum
2061 871 2228 923 usque
2251 858 2373 911 belli
2402 859 2694 913 decimum.
2722 857 2963 914 Meminit
2992 876 3120 915 vero
3149 861 3249 915 boc
3283 863 3402 930 ipso

1832 948 2006 1016 primo
2059 947 2348 1004 voluminis
2401 948 2561 1013 libro,
2596 949 2883 1019 scripsisse
2919 966 3134 1021 quoque
3182 968 3240 1008 se
3281 970 3403 1022 qua:

1831 1040 1932 1094 sub
1962 1039 2267 1096 Justiniano
2301 1050 2447 1112 gesta
2469 1052 2616 1105 sunt,
2645 1043 2753 1097 imo
2786 1053 2842 1098 et
2875 1043 3054 1114 plures
3068 1061 3192 1101 eum
3213 1047 3401 1101 decem

1833 1131 1982 1186 hisce
2027 1131 2374 1198 subjunxisse
2404 1133 2591 1197 libros,
2631 1134 2767 1189 satis
2814 1136 3100 1192 manifeste
3156 1148 3399 1208 apparet.

1834 1220 2029 1274 Narrat
2051 1230 2233 1278 autem
2260 1226 2359 1278 hoc
2379 1224 2539 1286 libro,
2579 1240 2685 1293 qua
2719 1227 2925 1282 ratione
2955 1240 3109 1297 pacta
3138 1239 3405 1283 comenta

1833 1312 1941 1365 sint
1997 1310 2281 1378 dissoluta,
2336 1329 2456 1369 cum
2504 1313 2753 1371 Justinus
2834 1332 2928 1385 per
3005 1317 3400 1373 Comentiolnm

1834 1403 2090 1457 Snuniam
2120 1418 2149 1456 a
2177 1403 2417 1459 Chosroe
2470 1414 2759 1475 repeteret.
2790 1407 2901 1476 ipse
2932 1424 3059 1464 vero
3092 1410 3255 1465 verbo
3282 1411 3403 1478 qui-

1834 1493 1954 1547 dem
1987 1496 2352 1563 promitteret,
2400 1512 2507 1551 non
2544 1510 2722 1553 tamen
2771 1513 2829 1553 re
2885 1504 3185 1566 Mstaret.
3218 1502 3403 1556 Refert

1833 1597 1887 1639 et
1918 1587 2104 1642 in'tota
2136 1588 2518 1659 Mesopotamia
2556 1602 2755 1646 terram
2773 1594 3030 1659 movisse,
3059 1593 3271 1648 initium
3316 1595 3401 1647 ni-

1834 1679 2029 1732 mirum
2074 1680 2464 1745 calamitatum,
2497 1698 2617 1752 qua
2641 1685 2941 1739 subsecuta:
2968 1697 3117 1739 sunt.

1908 1772 1966 1827 ln
1997 1771 2217 1827 Oriente
2261 1776 2327 1829 ad
2382 1772 2606 1828 Tanaim
2632 1774 2790 1830 Turci
2814 1776 3032 1845 degunt,
3065 1776 3155 1845 qni
3225 1777 3400 1831 Musa-

1835 1874 1971 1934 geta:
2003 1866 2301 1935 antiquitus
2328 1868 2480 1931 dicti,
2513 1881 2542 1919 a
2598 1866 2780 1922 Persis
2809 1882 2903 1923 sua
2951 1870 3132 1939 lingua
3189 1868 3401 1924 Kermi-

1835 1955 2045 2007 chiones
2060 1956 2417 2024 appellantur.
2443 1957 2506 2011 lli
2556 1967 2878 2028 tempestate
2913 1960 3014 2014 hac
3038 1960 3243 2031 legatos
3276 1979 3399 2017 cum

1835 2049 2150 2103 muneribus
2176 2048 2246 2103 ad
2284 2047 2553 2104 Justinum
2597 2050 2730 2120 imp.
2768 2050 3035 2119 legarunt,
3082 2066 3149 2107 ne
3193 2053 3401 2107 Abaros

1836 2142 2100 2209 reciperet
2128 2140 2493 2198 obsecrantes.
2529 2142 2624 2197 llle
2668 2158 2887 2198 munera
2913 2144 3143 2200 libenter
3171 2146 3400 2216 accepit,

1835 2232 2092 2301 omnique
2121 2232 2257 2287 adeo
2297 2231 2685 2288 benevolentia
2715 2243 2877 2303 atque
2907 2234 3257 2289 humanitatis
3311 2252 3406 2306 ge-

1837 2338 1969 2379 nere
2027 2325 2343 2393 complesus
2392 2326 2609 2379 domum
2662 2326 2888 2381 remisit.
2950 2326 3197 2395 Cumque
3237 2329 3401 2383 Abnri

1836 2426 1960 2467 mox
1996 2414 2353 2470 accessissent
2387 2413 2498 2484 (qui
2559 2412 2893 2470 Pannoniam
2947 2415 3211 2482 habitare,
3245 2432 3405 2487 pace-

1835 2521 1941 2575 que
1964 2504 2073 2561 frui
2097 2506 2462 2562 Romanorum
2506 2508 2889 2579 precabantur)
2914 2510 2984 2564 ob
3036 2510 3218 2564 datam
3260 2510 3403 2564 Tur-

1836 2598 1916 2652 cis
1943 2598 2121 2660 fidem,
2142 2609 2433 2667 pactasque
2457 2600 2818 2664 conditiones,
2839 2602 3105 2671 repulsam
3141 2603 3400 2657 tulerunt.

1906 2687 2234 2758 Bomhycum
2272 2688 2387 2756 (85)
2441 2691 2707 2759 originem
2758 2692 2921 2746 homo
2965 2696 3181 2761 quidam
3211 2694 3401 2755 Persa.

1835 2779 2137 2836 Jttstiuiano
2164 2783 2480 2849 imperante,
2500 2782 2965 2852 Constantinopoli
2995 2785 3253 2848 ostendit,
3275 2803 3403 2840 nun-

1836 2887 1996 2939 quam
2025 2881 2184 2927 antea
2214 2872 2477 2927 Romanis
2510 2876 2801 2942 cognitam.
2833 2874 2929 2928 llic
2953 2874 3114 2930 Persa
3148 2891 3179 2931 e
3209 2876 3401 2931 Serum

1841 2964 2058 3032 regione
2081 2962 2378 3033 profectus,
2403 2966 2665 3018 vermium
2692 2980 2872 3019 semen
2917 2966 3087 3021 ferula
3114 2966 3401 3027 inclusum,

1837 3052 2353 3123 Constantinopolim
2390 3054 2599 3109 salvum
2629 3054 2935 3122 deportavit
2979 3056 3144 3126 26b,
3178 3071 3240 3110 ac
3278 3072 3405 3111 vere

145 3154 241 3207 τοῦ
265 3154 435 3225 ἔαρος
464 3151 774 3222 ἀρξαμένου
796 3151 887 3203 ἐπὶ
907 3150 1006 3219 τὴν
1038 3149 1245 3220 τροφὴν
1279 3148 1388 3203 τῶν
1417 3149 1731 3218 συκαμίνων
1758 3165 1804 3225 c

1758 3165 1804 3225 ο
1840 3139 2059 3193 ineunte
2088 3140 2139 3193 in
2170 3141 2484 3196 alimentum
2519 3142 2653 3196 mori
2687 3141 2827 3198 foliis
2856 3144 3063 3198 semina
3101 3145 3397 3214 imposuit-

149 3247 366 3316 φύλλων
394 3248 653 3315 δπαφῆκε
685 3243 754 3297 τὰ
785 3244 1076 3312 σπέρματα
1099 3257 1114 3272 °
1141 3241 1209 3295 τά
1228 3241 1285 3294 δὲ
1311 3243 1587 3310 τραφέντα
1624 3244 1736 3305 τοῖς

150 3335 373 3404 φύλλοις
424 3331 811 3404 ὲπτεροφρησέ
863 3331 1047 3409 τεκαὶ
1077 3324 1250 3382 ¹τᾶλλα
1285 3329 1598 3399 είργάσατο.
1635 3322 1736 3383 Ὧν

147 3431 250 3497 τὴν
280 3446 341 3483 τε
376 3429 596 3495 γένεσιν
629 3425 726 3478 καὶ
746 3424 845 3493 τὴν
878 3423 1139 3493 ἐργασίαν
1171 3425 1200 3476 6
1231 3421 1481 3492 βασιλεὺς
1517 3423 1737 3477 ’1ουστίο

148 3539 239 3585 νος
263 3520 501 3588 ὕστερον
551 3519 664 3581 τοῖς
694 3517 959 3588 Τούρκοις
988 3515 1273 3579 ὑποδείξας
1318 3513 1659 3585 ὶθάμὸησενο
1687 3517 1735 3567 ot

149 3615 259 3683 γὰρ
286 3611 532 3683 Τοῦρκοι
586 3610 709 3663 τότε
738 3609 809 3662 τά
864 3625 924 3662 τε
964 3605 1157 3678 Σηρῶν
1210 3605 1454 3675 ἐμπόρια
1487 3606 1579 3657 καὶ
1610 3606 1736 3667 τοὺς

149 3703 376 3775 λιμένας
410 3703 685 3770 κατεῖχον.
718 3698 903 3755 Ταῦτα
958 3698 1015 3752 δέ
1048 3697 1179 3768 πρὶν
1225 3697 1326 3767 μὲν
1369 3696 1575 3766 Πέρσαι
1602 3712 1737 3749 κατ-

151 3798 322 3865 εῖχον,
372 3792 713 3861 Ἐφθαλάνου
745 3792 805 3844 δὲ
846 3790 941 3844 τοῦ
986 3786 1323 3858 Ἐιρθαλιτῶν
1367 3786 1653 3857 βασιλέως,
1677 3784 1737 3849 ἐξ

152 3881 213 3941 οὗ
242 3887 343 3941 καὶ
362 3887 425 3939 τὸ
446 3887 605 3955 γένος
629 3884 757 3954 ἔσχε
784 3883 883 3954 τήν
904 3882 1121 3952 κλῆσιν,
1140 3878 1383 3951 Περόζην
1405 3879 1499 3931 καὶ
1523 3877 1736 3948 Πέρσας

152 3982 487 4051 νικήσαντος
511 3976 864 4047 ἀφῃρέθησαν
891 3974 989 4043 μὲν
1011 3971 1216 4026 τούτων
1235 3972 1282 4023 οί
1297 3971 1522 4040 Πέρσαι,
1548 3968 1740 4020 δεσπό-

153 4090 244 4125 ται
260 4072 321 4125 δὶ
336 4072 680 4139 κατέστησαν
696 4066 1025 4136 Ἑφθαλίταιο
1047 4062 1140 4126 οὓς
1156 4062 1335 4133 μικρῴ
1352 4061 1476 4114 ῦστε
1486 4078 1575 4131 ρον
1589 4059 1736 4130 μάχῃ

155 4166 488 4233 νικήσαντες
535 4160 768 4229 Τοῦρκοι
809 4157 1027 4225 ἀφεῖλον
1061 4154 1122 4218 ἐξ
1160 4153 1339 4208 αὐτῶν
1397 4152 1493 4205 καὶ
1537 4149 1732 4205 ταῦτα.

236 4256 530 4314 Ἰοουστίνος
585 4250 640 4303 δὲ
692 4251 981 4319 Ζήμαρχον
1026 4248 1082 4308 ἐς
1131 4246 1259 4307 τοὺς
1290 4244 1567 4314 Τούρκους
1606 4242 1739 4311 πρέ-

158 4347 290 4400 σϐυν
348 4344 700 4399 ἀπέστειλενο
766 4340 825 4404 ὃς
880 4341 975 4394 καὶ
1027 4337 1295 4409 λαμπρῶς
1363 4338 1617 4399 ἑστιάσας
1678 4352 1737 4387 τε

156 4442 282 4502 τοὺς
308 4437 594 4507 Τούρκους
622 4434 715 4487 καὶ
742 4437 801 4495 ες
829 4432 899 4486 τὰ
942 4432 1178 4502 μάλιστα
1232 4428 1649 4500 φιλοφρονηθεὶς
1682 4428 1739 4489 ἐς

155 4532 215 4582 τὸ
235 4500 537 4593 Βυζάντιον
575 4524 821 4594 ἐπανῄει.
877 4500 967 4577 Arb
995 4524 1086 4576 καὶ
1114 4524 1142 4575 6
1175 4521 1420 4591 Χοσρόης
1446 4522 1532 4572 ἐπ’
1558 4516 1737 4571 Αίθίο-
1766 4500 1816 4558 D

157 4638 287 4684 πας,
323 4618 515 4687 φίλους
548 4616 708 4677 δντας
729 4614 1181 4684 Ῥωμαίοις,τοὺς
1206 4612 1375 4665 πάλαι
1399 4611 1497 4682 μὲν
1516 4612 1737 4681 Μακρο-

156 4713 307 4775 Bion;
333 4710 434 4763 νῦν
480 4708 539 4763 δὲ
596 4706 894 4777 Ὀμηρίτας
942 4704 1333 4774 καλουμένους,
1384 4704 1737 4773 ἐστράτευσε,

158 4804 253 4856 καὶ
277 4803 373 4855 τόν
396 4817 461 4853 τε
481 4801 503 4830 ⁸
531 4798 753 4869 βασιλέα
778 4799 886 4850 τῶν
916 4795 1227 4866 Ὀμηριτῶν
1252 4794 1632 4865 Σανατούρκην
1651 4793 1739 4846 διὰ

158 4893 454 4963 Μηράνους
487 4889 581 4942 τοῦ
612 4887 836 4958 Περσῶν
868 4884 1177 4958 στρατηγοῦ
1203 4884 1508 4955 ἐζώγρησε,
1552 4887 1653 4953 τήν
1678 4900 1741 4935 τε

158 4984 315 5036 πόλιν
344 4980 529 5035 αὐτῶν
562 4978 917 5049 ἐξεπόρθησε,
939 4978 1035 5032 καὶ
1063 4978 1123 5031 τὸ
1150 4975 1302 5039 ἔθνος
1329 4977 1735 5045 παρεστήσατο.

160 5074 396 5139 Διέξεισι
423 5072 483 5124 δὲ
513 5072 608 5125 καὶ
653 5072 802 5133 ὅπως
844 5069 1117 5139 Ἀρμένιοι
1149 5066 1244 5139 [59
1278 5065 1368 5139 H.]
1404 5066 1509 5118 ὑπὸ
1532 5065 1738 5135 Σουρή-

158 5182 249 5217 νου
274 5166 295 5196 ⁸
320 5163 678 5232 κακούμενοι,
734 5162 829 5214 καὶ
876 5160 1109 5229 μάλιστα
1153 5159 1280 5229 περὶ
1311 5157 1407 5228 τὴν
1434 5155 1736 5220 εὐσέϐειαν,

1836 3244 1954 3296 quae
2003 3228 2148 3285 foliis
2177 3232 2402 3295 nutrita,
2428 3240 2482 3285 et
2506 3234 2557 3285 in
2594 3233 2707 3288 alas
2734 3248 2794 3287 se
2836 3235 3148 3300 induerunt,
3178 3249 3232 3293 et
3270 3238 3405 3293 ntire

1834 3329 2117 3388 ca'perunt
2141 3320 2373 3388 operari.
2411 3320 2554 3390 Ergo
2579 3323 2899 3393 bombycum
2925 3334 3125 3391 ortum,
3160 3329 3406 3382 texendi-

1835 3424 1940 3479 que
1973 3410 2261 3465 artificium
2293 3428 2413 3467 cum
2439 3423 2560 3482 post
2598 3412 2796 3470 Turcis
2823 3415 3067 3472 Justinus
3100 3419 3404 3488 imperator

1836 3502 2183 3569 ostendisset,
2214 3504 2975 3575 vebementerobswpuerunt
3009 3525 3172 3575 ;nam
3209 3512 3401 3565 Serum

1839 3592 1910 3645 illi
1954 3603 2062 3646 tum
2116 3597 2355 3663 emporia
2402 3606 2696 3665 portusque
2748 3601 3020 3665 tenebant,
3072 3618 3192 3669 ane
3229 3604 3405 3659 Persa:

1838 3685 1989 3753 prius
2043 3696 2342 3741 tenuerant.
2403 3688 2771 3755 Ephtbalanus
2813 3690 2956 3743 enim
3009 3691 3403 3761 Eplttalitarnm

1836 3788 1931 3827 rex
1965 3776 2012 3844 (τι
2032 3790 2139 3843 quo
2165 3785 2221 3829 et
2249 3776 2660 3844 appellationem
2690 3778 3000 3831 universum
3025 3794 3194 3847 genus
3217 3783 3403 3851 traxit)

1838 3865 2074 3919 Perozen
2132 3875 2186 3919 et
2235 3865 2426 3921 Persas
2451 3881 2573 3921 cum
2607 3868 2824 3922 vicisset
2854 3868 2994 3938 (86),
3025 3872 3265 3925 subm0ti
3322 3873 3407 3927 bis

1838 3959 1972 4012 locis
2020 3959 2220 4022 Persae,
2255 3975 2434 4013 rerum
2487 3975 2615 4013 vero
2654 3960 2804 4028 potiti
2844 3971 2970 4015 sunt
3032 3962 3360 4030 Eplttltalitze
3386 4005 3403 4029 ,

1838 4065 1974 4118 quos
1996 4060 2118 4117 post
2145 4050 2303 4119 paulo
2338 4050 2500 4105 Turci
2527 4052 2711 4119 praelia
2743 4064 3086 4119 superantes,
3126 4055 3211 4109 bis
3238 4059 3404 4109 etiam

1841 4142 2034 4195 ﬁnibus
2066 4142 2408 4211 pepulerunt.

1908 4229 2152 4284 Justinus
2206 4228 2558 4284 Zemarcbum
2597 4231 2664 4283 ad
2693 4228 2899 4284 Turcos
2952 4231 3185 4301 legatum
3222 4235 3405 4289 misit:

1840 4321 1930 4386 qui
1954 4331 2007 4373 et
2030 4320 2243 4389 publice
2288 4334 2381 4374 eos
2417 4320 2592 4389 epulis
2638 4321 2941 4389 excipiens,
2972 4323 3229 4392 omnique
3270 4326 3410 4380 adeo

1840 4412 2000 4465 ofﬁcii
2032 4426 2229 4481 genere
2259 4422 2536 4481 exceptus,
2576 4409 3099 4481 ConstantinOpolim
3149 4415 3410 4469 remissus

1840 4516 1942 4560 cst.
1972 4503 2331 4571 Quamobrem
2357 4506 2521 4558 etiam
2545 4504 2815 4561 Cbosroes
2841 4506 2891 4559 in
2920 4504 3223 4575 JEIIIiOpIS,
3258 4507 3411 4561 ami-

1841 4611 1935 4649 cos
1965 4595 2141 4665 populi
2166 4592 2391 4648 Romani
2446 4594 2595 4663 (olim
2643 4592 2963 4660 Macrobios,
2992 4610 3132 4649 nunc
3163 4592 3379 4649 Homeri

1843 4697 1927 4742 tas
1984 4686 2300 4755 appellatos)
2354 4686 2749 4755 expeditionem
2807 4686 3065 4754 suscepit.
3124 4699 3412 4755 regemque

1844 4777 2243 4834 Homeritarum
2276 4778 2633 4844 Sanaturcen,
2655 4792 2819 4847 opera
2852 4776 3086 4832 Meranis
3120 4776 3410 4832 Persarum

1845 4872 2019 4933 «lucis,
2057 4872 2237 4923 vivum
2296 4869 2459 4938 cepit,
2496 4869 2739 4937 urbeque
2768 4883 2953 4923 eorum
2981 4869 3212 4937 direpta,
3259 4869 3412 4923 inco-

1846 4962 1925 5016 las
1953 4960 2277 5028 subiugavit.
2311 4958 2553 5012 Armenii
2585 4974 2613 5011 a
2650 4957 2843 5012 Surina
2872 4957 3008 5011 male
3035 4959 3237 5025 accepti
3269 4956 3412 5027 (ma-

1847 5058 1991 5111 xime
2036 5056 2089 5109 in
2144 5055 2359 5123 pietatis
2404 5052 2790 5123 religionisque
2855 5051 3092 5123 negotio)
3128 5053 3408 5116 Surinam,

1848 5152 2219 5223 conjuratione
2262 5150 2401 5205 facta
2466 5164 2562 5219 per
2605 5146 2934 5207 Vardanum.
2964 5146 3138 5215 (cujus
3188 5146 3408 5200 fratrem

1460 5291 1694 5350 VLRIE
1734 5288 2136 5346 LECTIONES.

236 5414 286 5445 ”
317 5410 493 5466 αὑτοῦ
519 5408 585 5465 Δ.
662 5411 708 5442 ”
737 5409 970 5474 διδόντος
1013 5428 1071 5474 ς.

166 5484 316 5551 ρίνου
341 5483 676 5553 ειΣουρῖναν
731 5497 792 5544 ς.

1156 5410 1173 5442 ¹
1201 5408 1293 5482 τὰ]
1345 5409 1471 5467 libri
1514 5428 1597 5467 ετ.
1674 5412 1695 5441 '
1721 5408 2027 5481 μασαγέται
2075 5425 2133 5470 ς-

2230 5404 2455 5459 ³αὑτῶν
2507 5416 2590 5471 pr.
2644 5400 2728 5462 A,
2786 5399 2891 5451 δτι
2924 5397 3049 5454 add.
3090 5398 3157 5452 Δ.
3231 5397 3252 5428 ⁸
3286 5398 3416 5449 Zeu-

1685 5563 1909 5621 NOTAE.

237 5686 358 5760 (84)
380 5686 627 5760 Justinus
641 5683 846 5760 iunior.
900 5754 912 5760 _
975 5752 987 5760 _
1053 5752 1104 5760 __
1628 5749 1637 5760 ,

236 5746 357 5828 (85)
392 5760 467 5813 De
488 5757 576 5811 bis
606 5746 679 5828 ei_
709 5752 1011 5828 Theophll.
1052 5752 1354 5828 Simocates
1386 5748 1479 5828 lib.
1506 5763 1598 5813 vn,
1628 5746 1729 5806 inf.

170 5819 299 5885 cod.
340 5819 475 5883 'sec.
538 5833 594 5880 et
650 5819 881 5892 ProcopI
936 5819 1027 5876 lib.
1087 5838 1180 5887 1v;
1246 5819 1470 5888 Niceph.
1528 5833 1742 5887 quoque

414 5919 690 5982 Panos.
728 5914 849 5976 Gs.
880 5915 1041 5975 Clll.

1860 5677 1951 5730 lib.
1987 5692 2115 5729 xvu.
2152 5691 2273 5743 cap.
2302 5678 2391 5731 52.

1913 5746 2021 5816 (86)
2051 5746 2182 5802 Vide
2209 5761 2360 5816 supr.
2396 5746 2623 5815 Prooop.
2650 5746 2826 5816 princ.
2849 5746 2974 5803 cod.
3003 5746 3092 5800 63.

3026 5907 3064 5966 5
