4210 6442
781 398 878 461 139

1932 393 2191 454 ΡΗΟΤΠ
2231 391 2733 453 ΡΑΤΗΙΑΒΟΗΕ
2770 392 2876 453 CP.

3915 398 4021 464 ΗΟ

778 506 1077 561 Mauuelem
1104 505 1193 559 ille
1218 502 1595 573 interfecerat)
1626 512 1680 559 et
1704 504 1867 556 alium
1897 504 2183 571 quemdam
2210 502 2342 557 Ver-

2445 501 2534 556 τόν
2562 520 2621 555 τε
2646 503 2924 573 Σουρήναν
2962 503 3241 573 δμοφρονή
3254 520 3443 569 σαντες
3473 504 3563 558 διὰ
3593 506 3929 578 Οὐαρδάνου,
3959 506 4025 566 οὗ

777 601 903 653 dum
959 598 1312 661 occiderunt;
1337 604 1393 650 et
1419 611 1447 649 a
1479 595 1659 650 Persis
1687 594 2002 650 deﬁcientes
2033 596 2099 650 ad
2143 595 2344 650 Roma-

778 704 875 743 nos
909 688 1195 753 transiere,
1243 686 1545 755 relictoque
1593 687 1793 756 oppido
1816 688 1959 754 quod
2014 688 2343 751 incolebant,

777 782 931 837 Dubii
962 781 1198 845 nomine,
1228 780 1285 833 in
1313 779 1683 832 Romanorum
1717 780 1989 845 regionem
2013 782 2341 848 commigra-

775 884 920 927 runt.
979 873 1157 940 Atque
1219 872 1334 925 haec
1371 870 1484 937 ipsa
1535 870 1876 939 potissimum
1944 885 2107 925 causa
2170 871 2346 925 Persis

774 964 875 1018 fuit
906 963 1186 1032 rumpendi
1220 962 1462 1024 foederis,
1507 962 1953 1029 induciaruinque
1987 976 2107 1015 cum
2139 960 2340 1015 Roma-

775 1057 879 1110 nis.
923 1054 1276 1109 Desciverunt
1332 1063 1452 1121 post
1503 1053 1600 1108 bos
1629 1054 1812 1108 statim
1865 1055 2025 1107 etiam
2060 1053 2259 1117 lberes,
2289 1063 2343 1108 et

774 1147 1023 1216 Gorgene
1082 1146 1228 1213 ipsos
1255 1143 1512 1205 ducente,
1539 1144 1605 1197 ad
1660 1142 1934 1198 Rontanos
1987 1146 2341 1199 transierunt.

772 1238 1083 1308 Metropolis
1116 1247 1298 1293 autem
1326 1236 1607 1292 [berorum
1657 1235 1891 1307 Tipbilis
1944 1246 2069 1293 tunc
2094 1248 2231 1293 erat.

840 1414 1146 1469 Marcianus
1188 1414 1389 1469 Justini
1451 1415 1580 1485 imp.
1638 1414 1919 1484 patruelis,
1958 1414 2203 1472 Orientis
2235 1418 2344 1471 dux

764 1507 875 1577 jam
902 1509 1261 1571 renuntiatus,
1281 1509 1332 1561 in
1355 1509 1749 1576 expeditionem
1767 1510 2027 1564 adversus
2043 1509 2341 1576 Cliosroen,

768 1609 959 1651 octavo
1022 1599 1150 1666 imp.
1210 1597 1410 1652 Justini
1474 1615 1602 1653 ann.
1672 1600 1869 1653 missus
1935 1611 2039 1655 est.
2108 1600 2344 1654 Joannes

769 1705 897 1742 vero
929 1689 1199 1743 Armeniae
1238 1689 1343 1743 dux
1363 1701 1416 1742 et
1464 1689 1709 1744 Meranes
1760 1691 2065 1754 Persarum,
2137 1693 2227 1761 qui
2288 1701 2343 1745 et

768 1780 1170 1844 Baramaanes,
1234 1782 1532 1834 exercitum
1604 1780 1944 1848 colligebant.
2022 1781 2087 1835 Et
2151 1785 2341 1834 Arme-

769 1873 874 1925 niis
936 1872 1152 1941 quidem
1246 1872 1427 1926 socios
1495 1887 1552 1926 se
1633 1872 2074 1940 conjunxerunl,
2132 1873 2336 1937 Colchi,

768 1963 993 2031 Abasgi,
1041 1972 1096 2016 et
1142 1960 1343 2017 Saroes
1396 1978 1487 2015 rex
1538 1962 1834 2015 Alanorum
1875 1982 1886 2015 :
1943 1964 2179 2016 Mei-ante
2212 1978 2340 2017 vero

769 2051 948 2106 Sabiri
976 2053 1115 2123 (87),
1150 2062 1203 2106 et
1235 2055 1479 2121 llagaues
1508 2066 1561 2107 ct
1620 2053 1882 2106 Dilutaina
1917 2069 2068 2123 gens.
2110 2055 2340 2110 Marcia-

772 2160 872 2197 nus
902 2146 965 2197 ad
1015 2144 1399 2199 Nisibenorum
1455 2145 1663 2209 urbem,
1705 2144 1873 2212 signis
1901 2143 2135 2211 collatis,
2172 2145 2342 2199 Meia-

770 2250 890 2289 netn
936 2235 991 2289 in
1049 2236 1227 2306 fugam
1286 2236 1802 2303 convertit:eoque
1865 2236 2052 2303 pruzlio
2120 2238 2264 2289 mille
2289 2248 2342 2291 et

768 2329 1027 2382 ducentos
1080 2328 1298 2391 cecidit,
1370 2328 1510 2397 27a
1572 2329 1722 2381 vivos
1782 2330 1921 2396 cepit
1983 2330 2339 2397 septuaginta,

768 2420 1032 2475 Romanis
1054 2429 1266 2489 septem
1290 2422 1552 2475 duntaxat
1587 2420 1927 2474 desideratis.
1962 2419 2080 2474 Mox
2128 2421 2341 2474 Nisibe-

769 2529 959 2569 norum
994 2515 1194 2568 moenia
1228 2512 1507 2567 obsidione
1535 2510 2023 2580 cinxit.Chosroes,
2056 2527 2113 2567 re
2136 2524 2343 2567 mature

770 2604 1007 2672 cognita,
1031 2603 1391 2671 quadraginta
1429 2604 1674 2669 equitum
1709 2603 1903 2664 millia,
1951 2604 2189 2672 peditum
2213 2617 2344 2657 vero

770 2696 1004 2765 amplius
1031 2706 1250 2750 centum
1293 2697 1621 2758 conducens,
1657 2695 1916 2748 auxilium
1949 2695 2112 2757 ferre,
2134 2704 2189 2748 et
2220 2710 2341 2747 cum

771 2784 1032 2842 Romanis
1070 2786 1361 2853 conﬂigere
1427 2787 1753 2855 properavit.
1811 2786 2020 2839 Interea
2056 2786 2159 2839 loci
2204 2786 2343 2855 apud

774 2880 1165 2946 imperatorem
1197 2876 1504 2932 Marcianus
1535 2876 1772 2931 aﬂectati
1800 2877 2005 2945 imperii
2038 2886 2343 2939 accusatur,

771 2970 1129 3024 etcalumnim
1163 2969 1322 3022 fidem
1355 2969 1622 3023 adhibens
1640 2966 1909 3033 Justinus,
1933 2968 2207 3021 exercitus
2222 2981 2344 3021 eum

775 3063 1007 3129 imperio
1043 3041 1336 3126 submovit,
1365 3060 1822 3128 Theodorumque
1846 3060 2136 3113 Justiniani
2176 3058 2344 3111 lilium

2446 593 2538 647 τόν
2568 593 2798 663 ἀδελφὸν
2819 595 3078 666 Μανουὴλ
3104 596 3400 666 ἐτύγχανεν
3433 597 3656 660 ἀνελὼν,
3681 601 3776 653 καὶ
3808 602 3877 654 δι’
3903 603 4028 656 ετξ-

2448 700 2544 753 ρου
2572 685 2717 748 τινὸς
2739 685 2981 756 Οὐάρδου
3031 687 3264 754 ἀνεῖλον,
3306 690 3399 740 καὶ
3432 690 3657 758 Περσῶν
3687 692 4029 757 ἀποστάντες

2460 773 2751 843 Ῥωμαίοις
2815 776 3268 848 προσεχώρησαν,
3310 779 3373 831 τὸ
3410 780 3632 844 Δούϐιος
3666 782 3727 833 τὸ
3755 783 4024 853 πόλισμα,

2445 866 2501 917 ὲν
2529 857 2573 928 ᾧ
2599 864 2900 934 κατῴκουν,
2925 866 3283 931 ἀπολιπόντες
3315 869 3408 921 καὶ⁵
3446 870 3583 939 πρὸς
3618 873 3688 924 τά
3731 871 4026 941 Ῥωμαίων

2445 957 2550 1025 ήθη
2603 957 2926 1025 γενόμενοι·
2966 959 3059 1009 καὶ
3091 956 3250 1011 τοῦτο
3284 960 3520 1028 μάλιστα
3565 961 3755 1029 γέγονε
3784 965 3885 1031 τῆς
3913 964 4028 1017 τῶν

2446 1047 2672 1116 Περσῶν
2698 1047 2831 1117 πρὸς
2865 1048 3171 1117 Ῥωμαίους
3191 1050 3433 1103 σπονδῶν
3456 1053 3802 1116 καταλύσεως
3822 1057 4022 1110 αἴτιον.

2459 1140 2797 1209 Ἀπέστησαν
2822 1140 2879 1194 δὲ
2908 1143 3219 1211 παραυτίκα
3248 1143 3343 1195 καὶ
3365 1144 3481 1213 ’16η
3492 1161 3602 1211 ρες,
3621 1146 3716 1197 καὶ
3737 1148 4028 1217 προσεχώ-

2449 1246 2620 1299 ρησαν
2664 1232 2977 1300 Ῥωμαίοις,
3020 1232 3319 1300 Γοργένους
3347 1233 3528 1285 αὐτῶν
3553 1236 3983 1305 ἡγεμονεύοντος
4004 1254 4022 1269 ο

2444 1316 2512 1391 ἦν
2562 1321 2620 1374 δὲ
2675 1321 2786 1374 τῶν
2837 1321 3062 1392 Ἰϐήρων
3113 1322 3236 1375 τότε
3275 1325 3308 1393 ή
3352 1325 3607 1391 Τίφιλις⁶
3660 1328 4023 1396 μητρόπολις.

2519 1412 2640 1464 Ὅτι
2663 1413 2977 1483 Μαρκιανὸς
3003 1415 3032 1466 6
3057 1413 3154 1466 τοῦ
3190 1414 3476 1469 Ἰουστίνου
3511 1416 3605 1469 τοῦ
3643 1417 3907 1486 βασιλέως
3931 1418 4025 1483 ἐξ·

2446 1506 2691 1575 ἀδελφος,
2720 1507 2817 1575 τῆς
2857 1506 2971 1558 Ἕω
2997 1506 3402 1577 χειροτονηθεὶς
3441 1503 3793 1578 στρατηγὸς,
3819 1512 3898 1574 είς
3927 1513 4024 1564 τὸν

2445 1596 2582 1667 πρὸς
2604 1598 2847 1667 Χοσρόην
2890 1598 3127 1667 πόλεμον
3185 1598 3359 1669 ὀγδόῳ
3410 1598 3519 1651 ἔτει
3578 1602 3676 1669 τῆς
3732 1601 4023 1655 Ἰουστίνου

2446 1687 2719 1756 βασιλείας
2743 1686 3214 1751 ὲξαποστέλλεται.
3250 1687 3334 1759 [81
3370 1688 3458 1759 IL]
3488 1690 3743 1759 Ἰωάννης
3771 1692 3826 1745 δὲ
3863 1694 3892 1745 6
3918 1695 4024 1763 τῆς

2456 1779 2746 1848 Ἀρμενίας
2772 1780 3079 1848 στρατηγὸς
3110 1781 3205 1832 καὶ
3256 1781 3506 1851 Μιρανης
3527 1782 3546 1811 ⁷
3578 1785 3607 1834 6
3630 1781 3737 1835 τῶν
3766 1784 4020 1853 Περσῶν,

2441 1873 2468 1923 ό
2497 1872 2591 1922 καὶ
2626 1872 3016 1940 Βαραμαάνης,
3050 1873 3149 1941 τὴν
3182 1874 3468 1942 στρατείαν
3502 1874 3872 1942 συνήθροιζον.
3908 1876 4023 1928 Καὶ

2440 1963 2552 2022 τοῖς
2589 1962 2688 2028 μὲν
2751 1961 3057 2029 Ἀρμενίοις
3108 1962 3445 2031 συνεμάχουν
3496 1963 3716 2031 Κόλχοι,
3760 1963 4022 2029 Ἀϐασγοὶ

2442 2052 2534 2103 καὶ
2570 2051 2795 2122 Σαρώης
2826 2051 2847 2082 ⁸
2881 2053 2909 2104 6
2949 2051 3187 2105 Ἀλανῶν
3244 2052 3514 2121 βασιλεὺς,
3566 2052 3645 2123 τῷ
3682 2053 3739 2107 δὲ
3800 2055 4025 2127 Μιράνῃ

2444 2144 2663 2215 Σάὸιροι
2696 2147 2790 2196 καὶ
2815 2144 3055 2207 Δαγάνες
3082 2146 3102 2177 ⁵
3130 2147 3224 2198 καὶ
3252 2146 3311 2197 τὸ
3329 2146 3618 2215 Διλμαῑνὸν
3652 2146 3822 2208 ἔθνος.
3854 2148 4024 2200 110).:-

2446 2241 2624 2310 μήσας
2654 2240 2696 2270 ¹⁰
2725 2238 2780 2291 δὲ
2801 2242 2829 2291 6
2857 2238 3174 2309 Μαρκιανὸς
3201 2238 3291 2290 τὸν
3318 2239 3569 2310 Μιράνην
3594 2240 3720 2306 περὶ
3746 2239 3843 2309 τὴν
3870 2240 4025 2292 Νισι-

2443 2331 2622 2402 ϐηνῶν
2652 2331 2696 2363 ¹¹
2726 2331 2880 2384 πόλιν
2911 2331 3073 2383 αὑτὸν
3101 2331 3199 2400 μὲν
3233 2334 3290 2394 ὲς
3345 2332 3524 2401 φυγὴν
3554 2330 3800 2401 ἔτρεψεν,
3842 2332 4023 2384 ἀνεῖλε

2441 2424 2497 2476 δὲ
2526 2425 2585 2476 ὲν
2615 2426 2681 2493 τῇ
2718 2424 2865 2494 μάχῃ
2913 2423 3117 2493 χιλίους
3163 2424 3255 2475 καὶ
3303 2422 3630 2486 διακοσίους,
3673 2425 3767 2477 καὶ
3818 2424 4023 2488 ζῶντες

2444 2513 2756 2585 ἐλήφθησαν
2781 2519 2856 2567 ο’·
2904 2514 3190 2582 Ῥωμαίων
3246 2513 3303 2566 δὲ
3358 2513 3546 2581 ἀνδρες
3586 2514 3628 2544 ¹¹
3676 2514 4027 2585 ἀνῃρέθησαν

2445 2605 2487 2667 ζ’
2514 2624 2527 2637 ⁸
2558 2606 2866 2674 ἐπολιόρκει
2912 2623 2971 2658 τε
3031 2605 3131 2675 ήδη
3160 2605 3251 2657 καὶ
3286 2606 3345 2657 τὸ
3370 2606 3479 2658 τῶν
3509 2606 3817 2677 Νισιϐηνῶν
3845 2607 3889 2638 ¹⁸
3914 2610 4027 2659 τεῖ-

2446 2715 2558 2767 χος.
2607 2698 2855 2767 Χοσρόης
2898 2695 3163 2749 δὲταῦτα
3218 2696 3405 2765 μαθὼν
3461 2698 3869 2767 τεσσαράκοντα
3923 2698 4025 2766 μὲν

2446 2789 2689 2859 χιλιάδας
2731 2788 2941 2840 ἱππέων
2972 2788 3036 2849 ’⁵,
3069 2785 3251 2851 πεζῶν
3296 2787 3352 2839 δὲ
3381 2787 3524 2857 ὑπὲρ
3549 2787 3647 2850 τὰς
3684 2790 3876 2841 ἑκατὸν
3899 2806 4027 2841 συν-

2446 2882 2673 2953 αγείρας
2700 2880 2961 2950 ἠπείγετο
2981 2877 3194 2948 βοηθεῖν
3218 2879 3313 2930 καὶ
3336 2878 3595 2948 πολεμεῖν
3632 2878 4023 2947 Ῥωμαίουςη.

2447 2973 2538 3025 Ἐν
2557 2971 2732 3039 τούτῳ
2758 2970 2813 3021 δὲ
2848 2967 3191 3021 διαϐάλλεται
3215 2968 3243 3017 ὁ
3266 2968 3583 3036 Μαρκιανὸς
3612 2967 3689 3037 τῷ
3709 2968 3921 3036 βασιλεῖ
3947 2970 4027 3032 ὡς

2447 3064 2587 3134 ἐρῶν
2634 3061 2968 3130 τυραννίδος,
3010 3059 3105 3113 καὶ
3142 3059 3171 3110 6
3212 3058 3467 3128 βασιλεὺς
3508 3059 3553 3090 ¹⁶
3588 3059 3828 3122 πεισθεὶς
3860 3060 4029 3112 αὑτὸν

773 3151 970 3205 Tziron
1022 3159 1402 3219 cognomento,
1456 3150 1690 3205 sut'lecit.
1721 3150 1855 3205 llinc
1896 3149 2129 3204 turbatis
2159 3148 2340 3212 rebus,

2451 3154 2548 3222 μὲν
2572 3151 2846 3218 παρέλυσε
2872 3149 2971 3217 τῆς
3005 3148 3198 3217 ἀρχῆς,
3249 3146 3523 3217 Θεόδωρον
3552 3149 4029 3215 ἀντικαταστήσας

777 3243 1004 3296 ltumani
1045 3256 1265 3312 quoque
1303 3241 1644 3296 obsidionem
1679 3240 1976 3304 solverunt,
2005 3248 2062 3293 et
2080 3236 2346 3293 Cbosroes

777 3339 943 3390 Daras
971 3343 1338 3405 oppugnatam
1375 3335 1559 3388 urbem
1588 3333 1637 3385 vi
1661 3332 1819 3400 cepit.

856 3690 1230 3761 Tlteopltylactt'
1263 3595 1952 3745 Simocatltlfvliiuoriarum
1993 3686 2115 3739 libri
2156 3703 2275 3742 vnt.

841 3868 990 3924 Lecti
1049 3877 1175 3923 sunt
1220 3866 1606 3937 Theophylacti
1671 3862 2001 3932 exprml’ecti,
2046 3872 2103 3918 et
2148 3861 2350 3918 Scriba

771 3969 895 4015 octo
924 3958 1043 4012 libri
1079 3957 1460 4012 Historiarum.
1491 3954 1584 4010 Est
1617 3955 1704 4009 hic
1728 3953 2159 4023 Theophylactus
2190 3954 2349 4008 domo

770 4051 1081 4122 IEgyptius.
1123 4049 1299 4103 Dictio
1333 4048 1475 4102 illius
1520 4045 1749 4101 Veneris
1782 4045 1987 4114 aliquid
2018 4046 2198 4112 habet,
2244 4046 2345 4102 nisi

768 4146 911 4213 quod
946 4142 1189 4211 ﬁguratis
1218 4140 1456 4206 vocibus,
1489 4147 1544 4192 et
1568 4136 1872 4206 allegoricis
1887 4136 2135 4191 sensibus
2167 4137 2349 4207 putide

768 4236 929 4290 nimis
985 4249 1049 4288 ac
1103 4231 1416 4301 l‘rcquenter
1447 4233 1513 4284 ad
1547 4230 1849 4285 satietatem
1907 4244 2060 4294 usus,
2096 4230 2147 4283 in
2194 4229 2347 4299 frigi-

767 4331 988 4383 ditatcm
1035 4326 1323 4395 quamdam
1372 4338 1437 4377 ac
1463 4321 1734 4391 iuveniles
1786 4320 2019 4389 ineptias
2056 4319 2344 4373 dilabatur.

2450 3244 2540 3297 τὸν
2570 3242 2663 3296 τοῦ
2692 3238 3066 3293 Ἰουστινιανοῦ
3106 3239 3299 3303 παῖδα,
3336 3239 3532 3307 Τζίρον
3565 3239 3813 3309 ἐπίκλην,
3863 3241 4029 3293 Ἀτα-

2450 3335 2568 3401 ξίας
2608 3333 2663 3385 δὲ
2691 3332 2779 3384 διὰ
2799 3331 2973 3384 ταῦτα
3000 3330 3284 3401 συμϐάσης
3324 3332 3422 3401 τῆς
3447 3349 3505 3385 τε
3543 3333 3860 3403 πολιορκίας
3898 3334 4032 3388 Ῥω-

2452 3426 2603 3494 μαῖοι
2625 3424 2947 3493 ἀπέσχοντο,
2974 3426 3066 3477 καὶ
3086 3424 3332 3494 Χοσρόης
3363 3424 3426 3476 τὸ
3450 3424 3630 3494 Δαράς
3659 3423 4029 3496 πολιορκήσας

2452 3516 2837 3586 παρεστήσατο
2871 3516 2935 3569 ¹’.

3162 3606 3259 3660 EE’
3271 3648 3284 3661 .

2453 3699 2880 3771 Θεοφυλάκτου
2932 3700 3050 3756 ἀπὸ
3110 3698 3397 3771 ἐπάρχω·Δ
3448 3702 3548 3755 καί
3597 3700 4027 3771 ἀντιψαφέως,

3041 3773 3214 3839 λόγοι
3258 3769 3430 3823 ὀκτώ.

2534 3864 2873 3936 Ἀνεγνὼσθη
2913 3862 3293 3933 Θεοφυλάκτου
3331 3864 3441 3916 άπὸ
3466 3863 3722 3933 ίιπάρχων
3754 3866 3846 3917 καὶ
3876 3865 4031 3917 ἀντι-

2452 3960 2713 4028 γραφέως
2746 3957 2996 4027 ίστοριῶν
3034 3956 3181 4023 λόγοι
3220 3953 3548 4008 ὀκτὼ.Ἐστι
3577 3955 3633 4007 δὲ
3664 3948 3817 4017 οὗτος
3841 3958 3869 4009 6
3897 3956 4031 4009 Θεο-

2452 4049 2724 4119 φύλακτος
2754 4047 2833 4117 τῷ
2874 4048 3023 4115 γένει
3081 4046 3397 4114 Αίγύπτιος.
3464 4045 3528 4098 Ἠ
3589 4047 3770 4115 μέντοι
3824 4048 4029 4117 φράσις

2450 4140 2599 4211 αὐτῷ
2619 4140 2731 4210 ἔχει
2772 4139 2874 4210 μέν
2912 4157 2964 4192 τι
2997 4126 3214 4209 χάῥιτος
3236 4180 3251 4203 ,
3297 4137 3437 4207 πλήν
3464 4154 3527 4205 γε
3580 4138 3643 4207 δὴ
3677 4139 3709 4207 ή
3754 4138 3861 4190 τῶν
3894 4155 4027 4209 τρο-

2451 4232 2628 4286 πικῶν
2672 4230 2868 4295 λέξεων
2908 4232 3003 4283 καὶ
3054 4229 3153 4299 τῆς
3202 4229 3573 4301 ἀλληγορικῆς
3611 4230 3820 4291 ἑννοίας
3850 4246 4025 4283 κατα-

2451 4322 2620 4392 κορὴς
2667 4320 2863 4389 χρῆσις
2914 4321 2995 4382 είς
3035 4318 3402 4389 ψυχρολογίαν
3450 4318 3573 4372 τινὰ
3620 4318 3716 4370 καὶ
3764 4318 4025 4389 νεανικὴν

766 4419 1150 4473 Verumtamen
1181 4425 1236 4469 et
1263 4414 1652 4468 sententiarum
1697 4411 1785 4466 illa
1816 4409 2120 4477 interiectio
2171 4409 2346 4461 minus

2449 4407 2842 4479 ἀπειροκαλίαν
2888 4408 3244 4477 ἀποτελευτᾷ.
3290 4408 3365 4460 Οὐ
3401 4407 3506 4477 μὴν
3536 4406 3672 4466 ἀλλὰ
3720 4406 3814 4459 καὶ
3850 4408 3883 4476 ή
3922 4408 4026 4477 τῆς

764 4520 1085 4581 opportuna,
1110 4507 1445 4577 diligentiam
1476 4504 1652 4574 arguit
1676 4513 1730 4559 et
1754 4505 2049 4568 curiosam,
2069 4512 2124 4557 et
2158 4515 2348 4570 super-

764 4619 1077 4659 vacaneam.
1125 4600 1333 4656 Catera
1384 4599 1578 4665 bonus,
1632 4598 1685 4652 in
1718 4594 2189 4665 reprehensionem
2239 4606 2343 4644 non

767 4697 1013 4751 incurrit.
1067 4694 1393 4760 Auspicatur
1421 4688 1451 4743 ii
1480 4687 1724 4742 Mauricii
1758 4685 2008 4755 imperio,
2061 4682 2345 4753 pergitque

766 4788 890 4841 dum
923 4785 1130 4841 Phocas
1156 4791 1375 4839 creatus
1404 4782 1705 4851 imperator
1738 4789 1844 4835 est.

835 4967 995 5022 Libro
1021 4968 1197 5038 primo
1231 4966 1349 5021 hac
1382 4972 1569 5020 narrat
1598 4962 1711 5033 (88)
1741 4982 1753 5017 :
1798 4961 2089 5019 Mauricius
2122 4978 2150 5017 a
2180 4963 2342 5019 Tibe-

766 5059 847 5115 rio
881 5068 1005 5113 tunc
1035 5060 1339 5129 imperante
1380 5056 1720 5111 renuntiatus
1763 5056 2056 5122 imperator
2095 5064 2179 5109 est
2206 5053 2341 5123 (89),

2448 4503 2824 4573 γνωμολογίας
2862 4504 2963 4555 οὐκ
3002 4506 3060 4556 ὲν
3116 4504 3292 4572 καιρῷ
3342 4504 3661 4574 παρενθήκη
3704 4503 4023 4573 φιλοτιμίας

2446 4600 2563 4651 ἐστὶ
2594 4596 2886 4667 περιέργου
2927 4596 3022 4649 καὶ
3062 4596 3344 4666 περιττῆς.
3376 4596 3457 4648 Τὰ
3509 4596 3555 4648 δ’
3594 4595 3729 4649 ἀλλα
3754 4594 3814 4648 οὗ
3853 4612 3905 4648 τι
3963 4597 4023 4657 ἐς

2449 4690 2642 4759 μῶμον
2671 4688 2796 4757 ἥκει
2828 4687 2891 4740 ¹⁸.
2923 4688 3188 4759 Ἀρχεται
3213 4687 3269 4740 δὲ
3283 4686 3391 4742 άπὸ
3420 4688 3517 4757 τῆς
3543 4687 3716 4757 ἀρχῆς
3734 4685 3827 4739 τοῦ
3860 4688 4031 4741 Μαυέ

2452 4781 2663 4849 ρικίου,
2722 4780 2816 4832 καὶ
2890 4778 3103 4832 κάτεισι
3176 4779 3338 4850 μέχρι
3397 4782 3498 4849 τῆς
3549 4779 3712 4832 Φωκᾶ
3772 4779 4026 4850 ἀναρρή-

2456 4888 2611 4934 σεως.

2535 4962 2621 5014 Ἐν
2652 4962 2749 5031 μὲν
2786 4954 2879 5014 οὖν
2904 4961 2980 5031 τῷ
3006 4961 3205 5031 πρώτῳ
3225 4962 3365 5030 λόγῳ
3383 4961 3636 5027 διέξεισιν
3660 4962 3801 5024 ὅπως
3819 4962 3848 5013 6
3868 4962 4030 5016 Μαυ-

2456 5052 2625 5123 ρίκιος
2675 5052 2779 5104 ὑπὸ
2829 5052 3083 5122 Τιϐερίου
3153 5054 3247 5106 τοῦ
3315 5052 3579 5122 βασιλέως
3631 5053 4027 5123 ἀναγορεύεται

2068 5164 2303 5221 ἾΔΒΙΑΞ
2344 5163 2753 5221 LECTIONES.

837 5266 1057 5336 στιφλὶς
1087 5282 1173 5336 νίς.
1252 5230 1578 5336 ν’Μηράνης
1611 5278 1673 5336 ς.
1753 5256 2005 5336 ξΣαρόης
2054 5275 2112 5320 ς.
2191 5256 2492 5336 ’.Δαϐάνες
2532 5258 2626 5309 καὶ
2796 5256 3147 5336 Διλιμνιτῶν⁸
3186 5256 3453 5336 Eablieus.
3514 5258 3576 5336 A“
3606 5256 3903 5336 πολεμίσας
3960 5280 4024 5336 ς.

769 5340 809 5369 ¹¹
851 5324 1149 5389 Νιέιὸινῶν
1178 5336 1243 5389 Α.
1318 5335 1361 5370 ²⁹
1389 5324 1508 5403 post
1536 5324 1730 5403 ἀνδρες
1757 5330 1805 5381 in
1840 5324 1891 5380 A'
1913 5324 2107 5403 lacuna
2134 5327 2373 5403 quinque
2410 5324 2493 5403 vel
2532 5324 3023 5403 ‘sex‘litterarnm.

1300 5396 1456 5458 ¹⁶κάὶ
1502 5396 1751 5472 βασιλεὺς
1782 5396 2025 5460 πεισθεὶς
2080 5398 2125 5452 Α
2152 5434 2167 5459 ,
2213 5396 2308 5451 καὶ
2339 5397 2583 5459 πεισθεὶς
2608 5399 2635 5449 6
2661 5396 2913 5466 βασιλεὺς
2945 5415 3005 5462 ς.

768 5408 811 5439 ⁸⁸
851 5407 1139 5477 Ῥωμαίοις
1164 5424 1223 5470 ς.

766 5491 859 5533 sus
900 5470 1313 5549 quatuordecim
1340 5470 1517 5530 vacui.
1599 5472 1640 5504 ¹⁸
1664 5470 1788 5540 ῆκοι
1841 5486 1900 5531 ς.

3107 5328 3149 5358 ¹³
3184 5327 3472 5380 Νισιόινῶν
3499 5327 3563 5381 A.
3645 5328 3689 5359 “
3721 5329 3923 5391 ἱππέας
3958 5334 4025 5384 Α.

3085 5399 3127 5429 ⁸⁷
3169 5409 3289 5469 pust
3314 5401 3698 5469 παρεστήσατο
3737 5399 3790 5452 in
3829 5400 3873 5451 Α
3906 5414 4032 5452 ver-

2273 5560 2505 5617 NOT/E.

837 5661 947 5731 (87)
987 5661 1143 5716 iidem
1178 5662 1344 5731 forte.
1376 5660 1467 5728 qui
1500 5674 1619 5728 sup.
1654 5657 1839 5731 Saberi
1872 5672 1899 5709 a
1937 5655 2160 5731 Procop.
2190 5652 2341 5707 dicti.

840 5724 951 5800 (88)
997 5732 1282 5801 Niceplior.
1315 5724 1785 5801 Callistus—cadent
1834 5734 2020 5780 narrat
2067 5724 2163 5778 lib.
2206 5738 2341 5777 xvm

767 5804 945 5857 cccles.
982 5800 1256 5868 Historiis,
1288 5816 1337 5856 c.
1371 5800 1457 5853 45.

2524 5653 2635 5722 (89)
2669 5652 2796 5723 Ejus
2827 5654 3061 5707 nominis
3085 5653 3176 5718 ιγ,
3210 5668 3369 5722 quem
3397 5651 3757 5722 Jejunatorem
3790 5651 4038 5722 appella~

2454 5733 2597 5780 runt.
2634 5724 2704 5778 De
2740 5737 2847 5793 quo
2883 5739 3000 5793 sup.
3037 5737 3252 5793 quoque
3282 5723 3375 5776 lib.
