4210 6442
169 422 265 485 ιιι

1276 419 1795 483 BIBLIOTHECA.
1837 442 1905 453 -
1942 416 2107 478 COD.
2168 414 2337 477 LXV.

3329 415 3429 477 142

160 532 449 604 βασιλεὺς,
500 532 750 586 Ἰωάννου
780 533 901 584 κατ’
930 532 1104 584 ἐκεῖνο
1134 532 1326 601 καιροῦ
1348 532 1447 600 τῆς
1471 532 1749 583 Κωνσταν·

1866 526 2058 580 Ioanne
2098 528 2287 580 eadem
2319 532 2638 594 tempestate
2680 522 3288 594 Constantinopolitana:
3324 527 3433 582 Ec-

156 619 915 689 τινοοτεολιτῶνἘκκλησίας
960 621 1377 689 προεστηκότος·
1426 620 1526 673 ὅσα
1562 636 1623 672 τε
1669 622 1749 684 είς

1866 616 2032 671 clesize
2060 616 2240 670 sedem
2279 613 2805 684 tenente.Pr:rcepta
2848 616 3092 684 quaedam
3141 616 3438 686 imperator

157 710 456 765 νουθεσίαν
485 703 610 761 εἶπε
636 708 941 780 Μαυρικίου
961 746 978 773 ,
1017 707 1240 779 Ἰωάννῃ
1285 706 1363 776 τῷ
1393 707 1676 777 κυαίστορι
1704 707 1747 740 ¹⁹

157 799 459 870 χρώμενος
524 798 784 870 ὑπουργῷ
824 797 935 852 τῶν
997 798 1193 866 λόγων,
1227 798 1287 861 ὃς
1320 798 1457 869 πρός
1483 815 1543 851 τε
1588 799 1750 851 αὐτὸν

160 893 493 962 Μαυρίκιον
534 890 749 944 καὶτὸν
787 889 960 959 δῆμον
996 890 1095 959 τὴν
1153 892 1211 943 ἑν
1239 889 1317 959 τῷ
1374 889 1515 959 λόγῳ
1552 889 1752 959 πρᾶξιν

159 982 371 1052 ἐτάχθη
417 980 667 1051 πληροῦν
697 980 789 1034 τοῦ
853 980 1139 1049 βασιλέως·
1184 982 1333 1042 ὅπως
1372 998 1433 1034 τε
1462 982 1613 1050 αὐτῷ
1654 981 1755 1053 τὴν

160 1073 450 1142 θυγατέρα
485 1074 885 1144 κατενεγύησεν
904 1074 948 1105 ¹⁶
966 1090 979 1104 ·
1011 1074 1161 1136 ὅπως
1188 1090 1248 1126 τε
1271 1076 1337 1143 τῇ
1368 1074 1631 1144 ὑστεραίᾳ
1654 1074 1753 1142 τῆς

162 1166 485 1235 Μαυρικίου
534 1167 894 1236 ἀναρρήσεως
939 1165 1294 1236 ἐτελεύτησε,
1330 1167 1424 1218 καὶ
1458 1166 1534 1228 ὼς
1563 1169 1694 1236 πρὶν
1718 1167 1753 1238 ἢ

162 1257 501 1325 τελευτῆσαι
513 1256 676 1309 αὐτὸν
704 1252 841 1311 εῐδεν
863 1258 986 1326 ὄψιν
1012 1258 1278 1325 λέγουσαν
1302 1258 1470 1327 αὐτῷ,
1493 1258 1631 1311 Τάδε
1650 1275 1754 1323 σοι,

166 1347 418 1417 Τιϐέριε,
448 1349 514 1401 τὸ
540 1348 825 1419 τρισάγιον
854 1347 946 1419 [40
969 1348 1059 1421 Η.]
1091 1348 1258 1417 λέγει·
1281 1351 1345 1401 Ol
1375 1351 1629 1420 τύραννοι
1658 1351 1757 1418 τῆς

167 1442 436 1498 ἀσεϐείας
478 1443 524 1473 ἰ
575 1443 667 1493 ἐπὶ
716 1442 816 1511 τῆς
871 1444 968 1511 σῆς
1010 1443 1287 1511 βασιλείας
1325 1444 1387 1497 ού
1440 1443 1758 1514 φοιτήσουσι

166 1535 378 1603 χρόνοι.
415 1530 531 1586 Ἤν
559 1534 607 1587 δ’
638 1534 745 1603 άρα
784 1534 956 1588 ταῦτα
985 1536 1030 1567 ⁸⁸
1064 1537 1248 1587 ἐκεῖνα
1277 1534 1584 1604 τραγῳδίας
1616 1534 1759 1597 τινὸς

174 1628 590 1696 προαγόρευσις
616 1627 715 1696 τῆς
761 1627 864 1679 άνά
895 1626 986 1678 τὸν
1020 1627 1361 1696 παλαμναῖον
1397 1628 1594 1679 Φωκᾶν
1635 1627 1760 1679 ἀνοσ-

172 1716 438 1787 σιουργού
488 1719 824 1787 τυραννίδος·
874 1716 955 1769 ἔτι
988 1717 1045 1769 δὲ
1080 1720 1171 1770 καὶ
1210 1717 1287 1783 ὼς
1322 1719 1458 1787 πρὸς
1496 1717 1762 1785 ’Δϐάρους

171 1808 272 1877 ήδη
304 1807 499 1877 μικρῷ
529 1808 763 1877 πρόσθεν
782 1808 845 1859 τὸ
876 1807 1099 1878 Σὶρμιον
1116 1808 1584 1878 πολιορκήσαντας
1609 1808 1761 1861 Μαυ-

177 1900 353 1967 ρίκιος
392 1898 633 1961 σπονδάς
662 1899 834 1963 ἔθετο,
878 1900 961 1952 ἀν’
987 1900 1031 1931 ⁸³
1073 1898 1192 1962 ἔτος
1231 1900 1460 1953 ἕκαστον
1490 1903 1601 1962 τοῖς
1629 1900 1763 1970 βαρ·
1792 1883 1839 1943 Β

179 1992 372 2059 ϐάροις
402 1989 737 2059 συνθέμενος
774 1989 1277 2057 ὲγκαταϐάλλεσθαι
1310 1990 1377 2043 δι’
1404 1991 1703 2059 ἑμπορείας
1721 1994 1767 2025 ³⁵

173 2081 425 2153 ἀργύρου
452 2098 515 2135 τε
538 2082 636 2134 καὶ
652 2080 876 2152 ἐσθῆτος
900 2081 1101 2151 χρυσοῦ
1119 2082 1363 2151 χιλιάδας
1386 2090 1457 2136 π’.
1483 2083 1549 2135 Δῖ
1575 2084 1768 2155 μέχρις

177 2173 451 2226 ἐνιαυτῶν
492 2171 586 2227 δύο
611 2173 926 2244 διήρκεσαν,
957 2174 1061 2226 ὑπὸ
1085 2174 1184 2243 τῆς
1217 2173 1561 2245 βαρϐαρικῆς
1590 2176 1766 2246 άπλη-

176 2264 333 2329 στίας
386 2264 669 2318 λυθεῖσαιο
704 2265 876 2319 είκοσι
905 2266 1013 2336 γὰρ
1054 2265 1309 2334 χιλιάδων
1342 2266 1597 2337 χρυσοῦὸ
1634 2266 1766 2337 βάρ-

176 2357 347 2425 ϐαρος
370 2354 698 2425 προσθήκην
715 2355 916 2424 ἐζήτει.
932 2355 1023 2419 Ἐξ
1033 2349 1093 2410 οὗ
1108 2353 1262 2418 λύσις
1276 2357 1464 2423 γέγονε
1482 2355 1592 2409 τῶν
1606 2372 1767 2409 σπον-

174 2450 281 2502 δῶν
308 2466 322 2480 ·
357 2448 458 2501 καὶ
488 2446 770 2501 ἁλίσκεται
810 2448 913 2500 ὑπὸ
943 2447 1051 2500 τῶν
1082 2446 1376 2518 βαρϐάρων
1426 2448 1704 2519 Σιγγηδὼν
1733 2450 1765 2519 ὴ

177 2540 336 2601 πόλις
374 2541 473 2591 καὶ
502 2537 788 2605 Δύγούστα
834 2538 929 2591 καὶ
948 2540 1010 2592 τὸ
1028 2540 1371 2609 Βιμινάκιον,
1396 2542 1767 2609 πολιορκεῖται

176 2632 234 2685 δὲ
264 2632 362 2685 καὶ
404 2630 695 2699 Ἀγχίαλος
717 2629 891 2691 πόλις.
924 2630 1033 2683 Καὶ
1060 2628 1456 2699 πρεσϐεύονται
1499 2630 1767 2693 Ἐλπίδιος

180 2723 275 2775 καὶ
300 2719 675 2788 Κομεντίολος
713 2718 1000 2788 Ῥωμαίων
1047 2720 1305 2789 πρέσϐεις
1353 2722 1490 2790 πρὸς
1519 2721 1612 2774 τὸν
1662 2721 1770 2774 τῶν

192 2811 449 2880 Ἀϐάρων
502 2811 775 2877 Χαγάνον,
817 2808 906 2879 [84
942 2808 1035 2881 8.]
1069 2812 1161 2863 καὶ
1212 2810 1557 2880 άτιμοῢνται,
1581 2811 1677 2865 ἆτε
1705 2811 1769 2883 δὴ

180 2904 560 2974 Κομεντιόλου
597 2904 1121 2974 παρρησιασαμένου
1151 2903 1288 2974 πρὸς
1313 2902 1406 2956 τδν
1469 2902 1767 2975 βάρϐαρον.

180 2996 289 3049 Τοῦ
319 2998 381 3051 δὲ
406 3000 801 3068 ἐπιγενομένου
828 2998 984 3059 ἔτους
1018 2998 1181 3052 πάλιν
1217 2998 1484 3061 Ἐλπίδιος
1516 2998 1655 3067 πρὸς
1679 2997 1771 3050 τὸν

182 3091 446 3159 Χαγάνον
497 3090 951 3160 διαπρεσϐεύεται
1029 3090 1124 3141 ἐπὶ
1175 3089 1254 3160 τῷ
1306 3090 1400 3142 xui.
1448 3090 1547 3151 τὰς
1599 3089 1772 3141 είκοσι

185 3182 441 3251 χιλιάδας
477 3181 863 3251 προστεθῆναι,
899 3181 994 3233 καὶ
1022 3179 1204 3234 λαϐὼν
1250 3180 1543 3249 Ταργίτιόν
1571 3182 1619 3213 ⁸⁸
1646 3196 1772 3234 τινα

186 3250 297 3326 amb
320 3272 437 3325 τῶν
498 3250 746 3341 Ἀϐάρων
788 3275 845 3336 ἐς
903 3270 1196 3335 Βυζάντιον
1248 3267 1404 3343 ἧκεν.
1455 3272 1606 3325 Ἐπεὶ
1633 3271 1690 3325 δὲ
1720 3274 1770 3324 οί
1799 3250 1841 3306 C

187 3364 463 3435 βάρϐαροι
496 3364 543 3393 ¹⁶
574 3364 745 3417 πολλά
771 3364 880 3416 τῶν
923 3364 1210 3434 Ῥωμαίων
1242 3362 1538 3433 ἐληΐζοντο,
1569 3364 1773 3435 Ταργι-

186 3474 303 3520 τιος
367 3457 451 3518 είς
490 3456 737 3509 Χαλκίδα
780 3458 942 3525 νῆσον
1004 3455 1339 3527 ὲξορίζεται,
1392 3455 1578 3525 μηνῶν
1608 3454 1667 3521 ἒξ
1704 3458 1770 3525 τῇ

190 3548 382 3617 ἐξορία
420 3548 870 3616 παραταθέντων.
904 3547 1217 3616 Στρατηγὸς
1242 3546 1300 3600 δὲ
1330 3545 1573 3617 αἱρεθεὶς
1594 3545 1638 3577 ⁸⁷
1665 3545 1774 3597 Ko-

193 3638 481 3706 μεντίολος
507 3638 646 3689 κατά
682 3637 1010 3708 Σκλαϐήνων
1043 3638 1446 3708 ἠνδραγάθησε.
1487 3637 1598 3691 Καὶ
1624 3637 1773 3699 ὅπως

192 3729 363 3783 πάλιν
421 3731 453 3781 ὁ
504 3728 755 3796 Χαγάνος
805 3730 904 3791 τὰς
966 3729 1198 3792 σπονδάς
1238 3730 1447 3799 συγχεῖ.
1480 3728 1590 3782 Καὶ
1644 3729 1774 3799 περὶ

192 3820 547 3890 Βουγολόϐρα
583 3821 627 3853 ⁸⁸
667 3821 761 3873 τοῦ
812 3822 1011 3891 μάγου’
1062 3820 1325 3891 πόρθησίς
1382 3837 1443 3873 τε
1506 3819 1775 3873 πλείστων

196 3912 409 3965 πόλεων
448 3912 777 3981 Ῥωμαϊκῶν
808 3912 911 3965 ύπδ
939 3913 1049 3965 τῶν
1089 3911 1399 3982 βαρϐάρων.

265 3998 405 4056 Εἶτα
424 4001 521 4055 τὸν
534 4003 769 4072 πόλεμον
786 4002 1006 4069 διέξεισι
1021 4003 1129 4055 τῶν
1143 4003 1365 4071 Περσῶν
1379 4004 1472 4056 καὶ
1486 4002 1776 4071 Ῥωμαίων

194 4096 283 4146 τὸν
312 4096 410 4147 ἐπὶ
434 4095 529 4147 τὸν
551 4094 598 4146 Ν
605 4093 631 4147 ύ
641 4111 801 4164 μφιον
818 4096 1062 4164 ποταμὸν
1084 4096 1175 4147 τόν
1198 4112 1257 4147 τε
1276 4096 1452 4165 γάμον
1468 4095 1775 4163 Μαυρικίου

200 4189 293 4237 καὶ
326 4185 757 4254 Κωνσταντίνης
778 4186 877 4254 τῆς
895 4186 1145 4254 Τιϐερίου
1160 4184 1446 4256 θυγατρός.
1466 4184 1778 4254 Διαλαμϐά-

197 4290 275 4325 νει
292 4274 354 4326 δὲ
380 4274 480 4327 καὶ
503 4276 629 4342 περὶ
658 4273 751 4325 τοῦ
777 4273 1070 4343 γενομένου
1098 4272 1455 4343 ἐμπρησμοῦ,
1482 4272 1541 4336 ὃς
1559 4274 1605 4305 ³⁸
1627 4275 1684 4326 ἐν
1700 4272 1779 4343 τῷ

198 4366 352 4436 φὸρῳ
382 4365 528 4418 κατά
564 4367 632 4418 τά
666 4366 929 4436 προοίμια
957 4366 1055 4435 τῆς
1088 4366 1366 4434 βασιλείας
1396 4366 1704 4435 Μαυρικίου
1734 4366 1777 4396 ⁸⁸

1857 706 2116 761 Mauricio
2148 706 2314 772 dedit,
2341 704 2560 760 Joannis
2591 705 2876 774 quaestoris
2908 707 2973 759 ad
3008 722 3126 761 eam
3164 724 3276 762 rem
3308 724 3438 778 opc-

1859 814 1917 852 ra
1969 814 2119 859 usus,
2171 798 2263 864 qui
2318 799 2384 850 ad
2433 796 2749 852 Hauriciam
2808 798 3003 867 ipsum,
3074 800 3441 870 populumque

1858 890 2022 944 verba
2072 889 2272 952 facere,
2312 890 2656 958 imperatoris
2704 890 2822 945 loco
2860 890 3047 958 jussus
3091 901 3195 946 est.
3243 891 3435 945 Filiam

1860 982 2119 1037 Mauricio
2172 981 2423 1035 Tiberius
2454 982 2760 1049 despondit,
2812 990 3135 1050 posteroque
3165 981 3253 1037 die
3274 997 3440 1051 quani

1859 1086 2077 1131 creatus
2126 1074 2416 1130 Mauricius
2447 1082 2550 1138 est,
2597 1074 2684 1128 bic
2712 1075 2821 1129 vita
2850 1074 3085 1130 decessit
3110 1074 3246 1144 (90).
3281 1074 3441 1128 Morti

1860 1168 2072 1223 vicimus
2100 1168 2272 1221 visum
2300 1166 2449 1231 vidit,
2503 1167 2601 1220 hac
2638 1167 2783 1221 edita
2823 1179 2954 1219 voce
2989 1183 3002 1218 :
3036 1162 3181 1225 Tibi.
3215 1180 3248 1219 o
3277 1163 3442 1219 Tibe-

1866 1262 1932 1325 ri,
2003 1259 2238 1313 Trinitas
2291 1258 2429 1312 Dcus
2496 1258 2727 1317 nuntiat.
2810 1256 3104 1324 impietatis
3158 1256 3441 1325 tyrannica

1864 1364 2128 1421 tempora,
2162 1362 2212 1405 te
2243 1352 2561 1416 imperante,
2613 1350 2831 1403 minime
2860 1360 3101 1403 ventura.
3146 1348 3446 1404 Denuntia-

1866 1448 1957 1499 bat
2000 1444 2254 1498 nimirum
2297 1445 2612 1513 tragmdiam
2666 1441 2885 1495 nefaria:
2934 1442 3287 1512 tyrannidisa
3318 1457 3444 1495 cru-

1865 1538 1969 1592 deli
2018 1536 2193 1591 Phoca
2229 1536 2597 1602 sceleratoque
2644 1534 2986 1602 occupanda.
3038 1532 3173 1587 Cum
3220 1532 3443 1601 Aba‘ris.

1866 1631 1957 1698 qui
1979 1628 2089 1695 jam
2124 1628 2379 1682 Sirmium
2407 1628 2661 1681 obsidere
2694 1635 2987 1691 coeperant,
3024 1623 3265 1678 inducias
3292 1622 3446 1676 Mau-

1869 1722 2032 1776 ricius
2076 1720 2223 1785 fecit,
2277 1736 2338 1776 ea
2388 1720 2523 1790 lege,
2575 1729 2633 1772 ut
2686 1718 2935 1772 Barbaris
2988 1718 3279 1786 quotannis
3321 1733 3444 1771 cum

1871 1811 2094 1879 pecunia
2126 1820 2424 1871 numerata.
2476 1820 2585 1863 tum
2622 1808 2883 1875 vestibus,
2939 1809 3080 1879 27b
3114 1809 3230 1863 auri
3269 1809 3448 1878 pondo

1870 1901 2033 1956 millia
2072 1903 2343 1971 octoginta
2378 1902 2656 1971 penderet.
2711 1901 2859 1967 Qum,
2887 1916 3007 1955 cum
3037 1902 3312 1956 biennium
3360 1904 3445 1955 in-

1869 1990 2040 2044 duciae
2091 2001 2320 2045 servatae
2350 1989 2601 2055 fuissent,
2650 1991 2927 2045 barbarica
2959 1992 3187 2059 quatiant
3217 2003 3268 2046 et
3300 1993 3447 2047 inex-

1869 2080 2048 2148 plebili
2095 2081 2391 2149 cupiditate
2430 2079 2619 2135 solutae
2672 2090 2837 2135 sunt:
2876 2081 3059 2148 viginti
3102 2082 3246 2135 enim
3282 2083 3445 2136 millia

1870 2170 2101 2237 amplius
2133 2170 2214 2241 (ut
2244 2180 2458 2225 centum
2499 2172 2705 2241 essent)
2731 2171 3079 2226 ailditamenti
3119 2172 3235 2227 vice
3260 2184 3447 2241 postu-

1870 2263 2072 2317 labant.
2120 2263 2253 2318 llinc
2306 2264 2670 2333 postissimum
2729 2273 2893 2332 ruptze
2948 2265 3177 2321 inducite
3208 2306 3223 2331 ,
3252 2278 3450 2336 capta:-

1869 2371 1975 2425 qne
2008 2374 2037 2411 a
2069 2357 2325 2411 Barbaris
2372 2357 2642 2425 Singedon
2695 2356 2973 2426 oppidum.
3022 2358 3259 2426 Augusta
3292 2360 3446 2421 item,

1870 2457 1924 2505 et
1973 2448 2361 2515 Viminacium;
2406 2450 2626 2503 obsessa
2674 2457 2727 2503 et
2776 2448 3068 2503 Anchialos
3113 2449 3261 2504 urbs.
3303 2449 3447 2504 Missi

1872 2542 2239 2597 Romanorum
2304 2542 2463 2610 legati
2526 2540 2786 2608 Elpidius,
2854 2550 2907 2596 et
2959 2540 3330 2599 Comentiolus
3384 2548 3448 2598 ad

1870 2634 2173 2687 Abarorum
2229 2632 2565 2703 Chagannm,
2616 2632 2729 2702 qui,
2782 2633 2921 2703 quod
2967 2632 3185 2689 liberius
3243 2636 3453 2690 loculus

1872 2726 2013 2794 apud
2061 2723 2358 2778 Barbarum
2425 2722 2793 2777 Comentiolus
2839 2734 3003 2787 esset,
3064 2728 3453 2783 contumeliose

1871 2814 2099 2882 accepti.
2131 2813 2385 2867 Vertente
2427 2826 2593 2875 anno,
2624 2809 2863 2879 Elpidius
2898 2828 3109 2867 rursum
3143 2814 3209 2868 ad
3237 2814 3451 2886 Cliaga-

1872 2921 1999 2959 num
2054 2905 2107 2959 in
2163 2904 2483 2972 legationem
2553 2900 2846 2971 profectus,
2929 2904 3115 2975 viginti
3169 2920 3227 2961 se
3284 2908 3447 2961 millia

1872 2998 2177 3051 additurum
2256 2995 2551 3065 quotannis
2623 2993 2966 3063 pollicetur:
3018 3007 3072 3051 et
3138 2997 3447 3069 Targetiunt

1873 3086 2161 3156 quemdam
2196 3086 2423 3156 legatum
2464 3088 2533 3139 ab
2564 3087 2758 3141 Abaris
2791 3086 3080 3155 accipiens,
3126 3087 3449 3145 Constanti-

1878 3177 2113 3245 nopolim
2158 3176 2323 3229 misit.
2376 3174 2667 3245 Postquam
2717 3192 2842 3231 vero
2872 3176 3033 3231 Abari
3080 3173 3446 3234 Romanorum

1875 3282 2054 3337 agros,
2106 3267 2315 3337 praedas
2370 3281 2590 3337 magnas
2651 3278 2890 3337 agentes,
2970 3270 3339 3339 diripuissent,
3396 3273 3447 3325 in

1874 3358 2183 3414 Chalcidem
2221 3357 2450 3412 insulam
2493 3358 2778 3428 Targetius
2804 3361 3136 3430 deportatur,
3164 3377 3257 3417 sex
3296 3378 3447 3418 men-

1875 3452 2013 3505 sium
2066 3452 2138 3505 illi
2173 3452 2365 3507 exsilio
2414 3453 2654 3507 decreto.
2710 3452 3075 3508 Comentiolus
3119 3456 3311 3509 deimle
3355 3458 3449 3511 ad-

1877 3556 2064 3596 versus
2110 3541 2334 3597 Sclavos
2360 3543 2465 3597 dux
2502 3552 2740 3609 creatus,
2770 3558 2878 3596 rem
2910 3543 3167 3611 praeclare
3210 3545 3450 3600 fortiter-

1875 3648 1979 3702 que
2007 3635 2191 3703 gessil.
2238 3634 2429 3689 Pacem
2473 3635 2668 3690 iterum
2713 3650 2835 3688 cum
2868 3634 3122 3689 Romanis
3165 3635 3452 3707 Cliaganus

1878 3726 2077 3780 turbat.
2136 3725 2293 3781 Refer
2345 3735 2535 3781 auctor
2572 3726 2641 3781 de
2690 3724 3012 3781 Boscolobra
3061 3742 3235 3795 mago,
3277 3738 3332 3781 et
3386 3730 3453 3783 de

1879 3819 2167 3872 multarum
2221 3819 2431 3873 urbium
2464 3818 2830 3873 Romanorum
2867 3831 2959 3888 per
2990 3817 3257 3873 Barbaros
3296 3834 3457 3888 expu-

1882 3910 2156 3978 gnatione.

1950 4000 2143 4055 Narrat
2184 4016 2343 4070 porro
2374 4003 2660 4056 Persarum
2702 4000 3174 4072 Romanorumque
3214 4003 3454 4072 praelium

1879 4093 1944 4145 ad
1994 4091 2314 4162 Nynipliium
2370 4092 2564 4147 [lumen
2596 4093 2731 4163 (9|).
2775 4092 2998 4161 Nuptias
3034 4093 3161 4147 item
3190 4093 3458 4157 Mauricii,

1879 4195 1934 4239 et
1986 4183 2357 4239 Constantina:
2408 4184 2609 4239 Tiberii
2648 4185 2788 4239 tiliae.
2841 4184 3027 4240 Refert
3062 4196 3115 4241 et
3149 4186 3453 4242 incendium

1882 4280 1933 4332 in
1968 4277 2084 4331 foro
2114 4285 2319 4340 natum,
2357 4277 2456 4332 sub
2481 4276 2690 4330 initium
2719 4278 2928 4346 imperii
2962 4277 3207 4335 Mauricii
3268 4280 3457 4349 Angu-

1892 4368 1962 4422 sti
1996 4367 2129 4437 (92).
2172 4367 2248 4421 De
2297 4365 2504 4421 Paulini
2541 4366 2764 4421 venefici
2815 4383 2964 4431 nece,
3010 4377 3066 4422 et
3111 4368 3369 4423 miraculo
3405 4370 3457 4423 in

199 4455 430 4524 συνέϐη,
464 4455 561 4507 καὶ
592 4457 719 4525 περὶ
752 4457 851 4523 τῆς
880 4456 1213 4525 ἀναιρέσεως
1240 4455 1509 4509 Παυλίνου
1528 4455 1623 4508 τοῦ
1650 4456 1769 4525 περ]

1885 4458 2023 4527 pelvi
2072 4456 2335 4526 Glyceriae
2385 4456 2661 4526 martyris.
2702 4457 2980 4522 Quomodo
3007 4468 3061 4512 et
3090 4457 3322 4513 Joannes
3366 4475 3458 4527 pa-

198 4546 289 4599 τοῦ
313 4546 601 4615 θαύματος
641 4546 736 4599 τοῦ
778 4547 917 4600 κατὰ
947 4547 1045 4617 τὴν
1089 4547 1295 4617 κόγχην
1331 4546 1629 4617 Γλυκερίας
1680 4547 1769 4616 τῆς

1885 4549 2140 4614 triarcliu,
2168 4548 2309 4616 quod
2341 4547 2568 4615 Cmsaris
2608 4547 2777 4602 lcnior
2808 4557 2950 4603 esset
2981 4550 3279 4615 sententia,
3312 4551 3463 4617 igni-

203 4640 508 4709 μάρτυρος,
544 4639 694 4701 ὅπως
738 4654 797 4690 τε
840 4639 1093 4708 Ἰωάννης
1121 4640 1149 4691 ὁ
1184 4639 1552 4709 πατριάρχης,
1585 4638 1769 4706 φιλαν-

1884 4644 1983 4696 bus
2031 4656 2156 4696 esse
2205 4641 2521 4695 tradendum
2577 4640 3021 4709 praestigiatorem
3078 4642 3459 4709 pronuntiarit.

199 4727 556 4797 θρωπότερον
572 4728 855 4791 δοκοῦντος
876 4730 1021 4798 ἔχειν
1042 4728 1132 4781 τοῦ
1158 4729 1442 4799 βασιλέως,
1462 4731 1622 4793 αὐτὸς
1642 4733 1769 4801 πυρὶ

1880 4731 2122 4798 Apostoli
2183 4731 2347 4785 etiam
2412 4731 2591 4785 verbis
2652 4731 2703 4784 in
2769 4731 3131 4785 testimonium
3186 4732 3461 4796 adhibitis,

202 4818 581 4889 παραδοθῆναι
608 4820 699 4872 τὸν
724 4820 898 4890 γόητα
915 4820 1297 4891 διισχυρίζετο,
1321 4820 1769 4891 παρυφαίνωνιτῷ

1884 4822 1983 4891 (De
2014 4821 2316 4889 veneﬁciis).
2361 4820 2538 4887 Quare
2576 4821 2830 4875 Paulinus
2858 4836 2981 4875 cum
3011 4822 3141 4887 lilio,
3173 4822 3466 4891 impietatis

202 4910 348 4979 λόγῳ
368 4910 466 4962 καὶ
494 4910 594 4979 τὴν
617 4910 981 4983 άποστολικὴν
1008 4912 1167 4981 ῥῆσιν
1185 4912 1251 4943 ³¹’
1284 4911 1379 4964 καὶ
1404 4913 1486 4964 ὅτι
1515 4912 1769 4975 Παυλῖνός

1885 4926 2036 4978 aeque
2084 4925 2200 4973 reo,
2240 4925 2369 4963 ense
2404 4911 2671 4979 percussi,
2718 4911 2910 4980 capitis
2956 4925 3143 4980 poenas
3178 4912 3465 4970 dederunt.

200 5017 259 5053 τε
280 5002 429 5053 καὶὸ
458 5004 620 5067 παῖς,
664 5002 919 5066 κοινωνὸς
968 5002 1045 5056 ὣν
1088 5006 1189 5071 τῆς
1236 5003 1513 5068 ἀσεϐείας,
1542 5002 1641 5073 τὴν
1689 5004 1769 5056 sui

1889 5004 2089 5057 Adlmc
2121 5003 2187 5057 de
2216 5002 2465 5067 praesidio
2489 5001 2881 5066 Aobuinorum,
2915 5011 2970 5058 et
2994 5003 3175 5059 Acbte.
3200 5002 3257 5058 In
3278 5006 3467 5061 eodem

1518 5145 1748 5200 VARIA'I
1780 5138 2188 5199 LECTIONES.

839 5239 884 5270 “
912 5239 1294 5309 κατηγγύησεν
1323 5258 1383 5305 ς.
1460 5241 1502 5270 ¹¹
1528 5240 1809 5303 εὐσεϐείας
1854 5254 1937 5308 pr.
1982 5235 2048 5288 Δ.
2080 5234 2360 5309 flenti-ra
2389 5236 2513 5296 add,
2543 5237 2599 5309 A_
2618 5253 2632 5290 :
2654 5236 2719 5309 _itt
2752 5250 2870 5309 quae
2895 5238 2964 5291 sit
2986 5236 3171 5291 ultima
3196 5242 3473 5309 sequentis

208 5306 459 5382 vocabuli
489 5304 690 5382 littera,
756 5320 863 5364 non
903 5304 1111 5376 liquet.
1167 5304 1213 5343 ³⁷³
1234 5304 1341 5382 civi
1369 5327 1429 5374 ς.
1513 5304 1964 5382 ’ἕίὲμπορίαςίςο
2076 5308 2122 5338 ’⁸
2152 5305 2475 5382 Τᾳρῖήςτιον,
2506 5316 2559 5361 el
2590 5304 3061 5382 illfl‘a_:r<!9¥ﬁ‘~"-°S
3093 5325 3154 5371 ς·
3200 5379 3216 5382 _
3264 5304 3473 5382 ἡβάβ·

208 5375 445 5451 ϐαροιᾉ
473 5393 496 5451 ε
533 5378 729 5451 άϐαροι
770 5397 831 5444 ς.
932 5375 974 5451 ’ξ’
1003 5379 1350 5451 προαιρεθεὶς
1381 5397 1440 5444 ς.
1550 5381 1595 5413 ⁸⁸
1622 5375 1968 5449 Βοσκολόϐρα
2008 5393 2069 5451 ς’.
2167 5376 2211 5451 ’_’
2324 5378 2433 5451 A__:_
2448 5376 2523 5437 ὡς
2564 5393 2647 5451 ς.-
2694 5376 2780 5451 _“_
2814 5376 3157 5451 Μαυρικίου-
3194 5375 3474 5451 βασιλείας

211 5462 274 5508 ς’.
303 5516 314 5521 _
350 5446 395 5477 ³⁸
436 5448 487 5500 εί
538 5445 712 5512 θέλεις
746 5451 821 5521 μὴ
860 5445 1141 5521 φοϐεῖσθαι
1169 5445 1269 5521 τὴν
1305 5451 1573 5516 ἐξουσίαν,
1616 5452 1679 5504 τὸ
1708 5445 1915 5519 ἀγαθὸν
1942 5447 2098 5521 ποίεε
2119 5448 2213 5521 καὶ
2248 5447 2314 5521 τὰ
2346 5446 2531 5521 ἑξῆς-⁸
2567 5447 2660 5521 καὶ
2692 5445 2901 5521 ἔκδικος
2941 5448 3058 5499 ἐστι
3090 5445 3271 5521 τῷξτὸ
3304 5450 3473 5521 κακὸν

210 5516 551 5641 ι’ξςέάῖσοντιο
581 5522 642 5573 οὐ
686 5511 956 5590 γάρἐίκῆ
1007 5521 1106 5592 τὴν
1134 5511 1412 5593 μάχαιραν
1452 5511 1627 5592 φορεῖ.
1678 5511 1859 5591 (Rom.
1906 5531 2023 5578 xm.
2070 5517 2149 5583 3.)
2182 5515 2408 5585 ταύτην,
2432 5511 2605 5585 ὀἴμαι
2654 5516 2819 5585 φησίν
2879 5511 3246 5589 άποστολιὶιὴν
3311 5518 3471 5588 ρῆσιν

248 5604 261 5639 ι
369 5626 388 5641 .

210 5602 297 5658 ωε
319 5602 388 5641 Δ.

277 5237 319 5267 "
347 5236 660 5309 potueram
701 5256 761 5303 ς.

1701 5379 1892 5434 σκολόϐ
1902 5394 1968 5449 ρα
2008 5393 2069 5449 ς’.

1716 5674 1941 5732 NOTAE.

279 5773 374 5841 (90
422 5773 650 5843 Nice'pb.
686 5774 783 5827 lib.
818 5787 956 5838 xux,
985 5787 1035 5829 c.
1070 5772 1118 5825 7.
1977 5768 2088 5837 (99.)
2121 5767 2253 5823 Ibid.
2297 5784 2412 5839 cap.
2453 5770 2539 5823 3|.

283 5774 396 5916 (9ιῖ
434 5842 666 5916 Νίιτριι.
697 5842 792 5901 lib.
832 5857 984 5909 ινιιι,
1020 5857 1136 5911 cap.
1172 5842 1224 5898 8.

283 5842 395 5916 (9i)
434 5842 666 5917 Niceph.
697 5842 792 5901 lib.
832 5857 984 5909 ινιιι,
1020 5857 1136 5911 cap.
1172 5842 1224 5898 8.
