4210 6442
776 409 877 473 113

1938 408 2202 470 PHOTII
2241 410 2518 471 PATRIA
2529 411 2748 473 RCH/E
2786 415 2897 478 CP.

3940 433 4040 503 144

771 524 907 576 libro
949 518 1234 575 Persarum
1286 516 1765 590 Romanorumque
1797 536 1973 591 pugna
2017 535 2348 577 commemo-

2458 518 2671 589 θανάτῳ
2714 523 3064 594 ἀπήχθησαν,
3102 526 3245 598 ξίφει
3285 532 3377 584 τὸν
3422 532 3537 602 βίον
3578 538 4043 609 καταστρεψάμε-

768 623 942 677 ratur,
966 621 1128 681 utque
1160 610 1380 666 Joannis
1417 611 1557 665 lilius
1588 605 1950 667 Barbarorum
1977 624 2095 669 astu
2134 629 2356 683 oppres-

766 720 860 761 sus
906 705 1062 759 fuerit
1091 702 1226 775 (95).
1262 702 1491 771 Magnus
1529 704 1653 758 item
1701 705 1791 758 ille
1826 714 1983 759 terra:
2015 714 2215 769 motus,
2264 715 2354 773 qui

767 799 868 853 sub
914 797 1123 851 iuitimn
1169 811 1379 864 quoque
1432 796 1765 864 principatus
1816 796 2059 851 Mauricii
2112 797 2352 858 accidit:

767 892 938 960 deque
1005 889 1245 957 ejusdem
1323 887 1603 941 constflatu
1653 886 1790 957 (95).
1850 887 1932 955 yUt
1996 888 2351 956 Philippicus,

765 981 996 1035 Caesaris
1040 982 1197 1034 ducta
1248 978 1353 1033 ﬁlia
1401 978 1513 1047 28
1562 995 1593 1030 a
1633 978 1836 1034 Gordia
1887 994 2071 1047 gener,
2117 977 2356 1032 Orientis

766 1073 975 1142 imperii
1012 1074 1115 1127 dux
1154 1074 1497 1127 renuntiatus
1532 1089 1547 1127 :
1582 1087 1779 1140 resque
1819 1072 2077 1141 ιιι-κείατο
2102 1086 2164 1125 ac
2195 1070 2248 1124 f0
2264 1071 2357 1124 rti-

767 1175 849 1218 ter
894 1168 1117 1234 gesserit
1167 1184 1181 1219 :
1233 1165 1403 1233 deque
1458 1179 1679 1232 egressu
1723 1162 1951 1217 Romani
2002 1162 2276 1217 exercitus
2324 1177 2355 1216 e

764 1256 958 1323 Media,
1007 1266 1170 1325 utque
1212 1271 1365 1325 aqua:
1423 1257 1645 1325 penuria
1714 1255 2067 1308 vehementer
2124 1252 2353 1307 Romani

765 1350 1080 1405 laborarint.
1105 1349 1176 1403 Ut
1202 1352 1329 1402 item
1348 1349 1654 1401 Arzaninen
1678 1348 1969 1414 regionem,
1992 1344 2353 1398 Romanorum

764 1442 869 1495 dux
909 1442 959 1493 in
992 1441 1223 1507 praedam
1257 1441 1368 1493 suis
1393 1440 1627 1503 dederit,
1680 1440 1851 1506 deque
1886 1436 2113 1490 Romani
2143 1434 2353 1490 exerci-

767 1543 850 1585 tus
874 1530 1220 1597 fortitudine
1254 1549 1266 1585 :
1300 1540 1353 1585 et
1383 1531 1458 1584 uti
1500 1530 1788 1585 Persarum
1841 1530 1947 1582 dux
1996 1528 2256 1597 quidquid
2286 1526 2353 1580 ad

763 1620 1166 1690 Martyropolim
1194 1636 1441 1690 agrorum
1494 1629 1577 1674 est
1628 1621 1882 1673 vastavit.
1918 1617 2137 1687 Legatio
2183 1617 2345 1671 etiam

764 1711 1048 1765 Persarum
1098 1727 1222 1777 una,
1266 1722 1314 1764 et
1349 1713 1476 1766 item
1524 1710 1691 1765 altera
1719 1711 1784 1764 ad
1816 1710 2110 1763 Romanos.
2150 1708 2215 1762 Et
2241 1710 2355 1762 base

764 1803 981 1871 quidem
1013 1802 1153 1855 libro
1191 1817 1227 1855 I.

2459 627 2542 665 νοι
2566 612 2631 665 ³⁸.
2660 611 2781 665 Ἔτι
2809 631 2869 666 τε
2892 617 3020 685 περὶ
3061 618 3172 671 τῶν
3223 620 3514 692 ’Λφούμων
3551 628 3648 679 καὶ
3698 628 3900 690 Ἀκϐιῑς
3932 628 4045 681 τῶν

2459 704 2754 774 φρουρίων·
2780 707 3167 778 ἐμπεριέχεται
3192 712 3248 764 δὲ
3279 713 3357 783 τῷ
3390 716 3532 787 λόγῳ
3561 718 3709 789 μάχη
3751 721 4045 790 Ῥωμαίων

2460 796 2581 865 καὶ,
2612 797 2874 865 Περσῶν,
2918 802 3012 852 καὶ
3045 802 3195 867 ὅπως
3234 807 3264 857 6
3312 806 3563 879 Ἰωάννης
3613 809 3659 841 ³³
3702 828 4047 883 καταστρατ-

2463 888 2678 954 ηγεῖται
2711 889 2817 941 61:6
2866 890 2976 943 τῶν
3025 892 3339 967 βαρϐάρων.
3381 900 3503 952 Ἔτι
3558 901 3615 953 δέ
3659 903 3753 955 καὶ
3796 906 3825 957 6
3865 907 4046 975 μέγας

2457 976 2685 1046 σεισμὸς
2718 978 2764 1009 ³⁸
2792 980 2821 1031 6
2852 983 3143 1053 γενόμενος
3186 989 3327 1041 κατά
3366 989 3465 1059 τὴν
3508 992 3685 1063 ἀρχὴν
3714 994 3813 1063 τῆς
3839 997 4042 1063 ἀναγοο

2461 1067 2699 1136 ρεύσεως
2732 1072 3066 1142 Μαυρικίου,
3101 1076 3196 1129 καὶ
3234 1080 3361 1149 περὶ
3400 1080 3500 1148 τῆς
3554 1084 3823 1148 ὑπατείας
3852 1074 4043 1139 αὐτοῦ.

2462 1158 2651 1222 Ὅπως
2675 1178 2735 1213 τε
2769 1162 2814 1193 ³⁸
2845 1164 3195 1230 Φιλιππικὺς,
3227 1170 3255 1221 6
3284 1172 3370 1221 ἐπ’
3412 1172 3615 1245 ἀδελφῇ
3647 1174 3741 1227 τοῦ
3778 1175 4049 1245 βασιλέως

2459 1249 2659 1321 Γορδίᾳ
2685 1253 2964 1323 γαμϐρὸς,
2994 1256 3097 1324 τῆς
3131 1260 3273 1327 ἑῴας
3312 1261 3596 1332 δυνάμεως
3628 1268 4046 1338 προχειρίζεται

2460 1344 2787 1413 στρατηγὸς,
2819 1346 2912 1397 καὶ
2937 1348 3298 1418 ἀνδραγαθίαι
3319 1354 3365 1385 ³⁸
3385 1354 3574 1419 αὑτοῦ,
3610 1358 3967 1429 ἀναχώρησίς
3986 1378 4047 1413 τε

2457 1435 2522 1485 ἐκ
2546 1434 2645 1502 τῆς
2676 1435 2926 1506 Μηδικῆς
2972 1440 3083 1490 τῶν
3122 1439 3447 1510 Ῥωμαίων,
3479 1447 3572 1499 καὶ
3622 1448 3772 1511 ὅπως
3816 1451 4050 1521 ἀνυδρία

2456 1525 2517 1577 τὸ
2557 1525 2865 1596 Ῥωμαϊκὸν
2909 1530 3307 1599 ἐκινδύνευσεν,
3358 1536 3504 1599 ὅπως
3541 1554 3599 1589 τε
3632 1540 3733 1608 τὴν
3777 1540 4047 1611 Ἀρζανη-

2457 1618 2553 1686 νὴν
2577 1617 2757 1688 χώραν
2777 1622 2804 1672 6
2849 1620 3135 1691 Ῥωμαίων
3187 1628 3491 1696 στρατηγὸς
3520 1634 3767 1702 προνομῇ
3806 1635 4049 1703 παραδέ-

2455 1706 2630 1758 δωκεν
2654 1748 2668 1771 ,
2719 1708 2972 1776 ἀριστεία
3018 1729 3077 1763 τε
3117 1716 3218 1782 τῆς
3258 1715 3551 1786 Ῥωμαίων
3599 1720 3922 1792 δυνάμεως,
3953 1727 4049 1777 καὶ

2456 1801 2604 1863 ὅπως
2632 1802 2700 1855 τὰ
2743 1803 2887 1857 κατά
2930 1805 3029 1875 τὴν
3062 1809 3490 1880 Μαρτυρόπολιν
3519 1815 3547 1866 6
3586 1817 3813 1887 Περσῶν
3842 1836 4046 1889 στρατ-

763 1894 895 1963 ηγὸς
926 1892 1336 1964 κατεπόρθησε,
1386 1893 1649 1963 πρεσϐεία
1692 1910 1751 1945 τε
1786 1892 2013 1963 Περσῶν
2055 1891 2191 1960 πρὸς
2243 1890 2545 1961 Ῥωμαίους
2580 1896 2776 1965 πρώτη
2812 1900 2904 1949 καὶ
2926 1899 3176 1969 δευτέρα.
3201 1903 3389 1958 Ταῦτα
3448 1908 3548 1976 μὲν
3604 1910 3663 1960 ἐν
3723 1909 3803 1979 τῷ
3844 1912 4051 1982 πρώτῳ

763 1985 927 2055 λόγῳ.

836 2076 998 2131 Libro
1052 2076 1309 2140 secundo,
1356 2077 1421 2129 de
1452 2085 1634 2128 monte
1670 2073 1811 2127 Izala
1868 2074 1979 2143 agit
2017 2091 2031 2129 :
2064 2074 2236 2143 deque
2266 2074 2349 2127 in-
2390 2082 2432 2136 Β

765 2169 1052 2223 sultatione
1114 2178 1289 2236 atque
1337 2166 1599 2236 jactautia
1655 2166 1941 2219 Persarum
2006 2162 2355 2231 Cardarigaa,

764 2263 1039 2316 exercitus
1073 2262 1210 2325 apud
1247 2274 1340 2314 eos
1372 2260 1545 2313 ducis.
1589 2260 1661 2312 De
1685 2273 1860 2328 pugna
1892 2260 2019 2312 item
2044 2256 2355 2325 Philippici,

762 2364 815 2407 et
846 2353 1209 2407 Romanorum
1247 2367 1365 2407 cum
1400 2351 1719 2420 Cardariga,
1777 2359 1830 2405 et
1866 2349 2044 2405 Persis
2082 2348 2147 2402 ad
2181 2349 2358 2401 Arza-

767 2462 978 2500 tnouem
1008 2453 1234 2515 pugnata
1267 2461 1279 2497 :
1310 2454 1476 2513 utque
1502 2443 1830 2511 Philippicus
1855 2458 1959 2497 non
1990 2440 2356 2497 manulactam

767 2538 1054 2607 imaginem
1109 2548 1325 2605 gestans
1362 2536 1595 2600 obicrit,
1641 2536 1987 2604 lustraritque
2035 2534 2356 2597 exercitum,

767 2645 831 2684 ac
878 2629 1101 2683 victoria
1157 2628 1476 2697 perillustris
1509 2642 1672 2696 penes
1712 2626 1985 2682 Romanos
2037 2627 2198 2681 fuerit
2238 2646 2252 2679 :
2302 2639 2360 2683 et

766 2723 841 2776 uti
875 2722 1051 2790 imago
1090 2722 1175 2775 illa
1211 2737 1313 2773 non
1357 2719 1686 2783 tnanul'acta,
1715 2723 1779 2774 ad
1808 2720 2118 2774 Simeonem
2150 2720 2357 2774 Amida:

765 2814 1072 2882 episcopum
1104 2828 1224 2866 cum
1262 2813 1607 2889 veneratione
1634 2816 1793 2866 missa
1824 2814 1896 2865 sit
1931 2830 1943 2865 :
1985 2811 2349 2865 Barbarorum

765 2918 954 2973 agrum
990 2903 1216 2957 Romani
1256 2903 1547 2971 depredati
1578 2914 1727 2967 sunt,
1761 2903 2005 2972 fugitque
2029 2902 2356 2971 Cardagiras

765 2996 831 3049 ad
875 2997 1061 3049 urbem
1125 2993 1314 3048 Daras.
1375 2994 1567 3047 Dareni
1628 2995 1693 3047 ab
1754 2995 1889 3048 urbe
1943 2996 2113 3060 ipsum
2168 2991 2354 3061 proﬂi-

766 3098 983 3154 garunt,
1027 3088 1231 3139 viribus
1266 3087 1499 3139 hostium
1526 3085 1640 3150 jam
1675 3084 1928 3139 fractum.
1981 3086 2055 3139 De
2098 3085 2357 3139 Romanis

767 3178 1025 3232 militibus
1054 3192 1085 3231 e
1123 3176 1326 3242 Quarto
1356 3175 1711 3230 Partheorum
1745 3177 1953 3246 legione
2007 3176 2304 3229 vulneratis
2339 3195 2350 3229 :

768 3272 839 3323 ita
857 3281 1181 3333 vocanteos,
1204 3271 1292 3338 qui
1321 3270 1595 3323 Berrhaaa:
1650 3270 1782 3323 urbe
1811 3270 2011 3339 Syriae,
2046 3284 2352 3323 commora-

767 3364 982 3417 bantur.
1011 3360 1377 3415 Romanorum
1408 3361 1683 3428 expeditio
1726 3361 1777 3413 iu
1809 3362 2134 3414 Arzaninem
2174 3360 2349 3427 regio-

767 3454 1197 3516 nem,Maruthas
1214 3451 1464 3506 etJovius
1480 3452 1595 3521 ejus
1607 3453 1886 3506 orzeduces
1902 3451 1965 3504 ad
1979 3449 2353 3519 Pltilippicum,

766 3556 821 3600 et
842 3543 1115 3598 Romanos
1143 3542 1473 3597 defecerunt.
1520 3542 1764 3596 Privatas
1793 3543 1977 3611 copias
2007 3542 2352 3609 Cardarigas,

768 3637 965 3706 quibus
1015 3636 1288 3689 Romanos
1340 3650 1405 3689 ex
1465 3634 1679 3688 insidiis
1730 3635 2054 3697 adoriretur,
2108 3634 2344 3702 collegit.

770 3728 1049 3785 Heraclius
1091 3726 1229 3797 (ejus
1277 3724 1536 3790 Heraclti,
1588 3725 1677 3793 qui
1721 3734 1838 3793 post
1877 3725 2171 3793 imperator
2214 3722 2347 3789 fuit,

769 3823 942 3893 pater)
975 3838 1002 3873 a
1042 3820 1347 3889 Philippico
1391 3818 1455 3871 ad
1490 3818 1698 3871 hostem
1743 3816 2077 3883 speculatum
2120 3818 2353 3871 emissus

770 3914 995 3967 miriﬁce
1045 3922 1289 3967 servatus
1330 3920 1435 3963 est.
1467 3908 1541 3964 De
1570 3908 1795 3963 ancrla
1826 3910 2041 3963 homine
2061 3907 2223 3963 Persa
2268 3909 2353 3963 hic

770 4006 967 4073 agitur,
989 4013 1154 4073 utque
1176 4018 1203 4056 a
1236 4002 1649 4058 Chlomarorum
1673 4001 2069 4070 oppugnatione
2086 4002 2353 4055 cessariut

771 4095 1022 4150 Romani.
1058 4095 1248 4149 Adhuc
1297 4094 1365 4148 de
1394 4092 1563 4148 elfusa
1600 4093 1851 4161 turpique
1888 4092 2171 4161 Philippici
2203 4091 2347 4160 fuga,

772 4188 1096 4257 turbatoque
1121 4187 1311 4241 ordine
1342 4183 1570 4240 Romani
1602 4184 1897 4238 exercitus.
1924 4183 1998 4236 De
2030 4184 2219 4237 morbo
2241 4198 2347 4252 quo

770 4278 1100 4347 Pbilippicus
1154 4286 1437 4345 correptus
1469 4282 1573 4335 est,
1614 4283 1668 4327 et
1712 4274 1779 4327 de
1813 4272 2085 4337 Heraclio,
2116 4273 2347 4329 lieraclii

770 4376 891 4435 post
938 4365 1283 4436 imperatoris
1327 4372 1503 4434 patre,
1538 4378 1589 4415 m
1636 4364 1910 4416 exercitus
1956 4376 2141 4416 curam
2183 4364 2346 4416 advo-

767 4466 909 4520 cato.
935 4466 1099 4525 utque
1120 4456 1176 4509 in
1226 4454 1554 4509 meridianos
1589 4452 1769 4506 Medos
1796 4452 2160 4506 Romanorum
2185 4467 2343 4507 exer-

769 4550 935 4602 citum
1006 4548 1403 4615 subimperator
1449 4544 1536 4597 ille
1595 4543 1828 4606 duxerit,
1864 4552 1914 4597 et
1952 4558 2075 4597 vere
2104 4542 2341 4608 ineunte,

769 4640 921 4710 28b
949 4639 1001 4692 in
1035 4638 1319 4693 Persarum
1362 4649 1525 4706 agros
1554 4633 1784 4688 Romani
1831 4633 2144 4702 irruperint.
2177 4633 2341 4688 Com-

2549 2072 2635 2124 Ἐν
2689 2072 2745 2125 δέ
2782 2072 2860 2142 τῷ
2908 2073 3144 2146 δευτέρῳ
3182 2077 3541 2149 διαλαμϐάνει
3574 2086 3829 2156 περὶτοῦ
3885 2088 4050 2159 ὅρους

2461 2162 2554 2215 τοῦ
2596 2161 2773 2227 Ἰξαλά
2804 2165 2866 2226 ³⁷,
2907 2168 3033 2237 περί
3070 2186 3129 2223 τε
3161 2171 3260 2240 τῆς
3295 2174 3436 2227 κατά
3469 2175 3560 2228 τὸν
3592 2178 3965 2250 Καρδαρηγάν
4004 2182 4049 2212 ³³

2459 2256 2553 2308 τὸν
2595 2257 2707 2311 τῶν
2754 2260 2976 2328 Περσῶν
3032 2264 3342 2333 στρατηγὸν
3380 2266 3721 2336 ἀλαζονείας,
3771 2272 3926 2335 ὅπως
3987 2291 4049 2326 τε

2459 2347 2794 2401 Φιλιππικοῦ
2822 2366 2879 2402 τε
2908 2353 2999 2404 καὶ
3026 2352 3113 2423 [si
3149 2353 3243 2426 IL]
3287 2356 3574 2425 Ῥωμαίων
3610 2360 3747 2431 πρὸς
3780 2362 3875 2415 τὸν
3898 2364 4052 2434 Καρ-

2460 2438 2707 2509 δαρηγὰν
2734 2442 2778 2474 ³⁹
2816 2444 2911 2496 καὶ
2954 2445 3171 2515 Πέρσας
3220 2448 3367 2519 μάχη
3402 2454 3533 2521 περὶ
3566 2452 3628 2505 τὸ
3676 2454 3973 2523 Ἀρζὰμων
4004 2457 4050 2488 ⁸⁸

2461 2531 2724 2601 συνέστη.
2758 2537 2853 2585 καὶ
2886 2535 3033 2598 ὅπως
3060 2539 3088 2589 6
3122 2537 3449 2604 Φιλιππικὸς
3489 2542 3590 2612 τὴν
3623 2546 4051 2617 ἀχειροποίητον

2461 2623 2647 2675 εἰκόνα
2670 2625 2852 2694 φέρων
2880 2627 3100 2698 περιῄει
3128 2630 3480 2699 καθαγιάζων
3504 2634 3565 2686 τὸ
3595 2636 3933 2706 στράτευμα,
3958 2641 4051 2691 καὶ

2459 2714 2536 2775 ὼς
2606 2716 2728 2785 νίκη
2784 2720 3193 2791 ἐπιφανεστάτη
3250 2725 3373 2776 τότε
3432 2726 3723 2793 Ῥωμαίων
3783 2730 4046 2795 ἐγένετο,

2459 2806 2607 2869 ὅπως
2644 2810 2763 2878 τεηή
2805 2810 3221 2882 ἀχειροποίητος
3263 2814 3400 2883 πρὸς
3431 2816 3724 2888 Συμεώνην
3773 2819 3867 2872 τὸν
3924 2821 4051 2872 ἐπί-

2462 2912 2666 2949 σκοπον
2704 2899 2927 2969 Ἀμίδης
2950 2902 2990 2933 “
3016 2904 3153 2971 μετὰ
3189 2906 3617 2977 σεϐασμιότητος
3635 2912 4049 2968 ἀποστέλλεται.

2459 2988 2788 3043 Σκυλεύεται
2821 2992 2877 3044 δὲ
2909 2994 3013 3045 ὑπὸ
3051 2995 3341 3064 Ῥωμαίων
3363 2998 3423 3049 τὸ
3445 2998 3741 3069 βάρϐαρον,
3779 3005 3873 3055 καὶ
3912 3003 4049 3071 «(.56-

2459 3096 2544 3146 γει
2590 3084 2618 3133 6
2651 3083 3023 3154 Καρδαρηγάν
3059 3088 3102 3117 δ’
3140 3088 3235 3139 ἐπὶ
3279 3089 3338 3141 τὸ
3372 3092 3553 3158 Δαράς
3583 3092 3647 3123 ⁸³·
3680 3096 3776 3146 καὶ
3815 3096 3968 3159 ὅπως
3998 3099 4046 3150 οἱ

2458 3172 2691 3240 Δαρηνοὶ
2714 3173 2822 3224 ἀπὸ
2854 3174 2948 3227 τοῦ
2983 3177 3180 3240 ἄστεος
3216 3179 3379 3231 αὑτὸν
3405 3182 3830 3252 ἀποπέμπονται
3869 3187 3959 3239 διὰ
3987 3190 4047 3240 τὸ

2460 3262 2601 3314 κατὰ
2652 3264 2854 3331 κράτος
2911 3266 3234 3335 ἡττηθῆναι.
3289 3270 3476 3333 Ὅπως
3532 3289 3590 3323 τε
3650 3274 3678 3324 6
3752 3276 4048 3345 Ῥωμαίων

2462 3354 2802 3423 στρατιώτης
2838 3355 2900 3407 τὸ
2943 3357 3104 3427 σῶμα
3148 3363 3544 3431 κατετέτρωτο’
3596 3359 3665 3433 ἦν
3700 3365 3755 3417 δὲ
3796 3367 3897 3435 τῆς
3936 3370 4049 3421 τῶν

2463 3444 2943 3515 Κουαρτοπαρθῶν
2985 3449 3223 3516 τάξεως,
3252 3451 3395 3505 οὕτω
3442 3454 3795 3524 καλουμένων
3841 3458 3951 3511 τῶν
3990 3464 4050 3514 ἐν

2463 3534 2657 3604 Βεροίᾳ,
2690 3536 2843 3589 πόλει
2866 3538 2967 3606 τῆς
3000 3540 3200 3608 Συρίας
3231 3543 3327 3605 τὰς
3362 3543 3648 3613 διατριϐὰς
3677 3549 4045 3617 ποιουμένων.

2461 3627 2596 3695 Περί
2643 3644 2701 3679 τε
2755 3630 2853 3696 τῆς
2885 3630 3276 3700 ἐπιστρατείας
3332 3635 3621 3704 Ῥωμαίων
3662 3638 3709 3669 ⁸⁵
3754 3640 3897 3691 κατά
3943 3640 4048 3709 τῆς

2471 3717 2845 3789 Ἀρζανηνῆς,
2898 3723 2992 3773 καὶ
3031 3724 3179 3786 ὅπως
3228 3726 3526 3795 Μαρουοᾶς
3575 3730 3669 3781 καὶ
3741 3730 3950 3795 Ἰώϐιος
3994 3739 4047 3786 οι

2458 3814 2723 3884 ἡγεμόνες
2768 3816 2939 3887 αὐτῆς
2992 3819 3354 3888 αὐτομολοῦσι
3400 3822 3538 3891 πρὸς
3584 3825 3908 3879 Φιλιππικὸν
3948 3830 4048 3880 καὶ⁵

2467 3905 2793 3975 Ῥωμαίους.
2836 3908 2945 3959 Καὶ
2997 3910 3124 3975 περὶ
3166 3909 3264 3977 τῆς
3317 3910 3591 3981 ἰδιωτικῆς
3628 3915 3907 3986 δυνάμεως
3947 3919 4048 3987 τῆς

2456 3996 2935 4069 συναθροισθείσης
2964 4001 3069 4052 61:6
3107 4001 3201 4053 τοῦ
3233 4003 3605 4075 Καρδαρηγάν
3644 4006 3689 4037 ⁸⁸
3720 4009 3800 4068 εἰς
3848 4008 3909 4059 τὸ
3956 4008 4047 4072 ἐξ.

2453 4090 2732 4157 απατῆσαι
2775 4089 3101 4158 Ῥωμαίους.
3137 4090 3230 4163 [95
3258 4094 3348 4164 IL]
3382 4096 3489 4149 Καὶ
3527 4098 3675 4160 ὅπως
3719 4098 4046 4167 Ἡράκλειος

2451 4182 2479 4231 6
2536 4179 2858 4248 Ἡρακλείου
2919 4182 3012 4234 τοῦ
3074 4185 3477 4257 αὐτοκράτορος
3553 4190 3737 4260 πατὴρ
3791 4191 3897 4243 ὑπὸ
3946 4192 4045 4245 τοῦ

2450 4268 2780 4323 Φιλιππικοῦ
2803 4272 2897 4323 ἐπὶ
2915 4276 3236 4345 κατασκοπῇ
3271 4273 3379 4327 τῶν
3410 4277 3690 4347 πολεμίων
3714 4279 4049 4343 ἀποσταλεὶς

2450 4357 2772 4427 παραδόξως
2797 4358 3146 4423 διασώζεται.
3178 4362 3290 4413 Καὶ
3332 4365 3463 4434 περὶ
3488 4366 3735 4436 Ζαϐέρτα
3761 4368 3855 4420 τοῦ
3898 4369 4047 4439 Πέρ-

2452 4462 2566 4510 σου,
2598 4447 2693 4498 καὶ
2720 4448 2868 4509 ὅπως
2882 4447 2981 4515 τῆς
3012 4447 3121 4499 τῶν
3155 4449 3462 4520 Χλομαρῶν
3478 4450 3524 4482 ⁸⁸
3558 4452 3879 4520 πολιορκίας
3903 4453 4044 4506 Ῥω-

2451 4540 2596 4608 μαῖοι
2632 4537 2950 4606 ἀπέσχοντο.
2990 4539 3110 4590 Ἔτι
3133 4538 3190 4590 δὲ
3215 4540 3343 4608 περὶ
3368 4541 3465 4611 τῆς
3491 4541 3693 4611 ἀθρόας
3715 4544 3811 4595 καὶ
3839 4544 4043 4611 ἀλόγου

2447 4629 2623 4697 φυγῆς
2652 4628 2979 4685 Φιλιππικοῦ
2998 4671 3013 4693 ,
3063 4630 3156 4682 καὶ
3176 4634 3277 4700 τῆς
3301 4632 3600 4703 γενομένης
3620 4632 3847 4711 ἀταξίας
3865 4636 3979 4697 τοῖς
3994 4634 4041 4666 ⁵⁷

772 4727 1029 4794 plectitur
1071 4735 1124 4780 et
1179 4726 1264 4780 hic
1301 4725 1459 4789 liber,
1492 4733 1550 4777 ut
1576 4731 1764 4777 contra
1794 4722 2005 4777 Abaros
2038 4722 2347 4779 Comcntio-

2467 4717 2795 4789 Ῥωμαϊκοῖς
2827 4721 3296 4791 ἐκστρατεύμασι.
3336 4722 3472 4793 Περί
3502 4739 3561 4775 τε
3589 4724 3689 4792 τῆς
3716 4723 4042 4793 ἐνεχθείσης

770 4818 852 4870 lus
887 4816 1286 4886 expeditionem
1359 4816 1685 4882 susceperit,
1743 4814 2204 4881 subimperatores
2256 4831 2351 4869 na-

769 4918 890 4961 ctus
920 4907 1212 4961 blaximum
1244 4914 1297 4961 et
1328 4906 1569 4971 Casium,
1602 4913 1767 4974 utque
1811 4907 1974 4959 rebus
2020 4906 2086 4961 ab
2130 4906 2195 4959 iis
2225 4922 2355 4975 pra:-

766 4998 912 5053 clarc
943 4998 1205 5052 adversus
1236 4996 1445 5049 Abaros
1481 4995 1668 5065 gestis,
1722 4996 1879 5048 vivus
1913 4995 2126 5049 tandem
2161 4994 2357 5049 Castus

768 5091 823 5144 in
882 5090 1120 5144 hostium
1186 5088 1395 5142 venerit
1441 5095 1761 5155 potestatem
1806 5105 1818 5139 :
1864 5095 2027 5153 utque
2072 5086 2354 5141 Ansimuth

2457 4810 2533 4881 τῷ
2554 4810 2869 4881 Φιλιππικῷ
2906 4812 3098 4874 νόσου,
3153 4813 3249 4865 καὶ
3300 4813 3383 4865 ὅτι
3430 4813 3752 4884 Ἡράκλειος
3797 4816 3825 4867 6
3866 4814 4041 4885 Ἠρα-

2461 4901 2643 4955 κλείου
2686 4902 2781 4955 τοῦ
2821 4902 3224 4973 αὐτοκράτορος
3260 4904 3443 4976 πατὴρ
3478 4906 3576 4968 τὰς
3610 4906 3899 4975 φροντίδας
3941 4906 4046 4976 τῆς

2462 4993 2759 5063 ἡγεμονίας
2776 4992 3091 5063 ἀναδέχεται
3119 4993 3187 5049 ⁸⁸.
3209 4995 3398 5058 Ὅπως
3414 5013 3473 5048 τε
3502 4999 3616 5059 τοῖς
3646 4996 4046 5067 μεσημϐρινοῖς

2464 5085 2561 5151 τῆς
2592 5082 2845 5153 Μηδικῆς
2874 5082 3205 5153 προσϐάλλει
3231 5084 3259 5136 6
3297 5084 3399 5152 τῆς
3438 5084 3724 5154 Ῥωμαίων
3755 5083 4044 5155 δυνάμεως

2040 5236 2272 5293 νΑιιιΑε
2314 5235 2719 5293 LECTIONES.

840 5366 883 5396 τ’
916 5378 1101 5419 nonae
1133 5360 1675 5435 καταστρεψόμενοιξῖ
1738 5360 1780 5392 ³³
1818 5358 2061 5435 Ἱωάνχου
2095 5375 2154 5435 ς.

768 5456 827 5500 ς.
930 5436 970 5467 ³⁷
1000 5435 1185 5503 Ἰξαλα
1231 5452 1291 5498 ς.
1343 5432 1412 5466 ’⁸⁸
1452 5432 1767 5503 Καδαρίγαν
1823 5448 1884 5503 ς.

1964 5430 2007 5461 ³⁹
2044 5432 2138 5481 καὶ
2172 5438 2297 5480 ante
2339 5423 2421 5479 'P.
2452 5442 2561 5495 om.
2611 5423 2677 5478 Α.
2762 5424 2807 5456 ⁸ο
2842 5423 3137 5495 Ἀρζαμὼν
3185 5442 3245 5489 ς.

2236 5356 2281 5388 ³⁸
2302 5358 2330 5411 6
2362 5367 2481 5425 post
2517 5354 2739 5425 σεισμὸς
2781 5355 2905 5409 add.
2947 5357 3013 5425 Α.
3073 5356 3134 5425 ,³⁸
3163 5372 3224 5408 τε
3247 5355 3275 5405 6
3301 5354 3421 5425 φιλ.
3470 5373 3531 5419 ς.
3608 5357 3652 5389 ³⁸
3678 5357 3773 5409 καὶ
3802 5355 3855 5407 αί
3885 5354 4043 5425 ἀνδρ.

3327 5424 3379 5455 δ’
3414 5426 3629 5496 ἀμήδης
3681 5443 3742 5489 ς.
3883 5424 4043 5494 sar»-

766 5477 993 5578 ξαρίγας
1026 5477 1209 5571 an;
1234 5477 1422 5578 ἴ’δ’άρας
1451 5477 1967 5578 "ngf—hbiti}.in
2355 5477 2477 5566 Ei;
2496 5477 2807 5566 dCaipviv'q;
2839 5477 2924 5559 ς·.ι
2954 5477 3031 5528 ’δι’
3061 5477 3385 5566 Καρδαρίγα
3517 5477 3930 5568 ’-δ’δχλῖομάρων

767 5576 809 5615 ⁵⁷
836 5574 960 5641 ’τοῖς
992 5593 1100 5631 out.
1138 5578 1202 5630 Δ.
1283 5576 1328 5607 ⁵⁸
1350 5574 1633 5644 ἀνεδέχετο
1683 5590 1741 5635 ς.

2260 5703 2493 5761 NOTAE.

840 5824 947 5889 (93)
974 5823 1195 5880 Niceub.
1234 5826 1323 5879 lih.
1357 5838 1511 5888 mu,
1548 5839 1666 5893 cap.
1711 5825 1797 5879 l3.

2519 5818 2629 5887 (tit)
2660 5817 2793 5873 Ibid.
2828 5818 2913 5871 te.
