4210 6442
165 418 265 486 145

1279 419 1811 481 BIBLIOTHECA.
1850 447 1921 458 —
1958 420 2122 483 COD.
2165 420 2331 481 LXV.

3327 405 3432 468 H6

160 534 612 604 ὑποστράτηγος·
655 534 751 587 καὶ
809 534 885 597 ὼς
942 534 1104 603 ἔαρος
1164 532 1284 602 ὥρᾳ
1342 532 1745 600 προσϐάλλουσι

1858 535 2177 602 pedestrium
2218 530 2497 599 copiarum
2542 524 2905 578 Romanarum
2940 520 3223 587 tribututu,
3258 522 3424 575 Abari

172 624 448 693 Ῥωμαῖοι
474 624 622 677 κατά
663 626 765 693 τῆς
792 623 1018 694 Περσῶν
1053 624 1354 686 πολιτείαςο
1393 623 1752 692 διαλαμϐάνει

160 731 217 766 τε
244 714 323 777 ὡς
346 714 725 783 Κομεντίολος
754 715 898 767 κατὰ
924 714 1033 766 τῶν
1091 713 1340 783 Ἀδάρων
1369 713 1749 784 ἐκστρατεύει,

160 804 299 871 ἔχων
326 807 795 875 ὑποστρατήγους
835 807 1079 875 Μαρῐνον
1132 807 1225 857 καὶ
1269 804 1516 867 Κάστον.
1552 807 1647 859 καὶ
1678 806 1755 871 ὠς

160 895 558 964 εὐδοκιμοῦσιν
601 890 748 949 οὗτοι
799 896 941 948 κατά
977 894 1085 947 τῶν
1110 894 1389 965 ’Ἀδάρων,
1432 894 1660 966 ὕστερον
1696 896 1753 950 δέ

163 987 473 1055 ξωγρείται
516 988 547 1039 ό
604 987 649 1019 ⁸⁸
709 987 946 1050 Κάστος.
1001 988 1112 1039 Kal
1171 987 1251 1039 ὃτι
1311 986 1600 1055 Ἀνσιμοὺθ
1658 986 1750 1039 τὸν

162 1074 398 1144 ἔξαρχον
426 1077 536 1144 τῆς
560 1077 792 1146 πεζικῆς
818 1078 1105 1147 Ῥωμαίων
1131 1078 1417 1147 δυνάμεως
1443 1080 1492 1131 οί
1522 1080 1752 1150 Ἀϐαροι

164 1165 412 1234 ζωγρίαν
436 1166 654 1232 ἐλαῦον,
689 1168 784 1221 καὶ⁵
817 1168 1160 1239 κατέδραμον
1184 1168 1252 1221 τὰ
1274 1169 1378 1223 ἀνὰ
1404 1170 1502 1239 τήν
1531 1170 1754 1241 Θρᾴκην

161 1260 215 1308 al
250 1257 526 1327 δυνάμεις
562 1258 764 1314 αὐτῶν.
803 1260 913 1312 Kal
964 1259 1329 1329 Κομεντιόλου
1373 1260 1658 1331 διάσκεψις
1705 1263 1754 1315 εί

165 1345 269 1415 χρὴ
314 1346 672 1399 ἐπιτίθεσθαι
716 1350 828 1410 τοῖς
880 1348 925 1379 ⁸⁸
970 1348 1258 1417 ’Δϐάροις,
1303 1350 1397 1403 καὶ
1442 1350 1754 1420 δημηγορία

166 1437 260 1489 ἐπὶ
288 1438 354 1489 τδ
385 1438 507 1490 δεῖν
535 1438 897 1505 ἐπιτίθεσθαι,
938 1442 1032 1493 καὶ
1067 1440 1519 1513 ἀντιδημηγορία.
1556 1443 1745 1506 Ὅπως

167 1527 320 1595 φωνὴ
357 1526 687 1595 ἐμπεσοῦσα
714 1526 792 1595 τῷ
819 1527 1037 1598 στρατῷ
1065 1528 1175 1581 τῶν
1209 1528 1453 1599 Ἀδάρων
1474 1528 1754 1598 ἄπρακτον

168 1616 264 1684 τὴν
287 1617 389 1669 τοῦ
423 1618 471 1649 ⁸¹
511 1619 880 1687 Κομεντιόλου
912 1619 1159 1671 ἐπίθεσιν
1198 1620 1299 1689 τὴν
1333 1619 1475 1673 κατά
1511 1616 1606 1675 τοῦ
1638 1620 1755 1672 Χα-

168 1708 337 1773 τάνου
364 1708 694 1779 εἰργάσατο.
724 1708 836 1761 Καὶ
875 1710 1003 1779 περὶ
1034 1708 1213 1762 Βουσᾶ
1250 1706 1347 1761 τοῦ
1393 1707 1751 1779 στρατιώτου,

169 1796 316 1859 ὅπως
349 1814 412 1849 τε
468 1798 516 1828 ⁸⁸
554 1796 811 1866 κυνηγῶν
847 1796 991 1850 ἐάλω
1033 1797 1137 1849 ὑπὸ
1179 1795 1289 1849 τῶν
1344 1796 1611 1867 ’Δδάρων,
1660 1797 1755 1848 καὶ

1853 626 2035 678 vivum
2069 623 2333 691 ceperim,
2358 626 2412 674 et
2454 618 2507 672 in
2537 614 2827 670 Thraciam
2872 611 3243 667 incursionem
3278 625 3430 666 exer-

1853 717 1996 772 citus
2059 727 2251 769 eorum
2300 709 2507 773 fecerit,
2552 705 2892 763 Comentiolo
2947 705 3164 759 interim
3229 703 3428 757 delibe-

1854 816 2031 871 rante,
2060 819 2128 859 an
2159 803 2352 858 Abaris
2381 808 2694 855 occurreret
2721 817 2734 852 :
2771 797 3066 865 habitaquc
3096 807 3181 850 est
3222 796 3274 848 in
3303 810 3423 849 eam

1855 896 2180 952 sententiam
2234 892 2449 957 concio,
2481 899 2538 944 et
2594 889 2763 942 altera
2819 889 2943 939 item
3001 893 3212 949 contra,
3264 898 3331 937 ne
3365 898 3423 937 se

1856 987 1996 1041 hosti
2041 984 2318 1054 objieeret.
2355 978 2636 1048 Quomodo
2686 984 2841 1031 ortus
2872 976 2927 1029 in
2970 974 3165 1029 castris
3213 972 3423 1026 Abaro-

1854 1090 1975 1131 rttm
2003 1088 2211 1137 rumor,
2253 1068 2574 1127 Comentioli
2603 1066 2861 1123 adversus
2902 1063 3224 1133 Chagauum
3287 1062 3431 1114 irru-

1856 1166 2094 1235 ptionem
2125 1164 2334 1217 irritam
2370 1158 2580 1215 fecerit.
2610 1158 2689 1211 De
2720 1154 2857 1209 Busa
2895 1154 3087 1216 milite,
3123 1152 3214 1221 qui
3254 1151 3308 1205 in
3349 1166 3431 1204 ve-

1856 1258 2077 1312 natione
2103 1256 2171 1309 ab
2195 1254 2391 1309 Abaris
2423 1260 2637 1319 captus,
2662 1258 2719 1303 et
2739 1263 2767 1301 a
2792 1245 2928 1317 {suis
2957 1244 3232 1314 neglectus
3295 1256 3430 1297 con.

1858 1352 2220 1413 temptusque,
2271 1341 2535 1396 Barbaros
2584 1353 2704 1393 eam
2751 1337 2821 1390 ob
2850 1350 3067 1390 causam
3118 1346 3432 1402 Oppugnan-
3512 1384 3515 1387 Α

1858 1437 2047 1491 darum
2093 1436 2303 1490 urbium
2336 1432 2615 1487 machinas
2662 1430 2929 1483 fabricare
2974 1426 3429 1493 primusdocuit.

1859 1528 1947 1584 Uti
1979 1529 2263 1599 Cbaganus
2300 1524 2505 1579 Beroen
2554 1522 2860 1585 obsederit,
2894 1519 2989 1575 sed
3024 1518 3157 1573 nihil
3192 1515 3435 1587 profece-

1858 1619 1949 1673 rit.
1998 1616 2261 1673 Similiter
2292 1626 2347 1669 et
2384 1612 2701 1668 Diocletiani
2738 1610 2922 1665 urbem
2950 1610 3296 1679 uppugnarit,
3341 1622 3433 1661 ne-

1856 1724 1962 1780 que
2012 1708 2217 1778 ceperit
2267 1718 2465 1761 tamen.
2511 1702 2829 1757 Mauricium
2865 1702 3240 1771 imperatorem
3291 1699 3432 1753 Cun-

1857 1799 2209 1867 stautinopoli
2240 1798 2306 1852 ab
2339 1795 2612 1851 incondita
2652 1794 3038 1865 Byzantiorum
3069 1792 3223 1861 plebe
3248 1792 3430 1844 convi-

170 1888 318 1951 ὅπως
373 1889 486 1941 ὑπὸ
535 1889 645 1941 τῶν
682 1888 973 1958 ὁμοφύλων
1033 1887 1367 1957 ὑπεροφθεὶς
1415 1888 1632 1958 πρῶτος
1668 1888 1754 1941 διὰ

1862 1893 1961 1947 ciis
1985 1899 2291 1956 exceptum.
2318 1890 2460 1959 quod
2483 1887 2552 1942 ob
2582 1901 2668 1941 res
2699 1884 2984 1939 infeliciter
3022 1898 3142 1937 cum
3178 1880 3432 1935 Barbarie

168 1977 328 2030 τοῦτο
371 1980 508 2040 τοὺς
551 1978 820 2048 Ἀὁάρους
870 1976 1268 2047 πολιορκητικὰ
1302 1977 1511 2046 ὄργανα
1550 1977 1753 2043 ἐδίδαξε

168 2066 718 2130 κατασκευάζεσθαι.
764 2067 954 2129 Ὅπως
990 2083 1051 2120 τε
1095 2068 1200 2119 ὑπὸ
1238 2065 1333 2120 τοῦ
1374 2067 1627 2134 Χαγάνου
1663 2084 1757 2120 ποο

172 2157 478 2227 λιορκεῖται
517 2159 713 2227 Βερόη,
747 2160 841 2211 καὶ
868 2160 1018 2221 ὅπως
1068 2159 1434 2228 ἀποτυγχάνει
1459 2158 1553 2212 τοῦ
1582 2161 1762 2229 ἐγχει-

172 2250 447 2318 ρήματος.
495 2251 684 2313 Ὅπως
731 2268 791 2303 τε
858 2250 1242 2321 Διοκλητιανοῦ
1295 2250 1449 2305 πόλιν
1498 2254 1526 2305 ὁ
1597 2253 1760 2315 αὐτὸς

171 2342 552 2412 πολιορκήσας
592 2344 888 2414 ἀπρακτεῖ.
920 2342 1039 2409 ,Καὶ
1085 2343 1280 2406 ὅπωςὸ
1312 2342 1567 2412 βασιλεὺς
1610 2345 1763 2398 Μαυ-

176 2434 353 2502 ρίκιος
406 2434 520 2488 ὑπὸ
555 2434 650 2489 τοῦ
701 2434 958 2502 ἀγελαίου
1006 2434 1245 2503 πλήθους
1290 2436 1400 2488 τῶν
1454 2436 1763 2500 Βυζαντίων

172 2526 503 2597 ἐλοιδορεῖτο
532 2526 622 2580 διά
651 2526 720 2580 τά
745 2528 853 2579 ἀπὸ
896 2527 1004 2580 τῶν
1036 2527 1326 2597 βαρὸάρων
1382 2527 1763 2598 συμϐεϐηκότα

174 2624 306 2692 περὶ
326 2624 434 2691 τὴν
473 2623 745 2692 Εὐρώπην
778 2623 1187 2692 δυστυχήματα,
1212 2625 1357 2685 ὅπως
1388 2640 1446 2675 τε
1487 2624 1761 2693 ἐκπέμπει

175 2713 497 2782 στρατηγὸν
518 2716 619 2768 τὸν.
638 2714 913 2783 Ἰωάννην,
938 2715 996 2765 ὃν
1014 2714 1315 2767 ἐπεκάλουν
1332 2713 1678 2767 Μυστάκωνα
1697 2714 1765 2776 ⁸³,

174 2805 603 2874 ὑποστράτηγον
645 2804 795 2875 αὑτῷ
833 2805 1319 2875 καταστησάμενος
1367 2804 1677 2874 Δρόκτωνα,
1703 2806 1761 2869 ὃς

1863 1995 2064 2055 gestas,
2102 1982 2314 2051 EnrOpa
2371 1978 2565 2034 afﬂicta
2595 1988 2759 2033 esset.
2800 1976 3009 2031 Misisse
3068 1976 3247 2045 itaque
3271 1973 3431 2027 Joan-

1864 2092 2008 2140 nem,
2031 2084 2391 2144 cognomento
2416 2070 2751 2141 Mystacona,
2776 2069 2896 2125 belli
2927 2068 3138 2132 ducem,
3166 2067 3432 2122 Drocmne

1866 2168 1967 2235 ipsi
2016 2165 2445 2231 subimperatore
2486 2159 2786 2214 attributo:
2854 2160 2945 2226 qui
3032 2159 3311 2211 obsessam
3365 2155 3433 2207 ab

1857 2256 2053 2311 Abaris
2086 2252 2515 2321 Adriauopolim,
2568 2263 2747 2319 pugna
2784 2263 2904 2303 cum
2946 2251 3100 2302 hoste
3138 2245 3429 2300 commissa

1858 2361 2100 2417 praesens
2135 2345 2389 2400 servavit.
2413 2342 2801 2412 Complectitur
2843 2340 3007 2394 etiam
3051 2338 3138 2393 hic
3173 2338 3328 2401 liber,
3376 2344 3432 2389 ut

1860 2455 2039 2495 arcem
2082 2438 2368 2493 Persarum
2404 2436 2695 2506 quamdam
2728 2436 2775 2487 vi
2826 2446 3021 2500 capere
3053 2428 3331 2485 Herachus
3361 2428 3431 2481 sit

1862 2545 2151 2601 aggressus
2182 2545 2196 2584 :
2222 2538 2275 2583 et
2304 2528 2371 2583 de
2402 2524 2685 2593 Bejudaes,
2714 2525 2794 2579 sic
2822 2523 2967 2578 dicto
2994 2521 3239 2585 castello,
3268 2530 3433 2588 utque

1862 2619 2164 2677 incredibili
2193 2618 2414 2688 Saperis
2448 2617 2635 2672 militis
2668 2615 3003 2680 fortitudine,
3039 2612 3267 2667 Romani
3297 2623 3433 2679 pra:-

1864 2715 2061 2769 sitlium
2099 2711 2439 2782 occuparint.
2472 2708 2712 2779 Denique
2747 2718 2805 2763 ut
2828 2706 3167 2775 Philippicas
3197 2705 3250 2759 in
3283 2703 3430 2770 regia

1869 2809 2004 2861 urbe
2036 2805 2504 2874 Constantinopoli
2536 2803 2878 2858 remanserit.

172 2900 271 2949 καὶ
306 2898 786 2967 πολιορκουμένης
835 2897 942 2950 ὑπὸ
981 2897 1092 2950 τῶν
1140 2895 1387 2966 Ἀσάρων
1454 2897 1553 2967 τῆς
1606 2896 2099 2967 Ἀδριανουπόλεως
2154 2897 2201 2929 ⁵⁸
2263 2896 2540 2967 συμμίξας
2602 2897 2712 2957 τοῖς
2779 2892 3060 2960 πολεμῐοις
3115 2890 3215 2960 τὴν
3279 2888 3433 2942 πόλιν

175 2987 269 3059 [ιί
320 2989 420 3062 Η.]
480 2991 797 3044 διεσώσατο.
851 2990 1224 3058 Διαλαμϐάνει
1281 2990 1339 3043 δὲ
1396 2990 1492 3043 καὶ
1542 2991 1689 3053 ὅπως
1730 2994 1758 3044 ὁ
1807 2993 2126 3063 Ἡράκλειος
2164 2992 2423 3062 φρούριον
2449 2990 2717 3062 Περσικὸν
2790 2988 3050 3057 ἐνεχείρει
3077 2990 3187 3050 τοῖς
3246 2984 3431 3046 ὅπλοις

172 3082 354 3143 ἐλείν,
402 3082 664 3151 καὶπερὶ
706 3082 801 3135 τοῦ
836 3082 1121 3144 Βεῖουδάες
1159 3079 1446 3151 φρουρίου,
1483 3081 1579 3133 καὶ
1612 3082 1761 3144 ὅπως
1802 3083 2089 3153 παραδόξῳ
2156 3083 2409 3153 ἀριστείᾳ
2454 3083 2709 3151 Σάπηρος
2755 3080 2848 3133 τοῦ
2900 3081 3235 3151 στρατιώτου
3291 3070 3433 3131 εἷλον

172 3177 235 3228 τὸ
272 3178 543 3246 φρούριον
593 3176 871 3244 Ῥωμαῖοι.
902 3177 1012 3229 Kal
1038 3176 1133 3245 τὴν
1166 3175 1424 3243 ἐνδημίαν
1462 3176 1517 3228 δὲ
1561 3177 1887 3230 Φιλιππικοῦ
1916 3179 2043 3248 περὶ
2068 3177 2131 3231 τὸ
2157 3178 2429 3249 βασίλειον
2451 3178 2606 3234 ἄστυ.

255 3268 319 3321 '0
350 3268 409 3320 δέ
456 3267 639 3338 τρίτος
687 3268 846 3334 λόγος
889 3268 1143 3332 διέξεισιν
1190 3268 1339 3329 ὅπως
1377 3270 1759 3338 χειροτονεῖται

1936 3269 2123 3324 Tertio
2154 3268 2309 3323 libro.
2355 3267 2411 3321 lu
2438 3267 2716 3335 Philippici
2754 3266 2925 3321 locum
2961 3264 3247 3319 Orientalis
3294 3263 3436 3317 mili-

174 3360 300 3413 ἁντὶ
349 3360 684 3413 Φιλιππικοῦ
738 3362 1046 3432 στρατηγὸς
1095 3362 1124 3414 ὁ
1175 3361 1416 3431 Πρίσκος
1471 3362 1570 3430 τῆς
1622 3361 1764 3433 ἑῴας

172 3454 470 3520 δυνάμεως
502 3492 515 3513 ,
569 3454 717 3514 ὅπως
783 3469 841 3503 τε
905 3452 1229 3515 Φιλιππικδς
1307 3453 1764 3525 διαφθονούμενος

176 3544 412 3614 Πρίσκῳ
472 3544 610 3613 πρὸς
667 3544 987 3614 Ἡράκλειον
1044 3543 1285 3615 ἔγραψεν
1335 3545 1635 3614 ἐμφανίσαι
1687 3544 1765 3614 τῷ

178 3634 403 3702 στρατῷ
444 3633 556 3685 τῶν
604 3635 872 3702 σιτήσεων
919 3633 1100 3686 αὐτῶν
1123 3633 1223 3704 τὴν
1277 3633 1525 3703 μείωσιν,
1558 3636 1650 3686 καὶ
1684 3634 1764 3686 ὅτι

175 3726 423 3795 Πρίσκος
474 3724 869 3794 προσπελάζων
914 3724 993 3795 τῷ
1040 3724 1386 3796 στρατοπέδῳ
1432 3727 1532 3778 οὐκ
1584 3724 1763 3797 ἀπέϐη

175 3816 271 3869 τοῦ
304 3818 482 3869 ἵππου
513 3817 655 3869 κατά
696 3816 759 3869 τὸ
804 3817 1034 3870 παλαιὸν
1062 3817 1183 3880 ἐθος
1228 3818 1323 3869 καὶ
1358 3817 1531 3880 οὕτως
1582 3817 1766 3885 ἠσπά-

181 3925 315 3961 σατο
358 3908 421 3960 τὸ
510 3908 923 3977 στρατιωτικόν·
982 3909 1063 3963 διὸ
1107 3909 1168 3963 τὺ
1212 3909 1258 3941 ⁸⁸
1331 3910 1761 3980 στρατιωτικὸν,

175 4002 259 4052 ὅτι
283 4017 344 4052 τε
384 4001 443 4053 αί
488 4002 727 4070 σιτήσεις
762 4001 1127 4071 ὑπετέμνοντο
1170 4002 1265 4055 καὶ
1314 4002 1396 4055 ὅτι
1428 4000 1723 4070 ήτιμοῦντο
1748 4042 1762 4066 ,

180 4090 539 4155 ἐστασίαζον.
583 4093 692 4146 Kal
732 4093 966 4162 Πρίσκος
993 4093 1249 4163 ἐλιφρέδα
1281 4094 1327 4125 ⁵⁸
1356 4093 1478 4153 δὀὺς
1495 4092 1595 4163 τὴν
1619 4093 1767 4161 ἀχει-

183 4182 482 4250 ροποίητον
511 4182 577 4231 δι’
600 4182 768 4248 αὐτῆς
795 4181 1113 4253 ἐκλιπαρεῖν
1142 4183 1204 4234 τὺ
1229 4181 1430 4251 πλῆθος
1451 4180 1762 4250 ἐτέχναζεν

180 4274 230 4323 οί
248 4272 307 4324 δὲ
330 4272 426 4323 καὶ
445 4270 652 4341 ταύτην
672 4270 842 4334 λίθοις
859 4271 1069 4326 ἔϐαλον.
1088 4272 1179 4325 Διὸ
1202 4271 1395 4339 φεύγει
1422 4272 1518 4341 μὲν
1542 4272 1601 4323 ἐν
1617 4271 1770 4323 Κων-

183 4364 447 4434 σταντίνῃ
480 4362 733 4433 Πρίσκος,
765 4362 860 4415 καὶ
897 4364 1131 4434 αἱρεῖται
1162 4362 1268 4414 ὑπὸ
1299 4365 1399 4432 τῆς
1431 4360 1692 4430 στρατιᾶς
1716 4360 1760 4392 ⁸⁷

183 4456 472 4527 Γερμανὸς
504 4455 689 4518 αὐτοῖς
744 4456 1047 4525 στρατηγὸς
1093 4452 1377 4516 ἀκούσιος·
1424 4452 1518 4505 καὶ
1562 4450 1769 4518 ταύτης

183 4548 283 4616 τῆς
342 4546 661 4614 τυραννίδος
711 4545 1020 4615 κρατούσης
1081 4543 1274 4596 πολλαὶ
1326 4542 1479 4611 παρά
1544 4540 1769 4610 Περσῶν

1867 3360 1956 3414 tiae
2005 3360 2111 3414 dux
2153 3358 2413 3413 sull'cctus
2457 3358 2675 3414 Priscus
2715 3377 2727 3412 :
2774 3358 2856 3411 cui
2909 3356 3241 3425 Pbilippicus
3298 3355 3437 3409 invi—

1865 3451 1999 3506 dens
2035 3450 2284 3505 Heraclio
2315 3451 2553 3519 scripsit,
2588 3459 2948 3503 commeatum
2972 3446 3255 3509 exercitui,
3290 3446 3437 3499 ciba—

1864 3544 2055 3613 riaque
2108 3544 2399 3598 minueret.
2437 3541 2659 3596 Priscus
2694 3556 2909 3611 quoque
2941 3541 2991 3594 in
3024 3548 3202 3594 castra
3260 3538 3437 3605 profe-

1866 3644 2120 3698 ctus,uon
2152 3634 2287 3702 (94')
2305 3635 2370 3687 ad
2394 3634 2556 3703 pedes
2575 3633 2741 3686 veteri
2759 3646 2929 3697 more,
2952 3645 3015 3684 es
3034 3644 3171 3700 equo
3187 3628 3437 3683 desiliens

1868 3726 2065 3779 milites
2106 3725 2379 3779 salutavit.
2429 3724 2614 3792 Itaque
2668 3722 2961 3785 exercitus,
2996 3730 3105 3775 tum
3162 3720 3304 3790 quod
3341 3735 3438 3773 an-

1868 3832 2007 3870 nona
2075 3818 2253 3871 accisa
2300 3826 2446 3870 esset
2484 3824 2647 3884 atque
2708 3824 2935 3882 angusta
2970 3811 3104 3881 (95),
3142 3822 3253 3864 tum
3286 3812 3437 3877 quod

1868 3908 1986 3962 sine
2020 3908 2223 3963 honore
2243 3915 2382 3960 esset
2420 3904 2488 3958 ab
2517 3905 2607 3959 illo
2640 3904 2876 3967 habitus,
2916 3901 3139 3954 militari
3170 3899 3439 3954 seditione

1870 3996 2226 4051 tumultuatus
2267 4006 2367 4050 est.
2402 3994 2620 4050 Priscus
2655 3993 2766 4062 (96)
2802 3989 3114 4061 elipbrepha
3139 4005 3244 4044 non
3279 4003 3441 4042 manu

1869 4087 2010 4140 facta
2048 4087 2137 4140 illa
2191 4086 2421 4154 imagine
2460 4086 2592 4154 ipsis
2642 4084 2858 4146 tradita,
2912 4084 3130 4151 placare
3185 4095 3280 4149 per
3321 4095 3440 4134 eam

1869 4181 2175 4250 gregarium
2228 4179 2450 4232 militem
2504 4177 2773 4232 tentavit:
2808 4175 2899 4229 sed
2930 4174 3075 4227 illam
3109 4173 3273 4228 etiam
3310 4171 3444 4238 lapi-

1869 4270 2026 4323 dibus
2076 4269 2367 4337 petierunt.
2422 4267 2587 4333 Igitur
2619 4264 2760 4335 29a
2808 4263 3228 4318 Constantinam
3283 4260 3440 4332 fugit.

1869 4358 2075 4412 Invitus
2109 4358 2323 4412 interim
2351 4356 2418 4412 ab
2446 4358 2691 4412 exercitu
2720 4355 2826 4408 dux
2860 4353 3089 4423 elegitur
3119 4352 3440 4408 Germanus.

1872 4449 2006 4503 Dum
2042 4450 2156 4503 haec
2202 4462 2297 4515 per
2326 4448 2431 4501 vim
2478 4457 2641 4515 atque
2670 4444 2957 4499 tumultum
2990 4453 3277 4513 geruntur,
3311 4443 3447 4497 mul—

1873 4541 1941 4595 tis
1993 4539 2207 4593 interim
2242 4536 2469 4608 Bonnam
2507 4552 2537 4589 a
2578 4535 2760 4590 Persis
2785 4534 3183 4589 calamitatibus
3236 4530 3441 4589 aﬂlicti.

186 4615 475 4705 συμφοραὶ
505 4638 619 4698 τοῖς
662 4636 952 4705 Ῥωμαίοις
972 4635 1408 4689 ἐναπετίκτοντο.
1434 4632 1524 4687 Διδ
1544 4633 1640 4687 καὶ
1671 4631 1759 4701 βα-

1875 4632 2052 4696 Quare
2080 4629 2265 4684 P-nsco
2288 4628 2582 4697 imperator
2605 4627 2924 4694 dignitatem
2956 4624 3174 4688 adimit,
3222 4624 3448 4693 ejusque

186 4728 368 4791 σιλεὺς
403 4727 571 4780 παύει
608 4727 706 4796 μὲν
730 4726 991 4797 Πρίσκον,
1020 4725 1440 4781 ἀνταποστέλλει
1466 4713 1525 4779 δέ
1553 4724 1645 4797 [88

1879 4722 1931 4774 in
1965 4720 2137 4774 locum
2184 4719 2543 4789 Philippicutn
2596 4720 2789 4774 iterum
2829 4719 3017 4772 ducem
3041 4716 3224 4769 mittit.
3257 4713 3363 4769 Sed
3392 4726 3446 4769 et

184 4818 517 4869 Φιλιππικὸν
571 4818 732 4871 πάλιν
786 4819 1111 4888 στρατηγόν.
1163 4818 1226 4872 Ἦ
1272 4818 1331 4871 δέ
1387 4816 1618 4887 στρατιά
1676 4817 1759 4870 καί

1879 4811 1963 4865 his
1990 4825 2228 4875 rursum,
2286 4810 2499 4863 turbato
2545 4809 2811 4873 exercitu,
2866 4807 3269 4861 tumultuatum.
3308 4804 3445 4859 Cou-

185 4908 325 4977 πρὸς
353 4907 522 4960 αὑτὸν
570 4908 879 4973 ἐστασίαζε.
910 4909 1021 4961 Kal
1057 4907 1426 4980 πολιορκεῖται
1472 4909 1573 4977 μὲν
1613 4908 1759 4962 Κωνε

1879 4904 2117 4958 stantiua
2137 4902 2288 4972 (97)a
2310 4900 2488 4955 Persis
2514 4903 2748 4954 obsessa.
2776 4899 3155 4966 periculisque,
3174 4896 3446 4951 Germano

189 5000 449 5049 σταντῖνα
481 4996 585 5051 ὑπὸ
626 4997 874 5067 Περσῶν,
904 4997 1091 5068 ῥύεται
1119 4998 1177 5052 δέ
1206 4998 1319 5052 τῶν
1362 4998 1620 5053 κινδύνων
1645 5000 1759 5051 ἐπι-

1880 4992 2157 5061 suppetias
2180 4993 2407 5055 ferente,
2447 4989 2722 5043 eximitur.
2768 4986 3017 5041 Praelium
3066 4986 3337 5040 Romanos
3367 4985 3449 5038 iu-

191 5089 421 5151 στάντος
448 5090 590 5161 αὐτῇ
622 5088 927 5160 Γερμανοῦ.
969 5091 1081 5144 Kal
1118 5091 1353 5160 πόλεμος
1398 5090 1634 5161 Πέρσαις
1677 5091 1759 5143 καί

1881 5095 1960 5139 ter
1984 5093 2039 5139 et
2066 5082 2256 5138 Persas
2277 5084 2343 5135 ad
2375 5080 2775 5151 Martyropolim
2809 5074 3179 5134 commissum‘.
3212 5076 3447 5132 Victoria

1486 5221 1717 5278 VARIAE
1760 5214 2164 5275 LECTIONES.

255 5340 301 5372 δ’
332 5340 361 5391 ό
387 5339 515 5394 add.
543 5342 605 5393 Δ.
678 5340 723 5372 ⁸⁸
744 5342 860 5405 τοῖς
884 5343 922 5396 Α
953 5341 1105 5395 ιτότε
1143 5358 1201 5404 ς.
1280 5341 1323 5373 ⁸¹
1350 5340 1444 5393 τοῦ
1487 5339 1609 5393 add.
1643 5341 1706 5391 Α.
1782 5338 1825 5369 ⁸⁸
1849 5330 1930 5406 τε]
1977 5350 2035 5386 τε
2076 5332 2168 5385 καὶ
2195 5349 2253 5395 ς.
2318 5331 2380 5406 ,³³
2419 5330 2778 5406 μουστάκωνα
2807 5346 2867 5392 ς.
2928 5329 2988 5406 ’³⁸
3024 5326 3448 5406 ⁸Ἀνδριιινουπό--

192 5412 327 5473 λεως
358 5427 425 5474 ς.
498 5409 546 5442 ⁸⁸
570 5410 652 5463 διὸ
688 5413 779 5464 καὶ
808 5397 869 5465 τί)
895 5428 957 5476 ς’.
1036 5412 1083 5443 ³⁵
1106 5397 1375 5479 ελιφρέφα
1411 5428 1469 5475 ς.
1548 5410 1594 5440 ⁸⁷
1630 5407 1889 5476 στρατιᾶς
1912 5397 2027 5474 ’ωε
2061 5420 2073 5455 :
2109 5400 2394 5471 στρατείας
2422 5397 2495 5463 ’ς.
2572 5402 2618 5432 ⁸⁸
2650 5397 3106 5469 Μαρτυρούπολιν
3131 5397 3195 5451 Δ.

1680 5495 1914 5553 NOTAE.

261 5598 405 5669 (94')
436 5594 571 5669 Vide
606 5596 673 5651 cl.
720 5597 778 5651 ν.
809 5595 947 5652 Justi
974 5596 1136 5667 Lipsii
1178 5596 1389 5665 epistol.
1429 5596 1482 5649 in
1523 5595 1665 5649 uotis
1696 5592 1763 5646 ad

195 5664 440 5730 exempla
451 5682 494 5718 r.
527 5664 797 5721 Graecum.

270 5738 383 5805 (95)
418 5736 647 5804 Niceph.
672 5737 767 5792 lib.
808 5753 846 5802 t,
884 5751 1000 5808 cap.
1031 5736 1117 5800 ll,
1143 5734 1299 5791 aliam
1324 5736 1586 5791 tumultus
1608 5732 1765 5801 hujus

208 5821 421 5861 causam
444 5807 641 5861 reddit.

1949 5586 2059 5657 (96)
2102 5588 2175 5642 De
2219 5600 2380 5642 aurea
2428 5585 3064 5657 itnagineiaccipiendam
3090 5598 3284 5657 vocem
3327 5583 3451 5635 bat:

1874 5655 2056 5714 haram
2089 5657 2330 5727 ἐλφρέφα
2374 5671 2465 5710 seu
2495 5655 2758 5725 ἐλιφρίδα,
2790 5656 3006 5727 quidam
3050 5655 3137 5710 hic
3169 5663 3445 5708 notarunt.

1947 5727 2059 5796 (97)
2085 5724 2310 5796 Niceph.
2346 5727 2442 5780 lib.
2487 5724 2641 5791 xvut,
2677 5740 2793 5795 cap.
2833 5724 2915 5778 Η.
