4210 6442
805 359 899 420 147
1956 348 2218 411 ΡΗΟΤΙΙ
2258 346 2467 407 ΡΑΤΒἸ

1956 348 2218 411 ΡΗΟΤΙΙ
2258 344 2769 407 PATRIABCIIIE
2806 344 2915 405 CP.

3944 348 4048 414 148

806 471 995 528 il!ustri
1036 484 1099 523 eo
1139 467 1224 522 die
1267 479 1433 534 penes
1466 465 1741 521 Romanos
1775 463 1896 525 fuit,
1927 463 2144 517 Maruza
2169 463 2362 515 Pi-rsa-
2396 470 2438 521 Α

2396 470 2438 521 Α
2479 460 2767 526 Ῥωμαίοις
2802 460 2944 512 κατὰ
2990 459 3089 528 τὴν
3126 458 3627 530 Μαρτυρόπολιν·¹⁶
3670 459 3899 527 γίνεται,
3951 468 4049 517 καὶ

804 581 920 618 rum
948 565 1101 625 duce,
1140 576 1258 612 rum
1293 562 1465 613 trilms
1490 554 1709 611 suorum
1743 557 2000 614 millibus.
2032 558 2098 609 ad
2132 556 2373 608 interne-

800 657 1011 707 cionem
1076 667 1255 713 caeso,
1318 650 1493 720 captis
1550 664 1680 703 vero
1734 649 1899 702 mille.
1957 646 2367 704 Reconciliato,

801 746 1095 800 Aristobuli
1162 758 1322 811 opera
1355 782 1369 805 ,
1430 756 1551 794 cum
1606 742 1931 808 imperatore
1978 736 2242 801 exercitu,
2304 732 2370 785 ad

802 853 981 891 :tl'Ct‘lll
1014 836 1405 903 Ciligerdorum
1437 834 1609 885 virtus
1629 833 1963 901 captivorum
2000 828 2230 881 militum
2259 824 2374 879 eni-

804 927 901 978 tuit
935 942 948 975 :
983 935 1036 978 et
1066 924 1356 989 Gregorius
1406 922 1519 991 (98)
1569 919 1871 974 Antiochia:
1902 919 2208 987 episc0pus,
2253 928 2373 965 sus-

802 1026 954 1082 repta
1006 1016 1305 1085 legatione,
1364 1014 1719 1080 Philippicum
1794 1011 2026 1064 restituit
2084 1004 2371 1060 exercitui.

802 1106 1201 1175 Martyropolis,
1234 1104 1385 1158 Sittae
1436 1102 1716 1156 fraudibus
1762 1118 1788 1155 a
1824 1102 2005 1156 Persis
2047 1110 2201 1166 capta
2239 1098 2371 1170 (99).

802 1201 1136 1269 Philippirus
1180 1200 1353 1254 ollicio
1395 1200 1643 1268 dejic-itur
1666 1240 1682 1263 ,
1721 1198 2087 1264 sull'ectusque
2109 1198 2177 1250 ab
2206 1197 2375 1264 impe-

802 1307 985 1349 ratore
1040 1292 1301 1346 Mauricio
1352 1292 1404 1345 in
1464 1289 1579 1356 ejus
1621 1290 1796 1343 locum
1845 1288 2238 1352 Comentiolus,
2287 1286 2373 1339 cui

804 1385 1115 1439 mandatmn
1134 1382 1594 1447 commissumque
1626 1379 1821 1434 bellum
1840 1388 1921 1433 est
1954 1379 2247 1433 Persicum.
2271 1376 2377 1431 Ce-

803 1484 872 1527 tzn
894 1474 1006 1528 sive
1034 1451 1244 1535 Sclavi,
1263 1486 1324 1525 ea
1364 1478 1701 1538 tempestate,
1734 1471 1913 1523 vicina
1943 1469 2183 1522 Thrasiaa
2208 1484 2378 1537 popu-

805 1566 1056 1618 labantur
1094 1579 1107 1614 :
1144 1562 1308 1614 Ruina
1340 1562 1601 1613 adversus
1626 1560 1995 1629 Loiigibardos
2020 1574 2167 1612 arma
2188 1558 2379 1612 indue—

804 1656 937 1709 bat:
981 1655 1162 1707 Africa
1207 1668 1421 1721 quoque
1470 1651 1770 1705 Maurusios
1821 1651 2094 1715 superavit
2127 1650 2223 1719 (Ι).
2269 1649 2379 1703 Co-

804 1746 1066 1800 mentiolo
1119 1745 1276 1808 duce,
1324 1752 1618 1811 pugnatum
1670 1741 1823 1809 juxta
1879 1741 2228 1794 Sisarbanum
2273 1739 2374 1809 (2),

2472 548 2663 600 νικῶσι
2703 550 2963 615 Ῥωμαῖοι
2994 547 3281 618 λαμπρῶς,
3329 548 3422 600 ᾶτε
3461 548 3552 601 τοῦ
3584 549 3805 617 Περσῶν
3838 569 4047 623 στρατ-

2470 638 2607 706 ηγοῦ
2651 638 2915 706 Μαρούζα
2957 638 3052 690 καὶ
3088 637 3401 705 τρισχιλίων
3436 638 3729 699 πεσόντων,
3780 641 3967 707 χιλίων
3989 643 4049 694 δὲ

2474 728 2885 798 ζωγρηθέντων.
2923 729 3029 780 Καὶ
3059 728 3441 781 διαλλάσσεται
3492 728 3625 797 πρὸς
3650 732 3743 781 τὸν
3778 734 4051 802 αὐτοκρά-

2471 834 2605 885 τορα
2642 817 2711 869 δι’
2756 818 3163 887 Ἀριστοϐούλου
3187 818 3247 869 τὸ
3300 817 3662 886 στρατόπεδον
3685 837 3696 848 ·
3740 822 3949 887 γίνεταί
3987 842 4048 875 τε

2475 908 2615 959 κατά
2642 907 2703 958 τὸ
2726 908 2983 976 φρούριον
3014 908 3205 975 Γιληγε
3217 908 3352 977 ρδὼν
3378 908 3423 940 ⁵⁸
3450 909 3556 960 τῶν
3580 910 3874 978 δεσμωτῶν
3909 913 4047 965 Ῥω-

2476 1000 2652 1068 μαίων
2673 999 2940 1068 ἁριστεία.
2968 1001 3077 1053 Καὶ
3105 1001 3144 1051 Γ
3150 1002 3403 1068 ρηγόριος
3430 1001 3458 1052 ὁ
3497 1001 3824 1069 Ἀντιοχείας
3855 1005 4052 1072 ἀρχιε-

2478 1091 2609 1160 ρεὺς¹
2648 1091 2972 1143 Φιλιππικὸν
3020 1090 3109 1142 διὰ
3160 1090 3455 1159 πρεσϐείας
3508 1089 3909 1159 ἀποκαθίστησι
3971 1093 4051 1162 τῷ

2476 1181 2864 1252 στρατεύματι.
2908 1182 3214 1235 Ἀλίσκεται
3243 1182 3299 1233 δὲ
3345 1182 3450 1233 ὑπὸ
3484 1182 3709 1251 Περσῶν
3743 1185 3776 1253 ἠ
3822 1185 4051 1252 Μάρτυς

2478 1273 2696 1343 ρόπολις
2720 1273 2808 1325 διὰ
2831 1272 2994 1326 Σίττα
3019 1273 3175 1343 δόλῳ,
3203 1273 3297 1325 καὶ
3326 1273 3825 1342 ἀποχειροτονεὴαι
3858 1276 4055 1327 Φιλιπ-

2476 1364 2658 1429 πικδς,
2714 1364 2809 1417 καὶ
2864 1364 3221 1428 Κομεντίολος
3264 1364 3378 1414 ἀντ’
3422 1362 3588 1416 αὑτοῦ
3629 1364 3721 1416 τὸν
3786 1365 4057 1435 Περσικὸν

2478 1457 2583 1508 ὑπὸ
2629 1455 2723 1508 τοῦ
2773 1457 3175 1525 αὐτοκράτορος
3217 1455 3535 1508 πιστεύεται
3586 1456 3841 1524 πόλεμον.
3878 1460 3942 1510 Οἱ
3997 1459 4057 1511 δὲ

2477 1548 2637 1598 Γέται
2668 1547 2789 1615 ἦτοι
2810 1546 3044 1600 Σκλάϐοι
3073 1547 3143 1599 τὰ
3168 1548 3298 1615 περὶ
3318 1549 3416 1612 τὴν
3438 1548 3660 1617 Θρᾴκην
3675 1548 4053 1617 ἐλυμαίνοντο,

2479 1637 2511 1703 ἡ
2551 1634 2739 1703 Ῥώμη
2759 1635 2816 1687 δὲ
2840 1635 2975 1703 πρὸς
3004 1634 3132 1699 τοὺς
3154 1636 3557 1706 Λογγιϐάρδους
3587 1636 3633 1667 ⁸⁸
3661 1637 4055 1701 άνθωπλίζετο,

2478 1728 2572 1779 καὶ
2606 1727 2779 1795 Λιϐύη
2808 1727 2917 1779 τῶν
2951 1728 3314 1795 Μαυρουσίων
3359 1731 3717 1797 περιεγίνετο.
3760 1733 4060 1798 Κομεντιό-

804 1797 1230 1905 prope'Nisibin,
1264 1797 1292 1886 ξι
1325 1797 1505 1887 Persis
1545 1797 1706 1901 atque
1733 1832 2015 1885 Romanis.
2045 1797 2373 1899 Romani‘G’i)
2412 1797 2453 1851 Β

2412 1797 2453 1851 Β
2480 1818 2573 1870 λου
2603 1819 2659 1870 δὲ
2683 1817 3119 1888 στρατηγοῦντος
3158 1821 3561 1889 συμπλέκονται
3600 1824 3730 1893 περὶ
3765 1824 3826 1875 τὸ
3853 1825 4057 1894 Σισάρ-

806 1931 1025 1984 militari
1054 1931 1250 1983 virtute
1272 1929 1584 1999 superiores
1612 1942 1855 1992 evasere,
1885 1927 2128 1980 lleraclio
2161 1927 2371 1980 hastam

806 2021 1022 2077 fortiter
1079 2032 1190 2076 tum
1234 2022 1504 2075 vibrante.
1556 2019 1765 2073 Cecidit
1789 2033 1855 2073 eo
1891 2017 2075 2087 praelia
2118 2018 2377 2072 Phraates

808 2114 922 2182 ipse
952 2115 1290 2167 Persicarum
1324 2110 1602 2179 copiarum
1646 2109 1777 2173 dux,
1819 2107 2122 2175 castrisque
2151 2106 2377 2172 direptis

808 2205 987 2272 opima
1036 2203 1211 2273 spolia
1267 2202 1425 2256 lecta.
1478 2200 1670 2252 Baram
1720 2200 1824 2269 (4),
1880 2198 2073 2252 Turcis
2127 2199 2372 2261 devictis,

806 2310 1033 2365 magnas
1059 2311 1123 2349 ex
1147 2296 1227 2349 eis
1248 2309 1377 2363 opes
1409 2293 1709 2347 llormisda:
1754 2291 1864 2360 regi
1907 2290 2292 2358 suppeditavit,
2322 2297 2378 2343 et

808 2387 1027 2441 strictos
1052 2386 1230 2454 gladio
1262 2384 1479 2438 Suanim
1508 2383 1745 2436 minatus
1774 2392 1877 2436 est.
1914 2381 2139 2435 Romani
2169 2388 2374 2442 autem,

808 2478 1062 2531 ductante
1099 2475 1343 2529 Romano
1366 2475 1597 2543 quodam
1641 2473 1885 2537 nomine,
1908 2482 2163 2527 conserta
2213 2487 2377 2525 manu

810 2584 933 2623 cum
962 2569 1202 2621 exercitu
1231 2566 1469 2628 Barami,
1489 2565 1803 2633 collatisque
1832 2566 1973 2618 inter
1997 2580 2055 2618 se
2074 2564 2266 2632 signis,
2300 2564 2379 2616 vi-

810 2660 961 2714 ribus
1011 2658 1285 2720 fortiores,
1314 2658 1574 2710 illustrem
1622 2657 1855 2711 retulere
1889 2656 2195 2711 victoriam.
2241 2655 2380 2709 Hor-

810 2751 1014 2803 misdas
1043 2750 1111 2803 ob
1136 2748 1339 2803 cladem
1369 2757 1669 2814 acceptam,
1708 2762 1805 2815 per
1840 2746 2188 2816 opprobrium
2247 2762 2380 2800 con-

811 2841 1216 2908 tumeliamque,
1245 2840 1472 2891 Baramu
1498 2849 1701 2892 vestem
1740 2839 1887 2892 misit
1914 2839 2249 2893 muliebrem.
2282 2839 2380 2892 Hic

812 2928 1203 2981 contumeliam
1230 2926 1470 2978 vicissim
1514 2935 1568 2978 ct
1598 2924 1853 2991 iujuriam
1894 2925 2124 2989 ulturus,
2147 2927 2283 2978 datis
2310 2927 2377 2978 ad

808 3029 931 3069 eum
966 3014 1162 3068 litteris
1184 3014 1281 3082 (5),
1312 3014 1592 3080 inscripsit
1625 3030 1637 3066 :
1669 3012 1972 3068 Chrosroes
2005 3015 2124 3066 lilia:
2156 3014 2282 3082 (non
2316 3014 2379 3065 li-

810 3105 905 3173 lio)
943 3104 1263 3158 llormisdaa.
1302 3102 1414 3157 Hoc
1438 3103 1575 3156 bello
1604 3113 1657 3156 et
1686 3105 1957 3167 Armenii,
1988 3103 2231 3158 Sabbatii
2258 3120 2381 3173 per-

815 3196 1069 3250 suasione
1097 3195 1335 3257 adducti,
1373 3193 1638 3247 Joannem
1673 3193 1749 3262 (6)
1779 3195 1970 3248 ducem
2001 3210 2155 3247 su'im
2196 3206 2380 3249 sustu-

810 3284 1009 3351 lcruut,
1038 3296 1091 3339 et
1117 3286 1180 3337 ad
1216 3284 1410 3338 Persas
1441 3286 1671 3337 deticere
1703 3284 1983 3351 pal‘nbaltl.
2020 3283 2384 3339 Comcntiolus

811 3378 1028 3432 interim
1071 3378 1140 3429 ab
1176 3377 1505 3443 imperatore
1557 3374 1776 3436 missus,
1824 3385 1878 3427 et
1910 3376 2198 3428 militarem
2228 3377 2384 3430 sedat

811 3469 1121 3528 tumultum,
1140 3478 1195 3519 et
1215 3465 1532 3520 Sahbatium
1564 3467 2083 3537 Constantinopolim
2110 3470 2272 3529 ducit.
2291 3470 2380 3537 qui

811 3559 879 3612 ad
908 3557 1107 3613 bestias
1148 3558 1218 3612 ibi
1259 3559 1570 3621 damnatus,
1605 3559 1835 3614 Caesaris
1866 3571 2045 3613 tamen
2098 3560 2383 3613 clementia

813 3651 973 3705 morti
1006 3651 1253 3727 eripitur.
1288 3651 1606 3707 Hormisdas
1630 3651 1890 3707 Sarameu
1927 3653 2189 3706 adversus
2220 3652 2385 3705 Bara-

815 3760 960 3798 mum
984 3746 1178 3798 mittit:
1214 3759 1498 3814 pugnaque
1527 3747 1729 3799 victum
1766 3746 1905 3815 29b
1936 3747 2194 3800 Sarameu
2224 3745 2388 3798 Bara-

816 3850 936 3887 mus
965 3835 1267 3903 elephantis
1312 3835 1680 3888 devorandum
1711 3838 1929 3902 objecit,
1961 3845 2015 3889 et
2044 3836 2217 3904 palam
2250 3850 2384 3888 con-

817 3934 901 3977 tra
934 3924 1272 3979 Hormisdam
1304 3940 1454 3978 arma
1483 3927 1626 3980 tulit.
1653 3924 1749 3981 Hic
1772 3926 2035 3979 Baramus
2065 3942 2130 3979 eo
2167 3926 2386 3980 honoris

814 4028 940 4072 ante
995 4018 1349 4073 defectionem
1410 4017 1586 4072 fuerat
1634 4027 1874 4082 evectus,
1913 4028 1972 4070 ut
1998 4018 2046 4070 ci
2080 4032 2108 4069 a
2142 4032 2265 4084 rege
2296 4032 2385 4071 se-

813 4107 991 4162 cundo
1019 4124 1177 4164 nemo
1222 4109 1464 4162 omnium
1494 4111 1756 4177 dignitate
1780 4110 2174 4163 antecelluerit.
2211 4110 2386 4163 Curo-

813 4195 1007 4264 palata:
1046 4197 1186 4251 enim
1220 4197 1320 4263 (7),
1349 4205 1407 4250 ut
1460 4198 1719 4251 Romanis
1768 4199 1985 4262 dicitur,
2026 4213 2237 4251 summo
2272 4213 2386 4249 ma-

816 4287 1044 4354 gistratu
1088 4286 1304 4342 l'uuctus
1353 4296 1455 4341 est.
1485 4287 1859 4342 Recensentur
1884 4289 1987 4342 hoc
2007 4303 2226 4356 quoque
2248 4287 2389 4341 libro

2482 1909 2642 1962 ϐανον
2689 1910 2917 1979 πλησίον
2973 1911 3196 1973 Νισιϐος
3238 1913 3443 1982 Πέρσαι
3488 1915 3581 1966 καὶ
3626 1916 3905 1984 Ῥωμαῖοι,
3962 1919 4061 1969 καὶ

2481 2001 2676 2053 νικῶσι
2702 2001 2844 2054 κατὰ
2889 2003 3088 2072 κράτος
3129 2003 3410 2070 Ῥωμαῖοι,
3454 2004 3777 2075 Ἡρακλείου
3818 2025 4060 2078 περιφα-

2482 2092 2587 2153 νῶς
2615 2092 3091 2160 ὲνευδοκιμοῦντος
3113 2094 3191 2162 τῷ
3214 2094 3399 2162 δόρατι
3419 2111 3433 2125 ο
3468 2096 3656 2149 πίπτει
3688 2097 3795 2165 γάρ
3836 2100 3928 2149 καὶ
3961 2100 4061 2150 αὐ-

2479 2181 2571 2242 τὸς
2600 2182 2627 2232 ὀ
2653 2181 2760 2232 τῶν
2794 2181 3017 2249 Περσῶν
3041 2183 3345 2251 στρατηγὸς
3378 2185 3650 2253 Φραάτης,
3677 2188 3771 2238 καὶ
3796 2188 4059 2239 σκυλεύε-

2481 2290 2573 2325 ται
2609 2273 2669 2325 τὸ
2695 2271 2976 2343 πολέμιον.
3013 2275 3135 2328 Ἔτι
3164 2275 3221 2327 δὲ
3249 2274 3606 2345 διαλαμϐάνει
3638 2280 3784 2341 ὅπως
3808 2282 3835 2332 ὁ
3862 2280 4061 2349 Βαρὰμ

2483 2364 2761 2432 Τούρκους
2818 2366 3301 2435 καταπολεμήσας,
3337 2370 3430 2419 καὶ
3466 2369 3633 2422 πολὺν
3664 2370 3893 2422 πλοῦτον
3930 2372 4060 2439 Ὀρο

2487 2456 2649 2526 μίσδᾳ
2682 2457 2758 2525 τῷ
2800 2456 3011 2526 βασιλεῖ
3050 2458 3261 2510 ἐκεῖθεν
3295 2461 3630 2528 χορηγήσας,
3678 2457 3777 2530 ἦρε
3810 2462 3908 2530 τὴν
3946 2462 4056 2530 μά-

2485 2566 2684 2617 χαιραν
2716 2551 2810 2601 καὶ
2842 2550 2985 2601 κατά
3022 2551 3281 2614 Σουανίας
3305 2569 3318 2581 ·
3371 2554 3627 2621 Ῥωμαῖοι
3664 2554 3719 2605 δὲ
3768 2555 4058 2622 Ῥωμανοῦ

2487 2640 2919 2707 στρατηγοῦντος
2984 2643 3388 2710 συμπλέκονται
3444 2645 3639 2712 Βαρὰμ
3690 2645 3782 2697 καὶ
3834 2645 3913 2714 τῷ
3964 2647 4060 2698 ὑπ’

2484 2730 2633 2807 αὑτῷ
2662 2732 2703 2761 ⁶¹
2738 2731 2974 2799 στρατῷ,
3029 2732 3121 2784 καὶ
3169 2734 3309 2786 κατὰ
3337 2735 3536 2803 κράτος
3582 2735 3795 2789 νικῶσι.
3827 2737 3937 2788 Καὶ
3984 2737 4061 2797 ὠς

2484 2819 2574 2871 διὰ
2599 2820 2696 2887 τὴν
2733 2816 2903 2891 ἧτταν
2951 2820 3247 2890 Ὀρμίσδας
3272 2823 3348 2887 τῷ
3380 2823 3574 2891 Βαρὰμ
3600 2823 3942 2887 ἐπονειδίζων
3964 2843 4063 2892 γυ-

2487 2909 2733 2961 ναικείαν
2762 2909 3002 2961 ἔστειλεν
3025 2909 3227 2978 ἐσθῆτα
3252 2928 3266 2941 °
3292 2914 3319 2963 ὁ
3344 2912 3400 2964 δὲ
3434 2912 3747 2981 ἀνθύϐριζε,
3779 2914 4061 2983 θυγατέρα

2486 3000 2890 3070 Χοσρὸου,ἀλλ“
2937 3004 3036 3069 οὐχ
3088 3004 3203 3054 υἱὸν
3242 3003 3529 3071 Ὀρμίσδαν
3577 3007 3688 3066 τοῖς
3735 3005 4063 3074 γράμμασιν

2488 3095 2947 3163 ἐπιγραφόμενος.
2988 3094 3075 3145 Ἐν
3096 3087 3140 3160 ᾧ
3164 3096 3257 3145 καὶ
3292 3094 3563 3162 Ἀρμένιοι
3592 3094 3893 3164 ὑποθήκαις
3922 3097 4063 3147 Σαϐ-

2486 3185 2671 3236 ϐατίου
2719 3185 2808 3236 τὸν
2849 3185 2891 3215 ⁶¹
2932 3184 3033 3253 μὲν
3071 3185 3220 3251 σφῶν
3262 3187 3563 3252 στρατηγὸν
3608 3186 3859 3256 Ἰωάννην
3906 3189 4063 3239 άναι-

2489 3276 2661 3344 ροῦσι,
2696 3274 2912 3345 [4511.]
2965 3279 3303 3346 προσχωρεῖν
3344 3276 3399 3327 δὲ
3448 3278 3684 3344 Πέρσαις
3726 3280 4059 3347 ἐγχειροῦσι.

2485 3367 2845 3436 Κομεντίολος
2898 3367 2957 3418 δὲ
3011 3367 3221 3430 σταλεὶς
3279 3368 3381 3419 ὑπὸ
3432 3367 3526 3418 τοῦ
3581 3368 3841 3434 βασιλέως
3880 3370 3979 3438 τήν
4002 3386 4061 3421 τε

2486 3462 2675 3513 στάσιν
2724 3459 3051 3523 κατευνάζει
3100 3461 3191 3512 καὶ
3248 3460 3546 3512 Σαϐϐάτιον
3587 3462 3631 3491 ⁸³
3664 3462 3722 3522 ἐς
3772 3460 4063 3523 Βυζάντιον

2484 3549 2605 3615 ἄγει
2630 3565 2641 3576 '
2669 3551 2697 3600 ὁ
2717 3549 2772 3600 δὲ
2799 3549 3008 3617 θηρίοις
3038 3549 3169 3618 βορὰ
3186 3549 3437 3615 γενέσθαι
3469 3548 3908 3612 καταδικάζεται,
3940 3550 4064 3615 φιλ-

2485 3640 2769 3710 ανθρωπίᾳ
2798 3640 2853 3692 δὲ
2884 3640 3132 3711 βασιλικῇ
3165 3640 3256 3692 τοῦ
3310 3641 3538 3692 θανάτου
3580 3640 3893 3694 ἀπολύεται.
3936 3642 4064 3711 Ὀρ-

2489 3732 2699 3799 μίσδαςν
2722 3733 2776 3784 δὲ
2808 3732 3068 3802 Σαράμην
3100 3732 3241 3784 κατά
3265 3733 3458 3802 Βαρὰμ
3488 3733 3838 3785 ἀποστέλλει·
3865 3734 4064 3801 Βαρὰμ

2485 3821 2541 3873 δὲ
2584 3822 2733 3892 μάχῃ
2776 3822 3004 3889 νικήσας
3035 3822 3294 3891 Σαράμην
3332 3822 3637 3889 ἐλεφάντων
3674 3822 3840 3891 βοράν
3877 3826 4065 3891 ἐποιή-

2489 3930 2617 3965 σατο
2657 3915 2749 3965 καὶ
2792 3913 3093 3980 ἀναφανδὸν
3139 3914 3277 3964 κατὰ
3321 3914 3580 3981 Ὀρμὶσδα
3628 3916 4061 3983 παρατάσσεται.

2504 4004 2561 4056 '0
2608 4005 2665 4056 δὲ
2716 4004 2912 4073 Βαράμ
2945 4004 3039 4055 ἐπὶ
3087 4003 3309 4055 τοσοῦτο
3330 4005 3373 4034 ⁵⁸
3400 4005 3557 4073 δόξης
3610 4001 3677 4073 ἦν
3726 4005 4065 4075 κεχωρηκὼς

2489 4096 2619 4165 πρὶν
2659 4096 2704 4127 ⁸⁵
2735 4095 2767 4164 ἣ
2798 4096 3091 4165 μελετῆσαι
3116 4097 3182 4147 τὰ
3220 4096 3319 4165 τῆς
3358 4098 3693 4159 ἀποστάσιας
3722 4099 3796 4159 ὡς
3824 4100 3963 4165 μετά
3999 4116 4061 4165 γε

2491 4186 2718 4255 βασιλέα
2743 4187 2943 4255 μηδένα
2969 4186 3076 4237 τῶν
3105 4188 3323 4239 πάντων
3356 4188 3574 4254 μείζονα
3604 4189 3761 4253 δόξαν
3790 4189 3936 4258 ἔχειν
3962 4192 4063 4243 αύ-

2487 4278 2582 4331 τοῦ
2603 4296 2616 4309 ·
2649 4279 2677 4330 ὃ
2708 4282 2816 4347 γὰρ
2847 4278 3263 4348 κουροπαλάτην
3289 4280 3335 4309 ⁸⁸
3377 4280 3634 4348 Ῥωμαῖοι
3662 4281 3908 4343 καλοῦσι,
3932 4284 4062 4335 ταύ-

817 4376 1013 4443 obiter,
1055 4392 1175 4445 quae
1222 4377 1551 4446 temporibus
1609 4377 1765 4447 longe
1807 4379 2202 4446 antiquioribus
2233 4388 2382 4444 gesta

2487 4390 2587 4441 της
2611 4372 2857 4439 ἀπήλαυε
2899 4371 2997 4439 τῆς
3026 4371 3211 4440 τιμῆς.
3264 4371 3679 4439 Ἐμπεριέχεται
3719 4372 3773 4422 δὲ
3813 4372 3891 4439 τῷ
3922 4372 4064 4441 λόγῳ

816 4468 1039 4521 fuerunt
1078 4486 1091 4521 :
1158 4470 1501 4537 breviterque
1561 4481 1850 4523 narrantur
1892 4485 1977 4534 ea,
2008 4485 2126 4537 qua:
2150 4474 2250 4523 sub
2300 4469 2387 4523 Ju-
2418 4477 2460 4530 ι)

2418 4477 2460 4530 ι)
2490 4466 2583 4517 καὶ
2619 4464 2899 4532 άναδρομὴ
2944 4463 3052 4514 τῶν
3101 4463 3558 4531 συγκυρησάντων
3590 4463 3717 4532 περὶ
3756 4465 3883 4525 τοὺς
3929 4482 4063 4533 πρε-

815 4560 959 4613 stino
983 4570 1036 4615 et
1062 4560 1280 4614 Tiberio
1307 4563 1554 4629 angustis
1574 4569 1894 4615 evenerunt.
1929 4559 2227 4613 Hormisdae
2251 4576 2384 4628 quo-

2490 4552 2783 4621 σϐυτέρους
2818 4553 3059 4621 χρῦνους,
3096 4553 3189 4602 καὶ
3216 4553 3477 4620 σύντομος
3524 4554 3802 4620 ἀφήγησις
3829 4553 3935 4603 τῶν
3969 4571 4060 4605 κε-

815 4664 918 4715 que
946 4650 1233 4705 Persarum
1271 4651 1413 4719 regis
1450 4650 1745 4704 crudelitas
1803 4652 2115 4719 exponitur,
2166 4660 2219 4702 et
2258 4650 2385 4703 Per-

2489 4645 2795 4713 x-.v-qy.évwv
2817 4643 2906 4693 ἐπὶ
2928 4644 3025 4712 τῆς
3057 4642 3331 4711 βασιλείας
3369 4644 3774 4706 Ἰουστίνουίκαὶ
3806 4644 4057 4712 Τιϐερίου

816 4757 998 4795 sarum
1029 4757 1212 4811 regum
1250 4742 1419 4795 series
1462 4756 1490 4794 a
1526 4744 1701 4810 capite
1724 4744 2040 4797 arcessitur.
2070 4742 2245 4810 Atque
2272 4743 2386 4796 haec

2490 4738 2596 4788 τῶν
2627 4736 3062 4804 αὐτοκρατόρων,
3098 4737 3190 4787 κα).
3248 4735 3374 4803 περὶ
3416 4734 3515 4802 τῆς
3555 4735 3833 4803 ὠμότητος
3868 4736 4060 4804 Ὀρμί-

818 4833 1030 4902 quidem
1062 4834 1201 4889 libro
1219 4832 1395 4887 tertio.

2494 4829 2618 4880 σδου
2654 4826 2746 4877 τοῦ
2790 4826 3013 4895 Περσῶν
3066 4824 3357 4893 βασιλέως,
3398 4826 3615 4892 καὶτῆς
3661 4827 3933 4895 Περσικῆς
3968 4845 4060 4895 γε-

2493 4917 2751 4983 νεαρχίας
2780 4916 3077 4983 ἀφήγησις.
3104 4912 3288 4965 Ταῦτα
3315 4912 3414 4981 μὲν
3441 4912 3533 4965 καὶ
3566 4913 3593 4963 ὁ
3622 4918 3688 4978 γ’.

2107 5007 2346 5061 νΑΒΙιιΕ
2387 5006 2791 5061 LECTlONl-‘IS.

891 5078 938 5110 ”
962 5079 1280 5148 γιλιγέρδων
1312 5096 1371 5142 ς.
1453 5080 1496 5109 ⁶⁰
1529 5078 1925 5148 λαγγιϐἀρδους
1981 5077 2179 5132 habere
2244 5079 2455 5148 videtur
2478 5079 2543 5130 A.

2401 5095 2455 5131 ur
2478 5079 2543 5130 A.
2622 5078 2663 5107 "
2696 5078 2787 5148 ὑπ]
2827 5075 2988 5148 αὐτὸν
3035 5094 3099 5148 ς·ἴ
3174 5071 3357 5148 ⁶¹Δτὸν]
3389 5073 3484 5148 καὶ
3516 5072 3608 5124 τὸν
3635 5092 3695 5137 ς.
3771 5074 3816 5148 σξ
3853 5074 4063 5148 Σαϐϐά-

819 5166 931 5201 τιον
962 5142 1050 5217 ιίιε
1088 5142 1100 5202 Ξ
1144 5142 1266 5202 ltbri
1322 5142 1656 5216 συμϐάτιον.’
1716 5142 2020 5219 “coco-31¢)»
2044 5148 2109 5215 A,
2135 5147 2603 5271 τοσοῦτοᾶυςὲΑΞ⁸⁵
2635 5146 2787 5218 πρὶν]
2818 5147 2877 5198 τὸ
2921 5148 3050 5217 πρὶν
3076 5146 3141 5199 A.
3217 5144 3261 5174 “
3296 5142 3363 5212 ἣν
3402 5142 3507 5210 γὰρ
3558 5144 3967 5214 κουροπαλάτου
4002 5163 4059 5208 ς.

889 5313 1001 5383 (98)
1032 5312 1217 5367 Oratio
1246 5313 1490 5383 Crcgorii
1532 5322 1615 5364 est
1658 5312 1797 5381 apud
1846 5311 2067 5381 Niceph.
2099 5302 2192 5366 lib.
2228 5326 2382 5376 xvul,
2563 5313 2639 5383 (7'5)
2666 5311 2888 5383 Niceph.
2923 5310 3017 5365 lib.
3058 5323 3357 5383 suntcap.
3389 5306 3487 5383 _18.

817 5376 938 5450 cap.
970 5376 1033 5436 l5
1056 5395 1110 5435 et
1148 5383 1233 5435 16.
1359 5376 1384 5383 ⁷
1692 5376 1705 5381 ’
1978 5376 1991 5381 ’
2357 5448 2366 5450 4
2566 5376 2641 5449 (ι’)
2680 5376 2938 5433 Varamus
2974 5383 3060 5433 hic
3103 5389 3185 5432 cst
3216 5378 3441 5444 Niccpli.
3475 5376 3568 5430 lib.
3612 5390 3769 5439 xvm,
3812 5389 3932 5443 cap.
3976 5378 4061 5433 l9.

890 5448 1001 5521 (99)
1056 5454 1127 5505 De
1156 5453 1291 5504 Sitta
1330 5467 1454 5521 vero
1488 5451 1769 5519 transfuga
1802 5467 1923 5519 cap.
1974 5452 2058 5515 l7,
2084 5462 2137 5503 et
2164 5451 2249 5521 hic
2285 5448 2385 5501 iul‘.
2566 5453 2644 5517 (5)
2675 5452 2895 5519 Niceph.
2922 5450 3051 5502 ibid.

888 5516 965 5592 (l)
986 5516 1092 5587 Qui
1126 5538 1154 5573 a
1186 5522 1387 5592 Graecis
1413 5520 1666 5573 Maurusii
1689 5516 2048 5592 appellantur,-
2072 5536 2167 5574 eos
2197 5520 2391 5572 llonna-
2572 5516 2646 5592 (ti)
2675 5516 2835 5592 Cujus
2861 5529 2915 5573 et
2947 5534 3066 5586 sup.
3098 5518 3301 5592 mentio
3336 5516 3492 5592 lib._t.

824 5583 960 5643 ni'et'
992 5583 1254 5659 indigena:
1275 5590 1487 5643 Maurus
1521 5583 1736 5643 vocant.
1761 5583 1959 5643 Strabo
1983 5583 2075 5643 lib.
2114 5603 2245 5659 xyn.
2500 5657 2537 5659 _
2572 5583 2650 5658 (7)
2691 5583 2791 5659 Qui
2830 5583 3289 5659 antea,'p_ra:torio
3314 5587 3623 5659 pra;l'_ectus.
3655 5583 3843 5659 Latine
3864 5584 4065 5659 dictus.

826 5661 969 5783 ll1(2)
1005 5653 1351 5783 Sislaurorum
1423 5660 1609 5713 urbem
1656 5675 1774 5729 sup.
1808 5661 2085 5715 nominare
2155 5657 2384 5725 l’rocop.
2497 5653 2588 5710 Tu'
2623 5653 2737 5726 lege
2767 5657 2885 5711 Pet.
2930 5655 3090 5711 Fabri
3140 5654 3377 5709 Setnost.
3406 5656 3498 5709 lib.
3537 5670 3575 5722 ι,
3606 5670 3725 5722 cap.
3760 5653 3814 5717 l,
3861 5663 3919 5706 et.
3961 5657 4073 5709 duo

850 5748 859 5781 l
905 5768 916 5782 .
957 5746 990 5783 ιι
1027 5747 1072 5783 vt
1115 5740 1253 5783 etur.
2494 5744 2642 5783 scim.

850 5733 916 5783 ib.
957 5746 990 5785 ιι
1027 5733 1253 5785 videtur.
2494 5744 2642 5795 δεσμί-
