4210 6442
166 376 267 443 149

1281 394 1822 463 BIBLIOTHECA.
1853 428 1921 440 —
1943 401 2108 465 COD.
2131 402 2305 469 LXV.

3328 409 3433 473 150

241 488 329 587 Ἓξ-
357 489 419 543 δὲ
462 490 721 565 τέταρτος
748 493 1131 567 διαλαμϐάνει,
1162 501 1310 568 ὅπως
1339 521 1398 557 τε
1448 506 1686 578 Πέρσαις
1726 510 1755 562 ὀ
1782 517 1831 573 Α

1782 517 1831 573 Α
1928 510 2164 578 Quartus
2196 511 2335 568 liber
2355 512 2459 567 ista
2500 511 2898 583 complectitur.
2929 512 3016 571 Uti
3044 516 3183 587 apud
3225 516 3421 577 Persas

161 582 437 651 ἐμφύλιος
502 584 831 655 ἐκρατύνετο
891 588 1157 659 πόλεμος,
1219 596 1314 648 καὶ
1369 596 1469 650 ὅσα
1525 600 1756 654 συνεκύ-

166 690 299 743 ρησε
322 676 374 706 ⁸⁷
403 675 550 728 κατά
588 676 686 745 τὴν
728 680 1016 747 τυραννίδα
1055 680 1247 754 Βαράμ
1290 687 1529 757 τρόπαιά
1572 706 1633 742 τε
1661 694 1756 745 καὶ

161 766 566 836 εὐτυχήματαο
594 770 687 821 καὶ
714 771 746 840 ή
776 771 870 824 τοῦ
912 774 1249 845 Φερεχάνους
1292 778 1570 850 ἀναίρεσις
1604 783 1754 854 καὶή

160 857 462 929 Ζαδέσπρα
480 862 869 933 πῳσχώρησις
891 864 1128 929 ⁸θοόειιιως
1152 885 1211 919 τε
1242 868 1347 920 ὑπὸ
1371 870 1587 924 Βινδόου
1620 874 1755 927 καθ-

161 952 412 1015 αιρεῖται
450 952 553 1019 τῆς
602 950 874 1019 βασιλείας
927 953 1221 1026 Ὀρμίσδας
1246 975 1260 989 ·
1308 960 1454 1023 ὅπως
1484 979 1540 1014 τε
1584 963 1752 1032 ᾔτησε

162 1042 392 1113 δέσμιος
429 1045 508 1098 ὣν
531 1048 933 1119 δημηγορῆσαι,
964 1053 1057 1103 καὶ
1097 1053 1172 1116 ὡς
1215 1055 1521 1129 δημηγορεῖ
1545 1076 1559 1089 ·
1602 1060 1753 1124 ὅπως

161 1152 219 1188 τε
260 1137 500 1207 Βινδόης
548 1139 871 1210 δημηγορεῖ,
918 1142 1013 1196 καὶ
1061 1146 1471 1212 κατασφάζεται
1521 1149 1753 1202 ἐνώπιον

176 1226 457 1297 Ὀρμίσδα
486 1230 514 1281 ὁ
542 1228 631 1300 [89
664 1230 754 1303 IL]
784 1236 911 1297 παῖς
952 1237 1045 1288 καὶ
1074 1237 1424 1305 τεμαχίςεται
1451 1241 1482 1309 ή
1515 1238 1748 1309 βασιλὶς,

163 1318 257 1369 καὶ
288 1317 601 1386 τυφλοῦται
628 1321 722 1373 καὶ
754 1321 914 1385 αὐτὸς
953 1324 1244 1393 Ὀρμίσδας
1264 1341 1278 1355 ο
1318 1326 1466 1390 ὅπως
1491 1345 1551 1380 τε
1590 1326 1748 1388 ὓστε-

165 1422 257 1477 ρον
286 1407 398 1461 ὑπὸ
446 1408 544 1462 τοῦ
588 1411 775 1490 παιδὸς
817 1414 1076 1485 Χοσρόου,
1111 1414 1170 1467 δν
1208 1417 1504 1488 ἐστήσαντο
1544 1419 1749 1492 Πέρσαι

165 1497 420 1567 βασιλέα,
478 1502 736 1570 ῥοπάλοις
778 1506 1107 1574 ἀναιρεῖται.
1150 1506 1509 1579 Ἐπικράτειά
1552 1529 1608 1564 τε
1649 1514 1748 1583 τῆς

164 1592 488 1659 τυραννίδος
526 1593 741 1664 Βαράμ,
788 1596 883 1647 καὶ
923 1597 1068 1667 φυγὴ
1110 1598 1354 1669 Χοσρόου
1396 1600 1489 1653 τοῦ
1524 1603 1747 1671 Περσῶν

166 1683 465 1752 βασιλέως,
495 1686 645 1750 ὅπως
676 1705 734 1739 τε
762 1689 858 1741 ἐπὶ
882 1691 940 1741 τὸ
969 1691 1302 1761 Κιρκήνσιον
1323 1696 1350 1746 ὁ
1384 1694 1609 1763 Περσῶν
1648 1696 1747 1767 βα-

166 1774 346 1838 σιλεὺς
384 1778 773 1847 παραγίνεται,
809 1783 1205 1851 προσχωρήσας
1226 1784 1521 1854 Μαυρικίῳ
1546 1784 1622 1857 τῷ
1650 1786 1747 1840 αὖ·

162 1868 487 1938 τοκράτορι,
514 1870 660 1933 ὅπως
683 1888 741 1923 τε
771 1871 1227 1942 διαπρεσϐεύεται
1247 1876 1381 1944 πρὸς
1401 1877 1584 1931 αὐτόν.
1615 1880 1751 1950 Περὶ

160 1952 358 2029 Rapite
375 1960 438 2011 δὲ
464 1960 649 2023 πάλιν,
681 1963 829 2026 ὅπως
848 1963 1242 2033 τεχναζόμενος
1272 1968 1365 2020 ὑπ’
1383 1969 1562 2021 αὐτῶν
1586 1970 1751 2042 ἀναῤ-

160 2047 398 2119 ρηθῆναι
427 2047 684 2118 βασιλεὺς
714 2051 810 2104 καὶ
848 2052 923 2122 μὴ
972 2053 1150 2122 τυχὼν
1185 2055 1378 2108 ἑαυτὸν
1413 2057 1748 2129 ἀνηγόρευσε

160 2141 413 2210 βασιλέα.
444 2142 637 2201 Ὅπως
682 2142 711 2192 ὀ
756 2141 1011 2211 βασιλεὺς
1043 2145 1292 2217 Χοσρόην
1328 2148 1420 2200 ἐπὶ
1460 2150 1560 2218 τὴν
1597 2151 1751 2221 ίεράν

160 2233 315 2287 πόλιν
348 2233 605 2303 μετάγει,
633 2233 906 2302 βασίλειον
948 2237 1096 2302 αὐτῷ
1127 2238 1424 2307 θεραπείαν
1468 2243 1743 2313 συστησά-

158 2340 342 2393 μενος.
380 2325 497 2377 Καὶ
546 2325 676 2394 περὶ
732 2325 843 2377 τῶν
899 2328 1360 2399 συγκυρησάντων
1406 2332 1602 2404 Βαράμ
1654 2336 1749 2387 καὶ

154 2416 375 2486 Χοσρόῃ
408 2415 521 2485 πρὸ
555 2415 654 2486 τῆς
701 2416 1010 2488 Ῥωμαῖκῆς
1042 2421 1375 2491 συμμαχίας,
1404 2424 1497 2476 καὶ
1526 2425 1602 2489 ὡς
1629 2426 1748 2479 δια-

155 2507 651 2577 πρεσϐευσάμενος
677 2507 873 2579 Βαράμ
897 2511 1032 2580 πρὸς
1060 2511 1152 2564 τὸν
1176 2514 1557 2586 αὐτοκράτορα
1587 2519 1747 2571 Μαυ-

158 2599 335 2668 ρίκιον
352 2600 539 2651 ἀποπέ
549 2616 769 2669 μπεται,
783 2602 1235 2671 διαπρεσϐεύεται
1249 2606 1304 2658 δὲ
1323 2608 1483 2660 πάλιν
1500 2610 1747 2683 Χοσρὸης

155 2691 246 2742 καὶ
268 2690 563 2759 τυγχάνει.
590 2692 782 2756 Ὅπως
803 2696 829 2745 ὁ
852 2693 1107 2762 βασιλεὺς
1131 2696 1224 2748 τὸν
1244 2699 1343 2767 τῆς
1371 2700 1680 2773 Μελιτηνῆς
1701 2706 1746 2737 ⁶⁹

156 2786 308 2854 ίερέα
364 2786 487 2855 ἀμα
534 2786 582 2819 ⁷⁸
632 2787 917 2859 Γρηγορίῳ
972 2790 1048 2858 τῷ
1110 2791 1441 2862 Ἀντιοχείας
1494 2798 1748 2869 ἀρχιερεῖ

153 2876 290 2945 πρὸς
326 2877 582 2947 Χοσρόην
630 2878 925 2948 ἐξέπεμψε.
960 2882 1097 2952 Περὶ
1143 2882 1244 2953 τῆς
1286 2884 1600 2953 δολοφονίας
1637 2890 1742 2944 Βα-

154 2972 291 3040 ράμ,
315 2972 389 3042 ἢν
414 2974 706 3044 Ζαμέρδης
728 2976 819 3027 καὶ
848 2977 1168 3049 Ζοανάμϐης
1185 2981 1229 3012 ⁷⁸
1254 2986 1741 3053 συνεσκευάσαντο,

154 3068 248 3116 καὶ
279 3067 416 3134 περὶ
460 3066 557 3119 τοῦ
588 3068 750 3134 φόνου
782 3068 885 3121 τῶν
913 3070 994 3133 είς
1033 3071 1194 3126 τοῦτο
1241 3077 1739 3148 συμπραξαμένων.

1857 603 2057 658 bellum
2108 605 2397 660 invaluerit
2449 604 2785 669 intestinum.
2836 622 3061 677 quasque
3102 612 3158 665 in
3203 611 3418 670 Barami

1858 696 2141 765 tyrannide
2169 696 2469 752 acciderint
2500 696 2760 763 victorias,
2786 712 2849 753 ac
2874 715 2963 756 res
2988 704 3259 758 secundm.
3313 708 3429 760 Cae-

1853 790 1977 846 dem
2036 790 2165 844 item
2214 789 2590 856 Plterecltani,
2650 806 3069 861 successumque
3118 794 3427 863 Zadesprar.

1854 881 2138 948 Quomodo
2196 899 2225 937 a
2276 883 2481 937 Bindoe
2508 882 2585 955 (8)
2616 900 2782 953 regno
2809 895 3001 940 exutus
3028 884 3364 953 Hormisdas,
3394 906 3427 945 e

1857 973 2090 1029 vinculis
2130 989 2350 1029 causam
2379 974 2558 1029 dicere
2583 976 2884 1044 postularit,
2925 990 3196 1047 causaque
3246 979 3417 1043 dicta,

1855 1067 2209 1120 concinnatus
2239 1066 2310 1121 sit
2338 1076 2393 1121 et
2418 1067 2670 1122 Bindoes.
2717 1066 2774 1121 ln
2807 1068 3110 1124 Hormisdae
3151 1070 3428 1138 oculisju-

1855 1156 2068 1224 gnlatus
2098 1156 2263 1221 lilius,
2286 1154 2469 1227 regina
2495 1157 2571 1227 (9)
2604 1172 2821 1227 quoque
2847 1160 2898 1213 in
2927 1174 3110 1229 partes
3138 1162 3369 1216 disserta
3407 1180 3421 1217 :

1854 1248 1971 1315 ipse
2008 1258 2312 1302 elcmcaltts
2354 1247 2669 1304 llormisdas
2702 1266 2715 1303 :
2754 1260 2873 1318 post
2920 1251 3084 1304 etiam
3127 1265 3156 1304 a
3186 1251 3427 1306 Chosrue

1857 1338 1970 1394 lilio
2024 1354 2143 1406 suo,
2175 1355 2334 1410 quem
2395 1341 2573 1397 Persae
2617 1356 2798 1410 regem
2849 1343 2949 1399 sibi
3004 1344 3423 1409 constituerant,

1855 1433 2088 1489 fustibus
2134 1444 2354 1491 necatus
2391 1445 2496 1491 est.
2544 1435 2869 1507 Tyrannidis
2909 1436 3121 1492 Barami
3165 1440 3425 1509 potentia,

1851 1536 1906 1580 et
1955 1526 2195 1581 Cbosroc
2231 1526 2519 1581 Persarum
2552 1528 2695 1599 regis
2743 1527 2884 1598 fuga,
2920 1539 3085 1598 utque
3133 1532 3200 1585 ad
3236 1532 3423 1585 Circe-

1846 1620 1985 1676 sium
2014 1620 2243 1682 delatus,
2277 1620 2344 1674 ad
2386 1619 2697 1674 llauricium
2731 1620 3109 1688 imperatorem
3165 1626 3417 1679 tendens.

1849 1712 2170 1781 legationem
2229 1712 2295 1766 ad
2354 1726 2475 1767 eum
2530 1712 2757 1767 miserit.
2799 1712 3031 1767 Rursum
3066 1715 3134 1768 de
3170 1715 3420 1782 Baramo,

1852 1805 1930 1860 uti
1954 1803 2081 1859 dum
2121 1812 2237 1858 astu
2288 1814 2491 1875 ageret,
2526 1814 2583 1858 ut
2619 1820 2711 1858 rex
2744 1805 2811 1857 ab
2844 1804 2947 1859 illis
2973 1816 3279 1869 crearetur,
3324 1821 3423 1861 nec

1853 1892 1961 1947 voti
2012 1893 2165 1947 ﬂeret
2216 1908 2457 1963 compos,
2515 1907 2693 1961 regem
2748 1908 2806 1947 se
2862 1895 2975 1960 ipse
3032 1896 3417 1963 pronuntiarit.

1852 1984 2131 2051 Quomodo
2177 1982 2361 2039 Caesar
2404 1982 2728 2052 Hierapolim
2778 1983 3063 2037 deduxerit
3118 1982 3417 2048 Chosrocn,

1850 2074 2032 2129 addita
2073 2077 2235 2127 etiam
2282 2072 2481 2127 familia
2536 2088 2660 2143 rege
2694 2075 2848 2143 digna
2885 2074 3019 2145 (10,.
3072 2075 3269 2142 Deiis,
3300 2092 3421 2144 qua:

1851 2174 2000 2233 gesta
2029 2160 2308 2217 Chosroen
2362 2165 2502 2217 inter
2546 2175 2602 2217 et
2628 2163 2936 2227 Baramuni,
2974 2172 3261 2233 antequam
3297 2180 3419 2219 cum

1850 2254 2110 2309 Romanis
2162 2252 2335 2308 foedus
2366 2252 2520 2308 ﬁeret
2553 2270 2566 2307 :
2614 2265 2779 2322 utque
2814 2254 2879 2307 ad
2934 2253 3251 2308 Mauricium
3286 2255 3417 2324 imp.

1850 2345 2117 2417 legatione
2150 2347 2335 2411 missa,
2377 2344 2637 2402 Baramus
2687 2348 2957 2415 repulsam
3004 2348 3209 2414 tulerit,
3278 2347 3422 2401 Clio-

1849 2452 2002 2494 sroes
2028 2448 2217 2494 contra
2240 2437 2562 2508 impetrarit.
2580 2437 2654 2492 De
2680 2437 2943 2508 legatione
2976 2438 3263 2493 Domitiani
3280 2440 3324 2509 (Ι
3346 2441 3415 2509 l),

1847 2530 2115 2586 Meletinm
2146 2530 2404 2601 episcopi,
2439 2539 2493 2584 et
2514 2529 2759 2599 Gregorii
2793 2531 3038 2598 prmsulis
3081 2530 3410 2595 Antiochiae,

1848 2621 1918 2675 ab
1958 2622 2286 2691 imperatore
2345 2622 2411 2675 ad
2461 2620 2739 2675 Chosroen
2778 2620 2967 2676 missa.
3020 2622 3093 2676 De
3151 2636 3284 2676 nece
3315 2622 3419 2675 Ba-

1847 2727 2000 2767 ramo
2024 2727 2122 2782 per
2152 2712 2391 2767 fraudem
2417 2727 2447 2766 a
2477 2710 2741 2767 Zamerda
2796 2711 3173 2767 etZoanamba
3206 2723 3414 2783 parata,

1844 2818 2137 2873 eorumque
2165 2804 2433 2872 caede,qul
2460 2804 2534 2857 rei
2570 2805 2777 2858 conscii
2806 2802 3053 2859 fuissent.
3079 2805 3154 2859 De
3184 2804 3413 2869 Bindoe,

1846 2894 2063 2949 homine
2108 2894 2295 2961 Persa,
2336 2907 2502 2964 utque
2540 2909 2570 2948 e
2605 2894 2827 2951 Perside
2858 2895 3077 2965 fugerit,
3119 2900 3262 2967 quod
3290 2915 3416 2968 per-

1844 3001 2124 3041 cussorum
2169 2986 2381 3040 Barami
2424 2987 2640 3052 ,socius
2679 2996 2843 3054 esset;
2882 2988 2947 3042 de
2992 2988 3338 3060 Marterpoli
3385 3007 3417 3046 a

1842 3080 2085 3137 Cltosroe
2141 3080 2396 3135 Romanis
2434 3080 2638 3135 reddita
2670 3079 2847 3150 30a,
2896 3081 3070 3150 deque
3116 3081 3255 3136 Sitta
3302 3084 3415 3153 (12)

156 3155 295 3225 Περὶ
332 3156 558 3209 Βινδόου
584 3157 675 3210 τοῦ
702 3159 937 3229 Πέρσου,
964 3161 1057 3213 καὶ
1083 3163 1231 3227 ὅπως
1259 3164 1581 3234 δραπετεύει
1604 3169 1743 3241 Περ-
1767 3183 1813 3245 C

1767 3183 1813 3245 ρ
1847 3171 2079 3228 ﬂammis
2132 3183 2345 3227 exusto.
2396 3169 2585 3226 Oratio
2635 3173 2761 3225 item
2812 3170 3068 3225 solemnis
3110 3173 3321 3239 publice
3348 3174 3416 3229 de

155 3248 297 3312 σίδα,
324 3248 428 3318 τῆς
458 3249 602 3302 κατά
637 3250 832 3322 Βαράμ
872 3253 1163 3325 ἐπιϐουλῆς
1199 3258 1453 3320 κοινωνὸς
1477 3260 1736 3327 γεγονώς.

154 3338 354 3403 Ὅπως
400 3341 436 3411 ή
500 3342 917 3413 Μαμυρόπολις
965 3347 1069 3399 ὑπὸ
1124 3348 1365 3418 Χοσρὸου
1424 3350 1734 3407 ἀποδίδοται

1847 3264 2063 3329 recepta
2126 3261 2258 3315 urbe
2309 3262 2489 3316 habita
2548 3275 2577 3313 a
2637 3259 2946 3317 Domitiano
3000 3260 3417 3318 Melitinensium

1842 3353 2088 3423 praesule.
2122 3351 2187 3405 Et
2218 3353 2281 3406 de
2315 3352 2398 3406 his
2430 3361 2662 3421 quatuor
2688 3352 2845 3409 liber.

163 3432 491 3501 Ῥωμαίοις,
519 3434 613 3486 καὶ
647 3435 775 3505 περὶ
801 3436 899 3505 τῆς
930 3438 973 3469 ⁷³
1002 3439 1164 3491 Σίττα
1226 3440 1314 3494 διά
1353 3445 1525 3514 πυρὸς
1592 3448 1959 3518 ἀναιρέσεως,
2026 3448 2119 3501 καὶ
2171 3448 2495 3519 ἑορταστικὴ
2585 3447 2680 3501 τοῦ
2732 3449 3028 3503 ἐπισκόπου
3111 3451 3415 3525 Μελιτηνῆς

155 3529 511 3598 (Δομετιανὸς
531 3529 702 3599 ὄνομα
717 3531 885 3602 αὐτῷ)
912 3533 1004 3585 ἐπὶ
1024 3538 1090 3605 τῇ
1114 3537 1381 3608 ἀναλήψει
1404 3540 1497 3593 τοῦ
1519 3542 1732 3607 ἄστεος.
1780 3545 1869 3599 Ἐν
1900 3539 1983 3608 οἷς
2010 3546 2105 3597 καὶ
2133 3544 2161 3597 ὁ
2194 3544 2453 3615 τέταρτος
2487 3543 2663 3611 λόγος.

231 3620 294 3672 ὐ
318 3621 378 3672 δὲ
413 3621 665 3690 πέμπτος
696 3623 965 3690 διέξεισιν,
998 3628 1145 3691 ὅπως
1184 3630 1429 3701 Χοσρόης
1458 3634 1486 3685 ὁ
1514 3634 1739 3705 Περσῶν

155 3709 415 3779 βασιλεὺς
467 3710 670 3782 ἀπορίᾳ
712 3712 810 3782 τὴν
844 3714 1021 3785 ψυχὴν
1059 3720 1529 3789 κατατρυχόμενος
1570 3725 1737 3795 ἐπρέ-

156 3803 318 3855 σϐευε
344 3803 441 3855 τὸν
460 3802 519 3854 ὲν
543 3804 778 3873 μάρτυσι
796 3806 1040 3875 Σέργιον,
1064 3808 1123 3860 δν
1147 3810 1324 3863 καὶτὰ
1354 3812 1516 3866 λοιπά
1540 3815 1733 3891 [44η]

155 3897 413 3969 βάρϐαρα
449 3899 845 3969 πρεσϐεύουσιν
882 3902 1030 3972 ἔθνη,
1059 3904 1212 3958 λύσιν
1242 3907 1352 3962 τῶν
1388 3910 1735 3982 δυστυχημά-

152 4008 257 4042 των
293 3992 518 4060 εὑρεῖνο
554 3992 649 4044 καὶ
678 3992 753 4056 ὡς
785 3994 1001 4066 σταυρῷ
1028 3998 1215 4069 χρυσῷ
1240 3999 1601 4073 λιθοκολλήτῳ
1623 4005 1736 4057 ἐτί-

156 4099 362 4153 μησενο
395 4082 651 4136 ἐντεῦθέν
676 4102 733 4136 τε
772 4086 1086 4158 Ζαδέσπρας
1124 4090 1212 4143 διά
1248 4090 1412 4146 Ῥοσᾶ
1441 4094 1739 4163 δολοφονεῖ-

154 4192 236 4226 ται
269 4175 624 4243 Βλησχάνους
658 4175 978 4246 ὑποθήκαις,
1015 4180 1110 4232 καὶ
1160 4176 1329 4233 τᾶλλα
1365 4183 1583 4256 θυμήρη
1640 4188 1745 4239 Χο-

156 4269 289 4336 σρόῃ
356 4269 616 4337 συναντᾷ.
665 4270 800 4339 Περὶ
850 4271 943 4323 τοῦ
1018 4272 1457 4340 ὲκδανεισθέντος
1517 4280 1741 4349 χρυσίου

152 4359 372 4428 Χοσρὸῃ
406 4357 489 4427 τῷ
520 4359 744 4428 Περσῶν
773 4359 984 4428 βασιλεί
1023 4363 1125 4415 ὑπὸ
1155 4366 1462 4436 Μαυρικίου
1498 4369 1591 4421 τοῦ
1637 4371 1737 4423 αὺ-

151 4450 516 4520 τοκράτορος,
570 4450 663 4501 καὶ
712 4450 787 4514 ὡς
836 4457 1194 4522 χειρογραφετ
1250 4458 1495 4527 Χοσρόης
1540 4460 1601 4513 τὸ
1648 4461 1740 4515 δά-

153 4554 377 4606 νεισμα.
431 4537 704 4606 Πρεσϐεία
745 4557 803 4592 τε
835 4542 1075 4611 Χοσρύου
1122 4543 1206 4612 ἐφ’
1229 4537 1273 4612 ᾧ
1307 4548 1610 4618 ἀποστῆναι
1634 4551 1742 4604 Κο-

1918 3638 2147 3704 Quintus
2178 3636 2338 3692 Liber
2370 3639 2628 3700 continet,
2663 3644 2722 3690 ut
2752 3636 2915 3691 animi
2947 3638 3160 3705 dubius,
3188 3647 3244 3694 et
3273 3653 3416 3710 eger

1842 3729 2133 3794 Cbosrocs,
2161 3727 2445 3783 Persarum
2471 3745 2581 3795 rex,
2612 3729 2825 3783 beatum
2850 3727 3095 3797 Sergium
3127 3741 3413 3801 martyrem

1844 3833 2132 3877 veneratus
2179 3823 2270 3884 sit,
2316 3837 2473 3890 quem
2505 3832 2558 3874 et
2609 3822 2863 3876 Barbara:
2916 3825 3164 3876 nationes
3209 3828 3416 3878 honore

1844 3914 2058 3968 allicere
2106 3915 2540 3979 consuevissent,
2591 3929 2697 3982 quo
2742 3914 3003 3969 malorum
3037 3916 3413 3971 liberationem

1845 4008 2136 4074 reperiant.
2174 4007 2346 4076 thue
2393 4020 2555 4059 cruce
2597 4020 2760 4060 aurea
2788 4005 2924 4074 (l3),
2957 4007 3266 4076 margaritis
3298 4007 3413 4064 dis-

1849 4099 2037 4163 tincta,
2074 4114 2195 4153 eum
2252 4098 2574 4152 honorarit:
2616 4097 2851 4167 indeque
2876 4097 3161 4167 Z‘adespraa
3189 4097 3412 4153 fraudu-

1848 4191 1990 4246 lenta
2036 4206 2130 4259 per
2156 4190 2391 4245 Rhosam
2422 4188 2619 4255 caedes,
2662 4189 2889 4243 consilio
2916 4188 3251 4254 Blescbanis,
3278 4188 3414 4243 alia-

1850 4296 1975 4350 que,
2013 4297 2131 4349 qnae
2162 4296 2228 4335 ex
2265 4281 2430 4335 animi
2469 4280 2736 4334 sententia
2778 4279 3035 4335 Chosroze
3072 4281 3410 4337 obvenerint.

1839 4370 1917 4424 De
1951 4371 2064 4422 auri
2104 4369 2328 4438 pecunia
2388 4378 2572 4421 mutua
2611 4366 2869 4422 Cbosroze
2902 4367 3187 4422 Persarum
3227 4370 3335 4437 regi
3381 4384 3414 4423 a

1841 4459 2099 4515 Mauricio
2118 4461 2307 4527 imper.
2338 4459 2483 4523 data,
2506 4458 2856 4527 ejusdemque
2880 4460 3022 4526 regis
3048 4459 3411 4529 chirographo

1842 4562 2073 4621 acceptae
2098 4553 2352 4621 pecuniae.
2374 4598 2377 4601 λ
2396 4550 2615 4619 Legatio
2644 4551 2772 4604 item
2801 4549 3055 4604 Cltosroa:
3088 4562 3145 4605 ut
3174 4552 3409 4605 Comen-

157 4628 443 4697 μεντξολον
468 4629 569 4699 τῆς
591 4632 908 4701 ἡγεμονίας,
930 4610 1023 4687 διαὶ
1051 4610 1349 4705 χειροτονία
1372 4610 1591 4709 Napaei
1619 4643 1741 4697 ἀντ)⁵
1774 4610 1817 4665 D

1774 4610 1817 4665 θ
1844 4610 2271 4699 licio-exercitus
2311 4610 2631 4712 praefectura
2655 4641 3006 4696 adimeretur.
3035 4642 3241 4697 Narsen
3296 4643 3410 4711 (ιι)

154 4718 552 4787 Κομεντιόλου,
580 4722 674 4773 καὶ
702 4724 985 4794 συμμαχία
1019 4725 1305 4795 Ῥωμαίων
1343 4730 1485 4783 κατά
1523 4732 1617 4785 τοῦ
1646 4751 1737 4786 τυο

158 4810 359 4878 ράννου
391 4809 613 4880 Βαράμ.
646 4812 754 4865 Καὶ
782 4814 912 4882 περὶ
947 4814 1053 4867 τῶν
1079 4815 1379 4885 βασιλικῶν
1413 4819 1602 4891 δώρων
1627 4823 1736 4876 τῶν

158 4901 470 4953 σταλέντων
499 4902 711 4973 Χοσρόῃ
735 4903 838 4956 ὑπὸ
868 4904 961 4956 τοῦ
998 4906 1428 4978 αὐτοκράτορος*
1469 4913 1565 4965 καὶ
1589 4914 1736 4977 ὅπως

155 4990 251 5055 τάς
299 4991 453 5054 κὶείς
503 4991 597 5044 τοῦ
628 4994 804 5064 Δαράς
844 4997 873 5047 ὁ
914 4997 1159 5068 Χοσρόης
1197 4999 1286 5053 διά
1310 5000 1405 5054 τοῦ
1454 5005 1736 5071 πρέσϐεως

1839 4750 1970 4806 ergo
1986 4735 2355 4790 Comentiolus
2387 4751 2757 4791 successorem
2789 4735 2975 4791 habuit
3010 4754 3025 4804 ;
3054 4736 3410 4789 foederatum-

1837 4844 1943 4898 qne
1977 4826 2341 4882 Romanorum
2367 4831 2624 4884 adversus
2647 4829 2840 4885 Baram
2861 4840 3148 4901 tyrannum
3188 4826 3405 4881 bellum.

1838 4916 1912 4969 De
1945 4917 2107 4984 regiis
2135 4916 2386 4970 Cbosroze
2406 4918 2473 4971 ab
2503 4919 2827 4987 imperatore
2858 4918 3037 4971 missis
3072 4917 3409 4980 muneribus,

1837 5017 2002 5073 utque
2035 5006 2212 5059 claves
2254 5008 2401 5061 urbis
2445 5006 2611 5061 Duras
2650 5010 2737 5063 ille
2784 5024 2877 5078 per
2910 5008 3131 5063 Dolbant
3174 5007 3406 5075 legatum

1466 5121 1696 5177 VARle
1736 5122 2133 5178 LECTIONES.

225 5203 271 5234 ⁸⁷
334 5203 686 5272 συνεκύρωσε
722 5222 783 5269 ς.

156 5274 202 5304 7'
230 5272 354 5345 τῆς]
389 5273 493 5343 τῆς
520 5273 614 5326 τοῦ
646 5291 729 5328 στ.

889 5206 933 5237 ⁸⁸
963 5208 1309 5279 προχωρησις
1340 5228 1401 5273 ς’.
1495 5212 1539 5244 ⁶⁹
1572 5214 1874 5284 ,Μελιτινῆς
1913 5233 1972 5279 ς.

2078 5217 2125 5248 ⁷⁸
2162 5218 2278 5289 ἅμα
2325 5219 2403 5289 τῷ
2461 5218 2629 5289 Γρηγ.
2692 5235 2750 5281 ς.
2852 5217 2894 5247 ⁷⁸
2935 5213 3273 5284 Ζωανάμὸης
3340 5231 3399 5276 ς-

1666 5368 1896 5425 NOTAE.

254 5453 310 5523 8)
339 5452 571 5523 Nicepb.
597 5454 690 5508 lib.
727 5469 877 5520 xvm,
906 5470 1020 5523 cap.
1050 5456 1136 5512 l9.

254 5524 307 5590 9)
351 5524 414 5576 Ut
442 5535 498 5577 et
524 5525 744 5579 Roxane
771 5528 908 5590 apud
938 5526 1168 5581 Ctesiatn
1196 5527 1251 5581 in
1275 5527 1506 5583 Persicis
1532 5528 1657 5583 inlr.

226 5593 506 5667 (mitium
555 5595 735 5648 tnultis
780 5596 1090 5667 muneribus
1139 5598 1320 5667 regiis,
1362 5598 1533 5667 inquit
1567 5599 1727 5653 Nice-

156 5665 330 5736 pbor.
351 5664 447 5736 lib.
476 5678 626 5736 svnt,
656 5678 775 5732 cap.
808 5664 900 5736 ‘29.

227 5733 340 5799 (ll)
380 5731 625 5787 Mauricii
660 5731 873 5802 cognati
900 5731 1123 5802 Niceph.
1161 5736 1375 5790 ibidem.

227 5803 339 5867 (12)
385 5805 442 5858 ln
475 5818 691 5859 crucem
733 5800 914 5859 actum
954 5800 1122 5860 Situm
1169 5805 1331 5863 refert
1362 5804 1580 5877 Niceph.
1630 5808 1720 5862 lib.

1833 5475 1986 5532 an",
2044 5474 2163 5529 cap.
2220 5461 2310 5524 20,
2368 5470 2417 5513 ει
2464 5461 2609 5527 prius
2643 5470 2799 5514 etiam
2848 5461 3109 5532 lapidibus
3150 5464 3402 5517 obrutum

1833 5529 2026 5597 Evagr.
2063 5532 2155 5585 lib.
2193 5547 2265 5592 vt,
2297 5547 2415 5600 cap.
2448 5532 2533 5585 18.

1832 5600 2015 5722 Π(15)
2050 5599 2271 5670 Niceph.
2299 5599 2391 5654 libi.
2424 5618 2579 5668 xvm,
2609 5615 2729 5671 cap.
2763 5600 2823 5656 21
2861 5620 2876 5668 ;
2908 5612 2960 5656 et
2992 5602 3081 5658 lib.
3117 5619 3246 5667 xm,
3276 5619 3401 5670 cap.

1903 5711 2013 5810 (tt)
2044 5739 2173 5795 Ibid.
2210 5756 2327 5810 cap.
2358 5741 2447 5796 ao.
