4210 6442
170 422 281 485 153

1339 423 1861 484 ΒΙΒΙᾸΟΤῘῙΕΩᾹ.
1894 452 1961 460 -
1999 426 2161 488 COD.
2208 429 2367 489 LXV.

3360 431 3461 498 154

167 533 541 587 ἑπιδιὼκεται
571 532 676 586 ὑπό
703 551 848 597 τινος
877 534 985 587 τῶν
1026 534 1339 607 δορυφόρων
1370 537 1414 567 ⁸⁵
1445 538 1537 589 καὶ
1574 538 1762 606 ἑτέρου

1889 541 1937 594 »υ
1993 557 2153 596 aurea
2230 548 2551 595 ornamenta
2602 555 2667 594 ex
2724 540 2935 595 insidiis
2988 542 3372 610 interfecerit,
3406 558 3462 601 et

168 628 325 690 τινὸς
356 626 639 695 Γήπαιδος
670 626 737 688 ⁸⁸,
769 626 917 687 ὅπως
945 644 1003 678 τε
1035 628 1062 678 ό
1083 627 1380 699 δορυφόρος
1412 628 1501 680 διὰ
1530 630 1599 680 τὰ
1637 629 1766 697 περὶ

171 722 343 773 αὐτὸν
388 721 625 789 χρύσεια
660 721 1044 788 δολοφονεῖται,
1094 719 1189 772 καὶ
1232 720 1524 789 ὼςχρόνῳ
1573 719 1769 790 μακρῷ

172 810 414 881 ὕστερον
440 816 469 865 ὁ
503 814 710 880 Γήπαις
739 811 1089 878 δολοψονῆσαι
1122 810 1394 879 φωραθεὶς
1428 812 1560 879 πυρὶ
1595 828 1768 880 παρα-

173 907 413 959 δίδοται.
454 905 725 975 Στρατεία
767 904 1009 972 Ἀὅάρων
1034 902 1175 955 κατὰ
1225 902 1511 971 Ῥωμαίων
1542 902 1635 951 καὶ
1671 916 1767 950 πο-

177 998 406 1067 λιορκία
427 997 739 1064 Σιγγιδόνος
759 996 856 1064 τῆς
874 995 1101 1058 πόλεως,
1121 992 1427 1065 χειροτονία
1448 1010 1506 1044 τε
1534 992 1772 1062 Πρίσκου

179 1089 275 1142 τοῦ
307 1089 659 1160 στρατηγοῦ,
691 1089 784 1140 καὶ
815 1089 961 1149 ὅπως
984 1085 1076 1138 τοῦ
1094 1086 1233 1138 κατὰ
1251 1087 1349 1148 τὴν
1374 1083 1644 1153 Εὐρώπην
1676 1102 1773 1136 πο-

182 1182 353 1251 λέμου
380 1182 578 1234 τοῦτον
608 1182 1005 1250 πῳεστὴσατο.
1039 1179 1149 1231 Kal
1177 1179 1324 1239 ὅπως
1357 1177 1383 1227 ὁ
1419 1177 1667 1244 Χαγάνος
1697 1176 1777 1237 είς

183 1274 501 1344 Δριζίπερα
524 1274 818 1342 γενόμενος
848 1273 935 1323 τὸν
955 1271 1090 1323 νεὼν
1137 1268 1485 1338 Ἀλεξάνδρου
1513 1268 1604 1321 τοῦ
1641 1268 1778 1337 μάρ-

186 1384 350 1435 τυρος
387 1364 743 1434 ὲπυρπόλησε
770 1362 815 1393 ⁸⁷
834 1405 848 1428 ,
885 1364 979 1414 καὶ
1008 1362 1152 1424 ὅπως
1186 1362 1244 1413 ὲν
1267 1359 1617 1430 Τζουρουλὼν
1644 1360 1689 1389 ⁸⁸
1713 1362 1777 1427 τῇ

188 1460 344 1509 πόλει
411 1458 677 1525 Ῥωμαῖοι
717 1453 1163 1521 συγκλεισθέντες
1218 1453 1323 1505 ὑπὸ
1382 1451 1476 1503 τοῦ
1526 1452 1780 1518 Χαγάνου

188 1548 656 1617 πολιορκοῦνται,
680 1549 827 1609 ὅπως
866 1562 924 1598 τε
948 1545 1084 1615 δόλῳ
1123 1544 1404 1612 φενακίζει
1448 1544 1541 1595 τὸν
1576 1542 1784 1613 βάρϐα-

193 1659 280 1710 ρον
319 1642 351 1692 ό
382 1638 695 1708 Μαυρίκιος
744 1637 837 1691 καὶ
870 1637 971 1705 τῆς
1017 1635 1334 1705 πολιορκίας
1380 1635 1605 1702 ἀπάγει.
1640 1636 1780 1703 Πρε-

193 1732 353 1784 σόεία
387 1731 433 1763 ⁸⁸
464 1747 529 1783 τε
573 1728 818 1798 ’Δσάρων
870 1729 1003 1800 πρὸς
1044 1728 1371 1797 Ῥωμαίους,
1422 1728 1516 1779 κα)⁴
1555 1727 1655 1779 ὅσα
1707 1724 1785 1795 τῷ

204 1821 566 1892 Ἀρδαγάστῳ
594 1822 658 1873 ὲκ
690 1820 788 1888 τῆς
832 1818 1115 1887 Ῥωμαίων
1162 1820 1446 1886 ἀπήντησε
1482 1817 1781 1885 δυνάμεως,

1878 632 2036 701 longo
2064 642 2185 701 post
2212 633 2497 686 intervallo
2525 633 2688 685 ca-dis
2722 648 2843 686 reus
2874 634 3269 701 deprehensus,
3304 636 3461 690 llam-

1880 724 1980 776 mis
2016 726 2263 776 traditns.
2309 724 2609 776 Abarorum
2636 736 2822 776 contra
2872 724 3143 779 Romanos
3166 728 3459 793 expeditio,

1879 815 2133 881 urbisque
2187 812 2497 880 Singidouis
2548 816 2839 869 obsidium.
2905 815 2985 869 Uti
3036 814 3257 871 Priscus
3305 817 3459 885 (Ἥ),

1881 906 2003 958 belli
2062 908 2165 958 dnx
2216 907 2474 965 delectus.
2510 916 2564 959 et
2608 908 2813 960 militiae
2857 907 3131 973 Europam
3175 908 3463 975 prail‘ectus

1883 996 1973 1050 sit.
2008 995 2080 1051 Ut
2127 996 2416 1066 Cbaganus
2456 998 2787 1066 Driziperam
2822 1000 3031 1053 delatus
3058 1000 3196 1053 beati
3232 1001 3466 1053 Alexan—

1883 1088 1964 1140 dri
2032 1091 2289 1159 martyris
2352 1091 2606 1157 templnm
2665 1092 2938 1146 obsederit
3003 1109 3018 1145 :
3075 1102 3131 1145 et
3197 1094 3468 1160 quomodo

1885 1179 2119 1233 Tzurnlo
2150 1182 2345 1250 oppido
2384 1181 2620 1235 inclusos
2656 1180 2929 1237 Romanos
2961 1182 3252 1252 Cbaganns
3280 1190 3469 1239 cinae-

1888 1275 1999 1325 rit:
2048 1284 2211 1340 utque
2256 1272 2551 1326 Mauricius
2591 1286 2710 1327 astu
2749 1274 3032 1342 deceptum
3075 1273 3374 1329 Barbarum
3403 1278 3471 1328 ab

1888 1362 2169 1417 obsidione
2210 1366 2491 1418 averterit.
2545 1363 2708 1417 Missa
2762 1364 2829 1418 ab
2858 1365 3053 1418 Abaris
3084 1364 3150 1419 ad
3200 1366 3473 1420 Romanos

1890 1453 2127 1522 legatio,
2165 1463 2219 1508 et
2273 1470 2390 1523 qua:
2440 1457 2771 1525 Ardagastus
2824 1457 2891 1510 ab
2941 1458 3178 1512 exercitu
3232 1457 3475 1511 Romano

1890 1547 2161 1613 accept-rit
2195 1547 2555 1610 incommoda,
2605 1556 2867 1615 praeterea
2910 1562 3027 1614 quae
3073 1550 3173 1601 sub
3198 1547 3476 1603 Tatimero

1893 1652 2033 1697 acta.
2068 1641 2357 1695 Alexandri
2408 1642 2632 1695 Tribuni
2668 1642 2893 1694 militum
2940 1642 3223 1708 fortitudo,
3284 1640 3474 1700 Roma-

1896 1747 2196 1801 norumque
2240 1748 2327 1786 res
2361 1731 2574 1786 fortiter
2610 1743 2792 1802 gestae,
2836 1744 2889 1787 et
2929 1732 3247 1787 Sclavorum
3282 1733 3472 1786 interi-

1897 1831 2004 1885 tus,
2059 1821 2358 1888 borumque
2393 1822 2633 1875 vicissim
2688 1822 2737 1873 in
2788 1819 3063 1876 Romanos
3112 1823 3366 1890 impetus.
3399 1821 3475 1875 De

191 1916 270 1967 ἔτι
309 1914 371 1967 δὲ
404 1914 503 1966 καὶ
532 1914 601 1964 τὰ
644 1914 786 1965 κατὰ
824 1911 915 1964 τὸν
956 1911 1199 1980 Τατίμερ
1226 1910 1289 1963 ³⁸.
1335 1907 1693 1979 Ἀνδραγαθία
1729 1925 1784 1960 τε

1896 1915 2149 1967 tuoustris
2168 1917 2231 1967 ad
2263 1914 2460 1983 regiam
2496 1914 2681 1967 urbem
2704 1914 2999 1983 natis(i‘2),
3033 1915 3291 1974 infantes.
3330 1931 3471 1969 unus

191 2004 285 2058 τοῦ
353 2006 650 2072 Ῥωμαίων
703 2002 1001 2072 ταξιάρχου
1049 2000 1437 2071 Ἀλεξάνδρου,
1482 2001 1575 2052 καὶ
1623 1999 1781 2069 ἀνδρ-

190 2100 401 2165 αγαθία
438 2097 751 2166 Ῥωμαίων,
784 2098 877 2149 καὶ
908 2095 1232 2166 Σκλαϐηνῶν
1269 2092 1565 2165 ἀναίρεσις,
1601 2093 1785 2162 ἔφοδος

190 2210 245 2244 τε
272 2190 618 2258 Σκλαῦηνῶν
642 2189 783 2241 κατὰ
824 2188 1133 2259 Ῥωμαίων.
1174 2190 1308 2258 Περὶ
1347 2188 1454 2240 τῶν
1485 2186 1784 2257 τεχθέντων

191 2283 447 2352 τεράτων
481 2280 589 2351 πρὸ
623 2279 716 2331 τοῦ
762 2279 969 2341 ἄστεως
999 2279 1041 2309 ’ί
1074 2277 1174 2347 τῆς
1217 2277 1509 2347 βασιλίδος,
1546 2275 1621 2339 ὠς
1650 2276 1694 2307 9'
1725 2276 1786 2327 τὸ

195 2376 295 2445 μὲν
360 2370 433 2444 ἦν
474 2376 523 2407 ⁸³
580 2373 886 2443 τετράπουν
942 2372 1176 2434 παιδίον,
1248 2372 1309 2423 τὸ
1368 2370 1422 2423 δὲ
1471 2370 1781 2441 δικόρυφον.

194 2468 394 2529 Ὅπως
438 2452 680 2536 Πρίσκος
729 2468 1229 2536 ἀποχειροτονείται
1278 2463 1355 2533 τῷ
1406 2463 1589 2516 δοῦναι
1630 2464 1675 2495 ’δ
1709 2461 1785 2532 τῷ

192 2563 443 2629 Χαγάνῳ
494 2560 605 2612 ἀπὸ
632 2560 733 2627 τῆς
772 2558 883 2611 τῶν
920 2558 1247 2627 Σκλαόηνῶν
1279 2558 1322 2587 ⁸⁵
1352 2557 1522 2619 λείας,
1565 2556 1657 2609 καὶ
1682 2556 1784 2607 Πέ-

1888 2004 2095 2071 biceps,
2125 2003 2261 2056 alter
2289 2005 2615 2072 quadrupes.
2653 2000 2745 2056 Uti
2781 2003 2961 2059 Prisco
2998 2005 3281 2073 imperium
3313 2005 3475 2059 fuerit

1890 2097 2206 2165 abrogatum
2263 2097 2425 2165 (23),.
2470 2096 2612 2165 quod
2673 2108 2880 2165 partem
2937 2098 3131 2164 praidac
3176 2112 3206 2150 e
3268 2096 3475 2151 Sclavis

1890 2189 2133 2241 abducta:
2183 2188 2612 2258 31aCbagano
2668 2190 2944 2253 donasset,
2998 2187 3184 2257 utique
3250 2204 3348 2257 pro
3398 2189 3473 2243 illi

1892 2280 2085 2336 l‘etrns
2112 2282 2370 2350 Europam
2403 2284 2539 2336 bello
2564 2284 2667 2336 dux
2698 2282 3045 2351 prmﬂclatnr.
3085 2282 3158 2336 De
3187 2281 3474 2339 Theodoro

1893 2374 2021 2426 item
2057 2373 2234 2441 legato
2279 2375 2343 2426 ad
2374 2374 2689 2442 Chaganum
2722 2390 2749 2427 a
2779 2374 2962 2428 Prisco
2990 2365 3069 2428 ire
3114 2376 3288 2442 jusso,
3320 2384 3375 2431 et
3409 2377 3474 2430 de

1892 2465 2008 2531 ejus
2056 2465 2302 2518 doctrina
2331 2506 2344 2527 .
2391 2475 2552 2533 atque
2599 2480 2777 2519 rerum
2835 2467 3191 2535 gerendarum
3236 2467 3475 2522 dexteri-

1895 2567 2021 2609 tate.
2065 2555 2128 2610 ΕΙ
2172 2558 2223 2609 in
2256 2559 2335 2611 bis
2378 2558 2512 2611 liber
2547 2570 2754 2611 sextus.

193 2670 325 2723 190.;
360 2655 880 2721 ἀντιχειροτονείται
948 2650 1250 2721 στρατηγὸς
1279 2652 1377 2718 τῆς
1417 2649 1557 2703 κατά
1634 2648 1728 2715 τὴν
1758 2646 2032 2717 Εὐρώπην
2089 2649 2297 2719 μάχης’
2351 2650 2444 2701 καὶ
2517 2650 2644 2719 περὶ
2688 2650 2967 2719 Θεοδώρου
3018 2650 3113 2705 τοῦ
3167 2652 3473 2723 πρέσῦεως,

198 2748 497 2807 σταλέντος
525 2744 571 2775 ³⁸
620 2744 754 2814 πρὸς
798 2746 888 2797 τὸν
933 2746 1180 2810 Χαγάνον
1234 2742 1339 2795 ὑπὸ
1382 2742 1475 2794 τοῦ
1527 2740 1786 2811 Πρίσκου,
1828 2739 1928 2809 τῆς
1959 2758 2018 2792 τε
2053 2741 2183 2811 περὶ
2229 2741 2391 2794 αὐτὸν
2431 2742 2678 2805 παιδείας
2727 2744 2818 2796 καὶ
2843 2743 3169 2811 δεξιότητος.
3242 2745 3329 2795 Ἐν
3393 2739 3475 2807 οἷς

198 2846 295 2895 καὶ
334 2842 365 2892 ὁ
397 2841 558 2900 ἕκτος
588 2839 769 2905 λόγος.

287 2934 348 2987 ’0
380 2933 436 2985 δὲ
466 2934 695 3000 ἒόδομος
724 2931 879 2996 λόγος
907 2929 1257 2998 διαλαμϐάνει
1283 2932 1410 2999 περὶ
1444 2931 1539 3000 τῆς
1566 2946 1794 3001 γεγενη-

205 3028 381 3096 μένης
400 3024 631 3086 ἀταξίας
651 3025 772 3083 ταῖς
789 3022 1071 3089 Ῥωμαίων
1090 3020 1405 3090 δυνάμεσιν,
1427 3022 1704 3091 ἀριστείαν
1734 3038 1793 3073 τε

215 3116 512 3184 Ῥωμαίων
554 3116 696 3167 κατά
738 3112 1058 3182 Σκλαὸηνῶν
1093 3114 1210 3181 ἦτοι
1244 3113 1454 3165 Γετῶν·
1490 3113 1649 3165 Γέται
1685 3112 1791 3181 γὰρ

201 3209 265 3260 τὸ
290 3207 528 3258 παλαιὸν
562 3205 875 3259 ἐκαλοῦντο.
908 3205 1015 3256 Kal
1045 3205 1173 3274 περὶ
1200 3204 1305 3256 τῶν
1348 3204 1403 3254 ἐν
1428 3204 1637 3273 Ἀσίμῳ
1652 3206 1693 3234 ⁸⁷
1726 3206 1792 3274 τῇ

204 3300 451 3370 Θρᾳκῴᾳ
484 3298 638 3348 πόλει
672 3298 860 3365 Πέτρῳ
893 3312 949 3348 τε
984 3298 1208 3358 καὶτοῖς
1242 3296 1485 3358 πολίταις
1513 3295 1793 3366 συμόεὸηο

207 3393 410 3445 κότων.
438 3390 552 3442 Kal
586 3389 661 3450 ὡς
708 3389 1052 3457 Πιράγαστος
1098 3388 1125 3438 ὁ
1166 3387 1266 3455 τῆς
1316 3387 1423 3438 τῶν
1472 3386 1795 3454 Σκλαὸηνῶν

207 3484 501 3550 δυνάμεως
528 3481 802 3549 φύλαρχος
828 3480 1094 3549 ἀνῄρηται
1119 3496 1131 3509 ·
1164 3478 1255 3550 [93
1284 3477 1375 3551 R.]
1408 3481 1503 3532 καὶ
1532 3480 1797 3550 ἀνδραγα-

210 3578 301 3629 θία
337 3575 647 3643 Ῥωμαίων.
682 3572 935 3641 11ερ“ιτῆς
965 3572 1218 3639 ἀνυδρίας
1253 3574 1349 3639 τῆς
1382 3572 1795 3642 παρακολουθηο

212 3672 391 3737 σάσης
435 3669 557 3728 ταῖς
592 3664 878 3734 Ῥωμαίων
907 3664 1190 3732 δυνάμεσι.
1228 3664 1335 3715 Kal
1363 3664 1510 3726 ὅπως
1557 3664 1649 3717 τοῦ
1700 3666 1800 3717 Πέ-

209 3779 344 3831 τρου
395 3757 946 3826 καταπολεμηθέντος
990 3756 1093 3807 ὑπὸ
1127 3755 1453 3825 Σκλαϐηνῶν
1472 3755 1518 3787 ⁸⁸
1562 3756 1800 3825 Πρίσκος

214 3850 373 3912 αὖθις
406 3851 618 3916 γίνεται
668 3846 991 3919 στρατηγός.
1026 3845 1262 3907 Θάνατος
1285 3845 1530 3898 Ἰωάννου
1552 3845 1646 3899 τοῦ
1678 3847 1795 3914 Νη-

216 3943 448 3998 στευτοῦ
486 3939 1128 4003 Κωνσταντινουπόλεως,
1165 3937 1259 3989 καὶ
1306 3938 1434 4006 περὶ
1501 3936 1609 3989 τῶν
1645 3937 1798 3989 ἐκδα-

213 4033 603 4088 νεισθέ·ιτων”
653 4030 802 4099 αὐτῷ
855 4030 1149 4100 χρημάτων
1199 4028 1301 4081 ὑπὸ
1355 4028 1801 4097 Μαυρικίολκαὶ

212 4127 348 4198 περὶ
374 4125 471 4176 τοῦ
500 4128 557 4176 ὲν
586 4126 652 4193 τῇ
681 4122 941 4191 ὁμολογίᾳ
964 4121 1500 4191 χειρογραφήματος.
1536 4123 1627 4175 καὶ
1653 4122 1800 4183 ὅπως

210 4217 302 4269 διὰ
329 4215 501 4283 τιμῆς
531 4208 664 4281 ἦγεν
688 4213 715 4264 ό
745 4210 1065 4280 φιλευσεὸὴς
1096 4209 1170 4270 ὡς
1199 4210 1411 4278 ἀληθῶς
1443 4210 1800 4278 αὐτοκράτωρ

210 4307 282 4357 τὰ
316 4300 617 4371 εὑρεθέντα
643 4298 721 4369 τῷ
750 4301 998 4368 ἀρχιερεῖ
1031 4298 1169 4367 μετὰ
1196 4298 1421 4351 θάνατον
1456 4297 1642 4367 ῥάκια.
1669 4296 1801 4363 Περὶ

212 4399 323 4449 τῶν
354 4392 725 4461 Μαυρουσίων
764 4391 873 4442 τῶν
909 4389 1327 4458 συστραφέντων
1356 4389 1494 4441 κατὰ
1524 4388 1803 4458 Καρχηδό-

213 4503 305 4547 νος
339 4488 440 4555 τῆς
480 4483 710 4543 πόλεως,
747 4483 837 4533 καὶ
866 4481 1010 4542 ὅπως
1038 4482 1102 4548 τῇ
1133 4476 1226 4530 τοῦ
1260 4478 1540 4529 Γενναδίου
1573 4479 1742 4546 τόλμῃ
1774 4478 1801 4526 ό

216 4576 460 4644 πόλεμος
492 4573 771 4627 ἐσδεστο¹.
798 4572 905 4624 Kal
933 4572 1059 4641 περὶ
1086 4569 1180 4623 τοῦ
1209 4571 1447 4638 κομήτου
1480 4568 1573 4620 τοῦ
1606 4569 1801 4635 φανέν-

1976 2924 2138 2978 Libro
2197 2925 2429 2990 septimo
2482 2925 2662 2993 agitur
2710 2924 2775 2976 de
2825 2924 3052 2979 turbatis
3110 2924 3473 2982 Remanorum

1896 3015 2199 3078 ordinibus,
2229 3015 2651 3084 eornmdemque
2675 3016 2836 3069 rebus
2860 3012 3069 3069 fortiter
3093 3017 3258 3085 gestis
3284 3025 3473 3070 contra

1899 3104 2141 3167 Sclavos,
2196 3107 2309 3159 sive
2338 3104 2501 3159 Getas
2535 3125 2548 3159 :
2598 3109 2696 3159 hoc
2738 3106 2880 3159 enim
2917 3107 3131 3161 nomine
3171 3108 3474 3175 antiquitus

1899 3197 2152 3266 appellati
2176 3207 2322 3251 sunt.
2356 3196 2427 3250 De
2459 3199 2522 3252 iis
2551 3214 2670 3267 mne
2704 3199 2752 3251 in
2791 3199 3005 3268 ignobili
3028 3200 3260 3269 quodam
3295 3198 3474 3253 Thra-

1898 3290 1997 3343 cia:
2028 3290 2224 3359 oppido
2254 3288 2412 3343 Petro
2441 3300 2492 3343 et
2518 3291 2707 3343 incolis
2735 3292 3049 3344 acviderunt
3080 3309 3093 3344 :
3131 3302 3292 3360 utque
3324 3290 3477 3345 Seia-

1902 3395 2090 3432 vornm
2153 3378 2435 3446 praefectus
2496 3378 2807 3448 Piragastus
2860 3381 2929 3433 sit
2987 3379 3343 3435 interlectus.
3405 3381 3477 3434 De

1904 3471 2131 3522 militum
2170 3468 2536 3523 Romanorum
2573 3470 2795 3533 virtute,
2830 3471 2957 3525 licet
2988 3486 3246 3539 aquarum
3278 3472 3477 3541 ingenti

1905 3563 2129 3629 penuria
2167 3573 2569 3632 premerentur.
2601 3561 2761 3617 Petro
2801 3578 2829 3616 a
2869 3563 3075 3617 Sclavis
3116 3578 3290 3632 pugna
3322 3578 3480 3629 supe-

1906 3662 2044 3715 rato,
2102 3653 2319 3708 Priscus
2368 3654 2563 3707 iterum
2600 3655 2720 3707 belli
2774 3656 3067 3723 imperator
3105 3656 3345 3709 delectus
3376 3666 3476 3708 est.

1900 3743 2088 3799 Obitus
2115 3744 2334 3799 Joannis
2364 3756 2723 3813 cognomento
2766 3744 3097 3815 Jejunaloris
3130 3746 3267 3816 (24),
3304 3747 3473 3815 patri—

1903 3839 2081 3891 arclue
2141 3837 2770 3906 Constantinopolitani;
2828 3840 3004 3907 deque
3057 3838 3481 3891 mutuoaMau-

1905 3930 2036 3983 ricio
2086 3931 2409 3998 imperatore
2463 3939 2680 3999 accepta
2733 3929 2995 3997 pecunia,
3052 3930 3290 4005 datoque
3352 3932 3481 3983 aeris

1903 4025 2107 4091 aceepti
2158 4020 2500 4090 confessique
2549 4021 2913 4092 chirographo
2974 4039 2987 4087 ;
3055 4033 3367 4091 quantoque
3425 4023 3480 4073 in

1903 4114 2077 4184 pretio
2126 4129 2250 4169 vere
2299 4114 2418 4182 pius
2454 4123 2713 4183 angustus
2765 4114 2851 4168 ille
2889 4115 3106 4169 relictas
3173 4130 3203 4167 a
3252 4114 3479 4184 pra'sule

1903 4216 2024 4276 post
2078 4216 2304 4261 mortem
2362 4221 2631 4275 panuosas
2681 4214 2856 4260 vestes
2890 4207 3001 4277 (25)
3070 4207 3339 4261 habuerit.
3405 4206 3479 4259 De

1904 4298 2295 4353 Maurusiornm
2333 4298 2591 4353 adversus
2638 4296 3059 4367 Cbartbaginem
3112 4299 3477 4367 expeditione.

1904 4402 2067 4461 utque
2099 4390 2361 4446 Gennadii
2397 4389 2715 4445 fortitudine
2746 4390 2943 4443 bellum
2992 4390 3118 4443 illud
3150 4392 3483 4444 exstinctum

1904 4486 1994 4538 sit:
2038 4483 2111 4537 De
2159 4493 2393 4548 cometa,
2438 4483 2528 4551 qui
2570 4483 2685 4536 dies
2737 4482 3044 4549 complures
3093 4482 3241 4536 visus
3267 4492 3369 4536 est.
3408 4481 3480 4535 De

1907 4575 2159 4629 intestino
2204 4574 2342 4644 apud
2382 4572 2593 4627 .Turcos
2618 4614 2632 4637 ,
2667 4585 2722 4627 et
2749 4573 2889 4626 civili
2921 4572 3059 4626 bello
3096 4590 3107 4625 :
3158 4572 3390 4625 accessit
3415 4574 3482 4624 de

216 4688 304 4731 τος
338 4671 435 4723 ἐπὶ
466 4668 679 4739 ἡμέρας
708 4668 928 4731 πολλάς.
959 4666 1092 4736 Περὶ
1120 4665 1213 4718 τοῦ
1236 4665 1497 4734 ἐμφυλίου
1520 4664 1755 4732 πολέμου
1779 4664 1787 4693 ¹

1904 4667 2216 4719 corumdem
2263 4665 2537 4734 republica
2582 4664 2838 4726 narratio,
2894 4675 2951 4717 ut
2996 4662 3295 4718 Turcornm
3340 4662 3482 4717 Cba—

216 4761 311 4814 τοῦ
351 4762 651 4829 γενομένου
683 4763 793 4821 τοῖς
822 4758 1105 4827 Τούρκοις,
1126 4757 1221 4809 καὶ
1254 4758 1311 4809 ὲν
1340 4756 1552 4808 ἐκθέσει
1585 4756 1653 4807 τὰ
1675 4755 1801 4823 περὶ

216 4853 315 4921 τῆς
340 4850 451 4904 τῶν
469 4851 726 4903 Τούοκων
751 4849 1043 4910 πολιτείας.
1061 4845 1172 4901 Kal
1191 4847 1265 4909 ὼς
1287 4848 1376 4898 τὸν
1399 4845 1666 4915 ἐθνάρχην
1694 4846 1798 4896 τῶν

1909 4772 2077 4825 ganns
2106 4756 2240 4826 (26),
2290 4756 2722 4824 prtltalitarntn
2766 4756 3007 4825 principe
3038 4755 3347 4820 interfecto,
3402 4766 3482 4807 to-

1911 4860 2015 4901 tam
2038 4863 2157 4902 eam
2188 4857 2397 4918 gentem
2427 4849 2701 4917 subegerit
2736 4867 2747 4902 :
2788 4858 2846 4901 ιιι
2871 4849 3241 4916 Agarenorum
3294 4846 3480 4900 adbwc

1495 4983 1747 5037 VARUE-
1780 4982 2069 5038 LI‘ICTION
2080 4983 2180 5036 ES.

292 5083 337 5112 ηε
374 5079 485 5131 τῶν
536 5076 852 5150 δορυφόρων
904 5079 982 5130 A:
1025 5077 1330 5150 δορυφόρου
1388 5094 1445 5139 ς-

224 5151 373 5213 σὸεις
400 5150 465 5201 Α.
537 5148 585 5179 ⁸⁸
624 5148 927 5217 Τατιμερον
993 5166 1053 5212 ς.
1089 5148 1097 5150 ⁷
1131 5150 1175 5182 ’³
1209 5150 1402 5208 ἄστεος
1446 5165 1508 5210 ς.

222 5221 671 5292 ττχειροτονείται
728 5214 849 5269 alid.
908 5220 970 5269 Δ.
1048 5219 1093 5250 θ’
1132 5219 1426 5287 Σκαυηνῶν
1485 5216 1640 5270 Asic
1689 5214 1755 5269 eti

225 5292 525 5339 Σχαυήνων
554 5295 620 5339 Α.
688 5287 791 5339 ὑπὸ
829 5288 935 5339 τῶν
964 5288 1295 5339 Σκλαὸήνων
1350 5306 1409 5339 C‘.
1492 5290 1537 5319 ⁹⁹
1570 5287 1787 5339 ἐνδανειι

1889 5232 1957 5269 ra.
1986 5218 2031 5247 "
2095 5214 2275 5324 σταλ.]

1889 5304 2019 5338 ντων
2057 5303 2116 5339 ς’.
2200 5289 2213 5315 ¹
2249 5324 2274 5337 ..

1570 5301 2019 5340 ενοανεισυεντων
2057 5303 2116 5348 ς’.

225 5287 525 5361 Ziata};va
554 5295 620 5351 Δ,
688 5287 791 5339 ὑπὸ
829 5288 935 5339 τῶν
964 5288 1295 5358 Σκλαϐήνων
1350 5306 1409 5353 ς.

1558 5080 1576 5106 ο
1611 5075 1849 5106 lat—.3.-.

1532 5078 1576 5107 ⁸⁸
1611 5077 1849 5144 Γήπεδος
1881 5079 1948 5129 Α.
2049 5077 2088 5105 ’⁸⁷
2123 5077 2479 5143 ἐπολιόρκησε
2511 5091 2572 5137 ς.
2637 5077 2682 5107 ⁸⁸
2722 5077 2738 5125 ⁷]

1582 5147 1628 5219 ξ’
1663 5143 1760 5215 ὡς]
1793 5146 1908 5219 καὶ
1945 5162 2027 5219 pr.
2061 5147 2122 5200 Α.
2198 5146 2350 5219 ξ’ρῆν
2393 5161 2506 5219 om.
2553 5158 2635 5219 p_r.

2049 5077 2088 5105 ’⁸⁷
2123 5074 2479 5143 ἐπολιόρκησε
2511 5091 2572 5137 ς.
2637 5073 2682 5107 ⁸⁸
2722 5073 3059 5143 Τζουρουλῷν
3091 5090 3151 5135 ς.
3227 5071 3271 5101 ⁸⁸
3324 5073 3462 5139 πρέ-

2828 5144 2875 5173 ⁹⁸
2916 5143 2991 5209 τῷ
3047 5142 3234 5195 δοῦναι
3275 5167 3336 5179 --
3379 5146 3471 5191 αν-

2328 5215 2419 5270 τοῦ
2476 5214 2626 5270 σταλ.
2671 5213 2737 5266 Α.
2809 5213 2854 5244 θ’
2889 5215 3088 5283 ἀσήμῳ
3137 5228 3223 5264 στ.
3302 5209 3348 5240 ’⁸
3378 5212 3477 5265 (me

2200 5289 2213 5315 ‘
2249 5283 2438 5341 ἐσσετο
2478 5302 2538 5348 ς.
2617 5286 2637 5314 ¹
2682 5283 2919 5355 πολέμου
2950 5285 3060 5339 om.
3105 5283 3169 5336 Δ.

1718 5380 1953 5442 NOTAE.

292 5480 408 5550 (2|)
439 5477 668 5547 Nicepb.
711 5480 819 5550 lue:
850 5480 1037 5532 cadem
1068 5479 1157 5531 lib.
1186 5493 1339 5543 mu,
1376 5494 1496 5549 cap.
1528 5478 1615 5533 28.

294 5549 407 5621 (22)
442 5551 571 5601 Ibid.
611 5563 732 5617 cap.
764 5549 851 5621 55.

298 5619 414 5685 (25)
449 5621 579 5671 Ibid.
617 5636 737 5685 cap.
778 5619 874 5671 ‘25.

298 5689 414 5755 (ει)
445 5690 632 5754 Quarti
684 5690 843 5760 hujus
893 5690 1122 5760 nominis
1144 5728 1159 5753 ,
1184 5692 1249 5745 de
1286 5704 1393 5760 quo
1416 5691 1674 5760 legendus
1690 5690 1792 5743 Ba-

227 5774 346 5813 ron.
374 5761 525 5811 card.
562 5767 693 5812 tom.
728 5757 813 5811 VII
858 5770 908 5810 et
941 5758 1072 5813 VIII.
1104 5787 1115 5804 ι

298 5828 440 5895 (25)
469 5828 689 5897 Nicepb.
720 5828 813 5880 ιιι».
841 5829 976 5894 XIX,
1008 5846 1125 5895 ιον.
1156 5829 1246 5893 54,
1286 5830 1695 5886 Iectuluutaddit
1728 5831 1788 5883 Ii«

1899 5494 2115 5548 gneum.
2150 5479 2245 5533 llic
2276 5494 2378 5532 non
2417 5489 2559 5531 recte
2584 5493 2612 5529 a
2637 5478 2954 5548 quibusdam
2977 5492 3098 5532 cum
3122 5474 3330 5533 Joanne
3355 5478 3470 5533 Ele-

1898 5546 2242 5619 entosynario
2288 5549 2650 5619 Alexandrino
2703 5546 3069 5601 confunditur.
3108 5549 3282 5619 Minus
3309 5560 3470 5601 etiam

1901 5618 2063 5673 recte
2085 5636 2179 5687 pro
2215 5632 2400 5672 saucio
2435 5618 2649 5687 habitus
2693 5620 2889 5687 arsnis,
2939 5626 3075 5687 teste
3144 5619 3205 5671 ο,
3271 5618 3467 5671 Baro",

1900 5699 1939 5744 t.
1971 5685 2301 5742 Vlll’Annal.
2337 5690 2401 5741 ad
2428 5703 2515 5740 au.
2540 5685 2641 5740 Cb.
2666 5686 2790 5751 595,
2820 5703 2883 5740 ex
2908 5688 2966 5740 Β.
3003 5686 3257 5757 Gregorii
3291 5687 3469 5756 Magni

1894 5763 2101 5814 auctori
2112 5770 2158 5812 ta
2168 5770 2236 5814 te.

1968 5830 2094 5899 (26)
2131 5828 2353 5898 Nicepb.
2384 5828 2475 5884 lib.
2499 5841 2815 5901 ntu,_cap.
2838 5828 2925 5881 50.
