4210 6442
763 404 870 470 155

1960 372 2224 439 ΡΠΟΤῘΙ
2266 361 2782 430 ΡΑΤΒΙΑΠΟΗᾸΞ
2819 361 2932 420 CP-

3940 344 4038 408 156

758 529 814 571 et
846 514 1166 573 Colchorum
1205 514 1419 577 gentem
1461 507 1833 557 trecentarum
1876 491 2103 547 millium
2150 496 2335 551 strage

2461 474 2828 546 Ἐφθαλιτῶν⁸
2869 474 2898 524 6
2944 467 3195 538 Χαγάνος
3245 466 3355 520 τῶν
3396 462 3659 533 Τούρκων
3695 461 3901 514 ἀνελὼν
3946 460 4042 509 καὶ

2461 575 2465 577 .
2536 570 2549 577 -
2587 568 2599 577 .
2775 565 2788 577 .
2828 564 2882 577 ..ι
2991 562 3008 577 ι
3064 559 3088 577 .
3177 559 3225 577 η
3288 557 3350 577 γλ
3386 556 3464 577 --ς
3494 552 3836 577 Δ,ναμε-,ι
3865 551 4016 577 In.--

760 612 1041 669 ceciderit,
1112 614 1275 670 utque
1325 597 1694 665 insurgentem
1750 591 2007 642 adversus
2028 598 2086 635 se
2133 579 2336 633 Turum

760 700 1113 760 interfecerit,
1159 711 1265 763 quo
1296 691 1515 746 nomine
1564 684 1804 739 victorizn
1851 680 2094 733 nuntiam
2123 674 2331 741 episto-

760 796 865 849 lam
895 789 1156 846 Mauricio
1186 787 1316 852 imp.
1347 778 1646 847 scripserit.
1689 774 1833 828 ldem
1868 772 2081 823 Abaros
2121 774 2339 834 quoque

761 885 1065 953 subiugum
1099 879 1268 931 victos
1315 873 1481 926 misit.
1519 866 1705 921 licfert
1725 874 1780 919 et
1813 864 1879 917 de
1913 859 2185 931 gentibus,
2222 867 2342 921 qua:

762 947 975 1045 Tangas
1015 970 1277 1030 incolunt,
1301 976 1354 1019 et
1381 965 1447 1016 de
1492 959 1682 1022 Nucri,
1713 958 1768 1011 in
1795 970 1930 1024 quas
1956 950 2146 1005 devicti
2178 947 2340 999 Abari

762 1067 989 1138 dispersi
1029 1072 1156 1117 sunt
1206 1060 1340 1131 (27).
1370 1056 1501 1110 ltem
1529 1056 1596 1107 de
1618 1051 1746 1113 Var.
1795 1060 1851 1103 et
1881 1045 2079 1108 Chuni,
2112 1052 2340 1110 quorum

761 1129 887 1230 pars
931 1170 1125 1224 magna
1170 1129 1305 1222 jam
1335 1150 1461 1202 inde
1486 1162 1514 1199 a
1560 1141 1850 1198 Iustiniani
1902 1133 2258 1203 temporibus,
2289 1129 2342 1181 in
2376 1167 2385 1176 .

759 1251 972 1319 Europa
1007 1248 1163 1302 sedes
1203 1244 1424 1303 habent,
1454 1240 1769 1304 Abarosque
1813 1246 1933 1287 sese
1974 1227 2340 1282 nominarunt.

763 1341 1061 1395 Turcorum
1114 1335 1387 1402 regionem
1431 1340 1588 1383 terrae
1616 1324 1807 1387 mutui,
1848 1336 1911 1375 ac
1961 1319 2096 1389 pesti
2126 1317 2345 1369 minime

762 1430 1071 1486 obnoxiam.
1097 1424 1203 1479 '-De
1248 1433 1427 1477 monte
1475 1420 1566 1487 qui
1619 1418 1829 1471 Aureus
1868 1414 1939 1467 sit
1966 1411 2160 1472 dictus,
2194 1421 2258 1460 ac
2281 1408 2347 1457 de

764 1521 876 1588 ipsa
910 1521 1061 1579 urbe,
1106 1514 1339 1581 Taugas.
1391 1511 1465 1563 De
1492 1506 1844 1574 bombycibus
1903 1500 2039 1570 (28),
2075 1500 2163 1566 qui
2196 1512 2259 1548 ex
2289 1508 2347 1549 se

764 1621 939 1665 vestes
983 1610 1207 1677 gignunt
1241 1606 1470 1665 sericas,
1504 1610 1552 1654 et
1590 1598 1731 1665 quod
1784 1594 1944 1648 serici
2002 1589 2112 1659 (27.9)
2156 1590 2347 1656 ingens

764 1703 1016 1771 gignatur
1046 1700 1110 1751 ad
1136 1696 1415 1750 Cltubdam
1448 1692 1658 1750 urbem,
1693 1686 1832 1757 31b
1866 1699 2025 1753 quam
2056 1680 2344 1749 appellant,

763 1795 941 1863 copia,
998 1803 1228 1858 qumque
1262 1789 1311 1839 in
1366 1784 1473 1838 illis
1520 1781 1794 1834 vermibus
1826 1772 2185 1845 glomerandis
2233 1769 2344 1821 fieri

2442 568 2715 630 δουλώσας
2741 565 2801 616 τὸ
2827 562 3034 626 ἔθνοςδ,
3064 559 3143 613 ῐτι
3173 559 3231 611 δὲ
3262 557 3358 611 καὶ
3383 556 3511 618 τοὺς
3532 552 3753 622 Ὀγωρ⁸
3778 552 3839 603 τὸ
3864 551 4037 611 ἔθνος,

2442 663 2536 716 καὶ
2563 660 2627 727 δὴ
2657 660 2752 711 καὶ
2783 657 2909 716 τοὺς
2940 652 3186 722 Κόλχους
3233 650 3364 719 ἄχρι
3406 647 3705 718 τριάκοντα
3758 641 4041 711 μυριάδων

2442 752 2770 823 διέφθειρεν.
2789 746 2951 799 Ἀλλά
2983 745 3079 797 καὶ
3103 743 3198 795 τὸν
3230 738 3613 793 ἐπαναστάντα
3642 734 3731 808 [66
3761 732 3857 802 HJ
3886 730 4035 797 αὐτῷ

2443 843 2701 914 Τουροῦμ
2739 837 2946 891 ἀνελὼν
2985 835 3252 888 ἐπινίκιον
3287 829 3577 897 ἐπιστολὴν
3634 824 3925 894 Μαυρικίῳ
3968 820 4045 887 τῷ

2444 934 2810 1003 αὐτοκράτορι
2841 928 3083 980 ἔστειλεν
3106 941 3123 959 ’
3172 923 3507 976 ἐδουλώσατο
3532 920 3589 972 δὲ
3619 918 3715 971 καὶ
3746 915 4039 982 ’Λϐἀρους.

2445 1025 2679 1089 Διέξεισι
2721 1023 2778 1075 δὲ
2831 1020 2925 1072 καὶ
2974 1018 3104 1086 περὶ
3136 1014 3245 1068 τῶν
3282 1012 3424 1065 κατά
3454 1010 3552 1081 τὴν
3579 1008 3797 1075 Ταυγάς
3820 1008 3841 1037 ⁶
3871 1004 4044 1056 ὲθνῶν

2446 1114 2542 1167 καὶ
2572 1114 2701 1183 περὶ
2729 1110 2821 1163 τοῦ
2854 1107 3070 1179 Moupr
3088 1108 3131 1169 ⁷,
3156 1107 3214 1157 ἐν
3257 1099 3339 1167 οἷς
3379 1104 3428 1154 οί
3454 1100 3686 1169 Ἀϐαροι
3716 1096 4046 1167 ἡττηθέντες

2446 1205 2840 1275 διεσπάρησαν.
2874 1200 2984 1252 Καὶ
3022 1198 3152 1267 περὶ
3200 1194 3296 1247 τοῦ
3346 1193 3497 1261 Οὕάρ
3541 1190 3635 1244 καὶ
3684 1187 3892 1241 Xouv‘t‘
3936 1185 4049 1238 τῶν

2447 1296 2637 1359 ἐθνῶν,
2675 1294 2735 1357 ἐξ
2784 1286 2857 1345 ὧν
2888 1292 2980 1344 ἐπὶ
3018 1283 3398 1343 Ἰουστινιανοῦ
3430 1283 3709 1350 ἀπόμοιρα
3736 1278 3908 1331 τῶνδε
3936 1276 4049 1327 τῶν

2449 1389 2615 1442 ὲθνῶν
2649 1386 2873 1455 ὲνδημεῖ
2904 1387 2970 1454 τῇ
3002 1379 3241 1452 Εὐρώπῃ
3264 1420 3279 1443 ,
3304 1377 3354 1430 οἳ
3388 1377 3483 1429 καὶ
3521 1373 3788 1442 Ἀϐἀρους
3817 1368 4050 1430 ἑαυτοὺς

2450 1482 2821 1549 ἐπεφήμισαν.
2860 1478 2969 1529 Kal.
2998 1475 3072 1537 ὡς
3108 1475 3141 1542 ὴ
3169 1471 3431 1539 Τούρκων
3477 1466 3630 1543 χώρα
3672 1460 3901 1530 σεισμοῦ
3946 1460 4046 1511 καὶ

2449 1570 2638 1641 λοιμοῦ
2675 1568 3028 1639 ἁπείρατος⁹.
3072 1561 3206 1630 Περί
3252 1578 3311 1613 τε
3357 1558 3451 1611 τοῦ
3499 1554 3703 1624 χρυσοῦ
3748 1550 4051 1618 λεγομένου

2449 1664 2631 1733 ὅρους,
2666 1662 2761 1713 καὶ
2794 1661 2919 1729 περὶ
2947 1658 3046 1725 τῆς
3076 1652 3301 1719 Ταυγάς
3321 1690 3334 1713 ,
3368 1649 3497 1719 περί
3526 1664 3584 1698 τε
3610 1644 3719 1698 τῶν
3750 1642 4053 1706 σκωλήκων

2451 1756 2559 1806 τῶν
2587 1752 2882 1806 τικτόντων
2909 1750 3007 1817 τὴν
3041 1745 3245 1813 ἐσθῆτα
3267 1743 3365 1811 τὴν
3391 1738 3643 1810 σηρικὴν,
3663 1736 3758 1788 καὶ
3782 1734 3857 1796 ὡς
3880 1729 4051 1799 πολὶή

763 1823 941 1863 cupita,
998 1823 1228 1858 ιμιιιιιυυ
1262 1823 1311 1839 ιιι
1366 1823 1473 1838 ιιι...
1530 1823 1793 1834 .ν......,.-..
1826 1823 2017 1845 οηηη-

763 1884 944 1940 solita.
978 1881 1051 1933 De
1100 1880 1271 1941 Indis,
1321 1875 1410 1943 qui
1443 1872 1673 1927 candido
1714 1877 1841 1921 sunt
1875 1878 2121 1932 corpore.
2164 1860 2345 1912 Disce-

2461 1850 2563 1898 ἐστι
2595 1846 2724 1915 *περὶ¹
2753 1843 2851 1912 τὴν
2890 1839 3191 1908 λεγομένην
3222 1834 3469 1887 Χουϐδάν
3501 1833 3533 1901 ἡ
3568 1831 3669 1898 τῆς
3703 1824 3981 1896 μετάξεως
4010 1823 4054 1852 ¹⁶

2500 1936 2511 1943 -
2791 1935 2801 1943 -
2878 1932 2890 1943 ι
3043 1930 3057 1943 ι
3138 1928 3151 1943 ι
3202 1926 3213 1943 ι
3329 1924 3493 1943 ,,____
3557 1919 3664 1943 .,_,
3712 1915 3903 1943 ,ηηι
3939 1911 4054 1943 ’,τω

766 1977 931 2045 ptatio
966 1972 1204 2039 Cltagani
1255 1982 1378 2021 cum
1430 1964 1637 2026 Prisco,
1672 1962 1738 2013 de
1774 1952 2264 2025 Singidonensibus
2293 1948 2344 1999 in

762 2068 1080 2123 servitutem
1097 2060 1448 2119 abducendis,
1467 2054 1749 2120 Priscique
1765 2047 2038 2103 contraria
2058 2039 2345 2103 sententia,

766 2171 930 2229 utque
978 2172 1095 2210 eam
1159 2155 1346 2207 urbem
1376 2148 1598 2202 Priscus
1631 2141 1880 2197 scrvarit.
1910 2140 2038 2205 Quae
2081 2150 2175 2203 per
2228 2130 2349 2185 Dul-

766 2252 984 2304 matiam
1016 2244 1236 2299 Barbari
1264 2243 1536 2312 gesserint
1576 2248 1819 2304 quasque
1840 2232 1999 2284 urbes
2032 2224 2347 2281 everterint.

765 2341 1045 2408 Quomodo
1081 2336 1336 2392 Gundoes
1384 2348 1414 2385 a
1444 2328 1637 2383 Prisco
1682 2326 1944 2379 adversus
1987 2319 2257 2373 Barbaros
2295 2314 2348 2368 in

767 2429 1087 2485 Dalmatiam
1134 2426 1355 2487 missus,
1396 2436 1484 2476 res
1524 2419 1738 2473 fortiter
1766 2414 2018 2479 gesserit.

840 2698 1251 2757 Undevicesimo
1304 2690 1517 2763 imperii
1558 2685 1807 2741 Mauricii
1864 2698 2004 2735 anno
2063 2677 2358 2732 Monachus

769 2795 983 2863 quidam
1022 2800 1248 2845 mortem
1290 2786 1401 2848 illi,
1436 2782 1727 2848 liberisque
1763 2778 1879 2846 ejus
1924 2772 2036 2842 (30)
2082 2768 2353 2837 praedixit.

780 2858 982 2938 Stricto
1020 2879 1164 2934 enim
1215 2875 1434 2945 gladio,
1466 2887 1494 2925 a
1534 2872 1651 2923 l'oro
1684 2870 1751 2921 ad
1792 2863 1981 2937 palatii
2034 2858 2357 2913 vestibulum

770 2984 1126 3042 procurrens,
1168 2964 1485 3018 Mauricium
1514 2975 1617 3011 una
1655 2971 1776 3010 cum
1815 2953 2001 3007 liberis
2038 2952 2184 3003 ferro
2216 2946 2361 2998 occi-

771 3080 888 3119 sum
915 3063 976 3117 iri
996 3058 1293 3114 denuntiat.
1317 3054 1457 3119 Quin
1481 3038 1535 3106 et
1573 3048 1911 3104 Herodianus
1936 3045 2151 3112 quidam
2183 3041 2358 3104 impe-

774 3154 942 3210 ratori
976 3160 1236 3206 eventura
1284 3143 1669 3214 pramuutiavit
1714 3140 1869 3208 (31):
1913 3136 2107 3189 famem
2146 3131 2356 3185 scilicet

2450 1911 2683 2003 γένεσις,
2718 1911 2817 1986 καί
2836 1932 2904 1983 τὰ
2940 1930 3067 1999 περὶ
3093 1926 3262 1994 αὐτὴν
3289 1924 3518 1992 νόμιμα.
3557 1919 3668 1972 Καὶ
3712 1915 3903 1984 ’περὶη
3939 1911 4055 1964 τῶν

2463 2002 2637 2077 Ἶνδῶν
2671 2022 2777 2073 τῶν
2802 2018 3011 2072 λευκῶν
3046 2016 3105 2069 τὸ
3139 2015 3319 2083 σῶμα.
3352 2009 3599 2073 Διάλεξις
3621 2008 3757 2075 πρὸς
3792 2005 3888 2056 τὸν
3909 2002 4053 2069 Πρί-

2454 2131 2582 2168 σκον
2606 2114 2859 2181 Χαγάνου
2892 2110 3023 2181 περὶ
3056 2102 3501 2175 ἀνδραποδισμοῦ
3524 2103 3625 2172 τῆς
3645 2100 3687 2130 ¹¹
3714 2095 4053 2164 Σιγγιδόνος,

2453 2206 2548 2259 καὶ
2578 2204 2857 2271 ἀντιλογία
2890 2201 3130 2271 Πρίσκου
3164 2197 3303 2267 πρὸς
3333 2195 3498 2248 αὐτὸν
3519 2232 3534 2256 ,
3566 2192 3663 2245 καὶ
3695 2192 3844 2251 ὅπως
3870 2189 3899 2239 6
3926 2185 4058 2256 Πρί-

2458 2317 2586 2361 σκος
2616 2297 2907 2365 Σιγγιδόνα
2938 2292 3102 2357 σώζει
3132 2291 3231 2361 τὴν
3263 2288 3592 2341 πόλιν.”οσα
3639 2302 3700 2337 τε
3736 2282 3884 2337 κατά
3913 2279 4057 2333 Δαλ-

2458 2391 2656 2463 ματίαν
2686 2391 2733 2441 οἱ
2769 2387 3032 2458 βάρϐαροι
3058 2381 3424 2451 διεπράξαντο
3456 2379 3553 2432 καὶ
3591 2378 3775 2438 πόλεις
3818 2373 4062 2441 ἐπόρθη-

2459 2502 2579 2549 σαν,
2609 2485 2756 2545 ὃπως
2807 2497 2867 2533 τε
2912 2480 2940 2531 6
2974 2474 3256 2538 Γουνδουῖς
3278 2475 3321 2507 ¹³
3371 2473 3524 2543 παρά
3559 2471 3800 2541 Πρίσκου
3839 2467 4061 2527 σταλεὶς

2456 2578 2599 2630 κατά
2637 2576 2745 2628 τῶν
2784 2576 2840 2625 ὲν
2879 2569 3158 2641 Δαλματίᾳ
3201 2567 3493 2639 βαρϐάρων
3532 2564 3875 2636 ἠρίστευσεν.

2533 2670 2656 2721 Ὀτι
2687 2666 2763 2735 τῷ
2790 2662 3258 2729 ἐννεακαιδεκάτῳ
3293 2661 3404 2711 ἔτει
3447 2659 3547 2727 τῆς
3592 2654 3873 2726 βασιλείας
3904 2656 4067 2707 Μαυ-

2464 2761 2643 2833 ρικίου
2692 2756 3059 2829 προαγορεύει
3112 2753 3347 2823 μοναχός
3380 2768 3463 2813 τις
3492 2749 3583 2801 τὸν
3624 2748 3790 2801 αὐτοῦ
3829 2747 4067 2799 θάνατον

2462 2854 2559 2905 καὶ
2583 2852 2691 2904 τῶν
2719 2853 2927 2901 τέκνων
2952 2863 2965 2877 ·
3021 2846 3174 2913 ξίφος
3209 2844 3318 2913 γὰρ
3347 2839 3663 2910 γυμνώσας,
3700 2839 3810 2891 ἀπὸ
3836 2838 3934 2889 τοῦ
3967 2837 4068 2904 φό-

2466 2960 2558 3013 ρου
2587 2943 2747 3012 μέχρι
2770 2940 2877 2990 τῶν
2908 2936 3222 3007 προαυλίων
3248 2933 3359 2985 τῶν
3388 2932 3705 2999 ἀνακτόρων
3740 2926 4065 2997 διαδραμὼν

2463 3034 2626 3087 αὐτόν
2654 3050 2713 3083 τε
2748 3031 3054 3096 Μαυρίκιον
3084 3029 3177 3080 καί⁵
3198 3027 3265 3079 τὰ
3290 3025 3457 3077 τέκνα
3484 3023 3628 3092 ξίφει
3648 3022 3904 3074 τεθνάναι
3933 3038 4069 3089 προ-

2464 3126 2782 3195 ηγόρευσεν.
2807 3122 2969 3174 Ἀλλά
3018 3121 3113 3173 καὶ
3144 3117 3477 3187 Ἥρωδιανός
3526 3132 3612 3177 τις
3660 3114 3889 3181 ὀνόματι
3914 3112 3960 3142 ⁸⁸
3991 3111 4069 3180 τῷ

774 3248 953 3309 illam,
981 3242 1234 3312 qureipOst
1254 3240 1303 3292 in
1329 3237 1526 3293 castris
1547 3244 1687 3287 orta.
1730 3229 1801 3285 Ut
1823 3226 2125 3283 incredibili
2152 3223 2357 3285 Cltaga-

2472 3216 2687 3286 βασιλεῖ
2711 3215 2882 3266 διεῖπε
2926 3212 2995 3264 τὰ
3025 3210 3438 3280 συμϐησόμενα.
3466 3208 3602 3277 Περὶ
3626 3203 3723 3257 τοῦ
3758 3202 4073 3272 συμϐάντος

774 3332 1219 3389 nusbumnnitate
1232 3326 1494 3382 esurienti
1517 3321 1775 3378 exercitui
1792 3321 2029 3387 quinque
2051 3316 2257 3368 dierum
2285 3312 2367 3363 in-

775 3420 1542 3487 duciasconcesserit,quibus
1577 3417 1779 3483 absque
1802 3422 1946 3465 metu
1980 3408 2365 3460 Barbarorum»

774 3528 1106 3577 commeatus
1128 3526 1450 3580 annonaque
1482 3509 1715 3561 ferretur
1764 3502 2045 3560 Romanis,
2094 3507 2261 3563 utque
2289 3493 2369 3545 vi-

778 3613 961 3668 cissim
990 3628 1018 3664 a
1048 3609 1235 3663 Prisco
1261 3605 1417 3659 donis
1449 3605 1744 3655 honoratus
1772 3638 1786 3663 ,
1816 3598 1868 3647 in
1916 3593 2156 3661 proxima
2187 3586 2371 3657 Mysiae

778 3706 892 3760 loca
947 3700 1276 3756 discesserit.
1302 3697 1357 3750 In
1382 3693 1551 3762 Mysia
1582 3692 1867 3758 Cliaganns
1888 3700 2008 3739 eum
2036 3678 2371 3737 Comentiolo

782 3793 955 3864 signis
982 3789 1197 3845 collatis
1225 3783 1503 3846 conﬂixit,
1535 3778 1871 3850 perﬁdiaque
1907 3772 2227 3829 Comentioli
2265 3770 2372 3822 lio-

781 3898 1061 3939 manorum
1102 3879 1389 3939 exercitus,
1420 3875 1574 3928 clade
1599 3880 1841 3937 accepta,
1866 3881 2040 3920 caesus
2063 3880 2089 3916 a
2120 3862 2373 3915 Barbaris

778 3986 884 4040 est,
913 3976 1035 4051 fuga
1060 3974 1276 4028 interim
1302 3970 1510 4036 dilapso
1542 3960 1881 4019 Comentiolo
1912 3977 1924 4012 :
1962 3972 2123 4026 quem
2152 3955 2215 4008 ad
2251 3952 2373 4006 Dri-

789 4045 1029 4137 ziperam
1060 4065 1248 4118 urbem
1278 4059 1384 4131 (.52
1415 4057 1691 4127 )rdeletum
1724 4054 1869 4106 cives
1895 4091 1910 4116 ,
1944 4058 2001 4103 ut
2036 4045 2370 4114 transfugam

784 4156 1083 4224 repellunt:
1110 4166 1276 4222 quare
1301 4150 1421 4202 inde
1444 4147 1508 4199 ad
1551 4144 1732 4196 Muros
1756 4142 1960 4210 longos,
1985 4152 2118 4205 quos
2159 4143 2370 4187 vocant.

783 4249 874 4303 ille
907 4263 966 4302 se
994 4243 1214 4311 recepit.
1254 4239 1474 4294 Barbari
1498 4251 1659 4303 porro
1690 4248 1828 4301 pone
1858 4234 2209 4297 insequentes
2247 4224 2337 4276 Dri

785 4342 1022 4409 ziperam
1059 4310 1311 4405 capiunt,
1353 4343 1408 4386 et
1442 4328 1737 4383 Alexandri
1772 4321 2029 4391 martyris
2065 4310 2262 4384 templo
2291 4315 2374 4368 in-

788 4444 971 4493 censo,
996 4442 1191 4495 corpus
1210 4439 1373 4491 capsa
1403 4421 1750 4475 extrahentes
1768 4409 2115 4468 contumeliis
2133 4406 2374 4461 alliciunt

2472 3306 2631 3374 λιμοῦ
2653 3308 2693 3339 ¹³
2724 3307 2836 3367 τοῖς
2867 3302 3275 3373 στρατεύμασι,
3314 3301 3410 3352 καὶ
3441 3298 3517 3360 ὡς
3542 3300 3570 3349 6
3598 3297 3851 3362 Χαγάνος
3887 3311 4074 3362 παρα-

2471 3397 2605 3467 δόξῳ
2637 3395 3019 3464 φιλανθρωπία
3043 3392 3423 3461 πενθημέρους
3456 3390 3689 3450 σπονδὰς
3717 3390 3830 3447 τοῖς
3864 3386 4075 3453 λιμώτ-

2472 3509 2656 3544 τουσιν
2685 3489 2855 3553 ἔθετο,
2885 3488 2959 3550 ὼς
2991 3488 3057 3539 ἂν
3083 3487 3112 3539 6
3140 3483 3490 3552 ἐπισιτισμὸς
3515 3482 3620 3535 ἀπὸ
3640 3481 3746 3533 τῶν
3776 3478 4074 3548 βαρϐάρων

2472 3586 2584 3647 τοῖς
2616 3582 2910 3650 Ῥωμαίοις
2934 3578 3098 3649 ἀδεὴς
3120 3578 3295 3630 ἔσοιτο
3314 3593 3327 3605 ’
3358 3578 3454 3628 καὶ
3480 3576 3554 3637 ὡς
3582 3573 3872 3644 ἀρώμασιν
3899 3573 3943 3602 ¹⁸
3968 3571 4076 3623 ὑπὺ

2473 3677 2715 3747 Πρίσκου
2742 3672 3122 3743 φιλοτιμηθεὶς
3144 3671 3236 3722 ἐπὶ
3259 3669 3328 3721 τά
3350 3668 3491 3720 κατά
3518 3666 3737 3720 Μυσίαν
3763 3663 4071 3733 ἐχώρησεν.

2485 3769 2574 3831 Ὠς
2606 3766 2844 3835 συνῆψεν
2886 3764 2915 3817 6
2966 3763 3221 3829 Χαγάνος
3257 3760 3387 3830 περὶ⁸
3418 3759 3519 3828 τὴν
3544 3756 3759 3810 Μυσίαν
3792 3756 3933 3824 πρὸς
3963 3756 4073 3805 Κο-

2478 3859 2757 3929 μεντίολον
2787 3856 2985 3927 μάχην,
3004 3853 3263 3922 ἐπιϐουλῇ
3291 3852 3349 3905 δὲ
3377 3848 3741 3918 Κομεντιόλου
3765 3845 4079 3914 διαφθείρε-

2474 3969 2565 4004 ται
2612 3951 2716 4002 ύπδ
2762 3948 2872 4000 τῶν
2914 3946 3207 4017 βαρϐάρων
3245 3943 3307 3995 τὸ
3341 3941 3671 4011 Ῥωμαϊκόν.
3721 3940 3835 3992 Καὶ
3883 3937 4079 4005 φεύγει

2476 4041 2865 4111 Κομεντίολος,
2894 4040 2986 4098 καὶ
3013 4039 3150 4109 πρὸς
3183 4036 3486 4108 Δριζίπερα
3509 4035 3551 4064 ¹⁷
3579 4032 3677 4102 τὴν
3705 4030 3860 4082 πόλιν
3889 4046 4075 4097 παρα-

2477 4134 2707 4202 γίνεται,
2740 4132 2835 4184 καὶ
2867 4130 3253 4199 ἀποπέμπεται
3280 4130 3381 4197 τῆς
3415 4126 3621 4186 πόλεως
3652 4124 3727 4185 ὡς
3754 4120 3959 4188 φυγὰς,
3978 4120 4074 4171 καὶ

2478 4224 2614 4294 πρὸς
2660 4223 2728 4275 τὰ
2767 4222 2953 4291 μακρά
2985 4220 3344 4289 παραγίνεται
3370 4218 3545 4286 τείχη.
3584 4215 3646 4266 Ol
3691 4213 3749 4264 δὲ
3798 4210 4079 4279 βάρϐαροι

2477 4315 2705 4367 κατόπιν
2759 4314 2930 4375 ἰόντες
2985 4311 3198 4380 πρῶτον
3245 4310 3313 4361 τὰ
3364 4306 3666 4375 Δριζίπερα
3697 4300 3947 4372 αἱροῦσι,
3986 4302 4083 4353 καὶ

2475 4405 2569 4457 τὸν
2584 4402 2939 4473 Ἀλεξάνδρου
2960 4401 3055 4453 τοῦ
3086 4401 3362 4469 μάρτυρος
3389 4397 3777 4467 ἐμπρήσαντες
3799 4390 3959 4455 νεὼν,
3986 4390 4083 4441 καὶ

790 4521 887 4592 (5'5
913 4518 952 4591 ).
982 4518 1176 4572 Verum
1206 4517 1384 4569 divina
1423 4528 1545 4566 mox
1573 4510 1703 4562 ultio
1744 4504 1996 4574 martyris
2016 4510 2102 4557 cst
2136 4498 2357 4552 violato-

2477 4495 2537 4548 τὸ
2593 4494 2752 4563 σῶμα
2812 4494 2911 4563 τῆς
2964 4493 3139 4563 θήκης
3187 4490 3519 4559 ὲκσύραντες
3566 4486 3819 4554 ὕϐρισαν.
3854 4482 3989 4533 Θεία
4026 4480 4081 4532 δὲ

789 4628 874 4666 res
905 4619 1218 4664 consecuta.
1253 4607 1469 4672 Septem
1512 4601 1654 4655 enim
1688 4597 1926 4666 Chagani
1964 4594 2054 4647 filii
2104 4606 2210 4645 una
2244 4590 2330 4641 die
2352 4628 2366 4651 ,

788 4702 1063 4772 inguinum
1088 4700 1275 4751 morbo
1300 4692 1556 4761 correpti.
1592 4690 1888 4759 perierunt.
1912 4680 2280 4739 Comentiolus
2309 4679 2362 4731 in

791 4794 875 4846 bis
906 4793 1078 4845 turbis
1117 4783 1582 4852 Constantinopoli
1626 4782 1812 4835 hmret.
1857 4775 2111 4830 Barbaris
2151 4772 2368 4826 interim

790 4884 856 4938 ad
886 4882 1069 4936 Muros
1097 4882 1277 4949 longos
1318 4877 1549 4949 propius,
1574 4871 1974 4928 accedentibus.
2001 4866 2154 4922 Unde
2185 4872 2369 4917 tantus

2478 4587 2604 4657 δίκη
2637 4586 2868 4656 μετῆλθε
2897 4584 3029 4647 τοὺς
3065 4582 3327 4654 ὑϐριστὰς
3372 4581 3465 4633 τοῦ
3519 4580 3822 4650 μάρτυρος·
3857 4575 3959 4647 [ι96
3990 4573 4082 4645 R.]

2480 4678 2621 4732 ἐπτά
2662 4679 2770 4748 γὰρ
2818 4677 3003 4739 παῖδες
3025 4674 3120 4727 τοῦ
3147 4674 3399 4742 Χαγάνου
3421 4675 3478 4726 ὲν
3505 4672 3687 4742 ἡμέρα
3718 4670 3818 4738 μιᾷ
3846 4667 4085 4737 βουϐιῖεσι

2482 4772 2724 4841 περιληφ
2740 4771 2922 4833 θέντες
2949 4770 3332 4836 ἐτελεύτησαν.
3351 4764 3715 4835 Κομεντίολος
3734 4762 3788 4814 δὲ
3816 4761 3957 4830 μετά
3976 4758 4084 4810 τῶν

2484 4859 2730 4931 θορύϐων
2763 4860 2989 4929 ἐνδημεῖ
3015 4861 3082 4929 τῇ
3120 4853 3712 4915 Κωνσταντινουπόλει,
3740 4852 3788 4902 oi
3834 4849 3893 4901 δὲ
3946 4848 4079 4919 βάρ-

2054 4976 2286 5032 νΑιωΕ
2342 4942 2759 5030 LECTIONES.

865 5096 885 5126 ³
912 5095 1021 5147 τῶν
1047 5088 1388 5159 Ἐφθαλιτῶν
1429 5085 1537 5159 τῷν
1564 5082 1819 5159 ἀϐδελῶν.
1840 5080 1957 5159 ἦτοι
1981 5076 2099 5159 τῶν.
2119 5072 2563 5159 ι’ξφταλιτῶνΙΑθ.

793 5138 1018 5229 σατο“ξ;
1067 5138 1400 5230 ’ἶΥ-δέῷρ-ΑᾸ
1435 5138 1449 5207 έ
1484 5153 1659 5223 Ἀγάρ
1698 5170 1759 5217 ς,
1801 5138 2051 5203 inbbeus
2086 5138 2375 5209 Ἀϐασγῶν
2405 5142 2488 5194 vel
2540 5141 2807 5209 Ἀϐάρων.
2892 5142 2912 5170 ⁸
2946 5138 3190 5204 Ταύγας.

793 5235 1053 5263 ..-....._:'...
1094 5234 1119 5263 Α
1229 5234 1249 5263 ο
1284 5229 1619 5263 ἀπείηηηινηρ
1660 5240 1720 5263 σε
1800 5223 1841 5251 ¹⁰
1881 5217 2117 5263 ιιετὰξπε
2174 5230 2235 5263 C.
2328 5214 2368 5244 ”
2403 5212 2500 5262 καὶ
2542 5212 2609 5263 τὰ
2642 5212 2773 5263 περὶ
2811 5210 2877 5262 Α.
2979 5210 3021 5238 ﬂ
3053 5208 3152 5263 τῆς

2403 5227 2500 5262 και
2542 5229 2609 5263 τα
2642 5227 2773 5280 περι
2811 5227 2877 5262 Α.
2981 5227 3021 5238 ··
3053 5227 3152 5276 της
3193 5227 3231 5259 n
3269 5227 3281 5258 :
3316 5227 3410 5255 του
3444 5227 3504 5265 ς.
3612 5227 3652 5230 --
3693 5227 3985 5262 “ww...”

2384 5282 2768 5352 ²⁶δωρήμασιν
2802 5279 3067 5347 Scaliger.
3148 5278 3187 5307 "
3215 5274 3516 5345 Δριξίπερα
3537 5288 3598 5335 ς.
3628 5270 3708 5323 sic
3740 5277 3794 5320 et
3815 5266 3985 5319 infra.

792 5217 1053 5304 γουνιέῶν
1086 5234 1151 5286 Α.
1223 5217 1249 5263 ’³
1284 5217 1722 5304 ἀπείραστοςζς.
1800 5223 1841 5251 ¹⁰
1869 5217 2117 5304 ,μετάξης
2157 5230 2235 5295 ,ς.

798 5283 1253 5358 “Mimanti—add.
1278 5305 1342 5355 Α.
1421 5283 1463 5329 ³⁵
1492 5283 1654 5367 λιμοῦ
1671 5283 1826 5347 'corr.
1856 5283 1899 5341 Ᾱ
1943 5305 1956 5340 :
1993 5283 2217 5355 λοιμοῦς
2243 5302 2303 5350 ς.

2666 5071 2687 5102 δ
2717 5069 2811 5122 καὶ
2833 5067 3108 5129 δουλώσας
3140 5068 3201 5120 τὸ
3239 5064 3390 5125 ἔθνος
3433 5062 3475 5115 Δ
3521 5078 3534 5114 :
3592 5061 3654 5112 τδ
3681 5058 3830 5129 ἔθνος
3854 5054 4087 5129 would):

3270 5104 3538 5201 ξἰἶιόυέρὶ
3558 5104 3652 5182 στί
3682 5104 3733 5201 :5

2979 5210 3021 5238 ¹¹
3053 5195 3163 5276 τῆς
3193 5210 3231 5259 Α
3269 5224 3281 5258 :
3316 5203 3410 5276 τοῦ
3444 5195 3504 5265 ςξ
3612 5200 3669 5276 ⁸³-
3693 5195 3997 5276 Γουνδούης
4030 5211 4086 5258 ς·

2321 5373 2555 5431 NOTAE.

882 5487 989 5557 (2'7
1017 5486 1035 5556 )
1062 5484 1350 5553 Nicephor.
1379 5482 1473 5535 lib.
1512 5494 1671 5557 svnt,
1704 5492 1825 5557 c_a_p.

872 5539 1121 5681 (‘P28fDe
1144 5539 1230 5608 lti's
1246 5558 1404 5607 etiam
1449 5566 1607 5617 supra
1636 5539 1687 5601 in
1714 5539 2049 5613 Tlicophane,
2094 5539 2379 5609 Byzantio,

930 5643 1108 5681 rocoo.
1142 5626 1233 5678 lib.
1266 5639 1341 5681 tv,
1375 5633 1427 5673 et
1462 5620 1753 5681 Niceplmr.
1808 5617 1843 5668 l.
1879 5629 2031 5677 xvm,
2060 5626 2182 5679 cap.
2214 5610 2302 5681 '50.

798 5639 852 5686 et
876 5610 1108 5693 ‘Procop.
1142 5626 1233 5678 lib.
1266 5639 1341 5686 tv,
1375 5633 1427 5673 et
1462 5610 1753 5686 Niceplmr.
1808 5617 1843 5668 l.
1869 5610 2031 5677 svnt,
2060 5626 2182 5679 cap.
2214 5610 2302 5662 '50.

874 5697 983 5766 (‘29
1010 5700 1024 5763 )
1057 5696 1168 5765 Τῆς
1202 5694 1461 5763 μετάξης.
1481 5689 1732 5766 Μέταξαν
1749 5687 1981 5766 sericum
2006 5696 2126 5766 esse
2155 5680 2383 5766 crudum

808 5751 1039 5824 nondum
1062 5751 1224 5818 lotum
1242 5803 1256 5826 ,
1284 5751 1458 5830 neque
1481 5760 1733 5830 tinctum,
1760 5755 1851 5808 sed
1874 5751 2139 5830 αὐτοφυξες
2163 5766 2175 5801 :
2197 5764 2262 5800 ex
2285 5762 2390 5826 qua

808 5817 1130 5895 vestimenta
1149 5817 1330 5891 rscr'ica
1371 5817 1745 5887 'couliciantur
1775 5828 1974 5881 docent
2000 5817 2389 5887 lexicograplii.

2494 5465 2629 5521 Vide
2661 5464 2884 5519 Suidam
2925 5478 3054 5517 voce
3080 5462 3253 5531 Σῆρες
3282 5468 3335 5513 et
3361 5455 3593 5531 Συρική.

2560 5539 2696 5607 (30')
2725 5536 2944 5607 Niceph.
2972 5534 3065 5586 lib.
3095 5527 3251 5593 xviii,
3284 5544 3404 5595 cap.
3430 5527 3513 5579 15.

2563 5605 2665 5677 (δι
2696 5608 2711 5675 )
2746 5605 2879 5677 tum.

2566 5661 2708 5743 {32),
2738 5676 2867 5727 Vide
2892 5688 3008 5743 qua:
3036 5670 3338 5725 notavimus
3362 5662 3631 5743 supLAadﬁ
3648 5661 3806 5733 hujus
3826 5662 4104 5722 auctoris.

2568 5734 2714 5816 (ὅδ’)
2747 5734 2969 5815 Nicepb.
3007 5744 3103 5797 lib.
3131 5753 3281 5807 svnt,
3311 5734 3437 5804 cap.
3455 5734 3545 5787 28.
