4210 6442
161 379 261 446 157

1281 390 1805 457 BlBLIOTHECA.
1844 420 1916 433 -
1953 398 2114 461 COD.
2151 402 2317 466 LXV.

3314 409 3420 477 158

157 496 323 563 ϐαροι
354 495 485 562 τοῖς
502 512 753 564 μακροις
782 502 1401 571 πλησιαςουσιτείχεσι.
1436 507 1547 558 Καὶ
1577 508 1628 557 οἱ
1646 507 1743 559 τοῦ

1848 511 2471 585 Caustantinopolitanos
2512 527 2688 569 terror
2723 515 2957 580 invasit,
3007 525 3065 570 ut
3118 517 3183 572 de
3222 517 3435 590 Europa

158 584 465 649 Βυζαντίου
499 588 591 639 ἐπὶ
616 587 869 640 τοσοῦτον
898 590 1105 643 ἔδεισαν
1127 632 1141 653 ,
1173 592 1248 655 ὡς
1297 596 1390 646 καὶ
1433 597 1751 651 καταλιπεῖν

159 677 441 747 Εὐρώπην
473 681 566 730 καὶ.
596 680 732 747 πρὸς
765 681 861 750 τὴν
886 682 1070 733 Ἀσίαν
1100 686 1472 754 περαιωθῆναι
1504 688 1749 756 διεμελέ-

156 785 359 835 τησαν.
392 770 764 837 Πρεσϐεύεται
800 772 845 823 δ’
873 773 966 825 οὖν
992 774 1137 842 ὅμως
1166 778 1194 825 ὀ
1227 776 1476 843 βασιλεὺς
1502 779 1636 846 πρὸς
1656 779 1747 831 τὸν

157 860 417 926 Χάγανον
465 861 533 913 δι’
560 864 926 931 ’Δρμάτω-ιος,
962 868 1056 919 καὶ
1099 866 1291 937 δώροις
1341 868 1610 937 λαμπροῖς
1654 872 1747 922 καὶ

157 953 515 1023 προσθήκαις
545 955 747 1023 χρυσοῦ
784 957 1031 1023 χιλιάδων
1059 958 1231 1010 εἴκοσι
1260 960 1434 1012 πείθει
1466 963 1618 1029 μόλις
1649 964 1746 1029 τὴν

158 1045 390 1114 είρήνην
424 1046 703 1111 δέξασθαι,
736 1048 983 1115 λέγοντα·
1007 1049 1203 1115 Κρίναι
1238 1052 1265 1102 6
1294 1049 1425 1113 Θεὸς
1454 1053 1554 1104 ἀνά
1585 1054 1748 1118 μέσον

159 1136 422 1200 Χαγάνου
453 1140 547 1191 καὶ
578 1140 886 1209 Μαυρικίου
917 1141 1008 1192 καὶ
1033 1142 1135 1194 ἀνὰ
1164 1142 1630 1211 μέσονῬωμαίων
1654 1147 1747 1198 καὶ

157 1228 414 1299 Ἀϐάρων
440 1232 505 1284 ¹⁸.
538 1234 673 1300 Περὶ
702 1235 810 1286 τῶν
841 1235 1114 1302 φανέντων
1149 1218 1629 1305 ἀνθρωπομόρφων
1656 1256 1745 1291 τε-

160 1320 343 1389 ράτων
370 1325 431 1373 ὲν
458 1326 570 1384 τοῖς
593 1324 853 1393 Νειλῷοις
886 1326 1061 1391 ὕδασι,
1093 1329 1186 1380 καὶ
1221 1331 1350 1399 περὶ
1381 1329 1479 1398 τῆς
1505 1330 1598 1383 τοῦ
1619 1332 1746 1383 Νεί-

157 1410 247 1463 λου
300 1413 628 1476 ἀναϐάσεως
672 1416 819 1479 δόξαι
869 1417 1133 1487 διάφοροι.
1170 1419 1229 1472 '0
1279 1420 1335 1472 δὲ
1388 1424 1745 1491 συγγραφεὺς

156 1503 563 1574 ’Ᾱγαθαρχίδου
588 1509 628 1538 ¹⁹
657 1506 750 1559 τοῦ
788 1509 1000 1561 Κνιδίου
1031 1509 1121 1579 [Π
1146 1510 1236 1581 Η.]
1268 1514 1334 1581 τῇ
1374 1512 1497 1581 δόξῃ
1522 1514 1745 1580 προστί-

157 1594 311 1647 θεται
338 1612 352 1625 ·
380 1599 519 1666 φησὶ
540 1600 594 1651 δὲ
620 1594 775 1651 οὗτος
799 1601 881 1651 ἀν’
897 1601 941 1632 ³⁸
969 1600 1085 1663 ἔτος
1108 1603 1337 1655 ἕκαστον
1375 1604 1432 1655 ὲν
1468 1607 1579 1667 τοῖς
1604 1604 1746 1658 κατὰ

156 1685 255 1754 τὴν
286 1687 583 1740 Αἰθιοπίαν
615 1690 884 1757 μεγάλους
926 1693 1019 1744 καί
1068 1696 1309 1761 συνεχεῖς
1359 1694 1602 1761 γίνεσθαι
1646 1696 1745 1764 δμ-

159 1778 327 1844 ϐρους
355 1780 471 1831 ἀπὸ
507 1780 737 1850 θερινῶν
766 1783 982 1850 τροπῶν
1015 1783 1174 1853 μέχρι
1204 1786 1305 1853 τῆς
1333 1788 1621 1857 ἰσημερίας
1644 1789 1744 1858 τῆς

158 1871 214 1919 έν
248 1869 329 1938 τῷ
380 1871 689 1941 μετοπώρῳ
738 1872 1027 1941 γινομένης
1083 1873 1203 1926 καθ’
1225 1875 1458 1929 ἕκασται
1510 1877 1747 1945 εὐλόγως

155 1958 249 2012 οὖν
270 1962 366 2013 τὶν
393 1962 593 2015 Νεῖλον
614 1965 671 2015 έν
704 1964 802 2031 μὲν
825 1964 902 2031 τῷ
929 1963 1156 2034 χειμῶνι
1180 1966 1584 2029 συστέλλεσθαι,
1604 1969 1745 2022 κατὰ

157 2053 320 2120 φύσιν
370 2052 567 2122 ἔχοντα
605 2054 759 2122 ῥύσιν
805 2055 911 2106 ἀπὺ
958 2056 1132 2122 μόνων
1160 2055 1268 2107 τῶν
1301 2057 1490 2109 ἑαυτοῦ
1530 2058 1742 2127 πηγῶν,

157 2144 298 2194 κατὰ
349 2141 408 2193 δὲ
456 2141 520 2192 τὸ
554 2140 712 2211 θέρος
758 2143 844 2193 διὰ
886 2145 1009 2205 τοὺς
1042 2144 1252 2197 ἐκεῖθεν
1282 2147 1635 2215 ἐκχεομένους
1667 2149 1746 2210 είς

156 2233 320 2284 αὑτὸν
353 2232 601 2301 ὄμϐρους
631 2233 931 2301 λαμϐάνειν
959 2234 1055 2306 τὴν
1085 2234 1331 2304 αὕξησιν.
1368 2237 1554 2291 Ταῦτα
1584 2238 1683 2309 μὲν
1702 2242 1743 2271 ²¹

156 2326 251 2376 καὶ
274 2326 306 2376 6
334 2324 594 2393 ἕϐδομος.

237 2418 299 2470 Ὀ
333 2417 395 2469 δὶ
436 2417 641 2485 ὄγδοος,
673 2418 829 2484 λόγος
872 2419 1223 2489 διαλαμϐάνει
1261 2422 1411 2485 ὅπως
1441 2424 1469 2476 6
1498 2422 1746 2494 Χοσρόης

154 2506 241 2558 διὰ
276 2506 382 2569 τὰς
414 2507 720 2576 ἐπιδρομὰς
770 2509 879 2560 τῶν
930 2509 1259 2578 Σαρακηνῶν
1304 2512 1411 2563 τῶν
1464 2513 1565 2565 ὑπὸ
1609 2513 1747 2565 Ῥω-

160 2598 351 2665 μαίοις
396 2600 746 2666 ταττομένων
782 2599 938 2652 λῦσαι
989 2600 1085 2662 τάς
1131 2602 1363 2664 σπονδὰς
1409 2603 1746 2673 ἐνεχείρησε,

158 2690 442 2758 Γεωργῐου
474 2690 530 2741 δὲ
565 2692 701 2770 πρὸς
730 2692 893 2744 αὑτὸν
918 2691 1201 2755 σταλέντος
1231 2696 1283 2745 αί
1322 2694 1546 2747 σπονδαὶ
1582 2713 1751 2764 μεμε-

160 2782 364 2847 νήκασι
386 2796 403 2813 ο
436 2782 533 2834 καὶ
571 2782 841 2851 Γεώργιος
869 2785 1193 2853 ἀτιμάζεται
1226 2785 1301 2848 ὡς
1327 2788 1573 2851 είπόντος
1612 2790 1753 2841 Χοσ-

162 2874 288 2943 ρόου
335 2875 427 2928 διὰ
463 2875 738 2945 Γεώργιον
780 2876 1068 2939 ἀλύτουςη
1114 2882 1303 2949 τηρεῖν
1347 2880 1443 2942 τὰς
1499 2881 1749 2946 σπονδὰς,

161 2965 276 3015 ἀλλ’
307 2964 371 3015 οὐ
401 2963 495 3016 διὰ
523 2965 613 3017 τὸν
648 2966 873 3034 βασιλέα
908 2968 1427 3038 Μαυρίκιον.”οπιι›ς
1452 2988 1510 3022 τε
1540 2972 1751 3039 Κομεν-

160 3054 337 3115 τίο).ος
370 3056 668 3124 προδοσίας
697 3058 959 3125 κρίνεται,
991 3060 1085 3112 καὶ
1128 3060 1418 3126 διαλλαγαὶ
1467 3062 1572 3114 τῶν
1614 3062 1749 3115 Ῥω-

166 3146 385 3213 μαῐκῶν
422 3149 846 3217 στρατευμάτων
898 3150 1035 3218 πρὸς
1076 3151 1257 3216 αὑτὸν,
1288 3153 1379 3204 καὶ
1418 3153 1564 3216 ὅπως
1592 3150 1747 3218 αὖθις

164 3234 268 3285 ὑπὸ
323 3233 419 3286 τοῦ
474 3236 872 3307 αὐτοκράτορος
908 3239 1213 3308 στρατηγὸς
1246 3240 1547 3295 στέλλεται.
1585 3243 1748 3311 Μάχη

173 3323 467 3393 Ῥωμαίων
485 3327 580 3377 καὶ
599 3326 865 3398 Ἀϐάρων,
885 3330 1314 3398 στρατηγοῦντος
1336 3331 1576 3398 Πρίσκου
1598 3334 1691 3384 καὶ
1707 3333 1751 3363 ’³

165 3417 560 3486 Κομεντιόλου,
592 3419 685 3470 καὶ
716 3420 1070 3486 Κομεντιόλου
1111 3420 1208 3489 μὲν
1237 3422 1523 3491 ἀπομάχου
1556 3423 1645 3475 διά
1670 3440 1751 3475 τι·

163 3525 261 3572 νας
295 3510 694 3578 προσποιήσεις
724 3510 875 3573 ὄντος
894 3550 909 3572 ,
948 3511 1186 3581 Πρίσκου
1211 3512 1267 3564 δὲ
1297 3512 1375 3582 τῷ
1406 3514 1752 3584 στρατοπέδῳ

167 3603 439 3671 παρόντος
474 3603 748 3671 Ἀριστεία
763 3605 1049 3672 Ῥωμαίων
1066 3607 1163 3657 καὶ
1184 3605 1460 3674 ἀναίρεσις
1472 3606 1577 3658 τῶν
1594 3607 1754 3660 Ἀϐά-

169 3712 279 3763 ρων
324 3693 498 3764 μέχρι
542 3696 821 3763 τεσσάρων
857 3695 1127 3764 χιλιάδων.
1164 3698 1403 3766 Δευτέρα
1445 3699 1625 3767 μάχη,
1658 3698 1753 3752 καὶ

166 3786 454 3855 ἀναίρεσις
507 3786 615 3838 τῶν
660 3788 837 3838 αὐτῶν
892 3788 1017 3856 ἄχρι
1062 3788 1315 3856 χιλιάδων
1366 3788 1540 3841 ἐννέα.
1582 3790 1750 3860 Τρίτη

172 3879 342 3946 μάχη,
371 3878 471 3929 καὶ
493 3877 571 3929 ἔτι
591 3876 698 3927 τῶν
720 3879 897 3930 αὐτῶν
920 3878 1147 3948 ί5λεθρος
1172 3880 1332 3948 μέχρι
1357 3882 1751 3933 πεντεκαίδεκα

170 3966 448 4033 χιλιάδων.
484 3966 730 4035 Τετάρτη
770 3970 939 4037 μάχη,
971 3968 1065 4019 καὶ
1110 3968 1234 4037 νίκη
1269 3969 1431 4020 πάλιν
1466 3970 1750 4037 Ῥωμαίων

169 4058 424 4128 λαμπρὰ,
460 4059 554 4110 καὶ
591 4059 867 4128 ἀναίρεσις
899 4060 1143 4129 Ἀϐάρων
1159 4062 1205 4091 ’⁵
1246 4062 1361 4131 ἅμα
1408 4061 1688 4131 Γηπαίδων
1704 4064 1749 4093 ’⁵

171 4149 429 4217 χιλιάδων
474 4148 786 4214 τριάκοντα.
824 4150 1051 4220 Ιιέμπτη
1099 4151 1270 4220 μάχη,
1322 4150 1415 4203 καὶ
1464 4152 1584 4222 νίκη
1622 4153 1751 4205 Ῥω-

172 4240 370 4305 μαίων,
403 4242 501 4291 καὶ
528 4238 805 4307 ἀναίρεσις
838 4241 1084 4310 ’Λϐάρων
1104 4282 1117 4304 ,
1156 4243 1247 4293 καὶ
1281 4241 1482 4305 ἅλωσις
1510 4242 1617 4294 τῶν
1650 4244 1748 4312 μὲν

168 4331 568 4401 ζωγρηθέντων
601 4332 843 4402 ’Λϐάρων
885 4334 1215 4403 τρισχιλίων,
1246 4335 1421 4387 ἄλλων
1446 4335 1502 4387 δὲ
1545 4336 1750 4404 βαρϐά-

167 4439 274 4490 ρων
304 4423 780 4491 τετρακισχιλίων,
812 4425 901 4475 ml.
936 4424 1137 4490 ἑτέρων
1164 4424 1441 4492 δισχιλίων
1489 4426 1584 4476 καὶ
1627 4425 1743 4477 δια-

1859 605 2150 659 deserenda
2177 644 2193 668 ,
2220 616 2273 662 et
2303 608 2355 662 in
2387 609 2567 662 Asiam
2595 609 3010 663 transmittendo
3036 610 3431 669 deliberarent.

1858 694 2205 760 Legationem
2235 699 2417 767 itaque
2448 700 2719 766 extemplo
2748 701 3043 768 imperator
3076 717 3169 771 per
3203 701 3431 756 Harma-

1859 794 2034 837 tonam
2059 786 2125 839 ad
2153 786 2463 856 Chaganum
2491 791 2805 841 mittendam
2833 790 3071 851 censuit,
3108 792 3434 857 splendidis-

1856 890 1961 944 que
1993 878 2322 940 muneribus,
2351 890 2406 932 et
2448 881 2634 949 viginti
2668 880 3025 932 milliumauri
3054 884 3229 948 pomlo
3248 899 3431 937 acces—

1856 969 2006 1020 sione
2032 1007 2045 1029 ,
2076 983 2257 1035 pacem
2286 985 2424 1037 aegre
2458 970 2682 1023 redemit
2720 989 2732 1023 :
2763 970 2974 1024 dicente
3005 972 3094 1024 illo
3124 989 3137 1023 :
3174 991 3191 1021 ι
3222 970 3434 1025 Judieet

1859 1054 1999 1105 Deus
2033 1052 2343 1122 Cliaganum
2389 1055 2528 1108 inter
2555 1065 2607 1107 et
2650 1054 2980 1120 Mauritium,
3027 1073 3275 1111 romanos
3306 1059 3432 1111 item

1858 1143 1997 1196 inter
2026 1143 2165 1212 32a
2195 1159 2259 1199 ac
2292 1143 2613 1199 Barbarus.)
2656 1145 2727 1198 De
2763 1148 3012 1199 monstris
3036 1148 3166 1214 (ὅδ’)
3203 1149 3453 1201 humana.

1857 1234 2026 1286 forma
2060 1237 2109 1287 in
2148 1236 2263 1289 Nilo
2289 1234 2510 1289 ﬂumine
2551 1239 2680 1291 visis
2706 1276 2724 1299 ,
2757 1240 2929 1305 deque
2961 1237 3066 1292 Nili
3097 1239 3433 1292 incremento

1855 1338 2014 1397 atque
2040 1331 2290 1386 eluvione
2324 1332 2483 1384 varia:
2512 1334 2991 1400 discrepantesque
3016 1333 3318 1386 sententiae.
3339 1334 3435 1387 llic

1855 1436 1983 1475 vero
2030 1421 2263 1489 scriptor
2298 1420 2669 1490 Agathareidu:
2708 1419 2904 1474 Gnidio
2942 1424 3275 1493 assentitur(
3296 1424 3365 1478 56
3389 1424 3430 1493 ).

1854 1510 2154 1576 Quotannis
2186 1511 2328 1564 enim
2375 1510 2460 1562 ille
2491 1511 2564 1562 ait
2610 1511 2662 1562 in
2698 1509 2987 1578 Ethiopize
3027 1512 3161 1567 locis
3200 1529 3423 1583 magnos

1854 1602 2303 1670 continentesque
2337 1601 2460 1654 coeli
2497 1601 2697 1654 imbres
2724 1602 2969 1655 decidere
3014 1602 3081 1654 ah
3109 1603 3293 1658 aestivo
3323 1605 3433 1658 sol-

1852 1694 2000 1747 stitio
2019 1734 2033 1757 .
2064 1696 2129 1747 ad
2147 1693 2569 1761 ttsqueattlumtti
2598 1690 3001 1758 aequinoctium.
3029 1691 3141 1745 Non
3169 1693 3284 1746 sine
3300 1708 3433 1748 cau-

1851 1799 1909 1837 sa
1941 1786 2119 1853 itaque
2150 1786 2427 1854 angustius
2459 1785 2637 1838 hieme
2683 1784 2859 1837 Nilum
2890 1781 3055 1836 ﬂuere
3079 1823 3094 1846 ,
3129 1784 3269 1852 quod
3308 1799 3433 1838 suas

1780 1862 1821 1919 Β
1851 1876 2107 1930 duntaxat
2133 1894 2164 1931 e
2191 1876 2424 1930 fontibus
2450 1885 2637 1943 suapte
2652 1886 2843 1928 natura
2871 1886 3021 1927 natas
3040 1876 3199 1927 vehat
3223 1876 3430 1940 undas;

1846 1977 2137 2034 atasstate,
2168 1970 2577 2023 decurrentibus
2613 1968 2665 2021 in
2698 1965 2877 2020 Nilum
2901 1982 2967 2020 ex
3006 1964 3283 2032 Etltiopia
3328 1966 3401 2019 im

1846 2059 2057 2127 bribus,
2078 2075 2327 2115 crescere
2347 2061 2571 2113 nimium
2590 2069 2851 2129 quantum
2872 2098 2907 2125 η
2924 2066 3085 2127 atque
3124 2057 3336 2126 augeri.
3362 2055 3429 2110 Et

1849 2154 2207 2223 luce-quidem
2238 2153 2375 2207 libro
2395 2153 2648 2221 septimo.

1919 2425 2153 2480 Octavus
2174 2427 2286 2478 lucc
2307 2424 2415 2478 fere
2430 2422 2825 2491 complectitur:
2843 2419 3114 2475 Cliosroen
3134 2417 3203 2470 ob
3219 2415 3428 2469 illorum

1853 2514 2245 2569 Saracenorum
2294 2512 2406 2581 (35)
2435 2554 2449 2577 ,
2479 2512 2569 2578 qui
2616 2508 2877 2562 Romanis
2910 2507 3204 2575 parebant,
3244 2505 3430 2557 incur-

1852 2606 2059 2664 siones.
2095 2616 2343 2670 rumpere
2392 2599 2636 2653 inducias
2674 2610 2952 2661 conatum,
2986 2594 3200 2661 Georgii
3250 2602 3428 2646 tamen

1854 2695 2118 2762 legatione
2138 2707 2474 2759 persuasum,
2508 2688 2681 2744 foedus
2709 2699 2912 2741 sartmn
2938 2697 3135 2740 tectum
3164 2699 3426 2749 servasse;

1862 2784 2153 2852 Georgium
2181 2782 2291 2853 (56)
2320 2798 2445 2835 vero
2469 2782 2699 2835 Cmsaris
2723 2780 3142 2848 indignationem
3171 2778 3430 2831 incurris-

1852 2890 1947 2937 se,
1976 2874 2118 2942 quod
2140 2874 2404 2927 Cliosroes
2442 2872 2668 2925 dixisset
2717 2884 2798 2931 se.
2843 2868 3055 2947 Georgii
3090 2868 3425 2937 potissimum

1850 2965 2021 3033 gratia
2052 3004 2068 3028 ,
2106 2979 2210 3017 non
2248 2965 2587 3031 imperatoris
2617 2960 2857 3014 Mauricii
2889 2973 3051 3012 causa
3072 2997 3087 3021 ,
3114 2968 3282 3010 ratam
3321 2973 3418 3025 pa—

1855 3074 1971 3113 cem
2004 3055 2219 3120 fecisse,
2249 3065 2305 3107 ut
2334 3051 2699 3108 Comentiulus
2729 3050 3043 3119 proditionis
3075 3064 3197 3103 reus
3237 3059 3421 3112 actus.

1856 3166 1976 3204 mox
2011 3147 2375 3202 Romanorum
2406 3144 2505 3197 sibi
2546 3143 2773 3196 militum
2806 3142 3033 3203 animos,
3079 3138 3421 3204 conciliarit;

1854 3255 2143 3313 atqueeam
2172 3240 2241 3293 ob
2259 3254 2370 3292 rem
2388 3240 2492 3291 dux
2520 3238 2711 3292 iterum
2726 3236 2996 3290 exercitus
3016 3234 3082 3288 ab
3102 3234 3424 3302 imperatore

1855 3344 2065 3388 creatus
2098 3334 2188 3387 sit.
2241 3330 2604 3384 Romanorum
2654 3344 2830 3398 pugna
2884 3336 3339 3382 commemoratur
3371 3332 3426 3377 et

1852 3425 2175 3487 Abarorum,
2196 3422 2380 3476 Prisco
2403 3421 2801 3475 etComentiolo
2818 3419 3041 3472 ducibus
3058 3436 3071 3472 :
3088 3417 3426 3472 Comentiolo

1855 3523 2032 3567 tamen
2056 3513 2241 3566 nescio
2264 3513 2389 3579 quid
2429 3520 2683 3565 causante
2706 3550 2721 3573 ,
2754 3519 2808 3564 et
2841 3525 2868 3561 a
2901 3523 3070 3578 pugna
3103 3508 3421 3571 abstinente,

1854 3604 2177 3661 Priseovero
2194 3605 2380 3673 copias
2396 3605 2646 3657 ducente.
2670 3602 2890 3655 Militum
2924 3599 3289 3654 Romanorum
3321 3599 3425 3652 l‘or-

1876 3700 2070 3761 titudo,
2089 3708 2139 3752 et
2160 3698 2457 3751 Abarorum
2478 3697 2649 3749 caedes
2668 3703 2899 3763 quatuor
2916 3691 3421 3745 millium.Pr:elium

1855 3793 1982 3845 item
2006 3789 2233 3843 alterum
2252 3828 2267 3853 ,
2294 3789 2715 3855 eormmlemque
2740 3785 3041 3839 Abarorum
3076 3782 3297 3835 millium
3325 3796 3422 3833 no-

1850 3896 1970 3934 vem
2011 3890 2239 3946 strages.
2277 3877 2456 3930 Tertia
2492 3890 2667 3944 pugna
2699 3890 2819 3928 eum
2854 3873 3164 3943 quindecim
3198 3871 3421 3923 millium

1851 3973 2002 4026 clade
2031 3972 2352 4023 Abarorum.
2388 3967 2660 4032 Quartum
2690 3980 2873 4019 rursus
2902 3965 3143 4033 praelium
3163 3962 3421 4016 illustres"

1851 4062 2111 4117 Romanis
2159 4060 2438 4116 victoriam
2485 4058 2803 4119 concessit,
2848 4056 2999 4109 casis
3043 4055 3110 4108 ad
3148 4054 3425 4106 'interne-

1850 4157 2059 4211 cionem
2088 4152 2387 4206 Abarorum
2414 4160 2467 4203 et
2497 4149 2795 4217 Gepaadum
2840 4148 2946 4216 (57
2973 4152 2990 4215 )
3047 4147 3266 4214 triginta
3301 4144 3417 4197 mil-

1852 4249 2010 4302 libus.
2062 4244 2257 4311 Quinta
2309 4244 2360 4296 in
2421 4255 2595 4311 pugna
2654 4254 2817 4308 penes
2873 4238 3143 4291 Romanos
3198 4236 3421 4288 victoria

1849 4353 2061 4408 quoque
2088 4337 2235 4391 stetit
2270 4355 2284 4390 :
2320 4335 2443 4387 cmsi
2468 4334 2721 4401 captique
2752 4332 2912 4383 Abari
2936 4370 2951 4394 ,
2977 4344 3042 4383 ac
3062 4328 3169 4381 vivi
3203 4327 3420 4396 quidem

1852 4434 1904 4485 in
1924 4439 2238 4499 potestatem
2261 4440 2457 4481 venere
2482 4426 2547 4479 ad
2582 4427 2686 4477 tria
2720 4422 2881 4475 millia
2907 4462 2922 4487 ,
2952 4428 3273 4474 ceterorum
3289 4418 3423 4472 Bar-

165 4515 384 4575 κοσέων,
418 4513 517 4565 καὶ
547 4513 801 4582 Σαϐήνων
818 4515 862 4545 ⁸⁸
891 4515 1140 4583 χιλιάδων
1167 4516 1309 4567 ὀκτώ
1330 4532 1343 4545 ⁸
1378 4515 1438 4579 ἐξ
1467 4509 1540 4568 ὧν
1568 4519 1595 4569 6
1629 4518 1742 4569 Xa-

1850 4520 2101 4572 barorum
2130 4515 2638 4585 quatuor;aliorum
2664 4510 2729 4562 ad
2777 4510 2889 4563 lucc
2912 4510 3018 4562 duo
3058 4507 3221 4561 millia
3256 4517 3307 4560 et
3327 4508 3424 4559 du-

165 4606 329 4669 γάνος
355 4605 647 4671 ἀπατήσας
681 4606 771 4656 τὸν
802 4606 1176 4675 αὐτοκράτορα
1206 4608 1329 4668 τοὺς
1359 4605 1746 4677 ζωγρηθέντας

176 4693 443 4762 ’Δϐάρους
493 4695 740 4747 ἀνέλαϐε.
774 4696 908 4765 Περὶ
941 4697 1039 4765 τῆς
1072 4699 1428 4767 Κομεντιόλου
1475 4700 1744 4769 μελαγχοο

163 4786 302 4847 λίας,
344 4786 441 4837 καὶ
472 4786 619 4849 ὅπως
646 4788 712 4855 τῇ
744 4788 932 4839 τούτου
962 4789 1185 4860 ἀϐουλίᾳ
1206 4790 1405 4859 πλῆθος
1433 4791 1739 4860 Ῥωμαίων,

165 4878 297 4943 πρὸς
313 4877 745 4930 Φιλιππούπολιν
776 4880 1102 4946 ἀπαίροντος
1120 4883 1182 4945 ’⁷,
1201 4882 1279 4949 τῷ
1297 4884 1449 4951 κρύει
1467 4882 1737 4937 διώλοντο.

174 4966 259 5029 Ὦς
290 4968 503 5037 Πέτρος
528 4967 681 5033 αὖθις
708 4970 1014 5039 στρατηγὸς
1058 4972 1155 5039 τῆς
1198 4972 1467 5042 Εὐρώπης
1513 4974 1617 5025 ὑπὸ
1641 4973 1736 5025 τοῦ

1849 4613 2085 4677 centi,et
2112 4610 2425 4663 Sclavoruiu
2459 4618 2580 4659 octo
2607 4605 2793 4658 millia.
2833 4603 3018 4657 Postea
3062 4612 3240 4657 tamen
3282 4600 3425 4655 Cha-

1848 4718 2053 4771 ganus,
2085 4701 2307 4767 decepto
2340 4698 2598 4752 Mauricio
2626 4699 2983 4764 imperatore,
3018 4695 3174 4747 vivos
3212 4694 3423 4746 Aburos

1846 4794 2069 4862 recepit.
2096 4792 2167 4845 De
2182 4791 2503 4845 Comeutioli
2525 4786 2806 4859 prmfraeto
2825 4784 3161 4855 moerore(38
3182 4784 3232 4852 );
3259 4794 3423 4849 utque

1844 4885 1960 4953 ejus
1992 4885 2293 4937 temeritate
2324 4881 2689 4936 Rmnanorum
2728 4881 2926 4947 coiiize,
2956 4892 3091 4946 quas
3128 4880 3191 4928 ad
3223 4876 3424 4944 Philip-

1848 4972 2077 5041 popolim
2096 4973 2361 5041 proﬁcisci
2383 4972 2620 5041 iubebat,
2638 4971 2833 5042 frigore
2848 4973 2954 5026 sint
2968 4970 3267 5023 exstinctae.
3287 4967 3425 5034 Quo-

1480 5102 1717 5158 VARIIE
1754 5098 2050 5157 LECTION
2058 5100 2161 5154 ES.

234 5222 278 5253 “
321 5220 574 5288 Ἀϐάρων
607 5222 676 5273 A:
713 5222 1004 5295 βαρϐάρων
1028 5243 1087 5289 ς.
1120 5227 1162 5258 ¹⁹
1209 5225 1603 5295 Ἀγαθαρχίδου
1631 5225 1922 5278 Sclioltus:
1949 5222 2067 5275 libri
2096 5220 2413 5291 ἀναρχίδου.

234 5292 338 5327 ..ιηι
363 5293 551 5327 ιιηηη,
571 5293 770 5327 null-nn
795 5294 1026 5327 n..........
1053 5297 1141 5327 es.
1196 5313 1207 5327 .
1261 5297 1313 5327 ιι
1424 5299 1464 5327 ιι
1493 5297 1591 5327 ..ιη
1616 5292 1708 5327 ηπ..
1730 5295 1819 5327 ut
1844 5311 1881 5327 ρ
1982 5295 2025 5324 η
2042 5291 2270 5327 n.1,...“-
2294 5292 2322 5327 Α
2372 5310 2413 5327 .η

696 5306 770 5345 ito
795 5295 1026 5346 Diodoro
1053 5297 1162 5351 Sic.
1196 5313 1231 5355 ι,
1256 5297 1343 5349 41.
1424 5299 1464 5327 ¹¹
1492 5297 1591 5365 μὲν
1616 5295 1708 5348 οὖν
1730 5295 1823 5346 καὶ
1844 5311 1903 5357 ς.
1982 5295 2025 5324 ²¹
2042 5295 2329 5354 άλύτουςΑ
2372 5310 2385 5344 :
2412 5295 2611 5349 αὐτοὺς
2639 5306 2701 5351 ς.
2778 5295 2823 5316 ³³
2846 5295 3067 5339 alterum
3093 5295 3186 5336 καὶ
3205 5295 3419 5352 Κομεν-

696 5363 741 5392 ⁸⁵
786 5362 1031 5435 ’Δὸάρων
1053 5367 1135 5418 A:
1172 5366 1465 5437 βαρϐάρων
1485 5385 1543 5430 ς.
1608 5367 1655 5397 ³⁵
1685 5365 1938 5435 γηπέδων
1968 5362 2033 5417 Α.
2104 5362 2153 5404 ³⁸
2179 5362 2506 5431 Σιλαϐήνων
2566 5374 2674 5428 mg.
2734 5357 2779 5387 ³⁷
2811 5356 3135 5424 ἁπαίροντες
3191 5369 3419 5424 ιιρυςτειο

165 5292 338 5344 derim
363 5293 551 5359 ὄρεσιν
571 5293 770 5345 collato
795 5292 1026 5346 Diodoro
1053 5297 1162 5351 Sic.
1196 5313 1231 5355 ι,
1256 5297 1343 5349 41.

165 5364 342 5412 τιὸ).ου
372 5363 500 5412 add.
533 5362 579 5412 Α
696 5363 741 5392 ⁸⁵
786 5362 1031 5412 ’Δῦἀοων
1053 5367 1096 5412 Δ
1123 5386 1135 5412 :
1174 5366 1343 5412 Βσοϐά

162 5364 342 5413 τιό).ου
372 5363 500 5412 add.

166 5432 329 5498 phum
386 5430 677 5499 Stephani.

2514 5219 2559 5249 "
2589 5216 2694 5269 άνὰ
2725 5233 2783 5280 ς.
2808 5224 2928 5283 post
2951 5213 3237 5268 Αίθιοπίαν
3266 5213 3419 5266 addi-

1982 5286 2329 5354 ²¹ὰλύτουςΑ
2372 5310 2385 5344 :
2412 5288 2611 5349 αὐτοὺς
2639 5306 2701 5351 ς.
2778 5286 2823 5316 ’⁸
2846 5286 3067 5339 alterum
3093 5287 3186 5336 καὶ
3205 5287 3419 5352 Κομεν-

1676 5524 1907 5581 ΝΟΤᾹΞ.

234 5595 400 5661 (55')
430 5595 649 5660 Niceph.
692 5596 789 5651 lib.
818 5612 950 5650 xvm
973 5636 986 5661 ,
1022 5596 1190 5664 6.,26.
1232 5597 1303 5651 De
1336 5596 1456 5651 Nilo
1493 5598 1611 5651 vide
1642 5597 1742 5652 lle-

169 5668 413 5717 rodotum
462 5674 516 5716 et
544 5664 753 5719 Melam.

240 5734 378 5799 (54)
408 5733 493 5785 Al.
518 5734 863 5787 Anarcltidm.

234 5806 250 5869 (
270 5803 340 5856 35
362 5810 381 5871 )
407 5802 647 5871 Duplieis
666 5800 882 5872 generis
909 5804 1209 5861 Saracenos
1226 5806 1359 5862 alios
1382 5805 1564 5861 Persis
1585 5844 1602 5873 ,
1626 5805 1735 5861 lto‘

1850 5594 2027 5649 manis
2055 5593 2192 5649 alios
2225 5592 2441 5661 iunctos
2472 5590 2704 5645 didicisti
2728 5589 3051 5661 exiProcop.
3083 5600 3275 5657 supra.

1919 5664 2032 5733 (‘56)
2064 5660 2287 5733 Njceph.
2319 5664 2411 5715 lib.
2444 5677 2602 5733 xviri,
2630 5676 2758 5733 cun.
2790 5660 2877 5711 3'7.

1916 5721 2059 5801 (57)
2090 5721 2220 5785 Vide
2240 5748 2361 5798 sup.
2398 5742 2463 5783 ad
2491 5730 2523 5782 6
2554 5721 2715 5797 hujus
2741 5728 2993 5801 aucturis.

1917 5732 2025 5801 (57
2090 5732 2220 5785 Vide
2240 5748 2361 5798 sup.
2398 5742 2463 5783 ad
2491 5732 2523 5782 6
2554 5732 2712 5797 hujus
2741 5738 2870 5781 :le‘lt

1917 5732 2065 5873 (ὅδὲ
2091 5802 2310 5872 Niccplt.
2330 5803 2426 5856 lib.
2449 5814 2604 5863 xvm,
2630 5815 2748 5867 cap.
2781 5797 2870 5850 57.
