4210 6442
804 411 908 479 159

1991 411 2256 470 ΡΠΟΤΙΙ
2301 414 2806 472 PA't’lltAilLtLE
2847 415 2955 475 ΟΡ.

3971 420 4073 481 160

806 525 965 581 modo
1021 523 1218 578 Petrus
1272 520 1469 575 iterum
1502 520 1627 575 betu
1655 538 1761 576 uox
1798 526 1960 577 totius
2015 524 2281 592 Europze,
2317 526 2383 579 ab

2504 527 2889 596 ιύτοκράτορος
2924 524 3350 597 προχειρίξεται.
3380 525 3513 597 Περί
3542 544 3600 581 τε
3626 527 3717 581 τοῦ
3742 530 3924 598 γάμου
3949 533 4076 602 [τοῦ

806 621 1129 687 imperatore
1157 626 1375 670 creatus
1408 616 1498 669 sit.
1553 606 1692 685 32b
1721 616 1794 670 De
1849 618 2051 684 nuptiis
2091 618 2381 672 Theodosii

805 710 899 763 lilii
930 708 1169 762 Mauricii
1198 706 1288 774 (39
1312 707 1329 775 )
1352 747 1366 769 ,
1400 717 1453 759 et
1480 706 1601 759 tiliae
1626 706 1904 761 Germani.
1945 707 2145 763 Urbem
2180 711 2383 777 regiam

807 801 944 852 fatue
970 815 1032 852 ea
1054 806 1371 867 tempestate
1398 797 1675 851 laborasse
1701 814 1715 861 ;
1738 813 2035 868 precesque
2062 801 2112 853 in
2144 800 2383 853 Ecclesia

808 890 1060 943 futidente
1086 888 1346 943 Mauricio
1369 927 1385 953 ,
1417 889 1625 958 plebem
1668 904 1792 945 esse
1838 891 2216 945 tumultuatam
2247 891 2383 960 (40).

811 980 881 1034 lle
900 981 1017 1050 ejus
1034 982 1444 1036 mansuetudine
1458 996 1519 1036 ac
1550 981 1791 1042 lenitate,
1810 982 2150 1050 militumque
2174 983 2390 1050 ablega-

812 1073 987 1134 tione;
1017 1083 1181 1141 utque
1211 1075 1533 1127 eodem-sint
1562 1075 1648 1128 die
1671 1073 2161 1128 revoeatiJ’etrum
2200 1077 2266 1129 ab
2288 1075 2390 1129 Au-

810 1171 966 1229 gusto
1000 1164 1220 1215 missum
1248 1201 1263 1226 ,
1289 1173 1348 1216 ut
1378 1163 1523 1217 omni
1565 1179 1667 1231 ope
1693 1172 1857 1231 atque
1897 1179 2058 1233 opere
2097 1163 2391 1220 Thracicas

808 1257 994 1324 copias
1038 1258 1103 1309 ad
1154 1258 1455 1325 opp0sitam
1516 1258 1633 1312 lstri
1668 1260 1838 1326 ripam
1896 1259 2185 1313 distineret
2228 1260 2384 1328 (4|);

811 1349 985 1417 deque
1031 1349 1287 1401 divinitus
1333 1348 1551 1403 Petrum
1609 1350 1916 1417 appellante
1952 1364 2103 1403 voce.
2164 1349 2387 1404 Tumul-

816 1448 1053 1491 tuantem
1092 1455 1302 1495 rursmn
1336 1442 1385 1493 in
1448 1443 1641 1495 castris
1676 1443 2067 1507 Romanorum,
2104 1453 2161 1497 et
2204 1453 2390 1497 contra

819 1530 1133 1585 Mauricium
1160 1531 1325 1585 factio
1356 1533 1627 1597 instituta,
1655 1534 1828 1587 electo
1855 1535 2219 1590 abiincondita
2255 1538 2392 1587 mul-

817 1623 1044 1675 titudine
1100 1623 1277 1677 Phoca
1319 1623 1455 1692 (£2).
1499 1626 1693 1678 Petrus
1739 1624 1859 1693 fuga
1902 1627 2119 1680 interim
2164 1627 2391 1679 salutem

816 1715 1027 1779 quaerit,
1057 1724 1111 1767 et
1137 1716 1418 1769 seditionis
1442 1720 1505 1769 ad
1532 1717 1910 1783 imperatorem
1932 1733 2117 1771 rumor
2137 1718 2391 1772 defertur.

818 1804 980 1860 Plebs
1024 1816 1202 1860 autem
1237 1821 1265 1859 a
1296 1805 1488 1875 Sergio
1529 1820 1690 1877 atque
1720 1808 1917 1862 Cosma
1964 1810 2195 1863 tribunis
2225 1809 2395 1877 plebis

818 1896 1051 1964 primum
1083 1897 1330 1961 incitata,
1373 1898 1528 1951 novis
1582 1901 1800 1951 studere
1843 1900 2001 1952 rebus
2052 1898 2273 1965 incipit;
2310 1914 2394 1952 re-

818 1986 1064 2054 pertique
1113 1986 1462 2041 Prasinorum
1516 1988 1583 2041 M.
1622 1988 1683 2043 D.
1716 1987 2060 2052 _Venetorum
2099 2004 2229 2043 vero
2283 2000 2391 2043 tre-

818 2079 963 2131 centi
1015 2079 1296 2132 duntaxat.
1344 2078 1479 2133 llinc
1525 2080 1747 2149 plebeiis
1810 2083 2059 2135 donativa
2104 2080 2396 2137 Mauricius

820 2169 1066 2236 prmbuit.
1108 2168 1366 2240 Sequitur
1390 2174 1454 2225 ad
1500 2173 1887 2226 tumultuantes
1919 2173 2113 2227 milites
2156 2173 2394 2243 ejusdem

823 2262 1035 2330 legatio,
1067 2273 1118 2318 et
1157 2264 1444 2334 legationis
1479 2265 1726 2332 repuISa;
1774 2276 1939 2332 utque
1981 2266 2182 2330 regiam
2211 2269 2397 2320 urbem

820 2354 1073 2421 praesidio
1112 2357 1386 2409 munierit.
1439 2354 1721 2410 Exercitus
1755 2356 1820 2408 ad
1853 2354 2215 2411 Theodosium
2250 2356 2399 2411 Man-

820 2446 938 2501 ricii
981 2446 1042 2500 F.
1080 2446 1296 2517 legatio,
1334 2448 1527 2516 ipsum,
1571 2458 1661 2501 aut
1700 2464 1945 2503 socerum
2002 2450 2145 2506 illius
2193 2466 2401 2521 germa-

821 2551 949 2589 num
999 2537 1115 2590 dari
1172 2537 1271 2591 sibi
1342 2539 1723 2605 imperatorem
1786 2540 2085 2609 postulans.
2143 2541 2273 2609 Ejus
2325 2543 2399 2595 rei

824 2628 1044 2682 nuntius
1076 2629 1142 2683 ad
1175 2630 1425 2682 Mauricii
1475 2645 1631 2685 aures
1672 2632 1887 2697 accidit,
1926 2633 2156 2702 indeque
2218 2650 2403 2703 suspe-

824 2720 932 2774 ctio
964 2720 1016 2774 in
1060 2718 1409 2782 Germanum,
1451 2731 1507 2773 tit
1535 2723 1833 2791 tyrannidis
1871 2736 2170 2779 auctorem.
2213 2724 2401 2789 Minae,

828 2808 1206 2879 minarumque
1250 2811 1476 2879 Augusti
1533 2813 1583 2864 in
1631 2812 1962 2867 Germanum
2026 2831 2121 2883 per
2155 2814 2404 2869 Theodo-

825 2899 962 2952 sium
1013 2914 1270 2969 generum
1327 2901 1526 2954 delatio
1576 2919 1590 2955 :
1636 2912 1689 2957 et
1739 2903 1995 2958 Germani
2057 2906 2108 2958 in
2166 2905 2407 2975 θεῖναι-ιε

830 2992 1107 3057 templum,
1146 3004 1201 3043 ut
1250 2994 1299 3045 in
1331 2992 1535 3055 asylum
1585 2992 1706 3061 fuga
1748 2996 1881 3063 ($5).
1930 2996 2065 3048 llinc
2108 2996 2306 3066 Cyros,
2355 3009 2407 3051 et

829 3082 1137 3151 Stephanus
1180 3086 1459 3140 eunuchus
1519 3086 1631 3154 (qui
1684 3087 1913 3141 Czesaris
1964 3088 2148 3141 liberis
2201 3103 2404 3141 morum

2488 616 2699 687 παιδὸς]
2733 618 3013 670 Θεοδοσίου
3057 618 3151 670 τοῦ
3186 618 3374 680 παιδὸς
3406 619 3712 687 Μαυρικίου
3741 620 3836 672 ἐπὶ
3869 624 3936 690 τῇ
3973 622 4072 673 θυ-

2486 711 2649 778 γατρὶ
2677 708 2979 779 Γερμανοῦ.
3010 710 3119 761 Καὶ
3149 709 3277 779 περὶ
3298 710 3394 776 τῆς
3427 711 3691 773 σιτοδείας
3715 711 3816 778 τῆς
3838 711 4075 779 γενομέ-

2486 819 2584 869 νης
2623 803 2684 869 τῇ
2720 800 2951 869 βασιλίδι
2978 801 3085 854 τῶν
3119 802 3348 866 πόλεων,
3375 803 3467 853 καὶ
3494 803 3593 869 τῆς
3623 803 3909 871 συμϐάσης
3940 805 4077 856 ἀτα-

2488 893 2605 958 ξίας
2634 892 2741 944 τῶν
2772 892 2955 962 δήμων
2991 893 3361 956 λιτανεύοντος
3384 893 3476 945 τοῦ
3506 894 3791 962 βασιλέως,
3818 894 3912 945 καὶ
3942 911 4011 945 πε
4023 896 4077 961 pl

2487 986 2583 1053 τῆς
2618 984 2996 1053 μακροθυμίας
3023 984 3211 1049 αὐτοῦ,
3234 984 3328 1036 καὶ
3355 983 3567 1054 ἐξορίας
3590 983 3697 1037 τῶν
3723 984 4077 1053 στρατιωτῶν

2489 1074 2952 1145 καῖ’-μονοημέρου
2983 1075 3461 1137 ἐπανόδου.”οπως
3492 1076 3797 1144 Μαυρίκιος
3820 1074 4077 1126 ἐπέστελ-

2489 1168 2545 1219 λε
2562 1169 2606 1198 ⁸⁸
2632 1168 2835 1235 Πέτρον
2862 1169 3022 1220 παντὶ
3051 1167 3237 1237 τρόπῳ
3267 1168 3364 1229 τὰς
3388 1166 3655 1236 Θρακῴας
3687 1167 3776 1238 [97
3805 1167 3898 1237 ιι]
3921 1167 4079 1217 δυνά-

2494 1276 2613 1328 μεις
2648 1261 2727 1319 εἰς
2769 1258 2830 1309 τὸ
2865 1258 3160 1327 ἀντιπέρας
3193 1256 3286 1309 τοῦ
3311 1257 3526 1326 Ἴστρου
3557 1256 3880 1324 διατρίϐειν,
3926 1255 4079 1314 ὅπως

2490 1369 2549 1404 τε
2584 1352 2701 1403 θεία
2731 1350 3066 1419 προσέπεσεν
3101 1348 3249 1417 ὀμφὴ
3276 1347 3351 1417 τῷ
3380 1348 3591 1416 Πέτρῳ.
3619 1346 3727 1397 Καὶ
3756 1346 3904 1407 ὅπως
3940 1343 4076 1394 στά-

2495 1462 2576 1505 σις
2607 1446 2724 1506 ταῖς
2760 1443 3093 1510 Ῥωμαϊκαῖς
3124 1439 3477 1509 εἰσήρρησε¹⁹
3505 1439 3768 1506 δυνάμεσι
3790 1476 3805 1499 ,
3850 1436 3944 1488 καὶ
3986 1452 4080 1486 τυι-

2497 1537 2679 1605 ραννῖς
2736 1534 2963 1601 συνέστη
3014 1532 3151 1583 κατά
3200 1530 3297 1583 τοῦ
3336 1530 3757 1599 αὐτοκράτορος,
3788 1530 3953 1581 οωκᾶ
3982 1526 4079 1578 τοῦ

2493 1628 2755 1697 τυράννου
2786 1624 2889 1676 ὑπὸ
2915 1622 3006 1676 τοῦ
3047 1622 3280 1692 πλήθους
3310 1621 3924 1691 ἀναῤῥηθέντος.”οται›ς
3947 1636 4009 1670 τε
4034 1618 4081 1648 ⁸⁸

2496 1720 2685 1787 φεύγει
2700 1717 2925 1786 Πέτρος,
2942 1715 3038 1767 καὶ
3060 1715 3254 1782 ὅπωςὴ
3277 1714 3461 1774 στάσις
3486 1711 3857 1778 διαγγέλλεται
3888 1709 3965 1778 τῷ
3982 1709 4080 1778 βα-

2502 1811 2655 1863 σιλεῖ.
2678 1808 2787 1862 Kal
2820 1809 2967 1868 ὅπως
2984 1806 3050 1857 τά
3082 1804 3272 1875 πρῶτα
3289 1803 3374 1855 διὰ
3390 1803 3500 1853 τῶν
3527 1804 3823 1871 δημάρχων
3849 1801 4081 1870 Σεργίου

2498 1903 2593 1954 καὶ
2626 1901 2822 1969 Κοσμᾶ
2848 1898 3298 1969 πολυπραγμονεῖ
3320 1896 3380 1948 τὸ
3403 1895 3604 1962 πλῆθος
3628 1893 3733 1945 τῶν
3754 1894 3960 1961 δήμων,
3982 1892 4082 1942 καὶ

2497 1994 2809 2065 εὑρίσκεται
2858 1990 3141 2060 Πρασίνων
3191 1990 3287 2056 μὲν
3317 1993 3440 2057 ,ας-θ’,
3478 1986 3717 2037 Βενέτων
3750 1984 3807 2035 δὲ
3849 1986 4080 2035 ἐννακο-

2500 2083 2707 2148 σίων³“,
2739 2083 2832 2135 xal
2862 2083 3007 2141 ὅπως
3044 2083 3155 2141 τοῖς
3184 2079 3492 2147 δημοτικοῖς
3510 2077 3554 2107 ³⁸
3590 2074 3899 2143 φιλοτιμίας
3932 2088 4082 2140 mp-

2500 2178 2707 2245 ἔσχετο.
2747 2172 3013 2245 Πρεσϐεία
3042 2189 3100 2223 τε
3126 2171 3216 2224 τοῦ
3254 2169 3651 2238 αὐτοκράτορος
3673 2167 3807 2237 πρὸς
3835 2167 3932 2227 τὰς
3955 2182 4085 2216 στα-

2500 2266 2793 2331 σιαζούσας
2839 2264 3133 2333 δυνάμεις,
3192 2263 3286 2315 καὶ
3338 2260 3440 2332 [48
3472 2260 3562 2331 Η.]
3610 2256 3928 2327 ἀποστροφὴ
3980 2255 4083 2323 τῆς

2502 2358 2826 2428 πρεσϐείας’
2858 2357 3003 2417 ὅπως
3044 2371 3101 2406 τε
3145 2354 3505 2425 περιφρουρεῖ
3552 2352 3650 2421 τὴν
3697 2348 3944 2420 βασιλίδα
3972 2347 4086 2399 τιῖιν

2503 2449 2732 2501 πόλεων.
2775 2446 3043 2515 Πρεσόεία
3089 2462 3147 2497 τε
3182 2444 3292 2495 τῶν
3328 2444 3749 2513 στρατευμάτων
3784 2440 3920 2511 πρὸς
3948 2440 4085 2491 Θεο-

2503 2540 2678 2591 δόσιον
2728 2538 2821 2589 τὸν
2869 2536 3175 2606 Μαυρικίου
3222 2536 3356 2595 υἱὸν,
3393 2530 3614 2599 ἀξιοῦσα
3659 2533 3692 2603 ἢ
3742 2530 3961 2600 αὐτὺνῆ
3992 2530 4087 2581 τὸν

2503 2631 2765 2701 πενθερὸν
2795 2628 3073 2699 Γερμανὸν
3099 2628 3323 2697 βασιλέα
3358 2626 3507 2695 σφῶν
3528 2624 3921 2697 ἀναρρηθῆναι.
3940 2622 4087 2673 Γνῶο

2506 2722 2588 2785 σίς
2618 2740 2678 2775 τε
2711 2722 2915 2773 τούτων
2959 2722 3037 2783 εἰς
3076 2720 3379 2789 Μαυρίκιον
3410 2720 3709 2787 ἀφιγμένη,
3740 2716 3832 2769 καὶ
3859 2717 4089 2768 ὑπόνοια

2506 2813 2893 2883 εἱςΓερμανὸν
2924 2814 2999 2874 ὠς
3030 2812 3201 2864 αίτιον
3235 2811 3331 2881 τῆς
3358 2811 3689 2879 τυραννίδος,
3720 2810 3812 2861 καὶ
3861 2806 4084 2876 ἀπειλὴ,

2508 2906 2601 2959 καὶ
2633 2908 2859 2976 μήνυσις
2887 2905 2985 2975 τῆς
3023 2904 3300 2974 βασιλικῆς
3330 2903 3558 2972 ἀπειλῆς
3601 2902 3687 2954 διὰ
3712 2900 3803 2954 τοῦ
3832 2900 4089 2969 γαμϐροῦ

2508 2997 2809 3059 Θεοδοσίου,
2841 2998 2932 3048 καὶ
2983 2995 3272 3065 καταφυγὴ
3317 2992 3595 3064 Γερμανοῦ
3630 2992 3765 3062 πρὸς
3813 2992 3903 3043 τὸν
3946 2990 4087 3043 νεὼν

2509 3088 2606 3157 τῆς
2641 3087 3001 3157 Θεομήτορος.
3022 3086 3143 3139 Τῶν
3172 3085 3351 3153 Κύρου
3380 3084 3471 3137 καὶ
3493 3084 3762 3150 Στεφάνου
3786 3082 3878 3135 τοῦ
3906 3081 4094 3134 εὐνού-

829 3172 1123 3240 praefectus
1173 3174 1372 3246 fuerat)
1421 3176 1485 3229 ad
1535 3177 1863 3231 Germanum
1903 3178 2073 3242 missi,
2120 3187 2177 3232 ut
2210 3180 2400 3249 templo

2511 3196 2606 3247 χου
2628 3180 2690 3236 ³³.
2723 3178 2781 3240 ὃς
2815 3178 3107 3245 ἐπίτροπος
3158 3176 3411 3227 ἐτέτακτο
3455 3177 3565 3236 τοῖς
3601 3173 3863 3243 βασιλέως
3906 3172 4090 3236 παισὶ,

835 3262 1236 3331 digrederetur;
1272 3269 1363 3318 sed
1390 3266 1538 3318 irrita
1572 3266 1909 3336 legatiofuit.
1948 3268 2203 3323 Fnstihus
2237 3285 2400 3324 e:esus

2512 3273 2649 3342 πρὸς
2681 3272 2959 3341 Γερμανὸν
2992 3269 3261 3339 ἀποστολὴ
3310 3271 3388 3331 είς
3437 3268 3495 3320 τὸ
3540 3267 3774 3331 ἐξελθεῖν
3803 3266 3968 3318 αὐτὸν
3997 3265 4093 3318 τοῦ

831 3354 1169 3411 Theodosius
1199 3373 1226 3411 a
1263 3368 1486 3427 parente
1522 3358 1801 3421 Mauricio,
1844 3362 1986 3427 quod
2038 3376 2227 3415 socero
2284 3378 2408 3415 suas

833 3446 1009 3500 minas
1039 3446 1352 3501 indicasset.
1402 3446 1659 3501 Germani
1690 3462 1719 3502 e
1758 3449 1958 3515 templo
1986 3449 2043 3501 B.
2073 3447 2311 3518 Virginis
2342 3454 2408 3504 ad

835 3538 1053 3593 Sancue
1088 3540 1305 3606 SOphiaa
1338 3540 1624 3604 transitus,
1666 3550 1717 3593 et
1755 3542 1967 3604 iterata,
1994 3552 2054 3592 ut
2084 3541 2205 3594 inde
2233 3542 2410 3609 digre-

836 3633 1033 3692 diatnr,
1070 3630 1337 3693 hortatio;
1364 3631 1457 3684 sed
1492 3645 1595 3697 qua
1631 3631 1762 3683 nihil
1794 3630 2165 3697 persuadetur,
2198 3631 2410 3684 Andrea

835 3723 1067 3791 quodam
1121 3738 1398 3791 egressum
1438 3722 1806 3785 dissuadente,
1844 3724 1967 3775 dum
2006 3724 2257 3791 precandi
2290 3738 2413 3789 gra-

835 3814 910 3867 tia
943 3814 1197 3882 templum
1240 3814 1545 3883 frequentat
1578 3814 1710 3883 (ιι).
1743 3812 1941 3867 Turbae
1982 3814 2200 3876 iterum,
2226 3815 2413 3868 incen-

837 3908 1090 3975 diumque
1170 3904 1397 3960 Urhanx
1479 3909 1666 3960 d0mus
1723 3906 2097 3967 Constantini,
2163 3906 2411 3975 patricii,

837 4014 993 4067 quem
1035 3996 1252 4065 LarJyn
1294 3996 1451 4065 vulgo
1497 3993 1953 4065 cognominabant
1998 3994 2131 4063 (45).
2171 3993 2411 4047 Mauricii

837 4077 1082 4144 :estuatio
1120 4105 1182 4142 ac
1210 4090 1357 4157 nga,
1410 4101 1572 4155 utque
1606 4096 1793 4139 exorta
1813 4086 1977 4140 maris
2006 4094 2300 4154 tempestas
2334 4083 2414 4137 fu-

838 4198 957 4252 gam
977 4183 1077 4252 ipsi
1105 4181 1443 4235 interciderit
1463 4180 1596 4249 (46).
1615 4177 1904 4233 Theodosii
1930 4177 2021 4231 lilii
2047 4179 2110 4230 ad
2135 4177 2412 4231 Chosroen

841 4275 1046 4340 missio,
1101 4275 1450 4340 reductioque
1501 4272 1676 4325 Nicaea
1704 4287 1767 4324 ex
1818 4271 2014 4325 indicio
2042 4270 2411 4340 annuli33a,

839 4380 996 4437 quem
1030 4365 1136 4418 lilio
1181 4379 1377 4433 parens
1409 4362 1697 4417 Mauricius
1752 4363 1889 4430 signi
1944 4372 2268 4431 tesserasque
2301 4363 2416 4415 loco

840 4458 1156 4512 tradiderat.
1184 4456 1527 4511 Urbauorum
1564 4457 1628 4508 ad
1682 4465 1995 4524 tyrannum,
2035 4456 2086 4507 in
2122 4456 2323 4524 quibus
2363 4464 2419 4508 et

2512 3364 2637 3417 ναοῦ
2666 3364 2758 3416 καὶ
2786 3361 3025 3429 ἀπραξία
3044 3378 3057 3391 ο
3088 3362 3181 3412 καὶ
3209 3364 3239 3428 ἡ
3264 3361 3348 3412 διὰ
3371 3359 3581 3428 ῥάϐδων
3606 3358 3940 3427 μαστίγωσις
3958 3356 4094 3408 Θεο-

2511 3456 2686 3509 δοσίου
2708 3454 2801 3507 τοῦ
2831 3454 3018 3515 παιδὸς
3048 3454 3148 3505 ὐπὸ
3179 3452 3271 3504 τοῦ
3307 3451 3508 3520 πατρὸς
3535 3452 3693 3503 ἕνεκα
3719 3452 3816 3519 τῆς
3844 3450 3979 3518 πρὸς
4005 3449 4098 3499 τὸν

2514 3547 2771 3617 πενθερὸν
2802 3544 3252 3615 καταμηνύσεως.
3289 3546 3397 3596 Kal
3448 3544 3834 3612 μεταφοίτησις
3882 3542 4099 3610 Γερμα·

2514 3640 2605 3692 νοῦ
2645 3640 2751 3691 ἀπὸ
2793 3637 2885 3691 τοῦ
2921 3640 3026 3691 νεὼ
3053 3638 3152 3706 τῆς
3186 3638 3525 3706 Θεομήτορος
3552 3637 3643 3687 ἐπὶ
3670 3634 3767 3704 τὴν
3804 3635 3964 3701 ἁγίαν
3999 3634 4095 3684 Σο-

2517 3734 2665 3801 φίαν.
2699 3731 2792 3782 καὶ
2840 3730 3002 3783 πάλιν
3052 3728 3387 3800 πρόσκλησις
3434 3730 3527 3780 ἐπὶ
3572 3728 3635 3779 τὸ
3682 3726 3956 3792 ἐξελθεῖν,
4006 3728 4099 3778 καὶ

2514 3820 3089 3889 άπείθεια,“Λνδρὲα³⁸
3144 3822 3287 3882 τινὸς
3344 3818 3583 3887 συνεχῶς
3632 3817 3925 3884 φοιτῶντος
3979 3818 4101 3877 ταῖς

2515 3915 2809 3975 λιτανείαις
2850 3914 2946 3982 τὴν
2989 3912 3165 3975 ἔξοδον
3207 3910 3598 3973 κεκωλυκὸτος.
3637 3908 3867 3980 Θόρυὸοί
3904 3925 3962 3960 τε
4008 3909 4100 3958 καὶ

2517 4005 2842 4075 ἐμπρησμὸς
2870 4005 2966 4074 τῆς
3000 4004 3139 4056 κατᾶ
3169 4004 3267 4072 τὴν
3296 4002 3448 4054 πόλιν
3478 4001 3653 4063 οἰκίας
3687 4000 4100 4053 Κωνσταντίνου

2516 4095 2611 4148 τοῦ
2644 4095 2956 4162 πατρικίου,
2987 4092 3046 4144 ὃν
3076 4091 3289 4161 Λαρδῦν
3312 4092 3355 4122 ⁸⁸
3387 4092 3639 4143 ἐπεκάλει
3670 4090 3737 4142 τὰ
3765 4090 3971 4159 πλήθη·
4007 4090 4101 4141 καὶ

2519 4187 2720 4258 ἀπορία
2767 4185 3073 4254 Μαυρικίου
3126 4184 3220 4236 καὶ
3267 4183 3781 4249 ἀπόδρασις,”υττως
3832 4179 4105 4239 κλύδωνος

2519 4278 2801 4345 γεγονότος
2842 4275 3084 4345 ἐγκοπὴν
3136 4275 3272 4344 πρὸς
3316 4274 3415 4341 τὴν
3464 4273 3760 4342 ἀπόδρασιν
3810 4271 4100 4341 λαμϐάνει.

2521 4368 2632 4421 Kal
2675 4366 2946 4435 ἀποστολὴ
2990 4364 3271 4416 Θεοδοσίου
3298 4362 3388 4414 τοῦ
3421 4362 3606 4423 παιδος
3648 4362 3781 4430 πρδς
3830 4360 4101 4428 Χοσρόην,

2523 4458 2615 4511 καὶ
2665 4456 2979 4524 ὑποστροφὴ
3033 4454 3193 4506 πάλιν
3226 4454 3331 4504 ἀπὸ
3362 4452 3596 4513 Νικαίας
3630 4454 3694 4521 τῇ
3724 4450 3979 4515 ἐπιδείξει
4012 4449 4103 4501 τοῦ

843 4548 1191 4602 llehdomites
1240 4558 1376 4609 erat,
1432 4562 1748 4601 concursus.
1788 4546 2080 4613 Imperium
2111 4546 2400 4601 Germanus

2520 4545 2824 4606 δακτυλίου,
2854 4544 2881 4594 ὃ
2918 4539 2984 4613 ἦν
3015 4544 3092 4604 είς
3126 4542 3376 4609 σύνθημα
3402 4540 3476 4608 τῷ
3510 4541 3659 4593 παιῶ.
3694 4541 3844 4608 παρὰ
3872 4537 3968 4590 τοῦ
4002 4556 4105 4589 παο

842 4639 1099 4694 all'ecmns
1148 4647 1271 4692 voto
1324 4638 1542 4700 excidit,
1588 4635 1826 4690 Prasiuis
1876 4651 1935 4691 se
1984 4651 2105 4689 eum
2138 4645 2417 4690 creaturos

842 4735 1221 4801 imperatorem
1258 4732 1601 4801 negantibus,
1642 4731 1805 4799 quod,
1830 4737 1888 4782 ut
1920 4730 2017 4798 ipsi
2050 4728 2411 4794 aliirmahant,

842 4826 1094 4881 factionis
1120 4836 1266 4880 esset
1296 4824 1624 4878 Venetorum
1648 4822 1787 4891 (47).
1821 4821 1960 4889 Ergo
1989 4819 2196 4873 Pbocas
2219 4822 2416 4875 deinde

844 4921 895 4972 in
930 4918 1128 4987 templo
1156 4917 1214 4971 Β.
1252 4916 1495 4981 Joannis,
1522 4917 1667 4986 quod
1697 4923 1780 4968 est
1807 4914 1858 4967 in
1889 4912 2154 4983 Septimo,
2179 4914 2413 4981 impera-

2525 4639 2651 4709 τρὸς
2701 4635 3136 4702 ποιηθέν.”υπω;
3172 4649 3229 4684 τε
3284 4633 3417 4701 πρὸς
3467 4632 3557 4683 τέιν
3603 4630 3867 4701 τύραννον
3913 4631 3961 4682 οῖ
4011 4629 4104 4681 τοῦ

2526 4732 2735 4792 ἄστεως
2757 4730 2821 4791 ³⁸,
2867 4729 2925 4779 ἐν
2957 4723 3038 4789 οἷς
3070 4723 3137 4796 ἦν
3160 4727 3201 4756 ’⁷
3238 4727 3330 4777 καὶ
3362 4726 3389 4775 ὁ
3423 4724 3705 4792 Ἐδομίτης
3726 4724 3790 4787 ³⁸,
3820 4721 4103 4791 προσεχιῦ⁴

2527 4822 2914 4892 ρησαν.”οπως
2947 4835 3003 4869 τε
3036 4818 3311 4887 Γερμανὸς
3345 4815 3769 4877 κατασκευάζων
3798 4813 3976 4880 ἐαυτῷ
4009 4814 4106 4881 τὴν

2526 4914 2803 4986 βασιλείαν
2846 4910 3247 4980 ἀποτυγχάνει,
3273 4908 3383 4961 τῶν
3435 4907 3717 4977 Πρασίνων
3765 4906 4106 4958 ἀπειπόντων

2149 5045 2378 5103 VARl/E
2418 5046 2817 5102 LECTIONES.

906 5150 952 5182 ³⁸
984 5146 1288 5210 ἔστελλεος.
1400 5146 1443 5176 ’³
1475 5144 1747 5213 είσείρησε
1781 5159 1840 5205 ς.

844 5220 1008 5289 γικῆς
1048 5236 1110 5284 ς.
1185 5218 1229 5249 ³⁸
1263 5215 1520 5283 εὐνούχου
1578 5211 1627 5267 Δί
1658 5211 1680 5267 ;“
1704 5211 2037 5334 ὴμιάέρενος
2074 5227 2133 5272 ς.

847 5293 893 5325 ﬂ
926 5291 1117 5334 ἄστεος
1146 5308 1206 5334 θ-
1280 5287 1323 5318 ³⁷
1355 5283 1421 5334 ἦν
1450 5285 1573 5334 add.
1606 5284 1669 5334 Α.
1748 5282 1793 5314 ³⁸
1824 5282 1836 5300 ’
1866 5280 2109 5334 ’δομίτηξ

847 5282 893 5325 ⁵⁴
926 5282 1117 5354 ἄστεος
1146 5308 1207 5355 ς.
1280 5287 1323 5318 ³⁷
1355 5282 1573 5357 ἦνιιάιί.
1606 5284 1669 5337 Α.
1748 5282 1793 5314 ³⁸

1920 5140 1965 5171 ao
1998 5156 2057 5189 τε
2083 5139 2203 5191 ηαδ,
2241 5139 2303 5190 Α,
2383 5139 2424 5169 ³¹
2456 5135 2805 5206 ἐννακοσίων]
2846 5136 2954 5201 τ’ς.

2212 5208 2256 5238 ³⁸
2284 5209 2529 5275 Ἀνδρέου
2564 5226 2623 5273 ς.

1885 5280 2109 5349 δομίτης
2136 5278 2181 5330 Α
2217 5295 2231 5331 :
2279 5278 2611 5349 Ἐϐδομήτης
2644 5297 2706 5343 ς.

3033 5137 3077 5169 ⁸³
3101 5138 3212 5198 τοῖς
3241 5134 3557 5203 δημοτικοῖς
3585 5137 3663 5187 A:
3698 5134 3799 5202 τῆς
3831 5134 4103 5202 δημιουρ-

2714 5208 2757 5237 ³⁸
2788 5204 3001 5280 lupam
3030 5226 3091 5272 ς.
3128 5208 3249 5261 vide
3311 5208 3517 5261 Anecd.
3595 5216 3807 5271 nostra,
3836 5219 3892 5273 p.
3948 5204 4107 5257 M95.

2366 5390 2596 5449 hOTlE.

959 5504 1069 5574 39)
1104 5502 1326 5570 Niceph.
1362 5500 1645 5574 lib_.}VtIt,
1684 5510 1802 5561 cap.
1832 5492 1923 5545 37.

959 5505 1069 5574 39)
1104 5505 1326 5570 Niceph.
1362 5505 1453 5553 lib.
1493 5511 1645 5559 nm,
1684 5510 1802 5561 cap.
1832 5505 1923 5545 bl.

919 5505 1031 5646 ίιυ
1056 5577 1072 5645 )
1098 5574 1247 5646 Πήίιἴ
1270 5586 1395 5646 cap.
1424 5568 1513 5646 38.
1673 5635 1683 5645 ‘
1903 5632 1915 5642 '
2015 5645 2018 5646 ν

925 5641 1612 5717 (4|)'l§it:epl_i._Christum
1673 5641 1847 5717 ipsum
1904 5641 1956 5683 tu
2006 5644 2213 5717 somnis
2262 5641 2427 5699 appa-

860 5706 1053 5781 ruisse,
1092 5706 1521 5777 Mauriciumque
1556 5706 1850 5781 appellasse
1878 5710 2084 5754 narrat.

932 5772 1282 5856 (ﬂiNiceph.
1321 5772 1601 5856 I_ih_._'xvnt,
1628 5772 1753 5843 cap.
1781 5772 1867 5827 59.

936 5851 1044 5930 (45)
1076 5856 1295 5924 Niccph.
1332 5851 1459 5906 ibid.

2608 5490 2721 5559 (ἂι)
2754 5490 2886 5544 Ibid.

2742 5562 2875 5633 ibid.
2921 5574 3045 5629 cap.
3076 5559 3165 5614 40.
3291 5628 3302 5633 _
3345 5627 3357 5633 _
3512 5626 3572 5633 ___
3680 5624 3692 5633 _
3894 5622 3926 5633 η
4051 5624 4061 5633 .

2600 5624 2711 5698 (46)
2741 5624 3238 5699 Ρυάιιεταήυοιιυε
3274 5627 3486 5683 dolores
3512 5624 3799 5697 Nicephor.
3836 5624 4110 5696 adiungit.

2604 5701 2715 5769 (47)
2742 5700 2964 5769 Nieeph.
3006 5699 3135 5755 ibid.
