4210 6442
167 415 264 481 lGl

1340 427 1862 490 BIBLIOTHECA.
1889 451 1960 463 -
1992 426 2156 489 COD.
2187 428 2351 488 LXV.

3327 429 3432 493 162

163 533 259 600 τὴν
284 530 607 601 ἀνάρρησιν
639 531 729 586 διὰ
769 532 828 585 τὺ
871 534 969 606 τῆς
1006 536 1273 608 αἱρέσεως
1302 538 1467 591 αὑτὸν
1496 534 1658 605 εἶναι,
1683 539 1761 604 ὡς
1788 543 1825 600 Α

1788 543 1833 600 Α
1865 547 1949 592 tor
1980 538 2341 599 renuntiatur,
2369 535 2596 607 Cyriaco
2614 531 2777 603 regis
2794 532 2943 590 urbia
2961 533 3268 603 patriarcha
3288 538 3426 608 (68),

165 622 368 674 ἐκείνοι
406 622 672 690 ἔφασκον,
702 622 813 677 τῶν
851 625 1113 682 Βενέτων.
1149 624 1280 681 Εἶτα
1310 630 1669 700 άναγόρευσις
1702 632 1761 685 tv

163 713 240 782 τῷ
266 713 388 781 ναῷ
420 713 518 765 τοῦ
549 714 704 781 ἁγίου
720 716 966 770 Ἰωάννου
997 720 1053 771 ὲν
1069 719 1146 789 τῷ
1179 721 1423 791 Ἑϐδόμῳ
1448 722 1543 775 τοῦ
1564 724 1757 776 Φωκᾶυ

165 809 450 876 Κυριακὺς
480 808 537 861 δὲ
572 810 872 878 τηνικαῦτα
900 812 1026 875 τοὺς
1057 816 1156 882 τῆς
1198 813 1466 882 βασιλίδος
1496 794 1758 885 ἆρχιερα-

164 900 353 962 τικοίις
388 903 770 970 ἐγκεχείριστο
802 904 1021 971 νόμους.
1051 904 1269 966 Είσοδός
1312 921 1368 956 τε
1413 906 1577 958 Φωκᾶ
1624 907 1761 974 πρὸς

162 992 230 1042 τά
281 994 564 1061 βασίλεια,
596 996 689 1046 καὶ
730 995 1037 1065 ἀνάρρησις
1080 996 1337 1061 Λεοντίας
1369 996 1468 1067 τῆς
1503 999 1761 1065 γυναικὸς

163 1086 350 1136 Φωκᾶ.
385 1087 501 1139 Καὶ
541 1086 668 1155 περὶ
718 1086 816 1157 τὴν
834 1088 877 1119 ³⁸
904 1087 1083 1140 τόπων
1108 1086 1297 1140 στάσιν
1329 1089 1434 1141 τῶν
1464 1090 1759 1162 δημάρχων

164 1175 301 1239 ἔρις,
337 1177 439 1228 καὶ
466 1176 708 1244 ὠθισμὸς
734 1178 933 1246 Κοσμᾶ
958 1176 1051 1230 τοῦ
1081 1178 1364 1249 δημάρχου
1388 1180 1496 1232 τῶν
1522 1180 1760 1234 Πενέτων

165 1266 269 1316 ὑπὸ
307 1267 704 1338 Ἀλεξάνδρου,
748 1269 843 1320 καὶ
881 1269 1035 1336 ὕϐρις
1069 1270 1149 1333 είς
1184 1270 1530 1343 Ἀλέξανδρον
1551 1272 1615 1324 ⁸⁸.
1652 1272 1761 1325 Καὶ

170 1361 361 1427 μνήμη
393 1359 728 1429 Μαυρικίου,
754 1360 828 1421 ὼς
851 1362 949 1413 οὑκ
969 1362 1227 1425 ἀπέθανε,
1260 1363 1350 1416 καὶ
1377 1362 1464 1415 διὰ
1488 1364 1643 1418 τοῦτο
1664 1363 1759 1417 τοῦ

166 1451 436 1517 τυράννου
463 1450 601 1521 πρὸς
620 1450 709 1503 τὸν
730 1452 890 1519 φόνον
912 1451 1004 1504 τοῦ
1023 1451 1288 1521 βασιλέως
1313 1453 1566 1521 μᾶλλονδ¹
1591 1456 1755 1525 ὁρμή.

170 1539 486 1610 Ἀναίρεσίς
524 1557 585 1593 τε
615 1540 724 1593 τῶν
756 1541 850 1593 τοῦ
880 1542 1141 1610 βασιλέως
1173 1544 1379 1596 παίδων
1408 1546 1635 1598 ἐνώπιον
1664 1545 1757 1599 τοῦ

168 1633 378 1703 ⁴ιιςατρδς
409 1636 473 1687 tv
504 1636 616 1697 τοῖς
648 1635 972 1706 Εὑτροπίου,
1000 1636 1094 1687 καὶ
1130 1637 1419 1705 φιλοσοφία
1465 1638 1559 1690 καὶ
1591 1638 1757 1707 εὐχα-

170 1725 353 1794 ριστία
403 1723 505 1776 τοῦ
552 1724 839 1792 βασιλέως,
876 1726 968 1779 καὶ
996 1726 1161 1779 αὑτοῦ
1195 1730 1403 1781 ἐκείνου
1446 1728 1532 1782 διὰ
1572 1730 1758 1783 Λιλίου

170 1816 480 1885 ἀναίρεσις.
530 1817 640 1869 Καὶ
687 1818 813 1888 περὶ
860 1820 957 1889 τῆς
989 1806 1095 1872 ’ἐπὶ
1127 1818 1448 1888 Ἡρακλείου
1482 1821 1576 1875 τοῦ
1612 1823 1759 1893 βασι-

168 1904 304 1969 λέως
332 1907 658 1976 εὑρεθείσης
688 1908 952 1978 διαθήκης
972 1911 1277 1981 Μαυρικίου
1304 1911 1396 1964 τοῦ
1429 1914 1757 1985 αὐτοκράτο-

172 1999 552 2079 ροςβίῖοπως
586 2016 642 2050 τε
670 1999 735 2051 τά
768 2000 992 2068 σώματα
1014 2001 1121 2054 τῶν
1152 2000 1415 2071 βασιλέων
1444 2004 1522 2073 τῷ
1554 2003 1752 2058 Oak”-

168 2090 266 2157 τίῳ
313 2090 488 2160 ῥοθίῳ
534 2091 931 2160 παρεδόθησαν.
952 2093 1264 2161 Ἐπιτάφιος
1310 2110 1369 2146 τε
1416 2097 1495 2158 είς
1539 2096 1756 2167 Μαυρί-

170 2199 283 2234 κιον
304 2199 319 2212 -
353 2182 453 2234 καὶ
480 2183 625 2244 ὅπως
655 2182 752 2247 τάς
784 2184 1076 2247 ἀντιδόσεις
1108 2185 1216 2238 τῶν
1258 2187 1756 2256 παρανομηθέντων

168 2274 360 2335 αὑταῖς
391 2276 477 2336 εἰς
514 2274 817 2343 Μαυρίκιον
855 2277 908 2327 αί
942 2274 1245 2344 Ῥωμαϊκαὶ
1274 2276 1529 2347 δυνάμεις
1580 2279 1755 2349 κρίσει

168 2364 432 2432 προνοίας
462 2365 609 2428 θείας
634 2364 958 2435 ὲλάμσανον,
979 2366 1052 2429 ὠς
1079 2369 1135 2420 tv
1162 2366 1327 2438 ὀλίγῳ
1354 2370 1529 2440 χρόνῳ
1555 2371 1756 2441 μηδένα

167 2456 276 2507 τῶν
306 2457 762 2526 κοινωνησάντων
791 2458 889 2526 τῆς
917 2459 1224 2528 τυραννίδος
1254 2461 1317 2513 ὲκ
1339 2461 1591 2514 τοσούτου
1622 2462 1756 2533 πλή-

170 2546 294 2609 θους
342 2548 760 2615 ὑπολειφθῆναι,
801 2547 927 2619 [100
956 2548 1047 2619 3.]
1084 2549 1201 2603 ἀλλ’
1237 2552 1287 2603 οί
1335 2552 1432 2618 μὲν
1480 2553 1675 2623 λοιμῷ,
1704 2555 1753 2607 οι

168 2640 221 2690 δὲ
250 2639 390 2707 πυρὶ
419 2638 681 2709 οὐρανίῳ,
711 2640 760 2691 οί
795 2641 849 2691 δὲ
881 2642 972 2692 καὶ
1001 2643 1228 2709 στόματι
1253 2642 1621 2714 διεφθάρησαν
1648 2664 1754 2713 μα-

170 2730 392 2801 χαίρας,
424 2730 569 2783 ὥστε
587 2732 756 2801 ἡνίκα
787 2731 1102 2801 Ἡράκλειος
1123 2734 1150 2784 6
1181 2734 1429 2802 βασιλεὺς
1457 2736 1592 2806 πρὸς
1627 2738 1753 2791 Ῥα-

171 2819 341 2887 ζάτην
374 2821 470 2870 τὸν
503 2821 714 2889 Πέρσην
742 2822 997 2889 πολεμεῖν
1028 2823 1191 2889 ἔγνω,
1218 2823 1433 2889 ἔκταξιν
1459 2826 1555 2895 τῆς
1592 2844 1756 2897 στρα-

169 2910 321 2970 τείας
350 2911 720 2979 ποιησάμενος
749 2910 844 2963 δύο
871 2912 1061 2981 μόνους
1081 2906 1238 2983 εὗρεν
1264 2916 1753 2986 ὑπολελειμμένους

173 3000 262 3071 [49
291 3000 387 3071 l|.|
421 3003 522 3071 τῆς
552 3004 938 3075 φιλοτυράννου
981 3006 1241 3076 πληθύος,
1270 3012 1363 3062 καὶ
1399 3011 1518 3062 τότε
1554 3012 1755 3080 ἦρξατο

170 3092 228 3143 τὸ
259 3093 577 3161 Ῥωμαῖκδν
611 3096 752 3148 κατά
782 3098 1006 3168 Περσῶν
1038 3100 1306 3168 ἐνισχύειν
1326 3101 1529 3170 ’δμέχρι
1558 3102 1667 3171 γὰρ
1689 3102 1754 3155 ἂν

1863 624 2054 681 Pltoca:
2086 628 2139 679 in
2175 627 2375 695 regiam
2410 625 2713 694 ingressus,
2760 635 2815 679 et
2848 622 3090 679 Leontite
3139 626 3259 695 ejus
3297 641 3433 680 uxo-

1862 718 1979 782 rEs,
2012 727 2067 771 ut
2104 727 2344 788 augusta:
2396 715 2782 772 consalutatio.
2837 714 3203 771 Tribunorum
3258 718 3432 787 plebis

1862 808 2051 877 ingens
2077 818 2186 860 tum
2220 810 2286 862 de
2360 806 2602 862 locorum
2659 807 2892 861 statione
2942 808 3227 861 contentio
3267 816 3433 877 atque

1860 898 2161 952 altercatio.
2197 898 2406 951 Cosme
2451 898 2623 965 partis
2670 896 2881 952 Veneta:
2920 898 3121 951 tribuni
3155 896 3324 965 plebis
3363 901 3432 954 ab

1860 990 2163 1043 Alexandro
2196 990 2553 1056 propulsatio,
2590 998 2643 1044 et
2676 989 2871 1057 injecta
2919 991 3123 1044 mentio
3147 1030 3159 1047 .
3194 990 3430 1045 nondum

1859 1079 2059 1135 obiisse
2088 1080 2435 1135 Mauricium.
2460 1080 2578 1147 Quo
2622 1080 2846 1145 factum,
2878 1091 2937 1133 ut
2970 1080 3171 1148 impetu
3200 1082 3431 1149 quodam

1860 1174 1925 1226 ad
1959 1173 2303 1241 imperatoris
2331 1176 2529 1228 aedem
2567 1173 2810 1244 tyrannis
2842 1188 2899 1227 se
2923 1173 3268 1242 proripuerit.
3300 1172 3435 1227 Iliuc

1861 1263 2037 1317 czedes
2067 1263 2357 1318 liberorum
2390 1264 2615 1333 Augusti
2660 1263 2711 1315 in
2746 1263 2983 1332 parentis
3011 1263 3181 1317 oculis
3224 1264 3288 1314 ad
3328 1261 3436 1314 Eu-

1862 1354 2020 1423 tr0pii
2070 1354 2204 1425 (49).
2273 1355 2448 1407 Animi
2504 1354 2768 1421 sapientia
2821 1354 3086 1415 CtPsaris,
3140 1353 3274 1407 actis
3326 1352 3435 1406 Deo

1860 1445 2084 1517 gratiis;
2120 1455 2283 1515 utque
2316 1462 2344 1497 a
2392 1444 2529 1498 Lilio
2559 1459 2853 1514 percussus
2886 1444 3103 1497 obierit.
3137 1441 3357 1509 Legitur
3378 1451 3434 1496 et

1862 1546 2239 1590 testamentum
2267 1534 2505 1589 Mauricii
2541 1534 2790 1588 Heraclio
2816 1535 3111 1602 imperante
3134 1534 3430 1589 inventum.

1859 1629 2137 1695 Quomodo
2174 1628 2315 1697 regia
2365 1642 2593 1694 corpora
2647 1626 2870 1679 marinis
2926 1626 3212 1679 commissa
3250 1623 3431 1678 ﬂucti-

1860 1724 1988 1784 bus;
2020 1730 2070 1775 et
2102 1720 2342 1774 funebris
2391 1719 2444 1774 in
2481 1717 2798 1773 Mauriciqu
2830 1716 3094 1780 laudatio,
3143 1728 3305 1784 utque
3342 1717 3429 1768 di-

1861 1814 2003 1866 vina:
2051 1811 2250 1881 judicio
2309 1809 2659 1878 providentia!
2714 1806 2866 1878 (50),
2917 1806 3142 1860 Romani
3209 1807 3425 1870 milites,

1858 1917 2063 1963 corum,
2104 1915 2222 1969 quac
2247 1901 2298 1952 in
2332 1897 2649 1951 llanricium
2681 1894 2946 1966 ﬂagitiose
2973 1905 3275 1963 patrarunt,
3310 1910 3427 1962 pa:-

1860 2010 1956 2047 nas
1988 1993 2254 2055 dederint,
2290 1993 2431 2059 quod
2473 2000 2592 2057 post
2633 2004 2739 2042 non
2777 1989 2890 2051 diu,
2938 1988 3124 2051 caedis,
3172 1989 3430 2056 tyranni-

1858 2086 2048 2152 disque
2072 2085 2342 2138 sociorqu
2376 2096 2554 2147 nemo,
2588 2080 2641 2133 in
2676 2087 2821 2133 tanta
2850 2079 3213 2142 multitudine,
3240 2094 3427 2147 super-

1856 2173 2069 2229 fuerit:
2118 2184 2266 2242 peste
2314 2172 2458 2227 enim
2514 2171 2626 2234 alii,
2659 2170 2749 2223 alii
2810 2170 3015 2224 cmlestl
3078 2169 3235 2239 igne,
3284 2168 3426 2222 ferrn

1858 2267 2041 2321 caeteri
2102 2267 2166 2318 ad
2214 2279 2377 2318 unum
2439 2278 2631 2318 omnes
2686 2262 3020 2330 perierunt:
3075 2271 3238 2330 atque
3290 2261 3425 2315 adeo

1856 2359 2138 2413 llcraclius
2182 2368 2300 2427 post
2348 2358 2509 2427 paulo
2551 2369 2727 2411 rerum
2776 2355 3008 2423 potitus,
3041 2368 3162 2406 cum
3223 2351 3419 2407 llasate

1856 2452 2017 2505 Persa
2050 2450 2248 2503 bellum
2274 2456 2521 2517 gesturus
2543 2486 2557 2510 ,
2600 2446 2810 2499 delectu
2848 2444 3054 2506 habito,
3085 2444 3169 2496 vix
3196 2442 3330 2496 duos
3358 2458 3420 2496 ex

1857 2544 1962 2597 illis
1981 2544 2212 2613 partium
2242 2541 2498 2595 studiosis
2522 2538 2740 2593 relictos
2763 2538 2980 2605 reperit.
2996 2536 3421 2590 Actumdetnum

1856 2636 2082 2689 Romani
2116 2634 2294 2687 Persis
2324 2634 2632 2701 superiores
2660 2644 2782 2685 esse
2806 2639 3107 2696 creperum,
3139 2629 3254 2696 qui,
3294 2628 3419 2679 dum

1860 2728 1935 2781 illi
1964 2726 2149 2780 nefarii
2177 2726 2496 2794 superstites
2520 2730 2728 2787 essent,
2763 2737 2791 2773 a
2822 2720 3001 2774 Persis
3038 2719 3161 2772 victi
3211 2733 3426 2787 semper

1859 2818 2241 2872 discesserant.
2288 2814 2475 2870 Caedes
2526 2829 2554 2867 a
2616 2820 2847 2882 tyranno
2902 2825 2998 2880 per
3059 2809 3426 2863 Alexandrum.

1856 2909 2115 2961 intentata
2153 2906 2475 2969 Theodosio,
2538 2904 2762 2973 Augusti
2813 2903 2961 2967 filio;
3006 2900 3165 2957 Petro
3204 2903 3329 2956 item
3365 2913 3422 2955 et

1854 2998 2226 3062 Comentiolo;
2302 3006 2465 3065 atque
2536 2994 2938 3056 Constantino.
2994 2993 3170 3064 Lardy
3223 3008 3425 3062 cogno-

1855 3101 2034 3144 mento
2064 3090 2197 3159 (5|).
2234 3088 2422 3144 Falsus
2448 3091 2611 3143 etiam
2638 3104 2823 3143 rumor
2841 3092 2904 3141 de
2934 3087 3238 3141 Theodosio
3266 3102 3425 3139 exor-

171 3186 373 3235 ὲκεῖνοι
429 3184 723 3254 περιῆσαν,
755 3190 786 3251 ή
816 3188 935 3259 νίκη
978 3193 1089 3251 τοῖς
1137 3191 1372 3258 Πέρσαις
1423 3190 1749 3260 ἐνηυλίζετο.
1776 3207 1821 3268 C

1776 3207 1821 3268 ρ
1857 3192 1941 3237 tus
1963 3193 2067 3246 est,
2101 3182 2252 3250 quasi
2299 3183 2343 3237 is
2370 3191 2481 3234 tum
2531 3195 2638 3236 non
2681 3179 2871 3235 fuisset
2919 3178 3255 3234 interfectus.
3284 3177 3425 3243 Quo-

184 3275 497 3345 Ἀναίρεσις
538 3277 641 3329 ὑπὸ
674 3279 766 3331 τού
797 3283 1056 3349 τυράννου
1081 3281 1147 3334 δι’
1165 3283 1213 3313 ⁵³
1250 3283 1594 3353 Ἀλεξάνδρου
1630 3283 1755 3339 Θεο-

169 3370 351 3421 δοσίου
396 3369 495 3423 τοῦ
539 3370 803 3434 βασιλέως
845 3372 941 3425 τοῦ
970 3374 1369 3445 αὐτοκράτορος
1407 3376 1629 3437 παιδὸς,
1664 3375 1755 3428 καὶ

174 3459 384 3528 Πέτρου
416 3461 511 3513 καὶ
549 3460 908 3530 Κομεντιόλου
936 3464 1030 3515 καὶ
1054 3464 1467 3518 Κωνσταντίνου
1494 3465 1586 3518 τοῦ
1611 3466 1757 3537 Λαρ-

170 3548 231 3601 δῦ
254 3567 267 3578 ·
300 3549 483 3619 πλάνη
514 3567 572 3603 τε
602 3551 728 3622 περλ
759 3552 1058 3619 Θεοδοσίου,
1092 3555 1167 3618 ὡς
1189 3557 1249 3609 οὑ
1284 3557 1628 3624 πεφόνευται.
1649 3557 1757 3609 Καὶ

173 3641 321 3702 ὅπως
358 3643 502 3693 κατὰ
526 3643 675 3711 τὴνδδ
710 3632 1110 3715 Ἀλεξάνδρειαν
1137 3646 1206 3698 τά
1234 3647 1525 3715 ἀγάλματα
1552 3648 1652 3715 τῆς
1680 3648 1757 3699 oi-

174 3737 331 3797 κείας
354 3736 519 3805 ἔδρας
548 3737 927 3805 άποφοιτῶντα
958 3739 1319 3808 προηγόρευον
1331 3739 1374 3771 ⁸⁸
1404 3741 1472 3792 τὰ
1498 3742 1755 3807 γεγονότα

176 3828 536 3898 καλλιγράοςῳ
568 3829 706 3890 τινὶ,
736 3831 877 3881 κατὰ
900 3831 959 3882 τὸ
987 3830 1219 3899 Τυχαῖον
1239 3830 1380 3883 οὕτω
1404 3830 1751 3901 καλούμενον,

176 3920 284 3970 ἀπὸ
322 3917 542 3970 δείπνου
577 3918 710 3987 πρὸς
738 3920 805 3973 τὰ
834 3920 967 3973 οἶκοι
1008 3918 1337 3990 διερχομένῳ
1354 3920 1615 3984 ⁸⁶.”υπως
1642 3938 1701 3974 τε
1726 3922 1754 3972 6

174 4007 487 4076 λιαυρὲκιος
519 4006 732 4075 λέγεται
760 4008 951 4076 τρίτην
980 4009 1172 4075 μοῖραν
1203 4006 1309 4058 τῶν
1334 4006 1515 4076 φόρων
1541 4023 1746 4074 συγχω·

175 4100 342 4168 ρῆσαι
364 4099 409 4128 ⁸⁷
432 4101 545 4160 τοῖς
568 4099 845 4167 ὑπηκόοις,
876 4100 968 4151 καὶ
992 4100 1284 4169 τριάκοντα
1315 4098 1495 4152 δοῦναι
1518 4098 1755 4150 τάλαντα

171 4193 283 4249 τοῖς
320 4188 640 4251 Βυζαντίοις
663 4192 743 4252 εἰς
765 4189 1049 4259 νεουργίαν
1073 4189 1166 4242 τοῦ
1195 4189 1303 4241 τῶν
1333 4188 1540 4241 ὑδάτων
1572 4187 1751 4241 ὁλκοῦ.

173 4285 278 4336 Καὶ
302 4282 456 4345 ὅπως
489 4281 849 4351 ἐφιλοτιμεῖτο
874 4280 1140 4349 λαμπρῶς
1168 4282 1295 4343 τοὺς
1341 4280 1448 4333 τῶν
1492 4278 1753 4348 μαθημάο

171 4391 277 4425 των
318 4374 580 4440 ἐραστάς.
617 4375 721 4425 Καὶ
770 4375 897 4441 περὶ
945 4373 1053 4424 τῶν
1089 4373 1389 4440 γεγονότων
1436 4370 1754 4441 παραδόξων

170 4469 265 4535 τῆς
318 4466 431 4517 τῶν
480 4464 722 4533 αἱμάτων
760 4463 966 4534 ῥύσεως
1013 4463 1301 4532 Εὑφημίας
1328 4462 1429 4530 τῆς
1458 4462 1752 4531 μάρτυρος,

1858 3275 2015 3329 modo
2034 3274 2376 3327 Alexandria:
2409 3282 2603 3328 statute
2629 3272 2744 3326 suis
2769 3272 2989 3326 sedibus
3031 3279 3224 3339 SpOttle
3247 3280 3425 3331 ιιιοιαι,

1854 3384 1974 3438 quae
2027 3367 2269 3438 Byzantii
2332 3367 2655 3421 accidissent
2737 3364 3036 3418 nuntiarint
3097 3362 3428 3430 calligraplto

1855 3460 2065 3514 cuidam
2098 3473 2192 3525 per
2209 3456 2496 3527 Tycltaaum
2517 3454 2818 3509 transeunti
2849 3469 2969 3508 cum
2989 3468 3018 3506 a
3039 3466 3191 3507 coma
3209 3452 3425 3505 domum

1857 3560 2220 3603 reverteretur
2256 3548 2391 3617 (52).
2435 3545 2505 3601 Ut
2533 3545 2822 3599 Mauricius
2846 3546 3055 3597 tertiam
3087 3542 3426 3611 vectigalium

1858 3640 2156 3708 portionem
2239 3638 2466 3691 subditis
2534 3638 2807 3691 remisisse
2900 3635 3158 3689 feratur:
3211 3633 3427 3702 triginta

1857 3746 2071 3801 quoque
2135 3729 2451 3799 Byzantiuis
2516 3731 2750 3783 donasse
2821 3727 3060 3788 talenta,
3122 3723 3428 3778 reficiendis

1858 3821 2260 3890 aquaaductibus
2307 3819 2478 3889 33b.
2542 3816 2664 3884 Quo
2732 3819 2935 3871 ltouore
2983 3815 3310 3885 prtentioque
3350 3814 3429 3868 di-

1860 3912 2206 3979 sciplinarum
2245 3912 2516 3965 studiosos
2541 3908 2753 3977 publice
2783 3907 3022 3961 al'fecerit
3048 3906 3186 3977 (53).
3209 3905 3339 3971 Quae
3375 3904 3426 3956 in

1856 4003 1999 4058 ﬂuxu
2025 4003 2299 4071 sanguinis
2330 4002 2645 4069 Euplteutite
2687 3998 2939 4068 martyris
2985 3997 3303 4051 admiranda
3335 4011 3427 4050 ac—

1856 4096 2088 4149 ciderint
2124 4113 2137 4148 :
2175 4105 2338 4161 utque
2359 4092 2672 4155 Mauricius,
2698 4092 2772 4146 rei
2804 4091 3048 4159 periculo
3078 4090 3238 4153 facto,
3280 4090 3423 4157 quod

1858 4186 2012 4239 initio
2034 4201 2139 4240 non
2174 4186 2517 4246 credidisset,
2564 4183 2883 4237 miraculum
2924 4183 3095 4248 magis
3124 4183 3421 4235 confirma-

1858 4279 1927 4332 rit
1958 4278 2088 4346 (54).
2116 4275 2202 4331 Uti
2226 4276 2432 4331 Phocas
2467 4286 2727 4345 tyrannus
2754 4273 3145 4335 Constantiam,
3179 4270 3420 4324 Mauricii

1856 4372 2066 4436 augusti
2109 4370 2411 4438 conjugeui,
2450 4384 2573 4421 cum
2608 4367 2842 4431 filiabus,
2875 4366 3099 4433 privata
3130 4363 3310 4416 domui
3343 4362 3426 4415 in-

1858 4459 2099 4514 cluserit.
2124 4458 2319 4513 Phoca‘.
2345 4458 2410 4512 ad
2436 4459 2712 4511 tlltosroen
2734 4457 3017 4511 Persarum
3054 4469 3231 4522 regem
3260 4453 3423 4505 missa

171 4562 261 4611 καὶ
291 4558 369 4619 ὡς
387 4556 695 4625 Μαυρίκιος
723 4556 987 4625 πειράσας
1020 4555 1218 4625 μᾶλλον
1245 4555 1304 4607 τὸ
1330 4554 1512 4623 θαῦμα
1541 4554 1609 4607 δι’
1628 4555 1747 4607 άπι-
1779 4550 1822 4605 D

1779 4550 1822 4605 D
1850 4555 2046 4625 legatio
2072 4572 2086 4607 :
2115 4553 2210 4607 sed
2238 4552 2412 4604 irrita.
2440 4550 2630 4618 lluptae
2651 4550 2794 4601 enim
2838 4547 3062 4600 inducite
3098 4555 3243 4608 sunt,
3281 4542 3423 4598 Clio-

171 4650 325 4710 στίας
364 4646 658 4697 ἐπίστωσε.
690 4646 799 4697 Καὶ
850 4646 997 4708 ὅπως
1045 4647 1073 4697 6
1116 4644 1375 4714 τύραννος
1406 4646 1744 4697 Κωνσταντῐ-

172 4739 323 4791 νανδδ
354 4738 457 4807 τὴν
485 4736 578 4788 τοῦ
611 4735 872 4805 βασιλέως
898 4735 1199 4805 Μαυρικίου
1223 4737 1455 4802 γυναῖκα
1481 4735 1598 4803 ἃμα
1624 4736 1757 4797 ταῖς

1850 4660 1971 4701 sroe
2014 4652 2363 4711 praetexente,
2422 4641 2564 4709 quod
2610 4640 2921 4693 Mauriciuut
2979 4638 3125 4705 jnste
3181 4636 3421 4689 vindica-

1854 4747 1937 4791 ret
1978 4737 2114 4806 (55).
2147 4736 2235 4789 Sic
2286 4733 2493 4795 Lilins,
2531 4732 2621 4800 qui
2680 4731 2885 4798 legatus
2934 4738 3073 4792 erat,
3115 4743 3171 4781 re
3222 4726 3420 4779 infecta

171 4829 510 4899 θυγατράσιν
558 4828 616 4880 tv
673 4827 912 4895 ἰδιωτικῇ
959 4825 1104 4896 οἰκίᾳ
1157 4825 1447 4879 ἐνέκλεισε.
1479 4823 1749 4895 Πρεσδεία

1852 4826 2071 4879 domum
2128 4833 2274 4878 retro
2342 4821 2580 4876 revertit.
2641 4820 2826 4875 Cazdea
2888 4818 3177 4873 Alexandri
3239 4828 3418 4870 rerum

171 4921 260 4974 τοῦ
309 4920 582 4992 τυράννου
631 4920 768 4989 πρὸς
813 4916 1061 4987 Χοσρόην
1103 4916 1195 4969 τὸν
1238 4917 1464 4987 Περσῶν
1503 4915 1749 4985 βασιλέα,

1856 4930 2113 4969 novarum
2198 4912 2391 4969 Phoce
2468 4911 2648 4977 socii,
2720 4926 2785 4965 eo
2846 4911 3065 4965 nomine
3132 4908 3419 4977 suspecti,

1445 5053 1678 5107 VARIA‘J
1716 5048 2115 5109 LECTIONES.

183 5223 192 5233 .
317 5146 445 5218 τὴν]
479 5147 582 5233 την
622 5146 729 5199 τῶν
760 5164 819 5211 ς.

172 5234 498 5286 αναγνωσις.
526 5235 671 5278 οπως
698 5234 757 5280 ς.
832 5234 877 5248 ··
908 5234 997 5270 οια
1046 5234 1105 5280 ς.
1167 5234 1261 5269 seu
1303 5234 1561 5283 νιυειιιοιιι

172 5289 503 5345 memorabo.
580 5286 740 5358 δδτὴν
760 5288 881 5343 add.
931 5288 996 5340 Α.
1074 5286 1119 5317 ⁸⁸
1153 5286 1490 5356 προηγόρευε
1518 5302 1580 5349 ς.

895 5148 940 5225 ις
968 5145 1064 5225 καὶ
1115 5144 1305 5225 ὕϐρισε
1337 5147 1443 5225 ἐις
1467 5144 1816 5225 Ἀλέξανδρον
1874 5145 1976 5198 add
2026 5145 2089 5197 A.
2168 5143 2209 5175 δ’
2242 5142 2442 5225 μᾶλλον
2479 5144 2594 5225 Au:
2619 5141 2778 5225 πάλιν
2799 5158 2859 5222 ςτ

832 5217 877 5248 ⁵⁸
908 5216 997 5270 διὰ
1046 5232 1105 5280 ς.
1167 5213 1261 5269 sed
1303 5213 1561 5283 ejusmodi
1602 5213 1859 5269 minutias
1914 5226 1971 5267 ut
2015 5229 2283 5283 nunquam
2310 5216 2425 5267 sine
2443 5213 2630 5267 codice
2659 5215 2879 5272 mutavi,
2908 5213 2979 5264 ita
3038 5227 3142 5264 non
3193 5213 3426 5277 amplius

832 5288 881 5343 tl.
931 5288 996 5340 Α.
1074 5286 1119 5317 ⁸⁸
1153 5286 1490 5355 προηγόρευε
1518 5302 1580 5349 ς.
1654 5284 1701 5315 ⁸⁸
1727 5284 2077 5355 διερχομένου
2102 5287 2163 5337 Α.
2275 5284 2319 5316 ⁵⁷
2352 5286 2651 5353 συγχωρεῖν
2684 5300 2743 5347 ς.
2823 5282 2866 5313 ⁸⁸
2890 5280 3271 5335 Κωνσταντίαν
3300 5296 3363 5345 ς.

2955 5142 3000 5172 ’⁵⁸
3024 5140 3425 5211 αὐτοκράτορος

2275 5284 2319 5316 ⁵⁷
2352 5286 2651 5353 συγχωρεῖν
2684 5300 2743 5347 ς.
2823 5282 2866 5313 ⁸⁸
2890 5280 3271 5335 Κωνσταντίαν
3300 5296 3363 5345 ς.

1682 5398 1918 5456 ΝΟΤέΕ.

259 5500 356 5553 δε)
387 5496 525 5553 Ibid.

381 5501 662 5637 ὲῗξᾹυ-ἀίο
701 5563 939 5630 Portum.
974 5564 1067 5635 qui
1119 5574 1236 5621 erat
1291 5562 1636 5621 Chalcedone
1682 5579 1748 5621 ex

172 5635 368 5695 Zonar.
403 5638 523 5693 init.
554 5635 767 5691 Phoce.

237 5710 352 5779 (50)
387 5707 618 5777 Niceplt.
646 5708 681 5760 Ι.
708 5706 1100 5779 ξνιιιβιιμιι.

241 5775 354 5848 (:31)
386 5775 538 5833 Ibid!
558 5789 679 5847 cap.
711 5775 802 5830 41.

1920 5491 2033 5560 (52)
2064 5492 2139 5545 Ex
2168 5491 2432 5545 matutina
2466 5492 2665 5560 vigilia,
2696 5490 2868 5560 inquit
2902 5490 3054 5548 Diae.

2068 5561 2371 5650 Ιςξίρρριιῖ-Ι.
2411 5576 2564 5650 ξγιιι,
2596 5577 2715 5633 cap.
2756 5561 2843 5617 42.

1928 5631 2041 5701 (54)
2077 5631 2209 5701 Ibid.
2242 5645 2364 5696 cap.
2390 5631 2458 5701 ill
2476 5669 2489 5684 .

1927 5654 2041 5772 ἓξὲξ
2066 5654 2209 5757 iiii:
2228 5654 2460 5770 3³ιῖἰὲ
