4210 6442
128 419 224 483 165

1121 417 1645 481 BIBLIOTHECA;
1672 443 1744 455 -
1788 418 2002 480 CODD.
2065 418 2486 481 LXVI-LXIX.

3310 425 3416 491 166

123 531 327 597 ρικόγ.
358 531 627 601 ’Δρχεται
652 529 763 583 απὸ
787 528 889 597 τῆς
926 527 1202 597 βασιλείας
1246 530 1410 584 Νίνου
1437 532 1531 584 καὶ
1560 530 1726 599 Σεμι-

1829 530 1916 598 jus
1940 532 2169 584 arcessit
2202 531 2417 584 initium
2451 545 2480 582 a
2510 528 2672 597 Nino,
2702 539 2757 585 et
2779 528 3164 601 Setniramlde,
3207 537 3411 606 pergit-

129 623 356 690 ράμεως
382 664 397 687 ,
431 623 527 675 ιιαλ⁸
562 622 775 674 κάτεισι
812 622 975 690 μέχρι
1003 621 1113 674 τῶν
1138 621 1233 674 τοῦ
1272 621 1534 691 βασιλέως
1577 620 1725 674 Ἀλε·

130 710 361 782 ξάνδρου
394 712 624 783 χρόνων.
677 711 1113 781 Συμπεραὶνεται
1144 712 1199 764 δι
1246 712 1470 781 αὑτοῦὴ
1516 711 1725 780 ἱστορία

130 804 183 852 εν
204 803 395 869 λόγοις
418 803 465 854 θ’
496 803 614 855 κατ’
644 802 961 869 ἐπωνυμίαν
980 801 1086 853 τῶν
1110 799 1154 854 θ’
1176 802 1426 866 Μουσῶν,
1459 802 1689 865 κλειοῦς
1706 842 1723 868 ,

130 893 390 957 Θαλείας,
445 894 753 961 Πολυμνίας
783 894 867 957 ⁸⁸,
925 893 1306 963 Μελπομένης,
1360 892 1722 963 Τερψιχόρης.

132 984 455 1053 Εὐτέρπης,
527 984 878 1053 Καλλιόπης,
938 982 1239 1054 Ἐρατοῦς,
1297 984 1603 1055 Οὐρανίης·
1666 984 1726 1036 εν

133 1071 165 1147 ᾖ
198 1076 299 1127 καὶ
357 1077 429 1127 τὰ
478 1078 618 1128 κατά
687 1076 1033 1146 Ἀλέξανδρον
1068 1075 1162 1129 τὸν
1203 1076 1491 1131 Μακεδόνα
1527 1072 1727 1141 διέξει-

136 1184 239 1220 σιν.

206 1260 370 1313 Ἔστι
393 1260 451 1313 δὲ
482 1262 583 1330 τὴν
605 1260 805 1330 φράσιν
829 1259 1100 1327 Ἰωνίζων,
1125 1261 1219 1315 καὶ
1240 1260 1333 1314 τοῦ
1356 1262 1725 1334 προσήκοντος

135 1352 304 1405 πλέον
352 1358 420 1423 τῇ
470 1356 735 1423 συντομία
786 1354 1197 1425 ἀποχρώμενος,
1239 1354 1352 1408 οὐδ’
1404 1354 1533 1408 ἄλλο
1576 1355 1726 1409 οὐδὲν

135 1446 285 1509 ἄξιον
313 1448 601 1515 θαυμάσαι
636 1448 728 1498 καὶ
757 1445 998 1515 ζηλῶσαι
1022 1447 1429 1516 ἐνδεικνύμενος
1464 1447 1603 1518 πλὴν
1628 1447 1730 1516 τῆς

135 1539 277 1590 κατὰ
326 1538 431 1605 τὴν
472 1539 715 1607 ἱστορίαν
767 1539 1077 1608 μαθήσεως.
1117 1532 1287 1602 Οὗτος
1336 1540 1398 1592 τὸ
1432 1540 1532 1609 μὲν
1574 1541 1727 1607 γένος

139 1628 305 1681 αὐτοῦ
342 1630 440 1680 καὶ
473 1629 731 1699 πατρίδα,
772 1629 845 1689 ὡς
890 1629 1049 1691 αὐτὸς
1088 1630 1292 1693 ἐκεῖνός
1322 1647 1504 1698 φησιν,
1540 1630 1729 1704 ὥσπερ

141 1718 417 1787 Ὅμηρος,
452 1720 767 1788 ἀποσιωπᾷ,
795 1720 877 1771 ὅτι
912 1720 966 1771 δὲ
999 1720 1284 1789 διατρίϐων
1313 1721 1607 1793 manu;
1631 1738 1731 1789 φυ-

138 1810 238 1876 γῆς
275 1810 445 1861 ἕνεκα
479 1810 579 1877 τὴν
626 1810 869 1879 ἱστορίαν
900 1811 1210 1876 συνέταξεν,
1250 1812 1640 1880 ἀποφαίνεται,
1670 1812 1728 1865 τὸ

1827 632 1933 688 que
1960 620 2024 671 ad
2052 619 2345 674 Alexandri
2374 619 2552 690 Magni
2578 628 2843 689 tempora.
2867 620 3046 678 Libris
3068 638 3262 679 novem
3288 626 3415 681 uni-

1826 724 1983 762 versa
2014 710 2405 774 comprehensa
2439 720 2523 764 est
2555 709 2806 775 historia,
2832 711 3019 767 inditis
3045 715 3271 768 totidem
3291 714 3412 771 llu-

1827 817 2009 856 sarum
2048 803 2379 865 nominibus,
2417 802 2591 865 Clius,
2638 801 2867 867 Thalia,
2912 802 3231 874 Pulymuie,
3278 806 3414 862 lel-

1828 905 2086 960 pomenes
2110 930 2127 954 ,
2211 891 2590 959 Terpsichom
2614 931 2630 957 ,
2716 890 2982 963 Euterpes
3013 937 3026 958 ,
3100 896 3373 965 Calliopes
3394 938 3412 962 ,

1828 982 2026 1036 Eratus
2061 983 2195 1054 (60),
2228 995 2280 1038 et
2327 982 2561 1046 Uraniae,
2587 998 2697 1053 quo
2734 984 2786 1039 in
2818 1000 2985 1055 opere
3011 995 3066 1042 et
3107 987 3412 1044 Alexandri

1830 1076 1973 1145 regis
1996 1074 2351 1132 Macedonum
2378 1085 2531 1146 gesta
2556 1075 2748 1131 refert.

1902 1249 2079 1304 Ionica
2102 1249 2335 1305 dialecto
2365 1260 2449 1306 est
2472 1265 2637 1318 usus;
2665 1262 2816 1308 tanta
2840 1269 3057 1324 quoque
3082 1256 3220 1310 citra
3253 1258 3417 1313 deco-

1832 1355 1952 1395 rum
1981 1340 2250 1396 brevitate
2277 1342 2539 1409 adhibita,
2594 1352 2652 1397 ut
2679 1356 2876 1413 praeter
2904 1348 3101 1399 nudam
3135 1359 3414 1415 gestarum

1832 1446 2013 1485 rerum
2038 1434 2428 1497 narrationem,
2455 1434 2591 1488 nihil
2618 1435 2945 1499 mirandum,
2969 1448 3064 1491 aut
3090 1440 3413 1495 imitandum

1838 1520 2049 1577 aﬂ'erat.
2099 1522 2281 1579 Genus
2318 1534 2379 1577 et
2417 1526 2675 1593 patriam,
2718 1537 2775 1581 ut
2806 1538 2863 1581 et
2899 1530 3015 1597 ipse
3066 1546 3171 1585 non
3206 1535 3415 1589 inlicia-

1832 1626 1937 1678 tur,
1972 1615 2190 1671 Homeri
2219 1619 2489 1687 exemplo,
2518 1621 2717 1687 premit
2743 1622 2985 1677 silentio.
3015 1622 3070 1677 In
3108 1623 3291 1680 Sicilia
3334 1638 3415 1680 ta—

1831 1721 1953 1761 men
2002 1707 2177 1761 exsilii
2219 1723 2379 1762 causa
2428 1710 2749 1779 degentem,
2802 1711 3087 1768 historiam
3127 1718 3415 1785 st-ripsisse

1832 1807 2075 1867 apparet.
2113 1796 2263 1863 Quod
2303 1816 2432 1870 ergo
2482 1802 2847 1856 necessarium
2894 1814 3034 1870 erat,
3090 1807 3327 1874 patriam
3357 1820 3413 1861 et

141 1900 237 1965 μὲν
263 1900 593 1965 ἀναγκαῖον,
621 1900 856 1970 πατρίδα
886 1903 1060 1954 εἱπεῖν
1091 1904 1185 1955 καὶ
1207 1903 1383 1969 γένος,
1412 1904 1629 1976 παρεὶς,
1664 1904 1724 1957 τὸ

1829 1904 1994 1960 genus
2034 1892 2271 1957 proilteri
2306 1892 2355 1946 id
2394 1893 2584 1947 omisit
2610 1892 2747 1964 (6i),
2792 1898 2937 1964 quod
2990 1908 3169 1951 autem
3214 1900 3410 1965 ahjecti

138 1986 191 2037 δὲ
221 1987 317 2038 καὶ
356 1989 732 2057 μικροψυχίαν
762 1992 1023 2059 ἐμφαῖνον
1071 1993 1131 2044 ἐν
1159 1993 1345 2063 μνήμῃ
1390 1993 1723 2063 πεποιηκώς.

139 2077 244 2129 Καὶ
267 2078 329 2129 τὸ
355 2080 423 2130 ὲκ
444 2080 616 2132 τόσων
646 2081 702 2132 δὲ
733 2080 829 2133 καὶ
877 2082 1049 2134 τόσων
1080 2084 1418 2153 συνειλέχθαι
1446 2084 1597 2154 αὐτῷ
1629 2084 1726 2155 τὴν

144 2172 386 2241 ἱστορίαν
421 2171 786 2240 σεμνύνεσθαι
818 2172 878 2225 ού
908 2174 1048 2227 πάνυ
1096 2174 1273 2244 ψυχῆς
1320 2176 1381 2228 τὸ
1408 2177 1745 2247 μικρολόγον

137 2279 196 2315 τε
226 2265 322 2315 καὶ
349 2263 457 2332 τὴν
510 2262 846 2332 παιδαριώδη
901 2265 1211 2335 φιλοτιμίαν
1254 2266 1649 2335 ἀποσειομένης
1684 2268 1729 2300 ⁸⁸

138 2352 442 2416 ἀπόδειξις.
462 2354 599 2424 οησὶ
622 2353 667 2405 δ’
692 2354 840 2423 ὅμως
868 2355 956 2407 τὸν
975 2356 1190 2424 πρῶτον
1215 2356 1363 2427 αὐτῷ
1385 2359 1431 2391 ⁸³
1456 2362 1555 2429 τῆς
1587 2360 1730 2412 ἱστο-

142 2444 257 2510 ρίας
288 2443 637 2512 συνειλέχθαι
659 2446 722 2495 ὲκ
759 2444 931 2513 λόγων
964 2446 1062 2514 μὲν
1088 2448 1135 2478 ⁸⁸
1160 2445 1262 2514 φο’,
1306 2441 1381 2501 ὧν
1418 2450 1657 2521 πατέρας
1686 2441 1729 2502 λ’

140 2535 227 2586 καὶ
253 2542 305 2586 α’
333 2534 784 2603 ἀπομνημονεύει
802 2552 815 2565 ·
836 2535 925 2587 τὸν
947 2534 1002 2587 δὲ
1027 2535 1277 2605 δεύτερον
1299 2538 1362 2589 ἑκ
1380 2537 1598 2607 βιϐλίων
1624 2543 1728 2606 σην,

141 2625 505 2695 συγγραφέων
559 2625 614 2677 δὲ
649 2624 723 2677 κε⁴
755 2640 771 2656 ⁸
828 2626 921 2678 καὶ
974 2627 1066 2678 τὸν
1109 2627 1291 2698 τρίτον
1320 2627 1377 2679 δὲ
1421 2630 1487 2680 ὲκ
1513 2626 1731 2696 βιϐλίων

144 2720 238 2787 μὲν
265 2720 317 2751 ⁸³
355 2718 429 2787 χ’,
470 2718 833 2787 συγγραφέων
868 2719 924 2771 δὲ
954 2726 1045 2784 κς¹
1066 2735 1079 2749 ·
1113 2719 1206 2772 τὸν
1236 2720 1420 2789 μέντοι
1468 2719 1731 2790 τέταρτον

143 2813 204 2861 ὲκ
264 2809 498 2879 βιϐλίων
546 2810 642 2877 μὲν
676 2816 786 2876 ων’,
821 2810 1180 2879 συγγραφέων
1212 2810 1270 2863 δὲ
1314 2810 1483 2880 λβ¹⁸⁶·
1509 2812 1601 2863 καὶ
1642 2810 1731 2863 τὸν

150 2902 403 2968 πέμπτον
454 2900 510 2953 δὲ
543 2902 670 2953 ⁸⁷ὲκ
709 2900 928 2969 βιϐλίων
987 2903 1088 2971 μὲν
1130 2903 1218 2934 ⁸⁷⁸·
1274 2909 1339 2967 o’,
1374 2903 1731 2972 συγγραφέων

145 2991 197 3043 δὲ
255 2998 353 3055 κς-”
382 2993 431 3023 ⁸⁸
465 3008 479 3021 ·
510 2993 601 3043 τὸν
639 2990 694 3045 δὲ
722 2993 880 3045 ἒκτον
922 2994 986 3045 ὲκ
1038 2993 1255 3063 βιϐλίων
1287 2993 1459 3062 μὶν..,
1491 3010 1732 3063 συγγρα-

145 3086 286 3150 φέων
315 3085 444 3149 es...
476 3086 567 3137 τὸν
592 3086 647 3137 δὲ
675 3086 900 3155 ῑϐδομον
930 3086 995 3139 ἑκ
1031 3086 1252 3155 βιϐλίων
1288 3088 1454 3157 μὲν..⁹
1490 3103 1734 3155 συγγρα-

144 3176 286 3243 φέων
308 3177 442 3231 δὲ...
470 3176 563 3229 τὸν
596 3177 653 3230 δὲ
686 3176 873 3244 ϐγδοον
912 3179 977 3231 ὲκ
1010 3178 1230 3248 βιϐλίων
1256 3178 1355 3249 μὲν
1488 3195 1731 3250 συγγρα-

1829 1993 1913 2036 est
1948 1984 2115 2036 animi
2157 1983 2449 2050 indicium,
2492 1984 2794 2059 [exsilium]
2837 1991 3113 2045 memoria:
3150 1993 3409 2060 prodidit.

1828 2074 2006 2126 Animi
2034 2088 2250 2143 quoque
2289 2079 2525 2130 nondum
2570 2094 2794 2147 prorsus
2858 2081 3073 2135 inanem
3124 2084 3411 2151 puerilem-

1828 2178 1933 2233 que
1963 2165 2186 2233 gloriam
2216 2167 2575 2234 repudiaritis,
2603 2183 2854 2235 magnum
2881 2171 3015 2224 satis
3033 2184 3411 2241 argumentum

1829 2264 1930 2319 est,
1959 2269 1990 2308 e
2019 2267 2151 2323 quot
2179 2257 2506 2325 quantisque
2529 2259 2891 2327 scriptoribus
2918 2262 3146 2316 historia
3180 2264 3409 2320 collecta

1830 2347 1920 2409 sit,
1950 2346 2179 2415 jactare.
2214 2348 2304 2401 Ait
2330 2348 2476 2401 enim
2508 2352 2864 2419 compositum
2895 2353 3088 2408 librum
3113 2358 3347 2426 primum
3378 2372 3411 2413 υ

1833 2438 1985 2492 libris
2013 2440 2327 2508 quingentis
2367 2450 2423 2493 et
2471 2443 2833 2512 septuaginta,
2872 2458 3103 2513 quorum
3156 2460 3411 2503 auctores

1833 2545 1997 2584 unum
2034 2539 2091 2583 et
2120 2530 2335 2601 triginta
2360 2545 2778 2588 commemorat.
2807 2533 3030 2591 Librum
3057 2552 3187 2593 vero
3209 2554 3410 2596 secun-

1833 2623 1956 2677 dum
1988 2637 2019 2677 e
2046 2622 2200 2677 libris
2232 2626 2483 2679 ducentis
2512 2636 2569 2680 et
2592 2637 2737 2692 octo,
2765 2630 3089 2697 scriptorum
3122 2647 3250 2685 xxv.
3275 2630 3413 2687 Ter-

1836 2714 1966 2767 tiutn
2006 2728 2037 2768 e
2085 2713 2239 2770 libris
2281 2732 2370 2782 oc,
2405 2716 2760 2785 scriptoribus
2800 2734 2926 2775 vero
2970 2735 3067 2776 sex
3113 2732 3169 2777 et
3197 2724 3410 2794 viginti.

1834 2806 2095 2873 Quartum
2132 2822 2162 2861 e
2206 2824 2367 2861 xxxVI
2414 2809 2742 2876 scriptorqu
2796 2809 2948 2866 libris
2994 2814 3323 2885 octingentis
3357 2828 3412 2871 et

1832 2899 2246 2969 quinquaginta.
2286 2900 2569 2969 Quintum,
2618 2918 2650 2958 e
2695 2906 2937 2959 ducentis
2972 2906 3148 2972 libris,
3180 2922 3411 2974 quorum

1834 2995 2128 3062 scriptores
2147 3011 2238 3050 sex
2262 3007 2316 3051 et
2345 2998 2556 3067 viginti.
2586 2998 2678 3053 Sic
2701 3000 2766 3055 de
2794 2999 3015 3069 reliquis
3033 3001 3167 3073 (62).
3198 3001 3411 3057 Nonum

1834 3099 1865 3138 e
1906 3084 2062 3139 libris
2086 3123 2100 3138 .
2127 3123 2141 3137 .
2168 3128 2180 3141 .
2207 3126 2222 3139 .
2263 3088 2553 3141 collectum
2586 3089 2843 3155 allirmat,
2876 3091 3240 3160 scriptoribus
3278 3107 3413 3147 vero

1838 3177 2073 3246 triginta.
2104 3180 2279 3246 Atque
2308 3179 2422 3233 haec
2453 3178 2569 3234 fere
2624 3180 2995 3251 Cephalaeonis
3029 3184 3282 3242 historia.

146 3271 288 3335 ᾳέων
317 3271 451 3337 δὲ..,
490 3272 586 3323 καὶ
637 3271 730 3323 τὸν
760 3270 979 3324 ἔννατον
1016 3272 1074 3325 δὲ
1108 3273 1154 3306 ⁵⁸
1181 3273 1246 3327 ἐκ
1303 3272 1522 3326 ϐιϐλίων
1558 3273 1727 3341 μὲν..⁹
1768 3270 2130 3341 συγγραφέων
2158 3272 2215 3325 δὶ
2242 3274 2536 3343 τριάκοντα
2565 3292 2581 3307 ο
2614 3277 2671 3329 εν
2699 3270 2779 3340 οἷς
2802 3277 2896 3331 καὶ
2927 3279 2959 3347 ἡ
3062 3278 3413 3349 Κεφαλίωνος

152 3370 386 3439 ἱστορία.

924 3484 1049 3538 ΞΘι.
1748 3489 1797 3551 C

228 3575 529 3645 Ἠσυχίου
568 3575 979 3643 Ἰλλουστρίου
1041 3576 1341 3645 καθολικὴ
1386 3576 1655 3647 Ἱστορία.

229 3790 576 3860 ’Δνεγνώσθη
630 3808 718 3859 μοι
748 3790 793 3822 ⁸³
820 3790 1023 3860 βιϐλίον
1062 3789 1332 3861 ίστορικδν
1379 3791 1454 3853 ὡς
1495 3793 1553 3844 ὲν
1601 3808 1727 3846 συν-

148 3882 267 3950 όψει
300 3882 581 3952 κοσμικῆς
614 3884 873 3951 ἱστορίας·
902 3883 931 3934 ὁ
959 3882 1015 3935 δὲ
1045 3884 1396 3953 συγγραφεὺς
1423 3883 1670 3953 Ἡσύχιος
1699 3886 1727 3936 ό

149 3975 506 4043 Ἰλλούστριος
533 3974 602 4037 ⁸⁸,
640 3975 909 4042 Μιλήσιος
947 3974 1045 4040 μὲν
1079 3975 1143 4027 ὲκ
1186 3975 1459 4044 πατρίδος,
1510 3976 1642 4037 παῖς
1669 3974 1726 4028 δὲ

162 4067 416 4135 Ἡσυχίου
446 4067 541 4119 καὶ
572 4065 893 4133 Φιλοσοφίας
923 4067 966 4097 ⁸⁸
991 4107 1007 4131 ,
1046 4065 1169 4117 καθ’
1198 4066 1226 4117 δ
1255 4067 1346 4118 καὶ
1380 4068 1411 4136 ὴ
1446 4066 1725 4137 ἐπιγραφὴ

147 4158 236 4211 τοῦ
273 4158 482 4228 βιϐλίου
516 4157 655 4227 μετά
689 4157 782 4209 τοῦ
812 4158 857 4189 ⁸³
893 4157 1131 4227 ἱστορίας
1172 4159 1485 4228 Ῥωμαῖκῆς
1541 4175 1601 4212 τε
1632 4159 1725 4213 καὶ

148 4250 496 4319 παντοδαπῆς
523 4248 803 4317 τυγχάνει.
856 4249 1119 4318 Ἀρχεται
1170 4250 1285 4318 μὲν.
1322 4246 1414 4302 οὖν
1468 4251 1577 4303 ἀπὸ
1626 4251 1725 4320 τῆς

147 4341 234 4392 τοῦ
265 4341 446 4409 Βήλου
496 4340 592 4393 τοῦ
653 4340 955 4410 Ἀσσυρίων
990 4340 1252 4409 βασιλέως
1276 4341 1568 4409 βασιλείας.
1592 4342 1724 4395 κάτ-

146 4446 245 4483 εισι
291 4431 351 4483 δὲ
414 4430 578 4499 μέχρι
632 4432 727 4500 τῆς
767 4431 1019 4500 τελευτῆς
1077 4432 1457 4496 Ἀναστασίου,
1491 4432 1548 4495 ὃς
1590 4433 1722 4485 Ῥω-

150 4520 321 4588 μαίων
344 4520 575 4587 γέγονεν
601 4521 955 4591 αὐτοκράτωρ
973 4520 1101 4592 [ίοι
1127 4519 1241 4592 IL].
1272 4522 1429 4574 Ἐστι
1455 4522 1510 4575 δι
1539 4521 1725 4575 σύντο-

150 4628 241 4679 μος
263 4612 363 4663 καὶ
385 4611 702 4681 καλλιεπής⁹
728 4611 870 4675 λέξει
888 4627 949 4663 τε
970 4611 1079 4680 γὰρ
1098 4610 1143 4642 ⁸⁸
1161 4610 1371 4681 ἀνθηρᾷ
1388 4611 1481 4665 καὶ
1500 4612 1723 4682 εύσήμῳ

148 4704 411 4769 κέχρηται
434 4741 450 4763 ,
482 4702 578 4752 καὶ
608 4702 641 4769 ὴ
676 4700 917 4771 συνθήκη
946 4699 1041 4753 τοῦ
1073 4700 1231 4768 λόγου
1267 4702 1409 4754 κατὰ
1436 4702 1592 4769 λόγον
1622 4703 1721 4754 αύ-

146 4790 219 4859 τῷ
266 4790 637 4861 ἡρμοσμένηο
687 4790 1005 4860 κυριολογίᾳ
1037 4790 1135 4860 μὲν
1177 4790 1409 4860 μάλιστα
1462 4791 1667 4861 χαίρων
1702 4807 1718 4823 ·

148 4885 191 4933 εί
218 4881 274 4934 δέ
302 4898 408 4934 που
447 4883 543 4934 καὶ
566 4881 817 4952 τρέψοιτο
837 4882 883 4913 ⁸⁸
902 4920 920 4945 ,
958 4880 1038 4950 τῷ
1068 4898 1129 4934 τε
1164 4883 1390 4953 εὐσήμῳ
1423 4883 1518 4936 καὶ
1546 4884 1724 4953 ἔμφα-

146 4977 432 5034 τικωτάτω
488 4976 834 5049 τῆςίλέξεως
886 4976 1048 5047 ἧδυνε
1112 4977 1213 5048 μὶν
1273 4980 1339 5048 τῇ
1388 4982 1564 5050 τροπῇ
1634 4980 1726 5034 τὸν

2544 3479 2735 3536 LXIX.

1830 3571 2075 3648 Hesycln'i
2116 3572 2346 3648 illustris
2380 3570 2577 3626 Milesii
2621 3575 2861 3648 historia
2896 3578 3208 3648 omnigenis,
3257 3589 3413 3648 atque

1902 3640 2158 3694 Remane
2209 3643 2330 3694 libri
2371 3656 2425 3695 Vl
2478 3651 2528 3695 et
2575 3658 2655 3697 res
2707 3662 2739 3697 α
2776 3643 2990 3701 Iustino
3027 3640 3235 3702 seniore
3276 3640 3403 3717 imp.

1896 3722 2075 3781 gesltz.

1899 3800 2093 3855 Lectus
2123 3810 2177 3855 et
2209 3802 2491 3855 historicus
2520 3802 2654 3856 liber
2678 3802 2921 3871 (auctore
2977 3804 3252 3877 Hesychia
3294 3810 3409 3881 (63)

1828 3891 2046 3957 illustri,
2083 3892 2257 3962 patria
2291 3894 2522 3957 Milesio,
2557 3893 2809 3965 liesychii
2830 3905 2885 3951 et
2912 3896 3131 3967 Sophia:
3158 3899 3288 3967 tilio)
3306 3903 3404 3971 qui

1828 3984 1992 4037 Veluti
2044 3986 2462 4052 comprehensio
2499 3990 2743 4053 quaedam
2774 3998 2855 4041 est
2886 3990 3052 4045 totius
3097 3992 3167 4045 de
3205 3995 3409 4047 mundo

1828 4074 2090 4140 historiae,
2124 4087 2178 4131 ut
2205 4078 2328 4131 inde
2365 4094 2473 4148 quo
2490 4096 2593 4141 nne
2622 4082 2809 4135 titulus
2845 4081 3100 4139 Romam
3128 4087 3313 4152 simul,
3352 4098 3409 4141 et

1825 4166 2117 4233 omnigeni:
2155 4168 2398 4221 historiis
2452 4170 2867 4238 inscriptionem
2910 4173 3184 4243 prmierat.
3212 4176 3409 4245 Incipit

1826 4270 1853 4306 a
1892 4254 2017 4309 Belo
2042 4255 2180 4328 346
2217 4257 2566 4328 Assyriorum
2608 4276 2753 4329 rege,
2809 4274 2863 4315 et
2894 4264 2947 4316 in
2978 4266 3253 4319 Anastasii
3297 4265 3409 4320 Ro-

1828 4361 2108 4400 manorum
2161 4349 2503 4416 imperatoris
2553 4364 2835 4405 excessum
2871 4354 3090 4409 desiuit.
3140 4357 3407 4410 Conrisus

1825 4449 1909 4491 est
1942 4446 2106 4505 atque
2144 4440 2396 4494 disertus.
2446 4438 2579 4493 Nam
2644 4452 2699 4495 et
2732 4444 2977 4500 dictione
3042 4463 3171 4501 usus
3216 4446 3405 4502 ﬂorida

1825 4543 1886 4583 ac
1926 4528 2293 4597 signiﬁcante,
2328 4541 2384 4584 et
2437 4533 2548 4600 ipsa
2570 4534 2834 4589 orationis
2860 4546 3132 4590 structura
3166 4540 3281 4606 pari
3324 4548 3408 4594 est

1827 4620 2037 4674 ratione
2071 4620 2137 4674 ab
2174 4620 2268 4675 illo
2304 4622 2607 4689 elaborata,
2649 4625 2776 4678 dum
2826 4629 3115 4682 verborum
3170 4632 3408 4685 maxime

1826 4712 2025 4779 gaudet
2063 4711 2411 4778 proprietate.
2470 4712 2653 4768 Sicubi
2696 4729 2824 4770 vero
2866 4716 3157 4773 dictionem
3198 4720 3408 4788 signiﬁ—

1828 4812 2060 4865 cantem;
2094 4801 2256 4854 etiam
2293 4816 2414 4855 cum
2451 4804 2686 4858 maxima
2734 4808 3005 4875 emphasi,
3057 4819 3304 4863 sectatur
3332 4812 3404 4865 ita

1831 4903 1928 4943 sua
1979 4888 2332 4944 translatione
2366 4892 2672 4947 auditorem
2717 4894 2981 4959 oblectat,
3012 4907 3071 4950 ut
3118 4897 3289 4953 nihilo
3310 4899 3406 4953 ob-

1834 4980 2071 5044 scurius,
2110 4980 2242 5048 quin
2282 4979 2427 5035 forte
2462 4980 2683 5049 clarius,
2734 4998 2847 5039 rem
2888 4985 2961 5040 ob
3005 4986 3196 5042 oculos
3239 4998 3407 5059 ponat

1433 5111 1669 5169 VARIAE
1696 5111 2104 5168 LECTIONES.

212 5205 253 5236 ιι
278 5203 632 5276 -Πολυμν-είας
668 5222 727 5268 ς.
900 5204 1269 5276 ὰποσειμένης
1296 5206 1361 5260 Α.

151 5290 205 5334 ς.
276 5274 319 5303 ⁸⁷
352 5274 412 5325 δὲ
457 5274 581 5325 add.
630 5276 695 5327 A.
771 5274 836 5305 "'
880 5276 977 5340 μὲν
1024 5290 1135 5329 om.
1176 5274 1241 5330 A.
1355 5276 1402 5308 ⁵⁸
1428 5293 1505 5340 κς

1458 5207 1687 5278 ⁸³-αὑτῷ
1714 5202 1842 5262 ιιιὶά.
1871 5210 1937 5263 Α.

1510 5276 1529 5348 ]
1551 5347 1554 5348 ν
1580 5276 1667 5332 καί
1716 5279 1797 5333 vel

2044 5209 2091 5240 ”
2129 5208 2229 5277 μὲν
2257 5210 2321 5263 ἐκ
2342 5210 2516 5279 λόγων
2548 5230 2609 5277 ς’.

2706 5213 2752 5246 ⁸³
2785 5215 2885 5275 μὲν
2917 5218 3042 5271 add.
3075 5219 3142 5274 Δ.
3253 5222 3300 5254 ³⁸
3329 5222 3358 5275 λ

2044 5234 2090 5240 τ’
2129 5234 2229 5277 μεν
2257 5234 2321 5263 εκ
2344 5234 2516 5279 Αογων
2548 5234 2609 5277 ς’.
2706 5234 2752 5246 ’-
2785 5234 2885 5285 μεν
2917 5234 3042 5271 sua.
3075 5234 3142 5274 Δ.
3253 5234 3300 5254 "
3329 5234 3402 5288 λς

1992 5279 2281 5348 (incertum
2329 5282 2495 5348 enim)
2546 5284 2611 5335 A.
2668 5283 2871 5340 lacuna:
2925 5288 3125 5342 eaedem
3187 5292 3242 5345 in
3290 5293 3399 5347 AC.

1855 5280 1931 5332 κδ’
1992 5280 2281 5347 (incertum
2329 5282 2495 5347 enim)
2546 5284 2611 5335 A.
2668 5280 2871 5340 lacuna:
2925 5288 3125 5342 eaedem
3187 5292 3242 5345 in
3290 5280 3399 5347 AC.

148 5343 193 5431 τε
217 5343 274 5431 δέ
300 5354 427 5431 apte
458 5344 521 5393 ὲκ
562 5345 686 5399 add.
717 5346 783 5397 A.
861 5345 907 5375 σο
935 5362 1027 5414 μοι
1058 5348 1183 5400 add.
1216 5347 1283 5402 A.
1360 5348 1405 5379 σι
1448 5343 1748 5419 ἱλόύστριος
1783 5348 1849 5402 A.
1928 5350 1973 5381 υ
2002 5343 2203 5417 ’Σοφιας
2233 5366 2291 5413 ς.
2369 5351 2414 5383 σε
2443 5343 2537 5405 τοῦ
2571 5352 2695 5407 add.
2729 5356 2791 5409 A.
2868 5355 2912 5388 σι
2933 5356 3041 5428 γὰρ
3074 5373 3183 5414 0m.
3218 5343 3400 5431 prii;

152 5411 193 5441 ⁸³
221 5413 478 5483 τέρψοιτο
514 5429 574 5476 ς.

1670 5524 1905 5586 NOTAE.

215 5621 325 5689 (60)
360 5620 464 5685 Qui
494 5619 631 5671 liber
665 5614 763 5670 inl‘.
802 5614 1105 5689 advocatur
1135 5616 1259 5689 cod.
1292 5614 1417 5689 Nil.

220 5683 563 5766 (61)_Str_aho
581 5689 677 5741 lib.
707 5700 827 5766 x_m,
854 5689 903 5766 in
929 5683 1140 5766 Troade
1162 5684 1518 5766 §_ergcthiutn
1554 5685 1721 5745 fuisse

152 5755 286 5815 hunc
314 5755 683 5827 Cepiialonent
712 5756 876 5827 ducet
910 5763 968 5807 ut
998 5764 1053 5807 at
1079 5755 1293 5827 Suidas.

217 5830 326 5899 (62)
374 5823 619 5898 Quatuor
672 5826 766 5882 hic
826 5823 1087 5880 librorum
1148 5824 1389 5882 calculus
1435 5834 1718 5885 auctorum

1830 5624 2145 5698 earumdem
2184 5635 2451 5698 tomurum
2486 5632 2667 5698 periit.

1902 5692 2015 5767 (63)
2046 5695 2117 5767 De
2139 5711 2247 5765 quo
2269 5692 2526 5767 legendus
2546 5699 2761 5757 Suidas.
2794 5704 2981 5758 Exstat
3004 5706 3399 5767 Grmco-latina

1829 5763 1991 5831 hujus
2015 5764 2249 5837 epitome
2276 5763 2518 5837 Catalogi
2540 5771 2775 5824 virorum
2800 5775 3058 5830 doctrina:
3107 5780 3264 5834 laude
3296 5763 3405 5837 ei;

1832 5848 2016 5889 rorum
2051 5833 2321 5903 alphabeti
2348 5833 2492 5895 serie
2524 5840 2665 5910 typis
2695 5842 3056 5903 Piautinianis
3084 5833 3253 5904 edita.
