4210 6442
753 422 850 486 167

1911 392 2173 457 PHOTII
2213 384 2722 449 PATRIARCH/E
2759 384 2870 444 ΟΡ.

3901 370 4007 435 168

754 547 916 604 quam
941 526 987 585 si
1015 525 1159 582 nulla
1184 524 1355 594 figura
1390 531 1523 574 usus
1545 513 1760 569 fuisset.
1783 506 2042 565 Veritatis
2066 510 2327 574 praeterea
2357 504 2389 561 Α

2469 494 2725 564 κροατὴν,
2764 493 2915 545 οὐδὲν
2940 491 2997 544 δὲ
3050 486 3234 563 ἦττον,
3279 490 3327 541 εί
3362 487 3437 558 μὴ
3467 485 3561 539 καὶ
3588 484 3789 554 μᾶλλον
3820 486 4011 553 σαφῶς

2468 587 2483 604 ς
2614 588 2755 604 -ςηη
2815 583 2842 604 ες
2882 584 2923 604 ,ν
2961 582 3029 604 --λ
3086 582 3382 604 ι-ι--,,....-
3441 578 3816 604 -,-,,...ι--,,
3875 576 3988 604 σν,

755 601 814 680 se
834 623 924 678 hic
972 617 1225 689 inprimis
1249 611 1552 669 studiosum
1584 601 1879 676 promittit.

827 799 1098 855 Caeterum
1124 806 1261 863 Opus
1290 804 1382 845 sex
1413 788 1466 841 in
1512 794 1695 855 partes
1725 779 1981 836 divisum.
2020 774 2235 831 Primus
2266 770 2336 824 li-

759 893 877 956 ber,
928 903 1047 957 quae
1084 885 1280 941 bellum
1316 877 1611 945 Troianum
1657 877 2091 930 antecesserunt,
2142 861 2332 917 refert.

761 955 1063 1043 Secundus,
1099 977 1166 1031 ab
1194 973 1289 1027 llio
1310 978 1466 1039 capto
1490 969 1556 1020 ad
1582 966 1812 1019 Romam
1844 975 2013 1028 usque
2033 955 2335 1014 conditam,

764 1084 940 1144 gesta.
989 1068 1228 1129 Tertius,
1270 1078 1389 1132 qua:
1439 1061 1507 1113 ab
1553 1059 1688 1112 urbe
1724 1056 1942 1110 condita
1988 1051 2088 1103 sub
2123 1046 2341 1111 regibus

763 1166 1100 1225 acciderunt,
1130 1159 1300 1212 donec
1332 1152 1647 1208 consulibus
1674 1147 1858 1202 Roma:
1886 1140 2086 1197 creatis
2112 1150 2339 1205 regnum

765 1274 885 1316 esse
912 1254 1094 1319 desiit,
1127 1254 1550 1309 commemorat;
1576 1236 1897 1311 Olympiade
1923 1232 2147 1289 circiter
2172 1242 2335 1283 sexa-

768 1352 969 1421 gesima
1011 1354 1223 1399 octava.
1274 1338 1533 1404 Quartus,
1577 1346 1643 1387 eu
1698 1343 1807 1398 quo
1864 1322 2114 1379 consules
2154 1319 2343 1372 Romae.

768 1441 1121 1512 praefuerunt,
1165 1435 1270 1488 hoc
1318 1440 1427 1493 est,
1466 1443 1495 1479 a
1544 1420 1881 1492 sexagesima
1929 1426 2120 1471 octava
2153 1411 2341 1480 Olym-

773 1532 933 1602 piade
965 1542 1136 1594 usque
1182 1524 1247 1577 ad
1294 1531 1540 1580 cuxxtt,
1578 1528 1700 1568 cum
1732 1507 2007 1567 consules,
2050 1500 2191 1556 Julio
2230 1499 2344 1551 Ca:-

772 1638 896 1678 sare
935 1619 1109 1675 solum
1139 1616 1461 1681 imperante,
1498 1619 1619 1660 esse
1643 1602 1945 1656 desierunt.
1969 1596 2169 1661 Quinto
2206 1591 2345 1645 libro

773 1730 837 1770 ea
885 1718 1199 1770 narrantur,
1241 1717 1358 1773 qua:
1392 1717 1421 1753 a
1466 1698 1589 1753 Julii
1632 1692 1865 1748 Caesaris
1907 1686 2134 1755 imperio
2179 1693 2348 1748 usque

2434 587 2495 638 τὸ
2527 588 2781 655 πρᾶγμα,
2814 583 2847 653 ἢ
2878 584 2925 636 εί
2959 582 3034 653 μὴ
3084 582 3406 650 ἐτέτραπτο,
3439 578 3838 648 παρεστήσατο.
3875 576 4013 629 ’Υπ-

2440 682 2702 748 ισχνεῖται
2730 678 2787 730 δὲ
2815 677 2909 728 καὶ
2947 674 3208 745 ἀληθείας
3248 668 3388 725 εἶναι
3414 670 3763 740 φροντιστής.

2508 772 2802 839 Διαιρεῖται
2829 768 2884 820 δὲ
2906 766 3055 833 αὑτῷ
3092 765 3154 817 τὸ
3180 764 3501 832 σπούδασμα
3538 764 3617 822 εἰς
3644 761 3908 829 τμήματα
3935 758 4015 821 ἒξ,

2437 859 2511 917 ὧν
2527 862 2586 914 τὸ
2619 862 2715 929 μὲν
2740 858 2953 928 πρῶτον
2980 857 3171 925 τμῆμα
3202 854 3448 925 περιέχει
3473 852 3543 906 τὰ
3574 852 3682 918 πρὸ
3704 852 3811 904 τῶν
3837 852 4019 919 Τρωῖο

2439 952 2572 1014 κῶν,
2604 951 2665 1003 τὸ
2692 950 2747 1003 δὲ
2779 949 3027 1019 δεύτερον
3058 949 3127 1000 τὰ
3148 948 3257 1001 ἀπὸ
3303 947 3455 998 Ἰλίου
3492 943 3746 1006 ἁλώσεως
3782 944 3888 1005 ἕως
3916 943 4018 1010 τῆς

2441 1046 2669 1106 κτίσεως
2719 1041 2957 1111 Ῥώμης,
2997 1041 3057 1093 τὸ
3085 1040 3141 1092 δὲ
3171 1039 3354 1107 τρίτον
3386 1038 3452 1090 τὰ
3490 1036 3598 1089 ἀπὸ
3644 1036 3743 1103 τῆς
3784 1036 4022 1094 κτίσεως

2453 1136 2668 1204 Ῥώμης
2690 1135 2881 1202 μέχρις
2898 1134 3018 1184 ὅτου
3046 1132 3090 1162 ⁸⁸
3125 1129 3463 1198 Ῥωμαίοιςὴ
3488 1127 3596 1180 τῶν
3645 1127 3868 1179 ὑπάτων
3907 1126 4025 1176 είσ-

2443 1228 2581 1299 ήχθη
2618 1227 2886 1296 ἡγεμονία
2912 1224 3246 1277 καταλύσασι
3274 1221 3398 1280 τοὺς
3438 1219 3686 1288 βασιλέας
3709 1261 3723 1281 ,
3759 1220 3900 1270 κατὰ
3925 1218 4025 1287 τὴν

2444 1322 2635 1389 ὀγδόην
2676 1319 2773 1372 καὶ
2816 1316 3114 1388 ἑξηκοστὴν
3150 1314 3512 1384 Ὀλυμπιάδα·
3556 1314 3617 1365 τὸ
3650 1312 3707 1364 δὲ
3738 1311 4024 1379 τέταρτον,

2445 1410 2505 1474 ἑξ
2532 1404 2701 1479 οὗπερ
2741 1407 3025 1477 Ῥωμαίων
3060 1405 3331 1476 ἡγήσαντο
3369 1403 3597 1466 ὕπατοι,
3623 1402 3742 1471 ῆτοι
3789 1399 3901 1452 ἀπὸ
3926 1400 4029 1469 τῆς

2445 1505 2635 1573 ὀγδόης
2664 1503 2757 1555 καὶ
2797 1500 3094 1571 ἑξηκοστῆς
3135 1495 3522 1566 Ὀλυμπιάδος,
3560 1495 3723 1562 μέχρι
3765 1492 4028 1557 δευτέρας

2448 1600 2539 1650 καὶ
2566 1594 2930 1664 ὀγδοηκοστῆς
2964 1594 3055 1645 καὶ
3084 1591 3376 1656 ἑκατοστῆς
3405 1587 3490 1641 [51
3532 1585 3621 1657 11.]
3639 1585 4029 1654 Ὀλυμπιάδος,

2450 1684 2511 1743 οὗ
2542 1690 2635 1743 καὶ
2668 1685 2855 1755 ἔληξεν
2893 1686 2925 1754 ἡ
2951 1684 3174 1750 τοιαύτη
3210 1679 3587 1750 ἀρχὴΊουλίου
3618 1677 3714 1730 τοῦ
3746 1678 4030 1746 Καίσαρος

778 1806 903 1860 dum
937 1799 1246 1871 Byzantina:
1285 1792 1436 1847 urbis
1468 1788 1633 1857 gloria
1666 1801 1729 1838 ac
1754 1784 1923 1836 virtus
1975 1779 2039 1832 ad
2077 1787 2344 1830 summum

2465 1778 2914 1849 ιοναρχὴσαντος.
2953 1773 3023 1826 Τὸ
3061 1773 3116 1825 δὲ
3149 1774 3400 1839 πέμπτον
3435 1770 3634 1839 τμῆμα
3675 1769 3917 1838 περιέχει
3962 1768 4034 1820 τὰ

777 1894 1037 1964 perducta
1070 1899 1172 1952 est,
1214 1884 1583 1951 contigerunt,
1620 1874 1940 1945 Olympiade
1979 1882 2225 1924 ccurvn
2269 1864 2351 1916 in-
2384 1858 2389 1911 l

2465 1869 2562 1920 imo
2613 1868 2709 1933 τῆς
2756 1864 2973 1918 Ἰουλίου
3016 1862 3108 1913 τοῦ
3153 1861 3428 1927 Καίσαρος
3484 1858 3784 1927 μοναρχίας
3838 1857 4033 1925 μέχρις

779 1961 1029 2039 choante.
1053 1981 1219 2035 Sexto
1238 1976 1398 2035 libro,
1428 1987 1491 2025 ex
1519 1984 1625 2037 quo
1646 1965 2056 2021 Constantinum
2085 1961 2353 2011 Constan-

782 2073 1035 2143 tinopolis
1088 2081 1279 2137 magno
1315 2079 1413 2121 sno
1440 2063 1580 2116 bono
1618 2066 1771 2112 nacta
1808 2062 1893 2111 est
1941 2053 2348 2119 imperatorem,

784 2164 1039 2234 usquead
1079 2156 1353 2213 Anastasii
1406 2164 1690 2207 excessum
1738 2154 1893 2217 gesta
1926 2152 2145 2205 narrat;
2193 2151 2354 2206 quem

783 2229 1053 2313 Cie-sarem
1082 2252 1311 2319 scriptor
1342 2247 1427 2299 hic
1456 2239 1762 2303 clementia,
1794 2252 1856 2289 ac
1875 2232 2201 2303 benignitate
2221 2229 2354 2297 (6t),

787 2348 969 2403 nescio
996 2340 1292 2413 quomodo,
1319 2336 1499 2389 multis
1522 2326 1899 2384 antecelluisse
1919 2323 2175 2392 przedicat
2212 2338 2224 2373 :
2260 2335 2355 2373 cu-

782 2441 871 2509 jus
898 2411 1079 2492 obitus
1100 2435 1151 2487 in
1180 2429 1520 2484 undecimam
1553 2422 1742 2476 indicit
1771 2418 2140 2478 indictionem,
2163 2411 2359 2481 Magno

787 2530 1008 2587 consule
1056 2528 1175 2580 sine
1226 2522 1453 2589 collega.
1501 2515 1827 2583 Temporum
1886 2522 2013 2562 vero
2062 2503 2358 2573 periodus,

790 2640 895 2690 qua
928 2621 1153 2677 historia
1192 2616 1277 2669 illa
1303 2610 1623 2669 absolvitur,
1658 2616 1925 2659 annorum
1949 2609 2134 2655 estora
2166 2610 2287 2651 cxc.

866 2884 1118 2953 Legimus
1144 2880 1268 2931 item
1296 2874 1537 2943 ejusdem
1564 2867 1817 2939 llesychii
1847 2864 1957 2937 (65)
1984 2862 2209 2915 alterum
2234 2873 2368 2927 Opus

793 2975 995 3032 Justini
1047 2973 1297 3037 imperat.
1344 2979 1429 3018 res
1480 2972 1659 3028 gestas
1704 2959 1989 3012 continens
2032 2970 2045 3006 :
2101 2950 2370 3020 quomodo

795 3066 1089 3123 Anastasio
1124 3068 1336 3114 mortuo
1362 3053 1620 3109 suffectus
1643 3049 1915 3111 Justinus,
1946 3057 1997 3099 et
2028 3045 2185 3109 hujus
2216 3043 2373 3095 vicis-

2458 1961 2579 2011 ὅτου
2640 1956 2933 2018 Βυζάντιον
2984 1954 3076 2003 ἐπὶ
3126 1950 3267 2018 μέγα
3314 1948 3469 2016 δόξης
3532 1946 3714 2016 ἰσχύος
3768 1947 3812 1977 ⁸⁷
3860 1946 4031 2016 ήρθη,

2472 2048 2826 2118 Ὀλυμπιάδος
2850 2044 3077 2113 ἑϐδόμης
3099 2043 3187 2094 καὶ
3211 2040 3618 2109 ἑϐδομηκοστῆς
3639 2038 3735 2091 καὶ
3758 2038 4035 2091 διακοσιο-

2464 2143 2590 2210 στῆς
2615 2139 2928 2207 ἱσταμένης.
2953 2137 3025 2188 Τὸ
3047 2135 3101 2187 δὲ
3126 2134 3304 2197 ἕκτον,
3328 2131 3387 2195 ἑξ
3411 2126 3471 2185 οὗ
3495 2130 3720 2199 βασιλέα
3749 2132 4042 2183 Κωνσταν-

2463 2231 2767 2294 τινούπολις
2796 2230 3057 2299 εὐτύχησε
3091 2227 3135 2260 ⁸⁸
3194 2227 3616 2288 Κωνσταντίνον,
3650 2224 3813 2294 μέχρι
3864 2223 3966 2291 τῆς
3996 2223 4042 2253 "

2476 2323 2825 2377 Ἀναστασίου
2857 2320 3132 2388 τελευτῆς,
3159 2318 3216 2369 ὃν
3246 2311 3399 2380 οὗτος
3433 2318 3462 2369 ὁ
3496 2317 3847 2386 συγγραφεὺς
3877 2315 4045 2385 πραό-

2464 2434 2585 2487 τητι
2614 2418 2707 2468 καὶ
2733 2416 2777 2445 "°
2798 2411 3126 2483 fliuspdrq'rt,
3159 2410 3260 2462 ούκ
3283 2406 3376 2462 οἷδ’
3401 2410 3573 2473 ὅπως,
3608 2408 3815 2461 πολλῶν
3840 2409 4048 2461 ἀποσε-

2474 2505 2657 2575 μνύνει
2688 2504 2999 2569 διενεγκεῖν·
3039 2494 3102 2553 οἶ)
3138 2500 3487 2569 συνέπεστνή
3522 2498 3746 2568 τελευτὴ
3776 2499 3916 2553 κατά
3947 2499 4049 2569 τὴν

2471 2597 2760 2664 ἑνδεκάτην
2789 2592 3113 2655 ίνδικτιιῖινα,
3145 2591 3368 2658 Μάγνου
3401 2590 3560 2659 μόνου
3588 2591 3629 2621 ἰ
3658 2591 4044 2653 ὑπατεύοντος.

2480 2686 2544 2738 Ἢ
2577 2685 2633 2737 δὲ
2674 2683 2903 2752 περιοχὴ
2946 2683 3054 2734 τῶν
3097 2682 3303 2751 χρόνων
3350 2680 3540 2748 χιλίων
3582 2681 3677 2733 καὶ
3719 2682 4051 2750 ἐνενήκοντα.

2472 2779 2567 2847 κα).
2592 2776 2805 2828 ἑκατόν.
2834 2774 2925 2826 Ἐν
2955 2768 3033 2835 οἷς
3063 2774 3156 2825 καὶ
3192 2773 3225 2841 ὴ
3254 2775 3567 2841 συγγραφή.

2539 2868 2881 2937 Ἀνεγνώσθη
2905 2867 2961 2921 δέ
2993 2884 3081 2936 μοι
3111 2866 3202 2918 καὶ
3229 2866 3392 2934 ἑτέρα
3412 2864 3507 2918 τοῦ
3535 2864 3700 2917 αὐτοῦ
3728 2864 3908 2935 βίϐλος
3932 2905 3949 2927 ,
3990 2866 4053 2919 ἑν

2479 2960 2509 3037 ᾗ
2540 2963 2845 3031 περιείχετο
2881 2959 2951 3011 τά
3006 2975 3067 3009 τε
3119 2957 3391 3025 Ὶουστίνῳ
3416 2954 3751 3026 πραχθέντα,
3806 2956 3957 3016 ὅπως
3991 2971 4055 3006 τε

2477 3051 2831 3104 Ἀναστασξου
2890 3047 3313 3115 τελευτήσαντος
3370 3044 3530 3105 αὐτὸς
3577 3043 3877 3114 ἀνερρήθη.
3919 3040 4058 3096 Εῐτα

797 3165 898 3218 sim
942 3158 1227 3225 imperium
1262 3150 1602 3205 Justinianus
1628 3141 1927 3210 exceperit,
1956 3137 2168 3205 aliaque
2215 3133 2370 3185 annis

2480 3143 2571 3193 καὶ
2601 3143 2699 3210 τὴν
2719 3142 2819 3193 Ἰου
2831 3136 3097 3192 στινιανοῦ
3124 3136 3219 3188 τοῦ
3245 3136 3386 3203 μετὰ
3407 3135 3693 3186 Ἰουστίνον
3717 3135 3866 3186 ἐστιν
3889 3135 4058 3202 ἁνάῥ-

800 3206 898 3218 ......
943 3206 1130 3225 .--τ-μ
1769 3206 1781 3210 _

800 3256 1005 3322 aliquot
1039 3250 1137 3302 sub
1163 3260 1227 3299 eo
1275 3251 1450 3312 gesta.
1488 3235 1564 3289 Ne
1590 3247 1788 3289 caetera
1818 3231 2050 3294 scriptor
2103 3223 2376 3278 memoria:

2483 3206 2902 3302 ῥῆσιν-κατιδεῖν
2923 3270 2937 3294 ,
2970 3228 3063 3280 καὶ
3091 3227 3188 3290 τὰς
3222 3227 3386 3288 ἄλλας
3413 3225 3637 3293 πράξεις
3673 3226 3864 3294 μέχρις
3910 3226 4055 3278 ἑτῶν

802 3346 1104 3400 mandaret,
1154 3342 1442 3391 revocatus
1474 3340 1560 3382 est
1610 3333 1781 3379 morte
1829 3320 2056 3375 Joannis
2090 3317 2180 3367 filii
2208 3352 2221 3375 ,
2262 3327 2379 3378 quae

805 3442 1042 3489 mentem
1090 3425 1325 3482 hominis
1378 3422 1514 3475 adeo
1567 3415 1825 3486 perculit,
1869 3421 1929 3464 ut
1975 3402 2379 3463 commentandi

808 3520 1201 3587 scribendique
1230 3524 1481 3569 conatum
1513 3504 1818 3576 infregerit.

1512 3684 1673 3740 LXX.

978 3792 1119 3863 35a
1153 3786 1376 3842 Diodori
1410 3781 1577 3836 Siculi
1612 3776 1972 3831 Historiarum
1997 3768 2120 3823 libri
2152 3783 2240 3823 χι..

882 3862 1135 3954 Legimus
1182 3876 1401 3932 Diodori
1445 3871 1612 3927 Siculi
1667 3868 2027 3921 Historiarum
2060 3862 2219 3913 libros
2258 3874 2389 3927 qua-

811 3981 1081 4049 draginta,
1122 3974 1212 4042 qui
1239 3971 1545 4023 universam
1571 3962 1859 4031 quamdam
1894 3953 2079 4009 mundi
2104 3949 2391 4005 continent

814 4070 1116 4126 historiam.
1161 4063 1254 4117 Est
1302 4057 1633 4126 Cephalione
1675 4052 1834 4118 longe
1884 4047 2137 4107 uberior,
2195 4042 2387 4095 saltem

812 4176 936 4217 cum
972 4156 1164 4211 eadem
1215 4149 1427 4210 refert,
1475 4154 1535 4198 ut
1564 4154 1617 4196 et
1650 4139 1916 4210 Hesycbio
1968 4135 2185 4190 illustri.
2241 4130 2391 4200 Stylo

815 4254 985 4305 utitur
1030 4242 1338 4313 perspicuo,
1380 4251 1479 4290 nec
1516 4233 1783 4297 affectate,
1829 4227 1923 4284 sed
1974 4227 2063 4295 qui
2107 4223 2389 4278 historiam

816 4337 1052 4391 maxime
1092 4334 1299 4384 deceat.
1351 4324 1538 4392 Neque
1580 4321 1766 4383 etiam,
1805 4326 1863 4371 ιιι
1906 4317 1987 4370 sic
2014 4314 2269 4374 dixerim,
2315 4312 2395 4364 ni-

821 4428 987 4480 mium
1028 4421 1314 4481 atticissat,
1348 4424 1440 4468 aut
1478 4410 1817 4477 antiquarius
1847 4414 1929 4461 est
1959 4418 2120 4473 supra
2152 4402 2390 4462 modum,

2479 3341 2643 3375 τινων
2666 3324 2710 3352 τ’
2743 3321 2840 3387 τῆς
2885 3318 3046 3373 αὑτοῦ
3094 3316 3389 3387 βασιλείας.
3428 3318 3536 3369 Καὶ
3576 3317 3635 3366 τὸ
3660 3316 3845 3369 λοιπὸν
3870 3318 3897 3367 ὁ
3924 3333 4062 3381 συγ-

2480 3412 2720 3483 γραφεὺς
2755 3408 3024 3479 ἐπεσχέθη
3047 3451 3061 3473 ,
3093 3408 3308 3476 θανάτῳ
3332 3407 3427 3458 τοῦ
3462 3407 3651 3467 παιδὸς
3677 3406 3925 3459 Ἰωάννου
3955 3405 4061 3471 τὴν

2480 3504 2657 3572 ψυχὴν
2678 3501 2899 3572 καιρίαν
2924 3499 3141 3571 βληθεὶς
3156 3499 3243 3551 καὶ
3269 3498 3368 3567 τῆς
3387 3497 3519 3567 πρὸς
3543 3497 3602 3549 τὸ
3628 3497 3864 3567 γράφειν
3884 3496 4064 3567 ὁρμῆς

2484 3590 2761 3651 ἑκκοπείς.

3192 3676 3277 3733 Ο’.

2734 3774 3024 3843 Διοδώρου
3063 3768 3414 3827 Σικελιώτου
3459 3768 3807 3837 Ἶστορικόν.

2557 3865 2895 3935 ’Λνεγνώσθη
2934 3865 2977 3896 ⁷³
3015 3880 3104 3933 μοι
3166 3859 3429 3929 Διοδώρου
3486 3858 3806 3913 Σικελιώτου
3866 3859 4071 3925 βιϐλίον

2500 3958 2771 4028 ἱστορικὸν
2822 3959 2880 4010 ἑν
2934 3956 3113 4022 λόγοις
3168 3959 3240 4021 μ’,
3295 3952 3676 4021 οίκουμενικὴν
3722 3952 4072 4021 περιέχουσιν

2494 4046 2759 4114 ἱστορίαν.
2793 4045 2952 4097 Ἔστι
2974 4042 3031 4094 δὲ
3062 4040 3243 4111 πολλῷ
3279 4039 3615 4110 πλατύτερος
3657 4038 3753 4091 τοῦ
3788 4055 3847 4091 τε
3880 4041 4071 4106 Κεφα-

2492 4139 2700 4200 λίωνος,
2731 4138 2787 4188 ἑν
2819 4131 2899 4197 οἷς
2929 4134 3056 4197 τοὺς
3086 4133 3283 4195 αὐτοὺς
3315 4131 3542 4202 χρόνους
3576 4129 3865 4199 συμϐαίνει
3887 4131 4074 4194 αὐτοῖς

2493 4227 2855 4296 ἀναγράφειν,
2901 4212 2997 4278 καὶ
3058 4224 3152 4278 τοῦ
3195 4224 3451 4292 Ἢσυχίου
3475 4222 3567 4274 τοῦ
3616 4222 3979 4291 Ίλλουστρίου
4006 4225 4071 4275 ⁷⁵.

2494 4318 2775 4388 Κέχρηται
2815 4317 2873 4371 δὲ
2915 4317 3114 4387 φράσει
3140 4317 3304 4383 σαφεῖ
3331 4331 3391 4367 τε
3423 4315 3518 4367 καὶ
3548 4313 3778 4382 ἀκόμψῳ
3808 4313 3903 4365 καὶ
3929 4315 4077 4366 ίστο-

2497 4409 2588 4479 ρίᾳ.
2624 4408 2859 4477 μάλιστα
2903 4406 3187 4477 πρεπούσῃ
3214 4446 3228 4470 ,
3264 4403 3360 4456 καὶ
3390 4404 3527 4474 μήτε
3558 4402 3655 4465 τὰς
3702 4402 3794 4471 (ὼς
3828 4402 3895 4455 ἂν
3930 4402 4075 4455 εἴποι

820 4530 992 4583 neque
1018 4522 1207 4566 contra
1239 4508 1305 4560 ad
1332 4502 1534 4559 humile
1558 4499 1772 4554 dicendi
1810 4510 1978 4567 genus
2018 4508 2076 4547 se
2101 4489 2337 4545 demittit
2375 4506 2389 4542 :

2465 4553 2469 4579 ’
2497 4502 2601 4561 τις)
2631 4497 2759 4591 λίαν
2794 4495 3322 4566 ὑπερηττικισμένας
3345 4494 3377 4563 ἢ
3414 4493 3843 4563 ἀρχαιοτρόπους
3862 4492 4077 4545 διώκων

818 4607 912 4661 sed
942 4601 1199 4659 mediocri
1233 4600 1402 4652 forma
1436 4591 1710 4648 sermonis
1738 4589 2067 4651 delectatur,
2104 4585 2389 4650 figuratam

2500 4586 2799 4651 συντάξεις,
2835 4589 2973 4657 μήτε
3018 4587 3156 4657 πρὸς
3202 4587 3299 4655 τὴν
3325 4585 3793 4656 καθωμιλημένην
3821 4586 3867 4617 ⁷³
3902 4584 4077 4637 νεύων

818 4682 1171 4757 orationem,
1203 4689 1419 4755 aliaque
1464 4685 1677 4747 vitans;
1721 4679 1821 4733 nisi
1860 4679 2004 4746 quod
2048 4676 2112 4728 de
2159 4674 2396 4743 gentiqu

822 4789 947 4848 diis,
982 4795 1035 4838 et
1072 4781 1351 4841 heroibus,
1391 4785 1677 4844 poetarum
1709 4784 1880 4833 more,
1914 4767 2203 4821 fabulatur.
2242 4764 2399 4817 Ducit

824 4878 1063 4933 historiae
1093 4874 1307 4929 initium
1333 4868 1721 4928 aGraecorum,
1754 4862 2228 4927 Barbarorumque
2249 4857 2399 4908 fabu-

827 4971 953 5024 losis
1003 4964 1335 5035 temporibus
1360 5002 1375 5028 ,
1402 4960 1686 5029 pergitque
1727 4954 1792 5008 ad
1840 4952 2150 5006 inchoatum
2177 4947 2395 5006 bellum,

826 5065 966 5127 quod
996 5072 1119 5111 cum
1162 5053 1330 5108 Gallis
1358 5049 1589 5105 Romani
1621 5058 1838 5116 gessere
1867 5060 1880 5096 :
1914 5056 2019 5109 qua
2076 5047 2396 5107 tempestate

826 5152 887 5206 C.
922 5149 1095 5205 Julius
1117 5147 1301 5202 Caesar
1336 5142 1448 5213 (cui
1474 5140 1545 5194 ob
1584 5151 1669 5191 res
1699 5147 1876 5206 gestas
1909 5132 2024 5185 Divi
2071 5145 2397 5199 cognomen-

831 5251 942 5294 tum
978 5238 1233 5293 addidere
1273 5230 1525 5296 Bomani)
1561 5228 1843 5300 plurimas,
1872 5222 2216 5290 maximeque
2246 5220 2397 5273 belli-

2496 4676 2812 4738 παντελῶς,
2866 4675 3003 4727 ἀλλὰ
3045 4674 3123 4744 τῷ
3176 4674 3325 4743 μέσῳ
3368 4672 3475 4725 τῶν
3539 4672 3711 4737 λόγων
3767 4670 4077 4739 χαρακτῆρι

2496 4768 2721 4838 χαίρων,
2776 4766 2993 4835 φεύγων
3052 4783 3111 4818 τε
3162 4764 3369 4833 τροπάς
3406 4765 3501 4816 καὶ
3558 4758 3747 4824 τᾶλλα,
3799 4759 3940 4827 πλὴν
3969 4760 4079 4809 τῶν

2499 4860 2625 4929 παρ’
2656 4860 2882 4928 Ἕλλησι
2931 4856 3411 4925 μυθολογουμένων
3454 4855 3593 4907 θεῶν
3635 4868 3691 4905 τε
3730 4852 3823 4903 καὶ
3856 4847 4076 4919 ἡρώων,

2504 4951 2601 5002 ὅσα
2633 4950 2694 5001 τὸ
2718 4949 2999 5019 ποιητικὸν
3048 4948 3167 5011 ἔθος
3196 4947 3243 4979 ’⁸
3269 4947 3513 5015 νέμεται.
3548 4946 3807 5013 Ἀρχεται
3850 4940 3950 5009 μὲν
3989 4937 4081 4989 οὖν

2507 5040 2604 5110 τῆς
2646 5040 2885 5109 ἱστορίας
2913 5040 3020 5093 ἀπὸ
3048 5038 3156 5091 τῶν
3180 5036 3659 5107 μυθολογουμένων
3691 5032 3821 5101 παρ’
3852 5030 4080 5097 Ἕλλησι

2507 5133 2599 5184 καὶ⁹
2627 5131 2942 5201 βαρϐάροις,
2979 5130 3106 5199 ἑξῆς
3129 5130 3278 5182 διιὼν
3326 5129 3486 5198 μέχρι
3522 5127 3620 5197 τῆς
3656 5124 3829 5196 ἀρχῆς
3862 5122 3957 5174 τοῦ
3994 5137 4080 5170 συ-

2508 5224 2728 5285 στάντος
2753 5223 2993 5293 πολέμου
3037 5220 3329 5291 Ῥωμαίοις
3353 5236 3411 5272 τε
3449 5218 3542 5271 καὶ
3587 5215 3809 5276 Κελτοῖς
3830 5253 3845 5279 ,
3883 5210 4004 5264 καθ’
4028 5208 4082 5257 ὃν

2086 5309 2320 5365 νΑιῖΙΔΕ
2376 5309 2781 5369 LECTIONES.

902 5419 948 5451 “
980 5415 1124 5488 ὅτου]
1152 5414 1340 5488 ὅτε-Α.
1406 5407 1709 5488 ’ν’-ἰσχύος]
1746 5407 1926 5488 malim
1956 5406 2050 5488 καὶ
2083 5402 2287 5484 ίσχύοέ

2382 5403 2437 5475 ⁶⁸ᾃ
2452 5404 2737 5475 ηὐτύχησε
2780 5423 2840 5469 ς.

2918 5406 2961 5436 ⁸⁸
2988 5404 3111 5475 τῆς]
3151 5404 3246 5475 καὶ
3289 5406 3388 5472 τῆς
3417 5419 3479 5467 ς.
3557 5394 3755 5475 "tertii
3784 5411 3844 5447 τε
3894 5395 3994 5475 καὶ
4027 5409 4085 5475 ς’.

837 5491 878 5519 ⁷¹
910 5464 1499 5559 μόνον’ξξητίῗτινῶν]
1546 5464 1779 5559 firmasse
1830 5464 2813 5559 Legendum'dvafv'tbaeq
2869 5464 3241 5544 βιϐλίοΓδιοδ.
3297 5464 3519 5536 σι’κ.’ς.
3592 5470 3637 5501 ⁷⁸
3668 5464 3972 5535 ἰλουστρίου
4021 5465 4083 5515 Α.

838 5561 881 5591 τ’
912 5554 1409 5628 καθωμαλισμένην
1437 5569 1497 5617 ς.

1573 5550 1617 5582 ⁷⁸
1655 5548 1805 5612 ἔθνος
1830 5542 2136 5616 Stephanus
2158 5542 2215 5599 et
2244 5542 2619 5599 Casau'mnus.

2323 5635 2555 5693 NOTAE.

906 5743 1017 5812 (δι)
1045 5743 1294 5799 Fortasse
1321 5740 1390 5812 ob
1410 5738 1837 5812 Clirysargyron,
1870 5735 2057 5791 tributi
2093 5750 2282 5812 genus,
2311 5734 2607 5804 sublatum,
2635 5736 2832 5809 alioqui
2870 5735 3093 5793 minime
3123 5732 3393 5791 militaris.

910 5808 1021 5885 (65)
1048 5813 1217 5885 Cujus
1248 5811 1392 5868 nulla
1422 5808 1675 5879 est‘apud
1701 5808 1925 5867 Suidam
1959 5808 2183 5863 mentio.
