4210 6442
199 403 304 467 169

1308 396 1836 459 BIBLIOTHECA.
1866 420 1937 433 -
1972 395 2140 458 COD.
2177 396 2385 457 LXXI.

3359 394 3457 457 170

195 517 397 587 χρόνον
444 515 606 579 Γάϊος
644 513 864 577 Ἰούλιος
920 513 1155 583 Καῖσαρ,
1207 506 1253 580 ᾧ
1292 510 1382 567 διὰ
1409 511 1510 575 τὰς
1552 508 1781 582 πράξεις

1884 523 2040 565 cosas
2058 508 2339 566 Gallorum
2367 509 2617 565 nationes
2632 508 2937 566 debellavit.
2964 510 3212 583 Triginta
3252 525 3451 583 annos,

195 607 333 659 Θεὸν
395 606 627 675 ἐπίκλην
686 605 871 658 ῑθεντο
926 603 1205 672 Ῥωμαῖοι,
1257 602 1667 672 κατεπολέμησε
1718 601 1785 654 τὰ

195 696 430 749 πλεῖστα
459 697 555 750 καὶ
583 693 951 767 μαχιμώτατα
978 696 1086 748 τῶν
1105 693 1327 747 Κελτῶν
1350 692 1475 763 ἔθνη
1495 710 1509 723 ο
1536 695 1595 746 iv
1624 691 1782 762 τριά-

197 805 373 841 κοντα
421 788 483 840 δὲ
528 788 728 850 ἐτεσιν,
777 786 855 851 ὡς
890 784 1052 849 αὑτός
1089 802 1243 855 φησι,
1273 785 1400 855 περὶ
1435 784 1640 853 ταύτην
1662 783 1787 836 ἑπό-

196 895 334 949 νησε
373 877 475 947 τὴν
507 877 768 947 ίστορίαν,
805 875 1003 938 τόπους
1047 891 1106 928 τε
1153 874 1379 934 πολλοὺς
1417 872 1661 943 ἀμείὸων
1690 870 1788 940 χά-

198 985 290 1038 ριν
341 968 709 1036 ¹πολυμαθίας,
748 966 845 1020 καὶ⁸
875 965 1267 1033 ταλαιπωρίαις
1295 959 1382 1018 οἷα
1410 964 1557 1027 είκὸς
1589 965 1781 1029 ἐντυγ-

198 1061 407 1129 χάνων.
469 1059 598 1132 [105
629 1057 723 1131 8.]
756 1056 1086 1128 Σικελιώτης
1123 1055 1182 1111 δὲ
1229 1054 1306 1109 ὣν
1337 1056 1396 1122 ἐξ
1436 1053 1689 1126 Ἀγυρίου
1721 1053 1787 1107 τὸ

1890 610 1947 655 ιιι
1980 603 2048 656 de
2079 615 2139 657 se
2172 599 2395 665 fatetur.
2425 601 2551 657 huic
2578 602 2875 657 scribenda:
2895 604 3135 661 historia
3162 605 3451 677 impendit,

1887 692 2055 747 variis
2077 693 2294 749 interim
2312 694 2619 765 regionibus
2644 694 2884 750 discendi
2915 696 3089 763 gratia
3120 699 3454 766 peragratis,

1890 783 2287 856 periculisque,
2348 795 2408 841 ut
2449 787 2544 850 tit,
2579 787 2744 843 obitis
2797 802 2862 842 ac
2900 790 3188 856 superatis.
3237 789 3455 845 Siculus

1890 888 2018 930 vero
2044 873 2167 942 fuit,
2209 877 2415 948 Agyrio
2445 877 2625 951 [urbe]
2656 894 2827 949 genus
2853 893 3141 948 repetens;
3170 882 3260 950 qui
3293 881 3459 950 longo

1892 963 2255 1021 Romanorum
2278 984 2375 1023 usu
2400 985 2463 1023 ac
2482 970 2875 1035 familiaritate.
2898 982 2952 1026 et
2978 972 3217 1043 linguam
3246 973 3456 1038 calluit,

1892 1064 1947 1109 et
1974 1058 2271 1127 pracipuas
2311 1075 2555 1132 quasque
2584 1075 2673 1117 res
2706 1062 2776 1117 ab
2812 1078 2873 1118 ea
2906 1073 3068 1135 gente
3108 1065 3342 1122 feliciter
3371 1067 3458 1121 in-

200 1152 362 1218 γένος
408 1150 572 1221 ἔσχε,
617 1151 710 1203 καὶ
750 1149 840 1203 διὰ
879 1149 979 1216 τὴν
1024 1146 1307 1219 ιπιμιξίαν
1343 1146 1453 1200 τῶν
1497 1145 1787 1215 Ῥωμαίων

1895 1145 2202 1207 feliciterve
2224 1163 2406 1222 gestas
2430 1165 2686 1209 accurate
2712 1156 2950 1225 collegit.

202 1243 408 1313 πολλὴν
431 1241 726 1313 ἐμπειρίαν
753 1240 857 1313 τῆς
903 1239 1193 1311 Ῥωμαίων
1235 1236 1475 1310 εἰληφὼς
1548 1237 1831 1292 διαλέκτου
1870 1238 2053 1304 πάσας
2103 1241 2202 1306 τὰς
2249 1244 2580 1316 ἡγεμονικὰς
2638 1246 2811 1317 αὐτῆς
2876 1248 3103 1319 πράξεις
3154 1250 3248 1305 καὶ
3315 1254 3462 1324 πάθη

202 1334 453 1404 ἀκριᾶὒς
490 1333 804 1390 ἀνελάῶτο.

287 1428 383 1481 Ἑν
415 1426 470 1495 μ’
487 1426 543 1479 δὲ
572 1425 800 1496 βιϐλίοις
824 1425 921 1495 τὴν
944 1424 1073 1495 ὃλην
1092 1420 1597 1493 συμπεραινόμενος
1647 1433 1793 1488 πρα-

1974 1418 2154 1478 Libris
2222 1427 2579 1497 quadraginta
2649 1432 2929 1488 historiam
2999 1438 3319 1506 complexus
3379 1449 3466 1497 est

203 1521 483 1590 γματείαν
510 1522 569 1573 ὲν
602 1518 701 1589 μὲν
729 1525 782 1584 ς’
798 1520 917 1581 ταῖς
948 1516 1193 1589 πρώταις
1223 1514 1323 1578 τὰς
1352 1512 1457 1582 πρὸ
1482 1511 1591 1565 τῶν
1610 1510 1791 1581 Τρωϊ-

1902 1513 2209 1571 universam
2248 1535 2263 1572 :
2292 1534 2521 1588 quorum
2550 1538 2641 1577 sex
2676 1526 2970 1593 prioribus,
3010 1544 3132 1598 quae
3170 1542 3295 1585 ante
3321 1531 3462 1589 Tro-

204 1610 320 1663 κιῖιν
375 1610 609 1680 πράξεις
670 1626 731 1662 τε
786 1610 882 1663 καὶ
941 1606 1267 1678 μυθολογίας
1304 1604 1601 1664 ἐκτίθεται,
1645 1603 1703 1654 ὲν
1731 1600 1791 1653 δὲ

1891 1599 2003 1669 jani
2040 1604 2164 1661 belli
2196 1617 2435 1677 tempora
2469 1616 2801 1682 acciderunt,
2829 1618 3187 1692 fabulosaque
3227 1639 3462 1680 comme-

205 1704 328 1764 ταῖς
357 1701 561 1770 ἑφεξῆς
611 1708 678 1753 ια’
704 1700 803 1764 τὰς
848 1700 959 1754 ἀπὸ
986 1700 1094 1754 τῶν
1130 1698 1392 1768 Τρωῖκῶν
1424 1696 1611 1793 κοινάς
1647 1693 1788 1793 πρά-

1896 1706 2091 1793 morat.
2133 1698 2391 1757 Undecim
2445 1720 2575 1759 vero
2608 1707 3035 1778 insequentibus,
3075 1729 3195 1782 qua:
3234 1729 3263 1767 a
3307 1727 3465 1784 capto

206 1794 319 1859 ξεις
370 1795 628 1863 εὑρήσεις
686 1791 1185 1863 ἀναγεγραμμένας
1236 1790 1341 1852 ἕως
1383 1787 1485 1857 τῆς
1534 1785 1789 1854 τελευτῆς

1895 1782 1989 1838 Ilio
2022 1788 2219 1856 ubique
2244 1793 2482 1860 gentium
2515 1795 2850 1861 acciderunt,
2902 1799 3097 1856 litteris
3146 1782 3463 1873 consignata

220 1885 582 1954 Ἀλεξάνδρου
629 1884 725 1937 τοῦ
769 1884 1096 1939 Μακεδόνων
1127 1882 1410 1953 βασιλέως.
1455 1880 1542 1933 Ἐν
1589 1879 1647 1932 δὲ
1676 1880 1794 1940 ταῖς

208 1976 528 2039 ὑπολοίποις
552 1977 636 2045 κγ
664 1976 867 2045 βίϐλοις
898 1977 956 2029 ai
976 1976 1165 2028 λοιπαὶ
1200 1973 1528 2043 τυγχάνουσι
1566 1968 1796 2040 πράξεις

208 2069 727 2140 ἀναγεγραμμέναι,
776 2070 968 2139 μέχρις
993 2069 1115 2122 ὅτου
1164 2066 1457 2135 Ῥωμαίοις
1490 2062 1626 2134 πρὸς
1655 2062 1797 2115 Κελ-

208 2164 335 2225 τοὺς
362 2162 394 2214 6
425 2162 665 2230 πόλεμος
696 2162 1029 2232 συνερράγη,
1060 2159 1183 2214 καθ’
1213 2157 1272 2212 6v
1304 2157 1606 2227 ἡγούμενος
1636 2154 1797 2217 Γάϊος

218 2254 442 2316 Ἰούλιος
472 2254 690 2322 Καῖσαρ
718 2251 812 2323 [52
841 2250 933 2323 IL]
959 2250 1233 2321 ἐκράτησε
1264 2249 1361 2319 μὲν
1387 2246 1497 2300 τῶν
1527 2244 1796 2299 πλείστων

207 2347 301 2399 καὶ
336 2344 603 2415 μαχίμων
637 2344 791 2415 παρά
851 2342 1077 2406 Κελτοῖς
1102 2340 1275 2395 ἐθνῶν
1300 2339 1377 2411 τῷ
1400 2340 1625 2409 πολέμῳ
1666 2355 1796 2409 προ-

207 2436 433 2489 ιὸίϐασε
491 2436 549 2488 δὲ
603 2436 704 2505 τὴν
737 2433 1031 2506 ἠγεμονίαν
1066 2434 1165 2503 τῆς
1214 2431 1431 2504 Ῥώμης
1474 2432 1641 2503 μέχρι
1687 2430 1796 2484 τῶν

210 2525 593 2597 Βρεττανικῶν
612 2528 793 2598 νήσων
819 2541 835 2559 ο
866 2527 923 2579 ὲν
952 2513 1036 2589 οἷς
1092 2524 1187 2577 καὶ
1229 2525 1263 2594 η
1302 2522 1515 2592 ίστορξα
1546 2520 1793 2592 τελευτᾷ.

208 2620 1310 2771 Κωσιαγοῦ1Κοκκιανοίςιῖρῆιξοκκίου
1354 2684 1575 2750 Δίωνος
1613 2682 1795 2737 ἰστο-

774 2758 934 2827 puro!
956 2754 1125 2827 λόγοι
1151 2754 1230 2810 π’.

293 2850 644 2922 ’Δνεγνώσθη
679 2850 882 2913 βιϐλίον
905 2846 1216 2903 Κασσιανοῦ
1245 2844 1552 2900 Κοκκιανοῦ
1581 2844 1614 2914 ἢ
1645 2845 1793 2897 Κοκ-

210 2949 329 3001 κίου
359 2948 586 3009 Δίωνος,
620 2946 679 2997 ὲν
712 2943 890 3011 λόγοις
918 2947 993 2994 π’.
1025 2942 1286 3011 Ἀρχεται
1319 2939 1415 3009 μὲν
1436 2938 1547 2991 ἀπὺ
1578 2935 1674 2990 τοῦ
1698 2936 1795 2989 Αί-

206 3040 351 3090 νείου
374 3037 474 3091 ἐπὶ
529 3037 628 3105 τὴν
679 3034 909 3088 Ἰταλίαν
948 3035 1013 3086 ὲκ
1057 3032 1258 3102 Τροίας
1290 3030 1514 3084 καθόδου
1557 3030 1651 3082 καὶ
1694 3030 1793 3098 τῆς

207 3128 443 3190 κτίσεως
487 3124 871 3194 Ἀλμαπόλεως
919 3122 965 3155 "
1007 3122 1102 3174 καὶ
1150 3120 1387 3191 Ῥώμης,
1423 3120 1696 3191 διέρχεται
1735 3119 1793 3173 δὲ

208 3218 481 3288 καθεξῆς,
504 3216 926 3286 ἀποπαυόμενος
961 3216 1040 3277 είς
1068 3213 1168 3283 τὴν
1210 3211 1303 3265 τοῦ
1347 3211 1693 3277 ’Λντωνίνου,
1733 3210 1793 3264 δν

219 3310 594 3380 Ἐλαγάσαλον
622 3307 954 3367 ἀπεκάλουν,
992 3306 1210 3375 σφαγήν
1232 3321 1247 3336 ⁸
1274 3303 1463 3356 τοῦτον
1486 3301 1544 3357 δὶ
1568 3304 1663 3357 καὶ
1694 3304 1791 3357 Τι-

206 3403 425 3472 ϐερῖνον
463 3403 559 3453 καὶ
597 3398 1021 3469 Σαρδανάπαλον
1068 3399 1165 3452 καὶ
1206 3397 1652 3450 Ψευδαντωνῖνον
1699 3397 1793 3449 καὶ⁵

220 3490 514 3559 Ἀσσύριον
546 3489 595 3521 ⁷⁸
624 3489 735 3542 ἀπὸ
766 3487 877 3543 τῶν
902 3486 1049 3555 αὑτῷ
1082 3485 1471 3555 πραττομένων
1511 3485 1792 3554 ἐπωνόμα-

208 3582 317 3645 ζον.
354 3581 435 3633 οὐ
500 3579 661 3650 μόνον
689 3579 747 3631 δι
773 3577 910 3631 ἀλλὰ
942 3578 1036 3631 καὶ
1079 3576 1161 3639 εἰς
1207 3574 1308 3646 τὴν
1341 3573 1515 3647 ἀρχὴν
1548 3576 1793 3627 κάτεισιν

222 3672 602 3742 Ἀλεξάνδρου,
643 3671 701 3731 6;
770 3669 1089 3724 ’Δντωνίνου
1136 3669 1434 3738 σφαγέντος
1466 3670 1598 3736 (σὺν
1645 3665 1796 3738 αὑτῷ

210 3767 319 3837 γάρ
342 3768 407 3818 τὸ
442 3765 644 3835 κράτος
679 3764 845 3833 εἶχεν,
887 3762 1215 3833 ἀναληφθεὶς
1259 3761 1349 3815 ὑπ’
1398 3760 1586 3830 αὐτοῦ)
1637 3763 1796 3831 μόνος

208 3860 298 3911 τὸν
322 3857 412 3910 ἐπ’
439 3855 587 3926 αύτῷ
618 3854 980 3925 μελετηθέντα
1009 3854 1252 3907 κίνδυνον
1282 3852 1468 3921 φυγὼν
1496 3852 1605 3923 ,τὴν
1638 3852 1793 3921 βασι-

209 3950 361 4004 λείαν
395 3949 700 4017 ἐκδέχεται.
753 3945 953 3999 Τοῦτόν
994 3961 1126 4014 φησι
1173 3945 1267 3997 τὸν
1328 3943 1675 4015 Ἀλέξανδρον
1700 3945 1797 3997 καὶ

212 4034 623 4091 ωνυπατεῦσαι
669 4032 818 4100 αὑτῷ
860 4035 888 4086 ό
942 4034 1294 4102 συγγραφεὺς
1335 4032 1397 4085 τὸ
1442 4031 1693 4103 δεύτερον
1727 4034 1793 4097 ⁷³,

211 4128 305 4179 καί
331 4127 396 4180 τὸ
429 4127 573 4197 ὑπὲρ
602 4127 703 4195 τῆς
742 4123 919 4195 ἀρχῆς
949 4126 1090 4180 κατά
1120 4125 1182 4177 τὸ
1226 4125 1503 4195 προσῆκον
1534 4126 1796 4196 ἀνάλωμα

212 4218 504 4288 φιλοτιμίᾳ
545 4220 611 4288 τῇ
663 4219 720 4280 ἐς
747 4219 840 4270 τὸν
879 4216 1183 4270 συνύπατον
1221 4217 1382 4269 αὑτὸν
1414 4218 1507 4270 τὸν
1531 4218 1798 4288 αὐτοκρά-

208 4325 345 4379 τορα
372 4306 674 4361 ἀναλῶσαι.
703 4302 869 4370 Οὗτος
896 4307 939 4359 δ’
960 4309 990 4359 6
1011 4308 1358 4377 συγγραφεὺς
1388 4308 1681 4377 Περγάμου
1704 4311 1798 4363 καὶ

210 4400 471 4469 Σμύρνης
501 4400 815 4471 (Μακρῖνος
855 4397 1128 4503 αὐτῷ-τὴν
1160 4397 1335 4469 ἀρχὴν
1361 4399 1390 4451 6
1430 4400 1789 4470 αὐτοκράτωρ
1819 4415 1870 4473 ι)
1894 4442 2014 4503 po“

208 4491 534 4561 ἐγχειρίζει)
567 4491 967 4559 ὲπεστάτησεν,
1013 4487 1205 4542 ἒπειτα
1230 4490 1331 4559 τῆς
1369 4490 1638 4563 Ἀφρικῆς
1661 4495 1793 4562 ἡγε-

212 4586 499 4651 μόνευσεν,
531 4580 654 4636 εἶτα
681 4582 976 4646 Παννονίας
1003 4583 1050 4615 ⁸⁸
1078 4578 1235 4653 ἦρξε,
1264 4585 1359 4637 καὶ
1389 4585 1702 4650 ὑπατεύσας
1738 4587 1799 4641 τὺ

207 4674 489 4743 δεύτερον,
516 4673 594 4735 ὡς
636 4674 869 4746 ἐρρήθη,
911 4674 1093 4728 οἴκαδε
1122 4675 1305 4742 ἀπῆρε
1339 4678 1669 4747 παρειμένος
1704 4679 1798 4732 επὶ

207 4769 274 4836 τῇ
309 4768 423 4820 τῶν
458 4765 637 4819 ποδῶν
673 4768 989 4841 ἀρρωστίᾳ,
1021 4769 1138 4822 ἐκεῖ
1170 4768 1231 4822 τὸ
1261 4769 1445 4823 λοιπὸν
1469 4809 1484 4834 ,
1517 4771 1593 4835 ὠς
1614 4774 1707 4825 καὶ
1738 4774 1800 4826 τὸ

207 4860 490 4929 δαιμόνιον
534 4858 705 4929 αὐτῷ,
750 4861 906 4932 φησι,
950 4864 1212 4928 προεῖπεν
1243 4863 1300 4915 ἐν
1330 4863 1548 4936 Βιθυνία
1583 4864 1796 4937 διατρίο

211 4950 381 5010 εοντι,
422 4951 755 5021 βιωσόμενος

212 5046 324 5099 Ἐκ
354 5045 405 5096 τ’
428 5043 877 5113 ἀνδροκτασίης
897 5046 1025 5100 “lx
1056 5045 1105 5099 θ’
1130 5046 1379 5115 αἵματος
1402 5048 1483 5191 ἐπί
1501 5052 1784 5133 stigmam.

1484 5140 1624 5189 μου.

1484 5140 1624 5189 μου.

1897 1876 2157 1943 reperies,
2189 1894 2359 1949 usque
2387 1883 2455 1936 ad
2485 1884 2784 1942 Alexandri
2830 1887 3006 1957 Magni
3055 1892 3284 1947 obitum.
3318 1893 3464 1948 lteli-

1896 1967 2018 2034 quis
2049 1968 2219 2025 tribus
2251 1982 2306 2026 et
2351 1974 2542 2044 viginti
2597 1976 2769 2043 libris,
2805 1995 2925 2049 quae
2966 1983 3221 2052 deinceps
3268 1998 3462 2039 evene-

1899 2068 2048 2123 runt,
2106 2064 2379 2119 memoriae
2421 2068 2634 2134 prodita
2691 2070 2863 2141 leges;
2909 2074 3035 2127 dum
3083 2086 3329 2129 exortum
3379 2088 3466 2132 est

1898 2150 2264 2211 Romanorum
2294 2174 2415 2214 cum
2439 2159 2612 2219 Gallis
2640 2164 2865 2231 bellum,
2898 2167 3062 2223 ductu
3084 2168 3209 2223 Julii
3233 2170 3466 2225 Caesaris

1896 2254 2139 2314 gestum;
2176 2249 2265 2318 qui
2302 2252 2587 2323 plerasque
2615 2266 2671 2310 et
2698 2254 3024 2315 fortissimas
3052 2274 3240 2315 eorum
3268 2272 3461 2331 gentes

1897 2337 2217 2408 debellavit,
2280 2342 2690 2416 Romanumque
2746 2352 2992 2418 provexit
3060 2354 3341 2422 imperium
3408 2354 3463 2409 iu

1898 2425 2230 2486 Britanniam
2264 2449 2431 2505 usque
2464 2455 2480 2492 :
2518 2438 2572 2493 in
2607 2454 2713 2509 qua
2742 2442 3085 2512 expeditione
3115 2442 3338 2500 historia
3369 2445 3466 2501 de-

1896 2523 2042 2578 sinit.

2590 2621 2780 2680 LXXI.

2078 2709 2260 2766 Dionis
2316 2713 2489 2768 Cassii
2542 2714 2901 2772 Historiarum
2954 2722 3081 2776 libri
3126 2742 3292 2782 xxxx.

1969 2863 2222 2935 Legimus
2280 2867 2469 2925 Dionis
2510 2870 2759 2929 Cassiani
2814 2873 3068 2933 Cocciani
3139 2896 3235 2937 seu
3286 2883 3471 2943 Coccii

1899 2955 2251 3011 Historiarum
2285 2959 2451 3017 libros
2473 2964 2751 3033 octoginta
2769 2964 2985 3039 (ὅθ-67)
3012 2988 3025 3022 :
3052 2971 3152 3027 Hic
3169 2973 3473 3032 inchoando

1820 3075 1867 3136 η
1896 3052 1965 3105 ab
1994 3049 2181 3107 Encas
2220 3052 2359 3125 356
2412 3058 2463 3109 in
2519 3055 2725 3113 italiam
2774 3061 3028 3129 adventu,
3060 3075 3117 3120 et
3152 3067 3286 3123 Alba
3315 3070 3470 3132 urbe.

1897 3158 1962 3199 ac
2016 3142 2187 3199 Roma
2239 3147 2478 3212 condita,
2530 3151 2705 3205 tendit
2746 3152 3108 3220 continenter,
3167 3156 3362 3214 ﬁniens
3415 3162 3470 3216 in

1894 3235 2176 3301 Antonini,
2198 3234 2313 3306 ejus
2343 3240 2431 3307 qui
2454 3240 2775 3311 Elagabalus
2798 3253 2882 3299 est
2906 3249 3469 3323 cognominatus(68),

1894 3328 2093 3381 caedem
2125 3348 2140 3384 :
2175 3345 2335 3399 quem
2373 3341 2426 3386 et
2457 3331 2796 3398 Tiberinum.
2836 3346 2888 3391 et
2914 3338 3374 3411 Sardanapalum,
3416 3359 3475 3402 et

1893 3418 2418 3484 Pseudantouinum.
2435 3436 2597 3494 atque
2612 3427 2893 3496 Assyrium
2906 3470 2920 3492 ,
2932 3446 2960 3482 a
2975 3429 3197 3502 ﬂagitiis
3219 3439 3471 3493 nomina~

1897 3520 2039 3564 runt.
2076 3512 2219 3577 Quin
2260 3524 2315 3569 et
2348 3515 2412 3568 ad
2465 3515 2761 3572 Alexandri
2796 3521 3160 3591 principatum
3198 3531 3471 3596 pervenit,

1895 3603 1985 3671 qui
2022 3618 2277 3672 percusso
2329 3608 2605 3665 Antonino
2638 3611 2855 3677 quicum
2894 3612 3213 3683 imperarat,
3280 3621 3347 3673 ah
3379 3621 3471 3676 illo

1899 3696 1951 3750 in
1979 3698 2294 3754 societatem
2322 3702 2523 3756 ascitus
2552 3703 2725 3771 solus,
2774 3707 3074 3775 periculum
3114 3710 3214 3765 sibi
3248 3726 3472 3784 compa-

1900 3794 2074 3838 ratum
2122 3786 2446 3857 eii'ugiendo,
2486 3802 2702 3860 sceptra
2752 3808 3086 3866 susceperat.
3144 3798 3301 3858 Hunc
3348 3805 3470 3859 Ale-

1900 3880 2163 3935 xandrum
2209 3884 2544 3937 consulatum
2599 3886 2793 3942 iterum
2844 3903 3026 3945 secum
3063 3892 3304 3960 gessisse
3334 3896 3474 3948 scri-

1899 3981 2017 4039 ptor
2047 3972 2237 4043 refert,
2284 3988 2664 4049 sumptusque,
2701 3996 2837 4052 quos
2866 3982 2920 4037 in
2967 3985 3315 4054 magistratus
3356 3987 3471 4056 (69)

1900 4066 2423 4124 administrationem
2492 4072 2714 4128 Dionem
2777 4075 3112 4143 impendisse
3182 4082 3465 4147 oportuit,

1903 4162 2276 4229 imperatorem
2306 4163 2503 4232 ipsum,
2532 4167 2793 4235 collegam
2838 4171 3000 4223 nimis
3036 4170 3337 4226 honorandi
3371 4188 3468 4226 cu-

1899 4253 2104 4322 pidum.
2143 4256 2455 4310 contulisse.
2504 4255 2649 4311 Idem
2700 4274 2916 4329 quoque
2970 4263 3262 4320 historicus
3293 4282 3321 4318 a
3360 4265 3471 4319 Ma-

1902 4345 2053 4399 crino
2097 4346 2423 4414 imperatore
2475 4349 2739 4420 Pergamo
2772 4368 2835 4407 ac
2869 4353 3117 4424 Smyrna
3161 4358 3467 4427 prrefectus,

2055 4435 2108 4488 in
2157 4436 2338 4491 Atrica
2379 4440 2483 4492 dux
2517 4440 2637 4494 fuit.
2694 4441 3022 4500 Pannoniam
3073 4449 3196 4503 hinc
3235 4451 3466 4504 admini-

1893 4527 2121 4591 stravit;
2150 4530 2444 4608 consulque
2491 4532 2709 4597 iterum,
2755 4544 2811 4588 ut
2850 4536 3051 4592 dictum
3095 4550 3198 4605 est,
3229 4553 3466 4608 creatus,

1899 4620 2117 4672 revertit
2154 4605 2375 4675 domum
2407 4624 2636 4689 pedibus
2675 4626 2787 4694 jam
2830 4643 2991 4698 ager,
3039 4632 3161 4686 vita:
3198 4605 3466 4703 reliquum

1898 4709 1966 4763 ibi
2021 4710 2185 4779 (quod
2240 4712 2293 4767 in
2340 4714 2592 4785 Bithynia
2642 4719 2823 4786 agenti
2877 4723 3070 4790 genius
3122 4724 3229 4790 ille,
3264 4737 3322 4781 ut
3370 4730 3467 4794 ait,

1901 4803 2246 4873 pradixerat)
2289 4806 2532 4861 victurus

1903 5055 2068 5109 Extra
2111 5056 2378 5113 hominum
2417 5061 2634 5124 cadent,
2680 5062 2793 5115 sine
2850 5067 3139 5200 ειιιιιςιιιίιιεἰ
3173 5077 3223 5120 et
3274 5067 3467 5188 albaque

3147 5147 3290 5189 tumst
3317 5147 3393 5192 tu.

3147 5147 3393 5192 tumultu.

1478 5235 1714 5294 νΑῐιιΑῑ
1753 5238 2160 5295 LECTIONES.

277 5350 323 5381 "
354 5347 529 5436 sae-1;;
559 5347 769 5410 πόλεως
810 5346 1083 5404 διίιοιιιιε.
1118 5351 1162 5383 ’⁸
1194 5352 1417 5425 ἁσύριον
1441 5356 1501 5410 Λ.
1579 5359 1625 5388 ’ν
1654 5359 1713 5411 τὸ
1742 5359 1944 5430 βιϐλίον
1973 5360 2221 5429 δεύτερον
2248 5378 2307 5425 ς.
2386 5362 2433 5393 ⁸⁸
2464 5362 2716 5424 πανονίας
2746 5363 2809 5415 Λ.
2870 5362 2911 5394 θ’
2942 5364 3004 5415 εκ
3030 5363 3076 5417 τ’
3101 5365 3277 5436 άνδρ.]
3306 5366 3465 5419 Ηοηι.

207 5416 271 5472 Et.
302 5435 362 5481 ll,
401 5416 525 5471 164.

1762 5518 1992 5576 ΝΟΤᾸΞ.

282 5601 497 5673 (66-67)
543 5599 618 5653 De
645 5599 843 5673 quibus
862 5601 931 5654 25
954 5604 1113 5657 modo
1143 5617 1378 5672 exstant,
1411 5620 1465 5665 et
1484 5612 1793 5668 ultimorum

204 5668 297 5730 65.
342 5668 732 5743 exce'rptadper
772 5668 1035 5743 Joannem
1056 5742 1061 5743 ί
1081 5668 1437 5743 ΧίρΙιίΙίηυιη.

278 5744 391 5823 {68)
415 5741 766 5823 .l‘lerodiano,
804 5740 1495 5823 ΔΙὲῖίτιξιιειςίηιίιὶιιηΕιιιτορἒ
1540 5751 1791 5823 Helioga-

207 5811 380 5871 balus.
415 5811 549 5867 Vide
572 5823 698 5879 quas
729 5820 910 5863 notata
942 5814 994 5865 in
1018 5811 1196 5871 indice
1222 5816 1339 5873 Lat.
1371 5811 1443 5878 ad
1470 5811 1716 5880 Dionem:

530 5906 813 5967 Ρετιιοι..
862 5905 979 5966 (in.
1028 5906 1183 5971 Clit.

1974 5617 2084 5689 (769)
2126 5616 2221 5689 Sic,
2265 5630 2317 5673 et
2355 5617 2623 5673 Honorius
2674 5618 2811 5687 Aug.
2861 5631 3106 5689 sumptus
3157 5616 3465 5675 Constantii

1900 5688 2119 5760 collega:
2155 5688 2401 5744 toleravit
2428 5704 2495 5743 ex
2538 5688 2841 5760 lieracliatti
2875 5688 3053 5757 bonis,
3098 5691 3239 5760 apud
3278 5689 3466 5760 Olym-

1894 5758 2198 5826 piodorum,
2250 5760 2374 5814 infr.
2409 5760 2528 5816 cod.
2566 5757 2850 5815 LXXXIX.

3103 5919 3143 5979 6
