4210 6442
724 385 818 451 171

1894 381 2123 443 PHOTI
2132 381 2160 441 Ι
2201 377 2709 441 ΡΛΤΒΙΑΒΟΗᾹΞ
2746 378 2857 438 CP.

3891 374 3997 442 172

786 496 965 554 Patria
1009 494 1083 551 illi
1118 493 1295 550 Nicaea
1341 492 1609 565 Bithynia:
1642 511 1655 547 :
1690 507 1851 562 quant
1893 507 1958 546 ex
1994 500 2149 562 parte
2202 505 2299 559 pa-

2417 488 2572 556 Ἔσχε
2602 487 2659 541 δὲ
2689 487 2922 558 πατρίδα
2967 488 3069 554 τὴν
3106 489 3163 541 έν
3186 488 3409 560 Βιθυνία
3453 488 3707 553 Νίκαιαν,
3735 490 3805 562 ἢν
3844 495 3989 546 κατὰ

718 591 823 655 lus,
855 589 1090 646 Ascanla
1118 589 1288 654 dicta,
1319 587 1651 643 circumluit.
1696 585 1931 641 Grandis
1956 585 2072 655 ejus
2103 594 2303 646 sermo,

725 694 783 739 et
806 682 1062 750 tumidus,
1090 697 1155 737 eo
1186 681 1331 751 quod
1360 696 1541 735 rerum
1576 680 1876 750 ingentium
1903 692 2061 733 sensa
2092 674 2303 730 aﬂ’erat.

720 774 937 830 Veteris
1001 775 1129 830 item
1189 774 1293 844 ipsi
1351 772 1778 829 constructionis
1832 784 2017 826 sermo
2068 768 2305 838 plenus,

720 866 1138 937 verborumque,
1168 883 1288 937 qua:
1310 880 1493 921 rerum
1528 864 1885 936 magnitudini
1918 861 2305 933 respondeant.

726 961 943 1021 Periodi
993 960 1409 1031 parenthesibus
1456 959 1724 1028 trajectus,
1771 965 1827 1011 et
1878 956 2306 1025 hyperbatorum

721 1066 1065 1129 Opportunus
1130 1068 1281 1109 usus.
1349 1050 1571 1107 Numeri
1626 1064 1811 1119 porro,
1881 1057 1939 1103 et
2003 1046 2306 1110 intercisio,

725 1153 827 1207 etsi
858 1157 1105 1203 accurate
1155 1145 1425 1204 adhibita.
1465 1144 1537 1198 ob
1568 1142 1839 1199 orationis
1885 1150 2063 1197 tamen
2100 1140 2309 1210 perspi-

724 1242 1002 1303 cuitatem,
1033 1236 1211 1291 obiter
1244 1233 1547 1304 legentibus
1582 1248 1686 1287 non
1715 1241 1841 1287 sunt
1878 1228 2189 1284 manifesta.
2250 1226 2305 1281 lo

725 1329 1129 1388 narrationibus
1162 1336 1423 1395 praeterea
1469 1332 1524 1377 et
1552 1321 1931 1381 concionihus,
1973 1317 2307 1389 Thucydidis

727 1421 960 1473 maxime
990 1427 1074 1471 est
1115 1414 1377 1481 aemulus;
1422 1412 1524 1466 nisi
1558 1411 1701 1481 quod
1748 1408 1814 1463 ad
1866 1407 2305 1477 perspicuitatem

725 1512 899 1581 magis
944 1510 1166 1565 tendit:
1210 1514 1405 1561 cetera
1458 1504 1572 1559 fere
1618 1501 1962 1573 Thucydides
2011 1499 2084 1552 illi
2118 1513 2303 1552 norma

725 1612 809 1659 est
839 1616 903 1656 ac
937 1599 1142 1671 regula.

1411 1779 1619 1836 LXXII.

834 1877 1021 1934 Cresia:
1060 1874 1239 1933 Cuidit’
1277 1873 1620 1928 Persicarum
1661 1888 1837 1927 rerum
1874 1870 2002 1925 libri
2040 1885 2195 1924 xxttt.

797 1970 958 2024 Lecta
984 1968 1179 2023 Ctesia:
1212 1966 1393 2021 Cnidii
1444 1963 1685 2030 Persica,
1734 1965 1787 2016 in
1820 1963 1989 2017 libros
2018 1960 2307 2029 distributa

729 2072 841 2116 tres
879 2073 1043 2127 supra
1090 2057 1310 2127 viginti.
1368 2056 1622 2110 Attamen
1675 2054 1944 2125 prioribus
1998 2066 2097 2106 sex
2157 2052 2310 2107 libris

727 2150 1076 2220 Assyriorum
1116 2160 1227 2210 res,
1252 2156 1308 2200 et
1338 2159 1677 2215 quaecunque
1705 2143 1985 2197 Persicum
2019 2142 2309 2211 imperium

727 2244 1159 2300 antecesserunt,
1225 2233 1580 2303 complexus,
1654 2248 1758 2287 non
1820 2233 1923 2287 nisi
1979 2247 2009 2286 ε
2080 2232 2310 2301 septimo

732 2332 987 2400 deinceps
1051 2342 1141 2383 res
1174 2326 1419 2383 Persicas
1473 2342 1695 2381 narrare
1733 2325 1927 2397 pergit.
1971 2325 2094 2395 Ipso
2129 2326 2310 2394 itaque

727 2424 962 2492 septimo
994 2421 1152 2488 libro,
1195 2429 1387 2474 octavo
1416 2420 1545 2473 item
1578 2434 1641 2473 ac
1665 2434 1829 2484 nono,
1862 2418 2094 2485 decimo,
2139 2418 2308 2472 unde-

729 2512 870 2565 cimo
901 2520 956 2563 et
981 2507 1319 2571 duodecimo,
1366 2508 1429 2561 ad
1454 2509 1665 2562 tertium
1690 2523 1859 2578 usque
1880 2509 2168 2572 decimum,
2195 2522 2315 2577 quae

730 2605 796 2659 ad
820 2602 1019 2674 Cyrum
1048 2642 1063 2665 ,
1095 2612 1151 2659 et
1182 2604 1505 2675 Cambysen,
1542 2619 1605 2659 ac
1634 2602 1846 2671 Magum
1889 2600 2105 2672 (70-7l)
2142 2600 2313 2666 illum,

731 2697 967 2766 itemque
989 2696 1053 2750 nd
1090 2695 1305 2750 Darium
1324 2707 1378 2750 et
1402 2695 1634 2751 Xerxem
1666 2697 1957 2764 pertinent,
1988 2694 2312 2765 descripsit;

732 2790 783 2843 in
816 2791 1067 2843 omnibus
1102 2791 1491 2860 propemodum
1523 2788 1793 2843 Herodoto
1824 2787 1939 2856 (72)
1966 2788 2309 2849 adversatus,

731 2881 877 2953 36¢
920 2897 1081 2951 quem
1115 2885 1200 2951 (ut
1241 2882 1513 2951 posterior
1560 2881 1653 2935 illo
1704 2882 1946 2953 scripsit)
1998 2882 2313 2936 mendacem

733 2977 787 3030 in
825 2974 1031 3038 multis,
1084 2985 1139 3028 et
1176 2972 1480 3026 fabularum
1528 2972 1876 3027 conﬁctorem
1932 2973 2080 3027 facit.
2137 2971 2212 3027 De
2258 2987 2316 3027 se

732 3082 865 3122 vero
898 3067 1177 3137 praedicat,
1216 3079 1409 3119 eorum
1457 3079 1576 3134 quae
1626 3067 1817 3120 scribit
1873 3066 2129 3133 majorem
2186 3081 2314 3133 par-

2411 582 2554 653 μέρη
2603 585 2637 653 ὴ
2686 585 2995 655 καλουμένη
3058 585 3221 657 λίμνη
3279 588 3540 641 ’Δσκανία
3585 588 3993 659 περιλιμνάζει.

2412 673 2574 727 Ἐστι
2598 673 2654 726 δὲ
2683 675 2782 745 τὴν
2808 676 3010 745 φράσιν
3050 677 3487 748 μεγαλοπρεπῶς
3518 695 3581 731 τε
3607 680 3702 732 καὶ
3733 681 3791 743 ές
3828 678 3997 748 ϐγκον

2406 766 2880 839 διεσκευασμένος,
2944 771 3026 823 ὅτι
3080 770 3173 823 καὶ
3241 771 3495 841 μεγάλων
3554 772 3733 842 ῑργων
3783 773 3995 836 ἑννοίας

2408 856 2765 924 ἀπαγγέλλει.
2812 858 3117 928 Ἀρχαῖκῶν
3161 876 3219 913 τε
3248 860 3399 931 αύτῷ
3433 861 3739 929 συντάξεων
3777 864 3809 916 ό
3834 862 3997 932 λόγος

2412 950 2611 1021 μεστὸς
2662 951 2759 1004 καὶ
2796 951 2998 1019 λέξεων
3034 956 3367 1025 πρεπουσῶν
3411 956 3634 1026 μεγέθει
3666 956 3714 988 ⁸⁸
3752 956 3999 1030 πρίοδοί

2407 1060 2467 1095 τε
2502 1044 2639 1113 μετὰ
2666 1046 3048 1117 παρενθέσεων
3087 1049 3560 1120 παρατεταμέναι,
3596 1050 3665 1083 ⁸³⁸
3687 1050 3784 1104 καὶ
3818 1051 3999 1119 ὑπερ-

2410 1135 2589 1191 ϐατῶν
2651 1138 2908 1210 εὔκαιρος
2963 1140 3181 1212 χρῆσις.
3232 1142 3463 1213 Ῥυθμός
3514 1159 3576 1214 τε
3615 1144 3712 1198 καὶ
3748 1143 4001 1198 ἀναπαύ-

2411 1244 2528 1290 σεις
2560 1227 2606 1260 “
2640 1230 2721 1292 εἰς
2762 1229 3090 1299 ἐπιμέλειαν
3131 1232 3420 1303 ἠσκημένα
3448 1232 3536 1287 διὰ
3561 1233 3623 1287 τὸ
3677 1234 3851 1302 σαφὲς
3892 1234 3999 1288 οὐκ

2408 1317 2523 1371 ἐστι
2565 1322 2680 1382 τοῖς
2722 1320 2908 1384 ἁπλῶς
2952 1322 3428 1391 ἀναγινώσκουσιν
3462 1324 3679 1395 ἐμφανῆ
3704 1325 3773 1381 ⁸⁵.
3818 1325 3909 1377 Ἔν
3937 1325 3998 1379 δέ

2410 1426 2473 1479 γε
2494 1412 2617 1474 ταῖς
2645 1411 2693 1443 ⁸⁸
2735 1413 3105 1486 δημηγορίαις
3138 1414 3359 1487 ἄριστος
3387 1418 3481 1470 καὶ
3516 1419 3762 1490 μιμητὴς
3784 1420 3832 1451 ⁸⁸
3859 1420 3999 1473 Θου-

2409 1500 2647 1565 κυδίδου,
2697 1502 2838 1573 πλὴν
2866 1505 2919 1556 εί
2938 1522 2991 1557 τι
3019 1505 3157 1577 πρὸς
3188 1506 3249 1559 τὸ
3280 1508 3610 1578 σαφέστερον
3636 1511 3837 1580 ἀφορᾷ.
3864 1511 4002 1581 Σχε-

2408 1594 2496 1647 δὸν
2527 1596 2583 1648 δὲ
2615 1596 2718 1649 κάν
2750 1600 2864 1661 τοῖς
2908 1598 3090 1663 ἄλλοις
3116 1602 3442 1673 Θουκυδίδης
3471 1606 3621 1657 ἐστὶν
3652 1604 3802 1675 αὐτῷ
3830 1606 3860 1659 ό
3890 1622 3996 1658 κα-

2410 1707 2536 1744 ναηη

3083 1789 3204 1844 OB'.

2658 1881 2924 1947 Κτησίου
2956 1879 3064 1934 τοῦ
3094 1880 3334 1936 Κνιδίου
3362 1883 3432 1933 τὰ
3460 1882 3743 1948 Περσικά.

2502 1973 2840 2045 ’Ᾱνεγνώσοη
2885 1974 3086 2045 βιϐλίον
3110 1974 3349 2044 Κτησίου
3379 1973 3470 2026 τοῦ
3504 1974 3723 2026 Κνιδίου
3747 1973 3812 2025 τὰ
3851 1977 4000 2041 Περ-

2417 2068 2583 2132 σικὰ,
2619 2068 2677 2119 ὲν
2706 2067 2929 2138 βιϐλίοις
2949 2065 3053 2136 κγ’.
3080 2067 3219 2121 Ἀλλ’
3239 2068 3296 2120 ὲν
3322 2067 3419 2137 μὲν
3444 2066 3568 2139 [108
3594 2066 3687 2140 IL]
3709 2070 3820 2131 τοῖς
3848 2068 4005 2139 πρώ-

2412 2175 2523 2220 τοις
2556 2165 2608 2223 ς¹
2644 2158 2714 2212 τά
2758 2176 2816 2211 τε
2849 2159 3113 2230 ’Δσσύρια
3157 2159 3203 2191 ⁸⁷
3231 2158 3593 2229 διαλαμϐάνει
3640 2160 3733 2212 καὶ
3758 2160 3859 2213 ὅσα
3890 2160 4003 2231 πρὸ

2413 2250 2521 2305 τῶν
2550 2252 2859 2324 Περσικῶν,
2891 2252 2998 2306 ἀπὸ
3023 2254 3207 2323 μέντοι
3226 2253 3323 2306 τοῦ
3354 2251 3398 2315 ζ’
3419 2254 3484 2305 τὰ
3515 2253 3760 2321 Περσικὰ
3788 2253 4004 2324 διεξέρ-

2414 2360 2587 2412 χεται.
2628 2343 2738 2395 Καὶ
2771 2346 2828 2396 ἐν
2861 2344 2957 2414 μὲν
2986 2343 3065 2412 τῷ
3099 2343 3141 2406 ζ’
3174 2344 3269 2395 καὶ
3304 2340 3353 2413 η’
3390 2343 3485 2396 καὶ
3511 2343 3543 2395 ι’
3573 2344 3669 2396 καὶ
3706 2348 3775 2396 ια’
3809 2342 3905 2396 καὶ
3934 2344 4004 2412 ιβ’

2418 2435 2513 2487 καὶ
2546 2432 2612 2503 ιγ’
2655 2434 2899 2499 διέξεισι,
2933 2435 3002 2488 τὰ
3042 2438 3170 2506 περὶ
3200 2434 3383 2506 Κύρου
3437 2436 3532 2487 καὶ
3574 2434 3875 2505 Καμϐύσου
3908 2437 4007 2489 καὶ

2413 2525 2508 2581 τοῦ
2569 2526 2746 2597 μάγου
2794 2528 3021 2599 Δαρειου
3084 2546 3140 2581 τε
3176 2531 3269 2581 καὶ
3326 2528 3420 2581 τοῦ
3445 2528 3673 2599 Ξέρξου,
3725 2529 3913 2598 σχεδὸν
3946 2531 4008 2581 ἑν

2418 2622 2621 2674 ἅπασιν
2674 2622 3030 2692 ἀντικείμενα
3082 2620 3354 2693 Ἡροδότῳ
3417 2622 3669 2692 ἱστορῶν,
3723 2622 3861 2675 ἀλλὰ
3908 2625 4008 2675 καὶ

2415 2712 2655 2781 ψεύστην
2697 2713 2860 2767 αὐτὸν
2910 2714 3231 2784 ἀπελέγχων
3262 2714 3307 2746 ⁸⁸
3356 2714 3412 2767 ὲν
3444 2715 3658 2777 πολλοῖς
3693 2716 3789 2767 καὶ
3847 2714 4009 2782 λογο-

2416 2806 2571 2857 ποιὸν
2596 2805 2891 2859 ἀποκαλῶν
2923 2818 2937 2834 ·
2972 2806 3067 2858 καὶ
3096 2806 3203 2874 γὰρ
3232 2805 3493 2874 νεώτερος
3520 2804 3620 2875 μέν
3640 2807 3787 2857 ἐστιν
3812 2804 4008 2871 αὑτοῦ,

2417 2895 2551 2964 φησι
2609 2894 2665 2948 δὲ
2718 2896 2879 2948 αὑτὸν
2909 2895 3016 2949 τῶν
3047 2895 3330 2957 πλειόνων,
3384 2894 3421 2947 ἃ
3473 2896 3696 2964 ἱστορεῖ,
3726 2894 4009 2964 αὐτόπτην

2418 2988 2763 3057 γενόμενονῆ
2793 2988 2922 3058 παρ’
2974 2987 3152 3040 αὐτῶν
3196 2986 3443 3057 Περσῶν,
3501 2986 3629 3041 ἔνθα
3655 2987 3717 3039 τὸ
3740 2988 3874 3057 όρᾷν
3930 2991 4010 3058 μὴ

2419 3078 2703 3149 ἐπεχώρει,
2736 3080 3003 3149 αύτήκοον
3036 3080 3407 3141 καταστάντα,
3438 3079 3582 3131 οὕτω
3619 3079 3718 3149 τὴν
3763 3080 4010 3150 ἱστορίαν

738 3169 844 3214 tem
875 3174 1057 3215 coram
1110 3158 1348 3225 vidisse;
1392 3170 1588 3212 caetera
1624 3200 1637 3225 ,
1692 3173 1812 3229 qua:
1862 3158 2048 3214 videre
2098 3173 2204 3213 non
2248 3158 2312 3212 li-

2428 3172 2761 3240 συγγράψαι.
2797 3172 2910 3240 Οὐχ
2944 3171 3211 3241 Ἡροδότῳ
3239 3171 3295 3224 δὲ
3330 3170 3478 3241 μόνῳ
3503 3171 3759 3225 τάναντία
3782 3173 4011 3241 ίστορεῖ,

736 3252 931 3315 cuerit,
952 3252 1018 3304 ah
1051 3251 1294 3319 ipsismet
1323 3248 1505 3304 Persis
1550 3252 1815 3320 accpisse,
1848 3260 2007 3319 atque
2034 3251 2106 3303 ita
2142 3250 2207 3304 ad
2238 3252 2321 3304 hi-

737 3342 961 3397 storiam
995 3343 1341 3396 scribendam
1374 3343 1690 3397 accessisse.
1722 3344 1789 3397 At
1822 3359 1927 3397 non
1956 3343 2023 3398 ab
2058 3342 2318 3399 Herodoti

740 3435 1113 3487 tantummodo
1155 3434 1379 3488 historia
1433 3435 1683 3498 discedit,
1741 3436 1833 3488 sed
1889 3435 1956 3489 ab
2007 3437 2123 3505 ipso
2156 3438 2319 3491 etiam

740 3524 1103 3592 XenOphonte
1168 3523 1339 3596 Grylli
1383 3525 1494 3580 lilio
1535 3525 1733 3579 alicubi
1788 3525 2058 3580 dissentit.
2114 3525 2323 3581 Floruit

741 3616 886 3673 illius
916 3616 1043 3688 Cyri
1077 3619 1431 3688 temporibus,
1464 3618 1553 3688 qui
1582 3618 1744 3673 Dario
1774 3619 1890 3690 (73)
1930 3630 1983 3674 et
2014 3618 2322 3676 Parisatide

743 3710 980 3780 genitus,
1024 3708 1197 3767 frater
1231 3709 1333 3766 fuit
1384 3709 1707 3767 Artaxerxis
1736 3712 1871 3783 (74),
1919 3712 2036 3783 ejus
2064 3714 2129 3768 ad
2160 3728 2318 3784 quem

741 3800 1023 3856 Persicum
1074 3817 1297 3872 regnum
1346 3804 1581 3859 devenit.

814 3891 937 3947 Mox
962 3908 1089 3964 ergo
1122 3894 1289 3950 refert
1312 3895 1379 3950 de
1410 3896 1644 3967 Astyage
1671 3896 1807 3967 (75),
1843 3911 2006 3967 quem
2045 3907 2100 3954 et
2137 3898 2315 3972 Astyi-

743 3999 846 4055 gan
875 3992 1054 4049 vocat,
1109 3986 1256 4041 nulla
1305 3985 1506 4056 Cyrum
1558 3987 1672 4059 (76)
1726 3988 1826 4059 ipsi
1859 3989 2074 4059 generis
2106 3993 2322 4061 propin-

744 4078 954 4148 quitate
983 4077 1229 4147 junctum
1280 4077 1463 4133 fuisse.
1499 4078 1726 4150 Fugisse
1770 4088 1950 4134 autem
1993 4080 2254 4153 Astyigan
2291 4096 2320 4135 ο

744 4171 871 4241 Cyri
899 4180 1193 4239 conspectu
1236 4171 1287 4224 in
1326 4169 1632 4237 Ecbatana,
1678 4171 1861 4241 ibique
1892 4175 1943 4226 in
1981 4172 2114 4242 ipsis
2142 4173 2321 4243 regia-

748 4276 867 4315 rum
896 4261 1091 4316 adium
1126 4261 1423 4317 criscranls
1462 4264 1529 4317 ab
1571 4261 1750 4333 Amytl
1794 4262 1925 4329 tilia,
1956 4272 2010 4319 et
2055 4264 2171 4332 ejus
2204 4267 2323 4318 viro

748 4352 990 4424 Spitama
1031 4354 1381 4423 occultatum,
1440 4354 1679 4411 latuisse.
1727 4355 1798 4410 At
1846 4359 2320 4428 supervenientetn

746 4448 990 4521 Cyrum:
1028 4463 1133 4504 non
1174 4464 1204 4505 e
1234 4446 1481 4519 Spitama
1520 4450 1717 4513 solum,
1768 4459 1932 4518 atque
1980 4450 2185 4522 Amyli,
2225 4451 2321 4506 sed

2430 3264 2522 3336 [53
2554 3264 2647 3336 ll.)
2688 3264 2825 3317 ἀλλὰ
2854 3265 2948 3317 καὶ
2993 3264 3128 3333 πρὸς
3174 3263 3492 3331 Ξενοφῶντα
3522 3264 3614 3317 τὸν
3645 3263 3885 3334 Γρύλλου
3917 3266 4009 3317 ἐπ’

2423 3359 2582 3411 ἐνίων
2616 3358 2895 3426 διαφωνεῖ.
2936 3359 3191 3426 Ἠκμασε
3218 3357 3274 3409 δὲ
3307 3359 3419 3419 τοῖς
3455 3357 3667 3425 χρόνοις
3700 3356 3886 3426 Κύρου
3911 3355 4010 3409 τοῦ

2422 3450 2486 3504 ὲκ
2513 3452 2739 3521 Δαρείου
2778 3450 2873 3503 καὶ
2914 3449 3311 3519 Παρυσάτιδος.
3340 3449 3397 3512 ὃς
3441 3450 3669 3517 ἁδελφὸς
3716 3449 4009 3520 Ἀρτοξέρ-

2424 3543 2514 3607 ξου
2543 3545 2613 3609 ⁸’,
2643 3545 2722 3606 εἰς
2752 3543 2861 3613 ὃνή
2901 3542 3146 3613 Περσικὴ
3175 3542 3423 3612 βασιλεία
3452 3543 3738 3615 κατῆλθεν,
3769 3542 4011 3613 ἐτύγχα-

2424 3652 2535 3687 νεν.

2500 3898 2670 3967 Φησὶν
2701 3892 2794 3951 οὖν
2835 3896 3033 3949 αὐτίκα
3069 3896 3201 3965 περὶ
3236 3892 3327 3947 τοῦ
3368 3894 3703 3963 ’Δστυάγους
3741 3896 3817 3959 ὡς
3854 3895 4015 3950 οὐδὲν

2424 3992 2593 4050 αὐτοῦ
2628 3989 2811 4060 Κῦρος
2841 3989 2978 4058 πρὸς
3002 3988 3158 4056 γένος
3187 3986 3558 4055 ἐχρημάτιζεν
3591 4001 3605 4015 ·
3636 3980 3792 4051 οὗτος
3818 3988 3878 4042 δι
3911 3990 4014 4043 αὖ.

2423 4090 2517 4143 τὸν
2541 4088 2635 4141 καὶ
2679 4085 2972 4150 ’Δστυῒγαν
3002 4082 3048 4114 ’⁸
3075 4082 3250 4137 καλεῐ.
3275 4084 3472 4149 ⁴Ιιυγεϊν
3497 4083 3554 4136 δὲ
3579 4083 3687 4137 ἀπὸ
3716 4084 4013 4153 προσώπου

2424 4180 2608 4251 Κύρου
2680 4177 2969 4246 ’Δστυϊγαν
3036 4175 3387 4237 Ἐκϐατάνοις
3421 4176 3489 4242 ⁸⁸,
3546 4176 3640 4230 καὶ
3701 4177 4016 4246 κρυφθῆναι

2424 4276 2482 4330 tv
2530 4275 2644 4332 τοῖς
2696 4271 3045 4341 κριοκράνοις
3089 4270 3133 4303 ³⁸
3167 4268 3275 4323 τῶν
3333 4268 3618 4339 βασιλείων
3669 4270 4014 4341 οἰκημάτων,

2427 4364 2753 4437 κρυψάντων
2798 4363 2959 4417 αὐτὸν
3001 4362 3100 4431 τῆς
3136 4378 3195 4415 τε
3238 4361 3510 4431 θυγατρὸς
3539 4361 3798 4432 ’Δμύτιος
3820 4363 3868 4394 ’⁸
3914 4364 4015 4417 καὶ

2424 4456 2518 4511 τοῦ
2584 4455 2777 4527 ἀνδρὸς
2822 4454 2991 4523 αὐτῆς
3055 4453 3333 4522 Σπιτάμα.
3362 4453 3691 4508 Ἐπιστάντα
3744 4452 4015 4525 Gelipr

747 4559 815 4598 ex
844 4558 1032 4599 eorum
1087 4558 1305 4613 quoque
1359 4542 1548 4598 liberis
1597 4541 1815 4613 Spitace
1867 4551 1922 4598 et
1981 4541 2312 4615 Megaberne1

2433 4548 2685 4615 ὲπιτάξαι
2728 4545 3042 4616 ἀνακρίνειν
3066 4544 3156 4599 διὰ
3203 4543 3588 4613 στρεϐλώσεων
3618 4545 3906 4613 Σπιτὰμαν
3949 4562 4013 4598 τε

748 4636 1075 4705 quastiones
1105 4637 1172 4690 de
1203 4636 1424 4707 Astyiga
1464 4649 1562 4706 per
1616 4644 1885 4689 tormenta
1937 4636 2180 4690 exerceri
2222 4635 2327 4689 im-

750 4742 989 4797 perasse.
1040 4727 1221 4796 Ipsum
1274 4728 1436 4798 igitur
1478 4727 1775 4799 Astyigan,
1840 4742 1907 4780 ne
1951 4728 2103 4796 pueri
2165 4743 2329 4798 nepo-

753 4826 836 4871 tes
876 4816 991 4886 ejus
1026 4833 1185 4873 causa
1235 4826 1635 4887 torquerentur,
1695 4831 1815 4871 sese
1870 4818 2191 4887 prodidisse,
2233 4836 2325 4875 ca-

2436 4643 2528 4696 καὶ
2558 4640 2784 4710 Ἀμύτιν
2816 4638 2884 4702 ⁸⁸,
2924 4637 3059 4691 ἀλλὰ
3097 4637 3192 4689 καὶ
3221 4637 3347 4697 τοὺς
3376 4636 3567 4699 παίδας
3588 4636 3768 4690 αὐτῶν
3801 4638 4010 4691 Σπιτά-

2437 4751 2538 4802 κην
2593 4749 2652 4785 τε
2709 4732 2800 4783 καὶ
2863 4728 3248 4799 Μεγαϐέρνην,
3308 4730 3436 4797 περὶ
3485 4729 3784 4795 ’Δστυΐγαο
3832 4730 3925 4782 τὸν
3955 4730 4016 4781 δὲ

2437 4826 2627 4879 ἑαυτὸν
2658 4823 3070 4896 προσαγγεῖλαι,
3106 4821 3192 4875 ἵνα
3232 4821 3307 4891 μὴ
3336 4820 3402 4873 δι’
3433 4821 3594 4874 αὑτὸν
3622 4820 4020 4891 στρεϐλωθείη-

2060 4933 2290 4992 VARUE
2329 4939 2738 4995 LECTIONES.

825 5058 872 5088 “
902 5056 1107 5127 μεγέθη
1126 5074 1187 5121 ς.

1263 5051 2089 5131 ’νπαρατετραμμέναιςη-’ξ
2108 5055 2416 5131 ἀνάπαυσις
2452 5081 2510 5125 ς.
2586 5061 2896 5131 ’δὲμφανές
2946 5062 3010 5114 Α.
3068 5061 3115 5097 ⁸⁸
3144 5061 3264 5131 ταῖς
3322 5058 3587 5131 ἱστορίαις
3636 5052 4019 5131 καὶ-’δημηγο-

755 5122 1239 5231 carniﬁcis?
1261 5122 1907 5231 .t:‘:?"zti.3?":.°i.5;
1944 5122 2264 5231 disiice
2306 5122 2410 5231 A5
2526 5122 2921 5231 ἀπελὶτίεωξοέ
2953 5122 4011 5231 τιάποξειλὲλνειέε.ἰλξταὶξρέξῖ

846 5200 1132 5272 Ἀστυῖγᾷν
1166 5217 1227 5272 ς.
1261 5193 1339 5272 sic
1360 5193 1435 5272 et:
1464 5193 1625 5247 infra.
1702 5193 1747 5224 "
1780 5206 1906 5249 ante
1944 5193 2298 5266 Ἐκϐατάνοις
2340 5218 2461 5257 cum
2519 5220 2601 5272 pr.
2667 5193 2912 5257 Auoluisi
2971 5205 3051 5257 ὲν.
3126 5204 3173 5237 ⁸⁸
3212 5193 3566 5272 κρισὶιράνοις
3595 5193 3657 5263 ξ.
3731 5193 4017 5265 η’Δμύν-

755 5285 868 5329 τιος
902 5285 961 5333 ς’.
1039 5270 1085 5301 ’δ
1122 5271 1216 5322 καὶ
1248 5268 1348 5337 τὴν
1384 5266 1650 5335 Ἀμυντιν
1682 5281 1741 5328 ς·.

2298 5382 2531 5440 ΝΟΤλΕ.

830 5485 1447 5560 (70-71)8ρ1ιεηάαιαιεη
1472 5483 1569 5538 tnf.
1586 5481 1845 5537 nominat.
1869 5480 2124 5538 llerod0t.
2149 5482 2329 5537 Smer-

758 5562 945 5702 (inde)
996 5629 1098 5697 Qui
1147 5629 1214 5702 de
1259 5638 1492 5702 quatuor
1524 5624 1694 5702 _hisce
1746 5623 2011 5702 duntaxat
2063 5623 2326 5694 scripsit:

760 5695 970 5757 Ctesias
996 5695 1124 5754 vero
1156 5698 1240 5753 his
1270 5695 1407 5752 alios
1447 5696 1684 5765 quinque
1719 5695 1935 5761 adjecit.

832 5773 943 5843 (73)
986 5771 1255 5825 Πανὲωιιηι
1286 5763 1584 5831 Ιιιιιιο,”ηοιι
1635 5764 1886 5829 Darium,
1922 5766 1973 5817 in
2011 5763 2077 5818 iis
2105 5778 2224 5833 quae
2249 5777 2335 5818 se-

766 5855 997 5911 quentur
1024 5850 1199 5897 vocat.

2527 5484 2613 5537 74)
2652 5484 2723 5537 De

2503 5484 2613 5553 (74)
2652 5484 2723 5537 De
2754 5497 2860 5553 quo
2900 5484 3041 5536 infra
3074 5484 3161 5535 hic
3194 5489 3399 5537 auctor.

2506 5556 2619 5624 (75)
2674 5554 2747 5607 De
2801 5554 3067 5624 Astyage,
3131 5553 3349 5624 Amyli,
3386 5551 3599 5624 (libare
3653 5560 3707 5624 et
3759 5551 4018 5609 Petesaca

2433 5622 2524 5695 (ιιι
2546 5622 2613 5695 ibi
2645 5622 2943 5692 scribitur),
2970 5624 3100 5695 vide
3114 5622 3396 5695 eeCt‘esia,
3413 5637 3533 5695 quae
3557 5622 3790 5695 breviter
3807 5638 4019 5695 excer-

2434 5692 2543 5767 psit
2564 5694 2722 5767 Joan.
2748 5692 3355 5767 'l‘zetses_i_n_Cbiliadib.
3389 5694 3580 5749 histor.
3609 5692 3703 5748 lib.
3734 5709 3775 5761 t,
3804 5693 3861 5750 in
3890 5694 4015 5748 line.

2506 5766 2620 5839 (76)
2654 5765 2825 5837 Cyrus
2855 5765 2939 5820 hic
2964 5762 3150 5834 Major.

2754 5497 2860 5553 quo
2900 5481 3041 5536 infra
3074 5482 3161 5535 hic
3194 5489 3399 5537 auctor.
