4210 6442
800 397 904 463 1⁸15

1968 406 2229 467 PHOTII
2268 408 2775 471 PATRIARCH/E
2816 412 2927 471 CP.

3958 415 4061 482 176

790 530 959 586 prope
1008 516 1281 573 Ecbatana
1326 516 1578 583 dedisse,
1634 516 1689 572 in
1735 532 1843 589 qua
1895 520 2135 587 quinque
2186 529 2371 573 essent
2404 522 2671 588 equitum,
2706 523 3037 591 peltatorum
3062 540 3193 579 vero
3227 527 3702 597 jaculatorumque
3765 537 3821 582 et
3886 530 4058 599 sagit-

792 611 1054 666 tariorum
1083 610 1149 665 ad
1181 610 1366 664 decem
1400 610 1589 664 millia.

864 704 1045 759 Refert
1104 713 1385 773 praeterea,
1425 703 1725 759 Petisacam
1778 708 2110 767 eunuchum,
2163 720 2355 774 magna
2390 710 2435 766 Α

792 798 930 865 apud
962 796 1163 867 Cyrum
1189 797 1519 851 auctoritate
1543 794 1857 864 pollentem,
1880 799 1930 849 in
1954 797 2148 851 Persas
2178 813 2363 851 aman-

791 891 1003 950 datum,
1045 890 1136 958 qui
1182 890 1441 959 Astyigan
1479 904 1507 941 a
1548 888 1829 943 Barcaniis
1862 889 2177 953 adduceret,
2217 889 2361 957 quod

792 997 912 1036 cum
952 982 1086 1051 ipse.
1122 990 1232 1033 tum
1262 980 1469 1050 Amytis
1507 978 1615 1033 lilia
1653 988 1931 1048 parentem
1995 978 2183 1032 videre
2229 992 2363 1030 exo-

796 1084 999 1143 ptarel.
1032 1072 1285 1128 (Ebaran
1318 1082 1497 1125 autem
1531 1071 1818 1125 consilium
1840 1069 2098 1124 Petisara’
2120 1068 2360 1129 dedisse,

792 1173 851 1217 ut
893 1163 946 1217 in
986 1164 1198 1217 deserto
1245 1164 1363 1217 loco
1408 1162 1589 1230 aliquo
1636 1162 1897 1233 Astyigan
1933 1160 2179 1215 relictmn
2221 1158 2363 1213 fame

791 1254 990 1324 sitique
1020 1253 1351 1324 conﬁceret;
1393 1253 1633 1321 illudque
1659 1254 1823 1308 etiam
1866 1254 1936 1304 ita
1976 1250 2177 1305 factum
2220 1264 2359 1305 esse.

794 1343 991 1399 Verum
1030 1345 1240 1399 scelere
1286 1359 1381 1413 per
1424 1345 1638 1399 somnia
1680 1343 1973 1413 patefacto,
2000 1341 2301 1397 Petisacam
2332 1357 2360 1395 a

790 1435 952 1507 Cyro,
993 1434 1281 1489 identidem
1316 1434 1442 1487 illud
1475 1434 1787 1503 exposcenti
1819 1434 2025 1505 Amyli,
2058 1434 2125 1487 ad
2158 1433 2364 1502 suppli-

790 1530 932 1583 cium
960 1528 1200 1582 deditum
1231 1543 1370 1581 esse.
1402 1525 1553 1580 Illam
1602 1527 1789 1581 oculos
1833 1529 2066 1596 primum
2104 1527 2363 1580 semiviro

789 1620 1177 1689 exsculpsisse,
1218 1628 1328 1671 tum
1360 1617 1557 1686 pellem
1584 1618 1912 1679 detraxisse,
1946 1616 2018 1669 ita
2053 1616 2287 1685 denique
2312 1616 2361 1667 in

790 1726 1006 1765 crucem
1049 1712 1248 1781 egisse.
1294 1710 1431 1765 llinc
1474 1710 1748 1775 (Ebaran,
1784 1724 1850 1764 ne
1887 1708 2026 1762 idem
2074 1707 2365 1777 aliquando

789 1814 1067 1873 pateretur
1108 1803 1340 1857 veritum
1380 1802 1504 1871 (etsi
1541 1811 1693 1857 certo
1724 1801 1797 1855 illi
1826 1800 2123 1855 aﬂirmaret
2166 1799 2361 1866 Cyrus,

795 1896 929 1952 nihil
988 1911 1047 1952 se
1095 1894 1359 1964 ejusmodi
1420 1910 1658 1965 unquam
1696 1895 2132 1964 permissurum),
2177 1893 2361 1945 decem

788 1989 1145 2044 nihilominus
1204 1988 1412 2042 dierum
1472 1986 1648 2041 inedia
1708 1986 1882 2055 ipsum
1966 1984 2068 2039 sibi
2134 1991 2361 2037 mortem

787 2080 1144 2137 conscivisse.
1197 2076 1317 2133 Iam
1370 2078 1549 2147 ipsum
1595 2050 1854 2148 Astyigan
1915 2074 2197 2146 splendide
2238 2088 2360 2127 cum
2395 2050 2435 2104 Β

787 2172 981 2241 primis
1018 2180 1180 2241 atque
1222 2169 1509 2241 magnifice
1557 2168 1824 2239 sepultum
1858 2167 2061 2233 fuisse;
2095 2167 2357 2220 intactum

788 2264 988 2336 quippe
1021 2262 1152 2316 leris
1196 2260 1312 2330 ejus
1359 2261 1597 2316 cadaver
1633 2260 1764 2315 locis
1810 2258 1919 2313 illis
1964 2258 2195 2313 desertis
2232 2270 2359 2326 per-

789 2357 1078 2420 mansisse,
1113 2356 1254 2426 quod
1286 2352 1410 2406 illud
1438 2351 1509 2406 ibi
1548 2351 1753 2415 leones,
1783 2352 1910 2404 dum
1956 2349 2233 2405 Petisacas
2269 2360 2357 2402 re-

789 2464 980 2503 versus
999 2446 1262 2510 auferret,
1286 2453 1723 2501 conservassem.

858 2540 1033 2611 Cyrus
1056 2539 1109 2592 in
1137 2537 1390 2592 Derbices
1444 2534 1593 2605 (8|),
1638 2548 1869 2601 quorum
1910 2541 2021 2585 tum
2061 2546 2154 2587 rex
2194 2532 2358 2585 Amo-

787 2648 952 2695 rzeus,
990 2631 1291 2685 exercitum
1322 2628 1513 2694 ducit;
1552 2640 1607 2680 at
1636 2626 1710 2681 llli
1740 2640 1801 2679 ex
1839 2624 2049 2678 insidiis
2080 2624 2359 2694 productis

786 2721 1112 2791 elephantis,
1152 2718 1279 2788 Cyri
1328 2717 1631 2787 equitatum
1678 2715 1732 2769 in
1775 2714 1957 2783 fugam
2006 2722 2355 2768 convertunt.

786 2815 906 2884 Ipse
948 2813 1021 2868 ibi
1073 2811 1249 2883 Cyrus
1281 2825 1343 2866 ex
1388 2824 1529 2878 equo
1574 2807 1811 2871 decidit,
1840 2817 1895 2861 et
1942 2804 2101 2861 Indus
2136 2806 2353 2875 quidam

787 2906 1133 2977 (Derbicibus
1155 2904 1301 2958 enim
1332 2902 1448 2956 Indi
1473 2914 1629 2967 opem
1657 2901 1713 2955 in
1734 2901 1873 2955 bello
1904 2899 2170 2966 ferebant,
2195 2909 2360 2967 atque

786 3002 855 3053 ab
882 2998 969 3053 bis
994 2997 1093 3062 illi,
1126 3011 1264 3065 quos
1296 2995 1584 3056 ducebant,
1618 2993 1935 3064 elephantos
1972 2993 2316 3062 acceperant)
2343 3036 2355 3048 .

785 3090 928 3159 37a
953 3088 1113 3142 Indus
1144 3088 1307 3157 igitur
1338 3086 1427 3140 ille
1460 3086 1659 3157 Cyrum
1706 3085 1981 3154 delapsum
2016 3083 2199 3152 iaculo
2257 3085 2357 3139 sub

785 3197 923 3237 coxa
950 3182 1001 3234 in
1029 3180 1235 3234 femore
1264 3177 1589 3242 vulneravit,
1622 3192 1729 3247 quo
1762 3176 1853 3233 ille
1880 3191 1951 3231 ex
1988 3177 2211 3232 vulnere
2264 3192 2360 3244 po-

788 3286 904 3326 srea
947 3272 1196 3325 moritur.
1234 3267 1414 3338 Ipsmn
1465 3278 1651 3321 autem
1686 3278 1799 3319 tum
1830 3265 2007 3320 adhuc
2053 3265 2230 3319 vivum
2278 3266 2359 3318 la-

789 3361 1031 3416 niiliares
1061 3361 1142 3415 sui
1175 3360 1531 3423 sustulerunt,
1568 3367 1731 3425 atque
1762 3358 1813 3411 in
1846 3368 2023 3411 castra
2074 3370 2359 3410 concesse-

2534 705 2655 757 Ἔτι
2678 703 3035 772 διαλαμϐάνει
3056 705 3078 735 ⁸
3102 704 3179 767 ὡς
3199 706 3519 757 ἀποστέλλει
3545 705 3726 776 Κῦρος
3744 710 3804 759 ἐν
3827 705 4054 777 Περσίδι

2464 797 2816 865 Πετησάκαντ
2834 797 2925 847 τὸν
2952 796 3207 865 εὐνοῦχον
3224 798 3266 862 ⁸,
3288 798 3430 866 μέγα
3444 798 3576 869 παρ’
3592 798 3739 867 αὐτῷ
3754 798 4057 868 δυνάμενον

2462 888 2680 957 ἐνέγκαι
2712 888 2819 940 ἀπὸ
2850 889 3173 957 Βαρκανίων
3213 889 3505 957 Ἀστυῖγαν
3537 906 3553 921 ⁸
3595 892 3781 944 ἐπόθει
3807 892 3917 962 γὰρ
3947 891 4056 943 αύ-

2462 980 2553 1042 τός
2578 996 2634 1031 τε
2665 981 2759 1031 καὶ
2788 982 2821 1049 ή
2853 979 3100 1049 θυγάτηρ
3141 979 3371 1051 ’Δμύτις
3391 982 3483 1035 τὸν
3512 982 3727 1052 πατέρα
3760 984 3909 1037 ίδεϊν.
3939 985 4055 1037 Καὶ

2462 1071 2538 1134 ὡς
2580 1072 2831 1142 Οίϐάρας
2876 1072 3119 1141 βουλεύει
3168 1072 3461 1144 ιΙετησάκᾳ
3488 1076 3511 1106 ⁸
3554 1075 3614 1126 ἐν
3664 1074 3857 1145 ἐρήμῳ
3901 1079 4060 1146 τόπῳ

2463 1166 2833 1217 καταλιπόντα
2858 1165 3153 1232 Ἀστυῖγαν
3179 1164 3327 1237 λιμῷ
3359 1167 3453 1219 καὶ
3485 1166 3627 1236 δίψει
3660 1167 3705 1197 ⁸⁸
3736 1166 4005 1219 ἀπολέσαι
4032 1182 4047 1196 ·

2461 1255 2491 1308 δ
2525 1256 2564 1287 ⁸⁸
2590 1258 2682 1309 καὶ
2714 1257 2924 1325 γέγονε.
2958 1256 3037 1310 Δι’
3054 1258 3321 1310 ἐνυπνίων
3347 1258 3405 1311 δέ
3431 1257 3525 1310 τοῦ
3550 1258 3856 1327 μιάσματος
3882 1275 4057 1329 μηνυ-

2464 1348 2645 1412 θέντος
2674 1350 3018 1419 Πετησάκας,
3050 1349 3312 1413 πολλάκις
3356 1350 3735 1421 αἰτησαμένης
3768 1350 4051 1420 ’Δμύτιος,

2464 1441 2545 1502 είς
2574 1441 2841 1512 τιμωρίαν
2862 1441 3015 1509 παρά
3037 1442 3224 1512 Κύρου
3247 1441 3537 1494 ἐκδίδοται·
3564 1443 3597 1511 ὴ
3622 1441 3677 1494 δέ
3698 1441 3825 1503 τοὺς
3852 1440 4054 1508 ὀφθαλο

2466 1534 2601 1603 μοὺς
2637 1534 2939 1603 ἐξορύξασα
2976 1534 3073 1586 καὶ
3107 1534 3169 1586 τὺ
3194 1533 3371 1603 δέρμα
3393 1533 3749 1603 περιδείρασα
3774 1532 4051 1584 ἀνεσταύ-

2467 1640 2657 1692 ρωσεν.
2701 1623 2950 1693 Οίϐάρας
2994 1623 3050 1675 δέ
3089 1621 3277 1686 δεδιὼς
3313 1622 3389 1692 μὴ
3414 1622 3484 1675 τὰ
3506 1622 3669 1691 ὅμοια
3695 1622 3949 1674 πείσεται
3984 1623 4051 1685 ",

2464 1716 2642 1767 καίτοι
2672 1714 2855 1785 Κύρου
2889 1714 3054 1786 μηδὲν
3074 1713 3318 1766 τοιοῦτον
3350 1713 3761 1782 ἰσχυριζομένου
3788 1730 4054 1783 παραχω-

2466 1806 2649 1876 ρῆσαι,
2671 1806 2833 1869 αὐτὸς
2863 1807 2963 1875 μὲν
2994 1806 3037 1837 ⁸³
3080 1807 3537 1876 ἀποκαρτερήσας
3564 1805 3633 1857 δι’
3664 1805 3891 1875 ἡμερῶν
3914 1805 4050 1858 δέκα

2464 1900 2655 1952 ἐαυτὸν
2678 1898 2967 1969 ἐξήγαγεν,
2984 1898 3276 1966 ’Δστυιγας
3295 1898 3352 1950 δὲ
3381 1900 3821 1970 μεγαλοπρεπῶς
3842 1901 4045 1969 ἐτάφη.

2466 1991 2575 2044 Kal
2613 1992 2670 2043 ἐν
2698 1994 2765 2061 τῇ
2800 1992 2993 2062 ἐρήμῳ
3022 1990 3079 2043 δὲ
3119 1989 3367 2061 ἄϐρωτος
3413 1990 3579 2045 αὑτοῦ
3608 1992 3881 2061 διέμεινεν
3902 1994 3932 2045 δ
3960 2008 4049 2044 νε-

2464 2089 2634 2159 κρόςο
2687 2087 2899 2150 λέοντες
2944 2088 3054 2157 γὰρ
3102 2085 3291 2151 αὑτοῦ,
3348 2086 3508 2155 φησὶ,
3576 2089 3739 2158 μέχρι
3794 2087 4049 2156 Πετησά-

2465 2198 2566 2233 καν
2610 2180 2653 2210 ⁸⁵
2713 2178 2877 2232 πάλιν
2932 2177 3104 2231 ἐλθεῖν
3152 2177 3249 2231 καὶ
3287 2177 3577 2231 ἀναλαϐεῖν
3608 2178 3916 2247 ἐφύλαττον
3955 2180 4048 2233 τὸν

2463 2270 2678 2340 νεκρόν.

2537 2536 2720 2606 Κῦρος
2745 2536 2804 2589 δὲ
2836 2535 3121 2606 στρατεύει
3164 2536 3260 2589 ἐπὶ
3289 2535 3560 2606 Δέρϐικας
3610 2536 3907 2607 ’Δμοραίου
3942 2537 4048 2605 βα-

2466 2629 2767 2689 σιλεύοντος
2802 2627 3001 2681 αὐτῶν.
3038 2628 3149 2681 Καὶ
3172 2627 3231 2693 ἐξ
3255 2628 3479 2696 ἐνέδρας
3508 2630 3558 2681 oi
3594 2628 3856 2697 Δέρϐικες
3889 2630 4049 2681 ιστῶ-

2467 2739 2551 2774 σιν
2599 2721 2918 2789 ἐλέφαντας,
2964 2719 3059 2771 καὶ
3114 2720 3238 2780 τοὺς
3288 2721 3476 2781 ἱππεῖς
3530 2719 3717 2789 Κύρου
3758 2720 4045 2791 τρέπουσι.

2464 2814 2577 2867 Καὶ
2608 2814 2798 2866 πίπτει
2829 2813 2921 2865 καὶ
2952 2811 3112 2875 αὐτὸς
3152 2809 3333 2880 Κῦρος
3367 2812 3432 2863 ἐκ
3464 2810 3559 2863 τοῦ
3586 2811 3775 2875 ἵππου,
3814 2810 3912 2864 καὶ
3949 2812 4051 2863 Ἰν-

2464 2906 2552 2969 δὸς
2576 2902 3215 2975 ἀνὴρ(συνεμάχουνγὰρ
3245 2903 3289 2934 ⁸³
3313 2901 3467 2954 Ἰνδοὶ
3494 2903 3608 2963 τοῖς
3630 2900 3958 2970 Δερϐίκεσιν
3978 2903 4046 2964 ⁸⁸,

2465 2998 2523 3063 ἐξ
2553 2990 2627 3050 ὧν
2658 2996 2753 3049 καὶ
2780 2997 2905 3057 τοὺς
2952 2994 3248 3063 ἐλέφαντας
3279 2993 3515 3063 ἔφερον),
3562 2986 3716 3052 οὗτος
3739 2994 3781 3024 ⁸⁷
3816 2994 3845 3043 ὁ
3884 2993 4047 3054 Ἰνδὸς

2465 3090 2793 3143 πεπτωκότα
2840 3087 3022 3155 Κῦρον
3058 3086 3237 3155 βάλλει
3271 3086 3507 3156 ἀκοντίῳ
3533 3086 3638 3138 ὑπὸ
3672 3086 3733 3137 τὸ
3765 3086 3936 3154 ίσχίον
3966 3088 4047 3148 είς

2464 3184 2554 3235 τὸν
2584 3183 2757 3253 μηρόν
2787 3198 2802 3211 ο
2830 3182 2888 3246 ἐξ
2921 3172 2981 3232 οὗ
3011 3180 3103 3233 καὶ
3131 3179 3378 3248 τελευτᾷ.
3410 3179 3547 3231 Τότε
3572 3178 3629 3232 δὲ
3650 3178 3832 3242 ζῶντα
3859 3178 4047 3232 ἀνελό-

2470 3291 2617 3344 μενοι
2670 3273 2833 3326 αύτδν
2884 3273 2933 3323 οί
2980 3273 3169 3323 οίκείοι
3215 3270 3310 3323 ἐπὶ
3343 3270 3406 3322 τὸ
3455 3270 3821 3340 στρατόπεδον
3846 3272 4042 3341 ⁴ᾔεσαν.

2467 3364 2764 3417 Ἀπέθανον
2818 3363 2873 3415 δὲ
2916 3362 2973 3412 ἐν
3016 3364 3082 3430 τῇ
3119 3360 3268 3431 μάχη
3310 3361 3407 3412 καὶ
3453 3361 3682 3430 Περσῶν
3729 3362 3919 3413 πολλοὶ
3949 3362 4047 3414 καὶ

788 3462 936 3508 runt.
988 3451 1303 3507 Occubuere
1353 3451 1454 3504 hoc
1502 3450 1554 3503 in
1604 3449 1795 3518 praelio
1846 3448 2132 3502 Persarum
2184 3447 2358 3513 multi,
2388 3463 2431 3521 α

2465 3455 2742 3525 Δερϐίκων
2776 3457 2878 3508 ίσοι
2914 3469 2929 3483 ·
2984 3452 3169 3521 μύριοι
3198 3454 3306 3523 γὰρ
3335 3452 3433 3504 καὶ
3462 3452 3637 3507 αὐτοί.
3679 3451 3959 3522 ’Δμόργης
3986 3453 4045 3505 δὲ

788 3559 965 3614 neque
1002 3542 1288 3597 Derbicum
1320 3542 1631 3610 pauciores.
1665 3541 1861 3595 Decem
1901 3540 2045 3593 enim
2074 3540 2235 3594 etiam
2266 3540 2364 3593 ho-

789 3653 906 3691 rum
942 3636 1105 3689 millia
1136 3636 1402 3689 cecidere.
1430 3633 1697 3703 Amorges
1740 3634 1836 3696 ibi,
1870 3644 2095 3701 accepto
2130 3634 2194 3685 de
2223 3633 2364 3702 Cyro

790 3728 1004 3791 nuntio,
1040 3740 1270 3797 propere
1311 3728 1377 3781 ad
1420 3725 1616 3780 Persas
1663 3725 1899 3790 accedit,
1948 3724 2209 3780 Sacarum
2258 3727 2361 3779 duo

790 3836 923 3875 cens
950 3821 1190 3890 equitum
1221 3819 1408 3890 viginti
1446 3818 1635 3873 millia.
1666 3818 1865 3873 Przelio
1889 3833 2018 3889 ergo
2038 3818 2234 3874 Persas
2275 3819 2361 3872 in-

786 3923 871 3967 ter
915 3927 978 3967 ac
1040 3912 1295 3966 Derbices
1356 3920 1632 3977 conserto,
1679 3926 1709 3964 a
1770 3910 1952 3965 Persis
2006 3921 2167 3981 atque
2204 3911 2359 3967 Sacis

783 4003 1083 4058 fortissime
1100 4005 1466 4075 pugnantibus
1487 4003 1708 4057 victoria
1731 4002 1904 4057 stetit.
1924 4002 2204 4057 Occumbit
2222 4002 2358 4057 Der-

789 4098 969 4151 bicmn
1005 4110 1099 4149 rex
1136 4096 1253 4165 ipse
1281 4094 1564 4151 Amoraaus
1590 4109 1711 4149 eum
1752 4094 1964 4149 duobus
2012 4094 2155 4149 liliis.
2200 4095 2357 4149 Ceci-

2463 3548 2591 3616 περὶ
2620 3547 2806 3617 Κύρου
2829 3544 3068 3606 ἀκούσας
3096 3545 3299 3614 σπουδῇ
3330 3544 3714 3614 παραγίνεται.
3744 3545 3884 3613 ἔχων
3931 3547 4045 3597 Σα-

2465 3638 2577 3691 κῶν
2602 3637 2921 3707 δισμυρίους
2973 3636 3193 3695 ἱππέας.
3252 3636 3364 3688 Καὶ
3400 3635 3640 3703 πολέμου
3676 3636 4045 3705 συρραγέντος

2464 3729 2694 3798 Περσῶν
2721 3728 2814 3780 καὶ
2845 3727 3121 3797 Δερϐίκων
3154 3727 3280 3796 νικᾷ
3309 3726 3452 3778 κατὰ
3484 3726 3687 3796 κράτος
3716 3728 3745 3779 δ
3774 3727 4044 3795 Περσικὸς

2464 3822 2558 3873 καὶ
2589 3819 2777 3874 Σακῶν
2810 3818 3041 3890 στρατὸς
3064 3858 3079 3880 ,
3111 3818 3414 3888 ἀναιρεῖται
3441 3817 3499 3869 δέ
3524 3817 3619 3871 καὶ
3644 3817 3687 3849 ⁸⁸
3723 3819 3752 3869 ὁ
3776 3819 3883 3869 τῶν
3913 3826 4044 3886 Δερ-

2464 3912 2631 3965 ϐίκων
2654 3912 2902 3981 βασιλεὺς
2932 3912 3223 3979 Ἀμορατος
3238 3910 3333 3962 καὶ
3358 3909 3519 3971 αὐτὸς
3545 3910 3639 3963 καὶ
3654 3910 3703 3961 οί
3726 3909 3819 3962 δύο
3851 3910 4041 3973 παῖδες

2465 4004 2651 4057 αὐτοῦ.
2668 4002 2963 4055 Ἀπέθανον
2981 4002 3034 4053 δὲ
3048 4001 3327 4072 Δερϐίκων
3344 4001 3446 4071 μὲν
3456 4001 3793 4071 τρισμύριοι.
3813 4002 4040 4072 Περσῶν

2463 4096 2517 4148 δὲ
2553 4093 2987 4162 ἐνακισχίλιοι¹⁹,
3019 4093 3113 4144 καὶ
3138 4090 3563 4163 προσεχώρησεν
3592 4093 3625 4162 η
3659 4093 3811 4162 χώρα
3844 4094 4037 4165 Κύρῳ.

782 4192 977 4241 tlerunt
1011 4198 1067 4241 et
1114 4186 1401 4242 Derbicum
1450 4188 1669 4259 triginta
1709 4187 1897 4249 millia.
1928 4186 2213 4243 Persarum
2256 4203 2471 4243 novem.
2522 4190 2598 4241 Ita
2648 4190 2796 4257 regio
2840 4185 2929 4240 illa
2992 4186 3043 4238 in
3096 4184 3225 4254 Cyri
3256 4186 3514 4239 ditionem
3538 4187 3830 4241 concessit.

856 4280 1033 4350 Cyrus
1059 4293 1188 4334 vero
1222 4280 1321 4334 sub
1346 4280 1542 4333 mortls
1573 4288 1785 4349 tempus
1811 4280 1981 4333 lilium
2006 4290 2137 4334 natu
2174 4280 2350 4332 mari.

784 4388 930 4427 mum
966 4372 1275 4444 Cambysen
1311 4387 1492 4441 regem
1529 4384 1680 4427 creat
1707 4374 2019 4443 :[jnniorem
2050 4374 2173 4427 dein
2213 4374 2349 4444 (82),

2530 4280 2709 4349 Κῦρος
2735 4279 2791 4331 δὲ
2815 4277 3025 4347 μέλλων
3042 4278 3298 4347 τελευτᾷν
3324 4277 3631 4346 Καμϐύσην
3650 4279 3751 4346 μὲν
3770 4278 3862 4331 τὸν
3884 4280 4038 4350 πρῶ-

2457 4390 2548 4424 τον
2572 4372 2685 4424 υίὸν
2720 4371 2945 4441 βασιλέα
2968 4370 3218 4438 καθίστη,
3245 4370 3634 4439 Τανυοξάρκην
3649 4371 3707 4423 δὲ
3725 4371 3818 4423 τὸν
3840 4372 4036 4427 νεώτε-

783 4462 1193 4535 Tanyoxarcem
1256 4464 1495 4526 nomine,
1534 4463 1870 4517 Bactriorum
1910 4463 2024 4536 (85)
2076 4464 2351 4519 dominqu

2464 4481 2554 4532 ρον
2588 4464 2858 4531 ἐπέστησε
2894 4462 2939 4493 ’⁸
2978 4462 3245 4529 δεσπότην
3276 4461 3560 4531 Βακτρίων
3590 4465 3687 4516 καὶ
3722 4465 3821 4533 τῆς
3847 4465 4036 4536 χώρας

783 4558 1061 4626 ipsiusque
1116 4556 1372 4626 regionis,
1424 4572 1634 4612 necnon
1683 4555 2174 4623 Choramniorum,
2217 4554 2353 4609 Par-

2464 4554 2557 4605 καὶ
2591 4552 2917 4621 Χοραμνίων
2959 4553 3049 4603 καὶ
3080 4551 3335 4621 Παρθίων
3374 4553 3467 4605 καὶ
3510 4554 3867 4624 Καρμανίων,
3913 4557 4037 4608 ἀτε-

783 4649 1167 4719 thiorumque,
1216 4661 1271 4703 et
1323 4648 1736 4702 Carmaniorum
1784 4648 2106 4710 constituit,
2160 4647 2393 4719 immu—i

2464 4643 2572 4705 λεῖς
2604 4645 2749 4713 ἔχειν
2780 4643 2879 4704 τὰς
2900 4642 3083 4713 χώρας
3104 4644 3500 4714 διορισάμενος.
3537 4646 3660 4700 Τῶν
3687 4647 3743 4699 δὲ
3779 4648 4037 4718 Σπιτάμα

782 4749 985 4804 nesque
1030 4718 1159 4791 suas
1204 4737 1306 4790 sibi
1338 4738 1585 4806 regiones
1620 4750 1646 4788 a
1684 4736 1882 4789 tributo
1928 4736 2128 4790 habere
2170 4735 2345 4803 jubet.
2377 4718 2430 4777 D

2464 4734 2665 4787 παίδων
2707 4734 2986 4803 Σπιτάκην
3016 4735 3057 4765 ³⁸
3104 4735 3202 4801 μέν
3233 4735 3512 4805 Δερϐίκων
3545 4738 3794 4802 ἀπέδειξε
3824 4742 4032 4811 σατρὰ-

781 4823 824 4876 Ε
861 4823 1116 4893 Spitamz
1167 4840 1295 4880 vero
1338 4826 1542 4890 liberis,
1590 4826 1849 4894 Spitatlen
1884 4826 1998 4898 (δι)
2036 4827 2353 4881 Derbicibus

2464 4844 2584 4896 κην,
2616 4826 2975 4895 Μεγαϐέρνην
3008 4826 3061 4878 δὲ
3090 4827 3441 4897 Βαρκανίων·
3478 4832 3545 4899 τῇ
3579 4832 3746 4900 μητρὶ
3775 4830 3829 4883 δὲ
3856 4834 4035 4885 πάντα

784 4914 1045 4983 praefecit,
1109 4914 1489 4987 Megabernem
1553 4916 1854 4983 Barcaniis,
1911 4933 2112 4986 eosque
2172 4919 2352 4989 Amyti

2464 4920 2736 4974 πείθεσθαι
2781 4922 3129 4991 προσέταττε.
3174 4922 3283 4975 Kal
3327 4923 3602 4996 Ἀμόργην
3640 4928 3793 4995 φίλον
3821 4930 4034 4993 τούτοις

784 5007 943 5061 matri
998 5008 1049 5061 in
1112 5010 1361 5063 onmibus
1410 5024 1599 5077 parere
1665 5010 1933 5077 praecipit.
1978 5010 2128 5064 Datis
2188 5012 2352 5064 etiam

2464 5012 2560 5064 τῶν
2603 5010 2793 5074 δεξιῶν
2838 5012 3259 5081 ἐμϐαλλομένων
3307 5014 3563 5079 ἐποιεῖτο,
3604 5018 3696 5069 καὶ
3745 5018 4030 5089 ἀλλήλοις·

782 5095 1013 5161 dextris,
1067 5106 1121 5149 et
1178 5097 1316 5151 inter
1377 5113 1457 5160 se,
1504 5108 1559 5151 et
1600 5113 1721 5151 cum
1767 5100 2005 5169 Amorge
2055 5100 2349 5153 amicitiam

2464 5103 2581 5174 ill?
2609 5102 2696 5173 R.]
2730 5104 2824 5155 καὶ
2852 5106 2962 5165 τοῖς
2991 5104 3087 5174 μὲν
3119 5105 3418 5174 ἐμμένουσι
3449 5109 3571 5170 ταῖς
3600 5108 3733 5178 πρὸς
3765 5109 4032 5181 ἀλλήλους

784 5183 924 5239 inire
949 5184 1138 5252 voluit,
1166 5186 1343 5242 fausta
1375 5187 1481 5242 illis
1513 5190 1694 5242 omnia
1728 5198 2000 5257 precatus,
2036 5191 2125 5259 qui
2154 5191 2204 5243 in
2234 5207 2353 5244 mu-

2464 5195 2697 5257 εὐνοίαις
2727 5194 2909 5263 ἀγαθὰ
2948 5195 3167 5265 ηῡχετο,
3204 5199 3449 5267 ἐπηρᾶτο
3490 5200 3547 5252 δὲ
3574 5203 3684 5263 τοῖς
3712 5203 3913 5272 χειρῶν
3937 5206 4033 5275 ἄρ-

2086 5302 2317 5357 νΑιιΙΑΕ
2358 5303 2758 5361 LECTIONES.

781 5463 820 5493 η
851 5392 1065 5493 1‘31?
1083 5394 1187 5493 βαι
1209 5393 1597 5493 ἒῗξίέξϊὶιξλ
1644 5396 1663 5425 ⁷
1694 5395 2126 5493 [ξὶτῖἳτξῗῗξίίζῖῖ-
2163 5397 2993 5493 imammadeas.
3012 5420 3081 5493 ε·
3105 5404 3527 5493 -.ᾁηξτιρακδν
3556 5423 3653 5493 ει,
3702 5408 3753 5493 ‘1
3779 5410 3911 5493 δίψη
3970 5430 4030 5493 ς-

781 5463 820 5493 “
859 5463 887 5513 ὃ
916 5464 1039 5518 add.
1073 5464 1139 5517 A.
1222 5465 1264 5494 ¹²
1292 5466 1525 5534 πήσεται
1564 5465 1628 5518 Α.
1728 5468 1771 5497 ¹³
1813 5464 1939 5538 μὲν]
1980 5468 2126 5534 ὅμως
2178 5487 2238 5533 ς.
2347 5463 2688 5524 ¹⁴δ”ιττετισὰκξιξ
2716 5463 2790 5536 ς.’
2817 5463 2827 5471 ’
2858 5474 2899 5502 ³⁸
2924 5463 3054 5543 γὰρ]
3104 5472 3213 5543 γὰρ
3277 5475 3370 5527 καὶ
3418 5494 3475 5541 ς.
3556 5463 3598 5506 ’ἶ
3625 5463 3935 5547 δερϐικέοῖν

775 5531 819 5565 ιτ
850 5532 903 5565 Α]
929 5532 1020 5565 λγ...
1044 5534 1072 5565 Α
1104 5552 1141 5565 ,-
1254 5534 1297 5565 ιι
1330 5536 1418 5565 ..-ι
1453 5539 1551 5565 ...ιι
1608 5537 1634 5565 Α
1744 5537 1785 5565 Is
1814 5538 2219 5565 a......-......n.-.
2254 5557 2288 5565 _
2391 5541 2435 5565 so
2467 5542 2665 5565 1-1-...
2704 5561 2731 5565 _
2835 5543 2873 5565 οι
2912 5545 3180 5565 v__;t~__.
3235 5546 3280 5565 -.ε
3309 5546 3319 5565 ι
3377 5561 3402 5565 _
3460 5545 3525 5565 η.»
3568 5564 3583 5565 γ
3622 5547 3681 5565 ιη

850 5532 903 5605 ὀ]
929 5532 1020 5588 οὖν
1044 5534 1072 5585 ὁ
1103 5552 1163 5598 ς.
1254 5534 1297 5566 ’⁸
1330 5532 1424 5589 καὶ
1452 5539 1573 5590 add.
1601 5537 1665 5590 A.
1744 5537 1785 5569 ¹⁹
1812 5532 2225 5607 ἐννεάκισχίλιοι
2250 5557 2309 5603 ς.
2391 5541 2435 5571 ²⁰
2466 5542 2670 5611 ἐπέστη
2697 5532 2756 5607 ς’.
2835 5543 2876 5573 ²¹
2911 5532 3199 5612 Σπίξὰδηνξ
3235 5546 3342 5599 vid.
3376 5532 3527 5613 p.36
3555 5564 3586 5597 α
3619 5532 3703 5602 16:

2317 5634 2551 5693 NOTAE.

1003 5719 1276 5805 Det-hiem,
1319 5724 1493 5805 inquit
1543 5725 1731 5805 §tep_b.
1791 5724 2041 5805 Byza_nt._,
2100 5726 2328 5805 populus
2510 5729 2625 5805 (8:2)
2655 5728 2907 5805 gingrden
2943 5730 3076 5805 Cyri
3094 5740 3357 5805 perpetuo
3388 5729 3695 5789 Ilerodotns
3730 5741 4001 5796 nominat.

774 5802 858 5869 est
888 5790 1136 5869 lI-ircanis
1164 5790 1749 5869 νὶείηιιείᾼροιιυιιίυε
1790 5790 2112 5869 per_tlnpl_ex'
2131 5790 2186 5848 τέ
2208 5799 2343 5851 scri-
2517 5790 2633 5867 ’(83)
2662 5799 2935 5853 Vitlentlus
2977 5790 3042 5855 de
3068 5790 3151 5854 his
3178 5790 3438 5867 Stephan.
3476 5818 3529 5858 et
3558 5807 3771 5863 Strabo.

777 5858 857 5914 bit
904 5861 1111 5917 Ctesias
1142 5878 1269 5922 vero
1298 5858 1517 5919 Derbiu's
1555 5875 1730 5931 vocat,
1762 5858 1856 5919 a'ut
1887 5858 2180 5919 Teibissos.
2520 5858 2573 5935 (8
2588 5858 2631 5937 ί)
2668 5870 2913 5936 Spitacm
2940 5885 3127 5940 supra.
