4210 6442
176 384 274 451 ΓΠ

1292 388 1813 455 BIBLIOTHECA.
1852 418 1921 430 --
1947 392 2112 455 COD.
2140 391 2381 455 LXXII.

3308 381 3413 450 178

175 502 361 565 ξουσιν
412 500 639 555 ἀδίκων.
683 498 873 554 ταῦτα
914 500 1073 563 εῐπας
1118 500 1166 533 ²¹
1217 499 1536 571 ἐτελεύτησε
1590 502 1752 576 τρίτῃ
1777 507 1825 567 Δ

1748 528 1752 575 γ
1777 507 1825 567 Δ
1856 512 1943 557 tua
1988 511 2297 572 perstarent
2344 498 2741 565 benevolentia,
2788 497 3030 568 dirisque
3076 496 3195 553 illos
3240 499 3410 553 devo-

174 592 404 662 ῠστερον
425 594 535 646 ἀπὸ
554 591 649 645 τοῦ
666 592 976 661 τραύματος
993 590 1195 661 ἡμέρᾳ.
1217 590 1541 661 βασιλεύσας
1570 592 1664 664 ιτη
1686 593 1751 649 λ’.

186 685 276 739 Ἐν
312 678 399 747 οἷς
440 687 470 737 6
493 689 561 735 ta’
599 684 646 715 ”
668 683 907 753 Κτησίου
937 683 1090 750 λόγος
1109 681 1203 734 τοῦ
1235 682 1470 737 Κνιδίου.

252 954 523 1021 Ἀρχεται
546 953 601 1005 δὲ
623 956 651 1006 6
682 953 750 1023 ιβ’
775 954 822 986 ’δ
848 955 955 1007 ἀπὸ
983 954 1083 1021 τῆς
1123 954 1421 1024 Καμϐύσου
1457 955 1750 1024 βασιλείας.

178 1036 351 1105 Οὗτος
394 1042 721 1112 βασιλεύσας
760 1045 1041 1098 ἀπέστειλε
1079 1046 1170 1097 τὸν
1210 1045 1304 1098 τοῦ
1336 1049 1538 1117 πατρὸς
1564 1047 1754 1117 νεκρὸν

179 1134 267 1186 διὰ
290 1135 619 1201 Βαγαπάτου
644 1134 738 1188 τοῦ
756 1137 1009 1205 εὐνούχου
1033 1138 1078 1168 ⁸⁵
1101 1139 1179 1199 είς
1202 1136 1412 1207 Πέρσας
1433 1139 1668 1205 ταφῆναι
1686 1139 1752 1203 ⁸⁸,

184 1224 278 1276 καὶ
306 1224 501 1289 τᾶλλα,
530 1224 605 1288 ὠς
635 1227 663 1278 6
691 1225 874 1296 πατὴρ
918 1225 1115 1297 ὥρισεν
1137 1228 1179 1257 ¹⁴¹
1210 1227 1533 1297 διῳκήσατο.
1579 1229 1753 1295 Μέγι-

186 1335 307 1370 στον
356 1318 415 1371 δὲ
480 1321 614 1390 παρ’
663 1320 813 1390 αὐτῷ
867 1320 1095 1390 ὴδύνατο
1138 1318 1231 1391 [55
1272 1319 1361 1391 Η.]
1419 1321 1755 1391 Ἀρτασύρας

196 1410 513 1480 Ὑρκάνιος,
553 1410 661 1463 τῶν
692 1411 750 1463 δὲ
798 1411 1064 1482 εὐνούχων
1102 1413 1147 1444 ’⁸
1187 1411 1467 1481 Ίζαϐάτης
1496 1413 1540 1445 ¹⁹
1568 1431 1628 1465 τε
1656 1414 1753 1466 καὶ

197 1502 547 1570 Ἀσπαδάτης
570 1502 663 1555 καὶ
692 1504 1042 1573 Βαγαπάτης,
1074 1503 1133 1566 ὃς
1168 1505 1262 1557 καὶ
1293 1502 1441 1574 παρά
1472 1503 1549 1572 τῷ
1586 1505 1755 1573 πατρὶ

187 1590 448 1658 μέγιστος
481 1586 550 1660 ἦν
592 1590 731 1659 μετά
761 1591 806 1622 ⁸⁸
837 1592 926 1645 τὸν
962 1593 1255 1661 Πετησάκα
1304 1591 1550 1647 θάνατον.
1588 1588 1756 1657 Οὗτος

187 1682 477 1750 στρατεύει
502 1683 590 1735 ἐπ’
627 1682 899 1753 Αιγυπτον
921 1685 1014 1737 καὶ
1042 1682 1152 1736 τῶν
1191 1683 1499 1750 Αἰγυπτίων
1531 1683 1623 1735 τὸν
1662 1683 1756 1752 βα-

188 1772 340 1825 σιλέα
365 1774 424 1825 Ἀ
434 1792 507 1842 μυ
514 1776 717 1842 ρταῖον,
734 1775 827 1827 καὶ
844 1776 968 1845 νικᾷ
982 1776 1038 1827 Ἀ
1048 1793 1119 1845 μυ
1129 1773 1692 1844 ρταῖον,ἶΚομϐἀφεως
1711 1775 1751 1805 ³⁸

1858 608 1986 647 vens
2049 595 2139 661 qui
2213 592 2421 661 priores
2485 591 2736 661 iniuriam
2793 592 2991 647 illaturi
3042 601 3243 647 essent.
3304 590 3411 645 lsta

1856 683 2085 747 locutus,
2118 682 2295 736 vivere
2320 680 2497 745 desiit,
2529 682 2691 735 tertio
2712 682 2780 735 ab
2802 691 3028 751 accepto
3053 681 3276 736 vulnere
3299 681 3407 747 die,

1858 790 1981 828 cum
2004 788 2173 827 annos
2212 773 2320 840 jam
2358 783 2633 843 regnasset
2660 776 2905 845 triginta.
2945 776 3043 830 Hic
3082 774 3204 830 ﬂuis
3244 774 3415 828 unde-

1853 865 1977 919 cimi
2006 864 2200 918 Ctesia:
2237 863 2410 918 Cnidii
2442 864 2724 920 librorum.

1928 954 2289 1009 Duodecimus
2328 954 2464 1009 liber
2509 970 2539 1009 a
2581 955 2867 1027 Cambysis
2897 970 3065 1028 regno
3096 956 3404 1012 inchoatur.

1860 1044 2007 1107 Hic,
2089 1061 2308 1116 regnum
2378 1046 2605 1115 adeptus
2645 1085 2661 1109 ,
2744 1047 2915 1115 patris
2999 1062 3125 1101 mox
3218 1062 3417 1115 corpus

1856 1154 1950 1207 per
1976 1137 2297 1204 Bngapatem
2338 1138 2642 1192 eunuchum
2667 1137 2718 1191 in
2750 1136 3023 1192 Persidem
3046 1137 3414 1207 sepeliendum

1858 1228 2024 1289 misit,
2060 1229 2368 1297 reliquaque
2394 1242 2462 1281 ex
2508 1227 2680 1296 patris
2720 1230 2938 1283 decreto
2989 1228 3413 1283 administravit.

1856 1316 1912 1371 In
1941 1318 2007 1372 iis
2044 1327 2222 1371 autem
2260 1318 2349 1386 qui
2388 1317 2673 1386 plurimum
2721 1319 3041 1372 auctoritate
3075 1319 3212 1386 apud
3257 1317 3418 1371 Cam-

1860 1410 2026 1479 bysen
2057 1409 2330 1476 valebant,
2355 1408 2644 1479 Artasyras
2672 1420 2788 1463 erat
2816 1408 3128 1473 Hircanius,
3163 1417 3326 1478 atque
3346 1423 3416 1463 ex

1854 1501 2116 1555 eunuchis
2138 1503 2395 1568 Izabates,
2425 1513 2479 1559 et
2508 1504 2825 1571 Aspadates,
2848 1513 2900 1555 et
2921 1502 3013 1572 qui
3033 1502 3169 1569 apud
3204 1511 3410 1568 patrem

1854 1593 2016 1646 etiam
2034 1594 2300 1648 maximus
2320 1593 2514 1659 fuerat,
2534 1594 2846 1662 Bagapates.
2872 1592 2969 1646 llic
2986 1594 3267 1659 enimjpost
3284 1590 3416 1646 Peti-

1854 1697 1991 1737 sacaa
2018 1694 2241 1739 mortem
2274 1686 2565 1740 exercitum
2598 1685 2853 1740 adversus
2883 1685 3196 1754 Egyptutn,
3218 1684 3421 1751 ipsum-

1858 1790 1960 1842 que
1983 1773 2352 1845 Egyptiorum
2374 1777 2894 1847 regemiAmyrueum
2913 1776 3163 1837 ducebat,
3182 1790 3339 1844 quem
3367 1784 3423 1830 et

186 1864 278 1916 τοῦ
300 1838 564 1933 εὐνούχου
594 1865 658 1927 ⁸¹,
690 1865 749 1928 ὃς
779 1861 848 1935 ἦν
882 1838 1021 1935 μέίγα
1048 1838 1348 1932 δυνάμενος
1386 1838 1536 1934 παρὰ
1661 1867 1755 1917 Αί-
1785 1838 1827 1892 Β

1785 1838 1827 1892 Β
1862 1838 2158 1933 superavit,
2194 1880 2313 1919 cum
2339 1866 2386 1919 ei
2412 1838 2812 1934 Combapbeus,
2843 1866 2934 1934 qui
2962 1865 3102 1933 apud
3136 1838 3418 1934 Egyplio-

187 1953 435 2023 γυπτίων
481 1954 707 2023 βασιλεῖ,
764 1954 1196 2025 καταπροδόντος
1246 1952 1345 2017 τάς
1399 1970 1459 2005 τε
1512 1954 1757 2025 γεφύρας

189 2046 282 2099 καὶ
310 2045 485 2099 τάλλα
515 2044 619 2097 τῶν
640 2046 952 2114 Αἰγυπτίων
982 2045 1303 2115 πράγματα,
1327 2045 1411 2111 ἐφ’
1441 2038 1485 2113 ᾧ
1506 2046 1760 2111 γενέσθαι

189 2137 438 2208 ὕπαρχος
468 2136 769 2205 Αἰγύπτου.
817 2138 929 2192 Καὶ
972 2138 1195 2205 γέγονε·
1249 2136 1423 2190 ταῦτα
1475 2138 1581 2208 γὰρ
1611 2136 1760 2207 αύτῷ

188 2230 502 2300 Καμϐύσης
550 2229 639 2285 διά
679 2228 956 2292 Ἰζαϐάτου
1004 2226 1098 2281 τοῦ
1146 2229 1492 2298 Κομϐάφεως
1537 2228 1758 2298 ἀνεψιοῦ

189 2324 471 2389 συνέθετο,
502 2323 597 2375 καὶ
620 2322 779 2386 αὐτὸς
807 2323 864 2376 δὲ
890 2322 934 2355 ³³
964 2322 1328 2390 οίκειοφώνως
1361 2319 1601 2391 ὕστερον.
1644 2323 1759 2375 Ζωο

189 2416 351 2484 γρίαν
385 2415 448 2469 δὲ
501 2414 683 2467 λαϐὼν
726 2414 818 2467 τὸν
855 2414 1180 2485 Ἀμυρταῖον
1222 2413 1370 2467 οὐδὲν
1412 2413 1540 2466 ἄλλο
1592 2413 1762 2467 κακὸν

186 2508 490 2576 εἰργάσατο
526 2506 667 2576 ἢδτι
694 2508 773 2569 εις
810 2506 983 2559 Σοῦσα
1012 2506 1357 2559 ἀνάσπαστον
1403 2504 1501 2558 σὺν
1541 2504 1761 2569 ἑξακισ-

187 2598 382 2667 χιλίοις
422 2597 759 2664 Αιγυπτίοις,
792 2596 888 2659 οὓς
914 2596 1071 2658 αὐτὸς
1112 2596 1422 2666 ᾑρετίσατο,
1448 2597 1759 2665 ἐποιήσατο.

187 2690 299 2741 Καὶ
331 2687 436 2758 τὴν
470 2687 745 2757 Αἴγυπτον
770 2687 827 2739 δέ
867 2688 1042 2741 πᾶσαν
1072 2686 1351 2752 ὑπέταξεν.
1390 2687 1683 2741 Ἀπέθανον
1704 2686 1759 2740 δέ

187 2785 245 2834 ἐν
270 2785 338 2852 τῇ
378 2781 533 2851 μάχῃ
565 2779 875 2846 Αἰγυπτίων
907 2779 1005 2848 μὲν
1031 2778 1290 2849 μυριάδες
1321 2777 1506 2841 πέντε,
1536 2777 1761 2847 Περσῶν

186 2873 242 2927 δὲ
269 2870 672 2941 ἑπτακισχίλιοι
707 2870 773 2923 ³⁸.

256 3051 457 3118 Μάγος
501 3048 561 3102 δέ
600 3066 683 3111 τις
708 3046 1081 3117 Σφενὼδάτης
1114 3046 1159 3080 ⁸³
1197 3046 1388 3117 ὄνομα,
1437 3045 1762 3118 ἁμαρτήσας

1861 1968 1979 2005 rum
2046 1968 2224 2022 regem
2282 1956 2504 2007 multum
2570 1964 2821 2024 poterat,
2879 1964 3073 2021 pontes
3105 1968 3167 2007 ac
3198 1964 3424 2006 casterns

1860 2043 2234 2115 Egyptiorum
2264 2059 2348 2099 res
2384 2044 2728 2113 prodidisset,
2760 2059 2866 2115 quo
2902 2045 3017 2115 ipse
3046 2042 3167 2116 [per
3191 2043 3426 2115 Camby-

1860 2135 1978 2207 sen]
2012 2135 2227 2206 Egypti
2278 2137 2655 2205 pra-fecturam
2697 2146 3143 2205 consequeretur.
3177 2137 3231 2190 ld
3281 2136 3422 2204 quod

1862 2238 1917 2283 et
1944 2230 2201 2283 obtinuit.
2237 2230 2375 2283 Nam
2407 2231 2520 2285 haec
2548 2230 2619 2284 ita
2646 2230 2695 2283 ei
2722 2228 3019 2301 Cambyses
3040 2229 3422 2291 consdtuerat,

1861 2336 1956 2391 per
1983 2320 2229 2376 lsabaten
2262 2321 2496 2391 primum
2522 2320 2849 2391 Combapbei
2873 2321 3197 2393 patruelem,
3234 2328 3288 2374 et
3309 2320 3425 2373 suis

1862 2413 1975 2480 ipse
2022 2413 2204 2469 verbis
2246 2424 2455 2483 postea.
2491 2412 2631 2485 37b
2674 2413 2841 2469 Vivus
2895 2422 3076 2468 autem
3122 2413 3427 2481 Amyrtnsus

1862 2519 1981 2559 cum
2011 2504 2064 2559 in
2111 2504 2391 2577 Cambysa:
2435 2515 2755 2576 potestatem
2807 2508 3069 2571 venisset,
3124 2504 3271 2559 aliud
3327 2504 3420 2559 ille

1865 2598 2065 2650 nullum
2112 2598 2523 2653 incommodum
2561 2597 2792 2667 accepit,
2834 2614 2996 2666 quam
3019 2598 3164 2667 quod
3195 2598 3247 2650 in
3287 2594 3423 2650 Susa

1863 2704 1985 2741 cum
2020 2704 2113 2743 sex
2145 2688 2522 2761 Egyptiorum
2556 2690 2812 2753 millibus,
2837 2705 2976 2761 quos
3017 2691 3247 2759 ipsemet
3274 2688 3425 2744 deie-

1864 2781 2051 2847 gisset,
2093 2781 2369 2850 ablegatus
2410 2782 2501 2837 sit.
2549 2779 2808 2837 Uuiversa
2849 2791 2932 2835 est
2972 2782 3157 2851 itaque
3201 2782 3428 2835 subacta

1864 2868 2151 2940 Αἰεγριυε,
2200 2874 2398 2926 occisis
2445 2873 2497 2926 itt
2549 2872 2730 2940 prmlio
2761 2873 3137 2944 Egyptiorum
3190 2871 3428 2927 millibus

1864 2963 2272 3033 quinquaginta,
2298 2963 2580 3018 Persarum
2606 2974 2831 3033 septem.

1932 3051 2115 3122 Magus
2156 3055 2368 3108 interim
2411 3056 2626 3123 quidam
2655 3095 2671 3120 ,
2718 3057 2803 3111 cui
2856 3055 3251 3125 Sphentladata:
3312 3056 3428 3126 (85)

190 3143 284 3196 καὶ
322 3137 694 3211 μαστιγωθεὶς
720 3137 823 3190 ὑπὸ
853 3136 1251 3205 Τανυοξάρκου,
1282 3138 1590 3204 ἀφικνεῖται
1623 3138 1760 3207 πρὸς
1785 3175 1830 3238 C

1785 3175 1830 3238 Ο
1865 3158 2055 3199 nomen
2090 3154 2225 3209 erat,
2269 3161 2389 3199 cum
2432 3144 2617 3201 fuisset
2648 3147 2716 3201 ob
2742 3147 2990 3203 delictum
3016 3161 3044 3199 a
3080 3146 3429 3216 Tanyoxarce

161 3242 165 3246 ’
188 3232 505 3302 Καμϐύσην
529 3230 886 3284 ἐνδιαϐάλλων
908 3229 1002 3282 τὸν
1027 3228 1255 3298 ἀδελφὸν
1274 3226 1660 3299 Τανυοξάρκην
1686 3228 1760 3292 ὡς
1791 3226 1823 3238 “

1791 3226 1830 3238 “”
1862 3234 2175 3290 verberibus
2192 3236 2535 3300 multatus,ad
2552 3238 2849 3308 Cambysen
2869 3238 3095 3300 accedit,
3112 3248 3271 3305 atque
3288 3237 3426 3303 apud

189 3322 614 3379 ἐπιϐουλεύοντα
659 3320 843 3391 αὐτῷ’
892 3321 987 3374 καὶ
1023 3321 1245 3388 σημεῖον
1276 3319 1445 3372 ἐδίδου
1487 3319 1587 3390 τῆς
1623 3320 1761 3372 ἀπο-

192 3418 462 3480 στάσεως,
485 3413 561 3477 ὡς
594 3415 641 3468 εῑ
671 3412 893 3484 κληθείη
937 3412 1135 3476 ἐλθεῖν,
1164 3412 1265 3466 οὐκ
1310 3410 1375 3464 ἂν
1401 3410 1563 3465 ἔλθοι.
1602 3412 1763 3483 Δηλοῖ

189 3510 371 3562 τοίνυν
400 3510 430 3561 6
461 3505 765 3577 Καμϐύσης
797 3504 969 3558 ἐλθεῖν
1000 3503 1088 3557 τὸν
1117 3502 1346 3572 ἀδελφόν
1369 3517 1382 3531 ⁶
1412 3505 1439 3555 6
1470 3503 1547 3567 δέ,
1572 3504 1763 3574 χρείας

190 3601 356 3665 άλλη»
402 3597 745 3666 ἀπαιτούσης
785 3596 986 3666 μίνειν,
1021 3595 1334 3649 ἀνεϐάλετο.
1380 3594 1764 3666 mammata-

191 3710 277 3745 ται
309 3693 355 3725 ³⁸
406 3693 532 3752 ταῖς
571 3689 844 3751 διαϐολαῖς
890 3688 1051 3741 πλέον
1078 3690 1106 3741 6
1136 3688 1327 3758 μάγος.
1374 3687 1598 3758 Ἀμύτις
1643 3688 1699 3741 δὲ
1730 3689 1762 3759 ἠ

197 3786 377 3855 μήτ-ηρ
399 3783 474 3839 τὰ
494 3780 588 3835 τοῦ
622 3782 794 3852 μάγου
811 3782 886 3842 ὡς
908 3776 975 3851 ἦν
996 3780 1319 3844 ὑπονοοῦσα,
1338 3779 1765 3849 ἐνουθέτειΚαμρ

195 3876 365 3945 ϐύσην
395 3875 492 3926 τὸν
520 3873 637 3926 υίὺν
681 3872 755 3943 μὴ
800 3871 1084 3926 πείθεσθαι
1106 3889 1120 3903 ·
1149 3875 1177 3925 6
1208 3872 1266 3926 δὲ
1323 3872 1648 3943 ὑπεκρίνετο
1691 3874 1764 3942 μὴ

193 3965 507 4030 πείθεσθαι,
546 3962 794 4016 ἐπείθετο
838 3961 894 4013 δὲ
927 3960 1181 4031 μάλιστα.
1216 3961 1674 4032 Διαπεμψαμένου
1707 3962 1765 4015 δὲ

192 4058 372 4129 τρίτον
416 4053 721 4124 Καμϐύσου
775 4052 910 4121 πρὸς
968 4052 1061 4104 τὸν
1104 4050 1332 4121 ἀδελφὸν
1381 4051 1766 4120 παραγίνεται.

192 4152 300 4205 Καὶ
321 4146 639 4212 ἀσπάζεται
674 4144 772 4215 μέν
799 4144 959 4198 αὐτὸν
984 4146 1013 4198 6
1054 4143 1299 4212 ἀδελφὸς,
1329 4143 1479 4196 οὐδὲν
1508 4144 1551 4175 ³¹
1580 4144 1639 4196 δέ
1667 4136 1766 4214 ἦτ-

194 4259 278 4296 εον
307 4240 527 4295 ἀνελεῖν
556 4236 819 4305 ἐμελέτα·
849 4235 1036 4305 κρύφα
1071 4235 1129 4289 δέ
1178 4233 1432 4303 Ἀμύτιος
1462 4234 1544 4297 είς
1570 4233 1769 4304 πρᾶξιν

191 4332 424 4398 ἀγαγεῖν
464 4326 565 4397 τὴν
598 4325 832 4397 μελέτην
862 4323 1110 4377 ἔσπευδε.
1142 4324 1253 4377 Καὶ
1290 4322 1558 4393 λαμϐάνει
1592 4325 1770 4394 πέρας

190 4424 223 4492 ὴ
247 4420 491 4493 πρᾶξις·
531 4419 562 4470 6
587 4416 695 4486 γάρ
729 4432 811 4469 τοι
860 4416 1028 4485 μάγος
1076 4413 1270 4483 βουλῆς
1314 4414 1392 4486 τῷ
1423 4414 1633 4483 βασιλεῖ
1660 4431 1771 4468 κοι-

1866 3339 1988 3379 eum
2039 3325 2261 3381 fratrem
2306 3329 2571 3383 struxisse
2622 3328 2673 3381 in
2731 3329 2904 3396 ipsum
2956 3328 3175 3382 insidias
3222 3326 3421 3379 calum-

1862 3416 2058 3470 niatur.
2111 3419 2268 3471 Addit
2310 3429 2677 3487 argumentum
2743 3418 3048 3473 rebellionis
3090 3437 3103 3473 ι
3148 3434 3251 3473 non
3300 3434 3431 3471 ven-

1863 3515 2039 3560 turum
2065 3508 2467 3579 Tauyoxarcen,
2493 3511 2536 3564 si
2567 3509 2872 3564 advocetnr.
2902 3509 3061 3564 Jubet
3088 3510 3247 3579 igitur
3268 3508 3431 3564 Catu-

1862 3597 2019 3668 byscs
2053 3600 2270 3655 fratrem
2307 3603 2371 3655 ad
2401 3616 2459 3656 se
2496 3600 2825 3664 venire.llle,
2859 3612 3039 3653 uttutn
3058 3599 3197 3655 forte
3216 3599 3319 3653 alia
3343 3616 3431 3654 res

1864 3693 2125 3761 quapiam
2142 3707 2356 3747 manere
2367 3693 2835 3758 suadebat,venire
2853 3694 3224 3764 distttlit.Ergo
3240 3712 3430 3768 magus

1865 3794 1986 3832 eum
2011 3780 2342 3834 andacinsex
2363 3795 2427 3835 eo
2446 3780 2746 3835 criminari.
2776 3781 2982 3851 Atnytis
3008 3783 3210 3838 interea
3231 3795 3425 3849 mater,

1867 3871 1920 3924 id
1962 3874 2102 3939 quod
2126 3878 2264 3930 ferat
2304 3875 2370 3926 de
2416 3889 2569 3942 mago
2597 3874 2894 3943 suspicata,
2924 3873 3224 3945 Cambysen
3264 3877 3427 3930 lilium

1866 3964 2212 4029 admouebat,
2235 3979 2303 4018 ne
2330 3980 2490 4034 quam
2518 3965 2673 4019 {idem
2702 3978 2860 4035 mago
2889 3964 3138 4022 haberet.
3166 3965 3232 4019 Et
3264 3966 3430 4035 finge-

1867 4054 1957 4107 bat
1990 4069 2107 4120 res,
2140 4055 2271 4110 nihil
2312 4070 2371 4111 se
2419 4055 2608 4110 borum
2636 4058 2895 4123 credere,
2942 4072 3066 4111 eum
3100 4068 3277 4113 tamen
3313 4074 3432 4114 cre-

1867 4148 2019 4202 deret
2060 4149 2314 4204 maxime.
2360 4149 2605 4205 Tertium
2654 4151 2819 4220 igitur
2852 4166 2879 4203 a
2929 4151 3195 4221 Catnhyse
3243 4162 3431 4206 accer-

1868 4241 2002 4297 situs
2042 4241 2234 4303 frater,
2254 4242 2402 4295 venit
2430 4241 2641 4295 tandem
2678 4260 2691 4296 :
2726 4251 2781 4294 et
2813 4242 3159 4309 amplexatus
3196 4251 3281 4295 est
3308 4256 3431 4294 eum

1868 4348 1985 4397 rex,
2018 4331 2187 4386 nihilo
2229 4340 2407 4386 tamen
2457 4332 2634 4386 secius
2699 4332 2766 4386 de
2810 4332 2899 4385 illo
2933 4332 3315 4387 interﬁciendo
3344 4348 3434 4387 co-

1870 4424 2065 4493 gitans.
2102 4422 2333 4477 Maturat
2367 4435 2547 4477 autem
2583 4422 2725 4477 clam
2767 4433 2943 4476 matre
2987 4424 3169 4493 Autyti
3204 4425 3433 4477 medita-

192 4513 375 4566 νωνῶν
412 4506 662 4581 βουλεύει
685 4506 945 4560 τοιοῦτον·
975 4506 1203 4575 Ὀμοιος
1232 4500 1302 4575 ἦν
1339 4505 1501 4568 αὐτὸς
1539 4507 1567 4559 6
1598 4505 1771 4575 μάγος
1801 4511 1845 4567 ῃ

1769 4525 1771 4531 ’
1801 4511 1845 4567 D
1879 4527 1988 4569 tum
2035 4516 2246 4570 facinus
2294 4515 2373 4585 ad.
2402 4516 2603 4569 exitum
2636 4513 2973 4585 perducere:
3012 4516 3154 4584 quod
3184 4516 3431 4583 equidem

191 4606 370 4675 κάρτα
396 4600 482 4670 τῷ
512 4599 868 4668 Τανυοξάρκῃ
893 4597 969 4629 ³⁸·
1004 4596 1247 4667 βουλεύει
1289 4596 1581 4667 τοιγαροῦν
1610 4596 1771 4650 αὐτὸν

196 4697 294 4764 μὲν
328 4698 389 4747 ἐν
426 4693 507 4763 τῷ
529 4689 771 4761 φανερῷ,
802 4690 877 4753 ὡς
904 4689 1062 4760 δῆθεν
1092 4686 1324 4757 ἀδελφοῦ
1349 4688 1609 4759 βασιλέως
1636 4706 1770 4743 κατ-

195 4785 463 4852 ειπόντα,1
481 4784 583 4853 τὴν
605 4782 846 4853 κεφαλὴν
881 4781 1181 4852 προστάξαι
1208 4780 1609 4851 ἀποτμηθῆναι,
1634 4783 1692 4833 ἐν
1716 4781 1770 4833 δέ

193 4875 269 4946 τῷ
290 4872 535 4947 κρυπτῷ
564 4870 916 4940 ἀναιρεθῆναι
940 4869 1350 4939 Τανυοξάρκην,
1382 4870 1475 4920 καὶ
1504 4866 1604 4938 τὴν
1627 4868 1771 4920 ἐκεί-

194 4984 284 5018 νου
335 4964 537 5033 στολὴν
592 4962 970 5032 ἀμφωσθῆναι
1016 4961 1109 5013 τὸν
1141 4959 1332 5029 μάγον,
1384 4957 1525 5011 ὥστε
1573 4960 1668 5012 καὶ
1696 4957 1772 5028 τῷ

1878 4606 2172 4677 perfectum
2194 4615 2297 4661 est.
2338 4605 2551 4661 Etenim
2590 4620 2800 4675 magus,
2837 4606 3119 4660 consilium
3151 4619 3271 4659 cum
3310 4619 3433 4673 rege

1875 4695 2305 4759 communicans,
2341 4695 2449 4750 tale
2486 4696 2585 4749 hoc
2630 4695 2923 4762 suggessit.
2969 4694 3290 4749 Simillimus
3319 4692 3431 4745 Ta-

1877 4801 2160 4857 nyoxarca
2200 4802 2389 4857 magus
2432 4788 2546 4856 ipse
2586 4800 2708 4840 cum
2748 4795 2913 4849 esset,
2951 4785 3141 4840 suadet
3169 4795 3226 4837 ut
3260 4785 3435 4851 palam

1878 4875 2094 4943 quidem
2133 4884 2296 4943 atque
2342 4875 2397 4930 in
2446 4874 2751 4943 propatulo,
2807 4883 3062 4943 tanquam
3110 4871 3249 4928 falso
3300 4874 3430 4941 regii

1877 4965 2065 5019 fratris
2092 4964 2316 5019 delatori
2362 4974 2522 5033 caput
2572 4965 2675 5019 sibi
2716 4964 2989 5034 amputari
3025 4964 3241 5033 iubeat;
3292 4963 3432 5017 clam

196 5057 560 5126 ἀμφιάσματι
606 5051 923 5123 νομίζεσθαι
952 5050 1358 5120 Τανυοξάρκην.
1407 5050 1519 5102 Καὶ
1562 5048 1771 5119 γίνεται

1880 5071 2009 5111 vero
2040 5066 2202 5125 atque
2231 5057 2282 5110 in
2315 5056 2529 5111 occulto
2557 5056 2947 5127 Tanyoxarcen
2985 5055 3158 5122 ipsum
3202 5053 3434 5107 interfici

196 5150 401 5202 ταῦτα’
449 5147 647 5217 αἵματι
694 5145 801 5215 γὰρ
839 5145 1063 5214 ταύρου,
1110 5144 1139 5196 ὃ
1186 5141 1421 5208 ἐξέπιεν,
1472 5145 1777 5213 ἀναιρεῖται

1772 5180 1777 5194 ν
1882 5160 2058 5211 curet,
2090 5157 2145 5201 et
2177 5147 2319 5202 illius
2346 5148 2449 5202 sibi
2492 5155 2698 5201 vestem
2737 5144 2906 5206 indui,
2939 5152 2997 5197 ut
3032 5157 3094 5197 ex
3134 5143 3248 5211 ipso
3274 5144 3434 5195 etiam

199 5242 615 5309 Τανυοξάρκης,
645 5239 978 5309 ἂμφιάζεται
1011 5238 1068 5291 δὲ
1097 5239 1125 5290 ὁ
1159 5237 1331 5307 μάγος
1370 5236 1463 5290 καὶ
1492 5237 1775 5306 νομίζεται

1883 5240 2074 5292 vestitu
2097 5254 2192 5307 pro
2218 5239 2566 5310 Tanyoxarce
2596 5236 2779 5293 haberi
2814 5235 3001 5306 possit.
3058 5236 3232 5303 Atque
3260 5234 3331 5285 ita
3363 5232 3438 5285 fa-

1484 5328 1713 5383 VARl/E
1757 5328 2041 5385 LECTION
2050 5332 2152 5386 ES.

269 5427 316 5457 η
350 5422 529 5477 εἰπών
561 5440 621 5486 ς.
700 5423 744 5453 ’⁸
779 5420 869 5491 ια’]
904 5421 1207 5489 πρῶτοςλΑ.
1285 5422 1331 5451 ⁸⁸
1359 5419 1446 5491 ιβ’]
1476 5420 1731 5489 δεύτερος
1760 5422 1824 5474 Α.
1902 5422 1946 5455 ⁸⁸
1972 5423 2225 5491 εὐνούχου
2254 5423 2296 5475 Α
2328 5437 2342 5475 :
2372 5421 2707 5491 ἡμιάρῤενος
2736 5434 2797 5485 ς.
2872 5420 2917 5451 ’⁸
2946 5420 3192 5491 ,ταφῆναι
3214 5414 3439 5491 νεκρὸν.

204 5495 293 5563 καὶ
326 5512 387 5558 ς’.
473 5494 517 5525 ³⁷
550 5492 791 5560 ὡρίσατο
826 5488 886 5556 ς.
952 5486 1011 5523 ³⁸
1037 5492 1307 5563 εὐνούχων
1342 5486 1389 5542 Α
1421 5486 1815 5563 ε’γήμιαρρένων
1848 5509 1907 5554 ς.
1988 5493 2034 5523 ’³
2071 5486 2359 5563 ίζᾶλϐάτης
2385 5486 2448 5545 Α.
2519 5486 2570 5523 ’³⁸
2597 5486 2685 5560 ἦν.
2715 5489 2970 5563 καὶμετά
3000 5486 3059 5553 ς,
3088 5486 3096 5489 ’
3204 5488 3443 5563 Baptiza-

201 5555 434 5629 ϐέωξς.
518 5563 563 5593 ³¹
595 5555 928 5633 ἧμιάρρενος
967 5579 1025 5625 ς.
1102 5561 1146 5592 ³³
1262 5570 1383 5633 ante
1411 5555 1669 5633 oix'lad'd.
1703 5563 1778 5633 Α.
1846 5563 1888 5592 ⁸³
1918 5572 2038 5633 post
2074 5555 2477 5633 ἑπτακισχίλιοι
2504 5555 2631 5616 ουιὴ
2660 5563 2704 5614 Α
2732 5555 2886 5615 omisi
2912 5558 3022 5611 δύο.
3132 5558 3173 5588 ³³
3204 5555 3441 5622 Σφανδα-

204 5635 364 5705 δάτης
394 5653 459 5699 ς.
540 5634 585 5664 ³⁸
624 5630 793 5702 παρρ.
828 5631 884 5684 δὲ
913 5637 1030 5693 ταῖς
1064 5648 1123 5695 ς’.
1197 5630 1239 5661 "
1274 5630 1498 5698 ἀδελφὸς
1526 5631 1648 5683 ἐπεὶ
1674 5630 1825 5683 οὐδὲν
1858 5630 1934 5695 ςξ
1993 5633 2038 5666 ³⁸
2087 5630 2438 5704 τανυοξάρκει
2470 5634 2529 5687 Α.

1743 5722 1975 5781 NOTAE.

279 5816 389 5885 (85)
422 5812 681 5871 Snmden
712 5829 919 5883 magum
952 5820 1265 5869 constanter
1292 5812 1595 5869 Herodotus
1642 5827 1811 5868 vocat.
