4210 6442
792 374 891 444 179

1948 377 2211 439 ΡΗΟΤΙΙ
2248 375 2755 437 PATRIARCHE
2794 376 2905 437 CP.

3933 368 4030 435 180

788 504 934 548 ctam
964 502 1067 549 est.
1100 492 1338 548 Taurino
1384 491 1500 562 (86)
1546 492 1692 547 enim
1742 494 1936 551 hausto
1973 496 2234 567 sanguine
2265 495 2362 548 Ta-

2467 493 2875 566 Τανυοξάρκης.
2908 492 3017 548 Kal
3052 492 3309 546 λανθάνει
3343 492 3553 555 πάντας
3584 490 3680 543 ἐπὶ
3708 490 3876 543 πολὺν
3903 490 4030 560 χρόα

790 595 1091 653 nyoxarces
1133 583 1343 648 interit,
1376 591 1433 637 et
1460 581 1607 637 illius
1652 582 1871 639 indutus
1897 594 2101 641 vestem
2145 600 2354 653 magus,

789 690 887 741 pro
941 674 1294 747 Tanyoxarce
1336 675 1673 746 agnoscitur,
1723 674 1925 746 diuque
1975 676 2106 732 latet
2147 691 2358 739 omnes,

788 778 984 836 pneter
1037 770 1375 839 Artosyran,
1435 766 1746 836 Bagapaten
1786 807 1803 833 ,
1857 779 2022 836 atque
2076 768 2357 823 lzabaten.

791 857 886 911 His
912 857 1113 929 quippe
1154 861 1290 914 solis
1326 874 1438 914 rem
1468 858 1683 928 aperire
1725 859 2022 930 Cambyses
2052 874 2217 915 ausus
2249 870 2355 915 est.

788 949 902 1004 Rex
944 951 1069 1006 inde
1117 950 1416 1021 Labyzum,
1450 951 1543 1021 qui
1592 952 1736 1005 inter
1779 951 2148 1023 Tanyoxarcae
2180 967 2359 1007 eunu-

790 1045 923 1099 chos
949 1042 1110 1099 facile
1139 1044 1345 1112 primus
1373 1053 1516 1109 erat,
1541 1053 1597 1098 et
1629 1055 1826 1113 praeter
1855 1045 2001 1099 hunc
2024 1044 2162 1101 alios
2194 1045 2262 1098 ad
2302 1058 2360 1099 se

789 1143 947 1190 vocat
980 1152 995 1187 :
1033 1150 1246 1205 magum
1278 1136 1329 1189 in
1378 1134 1470 1190 illa
1509 1145 1660 1190 veste
1691 1136 1975 1191 sedentem
2024 1137 2270 1202 exhibet,
2305 1145 2362 1190 et

791 1222 1050 1291 numquid
1096 1222 1239 1277 hunc
1277 1222 1663 1295 Tanyoxareen
1705 1236 2085 1295 agnoscerent,
2119 1227 2359 1282 interro-

785 1322 894 1383 gat.
926 1315 1008 1368 Ad
1042 1328 1164 1383 quae
1212 1313 1497 1385 Labyzus:
1529 1314 1594 1369 Et
1616 1330 1932 1386 quemnam,
1963 1318 2157 1385 inquit,
2192 1319 2357 1373 alium

786 1405 1243 1473 agnosceremusi
1284 1406 1419 1461 adeo
1471 1408 1603 1461 texit
1652 1420 1869 1477 magum
1917 1409 2163 1476 corporis
2207 1409 2360 1463 habi-

789 1505 985 1563 tusque
1056 1494 1373 1551 similitudo.
1452 1497 1683 1551 Mittitur
1746 1512 1877 1567 ergo
1949 1499 2003 1552 in
2064 1497 2358 1561 Bactrius,

784 1588 1074 1655 omniaque
1091 1587 1231 1640 haud
1246 1589 1403 1642 aliter
1414 1603 1576 1658 quam
1593 1590 1636 1643 si
1655 1590 1882 1660 ipsemet
1899 1597 2043 1645 esset
2056 1589 2361 1660 Tanyoxar-

784 1698 897 1745 ces,
929 1682 1290 1740 administrat.
1325 1685 1461 1740 Post
1483 1686 1735 1756 quintum
1770 1688 1986 1742 tandem
2030 1702 2229 1741 annum
2274 1703 2361 1743 res

792 1781 905 1825 tota
955 1788 1054 1840 per
1093 1770 1428 1843 Tybetheum
1491 1778 1822 1840 eunuchum,
1874 1776 2020 1846 38a
2057 1791 2217 1847 quem
2253 1792 2358 1831 ma-

788 1883 890 1937 gus
914 1869 1250 1937 pulsaverat,
1281 1869 1462 1941 Amyli
1490 1870 1799 1939 exponitur.
1832 1869 2076 1924 Postulat
2107 1872 2220 1924 haec
2250 1870 2352 1924 sibi

787 1961 1204 2029 Sphendadaten
1240 1977 1269 2015 a
1311 1962 1584 2034 Cambyse
1623 1964 1769 2018 dedi.
1808 1963 1877 2017 At
1911 1979 2004 2018 rex
2035 1963 2231 2019 dedere
2259 1979 2357 2019 no-

784 2051 881 2107 luit
910 2053 1293 2124 :quamobrem
1318 2054 1465 2110 diras
1501 2055 1575 2110 illi
1608 2056 1925 2125 imprecata,
1963 2067 2231 2127 epotoque
2264 2071 2357 2112 ve-

786 2158 952 2211 neno,
992 2146 1240 2199 moritur.
1288 2146 1500 2202 Accidit
1547 2148 1743 2203 deinde
1790 2158 1869 2213 ut,
1900 2162 2052 2203 sacra
2094 2159 2358 2217 operante

785 2233 1079 2305 Cambyse,
1114 2250 1237 2290 cum
1279 2234 1517 2290 victimae
1555 2236 1960 2307 jngularentur,
1995 2238 2215 2306 sanguis
2252 2252 2358 2293 non

785 2328 1006 2394 llueret;
1036 2342 1141 2396 qua
1167 2343 1299 2383 sane
1325 2344 1389 2383 ex
1426 2344 1489 2384 re
1521 2329 1705 2385 animo
1738 2329 2033 2385 concidere
2062 2330 2229 2400 capit
2256 2348 2271 2397 ;
2298 2346 2363 2385 ac

785 2420 958 2490 magis
1011 2420 1176 2474 etiam
1224 2430 1429 2491 postea.
1465 2423 1685 2491 quando
1734 2424 1783 2478 ei
1824 2423 2050 2479 Roxane
2080 2433 2359 2479 carentem

786 2512 969 2579 capite
1026 2527 1253 2582 puerum
1318 2515 1564 2583 peperit;
1624 2522 1679 2568 et
1742 2515 1883 2583 magi
1943 2516 2358 2581 renuntiarunt,

786 2602 992 2656 nullum
1023 2605 1090 2657 ab
1119 2619 1185 2659 eo
1211 2606 1358 2676 regni
1387 2620 1760 2661 successorem
1796 2606 2041 2660 relictum
2077 2607 2166 2671 iri,
2204 2608 2356 2661 hisce

786 2695 1047 2749 monstris
1068 2697 1333 2762 portendi.
1378 2695 1518 2763 Quin
1568 2705 1621 2751 et
1652 2705 1838 2751 astans
1872 2709 2035 2751 noctu
2068 2698 2118 2751 in
2150 2699 2358 2753 somnis

788 2798 980 2852 mater,
1012 2786 1293 2857 minasque
1326 2789 1395 2843 ob
1426 2798 1792 2857 perpetratum
1832 2790 2032 2844 cmdem
2061 2790 2359 2852 intentans,

2463 601 2572 649 νον,
2598 583 2738 655 πλὴν
2774 584 3084 655 ’Δρτασύρα
3114 586 3209 637 καὶ
3256 583 3588 651 Βαγαπάτου
3617 580 3662 613 ⁸⁹
3691 581 3787 634 καὶ
3822 580 4032 643 Ἰζαϐά-

2462 689 2593 729 του’
2626 675 2839 739 τούτοις
2872 674 2983 744 γὰρ
3035 675 3217 745 μόνοις
3266 673 3572 743 Καμϐύσης
3617 672 3891 743 ἐθάρρησε
3937 673 4035 741 τὴν

2463 769 2682 838 πρᾶξιν.
2715 765 2961 830 Λάϐυξον
2991 766 3037 798 ⁸⁸
3068 767 3124 819 δὲ
3162 766 3270 819 τῶν
3304 765 3576 833 εὐνούχων
3603 762 3647 796 δ¹
3678 762 3771 816 τὸν
3800 762 4032 833 πρῶτον,

2461 862 2510 914 οἳ
2539 856 2676 930 ἦσαν
2696 859 3108 930 Τανυοξάρκεω,
3135 857 3649 929 προσκαλεσάμενος
3677 857 3706 910 ό
3735 854 4035 924 Καμϐύσης

2462 954 2557 1006 καὶ
2582 954 2711 1014 τοὺς
2737 952 2953 1015 ἄλλους,
2981 950 3269 1015 ὑποδείξας
3291 950 3336 981 δ’
3360 948 3455 1002 τὸν
3491 949 3664 1021 μάγον
3689 947 3765 1011 ὡς
3790 945 4033 1017 ἐσχημά-

2461 1060 2613 1096 τιστο
2669 1042 3071 1113 καθεζόμενον,
3120 1042 3322 1095 Τοῦτον
3373 1041 3479 1113 ἔφη
3526 1040 3776 1111 νομίζετε
3838 1038 4037 1090 Ταναο-

2467 1137 2714 1207 ξάρκην;
2749 1136 2824 1200 γό
2869 1136 2927 1188 δὲ
2966 1135 3212 1201 Λάϐυξος
3241 1136 3527 1205 Θαυμάσας
3572 1134 3685 1188 Kal
3713 1133 3837 1186 τίνα
3857 1130 4033 1194 ἄλλον,

2463 1229 2591 1299 ἔφη,
2663 1226 2993 1298 νομιοῦμεν;
3066 1226 3192 1298 [H3
3223 1225 3315 1298 IL]
3377 1226 3631 1280 τοσοῦτον
3675 1224 3931 1278 ἐλάνθανε
3967 1225 4034 1290 τῇ

2462 1320 2745 1391 ὁμοιότητι
2777 1321 2805 1372 6
2839 1319 3031 1388 μάγος.
3070 1318 3447 1389 Ἐκπέμπεται
3485 1315 3580 1371 οὖν
3604 1320 3684 1381 είς
3717 1317 4035 1386 Βακτρίους,

2463 1415 2558 1467 καὶ
2574 1415 2800 1483 πράττει
2820 1412 3081 1475 πάνταώς
3101 1411 3508 1483 Τανυοξάρκης.
3527 1413 3693 1464 Πέντε
3704 1411 3763 1463 δὲ
3780 1410 4039 1463 ἐνιαυτῶν

2461 1505 2798 1571 διελθόντων,
2819 1505 3081 1575 μηνύεται
3101 1506 3135 1575 ὴ
3150 1504 3376 1574 Ἀμύτις
3390 1501 3450 1555 τδ
3464 1502 3647 1573 δρᾶμα
3663 1502 3752 1555 διά
3770 1501 4036 1563 Τιϐέθεως

2461 1597 2555 1651 τοῦ
2582 1596 2837 1666 εὐνούχου
2867 1597 2934 1662 ⁸³,
2958 1597 3018 1650 δν
3045 1597 3074 1649 6
3099 1597 3273 1667 μάγος
3298 1596 3585 1665 τυπτήσας
3616 1594 3880 1663 ἐτύγχανε
3899 1610 3912 1623 ·
3946 1595 4040 1645 καὶ

2463 1691 2603 1742 αἰτεῖ
2632 1690 2721 1741 τὸν
2750 1688 3127 1757 Σφενδαδάτην
3146 1686 3194 1717 ⁸⁸
3228 1687 3379 1755 παρὰ
3430 1685 3732 1756 Καμϐύσου
3763 1700 3777 1714 ⁸
3821 1685 3851 1735 6
3897 1683 3951 1735 δὲ
3976 1684 4038 1734 ού

2463 1781 2697 1835 δίδωσιν.
2741 1781 2807 1833 ’ῐί
2831 1781 2888 1834 δὲ
2934 1782 3230 1850 ἐπαρᾶται,
3261 1778 3358 1833 καὶ
3392 1778 3589 1832 πιοῦσα
3635 1779 3924 1848 φάρμακον
3949 1793 4039 1827 τε-

2464 1870 2647 1941 λευτᾷ.
2684 1870 2812 1923 Θύει
2846 1872 2875 1922 ό
2908 1869 3238 1940 Καμϐύσης,
3270 1868 3365 1921 καὶ
3395 1868 3501 1920 τῶν
3525 1868 3737 1938 ἱερείων
3768 1866 4042 1934 σφαζομέο

2462 1982 2569 2019 νων
2613 1961 2751 2034 αἷμα
2799 1964 2900 2016 οὐκ
2949 1964 3202 2033 ἀπορρεῖ,
3235 1960 3329 2034 [56
3375 1959 3469 2033 H.]
3516 1961 3610 2014 καὶ
3658 1959 3877 2027 ἀθυμεῖ.
3932 1958 4043 2011 Kal

2462 2054 2637 2107 τίκτει
2666 2053 2816 2124 αύτῷ
2846 2055 2880 2125 ὴ
2914 2052 3155 2124 Ῥωξάνη
3192 2053 3404 2106 παιδίον
3433 2051 3725 2121 ἀκέφαλον,
3756 2050 3850 2103 καὶ
3881 2050 4044 2101 πλέον

2464 2143 2663 2213 ἀθυμεῖ
2686 2161 2699 2175 ο
2732 2144 2827 2196 καὶ
2870 2146 2917 2197 οἱ
2952 2145 3118 2215 μάγοι
3148 2143 3401 2212 λέγουσιν
3428 2144 3579 2213 αὐτῷ
3610 2145 3708 2211 τὴν
3737 2142 3847 2195 τῶν
3873 2142 4043 2210 τερά-

2458 2252 2566 2288 των
2585 2235 2837 2304 δήλωσιν,
2871 2235 2953 2288 ὄτι
2989 2235 3051 2287 ού
3092 2233 3410 2303 καταλείψει
3441 2234 3486 2266 ⁸⁸
3510 2236 3609 2303 τῆς
3650 2233 3828 2304 ἀρχῆς
3865 2232 4044 2286 διάδο-

2457 2347 2570 2400 χον.
2604 2330 2712 2382 Καὶ
2755 2329 3041 2397 ἐφίσταται
3081 2327 3233 2397 αύτῷ
3277 2329 3309 2398 ὴ
3364 2329 3550 2398 μήτηρ
3581 2329 3636 2380 ὲν
3686 2325 3843 2379 νυκτὶ
3880 2327 4042 2377 ἀπει-

2457 2421 2627 2475 λοῦσα
2644 2423 2743 2491 τῆς
2771 2422 3105 2491 μιαιφονίας,
3134 2420 3229 2474 καὶ
3253 2420 3414 2474 πλέον
3434 2420 3654 2491 ἀθυμεῖ.
3686 2417 4047 2488 Ἀφικόμενος

2458 2512 2515 2565 δὲ
2542 2515 2621 2575 είς
2643 2511 2963 2574 Βαϐυλῶνα,
2988 2512 3081 2563 καὶ
3111 2510 3246 2577 ξέων
3278 2510 3531 2581 ξυλάριον
3559 2507 3804 2579 μαχαίρᾳ
3834 2506 4046 2576 διατρι-

2465 2604 2565 2673 ϐῆς
2594 2605 2791 2675 χάριν,
2845 2604 2995 2656 παίει
3045 2603 3134 2655 τὸν
3181 2602 3354 2672 μηρὸν
3388 2604 3467 2664 είς
3522 2601 3615 2654 τὸν
3648 2600 3773 2670 μῦν,
3814 2600 3909 2651 καὶ
3956 2598 4047 2650 ἑν-

2466 2696 2744 2759 δεκαταῖος
2814 2696 3077 2765 τελευτᾷ,
3148 2694 3475 2764 βασιλεύσας
3527 2692 3674 2746 δυοῖν
3722 2692 3913 2745 δέοντα
3970 2691 4049 2743 εἷ’-

2471 2807 2613 2845 κοσι.

788 2882 945 2953 longe
999 2883 1235 2937 maxime
1296 2898 1478 2953 regem
1527 2884 1777 2951 perculit.
1817 2882 1952 2938 Cum
2011 2885 2191 2953 itaque
2240 2884 2578 2955 Babylonem
2614 2886 2871 2950 venisset,
2938 2896 3101 2952 atque
3164 2884 3236 2939 ibi
3313 2898 3538 2952 parvum
3607 2880 3808 2947 lignum
3872 2878 4051 2933 cultro

788 2976 1017 3043 polieus,
1066 2989 1173 3044 quo
1224 2982 1436 3042 tempus
1487 2973 1720 3041 falleret,
1765 2974 1989 3030 femoris
2040 2976 2341 3029 musculum
2384 2978 2771 3042 percussisset,
2822 2976 3105 3030 undecimo
3136 2983 3260 3046 post
3294 2974 3381 3029 die
3404 2980 3632 3028 mortem
3698 2972 3856 3031 obiit,
3914 2985 4042 3025 cum

788 3083 959 3120 nunos
986 3076 1267 3138 regnasset
1298 3066 1687 3136 duodeviginti.

860 3201 1156 3271 Bagapates
1192 3210 1368 3255 autem
1414 3211 1470 3256 et
1522 3204 1811 3267 Artasvras
1856 3204 2162 3267 consilium,
2210 3211 2365 3257 aute-

2542 3196 2874 3265 Βαγαπάτης
2899 3195 2958 3248 δὲ
2980 3193 3073 3249 καὶ
3105 3194 3469 3265 ’Δρτασύρας,
3514 3195 3644 3263 πρὶν
3674 3194 3706 3263 ἢ
3742 3193 4056 3264 Καμϐύσης

789 3307 952 3360 ququ
1000 3290 1295 3359 Cambyses
1330 3302 1655 3357 moreretur,
1691 3294 1952 3358 inierunt,
1990 3294 2057 3347 de
2104 3308 2269 3363 regno
2298 3292 2365 3344 ad

793 3398 1027 3452 magum;
1054 3380 1375 3448 deferendo;
1434 3392 1490 3438 et
1518 3398 1646 3438 vero
1680 3394 1801 3453 post
1834 3384 1978 3438 illius
2008 3392 2233 3436 mortem
2270 3384 2365 3436 de-

796 3476 987 3529 tulere.
1021 3473 1229 3541 Corpus
1254 3475 1538 3546 Cambysa:
1567 3473 1809 3531 lzabates
1838 3487 2109 3541 sumptum
2147 3476 2198 3527 in
2232 3474 2367 3528 Per-

792 3566 962 3620 sidem
1011 3566 1212 3620 avexit.
1253 3564 1402 3620 Unde
1428 3567 1716 3635 aliquando
1751 3581 2019 3631 reversus,
2058 3576 2367 3634 regnantem

786 3656 899 3725 jam
932 3658 1032 3709 sub
1064 3655 1428 3725 Tanyoxarcae
1463 3658 1681 3709 nomine
1710 3672 1926 3725 magum
1966 3658 2191 3724 prodere
2228 3657 2368 3723 apud

794 3746 1109 3800 universum
1179 3748 1497 3810 exercitum,
1549 3757 1713 3815 atque
1742 3748 2008 3801 infamare
2050 3762 2367 3815 aggressus,

794 3839 849 3894 in
886 3838 1140 3907 templum
1170 3839 1433 3909 confugit,
1477 3854 1664 3894 verum
1702 3840 1832 3895 inde
1855 3851 2154 3902 extractus,
2191 3841 2370 3908 capite

794 3945 982 3998 paenae
1008 3931 1127 3985 luit.
1170 3929 1305 3984 Hinc
1336 3940 1543 4001 septem
1575 3934 1714 3986 inter
1761 3931 1956 3985 Persas
1986 3933 2221 3985 illustres
2270 3932 2369 3985 viri

795 4038 898 4075 uua
929 4022 1191 4076 adversus
1232 4038 1445 4093 magum
1474 4025 1879 4093 conspiravere,
1920 4024 2195 4091 Onophas,
2232 4024 2371 4078 lder-

793 4129 912 4178 nes,
955 4113 1352 4181 Norodabares,
1379 4115 1711 4180 Mardonius,
1750 4118 1983 4178 Barises,
2013 4119 2368 4186 Ataphernes,

792 4214 849 4263 et
876 4208 1066 4261 Darius
1096 4206 1357 4277 llystaspe
1383 4207 1545 4261 filius.
1565 4206 1629 4260 ili
1654 4224 1775 4263 cum
1801 4208 1957 4277 primi
1980 4208 2118 4261 inter
2138 4224 2194 4261 se
2214 4209 2369 4262 (idem

795 4298 1095 4363 dedissent,
1136 4309 1257 4368 post
1305 4299 1472 4353 etiam
1515 4301 1803 4369 Artasyras
1826 4301 2148 4363 assumitur,
2184 4310 2238 4352 et
2269 4299 2370 4353 Ba-

795 4398 1014 4460 gapates
1029 4398 1311 4460 praeterea,
1337 4390 1427 4457 qui
1451 4389 1631 4444 claves
1657 4405 1846 4445 omnes
1880 4392 2148 4460 regiarum
2174 4392 2367 4445 aedium

2470 3288 2806 3357 τελευτήσει,
2839 3286 3234 3340 ἐϐουλεύσαντο
3257 3286 3574 3355 βασιλεῦσαι
3602 3285 3693 3338 τὸν
3720 3286 3926 3355 μάγον·
3958 3285 4058 3339 καὶ

2470 3381 2818 3434 ἐϐασίλευσεν
2850 3379 2896 3411 ⁸⁸
2924 3379 3135 3432 ἐκείνου
3182 3379 3625 3448 τελευτήσαντος.
3658 3376 3854 3431 Λαϐὼν
3892 3378 3952 3431 δὲ
3992 3377 4059 3430 τὸ

2471 3470 2771 3539 Καμϐύσου
2808 3470 2969 3539 σῶμα
3014 3469 3297 3539 Ἰζαϐάτης
3329 3472 3374 3500 ⁵⁷
3405 3465 3539 3539 ἦγεν
3573 3471 3651 3531 εις
3675 3471 3910 3533 Πέρσας.
3944 3467 4058 3522 Τοῦ

2475 3562 2650 3630 μάγου
2685 3562 2743 3615 δὲ
2779 3560 3198 3631 βασιλεύσαντος
3240 3562 3327 3613 ἐπ’
3365 3561 3588 3631 ὀνόματι
3616 3560 3709 3613 τοῦ
3742 3558 4059 3629 Τανυοξάρ-

2472 3670 2569 3705 κου
2602 3650 2735 3724 ἧκεν
2774 3652 3054 3722 Ἰζαϐάτης
3102 3653 3169 3705 ἐκ
3208 3652 3491 3722 Περσίδος,
3534 3652 3630 3705 καὶ
3664 3651 3943 3703 κατειπὼν
3988 3654 4060 3721 τῇ

2476 3748 2705 3816 στρατιᾷ
2733 3746 2914 3800 πάντα
2943 3746 2990 3777 ⁸³
3022 3746 3116 3801 καὶ
3166 3743 3543 3814 θριαμϐεύσας
3589 3744 3678 3797 τὸν
3714 3744 3886 3812 μάγον
3920 3760 4062 3797 κατ-

2475 3838 2675 3906 έφυγεν
2695 3840 2776 3901 είς
2803 3838 2862 3890 τὸ
2886 3839 3054 3909 ἱερὸν,
3076 3837 3287 3891 ἐκεῖθέν
3304 3853 3362 3889 τε
3386 3836 3713 3907 συλληφθεὶς
3732 3835 4061 3905 ἀπετμήθη.

2474 3927 2757 3981 Ἐντεῦθεν
2791 3929 2932 3981 ἑπτὰ
2962 3929 3069 3981 τῶν
3106 3928 3333 3998 Περσῶν
3361 3929 3622 3997 ἐπίσημοι
3654 3929 3943 3980 συνέθεντο
3972 3928 4066 3980 ἁλ-

2471 4020 2655 4089 λήλοις
2685 4020 2827 4074 κατὰ
2855 4021 2950 4073 τοῦ
2982 4022 3179 4090 μάγου,
3207 4022 3459 4089 Ὀνόφας,
3500 4021 3752 4091 Ἰδέρνης,
3785 4020 4066 4085 Νορονδα-

2474 4112 2644 4181 ϐάτης
2678 4114 2742 4177 δ’,
2786 4114 3107 4180 Μαρδόνιος,
3166 4113 3442 4182 Βαρίσσης
3480 4114 3548 4175 ⁸ο,
3581 4114 3924 4181 Ἀταφέρνης
3968 4115 4067 4165 καὶ

2474 4206 2697 4273 Δαρεῖος
2732 4202 3071 4259 Ὑστάσπεω.
3102 4203 3319 4257 Τούτων
3346 4204 3597 4273 ἀλλήλοις
3622 4203 3833 4264 πίστεις
3857 4204 4065 4255 δόντων

2475 4294 2958 4365 προσλαμϐάνεται
2988 4296 3084 4349 καὶ
3109 4297 3138 4348 6
3164 4296 3527 4365 Ἀρτασύρας,
3559 4292 3676 4348 εἷτα
3709 4296 3803 4347 καὶ
3828 4298 3856 4347 ό
3881 4296 4069 4361 Βαγα-

2474 4391 2676 4455 ιπάτης,
2703 4387 2759 4450 ὃς
2790 4387 2889 4448 τὰς
2936 4387 3083 4449 κλεῖς
3114 4388 3293 4449 πάσας
3316 4386 3424 4439 τῶν
3463 4386 3749 4455 βασιλείων
3779 4382 3916 4455 εἶχε,
3954 4390 4069 4440 Kal

797 4480 852 4534 in
910 4489 1177 4549 potestate
1212 4479 1469 4534 habebat.
1513 4479 1729 4547 Septem
1763 4495 1892 4549 ergo
1928 4481 2024 4544 illi,
2090 4480 2365 4551 Bagapaue

2473 4478 2805 4540 εἰσελθόντες
2829 4478 2916 4531 διά
2945 4478 3038 4531 τοῦ
3070 4479 3398 4545 Βαγαπάτου
3426 4480 3475 4530 nl
3515 4478 3654 4531 ἑπτὰ
3684 4478 3765 4539 είς
3796 4478 3868 4530 τά
3897 4478 4068 4547 βασί·

795 4584 984 4639 opera,
1048 4570 1098 4623 in
1155 4570 1329 4639 regias
1377 4571 1521 4625 :edes
1554 4570 1805 4639 ingressi,
1860 4572 2215 4625 dormientem
2249 4587 2365 4624 cum

2477 4571 2597 4623 λεια
2625 4570 2939 4641 εὑρίσκουσι
2967 4570 3059 4623 τδν
3089 4572 3265 4639 μάγον
3291 4570 3542 4639 παλλακῇ
3580 4568 3901 4643 Βαϐύλωνίᾳ
3930 4588 4069 4639 συγ-

794 4660 1086 4733 Babylonia
1136 4661 1329 4730 pellice
1371 4676 1586 4731 magum
1632 4660 1935 4715 oﬂendunt.
1977 4661 2123 4727 Quos
2176 4662 2283 4726 ille,
2316 4673 2365 4715 ut

2476 4662 2825 4717 καθεύδοντα.
2858 4663 2978 4727 ῠὬς
3043 4663 3101 4716 δὲ
3146 4660 3307 4727 εἶδεν,
3358 4663 3695 4732 ἀνεπήδησε,
3742 4663 3839 4717 xal
3890 4665 4069 4733 μηδὲν

793 4752 948 4810 vidit.
994 4751 1173 4805 subito
1222 4752 1477 4820 prosiliit,
1523 4760 1577 4805 et
1633 4767 1755 4805 cum
1800 4751 2001 4805 nullum
2050 4765 2168 4806 sese
2205 4753 2365 4807 telum

2475 4754 2650 4827 εὑρὼν
2679 4755 2789 4807 τῶν
2818 4754 3133 4824 πολεμικῶν
3171 4755 3420 4825 ὀργάνων
3458 4755 3656 4825 (πάντα
3682 4755 3789 4824 γὰρ
3818 4756 3847 4807 6
3876 4753 4069 4821 Βαγα-

792 4841 1044 4896 bellicum
1082 4840 1307 4895 oll‘erret
1334 4841 1496 4910 (clam
1519 4842 1663 4895 enim
1690 4842 1871 4896 omnia
1910 4842 2209 4911 Bagapates
2239 4845 2365 4898 sub-

2475 4849 2653 4916 πάτης
2680 4846 2856 4916 λάθρα
2885 4846 3221 4915 ὑπεξήγαγε)
3256 4846 3449 4917 δίφρον
3480 4846 3711 4916 χρύσεον
3754 4846 4070 4915 συντρίψας

795 4930 1082 5002 traxerat),
1112 4932 1284 4988 sedile
1330 4933 1470 4987 forte
1520 4948 1743 4986 aureum
1800 4934 2087 5003 confregit,
2142 4936 2365 5004 ejusque

2474 4942 2566 4993 καὶ
2596 4940 2776 4993 λαϐὼν
2815 4942 2907 4992 τὸν
2936 4941 3073 4997 πόδα
3100 4941 3355 5009 ἐμάχετο,
3390 4941 3483 4993 καὶ
3519 4942 3674 5001 τέλος
3705 4955 4067 5006 κατακεντη-

793 5033 1014 5090 arrepto
1052 5027 1189 5093 pede
1241 5040 1478 5094 pugnare
1511 5025 1695 5093 cmpit,
1755 5026 1881 5078 dum
1943 5025 2155 5079 tandem
2198 5043 2224 5078 a
2283 5041 2365 5081 se-

2472 5031 2585 5093 Osl;
2615 5032 2721 5085 ὑπὸ
2750 5032 2858 5085 τῶν
2884 5033 3023 5086 ἑπτὰ
3049 5032 3311 5095 ἀπέθανε,
3335 5031 3660 5101 βασιλεύσας
3686 5030 3862 5100 μῆνας
3890 5031 4065 5083 ἑπτά.

2108 5216 2341 5271 νΑῐὶΙᾸΞ
2392 5218 2799 5273 LECTIONES.

870 5326 913 5397 ξ
948 5324 1278 5397 Βαγαπάθου
1308 5344 1369 5390 ς.
1430 5327 1475 5357 ⁸⁸
1506 5327 2076 5395 Λάϐυζον-Λάευξος
2108 5352 2166 5397 ς..
2235 5332 2277 5364 ιι

794 5392 843 5472 et
872 5394 1259 5472 ξφανραξᾲτης
1299 5414 1358 5461 ς,
1494 5392 2015 5472 ρύκᾼὲγκαταλείψει

792 5464 843 5497 ⁸⁸
872 5464 1258 5537 Νοροδαϐάτης
1285 5485 1347 5533 ς’.
1426 5468 1471 5501 ⁸⁸
1492 5464 1731 5540 Βαρίσης
1766 5485 1828 5535 ς.

2310 5333 2660 5403 ἡμιαρῤἐνων
2692 5353 2748 5398 ς.
2821 5335 2862 5365 δ’
2898 5332 3213 5405 ύποδ.]νκαὶ
3252 5332 3495 5405 ὑποδης.
3544 5327 3594 5405 ξ’
3624 5327 3963 5405 ἡμιάρρενος
4002 5342 4071 5390 ς.

2192 5403 2239 5435 ⁸⁸
2268 5398 2390 5459 nun
2422 5398 2800 5459 ἐϐασίλευσαν.
2880 5406 2925 5437 ⁸⁷
2969 5398 3249 5476 Ἰξαῖϐάνης
3286 5422 3347 5469 ς.
3411 5399 3456 5430 ⁸⁸
3487 5398 3727 5452 miva
3751 5415 3773 5453 ὲ
3805 5399 3963 5467 πάσῃ
4003 5416 4066 5462 ς-

2335 5623 2543 5682 ΝΟΤᾸΕ

870 5718 977 5789 (86l
1009 5718 1349 5776 Venonosnm
1380 5737 1503 5777 eum
1536 5739 1656 5778 esse
1694 5723 2124 5784 docentmcdici,
2149 5732 2202 5775 et
2270 5737 2373 5777 non
2450 5722 2555 5778 alio
2604 5737 2812 5780 veneno
2879 5724 3131 5778 exstincti
3198 5721 3394 5786 Midas,
3450 5720 3868 5789 Themistocles,
3931 5720 4054 5778 alii.

802 5786 934 5846 Vide
963 5790 1089 5847 infr.
1115 5794 1238 5846 eod.
1274 5791 1397 5859 190,
1427 5795 1519 5849 lib.
1545 5811 1627 5860 ιιι,
1649 5794 1876 5852 Ptolem.
1912 5792 2177 5865 llephaast.
