4210 6442
148 410 241 477 181

1257 418 1779 481 BIBLIOTHECA.
1802 446 1873 459 -
1890 420 2054 483 COD.
2073 420 2311 484 LXXII.

3304 420 3408 485 182

145 525 439 581 Βασιλεύει
484 528 543 582 δέ
572 529 681 583 τῶν
712 529 856 585 me
880 529 912 585 6
950 531 1198 600 Δαρεῑος,
1227 532 1325 586 τοῦ
1362 535 1551 602 ἵππου,
1592 535 1739 591 καθά
1766 547 1807 605 Α

1766 547 1812 605 Α
1838 545 1984 608 ptem
2031 537 2143 594 illis
2181 538 2315 594 viris
2341 536 2625 593 confossus
2671 531 2944 601 occubuit,
2987 534 3223 605 septimo
3251 541 3401 607 regni

150 618 437 672 συνέκειτο
460 620 735 691 ἀλλήλοις,
759 621 981 692 πρώτου
1004 623 1049 655 ⁸⁸
1072 627 1289 695 μηχανῇ
1312 642 1418 679 τινι
1439 628 1534 680 καὶ
1548 627 1736 698 τέχνῃ,

1843 626 1972 682 aditi
2001 642 2209 683 mertse.

147 710 377 766 ἐπειδὰν
403 714 436 766 6
459 714 612 783 ἥλιος
637 715 777 785 πρὸς
835 715 1102 779 ἀνατολάς
1169 719 1412 786 ἐγένετο,
1479 720 1924 792 χρεμετίσαντος.
1958 720 2186 790 ιἈγιται
2232 721 2345 785 τοῖς
2392 718 2625 791 Πέρσαις
2664 718 2827 789 ἑορτὴ
2891 718 2993 787 τῆς
3046 712 3408 787 μαγοῖωνιαςο

148 802 271 857 καθ’
303 805 379 872 ἢν
408 804 791 877 mech
815 807 847 860 6
874 807 1047 877 μάγος
1076 807 1370 879 ἀνῄρηται.

213 902 456 972 Aapsb;
487 902 823 973 προστᾶσαι
867 903 1039 975 τάφον
1068 905 1251 976 ἐαυτῷ
1274 906 1740 977 Ῐκατασιιευασθῆ-

150 1008 234 1044 ναι
264 993 331 1045 ἐν
356 991 442 1062 τῷ
476 992 647 1065 δισσῷ
677 995 817 1065 δρει,
855 995 951 1049 καὶ
985 995 1478 1062 κατασκευάζεται.
1509 997 1739 1053 Ἐπιθυ-

154 1084 341 1153 μήσας
381 1082 445 1137 δέ
474 1084 603 1138 ίδείν
626 1085 798 1139 αὑτὸν
826 1084 935 1139 ὑπό
960 1102 1022 1139 τε
1049 1086 1162 1141 τῶν
1200 1086 1483 1141 Χαλδαίων
1503 1087 1599 1142 καὶ
1626 1087 1740 1141 τῶν

151 1175 360 1242 γονέων
389 1175 689 1233 κωλύεται.
712 1179 779 1231 οι
805 1176 866 1231 δέ
888 1180 1070 1245 γονεῖς
1093 1178 1337 1233 ἀνελθεῖν
1365 1177 1740 1249 βουληθέντες,

154 1266 278 1318 ἐπεὶ
303 1267 359 1319 oi
384 1268 556 1337 ίερείς
580 1263 722 1322 εἶδον
745 1268 900 1337 ὄφεις
915 1270 962 1300 ⁵⁸
988 1269 1041 1322 cl
1063 1268 1379 1333 ἀνέλκοντες
1401 1269 1621 1336 αὐτοὺς,
1638 1270 1736 1323 καὶ

156 1355 535 1427 ἐφοϐήθησαν,
564 1359 663 1413 καὶ
724 1359 1055 1430 φοϐηθέντες
1105 1360 1329 1431 ἀφῆκαν
1376 1360 1448 1414 τά
1500 1360 1733 1431 σχοινία,

152 1448 351 1501 ἔπεσον
380 1449 482 1502 καὶ
512 1450 897 1521 ἐτελεύτησαν.
928 1452 1041 1505 Καὶ
1065 1450 1314 1522 ἐλυπήθη
1339 1451 1566 1521 Δαρεῖος
1587 1450 1734 1517 λίαν,

154 1541 247 1593 καὶ
261 1542 675 1615 ἀπετμήθησαν
688 1545 744 1598 ai
762 1543 1000 1616 κεφαλαὶ
1012 1544 1417 1613 τεσσαράκοντα
1433 1542 1607 1598 ὄντων
1625 1544 1735 1598 τῶν

153 1631 519 1687 ἀνελκόντων.

1906 903 2117 969 negent
2139 896 2333 953 deinde
2360 909 2428 951 ex
2473 902 2680 963 septem
2721 892 2828 947 illis
2867 892 2999 947 viris
3034 892 3249 957 Darius,
3277 907 3402 947 cum

1832 994 1952 1064 eius
1981 1006 2153 1063 equus
2180 989 2284 1060 (sic
2315 988 2459 1044 inter
2480 986 2603 1042 illos
2630 983 2981 1054 convenerat)
3022 998 3142 1037 arte
3168 985 3401 1054 quadam

1834 1084 2119 1149 adhibita,
2182 1080 2386 1149 primus
2440 1085 2566 1146 post
2625 1085 2804 1130 ortum
2861 1073 3030 1129 solem
3094 1074 3402 1129 binniisset.

1834 1176 2100 1232 Ceterum
2128 1186 2236 1242 quo
2263 1170 2352 1225 die
2402 1168 2814 1240 Spbeudadates
2857 1181 3049 1237 magus
3086 1165 3406 1222 interfectus

1836 1275 1941 1329 est.
1994 1263 2189 1321 festum
2231 1277 2298 1317 ex
2342 1276 2407 1316 eo
2443 1259 2582 1329 apud
2619 1258 2849 1322 Persas,
2905 1256 3261 1329 Ilagophonia
3313 1256 3405 1310 di-

1840 1369 1986 1414 ctum
2018 1356 2155 1426 (87),
2202 1353 2525 1409 celebratur.
2555 1350 2749 1404 Darius
2798 1348 2887 1404 hic
2937 1348 3248 1415 sepulcrum
3299 1347 3404 1402 sibi

1839 1450 1896 1507 in
1945 1447 2154 1515 hicipiti
2195 1453 2377 1501 monte
2412 1444 2617 1499 exstrui
2655 1442 2959 1512 imperabat
2999 1439 3149 1510 (88),
3194 1448 3251 1494 et
3286 1438 3402 1508 jam

1840 1539 2260 1604 cxstruebatur;
2296 1536 2441 1608 quod
2476 1535 2658 1590 videre
2685 1534 2800 1604 ipse
2830 1548 2953 1588 cum
2990 1532 3347 1595 desideraret,
3369 1544 3404 1586 ι

1836 1630 2104 1690 Chaldzis
2133 1637 2295 1699 atque
2325 1627 2638 1699 parentibus
2665 1625 2967 1695 prohibitus
2991 1634 3097 1678 est.
3118 1623 3195 1677 Eo
3222 1633 3402 1678 tamen

155 1737 417 1793 parentes
453 1726 577 1797 ejus
628 1730 926 1783 ascendere
971 1728 1265 1785 voluerunt
1322 1729 1487 1801 θοι,
1518 1729 1613 1786 sed
1658 1731 1714 1784 in
1750 1741 1994 1798 preceps
2025 1725 2135 1781 acti
2184 1721 2386 1779 mortui
2432 1721 2808 1785 conciderunt.
2857 1735 2981 1775 cum
3045 1720 3114 1773 ad
3182 1734 3404 1787 serpen-

153 1826 268 1873 tum
350 1829 634 1889 aspectum
683 1820 841 1878 funes
898 1822 1074 1879 territi
1127 1824 1485 1891 remisissent,
1538 1826 1629 1894 qui
1670 1841 1764 1880 eos
1840 1838 2054 1880 sursum
2114 1820 2422 1884 trahebant,
2452 1818 2784 1881 sacerdotes,
2840 1830 2959 1885 qua:
3001 1831 3089 1870 res
3133 1816 3402 1887 ingentem

159 1910 326 1964 Dario
384 1926 684 1983 maerorem
740 1911 958 1980 attulit,
990 1919 1049 1969 et
1094 1929 1228 1970 vero
1257 1915 1434 1985 capita
1474 1916 1583 1971 illis
1618 1916 1974 1988 quadraginta
2004 1913 2140 1969 viris
2172 1918 2449 1982 amputata
2491 1918 2640 1975 sunt,
2679 1907 2771 1977 qui
2814 1907 2913 1962 bos
2948 1915 3305 1963 attraxerant.

218 2003 352 2057 Ὅτι
381 2004 674 2058 ἐπιτάσσει
698 2006 924 2076 Δαρεέος
943 2005 1291 2082 ’Δριαράμνῃ
1313 2008 1361 2043 ⁵³
1378 2008 1461 2078 τῷ
1484 2009 1741 2080 σατράπῃ
1770 2026 1815 2086 Β

1737 2026 1815 2086 ιη
1906 2006 2218 2062 Ariammen
2270 2010 2531 2074 praterca
2585 1999 2938 2069 Cappadocia
2984 2008 3259 2068 satrapam
3305 2001 3399 2055 ad-

151 2096 562 2158 Καππαδοκίας
591 2098 686 2150 ἐπὶ
714 2095 930 2162 Σκύθας
971 2097 1229 2171 διαϐῆναι
1271 2099 1369 2154 καὶ
1408 2099 1609 2169 ἀνδρας
1641 2102 1737 2154 καὶ

150 2190 423 2256 γυναῖκας
466 2189 907 2257 αἰχμαλωτίσαι·
952 2187 983 2241 ό
1024 2188 1084 2243 δέ
1133 2189 1329 2254 διαϐάς
1374 2190 1736 2261 πεντηκοντό-

155 2277 337 2349 ροιςλ⁹
364 2280 746 2351 ῂχμαλὼτισε.
802 2279 1080 2334 Συνέλαϐε·
1120 2280 1181 2334 δέ
1223 2282 1319 2336 καὶ
1370 2281 1598 2352 ἀδελφὺν
1640 2281 1738 2337 τοῦ

153 2370 424 2441 βασιλέως
457 2370 552 2424 τοῦ
591 2370 815 2425 Σκυθῶν
853 2372 1223 2444 Μαρσαγέτην
1249 2374 1319 2441 ⁸⁸,
1353 2375 1449 2429 ἐπὶ
1494 2375 1738 2430 κακώσει

152 2463 332 2535 εὑρὼν
359 2462 519 2536 παρά
548 2462 649 2517 τοῦ
668 2464 871 2517 οίκείου
892 2463 1125 2534 ἀδελφοῦ
1153 2464 1456 2537 δεδεμένον.
1483 2466 1613 2539 [H6
1643 2466 1736 2539 IL]

152 2554 487 2624 Σκυθὰρϐης
519 2555 567 2588 ⁸⁸
592 2553 651 2608 δέ
680 2555 711 2607 ό
736 2554 960 2609 Σκυθῶν
986 2554 1240 2625 βασιλεὺς
1266 2555 1545 2627 ὀργισθεὶς
1574 2556 1740 2629 Expa-

151 2651 254 2717 ᾁεν
284 2649 536 2721 ὑϐρίζων
575 2651 823 2723 Δαρεῖον,
856 2649 952 2703 καὶ
980 2647 1298 2721 ἀντεγράφη
1332 2648 1483 2719 αύτῷ
1516 2649 1739 2719 ὁμοίως.

156 2742 494 2812 ᾓρὰτευμα
518 2740 577 2794 δὲ
602 2739 832 2811 ἀγείρας
849 2741 1074 2809 Δαρεῖος
1102 2747 1156 2793 π’
1178 2740 1467 2811 μυριάδας,
1492 2740 1589 2793 καὶ
1613 2738 1740 2803 ζεύ-

157 2832 252 2897 ξας
282 2832 381 2885 τὸν
422 2832 704 2901 Βόσπορον
744 2831 838 2883 καὶ
886 2830 981 2883 τὸν
1005 2830 1240 2901 Ἵστρον,
1284 2829 1436 2900 διέϐη
1481 2830 1574 2882 ἐπὶ
1598 2828 1741 2882 Σκύ-

156 2924 277 2987 θας,
307 2922 434 2977 ὁδὸν
469 2921 671 2984 ἐλάσας
693 2920 918 2992 ἡμερῶν
945 2926 1027 2975 ιε’.
1056 2921 1169 2975 Kal
1192 2921 1546 2990 ἀντέπεμπον
1577 2919 1743 2990 me-

156 3014 268 3074 λσις
288 3014 448 3078 τόξα.
489 3013 981 3084 Ἑπικρατέστερον
1002 3012 1048 3066 δ’
1071 3008 1142 3083 ἦν
1161 3012 1209 3043 ⁸⁸
1238 3010 1304 3064 τὸ
1334 3012 1377 3043 ⁸⁷
1402 3011 1508 3063 τῶν
1542 3010 1629 3083 [57
1648 3009 1739 3083 IL]

158 3104 422 3158 Σκυθῶν⁸
466 3104 548 3157 διδ
585 3105 682 3157 καὶ
710 3102 929 3174 φεύγων
980 3105 1205 3172 Δαρεῖος
1242 3100 1394 3171 διέϐη
1433 3106 1532 3164 τὰς
1575 3118 1745 3170 γεφυ-

162 3194 382 3264 ρώσεις,
418 3193 517 3246 καὶ
542 3193 701 3245 ἔλυσε
746 3191 992 3247 σπεύδων
1030 3194 1162 3264 πρὶν
1187 3194 1222 3263 ἢ
1254 3194 1317 3247 τὺ
1341 3192 1463 3247 ὅλον
1485 3191 1744 3262 διαϐῆναι

162 3284 508 3353 στράτευμα.
540 3284 653 3337 Kal
684 3282 954 3336 ἀπέθανον
987 3282 1094 3336 ύπὺ
1133 3282 1464 3353 Σπινθάρϐεω
1485 3282 1534 3314 ⁸⁸
1560 3283 1613 3336 ol
1644 3300 1745 3336 κα-

1838 2112 2028 2154 versus
2060 2095 2294 2168 Scythas
2325 2091 2621 2164 proﬁcisci,
2667 2100 2721 2145 et
2746 2091 2893 2146 viros
2925 2090 3049 2145 inde
3079 2106 3145 2146 ac
3172 2090 3402 2147 feminas

1835 2194 2078 2263 captivos
2104 2189 2371 2246 abducere
2394 2186 2591 2241 Darius
2618 2186 2866 2255 imperat.
2892 2184 2985 2239 ille
3018 2200 3141 2240 cum
3184 2186 3399 2256 triginta

1834 2285 2062 2341 navibus
2100 2279 2490 2353 quinquaginta
2521 2292 2793 2333 remorum
2815 2277 3112 2347 trajiciens,
3145 2277 3399 2332 mandata

1834 2375 2084 2447 perfecit.
2127 2372 2282 2443 Cepit
2305 2372 2450 2427 inter
2482 2369 2621 2425 alios
2649 2371 2792 2441 regis
2818 2367 3139 2439 Scytharum
3174 2366 3399 2424 fratrem

1836 2466 2166 2538 Iasage‘teu,
2206 2479 2367 2535 quem
2408 2462 2481 2519 ob
2528 2460 2680 2517 illata
2714 2460 2855 2516 mala
2887 2462 2946 2515 in
2966 2459 3178 2515 vincula
3214 2474 3245 2513 a
3273 2474 3399 2529 rege

1837 2557 2005 2614 fratre
2019 2558 2320 2627 conjectum
2350 2554 2571 2626 reperit.
2600 2554 2739 2624 Ergo
2758 2551 3079 2623 Scytbarces
3101 2552 3239 2623 (89),
3260 2550 3397 2622 Scy-

1839 2650 2054 2706 tharum
2085 2664 2200 2716 rex,
2236 2647 2567 2717 indignatus,
2590 2645 2930 2703 contumeliis
2970 2644 3156 2715 plenas
3192 2644 3258 2699 ad
3288 2644 3400 2698 Du-

1839 2744 1976 2799 rium
2024 2741 2232 2797 litteras
2272 2740 2525 2809 scripsit;
2563 2747 2619 2793 et
2678 2736 2842 2793 simili
2879 2740 2947 2791 ad
3010 2738 3183 2806 ipsum
3241 2737 3400 2792 modo

1838 2834 2158 2904 rescriptum
2190 2840 2297 2888 est.
2338 2830 2529 2887 Darius
2554 2829 2767 2885 tandem
2795 2830 3225 2898 octingentorum
3276 2828 3400 2881 mil-

1840 2926 1967 2982 lium
1998 2935 2184 2980 coacto
2235 2923 2515 2987 exercitu,
2568 2930 2626 2977 et
2672 2921 2907 2991 Bosporo
2954 2918 3200 2989 Istroque
3234 2932 3399 2990 ponte

1842 3016 2154 3079 constratis,
2188 3016 2445 3070 adversus
2472 3013 2705 3084 Scythas
2723 3013 3032 3083 quindecim
3064 3013 3271 3067 dierum
3303 3012 3395 3067 iti-

1843 3124 1969 3163 nere
1997 3123 2310 3177 progressus
2356 3116 2456 3162 est.
2490 3105 2555 3160 Hi
2591 3120 2749 3160 arcus
2774 3105 2886 3176 (90)
2933 3105 3037 3159 sibi
3070 3115 3253 3158 mutuo
3306 3104 3401 3158 tui-

1842 3206 2047 3253 serunt.
2081 3198 2188 3253 Sed
2230 3213 2353 3254 cum
2386 3198 2673 3268 Scythicus
2704 3196 2929 3250 validior
2952 3210 3072 3249 esse
3099 3194 3396 3263 deprehen-

1843 3292 2080 3353 deretur,
2110 3288 2319 3359 fugiens
2347 3302 2443 3358 per
2468 3296 2661 3356 pontes
2692 3286 2904 3351 Darius,
2938 3284 3257 3339 festinanter
3284 3297 3397 3347 eos,

161 3374 551 3445 ταλειφθέντες
587 3376 646 3427 ἐν
666 3377 735 3446 τῇ
765 3372 1007 3445 Εὐρώπῃ
1043 3374 1304 3445 μυριάδες
1329 3374 1491 3428 ὀκτώ.
1518 3376 1743 3445 Δαρεῖος
1768 3375 1813 3433 C

1734 3375 1813 3437 :C
1843 3388 2130 3448 antequam
2203 3387 2346 3434 totus
2410 3377 2717 3433 transiisset
2774 3376 3068 3441 exercitus,
3130 3373 3396 3429 dissolvit.

161 3466 219 3519 δέ
258 3467 366 3537 τὴν
404 3465 657 3536 γέφυραν
705 3464 902 3529 διαϐἀς
945 3463 1328 3535 Χαλκηδονίων
1351 3465 1397 3498 ⁸⁸
1426 3464 1604 3528 οἰκίας
1649 3465 1745 3519 καὶ

165 3558 287 3628 ἱερά
314 3557 646 3627 ἐνέπρησεν,
680 3556 804 3609 ἐπεὶ
829 3556 929 3621 τάς
963 3556 1098 3627 πρὸς
1136 3556 1322 3619 αὐτοῖς
1344 3556 1586 3625 γεφύρας
1612 3556 1744 3626 ἐμε-

161 3647 404 3718 λέτησαν
458 3646 640 3711 λῦσαι,
692 3647 787 3700 καὶ
841 3647 925 3700 ὅτι
978 3646 1069 3699 τὸν
1116 3645 1320 3717 βωμὸν,
1367 3645 1427 3699 ὃν
1483 3646 1669 3715 περῶν
1700 3646 1745 3678 ⁸⁸

164 3742 389 3811 Δαρεῖος
450 3740 711 3794 κατέθετο
760 3739 848 3793 ἐπ’
894 3739 1123 3809 ὀνόματι
1182 3739 1537 3810 διαϐατηρίου
1585 3740 1741 3804 Διὸς,

165 3833 463 3901 ἠφάνισαν.
502 3833 664 3895 Δᾶτις
686 3831 742 3885 δέ
773 3829 1012 3886 ἐπανιὼν
1044 3834 1110 3885 ἐκ
1137 3832 1342 3885 Πόντου
1376 3831 1593 3886 καὶτοῦ
1625 3833 1747 3902 Μη-

166 3921 315 3975 δικοῦ
345 3923 392 3954 ⁸⁸
428 3921 620 3976 στόλου
663 3919 968 3993 ⁴ἡγούμενος
1002 3921 1228 3991 ἐπόρθει
1270 3922 1468 3991 νήσους
1514 3919 1612 3974 καὶ
1647 3922 1748 3989 τὴν

177 4012 426 4065 Ἐλλάδα.
478 4011 568 4063 Ἐν
601 4010 899 4081 Μαραθῶνι
951 4009 1011 4064 δέ
1054 4010 1352 4080 Μιλτιάδης
1404 4011 1744 4075 ὑπαντιάζει,

170 4103 260 4154 καὶ
283 4104 418 4172 νικᾷ
447 4102 578 4164 τοὺς
613 4102 942 4173 βαρϐάρους,
974 4101 1071 4155 καὶ
1105 4102 1293 4154 πίπτει
1326 4102 1422 4155 καὶ
1450 4102 1612 4164 αύτδς
1634 4102 1742 4154 Δᾶ-

168 4210 248 4257 τις
267 4211 282 4225 ·
332 4196 430 4247 καὶ
452 4194 576 4247 οὐδὲ
611 4195 673 4247 τὸ
698 4194 860 4264 σῶμα
886 4194 1126 4264 Πέρσαις
1148 4195 1536 4263 αιτησαμένοις
1564 4192 1743 4262 ἐδόθη.

169 4286 399 4355 Δαρεῖος
446 4284 506 4338 δέ
552 4284 863 4339 ἐπανελθὼν
892 4286 973 4347 είς
1025 4285 1240 4351 Πέρσας
1295 4285 1389 4337 καὶ
1440 4284 1608 4346 θύσας
1654 4287 1748 4338 καὶ

171 4377 386 4447 illi-itm
427 4376 666 4446 νοσήσας
688 4377 731 4429 λ’
768 4376 1020 4446 τελευτᾷ,
1065 4374 1237 4446 ζήσας
1290 4376 1388 4446 μὲν
1442 4374 1540 4445 ετη
1573 4375 1648 4445 οβο
1677 4376 1746 4437 σε.

174 4466 501 4536 βασιλεύσας
525 4467 585 4521 δέ
608 4467 700 4539 ἔτη
724 4467 828 4522 λα’.
868 4466 1132 4521 ’Δπέθανε
1168 4466 1226 4520 δέ
1258 4465 1355 4522 καὶ
1387 4467 1744 4537 Ἀρτασύρας.

172 4562 278 4617 Kal
299 4565 331 4617 6
358 4563 700 4633 Βαγαπάτης
736 4562 795 4616 δέ
819 4563 880 4615 τὸ
919 4562 1071 4632 σῆμα
1099 4562 1328 4633 Δαρείου
1358 4560 1747 4633 παρακαθίσας

173 4653 265 4723 ἐτη
295 4654 344 4719 ζ’
365 4654 716 4723 ἐτελεύτησε.

1846 3467 1961 3534 Qua
2008 3482 2067 3523 re
2110 3466 2312 3521 factum
2364 3476 2471 3532 est,
2523 3475 2583 3521 ut
2632 3466 2729 3535 qui
2776 3464 2969 3535 reliqui
3027 3464 3093 3518 ad
3124 3463 3397 3532 octaginta

1846 3560 2013 3617 millia
2051 3559 2105 3614 in
2148 3558 2364 3627 Europa
2411 3557 2585 3612 relicti
2613 3566 2791 3621 erant,
2819 3572 2850 3610 a
2884 3553 3179 3625 Scytharce
3210 3567 3401 3607 omnes

1845 3649 2112 3707 interfecti
2146 3649 2362 3704 fuerint.
2396 3648 2586 3703 Darius
2606 3654 2813 3712 autem,
2854 3656 3021 3717 ponte
3058 3644 3398 3707 transmisso.

1845 3742 2073 3797 flammis
2142 3740 2658 3796 Cbalcedonensium
2718 3741 2907 3794 domos
2982 3746 3145 3807 atque
3207 3734 3400 3804 templa

1844 3831 2181 3887 combussit:
2222 3839 2335 3886 tum
2381 3832 2523 3902 quod
2565 3846 2661 3887 eos
2716 3832 2807 3901 qui
2847 3830 2989 3898 apud
3034 3830 3180 3899 ipsos
3210 3836 3402 3897 pontes

1844 3930 2021 3988 erant,
2078 3921 2383 3976 rescindere
2440 3931 2738 3976 tentasseut
2790 3939 2806 3977 :
2856 3933 2964 3975 tum
3025 3919 3171 3990 quod
3226 3934 3400 3981 aram,

1844 4028 2005 4083 quam
2065 4013 2183 4083 ipse
2222 4013 2630 4078 transmittens,
2670 4012 2725 4067 in
2781 4010 2930 4067 Jovis
2968 4011 3254 4066 Diabaterii
3289 4009 3402 4080 (9i)

1846 4105 2105 4160 honorem
2139 4114 2428 4168 statuerat,
2480 4104 2555 4159 illi
2608 4106 2952 4159 evertissent.
3005 4104 3156 4157 Datis
3185 4116 3403 4158 veroex

1846 4195 2017 4251 Ponto
2048 4204 2346 4259 revertens,
2369 4204 2427 4249 ut
2455 4194 2693 4250 Ponticae
2725 4204 2951 4265 praeerat
2976 4195 3158 4260 classi,
3200 4194 3405 4249 insulas

1848 4288 2045 4356 passim
2083 4285 2457 4355 Graeciamque
2490 4288 2753 4341 vastabat.
2786 4286 2919 4341 Huic:
2958 4288 3099 4357 apud
3124 4285 3397 4341 Maratho—

1847 4394 1968 4433 nem
2008 4378 2122 4450 (92)
2156 4378 2427 4433 Miltiades
2456 4394 2750 4435 occurrens
2781 4380 3049 4437 Barbaros
3091 4380 3241 4445 vicit,
3285 4379 3403 4449 ipso

1846 4470 2007 4523 etiam
2039 4470 2396 4524 occumbentc
2444 4467 2600 4534 Date,
2652 4468 2805 4537 cujus
2830 4468 2912 4522 vel
2946 4469 3179 4522 cadaver
3210 4475 3400 4536 peten-

1849 4559 1991 4612 tibus
2016 4556 2195 4611 Persis
2223 4558 2543 4627 denegatutn
2583 4565 2689 4610 est.
2722 4555 2913 4609 Darius
2942 4569 3159 4623 quoque
3176 4554 3244 4606 ad
3274 4551 3401 4605 Per-

1847 4667 1939 4706 sas
1969 4664 2237 4714 reversus,
2266 4659 2389 4719 post
2416 4649 2595 4703 oblata
2632 4649 2920 4713 sacriﬁcia,
2967 4658 3021 4702 et
3050 4649 3258 4702 dierum
3307 4648 3403 4700 Iri-

174 4749 321 4813 ginta
394 4750 686 4815 morbum,
743 4748 857 4804 vita
925 4747 1142 4805 functus
1207 4758 1327 4816 est,
1390 4764 1513 4803 cum
1577 4762 1750 4803 annos
1782 4748 2008 4803 vixisset
2071 4760 2265 4810 Lxxtt,
2333 4754 2455 4815 post
2515 4759 2741 4815 regnum
2793 4745 2995 4799 aditum
3060 4743 3281 4815 triginta
3348 4752 3404 4796 et

1453 4865 1690 4924 VARIE
1725 4862 2137 4923 LECTIONES.

276 4988 321 5019 ⁸¹
363 4984 586 5055 πρῶτον
615 5004 675 5051 ς.
747 4986 795 5017 ⁸¹
825 4985 977 5055 ὄφεις
1003 5001 1112 5040 om.
1144 4999 1229 5052 pr.
1262 4984 1325 5037 Α.

173 5072 253 5125 pr.
279 5057 345 5111 Α.
410 5057 463 5126 ξ’
492 5056 554 5108 τὸ
598 5071 737 5126 otn._
764 5056 830 5111 Α.
872 5054 877 5055 ⁷
982 5055 1287 5126 Σκυθάρῳν
1308 5072 1367 5119 ς.
1396 5124 1403 5126 ἓ
1442 5055 1488 5126 ’ξ
1519 5071 1696 5123 καρχη

173 5124 435 5182 (παντιωῦ
468 5144 528 5191 ς.
604 5128 649 5157 ⁸⁸
684 5124 760 5194 οβ’
791 5130 838 5181 Δ
868 5142 884 5181 :
911 5124 982 5193 ιβ*
1005 5125 1114 5195 πρὸ
1139 5124 1237 5179 τοῦ
1266 5124 1584 5194 βασιλεῦσαι
1620 5141 1682 5188 ς.

1800 5002 1860 5058 ς.
1936 4984 1984 5017 ⁸⁵
2010 4984 2345 5058 Μασαγέτην
2373 5004 2433 5051 ς.
2475 4987 2520 5019 ⁸³
2553 4987 2873 5058 Σκνυθαρκης
2904 5006 2964 5053 ς.

1402 4984 1772 5106 ⁸³..Ἀριάμὲἐι
1800 5002 1860 5048 ς.
1936 4986 1966 5017 ⁸¹

1519 5071 1696 5123 καρχη
1758 5056 1887 5107 νίων
1927 5072 1966 5123 ς

3040 4990 3087 5020 ⁸⁸
3115 4988 3161 5059 δ’
3190 4984 3278 5059 ἦνῖ
3290 5003 3402 5043 om.

2065 5055 2114 5087 ⁸⁸
2136 5056 2320 5126 περῶν
2373 5058 2418 5109 Δ
2448 5075 2464 5112 :
2511 5055 2765 5129 περσῶν]
2798 5055 2859 5123 ς.
2962 5060 3009 5091 ⁸⁸
3036 5055 3283 5129 Μηδιιίοῦ
3310 5061 3351 5111 Α
3389 5082 3398 5113 :

1712 5235 1939 5294 ΝΟΤᾹΞ.

263 5362 357 5429 87)
395 5357 705 5429 Herodotus
738 5355 831 5429 lib.
860 5370 944 5419 ιιι,
966 5362 1023 5409 et
1047 5354 1327 5429 Agathias,
1352 5354 1444 5429 lib.
1474 5369 1537 5407 ιι.

263 5422 357 5499 88)
397 5430 545 5499 Lege
579 5426 933 5499 Persepoleos
978 5422 1566 5499 arcisdcscriptjoqetn
1589 5422 1741 5499 apud

174 5492 396 5558 Diodo'r.
449 5492 620 5554 Sicul.
678 5492 771 5549 lib.
827 5510 937 5547 xm
992 5493 1247 5558 Biblioth,
1310 5494 1397 5547 ubi
1461 5492 1739 5562 βασιλικὸν

172 5574 297 5644 όρος
330 5571 506 5644 “hunc
564 5568 989 5644 locumnvoeat.
1062 5563 1399 5644 Potentiores
1446 5574 1624 5616 autem
1692 5562 1744 5641 in

174 5632 452 5698 montibus
482 5638 597 5693 fere
632 5635 847 5704 sepeliri
870 5634 1078 5699 solitos,
1125 5634 1289 5688 multa
1316 5642 1561 5687 veterum
1612 5632 1745 5685 scri-

174 5724 384 5782 ptorum
404 5710 727 5782 testimonia
762 5705 976 5782 docent.

243 5782 359 5849 (89)
387 5773 960 5849 Janeyruutnolninat
988 5771 1187 5829 Justin.
1217 5772 1312 5849 lib.
1340 5787 1437 5849 xit.

244 5784 337 5849 (89
387 5784 689 5849 Janeyruut
717 5784 960 5829 nominat
988 5784 1187 5829 Justtn.
1217 5784 1312 5827 Ιιι).
1340 5787 1437 5827 xtl.

244 5784 359 5921 (90}
392 5852 469 5905 De
496 5863 626 5906 arcu
667 5847 736 5902 ab
756 5842 1067 5914 Ethiopum
1098 5858 1221 5914 rege
1241 5843 1319 5899 sic
1348 5845 1415 5898 ad
1440 5842 1737 5913 Cambysen

1776 5356 1828 5414 D
1857 5358 2043 5417 misso.
2075 5358 2191 5428 lege
2217 5356 2417 5412 Herod.
2450 5358 2545 5413 lib.
2586 5374 2669 5423 ιιι,
2707 5357 2979 5428 ροςιίιιὶι.

1924 5429 2034 5496 (9i)
2067 5427 2314 5482 solemne
2332 5429 2795 5498 quippegentibus
2825 5427 2945 5493 fuit,
2967 5428 3227 5498 transitus
3242 5440 3402 5482 causa

1853 5500 1957 5551 diis
2010 5496 2365 5568 sacrificare.’
2397 5497 2486 5552 Sic
2531 5496 2743 5553 Lucull.
2797 5500 2937 5568 apud
2968 5497 3111 5552 Plut.
3143 5497 3403 5566 Euphrati

1854 5581 2063 5622 tanrutn
2101 5566 2246 5621 fecit.

1917 5639 2027 5708 (92)
2061 5636 2394 5692 Marathonia
2421 5653 2595 5708 pugna
2623 5638 2777 5708 nihil
2807 5654 3042 5707 unquam
3073 5637 3402 5696 celebrstmn

1851 5710 2040 5779 magis,
2068 5708 2172 5763 300
2207 5710 2416 5780 ad_eam
2443 5707 2851 5780 describendam
2900 5709 3181 5780 occupatis
3216 5710 3404 5765 (loeto-

1850 5776 1965 5833 rnni
1999 5780 2246 5849 ingeniis,
2282 5776 2574 5833 Plutarcho
2602 5787 2760 5835 teste.
