4210 6442
810 396 907 460 183

1972 395 2237 456 ΡΗΟΤΙι
2285 397 2793 460 ΡΑΤΒΙΑΒΟΗᾸΞ
2830 400 2944 466 CP.

3959 402 4063 466 184

805 532 992 572 unum.
1026 516 1172 573 Obiit
1205 517 1335 571 item
1366 524 1670 572 extremum
1712 515 1831 570 vitae
1856 515 1998 569 diem
2043 515 2377 586 Artasyras;
2422 516 2655 587 Bagates
2682 519 2848 571 etiam
2912 531 3036 571 cum
3106 525 3309 587 septem
3344 518 3411 571 ad
3455 515 3601 571 Darii
3634 517 3942 587 sepulcrum
3979 532 4067 570 re-

808 610 1037 665 sedisset
1060 624 1250 664 annos.

875 698 1120 770 Regnum
1145 702 1347 771 excipit
1366 702 1573 755 Xerxes
1600 701 1761 769 illius,
1785 702 1925 771 apud
1947 718 2107 773 quem
2128 718 2381 772 magnam

2574 701 2861 755 Βασιλεύει
2904 701 3111 773 Ξέρξης
3168 703 3199 755 6
3243 702 3359 765 υίὸς
3395 702 3464 764 ⁸⁸,
3515 701 3611 755 καὶ
3649 700 3987 772 ’Δρτάπανος
4036 700 4069 752 6

808 793 1019 848 obtinet
1066 794 1443 848 auctoritatem
1478 797 1809 863 Artnpnnus,
1872 796 2149 867 Artasyrze
2219 796 2381 859 filius,

811 899 963 953 atque
1005 893 1063 937 ut
1102 885 1265 951 hujus
1296 897 1449 955 pater
1484 888 1621 953 apud
1652 886 1796 953 regis
1826 896 2034 955 patrem
2079 870 2209 942 olim
2240 889 2383 943 obti-

813 985 1035 1032 nuerat:
1068 976 1303 1045 itemque
1341 978 1649 1034 Mardonius
1702 978 1792 1033 ille
1824 981 2049 1047 priscus.
2095 979 2172 1034 De
2215 996 2389 1035 eunu-

813 1068 931 1121 chis
977 1076 1157 1122 autem
1202 1069 1444 1136 potentia
1493 1072 1782 1137 praestabat
1837 1070 2094 1127 Natucas.
2148 1070 2383 1126 Uxorem

812 1160 1007 1213 deinde
1032 1160 1180 1215 ducit
1207 1159 1321 1230 (93)
1351 1159 1557 1215 Xerxes
1585 1162 1870 1227 Amistriu,
1909 1160 2155 1232 Onophaa
2177 1164 2342 1217 tiliam
2369 1181 2384 1217 :

812 1265 877 1304 ex
920 1266 1027 1320 qua
1066 1251 1140 1305 illi
1176 1251 1318 1306 ﬂlins
1376 1253 1618 1307 nascitur
1669 1254 1935 1318 Dariacus,
1976 1264 2029 1309 ct
2082 1266 2203 1325 post
2252 1256 2389 1311 duos

814 1357 988 1399 annos
1034 1344 1193 1411 alter,
1247 1343 1543 1415 Hystaspes
1599 1347 1857 1414 nomine;
1900 1349 2136 1419 itemque
2175 1354 2385 1413 tertius,

815 1435 1147 1490 Artaxerxes
1204 1455 1216 1490 :
1271 1439 1390 1490 dna:
1438 1452 1653 1505 quoque
1710 1440 1861 1505 ﬁliae,
1917 1456 2147 1511 quarum
2217 1444 2387 1497 altera

816 1528 883 1580 de
936 1528 1070 1581 avim
1128 1529 1343 1582 nomine
1401 1529 1610 1599 Amytis
1660 1530 1841 1595 dicta;
1921 1532 2095 1587 altera
2172 1534 2388 1590 Rhodo-

817 1632 960 1687 gune
990 1619 1124 1690 (94).

889 1707 1098 1765 Xerxes
1130 1713 1389 1769 adversus
1420 1714 1639 1770 Graecos
1678 1714 2077 1784 expeditionem
2122 1720 2389 1787 suscepit,

822 1810 935 1855 tum
962 1808 1105 1872 quod
1138 1805 1295 1875 39a
1318 1806 1787 1861 Chalcedonenses
1821 1808 2118 1865 dissolvere
2147 1823 2388 1879 pontem,

818 1904 875 1946 ut
911 1897 1072 1949 modo
1097 1897 1297 1951 dictum
1324 1908 1428 1965 cst,
1455 1900 1634 1954 conati
1663 1912 1879 1956 essent:
1907 1910 2017 1955 tmn
2036 1903 2182 1972 quod
2214 1918 2387 1968 aram,

816 2002 977 2056 quam
1029 1988 1223 2044 Darius
1257 1992 1546 2057 excitarat,
1589 1992 2025 2059 disturbassent;
2082 2004 2194 2048 tum
2224 1996 2389 2050 etiam

2501 795 2810 865 ’Δρτασύρα
2860 798 2991 857 παῖς
3022 794 3235 861 γίνεται
3283 794 3508 855 δυνατὸς
3552 793 3683 863 παρ’
3718 792 3869 862 αὐτῷ
3916 793 3996 856 ὡς
4036 792 4071 845 6

2489 885 2672 954 πατὴρ
2729 884 2881 952 παρὰ
2911 885 2990 953 τῷ
3038 886 3229 954 πατρὶ,
3261 885 3357 938 καὶ
3400 884 3701 955 Μαρδόνιος
3727 885 3759 936 6
3794 884 4025 945 παλαιός
4048 899 4065 914 ’

2487 980 2757 1048 εὐνούχων
2782 978 2829 1009 ⁸⁸
2870 977 2927 1031 δὲ
2961 977 3224 1047 μέγιστον
3249 977 3482 1047 ἠδύνατο
3506 977 3769 1040 Νατάκας
3799 977 3866 1030 ⁸³.
3890 976 4070 1043 Γαμεῖ

2485 1071 2544 1125 δὲ
2575 1070 2781 1141 Ξέρξης
2818 1070 3015 1140 Ὀνόφα
3040 1071 3087 1104 ⁸⁸
3115 1070 3392 1139 θυγατέρα
3430 1070 3729 1141 ’Δμῆστριν
3756 1070 3823 1134 ⁸⁷,
3858 1071 3953 1122 καὶ
3980 1070 4069 1136 γε·

2491 1180 2641 1217 νεται
2664 1162 2817 1230 αὐτῷ
2847 1165 2976 1225 παῖς
3023 1163 3310 1231 Δαρειαίος
3337 1161 3405 1225 ⁸⁸,
3436 1162 3533 1215 καὶ
3575 1162 3764 1232 ἓτερος
3808 1160 3951 1229 μετά
3972 1160 4071 1214 δύο

2490 1255 2586 1327 ἔτη
2630 1256 2967 1327 Ὑστάσπης,
2994 1258 3088 1309 καὶ
3131 1252 3587 1325 ετιἎρτοξίρξης
3608 1254 3677 1320 ⁸⁸,
3705 1256 3800 1309 καὶ
3832 1254 4068 1321 θυγατέο

2491 1366 2587 1418 ρες
2614 1348 2729 1412 δύο,
2758 1341 2835 1402 ὧν
2862 1350 2896 1417 ἡ
2930 1348 3031 1417 μὲν
3071 1348 3291 1416 ’Δμύτις
3328 1347 3473 1401 κατά
3510 1347 3613 1419 τὴν
3643 1349 3937 1419 ὀνομασίαν
3966 1350 4070 1419 τῆς

2493 1443 2753 1512 μάμμης.
2782 1442 2815 1513 ἡ
2840 1440 2898 1494 δι
2932 1439 3275 1510 Ῥοδογούνηο

2573 1711 2712 1766 Ὀδὲ
2751 1710 2817 1781 δὴ
2864 1709 3073 1780 Ξέρξης
3129 1706 3415 1777 στρατεύει
3465 1707 3561 1761 επὶ
3612 1706 3740 1770 τοὺς
3770 1706 4067 1779 Ἕλληνας,

2490 1804 2571 1857 ὅτι
2616 1820 2675 1856 τε
2734 1802 3089 1873 Καλχηδόνιοι
3117 1798 3164 1831 ⁷⁸
3192 1799 3350 1853 λῦσαι
3388 1798 3488 1869 τὴν
3528 1798 3797 1869 γέφυραν,
3843 1799 3920 1861 ὡς
3962 1799 4068 1870 ἢδη

2490 1895 2728 1966 εἴρηται,
2759 1894 3151 1965 ἐπειράθησαν,
3178 1891 3275 1946 καὶ
3320 1892 3404 1945 δτι
3426 1890 3518 1945 τὸν
3558 1890 3740 1961 βωμὸν
3778 1890 3837 1944 δν
3868 1890 4069 1961 ἔστησε

2493 1990 2717 2060 Δαρεῖος
2752 1985 3021 2051 καθεῖλον,
3070 1985 3165 2038 καὶ
3207 1984 3291 2037 ὅτι
3333 1982 3494 2036 Δᾶτιν
3538 1982 3809 2052 Ἀθηναῖοι
3856 1982 4073 2036 ἀνεῖλον

815 2081 960 2149 quod
1025 2081 1182 2136 Datin
1226 2084 1586 2140 Athenienses
1627 2086 1975 2153 occidissent,
2028 2086 2253 2156 ejusque
2297 2104 2386 2145 ca-

2493 2082 2584 2133 καὶ
2608 2080 2729 2133 οὐδὲ
2766 2080 2859 2133 τὸν
2888 2079 3078 2150 νεκρὸν
3108 2076 3318 2130 ἔδοσαν.
3364 2075 3635 2145 Πρότερον
3665 2074 3723 2128 δὲ
3774 2076 3855 2138 είς
3884 2076 4071 2128 Βαϐυ-

818 2174 985 2226 daver
1008 2176 1221 2231 tradere
1245 2185 1611 2233 recusassent.
1648 2176 1845 2231 Verum
1874 2189 2029 2231 antea
2057 2177 2389 2250 Babylonem

816 2264 1115 2330 proficisci,
1173 2277 1227 2321 et
1284 2266 1546 2323 Belitana:
1599 2267 1714 2339 (95)
1762 2268 2070 2337 sepulcrum
2124 2272 2394 2340 inspicere

816 2354 1023 2421 voluit;
1064 2366 1114 2411 et
1145 2357 1402 2427 inspexit,
1432 2357 1706 2415 Mardonio
1726 2360 2038 2429 adiuvante,
2074 2365 2165 2418 sed
2199 2380 2390 2419 urnam

815 2447 919 2501 olei
956 2463 1062 2502 non
1114 2450 1289 2518 potuit
1342 2450 1818 2519 (quemadmodum
1872 2454 2135 2522 scriptum
2192 2455 2390 2527 fuerat)

818 2540 1064 2609 implere.
1114 2540 1242 2598 lude
1295 2543 1568 2598 Ecbatana
1630 2543 1873 2615 profecto
1925 2545 2117 2601 Xerxa:
2172 2548 2393 2603 nuntius

818 2632 1044 2687 alfertnr
1072 2634 1137 2689 de
1161 2634 1581 2706 Babyloniorum
1605 2638 1931 2704 defectione,
1958 2639 2133 2706 deque
2158 2639 2391 2711 Zopyro,

818 2724 943 2779 belli
973 2732 1114 2794 apud
1148 2727 1267 2783 illos
1292 2729 1447 2793 duce,
1481 2729 1548 2783 ab
1577 2730 1780 2784 eisdem
1812 2741 2023 2785 necato.
2047 2732 2224 2802 Atque
2250 2734 2393 2787 hunc

817 2817 1035 2885 quidem
1077 2818 1129 2873 in
1168 2821 1388 2875 modum
1439 2824 1503 2877 de
1548 2822 1633 2878 bis
1678 2824 1914 2893 loquitur
1965 2824 2196 2887 Ctesias.
2233 2826 2395 2879 aliter

817 2920 985 2980 atque
1026 2910 1353 2968 Herodotus.
1396 2915 1526 2980 Quae
1558 2930 1687 2970 vero
1727 2917 1793 2971 de
1838 2916 2049 2987 Zopyro
2088 2918 2179 2972 ille
2228 2917 2394 2973 refert

819 3001 945 3068 (hoc
998 3018 1104 3057 uno
1162 3013 1389 3073 excepto
1436 3006 1576 3073 quod
1646 3006 1786 3060 mula
1845 3009 2012 3077 ipsius
2077 3007 2390 3077 pepererit),

818 3104 1013 3148 caetera
1083 3096 1271 3150 saltem
1323 3109 1505 3153 noster
1538 3099 1624 3154 hic
1682 3110 1872 3154 auctor
1920 3101 2165 3155 confecta
2211 3112 2395 3155 narrat

821 3199 915 3250 per
969 3184 1316 3256 Megabyzum
1371 3189 1461 3254 qui
1526 3187 1722 3243 Xerxaa
1781 3205 1967 3259 gener,
2048 3194 2208 3245 ducta
2280 3191 2394 3259 ejus

824 3273 929 3327 lilia
984 3276 1200 3347 Amyli,
1254 3275 1363 3345 jam
1401 3278 1574 3332 factus
1641 3288 1778 3333 erat.
1846 3278 1921 3332 lta
1990 3280 2227 3351 Babylon
2299 3296 2394 3350 per

2492 2176 2636 2228 λῶνα
2666 2174 2912 2245 ἀφίκετο,
2942 2172 3037 2226 καὶ
3065 2171 3193 2225 ῑδεῖν
3218 2168 3533 2241 ἐπεθύμησε
3556 2169 3649 2223 τὸν
3677 2168 3943 2222 Βελιτανᾶ
3967 2169 4071 2221 τά-

2492 2288 2613 2338 φον,
2640 2269 2736 2321 καὶ
2761 2262 2864 2320 εῐδε
2888 2266 2975 2320 διά
2998 2263 3321 2335 Μαρδονίου,
3344 2262 3439 2317 καὶ
3468 2262 3566 2332 τὴν
3590 2260 3785 2314 πύελον
3818 2258 3999 2313 ελαίου
4019 2261 4067 2293 ⁷¹

2491 2365 2590 2418 ούκ
2621 2365 2861 2431 ίσχυσεν,
2894 2358 3085 2428 ὥσπερ
3107 2358 3203 2411 καὶ
3230 2356 3562 2426 ἐγέγραπτο,
3608 2354 3915 2425 πληρῶσαι.
3952 2354 4074 2418 Ἐξ-

2492 2454 2706 2507 ελαύνει
2737 2450 2942 2521 Ξέρξης
2974 2451 3055 2512 είς
3091 2448 3417 2514 Ἐκϐάτανα,
3447 2448 3541 2500 καὶ
3571 2447 3893 2514 ἀγγέλλεται
3915 2446 4072 2514 αὐτῷ

2493 2546 2793 2607 ἀπόστασις
2829 2540 3184 2595 Βαϐυλωνίων
3210 2540 3306 2593 καὶ
3335 2538 3599 2609 Ζωπύρου
3630 2538 3725 2592 τοῦ
3756 2537 4071 2607 στρατηγοῦ

2491 2638 2669 2691 αὐτῶν
2703 2636 2809 2689 ὑπὸ
2843 2636 2994 2704 σφῶν
3044 2634 3341 2703 ἀναίρεσις.
3374 2630 3532 2684 Οὕτω
3560 2631 3655 2685 καὶ
3705 2631 3833 2700 περὶ
3858 2629 4074 2681 τούτων

2493 2729 2626 2800 φησι
2684 2727 2947 2795 Κτησίας.
2985 2726 3081 2779 καὶ
3108 2724 3208 2795 ούχ
3265 2723 3340 2786 ὠς
3380 2722 3661 2793 Ἡρόδοτος
3686 2737 3701 2752 ο
3750 2720 3788 2774 ἀ
3830 2720 3889 2773 δὲ
3937 2721 4073 2789 περὶ

2493 2821 2752 2891 Ζωπύρου
2782 2820 2988 2880 ἐκεῖνος
3026 2818 3193 2884 λέγει,
3236 2815 3375 2885 πλὴν
3403 2815 3484 2867 ὅτι
3523 2815 3743 2883 ἡμίονος
3773 2810 3922 2881 αὐτῷ
3944 2811 4071 2863 ιτε-

2494 2931 2609 2976 κεν,
2639 2915 2760 2965 ἐπεὶ
2789 2912 2859 2963 τά
2878 2928 2942 2979 γε
2972 2909 3107 2965 ἀλλα
3126 2906 3448 2976 Μεγάϐυζον
3477 2901 3632 2969 οὗτος
3661 2906 3807 2973 λέγει
3832 2904 4073 2975 διαπρά-

2496 3006 2711 3070 ξασθαι,
2745 3004 2803 3067 ὃς
2849 2999 2917 3073 ἦν
2946 3001 3196 3071 γαμϐρὸς
3233 3001 3325 3052 ἐπὶ
3362 3002 3429 3068 τῇ
3471 2998 3705 3067 θυγατρὶ
3750 2996 3944 3065 Ἀμύτι
3972 2996 4071 3049 τοῦ

2493 3096 2716 3166 Ξέρξου.
2753 3094 2908 3149 Οὕτω
2926 3094 3025 3164 μὲν
3053 3094 3169 3162 ἥλω
3198 3092 3285 3144 διὰ
3309 3092 3402 3145 τοῦ
3429 3090 3753 3157 Μεγαϐύζου
3786 3088 4068 3141 Βαϐυλών.

2494 3192 2685 3243 Δίδωσι
2713 3189 2767 3241 δὲ
2799 3189 2843 3219 ⁷¹
2875 3187 3024 3257 αὐτῷ
3054 3185 3263 3257 Ξέρξης
3295 3184 3429 3238 ἀλλα
3457 3201 3516 3236 τε
3548 3182 3722 3237 πολλά
3764 3182 3860 3235 καὶ
3892 3182 4072 3251 μύλην

2494 3284 2702 3353 χρυσῆν
2738 3281 2796 3346 ἓξ
2817 3280 3082 3332 ἕλκουσαν
3108 3278 3345 3332 τάλαντα
3370 3293 3384 3308 °
3417 3276 3446 3329 6
3468 3274 3795 3345 τιμιώτατον
3826 3275 3935 3327 τῶν
3970 3274 4071 3343 βα-

823 3367 1169 3438 Ilegabyzum
1202 3382 1379 3437 capta,
1421 3369 1509 3423 cui
1566 3368 1796 3433 Xerxes,
1829 3382 2025 3439 praeter
2065 3372 2170 3425 alia
2206 3373 2390 3438 multa,

2497 3375 2715 3427 σιλικῶν
2760 3373 2947 3442 δώρων
2978 3372 3131 3441 παρὰ
3174 3371 3409 3438 Πέρσαις
3442 3369 3579 3424 ἔστί.
3624 3368 3826 3439 Ξέρξης
3854 3368 3911 3420 δὲ
3946 3384 4076 3420 συν-

822 3458 1018 3513 molam
1088 3461 1310 3513 donavit
1398 3476 1616 3515 auream
1695 3477 1791 3516 sex
1875 3463 2196 3517 talentorum
2262 3480 2393 3533 pon-

822 3553 927 3604 do:
972 3553 1116 3621 quod
1140 3541 1335 3607 munus
1362 3553 1501 3623 apud
1525 3552 1722 3607 Persas
1754 3552 1998 3607 omnium
2034 3554 2262 3607 habetur
2306 3570 2392 3609 re-

823 3645 1033 3714 giorum
1070 3660 1353 3699 munerum
1404 3646 1931 3712 praestantissimum.
1976 3644 2182 3700 Xerxes
2215 3648 2397 3716 itaque

823 3736 1044 3792 Persico
1110 3736 1352 3791 exercitu
1421 3746 1612 3792 coacto
1678 3735 1996 3807 (constabat
2049 3737 2137 3803 is,
2197 3749 2396 3805 praeter

820 3846 1039 3895 currus,
1082 3832 1322 3885 millibus
1373 3829 1649 3884 hominum
1725 3832 2071 3901 octingentis,
2120 3841 2173 3885 et
2232 3833 2393 3886 trire-

822 3922 999 3976 mibus
1027 3922 1216 3990 mille),
1250 3936 1371 3975 cum
1394 3923 1638 3991 Abydum
1670 3933 1830 3990 ponte
1854 3921 2145 3989 junxisset,
2174 3924 2225 3977 in
2247 3924 2395 3978 Grae-

821 4014 960 4067 ciam
994 4014 1180 4083 copias
1199 4013 1374 4067 duxit.
1411 4011 1487 4066 lbi
1526 4013 1757 4082 primum
1792 4012 2113 4067 Demaratus
2136 4013 2391 4069 Laceda-

826 4106 1038 4160 monius
1089 4105 1157 4159 ad
1201 4119 1325 4158 eum
1358 4104 1611 4167 accessit,
1644 4114 1806 4173 atque
1844 4120 1947 4157 una
1987 4105 2216 4173 trajecit,
2246 4116 2299 4159 et
2328 4122 2393 4159 ne

822 4196 1211 4251 Lacedaemona
1272 4211 1363 4251 rex
1417 4196 1717 4257 invaderet.
1774 4196 2072 4265 impedivit.
2116 4197 2243 4251 lude
2298 4211 2393 4265 per

821 4292 1184 4356 Artapanum,
1212 4287 1395 4341 decem
1432 4286 1705 4339 hominum
1732 4286 1901 4338 millia
1929 4287 2235 4347 ducentem,
2264 4302 2392 4340 con-

823 4377 958 4431 nixit
988 4376 1195 4431 Xerxes
1225 4378 1289 4429 ad
1337 4375 1727 4446 Thermopylas
1755 4392 1875 4430 cum
1926 4376 2161 4431 Leonida
2220 4376 2392 4432 Lace-

823 4470 1208 4525 dazmoniorum
1236 4469 1404 4535 duce;
1442 4483 1549 4539 quo
1574 4469 1627 4521 in
1652 4468 1836 4536 praelia
1859 4483 2012 4523 casa:
2048 4470 2247 4524 misere
2266 4481 2395 4524 sunt

823 4564 1111 4616 Persarum
1148 4561 1336 4629 copiae,
1377 4575 1408 4615 e
1450 4559 1875 4615 Lacedaemoniis
1915 4561 2001 4614 vix
2052 4560 2264 4616 duobus
2297 4572 2392 4616 aut

824 4654 995 4707 tribus
1039 4653 1378 4707 desideratis.
1422 4650 1625 4721 Viginti
1660 4665 1847 4721 postea
1905 4652 2067 4705 tuillia
2118 4654 2168 4705 in
2222 4654 2389 4707 aciem

2495 3466 2722 3535 αγείρας
2748 3464 3008 3535 στρατιὰν
3041 3463 3087 3495 ⁷³
3115 3461 3419 3533 Περσικὴν,
3470 3462 3597 3513 ἄνευ
3639 3460 3749 3513 τῶν
3803 3460 4073 3528 ἁρμάτων

2494 3558 2826 3627 ὀγδοήκοντα
2863 3556 3153 3627 μυριάδας,
3190 3555 3287 3607 καὶ
3326 3554 3571 3624 τριήρεις
3604 3553 3802 3621 χιλίας,
3832 3553 4073 3623 ἧλαυνεν

2496 3649 2589 3702 ἐπὶ
2632 3648 2729 3717 τὴν
2769 3647 3013 3708 Ἐλλάδα.
3051 3646 3279 3714 ζευγνὺς
3319 3645 3419 3713 τὴν
3453 3646 3699 3700 Ἄϐυδον.
3742 3646 4071 3715 Δημάρατος

2493 3741 2550 3793 δὲ
2578 3742 2622 3772 ⁷⁸
2654 3742 2683 3793 6
2712 3738 3140 3809 Λακεδαιμόνιος
3189 3736 3520 3806 παρεγένετο
3553 3737 3652 3807 ἢδη
3698 3736 3937 3806 πρῶτον,
3974 3738 4071 3789 καὶ

2496 3834 2660 3902 συνῆν
2701 3831 2848 3902 αύτῷ
2896 3833 2955 3884 ιν
2997 3832 3063 3901 τῇ
3107 3828 3375 3893 διαϐάσει,
3410 3826 3535 3899 [H7
3574 3827 3667 3898 11.]
3705 3830 3800 3881 καὶ
3831 3829 4071 3899 ἀπεῖργε

2492 3924 2591 3993 τῆς
2620 3923 2697 3983 είς
2739 3922 3117 3992 Λακεδαίμονα
3160 3919 3370 3987 ἐφόδου.
3400 3917 3606 3988 Ξέρξης
3644 3918 3703 3971 δὲ
3734 3918 4067 3987 προσϐάλλει

2493 4016 2551 4066 ὲν
2594 4013 2977 4085 Θερμοπύλαις
3019 4011 3258 4080 Λεωνίδᾳ
3294 4011 3372 4082 τῷ
3412 4011 3702 4081 στρατηγῷ
3745 4010 3854 4063 τῶν
3887 4011 4070 4064 Λακεο

2492 4106 2782 4176 δαιμονίων
2838 4106 2905 4159 δι’
2943 4105 3308 4174 Ἀρταπὰνου.
3366 4106 3578 4174 ἔχοντος
3637 4105 3900 4173 μυρίους’
3971 4108 4069 4157 καὶ

2493 4198 2769 4267 κατεκόπη
2800 4197 2859 4249 τὸ
2888 4196 3155 4267 Περσικὸν
3204 4196 3431 4262 πλῆθος,
3470 4197 3579 4248 τῶν
3626 4196 4068 4266 Δακεδαιμονίων

2490 4290 2583 4343 δύο
2609 4290 2641 4359 ἢ
2676 4290 2844 4359 τριῶν
2877 4289 3292 4359 ἀναιρεθέντων.
3322 4286 3452 4342 Εἶτα
3492 4289 3818 4357 προσϐαλεῖν
3848 4291 4067 4342 κελεύει

2496 4381 2632 4450 μετά
2666 4381 2988 4449 δισμυρίων,
3032 4381 3127 4432 καὶ
3154 4374 3292 4449 ἧττα
3337 4380 3544 4448 γίνεται
3598 4381 3887 4434 κάκείνων.
3931 4379 4067 4434 Εἶτα

2496 4471 2885 4541 μαστιγοῦνται
2910 4471 3000 4522 ἐπὶ
3031 4468 3108 4539 τῷ
3136 4470 3180 4501 ⁷⁸
3207 4470 3485 4536 πολεμεῖν,
3518 4471 3610 4523 καὶ
3638 4471 4067 4539 μαστιγούμενοι

2492 4564 2572 4615 ἔτι
2610 4560 2699 4633 [58
2737 4560 2826 4631 ΙΙ.]
2879 4561 3137 4629 ἡττῶντο.
3178 4562 3257 4630 Τῇ
3298 4561 3353 4615 δὲ
3405 4562 3663 4631 ὑστεραίᾳ
3710 4562 3918 4615 κελεύει
3956 4566 4064 4632 μά-

2493 4654 2680 4722 χεσθαι
2710 4652 2845 4721 μετὰ
2875 4652 3353 4722 πεντακισμυρίων
3374 4668 3388 4682 ο
3419 4652 3513 4704 καὶ
3551 4654 3672 4705 ἐπεὶ
3695 4653 3849 4706 οὐδὲν
3876 4654 4063 4725 ἤνυεν,

818 4745 975 4798 educi
1009 4744 1180 4811 jubet,
1236 4744 1416 4812 quiet
1472 4743 1570 4811 ipsi
1624 4752 1970 4809 superantur.
2018 4742 2151 4796 Cum
2206 4752 2384 4796 autem

2491 4746 2645 4797 ἔλυσε
2676 4745 2795 4796 τότε
2842 4744 2934 4796 τὸν
2982 4744 3234 4813 πόλεμον.
3268 4741 3461 4811 Θώραξ
3498 4745 3555 4796 δὲ
3596 4746 3626 4797 6
3666 4743 3940 4806 Θεσσαλὸς
3970 4749 4066 4797 καὶ

829 4835 1138 4890 verberibus
1205 4836 1256 4889 in
1310 4850 1543 4903 pugnam
1590 4834 1787 4897 adacti,
1845 4834 1972 4888 victi
2037 4834 2389 4889 nihilominus

820 4929 983 4981 etiam
1034 4938 1160 4982 tunc
1193 4926 1444 4987 fuissent,
1481 4926 1867 4996 quinquaginta
1928 4926 2183 4993 postridie
2218 4926 2385 4979 millia

822 5019 977 5073 educi
1004 5020 1279 5089 praecepit.
1314 5018 1384 5071 At
1409 5033 1531 5071 cum
1570 5032 1638 5071 ne
1687 5019 1737 5070 hi
1777 5016 1989 5085 quidem
2030 5018 2231 5085 aliquid
2261 5017 2391 5073 επο-

821 5111 1045 5173 cissent,
1092 5124 1331 5180 pugnare
1384 5108 1523 5162 ultra
1551 5109 1777 5164 destitit.
1821 5107 2113 5163 Thessalus
2159 5120 2213 5164 et
2251 5108 2387 5165 Tra-

2493 4837 2797 4908 Τραχινίων
2832 4838 2881 4889 οἱ
2932 4836 3169 4898 δυνατοὶ,
3202 4836 3507 4906 Καλλιάδης
3556 4840 3650 4889 καὶ
3697 4838 3739 4887 Τ
3748 4838 4061 4908 ιμαφέρνης

2496 4930 2746 4999 παρῆσαν
2778 4928 3035 4996 στρατιὰν
3065 4926 3297 4996 ἔχοντες.
3331 4927 3580 4991 Καλέσας
3608 4929 3663 4980 δὲ
3691 4926 3898 4999 Ξέρξης
3937 4930 4064 4981 τού-

2494 5036 2617 5082 τους
2644 5035 2704 5071 τε
2734 5018 2941 5071 καὶτὸν
2966 5018 3290 5087 Δημάρατον
3319 5019 3411 5071 καὶ
3431 5019 3520 5070 τὸν
3558 5018 3749 5085 Ἡγίαν
3770 5018 3861 5071 τὸν
3904 5020 4064 5086 Ἐᾳέο

2496 5127 2630 5174 σιον,
2658 5109 2860 5178 ἔμαθεν
2884 5109 2958 5171 ὡς
2988 5110 3087 5161 οὐκ
3126 5107 3193 5160 ἂν
3217 5111 3500 5179 ήττηθεῖεν
3537 5108 3978 5178 Λακεδαιμόνιοι,
4013 5116 4062 5163 εἰ

2100 5245 2332 5300 γΑιιιΑε
2377 5246 2781 5307 LECTIONES.

896 5346 940 5375 "'
970 5344 1083 5405 υἱδς
1109 5342 1273 5395 αὑτοῦ
1309 5343 1404 5394 καὶ
1438 5359 1499 5405 ς.
1575 5342 1621 5372 ⁸⁸
1653 5340 1999 5410 ἡμιαῤῥένων
2027 5356 2085 5402 ς.

2163 5340 2207 5371 ⁸⁸
2239 5343 2499 5403 Ναθάκας
2535 5361 2591 5404 ς.
2667 5343 2713 5373 ⁸⁸
2740 5342 2909 5408 ὀνοφᾶ
2948 5342 3012 5395 A.
3089 5342 3133 5372 ⁸⁷
3170 5339 3460 5410 ’Δμιστριν
3505 5358 3565 5403 ς.

3642 5340 3685 5371 ⁸⁸
3713 5340 3957 5409 δαριαῖος
3989 5344 4054 5393 A-

825 5418 888 5535 “d
912 5413 1270 5535 ιΑΞταξξρεηέ
1304 5430 1366 5475 ς.
1440 5413 1487 5445 ⁷⁸
1516 5410 1858 5481 καρχηδόνιοι
1893 5426 1953 5473 ς.
2028 5411 2069 5439 ⁷⁸
2104 5410 2287 5475 ἐλαίας
2317 5416 2383 5468 A.
2432 5415 2477 5444 ⁷⁸
2510 5413 2567 5466 δὲ
2606 5428 2716 5466 out.
2772 5413 2837 5464 A.
2913 5412 2961 5444 ⁷³
2990 5410 3249 5481 στρατιὰν
3285 5427 3390 5477 mg.
3420 5429 3435 5465 :
3470 5412 3757 5480 στρατείαν
3781 5427 3844 5475 ς.
3923 5411 3968 5441 ⁷⁸
4000 5412 4057 5463 δὲ

825 5505 852 5537 a
895 5504 946 5537 ι.
1024 5521 1039 5536 .
1197 5501 1226 5535 τ
1294 5502 1354 5548 ς.

822 5485 946 5537 add.
974 5484 1039 5536 A.
1116 5485 1133 5513 ⁷

2354 5595 2584 5652 ΝΟΤᾸΕ.

898 5688 1010 5756 (93)
1044 5688 1277 5743 Xerxem
1310 5697 1363 5741 et
1394 5687 1650 5741 Amistriu
1712 5684 1952 5753 Scaliger
1988 5688 2285 5742 Assuerum
2333 5698 2388 5741 ct

827 5760 1112 5881 :lstherem
1160 5760 1567 5827 interpretatur,
1605 5758 1749 5826 quod
1803 5756 1919 5811 Nic.
1966 5758 2217 5812 Serarius
2256 5774 2389 5813 cou-

852 5838 986 5883 utat.

2571 5687 2682 5754 (94)
2735 5686 3094 5756 Rhodogunes
3140 5688 3421 5755 cujusdam
3479 5688 3711 5743 Persicae
3761 5687 4056 5757 imaginem

2499 5758 2664 5811 habes
2698 5758 2836 5823 apud
2865 5757 3272 5819 Philostratum,
3308 5758 3401 5811 lib.
3429 5774 3488 5821 tr,
3511 5761 3650 5810 icon.
3681 5758 3732 5811 5.

2567 5825 2678 5896 (95)
2705 5825 2986 5896 Legendus
3013 5825 3217 5883 Elian.
3248 5829 3339 5883 lib.
3379 5844 3476 5883 xm
3507 5828 3810 5895 Ποικίλης,
3842 5842 3963 5897 cap.
3997 5827 4051 5884 3.
