4210 6442
222 386 322 454 185

1356 398 1957 463 ΒῐΒΕΙΟΊἮΕΟΑπ-
1979 400 2142 464 COD.
2180 400 2420 465 ῙιΠῙῙ.

3357 403 3476 472 Ῑὸῦοε

220 506 296 576 μὴ
322 502 759 573 κυπλωθείησαν.
778 504 1124 575 ἰἷγουμένων
1152 506 1209 561 δι
1236 507 1344 561 τῶν
1370 508 1466 562 δύο
1489 511 1791 582 Τραχινίων
1828 519 1871 575 Α

1828 519 1871 575 Α
1901 514 2271 571 cbenieusinnt
2290 517 2558 587 principes
2573 515 2845 574 Calliades
2865 524 3029 585 atque
3049 514 3467 588 Timsphernes,

218 595 309 650 διὰ
345 597 619 652 δυσϐάτου
644 597 872 666 στρατὸς
907 599 1173 667 Περσικὸς
1196 601 1497 672 διελήλυθε,
1541 605 1801 675 μυριάδες

216 688 513 760 τέσσαρες,
539 688 633 741 καὶ
662 688 805 741 κατὰ
843 688 1011 743 νώτου
1046 691 1284 757 γίνονται
1324 692 1432 747 τῶν
1465 695 1803 766 Λακεδαιμο-

216 778 377 834 νίων·
411 785 509 834 καὶ
532 781 903 845 κυκλωθέντες
928 783 1198 838 ἀπέθανον
1228 788 1524 859 μαχόμενοι
1545 790 1803 861 ἀνδρείως

216 872 479 936 ἅπαντες.
513 871 719 943 Ξέρξης
756 873 813 925 δέ
850 873 1010 927 πάλιν
1050 875 1367 947 στράτευμα
1419 879 1625 948 πέμπει
1662 880 1803 933 κατὰ

219 965 564 1028 Πλαταιέων,
602 965 870 1036 μυριάδας
903 964 989 1035 ιβ’,
1017 966 1324 1038 ἡγούμενον
1359 969 1404 1001 ⁷⁸
1433 970 1620 1029 αὐτοῖς
1642 970 1803 1037 Μαρ-

220 1056 395 1111 δόνιον
438 1060 780 1129 ἐπιστήσας·
836 1058 1061 1128 Θηϐαῖοι
1110 1058 1155 1113 δ’
1200 1056 1340 1130 ἦσαν
1391 1061 1441 1114 oi
1469 1061 1609 1114 κατὰ
1655 1061 1800 1114 Πλα-

218 1151 423 1203 ταιέων
479 1150 572 1204 τὸν
630 1148 837 1220 Ξέρξην
896 1150 1197 1214 κινοῦντες.
1259 1152 1693 1222 ’Δντιστρατεύει
1743 1152 1802 1207 δὲ

220 1243 539 1306 Παυσανίας
587 1244 616 1295 ό
643 1242 1100 1309 Λακεδαιμόνιος,
1134 1242 1481 1311 τριακοσίους
1531 1244 1629 1312 μὲν
1661 1243 1804 1314 ἔχων

222 1333 597 1402 Σπαρτιήτας,
646 1334 849 1403 χιλίους
883 1332 937 1385 δὲ
988 1332 1097 1383 τῶν
1128 1334 1442 1403 περιοίκων,
1492 1336 1558 1387 ἐκ
1604 1334 1660 1386 δέ
1697 1333 1805 1387 τῶν

222 1424 398 1479 ἀλλων
429 1425 641 1479 πόλεων
665 1424 909 1495 χιλιάδας
929 1425 973 1457 ⁷⁷
1004 1424 1100 1489 ἐξο
1134 1424 1229 1478 καὶ
1249 1425 1463 1477 νικᾶται
1499 1426 1639 1477 κατὰ
1669 1424 1806 1497 κρά-

223 1534 313 1578 τος
338 1520 373 1588 ή
408 1517 658 1589 Περσικὴ
711 1519 955 1588 στρατιὰ,
996 1518 1091 1572 καὶ
1139 1519 1331 1586 φεύγει
1378 1518 1806 1588 τραυματισθείς

225 1610 320 1662 καὶ
363 1609 687 1681 Μαρδόνιος.
720 1604 888 1673 Οὗτος
916 1612 944 1662 ό
988 1610 1289 1679 Μαρδόνιος
1319 1610 1597 1680 πέμπεται
1634 1612 1795 1681 συλῆο

226 1719 316 1754 σαι
358 1704 426 1755 τδ
468 1703 563 1754 τοῦ
599 1703 931 1766 Ἀπόλλωνος
982 1703 1125 1772 ἱερὸν
1165 1702 1317 1772 παρὰ
1362 1702 1586 1773 Ξέρξου,
1619 1706 1803 1766 κάκεῐ,

1900 620 2023 662 cum
2063 608 2309 661 exercitu
2355 608 2602 662 aderant.
2646 607 2738 662 llis
2776 606 2983 661 Xerxes
3028 607 3095 661 ad
3152 610 3468 674 sevocatis,

1899 715 2114 771 unaque
2149 702 2459 767 Demarato,
2487 713 2541 757 et
2586 701 2747 772 Hegia
2782 700 3036 770 Ephesio,
3074 702 3221 757 nulla
3258 703 3470 759 ratione

1900 793 2043 848 vinci
2079 810 2239 865 posse
2295 795 2730 851 Laeetlemnnios
2780 794 3065 861 intellexit,
3124 796 3226 849 nisi
3298 796 3469 863 copiis

1901 885 2062 939 cincti
2132 886 2183 939 in
2236 886 2417 941 orbem
2475 901 2713 956 pugnare
2763 896 3049 954 cogantur.
3099 886 3471 955 Quadraginta

1900 989 2030 1043 ergo
2092 974 2379 1032 Persarum
2442 978 2633 1041 millia,
2691 977 2920 1031 ducibus
2972 975 3473 1030 Tracbeniensibus

1903 1066 2009 1122 illis
2037 1068 2271 1134 duobus,
2326 1084 2418 1137 per
2454 1068 2600 1123 invia
2634 1067 2981 1136 transgressi,
3024 1082 3055 1121 a
3107 1076 3261 1136 tergo
3304 1066 3474 1120 Lace-

1904 1157 2196 1213 daemonios
2243 1159 2581 1223 adoriuntur,
2638 1156 2728 1226 qui
2779 1156 2880 1211 hoc
2924 1163 3085 1225 pacto
3127 1153 3471 1216 circumdati,

1906 1248 2120 1305 fortiter
2176 1258 2475 1319 pugnantes
2523 1248 2589 1302 ad
2659 1263 2823 1302 unum
2891 1262 3082 1302 omnes
3139 1246 3470 1301 occubuere.

1904 1338 2065 1393 Mittit
2088 1354 2274 1394 rursus
2290 1338 2583 1392 exercitum
2610 1336 2819 1391 Xerxes
2852 1336 3114 1391 adversus
3147 1332 3474 1389 Plataeenses

1902 1441 2119 1487 eeutum
2152 1440 2207 1485 et
2280 1428 2421 1499 39b
2472 1428 2659 1497 viginti
2687 1427 2936 1493 millium,
2993 1428 3131 1482 duce
3169 1425 3470 1479 Mardonio.

1906 1520 2145 1575 Thebani
2181 1531 2364 1575 autem
2423 1534 2605 1586 regem
2642 1518 2694 1572 in
2738 1518 3063 1574 Platzenses
3103 1518 3469 1573 concitabant.

1905 1612 2181 1667 Mardonio
2214 1611 2449 1665 occurrit
2484 1609 2779 1666 Pausanias
2816 1609 3286 1674 Lacedaemonius,
3318 1606 3476 1678 Spar-

1905 1714 2057 1759 tanos
2088 1721 2195 1757 non
2229 1704 2327 1757 nisi
2358 1713 2647 1767 trecentos,
2694 1704 2907 1759 accolas
2954 1702 3123 1767 mille,
3177 1711 3231 1757 et
3258 1717 3321 1755 ex
3351 1702 3471 1755 aliis

225 1794 383 1865 φησι,
413 1792 641 1863 θνήσκει
671 1793 913 1865 χαλάζης
951 1794 1321 1863 ἐπιπεσούσης
1351 1796 1610 1864 παχείας·
1644 1796 1728 1865 ἐφ’
1760 1792 1805 1865 ᾧ
1839 1863 1863 1865 ,ν

1839 1863 1863 1865 ι
1906 1795 2129 1850 urbibus
2162 1796 2227 1848 ad
2272 1808 2364 1848 sex
2416 1793 2580 1847 millia
2624 1809 2807 1847 serum
2857 1795 3081 1847 ducens.
3140 1789 3213 1845 ibi
3250 1790 3470 1847 Persico

224 1863 343 1937 λιάν
364 1882 578 1955 eum;
608 1863 877 1956 ἐλυπήθη.
909 1885 1115 1955 Ξέρξης
1145 1886 1201 1939 δι
1241 1886 1332 1939 ἐπ’
1360 1886 1535 1949 αὑτὰς
1575 1863 1804 1957 Ἀθήνας
1836 1863 1878 1917 Β

1836 1863 1878 1917 Β
1905 1888 2143 1941 exercitu
2188 1895 2459 1954 superato,
2517 1884 2823 1938 Mardonius
2880 1884 3199 1939 vulneratus
3244 1883 3469 1951 aufugit.

222 1959 469 2038 ἐλαύνει,
525 1978 622 2029 καὶ
681 1975 953 2046 Ἀθηναῖοι
997 1975 1384 2046 πληρώσαντες
1426 1977 1621 2031 έκατδν
1674 1978 1804 2033 δέκα

221 2068 480 2138 τριήρεις
528 2066 821 2135 φεύγουσιν
867 2070 945 2133 είς
997 2069 1294 2138 Σαλαμῖνα.
1321 2071 1429 2123 Καὶ
1473 2068 1680 2141 Ξέρξης
1709 2073 1806 2144 τὴν

224 2156 384 2211 πόλιν
414 2156 579 2229 κενὴν
605 2160 752 2229 αἱρεῖ
789 2159 883 2213 καὶ
914 2158 1221 2230 ἐμπίπρησι
1249 2160 1314 2225 ⁷⁸,
1350 2160 1489 2229 πλὴν
1518 2162 1615 2232 τῆς
1636 2163 1803 2231 άκρο·

224 2247 470 2311 πῶεωρ
501 2249 562 2299 ἐν
607 2250 745 2319 αὐτῇ
788 2249 895 2319 γάρ
925 2247 1006 2301 ἔτι
1033 2248 1178 2313 τινὲς
1220 2250 1636 2319 ὑπολειφθέντες
1666 2252 1805 2320 ἐμά-

223 2356 405 2408 χοντο.
471 2339 643 2403 Τέλος
690 2341 961 2393 κάκείνων
1010 2341 1167 2395 νυκτὶ
1220 2341 1499 2410 φυγόντων
1546 2342 1806 2413 κάκείνην

226 2429 564 2500 συνέφλεξαν
588 2433 656 2485 ⁷⁸.
696 2434 755 2485 ’0
774 2432 833 2485 δὲ
863 2432 1069 2503 Ξέρξης
1100 2432 1323 2487 αὐτόθεν
1362 2432 1530 2487 ἐλθὼν
1552 2434 1646 2487 ἐπὶ
1667 2452 1806 2487 στει-

223 2523 451 2575 νότατον
487 2523 535 2554 ⁸⁸
587 2523 686 2594 τῆς
747 2524 999 2595 Ἀττικῆς
1027 2524 1384 2595 (Ἡράκλειον
1428 2525 1472 2558 ⁸¹
1513 2526 1802 2595 καλεῖται),

225 2612 465 2683 ἐχώννυε
507 2616 669 2684 χῶμα
709 2616 801 2668 ἐπὶ
849 2617 1147 2687 Σαλαμῖνα,
1178 2618 1316 2688 πεζῇ
1366 2619 1453 2671 ἐπ’
1486 2620 1656 2691 αὐτὴν
1689 2619 1807 2671 δια-

228 2706 392 2768 εῆναι
434 2706 838 2776 διανοούμενος.
892 2708 1060 2779 Βουλῇ
1088 2709 1145 2762 δέ
1188 2710 1619 2779 Θεμιστοκλέους
1648 2711 1809 2780 Ἀθη-

227 2797 378 2849 νιίου
404 2798 499 2850 καὶ
527 2798 855 2867 ’Δριστείδου
884 2800 1097 2864 τοξόται
1124 2801 1223 2870 μὲν
1245 2802 1353 2853 ἀπὸ
1383 2803 1609 2873 Κρήτης
1641 2819 1809 2873 προσ·

228 2887 529 2943 καλοῦνται
560 2892 657 2943 καὶ
686 2892 1098 2963 παραγίνονται,
1130 2888 1253 2946 εἶτα
1280 2894 1556 2962 ναυμαχία
1585 2895 1809 2964 Περσῶν

1907 1977 2053 2032 idem
2083 1978 2170 2033 hic
2187 1976 2504 2031 Mardonius
2541 1978 2606 2029 ad
2629 1975 2983 2044 diripiendam
3019 1975 3280 2044 Apollinis
3304 1976 3472 2029 aedem

1906 2087 1933 2125 ο
1966 2070 2141 2126 Xerxe
2176 2072 2392 2133 missus,
2434 2068 2635 2139 ingenti
2662 2082 2953 2137 oppressus
2984 2067 3246 2138 grandine
3302 2067 3471 2119 inter-

1906 2164 2017 2227 riit,
2046 2178 2239 2233 magno
2271 2161 2558 2217 admodum
2616 2161 2757 2229 regis
2791 2160 2995 2215 dolore.
3040 2157 3249 2216 Xerxes
3279 2159 3475 2214 deinde

1903 2256 2142 2310 Athenas
2174 2256 2316 2323 ipsas
2355 2253 2488 2323 petit
2514 2269 2633 2307 cum
2668 2251 2925 2305 exercitu.
2958 2250 3156 2305 Verum
3179 2249 3475 2305 Athenien—

1907 2362 2016 2410 ses,
2053 2358 2271 2401 centum
2305 2355 2359 2400 et
2393 2345 2577 2399 decem
2607 2345 2917 2399 triremibus
2946 2342 3251 2405 instructis,
3277 2344 3340 2396 ad
3374 2341 3474 2395 Sa-

1908 2439 2161 2493 laminam
2195 2439 2425 2492 insulam
2481 2437 2751 2507 fugernnt.
2786 2434 2984 2491 Urbem
3025 2437 3208 2505 itaque
3251 2450 3473 2489 vacuam

1906 2546 2027 2584 cum
2064 2530 2320 2596 cepisset,
2353 2529 2624 2594 incendit;
2660 2538 2856 2596 praeter
2897 2527 3066 2581 solam
3085 2542 3290 2588 arcem,
3314 2542 3475 2597 quam

1907 2621 2113 2690 aliquot
2149 2621 2323 2674 adhuc
2378 2620 2447 2673 ibi
2484 2618 2657 2671 reliCti
2717 2618 3150 2689 propugnabant.
3203 2617 3306 2672 Sed
3352 2634 3475 2671 eum

1909 2712 2122 2764 tandem
2152 2720 2205 2766 et
2238 2710 2289 2764 bi
2328 2719 2485 2764 noctu
2534 2709 2813 2779 fugissent,
2848 2710 3010 2762 etiam
3061 2708 3210 2763 illaut
3241 2711 3471 2764 exussit.

1913 2802 2025 2857 Rex
2068 2804 2192 2858 inde
2252 2804 2317 2857 ad
2357 2804 2798 2871 angustissimum
2851 2803 3041 2856 Atticae
3077 2801 3276 2864 locum,
3318 2817 3476 2870 quem

1913 2894 2235 2950 Heracleum
2279 2896 2574 2966 appellant,
2617 2894 2912 2963 profectus,
2973 2908 3222 2964 aggerem
3251 2893 3479 2948 Salami-

227 2982 321 3032 καὶ
347 2980 617 3051 Ἑλλήνων
639 2982 869 3049 γίνεται,
896 2984 1121 3053 Περσῶν
1141 2986 1240 3053 μὲν
1270 2984 1398 3047 ναῦς
1422 2985 1651 3054 ἐχόντων
1670 2986 1810 3055 ὑπὲρ

1807 3008 1810 3028 ν
1912 3004 2034 3042 nam
2071 3003 2258 3042 versus
2284 2988 2481 3042 ducere
2517 2987 2702 3055 carpit,
2731 3000 2797 3040 eo
2833 2986 3081 3050 consilio,
3128 2996 3186 3040 ut
3232 2986 3469 3054 pedestri

228 3073 326 3134 sic
363 3072 568 3141 χιλίας,
600 3074 1028 3143 στρατηγοῦντος
1068 3077 1250 3138 αὐτοῖς
1286 3077 1503 3144 Ὀνόφα,
1545 3076 1811 3147 Ἐλλήνων

1912 3083 1978 3137 ad
2012 3081 2239 3135 insulam
2272 3082 2464 3135 itinere
2497 3080 2735 3135 transire
2758 3079 3047 3148 aliquando
3074 3080 3263 3148 possit.
3315 3081 3384 3131 At
3411 3093 3475 3133 ex

227 3164 284 3216 δέ
326 3165 686 3228 ἑπτακοσίας.
748 3168 858 3221 Καὶ
913 3166 1138 3220 νικῶσιν
1200 3167 1481 3237 Ἕλληνες,
1548 3170 1641 3221 καὶ
1693 3169 1809 3221 δια-
1837 3211 1881 3273 c

1837 3211 1881 3273 ε
1914 3172 2296 3228 Themistoclis
2325 3173 2671 3227 Atheniensis
2721 3182 2773 3225 et
2810 3172 3059 3226 Aristide
3107 3171 3335 3225 consilio
3386 3187 3476 3225 sa-

230 3256 549 3325 φθείρονται
583 3258 850 3328 Περσικαὶ
895 3260 1248 3312 πεντακόσιαι
1294 3260 1442 3328 νῆες,
1484 3260 1579 3313 καὶ
1618 3260 1811 3328 φεύγει
1838 3256 1881 3273 ’⁸

1838 3256 1881 3273 ’⁸
1911 3264 2112 3336 gittarii
2156 3280 2221 3318 ex
2250 3263 2408 3318 Creta
2448 3272 2797 3318 accersuntur
2825 3274 2881 3318 et
2923 3264 3177 3327 veniunt;
3210 3261 3402 3316 deinde
3426 3271 3480 3315 et

231 3348 465 3419 Ξέρξης,
495 3348 658 3421 βουλῇ
703 3352 864 3404 πάλιν
905 3352 998 3405 καὶ
1036 3352 1198 3422 τέχνῃ
1226 3353 1555 3422 Ἀριστείδου
1593 3350 1686 3405 καὶ
1713 3353 1813 3405 Gs-

1914 3355 2089 3409 navali
2125 3370 2297 3424 pugna
2328 3353 2503 3409 Persa:
2537 3369 2660 3408 cum
2689 3354 2888 3409 Graecis
2912 3351 3352 3423 congrediuntur.
3374 3352 3479 3405 Du-

233 3441 630 3509 μιστοκλέους’
684 3444 742 3495 ἐν
792 3442 850 3495 δὲ
890 3445 1011 3507 ταῖς
1057 3443 1269 3507 λοιπαῖς
1318 3444 1558 3507 άπάσαις
1612 3445 1815 3515 μάχαις

1918 3447 2111 3501 cebant
2169 3446 2244 3499 illi
2316 3460 2482 3499 nat-es
2532 3460 2692 3514 supra
2754 3444 2921 3507 mille,
2982 3446 3175 3514 quibus
3228 3444 3481 3512 Onophas

231 3534 513 3587 ἀπέθανον
549 3534 775 3603 Περσῶν
818 3534 1023 3588 δώδεκα
1071 3536 1350 3607 μυριάδες.
1384 3534 1588 3607 Ξέρξης
1620 3538 1675 3590 δέ
1716 3556 1812 3591 πε-

234 3627 409 3695 ράσας
456 3628 540 3688 είς
566 3626 666 3695 τὴν
708 3625 912 3691 Ἀσίαν,
943 3630 1033 3681 καὶ⁵
1072 3627 1393 3681 ἀπελαύνων
1446 3631 1524 3690 εἰς
1568 3629 1809 3699 Σάρδεις,

233 3720 455 3789 ἔπεμπε
474 3717 797 3784 Μεγάϐυζον
818 3718 877 3771 τὸ
902 3721 959 3771 ἐν
983 3719 1206 3788 Δελφοῖς
1234 3721 1377 3789 ἱερὸν
1404 3720 1631 3787 συλῆσαι
1647 3737 1661 3751 ·
1689 3720 1811 3772 ἐπεὶ

232 3810 288 3862 δὲ
332 3810 546 3870 ἐκεῖνος
592 3811 907 3877 παρῃτεῖτο,
951 3808 1339 3862 ἀποστέλλεται
1394 3808 1659 3871 Ματάκας
1693 3809 1737 3839 ⁸⁷
1782 3808 1812 3861 ό

234 3900 510 3970 εὐνοῦχος,
539 3898 729 3969 ὖὸρεις
764 3916 825 3952 τε
857 3901 1038 3969 φέρων
1056 3900 1137 3970 τῷ
1179 3898 1471 3953 ’Δπόλλωνι
1507 3900 1601 3952 καὶ
1637 3899 1811 3952 πάντα

234 3994 487 4063 συλήσων
512 4008 527 4021 ·
569 3992 667 4046 καὶ
710 3993 775 4063 δὴ
806 3991 949 4047 οὓτω
982 3995 1217 4064 ποιήσας
1278 3993 1414 4063 πρὸς
1462 3989 1667 4063 Ξέρξην
1711 3992 1813 4045 ύπ-

237 4087 527 4157 ἔστρεφεν.

233 4183 319 4247 qui
392 4180 653 4247 templum
708 4180 1019 4247 Delphicum
1072 4182 1368 4249 diriperet;

1918 3547 2170 3607 praeerat,
2203 3536 2255 3589 hi
2296 3536 2684 3606 septingentns.
2728 3533 2962 3588 Vincunt
2990 3546 3169 3588 tamen
3200 3533 3395 3595 Graeci.
3428 3544 3482 3587 et

1914 3627 2235 3695 quingentas
2294 3629 2471 3683 Persa
2530 3641 2692 3681 naves
2752 3627 3029 3679 amittunt.
3100 3627 3218 3695 ipse
3268 3640 3483 3693 quoque

1915 3716 2126 3772 Xerxes
2154 3717 2381 3772 consilio
2434 3731 2621 3771 rursus
2645 3723 2701 3771 et
2732 3726 2849 3769 arte
2872 3715 3125 3770 Aristidis
3149 3726 3309 3784 atque
3338 3713 3482 3769 Tlte-

1918 3808 2200 3871 tuistoclis,
2225 3807 2401 3878 fugam
2424 3808 2639 3877 arripit,
2670 3806 2968 3863 interfectis
2983 3810 3048 3862 de
3068 3805 3286 3861 Persico
3311 3821 3484 3861 exer-

1913 3904 2045 3964 eitu,
2096 3902 2348 3957 omnibus
2408 3901 2558 3955 hisee
2619 3900 2860 3971 preliish
2899 3915 3003 3954 non
3045 3900 3220 3953 minus
3266 3908 3481 3952 centum

1916 3992 2105 4061 viginti
2131 3993 2390 4047 millibus.
2440 3990 2573 4047 Cum
2622 4000 2803 4047 autem
2868 3991 2923 4044 in
2972 3990 3157 4044 Asiam
3200 4004 3290 4043 rex
3318 3988 3484 4058 traje-

1916 4087 2101 4151 cisset,
2154 4096 2208 4141 et
2231 4082 2432 4140 Sardes
2479 4093 2749 4152 pergeret,
2804 4081 3155 4153 Megabyzum
3216 4082 3484 4150 designat,

1463 4181 1559 4236 sed
1626 4180 1951 4235 detrectavit
2018 4180 2110 4235 ille
2164 4179 2414 4246 facinus;
2464 4194 2634 4249 quare
2671 4177 2905 4233 llatacas
2940 4178 3221 4233 eunuchus
3264 4177 3489 4245 injurias

233 4276 465 4346 Apollini
521 4275 810 4341 illaturus,
865 4278 1154 4347 omniaque
1218 4276 1556 4345 expilaturus
1614 4276 1902 4331 mittitur:
1962 4278 2053 4345 qui
2086 4276 2348 4331 confectis
2382 4276 2454 4330 ita
2487 4276 2673 4338 rebus,
2714 4275 2780 4327 ad
2862 4288 3040 4341 regem
3082 4287 3332 4328 reversus
3382 4279 3487 4330 est.

297 4368 511 4439 Ξέρξης
532 4369 579 4400 ⁸³
603 4370 709 4423 ἀπὸ
738 4369 1055 4433 Βαῦυλῶνος
1072 4372 1152 4433 είς
1178 4370 1391 4441 Πέρσας
1417 4370 1809 4438 παραγίνεται,
1842 4374 1891 4432 ι)

1842 4374 1891 4432 ι)
1988 4372 2050 4424 in
2110 4369 2355 4424 Persiam
2403 4366 2620 4421 interim
2670 4364 2876 4418 Xerxes
2943 4364 3214 4435 Babylone
3271 4369 3492 4418 venerat

232 4462 322 4515 καὶ
354 4458 687 4527 Μεγάϐυζος
717 4460 859 4514 κατά
903 4462 1003 4531 τῆς
1033 4461 1289 4528 γυναικὸς
1322 4460 1418 4528 τῆς
1454 4460 1588 4522 ίδίας
1631 4459 1799 4529 Ἀμύ-

230 4572 361 4619 τιος,
394 4553 434 4623 ἡ
463 4553 731 4621 θυγάτηρ,
754 4553 830 4616 ὡς
854 4554 1197 4623 προείρηται,
1235 4550 1436 4623 Ξέρξου
1493 4551 1815 4621 ἐτύγχανεν,

230 4645 301 4708 ὡς
364 4644 809 4714 μεμοιχευμένης
876 4644 1065 4710 λόγους
1108 4644 1299 4696 ἐκίνει.
1338 4644 1446 4696 Καὶ
1485 4644 1808 4713 ἐπιτιμᾶται

1927 4477 2051 4517 eum
2108 4460 2437 4532 Iegabyzus
2489 4474 2711 4514 uxorem
2764 4473 2915 4513 suam
2968 4458 3190 4527 Antytin
3236 4457 3402 4524 (quae,
3434 4464 3493 4509 ut

1919 4554 2031 4623 jam
2060 4564 2220 4608 antea
2252 4554 2475 4616 dictum,
2516 4553 2709 4606 Xerxa
2750 4550 2856 4603 filia
2898 4550 3037 4618 erat)
3083 4548 3329 4603 adulterii
3362 4548 3494 4603 insi-

1924 4647 2112 4711 mulat,
2140 4648 2487 4716 quamobrem
2516 4645 2604 4698 illa
2628 4645 2829 4699 acriter
2858 4658 2887 4697 a
2915 4652 3139 4713 parente
3201 4641 3492 4711 increpita,

244 4736 473 4805 ’Δμύτις
516 4735 697 4803 λόγοις
754 4736 860 4787 ὑπὸ
924 4734 1021 4788 τοῦ
1076 4735 1302 4806 πατρὸς,
1335 4736 1430 4788 καὶ
1475 4735 1817 4804 ὑπισχνεῖται

997 4734 1021 4787 ὖ
1076 4735 1302 4806 πατρὸς,
1335 4736 1430 4788 καὶ
1475 4735 1817 4804 ὑπισχνεῖται
1921 4740 2151 4809 spondet
2179 4753 2240 4795 se
2270 4750 2478 4793 castam
2518 4752 2659 4792 esse.

235 4829 563 4896 σωφρονεῖν.

311 4918 727 4988 ’Δρτάπανος“
769 4917 826 4971 δὲ
881 4918 1024 4986 μέγα
1080 4918 1233 4987 παρὰ
1282 4917 1456 4990 Ξέρξῃ
1511 4918 1807 4987 δυνάμενος

1988 4915 2302 4983 Artapanus
2369 4913 2523 4978 item,
2572 4911 2666 4981 qui
2735 4909 3026 4978 plurimum
3084 4907 3227 4976 apud
3281 4905 3496 4960 Xerxen

236 5016 352 5085 μετ’
386 5012 833 5081 Ἀσπαμίτρου⁸⁸
862 5010 956 5063 τοῦ
1015 5011 1274 5081 εὐνούχου
1291 5010 1360 5074 ⁸⁸,
1407 5009 1534 5081 [120
1566 5009 1656 5082 8.]
1722 5012 1818 5065 καὶ

1922 5005 2246 5061 auctoritate
2272 5004 2507 5066 valebat,
2529 5013 2729 5058 etcum
2760 5016 2826 5056 eo
2846 5000 3181 5069 Aspamitres
3209 4998 3495 5053 eunuchus

232 5104 400 5158 αὑτοῦ
462 5102 606 5173 μέγα
643 5103 962 5173 δυναμένου,
998 5102 1346 5175 βουλεύονται
1370 5104 1578 5157 ἀνελεῖν
1600 5105 1645 5137 ⁸⁷
1676 5104 1818 5175 Ξέρ-

1924 5098 2038 5169 (qui
2075 5098 2188 5167 ipse
2238 5110 2453 5166 quoque
2499 5095 2787 5165 plurimum
2843 5092 2986 5162 apud
3038 5104 3221 5161 regem
3263 5089 3499 5158 poterat)

235 5197 353 5267 ξην,
404 5196 503 5249 καὶ
556 5194 867 5265 ἀναιροῦσι,
918 5196 1013 5248 καί⁵
1074 5193 1351 5248 πείθουσιν
1402 5192 1825 5266 ⁹Αρτοξέρξην⁸⁸

1926 5192 1995 5247 de
2038 5190 2220 5246 Xerxe
2272 5189 2652 5246 interﬁciendo
2693 5186 2978 5243 consilium
3011 5186 3241 5255 agitant,
3283 5186 3500 5236 eadem-

236 5290 322 5344 τὸν
346 5290 471 5343 υίδν
493 5288 573 5351 ὡς
603 5290 885 5358 Δαρειαϊος
906 5286 953 5318 ⁸³
982 5287 1145 5341 αὑτὸν
1166 5288 1195 5340 ό
1219 5286 1408 5357 ἔτερος
1458 5289 1588 5350 παῖς
1620 5286 1823 5340 άνείλε.

1930 5297 2036 5353 que
2062 5290 2279 5352 patrant
2310 5279 2475 5352 40a.
2516 5283 2832 5335 Artaxerxae
2865 5276 3083 5332 interim
3140 5276 3251 5330 ﬁlio
3276 5288 3500 5343 persna-

1546 5467 1781 5524 VARIE
1818 5464 2220 5523 LECTIONES.

309 5614 354 5645 ’⁸
382 5612 693 5683 ἡγούμενον
718 5610 779 5665 δέ
804 5612 987 5674 αὐτοῖς
1014 5627 1073 5675 ς.
1164 5610 1209 5642 ⁷⁷
1237 5608 1481 5680 χιλιάδας
1500 5606 1609 5678 ἒξ]
1640 5625 1702 5673 ς’-
1726 5608 1791 5662 Α·

244 5684 285 5715 ³⁸
318 5683 467 5734 Ἠιλῖ
499 5682 531 5734 ὃ
575 5681 699 5734 Ἥο.
739 5699 801 5734 ς.
876 5682 921 5713 ⁸⁸
955 5679 1225 5734 Ματάκας
1282 5680 1496 5733 idemne
1536 5678 1628 5734 ani
1668 5692 1791 5734 sum

246 5684 285 5715 “
318 5682 467 5755 'np.]
499 5682 806 5773 τηἪρμςἶ

246 5752 406 5816 τάσσς
447 5771 510 5817 ς.
588 5752 639 5784 ⁸⁸
687 5752 809 5805 ltbn

250 5820 431 5895 ξέρξην
460 5816 504 5888 ξ
535 5822 625 5878 hic
656 5828 711 5876 ct
739 5816 898 5876 infra.
974 5821 1017 5854 ⁸⁸
1044 5816 1283 5892 δαριάϊος
1315 5820 1381 5886 Δ,
1405 5817 1498 5888 qui
1528 5831 1671 5889 sazpe
1697 5816 1794 5872 ita.

876 5612 1073 5734 τρῖῦς.
1164 5610 1209 5642 ⁷⁷
1237 5608 1481 5691 χιλιάδας
1500 5606 1702 5690 ἐξησς.
1726 5608 1791 5662 Α.
1868 5604 1917 5637 ⁷⁸
1953 5604 2395 5689 ἐμπίμπρησινς.
2421 5691 2444 5705 μ
2477 5604 2525 5636 ⁷⁸
2554 5604 2873 5703 συνέφλεξεν
2994 5604 3040 5629 ⁵⁸
3070 5611 3170 5648 στεε

1018 5679 1225 5741 ατάκας
1282 5682 1496 5733 Idemne
1536 5694 1628 5747 qut
1668 5690 1833 5745 supra
1865 5676 1965 5747 7(p.
1998 5676 2069 5747 58
2098 5675 2154 5747 lt)
2186 5674 2441 5738 Natam,
2466 5673 2515 5747 ζ-
2553 5743 2565 5747 Α
2629 5670 2832 5747 segem
2863 5669 2917 5720 δε
2961 5666 3170 5747 ἀπδΔς.

830 5751 985 5819 ιμετὰ
1032 5749 1349 5819 Σπαμίτρου
1398 5746 1572 5819 cf.ng
1634 5748 1783 5819 uia.
1859 5746 1905 5778 “
1935 5746 2274 5817 ήμεάρῤενος
2308 5761 2369 5808 ς.

2477 5604 2525 5636 ⁷³
2554 5599 2873 5668 συνέφλεξεν
2904 5616 2963 5662 ς.
2994 5596 3040 5629 ⁸⁸
3070 5592 3399 5648 στενώτατον
3430 5610 3468 5656 ς

2477 5674 2489 5709 ν
2559 5672 2604 5703 ⁸³
2629 5670 2832 5714 Ξέρξης
2863 5669 2917 5714 δὲ
2961 5666 3069 5714 ἀπὸ
3110 5682 3170 5714 C.
3274 5664 3321 5694 ⁸⁸
3364 5664 3491 5714 ἈΩ-

2470 5680 2489 5726 .'
2559 5680 2604 5703 "
2629 5680 2832 5741 Ξέρξης
2863 5680 2917 5720 οε
2961 5680 3069 5719 ἀπο
3110 5682 3170 5731 ς.
3274 5680 3321 5694 ’ν
3368 5680 3489 5731 Αρ-

2470 5742 2515 5775 ⁸⁷
2541 5740 2771 5813 ἀνελεῖν]
2802 5740 3045 5810 ἀναιρεῖν
3068 5737 3133 5789 Δ.
3207 5733 3254 5766 ⁸⁸
3299 5735 3489 5802 ’Δρταο
