4224 6442
725 394 827 463 187

1893 396 2158 457 PHOTII
2195 396 2700 459 PATRIARCH/E
2737 402 2848 462 CP.

3856 415 3961 481 188

722 522 877 585 dent,
911 533 940 573 a
970 515 1180 571 Dariteo
1218 514 1391 569 altero
1432 512 1542 567 filio
1582 520 1789 583 patrem
1840 528 1965 568 esse
2015 524 2285 568 necatum.
2318 525 2359 577 Α

2393 516 2503 569 Kal
2551 518 2910 585 παραγίνεται
2942 519 3287 591 Δαρειαῖος⁹⁸
3315 524 3579 595 ἀγόμενος
3623 530 3727 582 ὑπὸ
3764 533 3962 604 Ἀρτα-

727 610 1029 665 Adducitur
1053 621 1183 677 ergo
1211 606 1279 660 ab
1326 606 1603 673 Artapano
1631 608 1687 660 in
1721 605 2039 659 Artaxerxa:
2068 605 2287 658 domum

730 700 990 765 Daricua,
1025 696 1200 753 multo
1228 710 1351 750 cum
1384 694 1621 750 clamore
1661 695 1955 750 identidem
1988 711 2289 765 pernegans

728 807 788 846 se
821 789 1144 860 parricidam
1176 802 1317 853 esse,
1351 787 1398 842 is
1435 797 1613 843 tamen
1644 788 1821 857 capite
1844 787 2033 857 plexus
2061 788 2289 841 moritur

726 883 1102 938 nihilominus.

802 974 1131 1029 Artaxerxes
1155 970 1269 1043 (96)
1306 968 1498 1025 deinde
1518 968 1777 1038 Artapani
1806 982 1967 1038 opera
1996 982 2163 1033 regno
2190 980 2290 1036 po-

729 1067 879 1120 titur.
914 1065 1164 1118 Attamen
1186 1064 1348 1116 etiam
1375 1062 1532 1129 hujus
1559 1060 1684 1114 vita
1714 1059 2020 1127 Artapanus
2043 1060 2182 1111 idem
2211 1058 2293 1112 in-

726 1153 895 1207 sidias
933 1152 1124 1217 tendit,
1157 1160 1212 1205 et
1248 1151 1645 1205 communicato
1684 1165 1810 1204 cum
1842 1148 2128 1219 Megabyso
2158 1164 2291 1203 con-

726 1246 852 1299 silio
880 1246 995 1315 (qui
1016 1247 1127 1313 jam
1160 1245 1231 1299 ob
1257 1252 1560 1313 suspectam
1588 1243 1839 1298 adulterii
1877 1258 2096 1297 uxorem
2136 1258 2290 1297 suam

725 1336 962 1405 Amytin,
1019 1348 1215 1403 magno
1257 1334 1310 1387 in
1365 1346 1602 1387 mmrore
1659 1332 2021 1400 versabatur),
2080 1331 2290 1398 jureju-

726 1428 894 1479 rando
928 1425 1029 1479 sibi
1065 1433 1249 1478 mutuo
1286 1435 1501 1479 cavent.
1527 1423 1729 1477 Verum
1767 1438 1826 1477 re
1868 1432 1977 1478 tota
2016 1422 2289 1494 Megabyzi

727 1516 926 1570 indicio
957 1517 1186 1585 prodita,
1211 1515 1399 1570 eodem
1429 1515 1616 1568 mortis
1642 1530 1841 1584 genere
1866 1516 2006 1583 quod
2029 1516 2289 1569 Artaxer-

728 1620 823 1659 xes
864 1606 1127 1658 tollendus
1171 1604 1368 1668 fuerat,
1426 1603 1734 1673 Artapanus
1789 1606 1903 1672 ipse
1943 1604 2169 1668 tollitur,
2202 1613 2291 1657 al.-

727 1712 831 1766 que
861 1700 995 1749 adeo
1028 1711 1363 1765 quacunque
1393 1696 1447 1749 in
1487 1692 1721 1748 Xerxem
1764 1710 1826 1747 ac
1870 1694 2131 1747 Darizeum
2164 1708 2290 1761 per-

724 1798 932 1855 petrata
974 1788 1208 1852 fuerant,
1263 1788 1519 1858 pateﬁunt
1566 1789 1766 1842 omnia.
1816 1787 1996 1853 Quare
2040 1788 2290 1855 Aspami-

725 1892 834 1935 tres
865 1882 978 1950 (97)
1008 1856 1382 1951 quoqueaqui
1435 1880 1630 1934 Xerxis
1674 1892 1836 1950 atque
1881 1879 2068 1933 Daritei
2126 1879 2287 1932 credis
2314 1856 2361 1915 B

722 1974 970 2028 conscius
993 1972 1188 2037 fuerat,
1207 1973 1403 2028 acerbo
1436 1975 1487 2025 in
1514 1973 1702 2042 primis
1725 1988 1787 2025 ac
1804 1971 1941 2027 duro
1966 1970 2077 2040 (98)
2098 1970 2289 2025 mortis

721 2078 939 2131 genere,
982 2063 1240 2118 adhibitis
1263 2079 1359 2132 per
1390 2064 1645 2132 scapham
1687 2063 1998 2123 tormentis,
2031 2060 2284 2116 afficitur.

721 2154 847 2208 Post
890 2154 1148 2221 Artapani
1182 2163 1410 2209 mortem
1463 2170 1638 2224 pugna
1665 2155 1906 2208 exoritur
1938 2155 2077 2207 inter
2098 2152 2289 2222 conju-

721 2245 948 2299 rationls
981 2244 1125 2299 illius
1174 2247 1352 2300 socios
1400 2245 1746 2315 reliquosque
1798 2244 2039 2298 Persas:
2092 2258 2198 2312 qua
2230 2242 2285 2297 in

718 2349 894 2404 pugna
925 2336 1184 2404 Artapani
1227 2336 1321 2388 filii
1350 2335 1576 2397 cadunt,
1610 2333 1903 2404 Megabyzo
1927 2348 2141 2403 quoque
2164 2346 2288 2400 gra-

717 2428 858 2481 viter
887 2426 1091 2483 saucio.
1133 2426 1301 2495 Quem
1331 2426 1490 2495 huius
1517 2442 1703 2483 casum
1738 2426 2089 2487 Artaxerxes,
2122 2424 2283 2479 item-

717 2509 1057 2589 que’Amytis
1085 2527 1140 2574 et
1163 2516 1519 2584 Rbodngune,
1568 2516 1917 2586 ipsarumque
1947 2523 2118 2569 mater
2139 2514 2289 2567 Ami-

717 2612 850 2667 stris
898 2611 1247 2665 vehementer
1302 2610 1579 2663 luxerunt.
1639 2606 1881 2661 Tandem
1930 2614 2132 2668 tamen,
2184 2603 2286 2657 etsi

717 2718 861 2773 aegre
916 2702 1242 2761 admodum.
1345 2700 1540 2766 insigni
1602 2699 1881 2769 diligentia
1950 2695 2285 2765 Apollonide

714 2795 811 2847 Coi
845 2793 1039 2847 medici
1069 2800 1313 2846 servatus
1339 2801 1441 2846 est.

787 2882 1109 2938 Desciscunt
1138 2884 1204 2936 ab
1256 2882 1559 2937 Artaxerxe
1612 2882 1826 2948 Bactra,
1880 2896 1985 2935 una
2034 2896 2156 2937 cum
2199 2896 2290 2937 sa-

716 2986 867 3044 trapa
914 2976 1189 3043 Artapano
1236 2975 1411 3027 altero
1448 2982 1503 3027 et
1534 2983 1804 3042 pugnatur
1846 2989 2001 3042 aequo
2033 2975 2290 3043 utrlnque

716 3065 908 3119 Marte.
939 3064 1045 3119 Sed
1079 3081 1200 3120 cum
1227 3064 1543 3132 jamfaltero
1572 3065 1706 3118 inito
1738 3064 1923 3133 ιιι-ωηο
1958 3064 2011 3117 in
2040 3064 2289 3119 Bactrio-

714 3172 834 3209 rum
886 3156 1079 3210 faciem
1123 3168 1316 3210 ventus
1350 3155 1607 3222 spiraret,
1660 3156 1910 3225 superior
1952 3158 2285 3211 Artaxerxes
2310 3191 2357 3252 ϐ

714 3247 967 3312 eﬂicitur,
1015 3256 1178 3316 atque
1220 3251 1272 3299 In
1322 3244 1441 3314 ejus
1481 3246 1741 3301 ditionem
1773 3247 1990 3300 Bactria
2037 3248 2286 3301 concedit

714 3342 989 3395 universa.

782 3432 987 3488 Defecit
1016 3443 1071 3486 et
1085 3430 1374 3502 IEgyptns,
1397 3429 1554 3484 lnaro
1579 3429 1769 3500 Lydio,
1803 3430 2085 3498 alteroque
2117 3429 2286 3500 Egy-

713 3526 828 3594 ptio
858 3525 1091 3594 quodam
1117 3523 1436 3579 defectionis
1479 3524 1816 3587 auctoribus,
1848 3531 1901 3575 et
1934 3523 2114 3576 omnia
2145 3524 2286 3576 bello

712 3617 949 3685 gerendo
1001 3613 1304 3669 necessaria
1365 3622 1773 3681 comparantur.
1830 3611 1968 3677 Quin
2016 3620 2070 3665 et
2118 3612 2286 3664 Athe-

713 3709 933 3761 nienses
980 3706 1140 3761 lnaro
1186 3707 1389 3773 petenti
1432 3705 1791 3773 quadraginta
1855 3705 2017 3756 na'ves
2058 3703 2287 3756 submit-

715 3808 855 3854 tnnt.
882 3798 1246 3865 Quamobrem
1289 3799 1618 3854 Artaxerxes
1663 3798 1777 3867 ipse
1808 3799 1860 3850 in
1890 3797 2030 3849 banc
2062 3795 2284 3865 expedi-

712 3894 914 3946 tionem
946 3890 1215 3960 proilcisci
1243 3892 1539 3960 cogitabat.
1576 3889 1771 3944 Verum
1810 3890 1860 3943 id
1883 3892 1932 3944 ei
1957 3890 2145 3942 amicis
2173 3888 2286 3942 dia-

711 3984 1088 4049 suadentibus,
1134 3983 1568 4037 Aclttemenidem
1606 3981 1829 4037 fratrem
1873 3996 1997 4035 cum
2045 3980 2281 4049 peditum

715 4077 951 4131 millibus
975 4076 1411 4147 quadringentis,
1484 4085 1538 4129 et
1614 4075 1838 4129 navibus
1891 4074 2164 4143 octoginta
2230 4072 2287 4126 in

712 4168 1003 4239 Egyptum
1043 4169 1228 4223 mittit.
1281 4166 1535 4239 Conﬂigit
1578 4166 1767 4221 lnarus
1825 4182 1946 4223 cum
2006 4166 2285 4219 Achaeme—

714 4262 875 4327 uidet;
922 4267 1181 4327 superant
1240 4258 1526 4329 Egyptii;
1578 4258 1988 4312 Achaemenides
2039 4256 2155 4325 ipse
2216 4257 2284 4310 ab

710 4348 870 4404 lnaro
900 4364 1190 4418 percussus
1220 4352 1477 4413 moritur,
1512 4362 1817 4418 corpusque
1845 4347 1910 4400 ad
1941 4348 2281 4401 Artaxerxen

713 4443 965 4495 mittitur.
1017 4440 1077 4495 In
1122 4441 1259 4493 mari
1303 4454 1518 4508 quoque
1565 4440 1850 4493 victoriam
1907 4436 2095 4491 lnarus
2140 4435 2282 4490 obti-

2391 606 2561 660 πάνου
2598 610 2679 670 είς
2711 609 2809 675 τὴν
2830 610 3011 663 οίκίαν
3056 612 3404 684 Ἀρτοξέρξου
3420 618 3487 678 ⁹¹,
3525 620 3698 674 πολλὰ
3740 620 3832 694 [59
3866 623 3961 696 H.]

2392 698 2530 765 βοῶν
2578 700 2673 752 καὶ
2728 700 3137 771 ἀπαρνούμενος
3159 706 3205 735 ⁹¹
3225 704 3302 768 ὡς
3352 707 3454 761 οὐκ
3485 708 3573 779 εἴη
3645 715 3839 779 φονεὺς
3865 715 3961 767 τοῦ

2390 792 2618 861 πατρὸς,
2647 792 2743 846 καὶ
2766 792 3121 865 ἀποθνήσκει.

2459 965 2571 1019 Καὶ
2628 965 2902 1034 βασιλεύει
2945 968 3303 1041 Ἀρτοξέρξης
3347 974 3548 1045 σπουδῇ
3593 976 3959 1046 Ἀρταπάνου.

2390 1055 2502 1109 Kal
2541 1057 2943 1113 ἐπιϐουλεύεται
3002 1060 3168 1115 πάλιν
3192 1062 3285 1115 ὑπ’
3310 1064 3499 1128 αὑτοῦ,
3552 1066 3644 1119 καὶ
3690 1067 3963 1138 λαμϐάνει

2390 1149 2644 1202 κοινωνὸν
2702 1153 2801 1221 τῆς
2846 1151 3041 1223 βουλῆς
3078 1154 3415 1227 Ἀρτάπανος
3467 1159 3792 1226 Μεγάϐυζον
3855 1162 3959 1231 ἢδη

2389 1238 2762 1311 λελυπημένον
2809 1242 2902 1296 ἐπὶ
2944 1245 3142 1313 τῇίδίᾳ
3196 1249 3417 1315 γυναικί
3462 1249 3657 1318 Ἀμύτι
3712 1251 3801 1304 διά
3859 1252 3962 1323 τὴν

2388 1326 2487 1396 τῆς
2519 1328 2761 1397 μοιχείας
2818 1331 3116 1401 ὑπόληψινο
3145 1336 3239 1387 καὶ
3266 1336 3453 1405 ὅρκοις
3483 1337 3747 1406 ἀλλήλους
3775 1340 3963 1409 ἀσφα-

2390 1420 2645 1483 λίζονται.
2719 1422 2878 1477 Ἀλλὰ
2941 1425 3132 1496 μηνύει
3192 1428 3371 1481 πάντα
3431 1430 3758 1498 Μεγάϐυζος
3786 1476 3800 1500 ,
3858 1438 3959 1489 καὶ

2390 1514 2691 1586 ἀναιρεῖται
2738 1516 3072 1585 Ἀρτάπανος
3105 1511 3150 1586 ᾧ
3202 1521 3390 1591 τρόπῳ
3440 1522 3665 1593 ἔμελλεν
3711 1526 3962 1597 ἀναιρεῖν

2402 1605 2778 1675 Ἀρτοξέρξην.
2797 1608 2908 1661 Kal
2932 1608 3139 1677 γίνεται
3174 1612 3352 1665 πάντα
3371 1612 3508 1682 δῆλα
3530 1615 3601 1667 τά
3617 1617 3960 1687 εἰργασμένα

2392 1694 2484 1747 ἐπὶ
2522 1695 2696 1768 Ξέρξῃ
2734 1698 2827 1751 καὶ
2854 1702 3145 1771 Δαρειαίῳ.
3214 1704 3307 1755 καὶ
3336 1704 3631 1759 ἀπόλλυται
3657 1710 3839 1779 πικρῷ
3863 1711 3961 1762 καὶ

2390 1787 2636 1857 κακίστῳ
2690 1788 2905 1860 θανάτῳ
2951 1792 3347 1863 ’Δσπαμίτρης,
3379 1795 3438 1855 δς
3466 1793 3534 1866 ἦν
3562 1799 3820 1862 κοινωνὸς
3863 1802 3961 1853 ἐπὶ

2387 1880 2499 1940 τοῖς
2532 1878 2715 1947 φόνοις
2746 1880 2946 1951 Ξέρξου
2980 1884 3073 1936 καὶ
3106 1886 3397 1954 Δαρειαίου
3420 1905 3434 1919 ·
3469 1887 3803 1957 σκαφεύεται
3844 1890 3961 1962 γὰρ

2386 1970 2483 2021 καὶ
2536 1968 2709 2033 οὕτως
2754 1973 3081 2044 ἀναιρεῖται.
3142 1976 3390 2046 Μάχηδδ
3420 1976 3630 2046 γίνεται
3684 1981 3821 2049 μετά
3861 1982 3962 2034 τὸν

2386 2060 2616 2115 θάνατον
2656 2064 2994 2135 Ἀρταπάνου
3032 2067 3142 2122 τῶν
3159 2085 3220 2122 τε
3247 2071 3573 2142 συνωμοτῶν
3620 2072 3786 2128 αὑτοῦ
3860 2074 3959 2127 καὶ

2384 2152 2494 2206 τῶν
2533 2154 2710 2208 ἄλλων
2768 2157 3011 2228 Περσῶν,
3065 2160 3159 2213 καὶ
3217 2161 3507 2216 πίπτουσιν
3532 2164 3591 2216 ὲν
3623 2168 3689 2235 τῇ
3732 2166 3957 2239 μάχῃοὶ

2384 2249 2537 2317 τρεῖς
2585 2248 2680 2301 τοῦ
2751 2249 3089 2320 Ἀρταπάνου
3146 2255 3272 2319 υίοὶ,
3310 2256 3740 2325 τραυματίζεται
3770 2258 3827 2311 δὲ
3861 2262 3961 2313 καὶ

2386 2338 2707 2405 Μεγάϐυζος
2753 2340 2988 2413 ίσχυρῶς
3010 2359 3025 2373 ·
3080 2343 3176 2397 καὶ
3232 2344 3424 2416 θρηνεῖ
3460 2347 3816 2419 Ἀρτοξέρξης
3857 2350 3959 2402 καὶ.

2386 2430 2420 2499 ἡ
2455 2430 2680 2498 Ἀμύτις
2742 2434 2892 2504 καὶὴ
2933 2433 3249 2506 Ῥοδογούνη
3307 2440 3400 2492 καὶ
3447 2440 3482 2512 η
3540 2441 3723 2513 μήτηρ
3772 2441 3958 2495 αὐτῶν

2397 2515 2719 2593 Ἀμῆσετρις,
2758 2526 2853 2578 καὶ
2881 2525 3034 2595 μόλις
3068 2529 3234 2600 πολλῇ
3267 2531 3558 2605 ἐπιμελείᾳ
3590 2533 3967 2606 περισώζεται

2400 2614 2784 2670 Ἀπολλωνίδου
2797 2618 2844 2651 ’⁸
2880 2619 3065 2691 ἰατροῦ
3091 2623 3187 2676 τοῦ
3216 2625 3398 2697 Κῴου.

2470 2882 2785 2950 Ἀφίσταται
2824 2884 3172 2957 Ἀρτοξέρξου
3210 2889 3430 2960 Βάκτρα
3460 2891 3553 2946 καὶ
3583 2892 3612 2945 ὁ
3642 2892 3951 2964 σατράπης,

2386 2972 2544 3035 ἄλλος
2587 2976 2943 3045 Ἀρτάϐανος·
2974 2980 3071 3031 καὶ
3098 2980 3311 3045 γίνεται
3341 2981 3489 3052 μάχη
3523 2984 3805 3053 ίσοπαλής.
3844 2987 3960 3039 Kal

2387 3062 2595 3128 γίνεται
2640 3065 2802 3117 πάλιν
2842 3066 2909 3118 ὲκ
2943 3066 3221 3137 δευτέρου,
3253 3070 3349 3123 καὶ
3376 3072 3580 3141 ἀνέμου
3610 3073 3752 3126 κατά
3794 3075 3963 3145 πρόσο

2387 3172 2536 3208 ωπον
2577 3157 2859 3227 Βακτρίων
2906 3158 3243 3223 πνεύσαντος
3269 3162 3400 3232 νικᾷ
3440 3162 3817 3234 Ἀρτοξέρξης,
3861 3166 3964 3219 καὶ

2389 3251 2701 3319 προσχωρεί
2722 3248 2870 3320 αὺτῷ
2896 3251 3044 3303 πᾶσα
3070 3250 3335 3322 Βακτρία.

2467 3424 2786 3494 Ἀφίσταται
2844 3426 3159 3495 Αἴγυπτος,
3205 3428 3412 3499 Ἰνάρου
3456 3426 3649 3483 Λυδίου
3665 3429 3713 3461 ⁵⁸
3766 3432 3967 3502 ἀνδρὸς

2385 3521 2481 3570 καὶ
2510 3517 2697 3588 ἑτέρου
2727 3519 3023 3584 Αίγυπτίου
3063 3520 3161 3589 τὴν
3190 3520 3492 3573 ἀπόστασιν
3538 3520 3963 3592 μελετήσαντος.

2384 3609 2477 3659 καὶ
2529 3608 3004 3677 εὐτρεπίζεταιτά
3042 3610 3179 3678 πρὸς
3238 3610 3510 3679 πόλεμον·
3551 3610 3835 3681 πέμπουσι
3867 3614 3967 3666 καὶ

2398 3699 2671 3771 Ἀθηναῖοι
2725 3702 3094 3771 αἰτησαμένου
3136 3700 3303 3755 αὐτοῦ
3350 3706 3763 3775 τεσσαράκοντα
3800 3707 3964 3777 νῆας.

2386 3793 2495 3845 Kal
2547 3793 2745 3865 μελετᾷ
2801 3795 2966 3856 αὐτὸς
3002 3795 3359 3868 Ἀρτοξέρξης
3412 3799 3835 3870 ἐκστρατεῦσαι,
3860 3803 3965 3853 καὶ

2382 3883 2493 3937 τῶν
2521 3884 2692 3951 φίλων
2724 3885 2783 3937 οὐ
2821 3884 3297 3955 συμϐουλευόντων
3337 3888 3547 3957 πέμπει
3581 3890 3969 3961 Ἀχαιμεδίνην

2384 3976 2475 4029 τὸν
2500 3976 2748 4045 ἀδελφὸν,
2776 3978 3187 4047 τεσσαράκοντα
3211 3979 3311 4049 μὲν
3343 3980 3607 4049 μυριάδας
3622 3982 3970 4051 ἐπαγόμενον

2386 4068 2701 4137 στράτευμα
2732 4070 2979 4135 πεζικὸν,
3015 4070 3149 4140 νῆας
3173 4071 3229 4123 δὲ
3262 4078 3337 4126 π’.
3390 4071 3698 4142 Συμϐάλλει
3726 4074 3968 4144 πόλεμον

2388 4157 2601 4227 Ἰναρος
2630 4158 2767 4229 πρὸς
2813 4158 3215 4229 Ἀχαιμενίδην,
3252 4161 3347 4213 καὶ
3394 4160 3617 4217 νικῶσιν
3648 4164 3967 4230 Αίγύπτιοι,

2385 4249 2477 4301 καὶ
2506 4246 2761 4317 βάλλεται
2804 4250 3179 4321 Ἀχαιμενίδης
3212 4252 3319 4303 ὑπὸ
3344 4253 3569 4325 Ἰνάρου,
3598 4255 3693 4307 καὶ
3716 4254 3967 4323 θνήσκει,

2384 4340 2479 4393 καί
2528 4340 2921 4411 ἀποπέμπεται
2962 4343 2991 4395 ό
3027 4343 3222 4412 νεκρὸς
3257 4344 3423 4397 αὑτοῦ
3456 4346 3538 4408 εἰς
3579 4346 3967 4419 Ἀρτοξέρξην.

2397 4435 2681 4505 Ἐνίκησεν
2715 4435 2935 4505 Ἴναρος
2959 4436 3055 4488 καὶ
3088 4435 3228 4488 κατὰ
3286 4436 3556 4491 θάλατταν
3570 4438 3641 4500 ⁸⁸,
3665 4439 3970 4510 Χαριτιμί-

713 4538 851 4601 nuit,
916 4550 1165 4603 magnam
1209 4535 1278 4587 ibi
1334 4534 1559 4604 gloriam
1626 4532 1849 4600 indepto
1897 4527 2276 4592 Charitimide,
2311 4529 2354 4585 D

2384 4530 2473 4583 δου
2490 4531 2536 4562 ’⁸
2565 4530 3045 4601 εὐδοκιμήσαντος,
3077 4532 3136 4593 ὃς
3184 4530 3293 4584 τῶν
3324 4532 3382 4597 ἐξ
3429 4531 3667 4603 Ἀθηνῶν
3713 4540 3764 4603 μ’
3815 4534 3967 4604 νηῶν

708 4628 802 4697 qui
829 4626 1185 4697 quadraginta
1212 4625 1426 4679 illarum
1471 4624 1711 4689 navium,
1739 4637 1858 4691 quae
1886 4621 1955 4675 ab
1983 4618 2283 4672 Athenien-

711 4720 862 4774 sibus
915 4719 1271 4781 advenerant,
1312 4715 1598 4785 prazfectus
1636 4724 1776 4769 erat.
1822 4710 1957 4766 Nam
1996 4726 2062 4765 ex
2107 4709 2273 4779 quin-

712 4810 971 4881 quaginta
1019 4810 1246 4865 navibus
1270 4808 1529 4871 Persicis,
1559 4806 1743 4877 viginti
1776 4820 1899 4860 cum
1931 4805 2061 4874 ipsis
2100 4802 2280 4857 homi-

716 4904 878 4958 nibus
923 4913 1097 4973 captae
1146 4911 1295 4965 sunt,
1341 4900 1561 4969 reliqua:
1591 4898 1809 4967 triginta
1870 4897 2100 4965 periere.
2136 4894 2277 4967 4οὸ

710 4996 945 5049 Mittitur
1001 5006 1124 5065 post
1179 4994 1291 5048 haec
1335 4992 1658 5062 Megabyzus
1727 4992 1984 5043 adversus
2032 4988 2273 5051 lnarutn,

708 5090 798 5158 qui
827 5088 891 5141 ad
937 5088 1124 5157 copias
1154 5101 1273 5155 quae
1311 5087 1533 5155 reliqua:
1583 5083 1819 5147 fuerant,
1849 5083 2013 5136 alium
2048 5080 2279 5133 ducebat

711 5179 1009 5233 exercitum
1054 5180 1410 5235 ducentorum
1445 5177 1697 5242 millium,
1742 5188 1868 5231 cum
1907 5172 2133 5229 navibus
2172 5180 2281 5224 tre-

2387 4622 2782 4693 ὲχρημάτιζε⁹⁷
2821 4622 3091 4693 ναύαρχος
3112 4639 3125 4652 '
3156 4626 3251 4678 καὶ
3277 4632 3318 4678 ν’
3360 4626 3583 4694 Περσῶν
3608 4629 3755 4697 νῆες,
3783 4629 3839 4680 αί
3864 4628 3972 4697 μὲν

2387 4714 2435 4769 κ’
2452 4715 2637 4787 αὐτοῖς
2668 4712 2924 4784 ἀνδράσιν
2957 4714 3291 4786 ἐλήφθησαν.
3322 4717 3379 4768 αἱ
3407 4716 3462 4769 δὲ
3492 4716 3533 4769 λ’
3564 4716 3967 4787 διεφθάρησαν,

2386 4800 2505 4858 εἶτα
2526 4786 2806 4874 πέμπεται
2834 4804 2975 4858 κατά
3009 4804 3217 4872 Ίνάρου
3248 4806 3595 4874 Μεγάϐυζος,
3617 4786 3967 4877 ἑπαγόμενος

2383 4896 2511 4950 ἄλλο
2537 4896 2853 4966 στράτευμα
2885 4896 3024 4966 πρὸς
3053 4897 3133 4966 τῷ
3168 4896 3567 4965 ὑπολειφθέντι,
3592 4897 3858 4967 μυριάδας
3890 4905 3966 4961 κ’,

2383 4988 2479 5039 καὶ
2535 4988 2667 5057 νῆας
2695 4986 2761 5050 τ’,
2826 4986 2923 5040 καὶ
2973 4988 3273 5058 ἐπιστάτην
3330 4989 3520 5051 αὑταῖς
3540 4989 3585 5021 ’⁸
3626 4989 3966 5059 ⁸ορίσκον⁹⁹,

2382 5078 2458 5141 ὼς
2479 5074 2619 5133 εἶναι
2640 5082 2810 5150 χωρὶς
2825 5079 2933 5133 τῶν
2959 5080 3097 5133 νεῶν
3118 5081 3179 5133 τὸ
3202 5080 3330 5134 ἀλλο
3358 5080 3562 5151 πλῆθος
3592 5080 3635 5134 ν’
3663 5081 3963 5151 μυριάδας*

2397 5170 2785 5240 Ἀχαιμενίδης
2836 5171 2947 5241 γὰρ
2999 5171 3090 5223 ὅτε
3120 5169 3306 5237 ἔπεσε,
3335 5170 3467 5224 δέκα
3499 5169 3757 5242 μυριάδες
3786 5169 3965 5240 αὐτῷ,

1973 5283 2200 5339 νΑῐιιιλΕ
2234 5283 2640 5341 LECTIONES.

778 5384 827 5413 ‘°
872 5380 1238 5453 Ἀρταξέρξης
1303 5399 1364 5453 ς.

1441 5381 1487 5413 οι
1527 5379 1897 5451 Ἀρτοξέρξου,
1921 5394 2084 5451 ,σοι-,τ-
2134 5379 2178 5431 Α
2211 5377 2549 5451 Maesta“?!
2595 5394 2655 5440 ς·

2736 5376 3231 5449 ξ’,ᾁπαρνονύμεχρς
3288 5377 3332 5431 Α
3355 5396 3399 5449 λεν
3437 5378 3870 5449 παραινούμενος
3898 5397 3965 5443 ς.

717 5454 765 5484 ’³
794 5446 1180 5505 Ἀπολλωνίδου
1196 5446 1514 5518 Stephanus
1552 5470 1565 5506 :
1593 5446 1719 5505 libri
1750 5446 2132 5503 Ἀπολλωνίου.
2213 5448 2261 5479 ⁸⁸
2290 5446 2511 5519 ᾼυδίου]
2538 5449 2707 5519 immo
2738 5446 2957 5519 Λίϐυος.
2985 5446 3094 5519 vid.
3127 5446 3429 5519 Thucydid.
3481 5446 3681 5517 1,·104.
3711 5446 3722 5449 “
3754 5449 3801 5481 ⁸⁸
3834 5449 3972 5503 θάλ-

717 5522 923 5577 λασσαν
952 5541 1012 5587 ς.
1087 5523 1134 5554 ⁸⁸
1165 5522 1543 5593 χαριστιμίδου
1564 5522 1628 5575 Α.
1707 5522 1752 5553 ’⁷
1780 5521 2115 5591 ἐχρημάτισε
2147 5536 2209 5583 ς.

2284 5518 2331 5548 ’⁸
2366 5518 2489 5571 libri
2517 5518 2718 5580 αὐτοῖς.

2796 5519 2841 5549 ’⁸
2879 5517 3129 5588 Ὧρίσκον
3164 5535 3225 5583 ς.

2230 5634 2456 5692 NOTAE.

786 5729 901 5800 (96)
934 5730 1284 5800 Longimanua
1317 5740 1695 5799 cognomento.

792 5748 901 5800 (uo)
934 5748 1041 5785 wn
1078 5748 1284 5787 manus
1317 5748 1695 5799 cognomento.

792 5803 905 5874 (97)
929 5748 1096 5860 Paufo
1128 5811 1253 5861 ante
1281 5802 1573 5875 Spamttrca
1595 5803 1790 5859 dictus.

2466 5726 2579 5798 (98)
2608 5726 2784 5782 Habes
2812 5728 2863 5783 id
2893 5742 2922 5781 a
2954 5726 3251 5811 Plutarcho
3274 5730 3603 5801 dcscriptum
3626 5730 3681 5787 in
3705 5728 3824 5786 Vita
3858 5729 3967 5786 Ar-

2394 5807 2654 5864 taxerxae,
2680 5814 2803 5854 mox
2838 5815 2868 5854 a
2900 5807 3190 5870 principio.
