4224 6442
227 413 333 480 189

1319 419 1845 487 BIBLIOTHECA.
1864 452 1935 463 -
1969 427 2131 493 COD.
2161 430 2399 495 LXXII.

3380 440 3479 509 199

223 526 286 590 εξ
309 520 385 579 ὧν
416 520 523 598 ἦγε
556 532 631 596 μ’,
661 526 1146 600 συνδιεφθάρησαν.
1208 528 1424 583 Γίνεται
1478 531 1573 585 οὖν
1645 536 1796 605 μάχη
1830 550 1874 603 Α

1830 550 1874 603 Α
1903 542 2095 604 centls,
2127 544 2323 611 quibus
2369 544 2594 600 Orlscus
2639 557 2899 616 praeerat:
2950 560 3008 605 ut
3060 563 3257 623 preter
3290 571 3475 620 naves,

225 620 500 688 κρατερὰ,
518 618 613 671 καὶ
632 617 927 673 πίπτουσιν
947 620 1334 691 ἀμφοτέρωθεν
1354 621 1561 687 πολλοὶ,
1586 624 1804 690 πλείους

222 711 280 761 δὲ
323 710 639 778 Δίγύπτιοι,
688 712 781 764 καὶ
818 711 1001 781 βάλλει
1032 712 1357 780 Μεγάϐυζος
1400 715 1481 775 είς
1508 715 1600 767 τὸν
1635 716 1809 785 μηρὸν

228 804 506 872 ’1ναρον⁸,
572 804 667 855 καὶ
718 804 999 876 τρέπεται,
1048 806 1143 858 καὶ
1163 804 1355 857 νικῶσι
1408 806 1612 875 Πέρσαι
1668 807 1807 860 κατά

226 894 454 961 κράτος.
481 892 679 959 Φεύγει
698 893 756 945 δὲ
795 893 931 964 πρὸς
984 893 1080 963 τὴν
1108 893 1310 947 Βύϐλον
1337 895 1551 965 ’ῐναρος
1575 895 1753 965 (πόλις
1785 898 1806 929 ³

228 985 429 1055 ισχυρὰ
458 985 519 1037 ὲν
542 983 804 1055 Αἰγύπτῳ
862 983 1048 1054 αὕτη),
1093 986 1186 1039 καὶ
1222 987 1269 1038 oi
1306 985 1569 1056 Ἕλληνες
1602 987 1656 1041 δὲ
1688 988 1806 1056 μετ’

224 1074 419 1136 αὑτοῦ,
471 1075 587 1126 ὅσοι
620 1074 694 1143 μὴ
720 1075 866 1145 ἑντῇ
888 1076 909 1105 ⁸
945 1076 1093 1147 μάχῃ
1127 1076 1223 1127 καὶ
1272 1074 1410 1144 μετά
1446 1076 1807 1146 Χαριτιμίδου

224 1165 523 1219 ἀπέθανον.
589 1164 712 1236 [lit
758 1164 851 1236 ἢ]
895 1166 1293 1237 Προσχωρεῖδὲ
1320 1168 1595 1235 Δῐγυπτος
1660 1169 1804 1239 πλήν

224 1256 440 1309 Βύϐλου
470 1256 607 1327 πρὸς
648 1256 993 1322 Μεγάϐυζον.
1039 1257 1194 1311 Ἐπεὶ
1222 1256 1280 1311 δὴ
1320 1257 1505 1327 εκείνη
1532 1258 1809 1324 ἀνάλωτος

223 1350 429 1414 ἐδόκει,
480 1348 767 1401 σπένδεται
809 1348 946 1417 πρὸς
986 1349 1197 1419 Ἰναρον
1218 1349 1313 1403 καὶ
1359 1351 1487 1413 τοὺς
1506 1349 1801 1421 Ἕλληνας,

222 1440 626 1510 ἑξακισχιλίους
666 1440 825 1502 ὂντας
852 1440 945 1492 καὶ
972 1439 1053 1492 ἔτι
1090 1440 1249 1511 πρὸς,
1285 1442 1315 1493 ὀ
1346 1441 1693 1508 Μεγάϐυζος,
1721 1444 1807 1512 ὶφ’

219 1525 265 1599 ᾧ
295 1534 470 1603 μηδὲν
528 1532 699 1586 κακὸν
750 1533 903 1604 παργά
935 1533 1198 1602 βασιλέως
1230 1531 1321 1605 [60
1355 1532 1449 1607 IL]
1478 1533 1684 1597 λαϐεῖν,
1713 1536 1809 1589 καὶ

220 1627 347 1688 τοὺς
378 1626 673 1694 Ἕλληνας,
717 1625 805 1678 ὅτε
835 1626 1129 1694 βούλοιντο,
1165 1625 1303 1695 πρὸς
1334 1627 1405 1679 τά
1424 1628 1601 1680 οἰκεῖα
1639 1628 1810 1682 επαν-

221 1719 421 1773 ελθεῖν.
448 1719 753 1789 Καθίστησι
780 1719 837 1771 εδ
859 1719 957 1789 τῆς
980 1718 1257 1787 Αἰγύπτου
1284 1721 1567 1791 σατράπην
1586 1721 1805 1790 Σαρσά-

224 1825 331 1875 μαν
347 1810 391 1861 ⁵.
424 1809 536 1861 Καὶ
560 1806 745 1861 λαϐὼν
791 1810 1005 1878 ἰναρον
1045 1809 1287 1870 καὶτοὺς
1326 1808 1592 1878 Ἕλληνας
1628 1827 1807 1880 παραυ

1913 630 2132 699 reliqua:
2181 632 2350 701 copia:
2415 636 2839 705 quingentorum
2909 642 3137 697 millium
3193 661 3478 701 numerum

1908 721 2208 790 explerent.
2254 722 2387 777 Nam
2420 740 2541 779 cum
2586 726 2995 786 Achaemenides
3021 734 3237 800 cecidit,
3277 751 3308 790 e
3338 752 3479 806 qua-

1909 814 2207 883 dringentis
2241 815 2475 871 millibus
2496 833 2614 886 qua:
2643 819 2895 887 duxerat,
2931 835 3145 879 centum
3180 842 3285 881 una
3310 830 3478 882 millia

1910 907 2202 973 perierant.
2236 903 2510 976 Pugnatur
2541 911 2721 981 itaque
2768 916 2925 969 modo
2966 916 3187 979 acriter,
3231 934 3295 973 ac
3349 919 3481 974 mul-

1912 998 1979 1050 tis
2009 999 2262 1068 utrinque
2313 1002 2653 1069 cadentibus,
2681 1006 2863 1074 plures
2904 1018 3081 1062 tamen
3113 1007 3355 1080 Ευριῆ
3391 1026 3483 1067 oc-

1908 1090 2192 1145 cumbunt.
2246 1090 2459 1147 lnarum
2517 1097 2731 1150 tamlem
2806 1097 3130 1169 Megaliyzus
3175 1104 3226 1154 in
3276 1100 3482 1158 femore

1911 1181 2176 1246 vulnerat,
2205 1193 2367 1254 atque
2410 1186 2461 1239 in
2496 1186 2674 1256 fugam
2720 1193 2878 1243 vertit
2911 1210 2923 1245 :
2968 1203 3024 1246 et
3070 1193 3275 1248 viribus
3303 1194 3483 1251 Persa

1912 1270 2163 1329 fortiores
2241 1272 2371 1330 facti
2437 1276 2683 1333 vincunt.
2744 1278 2975 1351 Fugiens
3028 1294 3211 1337 autem
3267 1284 3481 1350 lnarus,

1910 1362 2133 1435 Byblum
2164 1378 2223 1418 se
2249 1368 2449 1435 recepit
2477 1366 2629 1435 (urbs
2667 1368 2781 1423 haec
2816 1371 2867 1424 in
2906 1370 3141 1442 Egypto
3180 1382 3265 1427 est
3289 1375 3482 1428 admo-

1910 1456 2035 1510 dum
2072 1457 2300 1527 munita)
2346 1470 2401 1513 et
2438 1474 2559 1513 cum
2594 1476 2661 1515 eo
2698 1460 2869 1518 Graeci
2918 1478 3126 1531 omnes,
3172 1467 3483 1537 quicunque

1910 1551 1993 1605 vel
2025 1551 2078 1605 in
2102 1551 2305 1622 pralio,
2327 1553 2411 1608 vel
2434 1569 2554 1609 cum
2576 1554 2934 1613 Charimitide
2957 1559 3082 1614 cesi
3117 1574 3219 1613 non
3245 1558 3478 1614 fuerant.

1910 1643 2023 1711 Qua
2047 1660 2114 1697 ex
2155 1658 2214 1697 re
2248 1655 2445 1714 praeter
2493 1645 2745 1718 Byblum,
2808 1646 3073 1718 Egyptus
3120 1650 3369 1704 universa
3412 1650 3481 1704 ad

1912 1730 2181 1801 blegabazi
2231 1742 2411 1801 partes
2464 1750 2522 1789 se
2556 1734 2818 1804 adiunxit.
2868 1735 2933 1790 Et
2978 1738 3233 1806 quoniam
3278 1738 3482 1808 Byblus

1911 1825 2202 1892 expugnari
2261 1840 2367 1877 non
2405 1840 2567 1893 posse
2623 1828 2928 1891 videbatur,
2991 1828 3315 1898 Megabyzus
3357 1845 3479 1883 cum

222 1900 435 1968 γίνεται
463 1901 596 1967 πρὸς
622 1900 849 1970 Ξέρξην,
882 1902 975 1953 καὶ
1006 1900 1250 1970 εὑρίσκει
1272 1899 1392 1952 λίαν
1428 1901 1794 1971 κατάΊνάρου
1841 1895 1881 1949 Β

1841 1895 1881 1949 Β
1913 1911 2071 1967 lnaro
2103 1924 2156 1967 et
2193 1912 2416 1976 Gracia.
2457 1930 2685 1985 quorum
2730 1926 2885 1971 erant
2934 1895 3096 1988 supra
3148 1895 3238 1973 sex
3285 1920 3479 1982 millia.

220 1993 631 2063 τεθυμωμένον,
658 1994 740 2047 ὅτι
760 1993 851 2047 τὸν
887 1992 1113 2062 ἀδελφὸν
1143 1992 1527 2063 ’Δχαιμενίδην
1551 1994 1787 2045 ἀπεκτο-

221 2087 324 2148 νὼς
371 2086 483 2154 εἴη.
533 2086 809 2154 Διηγεῖται
838 2084 908 2139 τά
952 2085 1215 2154 γεγονότα
1270 2084 1595 2150 Μεγάϐυζος
1612 2086 1655 2147 ³,
1708 2084 1804 2137 καὶ

220 2178 294 2239 ὡς
321 2178 542 2240 πίστεις
590 2178 717 2241 δοὺς
767 2179 958 2248 Ἰνάρῳ
1009 2178 1100 2231 καὶ
1157 2178 1271 2238 τοῖς
1310 2176 1535 2245 Ἕλλησι
1600 2176 1802 2229 Βύϐλον

221 2272 442 2339 εἴληφε·
493 2272 588 2323 καὶ
638 2269 931 2334 ἰξαιτεῖται
976 2269 1225 2339 λιπαρῶς
1275 2267 1499 2337 βασιλέα
1528 2269 1789 2339 περὶτῆς

223 2361 450 2412 αύτῶν⁶
508 2360 801 2429 σωτηρίας,
860 2361 953 2412 καὶ
998 2358 1287 2429 λαμϐάνει,
1340 2358 1432 2411 καὶ
1496 2356 1797 2425 ἑξάγεται⁷

222 2458 377 2520 τέλος
408 2459 477 2525 τῇ
506 2458 737 2527 στρατιᾷ
781 2455 858 2519 ὡς
884 2456 1095 2525 Ἰναρος
1152 2453 1249 2507 καὶ
1278 2453 1329 2505 oi
1361 2451 1619 2523 Ἕλληνες
1649 2452 1804 2505 οὐδὲν

1914 2004 2018 2061 fide
2047 2006 2171 2061 data
2216 2009 2529 2080 paciscitur,
2577 2009 2783 2063 nullum
2824 2025 2920 2065 eos
2952 2026 2981 2065 a
3017 2028 3143 2082 rege
3184 2014 3483 2067 incommo-

1912 2094 2035 2148 dum
2085 2104 2427 2166 accepturos,
2468 2113 2532 2154 ac
2580 2098 2798 2155 Graecos
2849 2102 3034 2169 etiam,
3085 2119 3207 2158 cum
3262 2102 3478 2165 liberet.

1912 2187 2129 2241 domum
2180 2204 2511 2245 reversuros.
2549 2190 2835 2247 Sartaman
2872 2194 3033 2263 igitur
3076 2210 3198 2249 cum
3245 2194 3482 2266 Egypto

1912 2277 2266 2346 prafecisset,
2322 2292 2603 2350 assumpto
2652 2295 2834 2336 secum
2886 2280 3044 2338 lnaro
3070 2282 3384 2352 Grecisque
3413 2284 3479 2337 ad

1913 2366 2249 2421 Artaxerxen:
2307 2369 2713 2435 proficiscitur:
2754 2385 2914 2440 quem
2956 2372 3163 2425 invenit
3205 2372 3360 2426 lnaro
3391 2386 3483 2425 ve-

1913 2456 2197 2510 hementer
2230 2458 2452 2521 iratum,
2483 2460 2622 2527 quod
2660 2460 2704 2513 is
2733 2460 3164 2515 Achaemeniden!
3208 2461 3348 2531 regis
3373 2458 3483 2514 fra-

225 2552 397 2604 κακὸν
428 2550 709 2602 πείσονται
725 2549 769 2603 ⁸.

1914 2556 2049 2601 trem
2110 2549 2474 2605 interfecerat.
2528 2548 2701 2606 Porro
2763 2551 3108 2622 Megabyzus,
3160 2567 3281 2622 qua:
3329 2561 3478 2621 gesta

229 2646 472 2710 fuerant,
509 2644 687 2697 omnia
718 2651 933 2709 narrat,
961 2651 1019 2699 et
1051 2643 1324 2713 quomodo
1354 2642 1457 2697 llde
1481 2640 1639 2697 lnaro
1669 2641 1980 2712 Graecisque
2015 2644 2139 2697 data
2207 2645 2432 2715 Byblum
2482 2646 2724 2716 ceperit:
2783 2648 3034 2715 precibus
3099 2648 3222 2702 dein
3292 2648 3477 2700 multis

229 2745 369 2809 apud
427 2756 631 2811 regem,
661 2740 936 2806 instando,
980 2753 1040 2795 ut
1083 2740 1263 2795 salvos
1318 2756 1413 2795 eos
1466 2754 1591 2795 esse
1639 2739 1823 2802 vellet,
1866 2740 2135 2809 postulata
2177 2741 2478 2813 impetrat:
2520 2743 2847 2813 tandemque
2894 2746 2961 2797 ad
3028 2743 3329 2799 exercitum
3374 2744 3482 2797 de-

230 2835 422 2896 fertur.
480 2834 695 2889 tuarum
750 2849 813 2889 ac
845 2834 1067 2890 Grecos
1113 2834 1248 2889 nihil
1292 2836 1418 2889 mali
1460 2848 1583 2889 esse
1634 2848 1909 2903 passuros.

294 2948 609 3019 ’Δμύτιςδὲ
638 2948 778 3019 ὑπὲρ
810 2948 906 3003 τοῦ
962 2948 1152 3023 ¹ειταιδδς
1184 2948 1603 3018 ’Δχαιμενίδουθ
1654 2948 1805 3001 δεινά

1787 2949 1805 3001 ι
1990 2950 2277 3004 Enimvero
2308 2951 2517 3022 Amytis
2541 2950 2676 3019 (99),
2712 2964 2820 3019 pra:
2848 2948 3032 3003 dolore
3078 2963 3141 3003 ex
3171 2948 3263 3002 lilii
3291 2948 3455 3002 Aclue

228 3044 500 3104 ἐποιεῖτο,
552 3041 602 3093 εί
662 3040 739 3112 μὴ
788 3042 1164 3111 τιμωρήσαιτο
1183 3040 1225 3072 ⁸⁸
1262 3040 1474 3110 ’ῐναρον
1520 3039 1617 3092 καὶ
1679 3041 1806 3099 τοὺς

1921 3040 2150 3096 menida:
2179 3042 2423 3108 interitu,
2471 3044 2742 3112 indignam
2792 3056 2905 3096 rem
2943 3039 3057 3094 fore
3093 3039 3476 3100 arbitrabatur,

227 3132 538 3201 Ἕλληνας-⁸
598 3134 693 3185 καὶ
738 3133 971 3186 αἰτεῖται
1014 3132 1189 3185 ταῦτα
1238 3130 1472 3201 βασιλεῖ,
1512 3133 1541 3184 ὁ
1600 3130 1658 3183 δὲ
1709 3131 1810 3183 οὐκ

1807 3170 1810 3180 ,
1920 3134 2020 3185 nisi
2058 3148 2177 3186 cum
2217 3132 2419 3187 Graecis
2448 3133 2638 3188 lnarus
2685 3147 2898 3203 quoque
2927 3146 3117 3201 pinnas
3146 3130 3251 3185 sibi
3285 3133 3475 3195 daret;

225 3223 547 3277 ινδίδωσινο
600 3218 719 3278 εἶτα
775 3224 1169 3295 Μεγαϐύζῳιί,
1220 3227 1249 3278 ὁ
1299 3224 1355 3276 δὲ
1394 3223 1806 3293 ἀποπέμπεται.

1916 3238 2085 3293 quare
2116 3224 2184 3278 ab
2220 3240 2344 3293 rege
2371 3225 2472 3279 sibi
2524 3224 2646 3280 illos
2688 3225 2963 3294 poposcit;
3013 3237 3197 3276 verum
3246 3220 3335 3275 ille
3374 3237 3480 3275 non

226 3312 360 3370 Εἶτα
388 3318 514 3369 ἐπεὶ
547 3316 763 3387 διώχλει
789 3318 879 3371 τὸν
900 3320 1035 3383 υίδν,
1061 3317 1486 3387 κατειργάσατο,
1529 3316 1623 3368 καὶ
1650 3316 1806 3367 πέντε
1840 3366 1881 3387 η

1840 3366 1881 3387 η
1918 3315 2170 3382 tradidit;
2236 3318 2428 3372 deinde
2496 3317 2564 3371 ab
2614 3316 2731 3384 ipso
2791 3314 3116 3387 Mcgabyso.
3183 3314 3275 3370 sed
3331 3327 3483 3381 aeque

225 3410 610 3481 παρελθόντων
638 3411 774 3464 ἑτῶν
801 3412 1066 3483 λαμϐάνει
1098 3411 1191 3464 τδν
1224 3412 1437 3479 Ἵναρον
1468 3410 1619 3480 παρὰ
1652 3409 1810 3478 βασι·
1839 3408 1881 3427 ’⁵

1839 3408 1881 3427 ’⁸
1919 3412 2198 3481 repellitur
2240 3428 2254 3465 :
2301 3412 2473 3465 donec
2507 3410 2741 3474 tandem,
2781 3412 2903 3463 dum
2949 3410 3057 3462 lilio
3105 3408 3326 3463 molesta
3361 3421 3482 3461 esse

226 3504 366 3568 λέως
420 3504 515 3558 καὶ
542 3504 669 3568 τοὺς
692 3504 978 3575 Ἕλληνας.
1012 3504 1122 3558 Kal.
1153 3502 1537 3573 ἀνεσταύρωσε
1584 3503 1686 3571 μὲν
1721 3502 1814 3554 ἐπὶ

1914 3519 2020 3558 non
2073 3503 2299 3565 desinit,
2356 3504 2497 3571 quod
2542 3501 2763 3569 Optabat
2804 3499 3071 3565 confecit,
3128 3500 3482 3568 quintumque

225 3601 375 3669 τρισὶ
436 3598 690 3667 σταυροῖς
727 3612 743 3626 ⁸
808 3598 1149 3666 πεντήκοντα
1188 3596 1246 3648 δὲ
1306 3596 1571 3666 Ἐλλήνων
1601 3634 1617 3656 ,
1658 3597 1815 3656 ὅσους

1814 3616 1815 3621 η
1916 3605 2037 3665 post
2063 3610 2260 3649 annum
2285 3594 2495 3648 [narum
2532 3595 2736 3663 pariter
2765 3602 2822 3647 et
2851 3592 3069 3647 Grmcos
3108 3607 3136 3645 a
3172 3605 3294 3659 rege
3320 3606 3482 3643 acce-

230 3691 422 3744 λαϐεῖν
477 3690 686 3757 ἴσχυσε,
752 3687 959 3742 τούτων
1000 3688 1161 3759 ἔτεμε
1214 3686 1315 3750 τὰς
1375 3686 1638 3755 κεφαλάς.
1701 3686 1814 3739 Kal.

1810 3723 1814 3736 .
1917 3686 2012 3755 pit.
2041 3684 2105 3738 Et
2136 3684 2387 3739 crucibus
2430 3684 2643 3752 quidem
2695 3682 2866 3737 tribus
2912 3683 2988 3753 (l)
3042 3682 3187 3735 illum
3237 3679 3478 3735 snl'lixit:

230 3782 480 3852 ἐλυπήθη
525 3781 704 3851 λύπην
733 3780 969 3853 σφοδράν
1000 3779 1351 3847 Μεγάϐυζος,
1384 3779 1478 3832 καὶ¹
1526 3778 1814 3847 ἐπένθησε,

229 3877 325 3929 καὶ
372 3874 619 3946 ᾐτήσατο
638 3874 731 3926 ἐπὶ
753 3874 952 3942 Συρίαν
978 3874 1079 3942 τὴν
1108 3871 1304 3926 ἑαυτοῦ
1341 3872 1529 3943 χώραν
1562 3872 1809 3924 ἀπιέναι⁹

229 3967 471 4022 ενταῦθα
490 3966 667 4036 λάθρα
714 3965 809 4019 καὶ
840 3966 963 4027 τοὺς
990 3964 1183 4028 ἀλλους
1224 3964 1333 4018 τῶν
1374 3964 1647 4033 Ἑλλήνιον
1682 3980 1815 4033 προ-

230 4059 472 4128 έπεμπε.
530 4057 643 4110 Kal.
696 4056 884 4127 ἀπῄει,
938 4056 1036 4110 καὶ
1099 4056 1318 4125 ἀπέστη
1379 4054 1664 4125 βασιλέως,
1723 4056 1814 4106 καὶ

229 4150 474 4218 ἀθροίζει
529 4147 770 4218 μεγάλην
792 4148 1044 4218 δύναμιν,
1077 4147 1207 4217 ἄχρι
1234 4148 1293 4200 ιε’
1328 4148 1605 4218 μυριάδων
1646 4146 1819 4215 χωρὶς

230 4242 337 4295 τῶν
362 4241 578 4293 ἱππέων
607 4238 830 4294 καὶτῶν
860 4240 1059 4303 πεζῶν.
1092 4241 1201 4293 Καὶ
1220 4239 1499 4308 πέμπεται
1530 4237 1817 4307 Ούσιρις,¹¹

232 4333 353 4386 κατ’
381 4330 553 4385 αὑτοῦ
577 4333 674 4384 σὺν
708 4330 755 4383 κ’
790 4331 1035 4401 μυριάσι,
1068 4331 1162 4383 καὶ
1194 4329 1523 4383 συνάπτεται
1555 4329 1814 4397 πόλεμος,

234 4426 327 4478 καὶ
386 4423 676 4494 βάλλουσιν
737 4423 1001 4493 ἀλλήλους
1048 4420 1372 4490 Μεγάϐυζος
1391 4422 1483 4474 καὶ
1510 4420 1757 4491 Οὕσιρις,
1792 4422 1819 4473 ὁ

238 4519 335 4590 μιν
364 4516 628 4586 ἀκοντίῳ,
658 4518 750 4569 καὶ
775 4517 1034 4586 τυγχάνει
1058 4513 1382 4583 Μεγαϐύζου
1412 4515 1489 4577 είς
1518 4515 1611 4567 τὸν
1645 4514 1818 4584 μηρὸν

238 4611 329 4662 καὶ
380 4607 681 4678 τιτρώσκει
730 4607 858 4678 άχρι
913 4607 1190 4659 δακτύλων
1227 4606 1339 4669 δύο,
1388 4608 1415 4659 ὀ
1447 4605 1503 4658 δὲ
1558 4604 1819 4667 ὡσαύτως

1916 3778 1983 3833 de
2009 3777 2211 3833 Graecis
2243 3792 2371 3831 vero
2412 3777 2800 3847 quinquaginta
2838 3785 2939 3845 (tot
2983 3775 3125 3829 enim
3161 3788 3354 3843 capere
3385 3788 3482 3839 po-

1918 3868 2039 3939 tuit)
2078 3871 2252 3937 capita
2293 3869 2503 3924 curavit
2558 3867 2845 3936 amputari.
2892 3865 3083 3936 Magno
3134 3879 3261 3934 ergo
3302 3861 3484 3930 Mega-

1917 3963 2085 4031 byzus
2120 3961 2303 4015 dolore
2333 3960 2584 4029 luctuque
2608 3971 2919 4029 oppressus,
2957 3968 3014 4011 ut
3044 3956 3143 4010 sibi
3180 3956 3233 4009 in
3271 3954 3483 4023 Syriam

1920 4053 2193 4121 regionem
2226 4065 2376 4105 suam
2426 4049 2698 4119 proficisci
2753 4049 2959 4109 liceret,
3011 4047 3185 4116 petiit,
3222 4060 3330 4113 quo
3371 4044 3485 4113 jam

1919 4142 2129 4195 occulte
2174 4150 2399 4195 caeteros
2432 4138 2745 4193 Graecorum
2794 4136 3147 4206 praemiserat,
3186 4148 3359 4201 eoque
3386 4130 3489 4183 ali-

1919 4235 2133 4303 quando
2159 4232 2456 4301 profectus,
2503 4246 2531 4283 a
2579 4244 2701 4297 rege
2733 4228 2981 4292 descivit,
3016 4240 3239 4294 magnas
3266 4222 3489 4277 omnino

1920 4325 2105 4391 copias
2136 4321 2411 4391 colligens,
2445 4321 2511 4374 ad
2541 4329 2758 4373 centum
2796 4333 2963 4386 usque
3008 4327 3061 4370 et
3090 4312 3487 4385 quinquaginta

1921 4413 2107 4477 millia,
2169 4428 2409 4467 seorsum
2477 4412 2721 4478 equitum
2788 4410 3151 4479 peditumque.
3214 4408 3489 4461 Adversus

1919 4523 2041 4562 eum
2093 4504 2236 4576 51a
2265 4504 2437 4559 Osiris
2488 4504 2719 4557 mittitur
2767 4518 2885 4556 cum
2925 4501 3174 4555 ducentis
3222 4499 3485 4551 millibus.

1921 4599 2185 4653 Conserta
2231 4598 2353 4651 dein
2386 4612 2571 4658 manu,
2618 4604 2803 4648 mutuo
2836 4610 2953 4648 sese
2981 4595 3266 4645 vulnerant
3313 4590 3489 4646 Osiris

236 4700 473 4770 ἀκοντίῳ
528 4698 621 4750 τον
673 4698 767 4751 τοῦ
816 4698 1070 4767 Ούσίριος
1105 4698 1313 4767 μηρόν·
1340 4694 1459 4750 εἶτα
1500 4696 1683 4767 βάλλει
1728 4698 1806 4759 εἰς
1845 4701 1886 4754 D

1845 4701 1979 4754 [lac
2009 4690 2364 4759 Megabyzus:
2394 4688 2481 4741 ille
2527 4686 2707 4752 jaculo
2758 4684 3037 4754 Megabyzi
3094 4682 3268 4735 femur
3320 4682 3488 4735 attin-

238 4793 324 4845 τὸν
348 4786 524 4861 ὦμον,
559 4791 807 4853 κάκεῖνος
838 4790 1025 4843 πίπτει
1054 4791 1117 4842 ὲκ
1144 4789 1239 4842 τοῦ
1308 4789 1498 4852 ῖππου,
1535 4788 1629 4841 καὶ
1663 4805 1818 4856 περι-

241 4884 383 4953 σχὼν
410 4878 737 4948 Μεγάϐυζος
769 4881 1099 4950 προστάσσει
1124 4880 1418 4933 ἀναλαϐεῖν
1446 4881 1540 4932 καὶ
1574 4880 1815 4949 περισῶ-

246 4991 355 5030 σαι.
396 4974 680 5026 Ἔπιπτον
707 4973 765 5025 δὲ
796 4973 983 5024 πολλοὶ
1009 4972 1113 5024 τῶν
1148 4972 1395 5041 Περσῶν,
1424 4972 1518 5024 καὶ
1550 4972 1817 5039 ἐμάχοντο

242 5066 507 5136 ἀνδρείως
538 5066 587 5117 oi
636 5063 729 5117 τοῦ
771 5063 1096 5131 Μεγαϐύζου
1150 5063 1341 5125 παῖδες
1397 5062 1657 5134 Ζώπυρος
1722 5062 1818 5113 καὶ

256 5157 546 5227 Ἀρτύφιος
570 5157 631 5221 ⁸⁸,
674 5157 768 5210 καὶ
821 5156 943 5227 νίκη
968 5156 1177 5225 γίνεται
1217 5153 1529 5225 Μεγαϐύζῳ
1551 5151 1810 5224 κραταιά.

1919 4797 2070 4853 gens.
2108 4781 2243 4833 duos
2270 4779 2435 4831 altum
2470 4778 2665 4846 digitos
2694 4778 2888 4830 vulnus
2919 4774 3147 4836 inflixit;
3174 4772 3266 4827 hic
3300 4772 3487 4826 itidem

1916 4874 2096 4945 jaculo
2150 4871 2322 4925 Osiris
2359 4870 2589 4938 primum
2644 4868 2838 4932 femur,
2871 4869 3062 4922 deinde
3107 4880 3161 4922 et
3202 4869 3484 4921 humerum

1920 4964 1992 5017 ita
2021 4963 2314 5033 percussit,
2359 4971 2417 5011 ut
2450 4961 2613 5012 etiam
2646 4974 2712 5011 ex
2752 4972 2889 5025 equo
2918 4958 3215 5021 ceciderit;
3246 4967 3301 5010 at
3331 4971 3487 5009 com-

1920 5055 2108 5122 plexus
2150 5067 2271 5105 eum
2315 5050 2659 5119 Megabyzus,
2725 5048 2995 5102 sublatum
3042 5050 3247 5102 servari
3307 5046 3489 5114 jussit.

1920 5144 2069 5198 Multi
2102 5144 2208 5197 illic
2236 5143 2415 5196 Persa:
2448 5140 2781 5203 ceciderunt,
2816 5137 3017 5208 Zopiro
3052 5148 3214 5207 atque
3244 5137 3494 5203 Artiphio

1523 5294 1757 5348 νΑιιιΑῑ
1794 5283 2189 5346 LECTIUNES.

319 5441 334 5468 ι
373 5436 541 5506 ξνάρω
567 5436 668 5506 Α..Δ
714 5434 734 5465 ³
763 5433 919 5506 πόλις
940 5434 994 5487 δὲ
1027 5435 1138 5506 ἔσχε
1165 5451 1229 5506 ,ς’
1279 5431 1442 5506 μ’,

252 5508 272 5536 “¹
312 5502 563 5573 ἐξάγεται
594 5503 748 5566 τέλος
787 5502 805 5575 ]

243 5580 335 5629 τὸν
364 5578 576 5648 Ἰναρον
614 5592 655 5639 ς
733 5574 1135 5642 ΗίΜιτγάϐυζον
1169 5592 1228 5639 ς.

842 5488 977 5556 inira
1016 5488 1197 5571 (pf‘tt'
1222 5522 1254 5557 a
1278 5488 1880 5570 δο.)”⁴τέλος“επεμπε.
1958 5488 1978 5529 ⁸

1308 5576 1351 5611 ιι
1377 5565 1597 5643 Ὄσιρις
1622 5589 1681 5635 ς.
1716 5565 1795 5625 sic
1823 5579 1879 5625 et
1914 5569 2161 5638 posthac.
2239 5566 2283 5596 "
2310 5565 2597 5636 ’Δρτίφυος
2624 5580 2685 5627 ς-

1500 5431 1635 5500 αύτῇ
1695 5427 1759 5482 Α.
1839 5430 1861 5460 ⁵
1893 5425 2186 5500 Σαρτάμαν
2246 5443 2337 5500 ς.-
2374 5425 2394 5455 ⁸
2430 5440 2551 5500 γεγμ.
2615 5423 2803 5500 πάντά
2849 5422 2991 5500 May.
3035 5436 3130 5500 6;.”
3167 5412 3378 5500 ἀὐτού
3429 5431 3489 5478 ς.

2012 5486 2277 5565 πήσονταὶ
2312 5495 2375 5547 Α.
2442 5486 2489 5526 ’θ
2508 5486 2898 5562 ’ἀχαιμενίδους
2924 5486 2989 5543 Α.
3089 5489 3131 5519 ¹⁶
3157 5486 3477 5556 τιμωρῆσαι

1771 5687 1978 5743 NOTAE

250 5870 282 5907 Β
304 5784 425 5907 1:39)
468 5784 540 5840 P.‘
589 5784 847 5839 Amistris
868 5783 956 5841 illa
1015 5784 1257 5856 Ouopha:
1315 5782 1444 5849 lilia,
1506 5781 1821 5838 Artaxerxae

285 5876 299 5907 t
358 5872 433 5907 81⁸.

285 5872 433 5911 ιιιοικ

2001 5779 2081 5847 (l)
2110 5780 2183 5835 lta
2218 5778 2359 5832 Plut.
2411 5779 2462 5832 in
2496 5777 2793 5829 Artaxerxe
2844 5774 3008 5828 refert
3046 5769 3331 5847 Mesabatai
3370 5782 3494 5823 cor-

1921 5840 2021 5927 pus
2054 5840 2421 5906 transversum
2453 5848 2623 5903 tribus
2653 5846 2816 5901 fuisse
2844 5847 3009 5899 lixum
3040 5840 3315 5898 crucibus.
