4224 6442
749 389 848 456 191

1920 389 2187 452 ΡΗΟΤῙῙ
2227 388 2741 450 ΡᾹΤΒΙᾹΒΟΗᾸΞ
2783 388 2894 451 CP.

3902 394 4005 460 192

744 502 1022 576 Megabyzi
1092 502 1217 558 ﬁliis
1268 512 1489 559 strenue
1557 504 1939 575 pugnantibus,
2007 504 2393 576 ingentiqueA

2350 509 2393 562 Α
2423 505 2798 572 Περιποιετται
2867 500 3097 575 Οὖσιριν
3151 504 3451 573 δπιμελῶς,
3498 506 3593 561 καὶ
3677 506 3996 580 ἀποπέμπει

746 598 1071 667 Megabyzus
1138 597 1343 665 potitur
1380 594 1627 652 victoria.
1692 594 1871 651 Osirin
1931 608 2111 652 autem
2168 599 2314 651 omni

743 704 878 743 cura
930 703 1257 742 conservare
1307 690 1509 751 studet,
1558 703 1718 757 quem
1767 688 1927 742 etiam
1958 691 2022 741 ad
2057 689 2319 743 Artaxer-

748 797 847 835 xen
873 821 886 841 ,
923 782 1095 848 ipsum
1131 789 1491 846 repetentem,
1520 780 1748 835 dimisit.
1782 779 2010 834 Mittitur
2039 779 2236 833 deinde
2262 788 2317 832 et

746 874 881 926 alter
912 873 1171 925 adversus
1222 872 1571 943 Megabyzum
1622 871 1917 933 exercitus,
1950 887 2164 939 unaque
2206 869 2317 925 Me-

745 972 1041 1027 nostrates,
1091 962 1292 1016 Artarii
1336 963 1517 1017 ﬁlius:
1566 972 1683 1016 erat
1744 962 1992 1015 Artarius
2026 962 2317 1033 Babylonis

744 1064 996 1120 satrapa.
1063 1064 1116 1106 et
1158 1054 1471 1105 Artaxerxae
1526 1051 1693 1119 ipsius
1739 1050 1928 1104 frater.
1973 1048 2317 1104 Concurrunt

744 1145 940 1199 iterum
965 1145 1241 1199 exercitus
1269 1161 1281 1197 :
1316 1143 1408 1195 sed
1442 1142 1617 1196 Persa:
1650 1141 1884 1208 fugiunt,
1912 1150 1965 1195 et
1987 1139 2314 1196 Menostates

743 1237 795 1290 in
839 1237 1064 1289 humero
1125 1251 1152 1287 a
1202 1234 1491 1304 Megabyzo
1538 1234 1861 1301 percutitur,
1905 1243 2023 1300 post
2063 1233 2315 1287 etiamin

741 1326 939 1393 capite,
990 1334 1048 1378 at
1115 1340 1222 1378 non
1278 1324 1464 1377 lethali
1500 1323 1740 1385 vulnere,
1793 1324 2021 1389 sagitam
2077 1324 2313 1391 excepit.

737 1416 899 1485 Fugit
932 1427 1108 1469 tamen
1154 1432 1274 1471 cum
1307 1416 1422 1469 suis
1470 1417 1746 1478 omnibus,
1779 1426 1833 1468 et
1870 1414 2161 1485 Megabyzo
2190 1414 2316 1468 illu-

741 1517 909 1560 strem
941 1508 1225 1561 victoriam
1258 1508 1529 1563 concedit.
1565 1506 1659 1560 His
1689 1508 1849 1560 rebus
1874 1507 1945 1559 ita
1975 1511 2163 1574 geSIis,
2201 1523 2315 1560 mo-

741 1608 831 1649 net
860 1596 1215 1668 Megabyzum
1259 1612 1352 1664 per
1384 1596 1590 1663 legatos
1638 1598 1913 1658 Artarius,
1948 1612 2068 1649 cum
2100 1611 2226 1665 rege
2256 1604 2317 1649 ut

738 1688 1068 1758 paciscatur.
1105 1688 1199 1741 llle
1244 1701 1302 1740 se
1338 1688 1533 1754 pacisci
1570 1688 1786 1756 quidem
1828 1701 1949 1741 cum
1986 1700 2112 1755 rege
2151 1700 2313 1754 para-

742 1788 853 1830 tum
886 1780 1147 1840 ostendit,
1197 1793 1301 1830 non
1341 1787 1516 1830 tamen
1565 1777 1630 1829 ad
1661 1792 1782 1829 eum
1812 1775 2103 1845 proﬁcisci,
2137 1778 2231 1829 sed
2258 1777 2312 1830 in

2418 594 2577 647 τοῦτο
2610 594 2977 665 αἰτησάμενον
3028 595 3167 666 πρὸς
3210 597 3591 667 Ἀρτοξέρξην.
3621 598 3911 667 Πέμπεται
3943 600 3999 652 δὲ

2418 688 2540 739 κατ’
2578 686 2743 739 αὐτοῦ
2796 686 2958 757 ἑτέρα
3019 688 3271 757 στρατιὰ,
3326 687 3420 740 καὶ
3455 691 3807 760 Μεωπάτης
3841 692 3871 743 6
3906 691 3999 742 τοῦ

2430 777 2715 845 Ἀρταρίου
2767 778 2930 839 παῖς·
2966 779 2994 831 6
3018 776 3075 830 δὲ
3109 778 3399 848 Ἀρτάριος
3453 779 3742 850 σατράπης
3798 781 3899 850 μὲν
3927 775 3997 850 ἦν

2418 868 2754 931 Βαϐυλῶνος,
2798 869 3150 939 Ἀρτοξέρξου
3183 870 3239 921 δὲ
3262 869 3508 935 ἀδελφός.
3576 871 3689 923 Καὶ
3750 873 3999 940 συμϐάλ-

2416 960 2597 1013 λουσιν
2627 960 2899 1029 ἀλλὴλοις,
2924 962 3022 1014 καὶ
3062 960 3254 1029 φεύγει
3281 963 3313 1029 ἠ
3349 962 3592 1032 Περσικὴ
3621 963 3874 1031 στρατιὰ,
3906 963 4001 1016 καὶ

2416 1051 2767 1120 Μενοστάτης
2803 1050 3053 1120 βάλλεται
3081 1052 3161 1113 είς
3191 1051 3283 1101 τὸν
3315 1043 3464 1118 ὦμον
3496 1050 3603 1102 ὑπὸ
3649 1051 3998 1119 Μεγαϐύζου,

2416 1138 2536 1195 εἷτα
2576 1143 2655 1205 είς
2686 1142 2787 1209 τὴν
2825 1142 3065 1211 κεφαλὴν
3101 1141 3378 1207 τοξεύεται
3406 1142 3467 1193 οὐ
3498 1142 3744 1212 καιρίαν,
3806 1145 3999 1211 φεύγει

2415 1233 2470 1286 δὲ
2494 1235 2643 1303 ὅμως
2670 1233 2832 1295 αὐτὸς
2885 1232 2978 1285 καὶ
3008 1234 3057 1285 οἱ
3088 1233 3205 1301 μετ’
3260 1230 3451 1297 αὑτοῦ,
3486 1235 3578 1287 καὶ
3610 1234 3733 1305 νίκη
3771 1235 4003 1304 λαμπρά

2415 1325 2622 1393 γίνεται
2667 1324 3002 1394 Μεγαϐύζῳ.
3066 1324 3359 1394 Ἀρτάριος
3390 1325 3447 1377 δὲ
3476 1325 3688 1395 πέμπει
3719 1327 3858 1397 πρὸς
3889 1328 4002 1380 Ms-

2416 1417 2680 1482 γάϐυζον,
2734 1417 2827 1469 καὶ
2888 1418 3146 1486 παραινεῖ
3199 1417 3528 1470 σπείσασθαι
3590 1417 3837 1487 βασιλεῖ·
3875 1421 3907 1471 6
3943 1420 4002 1471 δὲ

2414 1508 2562 1579 δηλοῖ
2596 1507 2921 1561 σπείσασθαι
2953 1509 3052 1578 μὲν
3084 1506 3368 1578 βούλεσθαι
3393 1509 3487 1561 καὶ
3517 1509 3704 1575 αὑτὸν,
3726 1511 3789 1562 οὐ
3816 1510 4004 1580 μέντοι

2417 1602 2823 1673 παραγενέσθαι
2860 1602 2998 1672 πρὸς
3023 1600 3269 1670 βασιλέα,
3303 1601 3416 1654 ἀλλ’
3444 1603 3529 1670 ἐφ’
3556 1596 3600 1668 ᾦ
3636 1602 3821 1672 μένειν
3845 1605 3904 1656 ὲν
3933 1606 4000 1673 τῇ

2414 1694 2607 1747 ἑαυτοῦ
2633 1695 2695 1746 ¹⁵.
2722 1693 3154 1761 Ἀπαγγέλλεται
3196 1693 3368 1746 ταῦτα
3415 1693 3646 1761 βασιλεῖ,
3706 1695 3802 1746 καὶ
3847 1711 3998 1763 συμ-

2417 1783 2765 1836 ϐουλεύουσιν
2812 1784 3151 1854 Ἀρτοξάρης
3172 1801 3232 1836 τε
3272 1785 3302 1836 6
3333 1783 3641 1851 Παφλαγὼν
3715 1784 3997 1855 εὐνοῦχος,

739 1886 837 1925 sua
868 1886 1085 1925 manere
1124 1870 1399 1941 provincia
1444 1870 1601 1923 velle.
1637 1870 1762 1924 llaec
1808 1869 1917 1938 regi
1967 1870 2308 1930 nuntiantur,
2346 1865 2389 1920 Β

2346 1865 2389 1920 Β
2420 1874 2669 1929 ἀλλὰκαὶ
2695 1876 2727 1944 ἠ
2758 1874 3083 1944 Ἀμῆστρις,
3148 1874 3355 1945 σπουδῇ
3392 1875 3739 1929 σπείσασθαι.
3776 1876 4002 1945 Πέμπε-

739 1978 898 2031 quem
937 1964 1249 2027 Artoxares,
1290 1978 1319 2016 e
1348 1961 1708 2032 Paphlagonia
1750 1964 2049 2025 eunuchus,
2082 1962 2305 2030 ipsaque

742 2055 877 2109 adeo
930 2056 1186 2109 Amistris
1247 2057 1553 2116 hortantur,
1615 2068 1842 2124 propere
1886 2062 1945 2107 ut
1984 2053 2315 2123 paciscatur.

742 2144 860 2212 Ipse
906 2148 1087 2213 itaque
1125 2147 1391 2207 Artarius,
1426 2154 1479 2197 ct
1520 2143 1730 2214 Amytis
1785 2158 1943 2207 uxor,
1978 2159 2194 2211 unaque
2222 2148 2317 2197 Ar-

742 2246 982 2301 toxares,
1022 2236 1338 2289 vicesimum
1368 2234 1480 2305 jam
1535 2248 1700 2300 agens
1750 2249 1970 2297 annum,
2008 2243 2062 2287 et
2091 2231 2317 2289 Osioros

741 2330 888 2383 ﬁlius
922 2328 1149 2394 Petisas,
1183 2331 1272 2398 qui
1308 2336 1358 2383 et
1392 2327 1651 2398 Spitamaa
1694 2335 1871 2398 pater,
1904 2328 2216 2383 mittuntur.
2251 2326 2315 2381 Hi

744 2420 923 2473 tunltis
972 2422 1317 2474 sermonibus
1348 2435 1410 2474 ac
1455 2419 1783 2487 iuramentis
1828 2432 2077 2472 securum
2134 2418 2314 2489 Mega-

739 2513 934 2584 byzum
988 2514 1297 2577 reddentes,
1352 2527 1495 2582 aegre
1548 2521 1726 2567 tamen
1774 2511 2122 2579 persuadent,
2159 2520 2217 2563 ut
2248 2510 2313 2564 ad

741 2620 923 2673 regem
978 2604 1374 2671 proﬁciscatur.
1429 2602 1530 2657 Cui
1567 2605 1783 2657 tandem
1830 2617 2072 2663 reverso,
2109 2618 2203 2655 rex
2242 2602 2317 2655 si-

741 2696 1038 2765 gnificavit,
1082 2697 1295 2749 veniam
1347 2712 1405 2751 se
1455 2696 1528 2749 illi
1580 2711 1765 2750 eorum
1818 2711 1937 2765 qu:e
1980 2695 2312 2758 admisisset,

742 2790 893 2844 dare.
940 2787 1207 2856 Egressus
1237 2798 1355 2857 post
1402 2788 1517 2842 hzec
1549 2786 1839 2856 aliquando
1870 2788 1936 2839 ad
1969 2788 2311 2840 venationem

742 2895 860 2945 rex,
898 2895 927 2932 a
977 2878 1134 2933 leone
1169 2880 1461 2940 invaditur,
1504 2893 1662 2947 quem
1705 2878 1757 2932 in
1808 2877 2033 2932 suhlime
2080 2893 2202 2932 sese
2230 2886 2316 2930 at-

743 2971 1044 3033 tollentem,
1081 2970 1264 3036 jaculn
1312 2971 1622 3039 percutiens
1666 2968 1989 3040 Mcgnhyzus
2032 2968 2309 3023 interﬁcit.

743 3061 797 3113 ld
866 3060 1066 3115 factum
1117 3062 1353 3130 graviter
1395 3060 1516 3113 tulit
1560 3061 1912 3123 Artaxerxes,
1967 3060 2109 3127 quod
2159 3069 2313 3114 ante-

740 3168 905 3221 quam
957 3154 1071 3220 ipse
1141 3155 1307 3207 feram
1369 3163 1560 3206 nactus
1598 3163 1765 3213 esset.
1822 3169 1941 3205 eam
1988 3151 2313 3223 Megabyzus

742 3243 1107 3309 confecisset;
1140 3261 1310 3313 quare
1361 3256 1522 3312 caput
1560 3245 1607 3299 ei
1646 3244 1890 3299 absciudi
1924 3244 2170 3312 imperat.
2207 3245 2311 3299 Sed

742 3337 1021 3403 Amistris,
1078 3349 1133 3391 et
1163 3338 1397 3406 Amytis,
1422 3348 1477 3390 et
1518 3338 1748 3390 aliorum
1791 3336 2065 3404 precibus,
2124 3336 2315 3391 mortis

739 3432 793 3482 ei
851 3442 1007 3497 paena
1057 3428 1384 3491 condonata,
1441 3428 1508 3481 ad
1540 3428 1727 3481 urbem
1795 3428 2083 3493 quamdam
2137 3426 2316 3498 Cyrne

744 3522 984 3584 nomine,
1033 3520 1176 3574 circa
1216 3535 1365 3574 mare
1401 3520 1665 3583 Rubrum,
1701 3518 1989 3587 relegatur.
2023 3520 2317 3574 Artoxares

745 3626 960 3680 quoque
1017 3613 1324 3675 eunuchus,
1374 3612 1516 3681 quod
1561 3611 1757 3678 saepius
1802 3613 1939 3679 apud
1986 3626 2166 3680 regem
2220 3627 2316 3680 pro

744 3703 1038 3773 Megabyzo
1092 3705 1315 3759 liberius
1364 3704 1574 3757 locutus
1622 3704 1836 3768 fuisset,
1896 3706 1948 3757 in
2003 3704 2315 3758 Armeniam

743 3797 973 3849 mittitur
996 3798 1322 3851 exsulatum.
1354 3797 1423 3850 At
1459 3796 1799 3867 Megahyzus,
1830 3796 2068 3865 quinque
2092 3798 2143 3851 in
2172 3799 2319 3851 exsi-

742 3888 816 3940 lio
856 3888 1142 3943 transactis
1193 3890 1349 3941 annis
1393 3885 1533 3957 411)
1582 3889 1801 3957 pisagan
1844 3902 1965 3942 sese
2009 3888 2316 3943 simulando

744 3979 994 4048 (pisagas
1043 3990 1220 4035 autem
1276 3979 1455 4033 Persis
1502 3977 1701 4031 dicitur
1738 3978 2003 4046 Ieprosus,
2054 3979 2117 4033 ad
2159 3996 2318 4049 quem

745 4072 946 4125 nemini
970 4073 1212 4125 omnium
1241 4070 1501 4125 accedere
1531 4069 1910 4141 permittitur),
1946 4070 2177 4139 aufugit,
2223 4073 2313 4126 do-

746 4178 1005 4232 mumque
1039 4164 1105 4217 ad
1150 4163 1371 4233 Amytin
1420 4177 1693 4223 reversus.
1731 4177 1873 4232 aegre
1906 4162 2121 4218 tandem
2154 4165 2311 4234 agni-

747 4262 836 4307 tus
866 4265 968 4307 est.
994 4252 1130 4308 Hinc
1162 4270 1259 4323 per
1284 4253 1545 4308 Amistrin
1597 4266 1762 4324 atque
1794 4254 2011 4325 Amytin
2033 4271 2155 4309 cum
2196 4269 2318 4325 rege

750 4346 1129 4399 reconciliatur

2422 1984 2508 2019 ται
2532 1963 2627 2020 οὖν
2684 1967 2969 2036 Ἀρτάριός
3005 1984 3064 2019 τε
3088 1967 3251 2029 αὐτὸς
3295 1967 3390 2019 καὶ
3415 1966 3643 2036 ’Δμύτις
3678 1968 3713 2037 ὴ
3738 1967 3879 2039 γυνὴ
3904 1970 4005 2021 καὶ

2432 2059 2764 2131 Ἀρτοξάρης
2790 2059 2923 2112 ὲτῶν
2978 2060 3080 2131 ἠδη
3102 2058 3177 2112 ὣν
3212 2059 3409 2123 εἴκοσι,
3468 2061 3564 2114 καὶ
3628 2060 3880 2129 Πετήσας
3907 2062 4004 2114 "6

2421 2155 2671 2225 Ούσίριος
2721 2154 2815 2206 καὶ
2848 2153 3103 2223 Σπιτάμα
3134 2154 3339 2224 πατήρ.
3374 2152 3501 2223 [124
3530 2151 3623 2225 R.]
3665 2153 3885 2215 Πολλοῖς
3907 2153 4004 2207 οὖν

2418 2248 2602 2317 ὅρκοις
2657 2246 2753 2299 καὶ
2815 2245 2997 2313 λόγοις
3068 2245 3589 2316 πληροφορήσαντες
3671 2244 4003 2313 Μεγάβυζον

2422 2337 2573 2408 μόλις
2632 2337 2785 2412 ὅμως
2820 2337 3067 2390 πείθουσι
3104 2336 3241 2405 πρὸς
3290 2335 3517 2406 βασιλέα
3568 2336 4001 2406 παραγενέσθαι.

2418 2432 2511 2485 καὶ
2563 2431 2813 2502 βασιλεὺς
2860 2430 3013 2494 τέλος
3070 2428 3157 2501 [61
3195 2427 3285 2501 Η.]
3310 2428 3526 2500 ἔπεμπε
3565 2429 4003 2500 παραγενομένῳ

2418 2525 2750 2594 συγγνώμην
2803 2523 2947 2593 ἔχειν
3003 2522 3113 2576 τῶν
3174 2521 3605 2592 ἡμαρτημένων.
3683 2522 4002 2591 Ἐξέρχεται

2419 2616 2671 2687 βασιλεὺς
2706 2617 2797 2667 ἐπὶ
2852 2615 3047 2686 θήραν,
3123 2615 3218 2668 καὶ
3274 2613 3413 2667 λέων
3467 2614 3762 2681 ἐπέρχεται
3826 2612 3998 2682 αὐτῷ,

2419 2706 2694 2778 μετεώρου
2724 2707 2781 2760 δὲ
2818 2707 3122 2777 φερομένου
3181 2705 3277 2759 τοῦ
3306 2704 3499 2775 θηρίου
3548 2704 3733 2774 βάλλει
3761 2704 4003 2775 ἀκοντίῳ

2423 2799 2752 2868 Μεγάϐυζος
2776 2799 2871 2852 καὶ
2920 2800 3164 2867 ἀναιρεῖ·
3199 2798 3297 2851 καλ⁸
3329 2796 3611 2866 ὀργίζεται
3638 2794 4003 2867 Ἀρτοξέρξης

2416 2894 2496 2947 ὅτι
2523 2894 2651 2965 πρὶν
2674 2893 2706 2963 ἢ
2736 2894 2897 2954 αὐτὸς
2924 2892 3064 2964 τύχῃ
3087 2890 3411 2959 Μεγάϐυζος
3440 2888 3602 2941 ἔϐαλε
3622 2888 3688 2950 ¹⁶,
3711 2888 3809 2941 καὶ
3829 2904 4004 2958 προσο

2413 2986 2602 3038 τάσσει
2654 2987 2754 3052 τὴν
2818 2985 3066 3053 κεφαλὴν
3098 2984 3191 3037 τὸν
3226 2981 3554 3049 Μεγάϐυζον
3587 2979 4001 3049 ἀποτμηθῆναι.

2429 3078 2751 3146 Ἀμήστριος
2775 3076 2831 3128 δὲ
2862 3076 2956 3129 καὶ
2976 3075 3234 3143 ’Δμύτιος
3260 3074 3356 3127 καὶ
3380 3073 3489 3126 τῶν
3514 3073 3768 3141 ἀλλων-τῇ
3794 3088 4002 3142 παραι-

2416 3166 2569 3234 τήσει
2593 3164 2687 3217 τοῦ
2722 3165 2821 3233 μὲν
2866 3163 3097 3217 θανάτου
3130 3161 3343 3232 ῥύεται,
3396 3160 3743 3220 ἀνάσπαστος
3766 3158 3824 3210 δὲ
3853 3157 4005 3225 γίνε-

2415 3274 2505 3308 ται
2528 3258 2607 3319 είς
2629 3258 2726 3325 τὴν
2749 3254 3020 3325 Ἐρυθρὰν
3050 3254 3107 3307 εν
3135 3272 3240 3307 τινι
3279 3252 3457 3318 πόλει,
3498 3252 3727 3320 ὀνόματι
3760 3249 4001 3319 Κύρται.

2429 3344 2763 3417 Ἐξορίζεται
2790 3344 2846 3398 δὲ
2874 3345 2965 3398 καὶ
2990 3342 3323 3414 Ἀρτοξάρης
3346 3343 3374 3395 6
3401 3339 3657 3410 εὐνοῦχος
3684 3340 3765 3402 εἰς
3800 3340 4005 3407 Ἀρμε-

2418 3434 2555 3497 νίαν,
2614 3435 2696 3487 ὃτι
2752 3433 3016 3496 πολλάκις
3054 3433 3193 3502 ὑπὲρ
3219 3429 3550 3499 Μεγαϐύζου
3587 3428 3796 3498 βασιλεί
3820 3429 4000 3499 ὲπαῤ-

2421 3524 2737 3593 ρησιάσατο.
2782 3523 2840 3575 '0
2864 3523 2919 3575 δὲ
2951 3522 3277 3591 Μεγάϐυζος
3333 3521 3494 3573 πέντε
3548 3518 3833 3588 διατρίψας
3860 3521 3931 3589 τῇ
3958 3519 4003 3550 ”

2419 3608 2603 3677 ὲξορίᾳ
2634 3608 2726 3678 ἔτη
2748 3607 3151 3678 ἀποδιδράσκει,
3185 3604 3503 3673 ὑποκριθεὶς
3554 3604 3644 3657 τὸν
3665 3605 3709 3636 ¹⁸
3740 3606 4006 3672 πισάγαψ

2422 3704 2659 3767 πισάγας
2702 3699 2759 3751 δὲ
2806 3698 3023 3766 λέγεται
3084 3697 3235 3769 παρά
3290 3698 3528 3767 Πέρσαις
3561 3698 3589 3749 6
3622 3696 3849 3766 λεπρὸς,
3906 3697 4011 3749 καὶ

2420 3798 2535 3850 ἔστι
2584 3798 2748 3849 πὶσιν
2801 3794 3120 3865 ἀπρόσιτος.
3175 3792 3448 3864 Ἀποδρὰς
3489 3793 3584 3846 οὖν
3636 3794 4012 3863 παραγίνεται

2422 3889 2558 3958 πρὸς
2582 3890 2638 3939 Ἀ
2650 3887 2809 3956 μύτιν
2841 3887 2936 3939 καὶ
2959 3886 3049 3938 τὸν
3063 3881 3232 3949 οἷκον,
3262 3885 3357 3938 καὶ
3380 3884 3535 3953 μόλις
3552 3883 4008 3952 ἐπιγινώσκεται.

2423 3979 2535 4033 Καὶ
2568 3978 2636 4032 δι’
2678 3979 3001 4047 Ἀμήστριος
3064 3976 3159 4029 καὶ
3204 3974 3519 4043 Ἀμύτιος¹⁹
3568 3976 4011 4031 καταλλάσσεται

2394 4073 2453 4129 ,ὁ
2487 4070 2760 4140 βασιλεὺς,
2804 4071 2899 4123 καὶ
2942 4071 3087 4121 ποιεῖ
3114 4068 3277 4121 αὑτὸν
3308 4067 3385 4131 ὡς
3414 4068 3477 4120 τὸ
3501 4066 3736 4138 πρόσθεν
3760 4070 4011 4140 ὁμοτρά-

2425 4163 2615 4228 πεζον.
2667 4165 2848 4233 Ζήσας
2878 4162 2934 4215 δὲ
2959 4162 3018 4225 ἒξ
3050 4161 3145 4215 καὶ¹
3191 4161 3563 4232 ἐϐδομήκοντα
3608 4160 3703 4233 ἐτη
3738 4163 4011 4230 ἀπέθανε,

2426 4257 2521 4308 καὶ
2550 4255 2728 4324 κάρτα
2753 4254 2990 4323 ἠχθέσθη
3024 4252 3297 4323 βασιλεύς.

1190 4364 1203 4400 :
1260 4346 1353 4415 qui
1418 4359 1564 4407 eum,
1622 4346 1697 4398 uti
1737 4356 1919 4407 antea,
1963 4360 2073 4398 suae
2126 4360 2325 4399 mensae
2364 4346 2684 4412 participem
2740 4345 2886 4399 fecit.
2925 4342 3125 4399 Verum
3168 4358 3293 4396 cum
3329 4357 3423 4398 sex
3459 4344 3573 4414 jam
3651 4354 3708 4399 et
3784 4358 4012 4417 septua-

751 4438 898 4503 ginta
928 4437 1152 4490 vixisset
1182 4449 1373 4499 annos,
1413 4448 1607 4503 magno
1640 4435 1779 4502 regis
1805 4449 1927 4487 cum
1956 4433 2141 4487 dolore
2172 4444 2414 4488 mortuus
2439 4441 2544 4487 est.

819 4524 945 4579 Post
990 4524 1267 4595 Mcgabyli
1319 4534 1570 4587 mortem,
1623 4540 1745 4577 cum
1795 4524 1979 4576 multis
2026 4522 2319 4577 admodum
2356 4529 2403 4586 D

2356 4529 2403 4586 ο
2501 4522 2935 4594 Τελευτήσαντος
2987 4520 3042 4574 δὲ
3085 4520 3412 4589 Μεγαϐύζου
3454 4522 3633 4595 κάρτα
3664 4518 3734 4595 ἦν
3773 4523 4014 4595 Ἀμύτις

753 4619 884 4673 viris
914 4620 1123 4688 Amytis
1155 4620 1566 4679 consuescebat,
1596 4626 1654 4668 ut
1686 4626 1813 4670 ante
1847 4632 1965 4669 eam
1995 4626 2165 4670 mater
2187 4631 2323 4685 quo-

752 4723 859 4777 que
885 4709 1158 4762 Amistris.
1207 4706 1590 4777 Appollouides
1640 4721 1789 4774 ergo,
1822 4703 1967 4759 Cous
2014 4706 2103 4759 ille
2152 4706 2325 4759 medi-

750 4810 871 4861 cus,
918 4810 1041 4851 cum
1089 4795 1297 4864 Amytis
1345 4793 1534 4847 leviter
1578 4803 1887 4863 aegrOtaret,
1934 4801 1990 4846 et
2037 4794 2156 4862 ejus
2211 4794 2327 4862 ipse
2430 4800 2458 4851 ὁ
2515 4794 2714 4865 Κῷος,

752 4901 940 4940 amore
972 4899 1168 4956 captus
1214 4898 1378 4951 esset,
1422 4884 1537 4940 fore
1567 4886 1706 4940 dixit
1754 4895 1810 4937 ut
1858 4900 1920 4939 ea
1959 4886 2010 4939 in
2039 4887 2323 4951 pristinam

754 4979 1112 5033 valetudinem
1153 4979 1553 5040 restitueretur,
1592 4978 1636 5030 si
1681 4992 1803 5029 cum
1852 4976 1982 5030 viris
2028 4977 2326 5046 congrede-

757 5081 926 5135 retur,
959 5087 1081 5123 nam
1116 5070 1285 5123 vulva:
1333 5069 1516 5123 vexari
1558 5067 1765 5122 morbo.
1800 5068 1928 5135 Quae
1972 5083 2093 5121 cum
2134 5068 2207 5120 illi
2234 5083 2325 5123 ars

757 5178 824 5214 ex
863 5172 989 5215 voto
1018 5162 1391 5224 successisset,
1432 5170 1598 5227 atque
1649 5174 1770 5213 cum
1813 5175 1875 5212 ea
1910 5160 2315 5223 concubuisset,

2428 4614 2687 4684 ἀνδράσιν
2728 4612 3013 4683 ὁμιλοῦσα,
3045 4615 3139 4665 καὶ
3163 4612 3269 4683 πρό
3298 4629 3361 4681 γε
3398 4614 3607 4684 ταύτης
3635 4615 3729 4668 καὶ
3757 4616 3792 4685 ἡ
3818 4619 4014 4687 μήτηρ

2444 4708 2743 4779 Ἀμῆστρις
2787 4707 3022 4775 ὁμοίως,
3070 4706 3129 4758 Ὀ
3166 4705 3223 4757 δὲ
3282 4693 3678 4775 Ἀπολλωνίδης
3734 4708 3763 4759 6
3822 4709 4015 4777 ἰατρὸς

2769 4795 2890 4846 ἐπεὶ
2934 4792 3176 4854 ἀσθενῶς
3230 4786 3393 4863 εἶχεν]
3430 4791 3660 4863 Ἀμύτις
3701 4832 3719 4857 ,
3797 4793 3847 4844 εί
3914 4799 4015 4845 καὶ

2436 4888 2683 4961 βληχρῶς
2726 4888 2771 4919 ’θ
2806 4886 2899 4939 καὶ
2942 4886 3043 4938 οὐκ
3094 4883 3335 4954 ίσχυρῶς
3361 4926 3376 4949 ,
3428 4885 3635 4947 ἐκεῖνος
3695 4884 3752 4937 δὲ
3789 4883 4013 4954 ἠράσθη

2433 4984 2626 5052 αὐτῆς,
2670 4982 2773 5050 ἔφη
2825 4981 2904 5043 είς
2946 4979 3045 5048 τὴν
3087 4977 3274 5046 ὑγείαν
3316 4977 3489 5039 αὐτὴν
3532 4976 3875 5036 ἐπανελθεῖν,
3912 4976 4017 5027 ἐὰν

2429 5074 2685 5143 ἀνδράσιν
2715 5071 2972 5141 ὁμιλήσῃ·
3003 5069 3100 5138 τῆς
3139 5070 3248 5138 γὰρ
3297 5066 3527 5135 ὑστέρας
3564 5060 3703 5117 εἷναι
3743 5066 3804 5117 τὸ
3843 5064 4018 5133 νόση-

2431 5184 2525 5236 μα.
2571 5166 2722 5217 Ἐπεὶ
2768 5164 2823 5216 δὲ
2862 5161 3015 5230 αύτῷ
3078 5159 3361 5228 ἐξεγένετο
3390 5157 3450 5209 τὸ
3510 5155 3850 5224 ἐπιτήδευμα
3906 5156 4011 5206 καὶ

753 5252 847 5307 ubi
880 5250 1134 5305 feminam
1201 5254 1588 5306 contabescere
1616 5250 2022 5313 animadvertit,
2064 5252 2329 5305 abstinuit

2426 5260 2621 5330 ὡμίλει
2648 5259 2819 5327 αὐτῇ,
2869 5258 2903 5326 ἡ
2940 5256 2997 5308 δὲ
3041 5253 3327 5324 ἄνθρωπος
3363 5248 3693 5319 ἐμαραίνετο
3721 5286 3739 5312 ,
3792 5247 4015 5316 ἀπέστη

761 5366 790 5401 a
836 5350 1252 5403 consuetudine.
1299 5350 1466 5419 Igitur
1504 5349 1613 5411 illa,
1664 5358 1838 5401 morte
1871 5349 2181 5413 accedente,
2214 5364 2327 5400 ma-

2431 5352 2531 5420 τῆς
2599 5347 2904 5409 συνουσίας.
2960 5344 3278 5398 Τελευτῶσα
3327 5341 3391 5411 δὴ
3440 5334 3534 5393 οὖν
3592 5337 3891 5408 ἐπήγγειλε
3943 5341 4015 5407 τῇ

759 5440 831 5494 tri
876 5440 1093 5505 indixit,
1122 5439 1533 5510 Appollonidem
1576 5449 1635 5492 ut
1664 5438 2035 5491 ulcisceretur.
2072 5439 2192 5491 llaec
2217 5438 2330 5507 regi

2440 5445 2605 5517 μητρὶ
2660 5442 2971 5511 ἀμύνασθαι
3022 5436 3437 5505 Ἀπολλωνίδην.
3504 5434 3569 5486 Ἠ
3596 5431 3654 5485 δὲ
3700 5430 4016 5501 ἀπήγγειλε

758 5530 855 5601 ipsi
899 5531 1187 5587 Artaxerxi
1230 5547 1343 5587 rem
1388 5548 1603 5586 omnem
1644 5531 1914 5599 exposuit,
1958 5541 2014 5599 et
2062 5533 2331 5602 quomodo

2438 5540 2614 5591 πάντα
2657 5524 2984 5607 Ἀρτοξέρξῃ
3004 5532 3080 5603 τῷ
3113 5534 3153 5564 ἰ
3188 5530 3415 5600 βασιλεῖ,
3444 5529 3592 5590 ὅπως
3613 5540 3672 5577 τε
3695 5521 3892 5593 ὡμίλει
3920 5520 4020 5573 καὶ

2053 5647 2289 5703 νΑιιιιΕ
2323 5650 2731 5710 LECTIONES.

832 5741 1155 5815 'qu61055.
1232 5742 1273 5773 "
1309 5741 1541 5815 Πετίσας
1576 5758 1635 5805 ς.
1680 5742 1723 5775 ’⁸
1754 5736 1974 5815 ἒδξιλλεν
2009 5739 2071 5798 Α.
2135 5747 2178 5777 ¹⁷
2202 5741 2289 5814 τῇ]
2326 5746 2382 5798 ὲν
2410 5748 2475 5815 τῇ
2510 5764 2569 5810 ς.
2614 5747 2654 5778 ’⁸
2692 5744 2805 5815 τὸν]
2837 5742 2915 5807 εἰς
2940 5741 3030 5796 τὸν
3055 5759 3116 5805 ς.
3185 5740 3227 5772 ¹⁹
3258 5732 3536 5807 ’ΔμὺτεοςῙ
3564 5730 3631 5784 δι’
3657 5722 3921 5798 Ἀμῦτιος
3949 5744 4018 5792 ς.

762 5810 809 5844 ⁸⁸
845 5810 1132 5883 ἀϐληχριῖκ
1169 5830 1228 5876 ς.
1305 5814 1345 5843 ¹¹
1383 5809 1460 5879 τῷ
1491 5826 1601 5867 om.
1670 5826 1750 5880 pr.
1802 5810 1866 5863 A.
