4224 6442
772 417 875 485 195

1938 408 2209 471 ΡΗΟΤΙΙ
2246 407 2757 469 PATRIARCH/E
2777 408 2888 469 ΟΡ.

3929 406 4039 471 196

770 533 844 588 ibi
894 528 1239 598 reliquisset,
1287 525 1559 598 lapidibus
1613 522 1771 580 obrui
1828 522 2136 593 imperavit.
2192 520 2349 588 Quod

2460 517 2629 572 λιπὼν
2648 520 2741 574 τὸν
2757 522 2952 593 νεκρὸν
2966 524 3157 591 αὐτοῦ,
3180 522 3475 591 προστάξει
3510 520 3776 592 βασιλέως
3794 521 4041 575 λιθόλευ-

770 623 972 679 factum
1017 620 1294 673 exercitus
1341 618 1566 673 moleste
1614 614 1902 671 admodum
1946 614 2067 668 tulit
2108 628 2124 667 :
2174 626 2349 681 neque

771 713 895 768 ullis
941 709 1321 781 largitionibus
1370 706 1463 761 ille
1507 705 1720 761 emcere
1756 705 1952 777 potuit,
1988 715 2044 757 ut
2080 718 2186 757 non
2224 716 2348 756 eum

772 813 885 857 tum
938 801 1009 855 ob
1066 799 1262 854 Xerxe
1318 798 1529 865 fratris,
1562 807 1675 851 tum
1720 798 1790 853 ob
1828 795 2088 867 Bagorazi
2120 795 2348 860 caedem,

768 894 1119 949 vehementer
1189 892 1460 947 odissent.
1550 890 1781 945 Dimittit
1866 903 2053 960 postea
2141 887 2349 958 Secyn-

770 988 965 1041 dianus
1010 987 1100 1055 qui
1149 982 1359 1040 Ochum
1417 996 1742 1040 accerseret.
1793 982 1895 1053 Qui
1951 996 2011 1036 se
2060 990 2350 1035 venturum

769 1078 969 1146 saepius
1014 1076 1310 1145 pollicitus,
1348 1091 1459 1131 non
1510 1087 1688 1129 tamen
1745 1075 1913 1138 venit,
1948 1074 2117 1127 donec
2163 1071 2351 1126 multis

770 1172 989 1225 tandem
1038 1171 1275 1223 munitus
1298 1169 1492 1238 copiis,
1530 1183 1750 1238 regnum
1780 1178 2145 1237 occupaturus
2190 1176 2348 1235 puta-

772 1274 941 1317 retur.
979 1262 1042 1315 Et
1077 1276 1206 1316 vero
1232 1262 1522 1323 Arharius,
1566 1263 1808 1327 equitum
1837 1258 2165 1329 Secyndiani
2204 1272 2348 1327 prte-

770 1352 964 1417 fectus,
1001 1352 1069 1404 ab
1098 1366 1165 1405 eo
1205 1354 1271 1405 ad
1317 1352 1524 1406 Ochum
1558 1350 1760 1412 delicit,
1792 1358 1914 1419 post
1956 1350 2099 1403 hunc
2133 1348 2351 1419 .Egypti

769 1454 986 1514 satrapa
1022 1447 1267 1498 Arxaues
1297 1461 1311 1499 ;
1342 1446 1474 1513 quin
1514 1453 1568 1498 et
1597 1445 1895 1497 Artoxares
1926 1442 1994 1496 ah
2027 1443 2140 1511 ipsa
2181 1455 2353 1511 usque

768 1539 1025 1593 Armenia
1054 1540 1121 1594 ad
1149 1536 1360 1594 Ochum
1392 1537 1624 1591 accessit
1658 1555 1671 1590 :
1704 1537 1788 1590 cui
1810 1537 1973 1589 etiam
2007 1536 2172 1589 invito
2215 1536 2352 1588 cita-

770 1632 874 1686 rim
924 1631 1001 1693 ('5)
1054 1632 1111 1687 hi
1162 1632 1495 1701 imposuere.
1542 1627 1725 1684 Ochus
1770 1643 1899 1697 ergo
1942 1643 2163 1698 regnum
2216 1628 2349 1693 adit,

774 1735 1091 1792 mutatoque
1118 1724 1340 1777 nomine
1365 1721 1606 1775 Dariteus
1632 1720 1936 1789 appellatur
1966 1720 2063 1787 (ὁ).
2098 1718 2192 1773 llic
2217 1719 2353 1773 dolis

773 1830 900 1871 mox
937 1814 1404 1883 juramentisque.
1433 1812 1763 1882 Parysatidis
1793 1811 2022 1875 monitu,
2058 1809 2352 1881 Secyndia-

769 1920 899 1959 num
959 1905 1277 1975 aggreditur
1328 1922 1341 1959 :

772 1996 1109 2063 hortaretur,
1154 2012 1221 2052 ne
1268 1996 1598 2067 juramentis
1656 1997 2031 2067 Secyndianus
2081 1999 2351 2061 crederet,

773 2103 911 2144 tteve
955 2103 1078 2143 cum
1127 2087 1413 2144 fallacibus
1460 2090 1772 2144 hominibus
1806 2099 2021 2158 pactum
2066 2089 2233 2142 ttllntn
2271 2089 2351 2142 in-

772 2192 896 2245 iret,
932 2183 1110 2237 credit
1147 2190 1352 2238 tamen.
1396 2181 1623 2253 Capitur
1672 2183 1873 2251 itaque,
1905 2192 1958 2236 et
2005 2181 2059 2235 in
2110 2183 2351 2237 cinerem

767 2273 913 2347 430
958 2275 1238 2345 conjectus
1283 2277 1534 2344 moritur,
1582 2290 1704 2331 cum
1748 2289 1961 2331 menses
2016 2290 2109 2331 sex
2145 2276 2245 2344 (5),
2299 2286 2354 2331 et

770 2372 887 2425 dies
912 2371 1221 2439 quindecim
1254 2381 1559 2442 regnasset.

846 2460 1007 2517 Solus
1051 2462 1178 2517 inde
1216 2473 1409 2529 regnat
1453 2461 1656 2526 Ochus,
1688 2461 1780 2533 qui
1816 2474 1870 2517 et
1906 2460 2169 2527 Dariaeus,
2210 2462 2353 2530 apud

773 2572 937 2626 quem
976 2556 1302 2610 auctoritate
1346 2555 1599 2610 valebant
1647 2568 1757 2611 tres
1804 2556 2035 2610 eunuchi
2073 2576 2085 2609 :
2119 2556 2354 2609 maxime

774 2649 996 2718 quidem
1035 2651 1366 2713 Artoxanes,
1418 2658 1540 2716 post
1588 2648 1731 2702 hunc
1769 2648 2150 2709 Artihazaues,
2197 2649 2357 2701 tertio

774 2739 894 2794 loco
926 2739 1155 2794 Atheus.
1194 2740 1299 2794 Sed
1339 2752 1561 2793 uxorem
1594 2738 1937 2807 potissimum
1978 2738 2031 2790 in
2072 2738 2355 2791 consilium

775 2833 1068 2888 adliihehat
1096 2850 1110 2885 :
1143 2848 1208 2886 ex
1250 2847 1357 2901 qua
1390 2831 1499 2897 jam
1530 2844 1659 2885 ante
1691 2832 1899 2885 aditum
1933 2846 2158 2900 regnum
2201 2831 2358 2886 binos

775 2935 1089 2995 susceperat
1135 2923 1357 2989 liberos,
1384 2923 1646 2977 Amistrin
1687 2923 1876 2983 liliam,
1909 2932 1962 2976 et
1995 2922 2160 2974 lilium
2198 2923 2360 2976 Arsa-

778 3031 905 3079 can,
930 3016 1019 3086 qui
1055 3026 1265 3069 mutatu
1299 3026 1419 3083 post
1446 3015 1669 3068 nomine
1696 3016 2030 3067 Artaxerxes
2053 3013 2130 3082 (6)
2160 3012 2357 3067 dictus.

777 3105 927 3164 Parit
982 3116 1160 3159 autent
1214 3106 1314 3173 ipsi
1366 3116 1422 3158 ct
1472 3104 1703 3158 alterum
1756 3102 1923 3158 (ilium
1968 3103 2081 3172 jam
2130 3118 2362 3174 regnans

2452 628 2575 673 στος
2587 612 2854 678 ἐγεγόνει·
2873 616 2960 683 ἐφ’
2976 610 3022 684 ᾦ
3046 619 3078 688 ἡ
3098 617 3143 648 ³⁸
3161 615 3390 688 στρατιά
3406 616 3488 677 είς
3507 614 4037 686 λύπηνζκατηνέχθη.

2462 706 2521 757 '0
2542 706 2599 758 δὲ
2623 706 2772 774 δῶρα
2800 708 2937 779 αὐτῇ
2986 710 3181 763 ὲδίδοιν
3214 711 3265 763 οἱ
3311 710 3353 741 ³⁸
3382 709 3438 762 δὲ
3481 709 3710 778 ἑμίσουν
3737 709 3923 773 αὐτὸν,
3950 711 4039 764 ὃτι

2448 814 2509 850 τε
2535 797 2628 850 τὸν
2653 798 2879 868 ἀδελφὸν
2903 801 3113 871 Ξέρξην
3150 802 3441 855 ἀπεκτόνει
3465 802 3559 853 καὶ
3578 801 3663 855 ὅτι
3695 799 4034 869 Βαγόραςον.

2450 889 2834 957 Διαπέμπεται
2861 892 3181 956 Σεκυδιανὸς
3209 892 3687 963 προσκαλούμενος
3711 887 3897 960 Ὦχον·
3926 894 3955 943 6
3975 891 4038 942 δὲ

2453 983 2793 1051 ὑπισχνεῖται
2854 984 3091 1055 μὲν..οὑ
3138 986 3507 1057 παραγίνεται
3544 982 3621 1036 δέ.
3674 983 3784 1035 Καὶ
3824 983 4039 1049 γίνεται

2450 1073 2609 1126 τοῦτο
2630 1074 2913 1149 πολλάκις.
2967 1076 3131 1140 Τέλος
3186 1075 3577 1147 περιϐάλλεται
3609 1071 3774 1145 Ὦχος
3833 1074 4040 1142 πολλὴν

2455 1162 2747 1234 στρατιὰν,
2807 1164 2900 1218 καὶ
2938 1165 3181 1231 ἐπίδοξος
3215 1161 3285 1235 ἦν
3331 1165 3660 1235 βασιλεύειν.
3714 1164 4039 1232 Ἀφίσταται

2466 1256 2754 1328 ’Λρϐάριος
2794 1259 2822 1311 6
2868 1258 2975 1311 τῶν
3034 1260 3247 1313 ἱππέων
3294 1257 3619 1312 Σεκυδιανοῦ
3672 1258 3857 1328 ἄρχων
3895 1259 4040 1328 πρὸς

2454 1343 2640 1417 Ἶλχον,
2682 1345 2801 1402 εἶτα
2860 1350 3123 1421 Ἀρξάνης
3180 1354 3208 1405 6
3264 1352 3542 1419 Αἰγύπτου
3579 1355 3885 1420 σατράπης
3943 1352 4041 1403 καὶ

2466 1437 2798 1511 Ἀρτοξάρης
2823 1440 2881 1494 δὲ
2920 1443 2948 1493 6
2976 1441 3230 1511 εὐνοῦχος
3256 1441 3300 1472 ³⁸
3340 1441 3399 1506 ἐξ
3435 1441 3727 1513 Ἀρμενίας
3764 1437 3868 1512 ἧκε
3896 1441 4040 1512 πρὸς

2454 1528 2643 1603 Ὦχον.
2676 1536 2787 1587 Καὶ
2815 1534 3073 1589 ἐπέθεντο
3118 1535 3270 1604 αύτῷ
3297 1536 3396 1604 τὴν
3432 1536 3684 1606 κίταριν,
3724 1534 3844 1588 οὔτι
3880 1536 4042 1588 ἑκόνο

2453 1645 2541 1690 τος
2578 1628 2643 1683 ³³.
2706 1628 2988 1681 Βασιλεύει
3030 1625 3231 1699 Ὦχος,
3288 1630 3383 1683 καὶ
3444 1631 3875 1699 μετονομάζεται
3932 1634 4040 1682 Δα-

2458 1722 2737 1790 ρειαῑος³“.
2758 1722 2867 1774 Καὶ
2892 1723 3216 1791 μετέρχεται
3244 1723 3429 1794 ἀπάτῃ
3450 1723 3546 1775 καὶ
3559 1724 3765 1793 ὅρκοις,
3784 1721 4041 1793 ὑποθήκῃ

2458 1812 2848 1883 ΙΙαρυσατιδος,
2873 1814 2964 1865 τὸν
2988 1813 3306 1867 Σεκυδιανὸν
3329 1855 3343 1875 .
3375 1815 3546 1868 πολλά
3587 1815 3967 1879 Μενοστάνους
3990 1817 4040 1848 ³³

1404 1919 1469 1959 ac
1534 1908 1760 1959 multum
1822 1903 1947 1958 licet
2005 1904 2352 1958 Menostaucs

2460 1906 2850 1976 παραινοῦντος
2904 1906 3225 1959 Σεκυδιανὸν
3263 1908 3339 1977 μὴ
3376 1907 3654 1961 πιστεύειν
3689 1911 3803 1971 τοῖς
3850 1910 4041 1978 ὅρκοις

2460 1998 2595 2068 μηδὲ
2624 1996 2947 2051 σπένδεσθαι
2986 2001 3101 2061 τοῖς
3151 1998 3482 2064 ἐξαπατῶσι.
3539 2001 3799 2055 Πείθεται
3841 2002 3887 2055 δ’
3940 1999 4042 2056 οὖν

2454 2090 2626 2158 ὅμως,
2671 2092 2765 2142 καὶ
2806 2090 3120 2153 ἁλίσκεται,
3158 2092 3254 2143 καὶ
3322 2094 3402 2156 είς
3451 2093 3549 2163 τὴν
3590 2094 3785 2148 σποδὸν
3827 2096 4040 2166 ἐμϐάλ-

2456 2183 2606 2238 λεται
2635 2186 2727 2239 καὶ
2758 2185 3053 2239 ἀπόλλυται
3084 2185 3410 2255 βασιλεύσας
3438 2189 3482 2220 ³⁸
3513 2190 3690 2259 μῆνας
3710 2189 3791 2258 ἒξ,
3818 2191 4042 2264 ἡμέρας

2454 2278 2777 2334 δεκαπέντε.

2531 2464 2811 2517 Βασιλεύει
2841 2459 2935 2518 οὖν
2981 2466 3139 2536 μόνος
3174 2462 3341 2537 *Ωχος
3376 2469 3405 2520 6
3449 2468 3543 2521 καὶ
3591 2470 3894 2539 Δαρειαίος.
3932 2467 4043 2521 Εὑ-

2458 2557 2636 2626 νοῦχοι
2662 2558 2717 2611 δὲ
2748 2561 2898 2629 τρεῖς
2927 2559 3190 2628 ἠδύναντο
3234 2560 3363 2630 παρ’
3408 2560 3589 2631 αὐτῷ,
3644 2564 3902 2629 μέγιστον
3935 2562 4045 2631 μὲν

2470 2652 2805 2722 ’Λρτοξάρης
2846 2652 2925 2717 ³¹,
2969 2652 3220 2723 δεύτερος
3260 2654 3317 2707 δὲ
3374 2653 3808 2725 Ἀρτιϐαρζάνης
3848 2655 3893 2686 ³³
3943 2655 4046 2707 καὶ

2458 2742 2639 2811 τρίτος
2704 2742 2921 2805 ’Λθῶος.
2971 2744 3197 2814 Ἐχρῆτο
3248 2745 3305 2798 δὲ
3359 2744 3651 2816 συμϐούλῳ
3693 2747 3930 2815 μάλιστα
3972 2752 4045 2819 τῇ

2466 2834 2683 2899 γυναικί
2705 2835 2771 2866 ³⁸·
2815 2834 2873 2900 ἐξ
2898 2830 2967 2906 ἦς
2989 2835 3098 2906 πρὸ
3124 2836 3225 2903 τῆς
3258 2836 3534 2905 βασιλείας
3560 2836 3654 2890 δύο
3692 2838 3816 2908 ἔσχε
3852 2840 4047 2903 τέκνα,

2478 2926 2780 2996 ’Λμῆστριν
2804 2925 3080 2997 θυγατέρα
3106 2927 3201 2979 καὶ
3231 2928 3508 2999 Ἀρσάκαν
3549 2929 3685 2995 υἱὸν,
3723 2930 3781 2993 ὃς
3813 2929 4049 3000 ὕστερον

2468 3016 2867 3085 μετωνομάσθη
2914 3016 3291 3089 Ἀρτοξέρξης.
3342 3019 3610 3072 Τίκτειδὲ
3656 3020 3806 3089 αὐτῷ
3856 3022 4051 3090 ἕτερον

2464 3108 2579 3158 υἱὸν
2612 3106 2965 3175 βασιλεύουσα
2988 3148 3003 3172 ,
3049 3108 3143 3160 καὶ¹
3172 3107 3382 3160 τίθεται
3424 3110 3483 3162 τὺ
3515 3110 3687 3180 ὄνομα
3733 3112 3899 3164 αὐτοῦ
3936 3114 4055 3164 ἀπὸ

778 3215 942 3265 uxor,
980 3200 1066 3255 cui
1095 3214 1126 3252 a
1160 3197 1273 3253 sole
1302 3197 1430 3268 (Zyri
1460 3199 1535 3269 (7)
1569 3212 1764 3253 nomen
1803 3198 2129 3267 imponitur;
2168 3197 2358 3251 deinde

2464 3199 2557 3252 τοῦ
2588 3200 2741 3269 ἡλίου
2776 3199 2980 3270 Κῦρον·
3010 3196 3131 3254 εἶτα
3172 3201 3350 3253 τίκτει
3388 3203 3701 3274 Ἀρτόστην,
3730 3206 3823 3256 καὶ
3850 3205 4056 3274 ἑφεξῆς

776 3292 1073 3355 Artosten,
1128 3289 1373 3358 aliosque
1433 3288 1689 3359 deinceps
1746 3290 1813 3342 ad
1868 3290 2124 3343 tredecim
2186 3302 2359 3357 usque

780 3384 1007 3440 Eiberos.
1062 3382 1212 3453 (inec
1262 3382 1497 3451 scriptor
1535 3383 1622 3437 hic
1673 3398 1736 3436 ex
1786 3384 2015 3450 ipsamet
2049 3397 2106 3434 se
2142 3382 2361 3434 audisse

780 3477 1101 3548 Parysatide.
1158 3475 1389 3543 refert.)
1461 3472 1660 3528 Verum
1724 3473 1903 3527 creteri
1978 3473 2195 3540 quidem
2254 3473 2362 3526 cito

781 3569 967 3623 vivere
1017 3568 1343 3632 desierunt,
1389 3565 1773 3635 superstitibus
1824 3565 2025 3618 relictis
2079 3566 2175 3627 iis,
2227 3579 2364 3633 quos

782 3662 944 3717 modo
990 3661 1411 3725 nominavimus,
1440 3676 1561 3715 cum
1591 3669 1792 3730 quarto
1838 3658 2056 3727 insuper
2106 3657 2239 3721 lilio,
2275 3656 2363 3711 cui

782 3750 1049 3807 Oxendra:
1082 3767 1279 3806 nomen
1314 3752 1582 3807 iecerunt.

856 3845 1184 3901 Defecerunt
1216 3860 1244 3897 a
1274 3859 1398 3915 rege
1428 3858 1722 3914 germanus
1763 3841 1881 3913 ejus
1920 3840 2090 3895 frater
2129 3840 2361 3903 Arsites,

783 3942 974 3992 eodem
1006 3948 1158 4007 patre
1186 3935 1486 4004 eademque
1522 3945 1694 3988 matre
1730 3944 2045 4003 prognatus,
2094 3941 2149 3986 et
2188 3930 2365 3999 Mega-

784 4029 906 4099 byzi
934 4027 1076 4082 ﬁlius
1101 4027 1420 4097 Artyphius.
1455 4024 1685 4079 Mittitur
1717 4026 1979 4078 adversus
2018 4025 2116 4078 hos
2141 4023 2366 4093 Artasy—

784 4131 902 4182 ras,
931 4115 1180 4184 belloque
1213 4114 1532 4185 Artypltium
1582 4112 1865 4176 invadens,
1901 4110 2111 4165 duobus
2157 4124 2188 4164 e
2231 4124 2367 4178 prte-

785 4210 875 4266 liis
915 4211 1090 4264 victus
1142 4209 1317 4263 abiit:
1360 4207 1519 4261 tertio
1566 4206 1762 4259 deinde
1809 4218 2155 4273 congressus,
2206 4205 2369 4272 Arty-

784 4304 973 4374 pbium
1021 4311 1265 4371 superat,
1298 4310 1353 4354 et
1384 4313 1519 4369 quos
1572 4298 1660 4352 ille
1702 4311 1886 4351 secum
1940 4295 2173 4350 habebat
2226 4294 2367 4348 Grze-

788 4411 881 4451 cos
915 4395 987 4450 ita
1025 4394 1340 4449 muneribus
1374 4396 1439 4447 ad
1488 4407 1546 4448 se
1588 4391 1849 4463 pellexit,
1883 4398 1940 4443 ut
1993 4388 2207 4442 tandem
2240 4402 2363 4441 cum

2470 3289 2633 3358 μέχρι
2661 3289 2867 3342 παίδων
2904 3289 3226 3360 δεκατριῶν.
3264 3291 3371 3343 Καί
3406 3308 3573 3361 φησιν
3621 3295 3650 3344 6
3694 3296 4053 3363 συγγραφεὺς

2467 3382 2629 3443 αὐτὸς
2672 3384 2804 3451 παρ’
2849 3381 3019 3451 αὐτῆς
3051 3383 3265 3449 ἐκείνης
3304 3381 3405 3446 τῆς
3453 3382 3827 3451 Παρυσάτιδος
3871 3385 4055 3437 ταῦτα

2468 3472 2721 3525 ἀκούσαι.
2769 3472 2931 3525 Ἀλλὰ
2958 3473 3026 3525 τά
3066 3472 3165 3541 μὲν
3197 3472 3332 3526 ἄλλα
3367 3472 3476 3524 τῶν
3509 3474 3716 3526 τέκνων
3756 3477 3891 3545 ταχυ
3941 3478 4058 3528 άπ-

2470 3561 2623 3628 εϐίω,
2649 3564 2697 3615 οἱ
2729 3562 2785 3615 δὲ
2814 3564 3230 3633 περιγεγονότες
3260 3564 3313 3615 οῖ
3332 3581 3393 3615 τε
3419 3564 3828 3634 προρρηθέντες
3848 3571 4062 3638 τυγχά-

2470 3669 2622 3706 νουσι
2662 3655 2759 3706 καὶ
2789 3652 2872 3707 ετι
2907 3654 3165 3724 τέταρτος
3204 3652 3340 3719 υίὸς,
3389 3653 3675 3724 Ὀξένδρας
3718 3656 4058 3731 ὠνομασμέ-

2471 3764 2579 3809 νος.

2553 3838 2901 3908 Ἀφίστανται
2946 3840 3208 3911 βασιλέως
3242 3843 3498 3916 ’Ᾱρσίτης
3528 3846 3556 3898 6
3577 3846 3777 3910 οἰκεῖος
3801 3846 4059 3915 ἀδελφδτῖο

2470 3933 2805 4001 ὁμοπάτριος
2835 3934 2927 3986 καὶ
2956 3934 3314 4005 ὁμομήτριος,
3353 3938 3447 3990 κα)⁵
3480 3937 3772 4007 Ἀρτύφιος
3809 3939 3838 3990 6
3864 3938 4059 4005 Μεγα-

2472 4024 2660 4087 ϐύζου.
2688 4025 2973 4095 Πέμπεται
3003 4026 3093 4098 [65
3116 4026 3210 4097 Η.]
3227 4029 3569 4101 Ἀρτασύρας
3589 4029 3710 4083 κατ’
3740 4029 3942 4093 αὐτῶν,
3964 4033 4062 4082 καὶ

2474 4118 2703 4186 πολεμεῖ
2752 4116 3043 4187 ’Δρτύφιον
3075 4159 3091 4181 ,
3142 4124 3235 4173 καὶ
3272 4120 3393 4173 δυσὶ
3442 4122 3646 4191 μάχαις
3707 4120 4061 4191 Ἀρτασύρας

2474 4210 2721 4279 ἡττᾶται.
2749 4207 2876 4279 [128
2909 4208 2999 4282 8.]
3026 4206 3157 4264 Εἶτα
3198 4211 3358 4265 πάλιν
3384 4212 3676 4282 συμϐαλὼν
3705 4201 3831 4283 νικᾷ
3867 4214 4064 4281 ’Δρτύ-

2475 4314 2617 4367 φιον,
2653 4299 2750 4350 καὶ
2784 4298 3051 4366 ὑπάγεται
3082 4300 3207 4363 τοὺς
3238 4302 3335 4354 σὺν
3365 4302 3516 4373 αὐτῷ
3539 4302 3810 4373 ’Έλληνας
3834 4304 4057 4374 δώροις,

2474 4392 2571 4443 xal.
2610 4392 3117 4461 καταλιμπάνονται
3168 4394 3318 4464 αὐτῷ
3375 4396 3634 4466 Μιλήσιοι
3682 4396 3834 4467 μόνοι
3877 4401 4052 4466 τρεῖς.

790 4487 962 4542 tribus
1019 4486 1312 4540 admodum
1371 4484 1596 4540 Milesiis
1657 4484 1885 4536 relictus
1937 4479 2123 4533 fuerit.
2185 4477 2358 4543 Quare

2479 4482 2645 4545 Τέλος
2667 4484 2865 4550 ὅρκους
2901 4483 2995 4535 καὶ
3024 4484 3236 4547 πίστεις
3281 4484 3462 4538 λαϐὼν
3502 4487 3655 4557 παρὰ
3719 4488 4058 4558 Ἀρτασύρα,

783 4576 1138 4648 jurejurando
1183 4576 1393 4642 ﬁdeque
1438 4573 1506 4627 ab
1546 4573 1761 4625 Artasia
1796 4570 1945 4633 data,
1980 4568 2094 4635 regi
2136 4582 2256 4622 sese
2284 4567 2358 4621 de-

2473 4574 2594 4625 ἐπεὶ
2623 4574 2651 4624 6
2688 4573 2943 4643 ’Δρσίτης
2972 4574 3075 4627 οὐκ
3098 4575 3368 4643 ἐφαίνετο,
3390 4575 3785 4648 προσεχώρησε
3818 4578 4057 4647 βασιλεῖ.

789 4670 941 4723 didit.
976 4666 1257 4737 Parysatis
1285 4680 1414 4719 vero
1442 4664 1552 4734 regi
1582 4665 1647 4717 ad
1676 4660 1999 4732 Artyphiutn
2034 4657 2358 4715 interﬁcien-

2474 4665 2786 4737 Παρύσατις
2820 4666 2877 4718 δὲ
2907 4666 3221 4734 βουλεύεται
3257 4668 3489 4737 βασιλεῖ,
3530 4670 3772 4741 ὀρμῶντι
3794 4671 3933 4739 πρὸς
3965 4672 4062 4724 τὸν

789 4761 917 4814 dum
966 4758 1191 4813 incitato
1218 4757 1272 4810 id
1312 4755 1526 4811 consilii
1553 4754 1738 4823 dedit,
1772 4752 1863 4807 illo
1894 4763 1951 4807 ut
1982 4762 2224 4821 tempore
2261 4766 2358 4805 non

2485 4758 2779 4829 ’Δρτυφίου
2805 4756 3059 4823 θάνατον,
3100 4761 3175 4830 μὴ
3220 4760 3432 4815 ἀνελεῖν
3469 4762 3629 4825 τέως’
3680 4762 3901 4815 ἔσεσθαι
3948 4764 4062 4833 γάρ

788 4854 1107 4909 occideret:
1146 4866 1243 4923 per
1288 4865 1408 4903 eam
1455 4848 1599 4903 enim
1650 4847 1897 4901 fraudem
1948 4845 2110 4899 etiam
2149 4843 2358 4899 Arsiten

2474 4850 2632 4903 τοῦτο
2660 4852 2877 4920 ἀπάτην
2901 4854 2995 4904 καὶ
3013 4855 3093 4915 είς
3113 4854 3213 4923 τὴν
3241 4854 3631 4925 προσχώρησιν
3655 4855 3748 4907 τοῦ
3782 4855 4057 4926 Ἀρσίτου⁹

790 4946 966 5017 ipsum
1021 4959 1140 4999 sese
1190 4942 1539 5006 deditorum;
1588 4939 1680 4994 ubi
1721 4940 1809 4993 hic
1844 4950 2060 5006 quoque
2117 4938 2358 5005 decepto:

2476 4939 2696 4993 ἐπειδὰν
2729 4941 2785 4993 δὲ
2809 4940 3060 5005 κάκεῖνος
3082 4943 3384 5012 ἀπατηθεὶς
3402 4942 3653 5013 ἀλῷ,δεῖν
3677 4944 3723 4975 δ’
3749 4945 3874 4995 τότε
3892 4943 4064 5014 ἄμφω

792 5047 1090 5110 captusque
1143 5044 1324 5101 esset,
1377 5046 1513 5103 tum;
1554 5034 1771 5087 demum
1831 5041 2043 5099 tempus
2093 5028 2358 5097 utriusque

2478 5033 2901 5104 διαχρήσασθαι.
2934 5035 3046 5087 Καὶ
3088 5035 3313 5103 γέγονεν
3355 5035 3551 5101 οὕτως,
3576 5036 3935 5106 εὐοδωθείσης
3962 5038 4064 5104 τῆς

792 5132 1044 5188 necandi.
1098 5127 1170 5185 Et
1212 5144 1342 5185 vero
1388 5127 1464 5182 ita
1514 5124 1719 5181 factum
1762 5132 1866 5190 est,
1903 5122 2030 5177 dum
2061 5120 2110 5175 ei
2146 5120 2358 5174 consilit

2482 5124 2813 5194 συμϐουλῆς,
2837 5123 2933 5179 καὶ
2955 5124 3286 5195 ἐμϐάλλεται
3306 5126 3387 5188 είς
3416 5124 3514 5196 τὴν
3542 5125 3736 5179 σποδὸν
3773 5125 4064 5197 ’Δρτύφιος

2069 5232 2305 5289 VARUE
2340 5233 2743 5291 LECTIONES.

867 5340 911 5369 ³⁸
938 5341 973 5409 ἡ
1002 5337 1125 5409 add.
1152 5336 1218 5409 ᾼ.
1290 5335 1350 5409 μ³¹
1370 5332 1451 5409 ὀί]
1476 5332 1647 5409 ιαὺτοὶ
1804 5330 1875 5409 _'_’
1907 5330 1934 5382 6
1962 5327 2219 5409 silvofixoc
2271 5326 2493 5409 add.A.L
2548 5328 2593 5359 ³³
2620 5328 2799 5409 ἑκόντι
2848 5347 2908 5395 ς.
2984 5330 3035 5409 ξι
3064 5330 3305 5409 δαριατρς
3344 5350 3404 5397 ς,
3444 5406 3463 5409 _
3482 5332 3527 5365 ιι
3552 5332 3721 5409 πολλά
3748 5334 3847 5405 μὲν
3869 5336 4067 5409 νοᾳτά,

795 5428 917 5471 νους
1074 5408 1117 5438 ³⁸
1162 5399 1490 5475 βασιλεύσας
1524 5404 1652 5458 add.
1677 5403 1722 5455 Δ
1754 5421 1767 5456 :
1803 5399 2082 5475 idem‘hoc
2106 5399 2501 5475 loc-oreposuit
2560 5414 2679 5475 quae
2707 5403 2866 5475 vulgo
2898 5416 2947 5453 v.
2983 5402 3035 5467 5,
3097 5399 3214 5471 post
3238 5406 3541 5475 Aapctaipgf
3566 5399 3840 5475 leguntur,
3888 5407 4069 5475 μῆνας

796 5490 851 5554 ς’
876 5468 1086 5553 η’μῖρας
1119 5468 1200 5531 ιε’.
1278 5478 1321 5508 ⁸⁷
1351 5476 1681 5547 Ἀρτοξάνης
1726 5492 1787 5539 ς.
1886 5470 1931 5502 ³⁸
1964 5468 2363 5540 Ἀρτιϐαζάνης
2408 5487 2471 5534 ς.
2567 5470 2610 5503 ³⁸
2647 5471 2883 5540 μάλιστα
2932 5475 3000 5543 τῇ
3036 5468 3257 5541 γυναικὶ
3319 5468 3644 5546 ’συμϐούλιιῖ
3660 5494 3721 5541 ς.
3807 5468 3853 5509 ⁵⁷⁸
3882 5468 3968 5530 δεῖ
4001 5484 4064 5531 Α.

2319 5582 2555 5641 NOTAE.

873 5694 952 5816 (ᾗ)
988 5692 1063 5745 De
1096 5690 1278 5752 citari,
1316 5688 1430 5742 sive
1464 5685 1657 5751 cidari,
1686 5684 1803 5753 lege
1851 5681 1998 5737 doct.
2040 5679 2380 5734 Brissonium
2493 5698 2557 5737 ex
2591 5684 2827 5739 historia
2858 5683 3069 5737 ratione
3095 5686 3352 5742 restim“.

933 5763 1139 5816 erst’cis.
1172 5762 1261 5813 lib.
1298 5775 1334 5812 ι.
2567 5756 2642 5816 (6)
2682 5755 3055 5816 CognOmento
3084 5755 3348 5816 Μνήμων.

799 5765 854 5823 iu
883 5755 1139 5827 Persicis,
1172 5762 1261 5813 lib.
1298 5775 1334 5812 ι.
2567 5756 2642 5823 (6)
2682 5755 3055 5824 CognOmento
3084 5755 3348 5825 Μνήμων.

873 5835 948 5897 (ι)
989 5834 1122 5886 Aliis
1161 5830 1357 5883 Darius
1394 5827 1607 5881 Nothus
1643 5825 1841 5879 dictus.
2028 5893 2039 5897 _
2236 5890 2247 5897 _
2563 5824 2638 5896 (7)
2677 5826 2852 5897 Cyrus
2885 5826 2971 5881 hic
3006 5826 3182 5881 minor
3216 5838 3319 5882 est.

896 5836 948 5897 ι)
989 5836 1122 5886 Aliis
1161 5836 1357 5883 Darius
1394 5836 1607 5881 Nathus
1643 5836 1841 5879 dictus.

873 5836 952 5976 25)
991 5902 1203 5975 Sequor
1251 5900 1559 5957 versionem
1614 5898 1836 5964 editam,
1881 5909 1999 5965 qua:
2028 5893 2203 5949 locum
2236 5890 2380 5947 hunc
