4224 6442
762 420 860 481 199

1912 409 2176 472 ΡΗΟΤΙΙ
2216 407 2718 469 ΡΑΤΒΙΑΒΟΗᾸΞ
2754 405 2864 467 CP.

3914 409 4018 477 aoo

759 528 973 582 facinus
1000 522 1286 588 intellexit,
1316 520 1513 576 multas
1534 518 1674 591 patri
1698 519 1845 575 (liras
1875 519 2203 588 imprecatus
2232 528 2334 581 est,
2366 522 2396 576 Α

2453 516 2652 584 παρὼν,
2726 514 2848 567 ἐπεὶ
2889 512 3081 582 ἔμαθε.
3138 513 3311 566 πολλά
3329 513 3407 584 τῷ
3441 516 3605 585 ττατρὶ
3644 520 4018 587 κατηράσατο,

756 626 1084 687 captamque
1114 612 1274 667 Zarin
1306 612 1521 675 urbem,
1550 610 1920 665 Te'rituchmaa
1963 609 2071 662 lilio
2111 623 2332 661 conser-

757 707 926 759 vavit.
971 705 1039 759 At
1086 703 1361 773 Parysatis
1400 714 1628 755 matrem
1671 698 2054 761 Terituchmas,
2102 697 2332 750 fratres-

757 811 861 865 que
902 794 1194 849 Metrosten
1246 802 1407 861 atque
1449 791 1715 856 Hclicum,
1764 804 1979 845 sorores
2018 790 2140 843 item
2175 790 2332 852 duas,

757 901 892 952 quas
945 892 1137 954 praeter
1188 881 1480 938 Stateiram
1528 882 1777 948 habebat,
1813 882 1963 934 vivas
1999 880 2173 935 defodi
2219 879 2337 946 jus-

755 977 825 1029 sit
844 975 1056 1044 (9-10);
1085 989 1139 1029 et
1166 977 1335 1044 ipsam
1368 973 1627 1028 Roxanen
1656 975 1769 1044 (li)
1791 973 1966 1027 vivam
1992 973 2117 1027 item
2136 974 2333 1026 secari.

756 1066 1114 1121 Tantumdem
1148 1068 1213 1121 de
1269 1065 1543 1130 Stateira,
1587 1065 1808 1119 Arsaczn
1858 1064 1949 1117 lilii
2004 1078 2192 1127 uxore,
2242 1076 2336 1116 rex

764 1160 977 1228 conjugi
1015 1160 1320 1227 imperavit.
1354 1158 1423 1212 At
1463 1174 1583 1210 cum
1616 1156 1848 1211 Arsaces
1884 1154 2065 1209 multis
2109 1164 2333 1207 matrem

764 1262 1081 1323 patremque
1133 1252 1388 1320 lacrymis
1441 1264 1605 1319 atque
1649 1248 1955 1318 planctibus
2012 1248 2335 1318 mitigasset,

758 1356 1042 1414 postquam
1114 1346 1229 1411 ipsa
1264 1344 1403 1414 43b
1436 1343 1709 1412 Parysatis
1740 1342 1880 1397 ﬂexa
1910 1350 2012 1404 est,
2042 1341 2205 1395 etiam
2244 1354 2334 1392 rex

760 1450 978 1504 pcenam
1014 1434 1089 1487 illi
1116 1435 1469 1499 condonavit,
1510 1433 1612 1488 hoc
1640 1434 1825 1489 addito
1853 1434 1918 1489 ad
1949 1447 2194 1497 uxorem,
2220 1429 2337 1485 fore

759 1530 1047 1594 aliquando
1081 1538 1139 1581 ut
1172 1544 1293 1582 eam
1322 1528 1477 1581 valde
1508 1528 1818 1594 pteniteret.

759 1617 1006 1690 εχώρησε
1033 1620 1130 1671 καὶ
1165 1614 1331 1688 Ὦχος
1364 1620 1393 1670 6
1419 1619 1700 1687 Δαρειαίος
1720 1618 1788 1682 ⁸⁸,
1845 1617 2014 1671 εἰπὼν
2064 1616 2396 1688 Παρυσάτιδι

833 1737 1052 1790 Decimo
1094 1749 1235 1791 nono
1276 1736 1470 1790 deinde
1508 1736 1645 1790 libro
1673 1739 1861 1801 refert,
1905 1751 1962 1792 ut
2000 1736 2179 1792 Ochus
2216 1738 2321 1791 Da-
2355 1745 2395 1799 Β

763 1830 923 1883 rimus
953 1844 1019 1881 ex
1068 1829 1255 1883 morbo
1292 1838 1534 1883 mortuus
1564 1831 1633 1884 sit
1668 1829 1961 1901 Babylone,
1994 1847 2114 1885 cum
2164 1849 2340 1891 annos

765 1929 1048 1986 regnasset
1070 1920 1310 1987 quinque
1329 1935 1491 1987 supra
1526 1920 1769 1988 triginta.
1804 1924 2057 1986 Arsaces,
2092 1922 2345 1991 idemque

763 2012 1101 2064 Artaxerxes
1148 2010 1264 2081 (12)
1320 2020 1527 2065 mutato
1558 2013 1802 2079 nomine,
1871 2028 2091 2081 regnum
2154 2017 2345 2071 deinde

765 2101 1027 2169 suscipit;
1077 2111 1132 2155 et
1188 2114 1375 2156 exacta
1438 2114 1582 2157 retro
1640 2104 1775 2176 (per
1816 2104 2114 2175 cervicem)
2164 2107 2342 2176 lingua

767 2191 1005 2247 Udiastze
1053 2203 1363 2255 exsecatnr,
1411 2203 1575 2267 atque
1614 2197 1688 2251 ita
1738 2200 2006 2263 moritur,
2038 2198 2347 2255 Mithridate

766 2282 883 2347 ejus
912 2281 1023 2335 filio
1051 2296 1148 2351 pro
1179 2293 1400 2350 parente
1451 2296 1667 2353 satrapa
1711 2295 1896 2340 creato
1928 2300 1944 2338 :
1972 2302 2092 2357 quae
2130 2289 2344 2357 quidem

777 2372 1028 2427 Stateirae
1060 2373 1241 2428 studio
1268 2389 1373 2428 non
1404 2375 1739 2447 sinejniagno
1784 2378 2118 2449 Parysatidis
2165 2381 2348 2435 dolore

770 2478 987 2537 peracta
1022 2480 1166 2522 sunt.
1191 2468 1581 2537 Tissaphernes
1613 2474 1933 2526 criminatur
1974 2474 2172 2541 Cyrum
2204 2475 2344 2544 apud

771 2563 1129 2616 Artaxerxem
1170 2560 1386 2617 fratrem
1414 2579 1430 2629 ;
1466 2577 1589 2616 mox
1618 2563 1705 2619 ille
1735 2566 1800 2619 ad
1835 2577 2059 2620 matrem
2085 2567 2346 2637 confugit,

771 2661 935 2720 atque
978 2651 1046 2703 ab
1095 2649 1306 2713 objecto
1340 2651 1570 2705 crimine
1611 2652 1937 2710 absolvitur.
1990 2654 2102 2708 llac
2144 2670 2273 2725 ergo
2317 2672 2347 2710 a

772 2740 942 2795 fratre
969 2740 1194 2795 allectus
1227 2742 1516 2811 ignominia
1548 2742 1741 2813 Cyrus,
1775 2745 1841 2798 ad
1877 2748 2165 2814 satrapiam
2196 2762 2348 2801 suam

774 2830 998 2891 recedit,
1036 2844 1099 2883 ac
1126 2829 1193 2883 de
1227 2828 1522 2883 rebellione
1556 2831 1779 2900 cogitat.
1809 2830 2145 2886 Criminatur
2177 2834 2352 2887 Oron-

774 2922 878 2976 den
913 2921 1301 2976 Satibarzanes
1355 2938 1477 2977 cum
1531 2921 1856 2995 Parysatide
1908 2926 2350 2979 COuSuetndinem

778 3013 999 3077 habere,
1021 3028 1143 3066 cum
1168 3014 1408 3083 alioquin
1430 3015 1735 3069 castissime
1750 3014 1976 3068 viveret.
1997 3014 2167 3069 Morte
2193 3016 2353 3085 igitur

2435 610 2528 661 καὶ
2588 608 2742 659 πόλιν
2800 607 2966 675 Ζάριν
3019 606 3342 659 καταλαϐὼν
3387 607 3661 675 ἐφύλασσε
3699 612 3910 678 ταύτην
3938 608 4020 678 τῷ

2435 700 2586 751 παιδὶ
2629 699 2725 751 τοῦ
2777 697 3187 766 Ἰέριτούχμεω.
3224 696 3377 750 Ἡδὲ
3432 697 3743 768 Παρύσατις
3796 700 3900 769 τήν
3958 716 4021 750 τε

2439 788 2769 861 μητέρατὴν
2799 789 3185 859 Τεριτούχμεω
3214 790 3310 841 καὶ⁵
3338 788 3468 852 τοὺς
3491 788 3756 857 ἀδελφοὺς
3795 788 4023 859 Μιτρώ-

2439 884 2626 951 στην⁸⁶
2657 884 2752 935 καὶ
2784 882 3011 935 ’Πλικον
3050 884 3145 934 καὶ
3172 881 3271 944 τάς
3302 880 3567 949 ἀδελφὰς,
3601 881 3696 935 δύο
3719 881 3886 945 οὖσας
3913 900 4024 949 χω·

2440 976 2523 1043 ρἰς
2574 974 2672 1042 τῆς
2737 972 3030 1042 Στατείρας
3049 974 3115 1036 ⁵⁷,
3155 970 3335 1035 ζώσας
3382 973 3638 1025 ἐκέλευσε
3672 973 4019 1042 καταχῶσαι,

2436 1064 2533 1133 τήν
2561 1064 2617 1115 δὲ
2657 1062 2752 1134 [64
2778 1062 2868 1135 IL]
2907 1062 3183 1133 Ῥωξάνην
3244 1062 3425 1125 ζῶσαν
3484 1066 3815 1132 κατατεμεῖν
3845 1080 3859 1092 ·
3916 1064 4019 1116 καὶ

2438 1157 2674 1224 ἐγένετο.
2707 1155 2768 1218 ’,Ο
2799 1156 2856 1209 δὲ
2879 1156 3136 1227 βασιλεὺς
3168 1151 3290 1208 εἷπε
3324 1158 3393 1226 τῇ
3422 1161 3644 1223 γυναικὶ
3674 1155 4026 1226 Παρυσάτιδι

2438 1248 2664 1317 ποιῆσαι
2690 1247 2893 1315 ὁμοίως
2918 1249 3013 1301 καὶ
3038 1247 3335 1317 Στάτειραν
3363 1246 3461 1318 τήν
3493 1248 3552 1299 ’Δ
3563 1247 3768 1318 ρσάκου
3787 1249 4027 1314 γυναῖκα

2437 1341 2532 1394 τοῦ
2565 1341 2779 1403 παιδός·
2813 1338 2939 1411 [129
2966 1338 3058 1411 IL]
3090 1339 3206 1393 ἀλλ’
3236 1340 3266 1392 ὅ
3293 1356 3357 1408 γε
3386 1340 3666 1410 ’Δρσάκης
3720 1340 3891 1394 πολλὰ
3917 1341 4026 1410 τὴν

2447 1434 2659 1506 μητέρα
2690 1434 2783 1487 καὶ
2814 1436 2906 1487 τὸν
2930 1434 3142 1504 πατέρα
3156 1432 3390 1502 δάκρυσι
3415 1434 3509 1486 καὶ
3531 1435 3786 1497 κοπετοῖς
3806 1433 4029 1497 ὲξιλεω-

2446 1528 2761 1596 σάμενος⁵⁸,
2823 1526 2950 1579 ἐπεὶ
2975 1526 3018 1559 ⁸⁸
3074 1528 3109 1596 ή
3142 1524 3456 1594 Παρύσατις
3502 1525 3862 1595 ὲπεκάμφθη,
3899 1543 4037 1578 συν-

2444 1617 2613 1671 πολλὰ
2660 1617 3057 1688 μεταμελήσειν
3090 1618 3263 1687 αὑτήν
3301 1617 3369 1669 ⁸³.
3415 1615 3657 1688 Τελευτᾷ
3697 1619 3743 1649 ⁸⁸
3792 1620 3825 1687 ή
3856 1617 3928 1689 ιη’
3958 1619 4028 1670 ⁸³.

2506 1737 2594 1788 Ἐν
2630 1736 2687 1789 δὲ
2710 1738 2775 1805 τῇ
2802 1735 2867 1788 ιθ⁹
2893 1734 3107 1805 ίστορία
3164 1733 3528 1803 διαλαμϐάνει
3573 1735 3650 1797 ὡς
3671 1729 3839 1803 Ὦχος
3859 1736 3889 1788 6
3912 1736 4026 1787 Δα-

2451 1829 2651 1897 ρειαῖος
2668 1827 2713 1858 ⁸⁵
2766 1825 3035 1879 ἀπέθανεν
3096 1826 3405 1895 ἀσθενήσας
3454 1827 3511 1878 ὲν
3552 1825 3869 1889 Βαόυλῶνι,
3927 1825 4027 1895 ἐτη

2452 1918 2774 1987 βασιλεύσας
2804 1919 3099 1989 τριάκοντα
3132 1919 3319 1982 πέντε,
3354 1916 3625 1986 βασιλεύει
3645 1918 3703 1971 δὲ
3736 1918 4029 1988 Ἀρσάκης

2449 2015 2477 2065 6
2524 2011 2955 2080 μετονομασθεὶς
3017 2009 3394 2080 Ἀρτοξέρξης.
3462 2011 3572 2063 Καὶ
3618 2011 3946 2079 ἐκτέμνεται
3997 2010 4029 2061 6

2452 2102 2751 2170 Ούδιάστης
2796 2104 2894 2169 τήν
2953 2100 3203 2168 γλῶτταν
3234 2140 3249 2161 ,
3302 2101 3397 2153 καὶ
3454 2100 3769 2164 ἑξελκύεται
3814 2098 4028 2170 ταύτην

2451 2193 2757 2260 ἐξόπισθεν,
2788 2194 2885 2246 καὶ⁵
2905 2192 3158 2264 θνήσκει·
3180 2194 3208 2245 6
3234 2192 3289 2245 δὲ
3322 2194 3452 2254 παῖς
3480 2192 3648 2245 αὑτοῦ
3679 2191 4036 2260 Μιτραδάτης

2452 2288 2574 2339 ἀντὶ
2634 2285 2731 2339 τοῦ
2784 2285 2991 2355 πατρὸς
3021 2284 3345 2338 καθίσταται
3391 2284 3701 2355 σατράπης.
3748 2283 4036 2355 Ἐπράχθη

2450 2378 2506 2432 δὲ
2533 2378 2704 2431 ταῦτα
2735 2379 2936 2449 σπουδῇ
2974 2378 3293 2449 Στατείρας,
3327 2378 3422 2430 καὶ
3456 2378 3648 2448 ἠνιᾶτο
3680 2376 4021 2447 Παρύσατις.

2452 2470 2810 2523 Διαϐἁλλεται
2838 2468 3017 2539 Κῦρος
3075 2468 3182 2522 ὑπὸ
3234 2469 3641 2539 Τισσαφέρνους
3664 2468 3802 2537 πρὸς
3846 2468 4041 2538 ’Δρτοο

2455 2564 2649 2634 ξέρξην
2692 2564 2784 2616 τὸν
2822 2562 3068 2633 ἀδελφὺν,
3100 2563 3192 2616 καὶ
3222 2561 3565 2630 καταφεύγει
3607 2560 3947 2632 Παρυσάτιδι
3968 2562 4041 2630 τῇ

2457 2658 2645 2726 μητρὶ,
2674 2657 2770 2707 καὶ
2801 2654 3096 2708 ἀπολύεται
3118 2656 3215 2724 τῆς
3244 2653 3521 2723 διαϐολῆς.
3554 2652 3879 2706 ’Δπελαύνει
3920 2651 4043 2705 Κῦ-

2458 2764 2549 2817 ρος
2576 2747 2925 2817 ὴτιμωμένος
2953 2748 3105 2817 παρὰ
3145 2746 3239 2799 τοῦ
3268 2746 3502 2814 ἀδελφοῦ
3535 2747 3671 2817 πρὸς
3692 2746 3794 2815 τήν
3823 2745 4046 2799 οἰκείαν

2457 2838 2831 2909 σατραπείαν,
2893 2839 2988 2891 καὶ
3049 2839 3249 2908 μελετᾷ
3294 2837 3688 2891 ἐπανάστασιν.
3749 2835 4046 2890 Διαὸάλλει

2458 2932 2872 3002 Σατιϐαρζάνης
2918 2931 3199 3002 Ὀρόνδην,
3230 2930 3307 2993 ὡς
3354 2930 3691 3000 Παρυσάτιδι
3755 2929 4043 2999 μίγνυται,

2459 3026 2635 3078 καίτοι
2692 3026 2812 3077 λίαν
2858 3025 3030 3092 αὐτῆς
3093 3022 3477 3094 σωφρονούσης
3508 3037 3523 3050 ⁸
3583 3024 3677 3076 καὶ
3731 3023 4049 3091 ἀναιρεῖται

782 3109 1043 3159 multatur
1081 3104 1347 3167 Orondes,
1379 3114 1433 3159 et
1469 3117 1645 3161 mater
1675 3108 1784 3177 regi
1817 3108 2159 3178 indignatur.
2187 3123 2350 3162 vene-
2382 3117 2396 3169 ι

2469 3117 2745 3187 Ὀρόνδης,
2798 3118 2891 3169 καὶ
2949 3115 3230 3186 ὀργίζεται
3275 3116 3309 3183 ή
3354 3115 3537 3184 μήτηρ
3564 3113 3642 3184 τῷ
3678 3113 3928 3183 βασιλεῖ,
3960 3114 4049 3165 ὅτι

781 3212 959 3264 noque
985 3196 1382 3251 Teriteuchmze
1428 3198 1596 3250 [ilium
1639 3210 1817 3254 necat.
1848 3198 1925 3255 De
1948 3214 2014 3254 eo
2046 3214 2259 3269 quoque
2296 3198 2354 3252 lit

782 3287 869 3341 hic
894 3290 1118 3352 mentio,
1143 3287 1234 3355 qui
1283 3299 1563 3356 parentem
1610 3297 1797 3342 contra
1840 3290 2010 3359 legem
2044 3305 2138 3357 per
2180 3290 2353 3356 ignem

782 3378 1033 3445 sepelivit
1055 3376 1189 3448 (l5).
1219 3375 1374 3431 Unde
1395 3379 1559 3432 etiam
1584 3377 1895 3433 Hellanicus
1926 3390 2087 3447 atque
2111 3379 2353 3434 Herodo-

785 3482 872 3523 tus
919 3472 1187 3524 mendacii
1246 3482 1571 3541 arguuntur.
1626 3471 1815 3526 Deﬁcit
1861 3488 1890 3525 a
1941 3472 2107 3524 fratre
2162 3472 2353 3542 Cyrus,

784 3564 975 3620 Cra-co
1035 3564 1192 3619 simul
1235 3572 1288 3617 et
1324 3564 1609 3618 barbarico
1651 3565 1879 3618 collecto
1929 3566 2169 3617 exercitu
2221 3564 2355 3634 (l4).

786 3659 961 3710 Porro
1013 3657 1315 3711 Clearchus
1359 3654 1670 3711 Graecorum
1714 3657 1821 3711 dux
1868 3669 2003 3711 erat.
2030 3656 2362 3727 Synennesis

790 3765 922 3804 vero
952 3749 1176 3805 Cilicum
1200 3766 1294 3804 rex
1324 3760 1635 3818 utrumque,
1663 3751 1859 3819 Cyrum
1895 3752 2014 3804 dico
2036 3761 2087 3803 et
2114 3751 2365 3803 Artaxer-

792 3855 941 3903 xem,
970 3841 1023 3892 in
1052 3840 1191 3893 bello
1210 3839 1520 3905 adjuvabat.
1554 3840 1726 3911 Cyrus
1748 3857 1926 3907 suum,
1951 3849 2005 3894 et
2037 3844 2364 3894 Artaxerxes

790 3933 1029 3984 vicissim
1071 3948 1225 3984 suum
1264 3934 1562 3984 exercitum
1590 3934 1908 3986 cohortatus
1935 3943 2036 3985 est.
2070 3932 2362 3986 Clearchus

790 4020 1255 4082 Lacedaemonius,
1297 4021 1549 4089 idemque
1580 4019 1887 4075 Graicorum
1919 4023 2046 4087 dux,
2084 4032 2138 4075 et
2172 4020 2363 4074 Menon

792 4114 1106 4174 'l'hcss;ilus,
1168 4129 1399 4181 quorum
1470 4123 1695 4180 uterque
1760 4110 1964 4183 Cyrum
2021 4115 2366 4181 sequebatur,

793 4207 1009 4259 assidue
1046 4206 1188 4258 inter
1231 4220 1290 4257 se
1320 4203 1678 4264 dissidebant,
1709 4217 1990 4273 propterea
2024 4207 2167 4273 quod
2196 4204 2370 4272 Cyrus

798 4298 847 4351 in
882 4296 1135 4351 omnibus
1158 4295 1406 4349 Clearclti
1450 4298 1678 4350 consilio
1711 4305 1975 4359 uteretur,
2013 4295 2155 4348 nulla
2186 4295 2367 4348 Meno-

796 4396 880 4446 nis
920 4394 1099 4445 habita
1126 4392 1356 4445 ratione.
1384 4391 1519 4444 Cum
1551 4390 1703 4446 multi
1737 4392 1808 4445 ab
1838 4396 2144 4446 Artaxerxe
2173 4393 2236 4441 ad
2264 4390 2374 4458 Cy-

2404 4454 2444 4508 D

2456 3208 2767 3276 Παρύσατις
2814 3209 3093 3279 φαρμάκῳ
3143 3206 3447 3276 διαφθείρει
3498 3206 3589 3259 τὸν
3644 3205 4049 3275 Τεριτούχμεω

2455 3299 2588 3351 υἱόν.
2654 3300 2763 3351 Καὶ
2817 3302 2947 3369 περὶ
3000 3298 3098 3351 τοῦ
3149 3298 3420 3366 θάψαντος
3470 3297 3564 3349 τὸν
3595 3299 3810 3365 πατέρα
3837 3297 3930 3349 διὸ.
3948 3295 4051 3349 τοῦ

2456 3391 2631 3460 πυρὸς
2660 3390 2808 3460 παρὰ
2834 3390 2924 3443 τὸν
2950 3390 3145 3460 νόμον·
3174 3389 3236 3454 ἐξ
3267 3382 3329 3443 οὗ
3352 3392 3445 3442 καὶ
3465 3389 3688 3460 ἐλεγχος
3724 3390 4051 3443 Ἑλλανίκου

2458 3487 2550 3538 καὶ
2580 3486 2888 3554 Ἡροδότου,
2913 3484 2988 3547 ὡς
3013 3483 3318 3553 ψεύδονται.
3353 3483 3680 3544 Ἀπόστασις
3713 3482 3901 3553 Κύρου
3926 3483 4046 3535 ἀπὸ

2460 3577 2553 3629 τοῦ
2598 3576 2849 3643 ἀδελφοῦ,
2886 3576 2980 3628 καὶ
3014 3574 3303 3644 συναγωγὴ
3338 3575 3650 3641 Ἑλληνικοῦ
3687 3575 4046 3643 στρατεύμα-

2462 3683 2553 3729 τος
2601 3669 2694 3719 καὶ
2723 3665 3079 3736 βαρδαρικοῦ,
3106 3668 3198 3719 καὶ
3252 3667 3577 3736 στρατηγῶν
3599 3666 3882 3738 Κλέαρχος
3926 3667 4054 3719 Ἐλ-

2464 3759 2657 3830 λήνων.
2721 3760 2909 3821 Ὅπως
2945 3776 3005 3811 τε
3034 3760 3318 3822 Συέννεσις
3350 3761 3395 3792 ⁸⁸
3432 3762 3460 3813 6
3500 3760 3741 3813 Κιλίκων
3794 3760 4055 3831 βασιλεὺς

2464 3854 2631 3923 ἄμφω
2691 3854 3008 3921 συνεμάχει,
3055 3852 3224 3923 Κύρῳ
3260 3869 3319 3904 τε
3354 3856 3446 3906 καὶ
3475 3854 3823 3926 Ἀρτοξέρξῃ.
3857 3856 4056 3919 Ὅπως

2463 3959 2523 3996 τε
2553 3942 2734 4011 Κῦρος
2793 3946 2855 4011 τῇ
2884 3942 2989 4013 ἰδίᾳ
3052 3943 3310 4013 στρατείᾳ
3375 3946 3470 4019 καί
3493 3944 3853 4015 Ἀρτοξέρξης
3882 3946 4058 3999 πάλιν

2465 4038 2531 4105 τῇ
2566 4034 2741 4104 οἰκεία
2772 4034 3106 4104 παρῄνεσαν.
3162 4035 3441 4105 Κλέαρχος
3468 4036 3523 4088 δὲ
3544 4039 3572 4089 6
3593 4038 4054 4107 Λακεδαιμόνιος,

2468 4126 2526 4188 ὃς
2553 4121 2690 4196 ἦρχε
2722 4126 2829 4177 τῶν
2864 4125 3153 4194 Ἑλλήνων,
3205 4126 3300 4177 καὶ
3361 4127 3554 4179 Μένων
3584 4130 3611 4179 ὁ
3646 4127 3939 4191 Θετταλὸς,
3992 4131 4048 4183 οῖ

2474 4218 2612 4285 μετὰ
2649 4215 2832 4285 Κύρου
2863 4211 3023 4284 ἦσαν,
3058 4216 3142 4268 ἀεὶ
3168 4215 3415 4286 διάφοροι
3445 4217 3703 4284 ἀλλήλοις,
3723 4218 4056 4288 ἐτύγχανον,

2470 4306 2707 4374 διότιτῷ
2747 4307 2845 4370 μὲν
2875 4306 3139 4376 Κλεάρχῳ
3163 4307 3377 4359 ἅπαντα
3408 4309 3435 4359 6
3470 4307 3650 4378 Κῦρος
3677 4308 4057 4371 πνεὸούλευε,

2471 4398 2565 4450 τοῦ
2596 4399 2649 4450 δὲ
2680 4399 2933 4461 Μένωνος
2990 4398 3145 4466 λόγος
3197 4398 3373 4459 οὐδεὶς
3439 4393 3529 4468 ἦν.
3586 4399 3938 4467 Πύτομόλουν
4000 4403 4059 4453 δὲ

794 4500 916 4537 rum
954 4482 1371 4552 transfugerent,
1416 4480 1596 4536 nullus
1639 4492 1816 4537 tamen
1863 4484 1929 4537 ab
1962 4483 2065 4537 hoc
2110 4484 2175 4535 ad
2219 4482 2365 4536 illtnn

2476 4488 2584 4541 ἀπὸ
2642 4488 2740 4557 μὲν
2793 4489 3145 4560 Ἀρτοξέρξου
3195 4489 3333 4557 πρὸς
3385 4488 3567 4560 Κῦρον
3592 4490 3800 4553 πολλοὶ,
3826 4492 3966 4560 πρὸς
3999 4493 4061 4545 δὲ

798 4578 1081 4629 transiliat.
1125 4575 1296 4640 Quam
1323 4575 1488 4627 etiam
1520 4574 1589 4627 ob
1618 4588 1839 4627 causam
1873 4576 2215 4635 Artabarius,
2242 4589 2367 4627 cum

798 4667 864 4718 ad
899 4666 1093 4736 Cyrum
1132 4680 1249 4719 sese
1278 4664 1574 4734 adiungere
1611 4664 1914 4729 statuisset,
1948 4680 2120 4734 eoque
2156 4668 2371 4721 nomine

799 4767 1082 4811 accusatus
1111 4765 1278 4821 esset,
1320 4757 1374 4811 in
1410 4757 1647 4812 cinerem
1677 4756 1953 4829 conjectus
1978 4768 2080 4812 est.

2488 4579 2847 4649 ’Δρτοξέρξην
2899 4581 3007 4633 ἀπὸ
3062 4582 3245 4651 Κύρου
3275 4582 3480 4644 οὐδείς·
3523 4582 3603 4635 διὸ
3639 4583 3734 4635 καὶ
3776 4584 4059 4653 ’Δρταϐά-

2480 4686 2593 4739 ριος
2610 4671 2653 4701 ⁸⁸
2682 4671 3072 4741 προσχωρῆσαι
3102 4672 3271 4742 Κύρῳ
3301 4674 3609 4743 μελετήσας
3631 4675 4063 4746 καὶδιασληθεὶς

2479 4763 2558 4825 εἰς
2580 4761 2676 4831 τὴν
2709 4763 2903 4816 σποδὸν
2936 4763 3219 4835 ἐνεϐλήθη.

2109 4936 2192 4991 VA
2202 4936 2340 4993 RIA‘]
2383 4938 2793 4995 LECTIONES.

881 5047 1298 5139 ⁸⁸,1ξὶῖηῖρὼστην
1323 5066 1395 5139 95.1
1460 5049 1819 5139 'ZﬁtFafeia;
1849 5054 1967 5139 Α.η
1989 5052 2034 5083 ⁸⁸
2070 5052 2528 5139 ἐξιλεούμενοςις.
2603 5054 2798 5139 ξ’,ἐπεὶ
2826 5054 2934 5139 δέίή
2962 5072 3021 5118 ς’.
3043 5054 3147 5139 “‘1
3172 5053 3418 5139 δαρεαῐος
3440 5054 3503 5107 Α.
3565 5056 3621 5139 ,⁸-⁸
3640 5055 3847 5139 Ξὺτήν]
3882 5073 4067 5111 nonne

811 5119 993 5187 αὖτῇῗ
1063 5121 1107 5149 ⁶²
1151 5117 1395 5259 τελευτᾷέ
1444 5117 1732 5189 τέλοςτῆς

813 5190 856 5219 ⁸⁸
893 5188 1270 5259 Ἀρταὸάριοςι
1301 5191 1329 5242 ὁ
1398 5187 1639 5259 άρόαρος
1667 5199 1731 5242 A.

813 5190 856 5219 “
893 5188 1270 5259 Ἀρταὸάριοςι
1301 5191 1329 5242 ὁ
1349 5187 1639 5259 βάρόαρος
1667 5187 1731 5242 A.

1785 5138 1845 5185 ς.
1923 5120 1967 5153 ⁸⁸
2007 5134 2125 5192 post
2163 5128 2231 5193 ιη’
2261 5120 2382 5175 cum
2430 5124 2476 5177 Α
2507 5123 2663 5177 omisi
2713 5120 2971 5193 ίστορίας.
3043 5123 3091 5155 ⁸⁵
3119 5120 3361 5189 δαριάἶος
3390 5126 3455 5177 Α.

3564 5125 3609 5155 ⁸⁵
3640 5125 3959 5190 Συνὲννεσις
4002 5147 4063 5192 ς.

2317 5323 2547 5381 NOTAE.

886 5461 1061 5529 (9-l0)
1095 5460 1307 5533 Csitato
1332 5464 1470 5533 apud
1497 5462 1692 5520 Persas
1713 5464 1995 5533 supplicio,
2020 5472 2074 5517 ut
2094 5478 2160 5517 ex
2185 5461 2379 5517 Herod.

823 5548 928 5583 non
962 5547 1065 5584 uno
1096 5532 1211 5587 loco
1244 5532 1525 5588 discimus.

892 5602 1000 5669 (ll)
1059 5603 1209 5667 Quod
1266 5620 1432 5672 genus
1500 5605 1747 5673 supplicii
1807 5605 1989 5658 multis
2029 5606 2202 5657 'etiam
2264 5614 2382 5673 post

820 5672 1030 5723 seculis
1066 5674 1201 5739 apud
1233 5689 1349 5727 eam
1403 5672 1615 5743 gentem
1676 5686 2017 5742 usurpatum,
2060 5685 2117 5727 ιιι
2166 5672 2382 5742 quando

823 5743 1005 5798 regina
1052 5743 1345 5799 llortnisdae
1388 5747 1531 5814 regis
1568 5761 1705 5800 uxor
1750 5745 2138 5815 τετεμαχίσοαι
2185 5747 2383 5800 dicitur

824 5824 983 5875 Supra

2567 5460 2680 5530 (12)
2710 5460 2958 5535 Mnemon
2996 5465 3410 5531 cognominatus
3433 5465 3585 5535 cujus
3618 5467 3785 5520 vitam
3811 5481 4074 5522 accurate

2493 5531 2825 5603 descriptam
2864 5534 3126 5588 habemus
3156 5536 3294 5603 apud
3319 5536 3465 5591 Plut.

2565 5602 2675 5671 (l3)
2705 5602 2962 5659 llerodot.
2989 5602 3201 5669 Thalia,
3227 5617 3281 5659 et
3318 5608 3515 5661 Strabo
3547 5607 3637 5659 lib.
3674 5622 3762 5660 xv.

2567 5673 2678 5740 (14)
2737 5672 2863 5743 Cyri
2924 5674 3063 5729 hanc
3121 5678 3381 5731 adversus
3436 5678 3656 5730 fratrem
3714 5677 4069 5734 rebellionem

2490 5754 2805 5817 persecutus
2835 5754 2919 5798 est
2950 5746 3384 5817 diligentissime.
3423 5748 3745 5815 Xenophon,
3776 5748 3875 5803 lib.
3907 5761 4000 5805 tet
4034 5766 4070 5804 ιι

2503 5812 2557 5866 Ἀ
2567 5813 2885 5879 ναόάσεως.
