4224 6442
700 398 807 464 203

1855 392 2118 454 PHOTII
2152 389 2657 451 PATRIARCHEZ
2687 390 2799 451 (ΖΡ.

3849 390 3962 454 204

702 516 749 567 ei
784 511 1079 578 aliquanuo
1131 507 1355 578 Contigit
1409 506 1540 577 (Π).
1594 504 1809 561 Cultelli
1872 506 2103 560 alterum
2138 505 2340 571 latusA

2395 505 2633 556 πέπονθε.
2682 501 2991 572 Μαχαιρίου
3036 503 3095 555 τὸ
3138 502 3196 555 ἒν
3247 503 3413 573 μέρος
3480 504 3837 571 ἑπαλείφεται
3881 504 3964 574 τῷ

704 618 911 658 veneno
936 602 1187 665 illinitur,
1216 599 1436 672 caeteris
1458 613 1522 652 eo
1543 599 1786 669 partibus
1820 612 1925 651 non
1985 599 2270 660 contactis,

704 698 808 751 hoc
832 695 1051 749 cultello
1090 708 1257 762 parva
1285 694 1532 746 adinstar
1576 692 1662 745 ovi
1700 689 1907 745 ovicula
1963 691 2275 758 (rhindacen

704 790 883 843 Persae
917 787 1210 856 appellant)
1236 789 1287 838 in
1328 786 1466 838 duas
1486 794 1701 837 secatur
1734 792 1938 851 partes.
1988 791 2041 835 et
2069 796 2277 835 veneno

704 880 965 933 intactam
998 886 1207 945 partem
1243 875 1345 929 sibi
1368 884 1699 943 assumptam
1727 872 1998 942 Parysatis
2018 871 2274 935 comedit,

704 971 959 1025 infectam
990 971 1215 1023 alteram
1260 969 1503 1023 Stateira:
1542 966 1800 1034 porrexit.
1840 964 1961 1018 Haec
2001 964 2186 1033 igitur,
2222 972 2278 1015 ut

706 1059 851 1111 illam
909 1058 1078 1125 ipsam
1137 1070 1255 1124 quae
1305 1061 1640 1136 porrexqrat,
1679 1066 1833 1105 suam
1886 1050 2018 1102 vidit
2065 1058 2276 1113 partem

705 1146 1103 1204 eomedeutem,
1152 1156 1329 1209 neque
1370 1141 1440 1192 ita
1494 1134 1787 1207 quidquam
1834 1138 2096 1205 potuisset
2150 1134 2275 1187 ntali

705 1237 999 1306 suspicari,
1036 1236 1198 1289 etiam
1249 1236 1361 1302 ipsa
1393 1234 1559 1300 cmpit
1603 1248 1704 1283 una
1743 1230 2079 1283 mortiferum
2110 1241 2276 1280 vene-

707 1346 833 1383 nmu
871 1331 1179 1382 comedere.
1225 1324 1364 1379 Ilinc
1419 1324 1574 1376 matri
1610 1330 1893 1375 succenset
1943 1334 2059 1380 rex.
2120 1318 2279 1371 mini-

707 1430 1054 1488 strantcsque
1110 1419 1209 1486 ipsi
1264 1417 1498 1469 eunuchi
1532 1412 1908 1483 comprehensi
1959 1421 2281 1480 torquentur

707 1528 868 1580 atque
916 1523 1194 1565 necantur.
1248 1509 1421 1578 Cinge
1479 1518 1738 1576 praeterea
1787 1503 2278 1571 comprehenditur,

706 1619 826 1671 quat
870 1603 1165 1672 Parysatidi
1217 1599 1500 1654 fanniliaris
1540 1608 1677 1660 erat,
1707 1597 2019 1663 judicioque
2063 1594 2129 1646 de
2169 1593 2279 1660 ipsa

712 1701 976 1757 .nstituto.
999 1697 1237 1763 judicum
1260 1694 1473 1761 quidem
1509 1691 1794 1746 sententiis
1815 1690 2074 1741 innocens
2103 1686 2283 1739 absol-

707 1794 873 1849 vitur,
908 1792 998 1842 sed
1038 1800 1217 1839 tamen
1251 1801 1281 1839 a
1322 1798 1443 1853 rege
1489 1785 1815 1844 damnatur;
1844 1794 2011 1849 quare
2062 1788 2116 1833 et
2166 1778 2283 1831 haec

710 1883 1035 1936 <rtleialilttts
1086 1879 1301 1933 inﬂictis
1331 1886 1573 1942 necatur,
1602 1889 1706 1943 qua
1751 1876 1815 1928 de
1841 1888 2002 1926 causa
2034 1880 2087 1926 et
2118 1870 2282 1941 Pary-
2315 1862 2356 1916 Β

710 1975 844 2025 satis
897 1972 1028 2035 ﬁlio,
1064 1981 1118 2023 et
1178 1970 1265 2022 hic
1299 1968 1537 2019 vicissim
1596 1965 1755 2019 matri
1802 1974 2107 2017 succenset.
2160 1962 2289 2015 Post

713 2080 885 2117 annos
909 2074 1030 2116 octo
1056 2061 1249 2130 palmis
1270 2060 1479 2114 obsitus
1493 2057 1739 2113 Clearchi
1764 2056 1999 2109 tumulus
2018 2054 2285 2123 apparuit.

710 2174 846 2226 quas
874 2158 942 2209 ibi
973 2156 1112 2208 cla‘m
1150 2153 1447 2223 Parysatis,
1497 2166 1606 2218 quo
1663 2162 1905 2217 tempore
1932 2148 2020 2201 ille
2044 2158 2291 2201 mortuus

710 2260 816 2313 est,
848 2264 943 2317 per
963 2248 1319 2301 inservientes
1337 2246 1439 2308 sibi
1465 2244 1748 2297 eunuchos
1772 2239 2069 2295 defoderat.

782 2342 972 2396 Causa:
999 2341 1067 2394 ob
1108 2353 1242 2408 quas
1276 2340 1342 2390 ali
1380 2318 1624 2405 Evagora
1654 2350 1780 2403 rege
1812 2332 2102 2387 Salaminis
2131 2331 2293 2384 Arta-

719 2449 912 2488 xerxes
942 2432 1261 2486 dissenserit
1309 2430 1573 2498 Evzugora:
1619 2428 1795 2482 nuntii
1825 2425 1890 2479 ad
1926 2424 2186 2488 Ctesiam,
2236 2433 2291 2476 ut

718 2530 783 2579 ah
802 2526 1026 2581 Abuleta
1054 2524 1312 2593 epistolas
1342 2526 1653 2589 acciperent
1682 2531 1772 2574 :et
1799 2519 1994 2574 Ctesia:
2018 2521 2083 2572 ad
2114 2519 2289 2587 ipsum

716 2619 941 2688 epistula
992 2620 1059 2672 de
1111 2616 1514 2671 reconciliando
1566 2615 1740 2683 ipsmn
1792 2628 1915 2665 eum
1968 2614 2289 2679 Anaxagora

717 2712 1038 2779 Cypriorum
1096 2724 1241 2776 rege.
1291 2706 1610 2759 Nuntiorum
1650 2704 1904 2771 Evagorze
1940 2701 2203 2753 adventus
2239 2698 2291 2751 in

718 2803 974 2870 Cyprum,
1014 2799 1340 2865 redditaque
1391 2793 1667 2863 Evagora',
1702 2806 1834 2859 quas
1868 2792 1933 2842 ad
1974 2790 2145 2857 ipsum
2169 2787 2294 2841 Cte-

724 2896 831 2948 sias
854 2894 1097 2954 dederat,
1122 2890 1316 2943 litteta:
1339 2888 1581 2941 Con0nis
1608 2886 1672 2939 ad
1704 2884 1998 2952 Evagoram
2026 2883 2202 2935 oratio
2228 2880 2293 2934 de

720 2986 968 3039 adeundo
995 2984 1061 3036 ad
1093 2998 1295 3050 regem,
1332 2990 1387 3033 et
1410 2978 1663 3047 Evagura:
1698 2975 1923 3040 epistola
1956 2974 2021 3029 de
2067 2971 2293 3026 honori-

722 3080 845 3140 bus,
878 3076 1071 3144 quibus
1092 3075 1159 3127 ab
1186 3072 1277 3125 illo
1310 3070 1484 3124 fuerat
1520 3067 1763 3120 affectus.
1807 3065 2043 3119 Cononis
2074 3064 2141 3115 ad
2168 3062 2288 3116 Cte-

2380 598 2682 666 φαρμακῳ,
2724 596 2783 647 τὸ
2808 596 2864 647 δὲ
2896 596 3082 648 λοιπὸν
3110 596 3169 647 οὐ
3202 597 3438 663 μετεῖχε.
3472 596 3660 665 Τούτῳ
3702 597 3964 665 τέμνεται

2378 685 2613 755 ὀρνίθιον
2647 686 2865 754 μικρὸν,
2910 683 3140 753 μέγεθος
3193 685 3375 736 ῐσον⁷⁶
3436 684 3582 737 ώοῦ·
3630 686 3964 755 ρυνδάκηνπ

2379 775 2585 842 Πέρσαι
2616 775 2677 826 τὸ
2707 774 2945 844 ὀρνίθιον
3004 773 3248 828 καλοῦσι.
3296 775 3567 844 Τέμνεται
3597 776 3655 827 δὲ
3684 777 3831 847 δίχα,
3867 778 3966 829 καὶ

2376 865 2436 916 τὸ
2468 865 2565 933 μὲν
2611 864 2916 933 καθαρεῦον
2961 864 3055 916 τού
3108 865 3189 917 ίοῦ
3245 866 3416 935 ἣμισυ
3477 866 3616 936 αὐτὴ
3634 867 3681 897 ⁸⁸
3720 866 3965 919 λαϐοῦσα

2381 955 2697 1022 Παρύσατις
2761 953 2952 1009 ἐσθίει,
2975 953 3035 1003 τὸ
3055 952 3109 1003 δὲ
3139 952 3554 1021 προσομιλῆσαν
3570 939 3648 1022 τῖξ)
3670 956 3959 1022 φαρμάκῳ

2382 1046 2563 1114 ὀρέγει
2594 1045 2865 1114 Στατείρᾳ
2887 1059 2900 1072 ⁸
2930 1045 2964 1113 ή
2987 1043 3064 1107 δὲ,
3093 1044 3280 1113 ἐπειδὴ
3299 1044 3345 1075 ⁸⁸
3390 1045 3680 1097 ἐσθίουσαν
3708 1046 3811 1114 τὴν
3843 1049 3966 1096 tm-

2384 1136 2579 1189 δούσαν
2618 1136 2764 1203 ἑώρα
2790 1136 2851 1187 τὸ
2879 1137 3073 1204 ἥμισυ,
3102 1134 3266 1203 μηδὲν
3290 1134 3520 1186 συνιδεῖν
3547 1134 3839 1205 δυνηθεῖσα
3870 1138 3969 1189 καὶ

2383 1228 2517 1298 αὐτὴ
2568 1229 2834 1280 συνεσθίει
2862 1228 2958 1280 τοῦ
2993 1229 3222 1280 θανάτου
3251 1229 3313 1279 τὸ
3338 1229 3634 1297 φάρμακον
3665 1244 3679 1258 ·
3710 1230 3851 1298 ὀργὴ
3878 1230 3971 1281 διὰ

2382 1321 2554 1374 ταῦτα
2583 1320 2676 1373 τοῦ
2713 1320 2973 1388 βασιλέως
3000 1321 3136 1390 πρὸς
3161 1320 3258 1389 τὴν
3291 1321 3527 1390 μητέρα,
3559 1321 3655 1372 καὶ
3698 1320 3967 1389 σύλληψις

2382 1415 2489 1465 τῶν
2548 1412 2818 1481 εὐνούχων
2860 1412 3029 1480 αὐτῆς
3049 1410 3095 1442 ⁸⁸
3130 1413 3223 1463 καὶ
3262 1398 3519 1480 αἰκισμός
3542 1416 3636 1464 καὶ
3661 1413 3967 1483 ἀναίρεσις.

2386 1510 2493 1561 Καὶ
2531 1509 2612 1560 ετι
2670 1507 2929 1577 σύλληψις
2986 1507 3212 1575 Γίγγης,
3246 1510 3278 1576 ἡ
3314 1508 3557 1577 ᾠκείωτο
3604 1492 3969 1577 Παρυσάτιδι,

2384 1602 2476 1652 καὶ
2526 1601 2735 1669 κρίσεις
2760 1600 2848 1653 ἐπ’
2878 1601 3039 1669 αὐτῇ,
3082 1602 3176 1651 καὶ
3225 1601 3475 1663 ἁθώωσις
3539 1610 3637 1666 μεν
3667 1602 3819 1669 παρὰ
3854 1603 3971 1653 τῶν

2386 1691 2613 1759 κριτῶν,
2676 1692 2944 1760 καταδίκη
2978 1692 3034 1743 δὲ
3060 1692 3211 1760 παρὰ
3244 1690 3532 1759 βασιλέως,
3574 1692 3668 1742 καὶ
3707 1692 3973 1760 αίκισμὸξ

2388 1784 2593 1853 Γίγγης
2632 1785 2726 1836 καὶ
2784 1785 3084 1852 ἀναίρεσις,
3118 1786 3209 1835 καὶ
3244 1784 3382 1853 ὀργὴ
3424 1785 3511 1836 διὰ
3533 1783 3691 1835 τοῦτο
3714 1784 3975 1853 Παρυσά-

2390 1877 2533 1937 τιδος
2559 1876 2692 1945 πρὸς
2722 1874 2812 1927 τὸν
2844 1875 2960 1927 υἱὸν
2998 1874 3249 1927 κάκείνου
3288 1876 3421 1946 πρὸς
3458 1875 3556 1943 τὴν
3600 1875 3831 1944 μητέρα.
3862 1876 3975 1926 Καὶ

2390 1972 2450 2025 τὸ
2485 1972 2648 2043 χῶμα
2682 1970 2739 2021 δὲ
2774 1969 2866 2021 τοῦ
2924 1969 3206 2038 Κλεάρχου
3264 1968 3333 2020 δι’
3376 1967 3513 2019 ἐτῶν
3571 1966 3718 2019 ὀκτὼ
3772 1967 3974 2034 μεστὸν

2391 2064 2561 2133 ἐφάνη
2623 2061 2903 2130 φοινίκων,
2949 2059 3043 2123 οὓς
3081 2056 3149 2129 ἦν
3182 2060 3365 2130 κρύφα
3396 2058 3731 2129 Παρύσατις,
3760 2057 3881 2110 καθ’
3912 2058 3977 2109 ὃν

2390 2155 2584 2227 καιρὸν
2640 2156 2847 2217 ἐκεῖνος
2905 2150 3246 2221 ἐτελεύτησε,
3294 2152 3383 2205 διὰ
3423 2153 3695 2221 εὐνούχων
3724 2150 3770 2181 ⁸⁸
3808 2166 3976 2203 κατα-

2390 2246 2640 2317 χώσασα.

2461 2337 2640 2392 Αίτίαι
2669 2337 2736 2391 δι’
2760 2337 2825 2399 ἃς
2863 2336 3122 2406 Εὐαγόρᾳ
3157 2334 3369 2405 βασιλεῖ
3395 2335 3699 2415 Σαλαμῖνος
3723 2334 3980 2405 βασιλεὺς

2405 2430 2759 2502 Ἀρτοξέρξης
2781 2430 3060 2499 διηνέχθη.
3094 2428 3183 2497 [66
3207 2426 3301 2498 Η.]
3332 2429 3440 2481 Καὶ
3465 2427 3690 2495 ἄγγελοι
3724 2429 3983 2496 Εὐαγόρα

2390 2525 2525 2593 πρὸς
2578 2522 2823 2592 Κτησίαν
2868 2522 3006 2590 ὑπὲρ
3067 2521 3160 2573 τοῦ
3215 2520 3405 2572 λαϐεῖν
3454 2521 3607 2590 παρὰ
3639 2519 3977 2589 Ἀϐονλήτου

2392 2620 2494 2679 τὰς
2538 2617 2857 2681 ἐπιστολὰς,
2901 2619 2996 2669 καὶ
3050 2615 3290 2685 Κτησίου
3340 2614 3476 2683 πρός
3522 2615 3686 2667 αὐτὸν
3720 2614 3987 2683 ἐπιστολὴ

2393 2707 2635 2779 περὶτοῦ
2661 2708 3015 2776 διαλλαγῆναι
3042 2706 3206 2757 αὐτὸν
3232 2705 3580 2774 Ἀναξαγόρᾳ
3614 2704 3691 2773 τῷ
3711 2704 3981 2773 Κυπρίων

2396 2799 2623 2870 βασιλεῖ.
2666 2800 2787 2851 Τῶν
2815 2800 2967 2869 παρὰ
3014 2796 3264 2865 Εὐαγόρα
3316 2796 3566 2863 ἀγγέλων
3625 2799 3705 2859 εἰς
3755 2796 3989 2865 Κύπρον

2397 2891 2523 2963 [155
2559 2891 2651 2963 [1.]
2690 2890 2874 2959 ἄφιξις
2910 2890 3003 2943 καὶ
3041 2892 3150 2941 τῶν
3180 2889 3329 2957 παρὰ
3364 2890 3604 2957 Κτησίου
3635 2889 3990 2959 γραμμάτων

2397 2985 2649 3047 ἀπόδοσις
2710 2984 2982 3053 Εὐαγόρᾳ.
3048 2983 3159 3035 Καὶ
3218 2982 3466 3043 Κόνωνος
3512 2984 3650 3050 πρὸς
3695 2980 3991 3049 Εὐαγόραν

2396 3076 2551 3143 λόγος
2572 3076 2709 3144 ὐπὲρ
2730 3075 2821 3126 τοῦ
2853 3076 2989 3143 προς
3031 3074 3253 3143 βασιλέα
3275 3073 3564 3139 ἀναϐῆναι,
3599 3072 3693 3124 καὶ
3720 3071 3985 3141 Εὐαγόρα

723 3171 856 3224 siam
885 3167 1136 3236 epistola,
1160 3177 1214 3219 et
1258 3164 1515 3217 tributum
1545 3162 1613 3213 ab
1663 3159 1903 3225 Evagora
1940 3156 2047 3224 regi
2083 3154 2287 3206 datum.
2320 3192 2340 3246 (

2396 3168 2652 3236 ἐπιστολὴ
2704 3169 2832 3236 περὶ
2864 3160 2939 3219 ῶν
2960 3165 3170 3234 ἠξιώθη
3216 3165 3309 3216 ὐπ’
3336 3162 3524 3216 αὐτοῦ.
3577 3163 3687 3216 Καὶ
3726 3164 3987 3225 Κόνωνος

724 3258 996 3328 Epistolas
1020 3255 1231 3310 Ctesias
1268 3251 1487 3321 accipit,
1521 3250 1609 3319 qui
1656 3251 1721 3302 de
1753 3248 1974 3300 Conone
2007 3259 2128 3298 cum
2168 3256 2294 3311 rege

2400 3261 2534 3328 πρὸς
2563 3260 2807 3327 Κτησίαν
2856 3258 3137 3324 ἐπιστολὴ,
3162 3257 3255 3309 καὶ
3290 3256 3499 3325 βασιλεῖ
3525 3257 3676 3325 παρὰ
3725 3254 3991 3325 Εὐαγόρα

723 3352 1044 3413 colloeutus,
1098 3345 1383 3417 epistolam
1435 3346 1501 3397 ad
1555 3343 1703 3397 illum
1755 3340 1937 3394 mittit.
1987 3336 2301 3390 Traduntur

732 3444 1106 3497 Satibarzanes
1148 3454 1369 3494 munera
1404 3438 1474 3490 ab
1518 3435 1759 3504 Evagora
1798 3434 1984 3495 missa,
2018 3430 2303 3498 nuntiique

728 3538 779 3589 iu
807 3535 1040 3606 Cyprum
1088 3532 1432 3601 perveniunt.
1482 3527 1718 3582 Cononis
1760 3522 1987 3593 epistola
2032 3522 2096 3573 ad
2121 3534 2301 3588 regem

730 3646 791 3682 ac
811 3628 1074 3690 Ctesiam,
1104 3622 1637 3677 Lacetlarmuniorum
1662 3616 1833 3670 nuntii
1862 3615 1925 3667 ad
1950 3627 2127 3681 regem
2152 3610 2302 3665 missi

728 3723 795 3774 ab
816 3736 879 3773 eo
909 3719 1103 3771 retenti
1124 3726 1269 3771 sunt.
1297 3712 1460 3784 Regis
1484 3712 1549 3765 ad
1581 3711 1853 3766 Cononem
1878 3724 1939 3761 ac.
1959 3706 2305 3759 Lacedazmoo

731 3813 853 3863 nios
905 3808 1160 3876 epistola,
1219 3821 1381 3875 quam
1441 3803 1651 3857 Ctesias
1710 3803 1825 3870 ipse
1880 3800 2017 3852 tulit.
2054 3798 2241 3852 Conon
2274 3810 2303 3848 a

731 3903 1091 3957 Pharnabazo
1120 3901 1279 3953 classi
1321 3895 1607 3965 praefectus
1631 3903 1731 3947 est.
1757 3892 1951 3947 Ctesia:
1982 3891 2033 3944 in
2054 3890 2303 3944 Cnidium

732 3999 961 4065 patriam
1012 4010 1187 4056 suam,
1221 3992 1519 4058 deindcqne
1544 3989 1986 4043 Lacedaemonem
2016 3987 2303 4039 adventus.

733 4091 862 4157 Ejus
894 4088 1218 4157 disceptatio
1253 4089 1513 4139 adversus
1542 4081 2075 4137 Lucetlaamoniorum
2104 4080 2308 4147 legatos

735 4181 875 4249 apud
906 4176 1180 4243 Rhodum,
1215 4186 1270 4232 el.
1308 4175 1450 4247 Αδα
1485 4185 1539 4228 ut
1604 4174 1815 4243 Epheso
1844 4174 2100 4227 dimissus
2144 4168 2310 4223 fuerit

738 4272 954 4326 Bactra.
986 4270 1178 4325 Indica:
1219 4270 1456 4339 regionis
1484 4268 1823 4321 mansionum
1844 4307 1857 4331 ,
1891 4267 2123 4325 dierum,
2152 4274 2313 4331 atque

741 4374 1163 4428 parasangarum
1214 4357 1577 4418 enumeratio,
1616 4354 1907 4421 Calalogus
1944 4355 2069 4405 item
2126 4366 2309 4419 regum

739 4452 861 4506 inde
898 4468 925 4501 ιι
966 4447 1103 4502 Nino
1135 4457 1188 4502 et
1221 4446 1582 4501 Semiramide
1617 4446 1682 4498 ad
1724 4458 1893 4513 usque
1924 4442 2264 4497 Artaxerxen
2294 4457 2307 4496 :

737 4544 931 4615 quibus
959 4543 1138 4596 ethoc
1175 4554 1311 4610 opus
1342 4537 1641 4593 absolvitur
1669 4536 1805 4607 (18).

811 4814 1107 4883 Scriptoris
1146 4811 1302 4879 hujus
1337 4811 1530 4867 Ctesim
1584 4810 1844 4866 candidus
1899 4817 1981 4864 est
2035 4823 2099 4864 ac
2156 4808 2315 4863 vahle

2403 3353 2591 3421 φόρος,
2616 3351 2837 3403 καὶτῶν
2874 3349 3176 3403 ἐπιστολῶν
3196 3349 3411 3419 Κτησίᾳ.
3439 3348 3714 3410 ἀποδόσις.
3746 3348 3995 3417 Κτησίου

2405 3444 2563 3512 λόγος
2597 3444 2734 3514 πρὸς
2763 3443 2986 3511 βασιλέα
3013 3443 3143 3513 περὶ
3170 3442 3419 3503 Κόνωνος
3450 3442 3543 3495 καὶ
3573 3442 3833 3511 ἐπιστολὴ
3849 3442 3997 3511 πρὸς

2404 3537 2585 3589 αὐτόν.
2616 3536 2737 3588 Τῶν
2768 3537 2921 3605 παρὰ
2946 3535 3221 3603 Εὐαγόρου
3238 3534 3426 3603 δώρων
3452 3535 3703 3596 ἀπόδοσις
3722 3534 3997 3607 Σατιϐαρο

2406 3628 2562 3700 ζάνῃ,
2606 3628 2831 3679 καὶτῶν
2873 3626 3123 3693 ἀγγέλων
3148 3624 3253 3676 τῶν
3288 3626 3365 3684 είς
3402 3624 3626 3693 Κύπρον
3657 3623 3861 3691 ἄφιξις,
3890 3624 3993 3675 καὶ

2406 3720 2655 3779 Κόνωνος
2700 3718 2958 3787 ἐπιστολὴ
3017 3716 3151 3786 πρὸς
3192 3716 3415 3786 βασιλέα
3455 3719 3547 3768 καὶ
3588 3716 3855 3783 Κτησίαν.
3903 3715 3999 3778 Ὠς

2406 3812 2756 3881 ὲτηρήθησαν
2806 3813 2853 3863 oi
2905 3811 3055 3879 παρὰ
3103 3808 3545 3878 Λακεδαιμονίων
3587 3808 3811 3874 ἄγγελοι
3849 3824 3999 3875 πεμ-

2408 3906 2631 3975 φθέντες
2682 3904 2817 3973 πρὸς
2873 3902 3118 3973 βασιλέα.
3185 3902 3466 3964 Βασιλέως
3528 3900 3788 3971 ἐπιστολὴ
3854 3901 4001 3971 πρὸς

2409 3999 2633 4052 Κόνωνα
2684 3998 2780 4050 καὶ
2808 3998 2853 4027 ⁸⁸
2882 3996 3367 4065 Λακεδαιμονίους,
3388 3995 3454 4057 ἃς
3475 3994 3521 4027 ⁸⁸
3553 3996 3802 4065 Κτησίας
3830 3994 4001 4057 αὐτὸς

2410 4090 2687 4158 ἐκόμισεν.
2756 4088 2844 4149 Ὠς
2884 4086 2991 4139 ὐπὸ
3053 4084 3410 4154 Φαρναϐάζου
3458 4085 3733 4153 ναύαρχος
3796 4086 3996 4138 Κόνων

2413 4182 2645 4245 ἐγένετο.
2713 4178 2954 4246 Κτησίου
3009 4180 3087 4239 είς
3146 4178 3340 4231 Κνίδον
3395 4179 3493 4247 τὴν
3527 4177 3763 4246 πατρίδα
3812 4175 4004 4246 ἄφιξις

2414 4273 2507 4325 καὶ
2542 4274 2621 4333 εἰς
2665 4270 3063 4338 Λακεδαίμονα,
3128 4271 3221 4322 καὶ
3271 4271 3453 4339 κρίσις
3490 4270 3625 4338 πρὸς
3663 4271 3790 4333 τοὺς
3820 4272 4006 4322 Λακε-

2412 4364 2704 4434 δαιμονίων
2759 4364 3025 4429 ἀγγέλους
3052 4363 3110 4414 ὲν
3148 4362 3395 4431 Ῥόδῳ⁸⁶,
3449 4362 3541 4413 καὶ
3590 4363 3805 4429 ἄφεσις.
3865 4361 4009 4415 ’Δτὼ

2428 4454 2657 4523 Ἑφέσου
2731 4455 2893 4523 μέχρι
2971 4453 3234 4522 Βάκτρων
3305 4454 3399 4504 καὶ
3477 4453 3706 4520 Ἰνδικῆς
3764 4452 4005 4522 ἀριθμὸς

2344 4566 2388 4619 ι)
2419 4544 2697 4613 σταθμῶν,
2756 4544 2999 4613 ἡμερῶν,
3046 4545 3438 4613 παρασαγγῶν.
3482 4544 3801 4610 Καταλογος
3847 4544 4007 4613 βασι-

2424 4636 2559 4689 λέων
2588 4636 2694 4687 ἀπὸ
2718 4636 2878 4688 Νίνου
2904 4637 2997 4689 καὶ
3029 4635 3386 4705 Σεμιράμεως
3419 4636 3580 4706 μέχρι
3618 4636 4009 4707 Ἀρτοξέρξου.

2436 4729 2522 4780 Ἐν
2545 4722 2624 4790 οἷς
2654 4728 2747 4780 καὶ
2769 4726 2829 4779 τὸ
2846 4727 3020 4789 τέλος.

2496 4820 2651 4871 ΙἘστι
2684 4818 2739 4870 δὲ
2775 4813 2970 4879 οὐτοςὸ
3001 4818 3347 4887 συγγραφεὺς
3377 4818 3551 4885 σαφής
3579 4835 3637 4869 τε
3671 4818 3765 4871 καὶ
3794 4818 4012 4888 ἀφελὴς

740 4908 967 4977 simplex
1016 4920 1222 4968 sermo,
1256 4920 1364 4973 quo
1393 4904 1559 4957 etiam
1598 4902 1657 4957 lit
1707 4914 1765 4957 ut
1825 4916 1930 4955 non
1995 4901 2320 4971 injucundus

2424 4911 2567 4977 λίαν,
2599 4910 2679 4962 διδ
2717 4909 2814 4962 καὶ
2846 4909 3005 4978 ἡδονῇ
3042 4909 3188 4977 αὐτῷ
3241 4909 3544 4977 σύγκρατός
3579 4911 3727 4961 ἐστιν
3765 4912 3793 4961 ό
3826 4908 4009 4977 λόγος.

738 5002 971 5053 accidat.
1008 4997 1152 5051 Usus
1193 5012 1321 5051 vero
1372 4996 1609 5051 dialeclo
1649 5006 1732 5048 est
1771 4995 1948 5049 l0nica
1980 5034 1996 5061 ,
2064 4994 2164 5047 etsi
2215 5009 2320 5048 non

2426 5004 2711 5073 Κέχρηται
2734 5002 2789 5054 δὲ
2824 5004 2886 5072 τῇ
2927 5003 3135 5071 Ἰωνικῇ
3161 5001 3445 5071 διαλέκτῳ,
3473 5002 3521 5053 εί
3546 5002 3639 5053 καὶ
3664 5002 3739 5071 μὴ
3761 5001 3828 5055 δι’
3861 5002 4012 5065 ὅλου,

739 5105 833 5157 per
866 5090 1071 5153 omnia,
1117 5099 1173 5141 ut
1220 5086 1559 5150 Herodotus,
1615 5088 1707 5140 sed
1763 5087 1815 5137 in
1848 5086 2167 5153 quibusdam
2205 5094 2324 5137 tan-

740 5182 1021 5246 tummodo
1048 5180 1290 5235 vocibus.
1322 5177 1507 5248 Neque
1548 5178 1707 5234 etiam
1748 5179 1799 5231 in
1825 5178 2139 5233 diverticula
2171 5195 2323 5249 quae-

2427 5098 2680 5163 καθὰπερ
2716 5094 3019 5163 Ἡρόδοτος,
3080 5093 3213 5145 ἀλλὰ
3273 5092 3392 5145 κατ’
3423 5094 3571 5157 ὲνίας
3614 5096 3769 5158 τινὰς
3809 5092 4011 5161 λέξεις.

2429 5188 2563 5239 Οὐδὲ
2597 5187 2733 5257 πρὸς
2766 5184 3038 5254 ἐκτροπὰς
3071 5183 3127 5234 δέ
3158 5201 3309 5245 τινας
3334 5185 3619 5254 ἀκαίρους,
3653 5184 3840 5254 ῶσπερ
3871 5187 4014 5238 ἐκεῖ.

2037 5300 2265 5357 νΑιιιιΕ
2296 5303 2697 5360 LECTIONES.

783 5395 859 5480 ""
884 5388 1056 5479 ςσονΛ
1084 5397 1237 5480 εόσον
1262 5414 1322 5461 ς.
1369 5394 1711 5480 ς”ρυνδακην
1736 5412 1795 5457 ς.
1849 5395 1913 5477 ’⁸ο
1944 5394 2165 5480 αὖτηις.
2238 5396 2280 5427 ⁸¹
2302 5398 2422 5449 ἐπεὶ
2447 5416 2505 5463 ς’.

743 5466 1018 5538 εὐνούχων
1048 5481 1169 5519 cum
1198 5473 1244 5524 Α
1275 5466 1433 5521 omisi
1468 5466 1573 5517 τῶν
1591 5464 2005 5535 ὑπηρετούντων
2036 5468 2197 5537 αὐτῇ.
2276 5468 2321 5498 ⁸⁸
2347 5470 2440 5520 καὶ
2469 5470 2605 5538 πρὸς
2635 5471 2775 5522 Λακ.
2850 5464 3054 5529 ηᾶςΔ
3084 5483 3097 5519 :
3135 5467 3199 5535 ἣν
3226 5485 3283 5530 ς.

2584 5399 2626 5429 ⁸³
2651 5396 2757 5449 τῶν
2782 5397 3201 5465 ὑπηρετούντων
3224 5395 3494 5465 εὐνούχων
3524 5396 3661 5466 αὐτῇ
3686 5415 3743 5461 ς.
3829 5398 3876 5428 ⁸⁸
3898 5414 4016 5466 post

3364 5468 3409 5498 ⁸⁸
3450 5466 3615 5537 Ῥόδῳ
3648 5470 3691 5520 Δ
3726 5484 3737 5519 :
3774 5468 3919 5538 λόγῳ
3956 5488 4013 5532 ς.

2280 5586 2509 5643 NOTAE.

821 5683 934 5749 (17)
961 5681 1073 5735 iloc
1105 5682 1221 5749 ipso
1241 5682 1671 5733 rircnmventum
1698 5678 1865 5732 fuisse
1891 5679 2011 5734 dolo
2045 5696 2071 5733 a
2104 5695 2333 5735 consan—

2510 5680 2629 5749 (l8)
2658 5681 2692 5733 Α
2727 5679 2865 5735 Nino
2896 5681 2947 5735 id
2970 5690 3024 5735 et
3050 5680 3411 5735 Semiramide
3440 5680 3773 5739 inchoatum,
3804 5681 3869 5732 ad
3906 5695 3990 5732 ma

754 5755 951 5821 gnineo
1009 5768 1107 5807 Suo
1163 5752 1223 5803 L.
1265 5752 1459 5804 Verum
1493 5756 1624 5815 Imp.
1672 5750 1943 5803 ﬁnxerunt
1995 5752 2235 5819 quidam,
2276 5761 2333 5804 ut
2443 5751 2729 5819 gistralum
2764 5753 3202 5819 usquelthyclis,
3256 5754 3437 5821 idest,
3497 5753 3672 5821 Olytn.
3718 5764 3819 5803 xcv
3853 5766 3944 5802 an.
3986 5750 4017 5802 3

756 5823 927 5875 refert
975 5822 1157 5876 Aurel.
1212 5822 1411 5876 Victor.
1450 5822 1499 5873 in
1548 5822 1685 5873 Hist.
1753 5822 1974 5888 August.
2023 5824 2074 5873 in
2125 5823 2327 5875 Anton.

758 5892 1105 5963 I’lnlosoliho.

2444 5822 2731 5898 deduxisse
2758 5821 2995 5898 Caesiam
3029 5832 3217 5876 auctor
3253 5832 3336 5876 est
3374 5820 3529 5877 Diod.
3583 5821 3674 5875 lib.
3732 5834 3845 5886 τιν,
3901 5836 3996 5890 pag

2444 5890 2567 5953 421,
2610 5892 2739 5945 edit.
2774 5890 2947 5947 Graec.
