4224 6442
752 409 854 476 ροτ
1911 405 2172 466 unum
2210 407 2720 470 PATRIARCiI/E
2759 409 2862 470 cr.
3906 406 4018 476 ω

756 532 883 584 lices
910 536 1085 581 autem
1123 525 1175 579 in
1204 523 1344 578 aliis.
1377 522 1547 578 Filios
1577 521 1720 577 enim
1746 530 1875 588 tres,
1916 532 1967 576 et
1999 523 2131 578 duas
2165 525 2327 586 tilias,
2358 540 2481 579 cum
2542 526 2741 577 malum
2783 536 2966 575 rerum
2996 537 3215 575 suarum
3246 523 3479 585 videret,
3509 530 3671 576 antea
3710 521 3933 580 miserat
3963 526 4021 579 in

760 604 948 654 urbem
986 596 1204 659 Ninum,
1236 597 1300 647 ad
1334 608 1458 649 eum
1494 594 1583 662 qni
1612 593 1681 646 ibi
1714 593 1992 662 regnabat,
2030 595 2361 662 dederatque
2397 596 2503 646 illis
2537 600 2637 648 tria
2669 596 2996 646 talentorum
3032 594 3150 646 auri
3178 594 3365 647 millia.
3407 591 3644 646 Texerat
3674 606 3852 649 autem
3878 594 4017 649 illud

758 672 1048 725 :edilicium
1075 667 1323 719 trabibus
1363 666 1573 733 magnis
1595 673 1648 715 et
1675 662 1905 727 'crassis,
1947 664 2072 730 quin
2103 666 2268 717 etiam
2301 664 2467 716 multa
2518 666 2682 728 ligna,
2711 673 2765 716 et
2801 678 2862 714 ea
2904 664 3124 730 quidem
3159 679 3369 727 crassa,
3403 665 3898 727 circnmposnerat.
3943 666 4022 719 ita

760 754 816 794 ιιι
847 739 1025 792 nullus
1058 744 1267 805 pateret
1288 734 1465 787 exitus
1494 750 1507 786 :
1542 736 1669 800 quin
1706 733 1869 787 etiam
1901 734 2223 787 talentorum
2258 734 2376 787 :tut'i
2404 735 2730 801 imposuerat
2763 734 2832 784 illi
2864 735 3012 785 mille
3050 734 3346 805 tnyriatles,
3373 734 3585 805 argenti
3618 733 3801 805 decies
3828 735 3977 788 mille
4000 750 4022 787 ι

759 826 855 863 nec
887 824 990 862 non
1025 801 1201 860 vestes
1230 814 1284 857 et
1314 817 1601 872 purpuras,
1634 812 1689 856 et
1715 817 1875 856 Omne
1901 818 2069 868 genus
2113 818 2325 868 eorum,
2370 820 2488 871 qua:
2520 805 2582 857 ad
2617 805 2817 872 cultum
2847 802 3093 869 corporis
3116 804 3407 869 pertinent.
3440 801 3573 866 Quae
3600 815 3725 854 cum
3762 801 4016 865 iecisset,

757 880 1052 933 accendere
1083 890 1267 945 pyram
1289 871 1473 943 jussit.
1497 887 1618 942 quae
1654 888 1749 942 per
1779 872 2083 945 quindecim
2107 874 2220 927 dies
2253 875 2504 945 ardebat.
2531 876 2597 945 At
2626 876 2716 941 qui
2750 871 2961 945 iunium
2988 873 3239 945 videbant
3267 874 3627 945 mirabantur.
3648 876 4012 945 acputabant

757 954 902 1002 illum
943 942 1256 1001 sacrili'care
1292 942 1306 999 ὲ
1350 944 1449 999 soli
1477 958 1611 996 vero
1649 943 1885 995 eunuchi
1934 958 2045 996 rem
2096 953 2383 998 noverant.
2441 942 2850 1012 Sardanapallus
2883 945 3053 1011 igitur
3080 980 3096 1006 ,
3148 944 3240 1011 qui
3294 942 3607 1011 prodigiose
3647 943 4026 1011 voluptatibus

754 1021 963 1075 deditus
1002 1018 1197 1079 fuerat,
1231 1030 1392 1084 quam
1424 1017 1597 1084 putuit
1628 1012 2043 1083 generosissime
2070 1014 2235 1066 vitam
2264 1013 2459 1068 ﬁnivit.

2129 1129 2250 1185 Non
2283 1131 2449 1185 multo
2476 1140 2614 1200 post.

823 1231 1033 1286 Ctesias
1064 1242 1195 1283 vero
1222 1226 1505 1280 Annarum
1541 1224 1683 1295 regis
1715 1224 2051 1293 prmfectmn,
2080 1233 2134 1275 et
2156 1224 2247 1290 qui
2282 1223 2593 1293 Babylonia:
2634 1223 2873 1291 regionis
2901 1223 3193 1291 imperium
3227 1222 3607 1285 obtinuerunt,
3636 1229 3807 1295 _veste
3841 1228 3901 1275 et
3932 1235 4025 1274 or-

758 1316 883 1355 natu
918 1300 1162 1353 muliebri
1188 1313 1342 1351 usum
1369 1310 1493 1351 esse
1535 1292 1725 1362 tra—dit,
1752 1308 1805 1349 et
1833 1297 1900 1347 ad
1925 1310 2045 1348 eum
2086 1292 2436 1362 emit-antem,
2486 1308 2609 1346 cum
2647 1298 2789 1358 regis
2816 1309 3008 1348 servus
3039 1304 3207 1358 esset,
3261 1295 3523 1347 accedere
3571 1292 3763 1346 solitas
3790 1302 4019 1346 centum

758 1370 1138 1441 quinquaginta
1166 1368 1453 1438 psallentes
1483 1377 1538 1419 et
1563 1376 1821 1420 canentes
1851 1365 2125 1417 mulieres.
2158 1361 2469 1416 Psallebant
2512 1374 2693 1415 autem
2725 1366 2826 1425 lite,
2857 1374 2913 1416 et
2934 1366 3210 1417 enitebant
3242 1364 3333 1417 illo
3369 1374 3640 1417 ctnnantc.

1390 1486 1544 1553 Apud
1568 1484 1891 1539 Demetrium
1919 1480 2238 1536 Phalereum
2264 1482 2318 1535 in
2340 1483 2473 1535 libro
2517 1482 2607 1551 qui
2641 1482 2777 1551 [Ier
2806 1483 3103 1552 ἑρμηνείας
3136 1494 3367 1535 vocatur.

828 1582 1131 1654 Stryaglius
1160 1580 1381 1654 quidam
1412 1579 1619 1654 Medus,
1654 1593 1776 1654 cum
1806 1592 1873 1630 ex
1900 1590 2041 1645 equo
2065 1573 2314 1654 Satcidem
2347 1576 2626 1629 mulierem
2664 1578 2949 1654 dejecisset
2976 1576 3134 1643 (apud
3169 1575 3503 1654 Sacasenim
3534 1574 4021 1654 muliereseotlem

760 1669 862 1721 quo
891 1643 1193 1705 A'mazones
1228 1653 1385 1704 modo
1414 1643 2000 1721 przeliantur)_eamqtie
2031 1655 2085 1698 et
2118 1645 2410 1721 formosam
2432 1685 2445 1706 ,
2495 1656 2549 1721 et
2576 1657 2735 1699 actate
2776 1646 3055 1721 ﬂorentem
3098 1661 3220 1698 esse
3256 1647 3511 1708 vidisset,
3547 1646 3749 1721 salvam
3781 1643 4022 1721 dimisit.

761 1714 825 1775 Ᾱι
856 1738 1110 1793 percusso
1142 1714 1576 1793 posteafmtlere,
1606 1714 1736 1793 cum
1765 1717 1872 1793 illa,
1907 1730 2070 1793 quam
2106 1716 2304 1793 πείθειςιί
2344 1716 2646 1782 deperibat,
2676 1718 2836 1793 potiri
2888 1732 2995 1793 llo-il
3059 1726 3264 1782 posset,
3298 1725 3565 1793 statuerat
3587 1714 3808 1782 quidem
3842 1714 4029 1765 inedia

763 1782 921 1845 vita'tn
955 1791 1108 1845 finire
1134 1782 1157 1845 ς’
1179 1789 1370 1845 scribit
1402 1800 1579 1841 tamen
1607 1789 1758 1854 prius
1792 1786 1864 1839 illi
1906 1782 2043 1840 lianc
2074 1786 2379 1853 epistolam,
2405 1800 2511 1854 qua
2548 1782 2854 1855 expostulat
2886 1802 2901 1838 :
2936 1782 3051 1854 Ego
3081 1795 3128 1838 te
3152 1785 3375 1849 servavi,
3406 1797 3452 1837 et
3501 1796 3559 1837 tu
3581 1800 3675 1852 per
3701 1799 3781 1836 nte
3809 1796 4025 1837 servata

762 1880 832 1918 es.
861 1864 927 1916 At
957 1876 1051 1930 ego
1079 1877 1173 1931 per
1206 1871 1255 1914 te
1279 1860 1437 1929 perii.

1405 1971 1706 2040 Stephanus
1745 1970 2035 2043 Byzantius
2079 1990 2199 2028 uoce
2227 1973 2488 2047 Δυρϐαϊοι
2516 1992 2579 2029 ex
2606 1974 2784 2029 Ctesin
2828 1974 3159 2027 Persicorum
3204 1971 3277 2027 Χ.

833 2069 997 2141 Regio
1020 2070 1175 2141 juxta
1204 2083 1325 2124 eum
1353 2068 1947 2141 atljacetDyrbteorum,
1970 2071 2122 2122 beata
2146 2072 2304 2139 plane
2329 2087 2481 2141 gens,
2514 2074 2665 2127 dives
2688 2072 3011 2139 atquejusta
3043 2087 3062 2135 ;
3117 2085 3238 2123 nam
3292 2084 3464 2136 neque
3509 2069 3760 2135 iniuriam
3789 2071 4032 2141 cuipiam

764 2138 1032 2209 tulerunt,
1053 2154 1228 2211 neque
1254 2150 1503 2194 mortem.
1536 2138 1689 2205 Quod
1718 2140 1763 2193 si
1799 2140 1939 2194 lorte
1964 2156 2060 2208 per
2094 2145 2234 2194 viam
2267 2138 2359 2196 aui
2386 2159 2578 2196 :ttlt‘um
2614 2138 2939 2203 invenerint,
2976 2152 3069 2194 aut
3095 2141 3238 2194 aliud
3266 2142 3681 2209 quidquam“...

1967 2255 2251 2309 Athena'us
2284 2255 2679 2323 DipnosOphist.
2713 2254 2785 2309 Χ.

835 2354 1098 2422 Amyntas
1123 2364 1336 2422 quoque
1368 2350 1419 2403 in
1444 2348 1581 2403 libro
1605 2349 1698 2418 qui
1728 2349 1933 2418 Σιθμοὶ
1964 2352 2307 2418 inscribitur,
2344 2353 2686 2422 Tapyrornm
2722 2361 2939 2422 gentem
2968 2351 3041 2406 ita
3074 2350 3197 2404 vino
3245 2350 3487 2406 deditam
3517 2362 3640 2404 esse
3680 2348 3932 2422 tradidit,
3972 2358 4040 2403 ut

766 2442 832 2476 ne
863 2420 1301 2501 :ul‘ung‘uendum
1331 2422 1550 2501 quidem
1583 2422 1686 2501 alia
1715 2422 1903 2501 rerulla
1933 2435 2093 2501 quam
2135 2420 2501 2501 vino-utatur.
2539 2420 2743 2501 Eadem
2754 2434 2957 2501 autem
3000 2432 3057 2477 et
3089 2422 3301 2477 Ctesias
3335 2431 3735 2476 commemorat
3760 2422 3813 2474 in
3854 2420 4031 2483 libro,

767 2509 923 2563 quem
956 2496 1021 2546 de
1046 2491 1299 2545 Asiaticis
1323 2491 1544 2545 tributis
1574 2492 1796 2560 scripsit
1823 2507 1838 2545 :
1873 2491 1966 2560 qui
1996 2502 2051 2545 et
2076 2491 2413 2560 iustissimos
2438 2507 2560 2546 esse
2594 2493 2715 2546 illos
2748 2494 2936 2549 tradit.

1856 2609 2174 2679 Apollonius
2212 2609 2423 2665 Histor.
2455 2612 2647 2665 mirab.
2676 2610 2802 2667 XX.

837 2708 1047 2763 Ctesias
1076 2707 1215 2760 libro
1256 2719 1435 2760 rerum
1470 2704 1810 2758 Persicarnm
1852 2706 2087 2767 decimo,
2118 2707 2360 2760 camelos
2399 2721 2521 2761 esse
2556 2709 2608 2761 itt
2641 2723 2701 2761 ea
2736 2708 2957 2777 regione
2993 2708 3193 2777 prodit,
3223 2721 3453 2775 quarum
3488 2704 3581 2775 pili
3612 2701 3845 2758 mollitie
3875 2701 4036 2755 lanas

772 2781 1004 2835 Milesias
1024 2787 1263 2848 aequant.
1289 2778 1723 2844 Sacerdotesque
1752 2785 1808 2829 et
1836 2778 1973 2829 alios
1999 2790 2253 2843 proceres
2288 2788 2469 2831 vestes
2490 2792 2555 2830 ex
2595 2778 2661 2833 iis
2686 2779 2968 2833 conl'ecuts
3013 2789 3253 2847 gestare.

2080 2890 2162 2944 Ea:
2194 2891 2373 2960 Steph.
2413 2892 2640 2963 Bysant.

847 2985 1215 3048 Choranmaei,
1242 2982 1459 3055 Persica
1496 2983 1791 3052 agrestium
1822 2983 2101 3038 hominum
2127 2985 2291 3039 natio.
2332 2983 2561 3055 (Ctesias
2588 2986 2925 3039 Persicorum
2954 2985 3044 3055 Χ).
3080 2985 3251 3039 Tanta
3284 3000 3413 3040 vero
3435 2983 3717 3039 celeritate
3745 2992 3831 3039 ut
3867 2997 4044 3054 genus

781 3060 911 3115 illud
949 3058 1228 3111 hominum
1262 3054 1582 3122 agrestium,
1614 3062 1671 3107 ut
1698 3070 1889 3107 cervus
1922 3058 2063 3122 ipsus
2096 3054 2433 3122 insequendo
2468 3058 2683 3125 capiat;
2720 3057 2933 3126 aliaque
2958 3054 3120 3109 multa
3151 3059 3217 3110 de
3246 3056 3328 3109 his
3369 3068 3574 3109 narrat.

1729 3173 1883 3241 Apud
1911 3174 2244 3237 Athenwum,
2267 3173 2665 3242 Dipnosophist.
2694 3174 2789 3230 lib.
2815 3173 2901 3229 11.

856 3273 969 3327 Rex
1002 3270 1312 3337 Persarum,
1367 3282 1425 3324 tit
1449 3270 1637 3324 scribit
1664 3267 1803 3323 libro
1834 3267 1851 3320 I
1890 3269 2218 3330 llerodotns,
2253 3284 2446 3337 aquam
2482 3270 2534 3323 in
2564 3281 2745 3338 potttm
2788 3286 2944 3323 suum
2978 3285 3159 3324 secum
3185 3269 3334 3325 vehit
3370 3283 3398 3320 a
3436 3267 3669 3336 Choaspi
3706 3266 3871 3320 ﬂuvio
3893 3310 3909 3334 ,
3952 3270 4044 3336 qui

780 3343 918 3395 Susa
948 3340 1229 3410 superﬂuit
1258 3359 1270 3394 :
1305 3354 1465 3409 atque
1494 3354 1558 3392 ex
1594 3342 1693 3393 hoc
1738 3340 1853 3391 solo
1884 3340 2038 3410 bibit.
2081 3338 2251 3407 Hujus
2281 3349 2458 3393 autem
2510 3354 2663 3409 aqua:
2703 3344 2939 3395 decocta-
2969 3344 3120 3408 plena
3156 3356 3280 3393 vasa
3313 3348 3565 3407 argentea
3609 3351 3886 3404 portantes
3929 3341 4051 3405 plu-

780 3414 900 3466 rimi
923 3409 1135 3475 currus,
1172 3422 1407 3463 rotarum
1435 3420 1664 3479 quatuor
1686 3448 1702 3470 ,
1738 3424 1873 3475 quos
1905 3409 2030 3461 muli
2067 3416 2310 3473 trahunt,
2350 3412 2520 3476 ipsum
2563 3419 2879 3479 sequuntur.
2907 3412 2976 3461 At
3004 3412 3212 3463 Ctesias
3237 3410 3464 3463 Cnidius
3514 3411 3883 3459 uarrntctinnt
3910 3422 4052 3475 quu-

786 3484 943 3536 ntodo
976 3482 1120 3547 regia
1152 3482 1263 3534 haec
1289 3478 1551 3547 Choaspis
1593 3480 1735 3551 llruvii
1781 3492 1917 3545 aqua
1966 3490 2251 3548 coquatur,
2288 3489 2343 3532 ct
2365 3478 2809 3549 quomodovasis
2841 3481 3112 3551 imposita,
3140 3489 3385 3551 portetur
3410 3479 3477 3531 ad
3523 3493 3702 3546 regem
3731 3495 3747 3543 ;
3784 3482 4051 3549 additque

781 3550 927 3604 illum
957 3562 1012 3606 et
1036 3552 1368 3606 levissimam
1404 3560 1458 3605 et
1486 3550 1863 3603 suavissimam
1891 3562 2033 3603 esse.

1952 3670 2104 3736 Apud
2135 3672 2400 3734 eumdem,
2442 3670 2767 3738 Dipnosoplt.
2794 3671 2821 3723 I
2843 3669 2903 3723 V.

852 3758 964 3813 Rex
992 3770 1173 3813 autem
1198 3758 1489 3814 Persarum
1526 3759 1609 3829 (ut
1637 3759 1882 3815 scribunt
1907 3758 2136 3825 Ctesias,
2168 3772 2223 3815 et
2256 3762 2429 3815 Dinon
2465 3762 2515 3815 in
2586 3760 2842 3831 Persicis)
2887 3778 3011 3816 cum
3046 3761 3283 3815 virorum
3318 3758 3555 3814 millibus
3580 3757 3892 3827 quindecim
3928 3769 4052 3811 co:-

787 3839 972 3896 nabat,
1004 3840 1059 3884 et
1088 3831 1141 3884 itt
1170 3845 1381 3885 etenam
1411 3833 1769 3899 quadraginta
1811 3831 2010 3885 talenta
2047 3833 2483 3884 insumebantnr.

2056 3948 2212 4016 Apud
2244 3949 2505 4013 eumdem,
2544 3950 2676 4002 libro
2695 3948 2781 4003 II.

858 4035 1063 4111 Ctesias
1097 4050 1277 4094 autem
1306 4040 1652 4095 Carmaniam
1680 4040 1857 4095 oleum
1893 4042 2244 4094 acanthinum
2277 4045 2597 4109 producere,
2624 4053 2677 4095 et
2707 4058 2773 4096 eo
2806 4057 2985 4111 regem
3016 4044 3118 4104 ttti,
3146 4042 3243 4095 ait.
3279 4041 3378 4107 Qui
3405 4042 3573 4093 etiam
3610 4039 3663 4092 in
3692 4038 3854 4102 libro,
3878 4053 4046 4107 quem

788 4107 863 4161 De
904 4108 1156 4182 Asiaticis
1193 4112 1407 4163 tributis
1444 4112 1681 4178 scripsit,
1711 4125 1881 4163 etenus
1917 4112 2077 4182 regia:
2116 4107 2434 4180 apparatum
2477 4113 2823 4178 describens,
2870 4107 3051 4182 neque
3100 4114 3327 4181 piperis,
3381 4127 3556 4180 neque
3601 4112 3735 4163 aceti
3775 4112 4050 4172 meminit,

788 4179 930 4247 quod
964 4196 1128 4233 unum
1158 4183 1299 4235 inter
1329 4182 1674 4235 condimenta
1706 4190 1791 4235 est
1823 4181 2110 4251 optimum.

2222 4296 2291 4350 Et
2318 4297 2449 4351 libro
2485 4298 2589 4351 ΧΙ.

874 4388 1069 4445 Verum
1109 4388 1450 4459 repudianda
1473 4395 1597 4441 sunt
1624 4385 1998 4459 nobisulictilia
2026 4387 2242 4459 pocula.
2302 4392 2456 4458 Apud
2485 4391 2682 4443 Persas
2712 4390 2881 4452 enim,
2913 4399 2971 4441 ut
2999 4397 3231 4445 testatur
3266 4387 3509 4455 Ctesias,
3540 4404 3922 4459 quemcunque
3954 4402 4049 4443 rex

792 4456 1180 4519 inhonoratum
1210 4473 1331 4514 esse
1367 4457 1623 4522 voluerit,
1660 4456 1917 4512 lictilibns
1949 4456 2154 4527 poculis
2178 4456 2375 4512 utitur.

1897 4577 2047 4641 Apud
2081 4574 2341 4639 eumdem,
2372 4573 2694 4644 Dipnosoph.
2731 4576 2905 4629 ΧΙΗ.

861 4678 1001 4745 Quin
1030 4676 1193 4731 etiam
1225 4672 1477 4743 Cambysi
1508 4671 1864 4740 suscipienda:
1891 4671 1943 4725 in
1968 4672 2259 4742 Egyptutn
2296 4674 2659 4741 expeditionis
2687 4674 2767 4741 (ut
2792 4674 2982 4728 scribit
3010 4670 3455 4745 Ctes_ias)_cansa_
3492 4670 3593 4723 l'nit
3635 4669 3857 4745 mulier.
3911 4668 4048 4721 Nam

792 4739 914 4804 cum
936 4747 1222 4817 Egyptias
1248 4739 1499 4817 muliéres
1533 4744 1586 4795 in
1608 4739 2193 4817 coitgressuprwstare
2221 4739 2435 4817 caeteris
2463 4739 2841 4817 intellexisset,
2878 4746 2943 4817 ad
2968 4743 3208 4817 Amasim
3228 4739 3458 4817 ‘Eg‘ypti
3488 4754 3665 4817 regem
3701 4742 3846 4817 misit
3866 4756 4049 4817 Atilium

790 4838 856 4874 (ξι
894 4812 1256 4888 ε]ιιδ’Ῑίἰι;ιυιιε
1286 4816 1341 4888 iu_
1370 4827 1594 4888 uxorem
1628 4813 1973 4888 posc_ens.__At
1998 4813 2083 4866 hic
2115 4829 2145 4865 e
2185 4818 2298 4866 suis
2330 4814 3110 4888 quidem_t_tnatn_hnutlmisit
3145 4830 3155 4864 :
3182 4812 3508 4888 _s_u5picatus
3545 4812 3619 4862 illi
3653 4826 3760 4863 nun
3791 4812 4040 4888 habitum

790 4891 855 4943 iri
896 4880 1155 4942 b'unurem
1188 4885 1343 4937 uxori
1379 4880 1645 4943 debitum,
1678 4882 1769 4935 setl
1803 4883 2024 4949 pallaca:
2055 4900 2067 4935 :
2098 4899 2284 4936 verum
2325 4880 2501 4950 Apris:
2535 4884 2698 4935 liliatn
2735 4883 3011 4936 Neutetiu.
3068 4882 3360 4935 Exciderat
3408 4891 3590 4933 autem
3626 4894 3791 4945 regno
3817 4880 4042 4950 Apries,

794 4973 1012 5027 pmpter
1045 4957 1264 5027 cludent
1288 4957 1340 5005 in
1366 4967 1539 5027 pugna
1567 4956 1828 5005 adversus
1850 4952 2185 5027 Cyrenenses
2217 4949 2599 5027 acceptam,ct
2630 4954 2697 5005 ab
2722 4954 2908 5027 Amasi
2942 4953 3117 5027 fuerat
3153 4952 3490 5027 interfectus.
3523 4950 3820 5019 Cambyses
3847 4949 4049 5002 Neute-

794 5023 920 5081 iitlis
952 5024 1341 5081 consuetudine
1370 5023 1690 5083 tleleCtatus,
1722 5033 1775 5073 et
1805 5025 1957 5075 valde
1981 5023 2031 5074 iit
2053 5039 2294 5075 amorem
2332 5024 2448 5088 ejus
2479 5024 2710 5088 illectus,
2739 5024 2920 5077 omnia
2949 5036 3015 5074 ex
3047 5024 3138 5075 illa
3170 5023 3363 5085 discit;
3392 5030 3448 5073 et
3491 5033 3614 5074 cum
3648 5029 3862 5073 orasset
3891 5036 4046 5082 eum,

794 5106 850 5151 ut
876 5103 1077 5151 eadem
1105 5096 1283 5165 Apria:
1306 5093 1477 5161 patris
1505 5092 1881 5154 ulcisceretur,
1914 5096 2201 5161 persuadet
2242 5102 2299 5143 ut
2324 5094 2519 5147 bellum
2548 5092 2823 5164 [Egyptiis
2848 5093 3066 5146 inierat.

2133 5210 2385 5279 Ejusdem
2422 5212 2555 5265 libro
2582 5210 2655 5267 X.

862 5337 1071 5391 Ctesias
1108 5344 1311 5396 autem,
1344 5331 1482 5399 apud
1511 5328 1673 5401 ludos
1692 5328 1803 5401 regi
1844 5344 1948 5384 non
1977 5327 2138 5385 licere
2172 5330 2430 5386 inebriari
2457 5332 2641 5387 tradit.
2674 5334 2740 5385 At
2767 5346 2898 5384 vero
2921 5333 3062 5401 apud
3085 5328 3283 5385 Persas
3313 5328 3422 5398 regi
3443 5325 3758 5380 conceditur
3786 5324 4056 5383 inebriari

793 5412 875 5460 tlte
914 5425 1039 5470 uno,
1071 5407 1254 5473 inquo
1285 5398 1596 5457 sacriﬁcant
1629 5398 1860 5452 Mithrae.

2243 5514 2403 5570 Libro
2435 5513 2519 5569 XI
2540 5515 2598 5570 γ.

860 5640 1091 5695 Berosus
1125 5650 1303 5692 autem
1337 5636 1817 5707 B.tbyl0tiiacorttm
1851 5637 1942 5691 lib.
1978 5653 2018 5700 ι,
2069 5636 2277 5690 decima
2310 5645 2463 5691 sexta
2495 5636 2582 5690 die
2618 5635 2819 5707 mensis
2850 5632 2967 5699 Loi,
2992 5634 3195 5707 festum
3233 5632 3502 5703 Babylone
3543 5630 3782 5701 quinque
3829 5630 4058 5707 dierum

794 5714 971 5779 spatio
999 5711 1260 5764 celebrari
1289 5712 1379 5768 ait,
1414 5703 1613 5760 bat-eas
1643 5709 1845 5779 dit-tum
1874 5724 1889 5779 ς
1922 5721 2017 5779 per
2038 5710 2179 5775 quod
2218 5717 2429 5779 tempus
2470 5707 2645 5779 solere
2682 5706 2928 5758 dominos
2981 5703 3482 5779 l'atttnlis__parerc:
3522 5716 3797 5779 unumque
3846 5715 3916 5754 ex
3958 5704 4065 5779 _his

796 5772 974 5833 domui
1007 5793 1257 5847 praaesse,
1292 5789 1459 5839 veste,
1495 5794 1614 5844 (Illac
1666 5776 1824 5847 regiae
1850 5772 2257 5847 similitudinem
2294 5772 2584 5841 referebat,
2618 5775 2863 5830 indutum
2896 5792 2909 5827 :
2942 5790 3103 5843 quem
3131 5784 3183 5829 et
3207 5774 3475 5841 Zugauem
3509 5772 3767 5840 appellari
3800 5773 4067 5827 meminit

799 5852 953 5905 istius
983 5843 1103 5903 lesti
1127 5849 1338 5904 Ctesias
1365 5843 1579 5916 quoque
1608 5843 1746 5900 libro
1774 5843 2108 5899 Persicorum
2146 5848 2406 5900 secundo.
