4224 6442
199 418 314 487 213

1278 416 1813 481 BIBLIOTHECA.
1851 442 1921 453 —
1958 416 2126 479 COD.
2162 414 2404 477 LXXII.

3358 411 3466 476 ιιι

278 531 426 607 Περὶ
455 534 559 604 τῆς
588 532 797 603 κρήνης
827 530 926 604 τῆς
957 531 1339 602 πληρουμένης
1365 531 1447 586 ἀν’
1473 531 1594 593 hoc
1621 526 1791 599 ὑγροῦ
1821 526 1871 585 Δ

1789 553 1791 567 ι
1821 526 1871 585 Δ
1966 525 2092 595 Agit
2120 524 2187 579 de
2203 523 2351 580 fonte
2374 521 2512 594 (ιι),
2545 521 2637 593 qui
2661 520 2886 576 humido
2913 519 3208 591 quotannis
3232 533 3365 577 auro
3386 522 3457 576 ita

196 627 456 699 χρυσίου,
492 626 556 690 ἐξ
591 619 659 696 ἧς
686 624 883 679 έκατδν
908 624 1104 694 πρόχοι
1124 626 1170 656 ’⁸
1217 623 1531 693 ὀστράκινοι
1563 623 1647 675 ἀν’
1671 622 1791 685 ἔτος

194 719 469 787 άρὺοντάι
491 733 505 747 ·
542 716 898 785 ὀστρακίναις
920 716 978 770 δὲ
1005 716 1087 769 δεῖ
1112 711 1270 780 εἶναι,
1300 716 1426 768 ἐπεὶ
1455 716 1728 783 πήγνυται
1760 716 1791 768 6

192 810 405 880 χρυσὸς
470 810 877 880 άπαρυόμενος,
930 810 1025 863 καὶ
1046 810 1264 880 ἀνάγκη
1301 809 1364 862 τδ
1405 809 1628 879 ἀγγεῖον
1657 808 1790 877 θλᾷν

194 902 295 955 καὶ
319 902 503 965 οὕτως
557 902 848 971 ἐξαγαγεῖν
874 902 922 935 ⁸⁸
953 902 1140 957 αὐτόν.
1177 903 1244 955 Ἦ
1278 902 1337 957 δὲ
1386 903 1562 973 κρήνη
1593 902 1789 972 τετρά-

195 994 377 1061 γωνός
428 996 600 1059 ἔστιν,
654 994 950 1047 ἑκκαίδεκα
996 995 1095 1063 μιν
1128 994 1322 1065 πηχῶν
1358 996 1393 1066 η
1431 994 1785 1066 περίμετρος,

195 1086 261 1139 τὸ
302 1085 365 1139 δὶ
420 1086 588 1156 βάθος
638 1086 869 1156 ὀργυιάο
915 1087 1122 1154 ἑκάστη
1172 1086 1232 1139 δὲ
1274 1085 1483 1158 προχοὴ
1522 1085 1789 1141 τάλαντον

196 1176 375 1230 aut.
419 1178 531 1231 Kal.
557 1179 688 1247 περὶ
712 1176 811 1233 τοῦ
832 1178 891 1230 ἐν
923 1176 1002 1247 τῷ
1057 1177 1293 1248 πυθμένι
1335 1178 1437 1245 τῆς
1466 1180 1675 1248 κρήνης
1704 1195 1784 1231 σι-

196 1268 396 1338 δήρου,
428 1270 488 1334 ἐξ
511 1262 574 1321 οὗ
600 1268 697 1321 καὶ
724 1267 817 1321 δύο
842 1268 971 1337 ξίφη
995 1268 1241 1337 Κτησίας
1272 1268 1438 1338 φησὶν
1466 1269 1782 1337 ἐσχηκέναι,

196 1359 259 1412 ιν
280 1361 444 1431 παρά
476 1359 742 1431 βασιλέως
772 1361 868 1414 καὶ
894 1361 957 1413 τὸ
977 1360 1105 1415 ἄλλο
1132 1360 1177 1394 "
1208 1360 1363 1428 παρὰ
1394 1360 1492 1430 τῆς
1519 1360 1615 1413 τοῦ
1631 1362 1788 1429 βασι-

198 1452 341 1517 λέως
392 1456 603 1525 μητρὸς
658 1454 1053 1524 Παρυσάτιδος.
1081 1453 1307 1523 1Ρησὶδι
1345 1454 1475 1523 περὶ
1510 1452 1677 1506 αὐτοῦ
1704 1454 1788 1507 ὅτι

198 1546 558 1615 πηγνύμενος
583 1547 645 1599 έν
674 1548 741 1616 τῇ
772 1548 845 1616 γῇ
876 1545 1072 1613 νέφους
1110 1545 1208 1598 καὶ⁵
1236 1544 1477 1614 χαλάζης
1507 1544 1605 1597 καὶ
1641 1560 1787 1614 πρη-

201 1626 424 1706 στήρων
447 1637 594 1690 ἐστὶν
626 1637 997 1710 ἀποτρόπαιον
1018 1636 1064 1668 ⁸⁸
1091 1652 1106 1667 ο
1142 1636 1237 1690 καὶ
1266 1636 1393 1690 ἰδεῖν
1424 1636 1588 1689 αὐτὸν
1613 1634 1789 1690 ταῦτά

204 1747 342 1800 φησι
371 1730 640 1800 βασιλέως
671 1730 752 1793 δὶς
788 1730 1134 1800 ποιήσαντος.

273 1996 415 2067 Περὶ
446 1996 561 2050 τῶν
589 1997 770 2051 κυνῶν
798 2000 907 2051 τῶν
939 1996 1199 2065 Ἰνδικῶν,
1222 1997 1305 2053 δτι
1333 1998 1583 2069 μέγιστοί
1624 2000 1786 2066 εἰσιν,

200 2086 275 2150 ὡς
305 2086 407 2141 καὶ
464 2086 642 2140 λέοντι
673 2088 962 2158 μάχεσθαι.
994 2090 1130 2160 Περὶ
1166 2089 1277 2142 τῶν
1312 2089 1455 2159 ὀρῶν
1483 2090 1592 2143 τῶν
1625 2093 1791 2161 μεγά-

200 2181 328 2246 )ων,
359 2179 426 2245 εξ
450 2173 527 2236 ῶν
555 2182 589 2249 ἡ
622 2198 682 2233 τε
729 2181 911 2251 σαρδὼ
940 2181 1235 2251 ὀρύσσεται
1260 2182 1354 2234 καὶ
1376 2184 1425 2235 οί
1468 2182 1661 2252 ὄνυχες
1690 2185 1786 2238 καὶ

201 2276 257 2327 al
287 2275 456 2329 ἄλλαι
484 2274 807 2344 σφραγῖδες.
825 2274 947 2327 Ὀτι
978 2272 1109 2325 ἀλέα
1132 2272 1324 2342 πολλὴ,
1355 2273 1450 2327 καὶ
1476 2274 1557 2327 ὅτι
1577 2276 1607 2327 6
1635 2274 1787 2345 ἥλιος

201 2362 592 2417 δεκαπλασίων
640 2362 703 2416 τδ
759 2362 986 2433 μέγεθος
1025 2363 1059 2432 ἢ
1114 2363 1173 2416 έν
1197 2365 1319 2425 ταῖς
1362 2362 1549 2427 ἄλλαις
1579 2366 1786 2434 χώραις

200 2454 363 2518 αὐτὸς
394 2455 599 2508 ἑαυτοῦ
621 2455 894 2523 φαίνεται,
926 2457 1019 2508 καὶ
1050 2454 1235 2508 πολλοὶ
1250 2455 1483 2509 ἐνταῦθα
1506 2457 1582 2527 τῷ
1605 2457 1785 2525 πνίγει

201 2547 549 2615 φθείρονται.
586 2548 697 2601 Καὶ
728 2548 1003 2602 θάλασσάν
1033 2566 1198 2619 φησιν
1223 2548 1414 2602 αὐτόθι
1450 2550 1602 2603 οὐδὲν
1630 2550 1785 2603 ἔλατ-

200 2635 289 2691 τόν
317 2640 366 2671 ⁹⁹
396 2638 504 2709 τῆς
546 2638 899 2709 Ἑλληνικῆς
926 2641 988 2692 τὸ
1019 2639 1079 2691 δι
1111 2640 1225 2694 am
1248 2640 1417 2710 αὐτῆς
1443 2641 1547 2705 ἓως
1583 2644 1785 2696 τεσσά-

204 2745 310 2798 ρων
342 2728 633 2783 sane»:
680 2729 882 2799 θερμὸν
938 2726 1102 2794 εἶναι,
1154 2732 1299 2784 ῶστε
1358 2731 1434 2801 μὴ
1474 2731 1630 2801 ἰχθὺν
1682 2731 1784 2802 ζῇν

204 2819 670 2889 προσπελάσαντα
734 2822 813 2892 τῷ
872 2822 1060 2895 θερμῷ
1081 2863 1098 2890 ,
1150 2824 1285 2879 ἀλλὰ
1338 2825 1583 2881 κάτωθεν
1640 2826 1783 2881 διαι-

201 2912 378 2967 τᾶσθα
386 2931 429 2967 ι.

272 3085 399 3141 ὀτι
461 3088 493 3141 6
536 3087 695 3153 ’ῐνδδς
751 3090 999 3161 ποταμὸς
1041 3090 1181 3162 ῥέων
1225 3094 1313 3151 διὰ
1373 3100 1567 3154 πεδίων
1596 3100 1692 3156 καὶ
1715 3101 1786 3156 δι’

1898 617 2208 683 impleatur,
2242 624 2301 668 ut
2347 622 2564 669 centum
2594 628 2661 667 ex
2684 627 2753 667 eo
2774 614 2920 667 urcei
2954 611 3146 667 lictiles
3184 611 3310 664 anni
3333 626 3461 679 spn-

1894 708 1970 763 tio
1993 708 2335 761 hauriantur.
2370 706 2592 760 Fictiles
2630 715 2811 759 autem
2843 720 2967 761 esse
2995 719 3186 759 urceos
3210 713 3463 773 propter-

1893 815 1958 856 ea
2006 808 2279 867 oportere,
2310 797 2451 867 quod
2502 797 2750 851 haustum
2788 811 2907 850 mox
2933 795 3073 867 ἡδὺ
3108 809 3301 848 aurum
3332 808 3465 848 con-

1892 901 2129 957 crescat,
2189 899 2251 944 ut
2303 892 2371 943 ad
2436 888 2566 942 illud
2600 887 2937 943 educendum
2979 902 3074 941 vas
3128 888 3305 954 ipsum
3336 900 3464 938 con-

1891 980 2133 1050 fringere
2160 994 2383 1035 necesse
2406 980 2494 1034 sit.
2522 976 2750 1034 Foutem
2793 981 2969 1047 ipsum
2996 978 3320 1046 quadratum
3340 990 3465 1030 esse

1891 1071 2079 1136 refert,
2112 1069 2347 1127 sedecim
2374 1070 2679 1127 cubitorum
2718 1069 2924 1124 ambitu
2970 1068 3248 1135 uniusque
3276 1066 3465 1117 altitno

1890 1164 2017 1219 dine
2047 1181 2064 1217 :
2102 1163 2331 1232 singulis
2361 1177 2525 1232 porro
2548 1161 2729 1215 urceis
2752 1159 2960 1227 singula
2992 1159 3193 1212 talenta
3222 1158 3337 1210 auri
3366 1173 3466 1209 ex-

1892 1256 2057 1310 trahi.
2079 1252 2335 1318 Deferro,
2363 1255 2508 1322 quod
2527 1253 2579 1307 in
2602 1252 2763 1317 hujus
2798 1250 2962 1306 fontis
2979 1249 3147 1303 fundo
3173 1248 3461 1314 reperitur,

1889 1362 1954 1402 es
1977 1361 2086 1417 quo
2099 1348 2231 1401 duos
2262 1359 2323 1400 se
2352 1344 2610 1399 habuisse
2648 1343 2936 1411 aliquando
2959 1342 3166 1411 gladios
3199 1342 3313 1407 ipse
3337 1340 3467 1394 Cte-

1890 1442 2001 1495 sias
2035 1445 2448 1501 commemorat,
2516 1452 2679 1489 unum
2714 1451 2744 1488 a
2778 1450 2899 1503 rege
2945 1434 3086 1505 (9.5),
3146 1432 3378 1485 alterum
3434 1448 3465 1483 ει

1888 1530 2207 1601 Parysatide
2227 1528 2369 1599 regis
2398 1527 2569 1597 ipsius
2614 1537 2789 1581 matre
2832 1527 2933 1580 sibi
2969 1528 3251 1579 donatum.
3313 1521 3465 1575 Ferri

1888 1629 2073 1675 autem
2106 1619 2268 1687 huius
2300 1634 2419 1674 eam
2448 1634 2570 1674 esse
2598 1619 2733 1683 vim,
2756 1627 2816 1671 ut
2863 1618 2916 1671 in
2951 1626 3152 1671 terram
3175 1615 3465 1684 depuctum

1889 1710 2135 1777 nebulas,
2189 1717 2246 1764 et
2275 1710 2592 1778 grandines,
2649 1709 3004 1778 turbinesque
3064 1714 3295 1768 avertat,
3362 1706 3468 1758 hoc

1888 1803 2054 1859 semel
2076 1818 2133 1857 se
2157 1802 2463 1872 iterumque
2492 1801 2716 1868 vidisse,
2759 1815 2884 1855 cum
2943 1815 3038 1855 rex
3083 1799 3199 1868 ipse
3237 1797 3354 1868 ejus
3386 1798 3464 1853 rei

1817 1874 1860 1930 Β
1892 1893 2189 1967 periculum
2222 1891 2453 1948 laceret.

1968 1983 2297 2040 Decauibus
2346 1982 2544 2037 Indicis
2588 1982 2703 2053 (26)
2765 1992 2928 2037 tanta:
2958 1980 3369 2052 magnitudinis,
3405 1989 3466 2032 ut

1887 2093 2009 2133 cum
2034 2077 2167 2147 ipsis
2196 2092 2413 2149 quoque
2454 2077 2703 2132 leonibus
2754 2088 3028 2131 certamen
3117 2076 3323 2130 lneant.
3389 2074 3465 2129 De

1887 2170 2099 2241 magnis
2117 2170 2224 2226 illis
2260 2170 2557 2236 montibus,
2625 2184 2689 2223 ex
2728 2170 2923 2237 quibus
2957 2184 3079 2224 cum
3108 2168 3294 2233 sardo,
3349 2176 3464 2219 tum

1885 2261 2127 2330 onycbes
2157 2262 2346 2325 etiam,
2382 2270 2547 2331 atque
2576 2260 2696 2314 aliae
2722 2275 2947 2328 gemmae
2977 2258 3328 2314 eli'odiuntur.
3375 2255 3465 2310 ln-

1886 2362 2103 2422 gentem
2131 2353 2239 2408 illic
2269 2353 2460 2407 saevire
2489 2366 2702 2414 uastum,
2767 2352 3049 2420 solemque
3105 2352 3276 2419 ipsum
3302 2351 3467 2403 decu-

1885 2446 1973 2517 plo
1994 2462 2155 2516 quam
2201 2446 2254 2501 in
2306 2446 2427 2500 aliis
2480 2446 2791 2515 regionibus
2842 2443 3101 2512 majorem
3158 2442 3365 2495 videri:
3401 2456 3467 2495 ac

1886 2539 2086 2594 multos
2112 2539 2169 2592 in
2200 2553 2262 2592 ea
2296 2539 2518 2608 regione
2553 2537 2813 2593 mortales
2851 2547 2983 2592 testu
3024 2534 3346 2607 praefocatos
3371 2551 3464 2589 ex-

1884 2632 2104 2701 stingui.
2131 2630 2279 2686 Mare
2308 2631 2381 2687 ibi
2408 2632 2758 2685 nihilominus
2774 2646 2933 2699 quam
2954 2629 3199 2685 Graecum
3233 2629 3358 2683 ﬂatu
3384 2638 3467 2680 tu-

1888 2739 2035 2777 mere
2058 2738 2071 2773 :
2100 2737 2227 2777 vero
2248 2723 2299 2775 id
2317 2723 2369 2776 in
2392 2737 2624 2787 summo,
2647 2722 2957 2790 adquatuor
2978 2735 3151 2790 usque
3172 2720 3464 2789 digitorum

1885 2816 2247 2880 altitudinem,
2275 2812 2541 2869 fervidum
2558 2828 2680 2869 esse
2701 2832 2716 2878 ;
2738 2816 2980 2884 adeoque
3010 2814 3352 2884 piscesjusta
3371 2828 3429 2866 ca
3445 2841 3465 2852 -

1884 2909 2052 2965 lorein
2068 2908 2215 2961 illum
2235 2908 2569 2962 viverenullo
2582 2908 2741 2962 modo
2753 2906 3026 2976 posse,sed
3045 2908 3096 2960 in
3112 2906 3237 2960 imis
3249 2906 3465 2976 degere.

1957 2996 2147 3051 Indum
2197 2995 2416 3050 ﬂuvium
2455 3012 2549 3065 per
2605 2998 2932 3067 campestria
2982 2997 3245 3061 delatum,
3317 2997 3466 3065 ipsos

1885 3104 2101 3160 quoque
2140 3087 2639 3152 montcsiuterlahi,
2678 3088 2731 3142 in
2771 3089 2945 3157 iisque
2982 3086 3115 3141 locis
3141 3085 3292 3140 nasci
3324 3084 3465 3137 cala-

201 3177 379 3277 ὀρέων
396 3180 507 3249 ῥεῖ,
537 3179 595 3277 έν
641 3174 739 3277 οἷς-
770 3183 863 3277 καὶ
885 3184 915 3236 6
947 3182 1241 3277 λεγόμενος
1281 3187 1497 3253 Ἰνδικὸς
1541 3193 1789 3265 κάλαμος
1819 3215 1865 3277 α

1819 3215 1865 3277 c
1896 3200 2041 3238 mum
2069 3182 2205 3253 (‘27),
2244 3196 2404 3252 quem
2436 3178 2912 3243 vocantlndicum,
2962 3188 3126 3234 tanta:
3152 3176 3468 3277 crassitudi-

203 3269 427 3337 φύεται,
479 3270 655 3339 πάχος
685 3273 788 3342 μὲν
819 3274 945 3327 ὅσον
967 3274 1077 3329 δύω
1097 3278 1111 3307 ¹
1148 3278 1309 3349 ἄνδρε
1342 3289 1794 3358 περιωργυιωμέ-

206 3379 288 3413 νοι
319 3362 698 3432 περιλάϐοιεν,
735 3366 797 3417 τὸ
824 3365 882 3418 δὲ
926 3365 1059 3434 ὕψος
1084 3369 1207 3422 ὅσον
1245 3375 1579 3444 μυριοφόρου
1615 3380 1636 3409 ¹
1662 3379 1801 3441 νεὼς

208 3454 360 3515 ίστός
382 3469 397 3483 ’
424 3456 537 3506 εἶσὶ
567 3456 657 3506 καὶ
683 3455 762 3508 ἔτι
817 3458 1038 3527 μείζους
1066 3461 1163 3512 καὶ
1191 3462 1466 3528 ἐλάττους,
1491 3468 1635 3531 οἵους
1654 3471 1800 3534 είκδς

204 3543 266 3594 έν
287 3544 407 3614 δρει
435 3544 681 3615 μεγάλῳ.
701 3542 923 3601 Εἷναιδὶ
943 3549 1051 3602 τῶν
1064 3549 1326 3619 καλάμων
1352 3554 1446 3606 καὶ
1461 3554 1695 3627 ἄρρενας
1706 3560 1801 3614 καὶ

206 3634 456 3707 θηλείας.
483 3639 547 3689 ’0
560 3636 660 3707 μὲν
675 3638 770 3691 οὖν
790 3641 967 3712 ἄρρην
980 3641 1302 3715 έντεριώνην
1318 3644 1417 3697 οὐκ
1435 3644 1543 3716 εχει
1566 3648 1661 3701 καὶ
1687 3648 1801 3703 ῑστι

207 3727 387 3799 κάρτα
406 3728 648 3799 ίσχυρδς,
662 3730 695 3798 ἡ
707 3729 763 3783 δὲ
780 3730 968 3800 θήλεια
987 3731 1373 3814 εχει.Καὶρτερὶ
1386 3735 1477 3790 τοῦ
1496 3744 1801 3811 μαρτιχόρα

205 3818 301 3871 τοῦ
329 3822 389 3870 ἐν
423 3821 613 3883 αὐτοῖς
639 3820 787 3885 δντος
813 3821 1027 3893 θηρίου,
1052 3824 1127 3885 ὡς
1156 3824 1216 3877 τὸ
1242 3818 1539 3895 ’πρόσωπον
1556 3830 1747 3892 ἐοικὼς
1773 3830 1794 3861 ³

207 3913 498 3981 ἀνθρώπῳ
536 3913 767 3981 μέγεθος
791 3914 892 3983 μέν
922 3917 1067 3968 ἐστιν
1094 3913 1287 3987 ὥσπερ
1322 3918 1478 3985 λέων,
1512 3923 1605 3973 καὶ
1632 3923 1799 3992 χρόαν

205 4001 443 4073 ἐρυθρὸς
466 4003 545 4065 ὡς
571 4002 877 4074 κιννάϐαρι,
912 4003 1040 4075 [L55
1067 4004 1156 4078 IL]
1193 4008 1455 4078 τρίστιχοι
1478 4010 1534 4063 δὲ
1552 4011 1794 4077 ὀδόντεςο

203 4090 323 4146 ὦτα
351 4093 409 4145 δὲ
437 4092 631 4163 ῶσπερ
679 4094 993 4166 ἀνθρώπου,
1044 4100 1137 4150 καὶ
1174 4098 1490 4170 ὀφθαλμοὺς
1526 4102 1799 4170 γλαυκοὺς

204 4184 433 4253 ὁμοίους
464 4184 761 4257 ἀνθρώπῳ,
789 4189 889 4257 τὴν
920 4189 976 4241 δὲ
1009 4190 1207 4259 κέρκον
1231 4191 1343 4261 ἔχει
1371 4193 1599 4265 οἵανπερ
1632 4212 1799 4264 σκορ-

205 4274 331 4337 πίος
358 4275 392 4325 6
427 4274 770 4347 ἠπειρώτης,
800 4274 918 4351 ένῇ
947 4280 1041 4332 καί
1076 4282 1137 4333 τὸ
1183 4282 1408 4352 κέντρον
1455 4283 1592 4354 εχει,
1623 4288 1797 4355 μείζω

205 4364 573 4435 ὑπάρχουσαν
595 4366 616 4398 ⁸
640 4368 840 4437 πήχεος
868 4370 910 4422 ⁸.
942 4370 1094 4440 Ἔχει
1126 4372 1182 4425 δὲ
1212 4373 1309 4425 καὶ
1347 4375 1412 4425 ὲκ
1442 4375 1672 4441 πλαγίου
1697 4379 1796 4449 τῆς

206 4460 416 4529 κέρκου
448 4460 582 4512 ἔνθα
615 4463 711 4514 καὶ
762 4461 890 4515 ἔνθα
920 4463 1137 4530 κέντρα.
1173 4464 1286 4535 ἔχει
1320 4466 1376 4518 δὲ
1406 4467 1499 4519 καὶ
1523 4468 1608 4520 ἐπ’
1641 4470 1796 4541 ἄκρῳ

1904 3275 2011 3339 nis,
2066 3282 2329 3343 quantam
2360 3274 2468 3327 duo
2520 3273 2684 3327 simul
2726 3274 2974 3327 homines
3030 3270 3292 3340 expansis
3326 3268 3468 3320 ulnis

1902 3363 2190 3435 complecti
2215 3364 2443 3433 possint,
2468 3363 2771 3418 altitudinis
2792 3379 2940 3428 vero,
2992 3371 3193 3432 quanta
3230 3369 3316 3415 est
3341 3359 3467 3413 mali

1903 3458 2137 3529 iungentis
2158 3457 2424 3512 oneraria:
2445 3457 2623 3511 navis.
2656 3456 2787 3511 Esse
2820 3466 3001 3510 tamen
3025 3455 3169 3509 inter
3199 3453 3299 3508 hos
3318 3451 3468 3507 cala-

1904 3565 2022 3606 mos
2053 3549 2289 3619 majures
2319 3550 2689 3617 minoresque,
2741 3547 3198 3617 quemadmodum
3252 3547 3308 3600 in
3355 3560 3470 3599 ma-

1906 3656 2012 3711 gno
2118 3640 2301 3705 aliquo
2375 3647 2557 3694 nmnte
2632 3640 2884 3695 accidere
2954 3639 3115 3694 solet.
3196 3637 3253 3692 In
3350 3652 3468 3689 ma-

1903 3748 2017 3788 rem
2046 3732 2173 3787 item
2227 3731 2592 3801 fetninamque
2636 3733 2854 3786 eosdem
2892 3731 3175 3801 distingui,
3216 3739 3272 3785 et
3319 3728 3468 3783 illum

1900 3828 2119 3896 quidem
2155 3826 2445 3879 admodum
2502 3839 2623 3879 esse
2672 3823 2903 3877 validum
2954 3838 3019 3877 ac
3066 3823 3303 3887 lirmunt,
3352 3819 3471 3875 sine

1901 3918 2156 3983 medulla,
2226 3934 2388 3989 quam
2456 3928 2635 3972 tamen
2695 3916 2889 3971 habeat
2961 3914 3186 3969 femina.
3242 3913 3318 3969 De
3384 3926 3473 3968 re-

1900 4009 2076 4081 gionis
2113 4009 2255 4063 illius
2277 4008 2495 4062 animali
2540 4008 2727 4064 scribit
2772 4008 3099 4064 martlchora
3143 4006 3465 4078 (28)dicto:

1901 4105 2195 4159 humanum
2225 4102 2276 4156 id
2308 4102 2510 4158 referre
2553 4103 2795 4169 vultum,
2846 4102 3018 4158 leonis
3072 4103 3465 4169 magnitudine,

1899 4192 2078 4248 colore
2097 4191 2411 4248 cinnabaris
2434 4193 2490 4246 in
2521 4194 2739 4248 modum
2773 4194 3020 4248 rubente.
3070 4192 3363 4261 Triplicem
3392 4194 3467 4246 illi

1898 4299 2020 4339 esse
2052 4285 2295 4339 dentium
2328 4284 2600 4349 ordinem,
2656 4299 2815 4340 aures
2862 4284 3118 4340 humanis
3146 4284 3375 4347 similes,
3411 4290 3469 4338 et

1897 4372 2087 4427 oculos
2112 4387 2266 4441 aque
2296 4384 2483 4429 nostro
2508 4388 2660 4428 more
2690 4372 2930 4443 glaucos,
2962 4374 3187 4427 caudam
3210 4373 3335 4427 item
3368 4388 3470 4426 cu‘

1899 4463 2052 4519 bitali
2089 4462 2348 4533 majorem
2377 4466 2597 4530 habere,
2632 4465 2846 4534 qualem
2889 4465 3134 4534 scorpius
3167 4465 3466 4529 terrestris,

204 4549 403 4620 ῶσπερ
440 4551 705 4621 σκορπίος
732 4555 974 4625 κέντρον.
996 4556 1106 4608 Καὶ
1137 4556 1314 4627 τούτῳ
1345 4558 1464 4628 μὲν,
1495 4560 1592 4612 ἐὰν
1620 4536 1790 4630 1:90a—
1823 4555 1867 4610 D

1823 4555 1867 4610 D
1892 4536 1948 4612 in
1973 4575 2079 4628 qua
2107 4568 2164 4614 et
2188 4559 2429 4625 aculeus,
2492 4560 2595 4615 etsi
2618 4560 2819 4629 alioqui
2852 4559 2939 4613 illa
2970 4575 3065 4631 per
3090 4569 3464 4615 transversum

205 4641 338 4711 έλθῃ
371 4659 481 4705 τις,
518 4646 698 4695 κεντεῖ
724 4646 802 4713 τῷ
828 4646 1063 4717 κέντρῳ,
1081 4647 1175 4700 καὶ
1210 4648 1428 4712 πάντως
1455 4650 1484 4702 6
1510 4651 1792 4723 κεντηθεὶς

203 4732 593 4804 ἀποθνήσκειο
655 4734 752 4787 ἐάν
801 4734 859 4789 δέ
912 4753 996 4800 τις
1040 4738 1323 4809 πόρρωθεν
1369 4740 1612 4810 μάχηται
1651 4744 1791 4811 πρὸς

203 4826 393 4891 αὑτὸν,
428 4827 527 4879 καὶ
554 4826 861 4899 ἔμπροσθεν
899 4829 1049 4893 tm;
1102 4830 1202 4898 τὴν
1228 4831 1393 4901 οὐρὰν
1435 4832 1624 4901 ὥσπερ
1680 4832 1790 4885 ἀπὸ

201 4917 365 4982 τόξου
635 4924 748 4984 τοῖς
769 4920 1036 4993 κέντροις,
1080 4924 1175 4975 καὶ
1208 4922 1429 4976 δπισθεν
1455 4925 1541 4977 ἐπ’
1571 4918 1787 4987 εὐθείας

1897 4648 2061 4703 etiam
2096 4647 2267 4717 spinis
2292 4662 2481 4717 aspera
2501 4648 2594 4703 sit.
2617 4648 2879 4703 Aculequ
2904 4650 3030 4701 item
3055 4648 3108 4701 in
3143 4651 3344 4703 vertice
3370 4664 3466 4717 ge-

1899 4754 2041 4805 rere,
2064 4748 2123 4794 ut
2155 4743 2425 4809 scorpius,
2462 4754 2636 4810 eoque
2668 4740 2986 4794 accedentes
3010 4741 3083 4794 ita
3112 4754 3373 4812 pungere,
3407 4750 3467 4794 nt

1900 4846 2000 4886 nec
2028 4841 2255 4887 mortem
2286 4831 2398 4888 ullo
2446 4844 2627 4900 pacto,
2676 4834 2984 4903 quieuuqne
3014 4848 3303 4902 percussus
3345 4833 3464 4888 l'uc-

1902 4926 1991 4991 rit,
2031 4927 2262 4982 evadere
2282 4928 2473 4997 possit.
2533 4922 2652 4980 lam
2684 4926 2729 4980 si
2761 4925 2883 4995 quis
2913 4927 3127 4981 eminus
3178 4942 3301 4982 cuin
3366 4926 3466 4980 hoc

1474 5037 1709 5093 νΑιιιιΕ
1763 5038 2179 5097 ιευτιοιηεε.

277 5148 401 5198 ἐπ

407 5146 600 5221 ροχοαὶ
646 5165 711 5221 ς·Ζ
772 5148 840 5221 _“
864 5148 1080 5221 sﬁdyst‘v
1112 5168 1173 5214 ς’.
1249 5151 1295 5183 ’⁷
1326 5152 1385 5205 τδ
1406 5153 1531 5206 ἄλλο
1556 5154 1601 5206 Α
1631 5172 1645 5207 :
1681 5153 1740 5206 ἓν
1766 5173 1828 5221 ς’.

1906 5156 1953 5189 ’⁸
1985 5156 2353 5223 ἀποτρόπαιος
2382 5175 2443 5223 ς.
2517 5157 2565 5191 ”
2615 5165 2833 5225 pmtat
2884 5157 3140 5212 ἐλάττονα
3216 5160 3232 5190 ¹
3263 5155 3356 5211 δύο
3401 5176 3463 5224 ς.

203 5216 224 5246 ⁸
261 5218 660 5287 μυριαμφόρου
690 5217 905 5275 Lobeck
942 5216 1008 5275 ad
1037 5219 1312 5292 l’hryniclt
1339 5239 1389 5291 p.
1428 5224 1552 5278 662.
1629 5216 1847 5291 ³έοιιίδς

1229 5221 1312 5277 iclt
1339 5239 1389 5291 p.
1428 5224 1552 5278 662.
1629 5225 1650 5257 ³
1670 5216 1847 5291 έοιιίδς
1874 5244 1935 5293 ς.
2011 5229 2033 5259 ⁵
2059 5216 2371 5298 ὑπάρξουσᾶ
2391 5216 2469 5293 ’ς.
2543 5228 2566 5261 ⁸
2596 5216 2815 5299 πήχεως
2838 5245 2897 5293 ς.

1720 5344 1963 5403 NOTAE.

203 5504 243 5557 Α
277 5431 399 5552 (ἲ)
437 5430 599 5514 {falsa
616 5431 729 5486 haec
751 5446 872 5487 esse
894 5432 971 5486 ait
994 5431 1307 5489 Pliilostrat.
1326 5435 1421 5490 lib.
1474 5451 1533 5489 ιιι
1571 5435 1642 5490 De
1676 5438 1787 5492 vita

253 5521 317 5557 υο
366 5519 503 5557 anu.

250 5519 503 5569 pouomt.

266 5572 391 5640 (25)
428 5575 735 5643 Artaxerxe
774 5572 853 5643 τῷ
896 5572 1199 5628 Mnemone.

272 5643 397 5712 (‘26)
432 5641 895 5715 Elianumglege,
929 5644 1019 5715 lib.
1065 5659 1115 5696 Iv
1171 5643 1249 5698 De
1283 5644 1504 5699 animal.
1540 5660 1661 5715 cap.
1698 5644 1787 5712 l9,

202 5715 296 5782 qui
326 5728 432 5765 sua
467 5714 593 5771 hinc
632 5713 888 5779 petivisse
917 5713 1152 5767 videtur.

278 5782 794 5852 (27)7tArundini
853 5782 1045 5837 indica:
1106 5783 1332 5840 arborea
1405 5784 1719 5852 amplitudo,
1762 5803 1782 5837 ι

207 5853 391 5921 inquit
422 5851 563 5907 Plin.
590 5852 686 5908 lib.
718 5867 833 5919 xvi,
865 5867 986 5924 cap.
1036 5852 1125 5922 '56,
1164 5869 1272 5924 quo
1323 5867 1396 5925 te,
1448 5851 1643 5923 lector,
1704 5872 1787 5913 rc-

1897 5440 2070 5494 mitto.

1966 5510 2081 5581 (28)
2114 5508 2177 5581 Et
2199 5510 2300 5565 hoc
2324 5526 2445 5566 esse
2476 5512 2814 5568 mendacium
2832 5511 2941 5565 vult
2966 5510 3225 5567 Philostr.
3252 5514 3457 5569 Ailian.

1894 5578 1990 5650 lib.
2018 5578 2089 5642 ιν,
2119 5580 2193 5635 De
2218 5583 2437 5635 animal.
2460 5597 2579 5650 Cap.
2603 5583 2696 5645 2i,
2718 5594 3001 5650 postquam
3022 5585 3205 5638 multis
3227 5588 3291 5637 de
3314 5584 3464 5637 Matt-

1896 5649 2105 5720 tichnra
2130 5652 2271 5720 egit,
2294 5668 2458 5719 penes
2473 5649 2896 5708 Ctesi:unlide:u
2928 5654 3167 5706 onmium
3186 5670 3307 5709 esse
3322 5658 3459 5708 vult.

1893 5718 2221 5791 [leniinitjtt
2256 5718 2490 5777 Pausan.
2522 5724 2677 5791 hujus
2700 5722 2966 5777 Ctesianm
3020 5724 3351 5779 narrationis
3409 5727 3462 5776 in

1890 5786 2115 5863 Bmotic.
2146 5788 2284 5863 Plin.
2314 5793 2466 5854 item,
2494 5786 2606 5847 lib:
2638 5809 2755 5858 vin,
2794 5808 2912 5862 cap.
2973 5792 3064 5860 31,
3129 5797 3270 5861 apud
3325 5811 3463 5863 quos

1891 5858 2224 5916 manlicltora
2240 5908 2249 5918 .
2265 5862 2481 5927 legitur.
