  <div class='ocr_page' id='page_1' title='image "/cluster/home/n/w/nwhite01/storage/ocr_20150623/103/nnc1.0046979689/117.png"; bbox 0 0 4224 6442; ppageno 0'>
   <div class='ocr_carea' id='block_1_1' title="bbox 721 395 830 463">
    <p class='ocr_par' dir='ltr' id='par_1_1' title="bbox 721 395 830 463">
     <span class='ocr_line' id='line_1_1' title="bbox 721 395 830 463; baseline 0.018 -2"><span class='ocrx_word' id='word_1_1' title='bbox 721 395 830 463; x_wconf 75' lang='lat'><strong>219</strong></span> 
     </span>
    </p>
   </div>
   <div class='ocr_carea' id='block_1_2' title="bbox 1883 402 2820 465">
    <p class='ocr_par' dir='ltr' id='par_1_2' title="bbox 1883 402 2820 465">
     <span class='ocr_line' id='line_1_2' title="bbox 1883 402 2820 465; baseline 0 0"><span class='ocrx_word' id='word_1_2' title='bbox 1883 404 2143 465; x_wconf 88' lang='grc' dir='ltr'><strong>ΡΠΟΤΙῐ</strong></span> <span class='ocrx_word' id='word_1_3' title='bbox 2180 402 2685 463; x_wconf 75' lang='lat' dir='ltr'><strong>PATRIARCH/E</strong></span> <span class='ocrx_word' id='word_1_4' title='bbox 2714 403 2820 465; x_wconf 75' lang='grc' dir='ltr'><strong>ΟΡ.</strong></span> 
     </span>
    </p>
   </div>
   <div class='ocr_carea' id='block_1_3' title="bbox 3888 400 4002 465">
    <p class='ocr_par' dir='ltr' id='par_1_3' title="bbox 3888 400 4002 465">
     <span class='ocr_line' id='line_1_3' title="bbox 3888 400 4002 465; baseline 0 0"><span class='ocrx_word' id='word_1_5' title='bbox 3888 400 4002 465; x_wconf 74' lang='lat'><strong>220</strong></span> 
     </span>
    </p>
   </div>
   <div class='ocr_carea' id='block_1_4' title="bbox 792 494 2314 588">
    <p class='ocr_par' dir='ltr' id='par_1_4' title="bbox 792 512 2309 588">
     <span class='ocr_line' id='line_1_4' title="bbox 792 512 2309 588; baseline 0.002 -20"><span class='ocrx_word' id='word_1_6' title='bbox 792 516 937 588; x_wconf 66' lang='grc' dir='ltr'><strong>ἀπα</strong></span> <span class='ocrx_word' id='word_1_7' title='bbox 972 513 1136 570; x_wconf 79' lang='lat' dir='ltr'><strong>Multa</strong></span> <span class='ocrx_word' id='word_1_8' title='bbox 1176 513 1345 571; x_wconf 84' lang='lat' dir='ltr'><strong>relert</strong></span> <span class='ocrx_word' id='word_1_9' title='bbox 1382 514 1450 572; x_wconf 89' lang='lat' dir='ltr'><strong>de</strong></span> <span class='ocrx_word' id='word_1_10' title='bbox 1476 512 1729 571; x_wconf 85' lang='lat' dir='ltr'><strong>Indorum</strong></span> <span class='ocrx_word' id='word_1_11' title='bbox 1752 517 2309 588; x_wconf 82' lang='lat' dir='ltr'><strong>justitia,etinsuum</strong></span> 
     </span>
    </p>
   </div>
   <div class='ocr_carea' id='block_1_5' title="bbox 2410 494 3997 588">
    <p class='ocr_par' dir='ltr' id='par_1_5' title="bbox 2488 494 3997 585">
     <span class='ocr_line' id='line_1_5' title="bbox 2488 494 3997 585; baseline 0 -15"><span class='ocrx_word' id='word_1_12' title='bbox 2488 514 2664 570; x_wconf 77' lang='grc' dir='ltr'><strong>Πολλᾶ</strong></span> <span class='ocrx_word' id='word_1_13' title='bbox 2695 515 2752 567; x_wconf 75' lang='grc' dir='ltr'><strong>δὲ</strong></span> <span class='ocrx_word' id='word_1_14' title='bbox 2780 494 2928 582; x_wconf 70' lang='grc' dir='ltr'><strong>λέγει</strong></span> <span class='ocrx_word' id='word_1_15' title='bbox 2961 513 3087 585; x_wconf 82' lang='grc' dir='ltr'><strong>περὶ</strong></span> <span class='ocrx_word' id='word_1_16' title='bbox 3120 512 3221 583; x_wconf 80' lang='grc' dir='ltr'><strong>τῆς</strong></span> <span class='ocrx_word' id='word_1_17' title='bbox 3265 512 3616 582; x_wconf 76' lang='grc' dir='ltr'><strong>δικαιοσύνης</strong></span> <span class='ocrx_word' id='word_1_18' title='bbox 3646 509 3827 565; x_wconf 81' lang='grc' dir='ltr'><strong>αὐτῶν</strong></span> <span class='ocrx_word' id='word_1_19' title='bbox 3852 552 3869 578; x_wconf 90' lang='grc'><strong>,</strong></span> <span class='ocrx_word' id='word_1_20' title='bbox 3897 520 3997 570; x_wconf 69' lang='lat' dir='ltr'><strong>ml</strong></span> 
     </span>
    </p>
   </div>
   <div class='ocr_carea' id='block_1_6' title="bbox 728 606 2306 679">
    <p class='ocr_par' dir='ltr' id='par_1_6' title="bbox 728 606 2306 679">
     <span class='ocr_line' id='line_1_6' title="bbox 728 606 2306 679; baseline 0 -18"><span class='ocrx_word' id='word_1_21' title='bbox 728 623 909 679; x_wconf 73' lang='lat' dir='ltr'><strong>regem</strong></span> <span class='ocrx_word' id='word_1_22' title='bbox 931 606 1507 676; x_wconf 87' lang='lat' dir='ltr'><strong>benevolentia,deque</strong></span> <span class='ocrx_word' id='word_1_23' title='bbox 1533 608 1746 663; x_wconf 89' lang='lat' dir='ltr'><strong>illorum</strong></span> <span class='ocrx_word' id='word_1_24' title='bbox 1774 609 1962 662; x_wconf 92' lang='lat' dir='ltr'><strong>mortis</strong></span> <span class='ocrx_word' id='word_1_25' title='bbox 1974 620 2306 677; x_wconf 90' lang='lat' dir='ltr'><strong>contemptu.</strong></span> 
     </span>
    </p>
   </div>
   <div class='ocr_carea' id='block_1_7' title="bbox 727 699 2310 769">
    <p class='ocr_par' dir='ltr' id='par_1_7' title="bbox 727 699 2310 769">
     <span class='ocr_line' id='line_1_7' title="bbox 727 699 2310 769; baseline 0.001 -16"><span class='ocrx_word' id='word_1_26' title='bbox 727 699 950 754; x_wconf 74' lang='lat' dir='ltr'><strong>Fontem</strong></span> <span class='ocrx_word' id='word_1_27' title='bbox 970 715 1183 769; x_wconf 89' lang='lat' dir='ltr'><strong>quoque</strong></span> <span class='ocrx_word' id='word_1_28' title='bbox 1210 702 1349 767; x_wconf 89' lang='lat' dir='ltr'><strong>apud</strong></span> <span class='ocrx_word' id='word_1_29' title='bbox 1369 715 1465 755; x_wconf 89' lang='lat' dir='ltr'><strong>eos</strong></span> <span class='ocrx_word' id='word_1_30' title='bbox 1497 715 1616 755; x_wconf 89' lang='lat' dir='ltr'><strong>esse</strong></span> <span class='ocrx_word' id='word_1_31' title='bbox 1639 701 1737 767; x_wconf 94' lang='lat' dir='ltr'><strong>ait,</strong></span> <span class='ocrx_word' id='word_1_32' title='bbox 1763 701 1915 769; x_wconf 83' lang='lat' dir='ltr'><strong>cujus</strong></span> <span class='ocrx_word' id='word_1_33' title='bbox 1936 715 2095 768; x_wconf 88' lang='lat' dir='ltr'><strong>aqua,</strong></span> <span class='ocrx_word' id='word_1_34' title='bbox 2121 700 2310 754; x_wconf 89' lang='lat' dir='ltr'><strong>simul-</strong></span> 
     </span>
    </p>
   </div>
   <div class='ocr_carea' id='block_1_8' title="bbox 726 792 2304 866">
    <p class='ocr_par' dir='ltr' id='par_1_8' title="bbox 726 792 2304 866">
     <span class='ocr_line' id='line_1_8' title="bbox 726 792 2304 866; baseline 0.001 -21"><span class='ocrx_word' id='word_1_35' title='bbox 726 793 1110 861; x_wconf 83' lang='lat' dir='ltr'><strong>a:quehansta</strong></span> <span class='ocrx_word' id='word_1_36' title='bbox 1158 792 1342 857; x_wconf 81' lang='lat' dir='ltr'><strong>fuerit,</strong></span> <span class='ocrx_word' id='word_1_37' title='bbox 1388 793 1537 847; x_wconf 83' lang='lat' dir='ltr'><strong>casei</strong></span> <span class='ocrx_word' id='word_1_38' title='bbox 1590 794 1642 847; x_wconf 92' lang='lat' dir='ltr'><strong>in</strong></span> <span class='ocrx_word' id='word_1_39' title='bbox 1705 808 1910 848; x_wconf 86' lang='lat' dir='ltr'><strong>morem</strong></span> <span class='ocrx_word' id='word_1_40' title='bbox 1966 793 2304 866; x_wconf 75' lang='lat' dir='ltr'><strong>coaguletur.</strong></span> 
     </span>
    </p>
   </div>
   <div class='ocr_carea' id='block_1_9' title="bbox 729 883 2307 953">
    <p class='ocr_par' dir='ltr' id='par_1_9' title="bbox 729 883 2307 953">
     <span class='ocr_line' id='line_1_9' title="bbox 729 883 2307 953; baseline -0.001 -15"><span class='ocrx_word' id='word_1_41' title='bbox 729 883 900 953; x_wconf 73' lang='lat' dir='ltr'><strong>Hujus</strong></span> <span class='ocrx_word' id='word_1_42' title='bbox 933 896 1112 937; x_wconf 90' lang='lat' dir='ltr'><strong>autem</strong></span> <span class='ocrx_word' id='word_1_43' title='bbox 1149 884 1419 952; x_wconf 77' lang='lat' dir='ltr'><strong>coagulati</strong></span> <span class='ocrx_word' id='word_1_44' title='bbox 1454 885 1500 938; x_wconf 87' lang='lat' dir='ltr'><strong>si</strong></span> <span class='ocrx_word' id='word_1_45' title='bbox 1527 885 1613 939; x_wconf 93' lang='lat' dir='ltr'><strong>eui</strong></span> <span class='ocrx_word' id='word_1_46' title='bbox 1646 885 1711 938; x_wconf 90' lang='lat' dir='ltr'><strong>ad</strong></span> <span class='ocrx_word' id='word_1_47' title='bbox 1745 895 1856 938; x_wconf 88' lang='lat' dir='ltr'><strong>tres</strong></span> <span class='ocrx_word' id='word_1_48' title='bbox 1883 884 2071 938; x_wconf 84' lang='lat' dir='ltr'><strong>obolos</strong></span> <span class='ocrx_word' id='word_1_49' title='bbox 2096 884 2307 938; x_wconf 85' lang='lat' dir='ltr'><strong>contri-</strong></span> 
     </span>
    </p>
   </div>
   <div class='ocr_carea' id='block_1_10' title="bbox 728 972 2308 1041">
    <p class='ocr_par' dir='ltr' id='par_1_10' title="bbox 728 972 2308 1041">
     <span class='ocr_line' id='line_1_10' title="bbox 728 972 2308 1041; baseline 0 -14"><span class='ocrx_word' id='word_1_50' title='bbox 728 975 892 1038; x_wconf 88' lang='lat' dir='ltr'><strong>veris,</strong></span> <span class='ocrx_word' id='word_1_51' title='bbox 918 984 1080 1040; x_wconf 85' lang='lat' dir='ltr'><strong>atque</strong></span> <span class='ocrx_word' id='word_1_52' title='bbox 1118 972 1168 1026; x_wconf 93' lang='lat' dir='ltr'><strong>in</strong></span> <span class='ocrx_word' id='word_1_53' title='bbox 1196 972 1402 1041; x_wconf 79' lang='lat' dir='ltr'><strong>vulgari</strong></span> <span class='ocrx_word' id='word_1_54' title='bbox 1431 987 1570 1041; x_wconf 87' lang='lat' dir='ltr'><strong>aqua</strong></span> <span class='ocrx_word' id='word_1_55' title='bbox 1603 974 1865 1027; x_wconf 88' lang='lat' dir='ltr'><strong>bibendos</strong></span> <span class='ocrx_word' id='word_1_56' title='bbox 1887 973 2119 1035; x_wconf 80' lang='lat' dir='ltr'><strong>dederis.</strong></span> <span class='ocrx_word' id='word_1_57' title='bbox 2163 974 2308 1027; x_wconf 90' lang='lat' dir='ltr'><strong>indi-</strong></span> 
     </span>
    </p>
   </div>
   <div class='ocr_carea' id='block_1_11' title="bbox 728 1061 2307 1131">
    <p class='ocr_par' dir='ltr' id='par_1_11' title="bbox 728 1061 2307 1131">
     <span class='ocr_line' id='line_1_11' title="bbox 728 1061 2307 1131; baseline -0.001 -15"><span class='ocrx_word' id='word_1_58' title='bbox 728 1076 859 1116; x_wconf 89' lang='lat' dir='ltr'><strong>care</strong></span> <span class='ocrx_word' id='word_1_59' title='bbox 887 1076 1009 1115; x_wconf 79' lang='lat' dir='ltr'><strong>mox</strong></span> <span class='ocrx_word' id='word_1_60' title='bbox 1047 1062 1195 1114; x_wconf 89' lang='lat' dir='ltr'><strong>illum</strong></span> <span class='ocrx_word' id='word_1_61' title='bbox 1244 1075 1582 1130; x_wconf 63' lang='lat' dir='ltr'><strong>quaecunque</strong></span> <span class='ocrx_word' id='word_1_62' title='bbox 1624 1064 1841 1116; x_wconf 80' lang='lat' dir='ltr'><strong>admisit</strong></span> <span class='ocrx_word' id='word_1_63' title='bbox 1865 1064 2004 1131; x_wconf 67' lang='lat' dir='ltr'><strong>(LI).</strong></span> <span class='ocrx_word' id='word_1_64' title='bbox 2052 1061 2128 1117; x_wconf 88' lang='lat' dir='ltr'><strong>Eo</strong></span> <span class='ocrx_word' id='word_1_65' title='bbox 2160 1063 2307 1117; x_wconf 87' lang='lat' dir='ltr'><strong>enim</strong></span> 
     </span>
    </p>
   </div>
   <div class='ocr_carea' id='block_1_12' title="bbox 730 1154 2307 1222">
    <p class='ocr_par' dir='ltr' id='par_1_12' title="bbox 730 1154 2307 1222">
     <span class='ocr_line' id='line_1_12' title="bbox 730 1154 2307 1222; baseline -0.001 -13"><span class='ocrx_word' id='word_1_66' title='bbox 730 1154 819 1209; x_wconf 84' lang='lat' dir='ltr'><strong>die</strong></span> <span class='ocrx_word' id='word_1_67' title='bbox 877 1164 1059 1207; x_wconf 92' lang='lat' dir='ltr'><strong>mente</strong></span> <span class='ocrx_word' id='word_1_68' title='bbox 1103 1156 1400 1207; x_wconf 90' lang='lat' dir='ltr'><strong>alienatum</strong></span> <span class='ocrx_word' id='word_1_69' title='bbox 1453 1155 1709 1209; x_wconf 82' lang='lat' dir='ltr'><strong>insanire.</strong></span> <span class='ocrx_word' id='word_1_70' title='bbox 1754 1154 1840 1210; x_wconf 90' lang='lat' dir='ltr'><strong>Uti</strong></span> <span class='ocrx_word' id='word_1_71' title='bbox 1873 1169 2000 1221; x_wconf 79' lang='lat' dir='ltr'><strong>ergo</strong></span> <span class='ocrx_word' id='word_1_72' title='bbox 2029 1169 2095 1208; x_wconf 91' lang='lat' dir='ltr'><strong>eo</strong></span> <span class='ocrx_word' id='word_1_73' title='bbox 2129 1170 2307 1222; x_wconf 80' lang='lat' dir='ltr'><strong>regem</strong></span> 
     </span>
    </p>
   </div>
   <div class='ocr_carea' id='block_1_13' title="bbox 733 1245 2311 1314">
    <p class='ocr_par' dir='ltr' id='par_1_13' title="bbox 733 1245 2311 1314">
     <span class='ocr_line' id='line_1_13' title="bbox 733 1245 2311 1314; baseline 0 -15"><span class='ocrx_word' id='word_1_74' title='bbox 733 1246 787 1299; x_wconf 86' lang='lat' dir='ltr'><strong>in</strong></span> <span class='ocrx_word' id='word_1_75' title='bbox 823 1245 1116 1307; x_wconf 90' lang='lat' dir='ltr'><strong>accusatis,</strong></span> <span class='ocrx_word' id='word_1_76' title='bbox 1148 1247 1363 1314; x_wconf 89' lang='lat' dir='ltr'><strong>quoties</strong></span> <span class='ocrx_word' id='word_1_77' title='bbox 1389 1256 1541 1299; x_wconf 84' lang='lat' dir='ltr'><strong>certo</strong></span> <span class='ocrx_word' id='word_1_78' title='bbox 1570 1260 1897 1314; x_wconf 78' lang='lat' dir='ltr'><strong>cognoscere</strong></span> <span class='ocrx_word' id='word_1_79' title='bbox 1920 1246 2068 1308; x_wconf 80' lang='lat' dir='ltr'><strong>velit,</strong></span> <span class='ocrx_word' id='word_1_80' title='bbox 2116 1261 2184 1299; x_wconf 89' lang='lat' dir='ltr'><strong>an</strong></span> <span class='ocrx_word' id='word_1_81' title='bbox 2213 1247 2311 1299; x_wconf 83' lang='lat' dir='ltr'><strong>ob-</strong></span> 
     </span>
    </p>
   </div>
   <div class='ocr_carea' id='block_1_14' title="bbox 723 1335 2309 1407">
    <p class='ocr_par' dir='ltr' id='par_1_14' title="bbox 723 1335 2309 1407">
     <span class='ocr_line' id='line_1_14' title="bbox 723 1335 2309 1407; baseline 0.001 -18"><span class='ocrx_word' id='word_1_82' title='bbox 723 1335 992 1403; x_wconf 76' lang='lat' dir='ltr'><strong>iectorum</strong></span> <span class='ocrx_word' id='word_1_83' title='bbox 1028 1337 1315 1390; x_wconf 88' lang='lat' dir='ltr'><strong>criminum</strong></span> <span class='ocrx_word' id='word_1_84' title='bbox 1351 1336 1536 1391; x_wconf 80' lang='lat' dir='ltr'><strong>aﬂines</strong></span> <span class='ocrx_word' id='word_1_85' title='bbox 1568 1338 1699 1391; x_wconf 91' lang='lat' dir='ltr'><strong>sint.</strong></span> <span class='ocrx_word' id='word_1_86' title='bbox 1744 1337 1809 1391; x_wconf 88' lang='lat' dir='ltr'><strong>Et</strong></span> <span class='ocrx_word' id='word_1_87' title='bbox 1842 1339 1886 1393; x_wconf 87' lang='lat' dir='ltr'><strong>si</strong></span> <span class='ocrx_word' id='word_1_88' title='bbox 1939 1338 2158 1407; x_wconf 83' lang='lat' dir='ltr'><strong>quidem</strong></span> <span class='ocrx_word' id='word_1_89' title='bbox 2189 1339 2309 1392; x_wconf 89' lang='lat' dir='ltr'><strong>edi-</strong></span> 
     </span>
    </p>
   </div>
   <div class='ocr_carea' id='block_1_15' title="bbox 731 1428 2310 1497">
    <p class='ocr_par' dir='ltr' id='par_1_15' title="bbox 731 1428 2310 1497">
     <span class='ocr_line' id='line_1_15' title="bbox 731 1428 2310 1497; baseline 0.001 -17"><span class='ocrx_word' id='word_1_90' title='bbox 731 1428 915 1481; x_wconf 86' lang='lat' dir='ltr'><strong>derint</strong></span> <span class='ocrx_word' id='word_1_91' title='bbox 951 1429 1184 1494; x_wconf 85' lang='lat' dir='ltr'><strong>crimen,</strong></span> <span class='ocrx_word' id='word_1_92' title='bbox 1241 1430 1508 1497; x_wconf 87' lang='lat' dir='ltr'><strong>imperare</strong></span> <span class='ocrx_word' id='word_1_93' title='bbox 1552 1440 1611 1483; x_wconf 93' lang='lat' dir='ltr'><strong>ut</strong></span> <span class='ocrx_word' id='word_1_94' title='bbox 1642 1430 1817 1484; x_wconf 92' lang='lat' dir='ltr'><strong>inedia</strong></span> <span class='ocrx_word' id='word_1_95' title='bbox 1866 1440 2093 1484; x_wconf 92' lang='lat' dir='ltr'><strong>mortem</strong></span> <span class='ocrx_word' id='word_1_96' title='bbox 2120 1444 2310 1485; x_wconf 86' lang='lat' dir='ltr'><strong>accer-</strong></span> 
     </span>
    </p>
   </div>
   <div class='ocr_carea' id='block_1_16' title="bbox 2410 601 3998 675">
    <p class='ocr_par' dir='ltr' id='par_1_16' title="bbox 2410 601 3998 675">
     <span class='ocr_line' id='line_1_16' title="bbox 2410 601 3998 675; baseline -0.002 -17"><span class='ocrx_word' id='word_1_97' title='bbox 2410 605 2509 674; x_wconf 82' lang='grc' dir='ltr'><strong>τῆς</strong></span> <span class='ocrx_word' id='word_1_98' title='bbox 2538 606 2668 675; x_wconf 76' lang='grc' dir='ltr'><strong>περὶ</strong></span> <span class='ocrx_word' id='word_1_99' title='bbox 2700 605 2791 656; x_wconf 86' lang='grc' dir='ltr'><strong>τὸν</strong></span> <span class='ocrx_word' id='word_1_100' title='bbox 2821 604 2969 673; x_wconf 80' lang='grc' dir='ltr'><strong>σφῶν</strong></span> <span class='ocrx_word' id='word_1_101' title='bbox 3001 604 3225 673; x_wconf 79' lang='grc' dir='ltr'><strong>βασιλέα</strong></span> <span class='ocrx_word' id='word_1_102' title='bbox 3277 602 3510 666; x_wconf 77' lang='grc' dir='ltr'><strong>εὐνοίας,</strong></span> <span class='ocrx_word' id='word_1_103' title='bbox 3541 602 3755 670; x_wconf 77' lang='grc' dir='ltr'><strong>καὶτῆς</strong></span> <span class='ocrx_word' id='word_1_104' title='bbox 3779 601 3876 655; x_wconf 81' lang='grc' dir='ltr'><strong>τοῦ</strong></span> <span class='ocrx_word' id='word_1_105' title='bbox 3903 604 3998 655; x_wconf 89' lang='grc' dir='ltr'><strong>θα-</strong></span> 
     </span>
    </p>
   </div>
   <div class='ocr_carea' id='block_1_17' title="bbox 2411 692 4000 763">
    <p class='ocr_par' dir='ltr' id='par_1_17' title="bbox 2411 692 4000 763">
     <span class='ocr_line' id='line_1_17' title="bbox 2411 692 4000 763; baseline -0.001 -17"><span class='ocrx_word' id='word_1_106' title='bbox 2411 695 2572 747; x_wconf 86' lang='grc' dir='ltr'><strong>νάτου</strong></span> <span class='ocrx_word' id='word_1_107' title='bbox 2605 696 3084 763; x_wconf 81' lang='grc' dir='ltr'><strong>καταφρονήσεως.</strong></span> <span class='ocrx_word' id='word_1_108' title='bbox 3115 694 3277 760; x_wconf 77' lang='grc' dir='ltr'><strong>Λέγει</strong></span> <span class='ocrx_word' id='word_1_109' title='bbox 3303 692 3360 744; x_wconf 75' lang='grc' dir='ltr'><strong>δὲ</strong></span> <span class='ocrx_word' id='word_1_110' title='bbox 3390 694 3473 745; x_wconf 86' lang='grc' dir='ltr'><strong>ὅτι</strong></span> <span class='ocrx_word' id='word_1_111' title='bbox 3504 694 3655 762; x_wconf 82' lang='grc' dir='ltr'><strong>πηγή</strong></span> <span class='ocrx_word' id='word_1_112' title='bbox 3692 695 3811 745; x_wconf 75' lang='grc' dir='ltr'><strong>ἐστι</strong></span> <span class='ocrx_word' id='word_1_113' title='bbox 3837 732 3853 755; x_wconf 84' lang='grc'><strong>.</strong></span> <span class='ocrx_word' id='word_1_114' title='bbox 3904 694 4000 746; x_wconf 70' lang='grc' dir='ltr'><strong>καὶ</strong></span> 
     </span>
    </p>
   </div>
   <div class='ocr_carea' id='block_1_18' title="bbox 2410 784 4003 857">
    <p class='ocr_par' dir='ltr' id='par_1_18' title="bbox 2410 784 4003 857">
     <span class='ocr_line' id='line_1_18' title="bbox 2410 784 4003 857; baseline 0.002 -20"><span class='ocrx_word' id='word_1_115' title='bbox 2410 786 2635 838; x_wconf 74' lang='grc' dir='ltr'><strong>ἐπειδάν</strong></span> <span class='ocrx_word' id='word_1_116' title='bbox 2664 804 2749 849; x_wconf 89' lang='grc' dir='ltr'><strong>τις</strong></span> <span class='ocrx_word' id='word_1_117' title='bbox 2780 786 2959 857; x_wconf 81' lang='grc' dir='ltr'><strong>ἁρύσῃ</strong></span> <span class='ocrx_word' id='word_1_118' title='bbox 3003 786 3065 839; x_wconf 82' lang='grc' dir='ltr'><strong>τὸ</strong></span> <span class='ocrx_word' id='word_1_119' title='bbox 3100 787 3241 855; x_wconf 82' lang='grc' dir='ltr'><strong>ὕδωρ</strong></span> <span class='ocrx_word' id='word_1_120' title='bbox 3272 786 3463 854; x_wconf 81' lang='grc' dir='ltr'><strong>αὐτῆς,</strong></span> <span class='ocrx_word' id='word_1_121' title='bbox 3497 786 3771 856; x_wconf 82' lang='grc' dir='ltr'><strong>πήγνυται</strong></span> <span class='ocrx_word' id='word_1_122' title='bbox 3805 784 4003 853; x_wconf 72' lang='grc' dir='ltr'><strong>ὥσπερ</strong></span> 
     </span>
    </p>
   </div>
   <div class='ocr_carea' id='block_1_19' title="bbox 2408 875 4002 947">
    <p class='ocr_par' dir='ltr' id='par_1_19' title="bbox 2408 875 4002 947">
     <span class='ocr_line' id='line_1_19' title="bbox 2408 875 4002 947; baseline -0.003 -18"><span class='ocrx_word' id='word_1_123' title='bbox 2408 878 2591 947; x_wconf 84' lang='grc' dir='ltr'><strong>τυρός.</strong></span> <span class='ocrx_word' id='word_1_124' title='bbox 2620 878 2823 931; x_wconf 79' lang='grc' dir='ltr'><strong>Τούτου</strong></span> <span class='ocrx_word' id='word_1_125' title='bbox 2854 875 2949 931; x_wconf 83' lang='grc' dir='ltr'><strong>οὖν</strong></span> <span class='ocrx_word' id='word_1_126' title='bbox 2973 876 3067 931; x_wconf 82' lang='grc' dir='ltr'><strong>τοῦ</strong></span> <span class='ocrx_word' id='word_1_127' title='bbox 3101 876 3308 947; x_wconf 85' lang='grc' dir='ltr'><strong>πηκτοῦ</strong></span> <span class='ocrx_word' id='word_1_128' title='bbox 3341 878 3465 929; x_wconf 86' lang='grc' dir='ltr'><strong>ὅσον</strong></span> <span class='ocrx_word' id='word_1_129' title='bbox 3492 879 3637 945; x_wconf 82' lang='grc' dir='ltr'>τρεῖς</span> <span class='ocrx_word' id='word_1_130' title='bbox 3662 875 4002 937; x_wconf 71' lang='grc' dir='ltr'><strong>όϐολοὺςέἁν</strong></span> 
     </span>
    </p>
   </div>
   <div class='ocr_carea' id='block_1_20' title="bbox 2409 967 4000 1055">
    <p class='ocr_par' dir='ltr' id='par_1_20' title="bbox 2409 967 4000 1055">
     <span class='ocr_line' id='line_1_20' title="bbox 2409 967 4000 1055; baseline -0.003 -31"><span class='ocrx_word' id='word_1_131' title='bbox 2409 972 2605 1055; x_wconf 59' lang='grc' dir='ltr'><strong>τρίψας</strong></span> <span class='ocrx_word' id='word_1_132' title='bbox 2637 972 2742 1036; x_wconf 77' lang='grc' dir='ltr'><strong>δῷς</strong></span> <span class='ocrx_word' id='word_1_133' title='bbox 2776 973 2833 1023; x_wconf 85' lang='grc' dir='ltr'><strong>ὲν</strong></span> <span class='ocrx_word' id='word_1_134' title='bbox 2856 970 3010 1024; x_wconf 77' lang='grc' dir='ltr'><strong>ὕδατι</strong></span> <span class='ocrx_word' id='word_1_135' title='bbox 3026 974 3190 1035; x_wconf 84' lang='grc' dir='ltr'><strong>πιεῖν,</strong></span> <span class='ocrx_word' id='word_1_136' title='bbox 3226 968 3543 1038; x_wconf 78' lang='grc' dir='ltr'><strong>ἐξαγγέλλει</strong></span> <span class='ocrx_word' id='word_1_137' title='bbox 3568 970 3745 1022; x_wconf 77' lang='grc' dir='ltr'><strong>πάντα</strong></span> <span class='ocrx_word' id='word_1_138' title='bbox 3767 969 3870 1021; x_wconf 87' lang='grc' dir='ltr'><strong>ὅσα</strong></span> <span class='ocrx_word' id='word_1_139' title='bbox 3894 967 4000 1020; x_wconf 74' lang='grc' dir='ltr'><strong>επ-</strong></span> 
     </span>
    </p>
   </div>
   <div class='ocr_carea' id='block_1_21' title="bbox 2413 1059 3996 1133">
    <p class='ocr_par' dir='ltr' id='par_1_21' title="bbox 2413 1059 3996 1133">
     <span class='ocr_line' id='line_1_21' title="bbox 2413 1059 3996 1133; baseline -0.001 -19"><span class='ocrx_word' id='word_1_140' title='bbox 2413 1063 2563 1131; x_wconf 82' lang='grc' dir='ltr'><strong>ραξε·</strong></span> <span class='ocrx_word' id='word_1_141' title='bbox 2583 1062 3046 1133; x_wconf 80' lang='grc' dir='ltr'><strong>παραφρονεῐγὰρ</strong></span> <span class='ocrx_word' id='word_1_142' title='bbox 3062 1062 3155 1115; x_wconf 70' lang='grc' dir='ltr'><strong>καὶ</strong></span> <span class='ocrx_word' id='word_1_143' title='bbox 3171 1063 3417 1131; x_wconf 84' lang='grc' dir='ltr'><strong>μαίνεται</strong></span> <span class='ocrx_word' id='word_1_144' title='bbox 3429 1062 3630 1130; x_wconf 90' lang='grc' dir='ltr'><strong>ταύτην</strong></span> <span class='ocrx_word' id='word_1_145' title='bbox 3641 1062 3741 1131; x_wconf 80' lang='grc' dir='ltr'><strong>τὴν</strong></span> <span class='ocrx_word' id='word_1_146' title='bbox 3754 1059 3996 1131; x_wconf 68' lang='grc' dir='ltr'><strong>ἡμέραν.</strong></span> 
     </span>
    </p>
   </div>
   <div class='ocr_carea' id='block_1_22' title="bbox 2411 1146 3999 1223">
    <p class='ocr_par' dir='ltr' id='par_1_22' title="bbox 2411 1146 3999 1223">
     <span class='ocr_line' id='line_1_22' title="bbox 2411 1146 3999 1223; baseline -0.001 -17"><span class='ocrx_word' id='word_1_147' title='bbox 2411 1155 2624 1223; x_wconf 73' lang='grc' dir='ltr'><strong>Χρᾶται</strong></span> <span class='ocrx_word' id='word_1_148' title='bbox 2654 1155 2712 1206; x_wconf 79' lang='grc' dir='ltr'><strong>δὲ</strong></span> <span class='ocrx_word' id='word_1_149' title='bbox 2739 1153 2889 1223; x_wconf 69' lang='grc' dir='ltr'><strong>αὐτῷ</strong></span> <span class='ocrx_word' id='word_1_150' title='bbox 2916 1156 2945 1207; x_wconf 92' lang='grc' dir='ltr'><strong>ό</strong></span> <span class='ocrx_word' id='word_1_151' title='bbox 2981 1153 3232 1223; x_wconf 79' lang='grc' dir='ltr'><strong>βασιλεὺς</strong></span> <span class='ocrx_word' id='word_1_152' title='bbox 3269 1153 3355 1222; x_wconf 76' lang='grc' dir='ltr'><strong>ἐφ’</strong></span> <span class='ocrx_word' id='word_1_153' title='bbox 3391 1146 3467 1206; x_wconf 81' lang='grc' dir='ltr'><strong>ὧν</strong></span> <span class='ocrx_word' id='word_1_154' title='bbox 3491 1153 3999 1223; x_wconf 71' lang='grc' dir='ltr'><strong>κατηγορουμένων</strong></span> 
     </span>
    </p>
   </div>
   <div class='ocr_carea' id='block_1_23' title="bbox 2410 1243 3999 1315">
    <p class='ocr_par' dir='ltr' id='par_1_23' title="bbox 2410 1243 3999 1315">
     <span class='ocr_line' id='line_1_23' title="bbox 2410 1243 3999 1315; baseline 0.001 -19"><span class='ocrx_word' id='word_1_155' title='bbox 2410 1244 2643 1307; x_wconf 80' lang='grc' dir='ltr'><strong>τάληθὲς</strong></span> <span class='ocrx_word' id='word_1_156' title='bbox 2674 1246 2858 1314; x_wconf 84' lang='grc' dir='ltr'>εὑρεῖν</span> <span class='ocrx_word' id='word_1_157' title='bbox 2888 1243 3157 1315; x_wconf 68' lang='grc' dir='ltr'><strong>ἐθελήσει·</strong></span> <span class='ocrx_word' id='word_1_158' title='bbox 3184 1246 3288 1297; x_wconf 76' lang='grc' dir='ltr'><strong>κᾶν</strong></span> <span class='ocrx_word' id='word_1_159' title='bbox 3327 1244 3427 1315; x_wconf 73' lang='grc' dir='ltr'><strong>μὲν</strong></span> <span class='ocrx_word' id='word_1_160' title='bbox 3457 1243 3670 1315; x_wconf 77' lang='grc' dir='ltr'><strong>ἐξείπῃ,</strong></span> <span class='ocrx_word' id='word_1_161' title='bbox 3724 1244 3999 1314; x_wconf 78' lang='grc' dir='ltr'><strong>προστάσ-</strong></span> 
     </span>
    </p>
   </div>
   <div class='ocr_carea' id='block_1_24' title="bbox 2414 1336 3998 1409">
    <p class='ocr_par' dir='ltr' id='par_1_24' title="bbox 2414 1336 3998 1409">
     <span class='ocr_line' id='line_1_24' title="bbox 2414 1336 3998 1409; baseline 0.001 -22"><span class='ocrx_word' id='word_1_162' title='bbox 2414 1352 2568 1388; x_wconf 87' lang='grc' dir='ltr'><strong>σεται</strong></span> <span class='ocrx_word' id='word_1_163' title='bbox 2625 1336 3079 1409; x_wconf 81' lang='grc' dir='ltr'><strong>ἀποκαρτερῆσαι</strong></span> <span class='ocrx_word' id='word_1_164' title='bbox 3108 1378 3125 1405; x_wconf 94' lang='grc'><strong>,</strong></span> <span class='ocrx_word' id='word_1_165' title='bbox 3188 1338 3256 1392; x_wconf 85' lang='grc' dir='ltr'><strong>ἂν</strong></span> <span class='ocrx_word' id='word_1_166' title='bbox 3317 1337 3375 1391; x_wconf 72' lang='grc' dir='ltr'><strong>δὲ</strong></span> <span class='ocrx_word' id='word_1_167' title='bbox 3456 1337 3628 1408; x_wconf 68' lang='grc' dir='ltr'><strong>μηδὲν</strong></span> <span class='ocrx_word' id='word_1_168' title='bbox 3707 1336 3947 1407; x_wconf 74' lang='grc' dir='ltr'><strong>ἐλεγχθῇ</strong></span> <span class='ocrx_word' id='word_1_169' title='bbox 3978 1376 3998 1405; x_wconf 89' lang='grc'><strong>,</strong></span> 
     </span>
    </p>
   </div>
   <div class='ocr_carea' id='block_1_25' title="bbox 2411 1429 2655 1497">
    <p class='ocr_par' dir='ltr' id='par_1_25' title="bbox 2411 1429 2655 1497">
     <span class='ocr_line' id='line_1_25' title="bbox 2411 1429 2655 1497; baseline 0.016 -17"><span class='ocrx_word' id='word_1_170' title='bbox 2411 1429 2655 1497; x_wconf 83' lang='grc' dir='ltr'><strong>ἀφίεται.</strong></span> 
     </span>
    </p>
   </div>
   <div class='ocr_carea' id='block_1_26' title="bbox 737 1520 2307 1590">
    <p class='ocr_par' dir='ltr' id='par_1_26' title="bbox 737 1520 2307 1590">
     <span class='ocr_line' id='line_1_26' title="bbox 737 1520 2307 1590; baseline 0.002 -17"><span class='ocrx_word' id='word_1_171' title='bbox 737 1530 901 1573; x_wconf 70' lang='lat' dir='ltr'><strong>sant:</strong></span> <span class='ocrx_word' id='word_1_172' title='bbox 933 1521 977 1573; x_wconf 91' lang='lat' dir='ltr'><strong>si</strong></span> <span class='ocrx_word' id='word_1_173' title='bbox 1022 1535 1148 1575; x_wconf 85' lang='lat' dir='ltr'><strong>vero</strong></span> <span class='ocrx_word' id='word_1_174' title='bbox 1193 1520 1326 1574; x_wconf 89' lang='lat' dir='ltr'><strong>nihil</strong></span> <span class='ocrx_word' id='word_1_175' title='bbox 1369 1522 1831 1590; x_wconf 82' lang='lat' dir='ltr'><strong>deprehendatur.</strong></span> <span class='ocrx_word' id='word_1_176' title='bbox 1862 1521 2063 1576; x_wconf 83' lang='lat' dir='ltr'><strong>liberos</strong></span> <span class='ocrx_word' id='word_1_177' title='bbox 2088 1522 2307 1576; x_wconf 92' lang='lat' dir='ltr'><strong>dimitti.</strong></span> 
     </span>
    </p>
   </div>
   <div class='ocr_carea' id='block_1_27' title="bbox 804 1604 2314 1682">
    <p class='ocr_par' dir='ltr' id='par_1_27' title="bbox 804 1609 2314 1682">
     <span class='ocr_line' id='line_1_27' title="bbox 804 1609 2314 1682; baseline 0.004 -19"><span class='ocrx_word' id='word_1_178' title='bbox 804 1609 1057 1664; x_wconf 79' lang='lat' dir='ltr'><strong>Indorum</strong></span> <span class='ocrx_word' id='word_1_179' title='bbox 1092 1614 1362 1667; x_wconf 90' lang='lat' dir='ltr'><strong>neminem</strong></span> <span class='ocrx_word' id='word_1_180' title='bbox 1391 1622 1485 1666; x_wconf 88' lang='lat' dir='ltr'><strong>aut</strong></span> <span class='ocrx_word' id='word_1_181' title='bbox 1521 1613 1733 1682; x_wconf 88' lang='lat' dir='ltr'><strong>capitis,</strong></span> <span class='ocrx_word' id='word_1_182' title='bbox 1772 1613 2188 1679; x_wconf 89' lang='lat' dir='ltr'><strong>autoculorum,</strong></span> <span class='ocrx_word' id='word_1_183' title='bbox 2221 1624 2314 1669; x_wconf 90' lang='lat' dir='ltr'><strong>aut</strong></span> 
     </span>
    </p>
   </div>
   <div class='ocr_carea' id='block_1_28' title="bbox 2410 1604 3999 1682">
    <p class='ocr_par' dir='ltr' id='par_1_28' title="bbox 2486 1604 3999 1677">
     <span class='ocr_line' id='line_1_28' title="bbox 2486 1604 3999 1677; baseline -0.001 -17"><span class='ocrx_word' id='word_1_184' title='bbox 2486 1608 2628 1673; x_wconf 90' lang='grc' dir='ltr'><strong>Ὀτι,</strong></span> <span class='ocrx_word' id='word_1_185' title='bbox 2670 1608 2857 1676; x_wconf 79' lang='grc' dir='ltr'><strong>φησὶν,</strong></span> <span class='ocrx_word' id='word_1_186' title='bbox 2882 1607 2957 1670; x_wconf 79' lang='grc' dir='ltr'><strong>ὡς</strong></span> <span class='ocrx_word' id='word_1_187' title='bbox 2998 1608 3040 1640; x_wconf 84' lang='grc'><strong>³¹</strong></span> <span class='ocrx_word' id='word_1_188' title='bbox 3086 1607 3264 1661; x_wconf 79' lang='grc' dir='ltr'><strong>ἰνδῶν</strong></span> <span class='ocrx_word' id='word_1_189' title='bbox 3294 1607 3468 1671; x_wconf 73' lang='grc' dir='ltr'><strong>οὐδεὶς</strong></span> <span class='ocrx_word' id='word_1_190' title='bbox 3498 1607 3837 1677; x_wconf 80' lang='grc' dir='ltr'><strong>κεφαλαλγεῖ</strong></span> <span class='ocrx_word' id='word_1_191' title='bbox 3872 1604 3999 1659; x_wconf 74' lang='grc' dir='ltr'><strong>οὐδὲ</strong></span> 
     </span>
    </p>
   </div>
   <div class='ocr_carea' id='block_1_29' title="bbox 730 1697 2314 1773">
    <p class='ocr_par' dir='ltr' id='par_1_29' title="bbox 730 1697 2314 1773">
     <span class='ocr_line' id='line_1_29' title="bbox 730 1697 2314 1773; baseline 0.005 -23"><span class='ocrx_word' id='word_1_192' title='bbox 730 1697 973 1750; x_wconf 90' lang='lat' dir='ltr'><strong>dentium</strong></span> <span class='ocrx_word' id='word_1_193' title='bbox 1009 1700 1195 1753; x_wconf 88' lang='lat' dir='ltr'><strong>dolore</strong></span> <span class='ocrx_word' id='word_1_194' title='bbox 1217 1701 1433 1766; x_wconf 79' lang='lat' dir='ltr'><strong>vexari;</strong></span> <span class='ocrx_word' id='word_1_195' title='bbox 1476 1702 1747 1755; x_wconf 91' lang='lat' dir='ltr'><strong>neminem</strong></span> <span class='ocrx_word' id='word_1_196' title='bbox 1779 1702 1895 1759; x_wconf 89' lang='lat' dir='ltr'><strong>oris</strong></span> <span class='ocrx_word' id='word_1_197' title='bbox 1924 1702 2189 1773; x_wconf 83' lang='lat' dir='ltr'><strong>pustulas,</strong></span> <span class='ocrx_word' id='word_1_198' title='bbox 2218 1715 2314 1758; x_wconf 88' lang='lat' dir='ltr'><strong>aut</strong></span> 
     </span>
    </p>
   </div>
   <div class='ocr_carea' id='block_1_30' title="bbox 2410 1697 3999 1773">
    <p class='ocr_par' dir='ltr' id='par_1_30' title="bbox 2414 1698 3999 1771">
     <span class='ocr_line' id='line_1_30' title="bbox 2414 1698 3999 1771; baseline 0 -20"><span class='ocrx_word' id='word_1_199' title='bbox 2414 1699 2696 1771; x_wconf 78' lang='grc' dir='ltr'><strong>ὀφθαλμιᾷ</strong></span> <span class='ocrx_word' id='word_1_200' title='bbox 2725 1699 2847 1753; x_wconf 82' lang='grc' dir='ltr'><strong>οὐδὲ</strong></span> <span class='ocrx_word' id='word_1_201' title='bbox 2867 1700 3177 1768; x_wconf 79' lang='grc' dir='ltr'><strong>ὀδονταλγεί</strong></span> <span class='ocrx_word' id='word_1_202' title='bbox 3199 1741 3213 1763; x_wconf 92' lang='grc'><strong>,</strong></span> <span class='ocrx_word' id='word_1_203' title='bbox 3251 1699 3371 1752; x_wconf 79' lang='grc' dir='ltr'><strong>οὐδὲ</strong></span> <span class='ocrx_word' id='word_1_204' title='bbox 3396 1699 3649 1751; x_wconf 79' lang='grc' dir='ltr'><strong>ἑλκοῦται</strong></span> <span class='ocrx_word' id='word_1_205' title='bbox 3682 1698 3747 1751; x_wconf 80' lang='grc' dir='ltr'><strong>τὸ</strong></span> <span class='ocrx_word' id='word_1_206' title='bbox 3785 1698 3999 1764; x_wconf 77' lang='grc' dir='ltr'><strong>στόμα,</strong></span> 
     </span>
    </p>
   </div>
   <div class='ocr_carea' id='block_1_31' title="bbox 730 1790 2314 1864">
    <p class='ocr_par' dir='ltr' id='par_1_31' title="bbox 730 1790 1849 1864">
     <span class='ocr_line' id='line_1_31' title="bbox 730 1790 1849 1864; baseline 0.006 -21"><span class='ocrx_word' id='word_1_207' title='bbox 730 1791 950 1856; x_wconf 87' lang='lat' dir='ltr'><strong>penitus</strong></span> <span class='ocrx_word' id='word_1_208' title='bbox 979 1790 1147 1845; x_wconf 89' lang='lat' dir='ltr'><strong>ullum</strong></span> <span class='ocrx_word' id='word_1_209' title='bbox 1176 1802 1495 1863; x_wconf 88' lang='lat' dir='ltr'><strong>putrescens</strong></span> <span class='ocrx_word' id='word_1_210' title='bbox 1527 1794 1681 1849; x_wconf 87' lang='lat' dir='ltr'><strong>ulcus</strong></span> <span class='ocrx_word' id='word_1_211' title='bbox 1713 1797 1849 1864; x_wconf 88' lang='lat' dir='ltr'><strong>pati.</strong></span> 
     </span>
    </p>
   </div>
   <div class='ocr_carea' id='block_1_32' title="bbox 2410 1790 3999 1864">
    <p class='ocr_par' dir='ltr' id='par_1_32' title="bbox 2413 1791 3999 1862">
     <span class='ocr_line' id='line_1_32' title="bbox 2413 1791 3999 1862; baseline -0.003 -16"><span class='ocrx_word' id='word_1_212' title='bbox 2413 1794 2531 1847; x_wconf 82' lang='grc' dir='ltr'><strong>οὐδὲ</strong></span> <span class='ocrx_word' id='word_1_213' title='bbox 2569 1794 2842 1861; x_wconf 82' lang='grc' dir='ltr'><strong>σηπεδόνα</strong></span> <span class='ocrx_word' id='word_1_214' title='bbox 2871 1792 3125 1861; x_wconf 81' lang='grc' dir='ltr'><strong>οὐδεμίαν</strong></span> <span class='ocrx_word' id='word_1_215' title='bbox 3172 1793 3329 1861; x_wconf 78' lang='grc' dir='ltr'><strong>ἴσχει·</strong></span> <span class='ocrx_word' id='word_1_216' title='bbox 3361 1794 3395 1862; x_wconf 78' lang='grc' dir='ltr'><strong>ἡ</strong></span> <span class='ocrx_word' id='word_1_217' title='bbox 3440 1792 3495 1845; x_wconf 79' lang='grc' dir='ltr'><strong>δὲ</strong></span> <span class='ocrx_word' id='word_1_218' title='bbox 3536 1791 3650 1861; x_wconf 80' lang='grc' dir='ltr'><strong>ζωὴ</strong></span> <span class='ocrx_word' id='word_1_219' title='bbox 3701 1791 3883 1845; x_wconf 83' lang='grc' dir='ltr'><strong>αὐτῶν</strong></span> <span class='ocrx_word' id='word_1_220' title='bbox 3916 1798 3999 1861; x_wconf 84' lang='grc' dir='ltr'><strong>ρκ’</strong></span> 
     </span>
    </p>
   </div>
   <div class='ocr_carea' id='block_1_33' title="bbox 2338 1872 3686 1954">
    <p class='ocr_par' dir='ltr' id='par_1_33' title="bbox 2338 1872 3686 1954">
     <span class='ocr_line' id='line_1_33' title="bbox 2338 1872 3686 1954; baseline 0.001 -18"><span class='ocrx_word' id='word_1_221' title='bbox 2338 1872 2380 1926; x_wconf 80' lang='grc' dir='ltr'><strong><em>Β</em></strong></span> <span class='ocrx_word' id='word_1_222' title='bbox 2410 1887 2504 1937; x_wconf 79' lang='grc' dir='ltr'><strong>καὶ</strong></span> <span class='ocrx_word' id='word_1_223' title='bbox 2525 1886 2567 1937; x_wconf 90' lang='grc' dir='ltr'><strong>λ’</strong></span> <span class='ocrx_word' id='word_1_224' title='bbox 2598 1887 2693 1938; x_wconf 73' lang='grc' dir='ltr'><strong>καὶ</strong></span> <span class='ocrx_word' id='word_1_225' title='bbox 2725 1891 2768 1937; x_wconf 92' lang='grc' dir='ltr'><strong>ν’</strong></span> <span class='ocrx_word' id='word_1_226' title='bbox 2794 1884 2887 1938; x_wconf 80' lang='grc' dir='ltr'><strong>καὶ</strong></span> <span class='ocrx_word' id='word_1_227' title='bbox 2916 1890 2959 1937; x_wconf 86' lang='grc' dir='ltr'><strong>σ¹</strong></span> <span class='ocrx_word' id='word_1_228' title='bbox 2989 1885 3039 1936; x_wconf 84' lang='grc' dir='ltr'><strong>οί</strong></span> <span class='ocrx_word' id='word_1_229' title='bbox 3066 1885 3135 1937; x_wconf 75' lang='grc' dir='ltr'><strong>τὰ</strong></span> <span class='ocrx_word' id='word_1_230' title='bbox 3166 1884 3392 1937; x_wconf 86' lang='grc' dir='ltr'><strong>πλεῖστα</strong></span> <span class='ocrx_word' id='word_1_231' title='bbox 3423 1884 3686 1954; x_wconf 78' lang='grc' dir='ltr'><strong>βιοῦντες.</strong></span> 
     </span>
    </p>
   </div>
   <div class='ocr_carea' id='block_1_34' title="bbox 801 1970 4004 2046">
    <p class='ocr_par' dir='ltr' id='par_1_34' title="bbox 801 1970 4004 2046">
     <span class='ocr_line' id='line_1_34' title="bbox 801 1970 4004 2046; baseline 0 -21"><span class='ocrx_word' id='word_1_232' title='bbox 801 1970 927 2043; x_wconf 87' lang='lat' dir='ltr'><strong>[De</strong></span> <span class='ocrx_word' id='word_1_233' title='bbox 949 1972 1099 2028; x_wconf 90' lang='lat' dir='ltr'><strong>Seris</strong></span> <span class='ocrx_word' id='word_1_234' title='bbox 1128 1974 1259 2029; x_wconf 84' lang='lat' dir='ltr'><strong>ferri</strong></span> <span class='ocrx_word' id='word_1_235' title='bbox 1300 1983 1415 2038; x_wconf 88' lang='lat' dir='ltr'><strong>aut,</strong></span> <span class='ocrx_word' id='word_1_236' title='bbox 1465 1974 1705 2046; x_wconf 89' lang='lat' dir='ltr'><strong>itemque</strong></span> <span class='ocrx_word' id='word_1_237' title='bbox 1740 1977 1806 2032; x_wconf 91' lang='lat' dir='ltr'><strong>de</strong></span> <span class='ocrx_word' id='word_1_238' title='bbox 1866 1976 2386 2032; x_wconf 90' lang='lat' dir='ltr'><strong>ulterioribuslndis</strong></span> <span class='ocrx_word' id='word_1_239' title='bbox 2421 1976 2559 2043; x_wconf 74' lang='grc'><strong>(42),</strong></span> <span class='ocrx_word' id='word_1_240' title='bbox 2622 1975 2881 2029; x_wconf 87' lang='lat' dir='ltr'><strong>immania</strong></span> <span class='ocrx_word' id='word_1_241' title='bbox 2931 1988 3153 2044; x_wconf 79' lang='lat' dir='ltr'><strong>prorsus</strong></span> <span class='ocrx_word' id='word_1_242' title='bbox 3198 1975 3317 2029; x_wconf 89' lang='lat' dir='ltr'><strong>illos</strong></span> <span class='ocrx_word' id='word_1_243' title='bbox 3384 1975 3585 2029; x_wconf 85' lang='lat' dir='ltr'><strong>habere</strong></span> <span class='ocrx_word' id='word_1_244' title='bbox 3633 1989 3887 2042; x_wconf 88' lang='lat' dir='ltr'><strong>corpora,</strong></span> <span class='ocrx_word' id='word_1_245' title='bbox 3942 1981 4004 2026; x_wconf 94' lang='lat' dir='ltr'><strong>ut</strong></span> 
     </span>
    </p>
   </div>
   <div class='ocr_carea' id='block_1_35' title="bbox 730 2069 3996 2141">
    <p class='ocr_par' dir='ltr' id='par_1_35' title="bbox 730 2069 3996 2141">
     <span class='ocr_line' id='line_1_35' title="bbox 730 2069 3996 2141; baseline 0.001 -20"><span class='ocrx_word' id='word_1_246' title='bbox 730 2069 987 2123; x_wconf 84' lang='lat' dir='ltr'><strong>tredecim</strong></span> <span class='ocrx_word' id='word_1_247' title='bbox 1023 2070 1094 2124; x_wconf 89' lang='lat' dir='ltr'><strong>ibi</strong></span> <span class='ocrx_word' id='word_1_248' title='bbox 1132 2071 1344 2126; x_wconf 78' lang='lat' dir='ltr'><strong>cubitus</strong></span> <span class='ocrx_word' id='word_1_249' title='bbox 1384 2071 1475 2124; x_wconf 87' lang='lat' dir='ltr'><strong>alti</strong></span> <span class='ocrx_word' id='word_1_250' title='bbox 1508 2072 1607 2125; x_wconf 90' lang='lat' dir='ltr'><strong>viri</strong></span> <span class='ocrx_word' id='word_1_251' title='bbox 1647 2072 2007 2140; x_wconf 86' lang='lat' dir='ltr'><strong>reperiantur,</strong></span> <span class='ocrx_word' id='word_1_252' title='bbox 2063 2088 2292 2141; x_wconf 92' lang='lat' dir='ltr'><strong>quorum</strong></span> <span class='ocrx_word' id='word_1_253' title='bbox 2344 2086 2496 2140; x_wconf 71' lang='lat' dir='ltr'><strong>teque</strong></span> <span class='ocrx_word' id='word_1_254' title='bbox 2539 2072 2647 2125; x_wconf 90' lang='lat' dir='ltr'><strong>vita</strong></span> <span class='ocrx_word' id='word_1_255' title='bbox 2683 2071 2795 2139; x_wconf 72' lang='lat'><strong>(43)</strong></span> <span class='ocrx_word' id='word_1_256' title='bbox 2842 2072 3271 2126; x_wconf 90' lang='lat' dir='ltr'><strong>ducentesimum</strong></span> <span class='ocrx_word' id='word_1_257' title='bbox 3328 2072 3557 2125; x_wconf 80' lang='lat' dir='ltr'><strong>excedat</strong></span> <span class='ocrx_word' id='word_1_258' title='bbox 3602 2086 3805 2125; x_wconf 91' lang='lat' dir='ltr'><strong>annum</strong></span> <span class='ocrx_word' id='word_1_259' title='bbox 3852 2070 3996 2141; x_wconf 67' lang='lat' dir='ltr'><strong>(L3).</strong></span> 
     </span>
    </p>
   </div>
   <div class='ocr_carea' id='block_1_36' title="bbox 728 2157 4001 2234">
    <p class='ocr_par' dir='ltr' id='par_1_36' title="bbox 728 2157 4001 2234">
     <span class='ocr_line' id='line_1_36' title="bbox 728 2157 4001 2234; baseline 0 -21"><span class='ocrx_word' id='word_1_260' title='bbox 728 2157 889 2215; x_wconf 79' lang='lat' dir='ltr'><strong>Visos</strong></span> <span class='ocrx_word' id='word_1_261' title='bbox 926 2170 980 2215; x_wconf 93' lang='lat' dir='ltr'><strong>et</strong></span> <span class='ocrx_word' id='word_1_262' title='bbox 1018 2160 1069 2214; x_wconf 93' lang='lat' dir='ltr'><strong>in</strong></span> <span class='ocrx_word' id='word_1_263' title='bbox 1113 2160 1281 2216; x_wconf 75' lang='lat' dir='ltr'><strong>Gaita:</strong></span> <span class='ocrx_word' id='word_1_264' title='bbox 1326 2160 1562 2218; x_wconf 84' lang='lat' dir='ltr'><strong>ﬂuminis</strong></span> <span class='ocrx_word' id='word_1_265' title='bbox 1610 2166 1841 2234; x_wconf 89' lang='lat' dir='ltr'><strong>quadam</strong></span> <span class='ocrx_word' id='word_1_266' title='bbox 1898 2175 2050 2234; x_wconf 89' lang='lat' dir='ltr'><strong>parte</strong></span> <span class='ocrx_word' id='word_1_267' title='bbox 2101 2165 2304 2220; x_wconf 82' lang='lat' dir='ltr'><strong>ferinos</strong></span> <span class='ocrx_word' id='word_1_268' title='bbox 2359 2164 2625 2227; x_wconf 85' lang='lat' dir='ltr'><strong>homines,</strong></span> <span class='ocrx_word' id='word_1_269' title='bbox 2664 2163 3032 2233; x_wconf 83' lang='lat' dir='ltr'><strong>hippopotami</strong></span> <span class='ocrx_word' id='word_1_270' title='bbox 3077 2162 3189 2219; x_wconf 83' lang='lat' dir='ltr'><strong>fere</strong></span> <span class='ocrx_word' id='word_1_271' title='bbox 3217 2172 3363 2227; x_wconf 89' lang='lat' dir='ltr'><strong>cute,</strong></span> <span class='ocrx_word' id='word_1_272' title='bbox 3400 2177 3564 2232; x_wconf 92' lang='lat' dir='ltr'><strong>quam</strong></span> <span class='ocrx_word' id='word_1_273' title='bbox 3619 2177 3683 2215; x_wconf 93' lang='lat' dir='ltr'><strong>ne</strong></span> <span class='ocrx_word' id='word_1_274' title='bbox 3727 2162 3829 2215; x_wconf 90' lang='lat' dir='ltr'><strong>tela</strong></span> <span class='ocrx_word' id='word_1_275' title='bbox 3875 2163 4001 2225; x_wconf 84' lang='lat' dir='ltr'><strong>qni-</strong></span> 
     </span>
    </p>
   </div>
   <div class='ocr_carea' id='block_1_37' title="bbox 730 2253 4002 2327">
    <p class='ocr_par' dir='ltr' id='par_1_37' title="bbox 730 2253 4002 2327">
     <span class='ocr_line' id='line_1_37' title="bbox 730 2253 4002 2327; baseline 0.001 -19"><span class='ocrx_word' id='word_1_276' title='bbox 730 2254 853 2308; x_wconf 86' lang='lat' dir='ltr'><strong>dem</strong></span> <span class='ocrx_word' id='word_1_277' title='bbox 898 2253 1267 2323; x_wconf 81' lang='lat' dir='ltr'><strong>perfoderent.</strong></span> <span class='ocrx_word' id='word_1_278' title='bbox 1321 2254 1377 2309; x_wconf 82' lang='lat' dir='ltr'><strong>In</strong></span> <span class='ocrx_word' id='word_1_279' title='bbox 1423 2256 1511 2310; x_wconf 83' lang='lat' dir='ltr'><strong>illa</strong></span> <span class='ocrx_word' id='word_1_280' title='bbox 1547 2257 1660 2325; x_wconf 90' lang='lat' dir='ltr'><strong>ipsa</strong></span> <span class='ocrx_word' id='word_1_281' title='bbox 1693 2256 1841 2313; x_wconf 88' lang='lat' dir='ltr'><strong>India</strong></span> <span class='ocrx_word' id='word_1_282' title='bbox 1878 2257 2187 2327; x_wconf 87' lang='lat' dir='ltr'><strong>(utl‘erunt)</strong></span> <span class='ocrx_word' id='word_1_283' title='bbox 2236 2258 2302 2311; x_wconf 91' lang='lat' dir='ltr'><strong>ad</strong></span> <span class='ocrx_word' id='word_1_284' title='bbox 2355 2256 2581 2312; x_wconf 86' lang='lat' dir='ltr'><strong>intimas</strong></span> <span class='ocrx_word' id='word_1_285' title='bbox 2633 2257 2857 2311; x_wconf 79' lang='lat' dir='ltr'><strong>marina:</strong></span> <span class='ocrx_word' id='word_1_286' title='bbox 2890 2255 3081 2311; x_wconf 69' lang='lat' dir='ltr'><strong>inlusa:</strong></span> <span class='ocrx_word' id='word_1_287' title='bbox 3145 2265 3347 2326; x_wconf 84' lang='lat' dir='ltr'><strong>partes,</strong></span> <span class='ocrx_word' id='word_1_288' title='bbox 3420 2256 3721 2327; x_wconf 63' lang='lat' dir='ltr'><strong>pralongas</strong></span> <span class='ocrx_word' id='word_1_289' title='bbox 3783 2269 4002 2327; x_wconf 72' lang='lat' dir='ltr'><strong>gestata</strong></span> 
     </span>
    </p>
   </div>
   <div class='ocr_carea' id='block_1_38' title="bbox 729 2343 2537 2419">
    <p class='ocr_par' dir='ltr' id='par_1_38' title="bbox 729 2343 2537 2419">
     <span class='ocr_line' id='line_1_38' title="bbox 729 2343 2537 2419; baseline 0.002 -22"><span class='ocrx_word' id='word_1_290' title='bbox 729 2343 933 2400; x_wconf 82' lang='lat' dir='ltr'><strong>caudas</strong></span> <span class='ocrx_word' id='word_1_291' title='bbox 969 2345 1171 2400; x_wconf 90' lang='lat' dir='ltr'><strong>incolas</strong></span> <span class='ocrx_word' id='word_1_292' title='bbox 1201 2346 1335 2415; x_wconf 71' lang='grc'><strong>(44),</strong></span> <span class='ocrx_word' id='word_1_293' title='bbox 1379 2348 1571 2415; x_wconf 90' lang='lat' dir='ltr'><strong>quales</strong></span> <span class='ocrx_word' id='word_1_294' title='bbox 1622 2348 1703 2403; x_wconf 91' lang='lat' dir='ltr'><strong>vel</strong></span> <span class='ocrx_word' id='word_1_295' title='bbox 1735 2351 1936 2419; x_wconf 84' lang='lat' dir='ltr'><strong>satyris</strong></span> <span class='ocrx_word' id='word_1_296' title='bbox 1973 2350 2186 2419; x_wconf 80' lang='lat' dir='ltr'><strong>appingi</strong></span> <span class='ocrx_word' id='word_1_297' title='bbox 2233 2346 2537 2417; x_wconf 75' lang='lat' dir='ltr'><strong>solerent.]</strong></span> 
     </span>
    </p>
   </div>
   <div class='ocr_carea' id='block_1_39' title="bbox 801 2436 2302 2507">
    <p class='ocr_par' dir='ltr' id='par_1_39' title="bbox 801 2436 2302 2507">
     <span class='ocr_line' id='line_1_39' title="bbox 801 2436 2302 2507; baseline 0.003 -17"><span class='ocrx_word' id='word_1_298' title='bbox 801 2437 1122 2505; x_wconf 84' lang='lat' dir='ltr'><strong>Serpentem</strong></span> <span class='ocrx_word' id='word_1_299' title='bbox 1155 2444 1295 2507; x_wconf 89' lang='lat' dir='ltr'><strong>apud</strong></span> <span class='ocrx_word' id='word_1_300' title='bbox 1332 2436 1492 2493; x_wconf 87' lang='lat' dir='ltr'><strong>Indos</strong></span> <span class='ocrx_word' id='word_1_301' title='bbox 1527 2454 1650 2495; x_wconf 89' lang='lat' dir='ltr'><strong>esse</strong></span> <span class='ocrx_word' id='word_1_302' title='bbox 1675 2442 1962 2507; x_wconf 88' lang='lat' dir='ltr'><strong>quemdam</strong></span> <span class='ocrx_word' id='word_1_303' title='bbox 2012 2452 2302 2506; x_wconf 84' lang='lat' dir='ltr'><strong>memorat,</strong></span> 
     </span>
    </p>
   </div>
   <div class='ocr_carea' id='block_1_40' title="bbox 728 2530 2305 2603">
    <p class='ocr_par' dir='ltr' id='par_1_40' title="bbox 728 2530 2305 2603">
     <span class='ocr_line' id='line_1_40' title="bbox 728 2530 2305 2603; baseline 0.003 -19"><span class='ocrx_word' id='word_1_304' title='bbox 728 2530 1017 2600; x_wconf 70' lang='lat' dir='ltr'><strong>spithamm</strong></span> <span class='ocrx_word' id='word_1_305' title='bbox 1067 2530 1422 2599; x_wconf 84' lang='lat' dir='ltr'><strong>longitudine,</strong></span> <span class='ocrx_word' id='word_1_306' title='bbox 1482 2531 1859 2600; x_wconf 79' lang='lat' dir='ltr'><strong>pulcherrima:</strong></span> <span class='ocrx_word' id='word_1_307' title='bbox 1891 2550 2141 2603; x_wconf 75' lang='lat' dir='ltr'><strong>purpura:</strong></span> <span class='ocrx_word' id='word_1_308' title='bbox 2179 2549 2305 2603; x_wconf 88' lang='lat' dir='ltr'><strong>spe—</strong></span> 
     </span>
    </p>
   </div>
   <div class='ocr_carea' id='block_1_41' title="bbox 731 2622 2308 2693">
    <p class='ocr_par' dir='ltr' id='par_1_41' title="bbox 731 2622 2308 2693">
     <span class='ocr_line' id='line_1_41' title="bbox 731 2622 2308 2693; baseline 0.001 -18"><span class='ocrx_word' id='word_1_309' title='bbox 731 2622 840 2686; x_wconf 91' lang='lat' dir='ltr'><strong>cie,</strong></span> <span class='ocrx_word' id='word_1_310' title='bbox 875 2623 1053 2690; x_wconf 87' lang='lat' dir='ltr'><strong>capite</strong></span> <span class='ocrx_word' id='word_1_311' title='bbox 1081 2622 1493 2687; x_wconf 84' lang='lat' dir='ltr'><strong>candidissimo,</strong></span> <span class='ocrx_word' id='word_1_312' title='bbox 1546 2622 1817 2693; x_wconf 89' lang='lat' dir='ltr'><strong>nullisque</strong></span> <span class='ocrx_word' id='word_1_313' title='bbox 1858 2626 2084 2679; x_wconf 90' lang='lat' dir='ltr'><strong>omnino</strong></span> <span class='ocrx_word' id='word_1_314' title='bbox 2127 2625 2308 2679; x_wconf 85' lang='lat' dir='ltr'><strong>denti-</strong></span> 
     </span>
    </p>
   </div>
   <div class='ocr_carea' id='block_1_42' title="bbox 730 2714 2310 2786">
    <p class='ocr_par' dir='ltr' id='par_1_42' title="bbox 730 2714 2310 2786">
     <span class='ocr_line' id='line_1_42' title="bbox 730 2714 2310 2786; baseline 0.003 -19"><span class='ocrx_word' id='word_1_315' title='bbox 730 2714 874 2768; x_wconf 90' lang='lat' dir='ltr'><strong>bus:</strong></span> <span class='ocrx_word' id='word_1_316' title='bbox 905 2727 1067 2782; x_wconf 89' lang='lat' dir='ltr'><strong>quem</strong></span> <span class='ocrx_word' id='word_1_317' title='bbox 1110 2715 1162 2769; x_wconf 89' lang='lat' dir='ltr'><strong>in</strong></span> <span class='ocrx_word' id='word_1_318' title='bbox 1187 2714 1594 2769; x_wconf 80' lang='lat' dir='ltr'><strong>:estuosissimis</strong></span> <span class='ocrx_word' id='word_1_319' title='bbox 1621 2714 1727 2770; x_wconf 89' lang='lat' dir='ltr'><strong>illis</strong></span> <span class='ocrx_word' id='word_1_320' title='bbox 1763 2718 2061 2779; x_wconf 84' lang='lat' dir='ltr'><strong>montibus,</strong></span> <span class='ocrx_word' id='word_1_321' title='bbox 2098 2732 2163 2771; x_wconf 76' lang='lat' dir='ltr'><strong>ex</strong></span> <span class='ocrx_word' id='word_1_322' title='bbox 2186 2717 2310 2786; x_wconf 86' lang='lat' dir='ltr'><strong>qni-</strong></span> 
     </span>
    </p>
   </div>
   <div class='ocr_carea' id='block_1_43' title="bbox 730 2802 2306 2876">
    <p class='ocr_par' dir='ltr' id='par_1_43' title="bbox 730 2802 2306 2876">
     <span class='ocr_line' id='line_1_43' title="bbox 730 2802 2306 2876; baseline 0.001 -18"><span class='ocrx_word' id='word_1_323' title='bbox 730 2803 837 2859; x_wconf 88' lang='lat' dir='ltr'><strong>bus</strong></span> <span class='ocrx_word' id='word_1_324' title='bbox 866 2806 1029 2859; x_wconf 90' lang='lat' dir='ltr'><strong>sardo</strong></span> <span class='ocrx_word' id='word_1_325' title='bbox 1055 2802 1077 2876; x_wconf 94' lang='lat'><strong>[</strong></span> <span class='ocrx_word' id='word_1_326' title='bbox 1103 2819 1313 2874; x_wconf 75' lang='lat' dir='ltr'><strong>gemma</strong></span> <span class='ocrx_word' id='word_1_327' title='bbox 1340 2802 1360 2875; x_wconf 90' lang='lat'><strong>]</strong></span> <span class='ocrx_word' id='word_1_328' title='bbox 1411 2802 1686 2870; x_wconf 75' lang='lat' dir='ltr'><strong>etfoditur,</strong></span> <span class='ocrx_word' id='word_1_329' title='bbox 1743 2813 2036 2859; x_wconf 78' lang='lat' dir='ltr'><strong>venatores</strong></span> <span class='ocrx_word' id='word_1_330' title='bbox 2065 2807 2306 2872; x_wconf 84' lang='lat' dir='ltr'><strong>capiant.</strong></span> 
     </span>
    </p>
   </div>
   <div class='ocr_carea' id='block_1_44' title="bbox 733 2892 2309 2961">
    <p class='ocr_par' dir='ltr' id='par_1_44' title="bbox 733 2892 2309 2961">
     <span class='ocr_line' id='line_1_44' title="bbox 733 2892 2309 2961; baseline -0.001 -14"><span class='ocrx_word' id='word_1_331' title='bbox 733 2892 888 2947; x_wconf 86' lang='lat' dir='ltr'><strong>Hunc</strong></span> <span class='ocrx_word' id='word_1_332' title='bbox 918 2907 1024 2945; x_wconf 87' lang='lat' dir='ltr'><strong>non</strong></span> <span class='ocrx_word' id='word_1_333' title='bbox 1061 2893 1309 2946; x_wconf 86' lang='lat' dir='ltr'><strong>mordere</strong></span> <span class='ocrx_word' id='word_1_334' title='bbox 1339 2892 1581 2960; x_wconf 87' lang='lat' dir='ltr'><strong>quidem,</strong></span> <span class='ocrx_word' id='word_1_335' title='bbox 1609 2893 1705 2946; x_wconf 82' lang='lat' dir='ltr'><strong>sed</strong></span> <span class='ocrx_word' id='word_1_336' title='bbox 1730 2906 2106 2961; x_wconf 90' lang='lat' dir='ltr'><strong>quemcunque</strong></span> <span class='ocrx_word' id='word_1_337' title='bbox 2132 2893 2309 2947; x_wconf 91' lang='lat' dir='ltr'><strong>locum</strong></span> 
     </span>
    </p>
   </div>
   <div class='ocr_carea' id='block_1_45' title="bbox 730 2983 2313 3053">
    <p class='ocr_par' dir='ltr' id='par_1_45' title="bbox 730 2983 2313 3053">
     <span class='ocr_line' id='line_1_45' title="bbox 730 2983 2313 3053; baseline 0.002 -18"><span class='ocrx_word' id='word_1_338' title='bbox 730 2984 937 3036; x_wconf 83' lang='lat' dir='ltr'><strong>vomitu</strong></span> <span class='ocrx_word' id='word_1_339' title='bbox 967 2999 1066 3037; x_wconf 90' lang='lat' dir='ltr'><strong>suo</strong></span> <span class='ocrx_word' id='word_1_340' title='bbox 1102 2985 1493 3053; x_wconf 86' lang='lat' dir='ltr'><strong>consperserit,</strong></span> <span class='ocrx_word' id='word_1_341' title='bbox 1520 2998 1643 3036; x_wconf 91' lang='lat' dir='ltr'><strong>eum</strong></span> <span class='ocrx_word' id='word_1_342' title='bbox 1681 2983 1992 3037; x_wconf 87' lang='lat' dir='ltr'><strong>necessario</strong></span> <span class='ocrx_word' id='word_1_343' title='bbox 2026 2984 2313 3050; x_wconf 88' lang='lat' dir='ltr'><strong>putredine</strong></span> 
     </span>
    </p>
   </div>
   <div class='ocr_carea' id='block_1_46' title="bbox 730 3076 2309 3146">
    <p class='ocr_par' dir='ltr' id='par_1_46' title="bbox 730 3076 2309 3146">
     <span class='ocr_line' id='line_1_46' title="bbox 730 3076 2309 3146; baseline 0.001 -19"><span class='ocrx_word' id='word_1_344' title='bbox 730 3076 935 3130; x_wconf 89' lang='lat' dir='ltr'><strong>vitiari.</strong></span> <span class='ocrx_word' id='word_1_345' title='bbox 990 3076 1248 3130; x_wconf 84' lang='lat' dir='ltr'><strong>Eumdem</strong></span> <span class='ocrx_word' id='word_1_346' title='bbox 1300 3092 1395 3145; x_wconf 92' lang='lat' dir='ltr'><strong>per</strong></span> <span class='ocrx_word' id='word_1_347' title='bbox 1452 3077 1680 3130; x_wconf 88' lang='lat' dir='ltr'><strong>caudam</strong></span> <span class='ocrx_word' id='word_1_348' title='bbox 1748 3091 2066 3146; x_wconf 74' lang='lat' dir='ltr'><strong>Stispeusum</strong></span> <span class='ocrx_word' id='word_1_349' title='bbox 2114 3076 2309 3144; x_wconf 77' lang='lat' dir='ltr'><strong>duplex</strong></span> 
     </span>
    </p>
   </div>
   <div class='ocr_carea' id='block_1_47' title="bbox 733 3167 2304 3237">
    <p class='ocr_par' dir='ltr' id='par_1_47' title="bbox 733 3167 2304 3237">
     <span class='ocr_line' id='line_1_47' title="bbox 733 3167 2304 3237; baseline -0.001 -16"><span class='ocrx_word' id='word_1_350' title='bbox 733 3168 989 3222; x_wconf 89' lang='lat' dir='ltr'><strong>emittere</strong></span> <span class='ocrx_word' id='word_1_351' title='bbox 1018 3182 1285 3221; x_wconf 81' lang='lat' dir='ltr'><strong>venenum</strong></span> <span class='ocrx_word' id='word_1_352' title='bbox 1333 3168 1523 3222; x_wconf 89' lang='lat' dir='ltr'><strong>electri</strong></span> <span class='ocrx_word' id='word_1_353' title='bbox 1559 3169 1741 3237; x_wconf 86' lang='lat' dir='ltr'><strong>specie</strong></span> <span class='ocrx_word' id='word_1_354' title='bbox 1776 3169 1947 3235; x_wconf 89' lang='lat' dir='ltr'><strong>prius,</strong></span> <span class='ocrx_word' id='word_1_355' title='bbox 1979 3178 2036 3221; x_wconf 93' lang='lat' dir='ltr'><strong>et</strong></span> <span class='ocrx_word' id='word_1_356' title='bbox 2074 3167 2304 3222; x_wconf 90' lang='lat' dir='ltr'><strong>alterum</strong></span> 
     </span>
    </p>
   </div>
   <div class='ocr_carea' id='block_1_48' title="bbox 2447 2436 4001 2511">
    <p class='ocr_par' dir='ltr' id='par_1_48' title="bbox 2447 2436 4001 2511">
     <span class='ocr_line' id='line_1_48' title="bbox 2447 2436 4001 2511; baseline 0.002 -19"><span class='ocrx_word' id='word_1_357' title='bbox 2447 2440 2634 2492; x_wconf 89' lang='grc' dir='ltr'><strong>Ἔστιν</strong></span> <span class='ocrx_word' id='word_1_358' title='bbox 2648 2438 2773 2508; x_wconf 80' lang='grc' dir='ltr'><strong>ὄφις</strong></span> <span class='ocrx_word' id='word_1_359' title='bbox 2794 2438 3145 2508; x_wconf 85' lang='grc' dir='ltr'><strong>σπιθαμιαῖος</strong></span> <span class='ocrx_word' id='word_1_360' title='bbox 3158 2439 3217 2492; x_wconf 80' lang='grc' dir='ltr'><strong>ἐν</strong></span> <span class='ocrx_word' id='word_1_361' title='bbox 3229 2439 3433 2503; x_wconf 78' lang='grc' dir='ltr'><strong>αὐτοῖς,</strong></span> <span class='ocrx_word' id='word_1_362' title='bbox 3454 2437 3503 2511; x_wconf 79' lang='grc'><strong>[1</strong></span> <span class='ocrx_word' id='word_1_363' title='bbox 3512 2440 3580 2495; x_wconf 70' lang='grc'><strong>49</strong></span> <span class='ocrx_word' id='word_1_364' title='bbox 3601 2437 3691 2511; x_wconf 72' lang='lat'><strong>8.]</strong></span> <span class='ocrx_word' id='word_1_365' title='bbox 3708 2439 3767 2493; x_wconf 84' lang='grc' dir='ltr'><strong>τὸ</strong></span> <span class='ocrx_word' id='word_1_366' title='bbox 3780 2440 3837 2494; x_wconf 76' lang='grc' dir='ltr'><strong>δὲ</strong></span> <span class='ocrx_word' id='word_1_367' title='bbox 3853 2436 4001 2505; x_wconf 79' lang='grc' dir='ltr'><strong>εἶδος</strong></span> 
     </span>
    </p>
   </div>
   <div class='ocr_carea' id='block_1_49' title="bbox 2408 2530 3999 2605">
    <p class='ocr_par' dir='ltr' id='par_1_49' title="bbox 2408 2530 3999 2605">
     <span class='ocr_line' id='line_1_49' title="bbox 2408 2530 3999 2605; baseline 0.001 -21"><span class='ocrx_word' id='word_1_368' title='bbox 2408 2531 2572 2585; x_wconf 74' lang='grc' dir='ltr'><strong>αὐτοῦ</strong></span> <span class='ocrx_word' id='word_1_369' title='bbox 2594 2530 2717 2601; x_wconf 82' lang='grc' dir='ltr'><strong>ὡςὴ</strong></span> <span class='ocrx_word' id='word_1_370' title='bbox 2746 2530 3006 2600; x_wconf 85' lang='grc' dir='ltr'><strong>καλλίστη</strong></span> <span class='ocrx_word' id='word_1_371' title='bbox 3026 2530 3340 2602; x_wconf 83' lang='grc' dir='ltr'><strong>πορφύρα,ή</strong></span> <span class='ocrx_word' id='word_1_372' title='bbox 3363 2531 3681 2603; x_wconf 77' lang='grc' dir='ltr'><strong>δὲ”κεφαλὴ</strong></span> <span class='ocrx_word' id='word_1_373' title='bbox 3692 2532 3999 2605; x_wconf 75' lang='grc' dir='ltr'><strong>λευκοτάτη</strong></span> 
     </span>
    </p>
   </div>
   <div class='ocr_carea' id='block_1_50' title="bbox 2408 2622 4002 2694">
    <p class='ocr_par' dir='ltr' id='par_1_50' title="bbox 2408 2622 4002 2694">
     <span class='ocr_line' id='line_1_50' title="bbox 2408 2622 4002 2694; baseline 0.003 -19"><span class='ocrx_word' id='word_1_374' title='bbox 2408 2624 2624 2687; x_wconf 75' lang='grc' dir='ltr'><strong>ὀδόντας</strong></span> <span class='ocrx_word' id='word_1_375' title='bbox 2646 2623 2701 2676; x_wconf 81' lang='grc' dir='ltr'><strong>δὲ</strong></span> <span class='ocrx_word' id='word_1_376' title='bbox 2715 2623 2823 2675; x_wconf 80' lang='grc' dir='ltr'><strong>οὐδ’</strong></span> <span class='ocrx_word' id='word_1_377' title='bbox 2846 2622 2981 2685; x_wconf 82' lang='grc' dir='ltr'><strong>ὅλως</strong></span> <span class='ocrx_word' id='word_1_378' title='bbox 3002 2622 3135 2692; x_wconf 76' lang='grc' dir='ltr'><strong>ἔχει.</strong></span> <span class='ocrx_word' id='word_1_379' title='bbox 3162 2622 3468 2693; x_wconf 85' lang='grc' dir='ltr'><strong>Θηρεύεται</strong></span> <span class='ocrx_word' id='word_1_380' title='bbox 3491 2624 3675 2676; x_wconf 74' lang='grc' dir='ltr'><strong>ἐκτῶν</strong></span> <span class='ocrx_word' id='word_1_381' title='bbox 3703 2642 4002 2694; x_wconf 83' lang='grc' dir='ltr'><strong>καυματω-</strong></span> 
     </span>
    </p>
   </div>
   <div class='ocr_carea' id='block_1_51' title="bbox 2410 2710 4000 2786">
    <p class='ocr_par' dir='ltr' id='par_1_51' title="bbox 2410 2710 4000 2786">
     <span class='ocr_line' id='line_1_51' title="bbox 2410 2710 4000 2786; baseline 0.001 -19"><span class='ocrx_word' id='word_1_382' title='bbox 2410 2716 2681 2769; x_wconf 82' lang='grc' dir='ltr'><strong>δεστάτων</strong></span> <span class='ocrx_word' id='word_1_383' title='bbox 2693 2716 2888 2785; x_wconf 84' lang='grc' dir='ltr'><strong>ὀρέων,</strong></span> <span class='ocrx_word' id='word_1_384' title='bbox 2916 2716 3037 2770; x_wconf 85' lang='grc' dir='ltr'><strong>ὅθεν</strong></span> <span class='ocrx_word' id='word_1_385' title='bbox 3058 2718 3089 2786; x_wconf 77' lang='grc' dir='ltr'>ἡ</span> <span class='ocrx_word' id='word_1_386' title='bbox 3116 2716 3297 2785; x_wconf 83' lang='grc' dir='ltr'><strong>σαρδὼ</strong></span> <span class='ocrx_word' id='word_1_387' title='bbox 3311 2710 3793 2785; x_wconf 79' lang='grc' dir='ltr'><strong>ὀρύσσεται.οὗτος</strong></span> <span class='ocrx_word' id='word_1_388' title='bbox 3805 2716 4000 2770; x_wconf 81' lang='grc' dir='ltr'><strong>δάκνει</strong></span> 
     </span>
    </p>
   </div>
   <div class='ocr_carea' id='block_1_52' title="bbox 2422 2807 4001 2879">
    <p class='ocr_par' dir='ltr' id='par_1_52' title="bbox 2422 2807 4001 2879">
     <span class='ocr_line' id='line_1_52' title="bbox 2422 2807 4001 2879; baseline 0.001 -19"><span class='ocrx_word' id='word_1_389' title='bbox 2422 2809 2521 2877; x_wconf 80' lang='grc' dir='ltr'><strong>μὲν</strong></span> <span class='ocrx_word' id='word_1_390' title='bbox 2546 2807 2629 2870; x_wconf 75' lang='grc' dir='ltr'><strong>οὗ,</strong></span> <span class='ocrx_word' id='word_1_391' title='bbox 2658 2810 2783 2860; x_wconf 83' lang='grc' dir='ltr'><strong>ὅτου</strong></span> <span class='ocrx_word' id='word_1_392' title='bbox 2804 2808 2849 2861; x_wconf 85' lang='grc' dir='ltr'><strong>δ’</strong></span> <span class='ocrx_word' id='word_1_393' title='bbox 2879 2808 2945 2862; x_wconf 74' lang='grc' dir='ltr'><strong>ἂν</strong></span> <span class='ocrx_word' id='word_1_394' title='bbox 2970 2808 3271 2879; x_wconf 81' lang='grc' dir='ltr'><strong>κατεμέσῃ,</strong></span> <span class='ocrx_word' id='word_1_395' title='bbox 3300 2807 3456 2862; x_wconf 83' lang='grc' dir='ltr'><strong>τοῦτο</strong></span> <span class='ocrx_word' id='word_1_396' title='bbox 3476 2808 3747 2879; x_wconf 80' lang='grc' dir='ltr'><strong>τδχωρίον</strong></span> <span class='ocrx_word' id='word_1_397' title='bbox 3770 2809 4001 2873; x_wconf 79' lang='grc' dir='ltr'><strong>πάντως</strong></span> 
     </span>
    </p>
   </div>
   <div class='ocr_carea' id='block_1_53' title="bbox 2421 2900 4001 2971">
    <p class='ocr_par' dir='ltr' id='par_1_53' title="bbox 2421 2900 4001 2971">
     <span class='ocr_line' id='line_1_53' title="bbox 2421 2900 4001 2971; baseline 0.002 -19"><span class='ocrx_word' id='word_1_398' title='bbox 2421 2902 2485 2969; x_wconf 88' lang='grc' dir='ltr'><strong>σή</strong></span> <span class='ocrx_word' id='word_1_399' title='bbox 2496 2903 2834 2954; x_wconf 79' lang='grc' dir='ltr'><strong>πεται.Ποιεῖ</strong></span> <span class='ocrx_word' id='word_1_400' title='bbox 2848 2900 2901 2953; x_wconf 73' lang='grc' dir='ltr'><strong>δὲ</strong></span> <span class='ocrx_word' id='word_1_401' title='bbox 2926 2902 3217 2969; x_wconf 76' lang='grc' dir='ltr'><strong>φάρμακον</strong></span> <span class='ocrx_word' id='word_1_402' title='bbox 3236 2900 3411 2952; x_wconf 87' lang='grc' dir='ltr'><strong>διττὸν</strong></span> <span class='ocrx_word' id='word_1_403' title='bbox 3437 2900 3545 2953; x_wconf 76' lang='grc' dir='ltr'><strong>ἀπὸ</strong></span> <span class='ocrx_word' id='word_1_404' title='bbox 3559 2902 3657 2970; x_wconf 84' lang='grc' dir='ltr'><strong>τῆς</strong></span> <span class='ocrx_word' id='word_1_405' title='bbox 3675 2902 3841 2971; x_wconf 80' lang='grc' dir='ltr'><strong>ούρᾶς</strong></span> <span class='ocrx_word' id='word_1_406' title='bbox 3864 2918 4001 2971; x_wconf 74' lang='grc' dir='ltr'><strong>κρε-</strong></span> 
     </span>
    </p>
   </div>
   <div class='ocr_carea' id='block_1_54' title="bbox 2422 2990 4000 3060">
    <p class='ocr_par' dir='ltr' id='par_1_54' title="bbox 2422 2990 4000 3060">
     <span class='ocr_line' id='line_1_54' title="bbox 2422 2990 4000 3060; baseline 0.001 -19"><span class='ocrx_word' id='word_1_407' title='bbox 2422 2991 2689 3058; x_wconf 80' lang='grc' dir='ltr'><strong>μάμενος,</strong></span> <span class='ocrx_word' id='word_1_408' title='bbox 2717 2990 3092 3059; x_wconf 79' lang='grc' dir='ltr'><strong>ὴλεκτροειδὲς</strong></span> <span class='ocrx_word' id='word_1_409' title='bbox 3122 2992 3217 3043; x_wconf 77' lang='grc' dir='ltr'><strong>καὶ</strong></span> <span class='ocrx_word' id='word_1_410' title='bbox 3238 2990 3542 3060; x_wconf 75' lang='grc' dir='ltr'><strong>μέλαν.Καὶ</strong></span> <span class='ocrx_word' id='word_1_411' title='bbox 3567 2992 3627 3043; x_wconf 82' lang='grc' dir='ltr'><strong>τὸ</strong></span> <span class='ocrx_word' id='word_1_412' title='bbox 3659 2991 3758 3060; x_wconf 78' lang='grc' dir='ltr'><strong>μὲν</strong></span> <span class='ocrx_word' id='word_1_413' title='bbox 3793 2991 4000 3055; x_wconf 74' lang='grc' dir='ltr'><strong>ζῶντος</strong></span> 
     </span>
    </p>
   </div>
   <div class='ocr_carea' id='block_1_55' title="bbox 2415 3079 4003 3151">
    <p class='ocr_par' dir='ltr' id='par_1_55' title="bbox 2415 3079 4003 3151">
     <span class='ocr_line' id='line_1_55' title="bbox 2415 3079 4003 3151; baseline 0.003 -22"><span class='ocrx_word' id='word_1_414' title='bbox 2415 3079 2666 3147; x_wconf 73' lang='grc' dir='ltr'><strong>ἀπορρεῖ,</strong></span> <span class='ocrx_word' id='word_1_415' title='bbox 2688 3080 2748 3131; x_wconf 82' lang='grc' dir='ltr'><strong>τὸ</strong></span> <span class='ocrx_word' id='word_1_416' title='bbox 2774 3080 2829 3131; x_wconf 82' lang='grc' dir='ltr'><strong>δὲ</strong></span> <span class='ocrx_word' id='word_1_417' title='bbox 2854 3081 3022 3150; x_wconf 82' lang='grc' dir='ltr'><strong>μέλαν</strong></span> <span class='ocrx_word' id='word_1_418' title='bbox 3052 3081 3325 3143; x_wconf 79' lang='grc' dir='ltr'><strong>θανόντος·</strong></span> <span class='ocrx_word' id='word_1_419' title='bbox 3360 3081 3454 3133; x_wconf 72' lang='grc' dir='ltr'><strong>καὶ</strong></span> <span class='ocrx_word' id='word_1_420' title='bbox 3475 3081 3535 3134; x_wconf 83' lang='grc' dir='ltr'><strong>τὸ</strong></span> <span class='ocrx_word' id='word_1_421' title='bbox 3557 3081 3657 3151; x_wconf 71' lang='grc' dir='ltr'><strong>μὲν</strong></span> <span class='ocrx_word' id='word_1_422' title='bbox 3676 3083 3799 3134; x_wconf 81' lang='grc' dir='ltr'><strong>ὅσον</strong></span> <span class='ocrx_word' id='word_1_423' title='bbox 3827 3083 4003 3149; x_wconf 73' lang='grc' dir='ltr'><strong>σήσα-</strong></span> 
     </span>
    </p>
   </div>
   <div class='ocr_carea' id='block_1_56' title="bbox 2420 3171 4001 3244">
    <p class='ocr_par' dir='ltr' id='par_1_56' title="bbox 2420 3171 4001 3244">
     <span class='ocr_line' id='line_1_56' title="bbox 2420 3171 4001 3244; baseline 0.003 -22"><span class='ocrx_word' id='word_1_424' title='bbox 2420 3188 2517 3239; x_wconf 85' lang='grc' dir='ltr'><strong>μον</strong></span> <span class='ocrx_word' id='word_1_425' title='bbox 2538 3212 2550 3232; x_wconf 88' lang='grc'><strong>,</strong></span> <span class='ocrx_word' id='word_1_426' title='bbox 2580 3172 2857 3242; x_wconf 79' lang='grc' dir='ltr'><strong>διδόμενον</strong></span> <span class='ocrx_word' id='word_1_427' title='bbox 2892 3173 2920 3225; x_wconf 87' lang='grc' dir='ltr'><strong>ὃ</strong></span> <span class='ocrx_word' id='word_1_428' title='bbox 2959 3171 3158 3236; x_wconf 78' lang='grc' dir='ltr'><strong>ζῶντος</strong></span> <span class='ocrx_word' id='word_1_429' title='bbox 3198 3172 3455 3244; x_wconf 78' lang='grc' dir='ltr'><strong>ἕρῤευσεν</strong></span> <span class='ocrx_word' id='word_1_430' title='bbox 3478 3214 3492 3237; x_wconf 98' lang='grc'><strong>,</strong></span> <span class='ocrx_word' id='word_1_431' title='bbox 3551 3174 3748 3227; x_wconf 78' lang='grc' dir='ltr'><strong>αὐτίκα</strong></span> <span class='ocrx_word' id='word_1_432' title='bbox 3782 3173 4001 3242; x_wconf 76' lang='grc' dir='ltr'><strong>φθείρει</strong></span> 
     </span>
    </p>
   </div>
   <div class='ocr_carea' id='block_1_57' title="bbox 735 3259 2314 3334">
    <p class='ocr_par' dir='ltr' id='par_1_57' title="bbox 735 3259 2309 3326">
     <span class='ocr_line' id='line_1_57' title="bbox 735 3259 2309 3326; baseline 0.001 -15"><span class='ocrx_word' id='word_1_433' title='bbox 735 3260 983 3326; x_wconf 79' lang='lat' dir='ltr'><strong>nigrum;</strong></span> <span class='ocrx_word' id='word_1_434' title='bbox 1016 3259 1143 3313; x_wconf 92' lang='lat' dir='ltr'><strong>illud</strong></span> <span class='ocrx_word' id='word_1_435' title='bbox 1176 3260 1296 3313; x_wconf 86' lang='lat' dir='ltr'><strong>vivo</strong></span> <span class='ocrx_word' id='word_1_436' title='bbox 1330 3259 1573 3323; x_wconf 88' lang='lat' dir='ltr'><strong>etlluere,</strong></span> <span class='ocrx_word' id='word_1_437' title='bbox 1599 3259 1702 3313; x_wconf 89' lang='lat' dir='ltr'><strong>hoc</strong></span> <span class='ocrx_word' id='word_1_438' title='bbox 1734 3269 1969 3315; x_wconf 88' lang='lat' dir='ltr'><strong>mortuo.</strong></span> <span class='ocrx_word' id='word_1_439' title='bbox 2000 3259 2155 3314; x_wconf 86' lang='lat' dir='ltr'><strong>Prius</strong></span> <span class='ocrx_word' id='word_1_440' title='bbox 2182 3260 2309 3313; x_wconf 93' lang='lat' dir='ltr'><strong>item</strong></span> 
     </span>
    </p>
   </div>
   <div class='ocr_carea' id='block_1_58' title="bbox 2410 3259 4001 3334">
    <p class='ocr_par' dir='ltr' id='par_1_58' title="bbox 2415 3262 4001 3334">
     <span class='ocr_line' id='line_1_58' title="bbox 2415 3262 4001 3334; baseline 0 -19"><span class='ocrx_word' id='word_1_441' title='bbox 2415 3262 2509 3315; x_wconf 77' lang='grc' dir='ltr'><strong>τοῦ</strong></span> <span class='ocrx_word' id='word_1_442' title='bbox 2546 3262 2851 3331; x_wconf 74' lang='grc' dir='ltr'><strong>ἐγκεφάλου</strong></span> <span class='ocrx_word' id='word_1_443' title='bbox 2882 3262 2978 3316; x_wconf 84' lang='grc' dir='ltr'><strong>τοῦ</strong></span> <span class='ocrx_word' id='word_1_444' title='bbox 3010 3264 3227 3327; x_wconf 84' lang='grc' dir='ltr'><strong>πιόντος</strong></span> <span class='ocrx_word' id='word_1_445' title='bbox 3250 3265 3338 3317; x_wconf 65' lang='grc' dir='ltr'><strong>διὰ</strong></span> <span class='ocrx_word' id='word_1_446' title='bbox 3375 3264 3484 3316; x_wconf 79' lang='grc' dir='ltr'><strong>τῶν</strong></span> <span class='ocrx_word' id='word_1_447' title='bbox 3515 3263 3681 3334; x_wconf 73' lang='grc' dir='ltr'><strong>ῥινῶν</strong></span> <span class='ocrx_word' id='word_1_448' title='bbox 3716 3264 4001 3334; x_wconf 75' lang='grc' dir='ltr'><strong>ἀπορρεύ-</strong></span> 
     </span>
    </p>
   </div>
   <div class='ocr_carea' id='block_1_59' title="bbox 732 3348 2310 3421">
    <p class='ocr_par' dir='ltr' id='par_1_59' title="bbox 732 3348 2310 3421">
     <span class='ocr_line' id='line_1_59' title="bbox 732 3348 2310 3421; baseline -0.001 -16"><span class='ocrx_word' id='word_1_449' title='bbox 732 3348 886 3415; x_wconf 86' lang='lat' dir='ltr'><strong>illud,</strong></span> <span class='ocrx_word' id='word_1_450' title='bbox 919 3353 963 3406; x_wconf 88' lang='lat' dir='ltr'><strong>si</strong></span> <span class='ocrx_word' id='word_1_451' title='bbox 997 3352 1194 3406; x_wconf 86' lang='lat' dir='ltr'><strong>sesami</strong></span> <span class='ocrx_word' id='word_1_452' title='bbox 1223 3361 1429 3405; x_wconf 89' lang='lat' dir='ltr'><strong>tantum</strong></span> <span class='ocrx_word' id='word_1_453' title='bbox 1456 3350 1609 3421; x_wconf 74' lang='lat' dir='ltr'><strong>grani</strong></span> <span class='ocrx_word' id='word_1_454' title='bbox 1643 3352 1944 3420; x_wconf 85' lang='lat' dir='ltr'><strong>quantitate</strong></span> <span class='ocrx_word' id='word_1_455' title='bbox 1969 3352 2149 3414; x_wconf 90' lang='lat' dir='ltr'><strong>detur,</strong></span> <span class='ocrx_word' id='word_1_456' title='bbox 2181 3366 2310 3405; x_wconf 84' lang='lat' dir='ltr'><strong>con-</strong></span> 
     </span>
    </p>
   </div>
   <div class='ocr_carea' id='block_1_60' title="bbox 735 3439 2309 3507">
    <p class='ocr_par' dir='ltr' id='par_1_60' title="bbox 735 3439 2309 3507">
     <span class='ocr_line' id='line_1_60' title="bbox 735 3439 2309 3507; baseline -0.002 -11"><span class='ocrx_word' id='word_1_457' title='bbox 735 3440 918 3496; x_wconf 76' lang='lat' dir='ltr'><strong>festim</strong></span> <span class='ocrx_word' id='word_1_458' title='bbox 945 3441 1295 3506; x_wconf 84' lang='lat' dir='ltr'><strong>interimere;</strong></span> <span class='ocrx_word' id='word_1_459' title='bbox 1336 3442 1456 3507; x_wconf 75' lang='lat' dir='ltr'><strong>ejus</strong></span> <span class='ocrx_word' id='word_1_460' title='bbox 1494 3440 1584 3507; x_wconf 93' lang='lat' dir='ltr'><strong>qui</strong></span> <span class='ocrx_word' id='word_1_461' title='bbox 1612 3439 1741 3493; x_wconf 92' lang='lat' dir='ltr'><strong>illud</strong></span> <span class='ocrx_word' id='word_1_462' title='bbox 1765 3442 2063 3507; x_wconf 85' lang='lat' dir='ltr'><strong>sumpserit</strong></span> <span class='ocrx_word' id='word_1_463' title='bbox 2084 3440 2309 3494; x_wconf 90' lang='lat' dir='ltr'><strong>cerebro</strong></span> 
     </span>
    </p>
   </div>
   <div class='ocr_carea' id='block_1_61' title="bbox 2418 3352 4001 3423">
    <p class='ocr_par' dir='ltr' id='par_1_61' title="bbox 2418 3352 4001 3423">
     <span class='ocr_line' id='line_1_61' title="bbox 2418 3352 4001 3423; baseline 0.003 -20"><span class='ocrx_word' id='word_1_464' title='bbox 2418 3368 2632 3415; x_wconf 83' lang='grc' dir='ltr'><strong>σαντος,</strong></span> <span class='ocrx_word' id='word_1_465' title='bbox 2659 3352 2719 3405; x_wconf 80' lang='grc' dir='ltr'><strong>τὸ</strong></span> <span class='ocrx_word' id='word_1_466' title='bbox 2747 3352 2805 3405; x_wconf 75' lang='grc' dir='ltr'><strong>δὲ</strong></span> <span class='ocrx_word' id='word_1_467' title='bbox 2844 3352 2972 3407; x_wconf 79' lang='grc' dir='ltr'><strong>ἄλλο</strong></span> <span class='ocrx_word' id='word_1_468' title='bbox 3008 3353 3285 3422; x_wconf 88' lang='grc' dir='ltr'><strong>διδόμενον</strong></span> <span class='ocrx_word' id='word_1_469' title='bbox 3316 3356 3396 3417; x_wconf 82' lang='grc' dir='ltr'><strong>είς</strong></span> <span class='ocrx_word' id='word_1_470' title='bbox 3437 3354 3621 3423; x_wconf 79' lang='grc' dir='ltr'><strong>φθίσιν</strong></span> <span class='ocrx_word' id='word_1_471' title='bbox 3665 3354 3873 3422; x_wconf 77' lang='grc' dir='ltr'><strong>ἀπάγει</strong></span> <span class='ocrx_word' id='word_1_472' title='bbox 3904 3354 4001 3407; x_wconf 80' lang='grc' dir='ltr'><strong>καὶ</strong></span> 
     </span>
    </p>
   </div>
   <div class='ocr_carea' id='block_1_62' title="bbox 2413 3441 3218 3513">
    <p class='ocr_par' dir='ltr' id='par_1_62' title="bbox 2413 3441 3218 3513">
     <span class='ocr_line' id='line_1_62' title="bbox 2413 3441 3218 3513; baseline 0.006 -20"><span class='ocrx_word' id='word_1_473' title='bbox 2413 3441 2479 3493; x_wconf 81' lang='grc' dir='ltr'><strong>δι’</strong></span> <span class='ocrx_word' id='word_1_474' title='bbox 2504 3442 2752 3495; x_wconf 71' lang='grc' dir='ltr'><strong>ἐνιαυτοῦ</strong></span> <span class='ocrx_word' id='word_1_475' title='bbox 2780 3444 2931 3513; x_wconf 85' lang='grc' dir='ltr'><strong>μόλις</strong></span> <span class='ocrx_word' id='word_1_476' title='bbox 2960 3444 3218 3498; x_wconf 86' lang='grc' dir='ltr'><strong>διόλλυσι.</strong></span> 
     </span>
    </p>
   </div>
   <div class='ocr_carea' id='block_1_63' title="bbox 735 3528 3998 3605">
    <p class='ocr_par' dir='ltr' id='par_1_63' title="bbox 735 3528 3998 3605">
     <span class='ocr_line' id='line_1_63' title="bbox 735 3528 3998 3605; baseline 0.002 -22"><span class='ocrx_word' id='word_1_477' title='bbox 735 3546 835 3602; x_wconf 91' lang='lat' dir='ltr'><strong>per</strong></span> <span class='ocrx_word' id='word_1_478' title='bbox 860 3546 1021 3585; x_wconf 85' lang='lat' dir='ltr'><strong>nares</strong></span> <span class='ocrx_word' id='word_1_479' title='bbox 1048 3532 1302 3586; x_wconf 86' lang='lat' dir='ltr'><strong>ellluente</strong></span> <span class='ocrx_word' id='word_1_480' title='bbox 1332 3550 1347 3586; x_wconf 91' lang='lat'>:</span> <span class='ocrx_word' id='word_1_481' title='bbox 1380 3534 1612 3585; x_wconf 84' lang='lat' dir='ltr'><strong>alterum</strong></span> <span class='ocrx_word' id='word_1_482' title='bbox 1654 3544 1785 3584; x_wconf 86' lang='lat' dir='ltr'><strong>vero</strong></span> <span class='ocrx_word' id='word_1_483' title='bbox 1839 3530 1884 3584; x_wconf 89' lang='lat' dir='ltr'><strong>si</strong></span> <span class='ocrx_word' id='word_1_484' title='bbox 1924 3531 2100 3594; x_wconf 89' lang='lat' dir='ltr'><strong>detur,</strong></span> <span class='ocrx_word' id='word_1_485' title='bbox 2167 3528 2368 3585; x_wconf 86' lang='lat' dir='ltr'><strong>lentam</strong></span> <span class='ocrx_word' id='word_1_486' title='bbox 2419 3532 2600 3587; x_wconf 89' lang='lat' dir='ltr'><strong>tabem</strong></span> <span class='ocrx_word' id='word_1_487' title='bbox 2653 3534 2947 3602; x_wconf 89' lang='lat' dir='ltr'><strong>adducere,</strong></span> <span class='ocrx_word' id='word_1_488' title='bbox 2990 3551 3111 3605; x_wconf 72' lang='lat' dir='ltr'><strong>quae</strong></span> <span class='ocrx_word' id='word_1_489' title='bbox 3156 3534 3245 3589; x_wconf 75' lang='lat' dir='ltr'><strong>vix</strong></span> <span class='ocrx_word' id='word_1_490' title='bbox 3314 3534 3446 3589; x_wconf 87' lang='lat' dir='ltr'><strong>anni</strong></span> <span class='ocrx_word' id='word_1_491' title='bbox 3497 3535 3673 3605; x_wconf 80' lang='lat' dir='ltr'><strong>spatio</strong></span> <span class='ocrx_word' id='word_1_492' title='bbox 3718 3536 3998 3591; x_wconf 85' lang='lat' dir='ltr'><strong>hominem</strong></span> 
     </span>
    </p>
   </div>
   <div class='ocr_carea' id='block_1_64' title="bbox 734 3626 1009 3682">
    <p class='ocr_par' dir='ltr' id='par_1_64' title="bbox 734 3626 1009 3682">
     <span class='ocr_line' id='line_1_64' title="bbox 734 3626 1009 3682; baseline -0.004 0"><span class='ocrx_word' id='word_1_493' title='bbox 734 3626 1009 3682; x_wconf 82' lang='lat' dir='ltr'><strong>ennliciat.</strong></span> 
     </span>
    </p>
   </div>
   <div class='ocr_carea' id='block_1_65' title="bbox 808 3718 2319 3793">
    <p class='ocr_par' dir='ltr' id='par_1_65' title="bbox 808 3718 2319 3793">
     <span class='ocr_line' id='line_1_65' title="bbox 808 3718 2319 3793; baseline -0.007 -14"><span class='ocrx_word' id='word_1_494' title='bbox 808 3722 975 3779; x_wconf 78' lang='lat' dir='ltr'><strong>Avem</strong></span> <span class='ocrx_word' id='word_1_495' title='bbox 1003 3722 1119 3793; x_wconf 74' lang='grc'><strong>(45)</strong></span> <span class='ocrx_word' id='word_1_496' title='bbox 1156 3722 1414 3776; x_wconf 88' lang='lat' dir='ltr'><strong>describit</strong></span> <span class='ocrx_word' id='word_1_497' title='bbox 1433 3720 1674 3790; x_wconf 85' lang='grc' dir='ltr'><strong>δίκαιρον</strong></span> <span class='ocrx_word' id='word_1_498' title='bbox 1700 3720 2025 3788; x_wconf 67' lang='lat' dir='ltr'><strong>appellatum</strong></span> <span class='ocrx_word' id='word_1_499' title='bbox 2055 3718 2319 3788; x_wconf 82' lang='grc' dir='ltr'><strong>(δίκαιον,</strong></span> 
     </span>
    </p>
   </div>
   <div class='ocr_carea' id='block_1_66' title="bbox 735 3810 2319 3884">
    <p class='ocr_par' dir='ltr' id='par_1_66' title="bbox 735 3810 2319 3884">
     <span class='ocr_line' id='line_1_66' title="bbox 735 3810 2319 3884; baseline -0.008 -14"><span class='ocrx_word' id='word_1_500' title='bbox 735 3813 789 3870; x_wconf 80' lang='lat' dir='ltr'><strong>Id</strong></span> <span class='ocrx_word' id='word_1_501' title='bbox 812 3813 1179 3884; x_wconf 78' lang='lat' dir='ltr'><strong>est,jumun),</strong></span> <span class='ocrx_word' id='word_1_502' title='bbox 1212 3812 1398 3868; x_wconf 67' lang='lat' dir='ltr'><strong>Grrece</strong></span> <span class='ocrx_word' id='word_1_503' title='bbox 1433 3812 1659 3873; x_wconf 72' lang='lat' dir='ltr'><strong>dixeris.</strong></span> <span class='ocrx_word' id='word_1_504' title='bbox 1684 3810 1916 3881; x_wconf 82' lang='lat' dir='ltr'><strong>perdicis</strong></span> <span class='ocrx_word' id='word_1_505' title='bbox 1943 3824 2045 3864; x_wconf 87' lang='lat' dir='ltr'><strong>ovo</strong></span> <span class='ocrx_word' id='word_1_506' title='bbox 2074 3825 2177 3862; x_wconf 90' lang='lat' dir='ltr'><strong>non</strong></span> <span class='ocrx_word' id='word_1_507' title='bbox 2203 3822 2319 3861; x_wconf 89' lang='lat' dir='ltr'><strong>ma-</strong></span> 
     </span>
    </p>
   </div>
   <div class='ocr_carea' id='block_1_67' title="bbox 730 3899 2315 3975">
    <p class='ocr_par' dir='ltr' id='par_1_67' title="bbox 730 3899 2315 3975">
     <span class='ocr_line' id='line_1_67' title="bbox 730 3899 2315 3975; baseline -0.005 -15"><span class='ocrx_word' id='word_1_508' title='bbox 730 3906 907 3975; x_wconf 81' lang='lat' dir='ltr'><strong>jorem</strong></span> <span class='ocrx_word' id='word_1_509' title='bbox 938 3923 953 3960; x_wconf 90' lang='lat'><strong>:</strong></span> <span class='ocrx_word' id='word_1_510' title='bbox 992 3906 1134 3959; x_wconf 87' lang='lat' dir='ltr'><strong>hanc</strong></span> <span class='ocrx_word' id='word_1_511' title='bbox 1158 3920 1256 3960; x_wconf 89' lang='lat' dir='ltr'><strong>sua</strong></span> <span class='ocrx_word' id='word_1_512' title='bbox 1290 3904 1527 3958; x_wconf 83' lang='lat' dir='ltr'><strong>ell‘odere</strong></span> <span class='ocrx_word' id='word_1_513' title='bbox 1552 3910 1901 3958; x_wconf 78' lang='lat' dir='ltr'><strong>excrementa</strong></span> <span class='ocrx_word' id='word_1_514' title='bbox 1929 3940 1945 3965; x_wconf 90' lang='lat'><strong>,</strong></span> <span class='ocrx_word' id='word_1_515' title='bbox 1983 3916 2050 3954; x_wconf 90' lang='lat' dir='ltr'><strong>ne</strong></span> <span class='ocrx_word' id='word_1_516' title='bbox 2083 3899 2315 3954; x_wconf 82' lang='lat' dir='ltr'><strong>inveniri</strong></span> 
     </span>
    </p>
   </div>
   <div class='ocr_carea' id='block_1_68' title="bbox 2492 3706 3997 3787">
    <p class='ocr_par' dir='ltr' id='par_1_68' title="bbox 2492 3706 3997 3787">
     <span class='ocr_line' id='line_1_68' title="bbox 2492 3706 3997 3787; baseline 0 -17"><span class='ocrx_word' id='word_1_517' title='bbox 2492 3717 2601 3770; x_wconf 78' lang='lat' dir='ltr'><strong>Kal.</strong></span> <span class='ocrx_word' id='word_1_518' title='bbox 2616 3706 2823 3786; x_wconf 84' lang='grc' dir='ltr'><strong>δρνεον,</strong></span> <span class='ocrx_word' id='word_1_519' title='bbox 2842 3716 3027 3787; x_wconf 74' lang='grc' dir='ltr'><strong>φησὶν,</strong></span> <span class='ocrx_word' id='word_1_520' title='bbox 3059 3715 3491 3785; x_wconf 69' lang='grc' dir='ltr'><strong>ἐπικαλούμενον</strong></span> <span class='ocrx_word' id='word_1_521' title='bbox 3511 3715 3750 3782; x_wconf 74' lang='grc' dir='ltr'><strong>δικερον</strong></span> <span class='ocrx_word' id='word_1_522' title='bbox 3769 3716 3836 3782; x_wconf 86' lang='grc'><strong>⁸³,</strong></span> <span class='ocrx_word' id='word_1_523' title='bbox 3851 3718 3997 3787; x_wconf 83' lang='grc' dir='ltr'><strong>ὅπερ</strong></span> 
     </span>
    </p>
   </div>
   <div class='ocr_carea' id='block_1_69' title="bbox 2429 3809 4000 3882">
    <p class='ocr_par' dir='ltr' id='par_1_69' title="bbox 2429 3809 4000 3882">
     <span class='ocr_line' id='line_1_69' title="bbox 2429 3809 4000 3882; baseline 0 -19"><span class='ocrx_word' id='word_1_524' title='bbox 2429 3809 2733 3879; x_wconf 77' lang='grc' dir='ltr'><strong>Ἑλληνιστὶ</strong></span> <span class='ocrx_word' id='word_1_525' title='bbox 2763 3809 2995 3863; x_wconf 71' lang='grc' dir='ltr'><strong>δίκαιον</strong></span> <span class='ocrx_word' id='word_1_526' title='bbox 3025 3810 3301 3878; x_wconf 78' lang='grc' dir='ltr'><strong>σημαίνει,</strong></span> <span class='ocrx_word' id='word_1_527' title='bbox 3330 3809 3394 3862; x_wconf 79' lang='grc' dir='ltr'><strong>τὸ</strong></span> <span class='ocrx_word' id='word_1_528' title='bbox 3430 3809 3663 3879; x_wconf 68' lang='grc' dir='ltr'><strong>μέγεθος</strong></span> <span class='ocrx_word' id='word_1_529' title='bbox 3704 3810 3830 3862; x_wconf 85' lang='grc' dir='ltr'><strong>ὅσον</strong></span> <span class='ocrx_word' id='word_1_530' title='bbox 3858 3810 4000 3882; x_wconf 75' lang='grc' dir='ltr'><strong>πέρ-</strong></span> 
     </span>
    </p>
   </div>
   <div class='ocr_carea' id='block_1_70' title="bbox 2418 3900 3999 3973">
    <p class='ocr_par' dir='ltr' id='par_1_70' title="bbox 2418 3900 3999 3973">
     <span class='ocr_line' id='line_1_70' title="bbox 2418 3900 3999 3973; baseline 0 -19"><span class='ocrx_word' id='word_1_531' title='bbox 2418 3902 2567 3964; x_wconf 77' lang='grc' dir='ltr'><strong>δικος</strong></span> <span class='ocrx_word' id='word_1_532' title='bbox 2596 3901 2721 3965; x_wconf 83' lang='grc' dir='ltr'><strong>ὠὸν,</strong></span> <span class='ocrx_word' id='word_1_533' title='bbox 2752 3900 2910 3953; x_wconf 79' lang='grc' dir='ltr'><strong>τοῦτο</strong></span> <span class='ocrx_word' id='word_1_534' title='bbox 2939 3901 3031 3953; x_wconf 85' lang='grc' dir='ltr'><strong>τὸν</strong></span> <span class='ocrx_word' id='word_1_535' title='bbox 3069 3902 3352 3955; x_wconf 81' lang='grc' dir='ltr'><strong>ἀπόπατον</strong></span> <span class='ocrx_word' id='word_1_536' title='bbox 3398 3901 3725 3973; x_wconf 79' lang='grc' dir='ltr'><strong>κατορύσυει</strong></span> <span class='ocrx_word' id='word_1_537' title='bbox 3745 3942 3760 3962; x_wconf 88' lang='grc'><strong>.</strong></span> <span class='ocrx_word' id='word_1_538' title='bbox 3797 3901 3885 3954; x_wconf 71' lang='grc' dir='ltr'><strong>ἵνα</strong></span> <span class='ocrx_word' id='word_1_539' title='bbox 3918 3903 3999 3973; x_wconf 77' lang='grc' dir='ltr'><strong>μὴ</strong></span> 
     </span>
    </p>
   </div>
   <div class='ocr_carea' id='block_1_71' title="bbox 735 3992 2314 4066">
    <p class='ocr_par' dir='ltr' id='par_1_71' title="bbox 735 3992 2314 4066">
     <span class='ocr_line' id='line_1_71' title="bbox 735 3992 2314 4066; baseline -0.006 -15"><span class='ocrx_word' id='word_1_540' title='bbox 735 3997 965 4066; x_wconf 86' lang='lat' dir='ltr'><strong>possint.</strong></span> <span class='ocrx_word' id='word_1_541' title='bbox 994 3995 1149 4063; x_wconf 86' lang='lat' dir='ltr'><strong>Quod</strong></span> <span class='ocrx_word' id='word_1_542' title='bbox 1192 3998 1235 4051; x_wconf 89' lang='lat' dir='ltr'><strong>si</strong></span> <span class='ocrx_word' id='word_1_543' title='bbox 1267 3996 1333 4049; x_wconf 90' lang='lat' dir='ltr'><strong>de</strong></span> <span class='ocrx_word' id='word_1_544' title='bbox 1363 3995 1634 4057; x_wconf 86' lang='lat' dir='ltr'><strong>inventis,</strong></span> <span class='ocrx_word' id='word_1_545' title='bbox 1668 4004 1932 4064; x_wconf 91' lang='lat' dir='ltr'><strong>quantum</strong></span> <span class='ocrx_word' id='word_1_546' title='bbox 1964 3992 2161 4047; x_wconf 80' lang='lat' dir='ltr'><strong>sesami</strong></span> <span class='ocrx_word' id='word_1_547' title='bbox 2186 4006 2314 4061; x_wconf 73' lang='lat' dir='ltr'><strong>gra-</strong></span> 
     </span>
    </p>
   </div>
   <div class='ocr_carea' id='block_1_72' title="bbox 2410 3992 4000 4066">
    <p class='ocr_par' dir='ltr' id='par_1_72' title="bbox 2418 3992 4000 4064">
     <span class='ocr_line' id='line_1_72' title="bbox 2418 3992 4000 4064; baseline 0.001 -19"><span class='ocrx_word' id='word_1_548' title='bbox 2418 3994 2639 4063; x_wconf 83' lang='grc' dir='ltr'><strong>εὑρεθῇ·</strong></span> <span class='ocrx_word' id='word_1_549' title='bbox 2668 3992 3057 4063; x_wconf 83' lang='grc' dir='ltr'><strong>εὑρισκόμενον</strong></span> <span class='ocrx_word' id='word_1_550' title='bbox 3088 3992 3146 4044; x_wconf 75' lang='grc' dir='ltr'><strong>δὲ</strong></span> <span class='ocrx_word' id='word_1_551' title='bbox 3191 3992 3258 4044; x_wconf 80' lang='grc' dir='ltr'><strong>ἂν</strong></span> <span class='ocrx_word' id='word_1_552' title='bbox 3304 3993 3449 4064; x_wconf 75' lang='grc' dir='ltr'><strong>ποθῇ</strong></span> <span class='ocrx_word' id='word_1_553' title='bbox 3478 3993 3641 4046; x_wconf 82' lang='grc' dir='ltr'><strong>αὐτοῦ</strong></span> <span class='ocrx_word' id='word_1_554' title='bbox 3668 3994 3791 4046; x_wconf 85' lang='grc' dir='ltr'><strong>ὅσον</strong></span> <span class='ocrx_word' id='word_1_555' title='bbox 3821 3994 4000 4064; x_wconf 82' lang='grc' dir='ltr'><strong>σησᾶ-</strong></span> 
     </span>
    </p>
   </div>
   <div class='ocr_carea' id='block_1_73' title="bbox 735 4080 2314 4154">
    <p class='ocr_par' dir='ltr' id='par_1_73' title="bbox 735 4080 2314 4154">
     <span class='ocr_line' id='line_1_73' title="bbox 735 4080 2314 4154; baseline -0.008 -13"><span class='ocrx_word' id='word_1_556' title='bbox 735 4103 864 4141; x_wconf 75' lang='lat' dir='ltr'><strong>unm</strong></span> <span class='ocrx_word' id='word_1_557' title='bbox 893 4096 1009 4150; x_wconf 88' lang='lat' dir='ltr'><strong>est,</strong></span> <span class='ocrx_word' id='word_1_558' title='bbox 1064 4084 1335 4154; x_wconf 89' lang='lat' dir='ltr'><strong>quispiam</strong></span> <span class='ocrx_word' id='word_1_559' title='bbox 1378 4084 1614 4148; x_wconf 91' lang='lat' dir='ltr'><strong>biberit,</strong></span> <span class='ocrx_word' id='word_1_560' title='bbox 1666 4098 1825 4137; x_wconf 74' lang='lat' dir='ltr'><strong>tuane</strong></span> <span class='ocrx_word' id='word_1_561' title='bbox 1866 4095 2059 4135; x_wconf 91' lang='lat' dir='ltr'><strong>somno</strong></span> <span class='ocrx_word' id='word_1_562' title='bbox 2092 4080 2314 4147; x_wconf 91' lang='lat' dir='ltr'><strong>corripi,</strong></span> 
     </span>
    </p>
   </div>
   <div class='ocr_carea' id='block_1_74' title="bbox 740 4170 2316 4245">
    <p class='ocr_par' dir='ltr' id='par_1_74' title="bbox 740 4170 2316 4245">
     <span class='ocr_line' id='line_1_74' title="bbox 740 4170 2316 4245; baseline -0.004 -14"><span class='ocrx_word' id='word_1_563' title='bbox 740 4190 1044 4244; x_wconf 85' lang='lat' dir='ltr'><strong>sensusque</strong></span> <span class='ocrx_word' id='word_1_564' title='bbox 1073 4185 1350 4245; x_wconf 71' lang='lat' dir='ltr'><strong>expertem</strong></span> <span class='ocrx_word' id='word_1_565' title='bbox 1380 4175 1621 4229; x_wconf 89' lang='lat' dir='ltr'><strong>dormire</strong></span> <span class='ocrx_word' id='word_1_566' title='bbox 1643 4213 1657 4239; x_wconf 90' lang='lat'><strong>,</strong></span> <span class='ocrx_word' id='word_1_567' title='bbox 1684 4173 1862 4244; x_wconf 90' lang='lat' dir='ltr'><strong>quoad</strong></span> <span class='ocrx_word' id='word_1_568' title='bbox 1889 4172 2175 4229; x_wconf 89' lang='lat' dir='ltr'><strong>occidente</strong></span> <span class='ocrx_word' id='word_1_569' title='bbox 2201 4170 2316 4224; x_wconf 90' lang='lat' dir='ltr'><strong>sole</strong></span> 
     </span>
    </p>
   </div>
   <div class='ocr_carea' id='block_1_75' title="bbox 733 4268 1021 4322">
    <p class='ocr_par' dir='ltr' id='par_1_75' title="bbox 733 4268 1021 4322">
     <span class='ocr_line' id='line_1_75' title="bbox 733 4268 1021 4322; baseline -0.003 0"><span class='ocrx_word' id='word_1_570' title='bbox 733 4268 1021 4322; x_wconf 86' lang='lat' dir='ltr'><strong>moriatur.</strong></span> 
     </span>
    </p>
   </div>
   <div class='ocr_carea' id='block_1_76' title="bbox 804 4354 2306 4428">
    <p class='ocr_par' dir='ltr' id='par_1_76' title="bbox 804 4354 2306 4428">
     <span class='ocr_line' id='line_1_76' title="bbox 804 4354 2306 4428; baseline 0 -17"><span class='ocrx_word' id='word_1_571' title='bbox 804 4357 936 4413; x_wconf 86' lang='lat' dir='ltr'><strong>Esse</strong></span> <span class='ocrx_word' id='word_1_572' title='bbox 968 4368 1023 4413; x_wconf 91' lang='lat' dir='ltr'><strong>et</strong></span> <span class='ocrx_word' id='word_1_573' title='bbox 1066 4359 1137 4412; x_wconf 94' lang='lat' dir='ltr'><strong>ibl</strong></span> <span class='ocrx_word' id='word_1_574' title='bbox 1186 4357 1389 4428; x_wconf 81' lang='lat' dir='ltr'><strong>lignum</strong></span> <span class='ocrx_word' id='word_1_575' title='bbox 1438 4359 1691 4426; x_wconf 78' lang='lat' dir='ltr'><strong>parebunt</strong></span> <span class='ocrx_word' id='word_1_576' title='bbox 1738 4355 1942 4409; x_wconf 92' lang='lat' dir='ltr'><strong>dictum</strong></span> <span class='ocrx_word' id='word_1_577' title='bbox 1989 4354 2140 4425; x_wconf 75' lang='grc'><strong>(46),</strong></span> <span class='ocrx_word' id='word_1_578' title='bbox 2170 4355 2306 4412; x_wconf 66' lang='lat' dir='ltr'><strong>oleae</strong></span> 
     </span>
    </p>
   </div>
   <div class='ocr_carea' id='block_1_77' title="bbox 734 4448 2310 4523">
    <p class='ocr_par' dir='ltr' id='par_1_77' title="bbox 734 4448 2310 4523">
     <span class='ocr_line' id='line_1_77' title="bbox 734 4448 2310 4523; baseline -0.003 -17"><span class='ocrx_word' id='word_1_579' title='bbox 734 4452 1129 4523; x_wconf 70' lang='lat' dir='ltr'><strong>magnitudine,</strong></span> <span class='ocrx_word' id='word_1_580' title='bbox 1164 4454 1307 4519; x_wconf 87' lang='lat' dir='ltr'><strong>quod</strong></span> <span class='ocrx_word' id='word_1_581' title='bbox 1353 4450 1406 4503; x_wconf 91' lang='lat' dir='ltr'><strong>in</strong></span> <span class='ocrx_word' id='word_1_582' title='bbox 1448 4448 1615 4519; x_wconf 72' lang='lat' dir='ltr'><strong>regiis</strong></span> <span class='ocrx_word' id='word_1_583' title='bbox 1641 4448 1905 4503; x_wconf 81' lang='lat' dir='ltr'><strong>duntaxat</strong></span> <span class='ocrx_word' id='word_1_584' title='bbox 1949 4448 2121 4501; x_wconf 87' lang='lat' dir='ltr'><strong>hortis</strong></span> <span class='ocrx_word' id='word_1_585' title='bbox 2154 4463 2310 4517; x_wconf 88' lang='lat' dir='ltr'><strong>repe-</strong></span> 
     </span>
    </p>
   </div>
   <div class='ocr_carea' id='block_1_78' title="bbox 734 4540 2307 4615">
    <p class='ocr_par' dir='ltr' id='par_1_78' title="bbox 734 4540 2307 4615">
     <span class='ocr_line' id='line_1_78' title="bbox 734 4540 2307 4615; baseline -0.006 -14"><span class='ocrx_word' id='word_1_586' title='bbox 734 4547 926 4610; x_wconf 89' lang='lat' dir='ltr'><strong>riatur,</strong></span> <span class='ocrx_word' id='word_1_587' title='bbox 956 4561 1129 4615; x_wconf 90' lang='lat' dir='ltr'><strong>neque</strong></span> <span class='ocrx_word' id='word_1_588' title='bbox 1160 4543 1347 4597; x_wconf 76' lang='lat' dir='ltr'><strong>liorem</strong></span> <span class='ocrx_word' id='word_1_589' title='bbox 1381 4542 1548 4594; x_wconf 92' lang='lat' dir='ltr'><strong>ullum</strong></span> <span class='ocrx_word' id='word_1_590' title='bbox 1574 4580 1591 4606; x_wconf 95' lang='lat'><strong>,</strong></span> <span class='ocrx_word' id='word_1_591' title='bbox 1640 4556 1816 4611; x_wconf 86' lang='lat' dir='ltr'><strong>neque</strong></span> <span class='ocrx_word' id='word_1_592' title='bbox 1846 4540 2079 4594; x_wconf 79' lang='lat' dir='ltr'><strong>fructum</strong></span> <span class='ocrx_word' id='word_1_593' title='bbox 2107 4542 2307 4609; x_wconf 83' lang='lat' dir='ltr'><strong>produ-</strong></span> 
     </span>
    </p>
   </div>
   <div class='ocr_carea' id='block_1_79' title="bbox 732 4631 2309 4704">
    <p class='ocr_par' dir='ltr' id='par_1_79' title="bbox 732 4631 2309 4704">
     <span class='ocr_line' id='line_1_79' title="bbox 732 4631 2309 4704; baseline -0.007 -12"><span class='ocrx_word' id='word_1_594' title='bbox 732 4653 885 4693; x_wconf 91' lang='lat' dir='ltr'><strong>cens.</strong></span> <span class='ocrx_word' id='word_1_595' title='bbox 911 4637 1231 4704; x_wconf 85' lang='lat' dir='ltr'><strong>Quindecim</strong></span> <span class='ocrx_word' id='word_1_596' title='bbox 1278 4634 1328 4686; x_wconf 90' lang='lat' dir='ltr'><strong>id</strong></span> <span class='ocrx_word' id='word_1_597' title='bbox 1368 4643 1579 4686; x_wconf 88' lang='lat' dir='ltr'><strong>tantum</strong></span> <span class='ocrx_word' id='word_1_598' title='bbox 1614 4632 1813 4685; x_wconf 87' lang='lat' dir='ltr'><strong>habere</strong></span> <span class='ocrx_word' id='word_1_599' title='bbox 1850 4631 1948 4684; x_wconf 91' lang='lat' dir='ltr'><strong>sub</strong></span> <span class='ocrx_word' id='word_1_600' title='bbox 1981 4640 2126 4684; x_wconf 86' lang='lat' dir='ltr'><strong>terra</strong></span> <span class='ocrx_word' id='word_1_601' title='bbox 2163 4632 2309 4682; x_wconf 84' lang='lat' dir='ltr'><strong>radi-</strong></span> 
     </span>
    </p>
   </div>
   <div class='ocr_carea' id='block_1_80' title="bbox 730 4721 2308 4797">
    <p class='ocr_par' dir='ltr' id='par_1_80' title="bbox 730 4721 2308 4797">
     <span class='ocr_line' id='line_1_80' title="bbox 730 4721 2308 4797; baseline -0.01 -9"><span class='ocrx_word' id='word_1_602' title='bbox 730 4746 851 4797; x_wconf 85' lang='lat' dir='ltr'><strong>ces;</strong></span> <span class='ocrx_word' id='word_1_603' title='bbox 905 4732 1001 4786; x_wconf 87' lang='lat' dir='ltr'><strong>sed</strong></span> <span class='ocrx_word' id='word_1_604' title='bbox 1044 4745 1137 4785; x_wconf 88' lang='lat' dir='ltr'><strong>eas</strong></span> <span class='ocrx_word' id='word_1_605' title='bbox 1192 4728 1266 4781; x_wconf 87' lang='lat' dir='ltr'><strong>ita</strong></span> <span class='ocrx_word' id='word_1_606' title='bbox 1307 4739 1566 4783; x_wconf 86' lang='lat' dir='ltr'><strong>crassas.</strong></span> <span class='ocrx_word' id='word_1_607' title='bbox 1619 4732 1677 4776; x_wconf 92' lang='lat' dir='ltr'><strong>ut</strong></span> <span class='ocrx_word' id='word_1_608' title='bbox 1729 4721 2051 4776; x_wconf 91' lang='lat' dir='ltr'><strong>tenuissima</strong></span> <span class='ocrx_word' id='word_1_609' title='bbox 2100 4722 2308 4775; x_wconf 87' lang='lat' dir='ltr'><strong>brachii</strong></span> 
     </span>
    </p>
   </div>
   <div class='ocr_carea' id='block_1_81' title="bbox 731 4811 2313 4888">
    <p class='ocr_par' dir='ltr' id='par_1_81' title="bbox 731 4811 2313 4888">
     <span class='ocr_line' id='line_1_81' title="bbox 731 4811 2313 4888; baseline -0.009 -11"><span class='ocrx_word' id='word_1_610' title='bbox 731 4823 1149 4877; x_wconf 87' lang='lat' dir='ltr'><strong>crassitudinem</strong></span> <span class='ocrx_word' id='word_1_611' title='bbox 1178 4828 1449 4888; x_wconf 70' lang='lat' dir='ltr'><strong>exaequet.</strong></span> <span class='ocrx_word' id='word_1_612' title='bbox 1494 4814 1665 4884; x_wconf 82' lang='lat' dir='ltr'><strong>Hujus</strong></span> <span class='ocrx_word' id='word_1_613' title='bbox 1700 4828 1833 4883; x_wconf 74' lang='lat' dir='ltr'><strong>ergo</strong></span> <span class='ocrx_word' id='word_1_614' title='bbox 1871 4811 2072 4867; x_wconf 87' lang='lat' dir='ltr'><strong>radicis</strong></span> <span class='ocrx_word' id='word_1_615' title='bbox 2117 4813 2159 4866; x_wconf 90' lang='lat' dir='ltr'><strong>si</strong></span> <span class='ocrx_word' id='word_1_616' title='bbox 2188 4828 2313 4879; x_wconf 78' lang='lat' dir='ltr'><strong>par-</strong></span> 
     </span>
    </p>
   </div>
   <div class='ocr_carea' id='block_1_82' title="bbox 731 4902 2309 4987">
    <p class='ocr_par' dir='ltr' id='par_1_82' title="bbox 731 4902 2309 4987">
     <span class='ocr_line' id='line_1_82' title="bbox 731 4902 2309 4987; baseline -0.01 -16"><span class='ocrx_word' id='word_1_617' title='bbox 731 4925 839 4971; x_wconf 79' lang='lat' dir='ltr'><strong>tem</strong></span> <span class='ocrx_word' id='word_1_618' title='bbox 864 4916 1102 4987; x_wconf 88' lang='lat' dir='ltr'><strong>aliquam</strong></span> <span class='ocrx_word' id='word_1_619' title='bbox 1122 4914 1204 4969; x_wconf 90' lang='lat' dir='ltr'><strong>vel</strong></span> <span class='ocrx_word' id='word_1_620' title='bbox 1234 4911 1564 4983; x_wconf 87' lang='lat' dir='ltr'><strong>spithamam</strong></span> <span class='ocrx_word' id='word_1_621' title='bbox 1593 4908 1805 4981; x_wconf 79' lang='lat' dir='ltr'><strong>longam</strong></span> <span class='ocrx_word' id='word_1_622' title='bbox 1831 4906 2152 4975; x_wconf 81' lang='lat' dir='ltr'><strong>sumpseris,</strong></span> <span class='ocrx_word' id='word_1_623' title='bbox 2185 4902 2309 4973; x_wconf 91' lang='lat' dir='ltr'><strong>qui-</strong></span> 
     </span>
    </p>
   </div>
   <div class='ocr_carea' id='block_1_83' title="bbox 2424 4081 3999 4154">
    <p class='ocr_par' dir='ltr' id='par_1_83' title="bbox 2424 4081 3999 4154">
     <span class='ocr_line' id='line_1_83' title="bbox 2424 4081 3999 4154; baseline -0.001 -18"><span class='ocrx_word' id='word_1_624' title='bbox 2424 4101 2526 4153; x_wconf 91' lang='grc' dir='ltr'><strong>μου</strong></span> <span class='ocrx_word' id='word_1_625' title='bbox 2561 4083 2762 4151; x_wconf 62' lang='grc' dir='ltr'><strong>ἒωθενί,</strong></span> <span class='ocrx_word' id='word_1_626' title='bbox 2796 4081 2963 4144; x_wconf 83' lang='grc' dir='ltr'><strong>ὖπνος</strong></span> <span class='ocrx_word' id='word_1_627' title='bbox 2997 4081 3381 4151; x_wconf 68' lang='grc' dir='ltr'><strong>ἐπιλαμϐάνει,</strong></span> <span class='ocrx_word' id='word_1_628' title='bbox 3413 4083 3507 4135; x_wconf 82' lang='grc' dir='ltr'><strong>καὶ</strong></span> <span class='ocrx_word' id='word_1_629' title='bbox 3547 4082 3797 4136; x_wconf 79' lang='grc' dir='ltr'><strong>καθεύδει</strong></span> <span class='ocrx_word' id='word_1_630' title='bbox 3823 4082 3999 4154; x_wconf 70' lang='grc' dir='ltr'><strong>μηδιν</strong></span> 
     </span>
    </p>
   </div>
   <div class='ocr_carea' id='block_1_84' title="bbox 2416 4173 3821 4247">
    <p class='ocr_par' dir='ltr' id='par_1_84' title="bbox 2416 4173 3821 4247">
     <span class='ocr_line' id='line_1_84' title="bbox 2416 4173 3821 4247; baseline 0.001 -18"><span class='ocrx_word' id='word_1_631' title='bbox 2416 4174 2830 4245; x_wconf 86' lang='grc' dir='ltr'><strong>αἰσθανόμενος,</strong></span> <span class='ocrx_word' id='word_1_632' title='bbox 2857 4175 2950 4228; x_wconf 80' lang='grc' dir='ltr'><strong>καὶ</strong></span> <span class='ocrx_word' id='word_1_633' title='bbox 2980 4173 3228 4238; x_wconf 86' lang='grc' dir='ltr'><strong>δύνοντος</strong></span> <span class='ocrx_word' id='word_1_634' title='bbox 3257 4174 3354 4228; x_wconf 84' lang='grc' dir='ltr'><strong>τοῦ</strong></span> <span class='ocrx_word' id='word_1_635' title='bbox 3396 4174 3547 4246; x_wconf 72' lang='grc' dir='ltr'><strong>ἡλίου</strong></span> <span class='ocrx_word' id='word_1_636' title='bbox 3574 4175 3821 4247; x_wconf 74' lang='grc' dir='ltr'><strong>τελευτᾷ.</strong></span> 
     </span>
    </p>
   </div>
   <div class='ocr_carea' id='block_1_85' title="bbox 2482 4353 3997 4425">
    <p class='ocr_par' dir='ltr' id='par_1_85' title="bbox 2482 4353 3997 4425">
     <span class='ocr_line' id='line_1_85' title="bbox 2482 4353 3997 4425; baseline 0.001 -16"><span class='ocrx_word' id='word_1_637' title='bbox 2482 4356 2592 4409; x_wconf 71' lang='grc' dir='ltr'><strong>Καὶ</strong></span> <span class='ocrx_word' id='word_1_638' title='bbox 2620 4356 2774 4420; x_wconf 80' lang='grc' dir='ltr'><strong>ξύλον</strong></span> <span class='ocrx_word' id='word_1_639' title='bbox 2798 4354 2934 4421; x_wconf 78' lang='grc' dir='ltr'><strong>ἐστι,</strong></span> <span class='ocrx_word' id='word_1_640' title='bbox 2982 4355 3230 4424; x_wconf 73' lang='grc' dir='ltr'><strong>πάρηδον</strong></span> <span class='ocrx_word' id='word_1_641' title='bbox 3260 4353 3591 4425; x_wconf 87' lang='grc' dir='ltr'><strong>καλούμενον</strong></span> <span class='ocrx_word' id='word_1_642' title='bbox 3611 4397 3625 4420; x_wconf 89' lang='grc'><strong>,</strong></span> <span class='ocrx_word' id='word_1_643' title='bbox 3657 4355 3721 4408; x_wconf 85' lang='grc' dir='ltr'><strong>τδ</strong></span> <span class='ocrx_word' id='word_1_644' title='bbox 3761 4356 3997 4425; x_wconf 73' lang='grc' dir='ltr'><strong>μέγεθος</strong></span> 
     </span>
    </p>
   </div>
   <div class='ocr_carea' id='block_1_86' title="bbox 2408 4445 3997 4517">
    <p class='ocr_par' dir='ltr' id='par_1_86' title="bbox 2408 4445 3997 4517">
     <span class='ocr_line' id='line_1_86' title="bbox 2408 4445 3997 4517; baseline 0.003 -19"><span class='ocrx_word' id='word_1_645' title='bbox 2408 4448 2532 4499; x_wconf 82' lang='grc' dir='ltr'><strong>ὅσον</strong></span> <span class='ocrx_word' id='word_1_646' title='bbox 2564 4446 2741 4499; x_wconf 82' lang='grc' dir='ltr'><strong>ἐλαία·</strong></span> <span class='ocrx_word' id='word_1_647' title='bbox 2776 4448 2833 4497; x_wconf 78' lang='grc' dir='ltr'><strong>ἐν</strong></span> <span class='ocrx_word' id='word_1_648' title='bbox 2876 4447 2989 4508; x_wconf 79' lang='grc' dir='ltr'><strong>τοῖς</strong></span> <span class='ocrx_word' id='word_1_649' title='bbox 3032 4445 3324 4514; x_wconf 77' lang='grc' dir='ltr'><strong>βασιλείοις</strong></span> <span class='ocrx_word' id='word_1_650' title='bbox 3357 4447 3543 4515; x_wconf 86' lang='grc' dir='ltr'><strong>μόνοις</strong></span> <span class='ocrx_word' id='word_1_651' title='bbox 3579 4447 3624 4479; x_wconf 69' lang='grc'><strong>³⁵</strong></span> <span class='ocrx_word' id='word_1_652' title='bbox 3675 4448 3997 4517; x_wconf 83' lang='grc' dir='ltr'><strong>εὑρίσκεται</strong></span> 
     </span>
    </p>
   </div>
   <div class='ocr_carea' id='block_1_87' title="bbox 2412 4536 3997 4608">
    <p class='ocr_par' dir='ltr' id='par_1_87' title="bbox 2412 4536 3997 4608">
     <span class='ocr_line' id='line_1_87' title="bbox 2412 4536 3997 4608; baseline 0.004 -20"><span class='ocrx_word' id='word_1_653' title='bbox 2412 4539 2629 4605; x_wconf 76' lang='grc' dir='ltr'><strong>κήποις·</strong></span> <span class='ocrx_word' id='word_1_654' title='bbox 2665 4536 2785 4587; x_wconf 73' lang='grc' dir='ltr'><strong>οὗτε</strong></span> <span class='ocrx_word' id='word_1_655' title='bbox 2819 4536 2975 4599; x_wconf 78' lang='grc' dir='ltr'><strong>ἄνθος</strong></span> <span class='ocrx_word' id='word_1_656' title='bbox 3010 4538 3166 4607; x_wconf 80' lang='grc' dir='ltr'><strong>φέρει</strong></span> <span class='ocrx_word' id='word_1_657' title='bbox 3194 4536 3317 4589; x_wconf 78' lang='grc' dir='ltr'><strong>οὕτε</strong></span> <span class='ocrx_word' id='word_1_658' title='bbox 3351 4538 3583 4608; x_wconf 80' lang='grc' dir='ltr'><strong>καρπὸν,</strong></span> <span class='ocrx_word' id='word_1_659' title='bbox 3610 4539 3910 4594; x_wconf 67' lang='grc' dir='ltr'><strong>δεκαπέντε</strong></span> <span class='ocrx_word' id='word_1_660' title='bbox 3934 4542 3997 4594; x_wconf 73' lang='grc' dir='ltr'><strong>δὲ</strong></span> 
     </span>
    </p>
   </div>
   <div class='ocr_carea' id='block_1_88' title="bbox 2421 4628 3997 4702">
    <p class='ocr_par' dir='ltr' id='par_1_88' title="bbox 2421 4628 3997 4702">
     <span class='ocr_line' id='line_1_88' title="bbox 2421 4628 3997 4702; baseline 0.005 -23"><span class='ocrx_word' id='word_1_661' title='bbox 2421 4631 2588 4696; x_wconf 77' lang='grc' dir='ltr'><strong>μόνας</strong></span> <span class='ocrx_word' id='word_1_662' title='bbox 2636 4629 2789 4697; x_wconf 74' lang='grc' dir='ltr'><strong>ῥίζας</strong></span> <span class='ocrx_word' id='word_1_663' title='bbox 2827 4628 2961 4696; x_wconf 80' lang='grc' dir='ltr'><strong>ἔχει,</strong></span> <span class='ocrx_word' id='word_1_664' title='bbox 3009 4630 3102 4681; x_wconf 83' lang='grc' dir='ltr'><strong>καὶ</strong></span> <span class='ocrx_word' id='word_1_665' title='bbox 3147 4629 3349 4693; x_wconf 74' lang='grc' dir='ltr'><strong>ταύτας</strong></span> <span class='ocrx_word' id='word_1_666' title='bbox 3400 4632 3632 4701; x_wconf 83' lang='grc' dir='ltr'><strong>παχείας</strong></span> <span class='ocrx_word' id='word_1_667' title='bbox 3676 4633 3815 4687; x_wconf 70' lang='grc' dir='ltr'><strong>κατὰ</strong></span> <span class='ocrx_word' id='word_1_668' title='bbox 3865 4635 3997 4702; x_wconf 78' lang='grc' dir='ltr'><strong>γῆς.</strong></span> 
     </span>
    </p>
   </div>
   <div class='ocr_carea' id='block_1_89' title="bbox 2423 4720 3995 4793">
    <p class='ocr_par' dir='ltr' id='par_1_89' title="bbox 2423 4720 3995 4793">
     <span class='ocr_line' id='line_1_89' title="bbox 2423 4720 3995 4793; baseline 0.003 -20"><span class='ocrx_word' id='word_1_669' title='bbox 2423 4722 2577 4773; x_wconf 75' lang='grc' dir='ltr'><strong>’Ἐστι</strong></span> <span class='ocrx_word' id='word_1_670' title='bbox 2604 4720 2660 4770; x_wconf 87' lang='grc' dir='ltr'><strong>δὲ</strong></span> <span class='ocrx_word' id='word_1_671' title='bbox 2694 4721 2755 4771; x_wconf 85' lang='grc' dir='ltr'><strong>τὸ</strong></span> <span class='ocrx_word' id='word_1_672' title='bbox 2790 4722 2961 4788; x_wconf 79' lang='grc' dir='ltr'><strong>πάχος</strong></span> <span class='ocrx_word' id='word_1_673' title='bbox 2989 4720 3157 4783; x_wconf 78' lang='grc' dir='ltr'><strong>αὐτῆς</strong></span> <span class='ocrx_word' id='word_1_674' title='bbox 3189 4721 3312 4774; x_wconf 85' lang='grc' dir='ltr'><strong>ὅσον</strong></span> <span class='ocrx_word' id='word_1_675' title='bbox 3338 4722 3595 4793; x_wconf 80' lang='grc' dir='ltr'><strong>βραχίων,</strong></span> <span class='ocrx_word' id='word_1_676' title='bbox 3628 4725 3688 4777; x_wconf 86' lang='grc' dir='ltr'><strong>τὸ</strong></span> <span class='ocrx_word' id='word_1_677' title='bbox 3721 4724 3995 4778; x_wconf 82' lang='grc' dir='ltr'><strong>λεπτότα-</strong></span> 
     </span>
    </p>
   </div>
   <div class='ocr_carea' id='block_1_90' title="bbox 2414 4809 3998 4885">
    <p class='ocr_par' dir='ltr' id='par_1_90' title="bbox 2414 4809 3998 4885">
     <span class='ocr_line' id='line_1_90' title="bbox 2414 4809 3998 4885; baseline 0.006 -24"><span class='ocrx_word' id='word_1_678' title='bbox 2414 4828 2527 4862; x_wconf 85' lang='grc' dir='ltr'><strong>τον.</strong></span> <span class='ocrx_word' id='word_1_679' title='bbox 2564 4809 2710 4881; x_wconf 78' lang='grc' dir='ltr'><strong>Αὕτη</strong></span> <span class='ocrx_word' id='word_1_680' title='bbox 2737 4813 2767 4880; x_wconf 78' lang='grc' dir='ltr'>ἡ</span> <span class='ocrx_word' id='word_1_681' title='bbox 2808 4810 2931 4880; x_wconf 76' lang='grc' dir='ltr'><strong>ῥίζα</strong></span> <span class='ocrx_word' id='word_1_682' title='bbox 2972 4812 3097 4865; x_wconf 81' lang='grc' dir='ltr'><strong>ὅσον</strong></span> <span class='ocrx_word' id='word_1_683' title='bbox 3120 4813 3369 4884; x_wconf 81' lang='grc' dir='ltr'><strong>σπιθαμὴ</strong></span> <span class='ocrx_word' id='word_1_684' title='bbox 3398 4816 3807 4885; x_wconf 81' lang='grc' dir='ltr'><strong>λαμϐανομένη.</strong></span> <span class='ocrx_word' id='word_1_685' title='bbox 3837 4812 3900 4872; x_wconf 74' lang='grc' dir='ltr'><strong>οὗ</strong></span> <span class='ocrx_word' id='word_1_686' title='bbox 3925 4816 3998 4870; x_wconf 73' lang='grc' dir='ltr'><strong>ἂν</strong></span> 
     </span>
    </p>
   </div>
   <div class='ocr_carea' id='block_1_91' title="bbox 2418 4903 3995 4981">
    <p class='ocr_par' dir='ltr' id='par_1_91' title="bbox 2418 4903 3995 4981">
     <span class='ocr_line' id='line_1_91' title="bbox 2418 4903 3995 4981; baseline 0.005 -26"><span class='ocrx_word' id='word_1_687' title='bbox 2418 4903 2721 4974; x_wconf 80' lang='grc' dir='ltr'><strong>προσαχθῇ,</strong></span> <span class='ocrx_word' id='word_1_688' title='bbox 2747 4905 2924 4958; x_wconf 81' lang='grc' dir='ltr'><strong>πάντα</strong></span> <span class='ocrx_word' id='word_1_689' title='bbox 2949 4904 3095 4959; x_wconf 71' lang='grc' dir='ltr'><strong>ἕλκει</strong></span> <span class='ocrx_word' id='word_1_690' title='bbox 3126 4905 3263 4978; x_wconf 75' lang='grc' dir='ltr'><strong>πρὸς</strong></span> <span class='ocrx_word' id='word_1_691' title='bbox 3296 4907 3527 4979; x_wconf 76' lang='grc' dir='ltr'><strong>ἑαυτὴν,</strong></span> <span class='ocrx_word' id='word_1_692' title='bbox 3560 4908 3785 4981; x_wconf 78' lang='grc' dir='ltr'><strong>χρυσὸν,</strong></span> <span class='ocrx_word' id='word_1_693' title='bbox 3815 4910 3995 4981; x_wconf 72' lang='grc' dir='ltr'><strong>ἄργυ-</strong></span> 
     </span>
    </p>
   </div>
   <div class='ocr_carea' id='block_1_92' title="bbox 2021 5056 2704 5114">
    <p class='ocr_par' dir='ltr' id='par_1_92' title="bbox 2021 5056 2704 5114">
     <span class='ocr_line' id='line_1_92' title="bbox 2021 5056 2704 5114; baseline -0.012 0"><span class='ocrx_word' id='word_1_694' title='bbox 2021 5059 2252 5114; x_wconf 70' lang='grc' dir='ltr'><strong>νΑιιιΑῐ</strong></span> <span class='ocrx_word' id='word_1_695' title='bbox 2296 5056 2704 5112; x_wconf 80' lang='lat' dir='ltr'><strong>LECTIONES.</strong></span> 
     </span>
    </p>
   </div>
   <div class='ocr_carea' id='block_1_93' title="bbox 807 5159 2136 5245">
    <p class='ocr_par' dir='ltr' id='par_1_93' title="bbox 807 5159 2136 5245">
     <span class='ocr_line' id='line_1_93' title="bbox 807 5159 2136 5245; baseline 0.002 -38"><span class='ocrx_word' id='word_1_696' title='bbox 807 5176 851 5207; x_wconf 76' lang='grc' dir='ltr'><strong>ιι</strong></span> <span class='ocrx_word' id='word_1_697' title='bbox 881 5174 1046 5245; x_wconf 63' lang='grc' dir='ltr'><strong>φησὶν</strong></span> <span class='ocrx_word' id='word_1_698' title='bbox 1080 5171 1157 5235; x_wconf 72' lang='grc' dir='ltr'><strong>ὡς</strong></span> <span class='ocrx_word' id='word_1_699' title='bbox 1187 5170 1231 5224; x_wconf 78' lang='grc' dir='ltr'>Α</span> <span class='ocrx_word' id='word_1_700' title='bbox 1266 5184 1281 5221; x_wconf 85' lang='lat'><strong>:</strong></span> <span class='ocrx_word' id='word_1_701' title='bbox 1310 5164 1447 5237; x_wconf 77' lang='grc' dir='ltr'><strong>φησὶ</strong></span> <span class='ocrx_word' id='word_1_702' title='bbox 1468 5163 1578 5218; x_wconf 84' lang='grc' dir='ltr'><strong>τῶν</strong></span> <span class='ocrx_word' id='word_1_703' title='bbox 1608 5180 1669 5229; x_wconf 83' lang='grc' dir='ltr'><strong>ς.</strong></span> <span class='ocrx_word' id='word_1_704' title='bbox 1748 5162 1796 5194; x_wconf 81' lang='grc'><strong>³¹</strong></span> <span class='ocrx_word' id='word_1_705' title='bbox 1822 5160 1878 5215; x_wconf 72' lang='grc' dir='ltr'><strong>δὲ</strong></span> <span class='ocrx_word' id='word_1_706' title='bbox 1907 5174 2015 5215; x_wconf 89' lang='lat' dir='ltr'><strong>om.</strong></span> <span class='ocrx_word' id='word_1_707' title='bbox 2071 5159 2136 5210; x_wconf 79' lang='grc' dir='ltr'><strong>Α.</strong></span> 
     </span>
    </p>
   </div>
   <div class='ocr_carea' id='block_1_94' title="bbox 2242 5155 2652 5225">
    <p class='ocr_par' dir='ltr' id='par_1_94' title="bbox 2242 5155 2652 5225">
     <span class='ocr_line' id='line_1_94' title="bbox 2242 5155 2652 5225; baseline 0.01 -19"><span class='ocrx_word' id='word_1_708' title='bbox 2242 5156 2283 5185; x_wconf 87' lang='grc'><em>³³</em></span> <span class='ocrx_word' id='word_1_709' title='bbox 2313 5155 2562 5225; x_wconf 79' lang='grc' dir='ltr'><strong>δίκαιρον</strong></span> <span class='ocrx_word' id='word_1_710' title='bbox 2593 5172 2652 5219; x_wconf 85' lang='grc' dir='ltr'><strong>ς.</strong></span> 
     </span>
    </p>
   </div>
   <div class='ocr_carea' id='block_1_95' title="bbox 2732 5153 3063 5225">
    <p class='ocr_par' dir='ltr' id='par_1_95' title="bbox 2732 5153 3063 5225">
     <span class='ocr_line' id='line_1_95' title="bbox 2732 5153 3063 5225; baseline 0.003 -18"><span class='ocrx_word' id='word_1_711' title='bbox 2732 5153 2776 5185; x_wconf 73' lang='grc'>³⁸</span> <span class='ocrx_word' id='word_1_712' title='bbox 2809 5156 2969 5225; x_wconf 81' lang='grc' dir='ltr'><strong>μόνον</strong></span> <span class='ocrx_word' id='word_1_713' title='bbox 3000 5178 3063 5225; x_wconf 82' lang='grc' dir='ltr'><strong>ς.</strong></span> 
     </span>
    </p>
   </div>
   <div class='ocr_carea' id='block_1_96' title="bbox 2254 5304 2487 5370">
    <p class='ocr_par' dir='ltr' id='par_1_96' title="bbox 2254 5304 2487 5370">
     <span class='ocr_line' id='line_1_96' title="bbox 2254 5304 2487 5370; baseline 0.009 -12"><span class='ocrx_word' id='word_1_714' title='bbox 2254 5304 2487 5370; x_wconf 68' lang='lat' dir='ltr'><strong>NOTAE.</strong></span> 
     </span>
    </p>
   </div>
   <div class='ocr_carea' id='block_1_97' title="bbox 795 5404 2304 5482">
    <p class='ocr_par' dir='ltr' id='par_1_97' title="bbox 795 5404 2304 5482">
     <span class='ocr_line' id='line_1_97' title="bbox 795 5404 2304 5482; baseline -0.011 -9"><span class='ocrx_word' id='word_1_715' title='bbox 795 5419 908 5482; x_wconf 68' lang='lat' dir='ltr'><strong>ill)</strong></span> <span class='ocrx_word' id='word_1_716' title='bbox 956 5418 1037 5471; x_wconf 77' lang='lat' dir='ltr'><strong>An</strong></span> <span class='ocrx_word' id='word_1_717' title='bbox 1091 5415 1195 5469; x_wconf 90' lang='lat' dir='ltr'><strong>huc</strong></span> <span class='ocrx_word' id='word_1_718' title='bbox 1236 5416 1373 5467; x_wconf 79' lang='lat' dir='ltr'><strong>forte</strong></span> <span class='ocrx_word' id='word_1_719' title='bbox 1412 5404 2056 5482; x_wconf 49' lang='lat' dir='ltr'><strong>l‘aciténtigoniﬁarrat.</strong></span> <span class='ocrx_word' id='word_1_720' title='bbox 2108 5404 2304 5456; x_wconf 87' lang='lat' dir='ltr'><strong>mirah.</strong></span> 
     </span>
    </p>
   </div>
   <div class='ocr_carea' id='block_1_98' title="bbox 736 5478 2305 5549">
    <p class='ocr_par' dir='ltr' id='par_1_98' title="bbox 736 5478 2305 5549">
     <span class='ocr_line' id='line_1_98' title="bbox 736 5478 2305 5549; baseline -0.015 -2"><span class='ocrx_word' id='word_1_721' title='bbox 736 5478 839 5547; x_wconf 22' lang='lat'><strong>16.0</strong></span> <span class='ocrx_word' id='word_1_722' title='bbox 865 5478 1100 5544; x_wconf 81' lang='lat' dir='ltr'><strong>Ctesiant</strong></span> <span class='ocrx_word' id='word_1_723' title='bbox 1136 5486 1399 5542; x_wconf 79' lang='lat' dir='ltr'><strong>scribere.</strong></span> <span class='ocrx_word' id='word_1_724' title='bbox 1448 5483 1500 5534; x_wconf 93' lang='lat' dir='ltr'><strong>in</strong></span> <span class='ocrx_word' id='word_1_725' title='bbox 1541 5478 1816 5549; x_wconf 64' lang='lat' dir='ltr'><strong>Etltiopia</strong></span> <span class='ocrx_word' id='word_1_726' title='bbox 1856 5479 2058 5530; x_wconf 71' lang='lat' dir='ltr'><strong>fontem</strong></span> <span class='ocrx_word' id='word_1_727' title='bbox 2112 5489 2305 5541; x_wconf 84' lang='lat' dir='ltr'><strong>aquam</strong></span> 
     </span>
    </p>
   </div>
   <div class='ocr_carea' id='block_1_99' title="bbox 734 5552 2309 5619">
    <p class='ocr_par' dir='ltr' id='par_1_99' title="bbox 734 5552 2309 5619">
     <span class='ocr_line' id='line_1_99' title="bbox 734 5552 2309 5619; baseline -0.014 0"><span class='ocrx_word' id='word_1_728' title='bbox 734 5566 935 5619; x_wconf 82' lang='lat' dir='ltr'><strong>habere</strong></span> <span class='ocrx_word' id='word_1_729' title='bbox 961 5561 1132 5613; x_wconf 86' lang='lat' dir='ltr'><strong>instar</strong></span> <span class='ocrx_word' id='word_1_730' title='bbox 1156 5554 1468 5611; x_wconf 88' lang='lat' dir='ltr'><strong>cinnabaris</strong></span> <span class='ocrx_word' id='word_1_731' title='bbox 1498 5552 1801 5614; x_wconf 88' lang='lat' dir='ltr'><strong>rubentem,</strong></span> <span class='ocrx_word' id='word_1_732' title='bbox 1832 5563 1951 5617; x_wconf 61' lang='lat' dir='ltr'><strong>quae</strong></span> <span class='ocrx_word' id='word_1_733' title='bbox 1974 5556 2095 5617; x_wconf 80' lang='lat' dir='ltr'><strong>pota</strong></span> <span class='ocrx_word' id='word_1_734' title='bbox 2123 5560 2309 5597; x_wconf 87' lang='lat' dir='ltr'><strong>vecor-</strong></span> 
     </span>
    </p>
   </div>
   <div class='ocr_carea' id='block_1_100' title="bbox 735 5629 2310 5767">
    <p class='ocr_par' dir='ltr' id='par_1_100' title="bbox 735 5629 2310 5767">
     <span class='ocr_line' id='line_1_100' title="bbox 735 5629 2310 5767; baseline -0.002 -5"><span class='ocrx_word' id='word_1_735' title='bbox 735 5629 1149 5767; x_wconf 44' lang='grc' dir='ltr'><strong>ἀϐῖιὲᾖύῖιῗίὰῑιε</strong></span> <span class='ocrx_word' id='word_1_736' title='bbox 1184 5705 1238 5750; x_wconf 83' lang='lat' dir='ltr'><strong>et</strong></span> <span class='ocrx_word' id='word_1_737' title='bbox 1269 5696 1387 5749; x_wconf 72' lang='lat' dir='ltr'><strong>lucc</strong></span> <span class='ocrx_word' id='word_1_738' title='bbox 1430 5711 1459 5747; x_wconf 82' lang='lat' dir='ltr'><strong>c</strong></span> <span class='ocrx_word' id='word_1_739' title='bbox 1483 5691 1746 5745; x_wconf 81' lang='lat' dir='ltr'><strong>Bavarico</strong></span> <span class='ocrx_word' id='word_1_740' title='bbox 1771 5688 1907 5744; x_wconf 90' lang='lat' dir='ltr'><strong>Cod.</strong></span> <span class='ocrx_word' id='word_1_741' title='bbox 1939 5702 2056 5757; x_wconf 72' lang='lat' dir='ltr'><strong>qum</strong></span> <span class='ocrx_word' id='word_1_742' title='bbox 2088 5695 2310 5755; x_wconf 60' lang='lat' dir='ltr'><strong>llrimcr&#39;</strong></span> 
     </span>
    </p>
   </div>
   <div class='ocr_carea' id='block_1_101' title="bbox 739 5769 1345 5835">
    <p class='ocr_par' dir='ltr' id='par_1_101' title="bbox 739 5769 1345 5835">
     <span class='ocr_line' id='line_1_101' title="bbox 739 5769 1345 5835; baseline -0.017 -6"><span class='ocrx_word' id='word_1_743' title='bbox 739 5770 995 5831; x_wconf 85' lang='lat' dir='ltr'><strong>mittenda</strong></span> <span class='ocrx_word' id='word_1_744' title='bbox 1031 5786 1135 5822; x_wconf 87' lang='lat' dir='ltr'><strong>ltntt</strong></span> <span class='ocrx_word' id='word_1_745' title='bbox 1167 5769 1316 5821; x_wconf 79' lang='lat' dir='ltr'><strong>tluxi.</strong></span> <span class='ocrx_word' id='word_1_746' title='bbox 1344 5830 1345 5835; x_wconf 20' lang='grc' dir='ltr'><strong>η</strong></span> 
     </span>
    </p>
   </div>
   <div class='ocr_carea' id='block_1_102' title="bbox 811 5825 2305 5909">
    <p class='ocr_par' dir='ltr' id='par_1_102' title="bbox 811 5825 2305 5909">
     <span class='ocr_line' id='line_1_102' title="bbox 811 5825 2305 5909; baseline -0.015 -11"><span class='ocrx_word' id='word_1_747' title='bbox 811 5841 923 5909; x_wconf 71' lang='grc'><strong>(45)</strong></span> <span class='ocrx_word' id='word_1_748' title='bbox 958 5842 1031 5898; x_wconf 84' lang='lat' dir='ltr'><strong>De</strong></span> <span class='ocrx_word' id='word_1_749' title='bbox 1057 5841 1203 5897; x_wconf 84' lang='lat' dir='ltr'><strong>Scris</strong></span> <span class='ocrx_word' id='word_1_750' title='bbox 1231 5830 1454 5894; x_wconf 79' lang='lat' dir='ltr'><strong>Lucian.</strong></span> <span class='ocrx_word' id='word_1_751' title='bbox 1498 5847 1708 5903; x_wconf 77' lang='lat' dir='ltr'><strong>quoque</strong></span> <span class='ocrx_word' id='word_1_752' title='bbox 1745 5830 2014 5902; x_wconf 86' lang='lat' dir='ltr'><strong>proditum</strong></span> <span class='ocrx_word' id='word_1_753' title='bbox 2052 5825 2213 5884; x_wconf 78' lang='lat' dir='ltr'><strong>refert</strong></span> <span class='ocrx_word' id='word_1_754' title='bbox 2243 5825 2305 5880; x_wconf 70' lang='lat' dir='ltr'><strong>ad</strong></span> 
     </span>
    </p>
   </div>
   <div class='ocr_carea' id='block_1_103' title="bbox 2414 5401 3704 5471">
    <p class='ocr_par' dir='ltr' id='par_1_103' title="bbox 2414 5401 3704 5471">
     <span class='ocr_line' id='line_1_103' title="bbox 2414 5401 3704 5471; baseline -0.001 -16"><span class='ocrx_word' id='word_1_755' title='bbox 2414 5401 2969 5471; x_wconf 66' lang='lat' dir='ltr'><strong>trecentesimumeos</strong></span> <span class='ocrx_word' id='word_1_756' title='bbox 2996 5402 3119 5455; x_wconf 73' lang='lat' dir='ltr'><strong>vitae</strong></span> <span class='ocrx_word' id='word_1_757' title='bbox 3144 5416 3345 5456; x_wconf 90' lang='lat' dir='ltr'><strong>annum</strong></span> <span class='ocrx_word' id='word_1_758' title='bbox 3375 5401 3704 5471; x_wconf 80' lang='lat' dir='ltr'><strong>pertingere.</strong></span> 
     </span>
    </p>
   </div>
   <div class='ocr_carea' id='block_1_104' title="bbox 2472 5470 3115 5543">
    <p class='ocr_par' dir='ltr' id='par_1_104' title="bbox 2472 5470 3115 5543">
     <span class='ocr_line' id='line_1_104' title="bbox 2472 5470 3115 5543; baseline -0.003 -18"><span class='ocrx_word' id='word_1_759' title='bbox 2472 5472 2588 5543; x_wconf 72' lang='grc' dir='ltr'><strong>(Η)</strong></span> <span class='ocrx_word' id='word_1_760' title='bbox 2622 5470 2757 5524; x_wconf 83' lang='lat' dir='ltr'><strong>Vide</strong></span> <span class='ocrx_word' id='word_1_761' title='bbox 2790 5470 2885 5525; x_wconf 79' lang='lat' dir='ltr'><strong>inf.</strong></span> <span class='ocrx_word' id='word_1_762' title='bbox 2915 5488 2966 5535; x_wconf 80' lang='grc' dir='ltr'><strong>υ.</strong></span> <span class='ocrx_word' id='word_1_763' title='bbox 2999 5488 3115 5541; x_wconf 88' lang='lat' dir='ltr'><strong>seq.</strong></span> 
     </span>
    </p>
   </div>
   <div class='ocr_carea' id='block_1_105' title="bbox 2484 5541 3976 5614">
    <p class='ocr_par' dir='ltr' id='par_1_105' title="bbox 2484 5541 3976 5614">
     <span class='ocr_line' id='line_1_105' title="bbox 2484 5541 3976 5614; baseline -0.001 -19"><span class='ocrx_word' id='word_1_764' title='bbox 2484 5541 2596 5609; x_wconf 70' lang='grc'><strong>(45)</strong></span> <span class='ocrx_word' id='word_1_765' title='bbox 2624 5544 2778 5614; x_wconf 71' lang='lat' dir='ltr'><strong>Plura</strong></span> <span class='ocrx_word' id='word_1_766' title='bbox 2811 5546 3083 5607; x_wconf 63' lang='lat' dir='ltr'><strong>excvrpsit</strong></span> <span class='ocrx_word' id='word_1_767' title='bbox 3114 5543 3179 5596; x_wconf 91' lang='lat' dir='ltr'><strong>de</strong></span> <span class='ocrx_word' id='word_1_768' title='bbox 3204 5544 3303 5597; x_wconf 90' lang='lat' dir='ltr'><strong>hac</strong></span> <span class='ocrx_word' id='word_1_769' title='bbox 3326 5542 3533 5596; x_wconf 86' lang='lat' dir='ltr'><strong>avicula</strong></span> <span class='ocrx_word' id='word_1_770' title='bbox 3564 5541 3767 5597; x_wconf 63' lang='lat' dir='ltr'><strong>Elian.</strong></span> <span class='ocrx_word' id='word_1_771' title='bbox 3793 5544 3886 5599; x_wconf 87' lang='lat' dir='ltr'><strong>lib.</strong></span> <span class='ocrx_word' id='word_1_772' title='bbox 3915 5560 3976 5614; x_wconf 66' lang='grc' dir='ltr'><strong>ιν,</strong></span> 
     </span>
    </p>
   </div>
   <div class='ocr_carea' id='block_1_106' title="bbox 2412 5612 3021 5680">
    <p class='ocr_par' dir='ltr' id='par_1_106' title="bbox 2412 5612 3021 5680">
     <span class='ocr_line' id='line_1_106' title="bbox 2412 5612 3021 5680; baseline -0.005 -12"><span class='ocrx_word' id='word_1_773' title='bbox 2412 5630 2531 5680; x_wconf 81' lang='lat' dir='ltr'><strong>cap.</strong></span> <span class='ocrx_word' id='word_1_774' title='bbox 2569 5614 2656 5676; x_wconf 72' lang='grc'><strong>41,</strong></span> <span class='ocrx_word' id='word_1_775' title='bbox 2692 5612 2763 5664; x_wconf 84' lang='lat' dir='ltr'><strong>De</strong></span> <span class='ocrx_word' id='word_1_776' title='bbox 2798 5614 3021 5665; x_wconf 76' lang='lat' dir='ltr'><strong>animal.</strong></span> 
     </span>
    </p>
   </div>
   <div class='ocr_carea' id='block_1_107' title="bbox 2486 5681 3979 5749">
    <p class='ocr_par' dir='ltr' id='par_1_107' title="bbox 2486 5681 3979 5749">
     <span class='ocr_line' id='line_1_107' title="bbox 2486 5681 3979 5749; baseline -0.002 -15"><span class='ocrx_word' id='word_1_777' title='bbox 2486 5686 2597 5747; x_wconf 63' lang='lat' dir='ltr'><strong>(ili)</strong></span> <span class='ocrx_word' id='word_1_778' title='bbox 2639 5685 2792 5749; x_wconf 79' lang='lat' dir='ltr'><strong>Apud</strong></span> <span class='ocrx_word' id='word_1_779' title='bbox 2825 5683 3161 5748; x_wconf 80' lang='lat' dir='ltr'><strong>Apollonium</strong></span> <span class='ocrx_word' id='word_1_780' title='bbox 3187 5723 3202 5746; x_wconf 91' lang='lat'><strong>,</strong></span> <span class='ocrx_word' id='word_1_781' title='bbox 3238 5698 3359 5734; x_wconf 84' lang='lat' dir='ltr'><strong>rum</strong></span> <span class='ocrx_word' id='word_1_782' title='bbox 3405 5681 3561 5743; x_wconf 86' lang='lat' dir='ltr'><strong>huius</strong></span> <span class='ocrx_word' id='word_1_783' title='bbox 3603 5682 3704 5735; x_wconf 85' lang='lat' dir='ltr'><strong>loci</strong></span> <span class='ocrx_word' id='word_1_784' title='bbox 3754 5685 3979 5735; x_wconf 73' lang='lat' dir='ltr'><strong>mentio-</strong></span> 
     </span>
    </p>
   </div>
   <div class='ocr_carea' id='block_1_108' title="bbox 2417 5752 3982 5823">
    <p class='ocr_par' dir='ltr' id='par_1_108' title="bbox 2417 5752 3982 5823">
     <span class='ocr_line' id='line_1_108' title="bbox 2417 5752 3982 5823; baseline -0.001 -15"><span class='ocrx_word' id='word_1_785' title='bbox 2417 5771 2536 5808; x_wconf 88' lang='lat' dir='ltr'><strong>ucm</strong></span> <span class='ocrx_word' id='word_1_786' title='bbox 2585 5753 2709 5808; x_wconf 66' lang='lat' dir='ltr'><strong>facit</strong></span> <span class='ocrx_word' id='word_1_787' title='bbox 2742 5753 2904 5822; x_wconf 72' lang='lat' dir='ltr'><strong>(Hist.</strong></span> <span class='ocrx_word' id='word_1_788' title='bbox 2941 5752 3194 5819; x_wconf 61' lang='lat' dir='ltr'><strong>mirabih,</strong></span> <span class='ocrx_word' id='word_1_789' title='bbox 3246 5754 3349 5823; x_wconf 79' lang='grc' dir='ltr'><strong>Π),</strong></span> <span class='ocrx_word' id='word_1_790' title='bbox 3409 5752 3654 5823; x_wconf 74' lang='grc' dir='ltr'><strong>πὰρυϐον</strong></span> <span class='ocrx_word' id='word_1_791' title='bbox 3703 5753 3864 5809; x_wconf 85' lang='lat' dir='ltr'><strong>hodie</strong></span> <span class='ocrx_word' id='word_1_792' title='bbox 3907 5754 3982 5807; x_wconf 84' lang='lat' dir='ltr'><strong>lt:-</strong></span> 
     </span>
    </p>
   </div>
   <div class='ocr_carea' id='block_1_109' title="bbox 2418 5836 2580 5895">
    <p class='ocr_par' dir='ltr' id='par_1_109' title="bbox 2418 5836 2580 5895">
     <span class='ocr_line' id='line_1_109' title="bbox 2418 5836 2580 5895; baseline 0.006 -18"><span class='ocrx_word' id='word_1_793' title='bbox 2418 5836 2580 5895; x_wconf 65' lang='lat' dir='ltr'><strong>glltlr.</strong></span> 
     </span>
    </p>
   </div>
  </div>
