4224 6442
714 432 826 495 223

1878 420 2137 485 ΡΗΟΤΙΙ
2177 420 2678 479 ΡΛΤΠΙΛΠΟΗΕ
2712 421 2819 480 Cl‘.

3869 414 3980 480 294

718 544 835 597 ha'c
866 540 918 592 in
944 538 1051 592 illis
1080 534 1368 592 arboribus
1386 548 1508 605 qua:
1531 532 1810 589 succinum
1836 532 2038 595 ferunt,
2072 546 2289 585 earum-
2322 532 2368 587 Α

2433 531 2631 601 κὼληε.
2665 533 2773 584 Ka‘t
2804 532 3010 600 γίνεται
3034 531 3206 585 ταῦτα
3245 530 3339 583 ἐπὶ
3370 529 3480 583 τῶν
3506 529 3739 599 δένδρων
3763 530 3876 586 τῶν
3909 532 3979 587 τὺ

719 648 828 705 que
853 632 1059 687 fructus
1082 632 1149 683 ad
1174 644 1296 684 eum
1328 629 1547 682 modum
1574 627 1867 695 depascere
1886 637 2052 695 atque
2079 626 2293 689 vitiare,

718 742 834 796 quo
865 724 1110 794 phthires
1140 722 1280 791 apud
1315 720 1536 775 Graecos
1571 722 1710 773 vites
1741 720 1965 788 perdere
1987 732 2049 771 ac
2080 727 2297 771 vastare

719 817 918 875 Solent.
947 814 1091 887 48a
1138 813 1298 869 Indos
1325 813 1511 880 itaque
1545 810 1874 867 animalibus
1906 809 2055 863 hisce
2088 809 2295 862 contri-

725 912 797 965 tis
828 909 1055 980 punicea
1081 922 1177 961 sua
1195 920 1319 976 saga
1349 906 1689 974 tunicasque.
1716 915 1771 957 et
1797 902 2053 972 quidquid
2072 911 2298 969 praeter-

719 1019 792 1058 ea
828 1002 994 1057 velint
1017 1039 1035 1065 ,
1068 999 1290 1053 inlicere
1316 1036 1333 1062 ,
1368 998 1606 1051 tinctura
1659 997 1818 1066 longe
1863 1008 2028 1065 quam
2075 992 2298 1049 Persica

724 1092 1130 1163 pmstantiore.

798 1182 993 1238 Narrat
1023 1184 1243 1249 insuper
1272 1179 1374 1232 hos
1398 1174 1795 1245 cynocephalus
1816 1173 1871 1227 in
1900 1170 2175 1227 montibus
2205 1171 2304 1227 ha-

726 1276 967 1331 bitantes
998 1272 1202 1326 nullum
1232 1282 1493 1324 exercere
1529 1266 1843 1336 Opiﬁciutn;
1892 1264 1985 1319 sed
2034 1263 2104 1319 de
2132 1278 2302 1318 vena-

729 1368 881 1422 tione
909 1366 1112 1429 vivere,
1136 1362 1389 1429 ferasque
1416 1374 1552 1429 quas
1579 1357 1875 1413 occiderint
1903 1356 1971 1410 ad
1991 1354 2158 1410 solem
2185 1365 2303 1409 tor-

731 1472 874 1511 rere.
921 1454 1164 1523 Magnam
1224 1449 1577 1505 nihilominus
1630 1447 1841 1516 pecoris
1870 1446 2081 1514 copiam
2130 1444 2302 1509 alere,

732 1560 1130 1619 caprarumqne
1154 1554 1208 1598 et
1231 1544 1412 1598 ovium
1450 1558 1465 1594 :
1491 1555 1719 1606 quarum
1750 1537 1966 1605 quidem
2000 1536 2180 1589 ovium
2221 1536 2306 1590 lac

733 1649 899 1706 atque
924 1635 1157 1705 osygala
1190 1647 1288 1702 pro
1317 1640 1444 1699 potu
1474 1628 1582 1680 illis
1609 1626 1700 1679 sit.
1740 1623 1897 1677 Vesci
1936 1635 2111 1675 tamen
2140 1623 2304 1675 etiam

731 1726 1029 1795 sipachorze
1074 1723 1287 1786 fructu;
1337 1735 1368 1774 e
1415 1732 1521 1785 qua
1555 1715 1656 1788 [uti
1704 1716 1909 1766 dictum
1954 1721 2033 1766 est
2065 1710 2304 1782 arbore],

734 1818 1012 1872 succinum
1052 1821 1310 1875 emanat;
1355 1810 1560 1862 dulcem
1602 1807 1743 1861 enim
1782 1806 1935 1857 illum
1983 1819 2121 1857 esse.
2155 1803 2306 1857 llunc

734 1909 863 1962 item
903 1907 1022 1959 illos
1045 1904 1284 1958 fructum
1318 1901 1621 1957 arefactum
1662 1902 1713 1952 in
1743 1897 1939 1952 corbes
1970 1896 2303 1964 constipare,

734 2002 803 2056 ad
829 2017 950 2055 eum
998 1999 1215 2052 modum
1264 2014 1372 2067 quo
1417 2012 1553 2050 uvas
1598 2008 1783 2062 passas
1831 1990 2029 2047 01·ωεὶ.
2075 1989 2307 2044 Eosdem

736 2093 858 2147 illos
906 2090 1300 2162 eynoccphalos
1357 2097 1526 2141 ratem
1580 2100 1796 2155 quoque
1847 2081 2309 2149 extemporariam

733 2195 1055 2240 construere
1082 2225 1096 2247 ,
1134 2198 1241 2252 qua
1272 2182 1579 2249 impositum
1611 2179 1769 2245 huius
1798 2177 2003 2229 fruetus
2030 2188 2169 2227 unus
2193 2214 2208 2238 ,
2255 2182 2315 2226 ut

736 2288 795 2335 et
825 2293 1077 2347 purpura:
1120 2277 1237 2346 (sed
1276 2284 1503 2344 purgato
1543 2274 1693 2340 prius
1719 2271 1834 2335 ejus
1869 2270 2021 2336 llore)
2070 2270 2313 2336 itemque

744 2369 961 2435 electri,
994 2370 1061 2422 ad
1089 2370 1319 2421 ducenta
1352 2376 1405 2420 et
1435 2363 1715 2432 sexaginta
1748 2362 1947 2416 talenta
1972 2400 1987 2422 ,
2016 2358 2314 2430 quotannis

740 2461 979 2516 avebant
1012 2477 1027 2514 :
1064 2459 1261 2514 additis
1315 2456 1529 2512 talentis
1578 2455 1796 2508 totidem
1850 2453 1993 2506 illius
2033 2450 2315 2519 pigmenti,

743 2568 855 2623 quo
888 2550 1181 2606 infectores
1221 2549 1507 2619 puniceum
1536 2544 1772 2601 colorem
1800 2544 2077 2596 inducunt.
2113 2540 2314 2595 Electri

740 2655 1002 2716 pneterea
1030 2643 1176 2697 mille
1208 2643 1407 2695 talenta
1434 2639 1725 2708 quotannis
1754 2640 1819 2691 ad
1851 2634 2099 2688 ludorum
2134 2648 2315 2702 regem

743 2738 1037 2791 advehere.
1070 2734 1182 2789 Imo
1223 2742 1279 2786 et
1308 2733 1411 2785 alia
1462 2731 1616 2799 plura
1648 2729 1914 2784 devehere
1947 2726 2012 2780 ad
2044 2723 2202 2779 Indos
2232 2738 2324 2777 ve-

743 2829 909 2889 nalia,
937 2841 1037 2895 pro
1065 2826 1263 2893 quihus
1291 2823 1531 2878 vicissim
1559 2835 1748 2888 panes,
1782 2819 2011 2872 farinam
2036 2828 2091 2871 et
2111 2817 2323 2886 xylinas

742 2930 928 2977 vestes
954 2919 1239 2989 accipiant.
1269 2915 1479 2969 Habere
1507 2926 1724 2983 quoque
1750 2926 1908 2966 enses
1929 2909 2173 2974 vernales,
2200 2909 2323 2976 qui-

744 3017 847 3069 bus
878 3012 978 3082 ipsi
1008 3012 1073 3065 ad
1109 3021 1366 3064 venatum
1394 3017 1641 3069 utuntur,
1669 3018 1793 3058 cum
1820 3002 2055 3055 arcubus
2084 3010 2143 3054 et
2167 2999 2324 3069 jacu-

744 3106 850 3170 lis;
898 3103 1262 3173 peritissimos
1310 3099 1455 3153 enim
1497 3113 1620 3152 esse
1658 3093 1935 3165 iaculandi
1963 3102 2127 3160 atque
2157 3091 2325 3160 sagit-

748 3197 919 3259 tandi,
951 3205 1006 3250 et
1035 3207 1293 3263 przeterea
1320 3191 1508 3252 etiam,
1539 3189 1683 3256 quod
1711 3195 1923 3240 montes
1958 3184 2204 3237 hahitent
2241 3182 2323 3234 al-
2347 3212 2392 3273 Ο

747 3300 833 3343 tos
870 3298 1033 3355 atque
1070 3287 1377 3338 inaccessos
1405 3321 1420 3343 ,
1467 3280 1606 3334 hello
1652 3276 2065 3346 insuperabiles.
2117 3274 2315 3342 Regem

749 3380 882 3446 ipsis
912 3394 1008 3447 pro
1039 3390 1264 3430 munere
1295 3374 1485 3441 quinto
1514 3384 1733 3440 quoque
1756 3383 1901 3421 anno
1937 3368 2175 3435 prazhere
2208 3375 2316 3418 tre—

748 3484 906 3527 centa
962 3484 1185 3523 arcuum
1242 3465 1577 3531 totidemque
1608 3459 1915 3530 iaculorum
1958 3458 2158 3520 millia;
2207 3456 2318 3524 jam

749 3565 1016 3634 peltarum
1065 3568 1285 3614 centum
1334 3556 1559 3623 viginti,
1614 3561 1671 3606 et
1717 3550 2017 3619 gladiorum
2060 3548 2321 3617 quinquao

751 3658 897 3725 ginta
930 3653 1118 3706 millia.
1154 3648 1339 3703 Nullas
1375 3649 1506 3700 item
1541 3644 1687 3713 apud
1714 3645 1813 3696 hos
1836 3656 1957 3694 esse
1988 3642 2197 3702 domos,
2231 3640 2324 3694 sed

753 3749 807 3800 in
850 3744 1026 3800 antris
1058 3744 1276 3809 degere.
1323 3738 1380 3791 ln
1421 3737 1709 3792 venatione
1735 3733 1932 3803 jacnlis
1981 3731 2324 3800 potissimum

753 3839 919 3900 feras,
950 3835 1034 3889 Vel
1067 3833 1287 3905 sagittis
1322 3840 1544 3900 petere;
1576 3830 1905 3895 easdemque
1930 3828 2325 3895 persequendo,

754 3931 899 4001 quod
928 3942 1123 3983 cursus
1150 3925 1440 3979 velocitate
1464 3931 1744 3991 prtestent,
1775 3922 1939 3975 etiam
1963 3918 2203 3985 assequi.
2231 3915 2333 3971 llo-

755 4040 875 4080 rum
904 4036 1103 4075 uxores
1129 4020 1300 4075 semel
1328 4018 1592 4072 duntaxat
1618 4031 1714 4085 per
1741 4028 2006 4077 mensem,
2030 4026 2151 4065 cum
2177 4025 2329 4064 meno

755 4126 903 4169 Strua
964 4111 1276 4180 patiuntur,
1336 4106 1561 4171 lavare;
1609 4106 1747 4158 alias
1795 4116 2098 4170 nunquam.
2150 4097 2335 4167 Neque

755 4207 901 4259 vires
939 4218 1173 4272 unquam
1211 4201 1434 4254 omnino
1466 4200 1669 4262 lavare,
1714 4197 1807 4250 sed
1854 4209 2046 4249 manus
2085 4201 2325 4246 tantum-

759 4300 919 4351 modo
964 4296 1205 4350 abluere.
1270 4291 1402 4347 Oleo
1462 4301 1637 4342 tamen
1669 4303 1736 4344 es
1790 4287 1928 4341 lacte
1962 4284 2209 4339 confecto
2256 4292 2338 4335 ter

758 4392 952 4445 saltent
1002 4389 1279 4443 mensihus
1330 4384 1560 4453 singulis
1593 4382 1751 4451 ungi,
1803 4390 1859 4435 et
1892 4377 2117 4447 pellibus
2146 4376 2340 4431 deinde

762 4482 1021 4551 abstergi.
1053 4481 1212 4534 Veste
1235 4478 1303 4531 ad
1340 4478 1454 4532 haec
1485 4475 1587 4540 uti,
1630 4489 1736 4528 non
1772 4470 1962 4525 villosa
1982 4509 1999 4533 ,
2039 4469 2133 4523 sed
2163 4481 2195 4521 e
2223 4466 2342 4536 gla-

2398 621 2659 691 ἠλεκτρον
2686 622 2980 691 φερόντων,
3002 622 3098 675 καὶ
3123 623 3216 675 τὸν
3233 621 3441 690 καρπὸν
3475 620 3751 673 κατεσθίει
3787 622 3978 676 αὐτῶν

2398 714 2490 766 καὶ
2512 711 2836 781 διαφθείρει.
2864 712 3051 782 ὥσπερ
3077 714 3135 765 ἐν
3154 716 3265 775 τοῖς
3285 712 3542 780 Ἕλλησιν
3563 712 3612 763 oi
3634 710 3854 779 φθεῖρες
3871 712 3977 772 τάς

2398 802 2700 871 ἀμπέλους.
2732 802 2917 857 Ταῦτα
2954 798 3047 855 οὖν
3094 802 3166 854 τά
3202 801 3366 871 θηρία
3402 798 3682 871 τρίϐοντες
3717 800 3766 851 oi
3819 797 3979 851 Ἰνδοὶ

2401 896 2667 967 βάπτουσι
2703 898 2801 959 τὰς
2839 895 3138 964 φοινικίδας
3170 894 3265 947 καὶ
3301 893 3430 955 τοὺς
3452 890 3688 960 χιτῶνας
3714 889 3811 943 καὶ
3842 889 3981 943 ἀλλο

2399 987 2502 1039 ὃτι
2538 986 2605 1040 ἂν
2650 985 2971 1056 βούλωνται.
3028 984 3141 1037 Καὶ
3197 982 3307 1036 είσὶ
3349 981 3395 1013 ⁸⁷
3436 979 3635 1050 βελτίω
3672 978 3785 1032 τῶν
3818 977 3981 1049 παρά

2401 1078 2636 1149 Πέρσαις
2659 1077 2983 1147 βαμμάτων.

2475 1171 2603 1223 Ὅτι
2629 1171 2701 1222 οἰν
2732 1168 3090 1235 κυνοκέφαλοι
3122 1167 3402 1230 οἰκοῦντες
3433 1167 3493 1221 ιν
3523 1167 3639 1229 τοῖς
3666 1164 3851 1235 ὄρεσιν
3875 1162 3985 1216 οὐκ

2402 1258 2748 1331 ἱργάζονται,
2779 1259 2890 1313 ἀπὸ
2928 1256 3099 1328 θήρας
3123 1256 3183 1311 δὲ
3226 1253 3411 1319 ζῶσιν·
3464 1255 3591 1307 ὅταν
3622 1253 3679 1307 δὲ
3716 1253 3981 1306 ἀποκτεί-

2402 1368 2567 1405 νωσιν
2593 1350 2755 1414 αὐτὰ,
2785 1349 2993 1403 ὀπτῶσι
3017 1348 3152 1419 πρὸς
3177 1346 3269 1400 τὸν
3300 1346 3469 1416 ἥλιον.
3501 1345 3776 1416 Τρέφουσι
3795 1342 3854 1395 δὲ
3883 1343 3984 1395 καὶ

2406 1446 2655 1518 πρόϐατα
2693 1444 2863 1496 πολλά
2915 1444 3009 1496 καὶ
3051 1438 3213 1510 αἶγας
3258 1443 3354 1494 καὶ
3399 1440 3555 1503 ὅνους
3580 1439 3649 1504 ⁸³,
3680 1438 3898 1491 πίνουσι
3921 1438 3984 1491 δὲ

2404 1538 2546 1607 γάλα
2561 1536 2657 1590 καὶ
2679 1534 2918 1603 ὀξύγαλα
2943 1531 3052 1586 τῶν
3077 1530 3388 1603 προϐάτων.
3406 1529 3679 1583 Ἐσθίουσι
3698 1528 3755 1582 δί
3777 1531 3875 1581 καὶ
3890 1526 3987 1579 τὸν

2407 1627 2620 1700 καρπὸν
2647 1625 2744 1679 τοῦ
2770 1626 3122 1695 σιπταχόρου,
3151 1625 3248 1691 ἀφ’
3272 1617 3334 1676 οὗ
3355 1621 3447 1674 τὸν
3468 1622 3728 1691 ἠλεκτρον
3753 1619 3985 1690 (γλυκὺς

2407 1720 2518 1791 γάρ
2540 1717 2701 1788 ὲστι)’
2750 1718 2844 1771 καὶ
2881 1716 3222 1786 ξηραίνοντες
3245 1714 3455 1778 ἷαύτοὺς
3484 1712 3747 1781 σπυρίδας
3785 1712 3988 1783 cupps.

2409 1809 2929 1878 πτουσιν,ὦσπερὲν
2942 1809 3055 1871 τοῖς
3072 1806 3301 1877 Ἕλλησι
3318 1806 3418 1875 τήν
3438 1803 3705 1871 ἀσταφίδα
3735 1803 3801 1855 δ’.
3830 1805 3893 1855 UE
3927 1802 3989 1855 ιι

2410 1903 2768 1971 κυνοκέφαλοι
2797 1901 3011 1971 σχεδίαν
3057 1886 3419 1969 ποιησάμενοι
3448 1898 3543 1951 καὶ
3571 1894 3849 1957 ἐπιθέντες
3881 1896 3993 1947 ἀπ-

2412 1996 2667 2064 ἀγουσι⁸⁶
2684 1995 2881 2062 φόρτον
2905 1992 3094 2046 τούτου
3125 1992 3221 2045 καὶ⁵
3248 1990 3349 2060 τῆς
3378 1987 3665 2058 πορφύρας
3685 2028 3701 2052 ,
3731 1987 3793 2039 τὸ
3825 1985 3992 2048 ἄνθος

2412 2085 2649 2155 καθαρὸν
2689 2085 3029 2152 ποιήσαντες,
3060 2079 3179 2152 [καὶ
3217 2079 3311 2133 τοῦ
3344 2079 3611 2150 ἠλέκτρου
3646 2075 3715 2146 ἰ]
3745 2075 3788 2141 ξ’
3815 2077 3913 2129 καὶ
3943 2072 3993 2126 δ’

2416 2176 2499 2249 [9|
2540 2177 2632 2246 ll.|
2660 2175 2895 2229 τάλαντα
2928 2172 3021 2227 τοῦ
3044 2171 3292 2226 ἐνιαυτοῦ
3316 2214 3331 2239 ,
3390 2172 3482 2225 καὶ
3512 2173 3618 2241 ὅτῳ
3644 2173 3689 2203 ³¹
3717 2169 3778 2221 τὸ
3806 2168 3991 2238 φοινί-

2414 2284 2531 2322 κιον
2567 2266 2833 2337 βάπτεται
2857 2305 2872 2328 ,
2906 2263 3003 2316 τοῦ
3045 2263 3337 2334 φαρμάκου
3383 2263 3546 2333 ἕτερα
3584 2257 3838 2314 τοσαῦτα.
3876 2259 3993 2313 Kal.

2416 2358 2684 2428 ἠλέκτρου
2718 2356 2861 2424 χίλια
2895 2355 3134 2408 τάλαντα
3160 2354 3436 2421 ἀπάγουσι
3467 2352 3587 2406 κατ’
3636 2351 3884 2405 ἐνιαυτὸν
3914 2349 3996 2418 τῷ

2428 2448 2602 2501 Ἰνδῶν
2626 2447 2966 2517 βασιλεῖ.Καὶ
2991 2444 3157 2513 ἔτερα
3173 2444 3229 2497 δὲ
3256 2444 3587 2510 κατάγοντες
3610 2441 3855 2494 πωλοῦσι
3880 2443 3997 2502 τοῖς

2429 2538 2607 2601 Ἰνδοῖς
2637 2538 2773 2607 πρὸς
2814 2536 3010 2606 ἄρτους
3058 2534 3153 2587 καὶ
3200 2534 3399 2603 ἄλφιτα
3432 2533 3527 2586 καὶ
3560 2531 3745 2598 ξύλινα
3779 2532 3997 2600 ίμάτια.

2419 2630 2666 2687 Πωλοῦσι
2708 2630 2764 2683 δὲ
2797 2629 2891 2681 καὶ
2934 2628 3062 2697 ξίφη
3094 2666 3109 2689 ,
3168 2620 3249 2689 οἷς
3283 2625 3524 2696 χρῶνται
3565 2624 3703 2695 πρὸς
3735 2623 3834 2692 τὴν
3887 2622 4002 2673 τῶν

2421 2725 2626 2797 θηρίων
2655 2726 2850 2793 ἄγραν,
2880 2723 2974 2775 καὶ
3005 2719 3132 2785 τόξα
3168 2722 3261 2773 καὶ
3288 2719 3531 2772 ἀκόντια·
3574 2720 3715 2773 πάνυ
3762 2721 3873 2787 γάρ
3903 2718 4004 2770 καὶ

2420 2817 2588 2871 δεινοί
2612 2818 2747 2868 εἰσιν
2783 2812 3086 2877 ἀκοντίζειν
3120 2816 3214 2866 καὶ
3263 2811 3525 2875 τοξεύειν.
3565 2808 3927 2878 Ἀπολέμητοι
3956 2809 4003 2861 δ’

2422 2912 2529 2964 eici
2555 2910 2643 2963 διά
2669 2909 2731 2961 τὸ
2793 2908 2963 2960 οἰκεῖν
3026 2906 3223 2968 αὐτοὺς
3276 2904 3407 2975 δρεα
3462 2902 3638 2955 ἄϐατα
3668 2902 3762 2953 καὶ
3794 2900 4003 2969 ὑψηλά.

2424 3001 2617 3055 Δίδωσι
2651 2999 2706 3052 δὲ
2740 2998 2921 3058 αὐτοῖς
2960 2995 3048 3047 διά
3098 2994 3351 3060 πέμπτου
3403 2992 3556 3052 ἔτους
3592 2990 3741 3059 δῶρα
3776 2991 3806 3039 ὀ
3845 2989 4008 3057 βασι-

2423 3094 2570 3155 λεὺς,
2599 3093 2639 3143 λ’
2669 3092 2767 3160 μὲν
2799 3087 3063 3159 μυριάδας
3086 3086 3277 3149 τόξων,
3300 3086 3395 3137 καὶ
3421 3083 3689 3136 ἀκοντίων
3712 3081 4005 3141 τοσαύτας,

2426 3185 2634 3238 πελτῶν
2659 3184 2713 3235 δὲ
2734 3181 2820 3252 ιβ’,
2843 3184 2936 3234 καὶ
2952 3179 3145 3249 ξίφηδὲ
3171 3175 3631 3244 πεντακισμύρια.
3648 3172 3871 3234 Τούτοις
3894 3176 4012 3234 τοῖς

2423 3275 2808 3342 κυνοκεφάλοις
2837 3273 2938 3326 οὐκ
2958 3272 3093 3324 είσὶν
3122 3270 3311 3332 οἰκίαι,
3333 3268 3448 3321 ἀλλ’
3479 3270 3535 3319 ὲν
3558 3264 3841 3334 σπηλαίοις
3872 3263 4016 3316 διαι-

2422 3371 2645 3422 τῶνται.
2663 3366 2965 3436 Θηρεύουσι
2981 3364 3038 3417 δὲ
3063 3364 3131 3416 τά
3148 3362 3314 3431 θηρία
3346 3360 3657 3424 τοξεύοντες
3682 3358 3774 3411 καὶ
3791 3358 4017 3409 ἀκοντίο

2425 3458 2732 3524 ζοντες,καὶ
2746 3456 3027 3517 διώκοντες
3052 3451 3551 3521 καταλαμϐάνουσι·
3577 3450 3711 3518 ταχὺ
3739 3450 3847 3518 γὰρ
3888 3448 4019 3517 τρέ-

2425 3570 2600 3624 χουσι.
2620 3550 2877 3603 Λούονται
2900 3547 2957 3600 δὲ
2979 3549 3034 3599 αἱ
3065 3545 3320 3613 γυναῖκες
3338 3541 3518 3597 αὐτῶν
3535 3541 3680 3607 ἅπαξ
3704 3539 3795 3593 τοῦ
3821 3540 4017 3609 μηνὸς,

2426 3645 2554 3697 ὅταν
2581 3641 2649 3693 τὰ
2669 3639 2983 3707 καταμήνια
3004 3637 3190 3696 αὑταῖς
3214 3636 3259 3667 ⁸⁸
3292 3634 3441 3703 ἔλθῃ,
3464 3631 3653 3684 ἄλλοτε
3673 3632 3717 3685 δ’
3752 3630 3813 3683 οὗ
3834 3646 3848 3659 ’
3868 3631 3921 3682 οἱ
3960 3629 4020 3682 δὲ

2428 3732 2616 3801 ἄνδρες
2644 3732 2704 3783 ού
2737 3728 2987 3782 λούονται
3030 3728 3150 3797 μὲν,
3180 3725 3279 3788 τὰς
3303 3725 3361 3778 δὲ
3400 3726 3589 3794 χεῖρας
3633 3721 4021 3785 ἅπονίζονται.

2443 3824 2641 3892 Ἐλαίῳ
2670 3821 2726 3873 δὲ
2772 3820 3014 3890 χρίονται
3059 3818 3103 3850 ⁸⁸
3136 3817 3256 3887 τρὶς
3297 3814 3390 3868 τοῦ
3440 3815 3631 3884 μηνδις,
3664 3813 3742 3886 τῷ
3772 3816 3883 3866 ἀπὸ
3922 3810 4021 3864 τοῦ

2431 3915 2701 3984 γάλακτος
2737 3910 3041 3979 γινομένῳ,
3077 3909 3172 3961 καὶ
3219 3908 3562 3976 ἐκτρίϐονται
3600 3908 3859 3975 δέρμασι.
3906 3904 4024 3971 Τήν

2432 4005 2490 4057 δὲ
2546 4002 2749 4071 ἐσθῆτα
2796 3999 3011 4069 ἔχουσιν
3067 3998 3128 4049 οὐ
3180 3997 3399 4050 δασεῖαν
3429 4035 3445 4060 ,
3512 3994 3648 4048 ἀλλὰ
3680 3994 3852 4061 ψιλῶν
3912 3995 4025 4047 τῶν

2442 4093 2871 4165 μασθλημάτων,
2935 4090 3011 4153 ὡς
3089 4088 3465 4149 λεπτοτάτων,
3531 4087 3625 4140 καὶ
3685 4086 3842 4139 αὐτοὶ
3926 4087 4026 4137 καὶ

2442 4186 2497 4236 αἱ
2563 4183 2822 4250 γυναῖκες
2885 4178 3085 4231 αὐτῶν.
3151 4176 3215 4227 Ui
3281 4174 3337 4228 δὲ
3385 4174 3779 4226 πλουσιώτατοι
3842 4173 4024 4225 αὐτῶν

2439 4276 2560 4328 λινᾶ
2618 4273 2897 4342 φοροῦσιν·
2975 4266 3119 4321 οὗτοι
3168 4268 3213 4320 δ’
3256 4268 3393 4319 εἰσὶν
3449 4266 3641 4333 ὀλίγοι.
3713 4267 3908 4317 κλῖναι
3966 4266 4027 4317 δὲ

2440 4369 2621 4429 αὐτοῖς
2654 4367 2753 4419 οὑκ
2775 4366 2932 4426 εἰσὶν,
2971 4362 3107 4414 ἀλλα
3140 4360 3397 4422 στιϐάδας
3445 4358 3748 4413 ποιοῦνται.
3775 4351 3945 4420 Οὗτος
3978 4357 4027 4409 δ’

2443 4461 2623 4515 αὐτῶν
2655 4458 3056 4517 πλουσιώτατος
3100 4454 3382 4523 νομίζεται
3419 4448 3580 4516 εἶναι,
3622 4446 3667 4520 ᾧ
3700 4451 3765 4504 ἂν
3796 4452 4029 4504 πλεῖστα

762 4576 877 4631 hris
910 4543 1314 4639 niaceratisque
1339 4568 1575 4638 pellibus
1607 4579 1770 4634 quam
1802 4560 2161 4623 tenuissimis,
2194 4558 2342 4626 ipsos

2448 4553 2694 4623 πρόϐατα
2826 4550 2860 4617 ἠ
2894 4547 2949 4599 δὲ
2970 4546 3105 4615 ἀλλη
3131 4545 3291 4597 οὐσία
3318 4544 3693 4613 παραπλησία.
3726 4543 3908 4611 Οὐράν
3966 4543 4026 4595 δὲ

3741 4636 3825 4655 «με

763 4679 916 4733 teque
955 4673 1116 4731 atque
1158 4675 1356 4715 uxores
1398 4655 1682 4725 :exceptis
1720 4654 1859 4708 forte
1886 4650 2173 4706 ditissimis
2205 4650 2347 4703 inter

2448 4647 2636 4716 ἔχουσι
2666 4644 2890 4705 πάντες,
2932 4639 3029 4692 καὶ
3055 4637 3248 4707 ἀνδρες
3293 4638 3387 4689 καὶ
3418 4639 3697 4705 γυναῖκες,
3734 4636 3873 4703 ὑπὲρ
3914 4634 4030 4687 τῶν

763 4774 882 4821 eos,
917 4765 970 4813 et
1002 4756 1067 4807 iis
1106 4753 1323 4822 quidem
1360 4748 1571 4817 paucis,
1603 4747 1696 4815 qui
1748 4746 1923 4800 lineos
1972 4751 2181 4813 gestent
2211 4742 2347 4795 ami-

765 4863 909 4907 ctus.
936 4848 1046 4903 Nec
1082 4850 1211 4901 item
1239 4847 1502 4898 lectorum
1534 4842 1748 4894 novisse
1781 4854 1939 4892 usum
1979 4851 2092 4901 eos,
2130 4835 2220 4903 qui
2250 4849 2346 4887 ex-

766 4956 1147 5012 temporaneos
1191 4940 1294 4994 sibi
1339 4946 1488 4991 toros
1531 4943 1837 4988 exstruant.
1882 4932 2038 4983 Hunc
2079 4929 2221 4997 apud
2251 4942 2345 4981 eos

765 5036 1092 5092 ditissimum
1134 5030 1359 5093 haberi,
1405 5028 1497 5097 qui
1534 5026 1825 5095 plurimum
1866 5024 2059 5077 haheat
2104 5019 2342 5089 pecoris,

767 5142 833 5183 ac
879 5126 1113 5194 reliquas
1165 5136 1295 5189 opes
1352 5120 1439 5174 his
1503 5116 1897 5185 propemodum
1942 5126 2063 5165 esse
2116 5109 2344 5163 similes.

767 5220 1006 5275 Candam
1026 5218 1137 5287 (5|)
1162 5216 1384 5280 insuper
1413 5212 1610 5266 habere
1634 5222 1848 5270 omnes,
1878 5215 1986 5258 tam
2012 5205 2156 5257 viros
2179 5216 2343 5269 quam

2453 4740 2659 4809 ἰσχίων,
2680 4736 2907 4803 οἵανπερ
2928 4730 3094 4793 κύων,
3115 4730 3340 4800 μείζονα
3369 4729 3424 4781 δὲ
3456 4730 3549 4780 καὶ
3570 4728 3890 4796 δασυτέραν.
3917 4724 4032 4777 Καὶ

2453 4832 2739 4900 μίσγονται
2797 4827 2917 4887 ταῖς
2987 4820 3201 4890 γυναιξι
3259 4818 3679 4887 τετραποδιστὶ,
3737 4816 3928 4884 ὥσπερ
3981 4817 4033 4867 οἱ

2450 4924 2631 4982 κύνεςο
2692 4917 2819 4990 [155
2867 4913 2957 4985 IL]
3014 4913 3189 4974 ἄλλως
3241 4912 3297 4963 6‘;
3369 4910 3595 4979 μιγῆναι
3643 4909 3825 4969 αὐτοῖς
3882 4907 4035 4958 ἐστὶν

2450 5011 2693 5080 αἰσχρόν.
2736 5010 2943 5061 Δίκαιοι
2968 5005 3023 5057 δέ
3049 5006 3178 5065 εἱσι,
3215 5004 3307 5054 καὶ
3339 4999 3777 5070 μακροϐιώτατοι
3811 4998 4034 5051 πάντων

2450 5102 2752 5173 ἀνθρώπιον
2777 5116 2790 5128 ’
2823 5099 2955 5164 ζῶσι
2979 5096 3088 5167 γὰρ
3119 5095 3213 5165 ἔτη
3262 5093 3303 5164 ρ’
3360 5094 3452 5146 καὶ
3486 5090 3549 5155 0',
3591 5092 3722 5145 ἔνιοι
3750 5092 3808 5145 δὲ
3853 5091 4038 5143 αὐτῶν

2450 5216 2546 5251 και
2580 5214 2642 5247 σ.

770 5311 1046 5379 mulieres,
1083 5325 1243 5380 supra
1275 5309 1484 5373 clunes,
1527 5304 1739 5359 canina:
1769 5302 2025 5363 similem,
2090 5298 2191 5350 nisi
2261 5295 2404 5364 quod
2445 5292 2617 5358 major
2674 5291 2783 5350 sit,
2841 5296 2895 5341 ct
2959 5286 3082 5357 pilis
3144 5282 3381 5338 densior.
3437 5278 3831 5348 derupcdes
3904 5275 4036 5329 item

2078 5412 2309 5467 VARUS
2350 5409 2754 5465 LECTIONl‘IS.

862 5534 906 5563 "’
932 5533 1023 5586 καὶ
1045 5532 1152 5585 εἰσὶ
1182 5530 1225 5583 Δ
1256 5547 1269 5583 :
1303 5526 1410 5580 είσὶ
1432 5527 1488 5580 δὲ
1515 5527 1609 5579 καὶ
1638 5542 1700 5588 ς.
1777 5521 1823 5553 ⁸⁸
1848 5522 2003 5582 ὅνους
2029 5520 2065 5571 Λ
2098 5536 2110 5571 :
2138 5517 2218 5579 ὅῖς
2248 5533 2308 5579 ς’.
2386 5516 2429 5545 δ’
2467 5511 2693 5581 σταφίδα
2728 5528 2787 5574 ς.
2864 5507 2909 5539 ⁵⁸
2935 5507 3199 5573 ἐπάγουσι
3228 5504 3288 5555 .\.
3364 5501 3406 5535 "
3436 5498 3697 5569 ἠλέκτρου
3724 5509 3837 5549 om.
3870 5510 3952 5563 pr.
3977 5491 4041 5546 Δ.

781 5609 827 5639 ⁸³
863 5603 991 5677 ὅτῳ]
1028 5603 1170 5656 οὓτω
1194 5618 1254 5666 ς’.
1331 5600 1378 5631 ⁸³
1414 5598 1585 5667 αὐτῆς
1616 5600 1674 5662 ιι.
1751 5594 1798 5625 ⁵⁸
1828 5592 2165 5663 χρῶνταιες.

2312 5703 2540 5757 NOV/15.

864 5832 975 5907 (fil)
1012 5836 1378 5894 Caudatorum
1410 5834 1693 5891 hominum
1726 5826 1970 5885 meminit
1998 5839 2213 5895 quoque
2250 5822 2385 5877 l'lin.
2423 5820 2512 5873 lih.
2550 5834 2642 5880 ιιι,
2680 5833 2799 5887 cap.
2830 5814 2864 5867 ‘2.
2888 5814 2939 5865 in
2978 5812 3101 5865 line.
