4224 6442
195 384 303 449 223

1288 376 1811 439 BIBLIOTHECA.
1850 399 1919 411 -
1954 374 2122 435 COD.
2159 374 2399 436 LXXII.

191 491 316 557 bos,
385 504 581 546 canum
621 504 789 554 more,
832 503 955 543 cum
987 488 1130 561 58b
1166 488 1502 544 mulieribus.
1531 487 1823 557 congredi,
1865 489 2135 557 aliumque
2178 485 2564 556 congrediendi
2615 486 2829 539 modum
2890 496 3108 538 omnem
3160 497 3261 552 pro
3302 487 3450 556 turpi

194 581 419 637 habere.
451 581 793 637 Iustissimos
834 581 1050 635 eosdem
1082 594 1240 646 esse,
1276 580 1504 649 vitaeque
1537 580 1775 647 reliquos
1817 582 1959 634 inter
1994 579 2241 635 homines
2277 580 2629 649 longissima.
2680 576 2873 633 Vivere
2931 590 3169 646 namque
3217 579 3285 632 ad
3313 591 3448 633 ceu-

193 676 448 727 tesimnm
504 686 668 744 utque
717 686 775 729 et
816 675 1271 746 septuagesimum
1298 715 1314 738 ,
1363 673 1756 743 nonnullasque
1798 676 1870 730 ad
1910 675 2333 730 ducentesimum
2367 690 2584 744 quoque
2616 690 2840 729 annum.

263 769 443 838 ’Υπὲρ
467 769 525 822 δὲ
549 769 755 822 τούτων
782 770 827 801 ⁸⁸
847 771 1066 838 ἑτέρους
1114 768 1247 837 φασὶ
1275 767 1563 837 βιοτεύειν,
1591 769 1636 799 ⁸⁸
1658 767 1770 821 ἄνω
1800 775 1849 830 Α

1800 775 1849 830 Α
1947 767 2056 823 llos
2080 768 2223 822 ultra
2252 767 2444 823 scribit
2476 768 2727 822 habitare
2763 769 2898 822 alios
2940 783 3102 836 supra
3135 768 3281 823 fluvii
3305 769 3453 823 illius

190 860 298 914 τῶν
320 859 519 929 πηγῶν
549 860 643 913 τοῦ
673 859 943 929 ποταμοῦ.
975 853 1135 914 Οὗτοι
1174 859 1217 890 ³⁷
1262 860 1318 912 δὲ
1346 861 1397 911 οἰ
1421 858 1467 891 ⁸⁸
1493 858 1773 929 ἄνθρωποι

193 953 431 1022 μέλανες
463 953 564 1022 μέν
588 956 727 1006 εἰσιν
758 952 952 1023 ὥσπερ
977 954 1028 1006 οι
1058 952 1208 1008 ἄλλοι
1252 952 1423 1012 Ἰνδοὶ.
1451 952 1773 1021 ἐργάζονται

189 1044 245 1097 δὲ
275 1044 455 1109 οὐδὲν,
500 1044 622 1097 οὐδὲ
663 1044 906 1098 ἐσθίουσι
941 1046 1085 1099 σῖτον
1108 1084 1123 1109 ,
1157 1044 1277 1097 οὐδὲ
1321 1043 1565 1097 πίνουσιν
1603 1042 1772 1113 ὕδωρ,

192 1138 446 1204 πρόϐαιά
474 1136 537 1189 δὲ
566 1136 740 1190 πολλά
761 1137 1023 1207 τρέφουσι
1045 1176 1060 1201 ,
1093 1138 1189 1190 καὶ
1216 1136 1342 1206 βοῦς
1365 1136 1460 1188 καὶ
1486 1132 1650 1202 αἶγας
1681 1135 1776 1187 καὶ

191 1229 291 1288 τοῖς·
322 1229 546 1282 πίνουσι
574 1228 631 1281 δὲ
688 1229 753 1282 τὸ
799 1229 942 1298 γάλα
968 1270 985 1294 ,
1044 1228 1174 1283 ἄλλο
1203 1227 1261 1281 δὲ
1286 1228 1457 1281 οὐδέν.
1516 1227 1688 1279 Ὀταν
1720 1226 1777 1278 δὲ

193 1321 423 1390 γένηταί
456 1340 565 1374 τινι
604 1322 785 1375 αὐτῶν
816 1321 1052 1387 παιδίον,
1089 1321 1152 1374 οὐ
1177 1322 1437 1389 τέτρηται
1462 1320 1564 1389 τὴν
1597 1318 1777 1388 πυγὴν

191 1416 313 1468 οὐδὲ
342 1417 643 1479 ἀποπατεῖ,
685 1414 823 1469 άλλά
848 1415 915 1467 τὰ
934 1415 1035 1484 μὲν
1069 1412 1217 1483 ίσχία
1244 1413 1380 1481 ἔχει,
1417 1410 1480 1465 τὸ
1505 1412 1563 1464 δὲ
1587 1411 1778 1482 τρῆμα

195 1509 555 1578 συμπέφυκε.
581 1508 672 1561 Διὸ
701 1506 1045 1561 ἀποωτοῦσι
1070 1505 1167 1575 μὶν
1185 1503 1271 1568 οὒ,
1303 1505 1485 1573 οὐρεῖν
1512 1502 1571 1556 δὲ
1588 1502 1780 1574 ὥσπερ

193 1600 361 1668 τυρὸν
401 1598 607 1660 αὐτούς
644 1616 809 1660 φασιν
857 1599 919 1651 οὗ
950 1598 1093 1649 πάνυ
1133 1597 1313 1665 παχὺν
1363 1595 1499 1648 ἀλλὰ
1534 1595 1775 1664 Θολερόν.

208 1691 380 1744 Ὲπάν
404 1690 462 1742 δὲ
498 1690 641 1758 πρωϊ
672 1689 839 1742 πίωσι
878 1688 972 1740 τοῦ
1013 1688 1319 1755 γάλακτος,
1365 1687 1460 1739 καὶ
1488 1687 1569 1748 είς
1613 1686 1780 1755 μέσον

195 1780 414 1849 ἡμέρας
443 1775 606 1843 αὖθις
638 1779 875 1843 πιόντες,
906 1778 1063 1849 ῥίζαν
1088 1778 1223 1845 φασὶ
1254 1776 1383 1845 παρ’
1412 1777 1597 1839 αὐτοῖς
1640 1773 1781 1830 εἶναι

198 1872 484 1937 γλυκεῖαν,
514 1871 638 1939 ἥτις
683 1871 783 1924 οὑκ
827 1872 893 1941 ἐᾷ.
938 1870 999 1924 τὸ
1037 1870 1177 1938 γάλα
1240 1869 1550 1939 πήγνυσθαι
1597 1872 1656 1923 ὲν
1713 1871 1779 1941 τῇ

199 1965 402 2035 κοιλίᾳ·
458 1962 667 2033 ταύτην
702 1958 797 2017 οὖν
847 1960 1150 2033 τρώγοντες
1185 1960 1269 2022 εἰς
1306 1959 1545 2029 ἑσπέραν
1586 1960 1783 2032 εμετον

199 2058 511 2123 ποιοῦνται,
542 2059 636 2113 καὶ
665 2057 954 2129 ἐξεμοῦσιν
981 2057 1198 2111 ᾶπαντα
1218 2055 1479 2119 εὐκόλως.

266 2324 401 2377 Ὅτι
427 2323 570 2375 εἰσὶν
593 2322 703 2375 ὄνοι
737 2322 921 2390 ἄγριοι
962 2324 1017 2375 ὲν
1065 2325 1178 2385 τοῖς
1221 2322 1422 2386 Ἰνδοῖς,
1457 2322 1565 2376 ἴσοι
1595 2321 1786 2385 ἵπποις

203 2416 296 2468 καὶ
324 2415 576 2485 μείζους⁸
610 2413 797 2467 λευκοὶ
837 2415 895 2467 δέ
952 2416 1057 2467 εἰσι
1081 2415 1146 2467 τὸ
1177 2414 1358 2485 σῶμα,
1383 2416 1481 2484 τὴν
1540 2414 1787 2485 κεφαλὴν

203 2508 501 2578 πορςυροῖ,
533 2508 628 2557 καὶ
664 2505 976 2575 ὀφθαλμοὺς
1000 2504 1182 2575 ἔχουσι
1212 2506 1255 2538 ⁵⁸
1295 2506 1579 2568 κυανέους.
1608 2506 1789 2575 Κέρας

202 2598 257 2651 δὲ
290 2599 408 2667 ἔχει
433 2600 495 2650 ὲν
519 2597 598 2668 τῷ
632 2596 890 2667 μετώπῳ,
925 2597 1041 2660 ἑνὸς
1069 2598 1272 2667 πήχεος
1310 2598 1372 2649 τὸ
1402 2596 1650 2666 μέγεθος.
1680 2596 1790 2650 Καὶ

204 2690 318 2743 ἔστι
341 2690 406 2742 τὸ
435 2688 539 2758 μὲν
556 2689 706 2759 κάτω
720 2687 812 2740 τοῦ
833 2689 1084 2759 κέρατος,
1106 2690 1231 2742 ὅσον
1260 2691 1352 2741 ἐπὶ
1379 2689 1471 2742 δύο
1485 2690 1789 2751 παλαιστὰς

205 2783 342 2852 πρὸς
374 2782 435 2833 τὸ
467 2780 743 2849 μέτωπον,
768 2780 910 2833 πάνυ
928 2779 1139 2832 λευκόν·
1170 2780 1232 2832 τὸ
1252 2781 1306 2833 δὲ
1328 2782 1512 2834 ἐπάνω
1542 2780 1634 2844 ὀξύ
1674 2782 1790 2833 ἐστι

204 2874 296 2927 τοῦ
317 2874 573 2944 κέρατος.
597 2872 833 2925 Τοῦτοδὲ
861 2871 1137 2939 φοινικοῦν
1165 2874 1331 2933 ἐστιν,
1366 2872 1593 2942 ἐρυθρὸν
1624 2873 1789 2925 πάνυ·

214 2966 275 3018 τὸ
296 2965 356 3019 δὲ
383 2965 518 3019 ἄλλο
548 2965 608 3016 τὸ
633 2966 690 3015 ἐν
719 2963 798 3033 τῷ
824 2963 975 3033 μέσῳ
1004 2964 1196 3032 μέλαν.
1215 2964 1309 3016 Ἐκ
1340 2963 1544 3017 τούτων
1571 2965 1619 3015 οί
1642 2964 1794 3016 πιόν-

206 3074 297 3120 τες
314 3057 359 3087 ⁸⁸
392 3055 892 3127 (κατασκευάζουσι
924 3052 1015 3126 [92
1036 3053 1130 3125 1L]
1162 3053 1271 3124 γὰρ
1290 3054 1617 3124 ἐκπώματα)
1653 3070 1794 3108 σπα-

208 3147 357 3219 σμῷ,
381 3148 576 3217 φασὶν,
602 3146 661 3198 οὐ
692 3145 1063 3215 λαμϐάνονται
1086 3143 1208 3197 οὒτε
1234 3148 1302 3216 τῇ
1334 3146 1455 3215 ίερᾷ
1487 3146 1648 3214 νόσῳ,
1676 3144 1793 3197 ἀλλ’

204 3240 327 3293 οὐδὲ
356 3238 679 3309 φαρμάκοις
699 3237 1034 3302 ἁλίσκονται,
1059 3235 1170 3289 οὔτ’
1187 3236 1252 3289 ἀν
1280 3238 1585 3307 προπίωσιν
1600 3235 1794 3291 οὔτ’ἇν

203 3332 284 3402 τῷ
310 3333 652 3402 φαρμάκῳ⁶¹
673 3330 965 3385 ἐπιπίωσιν
984 3332 1016 3400 ἢ
1038 3329 1177 3384 οἶνον
1199 3332 1231 3400 ἢ
1272 3328 1415 3400 ὕδωρ
1440 3328 1623 3400 nam
1654 3346 1707 3381 τι
1729 3331 1794 3381 ὲκ

1875 858 2071 926 fontes,
2110 861 2436 929 reliquorum
2486 862 2738 915 ludorum
2772 862 2947 915 instar
2989 863 3194 931 nigros,
3229 861 3320 930 qui
3359 876 3455 916 ne-

1874 966 1978 1020 que
2021 950 2119 1019 ipsi
2159 951 2451 1020 quidquam
2494 960 2811 1019 operentur.
2852 951 2995 1016 Quin
3042 967 3142 1005 nec
3191 952 3314 1006 cibo
3358 967 3456 1005 eus

1875 1042 2019 1097 vesci
2051 1041 2180 1106 ullo,
2208 1050 2301 1095 aut
2333 1057 2528 1111 aquam
2578 1044 2764 1097 bibere
2792 1059 2807 1106 ;
2847 1044 3060 1111 pecoris
3095 1053 3302 1097 tantum
3333 1058 3453 1097 ma-

1876 1149 2035 1205 gnam
2082 1134 2227 1189 alere
2264 1136 2505 1203 copiam,
2568 1134 2730 1189 boum
2761 1174 2775 1197 ,
2847 1149 3179 1203 caprarum,
3228 1137 3454 1199 ovium;

1879 1229 2073 1282 horum
2107 1227 2190 1283 lac
2220 1226 2427 1290 bibere,
2455 1242 2519 1282 ac
2547 1228 2681 1281 nihil
2716 1236 3002 1296 pneterea.
3043 1226 3280 1283 Infantes
3323 1246 3456 1298 pra:-

1881 1328 2049 1383 terea,
2073 1320 2161 1387 qui
2183 1321 2323 1387 apud
2360 1320 2458 1373 hos
2479 1328 2790 1380 nascantur.
2826 1334 2933 1372 non
2972 1319 3177 1373 habere
3207 1312 3457 1387 perfor'a-

1881 1420 1989 1463 tam
2008 1411 2254 1479 corporis
2282 1410 2364 1464 sui
2393 1411 2601 1473 sedem,
2627 1423 2801 1478 neque
2832 1425 2929 1480 per
2949 1426 3069 1465 eam
3098 1421 3453 1465 excrementa

1880 1504 2115 1570 ejicere;
2144 1516 2264 1555 nam
2285 1502 2388 1556 etsi
2422 1501 2612 1556 clunes
2644 1504 2897 1565 habeant,
2932 1518 3071 1557 anus
3126 1511 3305 1557 tamen
3335 1504 3453 1573 ipse

1880 1595 2103 1650 c0aluit.
2152 1596 2335 1663 Itaque
2381 1594 2515 1648 nihil
2557 1595 2701 1664 ipsos
2743 1595 2959 1663 quidem
2990 1610 3089 1663 per
3119 1610 3317 1650 annum
3357 1611 3457 1650 ex-

1880 1702 2143 1752 cernere;
2191 1689 2287 1741 sed
2326 1701 2612 1740 caseosum
2666 1686 2831 1755 quid,
2886 1686 3126 1756 illudque
3168 1703 3275 1743 non
3323 1703 3457 1742 con-

1882 1782 2198 1849 spissatum,
2248 1787 2300 1833 at
2351 1778 2679 1833 feculentum
2730 1782 3123 1845 tantummodo,
3168 1795 3262 1851 per
3286 1781 3457 1836 urina:

1886 1881 2119 1923 meatum
2147 1871 2363 1937 ejicere.
2396 1868 2551 1935 Quod
2580 1870 2623 1923 si
2663 1869 2801 1925 lacte
2824 1886 2982 1924 mane
3013 1883 3163 1940 pato,
3196 1873 3361 1927 etiam
3401 1874 3455 1928 in

1885 1964 2115 2018 meridie
2158 1962 2489 2025 adbiberint,
2528 1962 2739 2016 dulcem
2778 1968 2917 2029 apud
2966 1978 3061 2018 eos
3100 1965 3331 2021 inveniri
3366 1982 3459 2020 ra-

1886 2059 2059 2111 dicem
2106 2056 2419 2125 quamdam,
2466 2069 2587 2123 quae
2629 2055 2710 2108 lac
2760 2055 2886 2109 illud
2934 2055 2986 2109 in
3032 2069 3219 2109 eorum
3266 2068 3461 2112 ventre

1887 2148 2157 2219 coagulari
2196 2164 2303 2202 non
2344 2149 2505 2203 sinat.
2554 2147 2722 2214 Hujus
2754 2162 2881 2217 ergo
2923 2163 3017 2202 esu
3055 2149 3313 2203 vomitum
3356 2151 3458 2206 sibi

1889 2242 2095 2308 vesperi
2121 2256 2437 2309 provocare,
2466 2255 2562 2308 per
2590 2255 2749 2309 quem
2802 2242 2982 2294 omnia
3024 2240 3183 2295 facile
3209 2241 3453 2311 ejiciant.

1956 2334 2155 2388 Asinos
2173 2334 2311 2405 (6‘2),
2340 2334 2550 2395 scribit,
2584 2332 2746 2387 habet
2786 2332 2930 2386 India
2961 2332 3258 2395 silvestres.
3304 2332 3461 2403 equis

1888 2428 2021 2497 ipsis
2043 2441 2222 2496 pares,
2258 2436 2313 2481 et
2336 2426 2664 2495 quandoque
2714 2424 2949 2492 majores
2985 2426 3113 2494 :qui
3146 2434 3316 2479 totum
3351 2426 3460 2482 albi

1889 2534 2107 2587 corpus,
2128 2529 2295 2588 caput
2326 2519 2500 2574 solum
2532 2518 2733 2572 habent
2772 2532 3129 2585 purpureum,
3158 2518 3460 2587 oculosque

1890 2612 2170 2666 caruleos.
2204 2610 2383 2665 Cornu
2410 2608 2519 2663 illis
2546 2608 2781 2663 cubitale
2800 2610 2976 2662 media
3009 2611 3250 2677 procedit
3284 2607 3466 2665 fronte

1892 2700 2072 2774 [cujus
2114 2704 2275 2758 scobs
2318 2702 2369 2756 in
2400 2710 2527 2771 potu
2558 2701 2736 2766 datur,
2778 2708 3064 2767 tueturque
3103 2714 3130 2753 a
3167 2700 3466 2756 mortiieris

1890 2791 2163 2864 veneuis.]
2200 2792 2327 2860 Ejus
2363 2791 2590 2847 inferior
2621 2791 2895 2860 frontique
2934 2791 3175 2860 proxima
3216 2805 3361 2861 pars,
3396 2793 3465 2845 ad

1892 2885 2120 2938 duorum
2147 2885 2446 2954 palmorum
2482 2884 2714 2953 spatium
2744 2883 2958 2950 egregie
2976 2882 3233 2948 candida,
3267 2897 3464 2952 supre-

1895 2991 1979 3030 ma
2016 2978 2068 3029 in
2102 2992 2329 3031 acumen
2363 2975 2640 3040 desinens,
2671 2990 2790 3027 cum
2828 2989 3041 3029 summo
3079 2976 3274 3029 rubore
3301 2978 3463 3042 puni-

1892 3084 1985 3121 cea
2027 3078 2141 3132 est;
2174 3082 2297 3137 qua
2343 3082 2473 3122 vero
2512 3068 2657 3121 inter
2686 3068 2783 3121 has
2819 3068 2994 3122 media
3044 3068 3352 3133 intercedit,
3386 3068 3463 3121 ui-

1894 3176 2009 3230 gra.
2047 3158 2163 3213 iam
2182 3161 2271 3228 qui
2300 3175 2369 3215 es
2415 3161 2501 3214 his
2543 3159 2737 3214 bibunt
2773 3160 2918 3230 (nam
2954 3168 3009 3214 et
3044 3161 3095 3214 in
3132 3161 3321 3229 pocula
3357 3169 3464 3214 tor-

1894 3261 2094 3305 nautur
2133 3266 2195 3306 ea
2244 3250 2470 3322 cornua)
2526 3253 2561 3306 ii
2613 3265 2786 3321 neque
2838 3265 3091 3321 spasmo,
3145 3262 3204 3306 ut
3247 3250 3465 3316 ferunt,

1895 3344 2309 3413 corripiuntur,
2356 3359 2456 3399 nec
2513 3343 2702 3398 morbo
2744 3358 2921 3399 sacro.
2973 3341 3086 3397 lmn
3124 3358 3226 3398 nec
3262 3358 3471 3397 veneno

204 3427 316 3479 τῶν
334 3425 712 3495 ἐκπωμάτων.
737 3426 801 3478 Ol
827 3424 927 3495 μὲν
957 3421 1049 3476 οὖν
1068 3424 1218 3477 άλλοι
1244 3424 1355 3475 ὄνοι
1373 3424 1681 3493 καὶῆμεροι
1697 3422 1792 3475 καὶ
1819 3465 1861 3521 C

1819 3465 1861 3521 ο
1895 3436 2259 3504 possuntlzedi
2290 3435 2419 3500 ullo,
2450 3436 2543 3504 qui
2574 3436 2733 3489 modo
2753 3443 2876 3489 ante
2905 3434 2988 3489 vel
3015 3444 3137 3503 post
3170 3435 3296 3488 illud
3332 3437 3462 3488 bau-

202 3521 393 3591 ἄγριοι
423 3519 522 3571 καὶ
557 3513 725 3570 τᾶλλα
751 3514 976 3586 μώνυχα
1009 3516 1173 3585 θηρία
1208 3517 1383 3569 πάντα
1411 3513 1791 3582 ἀστραγάλους

203 3610 309 3662 οὐκ
332 3608 560 3679 ἔχουσιν
591 3608 636 3639 ⁸³
660 3608 778 3661 οὐδὲ
811 3606 973 3677 χολὴν
1003 3608 1095 3658 επὶ
1116 3606 1210 3659 τοῦ
1234 3607 1464 3674 ἥπατος
1493 3599 1639 3658 οὗτοι
1668 3605 1713 3635 ⁸⁸
1734 3604 1793 3658 δὲ

202 3700 301 3753 καὶ
338 3698 692 3771 ἀστράγαλον
730 3701 824 3751 καὶ
865 3698 1025 3768 χολὴν
1066 3698 1160 3750 ἐπὶ
1206 3696 1299 3751 τοῦ
1340 3698 1549 3769 ἥπατος
1590 3697 1790 3767 ἔχουσι,

202 3793 296 3845 τὸν
328 3792 391 3845 δὲ
433 3791 782 3859 ἀστράγαλον
818 3791 1101 3844 κάλλιστον
1124 3784 1199 3843 ὦν
1242 3790 1353 3858 ἐγὼ
1374 3790 1619 3860 ἑώρακα,
1653 3785 1793 3843 οἷόν-

200 3900 315 3953 περ
345 3882 474 3953 βοὸς
508 3884 605 3935 καὶ
636 3884 696 3935 τὸ
731 3877 870 3945 εἶδος
914 3882 1011 3935 καὶ
1045 3882 1108 3935 τὸ
1147 3882 1399 3951 μέγεῡος
1442 3882 1614 3953 βαρὺς
1646 3881 1692 3935 δ’
1717 3881 1795 3944 ὡς

204 3975 503 4045 μόλιϐδος,
556 3976 656 4041 τὴν
705 3974 761 4027 δὲ
799 3976 968 4045 χρόαν
1007 3974 1198 4047 ὥσπερ
1247 3975 1555 4047 κιννάϐαρι,
1584 3977 1679 4029 καὶ⁵
1707 3975 1797 4029 διὰ

201 4070 435 4135 βάθους.
472 4067 787 4136 Ταχύτατον
825 4067 883 4120 δέ
926 4068 1044 4120 ἐστι
1072 4067 1133 4120 τὸ
1158 4067 1298 4131 ζῶον
1321 4067 1481 4120 τοῦτο
1511 4069 1606 4121 καὶ
1637 4068 1794 4121 ἀλκι-

201 4160 488 4227 μώτατον·
527 4158 679 4211 οὐδὲν
702 4158 759 4211 δὲ
789 4157 917 4211 οὔτε
954 4158 1117 4221 ἵππος
1148 4157 1274 4213 οὔτε
1302 4159 1431 4213 ἀλλο
1457 4176 1510 4212 τι
1530 4160 1795 4231 διωκόμε-

199 4269 293 4305 νον
334 4250 781 4321 καταλαμὸάνει.
826 4252 1091 4319 ’Δρχεται
1129 4252 1186 4305 δὲ
1205 4253 1395 4323 τρέχον
1443 4251 1790 4323 βραδύτερον·

197 4347 329 4397 ὅσον
370 4344 421 4396 δ’
451 4345 522 4395 ἀν
563 4343 725 4394 πλέον
755 4342 799 4375 ⁸⁵
828 4344 1017 4412 χρόνον
1042 4344 1233 4415 τρέχῃ,
1268 4343 1565 4396 ἐντείνεται
1602 4343 1798 4413 δαιμο-

198 4437 336 4500 νίως
385 4437 488 4488 καὶ
531 4435 731 4503 μᾶλλον
766 4437 861 4488 καὶ⁵
922 4434 1121 4489 θᾶσσον
1170 4435 1375 4507 τρέχει.
1418 4436 1631 4500 Ἀλλως
1694 4436 1796 4506 μὲν

197 4529 295 4584 οὖν
353 4529 407 4562 ⁸⁸
460 4528 737 4596 ἀοήρατόν
771 4529 889 4580 ἔστι
932 4528 995 4581 τὸ
1036 4528 1176 4591 ζῶον
1238 4528 1416 4581 τοῦτο’
1449 4529 1579 4582 ὅταν
1634 4528 1691 4581 δὲ
1728 4528 1798 4582 τά

199 4625 377 4674 τέκνα
416 4620 599 4688 μικρά
631 4619 759 4671 ὄντα
784 4620 1119 4690 περιάγωσιν
1162 4617 1261 4671 ἐπ’.
1306 4622 1405 4692 τὴν
1434 4621 1668 4692 βοτάνην
1704 4622 1797 4675 καὶ

198 4711 309 4763 ὑπὸ
373 4710 608 4770 ἱππείας
649 4708 849 4778 πολλῆς
905 4708 1353 4780 περιληφθιῖωιν,
1396 4713 1459 4765 οὐ
1518 4712 1797 4781 βούλονται

1899 3538 2065 3592 suam,
2094 3527 2301 3588 vinum,
2341 3541 2561 3596 aquam,
2595 3535 2687 3577 aut
2727 3525 2868 3578 aliud
2903 3526 3180 3594 quidpiam
3214 3540 3278 3578 ex
3313 3526 3462 3579 hisce

1901 3618 2104 3687 poculis
2131 3617 2336 3671 bibant.
2358 3620 2435 3671 Ac
2465 3632 2588 3671 cum
2621 3617 2800 3670 caeteri
2824 3616 3040 3685 quidem
3069 3616 3183 3671 sire
3215 3631 3460 3671 mansue-

1901 3710 1971 3773 ti,
2005 3710 2119 3764 sive
2155 3709 2431 3765 silvestres
2472 3710 2632 3775 asini,
2676 3709 2888 3779 aliaque
2924 3709 3123 3777 quibus
3152 3709 3320 3763 solida
3367 3725 3464 3763 ιιιι-

1900 3802 2021 3872 gula
2056 3811 2159 3865 cst,
2193 3802 2449 3857 animalia
2479 3807 2685 3865 omnia.
2716 3817 2893 3872 neque
2916 3802 3051 3856 talos
3083 3801 3340 3863 habeant,
3371 3816 3467 3853 nc—

1900 3910 2007 3965 que
2032 3895 2083 3947 in
2105 3894 2290 3962 jecore
2331 3894 2425 3959 fel,
2450 3895 2565 3949 haec
2590 3905 2768 3949 tamen
2792 3901 3018 3962 utraque
3047 3893 3101 3947 in
3127 3892 3209 3946 bis
3230 3892 3473 3946 invenire

1901 3997 2004 4051 est,
2024 3997 2078 4043 et
2111 3987 2277 4041 talum
2305 3996 2454 4041 certe
2476 3988 2741 4049 omnium,
2771 4000 2907 4054 quos
2931 3985 3182 4054 equidem
3217 3984 3469 4045 viderim,

1900 4079 2347 4149 pulcherrimum,
2383 4079 2534 4133 bovis
2559 4077 2669 4133 talo
2698 4087 2753 4132 et
2780 4078 2983 4145 specie,
3019 4086 3075 4132 et
3103 4076 3472 4144 magnitudine

1903 4174 2157 4240 similem,
2182 4174 2276 4229 sed
2310 4172 2483 4227 instar
2518 4171 2725 4242 plumbi
2767 4184 3010 4239 gravem,
3034 4178 3087 4223 et
3111 4168 3261 4222 minii
3292 4166 3474 4221 colore

1904 4268 1970 4321 ad
1996 4268 2180 4321 intima
2206 4280 2375 4334 usque
2394 4266 2696 4320 rubentem.
2719 4260 3129 4317 Velocissimum
3155 4273 3371 4329 quoque
3390 4267 3476 4313 est

1904 4358 2006 4411 hoc
2044 4355 2242 4410 animal
2284 4370 2347 4409 ac
2391 4352 2872 4408 robustissimum:
2916 4359 2974 4404 ut
3014 4365 3112 4404 nec
3138 4364 3335 4417 equus.
3372 4362 3476 4402 nec

1906 4449 2051 4503 aliud
2100 4448 2266 4502 ullum
2311 4448 2528 4515 assequi
2587 4448 2688 4500 hoc
2738 4444 3115 4513 persequendo
3165 4442 3357 4512 possit.
3409 4440 3476 4493 Et

1907 4541 2189 4596 remissius
2228 4539 2446 4609 quidem
2490 4538 2646 4593 initio
2690 4550 2913 4591 currere
2956 4536 3096 4591 solet
3148 4552 3162 4588 :
3201 4534 3295 4590 sed
3336 4534 3478 4588 miro

1907 4634 2143 4703 quodam
2177 4631 2357 4697 modo,
2391 4646 2499 4701 quo
2529 4628 2731 4683 diutius
2756 4628 3037 4691 currit,eo
3067 4628 3328 4681 incitatur
3357 4642 3477 4680 ιιιιιο

1908 4724 2009 4795 gis,
2041 4734 2098 4777 ut
2122 4724 2240 4792 plus
2264 4732 2427 4791 atque
2452 4719 2690 4773 velocius
2725 4727 2933 4773 currat.
2959 4716 3115 4783 Quod
3145 4716 3310 4785 igitur
3337 4716 3477 4771 alias

198 4809 446 4878 φεύγειν
472 4803 868 4866 καταλιπόντες
900 4803 1029 4866 τοὺς
1065 4802 1307 4870 πώλους,
1354 4805 1491 4859 ἀλλά
1533 4810 1798 4878 μάχονται
1833 4822 1866 4876 ι]

1833 4822 1875 4876 D
1906 4830 2177 4884 nunquam
2230 4828 2325 4883 per
2385 4814 2728 4866 venationem
2788 4810 2909 4878 capi
2947 4819 3173 4877 posset,
3218 4809 3305 4862 ubi
3349 4823 3479 4863 suos

196 4903 297 4954 καὶ
346 4898 557 4966 κέρατι
594 4894 642 4925 ⁸⁸
704 4895 798 4947 καὶ
845 4893 1182 4963 λακτίσμασι
1240 4896 1334 4948 καὶ
1393 4895 1660 4967 δήγμασι,
1702 4900 1796 4953 καὶ

1905 4907 2079 4975 pullos
2117 4906 2292 4961 adhuc
2336 4903 2583 4971 parvulos
2639 4901 2783 4973 ﬁsa
2858 4902 2924 4953 ad
2988 4913 3188 4968 pascua
3239 4900 3478 4952 circum-

196 4989 444 5052 πολλοὺς
477 4987 577 5041 καὶ
603 4985 803 5049 τππους
835 4988 929 5038 ναὶ
966 4984 1169 5053 ἄνδρας
1213 4986 1579 5042 ἀπολλύουσιν
1610 5030 1625 5053 ,
1672 4990 1794 5043 ἁλί-

1905 5000 2105 5055 ducere
2138 4996 2324 5067 ca-pit,
2353 4998 2521 5050 multo
2538 4996 2769 5065 cingitur
2793 4994 3041 5062 equitatu
3069 5010 3083 5045 :
3107 5005 3171 5045 ac
3197 4992 3323 5045 dum
3355 4990 3482 5045 reli-

196 5101 436 5138 σκονται
465 5083 527 5135 δὲ
562 5081 657 5135 καὶ
676 5080 832 5135 αὐτοὶ
869 5079 1210 5147 τοξευόμενοι
1243 5082 1339 5133 καὶ
1366 5083 1795 5154 ἀκοντιζόμενοι·

1904 5091 2008 5148 etis
2032 5089 2190 5161 pullis
2224 5088 2345 5159 fuga
2374 5087 2475 5142 sibi
2509 5086 2798 5143 consulere
2832 5099 2937 5138 non
2979 5082 3113 5145 vult,
3144 5081 3241 5137 scd
3280 5096 3477 5145 cornu,

195 5177 387 5242 ζῶντα
422 5175 542 5245 γὰρ
570 5173 672 5226 οὐκ
715 5172 782 5226 ἂν
806 5171 1012 5235 λάϐοις.
1043 5172 1124 5225 Τά
1147 5171 1205 5225 δὲ
1236 5172 1376 5243 κρέα
1430 5174 1517 5230 διὰ
1566 5176 1667 5246 τὴν
1710 5194 1801 5231 πι-

1907 5183 2173 5248 calcibus,
2203 5181 2474 5237 morsibus
2506 5180 2577 5233 ita
2602 5186 2798 5240 certat,
2821 5188 2879 5230 ut
2907 5176 3105 5229 multos
3136 5189 3258 5230 cum
3284 5188 3476 5242 equos.

1536 5310 1775 5369 VARUE
1823 5313 2121 5371 LECTION
2129 5313 2227 5369 ES.

266 5409 318 5442 ⁸⁸
350 5408 591 5467 τούτους
625 5424 685 5471 ς.
716 5475 739 5477 _
763 5406 809 5438 "
837 5405 1119 5477 βιωτεύειν
1147 5409 1213 5465 Δ.
1288 5409 1333 5442 ⁵⁷
1366 5402 1510 5463 οὗτοι
1540 5410 1584 5464 Δ
1610 5427 1623 5463 :
1649 5411 1806 5464 αὐτοὶ
1828 5429 1892 5476 ς.
1970 5411 2015 5443 ⁸⁸
2048 5411 2123 5473 oi]
2154 5412 2247 5477 καὶ
2276 5410 2326 5463 οἱ
2357 5426 2417 5475 ς’.
2490 5408 2535 5439 ⁵⁸
2567 5406 2657 5461 καὶ
2684 5415 2741 5461 et
2761 5406 2952 5477 ἔχουσι
3014 5420 3124 5477 om.
3161 5407 3225 5460 Α.
3249 5474 3269 5477 Α
3313 5404 3359 5436 ⁸⁸
3382 5404 3480 5477 πί-

192 5496 390 5543 νοντες
419 5496 485 5553 ς.
532 5478 608 5553 _“
645 5475 741 5530 τοῦ
771 5474 1067 5553 φαρμάκου
1092 5480 1157 5534 Α.
1185 5481 1230 5511 ⁶¹
1257 5479 1358 5533 οὐκ
1395 5479 1609 5551 ἔχουσιν
1631 5483 1757 5535 add.
1792 5474 1870 5537 re.
1912 5482 1978 5537 A.
2053 5483 2098 5513 “
2126 5475 2297 5553 οὗτοι]
2328 5474 2542 5551 ἔχουσιν
2587 5478 2739 5532 αὐτοὶ
2770 5474 2833 5541 ςῤ
2903 5476 2949 5507 ⁸⁸
2974 5476 3193 5531 πλείονα
3242 5474 3481 5544 Stepha-

193 5565 327 5608 nus.
368 5542 377 5543 7
414 5550 461 5581 ⁸⁵
496 5542 595 5601 οὖν
625 5564 737 5602 οιιι.
764 5542 831 5601 Ᾱ.
854 5542 866 5549 ’
892 5542 904 5548 ’
930 5549 973 5581 ⁸⁸
999 5551 1197 5621 κέρασι
1227 5568 1287 5616 ς.

1714 5646 1944 5702 NOTAE.

194 5740 406 5868 Decii).
432 5738 629 5861 To/tam
670 5738 810 5793 hanc
843 5738 1233 5805 narrationem,
1274 5741 1495 5795 mutatis
1518 5740 1781 5795 duntaxat
1829 5741 2034 5809 aliquot
2054 5738 2355 5802 vocabulis,
2381 5734 2569 5791 retulit
2604 5731 2804 5788 Ailian.
2847 5732 2900 5785 in
2949 5745 3069 5800 cap.
3118 5730 3207 5795 52,
3256 5728 3346 5784 lib.
3400 5739 3473 5787 iv,

301 5831 402 5868 031;
415 5828 500 5863 mu
524 5848 540 5865 ο

301 5828 540 5868 αηεηιιιι.
