4224 6442
755 436 860 502 227

1904 420 2170 485 ΡΗΟΤῙΙ
2206 414 2717 481 ΡΑΤΒΙΑΒΟΗΕ
2757 415 2870 479 CP.

759 557 875 599 tum
898 542 1047 598 viros
1075 538 1376 605 interimat,
1406 536 1624 607 sagittis
1649 533 1870 590 tandem
1903 547 1968 588 ac
1991 532 2189 601 jaculis
2203 546 2339 587 con-

2465 529 2687 602 ιρότητα
2727 524 2957 598 ἀϐρωτά
3004 522 3473 595 εστι.Θηρεύεται
3519 521 3579 577 δὶ
3620 520 3732 576 τῶν
3776 518 4031 593 κεράτων

756 636 964 691 Iussum
1008 636 1153 706 (cum
1203 633 1385 687 vivum
1433 628 1691 699 nequeat)
1738 626 1976 695 capitur.
2021 623 2231 679 Carues
2270 622 2344 677 ob

2448 622 2551 676 καὶ
2577 620 2689 675 τῶν
2710 616 3076 689 ἀστραγάλων
3102 617 3315 671 ἓνεκεν.

759 704 1066 783 amaritiem
1116 728 1203 782 edi
1252 742 1357 781 uon
1396 732 1651 796 possunt.
1693 721 1884 792 Neque
1923 734 2056 776 vero
2100 722 2171 774 ob
2199 718 2348 773 aliud
2388 715 2695 788 quidpiam,
2724 728 2889 785 quam
2926 723 3150 783 propter
3180 712 3355 768 solum
3388 724 3561 766 cornu
3622 716 3679 765 et
3724 706 3867 763 talos
3930 704 4035 760 hoc

758 822 963 877 animal
996 827 1283 874 venantur.

839 910 1096 965 Indorum
1151 911 1204 963 in
1242 909 1465 965 ﬂumine
1512 908 1713 964 vermis
1761 909 2007 965 nascitur
2044 904 2199 975 (55),
2246 904 2345 968 ait,

760 1004 946 1072 specie
976 1001 1196 1071 quidem
1229 1001 1305 1055 illi
1352 1016 1458 1055 non
1493 1001 1786 1066 absimilis,
1819 1001 1915 1069 qui
1960 997 2173 1053 innasci
2220 995 2347 1051 [icui

762 1095 946 1149 arbori
977 1093 1119 1148 solet
1158 1094 1290 1147 :sed
1324 1092 1541 1147 cubitos
1569 1103 1776 1162 septem
1811 1091 2008 1161 longus
2042 1088 2170 1159 (etsi
2202 1086 2347 1142 alius

764 1186 873 1241 alio
905 1185 1101 1254 major,
1131 1184 1442 1253 minorque)
1468 1193 1523 1238 et
1552 1184 1627 1237 ita
1668 1197 1908 1247 crassus,
1939 1190 2000 1236 ut
2017 1180 2349 1237 eumdeeem

764 1290 1033 1330 auuorum
1057 1289 1195 1344 puer
1214 1283 1447 1342 utroque
1478 1274 1563 1325 vis
1594 1272 1825 1327 brachio
1857 1269 2113 1339 amplecti
2133 1277 2304 1338 queat
2332 1284 2350 1322 :

767 1366 905 1418 duos
940 1362 1310 1417 tautuuuuodu
1338 1362 1500 1416 habet
1529 1361 1741 1427 dentes,
1775 1375 1940 1430 supra
1987 1374 2176 1425 unum,
2217 1359 2357 1412 alte-

770 1471 889 1509 rum
921 1455 1101 1521 iulra;
1136 1455 1220 1509 his
1258 1452 1520 1523 quidquid
1567 1453 1939 1523 prehenderit,
1976 1454 2221 1507 devorat.
2264 1451 2356 1505 ln—

769 1546 946 1600 terdiu
975 1547 1026 1599 iu
1055 1560 1217 1599 coauo
1249 1544 1495 1598 ﬂuminis
1532 1558 1904 1609 commorans,
1932 1552 2096 1598 noctu
2145 1552 2354 1596 tantum

769 1636 1070 1705 egreditur.
1104 1636 1259 1701 Quod
1281 1637 1327 1690 si
1361 1644 1472 1689 tum
1492 1633 1631 1688 forte
1652 1634 1707 1688 iu
1732 1634 1926 1688 bovem
1961 1644 2055 1686 aut
2082 1632 2354 1687 camelum

770 1726 1046 1792 inciderit,
1078 1741 1264 1781 morsu
1292 1736 1603 1794 correptum
1632 1725 1685 1779 in
1713 1723 1914 1780 ﬂumen
1939 1724 2129 1791 trahit,
2153 1732 2354 1778 totum-

770 1834 877 1889 que
911 1830 1110 1889 praeter
1147 1820 1322 1875 solum
1372 1829 1643 1885 ventrem,
1675 1826 1856 1873 vorat.
1906 1816 2132 1885 Capitur
2160 1815 2353 1887 grandi

771 1912 934 1966 hamo
977 1914 1134 1982 cujus
1179 1911 1375 1966 ferreis
1404 1909 1618 1966 catenis
1652 1909 1869 1964 haedum
1899 1909 2018 1963 sive
2048 1923 2246 1977 agnum
2277 1906 2357 1958 al-

2519 900 2646 953 '01:t
2673 898 2734 950 tv
2764 895 2844 966 τῷ
2870 893 3102 965 ποταμῷ
3141 890 3253 946 τῶν
3286 890 3466 945 Ἰνδῶν
3488 890 3533 922 ⁸*
3564 886 3785 957 σκώληξ
3815 884 4037 955 γίνεται

2447 993 2511 1047 τδ
2544 991 2645 1063 μιν
2669 984 2832 1053 εἶδος,
2854 982 3074 1057 οἷόνπερ
3116 985 3176 1038 ιν
3195 986 3316 1046 ταῖς
3341 983 3538 1044 συκαῖς
3569 980 3731 1032 εῐωθε
3759 976 4033 1046 γίνεσθαι,

2449 1085 2515 1140 τὸ
2541 1084 2601 1139 δὲ
2633 1082 2809 1154 μῆκος
2837 1081 3035 1150 πήχεις
3062 1076 3108 1109 ⁸⁸
3130 1073 3291 1139 ἑπτά,
3315 1074 3409 1127 καὶ
3435 1071 3655 1141 μείζους
3682 1069 3739 1122 δδ
3761 1068 3857 1123 καὶ
3874 1066 4035 1121 ἀλάτ-

2449 1192 2608 1239 τουςτ
2640 1173 2707 1227 τὸ
2736 1172 2795 1225 δὲ
2822 1170 2994 1240 πάχος
3040 1165 3305 1221 δεκαετέα
3351 1162 3519 1217 παῖδα
3559 1159 3713 1231 μόλις
3752 1158 3889 1227 φασὶ
3915 1157 4036 1219 ταῖς

2451 1269 2612 1340 χερσὶ
2644 1263 2985 1337 περιλαϐεῖν.
3019 1260 3246 1330 Ἔχουσι
3278 1256 3336 1310 δὲ
3372 1254 3593 1316 ὀδόντας
3643 1251 3759 1315 δύο,
3790 1250 3890 1303 ἕνα
3922 1249 4039 1304 ἀνω

2454 1362 2549 1416 καὶ
2596 1360 2697 1413 ἕνα
2746 1358 2934 1411 κάτωο
2977 1351 3106 1426 [156
3156 1348 3251 1423 R.]
3281 1348 3423 1402 καὶδ
3453 1364 3509 1400 τι
3551 1344 3619 1399 ἀν
3665 1342 3872 1399 λάϐωσι
3923 1344 4040 1405 τοῖς

2453 1453 2658 1518 ὀδοῦσι,
2685 1449 3057 1505 κατεσθίουσι.
3086 1444 3199 1499 Καὶ
3224 1444 3327 1512 τῆν
3363 1440 3461 1512 μιν
3504 1440 3717 1511 ἡμέραν
3742 1438 3802 1489 ἐν
3831 1437 3899 1505 τῇ
3933 1434 4042 1487 us:

2453 1549 2551 1603 τοῦ
2585 1543 2835 1615 ποταμοῦ
2862 1539 3199 1601 διαιτῶνται,
3230 1538 3298 1606 τῇ
3322 1534 3381 1588 δι
3406 1533 3563 1587 νυκτὶ
3583 1530 3921 1600 ἐξέρχονται,
3946 1525 4044 1580 καὶ

2458 1642 2556 1695 ἐάν
2576 1657 2685 1693 τινι
2714 1636 2915 1706 ἐντύχῃ
2942 1635 2988 1666 ⁶⁹
3016 1633 3076 1685 ὲν
3106 1632 3174 1701 τῇ
3214 1630 3289 1697 γῇ
3313 1624 3397 1697 βοῒ
3428 1626 3462 1696 ἢ
3494 1621 3726 1695 καμήλῳ
3749 1622 3845 1675 καὶ
3873 1619 4039 1691 δάκη.

2461 1731 2744 1786 συλλαϐὼν
2786 1727 2937 1781 ἕλκει
2970 1726 3051 1788 είς
3096 1724 3191 1777 τὸν
3237 1718 3516 1790 ποταμὸν,
3558 1715 3656 1770 καὶ
3692 1715 3871 1768 πάντα
3910 1726 4046 1765 κατ-

2461 1822 2791 1893 εσθίειπλην
2819 1820 2920 1891 τῆς
2944 1815 3174 1879 κοιλίας.
3204 1811 3527 1884 ’Δγρεύεται
3553 1808 3612 1863 δι
3633 1804 3923 1875 ἀγκίστρῳ
3944 1818 4045 1873 με·

2461 1916 2633 1985 γάλῳ,
2692 1912 2883 1982 ιριφον
2938 1908 2974 1980 ἢ
3022 1907 3161 1978 ἄρνα
3207 1903 3547 1975 ἑνδησάντων
3584 1899 3632 1931 ⁷⁸
3673 1897 3770 1952 καὶ
3816 1895 4045 1949 ἁλύσεσι

772 2004 1087 2074 ligaveriut.
1119 2003 1348 2074 Captum
1377 2002 1491 2073 (54)
1521 2019 1618 2071 per
1641 2004 1759 2058 dies
1789 2001 2010 2071 triginta
2030 2014 2355 2069 suspensum

2465 2006 2712 2079 σιδηραῖς
2739 2001 3183 2074 ὲναρμοσάντων.
3216 1993 3616 2067 ’Δγρεύσαντες
3651 1989 3711 2042 δε
3744 1987 4049 2058 τριάκοντα

773 2106 984 2161 teueut,
1008 2097 1306 2167 suppositis
1336 2096 1504 2159 vasis,
1534 2095 1875 2164 distillatque
1899 2095 2105 2149 interea
2138 2101 2353 2160 tempo-

773 2188 853 2243 ris
885 2204 950 2243 οι
986 2205 1052 2244 eo
1082 2190 1313 2259 liquoris
1349 2197 1585 2255 tantum,
1617 2199 1883 2257 quantum
1930 2188 2116 2240 decem
2163 2185 2357 2256 cotylz

772 2280 967 2335 Attica:
1001 2281 1244 2351 capiant.
1293 2280 1424 2334 Post
1456 2280 1603 2334 diem
1634 2278 1977 2334 tricesimum
2002 2291 2243 2332 vermem
2276 2278 2359 2345 ip-

774 2388 896 2427 sum
920 2373 1207 2443 abjiciunt,
1238 2371 1531 2441 oleumque
1560 2371 1728 2442 probe
1752 2384 1819 2425 ac
1857 2380 1975 2424 tuto
2006 2368 2350 2423 reconditum

774 2466 845 2519 ad
894 2465 1069 2519 solum
1118 2463 1375 2519 Indorum
1419 2476 1602 2532 regem
1655 2459 1919 2527 aﬂeruut;
1969 2473 2094 2513 nam
2126 2457 2359 2512 aliorum

777 2558 984 2611 nemiui
1014 2555 1222 2627 aliquid
1249 2554 1411 2623 hujus
1439 2554 1547 2610 olei
1576 2554 1719 2623 apud
1741 2568 1802 2609 se
1828 2552 2031 2607 habere
2057 2551 2207 2606 licet.
2234 2550 2362 2606 Cui-

777 2662 999 2717 cunque
1044 2658 1228 2702 autem
1270 2646 1350 2701 rei
1385 2646 1554 2701 hocce
1578 2645 1759 2699 oleum
1789 2643 1953 2697 fuerit
1987 2640 2360 2711 superfusum,

780 2754 903 2795 eam
955 2739 1242 2807 accendit;
1293 2738 1535 2806 adeoque
1572 2735 1712 2807 ligna
1747 2736 1866 2804 ipsa
1899 2742 2062 2804 atque
2109 2733 2365 2788 animalia

780 2830 1052 2886 comburit
1093 2846 1111 2886 :
1148 2844 1328 2900 neque
1371 2828 1532 2882 aliter
1604 2825 1881 2897 exstingui
1944 2831 2162 2895 potest,
2198 2838 2364 2893 quam

783 2921 943 2976 multi
972 2919 1255 2987 crassique
1280 2918 1380 2973 luti
1399 2918 1628 2987 injectu.

858 3009 998 3065 Sunt
1025 3011 1170 3077 apud
1189 3005 1353 3062 ludos
1375 3007 1603 3063 arbores
1641 3008 1807 3063 cedro
1836 3016 1931 3061 aut
1958 3018 2223 3073 cupresso
2245 3018 2369 3072 pro-

782 3108 1014 3157 oerttate
1046 3112 1226 3168 pares,
1252 3099 1445 3169 palma:
1471 3097 1654 3163 foliis;
1677 3100 1843 3169 paulo
1868 3108 2051 3152 tamen
2076 3095 2367 3149 latioribus

783 3206 840 3249 ct
880 3196 1087 3263 absque
1149 3195 1273 3249 sinu
1297 3193 1413 3248 sive
1465 3192 1657 3248 asilla.
1705 3191 1921 3246 Florem
1971 3190 2172 3244 habent
2230 3188 2367 3241 lauri

787 3290 1042 3341 mascula:
1077 3286 1332 3349 similem,
1385 3286 1483 3339 sed
1514 3283 1749 3337 fructum
1778 3283 1982 3337 nullum
2028 3280 2228 3334 lerunt.
2258 3277 2369 3331 No-

2458 2104 2673 2177 ἡμέρας
2707 2100 2990 2173 κρεμῶσιν
3034 2096 3199 2150 αὐτὸν
3229 2094 3274 2127 ⁷⁸
3314 2092 3410 2147 καὶ
3452 2090 3653 2160 ἀγγεῖα
3697 2085 4049 2177 ὑποτιθέασι,

2460 2173 2559 2249 tu
2575 2173 2674 2265 ’ρετ
2696 2191 2757 2258 ιε
2778 2188 2943 2244 αὑτοῦ
2972 2188 3097 2243 ὅσον
3124 2185 3256 2241 δέκα
3283 2183 3517 2247 κοτύλας
3537 2178 3794 2242 ’Δττικάς
3820 2176 3884 2230 τδ
3908 2173 4052 2245 πλῆ-

2462 2286 2578 2351 θος.
2628 2284 2802 2339 Ὀταν
2850 2282 2910 2337 δὲ
2964 2279 3308 2351 παρέλθωσιν
3362 2275 3421 2330 αί
3468 2273 3765 2347 τριάκοντα
3811 2268 4052 2340 ἡμέραι,

2461 2377 2867 2449 ἀπορρίπτουσι
2896 2372 2990 2427 τὸν
3021 2370 3301 2441 σκώληκα,
3335 2364 3512 2421 καὶτὸ
3534 2362 3715 2418 ἔλαιον
3741 2358 4054 2449 ἀσφαλισῷ

2468 2447 2621 2537 μενοι
2649 2467 2844 2534 ἄγουσι
2868 2462 2949 2533 τῷ
2982 2460 3196 2533 βασιλεῖ
3240 2459 3389 2531 μόνῳ
3416 2456 3529 2510 τῶν
3566 2453 3783 2510 Ἰνδῶν·
3814 2450 3964 2520 ἀλλῳ
3992 2447 4054 2501 δι

2464 2558 2568 2611 ούκ
2595 2555 2805 2623 ἱξεστιν
2853 2554 2915 2619 ιξ
2967 2551 3135 2608 αὑτοῦ
3198 2549 3366 2621 ἔχειν.
3398 2546 3573 2601 Τοῦτο
3616 2545 3679 2598 τδ
3729 2543 3934 2607 ἔλαιον,
3964 2538 4055 2609 ἐφ’

2466 2647 2497 2700 δ
2520 2649 2568 2680 ⁷⁸
2604 2647 2674 2701 ἀν
2701 2645 2962 2717 ἑπιχυθῇ,
2996 2643 3249 2706 ἀνάπτει,
3294 2639 3392 2695 καὶ
3426 2635 3759 2707 καταφλέγει
3790 2632 3927 2699 ξύλα
3956 2629 4057 2686 καὶ

2468 2735 2607 2801 ζῶα,
2636 2736 2733 2790 καὶ
2771 2735 2949 2799 ἄλλως
2992 2734 3057 2788 οὐ
3094 2731 3380 2787 σϐέννυται
3404 2730 3453 2783 εί
3486 2726 3564 2800 μὴ
3602 2724 3761 2798 πηλῷ
3782 2721 3968 2793 πολλῷ
3993 2737 4057 2775 τε

2470 2830 2571 2883 καὶ
2584 2830 2781 2900 παχεῖ.

2543 3005 2670 3058 Ὀτι
2702 3005 2821 3057 ἐστι
2849 3003 3043 3074 δένδρα
3067 3003 3128 3056 ιν
3160 3001 3343 3064 Ἰνδοῖς
3369 2998 3552 3069 ὕψηλά
3584 2995 3774 3067 ὥσπερ
3798 2996 3996 3067 κέδρος
4023 2994 4059 3059 ἢ

2474 3098 2807 3167 κυπάριττος
2829 3094 2992 3160 ⁷⁸,τά
3048 3094 3107 3148 δὲ
3163 3092 3339 3162 φύλλα
3375 3091 3563 3163 ὥσπερ
3622 3088 3821 3159 φοῖνιξ,
3870 3087 4059 3156 ὀλίγον

2474 3190 2790 3259 πλατύτερα
2805 3205 2820 3219 °
2846 3191 2941 3243 καὶ
2966 3187 3305 3259 μασχαλίδας
3321 3186 3420 3239 οὐκ
3438 3185 3572 3255 ἔχει.
3590 3184 3773 3237 Ἀνθεῖ
3786 3181 3843 3235 δὲ
3864 3180 4061 3251 ὥσπερ

2475 3284 2509 3353 ὴ
2544 3284 2722 3353 ἄρσην
2749 3284 2949 3351 δάφνη,
2982 3280 3197 3353 καρπὸν
3227 3279 3274 3332 δ’
3316 3279 3418 3330 οὐκ
3448 3278 3583 3346 ἔχει,
3610 3275 3972 3345 ὐνομάζεται
3999 3272 4060 3326 δὲ

786 3394 911 3433 tuen
943 3378 1051 3432 illis
1068 3377 1253 3431 Iudice
1280 3375 1541 3446 Carpion,
1560 3373 1748 3429 Graece
1766 3372 2074 3444 μυροφόρα.
2100 3368 2363 3425 Distillanl

2478 3376 2692 3428 Ἰνδιστὶ
2724 3374 2825 3444 μὶν
2854 3375 3112 3445 κάρπιον,
3149 3370 3457 3442 Ἑλληνιστὶ
3477 3370 3534 3423 δὲ
3562 3368 3872 3439 μυροφόρα.
3896 3367 4062 3421 Ἐστι

784 3488 849 3527 ea
886 3474 987 3525 hac
1019 3486 1125 3523 uon
1148 3468 1439 3524 admodum
1465 3466 1736 3537 frequenti
1775 3466 1992 3530 arbore,
2033 3463 2137 3519 olei
2169 3462 2369 3531 ,cujus-

787 3567 913 3617 dam
946 3573 1135 3632 guttze,
1162 3576 1301 3632 quas
1338 3560 1463 3615 lana
1493 3562 1560 3615 de
1598 3568 1795 3613 trunco
1837 3558 2113 3611 abstersas
2152 3555 2205 3609 in
2238 3554 2375 3623 lapi-

787 3660 921 3712 deos
945 3655 1143 3712 deinde
1172 3654 1479 3710 alabastros
1513 3652 1850 3722 exprimunt.
1882 3649 2091 3703 Modice
2113 3647 2247 3701 illud
2282 3661 2375 3699 ru-

788 3753 947 3805 brum
991 3759 1113 3817 est,
1161 3759 1218 3805 et
1281 3748 1716 3803 crassiusculum
1786 3741 2099 3799 suavissimi
2148 3752 2376 3810 prorsus

790 3843 1002 3907 odoris,
1032 3856 1198 3912 quem
1224 3841 1390 3895 etiam
1422 3838 1490 3892 ad
1519 3837 1770 3906 quintum
1798 3846 1973 3901 usque
1994 3829 2229 3886 stadium
2269 3825 2378 3881 dil-

789 3936 939 3991 fundi
971 3935 1148 3989 aiunt.
1185 3931 1300 3987 Soli
1328 3941 1510 3985 autem
1539 3928 1677 3999 regi,
1719 3925 1945 3993 ejusque
1966 3917 2289 3991 propinquis
2322 3916 2378 3970 id

792 4026 994 4081 habere
1025 4024 1363 4080 conceditur.
1404 4021 1482 4073 Ex
1510 4033 1575 4073 eo
1610 4032 1733 4071 cum
1761 4014 2017 4068 Indorum
2038 4025 2133 4064 rex
2160 4009 2228 4063 ad
2248 4007 2377 4062 Per-

789 4137 973 4176 sarum
1012 4134 1195 4190 regem
1221 4118 1425 4186 aliquid
1455 4114 1716 4178 misisset,
1758 4111 1960 4165 vidisse
1982 4105 2125 4178 ωδ
2173 4119 2234 4160 se
2253 4118 2378 4158 nar-

790 4226 875 4269 rat
921 4214 1157 4276 Ctesius,
1208 4212 1484 4277 talemque
1522 4208 1747 4261 odorem
1801 4201 2147 4273 percepisse,
2202 4195 2379 4264 qualis

790 4320 968 4373 neque
1008 4303 1189 4357 verbis
1218 4298 1473 4367 exprimi,
1507 4309 1685 4365 neque
1706 4309 1829 4349 cum
1854 4291 1965 4345 alio
1995 4288 2105 4343 ullo
2130 4282 2372 4341 conferri

792 4407 996 4465 posset.

864 4490 1093 4542 Casemn
1149 4486 1278 4539 item
1337 4495 1403 4535 ac
1476 4480 1657 4533 riuum
1711 4476 1953 4530 omnium
1994 4467 2376 4526 suavissimum

792 4579 995 4633 habere
1039 4578 1136 4629 hos
1178 4580 1400 4636 narrat,
1452 4568 1616 4637 idque
1665 4580 1725 4619 se
1782 4561 2053 4632 gustando
2091 4564 2379 4626 expertum

791 4669 1069 4724 didicisse.

863 4759 1029 4825 Fons,
1066 4759 1166 4823 ait,
1202 4756 1255 4810 iu
1288 4754 1455 4809 ludiis
1486 4761 1573 4806 est
1616 4748 1882 4818 quadrata
1911 4742 2106 4804 lorma,
2134 4738 2376 4807 quinque

792 4854 1018 4909 circiter
1038 4852 1288 4905 ulnarum
1308 4846 1537 4901 ambitu.
1564 4842 1732 4912 Ilujus
1756 4856 1895 4908 aqua
1919 4838 1996 4889 ita
2014 4835 2158 4888 iutra
2180 4844 2373 4886 saxum

2473 3469 2532 3523 δὲ
2582 3468 2807 3521 σπάνια.
2848 3467 3063 3520 Ῥέουσι
3109 3466 3169 3519 δὲ
3212 3464 3273 3529 ἐξ
3320 3461 3487 3518 αὑτοῦ
3532 3462 3714 3515 ελαίου
3773 3458 4062 3528 σταγόνες,

2475 3559 2569 3624 οὓς
2594 3558 2642 3591 ⁷⁵
2666 3558 2800 3629 ὲρίῳ
2828 3556 3148 3625 ἀναψῶντες
3176 3555 3287 3609 ἀπὸ
3305 3553 3400 3607 τοῦ
3427 3552 3645 3623 δένδρου
3665 3550 4063 3613 ἀποπιέζουσιν

2475 3652 2556 3713 είς
2599 3648 2979 3718 ἀλαϐάστρους
3023 3646 3281 3708 λιθίνους.
3315 3646 3476 3699 Ἔστι
3520 3643 3579 3698 δι
3623 3642 3687 3696 τὸ
3716 3643 3817 3713 μὲν
3858 3640 4064 3712 χρῶμα

2474 3743 2719 3813 ἀτρέμας
2764 3741 3075 3814 ὑπέρυθρον
3107 3741 3205 3794 καὶ
3255 3738 3533 3808 ὕπόπαχυ,
3564 3736 3680 3801 δζει
3727 3736 3786 3789 δὲ
3837 3735 4065 3789 πάντων

2479 3826 2571 3900 [95
2598 3828 2687 3900 IL]
2720 3829 2940 3899 ἥδιστον
2961 3844 2976 3859 ο
3005 3828 3152 3894 ϐζειν
3173 3827 3231 3881 δέ
3266 3845 3435 3899 φασιν
3476 3827 3612 3880 αὐτὸ
3643 3827 3738 3880 καὶ
3774 3825 3871 3879 ἰπὶ
3895 3824 4065 3878 πέντε

2477 3916 2748 3981 σταδίους.
2775 3918 2940 3989 Μόνῳ
2964 3918 3022 3971 δὲ
3053 3917 3265 3987 βασιλεῖ
3286 3916 3485 3988 κτητόν
3503 3917 3618 3969 ἔστι
3636 3914 3796 3969 τοῦτο
3823 3914 3925 3968 καὶ
3948 3916 4064 3979 τοῖς

2477 4011 2801 4079 συγγενέσιν
2826 4010 3019 4066 αὐτοῦ.
3050 4010 3160 4064 Καὶ
3191 4008 3439 4079 ἔπεμψεν
3469 4008 3515 4041 ⁷⁸
3541 4010 3571 4063 ὀ
3596 4006 3771 4061 Ἰνδῶν
3796 4005 3879 4078 τῷ
3915 4006 4066 4077 Περ-

2478 4104 2592 4156 σῶν
2624 4102 2857 4173 βασιλεῖ,
2910 4103 3005 4157 καί
3038 4117 3205 4172 φησιν
3230 4102 3277 4133 ’⁸
3310 4101 3439 4154 ἰδεῖν
3484 4099 3620 4154 αύτδ
3660 4099 3933 4170 Κτησίας,
3968 4099 4066 4151 καὶ

2479 4196 2857 4267 ὀσφρανθῆναι
2887 4196 3060 4267 ὀσμῆς
3087 4196 3207 4258 οἵας
3234 4193 3358 4248 οὔτε
3375 4195 3551 4248 εἰπεῖν
3577 4190 3645 4266 ἦν
3669 4190 3795 4247 οὔτε
3816 4192 4066 4248 είκάοαι.

2549 4464 2674 4516 Ὅτι
2708 4462 2801 4513 τὸν
2827 4459 2993 4529 τυρὸν
3018 4456 3226 4510 καὶτὸν
3255 4448 3398 4507 οἶνον
3431 4453 3652 4506 πάντων
3684 4451 3822 4522 φησὶ⁵
3850 4450 4065 4520 γλυκύ-

2478 4570 2660 4617 τατον,
2693 4552 2769 4614 ὡς
2790 4551 2977 4615 αὐτὸς,
3002 4547 3160 4620 φησι,
3194 4544 3383 4615 φαγὼν
3410 4544 3499 4597 διά
3540 4545 3734 4615 πείρας
3759 4544 3993 4616 ἔμαθεν.

2553 4737 2677 4789 ’Ὁτι
2695 4734 2902 4803 κρήνην
2931 4733 2975 4763 ⁷⁷
3003 4732 3061 4783 ὲν
3078 4729 3258 4791 Ἰνδοῖς
3280 4744 3468 4798 φησιν,
3491 4726 3617 4779 ὅσον
3638 4724 3799 4778 πέντε
3822 4723 4070 4795 ὀργυιῶν

2482 4831 2517 4899 ἠ
2546 4828 2899 4899 περίμετρος,
2948 4824 3290 4895 τετράγωνος
3323 4820 3369 4851 ⁷⁸
3395 4819 3473 4873 δέ.
3508 4819 3666 4872 Ἐστι
3705 4817 3763 4871 δὲ
3806 4817 3873 4870 τὸ
3918 4816 4071 4889 ὕδωρ

794 4946 1128 5009 continetur,
1158 4951 1215 4996 ut
1248 4956 1278 4996 a
1324 4940 1479 4994 labro
1520 4938 1585 4990 ad
1638 4936 1808 5002 ipsam
1859 4932 2022 4984 trium
2058 4925 2363 4981 cubitorum

2480 4924 2541 4975 ὲν
2568 4921 2743 4991 πέτρᾳ
2768 4936 2781 4949 ·
2815 4918 2977 4988 βάθος
3015 4918 3072 4970 δὲ
3122 4911 3263 4968 εἶναι
3314 4912 3480 4983 μέχρι
3523 4911 3616 4964 τοῦ
3652 4908 3845 4971 ὓδατος
3893 4910 4071 4980 τριῶν

795 5040 1030 5108 spatium
1060 5034 1386 5097 intercedat,
1427 5044 1568 5099 aqua
1610 5043 1737 5080 vero
1763 5026 1877 5094 ipsa
1920 5023 2082 5076 trium
2118 5019 2363 5073 similiter

2482 5014 2696 5084 πηχῶν,
2724 5013 2785 5065 τὸ
2815 5012 2873 5065 δὲ
2910 5010 3033 5065 καθ’
3064 5009 3254 5069 ὓδατος
3294 5002 3467 5073 τριῶν
3508 5003 3767 5075 ὀργυιῶν.
3796 5002 4071 5056 Λούονται

793 5134 1042 5187 ulnarum
1087 5126 1428 5182 altitudinem
1469 5131 1670 5177 teneat.
1729 5118 1938 5172 Lavaut
1980 5116 2033 5168 iu
2081 5129 2144 5166 ea
2209 5114 2363 5180 (cum

2480 5105 2537 5156 δὲ
2563 5106 2623 5155 ἐν
2655 5100 2809 5172 αὐτῷ
2835 5103 2885 5154 oi.
2936 5100 3333 5170 ἐπισημότατοι
3362 5098 3471 5151 τῶν
3500 5096 3698 5163 Ἰνδῶν,
3740 5097 3834 5149 καὶ
3866 5095 4070 5164 ἄνδρες

2072 5246 2303 5303 VARUS
2346 5242 2638 5301 LECTION
2646 5244 2747 5300 ES.

3640 5379 3687 5410 "
3721 5376 4074 5446 ὲνδησάντων

862 5413 905 5443 ⁸⁷
954 5409 1133 5463 malim
1167 5406 1247 5475 τῷ
1291 5401 1455 5474 Ἰνδῷ.
1531 5400 1576 5431 ⁸⁸
1606 5397 1827 5468 πήχεων
1849 5412 1910 5459 ς’.
1987 5392 2033 5421 ⁶⁹
2066 5391 2163 5443 ὲάν
2187 5406 2294 5439 τινι
2329 5385 2525 5455 ἐντύχῃ
2559 5386 2605 5440 Δ
2634 5404 2648 5439 ;
2684 5384 2891 5439 τούτων
2924 5384 2984 5449 ὃς
3013 5384 3079 5438 ἂν
3108 5383 3318 5499 ὲντύχῖέ
3340 5380 3447 5434 τινὶ
3476 5398 3537 5445 ς.
3640 5380 3687 5410 ’⁸
3721 5380 4073 5446 ὲνδησάντων

904 5480 1147 5499 ..-μην
1210 5474 1298 5499 _-_\
1342 5490 1378 5499 -
1474 5472 1517 5499 τι
1543 5469 1670 5499 ...σφλ
1712 5470 1737 5499 Α
1842 5467 1887 5495 τε
1915 5461 1965 5499 λ]
2004 5455 2048 5499 ἧι
2094 5463 2124 5499 Δ
2241 5458 2288 5489 ⁷³
2318 5458 2661 5499 κιιπάηισσηέ-
2696 5475 2755 5499 τι,
2834 5455 2879 5487 τι
2911 5454 3027 5499 nhs]
3060 5470 3240 5499 mmne
3320 5452 3388 5499 εἳ
3417 5450 3723 5499 ἀνάὠαντες
3754 5465 3816 5499 ς.
3893 5446 3941 5476 ⁷⁸
3968 5446 4073 5499 καὶ

4011 5462 4047 5497 α

791 5484 868 5550 τῷ
1474 5472 1517 5502 τί
1542 5450 1770 5546 αὑτοἽὶζ
1842 5450 1887 5495 ’ἶ
1915 5461 1966 5565 ὀ]
2004 5455 2048 5529 ᾧ
2088 5463 2151 5513 Δ.
2241 5458 2288 5489 ⁷³
2318 5450 2661 5525 κυπάρισσος
2696 5475 2757 5522 ς.
2834 5455 2879 5487 ⁷⁸
2911 5454 3027 5524 οὓς]
3060 5450 3388 5518 nonne-Ed
3417 5450 3723 5520 ἀνάψαντες
3754 5465 3816 5513 ς.

796 5554 817 5565 ..
956 5552 966 5565 .
1081 5549 1098 5565 ι
1202 5544 1373 5565 ρ-,..-ο
1394 5560 1411 5565 -
1440 5542 1490 5565 es.
1516 5541 1570 5565 ιε
1611 5539 1773 5565 ...ι-..η
1806 5554 1843 5565 .-
1971 5533 1993 5565 ε
2025 5531 2191 5565 ,ηε-κ’...
2226 5546 2266 5565 ρ-
2382 5528 2426 5559 ἵ⁷
2451 5529 2624 5565 uniuni
2650 5545 2690 5565 ρ
2789 5528 2834 5559 τε
2860 5528 3200 5565 τςιηνίνωυηρ
3234 5539 3340 5565 nnL
3376 5540 3436 5565 θ-

794 5528 1169 5623 iuvavi—lilia}:
1199 5528 1414 5615 επεμῖίιε
1436 5542 1492 5595 δὲ
1515 5541 1573 5607 ἐξ
1608 5537 1774 5592 αὑτοῦ
1805 5554 1865 5600 ς.
1945 5528 1993 5565 ”¹⁶
2024 5528 2191 5601 φασὶν
2226 5546 2288 5593 ς.
2382 5528 2426 5559 ⁷⁷
2451 5529 2628 5599 κρήνη
2650 5545 2710 5593 ς·
2789 5528 2834 5559 ’³
2860 5528 3200 5598 τετράγωνος
3234 5539 3342 5580 ⁰¹¹¹’
3376 5540 3437 5587 ς’

2308 5618 2539 5704 moris.

867 5787 981 5858 (53)
1018 5786 1143 5842 lla-c
1186 5789 1327 5857 ipsa,
1367 5780 1668 5858 atquealia
1710 5778 1773 5830 de
1811 5775 1935 5858 hoc”
1951 5784 2134 5858 verme
2174 5765 2354 5841 plura,
2383 5764 2655 5834 excerpsit
2701 5778 2763 5818 ex
2798 5760 2979 5819 Ctesia
3016 5760 3215 5817 Elian.
3267 5758 3362 5816 lib.
3402 5772 3456 5824 ν,
3484 5770 3605 5825 cap.
3639 5754 3693 5822 5,
3731 5752 3807 5810 De
3839 5748 4070 5807 animal.

870 5844 982 5928 (545
1023 5858 1165 5915 ldcm
1198 5844 1264 5914 de
1294 5844 1359 5914 eo
1386 5844 1819 5909 et'Philostralus
1850 5844 2034 5900 refert.
