4224 6442
809 407 914 470 235

1962 400 2223 463 l‘ilOTlI
2257 395 2763 463 l’ATRlARCHE
2797 395 2903 460 (ΣΡ.

3956 404 4061 466 2%

806 518 964 583 periti
1002 519 1161 570 simu.
1194 514 1440 568 [‘iatrem
1493 516 1578 567 hic
1647 514 1831 579 itaque
1893 528 2099 582 iugum
2150 526 2381 576 vertere,
2414 518 2458 573 Δ

2414 518 2458 573 Α
2487 510 2703 577 Θύαμις
2724 509 2783 563 δὲ
2810 510 3056 577 έγεγόνει
3103 510 3525 582 ιμπιρότατος.
3551 514 3642 567 Διδ
3671 516 3767 568 καὶ
3797 518 4063 585 τρέπεται

808 606 1144 672 aibjectisqne
1201 604 1372 657 armis
1422 616 1484 656 se
1536 604 1815 671 proripere
1864 604 2026 672 cogit.
2074 601 2375 655 lttsectatur

806 698 1085 767 Thyaniis.
1108 707 1163 751 et
1195 697 1379 750 utbem
1400 694 1597 762 swpius
1628 709 1790 748 cursu
1817 696 2079 748 ambiunt.
2106 693 2373 765 Tliyamin

805 790 1122 856 Theogenes
1143 788 1409 855 sequitur,
1449 802 1614 856 quem
1667 788 1844 839 visum
1897 786 2111 854 deperit
2150 789 2374 849 Arsace,

811 883 1105 941 Qroondati
1139 880 1357 948 cunjnx.
1383 878 1788 946 Superveniunt
1812 877 2071 932 Calasiris
2099 888 2155 931 et
2177 878 2374 932 Charl-

804 972 943 1025 clea.
970 971 1032 1024 Et
1057 971 1147 1023 ille
1183 970 1400 1039 quidem
1436 970 1637 1023 liberos
1661 969 1883 1033 cognito
1910 970 1961 1021 in
2000 980 2241 1022 mutuam
2268 984 2373 1023 ca-

806 1066 927 1115 dent
956 1079 1117 1117 ruere
1150 1060 1494 1129 (Calasiridis
1519 1059 1666 1113 enim
1697 1060 1789 1113 lilii
1827 1059 2085 1130 Thyamis
2122 1076 2187 1115 ac
2216 1059 2377 1115 Peto-

804 1158 933 1209 siris
960 1156 1139 1224 erant)
1165 1153 1430 1216 accurrit,
1455 1163 1510 1206 et
1552 1152 1791 1207 clamore
1814 1154 2049 1215 sublato,
2078 1168 2222 1222 aegre
2275 1169 2378 1207 cte-

805 1251 925 1301 dem
955 1249 1209 1309 inhibuit,
1232 1248 1374 1316 quod
1413 1246 1497 1299 vix
1521 1254 1798 1314 parentem
1823 1244 1976 1297 liberi
1995 1256 2374 1313 agnoscerent.

804 1338 1085 1391 Chariclea
1114 1338 1185 1390 ibi
1211 1338 1262 1390 in
1284 1336 1628 1403 Theagenetn
1651 1334 1859 1395 incidit,
1883 1348 1947 1387 ac
1976 1334 2168 1401 positis
2184 1335 2377 1388 deinde

804 1433 994 1495 armis,
1045 1432 1407 1486 sacerdotium
1459 1429 1721 1500 Thyamis
1762 1430 1986 1497 adeptus
2019 1444 2049 1482 a
2074 1439 2229 1497 patre
2269 1439 2375 1491 est,

802 1528 892 1594 qui
930 1540 1053 1580 mox
1080 1525 1191 1577 vita
1217 1522 1475 1576 decessit.

872 1706 952 1759 En
997 1708 1189 1759 iterum
1222 1704 1430 1757 insidiae
1470 1703 1698 1756 Arsaces
1734 1702 1787 1754 in
1825 1701 2168 1767 Theagenem
2196 1699 2378 1752 adole-

803 1811 1067 1862 scenteni,
1112 1807 1164 1851 et
1220 1797 1585 1851 Charicleam.
1638 1794 1867 1863 Cybeles
1913 1807 2127 1862 quoque
2168 1767 2377 1844 ancilia:

2475 601 2567 653 τὸν
2599 601 2849 669 ἀδελφόν.
2888 601 2951 653 ⁸0
2973 601 3031 653 δι
3059 602 3240 655 πάντα
3270 603 3432 673 ῥίψας
3466 603 3690 673 φεύγει,
3714 607 3811 659 καὶ
3849 608 4065 661 ἐπιδιώ-

2476 710 2564 746 κει
2589 694 2827 763 Θύαμις,
2858 696 2952 747 καὶ
2973 694 3268 749 κυκλοῦται
3306 696 3571 761 πολλάκις
3598 700 3629 767 ἡ
3655 698 3817 762 πόλις
3831 700 3943 753 ὑπὸ
3970 702 4062 755 τοῦ

2475 785 2702 854 δρόμου.
2736 786 2845 838 Καὶ
2898 786 3210 857 παρέπεται
3256 787 3534 858 Θεαγένης
3558 789 3821 859 Θυάμιδι,
3841 792 3939 844 καὶ
3962 794 4067 862 ἐρᾷ

2476 875 2666 927 τοῦτον
2701 875 2886 928 ίδοῦσα
2923 876 3169 945 Ἀρσάκη
3207 879 3240 946 ὴ
3295 878 3645 945 ὀροονδάτου
3678 880 3723 912 ⁸⁸
3751 886 3915 950 γυνή.
3953 884 4065 935 Καὶ

2476 965 2887 1033 καταλαμϐάνει
2931 964 3236 1036 Καλάσιρις
3288 969 3384 1021 καὶ
3426 968 3748 1038 Χαρίκλεια.
3772 971 3885 1025 Καὶ
3908 973 3938 1024 δ
3964 972 4064 1041 μὲν

2480 1055 2606 1109 ίδὼν
2638 1058 2765 1119 τοὺς
2812 1057 3015 1121 παῖδας
3058 1058 3180 1113 κατ’
3220 1060 3469 1129 ἀλλήλων
3520 1063 3800 1131 φονῶντας
3848 1066 4064 1133 (παῖδες

2480 1149 2589 1217 γὰρ
2614 1146 2945 1219 Καλασίριδι
2977 1149 3193 1220 Θύαμις
3220 1151 3315 1204 καὶ
3352 1152 3667 1224 Πετόσιρις)
3708 1157 4059 1225 προστρέχει,

2476 1241 2705 1310 ἀναϐοᾷ,
2740 1242 2895 1310 μόλις
2920 1242 3123 1310 ὶπέσχε
3156 1243 3250 1295 τὸν
3275 1242 3506 1297 θάνατον
3538 1246 3692 1315 μόλις
3723 1248 3832 1299 τῶν
3852 1248 4061 1300 παίδων

2477 1334 2641 1386 αὐτὸν
2672 1336 3067 1399 ἰπεγνωκότων
3086 1348 3103 1364 '
3128 1337 3162 1404 η
3182 1334 3241 1388 δι
3271 1336 3576 1406 Χαρίκλεια
3597 1337 3893 1390 ἐπιπίπτει
3923 1338 4061 1390 8m-

2477 1428 2647 1489 γένει.
2699 1428 2811 1478 Καὶ
2870 1426 2965 1479 τοῦ
3016 1426 3257 1496 πολέμου
3339 1427 3695 1491 συσταλέντος
3758 1429 3801 1460 ¹⁹
3841 1429 4059 1497 δέχεται

2477 1518 2689 1585 Θύαμις
2749 1519 2848 1587 τὴν
2890 1518 3196 1587 ἱερωσύνην
3248 1520 3400 1588 παρά
3440 1518 3487 1549 ’⁸
3513 1520 3742 1589 πατρὸς,
3796 1520 3964 1583 αὐτὸς
4003 1521 4059 1574 δὲ

2476 1607 2729 1661 τελευτά.

2552 1698 2721 1767 Ἀλλη
2746 1698 2910 1751 πάλιν
2938 1697 3200 1768 ἐπιϐουλὴ
3234 1699 3512 1770 Ἀρσάκης
3532 1702 3674 1754 κατά
3692 1702 3802 1754 τῶν
3828 1703 4059 1755 νεανιῶν

2478 1790 2782 1857 Θεαγένους
2810 1793 2904 1845 καὶ
2935 1791 3293 1862 Χαρικλείας,
3334 1795 3433 1846 καὶ
3483 1794 3735 1864 Κυϐέλης
3769 1800 3872 1865 τῆς
3896 1796 4060 1867 θερα-

804 1900 1107 1958 promptum
1159 1890 1223 1939 ad
1276 1887 1453 1938 omnia
1495 1886 1847 1951 obsequium,
1891 1883 2111 1933 domum
2146 1880 2379 1933 Arsaces
2412 1873 2452 1926 Β

2412 1873 2452 1926 Β
2482 1883 2730 1945 παινίδος
2756 1883 2929 1953 αὐτῆς
2956 1882 3236 1951 πρόθυμος
3275 1887 3357 1948 είς
3423 1887 3603 1939 πάντα
3644 1887 3938 1956 ὑπουργία,
3962 1889 4058 1941 καὶ

802 1999 894 2035 eos
941 1980 1252 2041 evocantis,
1294 1977 1452 2041 hujus
1475 1989 1689 2043 quoque
1730 1986 1886 2026 amor
1931 1973 1981 2024 in
2033 1970 2374 2036 Theagenem

804 2072 1147 2136 inimodicus,
1191 2070 1455 2123 machinis
1501 2068 1755 2121 omnibus
1799 2063 2052 2131 nequitia.-
2094 2060 2373 2121 adhibitis,

800 2166 1011 2234 viisque
1040 2164 1283 2232 quaesitis
1320 2161 1463 2214 omni
1499 2160 1971 2212 delinimentornm
2002 2168 2217 2220 genere.
2244 2151 2377 2205 Pra-

799 2272 923 2306 vmn
956 2257 1056 2308 huc
1083 2253 1292 2307 accedit
1319 2251 1605 2304 consilium
1640 2248 1887 2318 Cybeles,
1911 2261 2029 2314 qua:
2052 2256 2374 2297 venenatum

800 2350 1099 2403 Chiiriclea:
1140 2346 1385 2412 poculum
1430 2342 1662 2407 miscuit,
1709 2341 1913 2407 sospite
1963 2350 2138 2391 tamen
2188 2336 2378 2391 Chari-

803 2444 938 2498 κιαι,
991 2441 1089 2491 sibi
1131 2452 1313 2491 necem
1356 2436 1533 2487 attulit
1574 2435 1806 2487 venelica
1832 2471 1849 2487 .
1894 2431 2176 2484 Cruciatus
2218 2440 2377 2494 atque

802 2548 1040 2583 :vrnmnu
1092 2528 1394 2596 Tlieagenis
1442 2536 1495 2578 et
1540 2524 1839 2577 Charicles:
1870 2560 1883 2583 ,
1948 2522 2089 2588 quod
2147 2519 2377 2571 Arsaces

802 2638 1042 2674 amori-ni
1068 2621 1381 2686 Theagenes
1405 2618 1743 2670 detrectaret.
1780 2612 2062 2666 Chariclea
2100 2610 2237 2677 ignis
2261 2620 2377 2677 pte-

805 2729 868 2764 na
910 2713 1301 2765 condemnatur
1332 2748 1347 2772 ,
1398 2709 1491 2761 sed
1549 2708 1592 2759 is
1639 2705 1935 2757 Pantarbcs
1980 2702 2093 2770 ‘63)
2120 2742 2135 2763 ,
2189 2699 2377 2765 lapidis

803 2805 1068 2857 beneticio
1098 2802 1479 2866 exstinguitur.
1510 2797 1601 2852 Sic
1640 2796 1805 2850 evasit
1840 2795 1890 2846 in
1919 2791 2206 2861 praesentia
2239 2788 2378 2843 Chao

805 2900 991 2951 ritlea.
1018 2900 1217 2950 ArSace
1243 2894 1455 2946 interim
1499 2890 1779 2942 furibunda
1810 2902 1995 2939 necem
2026 2884 2075 2936 in
2106 2892 2376 2950 posterum

801 2992 941 3041 tilt'lll
993 2988 1333 3040 machinatur
1381 2982 1692 3036 Charicli-ae.
1737 2977 2093 3037 Oroondates,
2147 2973 2379 3025 Arsaces

802 3080 1052 3137 maritus,
1099 3078 1261 3128 mittit
1294 3075 1311 3145 [
1338 3075 1566 3139 Bugoam
1599 3064 1947 3136 eunuchum]
1979 3067 2066 3132 qui
2096 3077 2255 3116 noetu
2283 3062 2379 3114 hos

795 3169 1019 3231 juvenes
1051 3181 1234 3218 secum
1278 3162 1523 3229 sumpsit.
1558 3160 1695 3229 51b
1756 3158 1846 3210 Sic
1878 3159 2020 3209 enim
2056 3155 2376 3220 imperatum

802 3261 993 3320 fuerat,
1026 3272 1305 3327 postquam
1340 3255 1553 3324 Cybelis
1584 3253 1744 3311 libus,
1774 3265 1867 3316 spe
1922 3248 2158 3315 potiundi
2186 3246 2377 3299 Chari-

801 3351 931 3403 Cleae
984 3351 1184 3416 nuptiis
1221 3351 1531 3403 l'rustralns.
1584 3358 1917 3410 quaecunque
1946 3344 2010 3393 ab
2048 3344 2249 3393 Arsace
2285 3355 2378 3406 pa-

805 3454 943 3495 trata
986 3454 1188 3503 essent,
1221 3444 1285 3493 ad
1318 3444 1502 3493 herum
1537 3439 1807 3504 profectus
1843 3436 2143 3487 nuntiasset
2174 3434 2377 3485 omnia.

873 3535 1187 3601 Aithiopum
1234 3548 1357 3584 mox
1391 3530 1635 3596 irruptio,
1675 3539 1965 3594 raptusque
1998 3526 2300 3592 Theagenis
2327 3534 2382 3577 et

803 3628 1132 3687 Chariclem,
1194 3636 1353 3690 atque
1402 3625 1467 3674 ad
1514 3621 1795 3691 Hydaspen
1842 3617 2150 3684 ASthiopum
2200 3632 2378 3682 regem

804 3719 1055 3772 :ibductio
1082 3727 1353 3776 narratur,
1394 3722 1447 3766 et
1480 3722 1537 3765 ut
1571 3712 1655 3764 ille
1689 3710 1903 3778 quidem
1938 3706 2045 3761 Soli
2080 3707 2202 3768 deo,
2236 3707 2382 3760 Cha-

806 3814 969 3864 riclen
1004 3828 1127 3863 vero
1158 3810 1323 3863 Luna:
1362 3814 1706 3860 consecretur
1748 3803 1985 3855 VlCllltla.
2030 3801 2161 3854 Ilinc
2206 3810 2380 3853 certa-

806 3908 949 3959 mina
978 3917 1033 3958 et
1061 3902 1347 3962 sacrificia,
1390 3897 1741 3967 praisentibus
1786 3896 2116 3953 Sisimithro,
2158 3906 2382 3962 gymno-

805 3999 1168 4064 Suphistarum
1226 3992 1489 4060 principe,
1552 4005 1672 4041 cum
1740 3986 1849 4039 suis
1903 3985 2379 4055 gymnosophistis.

805 4099 967 4153 atque
1020 4085 1239 4137 l’ersina
1292 4082 1432 4148 regis
1472 4093 1658 4131 uxore.
1704 4074 1943 4128 Postulat
1980 4074 2260 4127 Chariclen
2297 4074 2378 4126 sui

804 4176 1121 4230 defendendi
1166 4182 1479 4241 potestatem
1534 4169 1646 4222 lieri
1676 4168 1814 4236 apud
1849 4165 2155 4235 Hydaspen.
2205 4165 2379 4218 Causa

805 4272 945 4321 dicta
982 4278 1085 4327 est,
1127 4265 1401 4331 judicatttc
1436 4262 1766 4322 Stsimitltro,
1803 4259 2137 4325 testibusque
2186 4272 2381 4323 super-

804 4362 1019 4413 stttihus
1074 4357 1463 4425 probantibus,
1517 4351 1780 4422 Hydaspis
1828 4366 1891 4403 ac
1942 4350 2175 4403 Petsrna:
2217 4349 2379 4400 liliatn

803 4471 921 4505 esse
951 4451 1309 4503 Charicleam.
1358 4446 1486 4515 Regi
1527 4458 1627 4495 non
1670 4444 1804 4495 satis
1846 4443 2244 4509 persuadetur;
2288 4440 2377 4507 qui

2476 1975 2813 2043 πρόσκλησις
2869 1976 3051 2029 αὐτῶν
3106 1978 3201 2029 ἐπὶ
3242 1978 3345 2045 τὴν
3402 1980 3581 2030 οίκίαν
3622 1980 3920 2049 Ἀρσάκης,
3965 1984 4060 2034 παὶ⁵

2476 2068 2617 2134 ἔρως
2640 2066 2809 2135 αὐτῆς
2841 2067 2977 2137 πρὸς
3003 2067 3285 2135 Θεαγένην
3333 2068 3735 2137 ἀκατάσχετος,
3760 2074 3855 2122 καὶ
3882 2088 4059 2141 μηχαρ

2476 2158 2565 2209 ναὶ
2598 2158 2771 2209 πᾶσαι
2807 2158 2901 2210 καὶ
2935 2158 3148 2225 μέθοδοι
3177 2157 3473 2213 κακώσεών
3504 2176 3564 2212 τε
3593 2162 3689 2214 καὶ
3718 2161 4054 2231 θεραπειιῖιν,

2476 2250 2571 2303 καὶ
2598 2248 2863 2319 ἐπιϐουλὴ
2884 2248 2981 2318 [96
3011 2247 3103 2319 H.]
3166 2248 3419 2318 Κυϐέλης
3466 2251 3555 2306 διά
3586 2253 3884 2320 φαρμάκου
3911 2252 4057 2306 κατά

2476 2341 2836 2409 Χαρικλείας.
2883 2342 3137 2409 Σωτηρία
3186 2342 3555 2407 Χαρικλείας·
3608 2346 3705 2395 καὶ
3746 2346 4054 2413 ἀναίρεσις,

2474 2432 2542 2483 δι’
2564 2426 2636 2483 ὧν
2660 2432 2909 2501 ἀναιρεῖν
2940 2433 3263 2502 ἐμελέτησε,
3298 2434 3569 2502 Κυϐέλης.
3596 2434 3940 2501 Στρὲϐλωσις
3963 2439 4058 2489 καὶ

2478 2524 2725 2587 κάκωσις
2747 2526 3086 2594 Χαρικλείας
3110 2528 3203 2577 καὶ
3219 2525 3545 2593 Θεαγένους,
3579 2529 3661 2580 ὅτι
3694 2528 3769 2597 μὴ
3806 2530 4057 2582 συντίθε-

2476 2633 2567 2667 ται
2590 2617 2727 2685 πρὸς
2754 2616 2847 2669 τὸν
2890 2618 3161 2687 Ἀρσάκης
3190 2617 3413 2686 ἔρωταὸ
3432 2619 3739 2688 Θεαγένης’
3768 2623 3863 2673 καὶ
3889 2622 4062 2691 Χαρι-

2478 2708 2663 2771 κλείας
2685 2711 2764 2769 εἰς
2810 2707 2922 2774 πῦρ
2984 2708 3281 2777 καταδίκη,
3329 2709 3422 2761 καὶ
3477 2710 3574 2761 τοῦ
3639 2712 3809 2780 πυρὸς
3835 2712 3928 2764 διὰ
3960 2716 4061 2783 τῆς

2480 2799 2801 2867 παντάρϐης
2822 2800 2917 2852 τοῦ
2939 2799 3090 2851 λίθου
3120 2800 3475 2863 κατάσϐεσις,
3493 2803 3699 2871 καὶτῆς
3724 2804 4061 2871 Χαρικλείας

2477 2894 2615 2953 τέως
2664 2890 2881 2958 ἄφεσις,
2946 2893 3040 2943 καὶ
3078 2893 3321 2961 Ἀρσάκη
3358 2894 3662 2961 μαινομένη
3702 2896 3796 2946 καὶ
3827 2896 4063 2948 θάνατον

2480 2986 2536 3043 ἐς
2600 2982 2790 3052 αὔριον
2870 2983 3173 3053 Χαρικλείᾳ
3244 2985 3666 3051 εὐτρεπίζουσι.
3760 2987 4063 3055 Ἀποστοὶη

2490 3073 2842 3142 Ὀροονδάτου
2884 3072 2981 3125 τοῦ
3014 3074 3059 3103 ’⁸
3098 3076 3197 3143 τῆς
3231 3074 3510 3144 ’Δρσάκης
3552 3077 3768 3147 ἀνδρὸς,
3801 3080 3897 3130 καὶ
3927 3080 4063 3131 άνά⁹

2481 3167 2643 3235 ληψις
2676 3165 2765 3219 διὰ
2799 3168 2897 3235 τῆς
2926 3167 3118 3228 νυκτὸς
3137 3166 3247 3219 τῶν
3277 3170 3503 3221 νεανιῶν
3526 3183 3539 3197 ⁶
3574 3170 3734 3223 τοῦτο
3760 3172 3869 3240 γάρ
3896 3189 4065 3242 προσ-

2480 3259 2762 3318 ετέτακτο,
2823 3258 2947 3309 ἐπεὶ
2991 3259 3021 3309 ὁ
3068 3260 3198 3321 παῖς
3224 3262 3324 3327 τῆς
3368 3261 3616 3329 Κυϐέλης
3647 3262 3941 3331 ἀποτυχὼν
3969 3263 4064 3316 τοῦ

2482 3351 2619 3421 πρὸς
2636 3350 2966 3420 Χαρίκλειαν
2982 3369 3182 3420 γαμου,
3198 3354 3397 3415 πάντα,
3415 3354 3515 3405 ὅσα
3529 3357 3595 3423 τῇ
3622 3354 3863 3423 Ἀρσάκῃ
3878 3355 4067 3409 διαπέ-

2482 3460 2694 3511 πρακτο
2718 3445 2784 3507 “,
2823 3443 2962 3513 πρὸς
2989 3445 3081 3495 τὸν
3121 3445 3389 3515 δεσπότην
3438 3447 3658 3515 ἀπάρας
3705 3448 4064 3515 ἀπήγγειλεν.

2567 3536 2841 3594 Ἐπίθεσις
2868 3535 2976 3587 τῶν
3002 3537 3301 3597 Αἰθιόπων,
3349 3538 3445 3589 καὶ
3484 3540 3709 3607 ἁρπαγὴ
3757 3540 4067 3607 Θεαγένους

2483 3630 2575 3678 καὶ
2620 3627 2979 3693 Χαρικλείας,
3036 3630 3131 3682 καὶ
3191 3630 3330 3698 πρὸς
3379 3631 3654 3699 Ὑδάσπην
3703 3633 3797 3685 τὸν
3843 3632 4072 3700 βασιλέα

2482 3718 2588 3767 των
2616 3716 2887 3768 Αἰθιόπων
2916 3717 3212 3787 ἀπαγωγὴ.
3249 3715 3379 3771 Εἶτα
3420 3720 3721 3790 άφιέρωσις
3758 3722 3971 3773 τούτων
3989 3728 4067 3785 εὶς

2483 3808 2543 3858 τὸ
2569 3806 2821 3875 τυθῆναι,
2860 3808 2960 3879 τὴν
3010 3810 3107 3877 μὲν
3154 3813 3221 3878 τῇ
3254 3810 3481 3879 Σελήνῃ,
3514 3812 3606 3862 τὸν
3644 3812 3701 3864 δὲ
3756 3812 3837 3881 τῷ
3874 3814 4063 3882 Ἡλίῳ.

2484 3895 2615 3948 Εἶτα
2639 3897 2848 3963 ἀγῶνες
2881 3900 2975 3950 καὶ
3000 3898 3203 3962 θυσίαι,
3245 3900 3340 3952 καὶ
3370 3900 3693 3971 Σισιμίθρου
3718 3902 3814 3955 τοῦ
3842 3903 4065 3973 πρώτου

2482 3990 2590 4040 τῶν
2624 3989 3075 4057 γυμνοσοφιστῶν
3104 3990 3203 4042 καὶ
3256 3992 3440 4044 αὐτῶν
3466 3993 3761 4061 παρουσία,
3795 3996 3891 4046 καὶ
3923 3997 4066 4066 Περ-

2485 4085 2637 4153 σίνης
2676 4083 2779 4151 τῆς
2802 4085 3057 4151 γυναικὸς
3076 4084 3169 4136 τοῦ
3191 4084 3476 4149 βασιλέως.
3509 4088 3618 4137 Καὶ
3647 4088 3861 4155 αίτησις
3889 4092 4065 4159 Χαρι·

2482 4177 2666 4238 κλεὶας
2718 4178 2805 4229 ἵνα
2843 4177 3227 4247 δικαιολογηθῇ
3270 4176 3537 4247 Ὑδάσπῃ,
3572 4180 3667 4231 καὶ
3701 4180 4061 4246 δικαιολογία,

2482 4271 2578 4321 καὶ
2599 4270 2779 4340 κρίσις
2806 4269 3127 4339 Σισιμίθρου
3187 4270 3284 4322 καὶ
3326 4272 3603 4340 μαρτυρία
3645 4272 3728 4324 ὅτι
3761 4274 4064 4341 Χαρίκλεια

2484 4363 2615 4421 παῖς
2660 4361 2749 4429 εἰη
2786 4360 3061 4413 Ὑδάσπου
3118 4362 3213 4413 καὶ
3269 4362 3560 4430 Περσίνης.
3606 4363 3864 4415 Πείθεται
3909 4367 4065 4432 μόλις

2495 4450 2791 4518 Ὑδάσπης.
2825 4450 2986 4501 Ἀλλὰ
3009 4450 3105 4503 καὶ
3124 4450 3297 4511 οὓτως
3328 4451 3484 4517 ἀγειν
3517 4451 3743 4520 ἔμελλεν
3762 4455 3841 4516 είς
3869 4453 4063 4509 θυσίαν

803 4544 963 4594 etiam
1000 4542 1079 4593 sic
1114 4538 1367 4599 hostium,
1406 4534 1591 4602 patria:
1628 4533 1727 4602 legi
1775 4532 2120 4601 moribusque
2147 4534 2378 4585 obsecu-
2409 4544 2453 4597 ι)

2409 4544 2453 4597 D
2480 4544 2657 4610 τιμῶν
2681 4542 2775 4594 τὸν
2804 4544 3033 4610 πάτριον
3078 4544 3267 4611 νόμον.
3304 4543 3363 4593 ’0
3388 4543 3446 4595 δὲ
3496 4543 3670 4613 δῆμος
3714 4546 4060 4617 ἀπηγόρευε.

805 4645 910 4695 tus,
962 4636 1167 4685 caedere
1212 4628 1331 4681 illos
1384 4636 1556 4693 parat.
1609 4624 1845 4692 Populus
1892 4624 2237 4677 contradicit.
2286 4621 2377 4677 Sic

806 4743 1019 4779 sursum
1071 4724 1235 4777 libera
1281 4720 1433 4774 abire
1469 4719 1619 4787 jussa
1669 4716 1973 4778 Chariclea,
2009 4731 2124 4784 quae
2159 4715 2377 4783 quidem

808 4820 1051 4869 liberatio
1110 4813 1477 4866 incredibilem
1545 4809 1793 4861 omnibus
1854 4806 2059 4875 peperit
2112 4805 2377 4858 Iustitiam.

804 4910 907 4962 Sed
949 4911 1139 4961 iterum
1172 4906 1469 4959 Charicleae
1514 4903 1803 4955 discrimen
1853 4910 2114 4953 creatum.
2147 4898 2382 4966 'l'heage-

808 5018 902 5053 nes
929 5006 1160 5063 vinctus,
1194 5007 1250 5049 ut
1288 4996 1460 5049 hostia
1510 4994 1619 5046 aris
1649 4994 1824 5045 adhuc
1847 4993 2167 5045 destinatur.
2206 4992 2381 5046 Varia:

807 5094 1094 5159 Minimeque
1144 5106 1208 5141 eo
1259 5088 1475 5139 nomine
1519 5087 1655 5153 apud
1700 5092 1975 5153 parentem
2023 5098 2231 5151 preces,
2291 5086 2385 5138 sed

805 5185 895 5239 iile
940 5184 1310 5236 liberationem
1364 5177 1707 5247 Theagenis,
1749 5176 2234 5245 impunitatemque
2294 5176 2387 5230 ab-

805 5281 940 5331 nuit.
975 5278 1170 5329 Animo
1198 5286 1378 5343 itaque
1406 5280 1689 5327 externata
1713 5270 2017 5335 Chariclea,
2053 5272 2235 5323 omnia
2268 5284 2387 5338 qua:

805 5372 905 5423 sibi
938 5379 993 5423 et
1029 5369 1301 5437 Timageni
1344 5368 1569 5420 adversa
1618 5363 1969 5428 accidissent,
2015 5363 2173 5416 matri
2222 5377 2385 5416 enar—

2486 4634 2581 4685 καὶ
2639 4633 2861 4700 ἀφίεται
2916 4634 3244 4703 Χαρίκλεια,
3291 4636 3387 4686 καὶ
3423 4635 3571 4703 χαρά
3614 4636 3836 4689 πάντων
3871 4640 3969 4690 ἐπὶ
3996 4642 4062 4708 τῇ

2485 4724 2697 4789 οφέσει.
2734 4722 2908 4789 Ἀγὼν
2937 4724 3098 4777 πάλιν
3124 4724 3283 4786 ἀλλος
3305 4726 3628 4796 Χαρικλείᾳ,
3658 4726 3939 4796 Θεαγένης
3984 4731 4061 4782 ἔτι

2487 4815 2705 4883 δέσμιος
2731 4813 2827 4865 ἐπὶ
2852 4816 2921 4883 τῇ
2950 4812 3132 4883 θυσίᾳ,
3164 4816 3260 4867 καὶ
3306 4814 3456 4882 λόγοι
3487 4818 3619 4885 περὶ
3642 4817 3809 4869 αὐτοῦ
3840 4820 3887 4851 ⁸³
3924 4822 4065 4889 πρὸς

2485 4908 2577 4958 τὸν
2612 4906 2828 4975 πατέρα
2861 4906 3047 4959 πολλοὶ
3078 4908 3172 4958 καὶ
3185 4906 3443 4969 ποικίλοι,
3472 4906 3568 4959 τοῦ
3594 4908 3653 4960 δὲ
3688 4910 3897 4980 πατρὸς
3925 4914 4068 4964 ἀπό-

2487 5014 2671 5060 νευσις
2715 4998 2810 5050 ἐπὶ
2860 5002 2929 5067 τῇ
2979 4997 3229 5050 ἀθωώσει
3273 4998 3613 5066 Θεαγένους,
3658 5002 3756 5054 καὶ
3796 5002 4069 5071 ἀδημονία

2488 5089 2841 5159 Χαρικλείας,
2872 5090 2965 5141 καὶ
2999 5090 3136 5159 πρὸς
3168 5090 3269 5158 τὴν
3291 5092 3506 5160 μητέρα
3538 5092 3895 5163 έξαγόρευσις
3930 5096 4073 5145 πάν-

2486 5199 2617 5246 των,
2651 5184 2751 5235 ὅσα
2779 5182 2916 5251 αὐτῇ
2966 5182 3270 5251 συνηνέχθη
3304 5185 3397 5236 καὶ
3455 5184 3739 5252 Θεαγένει.
3797 5186 3910 5239 Καὶ
3950 5189 4071 5256 ἀρι-

2490 5275 2645 5326 στεία
2668 5273 2969 5339 Θεαγένους
2992 5275 3085 5326 ἐπὶ
3108 5274 3185 5344 τῷ
3213 5273 3422 5345 ταύρῳ,
3475 5276 3571 5328 καὶ
3614 5276 3708 5329 τοῦ
3738 5277 3918 5347 δήμου
3941 5279 4072 5347 τέρο

2491 5369 2603 5436 ψις.
2648 5367 2773 5420 Ἔτι
2792 5366 3043 5435 ἀριστεία
3077 5367 3136 5419 έν
3180 5369 3249 5437 τῇ
3288 5369 3424 5439 πρὸς
3468 5370 3563 5422 τὸν
3600 5369 3834 5423 Αἰθίοπα
3861 5373 3955 5423 τὸν
3986 5374 4080 5440 ρέ-

2112 5504 2343 5561 VARIIE
2382 5506 2788 5563 LECTIONES.

860 5603 905 5633 "
945 5600 1226 5669 ὐροδάτου
1267 5618 1326 5663 ς.
1390 5602 1431 5630 "
1458 5602 1746 5663 συστάντος
1803 5618 1861 5663 ς.
1910 5602 1954 5631 ’⁸
1987 5602 2108 5669 περὶ
2132 5618 2191 5665 ς.

807 5677 1015 5743 ματέρα
1051 5685 1278 5740 ponunt.

2270 5603 2311 5630 "
2334 5600 2427 5653 τοῦ
2454 5603 2578 5657 add.
2612 5604 2677 5654 Α.
2737 5604 2782 5632 ⁸⁸
2805 5602 3174 5673 διεπέπρακτο
3200 5623 3262 5669 ς.
3324 5606 3371 5637 ’⁸
3402 5606 3533 5677 περὶ
3561 5606 3727 5659 αὐτοῦ
3761 5610 3923 5675 vulgo
3958 5616 4083 5675 post

2315 5756 2543 5812 NUT/E.

876 5863 988 5935 (63)
1022 5864 1095 5917 De
1122 5876 1221 5931 qua
1261 5860 1374 5911 vide
1397 5856 1585 5910 Ctesiu'
1611 5854 1788 5907 Indica
1824 5865 1999 5919 supr,
2031 5866 2081 5903 et
2125 5850 2377 5904 Philostr.
2423 5856 2512 5906 hit.
2546 5853 2607 5906 Ill
2638 5856 2703 5908 de
2742 5856 2857 5908 Vita
2889 5856 3180 5924 Apollonii.
