4224 6442
187 402 286 463 241

1213 416 1731 480 BIBLIOTHECA.
1754 446 1822 456 -
1838 422 1999 483 COD.
2042 428 2523 493 LXXV-LXXVI.

3334 433 3441 496 242

188 514 638 581 ἀρχαιολογίας,
674 517 733 568 ὲν
764 518 942 587 λόγοις
972 526 1042 573 κ’.
1072 521 1330 591 ’Δρχεται
1357 525 1463 579 ἀπὸ
1483 528 1580 597 τῆς
1608 529 1772 582 Μωῡ-
1802 538 1848 592 Α

1769 560 1772 568 π
1802 538 1848 592 Α
1881 535 2005 587 bros
2040 536 2154 593 XX.
2203 539 2247 594 A
2282 541 2465 595 mundi
2514 541 2789 596 creatione
2837 541 2975 608 apud
3013 540 3195 595 Mosen
3229 541 3437 597 initium

191 603 329 667 σέως
382 610 768 675 χοσμογονίας,
824 611 891 663 τά
940 612 1111 664 πολλά
1132 616 1372 685 συνᾴδων
1403 621 1469 688 τῇ
1494 620 1772 683 Μωῦσέως

191 702 493 765 συγγραφῇ
530 698 599 761 ⁴⁰,
628 699 744 750 ἔστι
774 699 831 752 δὲ
848 700 977 755 ἔνθα
1016 701 1358 775 ἀλλοιότερον
1390 710 1776 778 συγγραφόμε-

190 803 297 846 νος.
336 790 572 841 Κάτεισι
594 790 650 841 δὲ
678 791 840 861 μέχρι
870 792 968 862 τῆς
993 794 1168 863 ἀρχῆς
1183 794 1276 849 τοῦ
1302 796 1437 867 πρὸς
1474 799 1775 869 Ῥωμαίους

201 876 482 931 Ἰουδαίων
513 882 775 951 πολέμου·
813 883 1093 937 ἐϐασίλευε
1120 886 1177 939 δι
1218 888 1337 940 τότε
1370 888 1477 942 τῶν
1506 889 1776 945 Ἰουδαίων

191 967 513 1036 Ἀγρίππας
542 972 571 1021 6
590 970 684 1023 τοῦ
717 972 1026 1045 Ἀργρίππα
1046 974 1141 1029 τοῦ
1180 977 1417 1046 μεγάλου
1439 983 1590 1044 παῖς,
1610 981 1779 1053 ὅ,Ἰη-

192 1058 319 1110 σοῦν
352 1062 448 1112 τὸν
470 1061 568 1114 τοῦ
586 1064 865 1135 Γαμαλιήλ
884 1068 983 1137 τὴν
1004 1069 1429 1139 ἀρχιερωσύνην
1445 1073 1778 1143 ἀφελόμενος

188 1150 375 1203 δίδωσι
412 1152 636 1225 Ματθίᾳ
663 1155 739 1222 τῷ
762 1158 804 1186 ⁶¹
830 1156 1111 1225 Θεοφίλου.
1144 1158 1369 1229 Πρῶτος
1402 1162 1458 1214 δὲ
1502 1163 1777 1234 Ἀντίοχος

190 1242 280 1293 καὶ
310 1243 341 1293 6
362 1246 674 1315 στρατηγὸς
692 1248 857 1299 αὑτοῦ
888 1248 1113 1314 Λυσίας,
1147 1252 1239 1319 ἀφ’
1264 1246 1327 1304 οὒ
1356 1256 1469 1316 τοῖς
1500 1255 1779 1319 Ἰουδαίοις

190 1335 617 1405 ἀρχιερωσύνης
635 1337 883 1409 ἐγνώσθη
902 1340 1139 1409 ἀξίωμα,
1161 1342 1454 1414 είςταύτην
1469 1344 1569 1414 τὴν
1585 1347 1782 1417 τολμηο

192 1427 292 1493 ρέιν
316 1426 566 1497 κατέστη
600 1429 914 1498 ἐγχείρησιν
939 1446 954 1461 ’
981 1432 1071 1485 τὸν
1090 1433 1201 1503 γάρ
1217 1432 1417 1498 Ὀνίαν,
1441 1428 1485 1503 ᾧ
1510 1437 1781 1503 Μενέλαος

193 1518 452 1588 ἐπίκλην,
474 1520 577 1589 τὴν
604 1521 1016 1594 ἀρχιερωσύνην
1037 1525 1469 1596 ἁφελόμενοικαὶ
1483 1528 1779 1596 ἀνελόντες,

192 1602 314 1661 εἶτα
375 1610 589 1663 καὶτὸν
620 1612 785 1665 παῖδα
819 1617 918 1683 τῆς
943 1615 1196 1688 διαδοχῆς
1232 1619 1623 1685 ἀπελάσαντες,
1654 1623 1784 1677 καθ-

196 1702 414 1753 ιστεῑσιν
444 1702 694 1771 Ἰάκιμον
720 1705 789 1767 δ’,
822 1707 1012 1772 γένους
1042 1708 1141 1776 μὲν
1167 1709 1264 1762 τοῦ
1293 1711 1565 1781 Ἀαρῶνος
1586 1712 1653 1777 ⁵³,
1683 1713 1782 1766 οὐκ

192 1792 324 1845 ὄντα
355 1793 418 1845 δὲ
444 1794 549 1861 τῆς
574 1796 753 1858 οἰκίας
810 1797 1034 1867 ταύτης.
1082 1799 1197 1870 Πρὸ
1228 1800 1286 1853 δὲ
1312 1801 1502 1855 τούτου
1541 1802 1632 1856 διὰ
1661 1802 1777 1873 βίου

192 1885 625 1956 ἀρχιερατεύειν
652 1888 935 1956 νενόμιστο
949 1889 995 1921 ⁸⁵
1016 1869 1143 1943 ἀπο
1158 1891 1429 1962 Ἀαρῶνος
1452 1869 1776 1966 ἀρξάμενος,
1810 1869 1851 1926 Β

194 1979 291 2029 καὶ
326 1980 462 2043 παῖς
488 1981 645 2052 παρά
679 1981 885 2052 πατρὸς
906 1982 952 2015 ⁸⁸
967 1983 1064 2049 τὴν
1084 1983 1247 2054 τιμὴν
1262 1985 1548 2056 magno.
1584 1986 1782 2041 Τελευ-

192 2070 471 2137 τήσαντος
519 2068 577 2123 δὲ
626 2069 873 2142 Ἰακίμου
892 2070 1168 2144 ⁸⁸,τρισὶν
1215 2076 1485 2140 ἐνιαυτοῖς
1515 2077 1783 2150 ἀρχιερα-

194 2162 522 2228 τεύσαντος,
558 2162 775 2233 ἔμεινεν
833 2166 867 2234 ἠ
894 2164 1048 2230 πόλις
1105 2168 1388 2232 ἐνιαυτοὺς
1432 2170 1573 2223 ἑπτά
1610 2171 1785 2241 χωρὶς

195 2253 535 2326 ἀρχιερέως.
581 2253 640 2307 '0
666 2255 723 2308 δὲ
749 2254 843 2309 τοῦ
868 2256 1247 2327 Ἀσαμωναίου
1289 2259 1514 2328 ἔγγονος
1552 2261 1597 2293 ⁸⁷
1633 2263 1785 2316 Ματο

198 2344 368 2409 θσίας
391 2346 439 2379 ⁸⁸
468 2347 567 2401 καὶ
600 2347 650 2399 oi
689 2346 881 2400 τούτου
932 2331 1143 2413 παῖδες,
1178 2350 1279 2422 τὴν
1338 2352 1668 2421 προστασίαν
1690 2352 1783 2406 τοῦ

201 2438 395 2500 ἔθνους
432 2437 818 2501 πιστευθέντες
869 2441 964 2492 καὶ
1012 2440 1431 2511 πολεμήσαντες
1458 2442 1783 2505 Μακεδόσιν,

202 2528 471 2598 Ἰωνάθην
505 2530 771 2599 ἀρχιερέα
828 2529 1187 2584 καθιστῶσιν.
1223 2531 1315 2598 Ἐξ
1357 2526 1426 2603 ἦς
1481 2534 1678 2600 γενεᾶς
1714 2529 1784 2603 ἦν

202 2620 301 2671 καὶ
328 2618 537 2682 Ἰούδας
557 2619 587 2669 6
623 2619 938 2688 ἐπικληθεὶς
963 2619 1393 2692 Ἀριστόϐουλος,
1419 2622 1476 2686 ὃς
1510 2625 1604 2676 καὶ
1633 2625 1784 2695 πρῶ-

202 2728 296 2774 τος
351 2710 595 2781 διάδημα
632 2712 957 2791 νπεριίθετο,
1005 2714 1297 2783 ἀρχιερεὺς
1324 2715 1353 2768 ό
1385 2714 1429 2747 δ’
1476 2714 1639 2778 αὐτὸς
1670 2715 1787 2786 ἅμα

203 2803 301 2853 καὶ
327 2801 587 2870 βασιλεὺς
644 2802 1015 2873 χρηματίσας.
1075 2806 1187 2858 Καὶ
1230 2804 1477 2869 ἐπιϐιοὺς
1541 2808 1786 2861 ἐνιαυτὸν

202 2894 325 2955 ἕνα,
346 2892 591 2963 διάδοχον
619 2892 745 2963 laxa
777 2894 873 2947 καὶ
909 2897 1009 2964 τῆς
1059 2894 1338 2963 βασιλείας
1377 2897 1472 2950 καὶ
1505 2898 1605 2967 τῆς
1642 2898 1786 2970 ίερα-

203 2985 368 3053 τικῆς
391 2985 568 3054 ἀρχῆς
591 2985 679 3036 τὸν
700 2985 928 3054 ἀδελφὸν
979 2986 1354 3056 (Ἀλέξανδρος
1385 2988 1532 3059 αὑτῷ
1562 2990 1784 3058 ὄνομα),

207 3076 339 3146 1168
380 3075 469 3147 IL]
500 3076 557 3138 ὃς
592 3076 882 3147 ὲπεϐἔωτῇ
920 3078 1062 3148 ἀρχῇ
1093 3077 1188 3149 ἐτη
1226 3079 1329 3143 κζ’.
1366 3081 1475 3132 Καὶ
1497 3081 1786 3159 διέδραμεν

1875 628 2047 693 ducit,
2091 631 2183 700 qui
2227 647 2351 688 cum
2394 632 2496 686 etsi
2540 647 2790 701 magnam
2835 643 3038 701 partem
3063 634 3323 699 concinit,
3360 637 3444 691 in-

1878 722 2090 775 terdum
2149 734 2328 779 tamen
2379 726 2627 779 diversus
2670 726 2802 792 abit,
2850 725 3132 794 pergitque
3176 742 3346 795 usque
3375 726 3442 781 ad

1878 810 2076 865 bellum
2128 830 2250 867 cum
2297 814 2560 872 Romanis
2601 815 2906 871 Iudaicum.
2938 812 3136 868 .Iudzeis
3182 824 3293 867 tum
3346 830 3442 868 rex

1880 899 2181 971 imperabat
2227 905 2481 975 Agrippa,
2530 907 2778 976 Agrippa
2813 905 2991 975 Magni
3029 904 3092 959 F.
3133 905 3223 973 qui
3259 903 3441 959 Jesum

1879 991 2196 1049 Gamalielis
2227 992 2290 1050 F.
2326 997 2640 1063 pontiﬁcatu
2674 998 2895 1068 dejecit,
2951 996 3270 1065 suti'ccitque
3311 994 3444 1048 Mat-

1881 1085 2050 1138 thiam
2107 1084 2387 1157 Theophili
2444 1088 2655 1155 F.0uo
2697 1090 2936 1145 audacias
2990 1098 3114 1160 post
3172 1087 3443 1157 cognitam

1881 1172 2122 1228 Hebreis
2148 1177 2435 1231 sacerdotii
2474 1178 2791 1247 dignitatem
2825 1181 3033 1249 primus
3063 1176 3304 1232 omnium
3332 1175 3447 1227 Au-

1884 1263 2093 1317 lim-hos
2140 1263 2363 1334 ejusque
2380 1266 2485 1321 dux
2509 1267 2696 1336 Lysias
2726 1269 2970 1323 conando
2999 1280 3320 1335 progressus
3343 1274 3445 1317 est.

1881 1354 2070 1408 Oniant
2117 1359 2261 1411 enim
2299 1358 2398 1424 illi,
2429 1360 2511 1413 cui
2554 1359 2796 1414 Menelao
2855 1369 3273 1430 cognomentum
3326 1355 3447 1418 fuit,

1882 1445 2161 1513 pontiﬁcio
2187 1448 2575 1503 submoverunt
2621 1460 2996 1518 necaruntqne
3020 1467 3034 1502 :
3060 1450 3188 1519 quin
3206 1457 3261 1501 et
3280 1446 3448 1499 lilium

1883 1546 2121 1604 paternae
2145 1539 2423 1607 dignitatis
2450 1541 2799 1595 successione
2825 1543 3127 1609 privarunt,
3148 1539 3443 1606 subrogato

1880 1628 2091 1684 Jacimo
2125 1631 2240 1700 (73)
2273 1647 2302 1686 e
2334 1646 2530 1701 genere
2558 1632 2776 1701 quidem
2816 1632 3068 1695 Aarouis,
3103 1631 3195 1685 sed
3221 1630 3447 1683 alterius

1884 1721 2123 1777 l‘aruiliae.
2159 1723 2296 1779 Olim
2324 1739 2449 1779 vero
2476 1739 2571 1794 per
2602 1738 2818 1779 omnem
2849 1724 3013 1778 vitam
3067 1720 3447 1777 Pontiﬁcatum

1883 1828 2093 1886 gerere,
2121 1814 2233 1885 jam
2266 1815 2391 1869 inde
2430 1818 2497 1871 ab
2524 1815 2756 1870 Aaronis
2796 1815 3147 1883 temporibus,
3187 1823 3242 1868 et
3278 1812 3451 1865 ﬁlium

1884 1907 1937 1962 in
1970 1906 2240 1964 demortui
2283 1910 2455 1978 patris
2499 1908 2822 1979 dignitatem
2852 1907 3145 1963 succedere
3171 1906 3253 1961 lex
3288 1903 3449 1974 jube-

1883 2000 1994 2057 bat.
2024 1998 2239 2058 Mortuo
2255 2012 2433 2057 autem
2457 2012 2576 2071 post
2594 1999 2808 2056 triennii
2829 2000 3195 2070 pontiﬁcatum
3221 1995 3445 2062 Jacimo,

1882 2092 2165 2161 svpteunio
2224 2093 2419 2151 deinde
2463 2092 2657 2149 civitas
2708 2092 2960 2163 pontiﬁce
3017 2093 3214 2145 caruit.
3270 2090 3457 2156 Quare‘

1884 2201 2005 2239 cum
2044 2201 2110 2240 ex
2154 2185 2457 2242 Asatnonzei
2497 2186 2609 2256 (η)
2649 2186 2819 2256 stirpe
2850 2185 3088 2240 Matthia
3116 2184 3227 2254 (75)
3260 2183 3450 2252 hujus-

1882 2290 1987 2345 que
2023 2274 2148 2331 ﬁliis
2184 2277 2360 2347 gentis
2386 2275 2623 2333 iudaice
2672 2286 2817 2332 esset
2854 2277 3058 2332 credita
3102 2274 3445 2345 praefectura,

1886 2366 2194 2437 bellumque
2231 2368 2392 2422 iidem
2434 2383 2557 2423 cum
2600 2367 2981 2423 Macedonibus
3010 2369 3330 2439 gessissent,
3357 2364 3449 2421 Jo-

1886 2460 2107 2513 uatham
2145 2461 2457 2529 pontiﬁcem
2504 2471 2712 2516 creant.
2754 2461 2832 2517 Ex
2864 2477 2968 2532 qua
2997 2462 3165 2532 stirpe
3197 2471 3251 2516 et
3279 2459 3449 2515 ludas

1884 2562 2248 2616 cognomento
2268 2551 2612 2609 Aristobulus
2644 2551 2770 2617 fuit,
2808 2555 2898 2623 qui
2933 2563 2988 2609 et
3032 2553 3171 2625 53a
3202 2554 3448 2607 diadema

1884 2644 2047 2713 capiti
2096 2644 2305 2713 primus
2349 2645 2629 2715 imposuit.
2665 2645 2829 2717 Regis
2871 2661 3003 2717 ergo
3037 2647 3176 2703 idem
3216 2646 3303 2701 hic
3328 2647 3451 2715 jure

1884 2733 2065 2801 simul,
2091 2746 2145 2790 et
2170 2737 2457 2791 sacerdotii
2490 2752 2641 2803 usus,
2682 2754 2828 2793 anno
2855 2753 2962 2794 uno
2991 2749 3288 2809 superstes,
3326 2753 3451 2793 suc-

1889 2838 2163 2879 cessorem
2209 2826 2425 2897 reliquit
2466 2829 2615 2899 regni
2655 2828 2815 2883 simul
2858 2839 2913 2885 et
2951 2830 3296 2899 pontiﬁcatus
3340 2828 3450 2883 fra-

1884 2922 2048 2979 trem,
2095 2916 2178 2969 cui
2222 2916 2526 2972 Alexandro
2564 2932 2785 2974 nomen.
2832 2918 3015 2975 Gessit
3044 2919 3133 2975 bic
3160 2919 3448 2988 imperium

1885 3021 2060 3062 annos
2092 3017 2295 3077 septem
2328 3018 2383 3064 et
2410 3010 2621 3081 viginti.
2654 3011 2734 3065 Ab
2762 3010 2862 3065 hoc
2903 3012 3153 3080 pervenit
3195 3010 3452 3078 deinceps

1886 3114 2111 3170 regnum
2141 3115 2263 3152 cum
2294 3102 2617 3165 sacerdotio,
2660 3102 2964 3157 Asamonazi
3002 3102 3237 3171 posteris
3262 3117 3449 3156 scrva-

204 3171 239 3236 ἡ
270 3168 523 3236 βασιλεία
553 3170 688 3236 μετά
731 3169 829 3237 τῆς
884 3169 1296 3241 ἀρχιερωσύνης
1342 3174 1453 3235 τοῖς
1489 3173 1596 3226 ἀπὸ
1626 3174 1783 3227 Ἀσα-
1810 3202 1852 3260 C

1782 3202 1852 3260 κο
1888 3168 2021 3252 tum,
2058 3187 2124 3241 ad
2163 3186 2471 3258 Hyrcanum
2512 3205 2701 3259 usque,
2734 3206 2892 3259 quem
2938 3168 3307 3245 Romanorum
3342 3192 3450 3246 dux

208 3260 454 3327 μωναίου
489 3260 771 3329 σωζομένη
805 3260 1001 3331 μέχρις
1036 3261 1333 3329 ’Υρκάνου,
1379 3263 1438 3316 ὃν
1500 3266 1784 3335 Πομπήϊος

1887 3276 2199 3349 Pompeius.
2224 3281 2394 3346 captis
2425 3278 2835 3352 Hierosolymis,
2878 3297 3044 3351 regno
3075 3282 3289 3352 quidem
3326 3296 3454 3352 spo-

203 3356 232 3403 6
261 3353 558 3421 Ῥωμαίων
591 3355 917 3422 στρατηγὸς,
970 3353 1251 3424 πορθήσας
1284 3357 1354 3408 τά
1414 3356 1783 3427 Ἰεροσόλυμα,

203 3446 307 3514 τὴν
346 3444 445 3511 μὲν
480 3443 753 3512 βασιλείαν
778 3445 1037 3512 ἀφείλατο
1070 3446 1138 3510 ⁸⁸,
1167 3447 1579 3516 ἀρχιερατεύειν
1606 3449 1662 3500 δὲ
1691 3450 1784 3502 τοῦ

204 3538 398 3598 ἔθνους
423 3538 716 3589 κατέλιπεν
740 3554 752 3567 ·
783 3538 952 3608 ἄρξας
974 3539 1031 3592 δὲ
1079 3539 1259 3593 πάντα
1288 3540 1381 3610 ἐτη
1409 3542 1452 3571 ἰ
1494 3542 1785 3610 τριάκοντα

205 3634 305 3683 καί
328 3630 462 3698 τρία
484 3631 829 3699 αἰχμάλωτος
864 3632 969 3685 ὑπὸ
1009 3633 1361 3704 Φαρναϐάζου
1412 3636 1506 3687 καὶ
1537 3635 1785 3705 Πακόρου

204 3722 316 3772 τῶν
339 3722 441 3789 τῆς
475 3720 803 3791 Παρθυηνῆς
835 3724 1113 3776 δυναστῶν
1142 3725 1376 3792 γίνεται,
1402 3727 1495 3778 καὶ
1527 3726 1785 3779 καθίστα-

205 3830 300 3864 ται
332 3812 424 3863 ὑπ’
456 3812 636 3865 αὐτῶν
657 3815 685 3865 6
710 3813 803 3864 τοῦ
837 3815 1250 3884 Ἀριστοϐούλου
1272 3817 1499 3886 ἀδελφοῦ
1532 3817 1646 3881 υίὸς
1676 3819 1789 3872 Ἀν-

206 3905 426 3969 τίγονος
474 3902 746 3970 βασιλεύς.
794 3906 892 3957 ’ον
946 3907 1098 3975 τρεῖς
1147 3907 1320 3977 μῆνας
1372 3909 1465 3960 καὶ
1516 3908 1643 3977 τρία
1690 3908 1784 3978 ἐτη

206 3995 455 4062 ἄρξαντα
478 3995 700 4057 Σόσσιος
725 3996 769 4026 ⁵¹
792 3996 820 4047 6
848 3996 1136 4065 Ῥωμαίων
1163 3998 1465 4069 στρατηγὸς
1489 4000 1584 4052 καὶ
1616 3998 1788 4069 Ἡρώ-

206 4086 306 4153 δης
346 4088 375 4137 6
403 4085 642 4153 πρῶτος,
674 4088 701 4138 6
728 4085 820 4138 τοῦ
855 4086 1219 4159 Ἀντιπάτρου
1264 4088 1359 4142 τοῦ
1392 4090 1786 4144 Ἀσκαλωνίτου

207 4176 303 4228 τοῦ
355 4176 660 4245 ίεροδούλου
718 4180 813 4231 καὶ
862 4179 959 4249 τῆς
1011 4180 1286 4251 Κύπριδος
1324 4184 1424 4253 τῆς
1458 4183 1788 4254 Ἀραϐίσσης

211 4271 366 4331 παῖς,
395 4266 880 4339 ἐξεπολιόρκησαν,
914 4271 1198 4335 Ἀντώνιος
1232 4274 1290 4327 δὲ
1340 4277 1420 4337 είς
1452 4276 1788 4345 Ἀντιόχειαν

206 4360 521 4430 ἀναχθέντα
540 4361 740 4416 ἀνεῖλε.
793 4364 905 4416 Καὶ
961 4365 1193 4418 παύεται
1222 4367 1296 4433 ίτδ
1321 4367 1712 4438 Ἀσαμωναίων
1741 4369 1787 4400 ⁸³

206 4452 390 4517 γένος,
443 4452 538 4503 καὶ
592 4451 863 4522 λαμϐάνει
909 4454 1008 4521 τὴν
1042 4455 1148 4509 τῶν
1198 4455 1465 4510 Ἰουδαίων
1510 4457 1788 4527 βασιλείαν

1889 3370 2059 3434 liavit,
2093 3373 2456 3427 sacerdotium
2490 3382 2668 3427 tamen
2710 3389 2980 3428 summum
3008 3374 3246 3431 Iudaica
3278 3376 3453 3446 gentis

1893 3477 2082 3530 gerere
2114 3464 2377 3532 permisit.
2423 3462 2649 3519 Pmluit
2677 3465 2733 3519 in
2783 3467 3093 3521 universum
3138 3480 3311 3521 annos
3338 3473 3453 3520 tres

1887 3560 1942 3603 et
1993 3552 2237 3620 triginta,
2287 3568 2409 3607 cum
2443 3554 2544 3609 sub
2580 3553 2933 3611 Pharnabazo
2979 3564 3035 3609 et
3082 3556 3285 3611 Pacoro
3319 3557 3451 3610 Par-

1890 3641 2106 3696 thurum
2132 3643 2398 3711 prafectis
2419 3656 2607 3715 captus
2628 3656 2733 3711 est,
2751 3646 3115 3718 suﬂectusque
3140 3648 3208 3702 ab
3230 3648 3335 3703 illis
3360 3665 3449 3703 rex

1885 3733 2177 3788 Aristobuli
2211 3733 2397 3791 fratris
2423 3735 2565 3791 ﬁlius
2582 3737 2903 3808 Antigonus.
2925 3735 3293 3807 Huncipsum.
3321 3753 3440 3791 cum

1887 3838 2059 3877 annos
2089 3833 2220 3891 tres,
2252 3826 2582 3896 totidemque
2628 3841 2843 3881 menses
2884 3828 3228 3898 imperasset,
3262 3826 3451 3882 Sosius

1888 3918 2107 3986 quidem
2135 3918 2499 3973 Romanorum
2528 3919 2636 3972 dux
2676 3928 2732 3975 et
2761 3918 3000 3977 Herodes
3033 3921 3240 3989 primus
3265 3920 3336 3988 (is
3359 3918 3451 3989 qui

1888 4009 2160 4078 Antipatri
2208 4008 2533 4064 Ascalonita!
2566 4011 2888 4073 sacerdotis,
2935 4020 2988 4065 et
3026 4010 3275 4081 Cypridis
3311 4011 3449 4063 Ara-

1890 4098 2025 4152 bica
2055 4097 2196 4151 ﬁlius
2219 4097 2338 4167 fuit)
2370 4099 2729 4153 debellarunt.
2758 4100 3024 4155 Antonius
3058 4111 3237 4155 autem
3264 4101 3451 4155 Antio-

1887 4189 2064 4242 chiam
2102 4189 2420 4258 perductum
2461 4192 2692 4245 necavit.
2724 4189 2797 4243 Ita
2827 4191 2984 4245 ﬁnem
3018 4190 3335 4246 Asamonasa
3365 4207 3452 4246 so-

1889 4280 2041 4334 boles
2078 4281 2285 4345 habuit,
2329 4290 2383 4335 et
2426 4280 2715 4349 imperium
2766 4282 3075 4338 Judaeorum
3116 4299 3146 4339 a
3193 4284 3451 4338 Romanis

1892 4372 2131 4427 Herodes
2160 4374 2414 4441 sumpsit.
2447 4372 2539 4427 Ille
2565 4375 2737 4428 cuivis
2764 4375 3136 4444 pontiﬁcatum
3178 4377 3445 4445 prebens,

1888 4462 2322 4529 successoribus,
2356 4471 2415 4517 ut
2460 4462 2601 4517 Idem
2632 4464 2914 4526 auderent,
2946 4476 3107 4535 caput
3134 4468 3347 4522 exstitit
3370 4476 3450 4520 at-

209 4541 367 4608 παρὰ
406 4541 692 4610 Ῥωμαίων
742 4543 1015 4613 Ἡρώδηςο
1071 4545 1129 4607 δς
1172 4548 1285 4609 τοῖς
1340 4548 1564 4617 τυχοῦσι
1605 4551 1785 4620 νέμων
1818 4531 1860 4585 D

1781 4572 1785 4594 ι
1818 4531 1860 4585 D
1889 4570 1993 4621 que
2024 4556 2348 4623 exemplum.
2382 4554 2647 4625 Pertingit
2678 4560 2878 4626 itaque,
2911 4568 2967 4611 ut
3003 4531 3162 4627 supra
3193 4559 3449 4627 diximus,

208 4635 306 4699 τὴν
338 4632 750 4703 ἀρχιερωσύνην
786 4637 880 4688 καὶ
912 4639 1022 4698 τοῖς
1058 4636 1319 4707 διαδόχοις
1359 4640 1519 4693 αὑτοῦ
1561 4642 1623 4695 τὸ
1655 4644 1786 4696 αὐτδ

208 4724 371 4775 τοῦτο
438 4727 613 4776 ποιεῖν
655 4726 797 4796 ἀρχὴ
856 4727 1047 4795 γέγονε
1087 4730 1182 4781 καὶ
1221 4730 1587 4799 παράδειγμα.
1635 4735 1782 4788 Κάτ-

210 4832 350 4864 εισιν
390 4810 505 4875 οὖν,
568 4815 751 4885 ὥσπερ
801 4817 1046 4887 εἴρηται,
1096 4821 1125 4871 6
1190 4824 1537 4891 συγγραψεὺς
1581 4827 1638 4878 ὲν
1673 4829 1785 4888 τοῖς

210 4905 384 4957 εἴκοσι
428 4904 671 4973 βιϐλίοις,
729 4907 1031 4977 ἀρξάμενος
1085 4908 1193 4960 ἀπὸ
1236 4909 1336 4978 τῆς
1386 4915 1777 4982 κοσμογονίας,

213 4992 376 5061 μέχρι
422 4993 521 5061 τῆς
578 4996 749 5063 ἀρχῆς
800 4994 894 5047 τοῦ
934 4997 1246 5049 τελευταίου
1295 5000 1433 5069 πρὸς
1489 5003 1791 5073 Ῥωμαίους

210 5083 487 5136 Ἰουδαίων
545 5086 803 5155 πολέμου,
859 5088 983 5140 καθ’
1048 5088 1107 5142 όν
1155 5091 1345 5159 καιρὸν
1365 5092 1637 5147 Ἰουδαίων
1689 5098 1785 5165 μὲν

210 5174 530 5226 ὲὸασίλευεν
558 5175 661 5227 ὑπὸ
702 5177 988 5244 Ῥωμαίων
1007 5180 1285 5243 καταστὰς
1315 5180 1620 5250 Ἀγρίππας
1644 5188 1670 5237 6
1693 5186 1785 5237 τοῦ

1889 4646 1977 4699 hic
2026 4646 2261 4714 scriptor
2306 4646 2459 4701 libris
2502 4647 2713 4717 viginti,
2750 4647 2816 4701 ab
2855 4648 2987 4701 orbe
3016 4648 3233 4702 condito
3272 4651 3452 4716 auspi-

1886 4741 2062 4795 catus,
2089 4733 2153 4785 ad
2183 4732 2394 4786 initium
2437 4748 2607 4801 usque
2640 4732 2762 4787 belli
2796 4733 2968 4787 ultimi
2997 4732 3305 4788 Judmorum
3328 4752 3449 4788 cum

1889 4821 2149 4876 Romanis
2180 4840 2191 4875 :
2229 4838 2330 4891 qua
2360 4833 2680 4893 tempestate
2712 4824 2761 4876 in
2804 4821 2983 4876 Judaea
3025 4825 3289 4892 regnavit,
3323 4840 3450 4879 auc-

1888 4917 2109 4970 toritate
2156 4914 2550 4980 Romanorum,
2596 4916 2855 4985 Agrippa,
2888 4917 3136 4985 Agrippa:
3181 4917 3240 4971 F.
3281 4917 3451 4987 Syria:

1898 5018 2027 5058 vero
2052 5018 2116 5058 ac
2145 5001 2347 5057 ludicre
2374 5001 2663 5074 praefectus
2687 5004 2786 5057 fuit
2816 5002 3007 5058 Gesius
3037 5004 3250 5071 Florus,
3290 5007 3337 5059 is
3360 5008 3449 5073 qui

1891 5097 2087 5153 Albino
2140 5096 2429 5161 successit;
2490 5094 2643 5163 cujus
2702 5097 3053 5165 impotentem
3088 5100 3448 5159 dominatum.

1895 5187 2375 5257 crudelitatemque
2426 5184 2734 5242 Judteorum
2795 5190 2939 5241 natio
2990 5204 3093 5241 non
3130 5188 3329 5251 ferens,
3374 5198 3451 5241 tu-

1489 5275 1715 5329 \‘AliI/E
1759 5278 2164 5335 LECTIONES.

286 5361 332 5391 ⁸⁸
357 5364 637 5433 γραφῇίς.
746 5364 789 5394 δι
811 5363 910 5433 τῷ]
936 5365 1014 5433 τῷ
1035 5365 1130 5418 τοῦ
1160 5384 1219 5431 ς’.

211 5430 255 5506 ff
290 5421 446 5506 παρὰ
483 5421 819 5506 Ῑτόὐίπατρὸς
966 5421 1011 5465 ’δ”
1032 5421 1304 5506 Ἰακείμου
1328 5455 1387 5502 ς.

210 5499 254 5529 ⁸¹
287 5499 384 5570 ἐτη.
420 5518 530 5555 om.
560 5504 624 5557 Α.

1322 5368 1366 5399 ⁸⁸
1397 5367 1726 5442 καθιστῶσιν
1765 5373 2033 5442 Ἰάκειμον
2071 5392 2131 5435 ς.

1481 5440 1884 5509 δὀἱ-ἔγγονοι
1936 5440 1998 5498 C.
2068 5444 2114 5477 “

723 5506 769 5581 ξ’
810 5504 1031 5584 ξούριος
1064 5504 1230 5584 g._cl'.
1268 5509 1513 5584 llttotson.
1544 5516 1608 5584 ad
1641 5504 1860 5584 Juseph.
1896 5513 1954 5569 Β.
1987 5513 2110 5568 Jud.
2145 5504 2413 5584 t'proaem.
2448 5517 2499 5569 7.
2575 5516 2620 5548 ⁸³
2658 5504 3028 5584 ’Ᾰσαμωναῑον
3072 5504 3160 5580 ς’.’
3219 5519 3266 5551 ⁸⁸
3292 5504 3452 5569 τοῦτο

2233 5376 2277 5406 υ
2315 5374 2543 5444 *Λαρὼν,
2628 5393 2687 5440 ς,
2802 5375 2846 5405 ⁸⁸
2879 5376 3160 5443 νενόμιστο
3200 5378 3322 5429 add.
3381 5378 3446 5429 Α.

2150 5444 2418 5514 ματαθίας
2443 5446 2504 5498 (1.
2584 5444 2627 5517 δέ
2657 5444 2705 5517 ό]
2734 5444 2787 5497 δὲ
2814 5448 2841 5497 6
2868 5464 2926 5511 ς.
3013 5446 3058 5478 ⁸⁰
3096 5448 3445 5517 ἀφείλετοᾼς.

210 5577 385 5623 ποιεῖν
414 5572 579 5643 ἀρχὴ]
635 5573 795 5627 τοῦτο
816 5572 957 5645 ἀρχὴ
982 5578 1045 5639 Λ,
1070 5575 1227 5629 τοῦτο
1252 5579 1423 5629 ποιεῖν
1448 5572 1935 5654 καταλιπὼν-ἁρχὴ
1969 5602 2029 5648 ς.

1711 5675 1913 5730 burnt-1

344 5763 396 5826 5)
429 5764 512 5816 Al.
544 5765 790 5829 Alcime,
825 5766 905 5818 vel
935 5765 1232 5819 Jaccltimn.

352 5835 403 5885 il
442 5835 514 5888 lit:
550 5837 634 5889 his
672 5840 838 5890 multa
889 5836 1107 5890 ducti».
1144 5834 1423 5891 Uriulnuns
1473 5838 1640 5907 cpisc.
1677 5838 1766 5895 Jo-

284 5763 341 5842 (Ξ

288 5844 337 5899 (ι

1884 5774 2036 5838 .wplt.
2079 5772 2384 5838 Stt'pltattttts
2419 5772 2469 5822 in
2506 5786 2622 5841 t'ap.
2656 5768 3013 5827 Machahmor.

1954 5842 2061 5908 ιῖῗι)
2099 5845 2176 5894 .\l.
2210 5841 2496 5895 Mulutltm.
