4224 6442
789 393 895 459 243
1918 394 2183 453 ΡΗΟΤΙὶ
2221 391 2729 451 ΡΛΤΒΙΑΗΟΙΙΕ
2766 392 2875 450 CP.
3938 390 4051 453 244

801 507 1055 560 nmltuari
1086 507 1275 576 t-mpit,
1308 506 1499 561 melius
1525 521 1647 560 esse
1677 517 1792 559 rata
1822 508 2019 562 multos
2043 509 2203 562 simul
2228 519 2285 562 et
2312 510 2365 560 in
2397 519 2441 569 Α
2471 507 2543 558 Ἃ·

2471 507 2776 575 ’Δγρίππα,
2807 508 3144 577 ἐπετρόπευε
3176 508 3233 559 δὲ
3289 508 3388 576 τῆς
3437 507 3637 577 Συρίας
3665 509 3757 559 καὶ
3782 508 4052 573 Ἰουδαίας

798 602 1068 662 libertate,
1098 614 1260 668 quam
1311 599 1454 652 lente
1498 615 1562 653 ac
1608 599 1893 667 paulatim,
1927 610 1984 653 et
2017 600 2070 652 in
2103 601 2368 654 servitute
2469 598 2541 649 Γέ

2469 598 2659 659 Γέσιος
2699 597 2934 668 Φλῶρος,
2976 599 3223 651 Ἀλϐίνου
3256 600 3498 668 διάδοχος
3532 616 3545 629 ·
3578 593 3639 652 οὗ
3664 601 3763 667 τὴν
3809 618 4052 670 κακουρο

795 691 1089 759 exstingui.
1118 691 1305 744 Altero
1349 702 1498 743 certe
1548 694 1883 756 praefectura:
1931 690 2101 754 Flori,
2137 690 2369 745 Neronis
2416 699 2431 711 ‘
2470 690 2543 755 γει

2470 690 2597 755 γίαν
2620 692 2712 739 καὶ
2743 689 3001 757 ὠμότητα
3035 691 3097 739 τὸ
3150 690 3420 742 Ἰουδαίων
3472 692 3625 753 ἔθνος
3683 692 3743 743 οὐ
3786 693 4049 762 φέροντες

797 798 926 835 vero
957 784 1169 834 decimo
1197 796 1362 843 anno,
1393 783 1588 835 bellum
1618 785 1811 854 agitari
1839 794 2102 853 ereptum,
2136 783 2369 852 ﬁnisque
2407 787 2426 821 '-
2470 782 2543 830 ἐσ·

2470 779 2937 851 ἐστασίασαν,[99
2992 778 3085 851 ΙΙ.]
3149 784 3403 850 κρεῖσσον
3460 783 3814 852 ἡγησάμενοι,
3853 782 4054 852 ἁθρόον

794 878 879 923 est
902 868 1120 937 .Ioseplii
1167 867 1425 924 Historia:
1458 888 1471 924 :
1499 871 1566 925 de
1590 872 1749 937 cujus
1787 870 1929 940 stylo
1979 886 2141 940 supra
2187 872 2371 925 dicere
2472 889 2543 922 κα

2472 872 2589 922 καὶ¹
2625 872 2726 922 σὺν
2767 871 3052 943 ἐλευθερίᾳ
3095 872 3127 940 ἦ
3186 874 3304 924 κατ’
3359 873 3540 940 ὀλίγον
3570 875 3665 927 καὶ
3716 876 3812 927 σὺν
3840 875 4056 945 δουλείᾳ

794 962 1036 1015 memini.

2472 962 2794 1015 ἀπολέσθαι.
2831 963 3096 1034 Δεύτερον
3124 965 3170 1016 δ’
3197 960 3267 1035 ἦν
3296 966 3341 996 ⁸⁸
3382 966 3501 1027 ἔτος
3532 968 3631 1036 τῆς
3670 967 3891 1037 Φλώρου
3933 970 4056 1020 ἑπι-

794 1051 1024 1119 τροπῆς,
1057 1051 1357 1102 δωδέκατον
1407 1051 1464 1103 δὲ
1513 1051 1610 1121 τῆς
1662 1052 1916 1123 Νέρωνος
1965 1052 2163 1121 ἀρχῆς,
2199 1052 2288 1104 ὅτε
2317 1053 2347 1104 ὁ
2384 1053 2616 1123 πόλεμος
2661 1053 2935 1125 ἑλάμὸανε
2974 1056 3185 1128 κίνησιν
3210 1074 3225 1088 °
3267 1058 3325 1110 ιν
3354 1052 3438 1123 οἷς
3471 1060 3565 1114 καὶ
3584 1059 3683 1128 τῆς
3714 1060 3955 1131 ἱστορίας
3993 1076 4056 1125 τδ

802 1146 996 1215 πέρας.
1053 1142 1178 1208 Οἷος
1202 1146 1255 1197 δὲ
1279 1147 1379 1215 τὴν
1419 1147 1620 1216 φράσιν
1695 1148 1867 1209 ἐστὶν,
1940 1148 2255 1217 ἔμπροσθεν
2302 1149 2543 1218 εἴρηται.

866 1240 1046 1293 Genus
1077 1240 1149 1293 illi
1177 1240 1483 1303 Judaicnm,
1506 1250 1557 1293 et
1590 1245 1844 1295 sacerdos
1878 1243 2009 1309 ipse,
2036 1242 2206 1311 patris
2228 1256 2363 1309 quo-

790 1348 895 1399 que
941 1335 1161 1398 stirpem
1203 1348 1233 1384 e
1274 1332 1650 1387 sacerdotibus
1697 1332 1852 1402 longa
1907 1332 2172 1399 majorum
2222 1334 2366 1386 serie

791 1424 1023 1476 ducebat
1059 1442 1071 1476 :
1110 1440 1233 1476 nam
1280 1436 1453 1477 mater
1500 1426 1631 1492 regii
1664 1426 1941 1493 sanguinis
1990 1423 2090 1477 fuit
2129 1441 2197 1479 ex
2240 1427 2369 1478 Asa-

794 1530 1123 1568 monaaorum
1170 1516 1257 1568 illa
1300 1516 1502 1578 sobole,
1540 1532 1663 1582 qua:
1712 1516 2018 1569 diutissime
2064 1518 2204 1571 inter
2232 1532 2368 1570 con-

795 1608 1025 1661 tribules
1055 1609 1361 1660 sacerdotio
1398 1609 1564 1672 potita
1605 1623 1847 1673 summo,
1883 1619 1937 1661 et
1977 1625 2163 1677 regno.
2198 1609 2370 1663 Natus

794 1716 924 1771 ergo
956 1701 1227 1769 Josephus
1254 1717 1319 1755 ex
1347 1701 1432 1753 illa
1455 1713 1648 1763 matre,
1683 1712 1737 1753 et
1768 1700 2013 1765 lllatthia,
2052 1701 2190 1771 53b
2222 1717 2367 1755 anno

794 1796 968 1864 primo
992 1794 1102 1848 Caii
1136 1794 1364 1847 Romani
1406 1794 1771 1860 imperatoris,
1796 1794 1907 1862 jam
1945 1796 2070 1847 inde
2100 1812 2129 1847 a
2162 1796 2368 1848 teneris

2545 1241 2702 1292 Ἐστι
2731 1239 2844 1292 δὲοὸ
2871 1241 2917 1274 ⁸⁸
2947 1238 3212 1309 Ἰώσηπος
3256 1240 3411 1309 γένος
3449 1242 3547 1311 μὲν
3585 1240 3835 1300 Ἰουδαῖος
3874 1243 4057 1313 ἱερεὺς

2473 1333 2570 1384 καὶ
2608 1332 2667 1396 ἐξ
2696 1333 2887 1401 ἱερέων
2919 1334 2988 1384 τὰ
3024 1334 3160 1401 πρὸς
3192 1336 3396 1402 πατρὸς
3425 1334 3633 1387 ἀνωθεν
3656 1336 4055 1403 καταγόμενος,

2474 1425 2537 1476 ὲκ
2568 1424 2845 1493 βασιλείου
2902 1424 2961 1476 δὲ
2993 1426 3038 1455 ⁸¹
3074 1424 3247 1494 φυλῆς
3274 1427 3379 1478 ὐπὸ
3406 1427 3508 1494 τῆς
3538 1427 3772 1497 μητρός’
3805 1428 3916 1481 τῶν
3945 1430 4056 1500 γάρ

2486 1515 2863 1584 Ἀσαμωναίου
2897 1514 3124 1576 παίδων,
3157 1516 3207 1567 οἳ
3247 1516 3340 1566 ἐπὶ
3387 1516 3728 1585 μακρότατον
3778 1516 3886 1567 τῶν
3918 1519 4056 1584 ὁμο-

2474 1608 2659 1675 φύλων
2689 1608 3011 1677 ἱεράτευσάν
3040 1625 3099 1659 τε
3122 1608 3219 1659 καὶ
3246 1608 3678 1678 ἐδασίλευσαν,ή
3710 1611 4056 1677 γεννησαμέ-

2474 1717 2540 1767 νη
2596 1699 2888 1766 ἀπόγονος.
2944 1699 3160 1750 Γίνεται
3202 1698 3266 1767 δὴ
3304 1699 3349 1730 ⁸⁸
3381 1698 3439 1764 ἐξ
3480 1698 3651 1767 αὐτῆς
3686 1700 3779 1751 καὶ
3809 1700 4054 1752 Ματθίου

2474 1790 2617 1841 κατὰ
2648 1789 2712 1841 τὸ
2754 1790 2973 1857 πρῶτον
3012 1788 3129 1850 ἔτος
3174 1789 3275 1859 τῆς
3324 1789 3487 1842 Γαΐου
3532 1790 3816 1858 Ῥωμαίων
3850 1792 4057 1861 ἡγεμο-

793 1888 1095 1958 unguiculis
1126 1886 1480 1955 philosophiae
1522 1886 1715 1939 studiis
1737 1901 1858 1939 sese
1889 1886 2113 1939 dedidit.
2138 1886 2359 1939 Annum
2394 1886 2434 1939 Β
2462 1882 2543 1933 via

2469 1882 2581 1943 νίας
2619 1880 2901 1949 Ἰώσηπος,
2961 1882 3025 1933 ἐκ
3069 1882 3199 1943 νέας
3228 1882 3326 1950 μὲν
3373 1883 3700 1949 φιλολογῶνο
3734 1885 3860 1952 περὶ
3901 1885 3959 1936 δὲ
3996 1886 4058 1937 τὸ

792 1980 986 2034 deinde
1015 1984 1291 2047 attingens
1321 1990 1532 2030 sextum
1571 1980 1868 2040 decimum,
1889 1979 2130 2030 animum
2154 1994 2372 2045 quoque

791 2073 858 2126 ad
883 2070 1191 2126 .ludaaorum
1223 2082 1401 2124 sectas
1429 2070 1631 2139 appulit
1659 2072 1792 2139 (tres
1819 2068 1932 2138 (76)
1961 2080 2141 2123 autem
2178 2086 2365 2122 nume-

795 2162 1006 2231 rantur)
1048 2176 1344 2229 omnesque
1376 2176 1572 2228 magno
1620 2160 1785 2213 animi
1839 2161 2019 2215 studio
2056 2170 2370 2228 persecutus

792 2265 895 2317 est,
923 2265 979 2305 ut
1001 2254 1238 2306 omnium
1260 2264 1417 2321 capto
1448 2253 1838 2320 esperimento,
1872 2253 2128 2319 optimam
2156 2252 2370 2304 tandem

790 2346 1227 2413 amplecteretur.
1262 2346 1435 2413 Atque
1472 2347 1551 2396 lue
1583 2343 1695 2396 fere
1725 2353 1889 2395 sectze
1920 2343 2022 2396 illa:
2046 2361 2058 2396 :
2086 2342 2367 2407 Plial’lsatl,

794 2436 1073 2492 Sadduczei
1103 2448 1157 2491 et
1188 2436 1376 2491 Esseni
1413 2437 1546 2507 (77).
1582 2437 1726 2501 Quas
1751 2452 1872 2488 cum
1906 2437 2285 2503 percurrisset,
2317 2436 2369 2487 in

790 2530 1139 2586 solitudinem
1159 2530 1382 2589 secedit,
1412 2529 1591 2597 inique
1610 2530 1723 2580 viro
1741 2540 1849 2581 tres
1865 2542 2036 2585 annos
2056 2530 2368 2596 utitur(78,‘.

790 2624 880 2691 qui
912 2622 1210 2676 solitariam
1237 2630 1354 2673 erat
1380 2621 1541 2673 vitam
1573 2633 1788 2674 austere
1807 2620 2011 2686 pridem
2032 2621 2368 2686 complexus,

790 2711 875 2763 cui
942 2709 1322 2763 vestimentum
1380 2708 1634 2760 arborum
1693 2707 1842 2771 l'olia,
1887 2706 2203 2759 alimentum
2239 2724 2370 2759 vero

795 2797 973 2853 herbae
1007 2804 1201 2866 sponte
1234 2806 1372 2848 natae
1422 2796 1732 2864 praebebant
1764 2812 1777 2848 :
1809 2804 1864 2848 et
1910 2795 2103 2863 frigida
2150 2796 2371 2864 insuper

793 2888 993 2954 saepius
1040 2886 1275 2937 interdiu
1329 2896 1598 2951 noetuque
1639 2884 1874 2944 lavabat,
1907 2884 2163 2952 puritatis
2186 2884 2367 2937 couti-

798 2978 1103 3045 militiaeque
1154 2976 1350 3043 gratia.
1387 2973 1522 3027 llinc
1565 2973 1633 3027 ad
1683 2974 2146 3027 undevicesimum
2191 2974 2367 3027 astatis

795 3084 995 3121 annum
1040 3068 1229 3121 urbem
1286 3067 1521 3135 repetiit,
1575 3064 1973 3120 Pharisaeorum
2024 3067 2365 3133 potissimum

795 3162 1045 3216 haeresim
1076 3171 1314 3223 secutus,
1335 3176 1492 3227 quam
1515 3161 1561 3213 ei
1597 3161 1710 3214 fere
1741 3161 1975 3215 similem
2008 3159 2364 3231 faciuntt'l9).

796 3271 912 3325 qua:
942 3256 1082 3323 apud
1108 3266 1296 3321 gentes
1314 3256 1499 3309 Stoica
1530 3264 1615 3308 est
1642 3254 2171 3323 appellata.Annum
2198 3268 2365 3321 agens

799 3357 989 3416 postea
1053 3348 1415 3408 tricesimum,
1447 3348 1514 3399 ab
1549 3345 2057 3414 Hierosolymitanis
2107 3347 2175 3398 ad
2219 3344 2368 3398 Gali-

793 3440 944 3495 laeam
977 3438 1374 3509 procurandam
1407 3437 1662 3491 mittitur.
1697 3436 1815 3490 Jam
1856 3437 1997 3491 enim
2046 3438 2251 3489 turbari
2282 3452 2369 3489 res

798 3540 1081 3603 cmperant
1106 3530 1441 3595 Iudaeorum,
1480 3530 1773 3597 multisque
1800 3530 1901 3597 ipsi
1942 3528 2134 3597 agitari
2165 3529 2365 3580 tumul-

795 3625 958 3680 tibus.
1000 3623 1133 3681 Dein
1186 3621 1532 3676 Galilaeorum
1580 3621 1774 3674 ductor
1803 3628 2041 3679 creatus.
2077 3620 2368 3687 rempubli-

791 3731 910 3773 cam
944 3716 1082 3769 bene
1106 3715 1357 3786 gessit,et
1388 3713 1585 3767 multas
1609 3711 1896 3779 variasque
1924 3709 2365 3779 teutoloruiu(80i

793 3810 846 3863 in
893 3808 1170 3875 republica
1210 3805 1641 3859 administranda
1687 3803 1908 3856 insidias
1937 3802 2183 3856 evitavit.
2232 3802 2364 3855 Cum

791 3901 1029 3955 inimicis
1062 3902 1227 3954 etiam
1261 3896 1591 3952 moderatius
1625 3896 1854 3962 agendo,
1886 3910 1991 3947 non
2025 3911 2148 3948 raro
2180 3909 2277 3948 eos
2311 3896 2363 3948 in

793 4008 948 4047 suam
1006 3991 1215 4059 redegit
1262 3998 1612 4057 potestatem.
1645 3987 1849 4040 Bellum
1892 3988 2044 4050 item,
2086 3987 2230 4055 quod
2269 3987 2363 4039 ad-

790 4099 980 4138 versus
1012 4081 1289 4138 Romanos
1320 4081 1519 4134 invitus
1561 4080 1827 4146 suscepit,
1863 4078 2074 4131 fortiter
2114 4077 2364 4147 Jotapitis

789 4176 1069 4231 sustinuit.
1105 4173 1273 4228 Vivus
1309 4182 1490 4225 tamen
1524 4173 1577 4225 in
1623 4169 1964 4237 Vespasiani,
1994 4168 2363 4223 Romanorum

790 4269 963 4340 copiis
994 4265 1257 4335 pra-fecti,
1292 4275 1617 4335 potestatem
1651 4264 1841 4315 venit:
1879 4276 2038 4328 quem
2082 4261 2135 4313 in
2170 4277 2229 4314 se
2265 4262 2364 4313 liu-

790 4373 1012 4413 manum
1054 4357 1247 4420 sensit,
1298 4370 1361 4408 ac
1410 4354 1802 4422 perbenignum
1839 4350 1951 4416 jam
1992 4360 2129 4415 tum,
2156 4361 2213 4403 et
2234 4366 2363 4403 vero

788 4450 1021 4521 amplius
1070 4458 1357 4519 postquam
1407 4444 1708 4500 Romanum
1753 4442 1992 4495 obtinuit
2028 4442 2358 4509 imperium:

2474 1971 2862 2025 ἑκκαιδέκατον
2900 1973 3020 2034 ἐτος
3064 1973 3304 2039 γεγονὼς
3327 1974 3561 2026 ἐπέϐαλε
3596 1977 3690 2027 καὶ
3733 1978 3851 2037 ταῖς
3899 1977 4055 2047 παρὰ

2485 2061 2758 2123 Ἰουδαίοις
2779 2062 3025 2131 αἱρέσεσι
3052 2061 3222 2131 (τρεῖς
3252 2062 3296 2113 δ’
3324 2062 3449 2131 εἰσὶ)
3491 2064 3585 2114 καὶ
3612 2066 3790 2123 πάσας
3820 2065 4054 2127 εὐτόνως

2476 2154 2662 2222 μετῄει
2695 2154 2835 2224 ὑπὲρ
2850 2154 2947 2205 τοῦ
2981 2154 3171 2207 πασῶν
3202 2157 3399 2225 πεῖραν
3421 2155 3678 2223 εἱληφότα
3708 2157 3927 2209 ἑλέσθαι
3953 2160 4057 2226 τὴν

2472 2243 2703 2308 ἀμείνω.
2743 2240 2864 2293 Elui.
2894 2242 2941 2294 δ’
2973 2244 3030 2294 αἱ
3074 2241 3318 2310 αἱρέσεις
3367 2243 3650 2312 Φαρισαῖοι
3708 2244 4055 2299 Σαδδουκαῖοι

2472 2336 2567 2385 καὶ
2610 2334 2890 2403 Ἐσσηνοί·
2925 2333 2992 2396 ἃς
3030 2334 3253 2386 διελθών
3291 2335 3493 2400 ἔξεισιν
3530 2337 3626 2389 ἐπὶ
3672 2337 3769 2406 τὴν
3819 2338 4052 2408 ἔρημον,

2471 2428 2634 2479 κάκεῖ
2698 2427 3063 2496 συνδιατρίϐει
3139 2428 3414 2497 ἀνθρώπῳ
3473 2434 3579 2479 τινὶ
3639 2430 3730 2482 τὸν
3786 2433 4057 2500 ἐρημικὸν

2470 2518 2721 2572 sexuum
2746 2519 2858 2588 βίον
2880 2520 2973 2571 ἐπὶ
3006 2516 3371 2589 ἔτητρία.⁷ἱίν
3404 2520 3462 2573 δὲ
3492 2520 3566 2589 τῷ
3587 2521 3857 2592 ἀνθρώπῳ
3891 2524 4055 2594 ἐσθὴς

2473 2611 2577 2680 μὲν
2607 2613 2671 2662 ὲκ
2695 2610 2952 2680 δένδρων,
2984 2613 3080 2663 καὶ
3108 2612 3284 2681 τροφὴ
3301 2612 3409 2664 τῶν
3429 2613 3714 2680 αὐτοφυῶν
3736 2616 3788 2665 αἱ
3809 2614 4053 2683 βοτάναι,

2471 2704 2783 2773 καὶψυχροῦ
2803 2703 3127 2772 ὖδατοςιλουτ
3137 2704 3228 2774 ρὸν
3242 2706 3503 2767 πολλάκις
3519 2708 3610 2758 καὶ
3622 2706 3717 2775 τῆς
3733 2709 3838 2777 ὴμέ
3846 2726 3940 2775 ρας
3954 2713 4057 2761 καὶ

2468 2800 2566 2873 τῆς
2582 2798 2775 2858 νυκτὸς
2791 2798 2927 2866 πρὸς
2956 2798 3197 2864 ἁγνείαν.
3219 2798 3455 2849 Ἐκεῖθεν
3485 2800 3612 2867 περὶ
3630 2800 3687 2850 τὸ
3705 2801 4053 2852 ἐννεακαιδέ-

2469 2907 2634 2942 κατον
2652 2889 2769 2951 ἔτος
2785 2889 3032 2942 ἐπάνεισι
3053 2890 3188 2959 πρὸς
3204 2890 3300 2961 τὴν
3327 2891 3499 2951 πόλιν,
3522 2892 3621 2959 τὴν
3642 2892 3950 2961 Φαρισαίων
3975 2894 4057 2944 αῖ-

2472 2999 2620 3051 ρεσιν
2635 2984 2902 3050 στέργων,
2915 2984 2981 3052 ἢν
3009 2983 3105 3035 καὶ
3127 2987 3191 3053 τῇ
3215 2983 3345 3054 παρ’
3370 2983 3596 3053 Ἕλλησί
3615 3002 3779 3053 φασιν
3817 2987 3861 3016 ⁸⁸
3886 2989 4054 3038 ἑοικέ-

2467 3090 2555 3124 ναι
2568 3073 2929 3144 ἐπιλεγομένη
2955 3076 3190 3143 Στωϊκῇ.
3206 3070 3340 3126 Εἶτα
3362 3075 3491 3144 περὶ⁵
3502 3077 3561 3127 τὸ
3578 3076 3901 3146 τριακοστὸν
3931 3078 4053 3141 ἔτος

2469 3166 2747 3233 πέμπεται
2796 3167 2951 3235 παρὰ
2996 3168 3105 3219 τῶν
3145 3166 3591 3235 Ἱεροσολυμιτῶν
3622 3168 3732 3220 τῶν
3792 3170 3848 3220 ὲν
3892 3170 4056 3223 Γαλι-

2468 3257 2597 3325 λαίᾳ
2644 3260 2961 3327 προνοήσων
3009 3259 3077 3290 ⁸⁸⁸
3112 3259 3288 3330 ἀρχὴν
3315 3258 3424 3328 γάρ
3460 3261 3705 3329 ταραχῆς
3740 3262 3955 3329 ἐδέχετο
3984 3267 4053 3317 τά

2471 3348 2766 3411 Ἰουδαίων,
2822 3348 3050 3410 πολλαῖς
3100 3349 3350 3414 ἀταξίαις
3396 3351 3497 3419 ήδη
3526 3352 4049 3421 συναλλοιουμένων.

2468 3435 2604 3500 Εἶτα
2635 3441 2729 3491 καὶ
2752 3440 3059 3510 στρατηγὸς
3104 3440 3213 3493 τῶν
3241 3441 3375 3510 περὶ
3416 3444 3517 3511 τὴν
3549 3444 3837 3498 Γαλιλαίαν
3872 3465 4053 3515 χειρο-

2467 3530 2715 3596 τονηθεὶς
2749 3527 2809 3583 εὖ
2831 3548 2890 3582 τε
2915 3531 3162 3600 προῦστη
3185 3532 3225 3561 ⁸¹
3261 3531 3357 3583 τοῦ
3379 3532 3585 3595 ἔθνους,
3616 3534 3711 3587 καὶ
3742 3537 3939 3606 μυρίας
3958 3542 4053 3589 καὶ

2467 3622 2875 3683 ποικιλωτάτας
2899 3622 3006 3674 ὑπὸ
3040 3623 3151 3674 τῶν
3181 3622 3733 3693 ἀντιπολιτευομένων
3757 3628 4049 3691 ἐπιϐουλάς

2468 3710 2709 3773 ὑποστάς
2759 3710 2885 3783 [169
2940 3712 3032 3785 8.]
3065 3714 3247 3775 πάσας
3290 3714 3546 3783 ἐξέφυγε,
3595 3716 3690 3768 καὶ
3737 3719 3971 3786 μετρίως
4003 3719 4048 3748 ⁸⁸

2467 3805 2581 3865 τοῖς
2621 3804 2835 3874 ἐχθροῖς
2856 3804 2997 3873 ἔχων
3017 3805 3374 3871 ὐπεξουσίους
3399 3806 3445 3836 ⁸³
3464 3806 3721 3869 πολλάκις
3752 3810 4045 3877 ἐχρήσατο.

2466 3894 2577 3947 Καὶ
2603 3892 2696 3946 τὸν
2727 3894 2865 3962 πρὸς
2916 3895 3223 3965 Ῥωμαίους
3255 3896 3492 3966 πόλεμον
3532 3899 3680 3951 ἄκων
3716 3901 4049 3969 ἀναδεξάμε-

2466 4001 2556 4047 νος
2589 3986 2683 4037 καὶ
2715 3985 2978 4055 ἀνδρείως
3016 3986 3328 4054 διενεγκὼν,
3353 3991 3411 4040 ὲν
3444 3990 3791 4055 Ἰωταπάτοις
3822 3993 3868 4022 ⁸⁸
3897 3994 4049 4062 ὅμως

2466 4075 2710 4146 ζωγρείᾳ.
2765 4077 2810 4107 ⁸⁸
2876 4078 3275 4148 Οὐεσπασιανῷ
3322 4080 3613 4149 Ῥωμαίων
3662 4082 3784 4133 τότε
3849 4100 4046 4152 στρατο

2467 4168 2690 4236 ηγοῦντι
2705 4168 3007 4223 ἁλίσκεται.
3028 4167 3157 4223 Εἶτα
3172 4174 3433 4240 τυγχάνει
3452 4172 3571 4226 λίαν
3590 4174 3856 4243 εὐμενοῦς
3876 4177 4044 4228 αὐτοῦ

2462 4264 2587 4314 τότε
2630 4280 2690 4315 τε
2737 4264 2783 4295 ⁸⁸
2830 4266 2919 4317 καὶ
2954 4267 3050 4317 ἐπὶ
3094 4265 3254 4317 πλέον
3291 4266 3579 4334 Ῥωμαίων
3622 4267 3908 4337 ἄρξαντος,
3943 4270 4043 4321 οὐκ

2464 4350 2633 4403 αὐτοῦ
2663 4353 2721 4405 δὲ
2760 4354 2923 4422 μόνου
2959 4354 3093 4407 ἀλλὰ
3129 4356 3222 4406 καὶ
3254 4355 3365 4406 τῶν
3395 4355 3600 4405 παίδων
3629 4355 3790 4405 Τίτου
3820 4356 3912 4405 καὶ
3942 4361 4041 4406 Δο-

2466 4444 2723 4513 μετιανοῦ
2738 4447 2801 4497 ὲκ
2825 4446 3076 4517 διαδοχῆς
3101 4448 3144 4476 ⁸⁷
3171 4446 3657 4515 βεδασιλευκότων,
3671 4446 3745 4509 ὡς
3760 4448 3854 4500 καὶ
3874 4447 3974 4514 τῆς
3992 4448 4039 4479 ⁸⁸

789 4559 966 4612 neque
996 4545 1170 4596 solum
1204 4540 1355 4593 illum
1385 4539 1542 4591 talem
1572 4546 1828 4603 expertus
1857 4547 1961 4596 est,
1984 4536 2078 4587 sed
2102 4535 2264 4588 etiam
2297 4535 2361 4585 li-
2395 4563 2438 4615 ο
2479 4535 2543 4587 Ἦ

2479 4535 2798 4604 Ῥωμαῖκῆς
2836 4541 3023 4605 τυχεῖν
3048 4536 3324 4599 πολιτείας
3352 4539 3444 4589 καὶ
3468 4537 3689 4589 πάντων
3712 4540 3769 4588 ἐν
3806 4538 4037 4608 ἀφθονίᾳ

786 4637 947 4689 heros
995 4634 1112 4701 ejus
1163 4630 1346 4688 Titum
1398 4642 1462 4682 ac
1511 4625 1915 4688 Domitianum,
1966 4626 2056 4693 qui
2117 4623 2358 4693 parentis

2467 4629 2829 4697 καταστῆναι.
2874 4628 3215 4698 ’Δπηρτίσθη
3264 4630 3297 4698 ἡ
3354 4629 3398 4659 ⁸⁸
3451 4628 3662 4698 ἱστορία
3718 4627 3804 4694 νς⁹
3848 4630 4036 4697 ἄγοντι

2043 4804 2282 4859 ἾΑΒΙΑΞ
2316 4804 2721 4859 LECTIONES.

842 4907 888 4940 ⁸⁸
906 4906 949 4959 δ’
971 4902 1039 4976 ἦν
1061 4907 1100 4958 Α
1131 4923 1144 4957 :
1178 4904 1241 4973 δὴ
1274 4921 1334 4966 ς.
1370 4904 1475 4976 ⁸⁸ᾐὸ
1506 4903 1628 4955 add.
1657 4902 1723 4955 Α.
1752 4901 1893 4976 ’ξὲκ
1916 4900 2041 4976 βασ.
2072 4920 2133 4964 ς.
2169 4902 2214 4933 ⁸⁸
2242 4900 2308 4976 δὴ
2336 4901 2380 4952 Α
2400 4916 2427 4976 Δε
2458 4901 2524 4969 δὴ
2556 4898 2651 4976 οὐν
2677 4917 2740 4963 ς.
2878 4899 3088 4976 φασιν(
3109 4901 3290 4976 malim
3316 4918 3507 4976 φησιν.
3538 4902 3610 4976 cf.
3652 4900 4025 4976 Juseplt._Vit.

783 4981 819 5030 2
869 4971 1010 5062 εξιτξ
1092 4977 1137 5008 ⁸⁸
1166 4971 1601 5076 προνοησάμενος
1642 4990 1735 5076 ς.Δ
1781 4971 1839 5076 ⁸ἷν
1856 4971 2097 5076 προέστη
2128 4989 2189 5034 ς.

782 5048 1043 5109 ταπάτοις
1073 5064 1133 5110 ς.

782 5117 828 5149 ⁸³
846 5116 904 5190 ἠ]
962 5118 1017 5171 δὲ
1039 5120 1072 5187 ὴ
1101 5134 1160 5181 ς.

2266 4972 2310 5002 ⁸⁸
2346 4972 2565 5041 μέτριον
2592 4971 2659 5022 Α.

1261 5041 1501 5114 ζωγρείὲ
1526 5059 1668 5099 (⁵οη-
1699 5043 1740 5097 Α
1768 5059 1782 5095 ε
1806 5040 2050 5109 ζωγριαν
2090 5059 2153 5105 ς.
2207 5041 2254 5073 ⁸⁸
2277 5042 2399 5093 τότε
2419 5040 2479 5093 τε

2763 4970 2810 5001 ⁸³
2833 4971 3168 5036 ὐπεξουσίως
3210 4974 3275 5032 Δ,
3306 4971 3645 5035 ὐπεξουσίοις
3676 4990 3735 5035 ς.
3783 4970 3796 4972 “
3871 4972 3918 5003 ⁸⁸
3947 4977 4031 5026 ια-

2501 5042 2547 5091 A
2574 5057 2590 5093 :
2624 5056 2685 5092 τε
2717 5039 2841 5094 τότε
2878 5058 2938 5105 ς.
3000 5042 3044 5072 ⁸⁷
3069 5040 3208 5093 κατὰ
3240 5039 3488 5111 διαδοχὴν
3518 5059 3579 5105 ς.
3628 5043 3671 5073 ⁸⁸
3699 5044 3797 5111 τῆς
3821 5059 3931 5097 om.
3960 5045 4027 5099 Δ.

2272 5290 2503 5349 NOTAE.

854 5412 965 5483 (76)
993 5413 1070 5468 De
1133 5411 1329 5483 quibus
1373 5412 1594 5479 cepiose
1651 5410 1708 5463 Ι).
1744 5409 1942 5483 Barun.
1996 5409 2146 5483 card.
2196 5408 2353 5483 initio

2534 5409 2645 5479 (78)
2673 5408 2769 5463 Cui
2798 5424 2991 5464 nomen
3027 5407 3197 5475 Baun,
3229 5418 3363 5465 taste
3398 5404 3631 5478 Josepbo
3674 5403 3769 5459 lib.
3811 5404 3885 5459 De
3918 5407 4026 5461 vita

782 5478 913 5539 toni.
942 5484 993 5536 1.
1047 5478 1239 5536 Amial.
1274 5482 1476 5549 (cedes.
1518 5483 1580 5535 Et
1633 5492 1816 5533 noster
1861 5478 2034 5533 Nicol.
2070 5479 2354 5534 Serrarius
2454 5478 2575 5541 sue,
2618 5480 2791 5535 initio.

784 5554 1047 5619 singulari
1086 5569 1187 5608 suo
1218 5552 1615 5607 Triliteresinm
1651 5551 1931 5619 opusculo.

856 5624 967 5691 (77)
1018 5622 1152 5677 Vide
1202 5622 1479 5677 Philonem
1534 5622 1777 5675 Judaeum
1835 5622 1925 5672 lili.
1973 5620 2127 5684 Quod
2177 5621 2350 5691 omnis

783 5690 977 5759 prebus
1011 5697 1161 5757 liber,
1194 5694 1245 5747 in
1285 5693 1429 5746 med.
1456 5704 1508 5745 et
1543 5695 1634 5744 lib.
1670 5691 1744 5743 De
1776 5691 1883 5741 vita
1926 5690 2348 5757 contemplativa,

786 5774 914 5817 toto.
978 5764 1132 5819 Suid.
1180 5778 1395 5833 Quoque
1478 5764 1699 5817 vocibus
1756 5760 2000 5818 Ἐσσαῖοι
2059 5772 2113 5814 ct
2182 5760 2352 5828 Φαρι-

785 5848 948 5893 astet.

2528 5552 2641 5618 (79)
2675 5550 2811 5603 Hinc
2841 5545 2979 5602 forte
3006 5558 3059 5602 et
3095 5549 3181 5602 illa
3228 5548 3409 5601 Stoica
3455 5549 3706 5615 dogmata
3736 5562 3763 5597 ει
3794 5545 4027 5600 Philone

2458 5631 2687 5675 tractata
2733 5622 2956 5688 singulis
3007 5621 3201 5673 libellis
3233 5638 3244 5671 :
3277 5618 3319 5671 0
3366 5635 3478 5671 mes
3517 5620 3713 5686 probus
3740 5632 3862 5670 esse
3888 5618 4025 5670 libe~

2456 5707 2569 5749 ros,
2599 5701 2653 5742 et
2683 5706 2869 5742 omnes
2899 5692 3172 5759 improbos
3206 5705 3329 5759 esse
3355 5703 3562 5741 servos.

2527 5760 2729 5883 3803)_ln
2776 5757 3196 5829 quibusVJustus
3245 5757 3580 5813 Tiberictisis
3626 5758 3692 5811 de
3745 5771 3853 5826 quo
3903 5770 4023 5824 ευρ.

2568 5870 2579 5882 .
2642 5847 2695 5882 ο.

2460 5845 2579 5883 σου.
2605 5845 2695 5883 οὐ.
