4224 6442
158 410 267 475 2A9

1001 417 1526 481 BIBLIOTHECA.
1566 444 1634 454 -
1670 416 1836 479 COD.
1876 420 2468 486 LXXVIII-LXXIX.

3317 427 3426 493 250

159 526 300 577 ἑπτὰ
330 520 432 577 τοῦ
494 525 715 595 πρώτου
757 528 922 597 λόγου
957 528 1117 581 τοῦτο
1156 528 1495 600 παραδηλοῖ·
1527 530 1587 582 οὐ
1634 529 1741 601 μὴν
1768 533 1819 590 Α

1768 533 1819 590 Α
1846 533 1963 601 gior
1999 537 2120 590 vitae
2160 554 2323 592 usura
2354 537 2693 608 contigisset,
2750 546 2998 592 extremo
3027 538 3165 594 libro
3193 541 3424 608 scptitno

159 617 297 670 ἀλλὰ
326 618 429 671 καὶ
461 619 788 687 ἑπομένους,
814 622 863 673 εἱ
916 621 977 674 τὸ
1008 621 1108 691 ζῇν
1140 624 1353 692 προσῆν
1385 620 1463 691 τῷ
1503 639 1749 694 συγγρα-

164 712 271 777 φεῖ.
308 710 391 772 ῶς
431 712 530 763 τοῦ
558 711 785 783 ἑϐδόμου
815 713 976 781 λόγου
1002 715 1062 765 τὸ
1088 714 1263 782 πέρας
1294 714 1648 769 ἐνδείκνυσιν.

236 798 402 849 Ἐστι
432 798 477 850 δ’
520 800 550 850 ό
584 802 933 869 συγγραφεὺς
956 802 1341 870 Φιλαδελφεὺς,
1386 802 1439 855 εί
1459 819 1542 865 τις
1563 802 1746 864 ἄλλος,

166 886 304 937 κατὰ
337 890 673 957 συγγραφὴν
722 891 967 960 ἱστορίας
1022 892 1264 962 ἄριστος,
1313 891 1570 961 καθαρὸς,
1617 892 1749 945 άπέ-

169 996 373 1048 ριττος,
428 982 721 1050 εὐκρινὴς,
766 983 965 1047 λέξεων
1024 985 1144 1048 ταῖς
1194 984 1587 1056 άνθηροτάταις
1652 984 1749 1037 καὶ

166 1074 437 1142 εὐσήμοις
469 1076 566 1128 καὶ
593 1078 673 1139 εἱς
702 1078 867 1145 ὄγκον
897 1078 1017 1131 τινὰ
1067 1077 1400 1147 άνηγμὲναις
1432 1076 1712 1147 χρώμενος
1731 1093 1745 1107 ⁶

166 1166 256 1213 καὶ
283 1164 328 1194 ³⁷
353 1164 481 1217 οὐδὲ
514 1167 570 1217 αἱ
595 1169 986 1237 καινοπρεπετς
1008 1166 1175 1237 αὐτῷ,
1208 1168 1331 1220 ὅσαι
1356 1169 1415 1219 τὸ
1446 1168 1750 1236 ἐμφατικὸν

166 1257 258 1306 καὶ
288 1254 498 1323 εὔηχον
522 1258 617 1308 καὶ
660 1260 951 1327 μεγαλεῖον
968 1258 1173 1329 ἔχουσι,
1198 1258 1645 1328 παραδλὲπονται
1678 1259 1744 1291 ⁸⁸⁸

166 1348 258 1397 καὶ
287 1346 435 1408 ὅλως
463 1347 511 1377 ⁸³
534 1345 712 1399 κανών
745 1349 896 1399 ἐστιν
930 1348 1205 1416 ἱστορικοῦ
1257 1348 1439 1415 λόγου.
1483 1349 1748 1417 Σοφιστὴς

165 1434 209 1485 δ’
270 1431 342 1505 ἦν
401 1436 466 1489 τὸ
526 1438 887 1506 ἐπιτήδευμα,
949 1440 1042 1491 καὶ
1082 1440 1375 1509 ῥητορικῆς
1431 1441 1510 1503 είς
1580 1441 1748 1511 ἄκρον

164 1527 472 1596 ἐληλακὼς,
507 1532 604 1583 καὶ
630 1530 727 1601 τὴν
748 1531 1046 1602 θρησκείαν
1065 1533 1165 1585 οὐκ
1188 1530 1293 1597 ἔξω
1318 1532 1413 1585 τοῦ
1435 1533 1750 1605 Χριστιανι-

165 1619 262 1674 κοῦ
300 1621 501 1675 θιάσου
530 1622 598 1677 ’⁸.

920 1804 1044 1859 ΟΘ’.

491 1894 791 1949 Καγδίδου
826 1893 1110 1963 Ἱστορίας
1147 1898 1317 1967 λόγιοι
1349 1904 1424 1967 τ’.

232 1985 367 2059 [173
385 1986 946 2060 Β.]’Δνεγνώσθησαν
984 1988 1243 2043 Κανδίδου
1274 1989 1556 2057 Ἱστορίας
1600 1990 1749 2059 λόγοι

159 2080 338 2147 τρεῖς.
382 2080 650 2147 ’Δρχεται
691 2077 792 2147 μὲν
832 2077 930 2147 τῆς
962 2078 1204 2148 ἱστορίας
1242 2078 1350 2131 ἀπὸ
1380 2082 1479 2149 τῆς
1521 2079 1751 2145 Λέοντος

160 2172 551 2240 ἀναρρήσεως,
582 2168 641 2231 δς
672 2164 740 2239 ἦν
770 2171 835 2222 ἐκ
868 2169 1069 2231 Δακίας
1100 2169 1199 2237 μὲν
1228 2169 1325 2237 τῆς
1350 2172 1408 2222 ἐν
1450 2170 1748 2240 ’1λλυριοὶς,

160 2261 555 2331 στρατιωτικῷ
588 2260 966 2331 παραγγείλας
993 2262 1234 2331 τάγματι
1263 2262 1358 2315 καὶ
1385 2262 1552 2314 τελῶν
1581 2262 1751 2332 ἄρξας

158 2354 265 2405 τῶν
290 2356 353 2405 ἐν
379 2352 726 2423 Σηλυμϐρίᾳ,
752 2354 851 2422 τὴν
874 2352 1146 2421 βασιλείαν
1162 2354 1219 2407 δὲ
1238 2354 1281 2387 ⁸⁸
1306 2354 1506 2425 σπουδῇ
1536 2356 1751 2408 ’Δσπα-

160 2462 252 2513 ρος
302 2443 698 2514 ἐγχειρισθεὶς,
742 2444 801 2507 ὃς
849 2440 917 2516 ἦν
965 2444 1184 2509 ’Δλανὸς
1234 2447 1335 2514 μὲν
1365 2447 1409 2478 ⁹¹
1448 2448 1625 2515 γένος,
1689 2450 1753 2500 ἐκ

160 2540 364 2608 νεαρᾶς
397 2538 456 2591 δὲ
492 2538 969 2607 στρατευσάμενος
989 2539 1227 2609 ἡλικίας,
1253 2540 1347 2592 καὶ
1370 2540 1753 2611 παιδοποιησά-

162 2650 329 2702 μενος
392 2634 462 2684 ἐκ
514 2631 682 2699 τριῶν
720 2632 915 2700 γάμων
958 2632 1365 2702 Ἀρδαϐοὑριον,
1429 2634 1748 2705 Πατρίκιον,

160 2724 721 2793 Ἐρμενάριχον,,καὶ
752 2724 973 2795 θηλείας
1007 2724 1118 2779 δύο.
1163 2727 1404 2779 Ποιείται
1436 2726 1537 2795 μὲν
1570 2729 1597 2779 ό
1624 2744 1753 2794 συγ-

159 2817 439 2885 γραφεὺς,
492 2816 568 2880 ὡς
616 2817 852 2888 εἴρηται,
909 2817 1083 2888 ἀρχὴν
1142 2818 1242 2886 τῆς
1278 2817 1323 2848 ’⁸
1363 2819 1602 2890 ἱστορίας
1653 2818 1752 2890 τὴν

159 2910 342 2978 ἀρχὴν
373 2909 477 2976 τῆς
501 2910 728 2971 Λέοντος
760 2908 1055 2978 βασιλείας,
1078 2910 1307 2979 τελευτᾷ
1331 2910 1376 2961 δ’
1404 2912 1481 2973 εἰς
1502 2910 1599 2982 τὴν
1622 2912 1750 2964 ἀνα-

160 3004 432 3069 γόρευσιν
460 3002 837 3057 ’Λναστασίου.
880 3003 1031 3054 Ἐστι
1062 3002 1118 3055 δέ
1150 3002 1405 3073 πατρίδος
1445 3004 1543 3073 μὲν
1576 3004 1751 3057 ’ῐσαυο

163 3092 307 3159 ρίας,
342 3094 421 3154 ὡς
452 3093 617 3154 αὑτός
664 3109 817 3163 φησι,
852 3093 950 3162 τῆς
982 3092 1266 3161 τραχείας,
1311 3095 1649 3163 ἐπιτήδευμα
1694 3094 1751 3147 δὲ

162 3186 325 3253 εσχεν
367 3186 723 3253 ὑπογραφεὺς
769 3184 877 3237 τῶν
915 3188 972 3238 ἐν
1007 3184 1272 3254 ’ἱσαύροις
1317 3186 1567 3239 πλεῖστον
1600 3190 1749 3255 ἱσχυ-

164 3280 406 3330 σάντων.
441 3278 555 3347 Τὴν
585 3278 641 3330 δὲ
688 3278 983 3346 θρησκείαν
1022 3278 1347 3347 Χριστιανὸς
1378 3274 1446 3348 ἦν
1475 3280 1568 3331 καὶ
1595 3280 1751 3348 όρθό-

163 3372 318 3437 6050;
338 3387 353 3399 υ
384 3371 487 3438 τήν
510 3386 569 3421 τε
596 3369 703 3438 γάρ
728 3369 997 3441 τετάρτην
1031 3369 1247 3422 σύνοδον
1274 3372 1515 3433 ἐπαίνοις
1544 3372 1751 3440 στέφει,

168 3465 263 3516 καὶ
293 3464 425 3525 τοὺς
468 3462 513 3494 ⁸⁵
546 3462 665 3514 κατ’
710 3460 880 3530 αὐτῆς
915 3462 1376 3531 καινοτομοῦντας
1417 3464 1755 3518 καθάπτεται

165 3555 418 3616 δικαίως.
464 3554 577 3623 Τὴν
620 3554 677 3607 δὲ
729 3555 932 3624 φράσιν
976 3555 1076 3607 οὐκ
1108 3554 1221 3624 εχει
1266 3555 1583 3622 πρέπουσαν
1612 3556 1754 3627 λόγῳ

168 3649 460 3720 ἱστορικῷ.
485 3651 617 3711 Ταῖς
649 3667 708 3701 τε
736 3653 845 3720 γάρ
874 3654 1185 3720 ποιητικαῖς
1213 3650 1423 3715 λέξεσιν
1453 3652 1755 3721 ἀπειροκά-

167 3748 274 3808 λως
304 3763 369 3797 τε
396 3744 667 3814 κέχρηται
714 3746 812 3797 καὶ
868 3745 1267 3815 μειρακιωδῶς,
1298 3746 1391 3797 καὶ
1435 3748 1467 3815 ἠ
1512 3745 1754 3817 συνθήκη

166 3841 319 3910 αὑτῷ
369 3842 452 3902 είς
483 3840 543 3891 τὸ
571 3838 905 3909 τραχύτερον
950 3839 1042 3891 καὶ
1070 3838 1302 3907 δύσηχον
1323 3838 1755 3908 ἐκδιθυραμὸοὖ-

167 3952 279 3998 ται,
315 3933 514 4001 ὥσπερ
536 3929 605 3984 αὖ
631 3932 795 3984 πάλιν
821 3933 899 3993 εἱς
923 3933 982 3984 τὸ
1008 3930 1363 3999 ἐκλελυμένον
1387 3948 1445 3983 τε
1477 3932 1570 3983 καὶ⁵
1592 3934 1758 4001 ἐκμε-

166 4027 253 4087 λὲς
281 4025 565 4087 ὑπτιάζει.
592 4022 922 4092 Νεωτερίζει
948 4022 1003 4075 δέ
1022 4023 1116 4075 καὶ
1144 4024 1260 4084 ταῖς
1289 4020 1628 4087 συντάξεσιν,
1657 4023 1757 4075 οὐκ

172 4116 255 4176 εἰς
277 4113 345 4165 τὺ
372 4113 651 4183 γλαφυρὸν
674 4113 874 4182 μᾶλλον
901 4114 994 4165 καὶ
1022 4112 1400 4181 ἐπαφρόδιτον,
1434 4113 1620 4183 ὥσπερ
1644 4114 1758 4165 ἐτι.

175 4226 285 4281 ροι,
313 4209 435 4261 ἀλλ’
459 4205 599 4258 ὥστε
618 4206 885 4275 δυσχερὴς
915 4203 1259 4258 ἀκοῦσαικαὶ
1280 4202 1374 4256 τοῦ
1406 4204 1557 4275 ἡδέος
1586 4206 1757 4275 ὑπερ-

166 4302 345 4369 όριος.
395 4297 546 4367 Πλὴν
594 4297 757 4359 αὐτὸς
809 4295 1003 4349 ἐαυτοῦ
1060 4295 1196 4348 πολὺ
1249 4294 1474 4365 βελτίων
1538 4295 1752 4365 ἐνιαχοῦ

167 4394 284 4457 τοῖς
314 4390 500 4458 λόγοις
543 4391 717 4443 πάντα
748 4390 1053 4457 γινόμενος,
1094 4387 1341 4457 συμμιγῆ
1387 4386 1484 4457 τὴν
1515 4388 1758 4458 ἱστορίαν

1849 626 2138 696 significat.

1928 802 2388 874 Philadelphensis
2433 814 2516 860 est
2541 804 2629 859 hic
2677 804 2932 871 scriptor,
2969 810 3025 857 et
3054 800 3099 857 si
3131 800 3253 869 quis
3283 801 3424 855 alius

1850 910 1903 948 tn
1928 894 2154 949 historia
2179 893 2459 947 scribenda
2493 892 2990 961 praestantissumis,
3020 898 3203 955 utpote
3234 901 3421 954 purus,

1853 986 2071 1038 minime
2122 987 2451 1047 redundans.
2509 999 2613 1037 non
2643 981 2921 1042 confusus.
2973 978 3154 1035 verbis
3188 978 3425 1031 maxime

1850 1076 2073 1141 ﬂoridis,
2117 1092 2180 1133 ac
2214 1076 2639 1147 signiﬁcantibus
2691 1088 2840 1137 usus,
2890 1086 3010 1140 quae
3053 1073 3118 1124 ad
3154 1071 3424 1138 magnitu-

1850 1170 2029 1222 dinem
2080 1183 2142 1220 ac
2192 1182 2437 1234 pompam
2494 1164 2728 1232 aliquam
2794 1164 3035 1223 tendant,
3093 1174 3160 1213 ne
3212 1160 3425 1212 novatis

1849 1262 2066 1331 quidem
2113 1260 2357 1323 vocibus,
2408 1257 2621 1324 quando
2653 1256 2737 1308 ille
2768 1255 3056 1307 vehemens
3096 1252 3223 1321 quid
3248 1260 3303 1305 et
3336 1265 3425 1305 so-

1851 1366 2065 1415 norum,
2123 1359 2214 1401 aut
2254 1348 2608 1416 granditatent
2653 1345 2887 1412 aliquam
2937 1345 3157 1408 habent,
3200 1352 3421 1409 praeter-

1851 1440 2050 1495 missis.
2082 1438 2266 1509 Itaque
2306 1446 2772 1505 quantusquautus
2818 1442 2923 1497 est,
2964 1448 3150 1486 normu
3180 1431 3419 1485 historici

1848 1533 2115 1589 sermonis
2154 1542 2258 1593 est.
2288 1529 2431 1599 55a
2466 1528 2762 1596 sepltistam
2805 1541 2931 1579 vero
2967 1539 3171 1592 agens,
3211 1524 3274 1575 nd
3302 1524 3422 1577 rhe-

1853 1626 2033 1681 lorica
2058 1638 2328 1678 summum
2357 1622 2562 1691 apicem
2596 1620 2859 1687 pervenit,
2904 1617 3049 1671 inter
3081 1615 3423 1669 Christianos

1852 1717 2125 1787 religionis
2155 1715 2302 1769 cultu
2340 1714 2725 1768 recensendus.

2518 1803 2755 1861 LXXIX.

2194 1901 2420 1957 Candidi
2454 1896 2811 1951 Historiarum
2837 1896 2960 1950 libri
2989 1912 3071 1955 ιιι.

1926 1993 2077 2049 Lecti
2135 2004 2263 2048 sunt
2320 1991 2543 2046 Candidi
2604 1987 2842 2042 historici
2886 1988 3009 2041 libri
3039 1997 3164 2041 tres.
3203 1986 3424 2041 Inchoat

1852 2086 2136 2142 historiam
2172 2087 2240 2139 ab
2280 2084 2541 2139 electione
2578 2080 2797 2145 Leonis,
2845 2082 2934 2147 qui
2964 2096 2995 2133 e
3021 2078 3183 2133 Dacia
3213 2078 3424 2149 Illyrica

1851 2181 2135 2239 oriundus.
2184 2193 2305 2231 cum
2358 2175 2578 2229 militari
2621 2174 2820 2243 agmini
2852 2173 2964 2243 (91)
2997 2171 3419 2242 Selymbrianis-

1852 2288 1955 2341 que
1983 2272 2293 2327 cohortibus
2323 2277 2603 2339 prteesset,
2646 2266 2867 2332 Aspnris
2910 2264 3095 2317 studio
3134 2264 3418 2332 imperium

1852 2369 2077 2435 adeptus
2104 2374 2207 2418 est.
2235 2362 2334 2417 llic
2367 2368 2542 2430 Aspar
2586 2375 2782 2427 genere
2817 2360 3021 2413 Alanus
3051 2369 3190 2417 erat,
3228 2372 3257 2409 a
3292 2372 3423 2423 pue-

1854 2461 1977 2513 ritia
2012 2456 2261 2511 militiam
2296 2465 2519 2508 secutus
2560 2452 2695 2519 (92),
2739 2451 2829 2519 qui
2861 2452 3031 2504 ternis
3064 2450 3266 2517 nuptiis
3298 2448 3424 2500 ιοιί-

1853 2555 1971 2607 dem
2008 2550 2169 2615 ﬁlios,
2197 2546 2585 2605 Ardaburium,
2632 2543 2943 2608 l’stricitnn,
2974 2541 3422 2595 Ermenariclmm

1853 2645 1964 2717 (93)
1993 2645 2232 2711 duasque
2278 2641 2414 2694 filias
2458 2638 2699 2692 sustulit.
2753 2637 2944 2704 Incipit
2988 2649 3139 2702 ergo,
3173 2634 3248 2685 uti
3284 2632 3427 2685 dixi-

1853 2753 1993 2803 nms,
2024 2736 2315 2790 historicus
2366 2732 2436 2787 ab
2482 2732 2638 2784 initio
2694 2728 2890 2782 Leonis
2938 2726 3283 2797 imperatoris
3331 2725 3429 2777 dr-

1851 2830 1979 2884 sinit
2009 2843 2138 2882 vero
2187 2842 2309 2881 cum
2356 2826 2677 2878 Anasmsius
2738 2821 3034 2887 imperator
3084 2817 3427 2870 renuntiatus

1850 2930 1956 2975 est.
1988 2919 2170 2972 Patria
2219 2917 2292 2970 illi
2332 2931 2393 2969 ea
2432 2914 2635 2968 Isauria
2676 2922 2781 2971 est.
2828 2921 2884 2962 ιιι
2914 2911 3025 2978 ipse
3054 2906 3278 2971 fatetur,
3306 2923 3427 2974 qum

1853 3010 2087 3065 Tracltea
2137 3008 2274 3079 [sive
2323 3004 2539 3075 aspera]
2580 3004 2801 3056 dicitur.
2855 2999 3097 3054 Tabellio
3161 2998 3257 3052 fuit
3304 3000 3428 3051 vitae

1851 3106 2104 3161 lnStituto
2136 3104 2233 3156 sub
2266 3102 2331 3155 iis
2377 3100 2466 3166 qui
2513 3100 2650 3165 apud
2704 3094 2915 3148 Isauros
2951 3103 3203 3162 poterant
3251 3091 3423 3158 pluri-

1857 3216 2000 3251 llttlttt
2032 3214 2045 3249 :
2074 3196 2331 3263 religione
2376 3206 2505 3245 vero
2528 3189 2893 3248 Christianus,
2925 3196 2978 3238 et
3004 3184 3220 3251 quidem
3249 3182 3430 3236 ortho-

1856 3295 2048 3345 doxus.
2100 3287 2356 3355 Quartam
2415 3283 2559 3336 enim
2610 3279 2875 3351 synodum
2928 3278 3176 3330 laudibus
3243 3283 3425 3335 ornat,

1856 3383 2157 3449 meritoque
2187 3375 2501 3447 perstringit
2523 3389 2639 3437 eos,
2664 3372 2755 3440 qui
2787 3386 2905 3424 eam
2931 3377 3265 3438 oppugnant.
3291 3367 3426 3434 Sty—

1859 3476 1965 3529 lutn
2000 3475 2159 3527 habet
2184 3469 2427 3524 historiae
2464 3482 2569 3521 non
2603 3466 2737 3519 satis
2774 3464 3262 3517 accommodatum.
3294 3457 3428 3511 Nam

1856 3579 1909 3623 et
1933 3577 2211 3635 poetarum
2254 3563 2541 3633 phrasibus
2587 3560 2705 3613 sine
2754 3557 2989 3618 delectu.
3020 3569 3083 3609 ac
3116 3552 3432 3622 jnveniliter

1856 3658 2117 3719 abutitur,
2165 3662 2219 3707 et
2254 3652 2576 3719 compositio
2618 3649 2739 3717 ejus
2770 3648 2957 3699 durior
2982 3654 3037 3698 et
3068 3647 3297 3707 absona,
3344 3643 3428 3693 di-

1858 3747 2263 3819 tbyrambortnu
2294 3745 2423 3807 ritu,
2463 3758 2582 3810 qua!
2616 3740 2749 3794 alias
2794 3740 2988 3792 iterum
3017 3737 3069 3790 in
3103 3735 3430 3788 dissolutum

1858 3854 2019 3909 atque
2044 3839 2431 3893 inc0ncinnutn
2480 3835 2759 3888 dilabitur.
2795 3829 3243 3884 Constructinues
3274 3826 3431 3880 iuno-

1858 3943 1949 3986 vat
1998 3948 2101 3985 non
2154 3933 2219 3984 ad
2268 3941 2519 3983 ornatum
2572 3927 2827 3993 majorem
2866 3940 2929 3978 ac
2959 3930 3321 3979 venustatem,
3374 3928 3434 3969 ιιι

1860 4024 2052 4093 reliqui
2114 4022 2309 4083 solent,
2364 4020 2457 4073 sed
2508 4018 2601 4081 ita,
2665 4028 2724 4071 ut
2777 4016 2960 4069 auditu
3012 4012 3268 4065 molestus
3317 4010 3431 4071 liat,

1856 4118 2141 4181 multisque
2185 4114 2317 4163 adeo
2344 4124 2537 4175 eXpers
2585 4106 2891 4161 suavitatis.
2939 4102 3211 4155 Interdum
3251 4110 3431 4152 autem

1857 4222 1917 4261 se
1958 4207 2075 4273 ipso
2126 4203 2309 4257 verbis
2378 4201 2568 4255 melior
2623 4211 2844 4268 prorsus
2885 4196 3145 4255 evadens,
3193 4191 3422 4259 promis-

1857 4312 2015 4353 cuam
2048 4295 2354 4357 historiam,
2392 4303 2553 4346 etlam
2606 4306 2673 4344 ex
2714 4290 3007 4342 admodum
3052 4282 3432 4344 dissimilibus.

1859 4388 2192 4443 concinnare
2241 4382 2684 4454 deprehenditur.
2744 4378 2844 4433 Hic
2888 4377 3153 4433 lsauriam
3189 4372 3256 4427 ab
3291 4371 3434 4427 Esau

170 4485 267 4537 καὶ
300 4483 366 4548 ἐξ
409 4483 812 4549 άνομοιοτάτων
862 4480 1118 4549 ἁρμόζων
1164 4479 1469 4533 ἁλίσκεται.
1502 4478 1628 4551 [Ιοὶ
1661 4479 1751 4552 Η.]
1791 4550 1805 4552 Α

1164 4479 1469 4533 ἁλίσκεται.
1502 4478 1628 4551 [1οὶ
1661 4479 1751 4552 H.]
1791 4550 1805 4552 Α
1860 4495 2057 4535 nomen
2092 4486 2390 4533 mutuatant
2419 4476 2599 4530 dicere
2628 4476 2810 4527 audet.

172 4569 351 4637 Οὗτος
386 4572 727 4642 ἱσχυρίζεται
754 4571 854 4641 τὴν
879 4568 1153 4640 Ἰσαυρίαν
1187 4570 1296 4624 ἀπὸ
1332 4569 1426 4623 τοῦ
1462 4550 1630 4624 Ἥσαῦ
1660 4550 1755 4625 ita;
1785 4550 1833 4610 ί)

176 4670 293 4718 (Adv
324 4665 425 4735 τὴν
459 4662 793 4732 ἐπωνυμίαν.

243 4760 541 4830 Διέρχεται
573 4755 629 4808 δὲ
658 4757 715 4807 ἐν
746 4754 845 4824 μὲν
881 4754 960 4823 τῷ
992 4771 1195 4824 πρωτῳ
1227 4755 1370 4826 λόγῳ
1394 4757 1493 4827 τὴν
1535 4757 1751 4810 Ἀσπα-

183 4869 276 4922 ρος
307 4853 402 4903 καὶ
430 4848 543 4899 τῶν
570 4846 771 4899 παίδων
800 4845 965 4899 αὐτοῦ
1002 4846 1339 4910 δυναστείαν,
1381 4847 1478 4919 τὴν
1511 4850 1754 4920 ἀνάρρη-

180 4962 264 4996 σιν
292 4945 382 4996 διὰ
409 4939 505 4993 τοῦ
535 4940 815 5011 ’Δσπαρος
842 4940 1091 5003 Λέοντος,
1122 4938 1213 4992 τὸν
1248 4940 1530 5008 συμϐάντα
1552 4944 1617 5012 τῇ
1652 4942 1751 4993 πό-

176 5035 258 5086 λει
285 5032 639 5102 ἐμπρησμὸν,
661 5036 755 5085 καὶ
782 5034 883 5085 ὅσα
911 5033 1156 5102 Ἀσπαρι.
1186 5033 1313 5101 περὶ
1338 5032 1530 5085 τούτου
1564 5034 1657 5085 ἐπὶ
1691 5034 1753 5085 τὺ

177 5128 335 5194 κοινῇ
366 5124 648 5194 συμφέρον
675 5124 1100 5195 διαπέπρακται.
1134 5124 1242 5177 Καὶ
1271 5126 1397 5194 περὶ
1427 5125 1678 5178 Τιτιανοῦ
1704 5126 1749 5158 ⁸⁸

1934 4748 2118 4804 Primo
2164 4745 2301 4799 libro
2346 4750 2534 4796 narrat
2572 4739 2817 4809 Asparis,
2868 4735 3274 4803 liberorumque
3318 4732 3437 4802 ejus

1860 4842 2177 4913 potentiam.
2210 4846 2263 4891 et
2292 4834 2487 4889 Leonis
2511 4846 2605 4901 per
2658 4833 2916 4898 Asparem
2968 4825 3315 4880 electionem.
3361 4821 3438 4875 De

1863 4935 2014 4990 urbis
2042 4929 2458 4999 conﬂagratione
2482 4933 2697 4985 exorta,
2730 4934 2956 4988 qumque
2989 4918 3077 4971 hic
3102 4918 3170 4969 ab
3203 4915 3435 4982 Aspare.

1860 5024 2177 5095 reipublicae
2213 5016 2496 5074 commodo
2528 5025 2677 5085 gesta
2713 5015 2847 5067 sint.
2883 5010 2953 5064 De
2998 5007 3217 5062 Titiano
3248 5016 3303 5059 et
3339 5004 3435 5058 Vi-

1859 5128 2044 5183 viano,
2094 5124 2259 5183 utque
2305 5114 2373 5165 de
2407 5110 2513 5163 illis
2567 5109 2743 5175 Aspar
2785 5118 2907 5158 cum
2944 5102 3274 5169 imperatore
3299 5112 3439 5152 con-

1496 5225 1729 5283 νΑιιιΑς
1770 5216 2175 5283 LECTIONES.

241 5317 299 5391 '_'_
318 5317 412 5370 καὶ
448 5318 604 5373 omA.
659 5318 704 5350 "'
725 5317 1191 5391 παραϐλέπονται]
1219 5319 1659 5391 παραόλέπυνται
1686 5323 1943 5391 ὥσπερ...
2137 5307 2575 5391 Δξιαξτοιαῦθενια
2596 5305 2675 5387 Α.¹
2719 5302 2764 5387 ξ’
3020 5293 3066 5327 ’⁸

179 5380 223 5465 ξι
360 5404 469 5440 ⁰¹¹³ο
524 5370 602 5445 Αον
659 5391 704 5421 ’⁸
738 5370 858 5461 μὲν]
1146 5370 1207 5453 ς’.
1268 5370 1479 5459 iiii};
2006 5390 2072 5441 A.
2137 5381 2304 5434 "nim
2327 5410 2393 5421 --
2416 5372 2883 5445 καινοτομούντων
2912 5370 2993 5420 A:

182 5456 447 5513 Labbeus.

3079 5363 3130 5394 "
3169 5354 3441 5412 Τατιανοῦ

1677 5542 1911 5601 NOTAE.

248 5640 362 5703 (9i)
411 5638 596 5693 Τελῶν
650 5640 820 5706 ἄρξας
862 5638 971 5691 τῶν
1024 5640 1082 5691 ἐν
1135 5638 1472 5707 Σηλυμϐρία.
1509 5638 1756 5693 Thracia!

359 5722 441 5765 est
466 5710 799 5779 Selymbria,
853 5710 918 5762 de
962 5726 1066 5778 qua
1105 5710 1369 5777 Stcphan.
1428 5710 1647 5771 Strabo,
1699 5719 1755 5761 et

236 5796 292 5833 ll.

183 5796 362 5922 mibi)
396 5853 497 5921 Qui
530 5866 658 5905 cum
712 5862 934 5921 parente
965 5850 1269 5906 Ardaburio
1311 5847 1743 5905 Valentinianum

1866 5640 1996 5709 imp.
2036 5637 2270 5701 reduxit,
2334 5645 2469 5688 teste
2511 5627 2895 5702 Olympiodoro
2945 5620 3073 5677 intr.
3118 5615 3238 5673 cod.
3276 5610 3346 5666 80
3377 5608 3434 5663 in

1883 5712 1896 5761 l
1922 5728 1957 5762 I.

1864 5711 1879 5762 Ι
1904 5727 2046 5849 I(93)
2076 5774 2547 5836 llermonarichus,
2575 5765 2992 5825 Armcncrichus
3022 5760 3159 5815 idem
3189 5763 3433 5808 vocatur.
