4224 6442
809 396 912 460 251
1934 396 2198 459 ΡΗΟΤΙΙ
2236 398 2743 458 ΡΛΤΠΙΛΒΟΗΕ
2776 398 2876 460 CP.
3961 399 4075 460 252

811 509 1065 573 tenderit,
1124 518 1181 562 et
1231 522 1352 575 quae
1396 522 1462 563 ac
1516 508 1695 577 qualia
1732 509 1876 565 inter
1923 526 2021 566 eos
2057 511 2221 565 verba
2268 519 2379 562 tum
2411 514 2459 568 Α

2411 514 2459 568 Α
2485 510 2580 563 καὶ
2610 508 2886 570 Βιϐιανοῦ,
2917 508 3015 561 καὶ
3063 507 3141 571 ὡς
3164 507 3298 577 περὶ
3327 505 3509 560 αὐτῶν
3548 505 3803 576 διηνέχθη
3840 508 4075 578 ’Δσπαρ

805 599 1007 671 iactata
1032 599 1159 653 sint.
1194 597 1583 667 Imperatorem
1614 596 1677 654 ea
1710 615 1774 655 ex
1807 615 1971 655 causa
2015 617 2135 655 cum
2178 600 2387 655 lsauro-

2485 600 2582 653 καὶ
2616 601 2645 652 6
2672 597 2947 668 βασιλεὺς,
2969 598 3064 651 καὶ
3093 590 3183 649 οἷα
3221 599 3302 660 είς
3322 596 3589 666 ἀλλήλους
3627 594 4070 664 ἀπεφθέγξιντο.

812 708 929 746 rum
966 706 1166 761 genere
1206 691 1524 745 societatem
1559 692 1774 758 iniisse,
1808 708 1904 761 per
1947 692 2384 748 Tarasicodisam

2488 691 2600 746 Kal
2629 691 2705 751 ὼς
2730 692 2759 743 6
2790 689 3043 760 βασιλεὺς
3064 689 3154 743 διά
3180 688 3341 741 τοῦτο
3362 688 3683 759 ῄταιρίσατο
3712 687 3773 741 τὺ
3802 688 3850 719 ’⁸
3890 686 4078 741 Ἰσαύ-

811 781 1259 838 Rusumbladeoti
1300 780 1363 839 F.
1412 797 1573 851 quem
1624 783 1789 837 etiam
1830 783 2127 852 (Zenonem
2181 796 2387 839 mutato

2490 802 2600 855 ρων
2623 783 2778 852 γένος
2806 782 2894 836 διά
2916 780 3358 853 Ταρασικοδίσσα
3388 782 3433 812 ⁸⁷
3468 778 4075 849 Ῥουσουμϐλαδεώτου,

813 873 1035 927 nomine
1089 881 1361 940 vocatum)
1416 887 1673 942 generum
1735 873 1841 927 sibi
1887 875 2104 937 ascivit,
2160 889 2282 928 cum
2342 876 2388 928 is

2486 876 2546 930 ὃν
2574 875 2671 928 καὶ
2695 875 2920 945 Ζήνωνα
2947 872 3324 943 μετονομάσας
3346 870 3598 941 γαμϐρὸν
3622 871 3937 939 ἐποιήσατο,
3970 870 4077 939 τὴν

814 964 1051 1030 priorem
1099 962 1406 1032 coniugem.
1450 963 1759 1017 mortalium
1802 962 1916 1033 lege
1954 966 2253 1029 amisisset,
2286 965 2389 1019 Ar-

811 1052 1098 1106 daburium
1147 1054 1309 1114 item,
1353 1053 1492 1123 556
1542 1070 1657 1122 quo
1695 1057 2007 1122 imperatori
2061 1058 2389 1113 adversare-

813 1152 923 1207 tur,
953 1144 1168 1198 Isauros
1218 1160 1372 1210 mque
1413 1162 1633 1200 suarum
1681 1150 1915 1216 partium
1968 1147 2151 1202 facere
2182 1149 2391 1202 consti-

816 1236 1027 1290 tuisse:
1069 1249 1233 1306 atque
1278 1236 1571 1291 Martinum
1619 1242 1933 1306 quemdam,
1982 1240 2275 1295 Ardaburii
2308 1240 2391 1293 fa-

816 1328 1102 1394 miliarem,
1165 1327 1559 1384 Tarasicodism
1602 1331 1899 1394 indicasse,
1950 1346 2287 1399 quaecunque
2335 1332 2388 1385 in

815 1420 1199 1488 imperatorem
1247 1422 1651 1476 inacliinaretur
1698 1422 2059 1476 Ardaburius.
2110 1423 2392 1488 Quomodo

814 1512 1013 1564 exinde
1042 1513 1291 1579 asperius
1317 1514 1367 1564 in
1393 1513 1509 1567 dies
1532 1524 1814 1567 crescente
1845 1524 2027 1566 mutua
2054 1513 2389 1582 suSpicione,

815 1600 1245 1668 Leoimperator
1290 1605 1560 1672 Asparem
1612 1606 1853 1667 sustulit,
1896 1604 2118 1673 ejusque
2164 1605 2388 1669 liberos,

814 1693 1176 1748 Ardaburium
1226 1704 1281 1749 et
1355 1696 1646 1751 Patricium
1698 1697 1966 1752 Caesarem
1994 1716 2008 1751 :
2040 1708 2095 1753 et
2137 1697 2180 1752 si
2212 1696 2395 1752 Caesar

816 1794 1038 1852 excepta
1104 1785 1255 1855 plaga
1307 1785 1585 1854 inopinato
1628 1786 1810 1841 salvus
1860 1787 2053 1851 evasit,
2100 1788 2387 1855 vixitque;

2489 966 2761 1037 προτέραν
2814 966 3051 1034 γυναῖκα
3096 964 3330 1017 θανάτου
3361 962 3513 1032 νόμῳ
3560 960 3925 1015 ἀποϐαλόντα.
3961 962 4080 1014 Καὶ

2486 1057 2565 1119 ὡς
2602 1056 2981 1127 Ἀρδαϐούριος
3016 1057 3098 1119 εἰς
3134 1053 3195 1108 τδ
3239 1054 3482 1108 ἐναντίον
3530 1052 3771 1123 μελετῶν
3800 1051 3880 1120 τῷ
3908 1051 4075 1121 βασι⁸

2489 1148 2573 1201 λετ
2615 1148 2707 1200 καὶ
2732 1146 2913 1209 ναύτδς
2951 1144 3456 1215 οίκειοποιήσασθαι
3503 1145 3630 1207 τοὺς
3676 1142 3957 1211 Ἰσαύρους
4001 1142 4079 1195 δι-

2491 1241 2686 1310 ενοήθη
2705 1255 2719 1269 ·
2754 1239 2849 1292 καὶ
2883 1240 2966 1292 ὅτι
2992 1240 3287 1307 Μαρτῐνος,
3320 1237 3519 1299 οἰκεῖος
3550 1234 3625 1288 ὣν
3655 1233 4075 1306 Ἀρδαϐουρίου,

2494 1334 2692 1402 μηνύει
2748 1330 3187 1402 Ταρασικοδίσσᾳ
3227 1330 3371 1399 άπερ
3427 1326 3799 1398 ’Δρδαϐουρίῳ
3832 1325 3877 1358 ⁸⁸
3926 1326 4081 1379 κατά

2494 1424 2758 1494 βασιλέως
2804 1423 3092 1494 ὲτυρεύετο
3114 1440 3129 1454 ·
3157 1423 3251 1475 καὶ
3278 1422 3355 1485 ὡς
3400 1420 3651 1475 ἐντεῦθεν
3683 1420 3741 1481 ἐς
3774 1417 3837 1471 τὸ
3868 1418 4081 1488 τραχύο

2490 1534 2649 1588 τερον
2679 1518 2779 1585 τῆς
2811 1518 2868 1578 ὲς
2902 1515 3167 1585 ἀλλήλους
3215 1514 3473 1577 ὑπονοίας
3504 1516 3550 1546 ⁸⁸
3586 1512 3883 1582 προῖούσης
3913 1512 4081 1564 ἀναι-

2496 1612 2579 1679 ρεῖ
2608 1609 2762 1662 Λέων
2800 1609 2829 1660 6
2859 1606 3108 1675 βασιλεὺς
3135 1607 3393 1673 ’Λσπαρα
3424 1604 3519 1656 καὶ
3546 1605 3672 1665 τοὺς
3705 1602 3921 1666 παῖδας,
3948 1603 4081 1667 ’Δρ-

2492 1698 2781 1768 δαϐοὑριον
2823 1698 2915 1749 καὶ
2965 1694 3263 1765 Πατρίκιον
3293 1694 3386 1746 τὸν
3440 1692 3713 1762 Καίσαρα.
3746 1690 3889 1743 Ἀλλ’
3915 1693 3945 1743 6
3978 1690 4081 1757 μὲν

2495 1791 2716 1858 Καῖσαρ
2748 1786 2858 1840 τῶν
2886 1784 3109 1854 πληγῶν
3138 1781 3445 1849 ἀνενεγκὼν
3478 1781 3797 1852 παραδόξως
3839 1778 4078 1848 διεσώθη

815 1886 871 1928 et
890 1874 1026 1929 alius
1044 1875 1169 1928 item
1192 1877 1257 1928 de
1274 1876 1496 1945 Asparis
1519 1875 1641 1931 ﬁliis
1659 1876 2079 1931 Armenerichus
2095 1876 2232 1946 (94),
2250 1878 2391 1945 quod
2424 1866 2465 1920 Β

2424 1866 2465 1920 Β
2497 1882 2591 1934 καὶ
2613 1880 2884 1949 διέζησεν.
2914 1877 3080 1931 Ἀλλά
3108 1876 3203 1928 καὶ
3234 1876 3262 1926 6
3287 1874 3471 1943 ἔτερος
3503 1872 3611 1925 τῶν
3635 1871 3842 1926 παίδων
3869 1871 4079 1941 Ἀρμε-

817 1970 1031 2019 abesset
1053 1976 1166 2019 tum
1198 1966 1333 2021 forte
1352 1983 1379 2019 a
1401 1977 1571 2034 patre,
1594 1972 1792 2021 caedem
1816 1968 2035 2033 perinde
2054 1966 2259 2037 effugit.
2283 1966 2392 2021 Ta-

818 2058 1169 2112 rasicodisam
1201 2075 1332 2122 ergo
1354 2060 1455 2113 sibi
1498 2076 1774 2130 generum,
1816 2060 1939 2113 data
1982 2060 2217 2114 Ariadna
2258 2059 2387 2123 filia.

820 2150 1111 2218 imperator
1125 2151 1335 2215 ascivit,
1354 2150 1732 2219 Zenonemque
1747 2152 2079 2204 nominatum
2094 2150 2231 2220 (95),
2245 2167 2396 2206 exer-

819 2243 959 2296 citus
992 2244 1043 2296 in
1075 2243 1295 2297 Oriente
1339 2245 1533 2297 ducem
1570 2244 1796 2297 creavit.
1843 2243 2030 2298 Refert
2060 2246 2252 2300 deinde
2275 2260 2395 2315 qua:

820 2334 874 2387 in
912 2333 1094 2388 Africa
1144 2337 1381 2388 secunda
1443 2337 1783 2404 adversaque
1814 2339 2045 2404 gesserit
2074 2336 2390 2391 Basiliscus.

821 2422 1056 2479 Leonem
1112 2441 1329 2494 quoque
1394 2426 1562 2480 multa
1618 2429 1886 2481 volentem
1954 2428 2393 2497 molientemque,

820 2526 928 2579 quo
967 2510 1241 2567 ZenOnem
1292 2528 1549 2581 generum
1613 2515 1993 2585 imperatorem
2036 2519 2394 2580 renuntiaret,

823 2601 980 2667 plebe
1024 2614 1385 2672 repugnante,
1438 2604 1661 2659 minime
1709 2606 1760 2659 id
1803 2606 2018 2674 quidem
2061 2606 2272 2661 ellicere
2303 2624 2397 2676 po-

824 2693 1019 2747 tuisset
1078 2711 1092 2747 :
1150 2696 1246 2746 sed
1308 2695 1468 2763 paulo
1524 2707 1648 2750 ante
1715 2698 1949 2763 obitum,
2026 2709 2273 2767 nepotem
2329 2717 2397 2754 ex

821 2782 1057 2836 Ariadna
1085 2795 1139 2837 et
1175 2782 1395 2839 Zenone
1440 2796 1645 2851 natum,
1692 2802 1947 2843 creasse:
1998 2788 2068 2843 ita
2102 2799 2220 2859 post
2257 2789 2393 2844 Leo-

826 2873 910 2925 nis
950 2888 1232 2928 excessum
1260 2890 1289 2927 a
1334 2874 1518 2929 Leone
1560 2877 1669 2931 lilio
1716 2876 1986 2932 Zenonem
2037 2892 2268 2948 patrem,
2306 2898 2397 2936 as-

824 2967 1098 3029 sentiente
1121 2975 1335 3030 seuatu,
1415 2983 1537 3022 esse
1611 2970 1994 3037 imperatorem
2055 2987 2395 3029 coronatum.

826 3055 962 3109 llinc
997 3056 1305 3110 Isaurorum
1351 3067 1582 3112 stemma
1621 3076 1715 3128 per
1760 3064 1931 3116 series
1979 3065 2271 3133 descripsit
2300 3083 2397 3119 au-

829 3159 969 3211 ctor,
1030 3159 1191 3212 atque
1240 3148 1362 3203 illos
1408 3166 1531 3205 esse
1581 3150 1719 3205 Esau
1757 3163 1998 3219 pesteros
2046 3172 2110 3209 ac
2161 3159 2397 3212 sobolem

824 3237 1067 3290 studiose
1100 3241 1427 3304 persuadere
1454 3252 1703 3295 conatur.
1743 3242 1813 3296 Ut
1847 3260 1874 3293 a
1916 3242 2109 3296 Verina
2138 3248 2396 3311 deCeptns

824 3328 1006 3383 Zenon
1043 3329 1176 3400 (96),
1213 3333 1410 3399 ingerit
1458 3348 1583 3385 cum
1638 3350 1813 3388 uxore
1854 3350 1916 3389 ac
1958 3347 2128 3390 matre
2149 3354 2213 3390 ex
2246 3339 2398 3402 urbe,

826 3420 1197 3489 imperioque:
1233 3432 1395 3490 utque
1444 3420 1641 3475 Verina
1678 3439 1776 3491 spe
1819 3428 2142 3494 adjungendi
2168 3429 2267 3480 sibi
2302 3427 2403 3482 Pa-

826 3510 1040 3564 tricium
1075 3512 1411 3578 magistrum,
1452 3512 1674 3582 fereque
1700 3526 1759 3566 ut
1788 3514 2107 3581 imperaret,
2141 3535 2399 3587 generum

824 3617 983 3654 suum
1016 3600 1337 3674 [Zenonem]
1371 3601 1755 3673 fugaveritper
1778 3604 2045 3667 fraudem,
2077 3624 2195 3675 quae
2225 3620 2401 3664 tamen

825 3707 950 3759 spes
973 3709 1093 3746 eam
1125 3693 1398 3756 fefellerit,
1424 3711 1545 3748 cum
1577 3696 1632 3760 ii,
1665 3698 1755 3764 qui
1784 3698 1835 3750 in
1866 3699 2188 3764 magistratu
2220 3711 2399 3763 erant,

826 3782 1156 3836 Basiliscum
1211 3785 1328 3853 ejus
1400 3782 1625 3839 fratrem
1690 3788 2073 3855 imperatorem
2134 3795 2406 3845 renuntia-

830 3885 973 3927 runt.
1010 3874 1082 3927 De
1111 3875 1416 3928 Isaurorum
1450 3877 1749 3932 incredibili
1803 3878 2403 3951 Constantinopolitana

827 3966 880 4018 iu
911 3966 1042 4020 urbe
1069 3967 1236 4029 caede,
1261 3976 1426 4035 utque
1452 3978 1572 4037 post
1617 3980 1863 4039 nepotem
1900 3973 2266 4028 llonianoruni
2304 3975 2405 4029 im-

828 4065 1161 4123 peratorem,
1210 4058 1435 4112 Orestes
1510 4068 1660 4127 pater
1729 4062 2089 4130 Augustulum
2162 4065 2406 4118 Romanu

828 4146 1130 4215 praefecerit
1177 4149 1427 4219 imperio.
1468 4150 1532 4204 Et
1580 4151 1696 4206 [nec
1734 4153 1849 4207 fere
1895 4155 2031 4209 libro
2067 4158 2241 4224 primo
2282 4173 2407 4211 nar-

829 4249 913 4293 rat
942 4239 1239 4295 Candidus.

901 4334 1086 4386 Altero
1139 4348 1267 4387 vero
1323 4333 1461 4387 libro
1510 4336 1638 4391 ista.
1678 4336 1947 4393 Patricius
1998 4336 2271 4408 magister,
2312 4342 2405 4409 qui

831 4439 953 4476 cum
1015 4425 1207 4478 \‘erina
1271 4429 1721 4481 consuetudinem
1782 4430 2035 4497 habebat,
2093 4433 2407 4499 indignante

2499 1972 2713 2041 νέριχος
2743 1969 2805 2023 οὐ
2854 1966 3157 2038 συμπαρὼν
3192 1965 3271 2034 τῷ
3324 1965 3483 2033 φύντι
3516 1964 3606 2017 τὸν
3643 1964 3802 2031 φόνον
3842 1961 3967 2013 τότε
3993 1962 4079 2012 δι-

2500 2061 2688 2128 έφυγε.
2714 2056 3187 2129 Ταρασικοδίσσαν
3211 2056 3268 2108 δὲ
3288 2054 3537 2125 γαμϐρὸν
3566 2053 3797 2121 θυγατρὶ⁸
3818 2050 4088 2123 ’Δριάδνῃ

2499 2152 2653 2205 Λέων
2691 2151 2708 2181 ⁸
2743 2151 2771 2204 6
2814 2146 3068 2220 βασιλεὺς
3117 2149 3379 2210 ποιεῖται,
3421 2145 3515 2198 καὶ
3576 2141 3938 2213 μετονομάζει
3969 2142 4080 2208 Ζή-

2500 2261 2663 2308 νωνα,
2692 2242 3001 2314 στρατηγὸν
3023 2241 3125 2311 τῆς
3153 2240 3267 2293 Ἕω
3286 2238 3695 2310 χειροτονήσας.
3716 2236 3825 2289 Kal.
3845 2236 3915 2289 τά
3936 2234 4083 2288 κατά

2498 2334 2770 2405 Ἀφρικὴν
2820 2332 3147 2386 Βασιλίσκου
3187 2330 3545 2401 εύτυχήματά
3573 2345 3631 2381 τε
3680 2327 3778 2381 καὶ
3804 2326 4080 2396 δυστυχή-

2505 2447 2670 2497 ματα.
2703 2428 2814 2481 Καὶ
2841 2428 2917 2490 ὡς
2957 2427 3110 2481 Λέων
3145 2424 3318 2477 πολλά
3358 2422 3644 2491 βουληθεὶς
3686 2422 3781 2473 καὶ
3806 2421 4084 2488 διαμηχα-

2502 2523 2808 2592 νησὰμενος
2857 2522 3079 2587 Ζήνωνα
3104 2517 3196 2571 τὸν
3241 2515 3491 2585 γαμϐρὸν
3538 2515 3783 2567 ἀνειπεῖν
3828 2511 4080 2579 βασιλέα,

2501 2615 2610 2666 τῶν
2626 2611 2882 2681 ὑπηκόων
2902 2609 2977 2680 μὴ
2995 2605 3476 2678 παραδεχομένων,
3496 2603 3621 2665 [176
3644 2603 3736 2674 IL]
3751 2602 3852 2655 οὐκ
3868 2602 4078 2671 ίσχυσε.

2506 2705 2617 2755 Καὶ
2640 2700 2715 2762 ὡς
2747 2701 2853 2770 πρὸ
2890 2700 3146 2768 τελευτῆς
3178 2696 3345 2751 αὐτοῦ
3388 2696 3481 2749 τὸν
3511 2694 3733 2763 ἔγγονον
3776 2692 3877 2763 μὲν
3912 2689 4082 2745 αὑτοῦ

2503 2798 2568 2848 ὲκ
2594 2797 2840 2865 Ζήνωνος
2858 2790 3029 2858 φύντα
3046 2792 3112 2861 τῇ
3132 2788 3387 2860 Ἀριάδνῃ
3401 2804 3415 2817 ο
3445 2788 3541 2841 καὶ
3561 2787 3636 2847 ὼς
3657 2784 3795 2855 μετὰ
3821 2782 4085 2853 τελευτήν

2506 2890 2731 2950 Λέοντος
2754 2890 2782 2939 6
2809 2888 2937 2947 παῖς
2959 2884 3109 2939 Λέων
3142 2883 3367 2951 Ζήνωνα
3394 2883 3484 2933 τὸν
3511 2878 3743 2947 πατέρα,
3776 2876 4085 2928 συναινέσει

2505 2982 2605 3050 τῆς
2641 2979 2858 3048 βουλῆς,
2910 2975 3132 3045 βασιλέα
3159 2975 3180 3004 ’
3206 2971 3422 3039 ἔστεφε.
3471 2967 3832 3037 Λεπτομερής
3878 2982 3940 3017 τε
3982 2966 4085 3034 τῆς

2506 3072 2766 3137 Ἰσαύρων
2789 3066 3140 3135 γενεαλογίας
3163 3064 3444 3130 ἀφήγησις
3460 3076 3474 3090 ·
3505 3061 3599 3112 καὶ
3627 3059 3699 3120 ὡς
3730 3057 3921 3121 εἴησαν
3945 3056 4086 3109 ἀπό·

2506 3180 2653 3230 γονοι
2682 3160 2777 3213 τοῦ
2817 3157 3011 3221 Ἠσαῦ,
3041 3154 3212 3224 πολλὴ
3242 3152 3447 3220 σπουδὴ
3473 3150 3569 3203 καὶ
3590 3150 3860 3219 διήγησις.
3892 3148 4085 3210 Ὅπως

2500 3271 2559 3305 τε
2589 3255 2772 3320 Ζήνων
2819 3250 2923 3303 ὑπὸ
2974 3249 3212 3319 Βηρίνης
3260 3244 3569 3313 ἀπατηθεὶς
3619 3244 3812 3309 φεύγει
3862 3240 4087 3308 γυναικὶ

2504 3346 2620 3415 ἅμα
2659 3344 2752 3396 καὶ
2786 3342 2953 3411 μητρὶ
2986 3342 3083 3409 τῆς
3134 3338 3343 3399 πόλεως
3375 3336 3471 3389 καὶ
3519 3336 3616 3403 τῆς
3648 3332 3953 3402 βασιλείας·
3991 3332 4086 3383 καὶ

2502 3435 2577 3497 ὡς
2612 3435 2841 3504 Βηρίνα,
2873 3431 3047 3483 ἐλπίδι
3073 3429 3166 3482 τοῦ
3196 3428 3535 3495 συναφθῆναι
3562 3426 3843 3495 Πατρικίῳ
3871 3422 3950 3493 τῷ
3982 3440 4089 3491 μα-

2504 3524 2718 3594 γίστρῳ
2740 3524 2835 3576 καὶ
2874 3520 3179 3591 βασιλεύειν
3203 3518 3364 3574 αὐτὸν
3404 3519 3425 3551 ³
3453 3518 3545 3570 τὸν
3573 3516 3820 3586 γαμϐρὸν
3862 3514 4036 3582 αὐτῆς
4064 3515 4087 3545 δ

2506 3616 2891 3684 φυγαδεύσασα
2921 3613 2979 3679 ἐξ
3006 3613 3242 3681 ἀπάτης,
3276 3612 3368 3665 καὶ
3393 3610 3532 3679 αύτὴ
3555 3609 3653 3677 τῆς
3676 3607 3893 3668 ἐλπίδος
3915 3606 4087 3674 ἐσφά-

2505 3708 2592 3777 λη,
2617 3708 2725 3759 τῶν
2758 3708 2816 3758 εν
2845 3705 2989 3758 τέλει
3012 3703 3336 3756 Βασιλὶσκον
3366 3702 3457 3753 τὸν
3488 3699 3660 3769 αὐτῆς
3682 3697 3911 3765 ἀδελφὸν
3938 3698 4089 3749 ἀνει·

2506 3800 2718 3852 πόντων
2750 3796 2997 3866 βασιλέα.
3027 3793 3160 3864 Περί
3189 3810 3246 3846 τε
3278 3795 3378 3861 τῆς
3420 3789 3680 3858 Ἰσαύρων
3708 3791 3765 3841 ὲν
3795 3788 4089 3839 Κωνσταν-

2504 3888 2811 3941 τινουπόλει
2843 3885 3125 3954 ἀμυθήτου
3154 3882 3390 3950 σφαγῆς.
3422 3880 3534 3933 Kal.
3571 3880 3648 3939 ὡς
3678 3877 3817 3949 μετά
3847 3876 4090 3929 Νέπωτα

2508 3980 2735 4051 βασιλέα
2784 3978 3001 4045 Ῥώμης
3046 3972 3455 4041 Αὑγούστουλον
3502 3972 3531 4023 6
3581 3970 3762 4038 πατὴρ
3825 3968 4089 4038 Ὀρέστης

2518 4072 2741 4144 Ῥώμης
2796 4067 3176 4139 κατεπράξατο
3225 4063 3555 4136 βασιλεύειν.
3587 4061 3774 4115 Ταῦτα
3808 4062 3837 4115 6
3869 4058 4090 4129 πρῶτος

2506 4167 2684 4235 λόγος.

2591 4346 2648 4397 Ὀ
2681 4345 2737 4396 δὲ
2784 4340 3059 4410 δεύτερος,
3095 4342 3241 4399 ὅπως
3272 4336 3566 4405 Πατρίκιος
3607 4335 3636 4386 6
3688 4332 4012 4402 μάγιστρος,
4061 4333 4092 4383 6

2510 4435 2714 4505 Βηρίνῃ
2767 4430 3270 4501 συμφθειρόμενος,
3331 4426 3884 4493 ὲπαγανακτήσαντος
3938 4422 4090 4491 αὐτῷ

832 4517 948 4583 ipso
977 4514 1261 4580 Basilisco,
1300 4519 1479 4586 periit.
1515 4518 1813 4588 Eapropter
1846 4523 1896 4574 in
1940 4523 2163 4579 fratrem
2207 4526 2404 4581 Verina
2441 4560 2480 4612 ο

2441 4560 2480 4612 D
2513 4528 2838 4580 Βασιλίσκου
2862 4523 3100 4582 amem».
3135 4520 3228 4573 καὶ
3257 4520 3344 4571 διὰ
3376 4516 3536 4569 τοῦτο
3568 4517 3772 4585 Βηρῖνα
3796 4514 3863 4612 διῖ
3888 4514 4089 4583 ἒχορας

830 4609 953 4661 odio
986 4620 1267 4677 concepto,
1320 4627 1381 4665 ac
1424 4610 1697 4666 Zenonem
1726 4616 1917 4682 opibus
1957 4620 2022 4671 ad
2078 4635 2406 4688 recuperati-

832 4702 960 4751 dum
989 4702 1274 4770 imperium
1316 4704 1605 4772 adjuvans,
1651 4718 1892 4761 extrema
1924 4724 2149 4777 qiizeque
2181 4728 2209 4763 a
2237 4710 2404 4765 fratre

836 4793 1076 4859 pertulit,
1119 4808 1183 4847 ac
1222 4794 1322 4848 nisi
1356 4810 1387 4849 e
1421 4796 1620 4864 templo
1663 4798 1924 4854 Armatus
1961 4815 2078 4853 eam
2107 4803 2244 4855 clam
2271 4807 2403 4859 sub-

835 4883 1100 4948 duxisset,
1150 4884 1289 4940 forte
1341 4896 1398 4939 et
1454 4888 1567 4956 ipsa
1622 4904 1653 4943 e
1687 4893 1865 4946 medio
1917 4894 2127 4947 sublata
2191 4896 2402 4951 fuisset.

832 4973 965 5027 Cum
995 4975 1237 5031 Basilisci
1268 4979 1461 5033 deinde
1507 4996 1675 5036 uxore
1699 4982 1813 5054 (97)
1839 4986 2171 5042 adnlteratus
2208 4990 2406 5043 Arma-

837 5076 942 5128 tus,
986 5068 1051 5120 ad
1095 5083 1362 5123 summam
1396 5076 1641 5139 pervenit
1672 5079 1989 5144 potentiam,
2024 5085 2160 5134 adeo
2191 5088 2247 5133 ut
2288 5093 2405 5134 tan-

832 5158 955 5210 dem
985 5159 1031 5210 ei
1069 5158 1287 5225 bellum,
1313 5162 1455 5229 quod
1501 5165 1761 5221 adversus
1790 5166 2056 5223 Zenonem
2091 5173 2401 5241 gerebatur,

2515 4621 2648 4688 πρὸς
2682 4620 2772 4669 τὸν
2818 4617 3045 4683 ἀδελφὸν
3096 4613 3437 4671 καταστᾶσα,
3472 4611 3566 4661 καὶ
3606 4610 3810 4676 Ζήνωνι
3838 4607 3927 4659 διά
3953 4624 4091 4677 χρη-

2515 4712 2701 4782 μάτων
2729 4710 2827 4775 τὴν
2878 4708 2979 4775 τῆς
3014 4705 3287 4775 βασιλείας
3336 4701 3601 4769 ἀνάληψιν
3640 4700 4089 4769 συμπράττουσα,

2510 4804 2578 4856 τὰ
2622 4802 2825 4869 ἔσχατα
2867 4798 3101 4865 ἔπασχεν
3138 4797 3243 4848 ὑπὸ
3273 4795 3293 4825 ⁸
3330 4794 3425 4846 τοῦ
3474 4792 3731 4860 ἀδελφοῦ,
3782 4790 3876 4843 καὶ
3924 4792 3972 4843 εί
4015 4791 4093 4861 μὴ

2511 4894 2789 4961 διὲκλεψεν
2814 4890 2984 4961 αὐτὴν
3004 4888 3274 4957 ’Λρμάτος
3304 4888 3324 4917 ⁸
3351 4888 3414 4938 ἐκ
3440 4884 3531 4937 τοῦ
3556 4883 3707 4947 ναοῦ,
3737 4882 3877 4952 τάχα
3899 4882 3964 4933 ἂν
3996 4883 4093 4934 καὶ

2512 4986 2799 5055 διεφθάρη.
2844 4983 2931 5044 Ὠς
2964 4982 2981 5012 ⁷
3007 4980 3134 5052 [105
3162 4978 3257 5049 IL]
3287 4976 3559 5047 Ἀρμάτος
3583 4979 3648 5045 τῇ
3674 4976 3888 5045 γαμετῇ
3915 4973 3937 5003 ⁸
3961 4990 4093 5026 συν-

2512 5076 2962 5147 διαφθειρόμενος
3028 5070 3351 5125 Βασιλίσκου
3405 5069 3497 5121 ἐπὶ
3561 5068 3705 5138 μέγα
3770 5064 4095 5127 δυναστείας

2512 5172 2678 5241 ήρθη,
2708 5170 2802 5221 καὶ
2834 5170 2909 5229 ὡς
2941 5165 3167 5237 ὕστερον
3210 5163 3301 5215 τὸν
3333 5162 3475 5216 κατά
3506 5162 3750 5229 Ζήνωνος
3780 5157 4095 5220 πιστευθεὶς

2102 5287 2341 5343 VARI/E
2385 5286 2787 5345 LECTIUNES.

892 5367 936 5455 ξ’
960 5365 1044 5455 Eb]
1075 5369 1137 5420 τὸ
1165 5369 1290 5455 τῶν.
1316 5388 1375 5455 ς.
1427 5373 1503 5453 ,ον
1525 5372 1922 5455 Τηριὲσιζοδ-ίσα
1946 5398 2005 5444 ς.
2085 5383 2130 5415 ⁸³
2165 5385 2545 5455 ’Λρδαϐούρινμ
2573 5402 2631 5447 ς.
2706 5383 2751 5413 ⁹⁹
2786 5377 3029 5455 ἐπινοίας
3055 5376 3147 5455 Λ..
3209 5376 3222 5405 ¹
3265 5375 3400 5426 λέων
3446 5365 3689 5455 λαϐὼνὶὸ
3830 5452 3859 5455 _
3891 5366 3912 5395 ¹
3938 5362 4092 5455 Eam]

831 5438 927 5489 καὶ
967 5436 1091 5506 βασ.
1122 5457 1182 5503 ς.
1270 5441 1290 5472 ³
1314 5442 1492 5494 αὐτῶν
1516 5462 1576 5507 ς.

836 5511 972 5577 μετῇ
998 5515 1077 5562 A:
1117 5510 1329 5578 γυναικὶ
1364 5515 1444 5566 sic
1472 5526 1526 5568 et
1550 5515 1714 5570 infra.
1750 5534 1811 5580 ς’.

1671 5446 1881 5516 θαύτῆς
1926 5470 1985 5514 ς.
2077 5455 2098 5484 ⁸
2131 5446 2272 5526 ὑπὲρ
2309 5474 2369 5521 ς’.
2440 5446 2475 5485 ’θ

2509 5436 2752 5524 ἀρξλάτος
2812 5468 2892 5520 pr.
2929 5452 2971 5501 A
3002 5436 3269 5517 ἀρμάτιος
3311 5457 3454 5497 corr.
3516 5440 3534 5469 ⁷
3568 5436 3660 5490 καὶ
3696 5436 3772 5498 ὡς
3822 5452 3882 5498 ς.
3947 5438 4095 5503 ’γα-

2356 5612 2585 5666 ΝΟΤΕ.

907 5696 1019 5757 (94)
1053 5702 1135 5753 ΑΙ.
1169 5703 1607 5763 Ermenariclius.

912 5768 1022 5827 (95)
1056 5770 1233 5827 Multis
1263 5778 1326 5828 de
1361 5781 1459 5829 huc
1501 5782 1651 5832 Sttitl.

908 5840 1021 5910 (90)
1054 5844 1196 5899 Duas
1238 5849 1335 5917 ipsi
1385 5848 1848 5920 Constantinopoli
1884 5863 2091 5907 erectas
2124 5851 2402 5906 culunnttus

2520 5704 2805 5774 tlest‘ripsil
2835 5703 2988 5757 Suid.
3024 5706 3075 5753 in
3112 5704 3303 5755 Vel-ina
3329 5740 3339 5753 .

2590 5766 2711 5843 ιεηί
2734 5776 3028 5827 Ζιξιιυιιιιίν.
3064 5774 3196 5844 ιιι-ευ
3226 5779 3377 5843 plutu
3406 5787 3537 5827 voce
3610 5767 3926 5839 ’Λρμάτιοςι
3971 5766 4094 5836 Ἀρ·

2522 5867 2688 5919 guto;
2726 5848 2862 5917 apud
2899 5845 3053 5899 Stud.
