4224 6442
120 438 220 499 253

1192 430 1717 491 BIBLIOTHECA.
1756 451 1827 464 -
1862 429 2024 491 COD.
2065 429 2325 491 LXXIX.

3272 431 3381 497 254

125 547 372 615 πόλεμον
410 543 703 597 ἀπέκλινεν
758 541 851 595 ἰπὶ
900 542 1194 612 συνθήκαις
1248 544 1316 597 δι’
1358 541 1524 597 ἰλλοῦ
1574 540 1712 609 πρὸς
1741 546 1786 599 Α

1710 560 1712 566 ’
1741 546 1786 599 Α
1816 544 2080 595 creditum
2106 541 2290 606 fuerit,
2326 541 2393 597 ad
2425 555 2585 611 quem
2633 549 2807 595 tamen
2840 541 3002 596 certis
3030 541 3204 610 pactis
3234 541 3378 614 58a

122 635 313 700 αὑτὸν,
352 638 451 689 καὶ
481 635 789 703 εὐδοκιμῶν
814 634 906 686 ἐπὶ
950 636 1214 705 Ζήνωνος,
1245 635 1321 699 ὼς
1353 636 1445 688 καὶ
1472 637 1563 687 τὸν
1596 637 1711 688 υἱὸν

124 730 460 783 Βασιλίσ-κον
481 729 736 797 Καίσαρα
764 728 914 789 ἰδεῖν,
940 728 1165 796 ὕστερον
1194 730 1588 800 ἐκρεουργήθη,
1618 729 1713 781 καὶ

121 826 148 875 ό
181 826 320 884 παῖς
379 824 445 873 ἐκ
486 820 583 872 τοῦ
616 822 639 851 ⁸
672 820 950 889 Καίσαρος
996 821 1077 883 είς
1124 821 1248 881 τοὺς
1292 822 1350 872 ιν
1385 820 1712 889 Βλαχέρναις

128 914 501 980 ἀναγνώστας
547 912 815 965 ἐτέλεσεν.
861 913 948 974 Ὠς
995 911 1103 977 πρὸ
1148 910 1355 963 τούτων
1389 910 1712 973 Βασιλίσκος

122 1008 361 1074 Μάρκον
391 1005 488 1057 τὸν
518 1004 651 1056 ῖδιον
685 1004 797 1055 υἱὸν
827 1003 1081 1071 Καίσαρα
1115 1004 1334 1054 ἀνεῖπεν
1367 1003 1430 1064 ’⁸,
1468 998 1587 1054 εἶτα
1616 1002 1713 1055 καὶ⁵

124 1097 382 1164 βασιλέα.
416 1096 530 1148 Καὶ
560 1095 636 1156 ώς
680 1091 878 1156 ἰλλοῦς
920 1093 1118 1163 συνέϐη
1147 1094 1355 1162 Ζήνωνι
1393 1094 1474 1156 είς
1504 1093 1709 1161 φιλίαν,

122 1190 218 1239 καὶ
267 1188 443 1240 πάλιν
493 1185 786 1239 ἀναλαϐεῖν
829 1184 1212 1253 παρεσκεύασε
1258 1185 1358 1255 τήν
1415 1186 1711 1254 βασιλείαν.

126 1281 233 1331 Καὶ
277 1279 362 1340 ὡς
396 1276 895 1338 καταστασιασθεὶς
942 1275 1195 1344 βασιλεὺς
1249 1276 1347 1329 σὺν
1374 1278 1441 1346 τῇ
1494 1278 1716 1344 γυναικὶ

124 1369 391 1438 Ζηνωνίδι
418 1368 515 1419 καί
540 1368 751 1428 τέκνοις
783 1366 1114 1433 καταφεύγει
1136 1369 1214 1427 είς
1234 1367 1332 1436 τὴν
1368 1367 1712 1437 Ἐκκλησίαν,

126 1462 390 1513 κάκεῖθεν
435 1462 626 1527 ἀπάτῃ
671 1458 943 1528 Ἀρμάτου
977 1458 1259 1527 ἐκϐληθεὶς
1303 1457 1603 1527 ὲξορίζεται
1636 1461 1716 1521 εις

127 1552 562 1613 Καππαδοκίαν,
615 1547 735 1603 εἶτα
784 1552 1047 1618 παγγενεὶ
1077 1551 1116 1579 ⁸⁸
1159 1550 1589 1617 κατασφὰζεται.
1626 1550 1716 1614 Ὠς

128 1645 338 1711 Πέτρου
362 1646 465 1697 τοῦ
482 1643 777 1706 δυσσεϐοῦς
797 1645 892 1705 τάς
918 1644 1015 1710 τῆς
1038 1643 1329 1712 ’Δνατολῆς
1348 1661 1413 1696 τα
1424 1645 1715 1716 ράσσοντος

135 1723 477 1805 ἒ[ἐκκλησίας
531 1737 887 1790 Καλανδίωνα
935 1738 1121 1806 Ζήνων
1149 1738 1178 1788 ό
1223 1735 1478 1804 βασιλεὺς
1535 1739 1616 1801 είς
1653 1736 1715 1789 τδ

125 1829 378 1895 ἱερᾶσθαι
420 1830 756 1897 Ἀντιοχείας
781 1829 1064 1882 ἀπέστειλε
1096 1830 1164 1891 ¹¹,
1189 1828 1283 1881 καὶ
1306 1829 1556 1898 δεόμενος
1578 1846 1711 1899 χρη-
1749 1874 1799 1930 Β.

127 1920 314 1987 μάτων
328 1922 396 1972 ὲκ
417 1922 757 1989 μηνυμάτων
787 1920 1036 1989 ἐπέτυχε,
1050 1921 1143 1972 καὶ
1160 1920 1343 1973 πολλοὶ
1362 1921 1711 1992 νεωτερίσαν-

124 2029 215 2073 τες
237 2015 359 2064 κατ’
380 2012 552 2065 αὑτοῦ
577 2014 669 2065 καὶ
688 2013 987 2076 ἑαλωκότες
1003 2015 1158 2083 δίκην
1171 2014 1375 2069 ἔδοσαν.
1399 2014 1483 2078 Ὧς
1512 2014 1710 2078 Ἰλλοῦς

126 2103 295 2155 πολλά
324 2106 391 2173 τῇ
434 2102 727 2172 Ῥωμαίων
755 2109 1046 2172 συνήνεγκε
1070 2104 1315 2175 πολιτείᾳ
1346 2108 1466 2168 ταῖς
1492 2122 1550 2158 τε
1577 2105 1717 2159 κατὰ

129 2194 366 2261 πόλεμον
417 2192 818 2262 ἀνδραγαθίαις
844 2194 939 2247 καὶ⁵
983 2196 1102 2257 ταῖς
1132 2194 1272 2246 κατά
1302 2194 1459 2246 πόλιν
1512 2195 1720 2263 φιλοτι-

130 2292 280 2359 μίαις
314 2308 379 2343 τε
411 2294 513 2344 καὶ
540 2292 1009 2361 δικαιοπραγίαις.
1060 2291 1147 2354 Ὠς
1194 2292 1334 2360 μετά
1371 2292 1470 2361 τὴν
1499 2293 1718 2362 ἀναίρε-

128 2400 213 2433 σιν
244 2383 339 2435 τοῦ
372 2382 649 2450 βασιλέως
680 2384 941 2444 Νέπωτος
978 2383 1199 2453 Ῥώμης
1242 2386 1334 2438 καὶ
1360 2387 1450 2439 τὸν
1479 2387 1718 2456 διωγμὸν

127 2476 221 2527 τοῦ
254 2476 375 2545 μετ’
407 2478 576 2529 αὑτὸν
595 2478 1011 2543 Αὑγουστούλου
1041 2480 1333 2549 Ὀϐόακρος
1366 2480 1594 2545 Ἰταλίας
1623 2485 1718 2535 καὶ

128 2567 294 2633 αὐτῆς
343 2567 627 2636 ἐκράτησε
674 2567 923 2639 Ῥώμης·
967 2574 1065 2623 καὶ
1114 2572 1523 2626 στασιασάντων
1564 2573 1715 2644 αὐτῷ

129 2658 233 2708 τῶν
260 2658 555 2726 δυσμικῶν
582 2659 859 2724 Γαλατῶν,
897 2661 1486 2731 διαπρεσϐευσαμένων
1524 2681 1585 2716 τε
1618 2666 1718 2718 αὺ-

129 2752 235 2803 τῶν
275 2757 373 2803 καὶ
403 2752 707 2821 Ὀδοάκρου
732 2753 870 2823 πρὸς
888 2754 1133 2822 Ζήνωνα.
1162 2755 1437 2825 Ὀϐοὰκρῳ
1466 2758 1665 2825 μᾶλλον
1687 2760 1717 2812 ὁ

130 2843 316 2909 Ζήνων
372 2842 695 2897 ἀπέκλινεν.
743 2843 829 2907 Ὠς
862 2844 1081 2909 Ἀλανός
1131 2863 1218 2909 τις
1260 2846 1460 2901 Ἰλλοῦν
1507 2849 1717 2903 ἀνελεῖν

132 2934 415 3003 βουληθεὶς
459 2936 553 2987 καὶ
580 2936 789 3005 πλήξας
812 2937 1112 2990 Ἐπινίκιον
1137 2936 1312 3000 εἷπεν.
1342 2940 1401 2999 ὃς
1424 2937 1493 3011 ἦν
1518 2943 1716 3007 οἰκεῖος

131 3027 359 3097 Βηρίνῃ,
392 3028 499 3096 τὴν
546 3028 829 3097 ἀναίρεσιν
879 3030 1205 3082 ὑποθέσθαι*
1242 3030 1335 3082 καὶ
1368 3031 1443 3093 ώς
1496 3033 1712 3103 ἐξεδόθη

130 3117 431 3180 Ἐπινίκιος
470 3118 635 3171 ἰλλοῦ
657 3136 670 3149 ο
692 3120 788 3171 καὶ
808 3120 884 3181 ώς
908 3120 1196 3190 ὑποσχέσει
1222 3124 1316 3175 καὶ
1335 3123 1649 3194 ἀμνηστίας
1672 3126 1714 3158 ¹³

1816 633 1938 687 llilli
1975 633 2087 705 (98)
2116 648 2280 703 opera
2309 634 2729 697 conditionibus,
2779 630 2993 687 defecit.
3026 631 3139 689 Sub
3162 632 3380 689 Zenone

1815 724 1977 791 igitur
2027 725 2161 777 tanti
2194 740 2315 778 cum
2353 734 2501 779 esset
2537 723 2773 778 nominis
2817 725 3098 789 Armatus,
3130 735 3187 778 ut
3224 734 3280 779 et
3317 727 3383 777 li-

1815 816 1942 868 lium
1973 815 2291 870 Basiliscum
2315 814 2581 869 Casarem
2616 814 2831 879 viderit,
2872 825 2991 884 post
3027 816 3380 869 nihilominus

1816 908 1869 960 in
1903 906 2071 959 frusta
2101 906 2402 973 discerptus
2434 916 2516 960 est
2544 905 2657 976 (99)
2689 915 2744 959 et
2766 920 2899 973 puer
2933 905 3050 974 ipse
3072 922 3138 959 es
3164 906 3382 959 Caesare

1814 998 1956 1051 inter
1987 996 2215 1051 lectores
2251 997 2302 1049 in
2339 996 2655 1050 Blachernis
2694 995 2931 1065 proliteri
2964 998 3149 1064 coepit.
3184 996 3379 1049 Basili-

1814 1104 1941 1143 scus
1970 1099 2097 1142 ante
2126 1090 2237 1142 hac
2274 1086 2509 1141 Marcum
2556 1086 2721 1140 tilium
2747 1085 3015 1140 Caesarem
3046 1095 3284 1148 crearat,
3316 1100 3381 1138 ae

1817 1189 1937 1251 post
1982 1180 2146 1234 etiam
2201 1178 2603 1247 imperatorem.
2643 1176 2812 1231 Hillus
2852 1192 2975 1230 cum
3002 1175 3219 1230 Zenone
3253 1190 3385 1228 con-

1818 1274 2000 1328 ciliata
2024 1271 2261 1325 amicitia
2293 1269 2575 1337 imperium
2601 1268 2776 1321 eidem
2802 1281 3123 1335 recuperare
3147 1264 3380 1320 studuit.

1819 1364 2113 1418 Basiliscus
2145 1363 2325 1429 itaque
2357 1378 2386 1413 a
2419 1360 2693 1413 seditiosis
2717 1367 3021 1425 superatus,
3055 1372 3177 1410 cum
3210 1354 3385 1408 Zeno-

1820 1457 1942 1511 uide
1967 1456 2216 1524 conjuge,
2241 1468 2304 1507 ac
2338 1452 2522 1505 liberis
2549 1452 2601 1504 in
2625 1451 2871 1517 templum
2902 1465 2960 1503 se
2988 1448 3207 1514 recepit,
3242 1447 3384 1498 unde

1820 1547 2026 1602 Armati
2075 1545 2357 1600 fraudibus
2388 1553 2687 1604 extractus,
2712 1553 2769 1597 et
2794 1544 2843 1594 in
2870 1540 3267 1609 Cappadociam
3301 1553 3384 1590 re-

1820 1641 2051 1709 legatus,
2102 1652 2225 1693 mox
2264 1652 2386 1691 cum
2423 1646 2532 1688 tota
2584 1636 2753 1701 stirpe
2786 1647 2958 1686 cmsus
2984 1640 3086 1685 est.
3115 1630 3250 1683 Cum
3283 1626 3385 1680 Pe-

1821 1742 1937 1788 trus
1994 1730 2071 1801 (l)
2121 1732 2209 1784 ille
2262 1730 2461 1796 impius
2499 1726 2739 1781 Orientis
2790 1727 3034 1777 turbaret
3084 1721 3380 1782 Ecclesias,

1823 1825 1966 1879 misit
1989 1823 2134 1878 Zeno
2164 1825 2457 1891 imperator
2496 1818 2906 1878 Calandionem,
2939 1825 2996 1868 ut
3031 1813 3385 1868 Antiochense

1820 1917 1965 1970 sedis
1996 1915 2281 1984 episcopus
2330 1921 2654 1966 sacraretur.
2686 1907 2817 1962 Cum
2866 1908 2993 1961 item
3038 1905 3262 1976 pecunia
3299 1907 3388 1957 in-

1819 2011 2026 2077 digeret
2055 2009 2370 2075 imperator,
2404 2004 2708 2072 quaerendae
2752 2000 2826 2054 illi
2863 2000 3104 2069 pecunia:
3146 1998 3386 2050 rationes

1819 2112 2053 2154 ostensae
2084 2108 2231 2152 sunt.
2276 2096 2426 2150 Multi
2467 2094 2629 2148 rebus
2675 2092 2828 2146 novis
2864 2100 3056 2143 contra
3091 2088 3240 2141 illum
3271 2095 3388 2139 stu-

1820 2198 2029 2255 dentes,
2067 2191 2210 2259 capti
2252 2203 2440 2258 pmuas
2473 2186 2755 2241 dederunt.
2792 2182 2953 2237 Multa
2989 2180 3161 2235 Hillus
3185 2180 3385 2234 Roma-

1822 2302 1903 2342 nte
1930 2284 2238 2355 reipublicae
2276 2282 2525 2346 contulit,
2557 2295 2679 2336 cum
2725 2278 2927 2333 militia
2967 2278 3126 2332 rebus
3168 2274 3387 2329 fortiter

1819 2381 2011 2448 gestis,
2047 2390 2159 2431 tum
2195 2379 2336 2431 domi
2364 2376 2606 2430 honestis
2636 2373 2849 2434 studiis,
2885 2370 3186 2437 acjustitize
3209 2368 3381 2422 cultu.

1822 2474 1949 2529 Post
2010 2474 2391 2539 interemptum
2446 2467 2746 2521 Romanum
2796 2466 3064 2519 Caesarem
3113 2473 3383 2529 nepotem,

1818 2576 1872 2619 et
1897 2565 2015 2632 ejus
2042 2576 2413 2615 successorem
2457 2556 2817 2627 Augustulum
2854 2555 3162 2622 expulsum,
3197 2550 3383 2605 Odoa-

1818 2673 1911 2711 cer
1936 2653 2113 2719 italia,
2141 2665 2303 2722 atque
2343 2653 2457 2721 ipsa
2487 2653 2623 2705 adeo
2652 2653 2785 2701 urbe
2819 2649 3021 2716 potitus
3045 2654 3146 2699 est.
3189 2642 3387 2697 Rebel-

1819 2744 2059 2797 lantibus
2087 2752 2266 2796 autem
2300 2742 2423 2795 huic
2449 2738 2757 2793 Occidentis
2788 2736 2983 2801 Gallis,
3037 2747 3093 2790 et
3117 2734 3388 2803 legatione

1818 2836 1887 2889 ab
1918 2836 2073 2905 ipsis,
2111 2834 2325 2903 aliaque
2348 2832 2413 2885 ab
2439 2830 2686 2886 Odoacro
2713 2830 2776 2883 ad
2806 2828 3076 2883 Zenonem
3108 2828 3293 2892 missa,
3330 2828 3386 2880 in

1818 2928 2122 2985 Odoacrqu
2167 2927 2337 2997 magis
2375 2926 2611 2980 Zenonis
2658 2924 2869 2977 animus
2906 2922 3207 2976 inclinavit.
3261 2918 3387 2973 Ala-

1821 3038 1923 3076 nus
1973 3022 2189 3089 quidatn
2243 3018 2495 3072 occidere
2553 3014 2750 3069 Hillum
2802 3026 3046 3076 conatus,
3087 3026 3210 3065 cum
3261 3024 3385 3063 eum

1819 3115 2197 3184 percussisset,
2223 3112 2291 3166 ab
2323 3110 2588 3179 Epinicio,
2616 3110 2707 3176 qui
2741 3118 2859 3161 erat
2887 3103 3099 3159 Verinte
3129 3104 3387 3157 domesti-

130 3210 223 3260 καὶ
262 3210 607 3277 εὐεργεσιῶν
639 3211 837 3275 ,ἐξεῖπε
889 3213 1065 3265 πάντα
1120 3214 1437 3283 Ἑπινίκιος,
1478 3219 1577 3270 ὅσα
1610 3221 1708 3271 ὲπ-
1744 3203 1787 3261 C

1744 3203 1787 3261 C
1820 3224 1936 3273 cus,
1968 3208 2321 3262 subornatum
2360 3219 2418 3260 se
2451 3206 2518 3258 ad
2566 3203 2769 3257 cadem
2807 3201 2904 3264 ait,
2945 3200 3128 3267 itaque
3154 3198 3385 3251 traditus

128 3301 383 3352 εϐούλευε
410 3301 487 3369 Βη
499 3304 619 3369 ρῖνα
643 3303 783 3355 κατά
820 3303 983 3356 ἰλλοῦ
1006 3322 1019 3336 ’
1050 3302 1175 3376 [177
1204 3306 1297 3377 R.]
1321 3308 1414 3360 καὶ
1433 3310 1506 3372 ῶς
1533 3312 1716 3379 Ζήνων

131 3394 369 3460 Βηρῖναν
407 3393 500 3444 διὰ
527 3392 685 3446 τοῦτο
729 3394 1029 3458 ἐκδίδωσιν,
1066 3399 1094 3449 ό
1136 3398 1192 3450 δὲ
1236 3399 1407 3468 αὐτὴν
1436 3401 1515 3462 είς
1547 3401 1717 3470 φρού-

131 3501 241 3548 ριον
273 3483 539 3547 Κιλικίας
570 3484 903 3555 ὐπερορίσας
927 3487 1286 3555 ἠσφαλίσατο.
1324 3489 1412 3554 Ὠς
1446 3492 1717 3562 Παμπρε-

128 3578 235 3645 τεῳ
258 3575 339 3645 τῷ
361 3575 614 3628 δυσσεϐεῖ
628 3577 716 3629 διὰ
736 3578 961 3647 Μάρσου
989 3581 1186 3644 ἰλλοῦς
1203 3583 1478 3650 φιλιωθεὶς
1500 3586 1718 3640 ἅπαντα

128 3668 270 3721 κατὰ
309 3668 513 3737 μικρὸν
559 3670 779 3738 συνέχεε
812 3672 879 3723 τά
928 3674 1114 3727 αὐτοῦ.
1153 3675 1240 3737 Ὧς
1273 3677 1536 3745 ἐμφύλιος
1588 3696 1716 3731 συν-

127 3758 262 3828 έστη
301 3760 514 3828 Ζήνωνι
553 3761 597 3791 ιδ
625 3762 863 3838 πόλεμος
897 3763 1219 3835 ἐξάρχοντος
1260 3767 1581 3836 Μαρκιανοῦ
1619 3771 1716 3823 καὶ

129 3850 470 3918 Προκοπίου,
510 3852 645 3903 υἱῶν
678 3851 772 3904 τοῦ
812 3853 1231 3922 βασιλεύσαντος
1274 3858 1492 3931 Ῥώμης
1531 3863 1715 3916 Ἀνοε-

129 3942 255 4007 μίσυ
275 3958 291 3973 ο
324 3942 422 3994 καὶ
468 3944 841 4012 κρατήσαντος
874 3947 1121 4015 Ζήνωνος
1165 3947 1231 4000 δι’
1273 3950 1441 4005 Ἰλλοῦ
1472 3957 1713 4024 πρεσϐύα

127 4048 285 4099 τερος
316 4032 422 4100 μὲν
452 4033 766 4102 Μαρκιανὸς
808 4036 1211 4109 ἐχειροτονήθη,
1255 4044 1282 4094 ό
1311 4040 1366 4094 δὲ
1411 4044 1715 4114 Προκόπιος

124 4124 266 4192 πρὸς
296 4122 635 4193 Θεοδώριχον
656 4127 747 4177 τὸν
768 4128 826 4179 ὲν
840 4126 1024 4197 Θρᾴκῃ
1042 4130 1288 4200 διέφυγε.
1308 4135 1418 4187 Καὶ
1444 4134 1518 4199 ώς
1544 4138 1716 4209 ὑπερ-

121 4217 372 4284 ορισθεὶς
415 4217 735 4287 Μαρκιανὸς
779 4220 837 4270 ιν
882 4221 1247 4293 Καππαδοκία
1295 4228 1390 4278 καὶ
1436 4228 1715 4298 διαφυγὼν

126 4306 367 4375 ἐτάραξε
400 4306 501 4377 τήν
548 4311 668 4361 κατ’
706 4309 991 4377 Ἄγκυραν
1028 4313 1314 4379 Γαλατίαν,
1358 4313 1477 4371 εἶτα
1514 4322 1713 4392 συλλη-

124 4398 285 4465 φθεὶς
322 4400 406 4460 είς
436 4399 708 4469 Ἰσαυρίαν
732 4401 1011 4473 διῳκίσθη.
1042 4405 1149 4457 Καὶ
1172 4406 1248 4467 ώς
1280 4409 1469 4477 ήπρὸς
1513 4412 1713 4467 Ἰλλοῦν

1820 3299 1962 3353 Hillo
1996 3298 2271 3367 Epinicius
2308 3307 2413 3360 est,
2455 3295 2547 3363 qui
2586 3297 2709 3347 data
2747 3293 2849 3346 llde
2896 3301 2949 3345 et
2985 3289 3298 3349 oblivionis,
3332 3294 3388 3339 et

1820 3392 2185 3462 praemiorum,
2223 3390 2412 3443 ordine
2447 3397 2641 3441 cuncta
2682 3384 2981 3444 enarravit,
3024 3396 3141 3449 quae
3191 3381 3243 3433 in
3272 3376 3386 3430 Hil-

1818 3487 1926 3540 lutn
1964 3483 2156 3536 Verius
2206 3482 2506 3535 moliretur.
2559 3477 2735 3544 Quare
2768 3474 2913 3530 Zeno
2948 3473 3201 3527 Veriuam
3245 3470 3386 3524 Hillo

1818 3577 2059 3639 tradidit,
2107 3575 2196 3645 qui
2228 3589 2346 3627 eam
2401 3574 2452 3627 in
2507 3571 2709 3627 Ciliciae
2760 3569 3042 3623 castellum
3094 3565 3383 3634 ablegavit,

1817 3682 1978 3739 atque
2026 3668 2099 3722 ita
2151 3678 2322 3720 tutmn
2354 3680 2475 3719 sese
2521 3664 2773 3718 reddidit.
2831 3659 3005 3714 Hillus
3038 3658 3384 3725 Pampt'epio,

1818 3762 2023 3820 homini
2061 3762 2249 3831 impio,
2273 3758 2435 3812 Marsi
2474 3772 2661 3827 opera,
2687 3756 2863 3810 factus
2901 3768 3085 3815 carus,
3124 3752 3383 3820 paulatim

1817 3855 2000 3913 omnia
2057 3854 2227 3925 ipsius
2272 3851 2487 3921 negotia
2552 3849 2910 3919 perturbavit.
2965 3844 3137 3901 Civile
3180 3841 3385 3897 Zenoni

1816 3949 2013 4005 bellum
2057 3947 2177 4011 fuit,
2228 3955 2390 4013 atque
2434 3943 2749 3995 intestinum
2800 3936 3202 4008 insurgentibus
3249 3935 3388 3987 Mar—

1817 4043 1980 4098 ciano
2026 4051 2080 4094 et
2113 4038 2397 4107 ProcOpio,
2438 4035 2563 4089 [iliis
2593 4033 2710 4102 t-jus
2737 4033 2826 4102 qui
2872 4030 3055 4085 Roma-
3084 4032 3387 4097 imperave-

1817 4144 1900 4188 rat
1951 4130 2226 4186 Anthemii
2284 4144 2422 4197 quos
2454 4142 2576 4182 cum
2628 4124 2799 4180 Hillus
2841 4122 3076 4178 Zenonis
3125 4120 3385 4185 auspiciis

1815 4224 2123 4286 devicisset,
2158 4219 2465 4275 Marcianus
2498 4219 2715 4287 quidem
2754 4226 2878 4269 natu
2928 4213 3189 4281 grandior
3234 4213 3379 4264 ordi-

1817 4324 1976 4367 natus
2007 4320 2094 4365 est
2120 4312 2402 4380 presbyter
2440 4326 2453 4361 :
2494 4306 2790 4375 ProcOpius
2828 4319 2957 4358 vero
2988 4306 3054 4357 ad
3082 4301 3384 4356 Theuderi-

1814 4408 1975 4460 chum
2034 4405 2086 4458 in
2136 4402 2425 4457 Thraciam
2470 4398 2733 4468 confugit.
2784 4398 2921 4463 Quin
2965 4406 3017 4448 et
3042 4396 3276 4449 extorris
3331 4398 3384 4447 in

123 4490 302 4590 εἷθρῖ
352 4488 437 4590 τῶ
468 4490 678 4590 βασι-λετ
718 4492 945 4564 συνέστη
997 4496 1090 4547 καὶ
1140 4495 1372 4568 ηὐξήθη.
1406 4501 1565 4556 Οὕτω
1612 4505 1712 4575 μὲν
1746 4534 1789 4590 D

1746 4534 1789 4590 υ
1818 4496 2157 4567 Cappadocia
2203 4492 2532 4554 Marcianus,
2569 4488 2693 4559 fuga
2746 4488 2977 4556 elapsus.
3012 4501 3132 4556 qua
3163 4486 3231 4540 ad
3274 4486 3385 4540 An-

123 4582 218 4635 οὗν
258 4582 304 4613 ⁸⁸
332 4582 429 4633 καὶ
461 4584 489 4634 ὀ
516 4583 789 4651 δεύτερος.

1825 4608 2006 4664 cyram
2033 4590 2270 4659 pertinet
2295 4582 2585 4647 Galatiam,
2612 4581 2869 4643 turbavit,
2911 4580 3080 4633 donec
3109 4588 3300 4645 captus
3334 4577 3388 4629 in

126 4673 397 4765 Isauriam
427 4684 513 4726 est
550 4673 834 4765 relegatus.
866 4676 923 4728 in
952 4676 1149 4733 Hillum
1181 4695 1396 4751 quoque
1470 4688 1537 4743 ab
1605 4692 1935 4765 imperatore
1994 4687 2176 4743 odium
2230 4684 2548 4745 conceptum
2625 4680 2732 4735 est,
2809 4677 3153 4739 auctumque.
3208 4674 3383 4742 Atque

130 4765 245 4817 hac
277 4762 423 4814 libro
449 4764 688 4816 secundo
714 4766 946 4831 prodita.

206 4853 269 4906 '0
302 4853 362 4905 δὲ
381 4853 568 4943 τρίτος
597 4854 733 4908 ἄλλα
754 4873 811 4908 τε
838 4858 1099 4928 περιέχει,
1128 4862 1222 4915 καὶ
1244 4864 1319 4927 ώς
1343 4867 1421 4931 είς
1449 4870 1510 4922 τὸ
1532 4872 1710 4943 ἐμφα-

129 4944 218 5006 νὲς
261 4942 471 5004 Ἰλλοῦς
502 4943 814 5008 ἐπαναστὰς
844 4948 1051 5017 Ζήνωνι
1086 4950 1309 5019 βασιλέα
1330 4957 1583 5013 Λεόντιον
1612 4966 1709 5017 σὺν

129 5036 341 5107 Βηρίνῃ
367 5037 607 5101 ἀνεῖπεν,
630 5038 778 5099 ὅπως
801 5055 857 5090 τε
885 5039 1366 5113 δυσπραγήσαντες
1393 5050 1713 5124 ἐπολιορκή-

130 5126 307 5197 θησαν
338 5127 434 5180 καὶ
491 5129 707 5190 ἁλόντες
759 5131 1179 5204 ἀπετμήθησαν,
1237 5139 1331 5190 καὶ
1385 5139 1555 5195 τᾶλλα
1606 5143 1712 5207 ἕως

130 5220 228 5284 τῆς
255 5220 509 5289 Ζήνωνος
531 5220 807 5290 τελευτῆς.

1891 4870 2027 4941 56b
2087 4862 2306 4919 Tertius
2351 4858 2544 4913 deinde
2593 4857 2731 4911 liber
2779 4870 2901 4910 cum
2955 4855 3059 4908 alia
3117 4856 3381 4919 continet,

1818 4973 1931 5014 tum
1971 4954 2242 5025 quomodo
2269 4949 2447 5019 palam
2494 4950 2543 5001 in
2571 4946 2842 5001 Zenonem
2873 4944 3047 4999 Hillus
3072 4946 3386 5000 insurrexe-

1819 5051 1910 5112 rit,
1967 5043 2360 5110 Leontiumque
2407 5042 2782 5107 imperatorem
2816 5035 3006 5090 Verius
3038 5037 3383 5091 renuntiave-

1820 5141 1912 5203 rit,
1945 5147 2110 5206 utque
2168 5149 2226 5189 re
2281 5131 2571 5185 infeliciter
2629 5140 2805 5200 gesta,
2864 5130 3071 5183 obsessi
3127 5129 3383 5197 captique

1814 5228 1992 5296 capite
2036 5225 2270 5279 truncati
2320 5224 2453 5287 sint,
2503 5220 2719 5292 aliaque
2753 5220 2819 5274 ad
2860 5218 2937 5291 (ε)
2970 5222 3173 5275 exitum
3214 5234 3383 5289 usque

1815 5317 2069 5374 Zenonis.

1373 5411 1609 5469 VARIE
1637 5412 1927 5470 LECTiON
1936 5412 2039 5467 ES.

201 5498 224 5527 ’
249 5497 315 5548 bc
335 5495 535 5550 τοῦΔε
565 5498 674 5551 ἀπὸ
698 5516 758 5563 ς.
873 5500 916 5532 ’⁸
946 5498 1096 5554 εἶπεν
1134 5502 1202 5558 Α.

201 5502 224 5527 ’
249 5502 315 5548 ὲκ
335 5502 535 5550 τοῦΔε
565 5502 674 5551 ἀπὸ
698 5516 758 5563 ς.
873 5502 916 5532 ²⁹
946 5502 1096 5554 εἷπεν
1134 5502 1202 5558 Α.
1300 5502 1341 5535 ¹¹
1374 5509 1622 5579 παγγινῆ
1648 5506 1713 5561 Δ.

134 5565 345 5636 Ζήνωνι
378 5585 442 5633 ς.
510 5568 554 5602 ⁸³
586 5570 685 5639 μὲν
702 5568 798 5623 οὖν
862 5586 969 5625 om.
994 5573 1059 5628 Α.

1799 5505 1842 5535 ’⁸
1875 5505 2191 5561 ἀπέσταλκε
2228 5524 2289 5574 ς.

2377 5506 2422 5539 ⁸³
2449 5506 2782 5579 ἀμνηστείας
2803 5522 2863 5571 ς.
2966 5505 3013 5536 ¹⁵
3036 5502 3267 5577 Ζήνωνι]
3302 5502 3382 5576 τῷ

1652 5640 1881 5701 NOTAE.

350 5706 584 5786 lenonis
635 5709 778 5763 hunc
826 5708 1245 5786 Magutnmfuisse
1286 5717 1504 5786 scripsit
1548 5719 1702 5773 Suid.

231 5776 323 5847 νυ)
398 5776 641 5831 Malcltus
709 5793 810 5849 sup
899 5776 967 5834 ab
1041 5783 1290 5853 Ounlpho
1362 5776 1703 5845 interfectum

140 5855 211 5899 Ill

1883 5711 1961 5836 ti)
2010 5713 2328 5779 Haereticus,
2369 5731 2516 5784 supr.
2589 5718 3018 5786 cognominatur,
3071 5717 3197 5774 cod.
3242 5717 3375 5785 61;.

1872 5790 1881 5836 i
1928 5801 1939 5835 ι
1973 5780 2149 5836 Fullo.
2186 5787 2532 5836 Antiochense
2555 5790 2699 5836 sedis
2728 5799 2925 5836 rantor.

1815 5780 1949 5841 alibi
1973 5780 2149 5852 Rullo,
2186 5780 2532 5840 Antiochense
2555 5780 2699 5841 sedis
2728 5799 2925 5852 raptor.

1884 5852 1967 5927 (2)
1990 5850 2158 5919 Quem
2191 5856 2305 5925 lcge
2334 5859 2473 5925 apud
2502 5856 2655 5912 Suid.
2688 5859 2739 5912 in
2776 5850 3014 5915 Ζττιιοιιε.
