4224 6442
123 433 232 496 251

1191 422 1716 486 BIBLIOTHECA.
1744 444 1812 455 τ-
1849 421 2011 482 COD.
2052 422 2280 482 LXXX.

3281 428 3387 490 258

126 549 215 606 λος
242 540 314 612 ἦν
342 542 515 611 δνομα
558 537 734 609 αῶτῳ)
786 538 884 608 τὴν
914 535 1261 605 ἐπαρχότητα
1305 534 1427 587 τότε
1464 535 1715 586 διέποντα
1746 539 1788 592 Α

1746 539 1788 592 Α
1820 545 2035 595 nomen,
2083 546 2350 585 summam
2388 530 2767 602 praefecturam
2816 541 3116 604 gerenl‘Em,
3158 537 3386 609 impera-

126 641 205 699 εἰς
238 635 471 705 βασιλέα
507 633 897 701 ἀνηγόρευσεν.
946 627 1225 698 Ἑπράχθη
1257 627 1313 678 δὲ
1352 627 1500 695 αὐτῷ
1542 624 1713 678 ταῦτα

126 727 215 776 διὰ
242 740 304 776 τε
337 726 437 785 τὰς
472 719 873 792 προειρημένας
911 718 1111 779 αἰτίας,
1146 719 1238 768 καὶ
1263 717 1343 767 ὅτι
1394 716 1585 784 Σαρον,
1620 716 1715 766 καὶ

124 817 290 868 αὑτὸν
329 813 531 865 Γὸτθον
557 812 709 875 ὄντα,
769 810 861 863 καὶ
904 802 1144 876 πλήθους
1189 807 1287 875 μὲν
1316 808 1498 873 ὀλίγου
1548 807 1715 874 ἐπάρ-

125 925 289 977 χοντα
322 907 477 974 (ἄχρι
509 905 617 973 γὰρ
648 910 692 955 a’
723 904 755 973 ἢ
790 902 884 954 καὶ
910 908 952 953 τ’
988 901 1135 968 αὑτῷ
1164 904 1190 953 ὀ
1217 900 1343 963 λαὸς
1373 899 1711 965 ἐξετεὶνετο),

126 1002 304 1062 ἄλλως
332 1001 394 1052 δὲ
441 1000 683 1068 ἡρωϊκόν
714 1014 835 1049 τινα
875 997 968 1048 καὶ
1017 998 1073 1046 ἐν
1120 996 1319 1064 μάχαις
1374 995 1716 1061 ἀκαταγώνι-

129 1111 278 1156 στον,
337 1091 532 1143 τοῦτον
568 1091 649 1141 ὅτι
696 1090 953 1156 Ῥωμαῖοι
1003 1088 1353 1157 ᾑταιρίσαντο
1400 1086 1466 1139 δι’
1516 1087 1715 1155 ἔχθρας

140 1186 423 1253 Ἀλαρίχῳ
451 1183 601 1244 ὄντα,
634 1182 898 1233 ἄσπονδον
918 1180 1110 1249 ἐχθρὸν
1146 1180 1427 1248 Ἀλάριχον
1457 1180 1501 1209 ’⁸
1526 1179 1713 1246 ἐποιή-

131 1292 320 1328 σαντο.
366 1275 493 1326 Ὀτι
534 1274 593 1324 ἐν
635 1275 700 1341 τῇ
746 1271 1035 1341 πολιορκίᾳ
1068 1271 1165 1338 τῆς
1206 1269 1426 1336 Ῥώμης
1488 1270 1717 1338 ἀλληλο-

133 1369 309 1432 φαγξα
338 1365 453 1416 τῶν
483 1364 837 1429 ἐνοικούντων
883 1363 1109 1429 ἐγίνετο.
1143 1362 1268 1413 "Ott
1307 1362 1592 1431 Ἀλάριχος
1639 1363 1717 1414 ἔτι

132 1460 339 1521 ζῶντος
371 1457 699 1525 Στελίχωνος
744 1463 793 1524 μ’
831 1456 1158 1523 κεντηνάρια
1204 1454 1393 1522 μισθὸν
1438 1454 1597 1506 ἔλαϐε
1621 1456 1718 1521 τῆς

132 1547 521 1615 ἐκστρατείας.
556 1547 677 1597 Ὀτι
707 1545 847 1613 μετὰ
866 1544 1091 1597 θάνατον
1127 1544 1451 1613 Στε).ἱχωνος
1482 1545 1721 1613 ἀναιρεῖ-

132 1651 221 1685 ται
272 1635 712 1699 ἐειαποπνιγείσα
754 1633 851 1683 καὶ⁵
899 1633 1108 1702 Σερῆνα
1142 1633 1188 1663 ⁸⁸
1234 1634 1266 1699 ἠ
1321 1632 1511 1685 τούτου
1558 1632 1715 1702 γυνὴ,

134 1726 281 1778 αἰτία
308 1724 636 1794 νομισθεῐσα
660 1724 760 1791 τῆς
794 1725 887 1775 ἐπὶ
924 1723 1142 1791 Ῥώμην
1174 1724 1363 1789 ἐφόδου
1408 1726 1716 1794 Ἀλαρέχουο

132 1820 452 1888 ἀναιρεῖται
488 1816 547 1867 δὲ
586 1815 858 1884 πρότερον
904 1816 1040 1884 μετά
1077 1815 1174 1884 τὴν
1210 1814 1336 1886 [105
1377 1815 1467 1885 Η.]
1498 1818 1718 1885 ἀναιρε-

1819 633 1990 675 torem
2028 624 2398 677 renuntiasse.
2442 626 2685 691 Actaque
2714 640 2830 680 esse
2867 627 2980 681 haec
3013 629 3082 681 ob
3111 644 3227 696 eas,
3254 647 3392 699 quas

1815 714 2054 767 diximus
2090 728 2305 778 causas,
2353 725 2406 768 et
2448 716 2518 768 ob
2573 714 2765 769 Sarum
2807 718 2906 787 (7),
2944 718 3201 773 Gottlmm
3262 723 3390 775 item

1816 819 2035 875 genere,
2092 807 2187 860 sed
2237 819 2528 874 paucorum
2582 806 2857 860 hominum
2908 809 3223 877 prasrectuiu
3276 813 3391 880 (vix

1816 900 1959 950 enim
1988 899 2267 963 ducentos,
2307 908 2403 952 aut
2451 914 2743 963 summum,
2784 911 3052 957 treCentos
3092 906 3391 973 ductabat),

1818 1001 2013 1043 caetera
2091 1006 2412 1058 generosum
2485 993 2688 1055 virum,
2760 996 3034 1061 armisque
3113 995 3391 1061 invictum,

1817 1096 1976 1149 quem
2010 1083 2153 1149 quod
2192 1084 2393 1135 socium
2427 1083 2527 1135 sibi
2562 1083 2787 1135 Romani
2834 1085 3232 1153 adjunxissenl,
3264 1086 3393 1139 Ala-

1821 1174 1956 1225 riehi
1989 1173 2246 1226 infestum
2280 1175 2511 1238 hostem,
2548 1175 2598 1227 in
2651 1186 2963 1242 perpetuum
3010 1177 3213 1231 idcirco
3256 1180 3397 1230 Imm:

1820 1267 2161 1320 renuntiasse
2196 1266 2314 1319 Sari
2350 1266 2618 1319 amicitiae.
2664 1265 2720 1318 In
2774 1268 2872 1319 bac.
2922 1268 3071 1321 urbis
3118 1268 3398 1321 obsidione

1823 1368 2004 1411 mutua
2051 1373 2216 1412 carne
2264 1367 2449 1425 pastos
2494 1359 2769 1411 obsessos.
2803 1357 3133 1421 Alariebum,
3184 1361 3397 1411 vivente

1820 1451 2117 1503 etiamnum
2161 1450 2491 1513 Stclicbone,
2528 1450 2731 1503 militia:
2782 1453 3082 1503 mercedem
3140 1463 3398 1504 centena-

1822 1543 1931 1593 rios
1976 1542 2330 1609 quadraginta
2404 1540 2699 1609 accepisse.
2766 1539 2888 1593 Post
2940 1539 3273 1595 Stelii-Iionis
3319 1543 3398 1593 in-

1822 1633 2062 1696 teritum,
2105 1632 2418 1687 suﬂ'ocatam
2462 1634 2709 1697 periisse.
2750 1643 2801 1685 et
2852 1632 3110 1686 Serenain
3163 1634 3239 1702 (8)
3284 1635 3400 1700 ejus

1824 1724 2131 1791 coniugem,
2169 1724 2310 1791 quod
2343 1723 2579 1775 Alaricbi
2618 1721 2682 1773 ad
2720 1723 2904 1774 urbem
2940 1725 3204 1776 adventus
3236 1739 3397 1777 causa

1823 1815 2096 1867 exstitisse
2153 1823 2449 1881 putaretur.
2497 1812 2839 1866 lnterfectum
2867 1826 3043 1872 antea.
3071 1813 3400 1882 interempto

138 1877 287 1975 ρεσιν
332 1877 666 1973 summa}
694 1877 792 1957 ’τὸ
830 1877 1028 1969 ταῦτης
1085 1877 1339 1958 κάκείνου
1374 1877 1500 1968 irai;
1555 1877 1719 1975 Εὑχέ-
1750 1877 1791 1931 Β

1768 1878 1929 1973 3jam
1969 1877 2298 1969 Steliclione,
2329 1905 2495 1958 [ilium
2531 1905 2647 1972 ejus
2696 1920 2758 1957 ex
2804 1903 3004 1957 Serena
3050 1877 3396 1960 Eucherium.

139 2016 270 2067 ριος.
300 1999 433 2050 Ὀτι
484 1998 543 2049 τὸ
576 1997 963 2066 Βουκελλάριος
1020 1999 1191 2067 δνομα
1226 1999 1284 2050 ἐν
1319 2003 1441 2061 ταῖς
1489 2002 1723 2070 ἡμέραις

147 2090 414 2159 Ὀνωρίου
448 2090 677 2159 ἐφέρετο
721 2089 862 2141 κατὰ
911 2090 1255 2160 στρατιωτῶν
1287 2092 1349 2143 οὐ
1397 2092 1555 2159 μόνον
1593 2093 1725 2143 Ῥω-

139 2183 318 2248 μαίων
364 2180 509 2232 ἀλλὰ
537 2180 632 2232 καὶ
666 2180 880 2232 Γότθων
918 2181 1077 2233 τινῶν
1097 2198 1111 2210 ·
1142 2182 1218 2244 ὠς
1248 2181 1292 2233 δ’
1320 2182 1500 2244 αῦτως
1540 2183 1637 2234 καὶ
1664 2183 1725 2234 τὸ

137 2270 513 2339 ροιδεράτων
541 2272 686 2323 κατὰ
715 2271 973 2343 διαφόρου
1012 2274 1106 2324 καὶ
1153 2272 1459 2341 συμμιγοῦς
1503 2274 1726 2343 ἐφέρετο

139 2362 403 2431 πλήθους.
442 2362 566 2412 Ὀτι
604 2361 898 2430 Ὀλύμπιος
931 2363 960 2413 ὁ
986 2361 1381 2423 ἐπιϐουλεύσας
1423 2362 1727 2432 Στελίχωνα

141 2456 453 2523 μάγιστρος
486 2454 904 2522 τῶνκόφφικίων
936 2456 1181 2523 γέγονεν,
1229 2451 1346 2508 εἶτα
1378 2455 1598 2519 ἐξέπεσε
1627 2457 1727 2524 τῆς

138 2548 336 2616 ἀρχῆς,
368 2544 496 2598 εἶτα
525 2547 691 2599 πάλιν
737 2547 909 2614 ἐπέϐη
951 2547 1179 2615 ταύτης,
1215 2547 1405 2601 ἔπειτα
1449 2546 1722 2612 ἐξέπεσεν,

140 2632 256 2689 εἶτα
290 2638 555 2687 ἐκπεσὼν
585 2638 841 2705 ῥοπάλοις
868 2636 1091 2707 ὕστερον
1124 2639 1228 2690 ὑπὸ
1253 2640 1633 2691 Κωνσταντιου
1658 2639 1722 2701 ’⁸,

140 2725 194 2787 ὃς
224 2728 481 2793 ἠγάγετο
533 2727 867 2791 Πλακιδίαν,
915 2731 1206 2798 παιόμενος
1252 2732 1578 2800 ἀναιρεῖται,
1630 2734 1727 2795 τὰς

142 2818 312 2879 ἀκοὰς
348 2818 623 2885 πρότερον
651 2820 904 2882 ἐκκοπεὶς
926 2837 939 2850 ·
974 2822 1069 2873 καὶ
1101 2823 1135 2890 ὴ
1163 2822 1285 2891 δίκη
1332 2823 1424 2875 τὸν
1446 2824 1728 2895 ἀνοσιουρο

142 2908 234 2974 γὺν
277 2909 363 2966 εἰς
393 2908 552 2969 τέλος
597 2910 699 2960 οὐκ
732 2910 946 2979 ἀφῆκεν
976 2912 1020 2943 η
1047 2912 1413 2982 ἀτιμώρητον.
1457 2916 1575 2967 Ὀτι
1620 2916 1727 2966 τῶν

146 3002 288 3064 μετὰ
329 3000 677 3067 Ῥοδογάῖσον
702 3002 912 3053 Γὸτθων
940 3003 987 3053 οῑ
1020 3002 1388 3069 κεφαλαιῶται
1419 3004 1463 3034 ³⁸
1490 3004 1726 3072 ότττίμα-

143 3108 223 3143 m
252 3091 578 3155 ἐκαλοῦντο,
604 3095 683 3155 εἰς
712 3092 919 3145 δώδεκα
959 3095 1325 3157 συντείνοντες
1349 3098 1612 3165 χιλιάδας,
1640 3097 1700 3148 οὓ
1716 3116 1727 3156 _:

1826 1997 2143 2052 Buccellarii
2204 1998 2317 2065 (9)
2385 1998 2704 2051 vocabulum
2765 1996 2984 2050 Ilonorii
3055 1997 3400 2067 imperatoris

1828 2091 2162 2158 temporibus
2211 2090 2468 2142 tributum
2530 2088 2811 2152 militibus,
2849 2104 2951 2141 non
3001 2088 3257 2145 Romanis
3308 2107 3398 2145 so-

1826 2182 1956 2244 lum,
1996 2184 2087 2235 sed
2141 2192 2193 2235 et
2247 2180 2459 2235 Gottbis
2511 2180 2851 2247 quibusdam.
2893 2181 3088 2235 Eodem
3142 2184 3299 2235 modo
3346 2194 3399 2236 et

1827 2274 2194 2341 fmdemtorum
2262 2287 2458 2324 nomen
2526 2272 2837 2323 attributum
2908 2274 3212 2336 inconditze,
3265 2283 3317 2327 et
3371 2290 3402 2327 c

1828 2362 2054 2414 diversis
2122 2360 2366 2414 conﬂata:
2436 2359 2787 2414 multitudini.
2852 2359 3158 2430 Olympium
3226 2364 3398 2424 illum,

1826 2456 1914 2522 qui
1969 2453 2263 2507 Stelicboni
2326 2452 2609 2505 insidiatus
2657 2463 2796 2514 erat,
2849 2453 3143 2505 oiliciusum
3200 2456 3399 2523 mugis-

1829 2556 1966 2598 trmn
2014 2545 2234 2607 factum,
2271 2560 2333 2598 ea
2383 2554 2503 2611 post
2554 2544 2813 2610 dignitate
2862 2545 3151 2599 excidisse.
3199 2544 3401 2599 Dt'llilll‘.

1827 2638 2017 2691 iterum
2069 2638 2315 2704 potitum,
2365 2650 2575 2687 rursum
2632 2635 2901 2701 privatum
2972 2650 3138 2689 esse:
3186 2638 3397 2689 tandem

1828 2729 2061 2782 fustibus
2097 2743 2125 2781 a
2159 2729 2502 2783 Constantio.
2538 2728 2625 2795 qui
2658 2726 2943 2780 Placidiam
2973 2744 3194 2781 uxorem
3228 2731 3396 2782 duxe-

1829 2830 1942 2883 rat,
1992 2829 2284 2874 mactatum
2336 2820 2677 2883 occubuisse,
2737 2833 2857 2871 cum
2918 2821 2965 2873 ei
3014 2831 3141 2873 ante
3197 2821 3398 2874 caedem

1828 2911 2083 2965 auricula:
2136 2922 2356 2965 resecta:
2406 2912 2654 2963 fuissent.
2703 2908 2777 2962 Ita
2830 2911 3049 2979 impium
3096 2912 3207 2981 (10)
3254 2914 3399 2964 illum

1828 3016 1933 3054 non
1984 3002 2306 3067 impunitum
2346 3000 2567 3054 obiisse.
2616 3000 2958 3063 Gotthorum,
2988 3002 3077 3065 qui
3130 3017 3249 3055 cum
3292 3001 3371 3055 Ro

1829 3094 2051 3160 dogaiso
2090 3103 2265 3153 erant,
2308 3093 2591 3159 primarius
2632 3093 2794 3154 viros,
2835 3093 3115 3159 Optimalos
3156 3095 3394 3162 appella-

146 3183 615 3251 καταπολεμήσας
665 3183 930 3253 Στελίχων
985 3185 1323 3251 Ῥοδογάῖσον
1372 3189 1712 3258 προσηταιρί-
1754 3210 1796 3265 C

1754 3210 1796 3265 α
1831 3191 1910 3233 tos
1945 3180 2040 3242 ait,
2072 3178 2350 3232 duodecim
2400 3177 2511 3230 fere
2564 3178 2796 3229 millium
2849 3192 3074 3230 numero
3109 3178 3240 3246 (ii),
3274 3179 3398 3244 qui-

147 3274 438 3325 σατο.”οτι
465 3274 747 3344 ’Λλαρίχου
769 3278 907 3343 νόσῳ
924 3276 1348 3344 τελευτήσαντος
1364 3278 1605 3345 διάδοχος
1628 3279 1723 3329 αὑ-

146 3365 237 3417 τοῦ
283 3366 614 3435 Ἀδαοῦλιρος
634 3369 975 3430 καθίσταται,
1004 3371 1033 3421 δ
1053 3370 1154 3437 τῆς
1186 3370 1441 3437 γυναικὸς
1474 3370 1720 3435 ἀδελφός.

155 3460 277 3512 Ὅτι
314 3459 410 3511 τὸν
456 3458 621 3530 ξηρὸν
672 3462 834 3532 ἄρτον
879 3461 1228 3530 βουκελλάτον
1292 3463 1320 3513 ὁ
1376 3464 1726 3531 συγγραφεὺς

148 3551 441 3603 καλεῖσθαί
465 3568 617 3620 φησι,
638 3556 730 3605 καὶ
753 3553 1002 3623 χλευάζει
1023 3554 1120 3623 τὴν
1136 3554 1244 3605 τῶν
1268 3556 1611 3623 στρατιωτῶν
1630 3557 1726 3608 ἐπ-

146 3642 419 3711 ωνυμίαν,
576 3645 639 3694 ἐκ
665 3644 854 3695 τούτου
883 3644 1283 3714 Βουκελλαρίων
1309 3646 1726 3714 ἐπικληθέντων.

216 3801 349 3851 Ὀτι
378 3801 786 3862 Κωνσταντῖνος
811 3801 889 3862 εἰς
908 3802 1198 3871 τυραννίδα
1218 3802 1404 3871 ἀρθεὶς
1428 3802 1724 3871 πρεσϐεύεσ-

148 3912 235 3947 ται
267 3895 410 3964 πρὸς
449 3893 748 3963 Ὀνώριον,
794 3894 943 3948 ἄκων
989 3895 1233 3964 βιασθεὶς
1290 3895 1729 3961 ἀπολογούμενος

150 3987 334 4052 ἄρξαι,
370 3984 710 4053 συγγνώμην
744 3984 801 4035 δὲ
849 3983 1015 4037 αἰτῶν
1053 3985 1146 4036 καὶ
1180 3985 1278 4053 τὴν
1320 3984 1419 4051 τῆς
1452 3983 1728 4051 βασιλείας

149 4080 317 4141 ἀξιῶν
371 4075 681 4127 κοινωνίαν·
721 4076 815 4127 καὶ
860 4074 1113 4143 βασιλεὺς
1157 4074 1246 4127 διὰ
1294 4075 1361 4127 τὰ
1397 4078 1727 4143 ἐνεστηκότα

148 4168 389 4237 δυσχερῆ
422 4167 564 4229 τέως
603 4167 959 4235 καταδέχεται
987 4166 1086 4235 τὴν
1108 4165 1208 4234 τῆς
1238 4165 1509 4235 βασιλείας
1536 4184 1728 4220 κοινω-

148 4259 289 4312 νίαν.
330 4260 495 4311 Κατὰ
516 4258 615 4318 τὰς
633 4258 962 4327 Βρεττανίας
990 4258 1047 4309 δὲ
1077 4260 1105 4311 ὁ
1128 4260 1530 4324 Κωνσταντῖνος
1564 4263 1725 4329 ἐτύγ-

150 4368 311 4419 χανεν
380 4351 866 4418 ἀνηγορευμένος,
922 4352 1110 4402 στάσει
1168 4350 1278 4401 τῶν
1319 4352 1497 4404 ἐκεῖσε
1557 4371 1723 4424 στραν

148 4439 359 4492 τιωτῶν
414 4440 497 4499 εἰς
552 4438 755 4505 ταύτην
806 4440 1109 4507 ἁνηγμὲνος
1184 4438 1279 4508 τὴν
1356 4442 1553 4509 ἀρχήν.
1617 4444 1727 4495 Καὶ

1830 3271 1930 3324 bus
1986 3269 2235 3322 omnibus
2288 3267 2588 3330 debellatis,
2635 3266 2997 3321 Stelichonem
3054 3283 3173 3321 cum
3224 3266 3399 3320 Rodo-

1829 3359 1977 3429 gaiso
2004 3359 2315 3412 societatem
2352 3358 2539 3411 iniisse
2568 3360 2702 3425 (12).
2728 3358 2983 3411 Alaricbo
3010 3360 3180 3413 morbi
3214 3360 3262 3411 vi
3297 3376 3396 3411 ex-

1830 3450 2028 3500 stincto
2070 3462 2437 3501 successorem
2473 3448 2651 3500 datum
2689 3448 3050 3517 Adaulplmm.
3084 3450 3265 3502 uxoris
3291 3452 3392 3500 tra-

1830 3549 1985 3594 trem.
2037 3537 2175 3607 57b
2220 3539 2416 3592 Panem
2470 3541 2667 3593 siccum
2720 3539 2951 3606 scriptor
3008 3540 3093 3593 bic
3132 3539 3401 3593 buccella-

1832 3642 1943 3682 tum
1985 3629 2096 3695 (15)
2142 3630 2318 3681 vorari
2363 3631 2551 3693 tradit,
2598 3630 2895 3697 illuditque'
2923 3629 3154 3681 militum
3199 3644 3400 3700 cogno-

1835 3718 1983 3777 mini.
2017 3725 2073 3771 ut
2103 3720 2191 3787 qui
2226 3719 2348 3771 liinc
2374 3719 2687 3773 Buccellarii
2720 3720 2828 3772 sint
2863 3718 3134 3784 appellati.

1899 3808 2287 3862 Constantinus
2338 3810 2402 3860 ad
2460 3810 2743 3877 imperium
2806 3810 3083 3875 tyrannice
3132 3808 3396 3864 sublatus.

1830 3901 1895 3952 ad
1946 3899 2240 3953 Honorium
2306 3898 2511 3967 legatos
2566 3900 2730 3952 mittit
2779 3905 3123 3961 excusantes,
3170 3899 3394 3952 invitum

1831 3992 2000 4056 illum,
2050 4000 2103 4045 et
2155 4008 2184 4042 a
2241 3990 2504 4044 militibus
2548 4000 2816 4056 coactum,
2870 3990 3153 4057 imperium
3207 4004 3395 4042 ειιεου-

1834 4087 1975 4153 pisse
2024 4098 2041 4148 ;
2098 4084 2308 4135 veniam
2378 4082 2537 4150 igitur
2597 4082 2902 4148 postulare,
2970 4081 3394 4145 societatemque

1834 4172 2067 4240 imperii.
2114 4171 2409 4239 Imperator
2447 4181 2667 4238 propter
2707 4171 3077 4239 impendentes
3125 4171 3399 4224 molestias

1834 4262 2095 4329 tantisper
2125 4263 2364 4328 suscepit
2399 4262 2448 4314 in
2515 4260 2853 4313 societatem.
2893 4259 3274 4313 Constantinus
3312 4261 3396 4311 lIII‘.

1835 4356 1886 4405 in
1928 4350 2201 4403 Britannia
2259 4352 2598 4403 renuntiatus
2650 4350 2844 4411 fuerat,
2900 4349 3119 4401 militari
3167 4350 3396 4401 tumultu

1835 4445 1899 4494 ad
1934 4444 2218 4508 imperium
2255 4444 2497 4496 adactus.
2538 4442 2746 4495 Etenim
2791 4451 2911 4494 ante
2950 4441 3167 4495 Ilouorii
3201 4456 3396 4495 consu-

149 4533 254 4601 γὰρ
289 4534 352 4583 ἐν
395 4531 623 4592 ταύταις
683 4503 799 4591 ταῖς
854 4503 1248 4597 Βρεττανίαις,
1290 4503 1497 4600 πρὶν-ἧ
1558 4533 1723 4585 Ὀνὼ-
1760 4503 1805 4560 D

1760 4503 1805 4560 ί)
1833 4535 1998 4587 latum
2033 4535 2341 4602 septimum,
2377 4537 2429 4587 in
2484 4536 2803 4588 seditionem
2859 4533 2967 4587 illic
3008 4547 3193 4587 versus
3236 4548 3391 4587 exer-

152 4639 263 4691 ριον
292 4622 357 4675 τὸ
402 4622 635 4691 ἕϐδομον
677 4620 998 4683 ὑπατεῦσαι,
1048 4622 1129 4681 εἰς
1166 4622 1355 4673 στάσιν
1385 4624 1635 4691 ὁρμῆσαν
1666 4628 1724 4677 τὸ

151 4716 208 4764 ἐν
240 4714 441 4775 αὑταῖς
487 4713 879 4781 στρατιωτικὸν
905 4713 1127 4779 Μάρκον
1158 4713 1277 4765 τινα
1318 4712 1538 4766 ἀνεῖπον
1566 4717 1724 4767 αὺτο-

1831 4627 1999 4691 eitus,
2054 4625 2291 4679 Marcum
2347 4628 2633 4693 quemdam
2694 4627 3071 4694 imperatorem
3131 4636 3390 4678 crearat:

1829 4732 1934 4787 quo
1975 4720 2041 4769 ab
2080 4718 2212 4787 ipsis
2248 4716 2479 4779 sublato,
2531 4715 2821 4770 Gratianus
2863 4716 3118 4771 suﬂectus
3150 4726 3255 4770 est.
3299 4714 3397 4769 llic

1445 4852 1581 4905 VAH
1594 4855 1677 4908 ΙᾹΞ
1720 4856 2117 4911 LECTIONES.

225 4969 271 4997 ’⁸
310 4965 605 5033 Ἀλάριχος
640 4964 931 5033 ἐποιήσατο
957 4979 1015 5024 ς.

152 5041 197 5070 ’⁸
236 5032 465 5103 tarpeist
494 5052 550 5095 ς’.
620 5035 663 5063 ³⁸
692 5032 1021 5097 κεφαλιῶται
1058 5049 1119 5094 ς.

1119 4962 1165 4991 ³⁸
1192 4962 1283 5013 καὶ
1306 4961 1516 5031 Σερῆνα
1546 4966 1587 5017 Α
1687 4969 1980 5037 καισαρινα
2021 4985 2082 5031 ς.

2206 4969 2251 4999 ”
2274 4970 2399 5031 παῖς
2427 4987 2455 5019 ο
2482 4967 2611 5037 Εὑχ.
2638 4984 2697 5032 ς.
2814 4966 2861 4998 ⁸⁸
2891 4967 3301 5019 Κωινσταντίνου
3331 4984 3390 5031 ς.

1662 5168 1891 5222 NOTAE.

226 5315 300 5384 (7)
325 5313 469 5363 Idem
508 5310 643 5363 alias
669 5310 871 5361 Asarus
902 5307 1219 5375 appellatur,
1259 5314 1319 5357 ut
1353 5307 1492 5374 apud
1523 5304 1722 5359 Zosiin.

151 5386 253 5441 inf.
287 5385 409 5436 cod.
450 5384 539 5435 98.

227 5456 302 5533 (ἓ)
335 5449 776 5533 ἕρηνέινλεῖεοτ

226 5515 300 5593 (9)
335 5515 648 5575 Buccellarii
677 5515 855 5574 Suidzs
882 5515 1277 5593 Gallo-Graecia
1312 5515 1533 5570 milites.
1572 5516 1728 5593 Plura

156 5587 393 5649 Turneb.
429 5594 521 5645 lib.
560 5607 717 5653 xxnv.
754 5606 873 5656 cap.
916 5590 1016 5648 t6,
1066 5599 1119 5641 et
1156 5587 1249 5643 lib.
1280 5602 1446 5651 τινι,
1480 5601 1599 5656 cap.
1642 5587 1726 5638 15.

155 5665 291 5716 Vide
323 5668 486 5716 etiam
516 5655 1357 5726 Constant.’Porpltyrogenttette
1382 5656 1474 5709 lib.
1504 5655 1577 5707 De
1603 5656 1727 5707 Tlte-

154 5738 373 5792 ruuttb.,
393 5734 481 5783 ubi
510 5743 730 5791 (sextum
771 5725 1027 5781 describit
1051 5725 1507 5779 Biiccellariorttm
1536 5726 1723 5787 fuisse,

159 5815 211 5859 α
236 5821 345 5873 pra.-
378 5804 591 5855 ueteris
623 5798 801 5853 Nicol.
843 5797 1059 5866 Rigaltii
1095 5794 1333 5850 Glossar.
1364 5796 1641 5848 τακτικὸν.

1906 5304 2018 5373 (10)
2051 5305 2159 5368 Sic,
2194 5308 2352 5360 homo
2392 5306 2582 5374 impie,
2622 5306 2983 5360 Christianum
3026 5318 3078 5361 et
3118 5308 3394 5363 laudatum

1833 5373 2008 5426 virum
2043 5376 2310 5443 appellare
2336 5373 2539 5431 audes?

1934 5444 2018 5513 Η)
2066 5446 2212 5499 Unde
2261 5446 2457 5499 Zosimi
2504 5446 2829 5501 calculusde
2874 5447 3389 5515 quadringentorum

1837 5514 2060 5585 millium
2093 5518 2330 5569 exercitu
2366 5518 2522 5569 Iidem
2560 5531 2666 5569 non
2697 5517 2852 5585 plane
2881 5518 3141 5570 excedere
3160 5519 3391 5572 vidi-tur.

1907 5584 2019 5653 (I2)
2058 5586 2219 5649 Atqui
2257 5602 2284 5637 a
2333 5584 2640 5640 Steliebone
2684 5597 2892 5652 captum
2940 5598 3099 5654 atque
3145 5602 3392 5641 necatum

1834 5655 2095 5719 referunt,
2132 5656 2358 5721 Prosper
2379 5694 2393 5717 ,
2424 5656 2795 5716 Cassiodorus,
2826 5655 3066 5717 Orosius,
3105 5667 3161 5711 et
3201 5659 3255 5711 S.
3283 5661 3391 5710 Au-

1835 5723 2082 5790 gustinus
2114 5725 2204 5777 Iib.
2244 5741 2270 5775 ν
2302 5728 2366 5777 de
2396 5726 2616 5777 civitate
2649 5725 2765 5789 Dei,
2798 5742 2915 5789 cap.
2948 5726 3037 5776 ‘29.

1897 5792 2007 5861 (Ιὸ)
2040 5791 2171 5847 Vide
2201 5810 2352 5863 supr.
2388 5796 2545 5863 paqu
2575 5794 2907 5857 Buccellarii,
2942 5811 3003 5849 es
3031 5793 3301 5849 Tuniebo.
