4224 6442
153 394 243 458 251
1214 382 1734 446 BlBLIOTlIECA.
1766 407 1834 423 -
1870 381 2033 445 COD.
2072 382 2299 445 LXXX.

3290 378 3401 445 262

155 507 373 559 θάνατον
404 496 618 569 μαθὼν,
670 496 1025 564 ἐπειγόμενος
1071 493 1209 565 πρὸς
1245 492 1543 546 Ῥάϐενναν
1583 491 1725 545 ὥστε
1754 495 1799 550 Α

1754 495 1799 550 Α
1832 486 2105 542 Raveuam
2136 490 2417 554 accedens,
2444 499 2635 546 utcum
2658 489 2895 546 Honorio
2909 487 3086 547 fades
3107 490 3397 568 inlret(22)

157 591 478 649 σπείσασθαι
514 588 779 658 ὀνωρίῳ,
809 584 1067 656 φοϐηθεὶς
1105 583 1457 653 ὑποστρέφει.

216 686 334 738 Ὀτι
360 684 430 736 τὸ
471 682 690 750 Ῥήγιον
722 676 1055 748 μητρόπολίς
1086 676 1204 728 ἐστι
1230 675 1328 743 τῆς
1360 672 1624 742 Βρεττίας
1653 670 1724 735 ⁸⁸,

156 776 209 839 ἐξ
236 770 295 829 οὗ
321 790 499 845 φησιν
525 773 555 825 δ
590 770 861 841 ἰστορικδς
901 770 1184 837 Ἀλάριχον
1214 766 1307 819 ἐπὶ
1336 765 1585 819 Σικελίαν
1607 765 1727 835 βου-

154 868 365 934 λόμενον
381 865 761 935 περαιωθῆναι
776 862 1154 929 ἐπισχεθῆναι·
1180 860 1402 928 ἄγαλμα
1420 860 1551 929 γὰρ,
1570 860 1724 929 φησι,

153 958 537 1026 τετελεσμένον
578 956 868 1025 ἱστάμενον
906 951 1151 1005 ἐκώλυσε
1179 952 1226 984 ⁸⁸
1249 952 1349 1022 τὴν
1401 952 1724 1021 περαίωσιν.

154 1049 448 1102 τετέλεστο
472 1048 551 1109 δέ,
580 1048 655 1111 ὡς
680 1046 987 1116 μυθολογεῐ.
1018 1044 1170 1113 παρὰ
1188 1042 1300 1096 τῶν
1321 1044 1564 1114 ἀρχαίων
1590 1044 1729 1097 ἀπο-

152 1141 403 1208 τρόπαιόν
455 1157 516 1191 τε
545 1139 638 1193 τοῦ
683 1138 793 1193 ἀπὸ
831 1139 929 1205 τῆς
970 1137 1170 1207 Αἴτνης
1226 1136 1397 1205 πυρὸς
1448 1136 1543 1189 καὶ
1592 1136 1728 1205 πρὸς

154 1234 383 1286 κώλυσιν
431 1235 672 1303 παρόδου
716 1230 807 1285 διά
848 1230 1127 1297 θαλάσσης
1159 1228 1475 1299 βαρϐάρων·
1524 1229 1583 1281 ἐν
1618 1229 1728 1299 γάρ

153 1324 224 1392 τῷ
252 1328 335 1378 ἐνὶ
387 1326 513 1377 ποδι
552 1326 665 1393 πῦρ
720 1322 1021 1392 ἀκοίμητον
1071 1322 1362 1390 ἐτύγχαν’·
1398 1321 1494 1374 καὶ
1542 1322 1602 1372 ίν
1653 1318 1732 1388 τῷ

155 1418 322 1486 ἐτέρῳ
356 1416 504 1487 ὔδωρ
549 1414 901 1485 ἀδιάφθορον.
953 1408 1028 1467 Οὗ
1054 1413 1452 1475 καταλυθέντος
1502 1411 1731 1481 ὕστερον

155 1510 210 1563 ἐκ
231 1526 288 1562 τε
316 1509 417 1562 τοῦ
450 1508 705 1561 Αἰτναίου
737 1506 909 1576 πυρὸς
942 1507 1038 1559 καὶ
1060 1507 1125 1558 ἐκ
1146 1505 1256 1559 τῶν
1279 1504 1571 1576 βαρϐάρων
1606 1504 1734 1573 βλά-

154 1602 246 1664 ϐας
272 1604 305 1671 ἡ
357 1600 585 1653 Σικελία
628 1600 868 1664 ἐδέξατο.
911 1598 1263 1669 Κατέστρεψε
1310 1597 1367 1650 δέ
1406 1597 1467 1649 τὺ
1508 1596 1733 1664 άγαλμα

164 1694 489 1764 Ἀσκληπιὸς
505 1694 533 1745 δ
555 1693 663 1746 τῶν
692 1694 751 1744 ἐν
778 1690 1000 1762 Σικελία
1026 1691 1320 1761 κτημάτων
1346 1689 1731 1743 Κωνσταντίου

153 1786 237 1837 καὶ
263 1786 567 1846 Πλακιδίας
596 1785 873 1856 διοικητὴς
902 1784 1199 1847 καταστάς.

1829 587 1972 629 metu
1999 578 2281 646 perculsus
2313 583 2556 634 revertit.

1901 669 2163 739 Rhegium
2198 674 2533 741 metropolim
2559 689 2679 729 esse
2702 674 2815 744 (23)
2842 673 3195 731 Bruttiorum.
3240 689 3400 746 equa

1831 763 1994 817 ποῖοι-ι
2018 763 2309 818 historicus
2336 766 2668 833 Alarichum,
2700 769 2824 821 dum
2876 769 2928 822 in
2963 767 3208 825 Siciliam
3244 769 3403 838 traji-

1828 868 1950 909 cere
1975 864 2432 923 parat,retentum
2459 859 2644 913 fuisse.
2671 860 2857 913 Statua
2881 862 3047 925 ettitn,
3080 862 3275 930 inquit,
3313 860 3402 914 ln-

1829 950 2117 1009 augurata,
2150 943 2222 995 ibi
2269 952 2419 997 stans
2457 946 2738 1013 trajectum
2772 953 3007 1007 vetabat.
3039 949 3239 1006 Fuerat
3270 964 3402 1005 vero

1831 1030 1967 1092 hac,
2006 1039 2064 1083 ut
2098 1030 2388 1096 fabulatur,
2432 1034 2501 1087 ab
2535 1036 2772 1104 antiquis
2802 1036 3142 1106 inaugurata,
3180 1052 3301 1091 cum
3338 1044 3402 1091 ut

1829 1121 2007 1177 Eme
2040 1123 2237 1178 montis
2286 1126 2434 1191 ignes
2489 1136 2777 1190 averteret,
2817 1140 2924 1181 tum
2968 1138 3025 1182 ut
3056 1131 3221 1184 tnaris
3245 1139 3401 1183 tran-

1830 1216 1934 1271 situ
1976 1216 2241 1272 Barbaros
2284 1219 2612 1286 prohiberet.
2642 1219 2826 1275 Altero
2858 1221 3003 1275 enim
3046 1223 3189 1291 pede
3210 1238 3405 1292 perpe-

1832 1316 1981 1362 tuunt
2028 1308 2231 1378 ignem,
2278 1310 2449 1365 altero
2483 1326 2612 1365 vero
2658 1327 2945 1382 perennem
2986 1331 3179 1384 aquam
3222 1325 3406 1385 gesta-

1833 1398 1943 1454 bat.
1975 1399 2050 1454 Ea
2085 1400 2247 1470 igitur
2284 1412 2460 1456 statua
2485 1402 2789 1468 confracta,
2821 1407 3038 1460 tandem
3092 1422 3155 1460 ex
3188 1406 3402 1461 )Etnzeo

1834 1492 1954 1562 igne
1988 1492 2125 1562 (25),
2164 1503 2218 1547 et
2259 1510 2286 1548 a
2330 1494 2583 1551 Barbaris
2614 1496 3000 1550 detrimentum
3029 1498 3269 1552 Siciliam
3312 1515 3403 1553 ce-

1834 1585 1999 1650 pisse.
2035 1585 2290 1639 Eversam
2329 1602 2455 1642 vero
2477 1597 2713 1642 statuam
2748 1590 2816 1643 ab
2839 1588 3179 1656 Alscnlapio.
3217 1593 3310 1660 qui
3344 1594 3398 1643 itt

1836 1674 2022 1731 Sicilia
2046 1678 2446 1748 possessionum
2477 1680 2779 1735 Constantii
2814 1693 2868 1737 et
2904 1682 3154 1737 Placidia
3180 1696 3403 1738 curator

1834 1780 1972 1824 erat.

218 1881 339 1932 Ὀτι
376 1880 791 1932 Κωνσταντίνου
827 1879 872 1910 ⁸⁸
902 1877 994 1931 τοῦ
1024 1878 1289 1948 τυράννου
1320 1876 1415 1931 καὶ
1439 1873 1731 1929 Κώνσταν·
1763 1847 1803 1900 Β

1763 1847 1803 1900 Β
1899 1858 2256 1917 Constantino
2283 1863 2546 1931 (tyranno,
2573 1872 2627 1916 et
2662 1862 2959 1919 Constante
3011 1864 3119 1919 ﬁlio
3146 1864 3259 1935 (qui
3294 1866 3406 1936 pri-

152 1988 235 2033 τος
271 1973 367 2024 τοῦ
418 1973 633 2033 παιδὸς.
670 1972 731 2034 ὃς
758 1972 1020 2042 πρότερον
1054 1972 1155 2039 μὲν
1199 1970 1417 2040 Καίσαρ
1449 1969 1641 2021 ἔπειτα
1674 1969 1731 2021 δὲ

156 2069 241 2117 καὶ
268 2065 531 2133 βασιλεὺς
558 2065 685 2137 [184
710 2063 804 2136 1L]
837 2064 1296 2134 ἐκεχειροτόνητο,
1321 2064 1530 2117 τούτων
1561 2064 1729 2132 ἡττη-

156 2154 344 2208 θέντων
381 2156 483 2209 καὶ
518 2156 870 2223 πεφευγότων
914 2156 1192 2225 Γερόντιος
1217 2156 1245 2208 δ
1291 2154 1595 2225 σρατηγδς,
1631 2154 1731 2223 τὴν

154 2248 281 2317 πρὸς
307 2249 441 2310 τοὺς
482 2246 791 2316 βαρϐάρους
842 2247 1140 2315 άσμενίσας
1173 2246 1396 2317 εἰρήνην
1423 2286 1437 2310 ,
1476 2245 1731 2313 Μάξιμον

155 2342 238 2390 τὸν
272 2338 477 2391 ἐαυτοῦ
522 2339 718 2402 παῖδα,
767 2341 845 2401 εἰς
890 2338 988 2408 τὴν
1020 2338 1130 2390 τῶν
1182 2337 1520 2406 δομεστίκων
1574 2338 1731 2404 τάξιν

154 2430 426 2493 τελοῦντα,
470 2430 695 2498 βασιλέα
722 2430 1064 2501 ἀναγορεύει·
1093 2425 1211 2483 εἶτα
1234 2430 1525 2495 ἐπιδιώξας
1580 2430 1733 2483 Κών-

154 2538 351 2574 σταντα
381 2522 773 2591 κατεπράξατο
796 2521 1145 2592 ἀναιρεθῆναι
1170 2564 1185 2587 ,
1228 2526 1323 2576 καὶ
1368 2524 1513 2576 κατὰ
1566 2524 1730 2587 πόδας

156 2616 333 2668 εἵπετο
363 2615 586 2667 διώκων
626 2618 719 2667 καὶ
760 2617 851 2668 τὸν
902 2616 1114 2684 πατέρα
1161 2617 1590 2669 Κωνσταντῑνον.
1642 2616 1730 2669 Ἐν

156 2699 197 2771 ᾧ
237 2705 511 2757 δὲταῦτα
564 2705 813 2780 ἐγίνετο,
870 2705 1247 2768 Κωνστάντιος
1308 2707 1402 2759 καὶ
1460 2706 1731 2774 Ούλφι).ἄς

152 2796 582 2848 ἀποστέλλονται
624 2796 774 2865 παρὰ
818 2796 1077 2863 Ὀνωρίου
1105 2797 1248 2849 κατὰ
1295 2797 1728 2861 κωνσταντίνου,

157 2890 247 2939 καὶ
268 2888 675 2949 καταλαϐόντες
697 2890 797 2957 τὴν
830 2888 1144 2957 Ἀρήλατον,
1172 2888 1303 2942 ἔνθα
1324 2891 1423 2952 τὰς
1449 2889 1732 2958 διατριϐὰς

156 2981 386 3031 ἐποιεῖτο
417 2980 826 3040 Κωνσταντῖνος
851 2983 947 3032 σὺν
987 2981 1256 3049 Ἰουλιανῷ
1285 2981 1363 3051 τῷ
1402 2982 1572 3045 παιδὶ,
1606 2982 1733 3034 ταύ-

154 3085 255 3137 την
278 3069 660 3139 πολιορκοῦσι·
703 3072 795 3123 καὶ
839 3072 1246 3134 Κωνσταντίνος
1288 3072 1619 3140 καταφυγὼν
1653 3078 1732 3137 εἰς

1837 1968 1982 2006 tnum
2018 1955 2232 2021 quidem
2263 1954 2463 2019 Cmsar,
2492 1966 2612 2023 post
2654 1955 2815 2009 etiam
2854 1954 3148 2023 imperator
3184 1968 3403 2012 creatus

1834 2045 2009 2100 fuerat
2043 2047 2223 2110 victis,
2264 2045 2497 2117 fugaque
2544 2049 2786 2116 dilapsis,
2813 2048 3106 2105 Gerontius
3139 2051 3261 2105 belli
3290 2051 3403 2105 dua

1832 2153 1955 2192 cum
1995 2137 2250 2194 Barbarie
2274 2154 2405 2206 pace
2427 2139 2617 2209 (libens
2649 2141 2781 2195 inita
2820 2140 2987 2195 illium
3035 2156 3193 2196 suum
3234 2141 3408 2197 Masi-

1834 2246 1981 2285 mum
2018 2232 2108 2300 qui
2143 2232 2283 2286 inter
2316 2232 2640 2288 domesticos
2679 2234 2793 2305 (25)
2838 2234 3246 2301 numerabatur,
3289 2236 3408 2291 Ce-

1834 2339 2014 2379 sarem
2066 2326 2362 2381 renuntiat.
2411 2324 2765 2381 Constantem
2819 2326 3015 2383 deinde
3047 2328 3342 2395 insecutus,
3374 2344 3407 2385 e

1835 2418 2010 2472 medio
2048 2418 2297 2484 sustulit,
2357 2430 2412 2474 et
2466 2421 2693 2490 vestigia
2745 2433 3098 2489 consectans,
3139 2424 3408 2479 Constan-

1835 2511 2005 2565 tinum
2059 2526 2273 2582 quoque
2312 2522 2519 2581 patrem
2576 2515 3016 2584 persequebatur.
3081 2515 3217 2570 llum
3288 2518 3406 2571 ltro

1834 2612 2114 2671 geruntur,
2165 2602 2551 2658 Constantinus
2607 2604 2720 2674 (26)
2766 2616 2821 2658 et
2879 2605 3122 2675 Ulpltilas
3171 2610 3239 2661 ab
3292 2605 3406 2660 llo-

1835 2696 1988 2750 norio
2031 2697 2289 2751 adversus
2330 2696 2740 2751 Constantinum
2776 2698 2958 2763 missi;
3008 2715 3237 2769 cumque
3272 2700 3410 2754 Are-

1834 2789 1991 2840 latem
2021 2789 2391 2856 pervenissent
2430 2787 2570 2858 58b
2606 2788 2696 2843 ubi
2744 2789 3135 2844 Constantinus
3158 2806 3279 2845 cum
3311 2791 3408 2847 Ju-

1834 2878 1977 2931 liano
2010 2878 2119 2931 lilio
2163 2879 2391 2946 agebat,
2428 2879 2565 2934 banc
2608 2880 2873 2935 obsident.
2910 2882 3299 2937 Constantinus
3335 2885 3404 2938 ad

1835 2971 2089 3039 templum
2106 2972 2439 3041 confugiens,
2454 2974 2704 3027 sacerdos
2726 2975 3025 3038 ordinatur,
3047 2974 3405 3043 jurejurando

1833 3066 1898 3116 de
1927 3062 2099 3117 salute
2127 3062 2200 3116 illi
2236 3064 2398 3128 dato;
2430 3064 2507 3118 sic
2528 3064 2679 3119 urbis
2712 3076 2879 3135 porta
2904 3066 3279 3120 obsidentibus
3305 3067 3410 3121 nti-

156 3165 443 3232 εύκτήριον
490 3161 861 3233 πρεσϐύτερος
904 3164 1027 3214 τότε
1071 3166 1458 3233 χειροτονεῖται
1490 3204 1505 3229 ,
1554 3166 1732 3235 ὅρκων
1759 3181 1801 3236 C

1759 3181 1801 3236 ρ
1838 3156 2019 3209 litibus
2043 3164 2241 3225 aperta:
2266 3166 2413 3221 sunt,
2457 3157 2762 3224 missusque
2803 3166 2887 3211 est
2925 3172 3051 3211 cum
3100 3156 3315 3213 Juliano
3344 3158 3407 3212 ll-

157 3256 299 3319 αύτῷ
337 3257 485 3324 ὑπὲρ
514 3255 787 3324 σωτηρίας
830 3255 1110 3307 δοθέντων·
1140 3257 1235 3307 καὶ
1266 3260 1378 3319 τοϊς
1406 3257 1732 3324 πολιορκοῦ-

160 3361 241 3396 σιν
264 3349 319 3397 αἱ
352 3345 524 3397 πύλαι
554 3346 652 3411 τῆς
684 3344 892 3406 πόλεως
934 3346 1420 3399 ἀναπετάννυνται.
1454 3348 1561 3401 Καὶ
1593 3348 1731 3415 πέμ-

162 3456 315 3490 πεται
346 3439 445 3489 σὺν
473 3437 548 3505 τῷ
579 3437 675 3504 υἱῷ
710 3438 1112 3499 Κωνσταντίνος
1135 3438 1271 3506 πρὸς
1310 3438 1588 3508 Ὀνὼριονο
1626 3440 1654 3490 ὁ
1677 3439 1733 3491 δὲ

162 3525 518 3595 μνησικακῶν
557 3528 738 3588 αὐτοῖς
787 3526 926 3595 ὑπὲρ
975 3528 1085 3579 τῶν
1141 3527 1379 3595 ἀνεψιῶν
1409 3528 1596 3591 αὑτοῦ,
1641 3527 1734 3592 οὓς

166 3620 428 3687 ἐτύγχανε
488 3620 893 3681 Κωνσταντῖνος
954 3619 1158 3672 ἀνελὼν
1187 3658 1201 3678 .
1274 3620 1380 3690 πρὸ
1440 3623 1733 3691 τριάκοντα

159 3711 256 3779 τῆς
318 3710 614 3779 Ῥαϐέννης
666 3712 858 3780 μιλίων
942 3713 1091 3782 παρὰ
1153 3714 1278 3776 τοὺς
1331 3715 1529 3783 ὅρκους
1567 3730 1735 3781 προσ-

162 3805 340 3857 τάττει
385 3804 613 3865 τούτους
656 3804 1034 3873 ἀναιρεθῆναι.
1078 3806 1359 3874 Γερόντιωι
1391 3806 1449 3859 δὲ
1492 3823 1737 3876 παραγε-

165 3898 401 3965 νομένων
428 3897 673 3965 Ούλφιλᾶ.
694 3896 819 3970 [107
842 3897 1045 3969 H.1xa‘.
1074 3900 1488 3951 Κωνσταντίνου
1519 3898 1733 3967 φεύγει,

165 3994 253 4043 καὶ
286 3992 693 4060 καταληφθεὶς,
746 3994 829 4044 ὅτι
872 3992 1160 4063 ἐγκρατῶς
1196 3988 1334 4063 ἦρχε
1385 3994 1481 4046 τοῦ
1532 3994 1735 4046 οἰκείου

165 4084 418 4153 στρατοὺ,
449 4082 542 4136 ὑπ’
564 4084 741 4136 αὐτῶν
776 4085 999 4136 ἐκείνων
1025 4082 1457 4137 ἐπιϐουλεύεται·
1488 4083 1600 4153 πῦρ
1626 4085 1736 4154 γὰρ

164 4178 299 4228 κατὰ
341 4176 446 4243 τῆς
500 4177 680 4237 οἰκίας
716 4174 881 4228 αὐτοῦ
923 4175 1155 4244 ἀνῆψαν.
1198 4175 1257 4226 Ὀ
1308 4175 1365 4228 δέ
1422 4176 1559 4243 πρὸς
1612 4176 1736 4238 τοὺς

165 4269 575 4328 ἐπαναστάντας
606 4268 888 4335 κρατερῶς
921 4268 1177 4334 ἐμάχετο,
1211 4266 1307 4319 Eva
1330 4267 1735 4336 συναγωνιστὴν

164 4360 293 4427 ἔχων
337 4358 564 4409 Ἀλανὸν
613 4360 673 4409 τὸ
700 4359 875 4422 γένος,
910 4358 991 4417 εἰς
1034 4355 1257 4417 δούλους
1302 4355 1469 4407 αὐτοῦ
1523 4355 1567 4385 ⁸⁷
1614 4356 1735 4422 ἀρι-

166 4451 489 4519 θμούμενον.
520 4448 682 4509 Τέλος
709 4451 800 4501 τόν
847 4465 905 4501 τε
958 4447 1176 4500 Ἀλανὸν
1206 4449 1300 4499 καὶ
1336 4448 1433 4517 τὴν
1477 4450 1733 4514 γυναῖκα,

1836 3251 1905 3302 lio
1946 3248 2339 3303 Constantinus
2382 3253 2451 3303 ad
2494 3249 2811 3304 Honorium.
2866 3249 2957 3304 Ille
3004 3265 3133 3305 vero
3186 3252 3408 3308 minime

1837 3341 1967 3409 ipsis
2006 3341 2313 3409 ignoscetis,
2367 3344 2435 3397 ob
2489 3343 2802 3397 interfectos
2853 3360 2882 3395 a
2924 3342 3279 3397 Constantino
3309 3358 3408 3398 co-

1835 3444 2024 3501 gnatos
2074 3450 2202 3490 suos
2230 3434 2365 3506 (27),
2411 3435 2475 3487 ad
2528 3436 2744 3502 triginta
2770 3434 2882 3505 (28)
2921 3450 2949 3487 a
2994 3434 3246 3488 Ravenna
3282 3436 3407 3489 mil-

1839 3526 2013 3589 liaria,
2045 3537 2229 3580 cuntra
2277 3526 2630 3595 jurisjurandi
2665 3528 2822 3581 fidem
2866 3529 3093 3582 interfici
3119 3528 3405 3593 eosjubet.

1836 3618 2127 3673 Gerontius
2171 3620 2317 3681 dein,
2383 3619 2762 3674 accedentibus
2794 3620 3010 3688 Ulpltila
3053 3631 3109 3675 et
3143 3620 3412 3675 Constan-

1840 3710 1974 3774 tino,
2020 3709 2198 3779 fugam
2237 3712 2507 3780 capessit:
2541 3712 3015 3783 deprelteususque
3056 3713 3198 3783 quod
3230 3713 3408 3783 impo-

1840 3804 2039 3857 tentius
2080 3805 2339 3859 exercitui
2369 3803 2692 3871 praefuisset,
2721 3821 2940 3859 suorum
2970 3806 3181 3861 insidiis
3208 3808 3406 3876 petitus

1837 3906 1941 3949 est.
2004 3892 2183 3963 Ignem
2234 3897 2415 3965 itaque
2455 3896 2621 3963 ipsius
2669 3895 2873 3950 aedibus
2927 3896 3229 3965 iniecerunt
3290 3914 3304 3950 :
3351 3907 3410 3950 at

1842 3987 1931 4041 ille
1960 3986 2172 4041 fortiter
2192 3988 2243 4040 in
2280 3989 2619 4042 adversarios
2636 3998 2855 4057 pugnat,
2883 4003 2989 4042 uno
3017 3989 3303 4055 adjuvante
3324 3988 3410 4042 fa-

1841 4081 2009 4143 nmlo,
2036 4082 2126 4149 qui
2158 4080 2366 4136 Alanus
2392 4088 2531 4135 erat.
2571 4079 2650 4135 Re
2675 4090 2852 4135 tamen
2878 4082 3094 4135 tandem
3121 4082 3407 4150 desperata

1839 4174 2067 4227 Alanum
2104 4173 2275 4235 illum,
2310 4188 2569 4240 suamque
2617 4187 2839 4225 uxorem
2866 4172 3016 4242 (29),
3050 4182 3106 4226 ut
3150 4173 3251 4241 ipsi
3284 4188 3411 4242 pos-

1842 4264 2095 4327 tnlarant,
2137 4264 2418 4328 interimit,
2469 4278 2533 4316 ac
2576 4263 2808 4329 denique
2844 4264 3008 4317 etiam
3046 4263 3147 4318 sibi
3177 4274 3406 4318 mortem

1838 4359 2144 4413 consciscit.
2193 4358 2457 4411 Maximus
2503 4358 2619 4427 ejus
2662 4356 2847 4424 filius,
2898 4371 2959 4413 re
3003 4357 3296 4426 intellecta,
3337 4360 3407 4411 ad

1841 4450 2132 4504 foederatos
2161 4449 2403 4517 confugit
2428 4447 2719 4503 Barbaros.

165 4544 313 4597 τοῦτο
348 4539 871 4610 προθυμουμένους,
916 4541 1147 4605 ἀναιρεῖ,
1200 4535 1641 4604 ἐπικατασφάζει
1677 4539 1733 4593 δὲ
1769 4544 1860 4593 καὶ
1886 4542 2097 4594 ἐαυτόν.
2129 4540 2381 4611 Μάξιμος
2422 4540 2479 4593 δέ
2541 4541 2571 4592 ὁ
2634 4543 2765 4605 παῖς
2810 4539 2988 4594 ταῦτα
3048 4539 3237 4609 μαθὼν
3272 4538 3409 4609 πρὸς

164 4636 279 4695 τοὺς
318 4632 696 4692 ὑποσπόνδους
720 4630 910 4698 φεύγει
936 4628 1265 4699 βαρϐάρους.

228 4729 355 4781 Ὀτι
399 4726 614 4786 ’ῐυϐἰνος
640 4724 683 4755 ⁸⁸
703 4724 760 4775 ἐν
785 4721 1103 4789 Μουνδιακῷ
1125 4721 1281 4788 δ’τῆς
1311 4721 1501 4789 ἐτέρας
1528 4721 1743 4789 Γερμα-
1772 4726 1818 4782 ι)

1740 4751 1743 4760 ι
1772 4726 1818 4782 ι)
1913 4722 2160 4777 Jovinius
2190 4722 2327 4789 apud
2355 4720 2692 4775 Mundacium
2720 4720 2831 4791 (30)
2858 4719 3165 4775 Germania:
3183 4719 3408 4774 alterius

162 4820 275 4881 νίας
311 4818 459 4870 κατὰ
506 4813 739 4881 σπουδὴν
782 4814 828 4843 ⁵⁸
875 4811 1032 4883 Γὼαρ
1070 4811 1165 4864 τοῦ
1208 4811 1428 4863 ’Δλανοῦ
1472 4813 1567 4862 καὶ
1607 4812 1739 4863 Γυν-

162 4912 393 4980 τιαρίου,
424 4910 487 4970 ὃς
524 4907 796 4976 φύλαρχος
819 4903 1155 4976 ἐχρημάτιζε
1199 4904 1309 4956 τῶν
1345 4904 1734 4974 Βουργουντιό-

1844 4814 2057 4877 urbem,
2090 4816 2271 4868 etudio
2320 4813 2515 4869 Goaris
2552 4814 2732 4875 Alani,
2769 4824 2824 4867 et
2872 4812 3116 4869 Guntiari
3160 4811 3409 4880 Burgun-

1842 4908 2051 4959 diorum
2104 4905 2342 4975 praefecti
2375 4915 2642 4975 tyrannus
2672 4913 2892 4961 creatus
2928 4915 3036 4959 est.
3060 4903 3159 4959 Cui
3195 4911 3255 4959 ut
3282 4917 3405 4960 sese

1421 5041 1655 5099 VARIIE
1707 5042 2109 5099 LECTIONES.

238 5149 285 5179 “
313 5146 616 5218 Βρετανίας
660 5163 720 5218 ς’.

174 5223 252 5273 sic
278 5232 334 5275 et
360 5213 517 5274 'ittfra
591 5219 634 5248 δ’
660 5214 1053 5284 Μογουντιακῷ
1084 5213 1447 5269 Ηωδειιειίυε.

794 5144 839 5176 ⁸³
868 5142 1072 5197 ἐκώλυε
1106 5159 1166 5207 ς.
1237 5140 1285 5173 ⁸⁸
1317 5140 1730 5194 Κωνσταντίνου
1761 5155 1843 5206 pr.
1875 5141 1941 5193 Α.
1993 5140 2371 5196 κωνσταντίου
2412 5154 2556 5195 corr.
2615 5138 2661 5173 δ’
2686 5135 2836 5207 αὐτῷ
2860 5153 2919 5201 ς.

794 5214 1053 5279 ουντιακῷ
1084 5213 1447 5269 Ηωεειιοιίυε.
1545 5210 1594 5241 ⁸⁸
1630 5209 1863 5279 σπονδὴν
1884 5213 1949 5264 Α.

1630 5226 1863 5264 σπονοην
1884 5226 1949 5264 Α.

2997 5135 3044 5167 ⁸⁸
3082 5133 3319 5197 Ἶωὸἳνος
3341 5151 3406 5199 ς.

1666 5302 1898 5360 NOTAE.

238 5406 351 5474 (22)
383 5407 545 5458 Anno
566 5402 770 5459 Christi
808 5403 933 5458 411.
963 5401 1089 5457 Car.
1125 5400 1318 5474 Sigon.

231 5471 347 5547 (⁷23)
379 5477 615 5528 Omnino
646 5474 905 5543 Βρεττίας
944 5474 1223 5547 legentium
1260 5471 1368 5527 hic.

231 5540 345 5615 (ιδ-ἰ)
382 5549 455 5598 Es
488 5562 621 5597 Vana
654 5540 866 5598 scilicet
892 5540 1579 5615 getttiuttt_superstitione.

386 5616 459 5687 De
489 5615 804 5670 Domeslicis
835 5609 1437 5687 videttdusCttropalat.
1461 5610 1642 5687 libello
1673 5609 1739 5662 de

158 5682 380 5742 ofﬁcial.
412 5685 834 5752 Constantinop.
874 5683 1087 5736 Brisson
1114 5683 1166 5735 itt
1195 5682 1476 5752 leaico,ret
1505 5682 1627 5733 alii.

228 5760 340 5826 (26)
388 5759 531 5811 Idem
575 5760 668 5826 qui
716 5751 1013 5810 Placidiam
1060 5761 1244 5822 postea
1294 5751 1584 5821 cottjugctu
1639 5762 1735 5803 uc-

164 5841 323 5898 οιιιιιι.

1920 5401 2036 5476 (21)
2072 5402 2431 5458 Verenianttm
2460 5418 2528 5476 ac
2559 5401 2843 5469 Didymum
2882 5399 3150 5476 intelligit.
3187 5396 3408 5476 (tequi-

1847 5467 1948 5554 btts
1977 5467 2224 5530 lusimus
2267 5486 2427 5543 atque
2454 5467 2827 5535 Sozomeuus,
2876 5480 2927 5525 Cl
2970 5485 3035 5525 ex
3083 5468 3166 5521 Itis
3211 5467 3398 5537 Signu-

1845 5544 2031 5684 ΙΙΙ’(2ἒ)
2054 5615 2133 5684 Ad
2160 5613 2411 5667 Mincium
2444 5613 2663 5684 flumen,
2695 5610 2881 5680 Sigon.

1915 5682 2029 5751 ('29)
2065 5683 2421 5738 Nonniohinm
2450 5684 2575 5737 Car.
2606 5682 2793 5748 Sigon.
2829 5687 3000 5751 vorat.

1915 5745 2027 5829 [50)
2062 5756 2451 5824 Moguntiacum
2481 5745 2712 5808 debebat
2756 5750 2994 5806 scribere
3020 5745 3327 5817 Olyntpiod.
