4224 6442
775 315 878 379 267

1935 312 2200 373 PHO'III
2230 312 2738 374 PATRIARCHA‘I
2776 314 2884 375 GP.

3946 311 4057 376 268

778 436 984 496 partem
1010 424 1149 494 με),
1184 424 1525 481 multitudine
1558 425 1672 493 jam
1706 430 1863 479 aucta
1898 426 2157 493 civitate;
2189 425 2368 480 addit—

2478 444 2634 495 μενον
2683 426 2849 496 μέρος
2876 426 2957 497 τῷ
3008 426 3165 497 δήμῳ
3200 428 3280 488 είς
3312 425 3512 494 πλῆθος
3557 425 3658 494 ἤδη
3704 424 3805 493 τῆς
3842 424 4061 487 πόλεως

777 534 881 588 que
906 534 1011 573 uno
1051 519 1136 571 die
1179 532 1464 571 numerum
1501 517 1689 571 initum
1715 530 1837 571 esse
1874 517 2075 572 civium
2104 528 2368 588 quatuor-

778 610 950 663 decim
984 607 1234 661 millium.

849 699 1190 769 Adaulphus,
1244 712 1370 753 nato
1416 700 1516 753 sibi
1557 714 1586 754 e
1618 699 1861 755 Placidia
1898 700 2030 765 lilio,
2070 701 2157 755 cui
2189 699 2368 756 Theo-

781 792 933 845 dosio
966 807 1160 845 nomen
1190 792 1363 854 dedit,
1389 792 1687 846 Romanam
1713 794 1946 864 amplius
1973 794 2366 862 rempublicam

781 898 968 938 amare
1031 884 1342 937 videbatur.
1375 884 1569 937 Verum
1588 886 1931 950 Constantio,
1964 888 2186 957 ejusque
2215 901 2365 941 asse-

798 974 898 1028 clis
954 974 1407 1045 repugnantibus,
1444 977 1563 1045 ejus
1590 986 1645 1031 et
1673 978 1858 1030 uxoris
1888 975 2369 1051 Placidiae',{pacis

789 1064 1324 1136 iueundae]conatus
1378 1069 1577 1121 frustra
1612 1068 1849 1123 fuerunt.
1884 1066 2223 1124 Exstinctum
2273 1086 2370 1123 au-

784 1168 891 1210 tem
921 1166 1103 1226 postea
1134 1158 1394 1211 infantem
1453 1158 1807 1212 vehementer
1863 1169 2095 1227 uterque
2156 1176 2364 1228 parens

782 1248 920 1301 luxit
973 1248 1117 1319 60a
1148 1258 1513 1317 argenteaque
1536 1264 1698 1317 capsa
1722 1250 2020 1313 conditum,
2060 1250 2211 1318 juxta
2245 1250 2369 1302 Bar-

784 1339 1035 1393 cinonent
1068 1341 1119 1392 in
1156 1338 1355 1406 templo
1387 1339 1615 1408 quodam
1653 1340 2003 1407 sepelierunt.
2042 1338 2370 1393 lnterficitur

786 1431 981 1483 deinde
1015 1442 1069 1485 et
1105 1432 1424 1499 Adaulphus
1459 1431 1571 1497 ipse
1610 1430 1759 1501 (dum
1792 1444 1959 1498 equos
1991 1444 2119 1483 suos
2168 1430 2219 1482 in
2254 1440 2369 1482 sta-

788 1524 914 1577 hulo
942 1564 957 1591 ,
991 1524 1055 1577 de
1084 1539 1260 1588 more,
1323 1521 1747 1591 contemplatur)
1778 1538 1808 1575 a
1863 1521 2064 1575 Gottho
2132 1524 2366 1591 quodam

790 1616 910 1682 ejus
947 1617 1266 1681 domestico,
1308 1616 1496 1669 Dobbii
1534 1616 1769 1679 nomine,
1808 1630 1931 1669 cum
1981 1615 2118 1668 hanc
2168 1616 2369 1668 veteris

790 1710 899 1763 odii
964 1709 1277 1764 vindicandi
1337 1708 1681 1762 occasionem
1722 1708 1810 1761 ille
1862 1716 2171 1775 captasset;
2203 1704 2366 1773 hujus

2470 519 2846 589 ὲπιδιδούσης·
2904 519 3109 590 ἔγραψε
3142 519 3250 589 γὰρ
3277 520 3320 549 ⁷⁸
3362 518 3456 569 καὶ
3499 520 3556 570 έν
3599 518 3698 587 μιᾷ
3744 518 3936 588 ἡμέρᾳ
3968 534 4063 570 τε·

2472 611 2663 679 τέχθαι
2683 612 2728 641 "
2760 610 2994 681 ἀριθμὸν
3024 610 3277 680 χιλιάδων
3304 609 3739 678 δεκατεσσάρων.

2545 702 2671 772 μθ9
2702 701 2797 772 Η.]
2830 702 2947 754 Ὀτι
2993 700 3317 766 ’Λδαοῦλφος
3353 701 3639 768 τεχθέντος
3677 698 3827 768 αὐτῷ
3857 700 3921 751 ὲκ
3953 701 4061 766 τῆς

2470 794 2763 855 Πλακιδίας
2809 792 3017 856 παιδὸς,
3058 784 3103 858 ᾧ
3142 791 3435 845 ὲπὲθετο⁷⁸
3487 790 3682 856 κλῆσιν
3749 789 4059 854 Θεοδόσιον,

2470 886 2633 938 πλέον
2664 883 2945 953 ἠσπάζετο
2975 883 3074 953 τὴν
3104 884 3241 952 πρὸς
3297 870 3604 951 Ῥωμαίούς
3648 881 3858 948 φιλίαν·
3897 882 4061 933 Κωνο

2472 974 2722 1027 σταντίου
2742 974 2800 1025 δὲ
2828 975 2921 1025 καὶ
2949 974 3059 1027 τῶν
3086 974 3215 1043 περὶ
3249 974 3625 1025 Κωνστάντιον
3660 963 4065 1041 ἀντιπμττόῖμ

2470 1085 2578 1121 των
2598 1067 2791 1137 ἔμενεν
2808 1067 3088 1136 ἄπρακτος
3112 1070 3144 1135 ή
3166 1066 3355 1119 τούτου
3379 1068 3471 1118 καὶ
3487 1066 3532 1097 ⁷⁵
3567 1066 3855 1124 Πλακιδίας
3882 1068 4060 1135 ὁρμή.

2472 1161 2905 1228 Τελευτήσαντος
2928 1160 2981 1212 δὲ
3000 1159 3093 1211 τοῦ
3122 1160 3307 1220 παιδὸς
3333 1159 3522 1218 πένθος
3544 1158 3684 1226 μέγα
3701 1157 3949 1210 ποιοῦσιν
3969 1160 4061 1209 ἐπ’

2471 1253 2641 1321 αὐτῷ,
2676 1252 2770 1304 καὶ
2800 1252 3096 1305 θάπτουσιν
3125 1253 3182 1302 ἐν
3210 1250 3441 1320 λάρνακι
3478 1250 3803 1310 καταθέντες
3835 1249 4066 1320 ἀργυρᾷ

2471 1346 2576 1415 πρὸ
2612 1345 2711 1413 τῆς
2741 1344 3125 1414 Βαρκέλλωνος
3167 1341 3222 1393 ἐν
3251 1359 3357 1393 τινι
3406 1342 3698 1411 εὐκτηρίῳ,
3730 1337 3861 1393 Εἶτα
3906 1346 4066 1393 ἀναι-

2472 1443 2646 1509 ρεῐται
2679 1439 2770 1489 καὶ
2822 1436 3181 1504 Ἀδαοῦλιξος,
3214 1436 3289 1495 εἰς
3324 1436 3652 1505 ἐπιτήρησιν
3700 1435 3810 1485 τῶν
3836 1436 4064 1487 οἰκείων

2471 1529 2674 1592 ἵππων,
2719 1528 2794 1590 ώς
2831 1528 3034 1579 εἴθιστο
3083 1525 3254 1591 αὐτῷ,
3304 1525 3593 1595 διατρίϐων
3628 1528 3686 1576 ἐν
3715 1524 3792 1594 τῷ
3827 1528 4061 1578 ἱππῶνι.

2482 1622 2723 1689 Ἀναιρεῖ
2765 1620 2820 1672 δὲ
2868 1620 3029 1672 αὐτὸν
3063 1613 3224 1682 εἷς⁷⁵⁸
3258 1619 3365 1671 τῶν
3412 1618 3630 1670 οἰκείων
3667 1618 3878 1669 Γότθων
3928 1619 4067 1669 Δοιί⁴

2471 1710 2649 1773 ϐιος⁷⁸
2696 1710 2957 1779 τοῦνομα,
3011 1710 3213 1779 ἔχθραν
3250 1710 3487 1762 παλαιὰν
3529 1710 4062 1779 καιροφυλακήσας·

786 1800 930 1853 enim
968 1800 1118 1869 prior
1153 1800 1430 1858 dominus.
1466 1796 1736 1852 Gotthicaa
1788 1799 1959 1867 partis
2017 1812 2135 1861 rex,
2192 1797 2368 1851 fuerat

2478 1804 2639 1854 πάλαι
2666 1804 2771 1872 γὰρ
2898 1803 2927 1854 ὁ
2948 1802 2989 1832 ⁷⁷
3022 1776 3215 1853 τούτου
3244 1800 3532 1869 δεσπότης,
3565 1776 3760 1869 μοίρας
3795 1776 4066 1869 Γοτθικῆς

787 1892 857 1945 ab
902 1892 1184 1961 Adaulpho
1216 1906 1246 1943 e
1308 1889 1488 1943 medio
1532 1889 1797 1943 sublatus.
1833 1888 2045 1943 Exinde
2104 1889 2367 1943 Dobbium

788 1992 1069 2052 receptum
1120 1982 1435 2050 Adaulphus
1468 1982 1521 2036 iu
1556 1997 1709 2035 suam
1745 1979 2009 2034 familiam
2077 1982 2364 2034 asciverat:

788 2076 878 2143 qui
911 2075 962 2128 iu
996 2076 1253 2128 ultionem
1293 2075 1495 2143 prioris
1531 2074 1778 2137 domini,
1816 2073 2045 2126 alterum
2095 2074 2257 2136 hunc,
2292 2073 2373 2125 in-

784 2169 927 2237 jecta
1010 2183 1174 2220 manu
1238 2167 1511 2232 violenta,
1574 2166 1815 2221 sustulit.
1875 2164 2109 2219 Moriens
2176 2164 2373 2218 Adaul-

790 2263 931 2330 phus
971 2259 1121 2313 fratri
1187 2274 1285 2314 suo
1332 2259 1603 2326 injunxit,
1675 2258 1919 2313 Placidia
1977 2268 2036 2313 ut
2068 2256 2370 2331 [Honorio]

790 2355 1147 2420 redderetur;
1180 2364 1365 2420 utque,
1407 2351 1454 2405 si
1492 2366 1598 2421 quo
1626 2354 1785 2405 modo
1831 2363 2071 2420 possent,
2108 2351 2371 2406 Romanze

793 2443 894 2497 sibi
954 2444 1134 2511 gentis
1214 2444 1564 2497 concordiam
1606 2440 1832 2515 [Gotthi
1875 2443 1893 2515 ]
1930 2446 2362 2513 societatemque

792 2536 1183 2591 conciliarent.
1229 2536 1415 2604 Atqui
1448 2538 1716 2591 successit
1761 2536 1882 2591 Sari
1929 2538 2098 2590 frater
2145 2536 2376 2606 Singiri-

795 2630 929 2683 chus
959 2628 1185 2699 (studio
1234 2628 1413 2696 potius
1439 2644 1501 2682 ac
1530 2628 1604 2694 vi,
1653 2644 1815 2697 quam
1866 2629 2239 2693 successione,
2274 2636 2373 2681 aut

794 2718 912 2785 lege
969 2717 1511 2787 creatus)Adaulphi
1582 2719 1830 2786 epriore
1890 2719 2121 2789 conjuge
2177 2720 2376 2773 liberos

796 2811 848 2862 vi
894 2823 925 2863 e
983 2808 1103 2862 sinu
1184 2807 1422 2877 Sigesari
1482 2810 1722 2879 episcopi
1786 2811 2064 2880 abreptos,
2123 2811 2374 2877 occidit;

2475 1894 2604 1964 ῥῆξ’,
2644 1894 2747 1945 ὐπὸ
2814 1892 3144 1959 Ἀδαούλφου
3192 1894 3569 1963 ἀνῃρημένος,
3622 1890 3681 1955 ἐξ
3730 1886 3790 1943 οὗ
3825 1892 3919 1942 καὶ
3966 1891 4067 1942 τὸν

2474 1983 2694 2036 Δούϐιον
2740 1983 2924 2036 λαϐὼν
2994 1982 3317 2050 Ἀδαοῦλφος
3372 1982 3713 2052 ᾠκειώσατο·
3777 1984 3806 2034 ὁ
3858 1980 3917 2033 δὲ
3978 1981 4067 2051 τῷ

2475 2078 2676 2148 πρώτῳ
2718 2078 2955 2150 δεσπότῃ
2982 2077 3204 2147 ἀμύνων
3232 2077 3321 2129 τὸν
3360 2075 3611 2146 δεύτερον
3646 2076 3971 2147 διεχρήσατο
3986 2076 4064 2128 ⁷⁸.

2475 2171 2755 2223 Τελευτῶν
2783 2172 2839 2224 δὲ
2883 2171 3203 2238 Ἀδαοῦλφος
3234 2168 3567 2239 προσέταττε
3600 2168 3676 2237 τῷ
3704 2169 3819 2237 ἰδίῳ
3845 2168 4068 2237 ἀδελφῷ

2475 2258 2768 2311 ἀποδοῦναι
2810 2262 2907 2330 τὴν
2948 2260 3262 2323 Πλακιδίαν,
3322 2260 3447 2323 καὶ,
3487 2260 3539 2311 εἴ
3561 2277 3612 2311 τι
3643 2258 3913 2320 δύναιντο,
3962 2258 4069 2327 τὴν

2490 2351 2778 2420 Ῥωμαίων
2826 2352 3007 2419 φιλίαν
3051 2355 3262 2415 ἑαυτοῖς
3294 2351 3769 2421 περιποιήσασθαι.
3805 2350 4069 2420 Διάδοχος

2475 2442 2532 2493 δὲ
2575 2443 2602 2493 ὁ
2633 2440 2727 2494 τοῦ
2775 2442 2948 2511 Σάρου
2985 2442 3213 2510 ἀδελφὸς
3249 2442 3591 2511 Σιγγέριχος,
3621 2441 3827 2511 σπουδῇ
3860 2442 4069 2512 μᾶλλον

2478 2535 2571 2585 καὶ
2596 2534 2889 2603 δυναστείᾳ
2926 2534 2957 2603 ἢ
2989 2532 3283 2603 ἀκολουθίᾳ
3312 2534 3404 2585 καὶ
3443 2535 3613 2603 νόμῳ,
3643 2533 3880 2601 γίνεται’
3909 2533 3969 2595 ὃς
3996 2534 4073 2587 τά

2476 2642 2535 2676 τε
2567 2624 2791 2688 παιδία,
2827 2625 2863 2677 ἃ
2897 2626 2960 2677 ὲκ
2999 2624 3097 2693 τῆς
3146 2626 3417 2695 προτέρας
3468 2625 3725 2692 γυναικὸς
3767 2625 4071 2693 ἐτύγχανεν

2491 2717 2802 2786 Ἀδαούλφῳ
2825 2718 3219 2787 γεγεννημένα,
3249 2717 3446 2782 ἀνεῖλε,
3477 2718 3568 2788 βίᾳ
3594 2717 3702 2769 τῶν
3724 2717 3818 2770 τοῦ
3841 2718 4073 2770 ἑπισκό·

2480 2825 2581 2859 που
2611 2808 2917 2876 Σιγησάρου
2947 2808 3159 2860 κόλπων
3182 2808 3534 2872 ἀποσπάσας,
3568 2809 3662 2860 καὶ
3690 2809 3787 2875 τὴν
3820 2807 4072 2877 βασιλίδα

797 2913 958 2968 atque
1016 2900 1189 2967 ipsam
1272 2896 1570 2952 Placidiam
1658 2902 1924 2969 reginam,
2001 2902 2051 2954 iu
2109 2900 2370 2970 Atlaulphi

2481 2899 2776 2951 Πλακιδίαν
2821 2900 2898 2961 εἰς
2951 2898 3107 2969 ὓϐριν
3166 2899 3495 2967 Ἀδαούλφου
3532 2902 3596 2952 ὲκ
3630 2899 3788 2963 ποδὸς
3819 2902 4074 2970 προηγὴ-

797 2992 1003 3046 scilicet
1057 2990 1463 3052 contumeliam,
1523 2992 1747 3059 pellibus
1800 3003 1928 3046 ante
1988 3008 2187 3062 equum
2269 3010 2370 3048 una

2482 2992 2677 3043 σασθαι
2707 2991 2800 3042 τοῦ
2845 2993 3012 3043 ἵππου
3062 2991 3179 3061 ἅμα
3226 2992 3432 3045 λοιπῶν
3482 2993 3527 3024 ⁷⁸
3565 2991 3927 3063 αἰχμαλώτων
3970 2994 4071 3045 ἑπ-

799 3098 920 3137 cum
968 3081 1185 3135 cmteris
1229 3081 1462 3149 captivis
1513 3083 1793 3137 ambulare
1828 3084 2029 3152 coegit,
2060 3086 2221 3155 idque
2264 3098 2370 3140 tota

2486 3082 2643 3145 έταξε
2663 3100 2675 3112 ·
2707 3083 2801 3134 καὶ
2829 3084 2890 3133 τὸ
2921 3083 3198 3152 διάστημα
3225 3078 3292 3153 ἦν
3309 3084 3354 3114 ⁸⁸
3384 3084 3483 3153 τῆς
3509 3086 3841 3154 προπομπῆς
3874 3085 3940 3136 ὲκ
3971 3085 4074 3153 τῆς

799 3172 892 3225 illo
916 3172 1090 3240 spatio
1141 3172 1284 3239 quod
1325 3180 1408 3223 est
1462 3170 1529 3224 ab
1582 3171 1717 3226 urbe
1763 3174 1829 3226 ad
1877 3173 2252 3227 duodecimum
2292 3191 2377 3227 us-

800 3276 905 3328 que
950 3261 1179 3328 lapidem
1207 3298 1219 3311 .
1288 3258 1506 3328 Septem
1551 3260 1641 3315 ille
1688 3262 1802 3317 dies
1840 3278 1962 3317 cum
2024 3265 2376 3333 imperasset,

804 3353 1157 3418 interemptus
1183 3358 1285 3412 est,
1317 3358 1373 3401 et
1420 3347 1749 3404 Gotthorum
1799 3352 1907 3405 dux
1941 3350 2381 3425 Valias(u)con-

804 3440 1075 3493 stituitur.

874 3529 1060 3584 Refert
1092 3531 1180 3583 hic
1243 3530 1477 3598 scriptor
1532 3532 1751 3588 audisse
1798 3548 1859 3589 se
1889 3548 1920 3587 e
1953 3533 2167 3588 Valerio
2197 3536 2386 3589 claris-

805 3626 941 3677 simo
989 3624 1127 3687 viro,
1160 3623 1228 3677 de
1254 3624 1528 3691 argenteis
1590 3629 1789 3681 statuis
1834 3629 1900 3680 ad
1963 3629 2233 3684 Barbaros
2296 3646 2385 3683 ar-

806 3716 1009 3769 cendos
1060 3716 1404 3783 inauguratis
1427 3716 1538 3787 (45)
1565 3756 1580 3771 .
1624 3717 1759 3771 Nam
1789 3716 2120 3783 Constantii,
2187 3723 2382 3788 inquit,

810 3808 1151 3875 imperatoris
1210 3810 1566 3877 temporibus,
1606 3809 1863 3879 praefecto
1914 3812 1966 3865 in
2000 3811 2231 3866 Thracia
2280 3812 2385 3865 Va-

808 3898 963 3962 lerio,
1009 3899 1266 3953 iudicium
1313 3901 1513 3955 factum
1553 3903 1787 3957 thesauri
1820 3907 2164 3975 reperiundi.
2226 3906 2386 3961 Vale-

812 3990 924 4043 rius
954 4005 1085 4046 vero
1135 3992 1203 4045 ad
1233 3994 1409 4047 locqu
1467 3994 1756 4061 accedens,
1810 4011 2020 4050 sacrum
2073 3998 2219 4052 illum
2266 4015 2389 4055 esse

814 4080 1073 4150 religione
1102 4098 1168 4137 ex
1200 4083 1392 4137 incolis
1416 4087 1688 4153 cognovit,
1721 4096 1777 4140 et
1802 4090 2024 4155 antiquo
2048 4091 2153 4143 ritu
2182 4101 2389 4145 statuas

813 4173 1011 4227 ibidem
1057 4185 1433 4256 consecratas.
1491 4177 1691 4231 Retulit
1740 4179 1855 4233 haec
1885 4180 1950 4232 ad
1981 4180 2386 4249 imperatorem,

813 4264 1245 4336 rescriptumque
1277 4269 1506 4337 accepit,
1556 4284 1662 4337 quo
1702 4269 1996 4339 jubebatur
2033 4273 2263 4325 indicata
2302 4273 2388 4326 illa

811 4355 949 4408 bona
1004 4355 1214 4411 tollere.
1266 4356 1433 4425 Igitur
1479 4359 1674 4416 elfosso
1726 4362 1867 4426 loco,
1937 4373 2045 4417 tres
2087 4364 2272 4418 solidae
2323 4379 2389 4419 ex

2486 3176 2693 3236 πόλεως
2725 3176 2885 3244 μέχρι
2914 3176 3219 3228 δωδεκάτου
3253 3176 3503 3244 σημείου.
3548 3176 3722 3229 Ἐπτά
3760 3178 3817 3229 δὲ
3847 3177 4072 3247 ἡμέρας

2487 3265 2659 3334 ἄρξας
2701 3269 3029 3336 ἀναιρεῖται,
3064 3266 3292 3336 ἡγεμὼν
3334 3268 3393 3319 δὲ
3431 3267 3541 3320 τῶν
3574 3268 3785 3320 Γότθων
3831 3269 4071 3333 Οὐαλίας

2486 3355 2832 3407 καθίσταται.

2559 3532 2682 3582 Ὅτι
2713 3533 2740 3582 ὁ
2776 3532 3043 3600 ἱστορικός
3086 3548 3219 3601 φησι
3252 3531 3405 3601 παρὰ
3433 3530 3756 3599 Οὐαλερίου,
3785 3531 3929 3592 τινὸς
3964 3530 4075 3582 τῶν

2487 3622 2774 3693 ἐπισήμων
2811 3622 3043 3676 ἀκοῦσαι
3091 3624 3219 3693 περὶ
3264 3623 3597 3693 ἀνδριάντων
3632 3621 3891 3692 ἀργυρῶν
3920 3639 4076 3674 τετε-

2487 3715 2822 3785 λεσμένων⁸¹
2848 3716 2927 3777 είς
2957 3715 3247 3786 βαρϐάρων
3272 3714 3641 3768 ἀποκωλυσῑν.
3691 3716 3778 3767 Ἔν
3811 3714 3920 3784 γὰρ
3953 3718 4077 3776 ταῖς

2489 3809 2746 3876 ἡμέραις,
2790 3809 2944 3876 φησὶ,
2993 3806 3379 3858 Κωνσταντίου
3423 3806 3517 3859 τοῦ
3576 3805 3841 3875 βασιλέως
3896 3808 3954 3857 ἐν
4004 3809 4072 3874 τῇ

2489 3901 2677 3971 Θρᾴκῃ
2710 3900 3009 3969 Οὐαλερίου
3049 3901 3305 3969 ἄρχοντος
3363 3901 3593 3971 μήνυσις
3622 3900 3843 3968 γέγονεν
3873 3899 3947 3961 ώς
3975 3900 4072 3968 θη-

2493 3992 2692 4060 σαυρὸς
2718 3991 2994 4061 εὑρεθείη.
3024 3991 3318 4061 Οὐαλέριος
3342 3992 3397 4043 δὲ
3420 3996 3576 4061 παρὰ
3601 3992 3691 4044 τὸν
3716 3991 3878 4043 τόπον
3902 4008 4077 4061 παρα-

2492 4087 2784 4155 γενόμενος
2835 4084 3097 4154 μανθάνει
3145 4084 3356 4154 παρά⁸²
3404 4082 3512 4134 τῶν
3565 4083 3874 4153 ἐπιχωρίων
3930 4083 4077 4150 ἱερὸν

2493 4175 2630 4230 εἶναι
2656 4178 2747 4230 τὸν
2773 4177 2936 4229 τόπον
2961 4178 3025 4241 ⁸³,
3063 4178 3157 4229 καὶ
3186 4176 3245 4240 ἐξ
3282 4174 3516 4246 ἀρχαίας
3546 4174 3771 4240 τελετῆς
3817 4173 4072 4242 ἀνδριάν-

2492 4287 2586 4332 τας
2620 4270 2676 4321 έν
2724 4268 2871 4339 αὐτῷ
2915 4268 3278 4339 άφιερῶσθαι.
3316 4265 3447 4321 Εἶτα
3486 4267 3749 4336 ἀναφέρει
3794 4266 3966 4317 ταῦτα
3997 4266 4076 4336 τῷ

2497 4359 2725 4428 βασιλεῖ,
2760 4361 2851 4412 καὶ
2874 4358 3086 4428 δέχεται
3116 4358 3353 4427 γράμμα
3374 4358 3671 4427 ὲπιτρέπον
3693 4355 3842 4424 αὐτῷ
3874 4355 4077 4409 ἀναλα-

818 4456 1043 4516 argento
1075 4450 1351 4504 fabricata:
1373 4464 1599 4519 repertae
1626 4464 1752 4509 sunt
1776 4466 1985 4519 statua’,
2005 4456 2181 4523 specie
2196 4457 2363 4511 barba

2500 4451 2613 4501 ϐεῖν
2643 4449 2711 4502 τὰ
2741 4450 3070 4520 μηνυθέντα.
3120 4450 3534 4518 Ἀνορυχθέντος
3562 4448 3739 4500 τοίνυν
3779 4446 3872 4499 τοῦ
3906 4448 4073 4499 τόπου

815 4540 925 4591 rica
959 4540 1096 4601 sita),
1128 4550 1181 4594 et
1201 4552 1431 4610 utroque
1456 4546 1675 4599 brachio
1720 4557 1930 4611 ansato,
1957 4557 2102 4602 veste
2129 4559 2388 4617 praeterea

815 4626 1091 4695 variegata
1147 4628 1435 4684 barbarico
1474 4632 1581 4685 ritu
1623 4633 1844 4699 indutae,
1882 4645 1935 4688 et
1963 4650 2171 4689 comam
2210 4638 2387 4705 capite

816 4723 1087 4783 gestantes
1128 4726 1292 4788 atque
1322 4720 1374 4773 in
1410 4723 1857 4789 septentrionem,
1889 4740 2005 4792 quae
2033 4726 2383 4781 barbarorum

817 4807 964 4876 regio
984 4819 1086 4874 cst,
1122 4811 1380 4866 obversaa.
1412 4814 1539 4879 Qua:
1564 4814 1725 4869 simul
1756 4826 1916 4885 atque
1941 4827 2131 4871 statuae
2158 4820 2383 4873 sublata:

2494 4542 2843 4610 εὑρίσκονται
2889 4543 3039 4611 τρεῖς
3079 4540 3395 4609 ἀνδριάντες
3442 4539 3509 4590 δι’
3557 4538 3679 4591 ὅλου
3732 4537 3792 4600 ἐξ
3831 4536 4077 4605 ἀργύρου

2495 4634 2879 4702 πεποιημένοι,
2926 4634 2983 4682 ἐν
3016 4631 3061 4663 ⁸⁵
3095 4632 3332 4702 σχήματι
3381 4628 3767 4701 βαρϐαρικῷη
3817 4630 4079 4681 κατακεί-

2499 4742 2647 4792 μενοι
2680 4725 2774 4775 καὶ
2804 4723 3267 4793 ἐξηγκωνισμένοι
3294 4724 3414 4775 κατ’
3463 4723 3668 4790 ἀμφοῖν
3703 4722 3823 4772 ταῖν
3870 4722 4075 4788 χεροῖν,

2499 4818 2624 4891 [189
2657 4816 2763 4888 8.]
2814 4816 3149 4885 ἐνδεδυμένοι
3202 4815 3259 4868 δὲ
3312 4812 3586 4884 βάρϐαρον
3648 4810 4078 4880 πεποικιλμένην

2129 4949 2361 5007 VARle
2396 4953 2803 5010 LECTIONES.

923 5071 968 5101 ⁷³
998 5068 1107 5140 γὰρ
1246 5086 1259 5122 :
1314 5068 1371 5121 δὶ
1427 5086 1489 5133 ς.

818 5140 934 5214 ϐιος
968 5137 1430 5214 -Δόϐϐιον-ςη
1457 5140 1509 5214 _'
1544 5141 1608 5214 __6
1656 5156 1764 5194 out.
1801 5137 1887 5196 HA.
1932 5142 2010 5214 g"
2054 5144 2219 5214 διεχει

818 5212 862 5241 ⁸¹
908 5207 1328 5279 τετελεσμένων]
1385 5209 1491 5279 vid.
1544 5210 1759 5267 Kuster.
1795 5216 1860 5267 ad
1922 5212 2075 5268 Suid.
2132 5207 2181 5270 ἰ

819 5296 927 5334 om.
956 5283 1021 5334 Α.
1077 5280 1121 5311 ⁸⁸
1146 5278 1477 5349 βαρϐαρικοῦ
1519 5298 1578 5345 ς.

1587 5070 1635 5102 ’³
1664 5070 1925 5142 τετάχθαι
1956 5090 2017 5137 ς.

2133 5074 2178 5105 ⁷⁸
2238 5075 2475 5147 ἐπέθηκε
2527 5095 2560 5142 ς
2574 5114 2588 5129 .

2226 5146 2411 5215 ρίσατο
2466 5164 2527 5211 ς.

2238 5216 2473 5280 Μάλεος.

3865 5074 3911 5105 ⁷⁸
3938 5073 4078 5125 Δόϐ-

3452 5143 3614 5266 τότέόν
3644 5139 3867 5279 Egesta;
3890 5139 3988 5243 ἦῖδ

2666 5077 2710 5107 ⁷⁸
2740 5076 2834 5128 καὶ
2864 5074 2962 5144 τῆς
3014 5074 3110 5127 Πλ.
3170 5089 3230 5144 ς.
3334 5074 3401 5103 ⁷⁸⁸
3429 5075 3505 5136 εἰς
3549 5088 3672 5144 om1

2635 5148 2680 5179 ⁷⁹
2704 5137 3316 5214 λοιποῖςάίχμαλώτοις
3356 5161 3426 5208 ς.
3542 5143 3587 5174 ⁸⁸
3645 5137 3737 5266 ην]
3788 5142 3845 5195 δὲ

2663 5218 2813 5266 παρὰ
2842 5217 2886 5266 Α
2921 5234 2934 5266 :
2968 5216 3094 5266 περ).
3118 5232 3180 5266 ς.
3261 5213 3309 5246 ⁸⁸
3332 5216 3424 5266 τὸν
3452 5214 3614 5266 τόπον
3644 5230 3668 5266 ε
3698 5230 3784 5266 ναι
3806 5230 3845 5266 ς

2585 5219 2630 5249 ⁸¹
2663 5218 2813 5287 παρά
2842 5217 2886 5270 A
2921 5234 2934 5269 :
2968 5216 3094 5285 περ).
3118 5232 3180 5279 ς.

2300 5375 2531 5433 NOTAE.

893 5531 1006 5602 (12)
1037 5531 1274 5603 Subaudi
1311 5532 1560 5600 frumenti
1591 5531 1812 5599 publici,
1873 5532 2016 5600 quod
2053 5525 2253 5586 viritim
2289 5548 2394 5603 pu-

823 5602 964 5682 blice
1000 5609 1198 5682 populo
1225 5602 1382 5655 Rom.
1416 5603 1871 5669 disuibuehatur,
1898 5604 1962 5656 de
1992 5616 2099 5671 quo
2132 5602 2299 5657 multa
2338 5605 2390 5658 in

824 5687 993 5741 tmpp.
1034 5683 1333 5740 rescriptis.

896 5740 1010 5811 (45)
1036 5742 1221 5797 Graece
1256 5751 1337 5798 est
1390 5740 1498 5813 πρὸ
1542 5741 1639 5811 τῆς
1675 5740 2094 5811 Βαρκέλλωνος,
2140 5754 2197 5802 ut
2233 5743 2392 5802 hodie

2502 5534 2700 5591 dicitur
2730 5551 2743 5586 :
2778 5534 3074 5604 antiquitus
3102 5550 3232 5589 vero
3254 5534 3506 5599 Barcino,
3542 5534 3717 5590 Plinio
3738 5544 3794 5590 et
3828 5532 4075 5593 Paulino.

2574 5604 2685 5673 (44)
2722 5603 2925 5673 Sigon.’
2944 5615 2998 5658 et
3028 5606 3118 5659 alii
3153 5603 3329 5658 Vallia
3358 5607 3662 5661 ediderunt.

2574 5676 2687 5745 (45)
2716 5674 3112 5732 Commendare
3156 5688 3388 5731 conatur
3435 5678 3596 5733 homo
3629 5677 3881 5732 ethnicus
3923 5692 4075 5730 suam

2503 5745 2969 5816 superstitionem.
