4224 6442
166 421 274 487 ΰθ

1274 420 1801 482 BIBLIO’I‘HECA.
1840 445 1910 459 τ·-
1947 422 2114 483 COD.
2156 420 2387 481 LXXX.

3335 421 3443 487 270

168 540 379 609 ἐσθῆτα
398 577 414 601 ,
445 538 545 591 καὶ
569 535 851 607 κομῶντες
876 536 978 600 τάς
1010 534 1283 606 κεφαλὰς,
1309 535 1556 599 νεύοντες
1586 538 1679 588 ἐπὶ
1710 538 1771 589 τὸ
1798 543 1836 599 Α

1798 543 2002 599 Αειιιιι
2050 549 2254 605 paucos
2292 542 2412 604 post
2443 533 2581 599 dies,
2640 532 2965 589 Gottborum
3027 534 3262 604 primum
3319 551 3453 604 gens

168 634 424 706 ἀρκτῷον
460 631 647 702 μέρος,
691 629 945 683 τουτέστι
983 630 1126 683 κατὰ
1154 630 1247 683 τοῦ
1294 630 1631 701 βαρϐαρικοῦ
1658 628 1766 701 χώ-

172 742 288 795 ρου.
355 717 461 777 Ὧν
500 722 835 789 ἀνδριάντων
882 722 1301 799 άναληφθέντων
1356 723 1614 793 πάραυτα
1675 723 1767 775 καὶ

173 814 291 882 μετ’
336 813 534 877 ὀλίγας
557 812 768 881 ἡμέραις
789 810 1003 880 πρῶτον
1033 810 1132 881 μὲν
1155 812 1215 862 τὸ
1235 810 1283 843 ⁸⁸
1310 811 1521 865 Γότθων
1548 812 1698 875 εθνος
1720 812 1768 844 ⁸⁷

169 908 359 957 πᾶσαν
388 905 666 975 ἐπιτρέχει
689 903 790 973 τὴν
814 902 1055 973 Θρᾴκην,
1084 901 1277 970 ἐμελλε
1298 902 1356 956 δέ
1391 904 1588 973 μικρὸν
1612 902 1767 957 ὓστε-

172 1014 264 1065 ρον
296 997 394 1048 καὶ
424 997 486 1047 τὸ
508 998 615 1048 τῶν
648 994 864 1047 υῦννων
893 993 1072 1046 καὶτὸ
1105 992 1213 1045 τῶν
1247 994 1555 1064 Σαρματῶν
1592 1013 1763 1048 κατα-

170 1088 507 1155 δραμεῖσθαι
536 1087 598 1138 τό
625 1105 683 1139 τε
724 1086 1016 1156 Ἰλλυρικὸν
1054 1084 1149 1138 καὶ
1182 1084 1355 1155 αὐτὴν
1384 1088 1481 1157 τὴν
1511 1087 1755 1158 Θρᾴκην·

1870 627 2181 681 universam
2210 626 2444 680 incurrit
2464 624 2778 689 Thraciam;
2808 623 3113 694 futuraeque
3156 637 3277 695 post
3307 628 3452 699 60b

1873 720 2042 790 paulo
2082 728 2242 774 erant
2268 716 2586 773 Hunnorum
2616 732 2679 789 ac
2708 718 3079 773 Sarmatarum
3120 719 3455 773 incursiones

1870 813 1925 869 in
1985 813 2283 884 Illyricum,
2331 820 2386 865 et
2438 811 2606 881 ipsam
2633 808 2925 866 Thraciam
2969 827 2991 866 :
3030 812 3108 865 uti
3162 812 3451 866 Thraciam

1886 907 2028 962 inter
2058 917 2115 961 et
2144 905 2417 978 Illyricum
2450 906 2552 960 sita
2584 916 2712 959 sunt
2745 906 2859 960 haec
2880 905 3309 960 consecrationis
3336 905 3452 958 loca

1872 1008 1928 1054 et
1984 1001 2144 1053 trium
2213 1009 2519 1056 statuarum
2586 1014 2867 1063 numerus,
2938 1000 3200 1053 adversus
3264 1016 3454 1055 omnes

1866 1101 2052 1160 gentes
2086 1090 2347 1145 barbaras
2398 1095 2749 1157 inauguratus
2794 1092 3095 1149 videbatur.

172 1187 229 1237 ἐν
266 1184 428 1250 μέσῳ
475 1184 583 1251 γὰρ
610 1182 782 1250 αὐτῆς
828 1199 888 1234 τε
940 1182 1161 1252 Θρᾴκης
1188 1183 1281 1237 καὶ
1319 1182 1412 1235 τοῦ
1468 1183 1764 1255 Ἱλλυρικοῦ
1806 1187 2092 1239 κατέκειτο
2120 1187 2188 1240 τά
2226 1186 2325 1256 τῆς
2350 1185 2603 1255 τελετῆς.
2630 1188 2724 1239 καὶ
2749 1184 2912 1257 ἐῴκει
2964 1187 3074 1238 τῶν
3134 1187 3305 1258 τριῶν
3363 1189 3452 1240 ἅν-

172 1275 447 1346 δριάντων
482 1278 511 1327 ὁ
557 1274 792 1344 ἀριθμὸς
848 1275 990 1328 κατὰ
1030 1276 1231 1340 παντὸς
1278 1275 1469 1339 ἔθνους
1486 1278 1532 1309 ⁸⁸
1566 1278 1881 1332 τετελέσθαι
1906 1281 1951 1311 ³⁸
1982 1280 2284 1353 βαρϐάρου.

243 1368 379 1441 [HO
423 1369 533 1441 11.]
571 1370 689 1422 Ὀτι
735 1371 764 1422 ὁ
800 1370 1069 1441 ἱστορικὸς
1121 1372 1373 1442 περὶτοῦ
1412 1374 1617 1426 οἰκείου
1649 1374 1769 1427 δια-

1947 1374 2023 1430 De
2057 1393 2153 1430 sua
2184 1377 2423 1445 scriptor
2458 1376 2547 1431 hic
2577 1376 2924 1447 navigatione
2968 1376 3137 1431 refert
3189 1377 3355 1431 multa
3395 1392 3456 1433 se

173 1459 479 1530 λαμϐάνων
530 1461 757 1513 διάπλου
810 1460 980 1514 πολλὰ
1029 1460 1225 1513 παθεῖν
1289 1462 1387 1514 καὶ⁵
1438 1463 1770 1532 δυστυχῆσαί

1876 1469 2102 1522 adversa
2129 1470 2443 1538 pertulisse.
2485 1469 2727 1524 Athenas
2777 1486 2992 1540 quoque
3031 1471 3304 1540 appulisse
3334 1479 3451 1524 tra-

178 1570 337 1623 φησι.
370 1554 540 1619 Λέγει
568 1553 624 1605 δέ
654 1553 750 1605 καὶ
779 1555 860 1615 είς
886 1554 985 1615 τὰς
1027 1554 1262 1623 Ἀθήνας
1288 1558 1548 1625 κατᾶραι,
1580 1559 1676 1610 καὶ
1704 1560 1768 1627 τῇ

1875 1561 1975 1624 dit,
2008 1576 2215 1630 suoque
2242 1562 2421 1615 studio
2460 1571 2515 1615 et
2544 1576 2673 1614 cura
2700 1564 2762 1613 ad
2792 1563 3145 1629 soiihisticam
3172 1564 3333 1616 etiam
3367 1578 3451 1618 se.

175 1644 349 1697 αὑτοῦ
386 1646 596 1713 σπουδῇ
643 1647 738 1697 καὶ
770 1644 1062 1715 ἐπιμελείᾳ
1101 1647 1181 1708 είς
1215 1647 1263 1678 ’⁸
1315 1647 1403 1699 τὸν
1460 1648 1772 1714 σοφιστικὸν

1875 1653 1997 1706 dem
2031 1664 2278 1707 evectum
2306 1652 2617 1720 Leontium,
2648 1655 2861 1708 tametsi
2900 1654 2950 1708 id
2985 1654 3075 1708 ille
3107 1670 3448 1724 nequaquam

178 1738 373 1803 θρόνον
399 1736 703 1806 ἀναχθῆναι
739 1738 990 1790 Λεόντιον
1030 1738 1181 1791 οὔπω
1212 1740 1483 1794 ἐθέλοντα.
1515 1742 1675 1809 Λέγει
1715 1742 1770 1794 δὲ
1805 1786 1845 1840 Β

1805 1786 1845 1840 Β
1874 1745 2058 1800 vellet.
2120 1745 2225 1800 Sed
2261 1756 2315 1799 et
2368 1745 2434 1799 de
2477 1747 2636 1813 pallio
2675 1748 2968 1816 sophistica
3019 1746 3130 1817 (46)
3178 1749 3452 1802 memoriae

175 1829 273 1881 καὶ
320 1832 455 1899 περὶ
474 1829 569 1881 τοῦ
603 1830 865 1899 τρίϐωνος
886 1870 899 1891 ,
934 1829 1010 1894 ὡς
1038 1833 1138 1885 οὐκ
1160 1832 1287 1901 ἐξῆν
1318 1833 1456 1886 κατὰ
1481 1835 1579 1897 τὰς
1614 1836 1770 1903 Ἀθή-
1805 1829 1843 1840 ”

1805 1829 1845 1840 ”
1877 1838 2141 1908 prodidit,
2185 1840 2383 1893 nemini
2432 1840 2753 1907 (praesertim
2798 1854 2926 1894 vero
2972 1851 3161 1893 extero
3200 1838 3452 1906 homini),

176 1937 274 1982 νας
323 1920 726 1989 περιϐαλέσθαι
757 1920 921 1973 αὐτόν
954 1938 1098 1986 τινα,
1132 1925 1226 1974 καὶ
1256 1924 1493 1993 μάλιστα
1527 1924 1693 1988 ξένον,
1726 1918 1771 1992 ᾧ

1873 1933 2103 1985 Athenis
2147 1933 2195 1984 id
2227 1942 2443 1999 gestare
2488 1932 2739 1991 licuisse;
2790 1933 2887 1986 nisi
2927 1934 3295 1999 sapltistarum
3337 1932 3451 1987 sui-

179 2013 255 2081 μὴ
275 2012 321 2043 ⁹¹
354 2012 467 2063 τῶν
498 2010 771 2079 σοφιστῶν
810 2014 844 2083 η
891 2010 1086 2082 γνώμη
1112 2015 1382 2084 ἐπέτρεπε
1417 2017 1510 2068 καὶ
1538 2018 1595 2069 αῖ
1628 2018 1770 2070 κατὰ

1875 2023 2047 2093 fragin
2090 2022 2207 2090 ejus
2254 2022 2491 2093 gestatio
2523 2023 2597 2075 illi
2641 2037 2925 2085 concessa,
2974 2023 3318 2091 dignitasque
3349 2024 3450 2077 ista

175 2104 304 2162 τοὺς
331 2104 683 2170 σοφιστικοὺς
699 2103 897 2171 νόμους
920 2105 1133 2158 τελεταὶ
1151 2106 1434 2160 ἐϐεϐαίουν
1451 2109 1511 2158 τὸ
1527 2106 1765 2177 ἀξίωμα.

174 2188 284 2245 Ἶιν
318 2193 378 2245 δέ
418 2194 467 2224 ⁹¹
498 2195 567 2245 τὰ
599 2194 903 2262 τελούμενα
933 2195 1185 2249 τοιαῦτον
1231 2196 1456 2267 Πρῶτον
1493 2199 1590 2268 μὲν
1637 2216 1767 2251 κατ⁴

176 2287 379 2354 ήγοντο
397 2286 491 2337 ἐπὶ
511 2286 569 2337 τὸ
587 2286 850 2355 δημόσιον
870 2286 1154 2357 βαλανεῖον
1174 2292 1287 2343 ὅσοι
1313 2292 1586 2360 νεήλυδες,
1617 2292 1683 2346 άν
1708 2308 1768 2344 τε

181 2377 370 2445 μικροὶ
402 2378 469 2429 ἄν
500 2392 561 2427 τε
599 2377 845 2444 μεγάλοι.
910 2378 999 2443 Ἐξ
1030 2371 1106 2431 ὧν
1142 2379 1238 2431 καὶ
1268 2382 1315 2432 οί
1362 2382 1496 2448 πρὸς
1533 2382 1622 2435 τὸν
1650 2382 1767 2453 τρίς

178 2470 328 2521 ϐωνα
363 2468 695 2538 ἐπιτήδειοι,
731 2470 947 2538 ἡλικίας
985 2471 1084 2541 ἤδη
1118 2472 1311 2545 καιροῦ
1355 2473 1641 2540 γεγονότες
1674 2473 1768 2538 οὓς

176 2564 256 2621 εἰς
292 2561 464 2630 μέσον
510 2560 733 2613 ἔϐαλλον
761 2563 811 2614 oi
850 2563 1182 2631 κατάγοντες
1234 2564 1599 2633 σχολαστικοί.
1634 2561 1768 2619 Εἶτα

176 2651 287 2703 τῶν
323 2652 427 2720 μὲν
461 2652 772 2723 ἔμπροσθεν
814 2655 1115 2723 τρεχόντων
1152 2656 1247 2707 καὶ
1284 2656 1626 2719 κωλυόντων,
1660 2657 1767 2710 τῶν

174 2744 233 2796 δὲ
293 2744 593 2797 ὠθούντων
630 2748 725 2798 καὶ
769 2748 1097 2816 ἐπεχόντων,
1139 2749 1358 2803 πάντων
1410 2751 1465 2803 δέ
1501 2751 1612 2804 τῶν
1661 2769 1767 2804 κω-

177 2834 418 2888 λυόντων
476 2837 652 2893 ταῦτα
707 2839 956 2909 βοώντων
997 2862 1016 2894 ι
1051 2845 1190 2907 Στᾶ,
1226 2847 1364 2909 στᾶ,
1414 2847 1474 2898 οὺ
1507 2847 1686 2913 λούει,
1742 2867 1760 2898 ι

178 2933 560 2997 κατακρατεῖν
603 2931 766 3000 δῆθεν
842 2933 938 2986 τοῦ
989 2936 1199 3003 ἀγῶνος
1255 2938 1472 2990 ἐδόκουν
1525 2940 1575 2991 oi
1638 2940 1765 2992 άντ-

176 3016 455 3079 ωθοῦντες
501 3021 581 3081 εἰς
611 3022 777 3092 τιμὴν
811 3023 906 3075 τοῦ
938 3025 1315 3093 καταγομένου
1371 3026 1760 3096 σχολαπικοῦ,

1873 2118 2243 2185 sophistarum
2287 2117 2463 2187 legum
2503 2116 2698 2170 ritibus
2722 2127 2870 2171 esset
2899 2117 3255 2171 conllrmata.
3293 2116 3451 2169 Ritus

1873 2222 2076 2270 autem,
2106 2209 2197 2280 qui
2239 2212 2663 2279 peragebantur,
2722 2210 2853 2264 tales
2882 2220 3061 2264 erant.
3108 2210 3347 2264 Primum
3382 2215 3452 2264 ad

1874 2302 2144 2371 publicum
2187 2302 2435 2356 balneum
2469 2302 2876 2356 deducebantur
2921 2304 3011 2372 qui
3045 2304 3232 2357 novitii
3284 2306 3450 2357 adve-

1872 2392 2100 2451 nissent,
2128 2393 2244 2445 sive
2270 2394 2447 2462 parvi,
2480 2392 2589 2445 sive
2609 2392 2959 2460 grandiores:
2999 2401 3164 2460 atque
3192 2394 3331 2447 inter
3350 2395 3449 2448 hos

1870 2486 2032 2540 etiam
2056 2487 2089 2538 ii
2130 2487 2223 2555 qui
2255 2501 2350 2553 per
2386 2495 2599 2539 mtatcm
2629 2488 2694 2537 ad
2727 2484 2947 2551 pallium
2982 2488 3310 2540 sumendum
3336 2488 3444 2557 apti

1870 2589 2047 2643 crant,
2091 2593 2225 2647 quos
2260 2579 2311 2631 in
2342 2578 2576 2629 medimn
2611 2578 3003 2645 protrudehant
3033 2578 3379 2645 scholastici,
3415 2596 3445 2634 a

1872 2672 2066 2741 quibus
2112 2670 2539 2731 deducebantur,
2578 2671 2772 2722 deinde
2813 2671 2937 2724 aliis
2986 2673 3449 2738 przecurrentibus

1872 2773 2031 2829 atque
2067 2762 2511 2831 proltibentibus,‘
2544 2761 2663 2815 aliis
2695 2762 3233 2829 pretrudeutibns,et
3259 2774 3446 2819 contra

1876 2853 2261 2907 tendentibus:
2296 2862 2560 2923 quotquot
2609 2865 2788 2907 autem
2837 2855 3198 2923 prohibebant
3247 2857 3448 2912 vncil‘e-

1882 2946 2172 2999 rautibns:
2215 2964 2233 2997 ι
2273 2946 2388 3009 Sta,
2415 2956 2520 3007 sla,
2580 2962 2682 2998 non
2725 2945 2865 3007 lava,
2910 2966 2928 2998 ι
2958 2947 3319 3003 ἠἰΙιίΙοιιιίηηε
3362 2960 3446 3002 ta-

1871 3053 1990 3092 men
2016 3039 2071 3093 iu
2104 3040 2398 3093 certamine
2425 3038 2457 3091 ii
2493 3038 2813 3091 videbantur
2834 3038 3108 3103 obtinere,
3137 3041 3228 3109 qui
3256 3041 3307 3093 in
3345 3042 3441 3093 ho-

178 3110 330 3172 ὅστις
408 3112 549 3178 μετὰ
619 3113 818 3184 πολλὴν
866 3114 1038 3185 ὥραν,
1108 3117 1352 3180 στάσεως
1408 3118 1610 3188 πολλῆς
1671 3120 1763 3172 ἐπὶ
1792 3136 1834 3193 c

1792 3136 1834 3193 C
1872 3147 2055 3185 norem
2109 3130 2446 3193 scholastici,
2498 3144 2658 3199 quem
2710 3129 3073 3192 deducebant,
3116 3132 3442 3186 obsistentes

177 3201 294 3260 τοῖς
348 3202 706 3271 προαχθεῖσιν
770 3206 982 3275 ἐθίμοις
1053 3210 1260 3278 ῥήμασι
1321 3212 1763 3281 προγενομένης,

178 3292 468 3360 εἰσάγεται
497 3298 575 3357 είς
603 3297 694 3347 τὸν
720 3295 923 3365 θερμὸν
959 3295 1106 3351 οἶκον
1140 3303 1231 3352 καὶ
1265 3302 1621 3354 άπολούεται·
1645 3297 1764 3356 εἶτα

179 3384 548 3452 ἐνδυσάμενος
580 3387 792 3457 ἐδέχετο
838 3392 937 3459 τὴν
980 3392 1075 3444 τοῦ
1120 3393 1387 3462 τρίϐωνος
1430 3395 1677 3459 ἐξουσίαν
1696 3396 1760 3462 ⁸³,

176 3477 272 3527 καὶ
301 3476 531 3528 αὐτόθεν
551 3480 687 3546 μετά
716 3479 810 3533 τοῦ
850 3482 1106 3548 τρίϐωνος
1133 3485 1197 3536 ἐκ
1227 3485 1319 3537 τοῦ
1363 3484 1645 3554 βαλανείου
1674 3488 1765 3539 ἐν·

176 3565 325 3636 τίμῳ
356 3568 457 3620 καὶ
490 3570 758 3641 περιδόξῳ
797 3573 1267 3645 δορυφορούμενος
1312 3581 1501 3647 πομπῇ
1558 3579 1761 3649 ἀπῄει,

176 3658 426 3721 δαπάνας
466 3662 722 3728 ἐπιγνοὺς
753 3667 990 3736 φανεράς
1040 3670 1121 3729 εἰς
1151 3670 1277 3731 τοὺς
1320 3669 1430 3721 τῶν
1472 3670 1763 3742 διατριϐῶν

176 3753 495 3820 προστάτας
520 3756 645 3818 τοὺς
670 3756 995 3828 λεγομένους
1037 3762 1384 3830 ’Λκρωμίτας
1590 3743 1603 3753 ’

249 3928 377 3981 Ὅτι
408 3930 461 3980 oi
494 3930 789 3985 Οὐάνδαλοι
814 3934 941 3998 τοὺς
958 3935 1188 4000 Γότθους
1221 3941 1516 4007 Τρούλους
1533 3942 1760 3996 καλοῦσι

1874 3224 2244 3276 retrudebant.
2272 3221 2511 3275 Tandem
2542 3232 2660 3289 post
2695 3222 2906 3289 longam
2936 3239 3165 3287 moram,
3188 3224 3441 3277 multam-

1870 3328 1974 3382 que
2000 3313 2068 3365 ob
2109 3313 2252 3365 illata
2284 3329 2348 3366 ex
2385 3330 2533 3367 more
2578 3313 2720 3366 ultro
2754 3314 2997 3382 citroque
3028 3315 3187 3369 verba
3220 3328 3443 3372 conten-

1871 3406 2092 3466 tionem,
2139 3406 2181 3458 is
2213 3407 2301 3473 qui
2328 3406 2635 3467 deducitur,
2661 3406 2712 3457 in
2735 3406 2964 3459 Calidum
3002 3408 3196 3462 cellam
3228 3410 3439 3465 induci-

1869 3506 1979 3562 tur,
2010 3497 2189 3567 ibique
2219 3498 2475 3550 abluitur.
2511 3498 2577 3549 At
2621 3509 2905 3565 postquam
2950 3516 3009 3553 se
3052 3500 3246 3565 induit,
3289 3502 3439 3571 pallii

1869 3590 2183 3656 dignitatem
2232 3591 2448 3658 accipit,
2482 3600 2649 3658 atque
2676 3591 2871 3643 exinde
2902 3608 3022 3644 cum
3066 3594 3229 3661 pallio
3260 3609 3292 3648 e
3328 3595 3442 3647 bal-

1870 3696 1991 3746 neo,
2019 3680 2222 3735 celebri
2278 3692 2331 3735 et
2365 3684 2659 3736 bonoritica
2692 3684 2925 3752 stipatus
2957 3698 3171 3753 pompa,
3202 3686 3439 3753 digredi-

1869 3786 1978 3840 tur,
2034 3776 2269 3831 decretis
2312 3777 2597 3831 luculentis
2652 3779 2960 3848 sumptibus
3014 3777 3068 3831 in
3124 3778 3432 3833 scholarum

1869 3867 2165 3929 antistites,
2194 3869 2288 3937 qui
2322 3869 2574 3922 dicuntur
2595 3869 2885 3923 Acromita:
2920 3868 3054 3940 (4'7).

1938 3958 2161 4015 Vandali
2190 3959 2419 4014 Gotthos
2446 3962 2713 4029 appellant
2739 3959 2948 4025 Truloa,
2984 3972 3263 4030 propterea
3293 3962 3434 4031 quod

174 4018 260 4071 διὰ
288 4019 351 4071 τὸ
381 4019 531 4089 λιμῷ
561 4024 915 4093 πιεζομένους
945 4028 1142 4092 αὐτοὺς
1166 4029 1397 4100 τροῦλαν
1430 4034 1578 4086 σίτου
1610 4036 1760 4105 παρὰ

1865 4050 1918 4105 1ιί
1946 4053 2122 4106 enecti
2171 4053 2466 4132 aliquando
2518 4053 2683 4116 fame,
2730 4054 2894 4107 tritici
2930 4055 3124 4107 trulam
3156 4069 3185 4108 a
3216 4054 3429 4108 Vanda-

173 4111 282 4163 τῶν
318 4112 645 4168 Οὑανδάλων
683 4118 977 4186 ἀγοράζειν
1025 4121 1143 4184 ἐνὸς
1201 4141 1233 4192 χ

171 4204 379 4274 τροῦλα
406 4206 530 4258 οὐδέ
561 4209 742 4277 τρίτον
774 4210 963 4273 ξέστου
1000 4216 1191 4284 χωρεῖ,

242 4295 368 4349 Ὀτι
428 4297 574 4350 κατά
616 4300 715 4363 τὰς
777 4301 1051 4365 Ἱσπανίας
1100 4306 1207 4359 τῶν
1237 4308 1554 4364 Οὖανδάλων
1583 4328 1755 4366 κατα-

1240 4124 1455 4192 ρυσίνου
1480 4126 1559 4158 ’⁸⁸
1617 4128 1650 4198 ἡ
1702 4128 1759 4181 δδ
1864 4144 1929 4197 Iis
1956 4159 2119 4197 aureo
2156 4127 2261 4197 uno
2296 4146 2642 4198 redimerent.
2678 4143 2842 4199 Trula
2880 4160 2908 4196 v

1757 4149 1759 4177 ⁵
1864 4144 1929 4197 Iis
1956 4159 2119 4197 aureo
2156 4127 2261 4197 uno
2296 4146 2642 4198 redimerent.
2678 4143 2842 4199 Trula
2880 4160 3009 4199 vero
3042 4148 3279 4201 nondum
3317 4157 3425 4202 ter-

1864 4235 1994 4289 tiam
2035 4238 2249 4289 sextarii
2294 4246 2497 4305 partetn
2527 4237 2690 4305 Capit.

1931 4324 2065 4379 Dum
2095 4325 2317 4381 Vandali
2336 4326 2625 4397 Hispanias
2645 4340 2964 4395 vastassent,
2991 4331 3080 4398 qui
3110 4330 3164 4385 in
3187 4339 3429 4385 muratas

168 4386 513 4454 δραμόντων,
546 4390 768 4443 καὶτῶν
809 4392 1095 4462 Ῥωμαίων
1118 4398 1197 4460 είς
1222 4398 1322 4460 τὰς
1345 4403 1756 4471 τετειχισμένας

1861 4430 1920 4468 se
1952 4416 2113 4469 urbes
2139 4414 2368 4470 Romani
2402 4429 2740 4487 receperant,
2764 4434 2828 4473 eo
2860 4420 3053 4474 inedia
3076 4423 3253 4475 adacti
3278 4431 3424 4485 sunt,

170 4478 357 4539 πόλεις
393 4482 844 4549 καταφυγόντων,
895 4486 1148 4550 τοσοῦτος
1201 4490 1378 4541 αὐτῶν
1426 4490 1580 4560 λιμὸς
1618 4511 1749 4546 κατε
1786 4488 1831 4542 Ι)

168 4568 483 4636 εκράτησεν
530 4568 604 4632 ὡς
647 4573 726 4633 εἰς
766 4573 1173 4645 ἀλληλοφαγίαν

165 4658 305 4727 γυνὴ
332 4659 581 4730 τέσσαρα
614 4663 778 4714 τέκνα
808 4664 1006 4733 ἔχουσα
1052 4669 1231 4722 πάντα
1280 4671 1575 4739 κατέφαγε,
1614 4676 1750 4744 πρό-

1859 4512 1917 4559 ut
1959 4506 2189 4560 invicem
2230 4524 2287 4563 se
2319 4509 2744 4565 Ianiandoedere
2767 4524 3112 4579 cogerentur.
3140 4512 3215 4567 ibi
3237 4515 3429 4570 mulier

1213 4579 1592 4674 ἔκδιαςθῆναι·
1641 4585 1752 4637 Καὶ
1859 4613 1986 4661 uua,
2030 4610 2265 4667 quatuor
2298 4601 2587 4655 liberorum
2639 4611 2834 4668 mater,
2877 4626 2881 4650 ι

1859 4613 1986 4661 uua,
2030 4610 2265 4667 quatuor
2298 4601 2587 4655 liberorum
2639 4611 2834 4668 mater,
2877 4618 3067 4659 omnes
3102 4606 3422 4674 devoravit;

1856 4688 1923 4740 ad
1958 4689 2195 4759 singulos
2221 4702 2543 4759 praetexens,
2576 4693 2816 4762 reliquos
2842 4710 2901 4751 se
2932 4695 3095 4761 alere,
3126 4713 3192 4752 ac
3216 4699 3427 4753 salvare

166 4763 339 4814 φασιν
387 4748 475 4815 ἐφ’
515 4752 747 4805 ἐκὰστου
800 4757 1097 4827 ποιουμένη
1151 4761 1252 4829 τὴν
1298 4763 1407 4815 τῶν
1441 4766 1748 4821 ὑπολοίπων

1853 4778 2009 4841 velle,
2044 4748 2237 4835 donec
2260 4782 2511 4837 omnibus
2530 4748 2541 4755 Ι
2557 4748 2862 4855 absumptis
2879 4748 3239 4856 vlapidibuavav

164 4838 376 4907 τροφὴν
418 4841 513 4891 καὶ
566 4843 858 4912 σωτηρίαν,
884 4847 989 4910 ἕως
1036 4848 1102 4903 ἂν
1139 4852 1314 4905 πάντα
1359 4857 1749 4926 καταφαγοῦσα

508 4877 513 4891 .
566 4843 858 4912 σωτηρίαν,
884 4847 989 4910 ἕως
1036 4848 1102 4903 ἂν
1139 4852 1314 4905 πάντα
1359 4857 1749 4926 καταφαγοῦσα
1851 4872 2043 4925 obruta
2075 4881 2176 4926 est.

164 4929 334 4993 λίθοις
368 4931 475 4984 ὑπὸ
499 4932 591 4985 τοῦ
622 4934 794 5005 δήμου
828 4938 1090 5009 ἀνῃρέθη.

234 5020 363 5074 Ὀτι
388 5022 718 5089 Εὑπλούτιος
747 5029 775 5080 ό
807 5033 1198 5102 μαγιστριανὸς
1241 5035 1374 5106 πρὸς
1405 5038 1652 5106 Οὑάλιον,
1680 5042 1743 5107 ὃς

1919 5051 2065 5122 θια
2091 5053 2373 5121 Euplutins
2400 5054 2783 5124 magistrianus
2824 5059 2890 5113 ad
2919 5057 3130 5114 Valium
3155 5060 3267 5131 (ιε)
3289 5061 3423 5117 Got-

164 5098 274 5167 τῶν
334 5113 377 5166 Γ
378 5113 553 5167 ότθων
612 5117 949 5189 ἐχρημάτιζε
1002 5098 1296 5196 φύλαρχος,
1350 5098 1741 5187 άποστέλλέται

1852 5098 2066 5192 ιιιδῖιῖὶιι
2104 5098 2415 5209 praefectum
2464 5098 2722 5208 diluitur,
2760 5148 2852 5217 qui
2892 5149 3043 5217 pacis
3067 5098 3273 5206 leader;
3315 5152 3418 5207 ini-

1460 5298 1697 5355 VARUE
1738 5301 2149 5361 LECTIONES~

232 5398 759 5511 ἷὲἷῶδρτῶνοῖξυ
782 5404 1973 5511 1159.3“.AJ.Effifsfi5°32“991A
1998 5426 2376 5511 .ἷ⁹.Ξελετ,σθαε
2408 5448 2472 5511 τε
2494 5502 2538 5511 -.
2558 5434 2603 5465 ”
2624 5431 2724 5507 εις]
2761 5435 2854 5511 καὶ
2884 5438 2965 5500 είς
2986 5444 3079 5511 t-
3159 5439 3203 5472 "
3233 5440 3264 5511 ή
3295 5451 3417 5499 ante

161 5471 271 5525 τῶν
300 5468 455 5540 poitit
477 5490 541 5537 ς.
619 5474 664 5505 ’³
690 5468 759 5545 ἦν
787 5475 869 5547 δέ]
893 5478 965 5533 cf.
992 5468 1383 5551 Wyttenbach:
1406 5468 1615 5559 Eunap.

1868 5495 1923 5550 0.
1998 5498 2044 5529 "
2077 5496 2323 5562 ἐξουσίαν
2351 5502 2605 5568 Αεάξίαν
2624 5495 2724 5569 ς’,⁴
2761 5507 2807 5538 ’⁵
2836 5495 3054 5578 χρυσίον
3088 5530 3151 5578 ς.

227 5698 343 5795 (:6)
356 5697 888 5795 lid'ei‘Bhgregori
904 5705 1165 5795 ilia'zianz-1
1190 5725 1330 5770 orat.
1361 5716 1467 5782 ΞΟ,
1502 5631 2046 5795 theeStOTAOLrigin.

158 5765 813 5859 ﬁfﬁﬁfﬁjljgyaguoﬁ
830 5779 1097 5859 postniuit.
1126 5765 1331 5859 Eujja'p'.
1363 5765 1723 5859 (ῖῐιὸιιῗιῖίιῖἷὶ

159 5840 234 5894 tio
288 5836 640 5911 Probaercsii,
672 5836 745 5899 ἐι
783 5836 869 5902 ιδ.
938 5846 1142 5922 GorOp.
1196 5836 1467 5913 uatum
1478 5836 1725 5917 1lita-"iv

1908 5799 2020 5883 (’41)
2052 5800 2114 5883 ρὶ
2144 5803 2390 5883 μείξονες
2417 5804 2707 5883 Hesychio,
2741 5818 2793 5865 et
2821 5810 2977 5881 quasi
3006 5813 3337 5883 superiores.

1912 5867 2023 5939 (48)
2058 5867 2187 5941 Sup.
2238 5871 2438 5930 Veliam
2470 5867 2698 5932 vo'cavit.
