4224 6442
800 385 901 451 211

1952 391 2215 451 PHOTII
2252 392 2755 456 ΡΑΤΒΙΛΒΟΠΛΞ
2792 397 2904 453 til'.

3951 391 4074 454 επ

802 512 902 565 ret,
962 497 1369 568 Placidiamqne
1428 502 1721 572 reciperet.
1785 504 1877 559 llle
1914 521 2045 560 vero
2090 508 2379 562 commode

2489 512 2569 577 ἐφ’
2598 504 2642 578 ᾧ
2672 510 2906 573 σπονδάς
2934 526 2992 562 τε
3028 507 3216 561 θέσθαι
3280 505 3560 575 εἰρηνικὰς
3611 504 3705 555 καὶ
3760 504 4071 557 ἀπολαϐεῖν

805 594 1028 663 recepit,
1068 591 1799 660 missaquefrumentatione
1829 607 2213 651 sescentorum
2257 597 2377 651 mil-

802 685 952 751 lium,
982 682 1224 738 Placidia
1264 684 1519 753 Euplutio
1558 688 1779 753 tradita,
1823 689 1889 742 ad
1935 688 2235 743 Honorium
2274 689 2379 743 fra-

800 786 937 831 trem
965 776 1280 832 remittitur.

871 955 1004 1010 Cum
1054 955 1283 1010 Athenis
1338 954 1544 1025 inquiri
1599 964 1839 1023 coeptum
1902 967 2087 1021 esset,
2138 974 2377 1027 quonam

804 1049 961 1100 modo
992 1046 1351 1117 conglutinari
1386 1056 1607 1115 possent
1634 1046 1786 1109 libri,
1822 1046 2033 1103 discere
2082 1049 2377 1117 quaerenti-

802 1140 903 1193 hns
957 1139 1172 1193 modum
1215 1138 1462 1208 glutinis,
1514 1137 1828 1205 Philtatins,
1880 1141 2170 1207 scriptoris
2218 1141 2379 1211 hujus

800 1233 1000 1299 socius,
1045 1233 1099 1287 in
1136 1248 1195 1286 re
1227 1233 1492 1285 litteraria
1537 1233 1676 1288 bene
1727 1234 2064 1299 industrius,
2116 1237 2376 1299 ostendit,

801 1340 970 1393 quare
1015 1335 1069 1380 et
1112 1324 1338 1379 honoris
1383 1326 1559 1393 gratia
1611 1334 1847 1382 statuam
1890 1325 1966 1379 illi
2013 1327 2164 1382 cives
2205 1325 2377 1381 collo-

800 1424 948 1468 ttattt.

874 1508 949 1563 De
1000 1507 1124 1563 Oasi
1182 1518 1376 1563 auctor
1422 1508 1591 1563 multa
1647 1517 1836 1563 narrat
1884 1507 2248 1563 incredibilia.
2300 1507 2379 1562 De

804 1602 917 1667 t'jtls
966 1601 1201 1669 primum
1249 1600 1514 1668 temperie
1551 1618 1566 1654 :
1600 1611 1656 1654 et
1686 1602 1831 1669 quod
1881 1614 2039 1655 sacro
2071 1601 2141 1652 ibi
2189 1601 2379 1654 morbo

804 1709 908 1745 non
950 1694 1109 1745 modo
1145 1692 1273 1745 nnlli
1309 1692 1579 1756 laborent,
1620 1692 1715 1745 sed
1754 1694 1918 1745 etiam
1960 1692 2004 1744 si
2037 1693 2128 1760 qui
2160 1693 2380 1745 aliunde

801 1783 1113 1846 adveniant,
1154 1797 1219 1835 eo
1256 1781 1576 1845 liberentur,
1616 1782 1686 1836 ob
1730 1783 2018 1848 benignam
2066 1781 2211 1835 aeris
2244 1791 2380 1833 tem-

2483 604 2583 674 τὴν
2618 605 2911 657 Πλακιδίαν
2943 620 2957 635 ·
2994 604 3022 654 ὀ
3044 601 3353 670 δὲξέτοίμως
3413 598 3646 666 δέχεται.
3680 598 3788 648 Καὶ
3816 598 4071 650 ἀποστα-

2484 695 2665 757 λέντος
2684 695 2835 764 αὐτῴ
2863 695 3009 746 σίτου
3029 696 3085 745 ὲν
3118 693 3373 762 μυριάσιν
3406 687 3669 756 ἑξήκοντα
3696 686 3994 739 ἀπολύεται
4017 687 4070 718 ⁹⁶

2486 786 2749 838 Πλακιδία
2810 784 3178 854 παραδοθεῖσα
3232 778 3548 846 Εὐπλουτίῳ
3601 777 3739 847 πρὸς
3801 776 4073 847 Ὅνώριον

2484 864 2574 933 τὸν
2597 881 2799 932 οἰκεῖον
2824 877 2995 946 αὐτῆς
3020 875 3268 942 ἀδελφόν.

2554 972 2677 1023 Ὅτι
2733 972 3045 1039 ζητήματος
3092 968 3149 1019 εν
3187 968 3307 1028 ταῖς
3370 965 3621 1033 Ἀθήναις
3682 959 4074 1028 ἀνακύψειν-τος

2487 1063 2615 1129 περὶ
2658 1062 2768 1114 τῶν
2812 1058 3224 1127 κεκολλημένων
3246 1058 3291 1087 ⁹⁶
3320 1056 3541 1125 βιϐλίων
3566 1053 3757 1125 μαθεῖν
3809 1051 3938 1123 [192
3968 1049 4073 1120 3.]

2482 1155 2595 1214 τοῖς
2622 1149 2939 1221 ἐπιζητοῦσι
2963 1150 3023 1201 τὸ
3046 1149 3243 1219 μέτρον
3268 1148 3364 1199 τοῦ
3397 1147 3588 1200 κόλλου
3605 1147 3673 1212 δ’,
3696 1144 3977 1204 Φιλτάτιος
3994 1142 4073 1172 ’ν’

2483 1248 2512 1298 ὀ
2542 1245 2637 1297 τοῦ
2671 1243 2944 1313 ἱστορικοῦ
2974 1242 3209 1310 ἑταῖρος,
3243 1239 3458 1307 εὐφυῶς
3491 1238 3621 1308 περὶ
3665 1232 4078 1305 γραμματικὴν

2484 1338 2645 1406 ἔχων,
2679 1338 2839 1388 τοῦτο
2891 1332 3133 1397 ἐπέδειξε
3151 1331 3219 1397 ⁸⁸⁸,
3269 1332 3366 1385 καὶ
3394 1331 3761 1399 εὐδοκιμήσας
3804 1327 4077 1396 τυγχάνει

2485 1429 2634 1498 παρά
2664 1426 2775 1481 τῶν
2804 1424 3037 1478 πολιτῶν
3066 1423 3295 1486 είκόνος.

2557 1521 2679 1573 Ὂτι
2706 1520 2833 1590 περ)⁸
2858 1518 2959 1588 τῆς
2983 1517 3223 1578 ὀάσεως
3249 1516 3279 1567 ὁ
3296 1514 3649 1585 συγγραφεὺς
3680 1512 3849 1566 πολλά
3877 1526 4078 1578 παρα-

2485 1611 2775 1678 δοξολογεί,
2841 1609 2967 1677 περί
2989 1626 3049 1660 τε
3078 1606 3199 1680 [lli
3234 1605 3324 1677 H.]
3386 1608 3484 1676 τῆς
3538 1604 3835 1675 εὐκρασίας
3865 1604 4074 1671 αὐτῆς,

2487 1707 2580 1756 καὶ
2638 1703 2720 1755 ὅτι
2741 1703 2791 1753 oi.
2810 1698 2907 1769 τὴν
2974 1700 3124 1771 ἱερὰν
3178 1699 3331 1750 νόσον
3361 1697 3575 1767 ἔχοντες
3602 1696 3663 1749 οὺ
3690 1695 3852 1763 μόνον
3883 1694 4077 1744 ἐκεῖσε

2486 1799 2544 1851 οὐ
2594 1797 2870 1863 γίνονται,
2924 1794 3062 1846 ἀλλά
3115 1793 3210 1846 καὶ
3264 1790 3561 1859 ἀλλαχόθεν
3633 1785 4080 1857 παραγινόμενοι

802 1875 1029 1942 periem.
1071 1874 1144 1927 De
1185 1873 1403 1942 cepiosa
1436 1872 1631 1926 deinde
1667 1888 1786 1941 quae
1830 1873 2029 1926 ibidem
2063 1883 2149 1925 est
2192 1888 2375 1929 arena,

2489 1889 2912 1941 ἀπαλλάττονται
2945 1884 3041 1938 τοῦ
3094 1884 3458 1951 νοσήματοςη
3482 1881 3568 1933 διά
3622 1879 3721 1949 τὴν
3773 1878 3868 1929 τοῦ
3903 1878 4078 1947 ἀέρος

803 1967 975 2033 deque
1004 1966 1205 2032 puteis,
1235 1966 1325 2033 qui
1368 1964 1601 2018 fossione
1628 1966 1695 2017 ad
1721 1966 1982 2017 ducentos
1998 1974 2052 2017 et
2077 1971 2377 2028 trecentos,

805 2073 1193 2126 nonnunquam
1268 2072 1399 2111 vero
1444 2046 1608 2111 etiam
1666 2057 1734 2111 ad
1792 2056 2122 2124 quingentos
2171 2054 2383 2107 cubitos

805 2151 970 2214 faeta,
1017 2148 1368 2216 scaturiginis
1412 2150 1561 2201 rivos
1605 2162 1700 2216 per
1743 2146 2011 2201 orificium
2047 2144 2379 2199 effundunt:

774 2243 947 2299 vnnde
976 2256 1074 2310 per
1115 2241 1261 2295 vices
1304 2240 1366 2305 ii,
1405 2242 1493 2309 qui
1535 2240 1809 2295 communi
1844 2238 2030 2293 labore
2067 2252 2204 2308 Opus
2237 2235 2384 2291 fece-

809 2344 957 2399 runt,
990 2334 1276 2398 hauriunt,
1315 2342 1371 2387 et
1407 2348 1534 2385 arva
1568 2348 1665 2387 sua
1697 2332 1877 2401 rigant
1905 2330 2180 2400 agricolae.
2209 2329 2385 2383 Arbo-

807 2442 894 2481 res
927 2426 1038 2497 (ιθ)
1068 2436 1329 2496 perpetuo
1355 2426 1425 2479 ibi
1459 2440 1617 2495 poma
1645 2424 1787 2478 ferre
1818 2434 1872 2477 et
1913 2421 2248 2477 frumentum
2274 2423 2386 2476 illic

809 2530 996 2573 natum
1037 2520 1186 2573 omni
1239 2516 1513 2571 frumento
1567 2531 1690 2572 esse
1743 2516 2114 2584 praestantius,
2156 2516 2385 2582 niveque

807 2612 1113 2665 candidius.
1176 2609 1455 2663 Interdum
1502 2609 1586 2663 bis
1637 2607 1931 2677 quotannis
1990 2607 2253 2660 hordeum
2312 2605 2385 2657 ibi

812 2707 943 2770 seri,
985 2705 1217 2758 millium
1248 2713 1429 2755 autem
1470 2710 1730 2770 perpetuo
1765 2707 1870 2752 ter.
1928 2696 2129 2767 Higare
2181 2695 2388 2751 incolas

811 2798 1027 2853 rnscula
1052 2812 1177 2863 sua,
1202 2805 1393 2850 estate
1425 2794 1586 2847 tertio
1607 2806 1825 2862 quoque
1854 2791 1959 2853 die,
1988 2792 2186 2854 hieme,
2212 2798 2386 2851 sexto,

809 2904 975 2961 atque
1023 2890 1150 2944 hinc
1206 2898 1411 2940 tantam
1467 2896 1627 2939 terra:
1668 2883 2007 2938 fertilitatem
2082 2881 2385 2936 conciliari.

813 2984 1098 3051 Nunquam
1125 2982 1198 3035 ibi
1233 2980 1433 3035 coelum
1482 2979 1654 3032 nubes
1676 2977 2027 3031 contrahere.
2065 2974 2145 3027 Ad
2179 2976 2293 3027 btec
2324 2974 2390 3026 de

814 3076 1130 3147 ltorol0giis,
1161 3088 1282 3143 quae
1305 3073 1505 3125 ibidem
1540 3068 1929 3123 conficiuntur.
1967 3065 2152 3119 ()asim
2184 3080 2391 3117 memo-

814 3182 900 3226 rat
932 3170 1165 3223 iusulam
1215 3165 1347 3218 olim
1388 3162 1582 3223 fuisse,
1619 3170 1785 3228 atque
1820 3173 1849 3211 a
1875 3158 2190 3212 continente
2212 3155 2389 3208 divul-

2482 1979 2800 2049 εὐκρασίαν.
2857 1978 2967 2031 Καὶ
3004 1976 3131 2045 περὶ
3161 1974 3258 2042 τῆς
3287 1973 3517 2042 ψάμμου
3546 1972 3645 2040 τῆς
3675 1971 3881 2041 πολλῆς
3913 1971 4076 2022 ὲκεί-

2482 2089 2576 2140 νης
2596 2072 2691 2123 καὶ
2721 2070 2826 2123 τῶν
2851 2068 3236 2140 ὀρυσσομένων
3262 2068 3535 2136 φρεάτων,
3553 2066 3627 2128 ὼς
3651 2067 3730 2126 είς
3757 2064 4077 2125 διακοσίους

2483 2167 2577 2217 καὶ
2634 2164 3003 2233 τριακοσίους,
3061 2159 3174 2213 ἐσθ’
3205 2160 3294 2213 ὅτε
3323 2159 3380 2210 δὲ
3411 2160 3502 2211 καὶ
3550 2161 3629 2221 εἰς
3673 2156 4081 2216 πεντακοσίους

2486 2264 2681 2327 πήχεις
2728 2256 3072 2325 ὀρυσσόμενα
3129 2251 3494 2316 ἀναϐλύζουσι
3523 2250 3585 2303 τὸ
3622 2248 3838 2321 ῥεῖθρον
3889 2246 4074 2300 αὑτοῦ

2483 2350 2577 2403 τοῦ
2634 2348 2855 2419 στομίου
2907 2345 3274 2417 προχεόμενον
3307 2358 3324 2374 ⁸
3392 2343 3451 2409 ἐξ
3504 2335 3566 2395 οὗ
3619 2341 3757 2394 κατά
3815 2338 4081 2408 διαδοχὴν

2484 2440 2799 2510 ἀρυόμειοι,
2817 2438 2961 2498 ὅσοις
2984 2434 3159 2488 κοινὸν
3178 2434 3369 2502 γέγονε
3395 2432 3456 2484 τὸ
3484 2431 3669 2501 ἔργον,
3695 2430 3791 2492 τὰς
3810 2430 3825 2459 ¹
3857 2427 4079 2489 οἰκείας

2486 2531 2727 2602 ἀρούρας
2778 2525 3091 2590 ποτίζουσιν
3127 2529 3175 2579 οἱ
3202 2524 3461 2594 γεωργοί.
3519 2523 3625 2575 Καὶ
3652 2523 3734 2574 ὃτι
3771 2521 3825 2573 αἰ
3851 2519 4079 2587 ὀπῶραι

2486 2623 2571 2674 ἀεὶ
2599 2625 2710 2683 τοῖς
2739 2619 2976 2688 δένδρεσι
3030 2617 3309 2688 φέρονται,
3367 2616 3462 2668 καὶ
3491 2616 3573 2667 ὅτι
3603 2616 3631 2667 ὁ
3665 2615 3806 2674 σῖτος
3867 2611 4083 2671 παντὸς

2487 2708 2786 2775 κρείττων¹
2825 2708 2972 2758 σίτου
3002 2705 3099 2759 καὶ
3132 2706 3304 2773 χιόνος
3336 2703 3680 2772 λευκότερος,
3719 2700 3815 2753 καὶ
3838 2701 3923 2753 ὅτι
3953 2698 4079 2753 ἐσθ’

2488 2806 2575 2857 ὅτε
2627 2805 2708 2867 δὶς
2737 2802 2830 2857 τοῦ
2883 2803 3037 2867 ἔτους
3078 2804 3365 2873 σπείρεται
3399 2805 3433 2872 ή
3469 2801 3653 2873 κριθὴ,
3682 2801 3803 2870 τρὶς
3824 2801 3882 2853 δὲ
3915 2802 4006 2853 ἀεὶ
4039 2801 4078 2870 ή

2488 2889 3069 2960 κέγχρο;.’Λρδεύουσι
3090 2892 3147 2943 δὲ
3175 2892 3241 2943 τά
3263 2890 3429 2958 γήδια
3449 2890 3628 2942 αὐτῶν
3682 2892 3741 2942 ὲν
3776 2889 3929 2959 θέρει
3970 2890 4081 2955 μὲν

2487 2982 2575 3035 διὰ
2610 2984 2800 3051 τρίτης
2854 2982 3088 3051 ἡμέρας,
3118 2983 3175 3034 έν
3204 2981 3433 3051 χειμῶνι
3463 2980 3518 3033 δὲ
3556 2981 3643 3033 διὰ
3704 2981 3888 3049 ἕκτης,
3917 2982 3981 3045 ἑξ
4006 2974 4073 3034 οὗ

2491 3076 2585 3128 καὶ
2616 3079 2647 3144 ή
2681 3076 2912 3145 εὑφορία
2958 3074 3188 3141 γίνεται.
3238 3077 3349 3128 Καὶ
3374 3077 3490 3128 ὀτι³
3522 3076 3779 3128 οὐδέποτε
3812 3076 4088 3143 συννεφία

2492 3164 2720 3231 γίνεται.
2747 3166 2855 3217 Καὶ
2878 3166 3005 3233 περὶ
3029 3164 3135 3216 τῶν
3157 3166 3497 3233 ποιουμένων
3510 3166 3677 3218 αὑτοῦ
3708 3165 4082 3234 ὡρολογίωνδ.

811 3279 951 3327 sam,
985 3261 1343 3326 eamdemque
1366 3257 1433 3308 ab
1463 3254 1735 3308 Herodoto
1763 3252 1943 3303 vocari
1976 3247 2213 3320 [Thalia]
2248 3246 2384 3301 Bea-

2492 3256 2651 3322 Λέγει
2682 3256 2737 3307 δὲ
2767 3257 2847 3307 ὅτι
2903 3256 3062 3323 νῆσος
3092 3256 3152 3307 τὸ
3191 3254 3415 3307 παλαιὸν
3448 3252 3516 3325 ἦν
3559 3258 3653 3308 καὶ
3684 3256 4087 3325 ἁπεχερσώθη,

813 3368 981 3407 torum
1037 3354 1301 3413 insulam;
1353 3350 1420 3401 ab
1479 3344 1751 3399 Herodoto
1801 3342 1914 3414 (50)
1951 3354 2131 3395 antem
2173 3355 2240 3394 eo
2294 3340 2386 3408 qui

814 3447 1015 3515 Orphei
1062 3460 1125 3497 ac
1174 3441 1356 3495 Musaei
1404 3437 1734 3506 conscripsit
1785 3432 2071 3487 historiam
2118 3430 2389 3486 nominari

818 3535 1152 3591 Phaacidem
1182 3532 1318 3605 (51).
1366 3528 1603 3583 Insulam
1633 3534 1759 3579 ante
1790 3522 1957 3577 fuisse
1998 3537 2065 3577 ex
2095 3537 2161 3575 eo
2208 3519 2391 3589 conje-

825 3638 1009 3682 cturas
1036 3625 1205 3686 ducit,
1224 3623 1366 3691 quod
1390 3628 1541 3672 testae
1568 3618 1813 3679 marinae,
1839 3624 1895 3669 et
1916 3624 2098 3668 ostrea
2124 3612 2392 3681 lapidibus

816 3716 1285 3777 adhtcrescentia,
1340 3714 1391 3765 in
1430 3725 1497 3765 eo
1554 3718 1738 3762 monte
1776 3705 2145 3766 inveniantur,
2188 3702 2279 3772 qui
2324 3715 2391 3754 ex

819 3807 1096 3862 Thebaide
1142 3807 1193 3858 in
1222 3801 1403 3859 Oasim
1438 3799 1604 3854 dncit.
1643 3798 1845 3852 Deinde
1878 3797 2061 3858 etiam,
2093 3795 2235 3862 quod
2265 3808 2391 3861 per-

817 3912 979 3969 petuo
1010 3896 1226 3965 copiosa
1259 3894 1329 3947 ibi
1360 3906 1523 3946 arena
1552 3900 1747 3956 scatet,
1770 3899 1989 3955 tresque
2013 3888 2182 3941 Oases
2200 3885 2390 3953 replet.

817 3990 952 4045 Nam
1003 3991 1165 4044 etiam
1203 3988 1318 4056 ipse
1354 3984 1470 4055 (52)
1509 3994 1620 4036 tres
1663 3980 1835 4035 Oases
1860 3994 1982 4033 esse
2025 3979 2211 4031 tradit.
2251 3975 2395 4029 Duas

818 4099 1064 4153 magnas,
1104 4079 1434 4134 exteriorem
1486 4090 1673 4136 unam,
1711 4073 1938 4126 alteram
1983 4071 2321 4126 interiorem.
2365 4082 2397 4121 θ

820 4176 1038 4242 regione
1073 4172 1176 4226 sibi
1214 4171 1446 4224 invicem
1470 4166 1771 4236 Oppositas,
1821 4173 2036 4217 centum
2081 4161 2394 4215 milliarium

817 4265 967 4337 61b
1013 4264 1189 4333 spatio
1241 4260 1547 4327 interiecto,
1594 4272 1718 4310 cum
1802 4254 1957 4307 tertia
2003 4268 2188 4320 parva.
2236 4251 2395 4317 longo

823 4357 1113 4411 interstitio
1164 4353 1231 4407 ab
1256 4351 1444 4404 alteris
1477 4351 1687 4402 dualms
1729 4358 2003 4414 separata.
2035 4342 2264 4411 Insuper
2295 4343 2398 4396 hoc

819 4453 982 4503 etiam
1017 4452 1336 4516 argumento
1364 4441 1597 4494 insulam
1629 4440 1797 4493 fuisse
1835 4438 2020 4497 tradit,
2060 4438 2200 4504 quod
2228 4448 2397 4501 saepe-

821 4554 1048 4595 numero
1079 4537 1300 4597 accidit,
1339 4543 1400 4587 ut
1441 4534 1617 4601 μίμους
1652 4532 1720 4585 ab
1754 4531 1944 4584 avibus
1983 4544 2047 4583 eo
2098 4529 2261 4582 delati
2314 4532 2390 4578 vi-

2492 3346 2583 3396 καὶ
2636 3349 2715 3397 ὃτι
2749 3346 2949 3414 ταύτην
2975 3347 3128 3398 καλεί
3166 3347 3446 3416 Ἡρόδοτος
3478 3346 3777 3415 Μακάρων
3814 3348 4081 3413 rricrovc'

2502 3436 2803 3504 Ἡρόδωρος
2831 3436 2909 3501 δὲ,
2935 3440 2963 3489 ὁ
2992 3438 3090 3506 τὴν
3118 3438 3362 3507 Ὀρφέως
3402 3440 3498 3491 καὶ
3526 3440 3806 3491 Μουσαίου
3831 3442 4085 3509 συγγρά-

2491 3526 2596 3596 ψας
2628 3528 2893 3596 ἱστορίαν,
2940 3529 3231 3583 Φαιηκίδα
3260 3534 3461 3601 ταύτην
3492 3530 3665 3583 καλεῖ.
3694 3532 4001 3600 Τεκμήριοί
4024 3531 4085 3583 δὲ

2492 3620 2652 3686 νῆσον
2683 3620 2853 3690 αὐτὴν
2905 3621 3187 3687 γεγονέναι
3214 3622 3279 3673 ἐκ
3307 3639 3365 3674 τε
3394 3622 3489 3674 τοῦ
3516 3623 3761 3692 ὀστρακα
3799 3623 4085 3675 θαλάσσια

2492 3711 2585 3762 καὶ
2615 3711 2813 3780 ὄστρεα
2844 3711 3009 3775 λίθοις
3032 3714 3122 3765 τοῦ
3151 3713 3311 3782 ὅρους
3339 3716 3844 3785 προσπεπλασμένα
3868 3716 3889 3746 ⁸
3919 3718 4086 3787 εὑρί-

2494 3803 2718 3855 σκεσθαι
2770 3804 2863 3856 τοῦ
2890 3806 2986 3856 ἐπὶ
3030 3807 3127 3875 τὴν
3160 3808 3356 3859 Ὄασιν
3389 3809 3498 3860 ἀπὸ
3525 3808 3623 3876 τῆς
3658 3808 3926 3876 Θηϐαΐδος
3972 3811 4079 3877 φέ-

2497 3912 2701 3964 ροντος,
2758 3896 3010 3966 δεύτερον
3040 3898 3120 3949 ὅτι
3148 3898 3399 3966 ψάμαθος
3441 3899 3609 3969 πολλὴ
3640 3901 3965 3968 ὲπεκχεῖται
3993 3903 4085 3953 ἀεὶ

2495 3988 2588 4038 καὶ
2620 3989 2718 4048 τὰς
2744 3990 2891 4057 τρεῖς
2950 3988 3253 4057 ἀναπληροῖ
3302 3989 3539 4052 ὐάσεις.
3570 3991 3731 4059 Τρεῖς
3763 3991 3870 4059 γάρ
3907 4008 4083 4058 φησιν

2506 4077 2715 4139 ὐάσεις
2773 4078 2865 4130 καὶ
2927 4079 3088 4141 αὐτὸς
3144 4075 3305 4143 εἶναι,
3357 4080 3451 4131 δύο
3513 4082 3754 4149 μεγάλας
3776 4083 3819 4143 ⁸,
3850 4084 3949 4151 τὴν
3982 4083 4087 4151 μὲν

2495 4167 2761 4237 ἐξωτέρω,
2792 4170 2891 4239 τὴν
2918 4169 2973 4220 δὲ
3001 4171 3273 4239 ἐσωτέρω,
3300 4174 3638 4241 καταντικρὺ
3692 4173 3951 4241 κειμένας
3985 4176 4085 4226 ἀλ-

2495 4259 2705 4329 λήλαις,
2727 4261 3089 4323 συντείνοντος
3140 4266 3220 4325 εἰς
3251 4263 3447 4315 ἑκατὸν
3506 4266 3710 4332 σημεῖα
3741 4263 3835 4315 τοῦ
3869 4266 4083 4334 μεταξὺ

2495 4352 2862 4420 διαστήματος
2886 4368 2900 4382 ι
2932 4352 3124 4404 ἔστιδὲ
3154 4354 3245 4404 καὶ
3275 4354 3410 4421 άλλη
3451 4355 3609 4424 τρίτη
3666 4358 3859 4425 μικρά,
3897 4356 4087 4424 πολλῷ

2495 4444 2826 4512 διαστήματι
2872 4444 2980 4495 τῶν
3033 4443 3125 4495 δύο
3190 4446 3594 4515 κεχωρισμένη.
3669 4448 3833 4513 Λέγει
3887 4448 3945 4499 δὲ
4001 4451 4084 4511 είς

2499 4535 2681 4587 πίστιν
2733 4535 2825 4587 τοῦ
2858 4536 3018 4603 νῆσον
3053 4535 3305 4602 γενέσθαι
3336 4538 3417 4590 ὅτι
3450 4539 3544 4590 καὶ
3573 4539 3676 4590 ὑπὸ
3706 4540 3911 4608 ὀρνέων
3940 4542 4083 4608 ὀρεῖ-

820 4637 1031 4690 santur,
1064 4636 1157 4678 aut
1181 4635 1331 4678 certe
1366 4638 1681 4675 arrosorum
1719 4621 1946 4688 piscium
2008 4618 2249 4686 reliquiae
2285 4634 2299 4670 :
2338 4629 2384 4669 ut

2502 4629 2625 4679 σθαι
2676 4595 2961 4695 συμϐαίνει
2997 4595 3256 4689 πολλάκις
3293 4629 3441 4699 ίχθῦς
3476 4595 3810 4699 φερομένους
3868 4595 4084 4702 καὶιίχ-

824 4721 945 4773 inde
978 4717 1289 4785 conjectare
1323 4714 1507 4776 liceat,
1551 4728 1653 4764 non
1696 4712 1985 4764 admodum
2020 4712 2175 4778 longe
2208 4711 2395 4763 abesse

821 4827 991 4866 mare.
1033 4811 1123 4865 Ait
1154 4808 1264 4879 (55)
1302 4816 1483 4860 antem
1526 4815 1580 4858 et
1620 4804 1910 4857 Homerum
1959 4817 2026 4855 ex
2061 4803 2233 4855 vicina
2268 4802 2392 4855 huic

821 4903 1093 4959 Thebaide
1131 4913 1300 4971 genus
1324 4897 1546 4951 ducere.

2504 4718 2645 4769 θύων
2693 4718 2881 4770 ἄλλοτε
2932 4719 3180 4788 λείψανα,
3231 4719 3306 4781 ὡς
3355 4719 3605 4774 ἐντεῦθεν
3640 4722 3961 4785 εἰκάζεσθαι
4005 4726 4086 4793 μὴ

2500 4811 2633 4862 πολὺ
2696 4811 2884 4881 πόρρω
2940 4806 3078 4863 εἶναι
3132 4811 3229 4881 τὴν
3282 4811 3579 4865 θάλασσαν.
3649 4813 3787 4880 Φησὶ
3820 4813 3841 4843 ⁷
3884 4814 3941 4865 δὲ
3988 4818 4087 4867 καὶ

2503 4901 2649 4970 ὐμη
2661 4918 2751 4970 ρον
2774 4905 2837 4953 ἐκ
2860 4901 2960 4971 τῆς
2984 4902 3117 4973 πρὸς
3140 4902 3312 4973 ταύτῃ
3337 4903 3602 4973 Θηϐαΐδος
3615 4903 3795 4957 ἓλκειν
3817 4905 3878 4957 τὸ
3897 4906 4085 4973 γένος.

2107 5012 2340 5068 νΑιιιΑΞ
2375 5015 2665 5072 ιΕΟΤΙΟΝ
2677 5019 2780 5073 ES.

887 5143 933 5173 ”
968 5140 1261 5193 ἀπολύεται
1294 5137 1338 5191 Α
1378 5155 1393 5192 :
1429 5135 1815 5191 ἀποστέλλεται
1854 5151 1913 5196 ς.

819 5229 929 5275 τιος
960 5229 1020 5275 ς.
1095 5212 1139 5242 ⁸⁸
1170 5207 1414 5271 ἀπέδειξε
1445 5225 1507 5271 ς.

816 5283 907 5346 τὸς
941 5299 1000 5345 ς’.

2007 5132 2053 5163 ’⁸
2086 5131 2493 5199 κεκωλωμένων
2538 5135 2599 5196 Α,
2627 5136 2796 5187 altern
2838 5154 2883 5188 ω
2940 5149 3205 5191 c0rrectn.

1591 5207 1635 5237 ⁹⁹
1668 5205 1760 5257 τοῦ
1826 5203 2126 5273 νοσήματος
2179 5212 2298 5273 post
2339 5203 2635 5271 εὐκρασίαν
2676 5208 2819 5273 ponit
2850 5210 2915 5259 Α.

1079 5280 1098 5311 ³
1132 5282 1225 5333 καὶ
1254 5281 1333 5334 ὅτι
1355 5270 1416 5330 οὐ
1437 5270 1565 5346 ςτερῖ⁵
1593 5277 1656 5329 Α.
1736 5276 1757 5302 δ
1784 5271 1961 5334 αὐτοῖς
2000 5270 2336 5339 ὼρολογειῶν
2369 5270 2454 5325 Α(
2510 5276 2529 5304 ⁵
2560 5270 2915 5345 πεπλασμένα
2939 5294 2998 5341 ς.

3309 5140 3352 5170 ’⁷
3391 5136 3564 5190 κώλου
3601 5138 3664 5190 Α.
3773 5138 3838 5169 ’ν’
3878 5138 4085 5193 Φιλλά-

2996 5209 3010 5237 ¹
3047 5208 3166 5279 τὰς]
3196 5208 3289 5279 καῖ
3318 5208 3415 5270 τὰς
3445 5224 3503 5271 ς.
3558 5210 3601 5279 ,³
3642 5208 3907 5279 κρείσσων
3940 5227 4088 5261 παν-

3077 5279 3097 5308 ⁶
3128 5276 3369 5347 μεγάλας
3394 5280 3489 5330 καὶ
3520 5276 3615 5349 τήν
3647 5277 3720 5342 ς’.
3798 5280 3818 5309 ⁷
3858 5284 3994 5346 φασὶ
4015 5298 4087 5344 ς.

2338 5368 2569 5425 NOTAE.

892 5476 1003 5547 (λθ)
1065 5476 1151 5530 Μ.
1201 5472 1380 5528 Zosim
1438 5471 1533 5547 lib.
1562 5484 1606 5547 _v
1641 5481 1741 5547 nec
1795 5465 2041 5547 arborem
2086 5463 2155 5516 ibi
2202 5462 2385 5547 ullam,

821 5531 920 5601 nec
947 5536 1272 5600 domicilium
1304 5556 1442 5595 esse.
1475 5540 1607 5593 Vide
1641 5536 1808 5590 Notas
1836 5538 1893 5590 D.
1921 5535 2119 5587 Baron.
2157 5536 2223 5586 ad
2253 5531 2391 5587 Mar-

823 5615 1152 5688 tyrologaia
1179 5612 1364 5688 Junii.

891 5671 1075 5757 (50ft;
1106 5686 1258 5757 cujus
1293 5684 1420 5757 item
1458 5678 1607 5731 libris
1633 5675 1740 5727 τῶν
1771 5674 1908 5757 κατὰ
1949 5671 2248 5754 ξΙίρακλέα,
2293 5673 2391 5727 fre.

820 5746 1037 5826 quentia
1072 5746 1666 5826 passitn__adducm_itur
1697 5746 2030 5826 testimonia.

888 5828 1001 5900 (5|)
1028 5812 1143 5879 Alia
1172 5833 1254 5881 est
1284 5820 1502 5877 Homeri
1535 5816 1795 5880 Φαιακία,
1852 5829 1970 5882 qua:
2011 5814 2219 5870 caeteris
2250 5812 2382 5867 Cor-

2501 5483 2625 5535 cyra
2663 5468 2881 5520 dicitur.

2599 5538 2683 5605 Si!)
2717 5536 2785 5590 Ut
2810 5549 2965 5590 antea
2993 5536 3189 5592 Strabo
3215 5536 3312 5591 lib.
3345 5553 3455 5591 xm
3485 5537 3777 5606 Geograph.
3808 5539 3897 5590 ubi
3929 5538 4087 5592 Ἀνάο

2501 5625 2645 5690 σεις,
2686 5607 2763 5658 vel
2796 5624 2825 5661 e
2885 5624 3017 5663 mss.
3074 5608 3310 5669 Αὑάσεις
3343 5608 3539 5678 legitur
3569 5627 3581 5661 :
3618 5607 3896 5677 Stephano
3933 5611 4085 5662 Αόα·

2502 5694 2681 5814 σιῖἒάδ)
2720 5748 2797 5800 Ex
2838 5746 3096 5801 Calasiris
3128 5762 3341 5818 quoque
3372 5748 3642 5804 sententia
3674 5747 3815 5817 apud
3860 5745 4079 5804 Ηείίοάο

2500 5818 2551 5869 in
2588 5817 2926 5884 .42'lltiopt'ct'a,
2963 5817 3054 5872 llb.
3092 5832 3175 5871 ιιι.
