4224 6442
814 378 924 445 275

1970 381 2235 443 PHOTII
2275 379 2779 443 PATRIARCHE
2815 378 2925 441 (ΞΡ.

3973 374 4091 437 276

817 504 986 561 atque
1016 490 1366 559 colloquium.
1417 488 1783 557 Abripuerunt
1832 490 2015 560 itaque
2060 506 2168 556 me,
2198 492 2295 555 ait,
2330 502 2387 545 ut
2418 496 2463 551 Δ

2426 493 2665 562 Λφήμηο
2718 491 2830 544 Καὶ
2887 486 3077 542 ἔλαϐόν
3124 502 3213 557 μιν
3270 485 3424 557 φησιν
3479 483 3641 556 μέχρι
3675 483 3723 515 ⁸⁸
3761 481 3933 552 αὐτῆς
3979 481 4094 548 τῆς

841 581 943 636 llas
965 594 1181 650 quoque
1210 579 1458 647 regiones
1495 578 1913 647 perlustrarem,
1942 580 1998 633 in
2025 580 2197 648 ipsam
2226 594 2399 647 usque

820 671 1060 735 Talmin,
1093 685 1124 725 a
1159 671 1294 725 meis
1346 670 1744 725 contribulibus
1776 671 2016 740 quinque
2060 670 2271 724 dierum
2313 672 2399 724 in-

821 763 1050 817 tervallo
1082 762 1395 823 distantem.
1451 760 1518 814 ad
1550 760 1739 815 urbem
1774 776 1894 829 qua:
1940 762 2141 815 dicitur
2198 761 2397 814 Prima.

824 855 949 907 l'ac
971 855 1101 907 olim
1137 854 1312 923 prima
1346 852 1641 906 Thebaidis
1672 853 1822 915 urbs,
1869 852 2113 921 proxime
2144 869 2172 903 a
2201 851 2402 904 Barba-

824 944 940 996 rico
987 945 1103 998 solo
1161 942 1375 1007 aberat,
1413 957 1646 1010 eamque
1687 944 1758 995 ob
1802 956 2023 995 causam
2058 956 2088 995 a
2141 940 2401 995 Romanis

824 1033 1018 1087 Litino
1042 1034 1308 1088 vacabqu
1351 1034 1527 1087 Prima
1558 1033 1855 1095 nominata,
1895 1048 2004 1099 quo
2047 1033 2212 1086 etiam
2258 1046 2403 1085 nunc

826 1128 1045 1181 nomine
1093 1129 1401 1193 vocitatur,
1477 1128 1729 1197 quamvis
1784 1127 1941 1194 longo
1987 1126 2099 1195 jam
2161 1137 2403 1191 tempore

830 1215 1049 1271 Barbari
1109 1234 1227 1271 eam
1263 1219 1368 1272 sibi
1408 1217 1762 1276 vindicarint.
1817 1233 1938 1269 cum
1999 1217 2122 1270 aliis
2172 1228 2405 1283 quatuor

826 1306 1036 1374 oppidis
1108 1307 1436 1360 thnicnne
1494 1346 1511 1371 ,
1558 1306 1802 1370 Chiride,
1854 1305 2095 1374 Thapide
2166 1316 2221 1359 et
2281 1305 2406 1358 Tal-

830 1399 991 1451 mide.
1025 1399 1081 1452 In
1120 1401 1221 1453 hac
1270 1400 1492 1467 regione
1540 1400 1818 1466 smaragdi
1879 1415 1939 1454 se
1990 1399 2203 1453 fodinae
2253 1414 2403 1468 repe-

832 1488 970 1542 risse
1036 1491 1271 1544 scribit:
1335 1492 1477 1544 unde
1557 1490 1937 1561 Egyptiorum
2006 1494 2223 1561 regibus
2276 1491 2405 1545 olitn

829 1582 1102 1650 smaragdi
1158 1582 1245 1635 illa
1304 1593 1452 1635 tanta
1512 1585 1667 1650 copis
1721 1582 2119 1651 suppeditabat.
2175 1584 2241 1635 Et
2291 1582 2407 1637 hanc

828 1671 1046 1738 quidem
1080 1671 1445 1725 Barbarorum
1504 1685 1659 1727 vates
1722 1674 1992 1741 inspicere
2045 1674 2398 1727 invitabant:

834 1777 1019 1816 verum
1054 1764 1103 1815 id
1142 1766 1259 1817 sine
1299 1764 1436 1817 bona
1472 1766 1615 1833 regis
1650 1765 1807 1818 venia
1841 1779 1948 1817 non
1978 1764 2192 1817 licebat.

906 1853 979 1906 De
1022 1853 1252 1908 Libauio
1284 1858 1518 1922 quodam
1562 1856 1878 1908 admiranda
1910 1853 2096 1917 refert.
2145 1854 2405 1909 Asianum
2438 1868 2482 1927 Β

832 1959 1029 2011 genere
1072 1946 1215 1999 hunc
1264 1944 1508 1998 Honorio
1535 1955 1590 1999 et
1621 1947 1942 2000 Constantio
1976 1946 2401 2011 imperatoribus

836 2035 1146 2089 Ravennam
1204 2037 1460 2099 venisse,
1531 2052 1910 2106 summumque
1983 2037 2286 2092 veneﬁcum
2343 2053 2408 2092 ac

837 2141 1050 2194 magum
1101 2126 1289 2182 fuisse.
1327 2128 1467 2182 Dicit
1493 2128 1636 2181 enim
1682 2128 1985 2198 professum
2041 2144 2184 2190 esse.
2234 2130 2408 2183 admi-

836 2218 999 2271 randa
1029 2233 1188 2287 posse
1217 2233 1277 2272 se
1300 2221 1507 2288 absque
1545 2221 1773 2274 armatis
1809 2220 2118 2274 hominibus
2142 2219 2408 2275 adversus

835 2308 1101 2363 Barbaros
1153 2320 1396 2378 patrare.
1438 2311 1511 2363 At
1562 2326 1684 2365 cum
1731 2312 1926 2366 deinde
1974 2313 2405 2379 experimentum

835 2400 1089 2468 promissi
1122 2401 1382 2462 dedisset,
1410 2412 1466 2455 et
1497 2401 1638 2455 fama
1680 2402 1893 2471 longius
1919 2418 2143 2457 manans
2170 2404 2238 2456 ad
2263 2404 2409 2471 ipsas

835 2506 1007 2558 usque
1039 2491 1291 2545 Placidia
1325 2507 1485 2546 aures
1516 2509 1789 2547 rumorem
1826 2494 2128 2559 detulisset,
2160 2507 2407 2550 necatum

836 2582 987 2636 illum
1011 2596 1155 2641 esse.
1188 2584 1556 2636 comminante
1600 2582 1843 2636 Placidia
1887 2582 2100 2653 conjugi
2143 2583 2412 2639 Constan-

837 2676 913 2727 tio
944 2674 1257 2739 divortium,
1294 2677 1397 2729 nisi
1428 2691 1459 2729 e
1490 2677 1626 2731 vivis
1673 2676 1955 2732 tolleretur
1986 2676 2249 2732 Libanius
2277 2693 2413 2747 prae-

838 2766 1087 2837 stigiator
1116 2778 1279 2836 atque
1305 2767 1559 2825 inﬁdelis.

907 2858 1260 2915 (Sinistantius
1285 2876 1485 2929 genere
1527 2860 1740 2932 Illyrius
1774 2860 1896 2927 fuit,
1944 2876 1975 2916 e
2011 2860 2232 2916 Panzso
2277 2862 2413 2916 urbe

838 2948 1040 3013 Cadize,
1071 2966 1163 3019 qut
1206 2950 1388 3004 multis
1416 2952 1579 3005 obitis
1606 2950 1721 3020 jam
1753 2953 1879 3006 inde
1922 2940 1955 3005 al
1980 2950 2268 3006 Theodosii
2301 2951 2415 3005 Ma-

839 3042 929 3107 gni
958 3042 1297 3107 temporibus
1326 3041 1534 3095 militiae
1567 3042 1885 3096 muneribus
1909 3046 1974 3096 ad
1998 3058 2269 3096 summum
2298 3053 2415 3095 tan-

838 3132 985 3196 dem,
1012 3131 1089 3183 uti
1138 3130 1397 3193 diximus,
1430 3132 1641 3198 imperii
1692 3132 1901 3200 apicem
1942 3143 2162 3186 evectus
2196 3141 2302 3185 est.
2365 3132 2414 3183 ls

2502 583 2788 651 Τάλμεως,
2839 580 2982 633 ὥστε
3039 577 3329 639 κάκείνους
3381 576 3509 636 τοὺς
3533 572 3747 644 χώρους
3772 570 4093 642 ἱστορῆσαι,

2499 674 2775 743 διέχοντας
2791 674 2836 704 ⁸³
2898 670 3006 724 ἀπὺ
3049 668 3155 722 τῶν
3199 667 3376 720 Φιλῶν
3416 667 3462 699 ’⁸
3518 666 3799 733 διάστημα
3854 663 4093 733 ἡμερῶν

2502 769 2687 827 πέντε.
2728 766 2887 835 μέχρι
2911 764 3119 824 πόλεως
3145 762 3243 828 τῆς
3270 758 3569 826 λεγομένης
3616 759 3823 827 Πρῐμα.
3873 756 3999 823 ἥτις
4024 755 4098 806 τὸ

2504 858 2731 911 παλαιὸν
2798 856 2989 927 πρώτη
3028 855 3182 916 πόλις
3243 854 3344 921 τῆς
3397 850 3664 920 Θηϐαΐδος
3693 849 3801 901 ἀπὸ
3829 847 3926 899 τοῦ
3953 846 4096 914 βαρ-

2503 949 2732 1019 σαρικοῦ
2781 949 3047 1017 ἐτύγχανε
3068 948 3111 978 "
3138 963 3149 974 '
3179 945 3259 997 διδ
3289 944 3438 1013 παρὰ
3464 943 3573 995 τῶν
3616 940 3904 1008 Ῥωμαίων
3946 938 4095 990 Ῥω-

2507 1039 2645 1107 μαία
2693 1042 2844 1106 φωνῇ
2915 1038 3099 1106 Πρῐμα
3132 1036 3249 1103 ἦτοι
3283 1034 3475 1103 πρώτη
3501 1031 3816 1099 ὠνομάσθη,
3851 1031 3947 1081 καὶ
3988 1026 4095 1078 νῦν

2503 1130 2646 1183 οὓτω
2696 1130 2942 1184 καλεῖται
3006 1127 3182 1179 καίτοι
3238 1128 3302 1176 ἐκ
3341 1123 3537 1175 πολλοῦ
3590 1122 3937 1173 οίκειωυείσα
3971 1120 4097 1179 τοῖς

2507 1222 2573 1291 βα
2583 1220 2948 1291 ρ6άροις·μεθ’
2969 1218 3170 1288 ἑτέρων
3187 1216 3471 1282 τεσσάρων
3487 1213 3715 1267 πόλεων.
3736 1210 4096 1269 Φοινικῶνος,

2504 1313 2761 1382 Χίριδος,
2805 1310 3063 1373 Θάπιδος,
3119 1306 3407 1376 Τάλμιδος.
3474 1304 3635 1374 Παρὰ
3671 1303 3895 1363 τούτους
3956 1302 4099 1360 τοὺς

2506 1406 2717 1477 χώρους
2759 1405 2892 1472 φησὶ
2926 1404 3022 1455 καὶ
3048 1401 3365 1472 σμαράγδου
3406 1396 3642 1468 μέταλλα
3680 1393 3822 1447 εἶναι
3870 1393 4098 1463 μαθεῖν,

2506 1498 2566 1563 ἐξ
2598 1491 2672 1548 ὧν
2698 1499 2809 1557 τοῖς
2834 1495 3149 1562 Αἰγυπτίων
3186 1490 3495 1561 βασιλεῦσιν
3516 1491 3549 1559 ἡ
3570 1487 3882 1558 σμάραγδος
3905 1484 4106 1538 ἐπλεό-

2506 1586 2658 1651 ναζε.
2691 1588 2801 1639 Καὶ
2827 1585 3021 1647 ταῦτα,
3054 1584 3239 1653 φησὶν,
3271 1584 3319 1635 οί
3352 1582 3627 1650 προφῆται
3656 1580 3762 1631 τῶν
3796 1578 4104 1648 βαρϐάρων

2507 1679 2853 1751 προῦτρεπόν
2883 1694 2949 1748 με
2973 1676 3276 1729 Θεάσασθαι
3306 1690 3319 1703 ο
3359 1674 3474 1726 ἀλλ’
3514 1674 3613 1725 οὐκ
3641 1668 3709 1741 ἦν
3734 1671 3893 1723 τοῦτο
3930 1670 4103 1722 δυνα-

2507 1773 2600 1825 τδν
2624 1772 2877 1838 γενέσθαι
2907 1771 3077 1839 χωρὶς
3112 1766 3409 1838 βασιλικῆς
3433 1764 3801 1835 προστάξεως.

2582 1866 2706 1917 Ὅτι
2760 1864 3015 1916 Διδάνιόν
3052 1879 3139 1914 τιν
3158 1878 3192 1913 α
3216 1859 3589 1929 τερατολογεί,
3619 1855 3869 1908 Ἀσιανὸν
3905 1854 3971 1906 τὸ
4000 1854 4104 1921 γέ-

2512 1976 2624 2021 νος,
2654 1958 2796 2009 κατὰ
2831 1957 2931 2025 τὴν
2975 1954 3250 2026 βασιλείαν
3292 1952 3550 2021 Ὀνωρίου
3578 1950 3672 2003 καὶ
3710 1948 4105 2001 Κωνσταντίου

2514 2049 2911 2104 ὲπὶῬάδενναν
2936 2045 3365 2118 παραγενέσθαι.
3404 2046 3608 2112 Ἀκρον
3638 2042 3695 2094 δὲ
3727 2040 3914 2093 τοῦτον
3954 2034 4106 2091 εἶναι

2513 2142 2846 2195 τελεπικὸν.
2872 2141 2982 2195 Kal
3041 2138 3301 2193 δύνασθαι
3334 2137 3388 2189 δέ
3426 2153 3556 2204 φησι
3584 2134 3679 2187 καὶ
3704 2130 4097 2201 ὑπισχνεῖσθαι

2514 2236 2678 2289 αὑτὸν
2709 2236 2875 2304 χωρὶς
2918 2233 3156 2287 ὁπλιτῶν
3188 2230 3286 2285 καὶ
3316 2229 3459 2285 κατὰ
3485 2226 3785 2298 Βαρδάρων
3829 2226 4106 2294 ἐνεργεῖν.

2516 2324 2648 2381 Εἶτα
2688 2329 2883 2393 πεῖραν
2912 2326 3056 2387 δοὺς.
3125 2323 3313 2393 φησὶν,
3377 2316 3531 2383 οὗτος
3578 2322 3676 2389 τῆς
3725 2317 4106 2385 ὑποσχέσεως,

2516 2418 2610 2469 καὶ
2638 2416 2737 2483 τῆς
2787 2416 2976 2484 φήμης
3000 2411 3314 2483 δραμούσης
3360 2409 3500 2462 ὥστε
3525 2409 3617 2460 καὶ
3672 2406 3967 2458 Πλακιδίαν
4000 2403 4108 2469 τὴν

2520 2507 2767 2579 βασιλίδα
2825 2505 3058 2576 μαθεῖν.
3112 2505 3417 2575 ἀναιρεῖται
3464 2503 3492 2554 ὁ
3537 2498 3839 2567 τελεστὴς·
3879 2494 4106 2562 ὴπείλει

2517 2602 2627 2671 γὰρ
2646 2642 2661 2664 ,
2702 2600 2906 2669 φησὶν,
2929 2601 2962 2666 ἠ
3007 2596 3268 2649 Πλακιδία
3300 2594 3667 2661 Κωνσταντίῳ
3697 2588 3979 2660 χωρισμὸν
4004 2584 4107 2636 τοῦ

2519 2691 2701 2760 γάμου
2734 2730 2748 2751 ,
2802 2689 2850 2740 εί
2904 2690 3018 2749 τοῖς
3068 2684 3205 2749 ζῶσι
3283 2684 3535 2746 Διδάνιος
3583 2682 3630 2712 ⁸⁸
3694 2677 4099 2749 περιλείποιτο,

2518 2779 2658 2848 ἀνὴρ
2674 2778 2806 2846 γόης
2841 2776 2934 2829 καὶ
2967 2775 3215 2835 ἄπιστος.

2597 2871 2723 2922 Ὀτι
2777 2866 3155 2926 Κωνστάντιος
3209 2861 3471 2932 Ἰλλυριὸς
3528 2855 3597 2930 ἦν
3644 2858 3706 2911 τὸ
3754 2858 3931 2925 γένος,
3997 2853 4111 2907 ἀπὸ

2523 2962 2797 3016 Παναῒσου
2823 2960 2866 2990 ’³
2896 2956 3104 3019 πόλεως
3120 2956 3216 3023 τῆς
3246 2954 3295 3025 [1
3312 2955 3374 3006 15
3405 2950 3496 3023 Η.]
3523 2949 3751 3012 Καδίας,
3783 2948 3878 3001 καὶ
3901 2945 4109 3006 πολλάς

2524 3055 2811 3125 στρατείας
2862 3052 2969 3104 ἀπὸ
3000 3050 3107 3103 τῶν
3167 3044 3449 3098 Θεοδοσίου
3499 3043 3706 3112 χρόνων
3732 3040 3825 3092 τοῦ
3860 3037 4110 3108 μεγάλου

2522 3146 2744 3199 διελθὼν
2803 3143 3026 3211 ὕστερον
3071 3141 3166 3192 καὶ
3218 3138 3315 3207 τὴν
3346 3138 3390 3167 ³⁰
3438 3134 3706 3203 βασίλειον
3761 3132 3975 3201 ἀρχὴν,
4032 3128 4110 3188 ὡς

838 3236 962 3277 eum
993 3233 1187 3277 caetera
1222 3224 1323 3275 fuit
1360 3222 1516 3276 laude
1552 3223 1769 3292 dignus,
1799 3233 1912 3276 tum
1940 3224 2083 3292 quod
2120 3224 2236 3276 auri
2266 3222 2412 3275 nulla
2443 3230 2485 3285 ο

2443 3230 2485 3285 C
2520 3235 2650 3307 [196
2674 3232 2765 3301 IL]
2800 3231 3030 3303 ἐρρήθη,
3064 3228 3253 3280 ὑπέδυ.
3285 3221 3393 3277 Ἦν
3410 3223 3467 3275 δὲ
3488 3220 3655 3275 τᾶλλα
3680 3221 3775 3289 μὲν
3799 3219 4106 3278 ἐπαινετὸς,

847 3321 1143 3389 cupiditate
1194 3320 1469 3390 ﬂagraret,
1501 3320 1642 3390 62b
1681 3330 1970 3388 antequam
1998 3321 2215 3388 quidem
2249 3319 2422 3373 Placi-

837 3412 940 3465 dia:
982 3412 1422 3482 coniungeretur.
1460 3412 1591 3465 Nam
1625 3428 1688 3466 ea
1731 3428 1897 3466 uxore
1939 3414 2121 3476 ducta,
2159 3415 2420 3481 pecunia-

844 3518 963 3558 rum
1004 3504 1193 3557 avidus
1222 3505 1414 3560 evasit.
1451 3502 1573 3570 lpso
1615 3517 1746 3571 ergo
1780 3513 2018 3565 mortuo,
2060 3518 2182 3555 cum
2232 3516 2420 3570 postu-

842 3595 968 3657 latis
1021 3595 1273 3649 homines
1327 3594 1642 3649 Ravennam
1704 3596 1946 3661 undique
2018 3595 2417 3657 conﬂuxerunt,

840 3703 977 3757 quos
1007 3688 1164 3742 bonis
1206 3687 1294 3741 ille
1324 3701 1419 3754 per
1450 3686 1701 3754 injuriam
1748 3688 2012 3741 exuisset.
2062 3684 2261 3739 Verum
2310 3686 2418 3741 Ho-

844 3781 1007 3846 norii,
1070 3781 1267 3849 inquit,
1325 3781 1545 3844 lenitas,
1595 3790 1650 3834 et
1698 3779 1951 3833 Placidia:
1990 3794 2111 3832 cum
2152 3793 2221 3833 eo
2273 3788 2421 3833 arcta

842 3875 1006 3931 nimis
1052 3873 1413 3935 familiaritas,
1461 3873 1677 3928 frustra
1720 3884 1777 3925 ut
1810 3882 1992 3926 essent
2021 3873 2102 3926 ba:
2135 3872 2425 3941 quaerimo-

844 3966 972 4028 nite,
999 3966 1285 4035 omnisque
1313 3967 1449 4019 adeo
1478 3964 1620 4031 juris
1657 3966 1738 4018 vis
1769 3981 1831 4018 ac
1889 3965 2127 4032 potentia
2150 4004 2165 4027 ,
2221 3964 2422 4017 effecit.

921 4054 1140 4109 llonorii
1172 4070 1298 4125 erga
1344 4070 1586 4109 sororem
1624 4055 1782 4108 insita
1833 4052 2048 4106 affectio
2107 4062 2253 4105 tanta
2306 4052 2424 4115 fuit,

844 4165 911 4204 ex
940 4164 1048 4217 quo
1080 4148 1436 4202 Constantius
1484 4147 1599 4214 ejus
1650 4149 1885 4199 maritus
1932 4145 2041 4199 vita
2076 4145 2333 4207 decessit,
2369 4154 2426 4196 ut

847 4241 1056 4308 perdite
1082 4242 1250 4293 nimis
1279 4240 1533 4301 amando,
1566 4248 1620 4292 et
1649 4240 1865 4293 assidue
1900 4253 1963 4291 os
2011 4239 2129 4304 ejus
2177 4235 2426 4290 osculan-

847 4336 939 4394 do,
973 4332 1143 4401 turpis
1184 4334 1325 4400 apud
1373 4331 1569 4385 multos
1602 4331 2011 4385 consuetudinis
2062 4329 2428 4397 suspicionem

848 4443 956 4481 non
986 4426 1253 4495 ell'ugerit.
1281 4424 1387 4479 Sed
1420 4425 1505 4478 hic
1552 4440 1705 4479 amor
1750 4424 1801 4476 in
1846 4433 2052 4475 tantum
2085 4422 2233 4476 brevi
2268 4420 2430 4473 vertit

849 4521 1053 4581 odium,
1085 4516 1514 4571 allaborantihns
1553 4513 1800 4584 Spadnsa
1830 4514 1964 4581 (56),
1999 4521 2159 4579 atque
2195 4511 2426 4579 Elpidia,

850 4610 1103 4669 Placidia
1134 4612 1367 4672 nutrice,
1413 4608 1611 4676 quibus
1657 4606 1742 4659 illa
1782 4605 2056 4658 tribuebat
2094 4603 2428 4672 plurimum;

850 4705 1131 4774 adiurante
1166 4705 1292 4758 item
1343 4703 1488 4770 ipsas
1532 4699 1769 4755 Leonleo
1818 4699 1957 4750 illius
1990 4703 2243 4749 curatore
2295 4695 2430 4764 (57),

2526 3306 2619 3379 καὶ
2645 3326 2944 3394 χρημάτων
2974 3321 3030 3373 δὲ
3064 3318 3329 3390 κρείττων
3360 3316 3488 3383 πρὶν
3517 3313 3549 3383 ἦ
3582 3310 3919 3377 συναφθῆναι
3961 3306 4107 3359 Πλα-

2525 3420 2673 3487 κιδία
2699 3433 2710 3444 ·
2778 3415 2901 3467 ἐπεὶ
2926 3412 2983 3465 δὲ
3015 3411 3163 3479 αὑτῇ
3195 3410 3235 3438 ³¹
3273 3405 3617 3469 συνέζευκτο,
3650 3404 3724 3462 είς
3761 3400 4110 3468 φιλοχρημα-

2524 3511 2644 3563 τίαν
2675 3505 2951 3571 ὲξώκειλε.
2997 3501 3151 3556 Μετὰ
3187 3499 3371 3569 μέντοι
3397 3498 3486 3550 τὸν
3518 3492 3684 3547 αὐτοῦ
3713 3492 3941 3544 Θάνατον
3981 3489 4107 3557 δεή-

2529 3619 2641 3662 σεις
2666 3599 2786 3651 κατ’
2812 3594 2979 3649 αὐτοῦ
3003 3593 3110 3645 τῶν
3136 3592 3217 3653 εἰς
3256 3591 3516 3659 χρήματα
3538 3586 3580 3615 ³¹
3614 3582 3983 3651 ἀδικηθέντων
4011 3580 4106 3630 ἐπὶ

2537 3691 2834 3745 Ῥάόενναν
2861 3684 3198 3753 πανταχόυεν
3227 3680 3548 3750 συνέρρεον⁸
3583 3674 3697 3727 ἀλλ’
3800 3672 3892 3724 τοῦ
3932 3672 4104 3723 Ὀνωο

2530 3784 2670 3855 ρίου,
2733 3781 2886 3849 φησὶ,
2944 3775 3217 3842 κουφότης
3260 3772 3354 3823 καὶ
3395 3772 3428 3840 η
3470 3768 3566 3836 τῆς
3613 3764 3910 3825 Πλακιδίας
3972 3762 4109 3855 πρὸς

2528 3853 2692 3929 αὐτὸν
2748 3869 3020 3935 οἰκειότης
3071 3864 3386 3933 ἀπράκτους
3415 3859 3593 3912 αὐτῶν
3619 3856 3715 3918 τὰς
3738 3856 3983 3924 αίτήσεις
4018 3853 4110 3904 καὶ

2528 3964 2625 4035 τὴν
2660 3963 2814 4032 ἰσχὺν
2844 3959 2938 4013 τοῦ
2968 3957 3179 4011 δικαίου
3212 3954 3513 4020 ἀπέφηνεν.

2602 4055 2731 4105 Ὀτι
2760 4050 2995 4117 τοσαύτη
3018 4048 3255 4107 διάθεσις
3272 4042 3512 4114 Ὁνωρίιρ
3530 4041 3575 4073 ³³
3608 4040 3745 4109 πρὸς
3773 4036 3871 4108 τὴν
3900 4036 4110 4089 οἰκείαν

2530 4142 2793 4213 ἀδελφὴν,
2856 4142 2915 4207 ἐξ
2972 4135 3142 4209 οὗπερ
3188 4139 3216 4189 ὁ
3268 4136 3471 4203 ταύτης
3532 4133 3669 4202 ἀνὴρ
3732 4130 4109 4188 Κωνστάντιος

2531 4236 2766 4299 άπεὸίω,
2824 4231 3276 4303 παρεμπεφύκει,
3324 4229 3400 4290 ὼς
3463 4226 3560 4295 τὴν
3600 4226 3835 4294 ἄμετρον
3890 4221 4110 4289 ἀγάπην

2532 4329 2713 4382 αὐτῶν
2736 4329 2781 4359 ³⁸
2815 4328 2903 4379 καὶ
2928 4327 2996 4377 τά
3038 4323 3234 4391 συνεχῆ
3296 4320 3436 4373 κατὰ
3505 4320 3679 4387 στόμα
3720 4317 4004 4385 φιλήματα
4035 4316 4109 4373 είς

2538 4419 2807 4489 ὑπόληψιν
2851 4417 3083 4486 αἰσχρὰν
3110 4414 3305 4474 αὐτοὺς
3326 4412 3370 4443 ³⁸
3424 4412 3535 4471 τοῖς
3568 4408 3780 4468 πολλοῖς
3831 4406 4106 4475 ἐμϐαλεῖν.

2551 4513 2715 4565 Ἀλλά
2780 4509 3018 4577 τοσαύτη
3073 4505 3236 4558 πάλιν
3296 4502 3479 4561 αὐτοῖς
3547 4496 3881 4564 ὲναπετέχθη
3945 4494 4112 4561 ἑχορα

2468 4566 2509 4616 D
2540 4603 2740 4672 σπουδῇ
2770 4566 3083 4667 Σπαδούσης
3100 4596 3142 4627 ³⁸
3165 4592 3546 4653 καὶἘλπιδίας
3576 4588 3790 4659 (τροφὸς
3824 4581 3947 4655 δ’ἧν
3975 4584 4113 4653 αὕτη

2542 4694 2881 4761 Πλακιδίας),
2913 4685 3000 4752 αἷς
3028 4689 3121 4742 καὶ
3144 4688 3214 4739 τὰ
3236 4684 3405 4737 πολλὰ
3432 4685 3709 4753 προσεῖχε,
3732 4696 3793 4731 συ
3803 4678 4111 4748 μπράττον-

851 4769 931 4852 ut'
964 4808 1020 4851 et
1067 4769 1375 4849 seditiones,
1415 4793 1687 4846 Ravennae
1740 4791 2050 4855 frequenter
2110 4787 2435 4840 exsisterent

2541 4803 2631 4849 τος
2678 4786 2870 4845 αὑταῖς
2917 4783 3012 4834 καὶ
3058 4780 3334 4841 Λεοντέως
3385 4776 3477 4829 τοῦ
3521 4773 3724 4841 ταύτης
3763 4769 4109 4838 κουράτορος,

853 4888 1189 4955 (adhaerebat
1223 4887 1367 4941 enim
1425 4884 1523 4953 ipsi
1584 4884 1761 4936 adhuc
1810 4879 2173 4932 Barbarorum
2232 4877 2429 4939 turba,

856 4994 976 5033 eum
1009 4994 1075 5032 ex
1124 4975 1417 5045 Adaulphi,
1479 4985 1589 5027 tum
1624 4989 1689 5026 ex
1744 4968 2051 5025 Constantii
2089 4966 2430 5036 imperatoris

851 5068 1137 5140 cOnjngiis)
1194 5078 1249 5121 et
1294 5067 1519 5120 vulnera
1572 5065 1733 5118 etiam
1771 5064 2025 5129 utrinque
2078 5058 2430 5114 inferrentur.

856 5161 1039 5217 Donec
1068 5162 1283 5216 tandem
1314 5160 1383 5214 ob
1429 5173 1522 5212 eas
1567 5159 1710 5227 ipsas
1768 5154 2102 5218 inimicitias,
2156 5162 2211 5205 et
2263 5152 2431 5222 priori

2545 4878 2687 4931 ὥστε
2720 4877 2939 4938 στάσεις
2968 4875 3067 4945 μὲν
3101 4872 3361 4933 πολλάκις
3388 4872 3445 4921 ἐν
3473 4870 3539 4937 τῇ
3574 4865 3834 4935 Ῥαϐέννῃ
3857 4862 4112 4929 συστῆναι

2542 4969 2762 5039 (περιῆν
2793 4967 2901 5037 γὰρ
2946 4964 3173 5034 κάκείνῃ
3206 4963 3410 5029 πλῆθος
3438 4958 3727 5029 βαρϐάρων
3759 4958 3823 5007 ὲκ
3858 4953 3955 5021 τῆς
3986 4950 4114 5019 πρὸς

2554 5058 2883 5124 Ἀδαοῦλφον
2944 5055 3242 5124 συναφείας
3288 5053 3382 5105 καὶ
3407 5053 3469 5102 ἐκ
3515 5051 3614 5117 τῆς
3662 5046 3797 5117 πρὸς
3826 5042 4113 5096 Κωνστάν-

2542 5169 2664 5204 τιον
2699 5149 2986 5218 συζυγίας)
3010 5147 3102 5200 καὶ
3131 5145 3345 5216 πληγὰς
3374 5144 3431 5195 δὲ
3455 5138 3740 5212 προελθεῖν
3766 5135 3825 5202 ἐξ
3854 5133 4110 5200 ἐκατέρου

2155 5318 2392 5381 ἾΑΒΙᾸΕ
2431 5314 2833 5377 LECTIONES.

930 5421 975 5452 ’δ
1004 5420 1196 5488 μέχρις
1222 5437 1281 5483 ς.
1320 5420 1365 5450 ’⁵
1388 5417 1657 5487 διέχοντος
1693 5435 1751 5482 ς.
1794 5417 2039 5470 Labheus
2068 5418 2315 5487 διέχοντα
2345 5418 2424 5469 vel
2454 5415 2759 5484 διεχούσης.

936 5490 1201 5542 οιλίποιτο
1230 5494 1341 5542 τοῖς
1371 5489 1540 5542 ζῶσιν
1568 5507 1630 5542 ς-
1734 5490 1777 5520 ³⁸
1811 5488 1919 5538 ἀπὸ
1949 5488 2153 5542 Ναῖσου
2183 5488 2455 5541 Labbcns.
2532 5488 2575 5518 ³⁰
2605 5487 2698 5538 καὶ
2725 5501 2750 5537 ε

1416 5489 1540 5541 ὦσιν
1568 5507 1630 5541 ε’-
1734 5490 1777 5520 ³⁸
1811 5488 1919 5538 ἀπὸ
1949 5488 2153 5541 Ναῖσου
2183 5488 2455 5541 Labbcns.

1394 5560 1439 5591 ³⁸⁵
1460 5536 1649 5612 αύτῖῦν
1713 5560 1935 5627 ἀγάπην
1970 5576 2030 5621 ς’.
2062 5586 2067 5591 ·
2110 5561 2153 5590 ³⁵
2178 5557 2397 5620 αὑτοὺςΙ
2462 5557 2640 5610 αὐτῶν
2670 5558 2735 5609 Α.
2785 5536 2855 5585 ’³⁸
2882 5536 3199 5619 Σπαδούσης
3277 5536 3369 5598 καὶ
3398 5547 3443 5597 Α
3471 5562 3483 5597 :
3514 5536 3920 5605 σπουδαζούσης
3950 5550 4013 5600 ς.

860 5490 1201 5558 capilli-torto
1230 5494 1341 5557 τοῖς
1371 5489 1540 5553 ζῶσιν
1568 5507 1630 5551 ς,

861 5563 906 5592 ³³
947 5562 1206 5632 ὐνωρίου
1240 5578 1300 5624 ς’.

2837 5411 3068 5478 ²⁶φίλων
3100 5425 3161 5472 ς.
3238 5407 3281 5436 ’τ
3308 5401 3623 5478 διετύγχανε
3653 5415 3718 5478 Ξ.
3791 5396 3839 5428 ’⁸
3868 5392 4112 5478 ᾼιδάνιος

2532 5465 2804 5547 “iﬁlli;
2833 5465 3023 5551 τὴνις.
3081 5465 3142 5551 νίι
3177 5480 3314 5545 αὐτῇ
3349 5465 3575 5551 alim-ill.
3652 5470 3694 5551 ξ’
3721 5465 4021 5551 χρημάτων
4053 5475 4109 5527 ς’.

2340 5669 2571 5726 NOTAE}.

931 5766 1044 5831 (56)
1076 5766 1216 5837 Lego
1239 5765 1577 5836 Σπαδούσης,
1607 5766 1731 5818 dum
1768 5766 1895 5834 quid
1925 5767 2125 5819 certius
2148 5766 2432 5831 reperiam.

938 5815 1050 5905 {Si}
1077 5815 1577 5904 Ἱλιῗιὰιῖέῗῦἑέιίἕιῖζ
1604 5815 2316 5906 uitasset;mare
2335 5832 2654 5905 appellatus.
2695 5825 2828 5881 vn.
2851 5834 2902 5879 οι
2928 5822 3169 5877 una...
3203 5815 3449 5870 ιεείςοη.
