4224 6442
155 369 246 435 277
1157 369 1683 431 BIBLIOTHECA.
1707 397 1774 407 —
1802 370 1966 432 COD.
1990 369 2218 430 LXXX.
3262 366 3263 369 “
3309 358 3414 422 2Τ8

156 483 370 550 μέρους.
419 480 588 543 Τέλος
636 479 701 533 lx
730 476 833 547 τῆς
872 476 1209 548 ἀναφθείσης
1263 466 1478 549 ὲκείνης
1531 477 1781 548 ιχθραςι

1856 477 2009 533 umori
2050 493 2149 547 par
2176 490 2317 531 nunc
2340 474 2556 535 odium.
2590 470 3113 543 Constantinopolim
3152 469 3415 537 Placidia,

154 574 231 622 mi
262 570 367 623 τοῦ
402 570 742 643 ἀντιρῤόπου
776 570 873 639 τῆς
904 570 1035 639 πρὶν
1070 569 1255 638 φιλίας
1286 570 1477 640 μίσους
1504 572 1584 634 είς
1632 571 1734 625 Βυ-

1856 574 1999 622 ‘ratre
2022 568 2367 639 praevalente,
2399 580 2521 620 cum
2554 564 2747 619 liberis
2791 563 3086 633 obtegatur.
3127 560 3289 617 Solus
3312 561 3419 613 Bo-

155 662 367 724 ζάντιον
393 661 679 725 Πλακιδία,
707 660 804 714 τοῦ
830 660 1060 729 ἀδελφοῦ
1112 660 1603 731 ὑπερισχύσαντος,
1634 663 1733 715 σὺν

1856 659 2069 715 iifacios
2107 659 2264 714 ﬁdem
2314 657 2388 711 1111
2447 670 2692 719 servans,
2753 670 2874 709 cum
2938 669 3006 709 ex
3062 651 3268 713 Africa,
3330 652 3420 706 cui

153 754 251 811 τοῖς
294 752 528 814 οἰκείοις
574 754 765 805 παισὶν
832 752 1158 822 ἰξορίζεται.
1217 754 1329 804 Καὶ
1392 752 1555 823 μόνος
1593 752 1733 823 αὐτῇ

1856 762 2088 817 tmerat,
2141 750 2446 821 pecuniam,
2494 759 2550 802 ut
2592 758 2825 817 poterat,
2868 746 3142 808 suhmisit,
3186 756 3296 798 turn
3351 746 3417 798 ad

156 845 488 911 Βονηφάτιος
514 845 581 897 τὰ
620 845 789 897 πιστά
834 844 1118 911 φυλάττων
1156 844 1265 897 ἀπὸ
1307 843 1407 914 τῆς
1442 844 1731 915 Ἀφρικῆς,

1856 844 1945 896 ilia
1975 844 2022 897 ei
2062 842 2317 911 obsequia
2352 852 2547 912 praesto
2577 840 2694 893 fuit.
2736 839 2835 906 Qui
2882 846 3002 906 post
3056 837 3241 900 etiam,
3273 846 3332 889 ut
3356 836 3425 889 ad

161 932 217 1007 ἧς
241 934 413 1017 ἦρχε,
472 939 560 988 καὶ
594 939 855 1007 χρήματα
876 937 950 999 ὡς
973 936 1196 990 ἐδύνατο
1229 935 1443 1006 ἔπεμπε
1478 936 1575 991 καὶ
1604 935 1741 997 «ob;

1856 933 2136 1001 imperium
2172 935 2285 987 hac
2323 933 2541 996 rediret,
2571 930 2702 985 nihil
2736 944 2839 983 non
2875 927 3024 993 fecit,
3060 928 3313 997 tulitque.

158 1036 246 1100 τὴν
276 1033 453 1102 ἀλλην
497 1034 656 1096 αὐτὸς
694 1033 919 1086 ἔσπευδε
969 1032 1285 1102 θεραπείαν,
1348 1030 1573 1103 ὕστερον
1626 1031 1682 1084 δὲ
1727 1028 1822 1082 καὶ
1852 1030 1933 1093 είς
1996 1028 2096 1100 τὴν
2145 1027 2243 1098 τῆς
2306 1025 2581 1099 βασιλείας
2633 1022 2898 1094 ἀνάληψιν
2942 1022 3159 1076 ᾶπαντα
3206 1018 3432 1072 συνεϐάο

160 1131 293 1184 λετο.

223 1227 355 1278 Ὅτι
406 1225 663 1295 Ὀνώριος
710 1221 943 1292 ὑδερικῷ
1000 1223 1268 1293 νοσήματι
1308 1221 1470 1285 ἁλοὺς
1526 1220 1632 1291 πρὸ
1678 1219 1736 1285 ἒξ

165 1317 443 1370 καλανδῶν
506 1314 894 1384 Σεπτεμϐρίων
940 1314 1202 1383 τελευτᾷ·
1264 1314 1360 1365 καὶ
1416 1312 1725 1382 πέμπονται

168 1411 471 1477 γράμματα
500 1408 633 1477 πρὸς
659 1406 703 1437 ³⁷
736 1407 835 1473 τὴν
882 1405 1143 1474 ἀνατολὴν
1166 1406 1256 1456 τὸν
1282 1404 1545 1473 βασιλέως
1575 1403 1737 1457 θάνα-

168 1516 249 1549 τον
295 1498 597 1567 μηνύοντα.
634 1498 723 1549 Ἐν
752 1489 797 1564 ᾧ
822 1496 877 1548 δὲ
909 1497 1082 1550 ταῦτα
1116 1497 1444 1564 ἐπέμποντο,
1487 1496 1741 1563 Ἰωάννης

170 1607 244 1651 τις
273 1590 619 1657 αύθεντήσας
645 1592 918 1659 τυραννεῖ.
938 1584 1126 1657 Ἑφ⁵οὗ
1149 1590 1243 1640 καὶ
1264 1590 1362 1657 τῆς
1392 1590 1749 1658 ἀναρρήσεως

174 1681 465 1750 γινομένης
494 1682 536 1712 ³⁸
564 1681 771 1752 ὲρῥήθη
822 1680 1007 1751 ὥσπερ
1056 1680 1161 1733 ἀπό
1190 1696 1334 1741 τινος
1380 1680 1739 1750 προρρήσεως
1774 1721 1817 1774 Β

176 1771 512 1841 προαχθένθ·
536 1791 554 1822 ι
569 1772 781 1833 Πίπτει,
801 1772 860 1823 ού
880 1772 1118 1838 στήκει.»
1138 1771 1228 1822 καὶ
1251 1771 1310 1821 τὸ
1337 1770 1537 1837 πλῆθος
1558 1769 1745 1839 ὥσπερ

174 1860 554 1920 ἁναλύοντεςδθ
571 1861 662 1913 ἐπὶ
682 1861 739 1913 τὸ
769 1859 984 1931 ρηθὲν⁸¹
1010 1858 1376 1927 άναφωνοῦσιο
1407 1860 1660 1928 (Στήκει,
1686 1860 1747 1912 οὐ

179 1951 419 2004 πίπτει.»

244 2044 370 2095 ὐτι
403 2042 742 2111 Βονηφάτιος
783 2042 924 2113 ἀνὴρ
946 2038 1015 2114 ἦν
1034 2042 1291 2113 ἡρωϊκὸς,
1338 2042 1431 2095 καὶ
1467 2042 1608 2095 κατὰ
1634 2041 1761 2093 πολ-

178 2136 281 2188 λῶν
334 2136 601 2199 πολλάκις
648 2136 938 2207 βαρϐάρων
1004 2137 1358 2206 ἠρίστευσεν,
1410 2136 1599 2189 ἄλλοτε
1662 2136 1760 2206 μὲν

180 2231 273 2280 σὺν
321 2228 528 2291 ὀλίγοις
553 2228 934 2297 ἐπερχόμενος,
959 2228 1149 2280 ἄλλοτε
1175 2226 1231 2279 δὲ
1257 2226 1352 2279 καὶ
1378 2229 1473 2279 σὺν
1497 2226 1760 2288 πλείοσιν,

183 2322 347 2373 ἐνέοτε
374 2321 434 2372 δὲ
464 2322 558 2372 καὶ
594 2318 914 2389 μονομαχῶν
934 2335 947 2348 θ
974 2321 1067 2371 καὶ
1111 2317 1297 2381 ἁπλῶς
1346 2320 1544 2382 εἰπεῖν,
1601 2319 1765 2371 παντὶ

179 2413 361 2481 τρόπῳ
384 2411 599 2463 πολλῶν
630 2410 922 2480 βαρϐάρων
956 2408 1048 2461 καὶ
1080 2409 1353 2479 διαφόρων
1379 2408 1551 2462 ὲθνῶν
1593 2407 1765 2477 ἀπήλ-

182 2498 303 2559 λαξε
336 2498 441 2566 τὴν
470 2498 760 2567 Ἀφρικὴν.
798 2492 906 2549 Ἦν
930 2496 986 2549 δὲ
1013 2498 1108 2549 καὶ
1139 2495 1490 2567 δικαιοσύνης
1533 2497 1769 2567 ἐραστὴς

183 2590 273 2639 καὶ
332 2590 635 2657 χρημάτων
680 2588 968 2659 κρείττων.
1003 2588 1289 2658 Ἐπράχθη
1326 2588 1380 2641 δὲ
1415 2588 1563 2658 αὐτῷ
1594 2587 1687 2641 καί
1717 2604 1770 2641 τι

185 2679 443 2732 τοιοῦτον·
476 2680 641 2759 Ἀνήρ
666 2697 749 2742 τις
769 2680 1046 2749 ἄγροικος,
1078 2679 1217 2749 ἔχων
1235 2678 1502 2732 ἀνθοῦσαν
1537 2683 1772 2747 γυναῖκα

184 2774 282 2839 τὴν
328 2771 485 2841 ὥραν
519 2809 535 2833 ,
598 2772 701 2823 ὑπό
748 2788 892 2833 τινος
957 2769 1063 2823 τῶν
1118 2771 1421 2840 συμμάχων
1480 2771 1773 2842 βαρϐάρων

189 2863 511 2932 ἐμοιχεύετο
547 2863 613 2917 ⁸⁸.
670 2867 852 2915 Δεῖται
893 2863 1179 2932 τοιγαροῦν
1229 2864 1568 2933 Βονηφατίου
1602 2904 1617 2927 ,
1676 2864 1773 2933 τὴν

189 2953 346 3021 ῦϐριν
390 2954 810 3022 ὀλοφυρόμενος.
858 2955 915 3007 Ὀ
970 2955 1027 3006 δὲ
1072 2954 1402 3023 Βονηφάτιος
1459 2956 1645 3025 μαθὼν
1714 2956 1775 3007 τὸ

1916 1214 2185 1269 Honorius
2212 1227 2363 1282 aquae
2399 1209 2682 1265 intercutis
2725 1208 2914 1263 morbo
2943 1217 3250 1275 correptus,
3300 1218 3425 1261 ante

1848 1306 1988 1359 diem
2032 1319 2081 1356 vr
2114 1301 2232 1356 Kal.
2285 1302 2560 1370 Septemb.
2594 1298 2702 1371 (58)
2731 1300 2893 1352 vitam
2933 1298 3090 1361 (iniit,
3136 1298 3427 1366 missaeque

1854 1397 1907 1450 in
1949 1396 2295 1450 Occidentem
2322 1394 2533 1456 litterze,
2567 1391 2791 1462 Augusti
2823 1400 3051 1444 mortem
3084 1389 3419 1443 nuntiantes.

1856 1488 1984 1554 Qua:
2011 1490 2134 1540 dum
2172 1487 2313 1539 ultro
2363 1486 2609 1554 citroque
2665 1485 2974 1545 mittuntur,
3028 1478 3269 1537 Joannes
3316 1485 3435 1550 qui-

1857 1582 1979 1633 dam
2033 1578 2376 1650 tyrannidem
2430 1577 2735 1646 occupavit,
2785 1585 2943 1643 atque
2976 1575 3092 1643 ejus
3142 1573 3436 1643 inaugura-

1858 1675 2002 1726 tione
2032 1671 2263 1739 imperii,
2313 1680 2568 1736 tanquam
2602 1668 2666 1721 ab
2715 1668 2898 1736 aliquo
2936 1664 3132 1719 futura:
3182 1665 3258 1717 rei
3307 1679 3437 1719 ora-

1856 1760 1977 1815 culo
2006 1800 2022 1826 ,
2052 1759 2252 1827 iactum
2281 1769 2365 1813 est
2392 1777 2406 1813 :
2447 1776 2467 1810 ι
2502 1758 2677 1820 Cadit.
2707 1772 2815 1811 non
2850 1766 2990 1823 stat;
3029 1774 3049 1807 ι
3080 1757 3220 1825 quod
3247 1755 3430 1825 vulgus

1856 1854 2057 1906 dictum
2113 1852 2387 1906 iuvertens
2444 1850 2821 1905 exclamabat:
2883 1868 2901 1900 ‹
2967 1848 3128 1904 Stat.
3186 1862 3289 1901 non
3348 1862 3440 1899 ca-

1859 1946 1957 1999 dit.
1994 1964 2012 1996 ι

1929 2035 2236 2090 Bonifacius
2268 2036 2382 2107 (59)
2421 2037 2503 2089 vir
2536 2047 2656 2090 erat
2694 2035 2970 2099 heroicus,
2999 2033 3091 2104 qui
3122 2049 3245 2089 cum
3298 2036 3437 2087 mut-

1860 2131 1934 2187 tis
1963 2147 2105 2199 szepe
2145 2133 2397 2201 gentibus
2431 2133 2678 2187 barbaris
2710 2144 2932 2187 strenue
2977 2132 3257 2202 pugnavit.
3302 2148 3439 2200 pau-

1864 2225 1943 2279 cis
1970 2225 2241 2278 interdum
2299 2224 2471 2293 copiis
2530 2224 2811 2286 adhibitis,
2852 2224 3123 2277 interdum
3176 2223 3442 2291 pluribus,

1867 2330 2255 2385 nonnunquam
2304 2329 2430 2368 vero
2467 2322 2521 2370 et
2552 2315 2813 2384 singulari
2865 2314 3207 2369 certamine:
3260 2323 3335 2377 et,
3387 2321 3446 2365 ut

1867 2407 2031 2461 verbo
2076 2407 2285 2471 dicam,
2323 2406 2584 2461 barbaras
2636 2407 2868 2471 multas,
2922 2406 3210 2475 variasque
3257 2415 3447 2475 gentes

1867 2499 2048 2553 Africa
2081 2499 2306 2567 expulit.
2342 2497 2488 2552 ldetn
2535 2496 2757 2566 justitiae
2798 2496 2880 2551 vel
2913 2497 2965 2550 in
3003 2496 3191 2564 primis
3236 2496 3446 2549 studio-

1871 2606 1981 2653 sus,
2014 2600 2068 2645 ct
2099 2592 2379 2645 ahstlnens
2426 2606 2487 2643 ac
2526 2590 2878 2659 pecuniarum
2933 2598 3274 2658 contemptor
3324 2586 3447 2650 fuit,

1872 2697 1899 2735 a
1932 2697 2037 2752 quo
2078 2682 2239 2735 etiam
2289 2682 2594 2749 hujusmodi
2647 2682 2933 2751 aliquando
2985 2691 3255 2750 patratum
3302 2680 3435 2734 faci-

1875 2786 1995 2824 nus.
2048 2770 2195 2841 63a
2227 2768 2481 2825 Rusticus
2513 2770 2733 2840 quidam
2768 2771 3043 2837 praestanti
3087 2770 3257 2823 forma
3314 2786 3446 2824 uxo-

1878 2876 1986 2913 rem
2020 2877 2171 2914 suam
2204 2877 2323 2914 cum
2385 2861 2619 2916 Barbaro
2672 2864 2903 2932 quodam
2959 2880 2989 2918 c
3043 2861 3440 2917 confrederatis

1881 2952 2054 3005 milite
2095 2967 2459 3007 consuescere
2514 2955 2785 3023 cognovit,
2821 2956 3025 3023 rogavit
3076 2954 3256 3023 itaque
3292 2954 3452 3007 Bonio

188 3044 472 3113 διάστημα
496 3045 589 3097 τοῦ
616 3045 779 3096 τόπου
813 3044 988 3097 καὶτὸ
1006 3045 1173 3113 ὄνομα
1205 3046 1299 3097 τοῦ
1328 3046 1519 3115 ἀγροῦ,
1553 3049 1609 3099 ὲν
1638 3040 1682 3114 ᾦ
1709 3046 1777 3100 τὰ

1884 3042 2106 3109 facium,
2140 3046 2370 3099 dedecus
2421 3045 2545 3097 illud
2585 3045 2802 3099 familia
2844 3046 3155 3114 deplorans,
3195 3058 3253 3100 ut
3293 3062 3449 3113 opem

190 3138 290 3203 τῆς
317 3136 567 3205 μοιχείας
598 3137 918 3206 ἐπράττετο,
954 3138 1045 3188 τὸν
1081 3137 1179 3206 μὲν
1216 3136 1401 3206 ίκέτην
1422 3138 1467 3168 ⁵³
1522 3137 1647 3209 [114
1685 3137 1777 3209 Η.]

192 3229 329 3286 τέως
389 3229 713 3296 ἀπέπεμπε,
773 3228 1083 3297 προστάξας
1134 3228 1296 3280 πάλιν
1347 3231 1412 3298 τῇ
1452 3228 1579 3297 ἑξῆς
1634 3229 1782 3299 αύτῷ

204 3319 553 3389 προσελθεῖν,
599 3318 756 3386 ὀψίας
804 3318 860 3370 δὲ
900 3317 1076 3369 λαθὼν
1113 3318 1377 3381 ἅπαντας,
1416 3320 1509 3370 καὶ
1554 3319 1648 3369 ἐπὶ
1694 3320 1782 3370 τὸν

196 3412 367 3481 ἀγρὸν
428 3411 625 3472 ἐλάσας
697 3409 1065 3477 ἐϐδομήκοντα
1118 3410 1469 3479 διιστάμενον
1526 3410 1780 3474 σταδίοις,

195 3504 287 3556 καὶ
318 3500 500 3571 εὑρὼν
534 3501 623 3553 τὸν
654 3500 926 3569 βάρϐαρον
970 3503 1037 3566 τῇ
1082 3500 1445 3571 μοιχευομένη
1483 3500 1785 3567 συγκαθεύο

194 3592 378 3649 δοντα,
432 3592 621 3659 τέμνει
671 3607 727 3641 τε
777 3588 940 3641 αὑτοῦ
974 3590 1069 3657 τὴν
1113 3590 1354 3660 κεφαλὴν
1384 3591 1475 3643 καὶ
1514 3592 1582 3643 δι’
1616 3593 1785 3663 αὐτῆς

200 3684 538 3750 ὑποστρέφει
588 3681 798 3743 νυκτός.
844 3681 1198 3747 Προσελθόντι
1232 3682 1290 3734 δὲ
1331 3683 1473 3736 κατὰ
1512 3683 1572 3736 τὸ
1613 3684 1780 3754 πρόσ-

200 3793 384 3844 cura:
408 3776 491 3835 εἰς
507 3773 605 3841 τὴν
640 3773 830 3843 αῦριον
859 3773 937 3844 τῷ
971 3774 1126 3842 ἀνδρί¹
1154 3775 1431 3826 ἐπιδίδωσι
1459 3776 1549 3828 τοῦ
1584 3776 1787 3845 βαρϐά-

203 3885 299 3936 ρου
330 3867 431 3936 τὴν
464 3865 729 3932 κεφαλὴν,
755 3865 1251 3933 διαπυνθανόμενος
1283 3868 1331 3917 εί
1361 3868 1711 3933 ὲπιγινώσκοι
1740 3868 1786 3900 ⁸⁸

202 3961 393 4027 αὑτήν.
441 3958 571 4029 [197
626 3956 718 4028 3.]
759 3956 819 4009 '0
863 3956 917 4008 δὲ
966 3960 1077 4019 τοῖς
1135 3958 1400 4027 παροῦσιν
1460 3957 1574 4026 ἅμα
1618 3975 1787 4010 κατα-

203 4050 438 4119 πλαγεὶς
465 4051 560 4101 καὶ
580 4050 961 4117 ἀμηχανήσας,
998 4047 1187 4100 ἔπειτα
1223 4049 1475 4115 ἐπιγνοὺς
1506 4050 1787 4104 καὶπολλὰ

201 4144 301 4209 τῆς
323 4139 674 4206 δικαιοσύνης
701 4139 1099 4207 εὐχαριστήσας
1124 4138 1191 4198 ⁸³,
1232 4138 1330 4190 σὺν
1353 4140 1498 4209 χαρᾷ
1530 4141 1715 4209 ἀπῄει.

275 4232 403 4282 Ὅτι
433 4229 661 4288 ἕκαστος
693 4226 799 4277 τῶν
824 4226 1074 4293 μεγάλων
1109 4226 1274 4278 οἴκων
1297 4226 1396 4295 τῆς
1439 4226 1675 4295 Ῥώμης,
1714 4226 1789 4290 ὥς

206 4340 395 4390 φησιν,
450 4320 667 4373 ᾶπαντα
702 4316 845 4387 εἶχεν
880 4318 935 4368 ἐν
976 4318 1154 4386 ἑαυτῷ
1188 4318 1359 4369 ὁπόσα
1392 4316 1543 4378 πόλις
1577 4318 1789 4386 σύμμε-

1885 3135 2073 3190 ferret.
2101 3134 2190 3191 Ille
2218 3177 2233 3200 .
2270 3138 2485 3205 cognito
2516 3136 2616 3191 loci
2650 3138 2951 3202 intervallo,
2984 3148 3037 3191 et
3068 3138 3181 3206 agri
3209 3138 3447 3197 nomine.

1890 3228 1977 3279 ubi
2011 3228 2332 3282 adulterium
2368 3238 2692 3299 patraretur,
2742 3229 3008 3282 hominem
3070 3239 3180 3282 tum
3230 3228 3452 3296 quidem

1884 3317 2115 3383 dimisit,
2152 3320 2202 3373 iu
2251 3328 2524 3389 posterum
2574 3320 2713 3373 diem
2766 3321 2830 3373 ad
2881 3334 2941 3374 se
2991 3319 3169 3374 redire
3214 3319 3451 3388 jussum.

1886 3408 2057 3461 Nor-tu
2106 3419 2325 3471 autem,
2378 3410 2561 3464 insciis
2615 3410 2866 3463 omnibus
2928 3411 2979 3463 in
3036 3425 3226 3480 agrum
3290 3411 3443 3464 illunt

1885 3501 2227 3570 septuaginta
2266 3502 2458 3555 stadiis
2495 3501 2740 3555 dissitqu
2793 3500 3086 3570 profectus,
3132 3503 3453 3570 deprehensi

1886 3608 2006 3646 cum
2046 3594 2253 3647 mcecha
2311 3593 2533 3648 Barbari
2587 3602 2747 3661 caput
2793 3596 3112 3662 amputavit,
3160 3595 3458 3662 eademque

1888 3687 2104 3738 donmm
2142 3696 2296 3740 nocte
2343 3688 2587 3740 revertit.
2647 3686 2912 3740 Redeunti
2948 3686 3093 3747 dein,
3146 3697 3205 3739 ut
3235 3690 3456 3739 manda-

1891 3788 1998 3831 tmn
2046 3779 2242 3843 fuerat,
2278 3779 2538 3848 postridie
2583 3779 2798 3841 marito,
2834 3776 3056 3829 Barbari
3106 3788 3267 3845 caput
3297 3779 3458 3831 obtu-

1890 3867 1971 3928 lit,
2003 3879 2346 3936 percontatus
2389 3884 2455 3921 an
2506 3870 2765 3922 novisset.
2817 3866 2904 3919 Ille
2950 3869 3263 3935 spectaculo
3334 3883 3457 3937 per-

1888 3976 2101 4027 cussus,
2131 3971 2185 4016 et
2224 3962 2374 4030 quasi
2420 3976 2577 4016 sensu
2632 3970 2831 4025 motus,
2891 3976 3014 4014 mox
3083 3962 3172 4015 ubi
3221 3963 3456 4031 agnovit,

1892 4054 2075 4106 multis
2129 4054 2352 4122 justitia:
2409 4068 2573 4109 causa
2608 4052 2745 4106 actis
2790 4052 3002 4121 gratiis.
3054 4052 3273 4107 domum
3309 4055 3462 4109 lectus

1895 4146 2071 4198 rediit.

1964 4236 2004 4289 E
2038 4236 2242 4305 magnis
2263 4234 2518 4290 Romana)
2566 4238 2716 4293 urbis
2745 4239 2989 4294 domibus
3020 4241 3108 4310 (ut
3134 4240 3221 4294 hic
3266 4240 3463 4310 refert)

1893 4328 2070 4380 omnia
2096 4328 2233 4380 intra
2253 4343 2309 4381 se
2340 4344 2675 4398 unaquaeque
2730 4330 2950 4395 habuit,
2979 4346 3311 4400 quaecunque
3340 4348 3461 4385 me—

204 4432 334 4482 τρος
354 4413 590 4480 ἠδύνατο
609 4413 770 4481 ἔχειν,
806 4414 1138 4483 ἱππόδρομον
1162 4412 1256 4463 καὶ⁵
1282 4412 1480 4480 φόρους
1506 4410 1600 4462 καὶ
1626 4412 1781 4472 ναοὺς

1856 4418 2092 4472 ldiocris
2146 4420 2307 4471 etiam
2363 4420 2491 4473 urbs
2526 4421 2724 4474 habere
2763 4424 2965 4489 potuit;
3009 4422 3417 4490 hippodromum
3445 4460 3463 4486 ,

205 4509 302 4558 καὶ
354 4503 540 4574 πηγὰς
575 4505 669 4555 καὶ
701 4504 900 4575 λουτρά
937 4505 1191 4573 διάφορα.
1223 4501 1313 4553 Διὸ
1341 4502 1435 4553 καὶ
1482 4503 1510 4553 ό
1544 4516 1789 4571 συγγρα-

207 4601 345 4665 φεὺς
376 4596 784 4663 ἀπεφθέγξατο.

206 4688 303 4756 Εἷς
330 4692 514 4758 δόμος
528 4689 682 4743 ἇστυ
696 4691 885 4743 πόλει·
910 4690 1087 4751 πόλις
1099 4688 1285 4741 ἄστεα
1295 4686 1479 4754 μυρία
1496 4686 1690 4739 κεύθει
1718 4684 1785 4739 ⁵⁸.

206 4779 393 4835 Ἦσαν
445 4782 504 4832 δὲ
550 4783 643 4832 καὶ
674 4782 873 4851 λουτρά
916 4780 1146 4849 δημόσια
1196 4777 1544 4847 παμμεγέθη.
1612 4779 1677 4829 At
1733 4777 1790 4831 δὲ

221 4874 579 4927 Ἀντωνιαναὶ
612 4871 755 4924 οὕτω
786 4874 1114 4939 καλούμεναι
1155 4871 1232 4932 εἰς
1286 4870 1473 4939 χρείαν
1500 4868 1608 4922 τῶν
1640 4869 1791 4921 λουο-

216 4968 396 5031 μένων
426 4964 697 5033 καθέδρας
726 4960 870 5033 εἶχον
888 4964 928 4994 ⁸⁷
962 4962 1372 5031 παρακειμένας
1402 4961 1575 5031 χιλίας
1601 4961 1793 5025 ἑξακοο

211 5059 359 5122 σίας,
394 5059 462 5108 ἐκ
491 5056 785 5126 μαρμάρου
816 5054 1327 5122 κατεσκευασμένας
1361 5050 1548 5116 ξεστοῦ
1577 5068 1592 5083 ·
1642 5052 1699 5103 αί
1736 5051 1793 5105 δὲ

1898 4508 2010 4562 {ora
2030 4548 2044 4572 ,
2072 4508 2543 4575 delubra,foutes,
2572 4512 2718 4564 varia
2750 4512 2960 4566 balnea.
2993 4510 3129 4567 Hinc
3150 4522 3204 4566 et
3233 4514 3467 4582 scriptor

1896 4597 1974 4650 sic
2000 4600 2261 4651 exclamat
2290 4615 2303 4651 :

1898 4684 1995 4738 Est
2023 4686 2145 4738 urbs
2164 4704 2269 4739 una
2298 4688 2521 4743 domus:
2555 4689 2694 4741 mille
2718 4690 2908 4756 oppida
2926 4690 3153 4744 continet
3174 4707 3278 4743 una
3318 4692 3464 4744 urbs.

1896 4775 1998 4830 Sed
2031 4787 2083 4831 et
2107 4778 2318 4832 lavacra
2351 4780 2558 4847 publiCa
2598 4781 2798 4850 ingenti
2830 4796 3046 4848 prorsus
3072 4780 3222 4835 {uere
3262 4784 3469 4850 magni-

1894 4870 2106 4933 tudine,
2153 4873 2435 4938 equihus,
2504 4888 2622 4941 quae
2677 4872 3054 4926 Autoniniana:
3118 4874 3464 4934 nominantur

1894 4960 2155 5026 thermae,
2190 4966 2255 5015 ad
2296 4980 2506 5017 comuio
2532 4965 2714 5018 Iiorem
2756 4965 3051 5017 lavantium
3089 4980 3241 5018 usum
3268 5006 3282 5029 ,
3323 4966 3472 5020 mille

1903 5065 2158 5109 sexcenta
2200 5057 2499 5113 habuerunt
2532 5061 2719 5115 sedilia
2750 5076 2781 5115 e
2810 5076 3081 5116 marmore
3110 5060 3275 5131 polito
3307 5059 3471 5114 fabri-

1487 5186 1721 5241 VARIA‘I
1757 5185 2163 5245 LECTIONES.

284 5310 549 5385 ’τΑπρδςΑ
567 5323 583 5363 :
601 5311 683 5385 είς
708 5327 767 5385 ς.
845 5310 890 5343 ³⁸
913 5308 1207 5385 γενομένης
1226 5326 1287 5373 ς.
1423 5306 1667 5385 πραχθὲν
1698 5325 1761 5371 ς.
1803 5308 1849 5385 δξ
1863 5310 2212 5385 ἀναλύοντες]
2229 5312 2457 5369 fortasse
2477 5315 2576 5384 leg.
2596 5315 2881 5385 ἀλύοντες,
2947 5318 2986 5346 ⁸⁸
3011 5315 3103 5367 ἐπὶ
3119 5314 3179 5366 τὸ
3203 5310 3365 5385 ῥηθέν
3387 5311 3433 5362 Δ
3454 5344 3466 5354 ο

211 5380 273 5433 τὸ
294 5379 452 5451 ῥῆμα
472 5398 531 5444 ς.
640 5382 687 5417 ⁸³
722 5380 1109 5456 έμοιχεύετοᾉ
1144 5379 1322 5456 rem
1346 5379 1514 5447 αὐτὴν
1550 5379 1948 5456 μοιχευομένην
1978 5401 2040 5447 ς.
2118 5384 2163 5415 ⁸³
2196 5379 2413 5456 οίκέτην
2455 5379 2553 5449 cf
2593 5388 2637 5417 “
2666 5384 3023 5453 ἐπιγινώσκει
3052 5401 3113 5449 ς.
3193 5379 3267 5415 ⁸⁸⁷
3302 5383 3471 5434 ἀπευ-

211 5449 554 5522 χαριστησας
587 5468 647 5515 ς.
728 5450 773 5483 ⁵⁸
804 5449 989 5504 κεύθει
1024 5453 1069 5504 Α
1129 5467 1144 5505 :
1190 5449 1374 5519 τεύχει
1408 5465 1469 5513 ς.
1547 5449 1589 5479 ⁸⁷
1625 5449 1740 5518 είχε
1774 5466 1835 5512 ς.

1723 5560 1955 5619 NOTAE.

293 5660 408 5727 (58)
442 5661 728 5729 Discrepat
788 5661 876 5714 hic
920 5659 1157 5713 calculus
1185 5662 1254 5713 ab
1300 5658 1439 5722 aliis,
1491 5674 1615 5729 nam
1651 5673 1779 5713 xvm

220 5733 349 5784 Kal.
389 5728 667 5800 Septemb.
713 5730 913 5785 obiisse
940 5729 1238 5784 Honorium
1267 5733 1480 5784 tradunt
1508 5728 1779 5794 Socrates,

222 5801 479 5871 Prosper,
512 5799 856 5856 Marcellinus
880 5810 936 5857 et
961 5800 1343 5860 Cassiodorus.

1963 5660 2074 5729 (59)
2104 5660 2201 5716 llic
2237 5661 2300 5717 Β.
2338 5663 2642 5732 Augustino
2673 5660 3053 5731 perfamiliaris
3083 5658 3218 5721 fuit,
3267 5663 3327 5711 ut
3352 5667 3475 5711 cre-

1892 5730 2001 5786 brae
2027 5734 2302 5801 utriusque
2333 5730 2525 5788 littera:
2557 5730 2865 5790 ostendunt.
