4224 6442
777 410 890 476 283

1937 399 2200 460 ΡΗΟΤΙῘ
2240 393 2747 458 ΡΑΤΗῙΑΗΕΗᾸΞ
2781 397 2896 458 CP.

3949 399 4060 463 284

782 527 1044 581 cedonum
1064 517 1270 591 judicio
1289 557 1305 582 ,
1342 530 1527 585 regum
1553 513 1770 569 nomine
1795 513 2078 581 imperium
2104 525 2362 580 procura-

2480 510 2543 569 εἰς
2573 510 2701 571 τοὺς
2729 508 2873 577 ἀμφὶ
2917 508 3242 580 Περδίκκαν,
3271 509 3322 562 οἳ
3351 510 3527 581 κρίσει
3569 511 3678 565 τῶν
3725 515 4061 573 Μακεδόνων

786 621 939 673 bant.
963 613 1161 667 Narrat
1183 608 1474 675 deinceps,
1506 615 1564 658 ut
1593 602 1881 658 Alexandri
1907 602 1978 655 sit
2002 601 2233 654 divisum
2262 600 2367 651 im-

785 711 1014 777 perium.
1038 704 1179 759 Asia:
1203 701 1417 771 quidem
1447 698 1550 752 hoc
1576 696 1756 750 modo.
1789 693 2076 747 Ptolemaeo
2106 691 2236 758 Lagi
2262 691 2372 742 lilio

780 801 951 854 totius
973 796 1188 866 .Egypti
1209 835 1223 858 ,
1242 803 1295 847 et
1319 791 1499 860 Libyae
1522 831 1536 857 ,
1561 798 1616 843 et
1630 788 1808 842 omnis
1824 786 1960 839 ultra
1982 787 2121 839 hanc
2141 781 2373 851 regionis

787 890 1024 958 JEgypIo
1041 885 1336 954 adiacentis
1354 921 1370 945 ,
1396 882 1676 950 imperium
1691 879 1900 932 datum.
1920 876 2232 930 Cleomenes
2244 887 2373 928 vero

789 976 856 1028 ab
873 977 1182 1028 Alexandro
1210 988 1333 1040 rege
1357 971 1480 1025 huic
1509 969 1769 1035 Satrapiae
1795 966 2094 1034 impositus,
2117 965 2370 1017 vicariam

788 1066 1078 1121 Ptolemaeo
1131 1075 1387 1132 praestare
1451 1076 1668 1128 operam
1695 1059 1878 1126 jussus
1922 1067 2024 1109 est.
2068 1057 2371 1108 Laomedon

790 1162 1119 1232 Mitylenaeas
1142 1158 1352 1227 Syriam
1376 1155 1568 1218 tenuit;
1601 1153 1868 1211 Philotas.
1893 1150 2156 1212 Ciliciam;
2180 1148 2371 1201 Pithon

791 1268 939 1315 vero,
975 1249 1230 1312 Mediam;
1257 1248 1544 1309 Eumenes,
1569 1244 1967 1313 Cappadociam
2005 1254 2059 1296 et
2077 1242 2376 1310 Paphlago-

789 1347 933 1398 niam
959 1386 974 1405 ,
1001 1355 1299 1412 gentesque
1326 1342 1389 1390 ad
1423 1338 1686 1390 Euxinum
1721 1347 1941 1404 pontum
1976 1337 2106 1390 sitas
2133 1376 2147 1400 ,
2180 1335 2243 1386 ad
2281 1351 2374 1386 us-

789 1450 896 1503 que
945 1433 1362 1502 Trapezuntem.
1413 1430 1711 1497 Antigonus
1744 1426 2080 1496 Pamphyliis
2117 1437 2171 1480 et
2197 1425 2377 1480 Cilici-

790 1527 1022 1596 ωερε)
1058 1525 1343 1592 praefectus
1387 1533 1504 1584 est,
1550 1535 1719 1591 usque
1750 1522 1813 1573 ad
1845 1521 2154 1591 Phrygiam.
2213 1521 2377 1573 Asan-

789 1621 889 1671 dro
941 1619 1106 1672 Cares
1145 1618 1256 1684 (75)
1302 1617 1639 1668 obvenerunt
1676 1631 1688 1678 ;
1744 1611 1872 1682 Lydi
1901 1627 2025 1667 vero
2060 1612 2374 1667 Menandro.

789 1712 1061 1766 Leonatus
1084 1710 1399 1779 Phrygiam,
1441 1724 1562 1777 quan
1588 1710 1650 1760 ad
1682 1706 1820 1777 ϐω)
1851 1705 2247 1775 Hellespontum
2275 1713 2376 1770 est,

788 1805 1042 1856 obtinuit.
1068 1805 1241 1870 Atque
1274 1802 1346 1854 ita
1366 1801 1580 1869 quidem
1615 1802 1742 1852 Asia
1798 1798 2106 1852 diStributa.
2168 1798 2224 1851 In
2268 1797 2375 1850 Ειι-

789 1912 918 1965 ropa
942 1935 956 1958 ,
1026 1895 1253 1948 Thracia
1284 1935 1298 1954 ,

792 1989 986 2040 inacho
1040 1986 1194 2039 Cessit
1226 1983 1372 2051 (74).
1403 1983 1688 2049 Antipater
1738 1991 1914 2036 autem
1955 1982 2218 2035 universae
2263 1981 2375 2034 Ma-

789 2076 1062 2142 cedoniae,
1096 2085 1149 2128 et
1185 2073 1438 2136 Graeciae,
1481 2072 1675 2142 Illyriis
1706 2073 1869 2138 item,
1898 2083 1950 2124 et
1979 2072 2228 2125 Triballis
2251 2111 2265 2134 ,
2298 2082 2378 2124 at-

789 2185 894 2237 que
924 2169 1172 2236 Agrianis
1194 2208 1210 2233 ,
1235 2167 1602 2235 omnibusque
1632 2166 1768 2219 adeo
1804 2167 1870 2219 iis
1895 2206 1908 2228 ,
1942 2167 2134 2232 quibus
2165 2167 2218 2220 in
2249 2180 2378 2220 cou-

791 2258 1029 2331 tanente[
1051 2259 1304 2327 Europaea
1334 2258 1348 2330 Ι
1389 2259 1562 2312 fuerat
1586 2259 1652 2311 ab
1670 2259 1976 2313 Alexandro
1999 2260 2171 2313 adhuc
2188 2275 2378 2326 super-

790 2354 916 2405 stite
945 2367 1066 2406 cum
1099 2356 1251 2422 plena
1292 2363 1346 2406 et
1375 2368 1588 2404 summa
1613 2361 1876 2419 potestate
1911 2353 2205 2418 imperator
2234 2367 2373 2420 ιιι-αι’

791 2443 984 2496 fectus.
1036 2442 1316 2496 Curatoris
1377 2459 1537 2510 porro
1577 2441 1807 2496 oﬂicium
1835 2481 1851 2506 ,
1919 2458 2148 2512 quaeque
2183 2445 2250 2498 ad
2294 2459 2379 2497 re-

790 2538 930 2604 giam
949 2537 1280 2603 pertinerent
1311 2537 1563 2600 tutelam,
1590 2533 1813 2590 Cratero
1851 2537 2200 2588 mandata.At
2237 2536 2377 2602 quod

793 2643 1062 2681 suunnnm
1081 2638 1162 2679 est
1183 2627 1321 2694 apud
1352 2626 1669 2681 Macedonas
1686 2626 1963 2696 dignitatis
1978 2627 2214 2690 culmen,
2242 2625 2376 2681 Per-

791 2722 971 2772 tliCCas
1006 2716 1399 2786 Hephaestionis
1437 2719 1805 2772 chiliarchiam
1838 2717 2010 2770 tenuit
2038 2717 2202 2786 (75).

865 2809 1110 2862 Indorum
1135 2810 1375 2861 onmium
1410 2808 1643 2876 praefecti
1678 2808 1845 2863 Porus
1872 2819 1925 2862 et
1949 2807 2173 2863 Taxiles
2199 2811 2373 2862 l'uere.

790 2901 869 2954 Ac
932 2901 1070 2954 Poro
1092 2902 1329 2970 quidem,
1389 2916 1510 2968 quae
1566 2901 1754 2954 ludum
1793 2902 1934 2954 inter
1983 2911 2036 2955 et
2087 2900 2374 2971 Hydaspen

790 2995 1011 3046 ﬂumina
1048 2992 1266 3060 jacent;
1301 2991 1478 3044 Taxili
1527 3007 1652 3045 vcro
1702 2993 1906 3061 reliqua
1943 3002 2068 3046 sunt
2097 2995 2373 3046 attributa.

796 3085 985 3137 I’ithon
1016 3083 1128 3152 (76)
1157 3084 1294 3135 alter
1319 3083 1508 3135 hormn
1536 3084 1778 3137 ﬁnitimis
1807 3085 2112 3151 imperavit,
2139 3085 2378 3153 exceptis

2471 600 2840 672 ἐπετρόπευον
2878 603 3060 662 αὐτοῖς
3097 604 3197 672 τὴν
3234 603 3433 674 ἀρχήν.
3466 603 3695 669 Διέξεισι
3729 607 3819 659 καὶ
3841 607 3993 672 ὅπως
4021 612 4060 680 ἡ

2470 689 2567 742 τοῦ
2605 691 2955 763 Ἀλεξάνδρου
2985 692 3278 762 διενεμήθη
3319 694 3482 764 ἀρχή.
3523 693 3648 767 [H6
3691 695 3785 770 IL]
3832 701 3912 752 Τά
3955 703 4060 770 μὲν

2473 781 2566 835 οὖν
2594 783 2694 853 τῆς
2730 784 2914 848 Ἀσίας
2936 784 3098 840 οὕτω.
3145 786 3479 856 Πτολεμαῖος
3506 789 3533 841 ὁ
3565 790 3747 857 Λάγου
3774 792 4060 860 Αἰγύπτου

2474 874 2656 945 πάσης
2706 876 2797 927 καὶ
2828 876 3033 943 Λιϐύης
3092 876 3186 928 καὶ
3235 877 3333 946 τῆς
3373 878 3626 932 ἐπέκεινα
3689 884 3825 951 γῆς,
3877 885 4060 954 ὁπόση

2474 965 2735 1035 Αἰγύπτῳ
2777 969 3058 1032 συνάπτει,
3094 968 3282 1040 ἄρχειν
3323 971 3525 1040 ἐτάχθη
3553 991 3566 1004 ·
3602 973 3630 1024 ὁ
3653 973 3707 1026 δὲ
3739 975 3811 1045 τῷ
3844 975 4062 1045 βασιλεῖ

2492 1057 2825 1129 Ἀλεξάνδρῳ
2878 1059 2974 1112 ἐπὶ
3023 1063 3088 1130 τῇ
3140 1063 3445 1132 σατραπείᾳ
3494 1064 3665 1136 ταύτῃ
3719 1069 4061 1136 τεταγμένος

2479 1150 2790 1221 Κλεομένης
2822 1151 3063 1222 ὕπαρχος
3097 1155 3416 1226 Πτολεμαίῳ
3439 1158 3809 1228 ἀποκατέστη.
3836 1162 4060 1230 Λαομέ-

2476 1242 2577 1294 δων
2599 1243 2654 1295 δὲ
2677 1245 2703 1294 ὁ
2722 1243 3083 1309 Μιτυληναῖος
3112 1245 3180 1296 Σύ
3192 1263 3297 1312 ρων
3326 1247 3582 1315 ἡγεῖσθαι
3609 1249 3920 1319 ἀπεφάνθη,
3959 1253 4063 1306 καὶ

2477 1331 2718 1393 Φιλώτας
2745 1331 2844 1400 μὲν
2871 1332 3144 1398 Κιλικίας,
3180 1334 3358 1386 Πίθων
3383 1337 3425 1367 ⁶⁹
3452 1336 3506 1388 δὲ
3537 1338 3771 1406 Μηδίας,
3805 1341 4064 1411 Εὐμένης

2477 1425 2531 1476 δὲ
2577 1425 2972 1487 Καππαδοκίας
3018 1443 3076 1478 τε
3126 1427 3218 1478 καὶ
3272 1428 3652 1496 Παφλαγονίας
3689 1433 3925 1485 καὶτῶν
3965 1436 4065 1486 ἐπὶ

2478 1516 2568 1567 τὸν
2596 1515 2846 1581 Εὔξεινον
2873 1517 3064 1570 πόντον
3100 1520 3397 1572 κατιόντων
3442 1522 3604 1592 μέχρι
3635 1525 3726 1575 καὶ
3757 1527 3812 1586 ές
3837 1527 4067 1596 Τραπει-

2481 1607 2675 1670 ζοῦντα
2699 1610 2766 1673 ⁷⁸,
2810 1610 3110 1677 Ἀντίγονος
3139 1611 3195 1664 δὲ
3221 1608 3530 1680 Παμφύλων
3569 1615 3664 1666 καὶ
3690 1616 3926 1669 Κιλίκων
3961 1619 4067 1686 μέ-

2481 1717 2571 1769 χρι
2605 1700 2867 1768 Φρυγίας,
2902 1702 3100 1771 Καρῶν
3134 1703 3190 1754 δὲ
3217 1704 3538 1773 Ἄσανδρος,
3570 1702 3811 1776 [2013.]
3841 1706 4064 1759 Μέναν-

2486 1791 2612 1860 δρος
2643 1791 2697 1842 δὲ
2724 1790 2930 1853 Λυδῶν,
2966 1792 3246 1854 Λεωνάτος
3268 1792 3321 1844 δὲ
3351 1794 3449 1863 τῆς
3479 1793 3564 1862 ἐφ’
3611 1794 3992 1866 Ἑλλησπόντῳ
4015 1798 4061 1828 ⁷⁸

1365 1859 1616 1959 quidem,
1682 1901 1733 1944 et
1786 1889 2164 1943 Cherronesus
2216 1889 2372 1958 Lysi-

2480 1883 2739 1954 Φρυγίας.
2772 1885 2881 1936 Καὶ
2913 1885 3021 1936 τῶν
3055 1886 3151 1954 μὲν
3184 1886 3448 1939 Ἀσιανῶν
3478 1888 3640 1951 οὕτω,
3671 1888 3778 1940 τῶν
3811 1889 3854 1940 δ’
3881 1890 4068 1956 Εὖρωο

2480 1975 2655 2027 παίων
2681 1975 2902 2044 Θρᾴκης
2937 1975 3032 2045 μὲν
3053 1977 3145 2027 καὶ
3168 1977 3511 2045 Χερρονήσου
3550 1978 3886 2047 Λυσίμαχος,
3933 1980 4063 2031 ’Λν-

2477 2069 2740 2137 τίπατρος
2775 2069 2830 2120 δὲ
2886 2069 2979 2121 ἐπὶ
3028 2070 3160 2122 πᾶσι
3207 2070 3485 2123 Μακεδόσι
3533 2072 3627 2123 καὶ
3680 2072 3908 2144 Ἕλλησι
3962 2076 4064 2127 καὶ

2492 2160 2772 2231 Ἰλλυριοῖς
2814 2163 2908 2214 καὶ
2938 2163 3258 2234 Τριϐαλλοῖς
3293 2163 3389 2216 καὶ
3419 2165 3670 2233 Ἀγριᾶσι
3700 2168 3793 2219 καὶ
3827 2167 3927 2220 ὃσα
3956 2169 4064 2236 τῆς

2479 2241 2709 2325 ἠπείρου
2751 2255 2953 2320 ἐξέτιτί
2997 2256 3344 2330 Ἀλεξάνδρου
3370 2262 3671 2330 στρατηγὸς
3701 2262 4065 2333 αὐτοκράτωρ

2480 2352 2760 2405 ἐτέτακτο.
2788 2351 2898 2418 Τὴν
2921 2350 2977 2402 δὲ
3011 2351 3338 2420 κηδεμονίαν
3370 2352 3464 2404 καὶ
3496 2353 3595 2419 ὅση
3631 2354 3932 2424 προστασία
3960 2355 4065 2425 τῆς

2483 2442 2780 2511 βασιλείας,
2817 2444 3095 2512 Κρατερὸς
3135 2443 3442 2512 ἐπετράπη,
3477 2443 3605 2514 ὂδδὴ
3647 2445 3952 2514 πρώτιστον
3975 2464 4067 2498 τι-

2485 2535 2587 2602 μῆς
2610 2533 2760 2596 τέλος
2790 2535 2938 2603 παρὰ
2963 2533 3271 2586 Μακεδόσι·
3298 2535 3602 2605 Περδίκκας
3635 2535 3693 2589 δὲ
3722 2537 3818 2606 τὴν
3860 2537 4066 2605 Ἡφαι-

2483 2625 2704 2687 στίωνος
2739 2625 3070 2695 χιλιαρχίαν.

2549 2800 2731 2871 Ἶῐσαν
2759 2805 2813 2857 δὲ
2831 2805 3088 2874 ἄρχοντες
3124 2806 3300 2861 Ἰνδῶν
3333 2807 3432 2878 μὲν
3453 2807 3718 2862 ἁπάντων
3740 2809 3935 2875 Πῶρος
3967 2810 4069 2863 καὶ

2481 2897 2714 2964 Ταξίλης
2747 2913 2758 2925 ⁸
2797 2897 2910 2948 ἀλλ’
2932 2901 2959 2950 ὁ
2991 2901 3089 2967 μὲν
3123 2899 3312 2969 Πῶρος
3345 2900 3393 2952 οἳ
3429 2903 3484 2952 ἐν
3517 2903 3668 2971 μέσῳ
3702 2901 3867 2954 Ἰνδοῦ
3896 2919 4070 2954 ποτα-

2485 2989 2586 3058 μοῦ
2622 2991 2713 3041 καὶ
2751 2990 3024 3042 Ὑδάσπου
3056 2992 3335 3060 νέμονται,
3365 2992 3599 3064 Ταξίλης
3627 2995 3683 3047 δὲ
3705 2996 3810 3046 τῶν
3833 2995 4066 3048 λοιπῶν.

2483 3082 2663 3134 Πίθων
2689 3084 2733 3114 ⁷³
2765 3082 2821 3134 δέ
2849 3101 2931 3144 τις
2983 3083 3090 3135 τῶν
3128 3085 3335 3147 τούτοις
3388 3086 3605 3155 ὁμόρων
3661 3089 3866 3156 ἡγεῖτο,
3922 3089 4069 3155 πλὴν

794 3177 1155 3229 I’aramisadis
1185 3176 1315 3245 (77).
1345 3175 1445 3240 Qui
1502 3193 1626 3230 vero
1661 3174 1806 3229 Indis
1860 3177 2180 3230 contermini
2229 3189 2372 3242 sunt,

2486 3176 2886 3244 Παραμισάδων
2909 3176 2973 3229 ⁷³.
3013 3178 3074 3228 Oi
3097 3176 3152 3228 δὲ
3182 3177 3547 3240 συνάπτοντες
3571 3177 3775 3240 Ἰνδοῖς,
3807 3179 3922 3231 ὅσοι
3961 3179 4070 3230 ὑπὸ

794 3267 894 3320 sub
921 3268 1210 3321 Caucaseis
1234 3267 1505 3320 mouttbus
1525 3266 1839 3331 incolentes,
1863 3266 2113 3336 Oxyartae
2143 3269 2374 3333 B.ic1rio,

796 3358 1050 3412 Roxanes
1103 3361 1259 3426 patri,
1300 3361 1512 3426 regendi
1560 3360 1891 3426 obtigerunt.
1940 3358 2071 3412 lluic
2132 3360 2373 3414 ltoxanae

796 3450 939 3503 tilius
995 3458 1151 3502 natus
1200 3459 1320 3516 post
1375 3450 1668 3501 Alexandri
1736 3449 1903 3516 patris
1957 3452 2376 3518 οὺιιυιιι,ηιιοιιι

796 3559 948 3611 atque
975 3547 1217 3610 parentis
1255 3543 1472 3595 nomine
1508 3543 1875 3595 Alexandrum
1927 3545 2252 3598 Macedones
2283 3559 2377 3611 ap-

797 3634 1085 3701 pellarunt.
1115 3633 1433 3685 Arachosiis
1462 3645 1514 3684 et
1543 3631 1821 3686 Gedrosiis
1849 3635 2118 3704 Sibyrtius
2147 3634 2377 3704 pra'fuit.

799 3727 1064 3776 Stasanor
1116 3722 1211 3794 [al.
1249 3721 1530 3792 Stanosm]
1582 3722 1845 3778 Solieusis
1895 3726 2033 3792 apud
2090 3724 2280 3778 Arcios
2329 3735 2381 3778 et

799 3815 1040 3886 Dz‘attgns
1079 3818 1340 3884 regnavit.
1405 3814 1684 3883 Philippus
1748 3815 2036 3884 Sogdianis
2073 3816 2379 3884 imperavit,

799 3922 855 3961 ιιι
888 3909 1269 3976 ιὶ.ι‹1;ιρ1ιι›ι·ιιθε
1304 3906 1612 3976 Hyrcaniis,
1657 3918 1709 3960 et
1735 3906 2122 3973 Neaptolemus
2155 3907 2382 3962 Carina-

800 4000 923 4053 niae.
1003 3999 1184 4054 Persae
1260 3999 1536 4053 Peucestae
1604 4010 1921 4066 paruerunt.
1984 3999 2377 4070 Sogdianorum

800 4094 999 4163 quippe
1028 4109 1249 4160 regnum
1283 4090 1515 4159 Oropius
1543 4102 1811 4155 tenuerat,
1859 4108 1962 4145 non
1992 4108 2020 4145 a
2054 4103 2207 4161 patre
2259 4091 2382 4168 reli-

802 4197 972 4246 ctum,
1009 4186 1100 4239 sed
1135 4189 1201 4238 ab
1246 4185 1554 4238 Alexandro
1615 4197 1920 4254 acceptum.
1954 4185 2051 4249 Qui
2094 4194 2378 4254 postquam

802 4276 855 4331 in
884 4291 1001 4329 eam
1037 4277 1399 4330 ca!amitatem
1449 4276 1664 4342 incidit,
1721 4287 1779 4329 ut
1814 4276 2197 4345 perduellionis
2260 4291 2383 4328 reus

801 4383 967 4436 regno
993 4367 1275 4421 exuendus
1307 4375 1471 4428 esset,
1510 4370 1965 4422 communicatum
1992 4385 2112 4421 cum
2138 4369 2243 4422 alio
2268 4367 2380 4437 (78)

801 4460 992 4512 horum
1028 4457 1473 4530 {Sogdianorunq
1509 4461 1790 4529 imperium
1827 4460 2018 4513 tenuit.
2054 4460 2378 4530 Babylonio-

2483 3267 2594 3319 τοῖς
2622 3263 2957 3327 Καυκασίοις
2988 3265 3206 3335 ὄρεσιη
3237 3267 3514 3334 νέμονται,
3549 3268 3818 3339 Ὀξυάρτῃ
3851 3268 3926 3336 τῷ
3962 3269 4071 3320 Βα-

2484 3356 2676 3424 κτρίῳ,
2725 3355 2782 3417 ὃς
2811 3352 2879 3425 ἦν
2928 3356 3201 3426 Ῥωξάνης
3235 3359 3435 3428 πατὴρ,
3472 3361 3549 3420 εἰς
3590 3361 3762 3428 ἀρχὴν
3786 3363 4066 3429 ἁπενεμή-

2484 3447 2660 3517 θησαν
2682 3464 2695 3477 ⁹
2729 3443 2795 3517 ἧς
2835 3447 3029 3516 ἐτέχθη
3077 3451 3205 3510 παῖς
3233 3450 3371 3516 μετὰ
3395 3450 3488 3501 τὸν
3515 3450 3606 3502 τοῦ
3637 3451 3842 3520 πατρὸς
3874 3451 4069 3514 Ἀλεξ-

2486 3540 2681 3606 άνδρου
2723 3539 2974 3602 θάνατον,
3006 3533 3051 3606 ᾧ
3102 3541 3163 3592 τὸ
3208 3541 3537 3593 Μακεδόνων
3591 3542 3794 3609 πλῆθος
3833 3544 3926 3595 τοῦ
3961 3562 4069 3595 πα-

2483 3630 2610 3700 τρὸς
2645 3630 2743 3700 τὴν
2781 3631 3155 3701 προσηγορίαν
3183 3631 3536 3700 Ἀλέξανδρον
3572 3633 3774 3686 ἔθεντο.
3819 3633 4067 3702 Ἀραχωο

2487 3722 2618 3774 σίων
2650 3722 2705 3772 δὲ
2740 3724 2832 3774 καὶ
2866 3721 3187 3790 Γαδρωσίων
3226 3723 3434 3792 ἐπῆρχε
3463 3723 3764 3793 Σιϐύρτιος,
3805 3725 3898 3777 καὶ
3923 3727 4068 3777 Στα-

2487 3815 2668 3884 σάνωρ
2697 3816 2724 3866 ὁ
2756 3813 2937 3875 Σόλιος
2968 3813 3194 3883 Ἀρείων
3228 3815 3322 3867 καὶ
3360 3815 3622 3884 Δράγγων
3653 3817 3851 3883 ἡγεῖτο.
3876 3816 4069 3868 Φιλίπ-

2485 3922 2587 3957 που
2614 3905 2669 3956 δὲ
2701 3900 2770 3973 ἦν
2794 3905 2935 3973 ἀρχὴ
2968 3905 3243 3972 Σογδιανοὶ
3278 3908 3372 3958 καὶ
3411 3906 3808 3976 Ῥαδαφέρνους
3862 3908 4071 3977 ’Υρκαο

2486 3997 2595 4049 νίαι
2654 3999 2746 4049 καὶ
2787 3996 3169 4066 Νεοπτολέμου
3219 3998 3535 4067 Καρμανία.
3583 3999 3792 4068 Πέρσαι
3848 4001 3904 4052 δὲ
3966 4000 4072 4052 ὑπὸ

2489 4090 2775 4161 Πευκέστῃ
2823 4089 3149 4158 ἐτάχθησαν.
3197 4089 3305 4158 Τὴν
3345 4090 3400 4141 δὲ
3447 4089 3748 4157 Σογδιανῶν
3790 4089 4072 4159 βασιλείαν

2500 4180 2768 4253 Ὀρώπιος
2788 4176 2953 4250 εἶχεν,
2985 4183 3044 4233 οὐ
3087 4181 3314 4249 πάτριον
3337 4181 3476 4251 έχων
3502 4185 3698 4253 ἀρχὴν,
3724 4183 3860 4236 ἀλλὰ
3887 4182 4074 4246 δόντος

2488 4273 2652 4326 αὐτοῦ
2673 4273 3024 4343 Ἀλεξάνδρου
3051 4292 3064 4304 ·
3089 4277 3210 4326 ὲπεί
3231 4274 3286 4326 δὲ
3305 4275 3438 4344 τύχη
3465 4291 3546 4336 τις
3571 4273 3718 4342 αύτῷ
3734 4274 4033 4325 συνέπεσεν
4055 4315 4072 4339 ,

2486 4365 2911 4427 ἐπαναστάσεως
2969 4367 3150 4419 αἰτίαν
3216 4366 3470 4434 φεύγοντι
3531 4367 3913 4436 παραλυθῆναι
3975 4369 4076 4436 τῆς

2489 4457 2686 4525 ἀρχῆς,
2724 4457 2843 4508 τότε
2874 4456 3068 4517 κοινῶς
3105 4456 3283 4508 αὐτῶν
3315 4457 3414 4525 τὴν
3446 4456 3622 4526 ἀρχὴν
3655 4453 3792 4525 εἷχε.
3822 4456 4077 4512 Βαϐυλω-

802 4571 920 4609 rum
953 4527 1102 4617 vero,
1133 4527 1358 4623 ejusque
1390 4527 1623 4623 regionis
1653 4571 1772 4624 qua:
1806 4556 1980 4609 media
2012 4527 2215 4625 Tigrim
2264 4557 2374 4627 (79)

2481 4548 2611 4599 νίων
2654 4548 2710 4599 δὲ
2742 4548 2957 4614 καὶτῆς
3007 4546 3178 4616 μέσης
3229 4545 3338 4606 τῶν
3373 4548 3634 4616 ποταμῶν
3675 4549 3945 4616 Τίγρητος
3980 4545 4076 4599 καὶ

802 4649 943 4701 inter
973 4659 1026 4701 et
1061 4648 1390 4716 Euphratem
1421 4647 1611 4702 ﬂuvios
1644 4650 1746 4703 sita
1783 4658 1886 4714 est,
1921 4649 1991 4701 ita
2031 4650 2374 4703 distributum

803 4739 1111 4806 imperium,
1154 4736 1341 4791 utillis
1380 4738 1600 4806 quidem
1648 4737 1927 4800 Seleucus,
1980 4737 2379 4806 Mesopotamiae

798 4844 930 4883 vero
950 4831 1252 4884 Archelaus
1287 4831 1596 4899 imperaret.
1630 4827 1730 4882 Hic
1764 4832 1945 4896 itaque
1975 4831 2239 4897 gentium,
2284 4846 2380 4884 ea-

800 4937 1028 4991 rumque
1055 4922 1432 4991 praefectorum
1459 4924 1755 4992 catalogus,
1785 4932 2069 4991 postquam
2099 4921 2381 4980 Perdiccas

2484 4641 2800 4710 Εὐφράτου,
2842 4639 2951 4692 τῶν
2979 4639 3076 4708 μὲν
3099 4639 3381 4703 Σέλευκος,
3414 4640 3512 4709 τῆς
3559 4641 3614 4691 δὲ
3643 4640 4076 4708 Μεσοποταμίας

2496 4733 2788 4802 Ἀρχέλαος
2856 4727 3014 4802 ἦρχε.
3071 4731 3303 4783 Τοσόσδε
3361 4731 3597 4801 ἀριθμὸς
3652 4731 3819 4782 ἐθνῶν
3851 4747 3910 4782 τε
3981 4733 4079 4782 καὶ

2483 4827 2691 4879 ἔθνεσιν
2751 4826 3027 4896 ἀρχόντων
3097 4818 3187 4894 ἦν,
3245 4826 3334 4876 ὅτε
3396 4825 3703 4892 Περδίκκας
3771 4825 3911 4891 μετά
3976 4823 4076 4892 τὴν

2499 4918 2851 4986 Ἀλεξάνδρου
2872 4916 3132 4984 τελευτὴν
3159 4916 3257 4978 τὰς
3284 4915 3456 4986 ἀρχάς
3477 4916 3681 4985 ἔνειμε.
3706 4916 3816 4967 Καὶ
3836 4916 3904 4966 τά
3937 4915 4075 4967 ἄλλα

2058 5015 2294 5073 VARle
2321 5019 2726 5076 LECTION

865 5116 910 5148 ”
939 5116 1140 5168 πείθων
1172 5132 1253 5185 pr.
1291 5117 1355 5179 A,
1406 5114 1592 5168 πύθων
1645 5129 1803 5185 corr.
1828 5114 1909 5185 _"°
1940 5114 2339 5184 τραπεζοῦντος
2399 5117 2466 5171 A.
2543 5117 2585 5146 ⁷¹
2628 5111 3017 5185 Ἑλλησπόντου
3071 5123 3216 5185 corr.
3241 5107 3284 5159 A
3316 5123 3336 5185 :_
3407 5107 3452 5137 "
3484 5105 3627 5185 ἐξέτι
3653 5105 3698 5159 Α
3730 5121 3744 5158 ε
3781 5103 3840 5171 ἓξ
3865 5105 3962 5176 ἔτη
4011 5122 4075 5170 ς.

794 5187 842 5219 ’⁸
875 5187 1063 5241 πύθων
1087 5182 1228 5241 corr.
1256 5187 1320 5241 A.
1401 5184 1447 5217 "
1465 5182 1892 5258 παραμεισαδῶν
1921 5182 2009 5238 AV:
2049 5201 2233 5241 verum
2266 5197 2349 5241 est
2382 5183 2881 5257 Παροπαμισαδῶν.

2959 5177 3096 5230 ¹⁵τά
3147 5177 3441 5230 Καυκάσια
3482 5177 3582 5247 ὅρη
3635 5193 3697 5241 ς.

2352 5281 2584 5338 NOTAE.

884 5384 995 5450 (7‘2)
1031 5383 1134 5438 Pro
1172 5384 1255 5438 his
1282 5383 1442 5444 habet
1475 5381 1573 5436 inf.
1607 5380 1779 5451 Lyciis
1813 5381 2030 5435 Arrian.
2056 5383 2180 5436 cod.
2208 5381 2298 5436 9‘2.

875 5454 986 5522 (73)
1013 5454 1378 5509 Cassandrum
1416 5453 1774 5522 apudlustin.
1816 5462 1872 5505 et
1909 5453 2153 5507 Curtintn
2183 5453 2325 5521 leges
2361 5469 2375 5505 :

813 5535 870 5576 ut
904 5521 1051 5577 etin
1088 5527 1263 5592 priore
1308 5525 1513 5590 itnperii
1553 5521 1884 5577 Macedonici
1931 5523 2196 5577 divisione
2237 5523 2376 5591 apud

799 5597 1091 5647 Arrianum
1127 5593 1220 5647 inf.
1249 5596 1370 5648 cod.
1404 5593 1495 5646 92.

876 5663 986 5732 (7t)
1031 5663 1230 5717 llornm
1271 5663 1666 5716 trimuviratum
1693 5663 1946 5717 conferas
1976 5661 2102 5718 licet
2125 5678 2248 5718 cum
2281 5665 2383 5718 Ar-

807 5736 962 5786 riano
994 5735 1119 5788 infr.
1143 5736 1262 5789 cod.
1302 5734 1390 5786 9'2.

881 5802 991 5870 (‘75)
1017 5801 1191 5872 Jnngo
1225 5804 1338 5857 haec
1382 5819 1504 5856 cum
1535 5801 1804 5858 Perdiccan
1838 5801 2120 5872 dignitate,
2164 5811 2382 5858 secutus

804 5873 1100 5950 Arrianum
1152 5876 1247 5931 iul'.
1311 5887 1366 5930 ct
1422 5880 1494 5930 ita
1556 5877 1778 5944 exigunt
1839 5890 1925 5929 res
1991 5876 2056 5930 dc
2122 5874 2379 5931 PerdiCCa

809 5955 1048 6015 scriptae.

2556 5379 2668 5450 (76)
2694 5376 2810 5450 Non
2837 5376 2946 5440 ille,
2975 5375 3058 5450 cui
3086 5390 3236 5450 supr.
3268 5373 3496 5450 Mediam
3543 5373 3832 5450 obvenisse
3859 5373 4076 5450 retulit,

2479 5443 2573 5506 sed
2598 5443 2757 5520 quem
2785 5447 3046 5520 Agenoris
3079 5446 3246 5499 lilium
3283 5447 3413 5499 facit
3434 5443 3706 5506 Justinus,
3729 5454 3782 5496 et
3808 5446 4079 5497 Arrianus

2492 5518 3171 5661 ,ηέίῖξίωίθὲἓᾶροηιίιοάαε
3221 5586 3364 5654 leges
3413 5584 3550 5638 inl'ra
3596 5583 3735 5653 apud
3776 5581 4077 5637 Arrianum

2490 5660 2830 5797 εοῗῆὃείἳάυιιι
2862 5725 3109 5794 Philippo
3145 5725 3424 5789 nimirum,
3475 5723 3559 5776 cui
3599 5721 3712 5792 jam
3765 5737 3887 5777 mox
3968 5719 4081 5777 So-

2495 5803 2674 5873 gdiani
2713 5799 2955 5873 attributi
2994 5797 3326 5873 legebantur.

2569 5870 2681 5943 (79)
2716 5867 2867 5924 Unde
2899 5867 3274 5935 Metapotamia
3302 5867 3440 5922 dicta
3459 5876 3558 5922 εει.
