4224 6442
997 424 1606 488 BIBLIOTHECA.-
1639 424 1859 488 CODD.
1886 423 2217 500 LXXXIII,
2246 424 2552 489 LXXXIV.

170 530 435 595 διέξεισιν
482 530 543 584 ιν
572 532 808 597 πολλοῖς,
858 532 934 597 ὥς
982 536 1086 588 κάν
1128 533 1361 599 τούτοις,
1413 534 1687 607 ’Δρῤιανῷ
1710 535 1756 569 ⁷⁸
1784 546 1831 601 Α

1784 546 1831 601 Α
1859 534 1930 588 ab
1955 532 2251 588 Alexandri
2276 546 2504 588 excessu
2531 529 2755 601 imperia
2788 527 3091 585 distribuit.
3122 527 3183 584 In
3226 530 3440 583 ceteris

171 622 323 677 κιτά
345 622 412 674 τὸ
438 621 688 676 πλεῖστον
716 622 986 694 σύμφωνα
1016 625 1247 694 γράφων
1270 625 1339 680 ".

923 804 1047 858 ΠΡ.

241 896 569 951 Διονυσίου
582 893 1097 962 Ἁλικαρνασσέως
1134 894 1442 963 ἰστορικοι
1466 895 1637 963 λόγιοι
1659 900 1731 948 κ’.

256 987 602 1057 ’Δνετνὼσθη
625 986 904 1038 Διονυσίου
933 985 1400 1055 Ἁλικαρνασσέως
1419 984 1464 1015 ’⁸
1490 985 1583 1037 τοῦ
1616 984 1767 1037 Ἀλε-

177 1076 409 1146 ξάνδρου
431 1078 641 1141 βιᾶιία
663 1075 978 1143 Ιστορικῶν
993 1077 1190 1146 λόγων
1233 1078 1456 1130 εἴκοσιν.
1507 1077 1767 1147 Ἀρχεται

177 1172 284 1222 ἀπὸ
311 1172 417 1239 τῆς
447 1172 657 1223 Αίνείου
688 1170 829 1240 μετά
842 1172 888 1201 "
916 1170 1118 1242 Τροίας
1153 1171 1356 1223 ἆλωσιν
1382 1172 1471 1222 ἐπὶ
1493 1169 1591 1240 τὴν
1627 1169 1767 1221 Ἰτα-

177 1261 300 1315 λίαν
328 1262 589 1330 ἀφίξεως,
619 1262 715 1315 καὶ
750 1263 1001 1328 διέξεισιν
1026 1264 1085 1316 Iv
1115 1264 1286 1334 πολλῇ
1320 1264 1641 1334 λεπτολογίᾳ
1668 1265 1767 1334 τήν

180 1371 239 1405 τε
262 1354 361 1422 τῆς
445 1354 665 1423 Ῥώμης
709 1356 907 1407 οἷκισιν
951 1355 1000 1387 ⁸⁸
1055 1355 1151 1407 καὶ
1201 1356 1301 1421 τὴν
1356 1355 1551 1423 Ῥέμου
1584 1354 1628 1386 ⁸¹
1672 1354 1766 1407 καὶ

192 1446 484 1514 Ῥωμύλου
522 1448 777 1517 γέννησιν
812 1449 905 1499 καὶ
947 1447 1132 1510 ἁπλῶς
1165 1446 1363 1515 ἑφεξῆς
1398 1448 1638 1509 ἅπαντα,
1673 1447 1768 1516 μέ-

180 1553 300 1605 χρις
322 1538 449 1589 ὅτου
480 1537 773 1605 Ῥωμαίοις
800 1541 829 1590 ό
854 1537 992 1607 πρὸς
1028 1537 1244 1608 Πύρρον
1276 1538 1369 1590 τὸν
1407 1537 1765 1607 Ἠπειρώτην

182 1626 422 1696 πόλεμος
474 1627 728 1697 συνέστη.
778 1630 1061 1697 Διέρχεται
1106 1629 1165 1681 δὲ
1210 1629 1304 1681 καὶ
1340 1629 1501 1681 αὐτὸν
1537 1631 1761 1694 ἐκεῖνον,

182 1719 272 1770 καὶ
302 1719 539 1787 τελευτᾷ
594 1721 651 1781 ἐς
699 1719 797 1787 τὴν
846 1717 890 1787 ρ’
918 1720 1013 1772 καὶ
1070 1719 1157 1786 κη’
1202 1719 1560 1788 Ὀλυμπιάδα,
1611 1718 1765 1781 ἔτους

182 1807 307 1878 [Il'l
353 1808 451 1879 IL]
511 1810 679 1875 αὐτῆς
738 1811 1089 1879 ἐνεστηκότος
1114 1812 1160 1842 ”
1192 1812 1411 1880 τρίτου·
1442 1813 1535 1878 ἀφ’
1568 1806 1636 1882 ἦς
1668 1812 1763 1863 καί

182 1918 343 1969 φησιν
366 1902 729 1971 ἀπάρξασθαι
766 1903 857 1954 τὸν
882 1904 1334 1973 Μεγαλοπολίτην
1366 1880 1626 1956 Πολύϐιον
1660 1903 1761 1970 τῆς
1796 1880 1837 1939 Β

183 1993 448 2060 ἱστορίας.
502 1994 759 2061 Ἥκμασε
825 1994 882 2046 δὲ
945 1988 1099 2057 οὗτος
1150 1996 1244 2047 ἐπὶ
1290 1995 1399 2048 τῶν
1453 1995 1763 2063 Αὐγούστου

183 2085 411 2152 χρόνων,
459 2084 847 2148 καταπλεύσας
874 2086 953 2148 είς
997 2084 1227 2139 Ἰταλίαν
1259 2087 1374 2156 ἅμα
1401 2086 1481 2157 τῷ
1527 2086 1763 2138 καταλυ-

183 2176 338 2244 θῆναι
386 2177 482 2231 τὸν
526 2177 787 2246 ἐμφύλιον
831 2178 1086 2248 πόλεμον,
1117 2180 1175 2241 ὃς
1204 2178 1351 2247 αὐτῷ
1382 2196 1440 2231 τε
1471 2179 1765 2249 Αὐγούστῳ

183 2272 271 2322 καὶ
292 2272 579 2340 ’Διιτωνίῳ
608 2271 963 2342 ἐπολεμήθη·
990 2273 1281 2343 διατρίψας
1327 2272 1405 2335 δὲ,
1450 2270 1524 2335 ὥς
1576 2289 1762 2341 φησιν,

182 2359 269 2428 ἐτη
294 2359 397 2411 δύο
432 2362 529 2412 καὶ
560 2363 753 2425 εἴκοσι,
785 2366 879 2416 καὶ
917 2365 1018 2433 τήν
1046 2379 1105 2415 τε
1123 2364 1169 2394 ⁸³
1209 2362 1525 2434 Ῥωμαϊκὴν
1554 2362 1766 2434 ὲξακριο

182 2451 357 2515 ϐώσας
402 2453 709 2516 διάλεκτον,
741 2460 834 2507 καὶ
866 2455 934 2509 τά
986 2456 1115 2525 παρ’
1143 2457 1327 2518 αὐτοῖς
1360 2458 1564 2526 ἀρχαῖα
1598 2458 1767 2526 ἐκμα-

181 2545 304 2608 θὼν,
336 2548 438 2598 καὶ
482 2548 660 2599 πάντα
688 2548 787 2599 ὅσα
828 2548 963 2617 πρὸς
1018 2549 1115 2620 τήν
1162 2551 1406 2620 ἱστορίαν
1442 2551 1607 2602 τείνει
1661 2568 1765 2604 πα-

184 2640 693 2707 ρασκευασάμενος.
743 2639 915 2701 οὕτως
950 2641 1180 2709 ἄρχεται
1219 2642 1318 2710 τῆς
1353 2642 1761 2711 πραγματείας.

185 2730 340 2781 Ἐστι
382 2728 446 2781 δὶ
476 2730 575 2797 τὴν
601 2732 800 2797 φράσιν
832 2733 928 2783 καὶ
962 2732 1060 2802 τὴν
1094 2732 1240 2795 λέξιν
1275 2734 1647 2803 καινοπρεπὴς
1671 2736 1766 2787 καὶ

178 2824 233 2884 ἇς
276 2824 340 2875 re
391 2822 826 2892 ἀνακεχωρηκδς
878 2824 987 2876 τῶν
1039 2825 1250 2877 πολλῶν
1326 2825 1456 2897 [τοι
1514 2826 1608 2899 R.]
1675 2828 1767 2880 τὸν

181 2912 334 2978 λόγον
360 2912 753 2983 ἐκϐιαζόμενος
782 2931 799 2947 ·
835 2918 869 2985 ή
901 2916 956 2967 δὲ
989 2916 1127 2968 κατά
1158 2918 1323 2988 μέρος
1351 2917 1607 2988 διήγησις
1633 2934 1765 2986 μετ-

177 3004 320 3073 έχειν
364 3021 431 3056 τε
466 3006 565 3073 τῆς
609 3006 750 3058 κατὰ
818 3006 1055 3059 διάνοιαν
1119 3006 1378 3074 ἀφελείας
1432 3011 1612 3070 ποιεί,
1671 3010 1766 3063 καὶ

178 3096 281 3148 οὐδ’
319 3099 405 3157 εἰς
444 3096 507 3148 τὸ
544 3096 709 3166 ἀχαρι
742 3098 837 3149 καὶ
880 3098 1116 3167 σκληρὸν
1159 3099 1442 3165 επιτρέπει
1492 3116 1745 3169 παρασυ-

1869 631 2049 676 autem
2083 620 2356 691 plerisque
2379 619 2801 684 narrationibus.
2833 632 2984 687 eque
3016 628 3078 673 ut
3106 618 3159 673 iu
3183 616 3291 683 his,
3312 632 3440 674 cun

1864 713 2101 769 Arriano
2130 713 2421 783 plurimum
2455 712 2729 779 Dexippus
2760 712 3047 766 consentit.

2499 802 2779 858 LXXXIII.

1973 895 2219 969 Dionysii
2257 896 2660 950 Halicarnassei
2689 894 3053 948 Historiarum
3086 893 3210 947 libri
3240 907 3331 947 xx.

1937 986 2196 1057 Legimus
2253 990 2496 1057 Dionysii
2540 986 2936 1041 Halicarnassei
3003 986 3291 1038 Alexandri
3346 982 3439 1038 IIIiI

1872 1078 2238 1133 Historiarum
2281 1080 2443 1133 libros
2475 1079 2587 1150 (80)
2640 1080 2850 1148 viginti.
2886 1076 3076 1143 Incipit
3125 1075 3193 1129 ab
3234 1073 3438 1137 linea,

1871 1181 2029 1237 capta
2055 1170 2168 1236 jam
2202 1170 2384 1238 Trujn,
2418 1172 2468 1221 in
2503 1169 2709 1222 Italiam
2750 1170 3006 1231 adventu,
3031 1168 3310 1233 pergitque
3330 1166 3443 1217 sin-

1868 1263 2090 1332 gulatim
2130 1278 2355 1316 narrare
2383 1261 2493 1331 (8i)
2529 1262 2751 1315 Romam
2798 1261 3095 1323 conditam,
3122 1257 3442 1322 Bouutlique

1868 1362 1923 1407 et
1946 1351 2101 1405 Remi
2131 1366 2332 1417 ortum,
2369 1362 2423 1405 et
2459 1354 2649 1404 ordine
2682 1352 2937 1418 deinceps
2987 1352 3238 1403 universa
3272 1361 3443 1414 usque

1867 1448 1933 1499 ad
1958 1446 2323 1499 Romanorum
2372 1459 2494 1498 cum
2540 1444 2744 1513 Pyrrho
2788 1442 3129 1511 Epirotarum
3179 1454 3303 1508 rege
3331 1438 3445 1493 hel-

1869 1538 1979 1591 Ium
2008 1537 2169 1605 (quod
2211 1538 2384 1603 ipsum
2424 1551 2639 1603 quoque
2683 1536 2998 1605 describit),
3025 1535 3328 1602 desinitque
3381 1534 3437 1585 in

1865 1628 2189 1698 Olympiadis
2235 1642 2435 1683 cxxvnt
2480 1626 2633 1696 θεὸν
2697 1640 2897 1679 anmun
2948 1626 3171 1679 tertium
3222 1638 3303 1679 :a
3336 1638 3445 1690 quo

1869 1730 2112 1789 tempore
2168 1719 2451 1773 historiam
2490 1719 2777 1772 inchoasse
2815 1717 2983 1771 refert
3013 1716 3297 1787 Polybium
3329 1717 3446 1769 Me-

1866 1811 2234 1881 galopolitam.
2277 1810 2487 1865 Claruit
2537 1810 2624 1863 hic
2655 1810 2890 1877 scriptor
2921 1810 3145 1879 Augusti
3197 1809 3443 1877 imperio;

1868 1921 1989 1957 nam
2023 1903 2177 1956 ﬁnito
2202 1902 2314 1967 jam
2349 1902 2605 1955 intestino
2637 1900 2775 1954 bello
2824 1901 2966 1970 quod
3016 1902 3317 1968 Augustum
3357 1902 3444 1954 in-

1868 2007 1950 2049 ter
1976 2007 2030 2049 et
2061 1996 2354 2049 Amantium
2398 2004 2697 2057 exarserat,
2736 1994 2789 2046 in
2844 1993 3051 2047 Italiam
3080 1994 3444 2063 admvigavit.

1868 2087 1972 2142 Uhi
2007 2104 2127 2142 cum
2163 2103 2335 2141 annos
2366 2089 2499 2141 duos
2524 2096 2578 2141 et
2606 2086 2816 2155 viginti,
2846 2099 2902 2139 ut
2934 2087 3049 2154 ipse
3081 2088 3178 2151 ait,
3200 2088 3444 2151 vixisset,

1864 2193 1919 2234 et
1955 2179 2204 2234 Latinam
2254 2181 2491 2250 linguam
2527 2190 2782 2233 accurate
2828 2181 3013 2247 (homo
3042 2178 3279 2249 Cra-cus)
3303 2178 3445 2233 diuti-

1866 2276 2028 2329 cisset
2056 2274 2191 2345 (δὲ),
2215 2288 2543 2343 omnemque
2561 2274 2699 2327 adeo
2724 2274 3101 2343 antiquitatem
3131 2288 3307 2327 rerum
3337 2272 3448 2326 Rn-

1867 2384 2153 2423 manarum
2221 2366 2580 2437 vestigasset,
2641 2368 2844 2436 paratis
2890 2369 3126 2437 denique
3179 2366 3446 2420 universis

1866 2461 2174 2515 scribendae
2258 2461 2503 2517 historias
2555 2462 2919 2526 necessariis,
2977 2464 3043 2515 ad
3106 2476 3221 2516 rem
3271 2464 3443 2528 ipsam

1866 2567 2154 2621 aggressus
2177 2562 2278 2608 est.
2323 2553 2506 2626 Stylus
2536 2554 2655 2624 ejus
2681 2564 2840 2624 atque
2862 2554 3046 2616 dictio,
3072 2567 3191 2621 qua
3216 2559 3445 2605 novato-

1866 2660 1979 2698 rcm
2016 2646 2224 2707 deceat,
2252 2655 2306 2700 et
2344 2661 2474 2701 vero
2509 2662 2603 2715 per
2632 2648 2898 2701 insuetatn
2930 2645 3089 2714 vulgo
3136 2647 3277 2697 viam
3311 2659 3443 2695 ora-

1867 2738 2068 2791 tionem
2100 2737 2345 2806 impellit.
2390 2739 2461 2793 At
2508 2755 2691 2792 rerum
2732 2738 3063 2807 singularum
3114 2738 3316 2789 minuta
3348 2749 3450 2788 ex-

1867 2830 2087 2897 plicatio
2130 2838 2184 2883 et
2240 2846 2471 2891 sensus.
2535 2832 2611 2886 illi
2686 2833 2973 2899 quamdam
3043 2830 3448 2898 simplicitatem

1868 2920 2047 2983 aIIcrt,
2079 2932 2135 2975 et
2156 2938 2223 2976 ne
2250 2924 2316 2976 ad
2341 2924 2609 2987 ingratum
2640 2936 2943 2977 sermonem
2975 2934 3143 2991 atque
3189 2936 3443 2990 asperum

1870 3015 2198 3082 abripiatur,
2236 3026 2405 3069 vetat.
2451 3015 2882 3084 Digressiouibus
2931 3014 3099 3066 utitur
3144 3030 3248 3067 non
3280 3026 3447 3066 raro:

1869 3122 2040 3175 quare
2071 3109 2311 3162 historia:
2341 3108 2614 3163 fastidium
2664 3110 2827 3173 levat,
2866 3109 3141 3175 reficitque
3193 3107 3447 3161 lectorem

184 3188 358 3258 ρῆναι.
403 3190 686 3260 Κέχρηται
715 3190 771 3243 δὲ
816 3192 909 3243 καὶ
942 3190 1281 3260 παρεκϐάσει
1314 3191 1414 3244 οὐκ
1443 3192 1624 3263 ὀλίγῃ,
1670 3192 1762 3245 τδν
1788 3223 1835 3284 c

1788 3223 1835 3284 ο
1870 3198 2160 3265 interdum,
2190 3217 2254 3256 ac
2287 3203 2502 3257 retinet.
2550 3200 2622 3255 Ut
2674 3213 2854 3254 autem
2909 3201 3074 3254 verbo
3125 3199 3446 3265 expediam,

179 3282 459 3350 ἀκροατὴν
489 3282 596 3334 ἀπὸ
634 3281 728 3334 τοῦ
762 3284 891 3352 περὶ
929 3283 1028 3352 τὴν
1064 3283 1305 3351 ίστορίαν
1340 3285 1502 3352 κόρου
1532 3284 1763 3353 διαλαμν-
1803 3281 1831 3284 ⁷

1803 3281 1831 3284 “
1868 3291 2135 3343 orationis
2160 3292 2424 3359 elegantia
2458 3307 2636 3345 rerum
2677 3290 3087 3359 particularium
3135 3291 3450 3344 narratione

181 3372 358 3423 6ivwv
386 3372 565 3441 ταύτῃ
616 3374 709 3425 καὶ
745 3372 1043 3426 ἀναπαύων
1084 3375 1178 3426 καὶ
1216 3375 1622 3443 ἀνακτώμενος.
1670 3378 1758 3430 El-

182 3466 298 3513 πεῖν
324 3463 384 3515 δὲ
409 3462 712 3531 συντόμως.
738 3464 818 3515 ὅτι
842 3466 932 3516 καί
956 3464 1014 3516 τὸ
1039 3464 1249 3533 κομψὸν
1274 3465 1368 3517 τοῦ
1402 3465 1583 3534 λόγου,
1610 3469 1675 3539 τῇ
1698 3486 1757 3521 τε

1866 3392 1920 3436 et
1950 3382 2288 3452 digressione
2322 3392 2647 3450 temperata,
2695 3384 2988 3437 dictionem
3019 3384 3071 3436 in
3103 3383 3448 3452 asperitatem

1868 3474 2135 3525 aInturam
2176 3475 2328 3529 lenit.

180 3558 321 3611 κατά
370 3559 539 3628 μέρος
568 3560 845 3630 ἀφηγήσει
873 3561 972 3613 καὶ
1010 3564 1075 3632 τῇ
1110 3561 1451 3631 παρεκϐάσει
1488 3565 1829 3638 κεκραμένον
1881 3570 1952 3634 ⁸⁸,
1984 3569 2086 3641 τήν
2141 3570 2235 3624 ἰπὶ
2272 3572 2335 3624 τὸ
2396 3570 2733 3643 τραχύτερον
2815 3571 3086 3641 ῥέπουσαν
3155 3567 3447 3641 θεραπεύει

184 3653 496 3705 συνέπειαν.

923 3740 1046 3795 ΠΔ’.

250 3834 365 3889 τοῦ
398 3834 588 3887 αὑτοῦ
611 3834 879 3901 Σύνοψις
902 3833 1021 3886 τῶν
1042 3835 1371 3902 εἰρημένων
1395 3836 1451 3903 η’
1474 3837 1693 3906 λόγων.

257 3924 609 3992 ’Δνεγνώσθη
625 3923 718 3976 τοῦ
740 3924 903 3977 αὑτοῦ
929 3926 1194 3994 Σύνοψις
1220 3926 1337 3978 τῶν
1368 3927 1477 3995 τῆς
1496 3932 1761 3998 ίστοριαι,

180 4016 230 4072 κ’
257 4018 486 4088 βιϐλίων
524 4018 580 4067 έν
616 4024 654 4069 ε’
688 4016 913 4085 βιϐλίοις
944 4034 956 4046 ·
988 4018 1046 4070 ἑν
1154 4018 1352 4087 μᾶλλον
1378 4018 1527 4073 δοκεῖ
1575 4021 1768 4074 ἑαυτοῦ

180 4106 581 4177 κομψότερος⁸³
612 4107 710 4175 μὲν
729 4146 744 4168 ,
776 4106 1133 4177 ἀφῃρημένος
1164 4105 1221 4157 δὲ
1246 4104 1306 4157 τὸ
1338 4104 1527 4174 ήδῦνον
1550 4147 1565 4168 ,
1592 4108 1641 4159 εἰ
1666 4109 1762 4161 καὶ

177 4195 253 4264 τῷ
274 4192 541 4265 χρησίμῳ
584 4192 785 4261 μᾶλλον
827 4193 1119 4262 διαπρέπει
1138 4234 1152 4257 ,
1196 4194 1291 4246 ἆτε
1325 4195 1494 4264 χωρὶς
1516 4195 1625 4248 τῶν
1656 4197 1757 4248 ἀν-

179 4286 429 4354 αγκαίων
454 4285 619 4354 μηδὲν
642 4283 718 4353 τῷ
737 4284 880 4355 λόγῳ
900 4285 1398 4355 καταμιγνύμενος.
1434 4286 1574 4339 Ἀλλ’
1600 4283 1759 4343 εἷπεν

178 4377 241 4431 ἄν
272 4394 360 4441 τις
384 4416 403 4440 ,
450 4376 529 4437 ὠς
556 4376 623 4427 ἀν
658 4376 766 4428 ἀπὸ
815 4378 1094 4447 σκήπτρου
1128 4376 1465 4444 θεμιστεύων
1486 4417 1502 4438 ,
1560 4379 1655 4431 καὶ
1684 4380 1761 4448 τῷ

179 4470 463 4542 ἀπερίττῳ
488 4469 583 4520 καὶ
619 4469 1045 4539 συντετμημένῳ
1067 4510 1082 4535 ,
1111 4469 1205 4521 καὶ
1234 4469 1313 4522 ἔτι
1344 4472 1411 4540 τῇ
1430 4487 1488 4523 τε
1518 4472 1760 4545 συνθήκῃ

2512 3746 2796 3804 LXXXIV.

2050 3835 2301 3905 Ejusdem
2338 3833 2693 3890 Historiarum
2726 3835 3020 3907 Synopseos
3063 3840 3186 3895 libri
3215 3857 3268 3897 ν.

1938 3928 2102 3983 Lecta
2134 3938 2218 3982 est
2250 3927 2495 3998 ejusdem
2549 3930 2807 3983 librorum
2855 3932 3043 3999 viginti
3087 3932 3447 3989 Historiarum

1870 4020 2127 4091 Synopsis
2164 4020 2301 4092 (83),
2324 4021 2564 4091 quinque
2591 4023 2705 4089 ipsa
2741 4024 2896 4077 Iihris
2918 4027 3310 4093 comprehensa
3341 4044 3357 4082 :
3392 4031 3443 4083 iu

1866 4130 1991 4183 qua,
2029 4122 2089 4167 ut
2128 4127 2185 4167 se
2232 4114 2348 4182 ipse
2381 4114 2597 4167 vincere
2635 4115 2899 4185 elegantia
2933 4119 3170 4184 videtur,
3208 4122 3279 4173 ita
3307 4136 3447 4190 quo-

1867 4220 1973 4275 que
2002 4208 2151 4259 omni
2186 4216 2408 4259 exutum
2432 4206 2768 4275 iucunditate
2797 4217 2967 4274 putes.
2996 4209 3125 4275 Quzc
3159 4222 3334 4264 tamen
3362 4228 3448 4267 res

1867 4301 1934 4352 ad
1964 4297 2253 4353 utilitatem
2296 4299 2467 4367 magis
2494 4297 2650 4361 facit,
2695 4300 2819 4353 dum
2864 4299 2997 4353 nihil
3033 4311 3231 4370 praeter
3257 4319 3447 4358 neces-

1867 4388 2009 4442 saria
2037 4388 2269 4441 orationi
2299 4388 2593 4441 interserit.
2631 4388 2787 4442 Dicas
2817 4403 2939 4441 eum
2977 4399 3231 4458 tanquam
3258 4406 3441 4461 regem

1867 4495 1990 4534 cum
2022 4479 2248 4548 imperio
2295 4479 2383 4549 jus
2414 4480 2594 4532 dicere
2664 4490 2720 4533 et
2773 4489 3075 4548 temperato
3111 4485 3442 4552 concisaque

179 4562 269 4613 ul.
291 4565 362 4631 τῇ
400 4560 544 4623 λέξει
571 4602 586 4625 ,
623 4559 747 4628 ἠχώ
786 4577 910 4614 τινα
944 4560 1179 4629 πέμπων
1204 4602 1220 4626 ,
1269 4563 1605 4633 τραχύτερός
1648 4564 1765 4629 πώς
1798 4576 1842 4630 ι)

1798 4576 1842 4630 D
1872 4569 2085 4625 dicendi
2145 4585 2389 4637 genere,,
2425 4571 2492 4623 ad
2544 4570 2658 4624 hac
2723 4571 2885 4624 etiam
2935 4575 3327 4641 compositione
3378 4591 3442 4629 ac

181 4655 292 4706 ἐστι
326 4656 446 4715 τοῖς
494 4654 791 4722 ἀκροαταῖς
844 4656 1309 4724 προσφερόμενος.
1346 4654 1491 4725 Πλὴν
1537 4656 1759 4725 συνόψει

184 4744 276 4809 μὲν
314 4746 345 4797 ό
378 4744 541 4811 λόγος
568 4744 668 4797 οὐκ
697 4744 1039 4815 ἀνάρμοστος
1061 4785 1077 4809 ,
1105 4745 1182 4815 τῷ
1207 4746 1265 4798 δὲ
1296 4746 1484 4815 τελείῳ
1516 4748 1610 4800 καὶ
1637 4748 1758 4800 ὁλο-

182 4835 370 4907 κλήρῳ
405 4836 505 4907 τῆς
535 4838 775 4907 ἱστορίας
812 4836 931 4891 οὔτι
962 4837 1287 4908 πρόσφορος.
1311 4838 1477 4908 Δῆλον
1503 4839 1547 4891 δ’
1575 4840 1651 4903 ὡς
1671 4834 1761 4894 οὗ·

182 4944 264 4994 τος
295 4933 329 4985 ό
380 4934 735 5002 συγγραφεὺς
761 4931 959 4996 Δίωνός
987 4949 1046 4985 τε
1074 4931 1171 4985 τοῦ
1200 4933 1441 4987 Κοκκίου
1478 4932 1573 4986 καὶ
1618 4934 1753 4986 ’Δπ-

1867 4660 2104 4713 dictione
2136 4660 2251 4727 ipsa
2296 4661 2443 4713 vocis
2489 4662 2777 4729 quamdam
2830 4662 3114 4730 imaginem
3166 4666 3349 4725 edere.
3385 4674 3444 4717 ut

1868 4752 2057 4805 durior
2093 4750 2493 4821 quodammodo
2517 4767 2581 4805 ex
2617 4766 2683 4806 eo
2708 4754 2771 4804 ad
2800 4754 3132 4807 audientium
3166 4771 3325 4809 aures
3349 4757 3444 4811 de-

1868 4842 2097 4907 feratur,
2132 4845 2272 4912 quod
2315 4858 2485 4912 genus
2516 4846 2778 4899 orationis
2812 4848 3134 4913 compendio
3173 4850 3305 4901 satis
3342 4864 3439 4914 ap-

1871 4945 2002 4999 tum,
2041 4934 2292 5006 perfecta:
2323 4946 2487 5004 atque
2512 4938 2736 5007 integra:
2762 4938 3002 4992 historiae
3043 4940 3263 4994 minime
3304 4954 3441 4993 con-

1453 5078 1689 5134 VARIE
1725 5078 2132 5135 LECTIONES.

249 5195 309 5276 ⁷⁸.
340 5189 752 5276 Ἀρειανιῖινς..
809 5192 857 5276 ζ’
881 5192 1318 5276 ροειγράφωννίη
1425 5207 1615 5276 versus
1666 5193 1859 5276 viginti
1883 5193 2194 5276 duo_va.cm.
2268 5193 2751 5276 ’⁸ἀλικαριίασέως
2786 5209 2869 5276 9::-
2939 5194 2985 5224 "
3196 5190 3309 5276 τήνΔ
3330 5191 3441 5261 τῆς

178 5260 470 5336 Τροία-ες.
544 5261 595 5336 ξ’
632 5260 752 5336 1ηῃί
783 5260 1015 5336 οἰκησιν.
1175 5260 1395 5333 Ῥἐμου]
1422 5263 1605 5333 ῥώμου
1652 5278 1796 5318 corr.
1829 5266 1895 5320 Α.
1970 5264 2016 5295 ⁸³
2073 5264 2425 5335 ἐνεστηκότος
2450 5260 2623 5336 αὑτῆς
2666 5282 2729 5330 ς.

178 5330 502 5407 κρυμμὲνον
529 5330 594 5385 Δ.
668 5330 716 5363 ⁸⁸
766 5334 864 5402 μὲν
894 5330 905 5333 ⁷
926 5330 1347 5403 κομψότεροςς,

2821 5263 2869 5296 ⁸³
2884 5278 2947 5315 τε
2979 5261 3103 5318 add.
3128 5266 3193 5317 Δ.
3266 5261 3313 5293 ⁸⁵
3343 5279 3437 5315 κε-

1720 5424 1953 5483 ΝΟΤΕ.

250 5522 371 5589 (80)
406 5521 669 5593 Undecim
706 5520 869 5576 hodie
889 5522 1150 5593 duntaxat
1172 5521 1445 5589 leguntur.
1478 5522 1611 5577 Vide
1641 5539 1761 5591 qua
1859 5526 1974 5580 sius
1999 5540 2161 5593 supra
2196 5526 2319 5582 eod.
2357 5526 2445 5581 7i.

180 5596 244 5644 de
281 5594 384 5647 hoc.
438 5592 711 5662 scriptore
757 5600 869 5646 toto
910 5608 922 5645 I
1000 5592 1142 5662 libro
1182 5608 1467 5659 operarum
1526 5595 1759 5662 prodidit

1933 5596 2048 5663 (82)
2073 5597 2212 5650 Idem
2234 5599 2299 5651 de
2322 5612 2379 5650 se
2400 5596 2540 5650 Plut.
2567 5594 2967 5649 testatur1nitio
2986 5594 3119 5651 Vita
3144 5596 3427 5654 Demosth.

182 5664 317 5718 lien.
353 5660 633 5730 Steph.’in
665 5663 797 5732 edit.
849 5663 1070 5732 Dionys.
1120 5660 1488 5732 Lugdunensi.
1527 5660 1667 5721 Vide
1702 5675 1758 5719 et
1856 5674 1909 5720 et
1942 5660 2007 5719 de
2034 5660 2282 5720 Diodoro
2311 5666 2491 5720 Siculo
2523 5666 2746 5721 Photius
2775 5668 3049 5728 snp..cod.
3086 5665 3157 5720 70

184 5734 537 5788 Francofurd.
564 5733 698 5787 edit.
730 5730 1072 5786 Graeco-Lat.

253 5804 363 5867 (81)
394 5802 462 5857 Ut
493 5813 545 5857 et
561 5804 793 5869 Appian.
818 5802 1079 5859 Alexand.
1106 5803 1226 5857 cod.
1250 5804 1338 5867 57.
1360 5813 1415 5859 ει
1437 5805 1561 5859 Sex.
1583 5806 1756 5859 Aure-

183 5872 287 5933 lius
317 5872 501 5931 Victor
532 5873 591 5928 in
614 5873 827 5943 origine
847 5873 1021 5942 gentis
1055 5872 1214 5929 Rom.
1259 5874 1411 5955 Dion.
1444 5874 1571 5927 item
1618 5875 1752 5931 Cas-

1933 5736 2149 5808 (83)De
2211 5752 2313 5808 qua
2357 5735 2525 5793 Henr.
2582 5736 2773 5807 Steph.
2832 5749 2953 5805 cap.
2997 5739 3031 5791 5
3058 5745 3113 5793 et
3142 5737 3175 5791 7
3246 5752 3428 5808 oper:

1853 5822 1967 5864 sua:
1993 5822 2007 5861 ι
2039 5807 2095 5863 in
2120 5808 2262 5862 hunc
2286 5807 2508 5879 Dionys.
