  <div class='ocr_page' id='page_1' title='image "/cluster/home/n/w/nwhite01/storage/ocr_20150623/103/nnc1.0046979689/151.png"; bbox 0 0 4224 6442; ppageno 0'>
   <div class='ocr_carea' id='block_1_1' title="bbox 753 425 855 491">
    <p class='ocr_par' dir='ltr' id='par_1_1' title="bbox 753 425 855 491">
     <span class='ocr_line' id='line_1_1' title="bbox 753 425 855 491; baseline -0.02 0"><span class='ocrx_word' id='word_1_1' title='bbox 753 425 855 491; x_wconf 80' lang='lat'><strong>287</strong></span> 
     </span>
    </p>
   </div>
   <div class='ocr_carea' id='block_1_2' title="bbox 1910 426 2870 490">
    <p class='ocr_par' dir='ltr' id='par_1_2' title="bbox 1910 426 2870 490">
     <span class='ocr_line' id='line_1_2' title="bbox 1910 426 2870 490; baseline 0.003 -3"><span class='ocrx_word' id='word_1_2' title='bbox 1910 426 2170 487; x_wconf 83' lang='lat' dir='ltr'><strong>PlIOTll</strong></span> <span class='ocrx_word' id='word_1_3' title='bbox 2213 426 2721 488; x_wconf 61' lang='lat' dir='ltr'><strong>PATRIARCHE</strong></span> <span class='ocrx_word' id='word_1_4' title='bbox 2760 430 2870 490; x_wconf 73' lang='grc' dir='ltr'><strong>(ΣΡ.</strong></span> 
     </span>
    </p>
   </div>
   <div class='ocr_carea' id='block_1_3' title="bbox 3923 432 4034 494">
    <p class='ocr_par' dir='ltr' id='par_1_3' title="bbox 3923 432 4034 494">
     <span class='ocr_line' id='line_1_3' title="bbox 3923 432 4034 494; baseline 0.009 -1"><span class='ocrx_word' id='word_1_5' title='bbox 3923 432 4034 494; x_wconf 76' lang='lat'><strong>288</strong></span> 
     </span>
    </p>
   </div>
   <div class='ocr_carea' id='block_1_4' title="bbox 752 539 2347 613">
    <p class='ocr_par' dir='ltr' id='par_1_4' title="bbox 752 540 2335 613">
     <span class='ocr_line' id='line_1_4' title="bbox 752 540 2335 613; baseline -0.004 -14"><span class='ocrx_word' id='word_1_6' title='bbox 752 545 959 599; x_wconf 75' lang='lat' dir='ltr'><strong>veniat.</strong></span> <span class='ocrx_word' id='word_1_7' title='bbox 993 542 1129 597; x_wconf 81' lang='lat' dir='ltr'><strong>Illud</strong></span> <span class='ocrx_word' id='word_1_8' title='bbox 1158 552 1383 613; x_wconf 85' lang='lat' dir='ltr'><strong>apparet</strong></span> <span class='ocrx_word' id='word_1_9' title='bbox 1410 542 1728 611; x_wconf 82' lang='lat' dir='ltr'><strong>scriptorem</strong></span> <span class='ocrx_word' id='word_1_10' title='bbox 1760 542 1901 594; x_wconf 79' lang='lat' dir='ltr'><strong>lmm-</strong></span> <span class='ocrx_word' id='word_1_11' title='bbox 1931 540 2097 595; x_wconf 83' lang='lat' dir='ltr'><strong>Dione</strong></span> <span class='ocrx_word' id='word_1_12' title='bbox 2123 540 2335 602; x_wconf 87' lang='lat' dir='ltr'><strong>Cassio,</strong></span> 
     </span>
    </p>
   </div>
   <div class='ocr_carea' id='block_1_5' title="bbox 2454 539 4035 613">
    <p class='ocr_par' dir='ltr' id='par_1_5' title="bbox 2454 539 4035 611">
     <span class='ocr_line' id='line_1_5' title="bbox 2454 539 4035 611; baseline 0.004 -21"><span class='ocrx_word' id='word_1_13' title='bbox 2454 539 2643 592; x_wconf 84' lang='grc' dir='ltr'>πιανοῦ</span> <span class='ocrx_word' id='word_1_14' title='bbox 2672 539 2767 592; x_wconf 83' lang='grc' dir='ltr'>τοῦ</span> <span class='ocrx_word' id='word_1_15' title='bbox 2800 539 3195 609; x_wconf 67' lang='grc' dir='ltr'><strong>Ἀλεξανδρέως</strong></span> <span class='ocrx_word' id='word_1_16' title='bbox 3214 580 3228 601; x_wconf 87' lang='grc'><strong>,</strong></span> <span class='ocrx_word' id='word_1_17' title='bbox 3257 540 3369 593; x_wconf 84' lang='grc' dir='ltr'>τῶν</span> <span class='ocrx_word' id='word_1_18' title='bbox 3397 539 3498 604; x_wconf 85' lang='grc' dir='ltr'><strong>τάς</strong></span> <span class='ocrx_word' id='word_1_19' title='bbox 3539 539 3852 611; x_wconf 75' lang='grc' dir='ltr'>Ῥωμαϊκὰς</span> <span class='ocrx_word' id='word_1_20' title='bbox 3882 546 4035 597; x_wconf 78' lang='grc' dir='ltr'>ιστο-</span> 
     </span>
    </p>
   </div>
   <div class='ocr_carea' id='block_1_6' title="bbox 752 632 2337 703">
    <p class='ocr_par' dir='ltr' id='par_1_6' title="bbox 752 632 2337 703">
     <span class='ocr_line' id='line_1_6' title="bbox 752 632 2337 703; baseline -0.01 -12"><span class='ocrx_word' id='word_1_21' title='bbox 752 646 808 691; x_wconf 92' lang='lat' dir='ltr'><strong>et</strong></span> <span class='ocrx_word' id='word_1_22' title='bbox 840 634 1087 703; x_wconf 79' lang='lat' dir='ltr'><strong>Appiano</strong></span> <span class='ocrx_word' id='word_1_23' title='bbox 1119 634 1524 698; x_wconf 75' lang='lat' dir='ltr'><strong>Alexandrino,</strong></span> <span class='ocrx_word' id='word_1_24' title='bbox 1565 632 1951 686; x_wconf 74' lang='lat' dir='ltr'><strong>Romaniut-Itur</strong></span> <span class='ocrx_word' id='word_1_25' title='bbox 1993 646 2208 701; x_wconf 83' lang='lat' dir='ltr'><strong>quoque</strong></span> <span class='ocrx_word' id='word_1_26' title='bbox 2252 648 2337 688; x_wconf 74' lang='lat' dir='ltr'><strong>re.</strong></span> 
     </span>
    </p>
   </div>
   <div class='ocr_carea' id='block_1_7' title="bbox 757 724 1882 797">
    <p class='ocr_par' dir='ltr' id='par_1_7' title="bbox 757 724 1882 797">
     <span class='ocr_line' id='line_1_7' title="bbox 757 724 1882 797; baseline -0.004 -16"><span class='ocrx_word' id='word_1_27' title='bbox 757 744 875 781; x_wconf 90' lang='lat' dir='ltr'><strong>rum</strong></span> <span class='ocrx_word' id='word_1_28' title='bbox 906 727 1200 789; x_wconf 83' lang='lat' dir='ltr'><strong>historicis,</strong></span> <span class='ocrx_word' id='word_1_29' title='bbox 1236 727 1473 797; x_wconf 75' lang='lat' dir='ltr'><strong>priorem</strong></span> <span class='ocrx_word' id='word_1_30' title='bbox 1510 738 1669 779; x_wconf 78' lang='lat' dir='ltr'><strong>:etate</strong></span> <span class='ocrx_word' id='word_1_31' title='bbox 1694 724 1882 779; x_wconf 74' lang='lat' dir='ltr'><strong>fuisse.</strong></span> 
     </span>
    </p>
   </div>
   <div class='ocr_carea' id='block_1_8' title="bbox 1418 815 1681 870">
    <p class='ocr_par' dir='ltr' id='par_1_8' title="bbox 1418 815 1681 870">
     <span class='ocr_line' id='line_1_8' title="bbox 1418 815 1681 870; baseline 0 -1"><span class='ocrx_word' id='word_1_32' title='bbox 1418 815 1681 870; x_wconf 76' lang='lat' dir='ltr'><strong>LXXXV.</strong></span> 
     </span>
    </p>
   </div>
   <div class='ocr_carea' id='block_1_9' title="bbox 757 903 2338 977">
    <p class='ocr_par' dir='ltr' id='par_1_9' title="bbox 757 903 2338 977">
     <span class='ocr_line' id='line_1_9' title="bbox 757 903 2338 977; baseline -0.003 -16"><span class='ocrx_word' id='word_1_33' title='bbox 757 907 1066 962; x_wconf 77' lang='lat' dir='ltr'><strong>Heracliani</strong></span> <span class='ocrx_word' id='word_1_34' title='bbox 1126 906 1235 977; x_wconf 65' lang='grc'><strong>(84)</strong></span> <span class='ocrx_word' id='word_1_35' title='bbox 1276 908 1504 973; x_wconf 74' lang='lat' dir='ltr'><strong>episcopi</strong></span> <span class='ocrx_word' id='word_1_36' title='bbox 1541 905 1883 959; x_wconf 80' lang='lat' dir='ltr'><strong>Chalceamm</strong></span> <span class='ocrx_word' id='word_1_37' title='bbox 1915 916 2101 959; x_wconf 83' lang='lat' dir='ltr'><strong>contra</strong></span> <span class='ocrx_word' id='word_1_38' title='bbox 2158 903 2338 957; x_wconf 68' lang='lat' dir='ltr'><strong>Hnni-</strong></span> 
     </span>
    </p>
   </div>
   <div class='ocr_carea' id='block_1_10' title="bbox 1327 978 1772 1030">
    <p class='ocr_par' dir='ltr' id='par_1_10' title="bbox 1327 978 1772 1030">
     <span class='ocr_line' id='line_1_10' title="bbox 1327 978 1772 1030; baseline 0.002 -1"><span class='ocrx_word' id='word_1_39' title='bbox 1327 978 1497 1030; x_wconf 72' lang='lat' dir='ltr'><strong>charos</strong></span> <span class='ocrx_word' id='word_1_40' title='bbox 1529 978 1648 1028; x_wconf 82' lang='lat' dir='ltr'><strong>libri</strong></span> <span class='ocrx_word' id='word_1_41' title='bbox 1684 992 1748 1029; x_wconf 66' lang='lat' dir='ltr'><strong>xx</strong></span> <span class='ocrx_word' id='word_1_42' title='bbox 1760 1017 1772 1030; x_wconf 94' lang='lat'><strong>.</strong></span> 
     </span>
    </p>
   </div>
   <div class='ocr_carea' id='block_1_11' title="bbox 829 1068 2342 1139">
    <p class='ocr_par' dir='ltr' id='par_1_11' title="bbox 829 1068 2342 1139">
     <span class='ocr_line' id='line_1_11' title="bbox 829 1068 2342 1139; baseline -0.005 -16"><span class='ocrx_word' id='word_1_43' title='bbox 829 1069 974 1123; x_wconf 84' lang='lat' dir='ltr'><strong>Lecti</strong></span> <span class='ocrx_word' id='word_1_44' title='bbox 1004 1082 1130 1123; x_wconf 84' lang='lat' dir='ltr'><strong>sunt</strong></span> <span class='ocrx_word' id='word_1_45' title='bbox 1193 1068 1500 1123; x_wconf 85' lang='lat' dir='ltr'><strong>lleracliani</strong></span> <span class='ocrx_word' id='word_1_46' title='bbox 1550 1070 1665 1139; x_wconf 70' lang='grc'><strong>(84)</strong></span> <span class='ocrx_word' id='word_1_47' title='bbox 1712 1068 2169 1122; x_wconf 78' lang='lat' dir='ltr'><strong>Chalcedonensis</strong></span> <span class='ocrx_word' id='word_1_48' title='bbox 2227 1068 2342 1136; x_wconf 74' lang='lat' dir='ltr'><strong>epi-</strong></span> 
     </span>
    </p>
   </div>
   <div class='ocr_carea' id='block_1_12' title="bbox 758 1159 2339 1231">
    <p class='ocr_par' dir='ltr' id='par_1_12' title="bbox 758 1159 2339 1231">
     <span class='ocr_line' id='line_1_12' title="bbox 758 1159 2339 1231; baseline -0.001 -17"><span class='ocrx_word' id='word_1_49' title='bbox 758 1163 903 1229; x_wconf 88' lang='lat' dir='ltr'><strong>scopi</strong></span> <span class='ocrx_word' id='word_1_50' title='bbox 936 1163 1197 1216; x_wconf 75' lang='lat' dir='ltr'><strong>Adversus</strong></span> <span class='ocrx_word' id='word_1_51' title='bbox 1252 1159 1578 1216; x_wconf 71' lang='lat' dir='ltr'><strong>Manichmos</strong></span> <span class='ocrx_word' id='word_1_52' title='bbox 1618 1163 1740 1215; x_wconf 84' lang='lat' dir='ltr'><strong>iibri</strong></span> <span class='ocrx_word' id='word_1_53' title='bbox 1799 1161 2009 1231; x_wconf 76' lang='lat' dir='ltr'><strong>viginti.</strong></span> <span class='ocrx_word' id='word_1_54' title='bbox 2045 1160 2232 1216; x_wconf 87' lang='lat' dir='ltr'><strong>Oratio</strong></span> <span class='ocrx_word' id='word_1_55' title='bbox 2265 1160 2339 1212; x_wconf 85' lang='lat' dir='ltr'><strong>illi</strong></span> 
     </span>
    </p>
   </div>
   <div class='ocr_carea' id='block_1_13' title="bbox 760 1254 2341 1321">
    <p class='ocr_par' dir='ltr' id='par_1_13' title="bbox 760 1254 2341 1321">
     <span class='ocr_line' id='line_1_13' title="bbox 760 1254 2341 1321; baseline -0.003 -13"><span class='ocrx_word' id='word_1_56' title='bbox 760 1254 1000 1315; x_wconf 70' lang='lat' dir='ltr'><strong>voncisa,</strong></span> <span class='ocrx_word' id='word_1_57' title='bbox 1056 1254 1280 1307; x_wconf 90' lang='lat' dir='ltr'><strong>minime</strong></span> <span class='ocrx_word' id='word_1_58' title='bbox 1324 1255 1657 1316; x_wconf 86' lang='lat' dir='ltr'><strong>redundans.</strong></span> <span class='ocrx_word' id='word_1_59' title='bbox 1708 1264 1870 1321; x_wconf 86' lang='lat' dir='ltr'><strong>atque</strong></span> <span class='ocrx_word' id='word_1_60' title='bbox 1916 1254 2185 1317; x_wconf 72' lang='lat' dir='ltr'><strong>sublimis,</strong></span> <span class='ocrx_word' id='word_1_61' title='bbox 2236 1268 2341 1305; x_wconf 92' lang='lat' dir='ltr'><strong>non</strong></span> 
     </span>
    </p>
   </div>
   <div class='ocr_carea' id='block_1_14' title="bbox 750 1345 2341 1416">
    <p class='ocr_par' dir='ltr' id='par_1_14' title="bbox 750 1345 2341 1416">
     <span class='ocr_line' id='line_1_14' title="bbox 750 1345 2341 1416; baseline 0.001 -18"><span class='ocrx_word' id='word_1_62' title='bbox 750 1346 968 1411; x_wconf 72' lang='lat' dir='ltr'><strong>absque</strong></span> <span class='ocrx_word' id='word_1_63' title='bbox 1000 1346 1407 1413; x_wconf 76' lang='lat' dir='ltr'><strong>perspicuitate,</strong></span> <span class='ocrx_word' id='word_1_64' title='bbox 1430 1363 1588 1416; x_wconf 89' lang='lat' dir='ltr'><strong>quam</strong></span> <span class='ocrx_word' id='word_1_65' title='bbox 1607 1345 1718 1415; x_wconf 79' lang='grc'><strong>(85)</strong></span> <span class='ocrx_word' id='word_1_66' title='bbox 1746 1348 2023 1414; x_wconf 75' lang='lat' dir='ltr'><strong>granditas</strong></span> <span class='ocrx_word' id='word_1_67' title='bbox 2052 1354 2341 1412; x_wconf 76' lang='lat' dir='ltr'><strong>temperat.</strong></span> 
     </span>
    </p>
   </div>
   <div class='ocr_carea' id='block_1_15' title="bbox 763 1437 2343 1499">
    <p class='ocr_par' dir='ltr' id='par_1_15' title="bbox 763 1437 2343 1499">
     <span class='ocr_line' id='line_1_15' title="bbox 763 1437 2343 1499; baseline 0.001 -11"><span class='ocrx_word' id='word_1_68' title='bbox 763 1437 1104 1489; x_wconf 75' lang='lat' dir='ltr'><strong>Atlit&#39;ismmu</strong></span> <span class='ocrx_word' id='word_1_69' title='bbox 1138 1439 1281 1490; x_wconf 88' lang='lat' dir='ltr'><strong>enim</strong></span> <span class='ocrx_word' id='word_1_70' title='bbox 1320 1453 1444 1491; x_wconf 89' lang='lat' dir='ltr'><strong>cum</strong></span> <span class='ocrx_word' id='word_1_71' title='bbox 1484 1437 1736 1491; x_wconf 74' lang='lat' dir='ltr'><strong>familiari</strong></span> <span class='ocrx_word' id='word_1_72' title='bbox 1770 1453 2021 1492; x_wconf 90' lang='lat' dir='ltr'><strong>sermone</strong></span> <span class='ocrx_word' id='word_1_73' title='bbox 2058 1439 2343 1499; x_wconf 78' lang='lat' dir='ltr'><strong>admiscet,</strong></span> 
     </span>
    </p>
   </div>
   <div class='ocr_carea' id='block_1_16' title="bbox 761 1528 2342 1598">
    <p class='ocr_par' dir='ltr' id='par_1_16' title="bbox 761 1528 2342 1598">
     <span class='ocr_line' id='line_1_16' title="bbox 761 1528 2342 1598; baseline 0.003 -19"><span class='ocrx_word' id='word_1_74' title='bbox 761 1544 823 1581; x_wconf 87' lang='lat' dir='ltr'><strong>ac</strong></span> <span class='ocrx_word' id='word_1_75' title='bbox 851 1528 1001 1598; x_wconf 77' lang='lat' dir='ltr'><strong>65b</strong></span> <span class='ocrx_word' id='word_1_76' title='bbox 1035 1529 1193 1581; x_wconf 89' lang='lat' dir='ltr'><strong>veluti</strong></span> <span class='ocrx_word' id='word_1_77' title='bbox 1227 1544 1514 1597; x_wconf 86' lang='lat' dir='ltr'><strong>puerorum</strong></span> <span class='ocrx_word' id='word_1_78' title='bbox 1555 1540 1874 1597; x_wconf 59' lang='lat' dir='ltr'><strong>praceptor,</strong></span> <span class='ocrx_word' id='word_1_79' title='bbox 1922 1531 1973 1582; x_wconf 91' lang='lat' dir='ltr'><strong>in</strong></span> <span class='ocrx_word' id='word_1_80' title='bbox 2022 1532 2342 1594; x_wconf 87' lang='lat' dir='ltr'><strong>certamine,</strong></span> 
     </span>
    </p>
   </div>
   <div class='ocr_carea' id='block_1_17' title="bbox 765 1621 2345 1690">
    <p class='ocr_par' dir='ltr' id='par_1_17' title="bbox 765 1621 2345 1690">
     <span class='ocr_line' id='line_1_17' title="bbox 765 1621 2345 1690; baseline 0.003 -20"><span class='ocrx_word' id='word_1_81' title='bbox 765 1621 1047 1688; x_wconf 75' lang='lat' dir='ltr'><strong>plusquam</strong></span> <span class='ocrx_word' id='word_1_82' title='bbox 1074 1621 1384 1684; x_wconf 82' lang='lat' dir='ltr'><strong>Atticismo,</strong></span> <span class='ocrx_word' id='word_1_83' title='bbox 1418 1632 1476 1672; x_wconf 91' lang='lat' dir='ltr'><strong>ut</strong></span> <span class='ocrx_word' id='word_1_84' title='bbox 1505 1622 1583 1675; x_wconf 89' lang='lat' dir='ltr'><strong>sic</strong></span> <span class='ocrx_word' id='word_1_85' title='bbox 1618 1622 1829 1690; x_wconf 84' lang='lat' dir='ltr'><strong>loquar,</strong></span> <span class='ocrx_word' id='word_1_86' title='bbox 1859 1624 2152 1675; x_wconf 78' lang='lat' dir='ltr'><strong>contendit.</strong></span> <span class='ocrx_word' id='word_1_87' title='bbox 2182 1622 2345 1675; x_wconf 82' lang='lat' dir='ltr'><strong>Ever-</strong></span> 
     </span>
    </p>
   </div>
   <div class='ocr_carea' id='block_1_18' title="bbox 768 1711 2343 1783">
    <p class='ocr_par' dir='ltr' id='par_1_18' title="bbox 768 1711 2343 1783">
     <span class='ocr_line' id='line_1_18' title="bbox 768 1711 2343 1783; baseline 0.003 -22"><span class='ocrx_word' id='word_1_88' title='bbox 768 1713 974 1763; x_wconf 86' lang='lat' dir='ltr'><strong>titvero</strong></span> <span class='ocrx_word' id='word_1_89' title='bbox 999 1712 1048 1763; x_wconf 90' lang='lat' dir='ltr'><strong>id</strong></span> <span class='ocrx_word' id='word_1_90' title='bbox 1072 1714 1211 1780; x_wconf 86' lang='lat' dir='ltr'><strong>quod</strong></span> <span class='ocrx_word' id='word_1_91' title='bbox 1235 1712 1513 1765; x_wconf 73' lang='lat' dir='ltr'><strong>Maniclttei</strong></span> <span class='ocrx_word' id='word_1_92' title='bbox 1537 1714 1808 1781; x_wconf 83' lang='lat' dir='ltr'><strong>appellant</strong></span> <span class='ocrx_word' id='word_1_93' title='bbox 1838 1711 2179 1783; x_wconf 80' lang='lat' dir='ltr'><strong>Evangelium</strong></span> <span class='ocrx_word' id='word_1_94' title='bbox 2207 1713 2343 1781; x_wconf 83' lang='grc'><strong>(86),</strong></span> 
     </span>
    </p>
   </div>
   <div class='ocr_carea' id='block_1_19' title="bbox 764 1800 2344 1872">
    <p class='ocr_par' dir='ltr' id='par_1_19' title="bbox 764 1800 2344 1872">
     <span class='ocr_line' id='line_1_19' title="bbox 764 1800 2344 1872; baseline 0.006 -22"><span class='ocrx_word' id='word_1_95' title='bbox 764 1810 819 1853; x_wconf 75' lang='lat' dir='ltr'><strong>et</strong></span> <span class='ocrx_word' id='word_1_96' title='bbox 860 1800 1176 1871; x_wconf 78' lang='lat' dir='ltr'><strong>Giganleum</strong></span> <span class='ocrx_word' id='word_1_97' title='bbox 1232 1802 1447 1867; x_wconf 80' lang='lat' dir='ltr'><strong>librum,</strong></span> <span class='ocrx_word' id='word_1_98' title='bbox 1499 1815 1660 1872; x_wconf 86' lang='lat' dir='ltr'><strong>atque</strong></span> <span class='ocrx_word' id='word_1_99' title='bbox 1719 1803 2041 1857; x_wconf 74' lang='lat' dir='ltr'><strong>Tliesauros.</strong></span> <span class='ocrx_word' id='word_1_100' title='bbox 2080 1805 2344 1859; x_wconf 76' lang='lat' dir='ltr'><strong>Recenset</strong></span> 
     </span>
    </p>
   </div>
   <div class='ocr_carea' id='block_1_20' title="bbox 2444 630 4037 704">
    <p class='ocr_par' dir='ltr' id='par_1_20' title="bbox 2444 630 4037 704">
     <span class='ocr_line' id='line_1_20' title="bbox 2444 630 4037 704; baseline 0.005 -23"><span class='ocrx_word' id='word_1_101' title='bbox 2444 630 2565 701; x_wconf 91' lang='grc' dir='ltr'>ρίας</span> <span class='ocrx_word' id='word_1_102' title='bbox 2625 631 3048 701; x_wconf 82' lang='grc' dir='ltr'><strong>συντεταχότων,</strong></span> <span class='ocrx_word' id='word_1_103' title='bbox 3105 631 3284 701; x_wconf 80' lang='grc' dir='ltr'>χρόνῳ</span> <span class='ocrx_word' id='word_1_104' title='bbox 3345 632 3686 702; x_wconf 77' lang='grc' dir='ltr'><strong>καθέστηκεν</strong></span> <span class='ocrx_word' id='word_1_105' title='bbox 3741 636 4037 704; x_wconf 78' lang='grc' dir='ltr'>ἀρχαιότε-</span> 
     </span>
    </p>
   </div>
   <div class='ocr_carea' id='block_1_21' title="bbox 2442 740 2554 793">
    <p class='ocr_par' dir='ltr' id='par_1_21' title="bbox 2442 740 2554 793">
     <span class='ocr_line' id='line_1_21' title="bbox 2442 740 2554 793; baseline 0 -18"><span class='ocrx_word' id='word_1_106' title='bbox 2442 740 2554 793; x_wconf 89' lang='grc' dir='ltr'>ρος.</span> 
     </span>
    </p>
   </div>
   <div class='ocr_carea' id='block_1_22' title="bbox 3153 810 3280 866">
    <p class='ocr_par' dir='ltr' id='par_1_22' title="bbox 3153 810 3280 866">
     <span class='ocr_line' id='line_1_22' title="bbox 3153 810 3280 866; baseline 0.016 -2"><span class='ocrx_word' id='word_1_107' title='bbox 3153 810 3280 866; x_wconf 84' lang='lat' dir='ltr'><strong>IlE&#39;.</strong></span> 
     </span>
    </p>
   </div>
   <div class='ocr_carea' id='block_1_23' title="bbox 2454 902 4036 972">
    <p class='ocr_par' dir='ltr' id='par_1_23' title="bbox 2454 902 4036 972">
     <span class='ocr_line' id='line_1_23' title="bbox 2454 902 4036 972; baseline 0.001 -15"><span class='ocrx_word' id='word_1_108' title='bbox 2454 903 2883 972; x_wconf 69' lang='grc' dir='ltr'>Ἡρακλείανοῦ</span> <span class='ocrx_word' id='word_1_109' title='bbox 2921 905 3259 957; x_wconf 76' lang='grc' dir='ltr'><strong>ἐπισκόπου</strong></span> <span class='ocrx_word' id='word_1_110' title='bbox 3288 902 3676 969; x_wconf 73' lang='grc' dir='ltr'><strong>Χαλκηδόνος</strong></span> <span class='ocrx_word' id='word_1_111' title='bbox 3709 904 3859 957; x_wconf 82' lang='grc' dir='ltr'>κατὰ</span> <span class='ocrx_word' id='word_1_112' title='bbox 3906 910 4036 958; x_wconf 84' lang='grc' dir='ltr'><strong>Μα-</strong></span> 
     </span>
    </p>
   </div>
   <div class='ocr_carea' id='block_1_24' title="bbox 2940 975 3536 1043">
    <p class='ocr_par' dir='ltr' id='par_1_24' title="bbox 2940 975 3536 1043">
     <span class='ocr_line' id='line_1_24' title="bbox 2940 975 3536 1043; baseline 0.002 -17"><span class='ocrx_word' id='word_1_113' title='bbox 2940 977 3189 1043; x_wconf 81' lang='grc' dir='ltr'>νιχαίων</span> <span class='ocrx_word' id='word_1_114' title='bbox 3227 975 3439 1036; x_wconf 69' lang='grc' dir='ltr'>,βιϐλία</span> <span class='ocrx_word' id='word_1_115' title='bbox 3462 981 3536 1027; x_wconf 83' lang='grc' dir='ltr'>κ’.</span> 
     </span>
    </p>
   </div>
   <div class='ocr_carea' id='block_1_25' title="bbox 2511 1064 4038 1135">
    <p class='ocr_par' dir='ltr' id='par_1_25' title="bbox 2511 1064 4038 1135">
     <span class='ocr_line' id='line_1_25' title="bbox 2511 1064 4038 1135; baseline -0.003 -15"><span class='ocrx_word' id='word_1_116' title='bbox 2511 1066 2850 1135; x_wconf 77' lang='grc' dir='ltr'>’Δνεγνώσθη</span> <span class='ocrx_word' id='word_1_117' title='bbox 2884 1064 3280 1135; x_wconf 80' lang='grc' dir='ltr'>Ἡρακλειανοῦ</span> <span class='ocrx_word' id='word_1_118' title='bbox 3305 1065 3609 1118; x_wconf 64' lang='grc' dir='ltr'>ἱπισκόπου</span> <span class='ocrx_word' id='word_1_119' title='bbox 3634 1066 4038 1135; x_wconf 74' lang='grc' dir='ltr'>Χαλκηδόνοςη</span> 
     </span>
    </p>
   </div>
   <div class='ocr_carea' id='block_1_26' title="bbox 2446 1155 4038 1227">
    <p class='ocr_par' dir='ltr' id='par_1_26' title="bbox 2446 1155 4038 1227">
     <span class='ocr_line' id='line_1_26' title="bbox 2446 1155 4038 1227; baseline -0.003 -15"><span class='ocrx_word' id='word_1_120' title='bbox 2446 1161 2605 1212; x_wconf 82' lang='grc' dir='ltr'><em>Κατὰ</em></span> <span class='ocrx_word' id='word_1_121' title='bbox 2634 1159 2983 1227; x_wconf 76' lang='grc' dir='ltr'>Μανιχαίων</span> <span class='ocrx_word' id='word_1_122' title='bbox 3006 1161 3063 1211; x_wconf 77' lang='grc' dir='ltr'><strong>έν</strong></span> <span class='ocrx_word' id='word_1_123' title='bbox 3089 1156 3313 1225; x_wconf 81' lang='grc' dir='ltr'>βιδλίοις</span> <span class='ocrx_word' id='word_1_124' title='bbox 3340 1155 3409 1209; x_wconf 85' lang='grc' dir='ltr'><strong>κ’.</strong></span> <span class='ocrx_word' id='word_1_125' title='bbox 3437 1156 3590 1209; x_wconf 85' lang='grc' dir='ltr'>Ἐστι</span> <span class='ocrx_word' id='word_1_126' title='bbox 3613 1157 3669 1209; x_wconf 81' lang='grc' dir='ltr'>δὲ</span> <span class='ocrx_word' id='word_1_127' title='bbox 3698 1160 3798 1227; x_wconf 78' lang='grc' dir='ltr'>τὴν</span> <span class='ocrx_word' id='word_1_128' title='bbox 3829 1158 4038 1225; x_wconf 73' lang='grc' dir='ltr'>φράσιν</span> 
     </span>
    </p>
   </div>
   <div class='ocr_carea' id='block_1_27' title="bbox 2448 1247 4038 1320">
    <p class='ocr_par' dir='ltr' id='par_1_27' title="bbox 2448 1247 4038 1320">
     <span class='ocr_line' id='line_1_27' title="bbox 2448 1247 4038 1320; baseline -0.001 -19"><span class='ocrx_word' id='word_1_129' title='bbox 2448 1252 2888 1320; x_wconf 84' lang='grc' dir='ltr'>συντετμημένος</span> <span class='ocrx_word' id='word_1_130' title='bbox 2920 1252 3013 1303; x_wconf 77' lang='grc' dir='ltr'>καὶ</span> <span class='ocrx_word' id='word_1_131' title='bbox 3053 1249 3349 1319; x_wconf 85' lang='grc' dir='ltr'>ἀπέριττος</span> <span class='ocrx_word' id='word_1_132' title='bbox 3380 1249 3474 1301; x_wconf 75' lang='grc' dir='ltr'><strong>καὶ</strong></span> <span class='ocrx_word' id='word_1_133' title='bbox 3518 1247 3751 1317; x_wconf 69' lang='grc' dir='ltr'>ὑψηλὸς,</span> <span class='ocrx_word' id='word_1_134' title='bbox 3782 1250 3906 1302; x_wconf 77' lang='grc' dir='ltr'>οὐδὲ</span> <span class='ocrx_word' id='word_1_135' title='bbox 3936 1248 4038 1300; x_wconf 75' lang='grc' dir='ltr'><strong>τοῦ</strong></span> 
     </span>
    </p>
   </div>
   <div class='ocr_carea' id='block_1_28' title="bbox 2450 1341 4038 1413">
    <p class='ocr_par' dir='ltr' id='par_1_28' title="bbox 2450 1341 4038 1413">
     <span class='ocr_line' id='line_1_28' title="bbox 2450 1341 4038 1413; baseline -0.002 -17"><span class='ocrx_word' id='word_1_136' title='bbox 2450 1342 2651 1411; x_wconf 82' lang='grc' dir='ltr'><strong>σαφοῦς</strong></span> <span class='ocrx_word' id='word_1_137' title='bbox 2686 1343 2946 1395; x_wconf 70' lang='grc' dir='ltr'>ἐκκλίνων</span> <span class='ocrx_word' id='word_1_138' title='bbox 2970 1361 2983 1373; x_wconf 90' lang='grc'><strong>·</strong></span> <span class='ocrx_word' id='word_1_139' title='bbox 3022 1341 3154 1395; x_wconf 85' lang='grc' dir='ltr'>ἀλλὰ</span> <span class='ocrx_word' id='word_1_140' title='bbox 3191 1342 3499 1410; x_wconf 88' lang='grc' dir='ltr'>σύγκρατος</span> <span class='ocrx_word' id='word_1_141' title='bbox 3533 1343 3701 1395; x_wconf 74' lang='grc' dir='ltr'>αὑτοῦ</span> <span class='ocrx_word' id='word_1_142' title='bbox 3736 1344 3814 1413; x_wconf 85' lang='grc' dir='ltr'><strong>τῷ</strong></span> <span class='ocrx_word' id='word_1_143' title='bbox 3856 1345 4038 1413; x_wconf 78' lang='grc' dir='ltr'>μεγέ-</span> 
     </span>
    </p>
   </div>
   <div class='ocr_carea' id='block_1_29' title="bbox 2448 1432 4042 1505">
    <p class='ocr_par' dir='ltr' id='par_1_29' title="bbox 2448 1432 4042 1505">
     <span class='ocr_line' id='line_1_29' title="bbox 2448 1432 4042 1505; baseline -0.001 -17"><span class='ocrx_word' id='word_1_144' title='bbox 2448 1436 2527 1489; x_wconf 89' lang='grc' dir='ltr'><strong>θει</strong></span> <span class='ocrx_word' id='word_1_145' title='bbox 2564 1439 2595 1504; x_wconf 88' lang='grc' dir='ltr'>ή</span> <span class='ocrx_word' id='word_1_146' title='bbox 2629 1438 2925 1503; x_wconf 79' lang='grc' dir='ltr'><strong>σαφήνεια,</strong></span> <span class='ocrx_word' id='word_1_147' title='bbox 2970 1436 3063 1487; x_wconf 82' lang='grc' dir='ltr'>ᾶτε</span> <span class='ocrx_word' id='word_1_148' title='bbox 3094 1434 3189 1487; x_wconf 77' lang='grc' dir='ltr'>καὶ</span> <span class='ocrx_word' id='word_1_149' title='bbox 3223 1432 3300 1503; x_wconf 81' lang='grc' dir='ltr'>τῷ</span> <span class='ocrx_word' id='word_1_150' title='bbox 3335 1434 3669 1505; x_wconf 83' lang='grc' dir='ltr'>Ἀττικισμῷ</span> <span class='ocrx_word' id='word_1_151' title='bbox 3692 1435 3752 1486; x_wconf 82' lang='grc' dir='ltr'>τὸ</span> <span class='ocrx_word' id='word_1_152' title='bbox 3781 1434 4042 1503; x_wconf 82' lang='grc' dir='ltr'>καθωμι-</span> 
     </span>
    </p>
   </div>
   <div class='ocr_carea' id='block_1_30' title="bbox 2446 1526 4041 1597">
    <p class='ocr_par' dir='ltr' id='par_1_30' title="bbox 2446 1526 4041 1597">
     <span class='ocr_line' id='line_1_30' title="bbox 2446 1526 4041 1597; baseline 0.001 -19"><span class='ocrx_word' id='word_1_153' title='bbox 2446 1528 2509 1596; x_wconf 91' lang='grc' dir='ltr'><strong>λη</strong></span> <span class='ocrx_word' id='word_1_154' title='bbox 2520 1532 2679 1595; x_wconf 83' lang='grc' dir='ltr'>μένον</span> <span class='ocrx_word' id='word_1_155' title='bbox 2714 1527 2999 1597; x_wconf 88' lang='grc' dir='ltr'>μιγνύντος</span> <span class='ocrx_word' id='word_1_156' title='bbox 3026 1528 3117 1578; x_wconf 73' lang='grc' dir='ltr'><strong>καὶ</strong></span> <span class='ocrx_word' id='word_1_157' title='bbox 3138 1526 3347 1578; x_wconf 77' lang='grc' dir='ltr'><strong>παίδων</strong></span> <span class='ocrx_word' id='word_1_158' title='bbox 3371 1527 3677 1597; x_wconf 78' lang='grc' dir='ltr'>ἡγουμένου</span> <span class='ocrx_word' id='word_1_159' title='bbox 3699 1529 3777 1589; x_wconf 88' lang='grc' dir='ltr'>εἰς</span> <span class='ocrx_word' id='word_1_160' title='bbox 3798 1527 4041 1595; x_wconf 75' lang='grc' dir='ltr'><strong>ἅμιλλαν</strong></span> 
     </span>
    </p>
   </div>
   <div class='ocr_carea' id='block_1_31' title="bbox 2447 1617 4045 1688">
    <p class='ocr_par' dir='ltr' id='par_1_31' title="bbox 2447 1617 4045 1688">
     <span class='ocr_line' id='line_1_31' title="bbox 2447 1617 4045 1688; baseline -0.001 -17"><span class='ocrx_word' id='word_1_161' title='bbox 2447 1619 2859 1688; x_wconf 77' lang='grc' dir='ltr'><strong>καθισταμένων</strong></span> <span class='ocrx_word' id='word_1_162' title='bbox 2874 1619 2917 1649; x_wconf 86' lang='grc'><strong>⁸⁷</strong></span> <span class='ocrx_word' id='word_1_163' title='bbox 2966 1619 3077 1682; x_wconf 75' lang='grc' dir='ltr'>τὸν,</span> <span class='ocrx_word' id='word_1_164' title='bbox 3117 1617 3192 1680; x_wconf 84' lang='grc' dir='ltr'>ὡς</span> <span class='ocrx_word' id='word_1_165' title='bbox 3230 1618 3295 1671; x_wconf 85' lang='grc' dir='ltr'><strong>ἀν</strong></span> <span class='ocrx_word' id='word_1_166' title='bbox 3334 1617 3477 1670; x_wconf 75' lang='grc' dir='ltr'>εἴποι</span> <span class='ocrx_word' id='word_1_167' title='bbox 3509 1635 3593 1678; x_wconf 87' lang='grc' dir='ltr'><strong>τις</strong></span> <span class='ocrx_word' id='word_1_168' title='bbox 3624 1658 3639 1681; x_wconf 92' lang='grc'><strong>,</strong></span> <span class='ocrx_word' id='word_1_169' title='bbox 3679 1618 4045 1684; x_wconf 74' lang='grc' dir='ltr'>ύπεραττικι-</span> 
     </span>
    </p>
   </div>
   <div class='ocr_carea' id='block_1_32' title="bbox 2450 1708 4045 1779">
    <p class='ocr_par' dir='ltr' id='par_1_32' title="bbox 2450 1708 4045 1779">
     <span class='ocr_line' id='line_1_32' title="bbox 2450 1708 4045 1779; baseline -0.001 -18"><span class='ocrx_word' id='word_1_170' title='bbox 2450 1718 2603 1779; x_wconf 82' lang='grc' dir='ltr'>σμον.</span> <span class='ocrx_word' id='word_1_171' title='bbox 2626 1712 2783 1761; x_wconf 81' lang='grc' dir='ltr'>Ἀνατ</span> <span class='ocrx_word' id='word_1_172' title='bbox 2794 1710 2947 1779; x_wconf 78' lang='grc' dir='ltr'>ρέπει</span> <span class='ocrx_word' id='word_1_173' title='bbox 2965 1709 3096 1761; x_wconf 82' lang='grc' dir='ltr'>δὲτὸ</span> <span class='ocrx_word' id='word_1_174' title='bbox 3119 1710 3271 1776; x_wconf 85' lang='grc' dir='ltr'><strong>παρά</strong></span> <span class='ocrx_word' id='word_1_175' title='bbox 3292 1712 3402 1771; x_wconf 86' lang='grc' dir='ltr'>τοῖς</span> <span class='ocrx_word' id='word_1_176' title='bbox 3420 1709 3743 1777; x_wconf 86' lang='grc' dir='ltr'>Μανιχαίοις</span> <span class='ocrx_word' id='word_1_177' title='bbox 3766 1708 4045 1775; x_wconf 80' lang='grc' dir='ltr'>καλούμε-</span> 
     </span>
    </p>
   </div>
   <div class='ocr_carea' id='block_1_33' title="bbox 2448 1799 4045 1870">
    <p class='ocr_par' dir='ltr' id='par_1_33' title="bbox 2448 1799 4045 1870">
     <span class='ocr_line' id='line_1_33' title="bbox 2448 1799 4045 1870; baseline 0 -17"><span class='ocrx_word' id='word_1_178' title='bbox 2448 1818 2537 1853; x_wconf 89' lang='grc' dir='ltr'><strong>νον</strong></span> <span class='ocrx_word' id='word_1_179' title='bbox 2549 1801 2917 1868; x_wconf 71' lang='grc' dir='ltr'>Εὐαγγέλιω·</span> <span class='ocrx_word' id='word_1_180' title='bbox 2935 1802 3027 1854; x_wconf 77' lang='grc' dir='ltr'>καὶ</span> <span class='ocrx_word' id='word_1_181' title='bbox 3047 1799 3143 1870; x_wconf 79' lang='grc' dir='ltr'>τὴν</span> <span class='ocrx_word' id='word_1_182' title='bbox 3158 1800 3507 1868; x_wconf 76' lang='grc' dir='ltr'>Γιγάηειον</span> <span class='ocrx_word' id='word_1_183' title='bbox 3520 1802 3743 1864; x_wconf 69' lang='grc' dir='ltr'><strong>,ϐίϐλον</strong></span> <span class='ocrx_word' id='word_1_184' title='bbox 3785 1802 3882 1853; x_wconf 78' lang='grc' dir='ltr'>καὶ</span> <span class='ocrx_word' id='word_1_185' title='bbox 3906 1803 4045 1862; x_wconf 70' lang='grc' dir='ltr'>τοὺς</span> 
     </span>
    </p>
   </div>
   <div class='ocr_carea' id='block_1_34' title="bbox 766 1892 2347 1965">
    <p class='ocr_par' dir='ltr' id='par_1_34' title="bbox 766 1894 2346 1965">
     <span class='ocr_line' id='line_1_34' title="bbox 766 1894 2346 1965; baseline 0.003 -20"><span class='ocrx_word' id='word_1_186' title='bbox 766 1894 892 1946; x_wconf 86' lang='lat' dir='ltr'><strong>item</strong></span> <span class='ocrx_word' id='word_1_187' title='bbox 956 1910 1072 1958; x_wconf 90' lang='lat' dir='ltr'><strong>eos,</strong></span> <span class='ocrx_word' id='word_1_188' title='bbox 1126 1899 1214 1963; x_wconf 90' lang='lat' dir='ltr'><strong>qni</strong></span> <span class='ocrx_word' id='word_1_189' title='bbox 1275 1908 1401 1948; x_wconf 87' lang='lat' dir='ltr'><strong>ante</strong></span> <span class='ocrx_word' id='word_1_190' title='bbox 1460 1911 1517 1949; x_wconf 90' lang='lat' dir='ltr'><strong>se</strong></span> <span class='ocrx_word' id='word_1_191' title='bbox 1560 1898 1612 1949; x_wconf 93' lang='lat' dir='ltr'><strong>in</strong></span> <span class='ocrx_word' id='word_1_192' title='bbox 1670 1895 2086 1949; x_wconf 71' lang='lat' dir='ltr'><strong>Manicbzeorum</strong></span> <span class='ocrx_word' id='word_1_193' title='bbox 2154 1898 2346 1965; x_wconf 89' lang='lat' dir='ltr'><strong>impie-</strong></span> 
     </span>
    </p>
   </div>
   <div class='ocr_carea' id='block_1_35' title="bbox 2454 1892 4039 1965">
    <p class='ocr_par' dir='ltr' id='par_1_35' title="bbox 2454 1892 4039 1961">
     <span class='ocr_line' id='line_1_35' title="bbox 2454 1892 4039 1961; baseline -0.002 -14"><span class='ocrx_word' id='word_1_194' title='bbox 2454 1894 2828 1961; x_wconf 79' lang='grc' dir='ltr'>Θησαυρούς.</span> <span class='ocrx_word' id='word_1_195' title='bbox 2852 1892 3161 1959; x_wconf 82' lang='grc' dir='ltr'>Καταλέγει</span> <span class='ocrx_word' id='word_1_196' title='bbox 3186 1892 3280 1945; x_wconf 77' lang='grc' dir='ltr'>καὶ</span> <span class='ocrx_word' id='word_1_197' title='bbox 3308 1894 3422 1945; x_wconf 82' lang='grc' dir='ltr'>ὅσοι</span> <span class='ocrx_word' id='word_1_198' title='bbox 3449 1892 3553 1959; x_wconf 75' lang='grc' dir='ltr'><strong>πρὸ</strong></span> <span class='ocrx_word' id='word_1_199' title='bbox 3568 1892 3732 1944; x_wconf 76' lang='grc' dir='ltr'>αὑτοῦ</span> <span class='ocrx_word' id='word_1_200' title='bbox 3763 1894 3901 1943; x_wconf 72' lang='grc' dir='ltr'>κατὰ</span> <span class='ocrx_word' id='word_1_201' title='bbox 3932 1896 4039 1961; x_wconf 78' lang='grc' dir='ltr'>τῆς</span> 
     </span>
    </p>
   </div>
   <div class='ocr_carea' id='block_1_36' title="bbox 767 1986 2349 2056">
    <p class='ocr_par' dir='ltr' id='par_1_36' title="bbox 767 1986 2349 2056">
     <span class='ocr_line' id='line_1_36' title="bbox 767 1986 2349 2056; baseline 0.003 -23"><span class='ocrx_word' id='word_1_202' title='bbox 767 1992 930 2034; x_wconf 88' lang='lat' dir='ltr'><strong>tatem</strong></span> <span class='ocrx_word' id='word_1_203' title='bbox 996 1986 1261 2036; x_wconf 68' lang='lat' dir='ltr'><strong>calamum</strong></span> <span class='ocrx_word' id='word_1_204' title='bbox 1316 1986 1674 2040; x_wconf 79' lang='lat' dir='ltr'><strong>strinxerunt.</strong></span> <span class='ocrx_word' id='word_1_205' title='bbox 1749 1987 2131 2056; x_wconf 79' lang='lat' dir='ltr'><strong>llegemonium</strong></span> <span class='ocrx_word' id='word_1_206' title='bbox 2189 1989 2349 2041; x_wconf 89' lang='lat' dir='ltr'><strong>uimi-</strong></span> 
     </span>
    </p>
   </div>
   <div class='ocr_carea' id='block_1_37' title="bbox 768 2076 2346 2148">
    <p class='ocr_par' dir='ltr' id='par_1_37' title="bbox 768 2076 2346 2148">
     <span class='ocr_line' id='line_1_37' title="bbox 768 2076 2346 2148; baseline 0.004 -22"><span class='ocrx_word' id='word_1_207' title='bbox 768 2092 907 2137; x_wconf 90' lang='lat' dir='ltr'><strong>rum,</strong></span> <span class='ocrx_word' id='word_1_208' title='bbox 941 2076 1029 2144; x_wconf 88' lang='lat' dir='ltr'><strong>qui</strong></span> <span class='ocrx_word' id='word_1_209' title='bbox 1065 2078 1491 2145; x_wconf 86' lang='lat' dir='ltr'><strong>disputationem</strong></span> <span class='ocrx_word' id='word_1_210' title='bbox 1556 2078 1811 2132; x_wconf 82' lang='lat' dir='ltr'><strong>Archelai</strong></span> <span class='ocrx_word' id='word_1_211' title='bbox 1863 2080 2123 2133; x_wconf 87' lang='lat' dir='ltr'><strong>adversus</strong></span> <span class='ocrx_word' id='word_1_212' title='bbox 2175 2082 2346 2148; x_wconf 91' lang='lat' dir='ltr'><strong>ipsum</strong></span> 
     </span>
    </p>
   </div>
   <div class='ocr_carea' id='block_1_38' title="bbox 766 2165 2351 2241">
    <p class='ocr_par' dir='ltr' id='par_1_38' title="bbox 766 2165 2351 2241">
     <span class='ocr_line' id='line_1_38' title="bbox 766 2165 2351 2241; baseline 0.001 -20"><span class='ocrx_word' id='word_1_213' title='bbox 766 2165 1066 2240; x_wconf 68' lang='lat' dir='ltr'><strong>[Malteten]</strong></span> <span class='ocrx_word' id='word_1_214' title='bbox 1100 2169 1421 2238; x_wconf 87' lang='lat' dir='ltr'><strong>perscripsit</strong></span> <span class='ocrx_word' id='word_1_215' title='bbox 1455 2187 1469 2223; x_wconf 92' lang='lat'><strong>:</strong></span> <span class='ocrx_word' id='word_1_216' title='bbox 1503 2179 1557 2223; x_wconf 91' lang='lat' dir='ltr'><strong>et</strong></span> <span class='ocrx_word' id='word_1_217' title='bbox 1598 2168 1781 2223; x_wconf 81' lang='lat' dir='ltr'><strong>Titum</strong></span> <span class='ocrx_word' id='word_1_218' title='bbox 1818 2170 1963 2241; x_wconf 84' lang='lat'><strong>(87),</strong></span> <span class='ocrx_word' id='word_1_219' title='bbox 2001 2172 2093 2240; x_wconf 88' lang='lat' dir='ltr'><strong>qui</strong></span> <span class='ocrx_word' id='word_1_220' title='bbox 2132 2187 2254 2225; x_wconf 84' lang='lat' dir='ltr'><strong>cum</strong></span> <span class='ocrx_word' id='word_1_221' title='bbox 2293 2186 2351 2223; x_wconf 79' lang='lat' dir='ltr'><strong>se</strong></span> 
     </span>
    </p>
   </div>
   <div class='ocr_carea' id='block_1_39' title="bbox 768 2261 2348 2334">
    <p class='ocr_par' dir='ltr' id='par_1_39' title="bbox 768 2261 2348 2334">
     <span class='ocr_line' id='line_1_39' title="bbox 768 2261 2348 2334; baseline 0.003 -21"><span class='ocrx_word' id='word_1_222' title='bbox 768 2261 978 2328; x_wconf 85' lang='lat' dir='ltr'><strong>putavit</strong></span> <span class='ocrx_word' id='word_1_223' title='bbox 1026 2272 1217 2315; x_wconf 85' lang='lat' dir='ltr'><strong>contra</strong></span> <span class='ocrx_word' id='word_1_224' title='bbox 1264 2262 1594 2318; x_wconf 68' lang='lat' dir='ltr'><strong>Mauicbaaos</strong></span> <span class='ocrx_word' id='word_1_225' title='bbox 1656 2266 1917 2327; x_wconf 67' lang='lat' dir='ltr'><strong>scribere,</strong></span> <span class='ocrx_word' id='word_1_226' title='bbox 1956 2266 2006 2318; x_wconf 91' lang='lat' dir='ltr'><strong>in</strong></span> <span class='ocrx_word' id='word_1_227' title='bbox 2044 2266 2207 2319; x_wconf 65' lang='lat' dir='ltr'><strong>Adda:</strong></span> <span class='ocrx_word' id='word_1_228' title='bbox 2238 2264 2348 2334; x_wconf 81' lang='grc'><strong>(88)</strong></span> 
     </span>
    </p>
   </div>
   <div class='ocr_carea' id='block_1_40' title="bbox 767 2355 2348 2427">
    <p class='ocr_par' dir='ltr' id='par_1_40' title="bbox 767 2355 2348 2427">
     <span class='ocr_line' id='line_1_40' title="bbox 767 2355 2348 2427; baseline 0.004 -22"><span class='ocrx_word' id='word_1_229' title='bbox 767 2355 939 2423; x_wconf 79' lang='lat' dir='ltr'><strong>magis</strong></span> <span class='ocrx_word' id='word_1_230' title='bbox 996 2355 1166 2409; x_wconf 89' lang='lat' dir='ltr'><strong>libros</strong></span> <span class='ocrx_word' id='word_1_231' title='bbox 1200 2356 1440 2423; x_wconf 84' lang='lat' dir='ltr'><strong>scripsit.</strong></span> <span class='ocrx_word' id='word_1_232' title='bbox 1499 2357 1578 2409; x_wconf 84' lang='lat' dir='ltr'><strong>Ad</strong></span> <span class='ocrx_word' id='word_1_233' title='bbox 1643 2357 1757 2411; x_wconf 69' lang='lat' dir='ltr'><strong>lure</strong></span> <span class='ocrx_word' id='word_1_234' title='bbox 1807 2366 1863 2410; x_wconf 93' lang='lat' dir='ltr'><strong>et</strong></span> <span class='ocrx_word' id='word_1_235' title='bbox 1912 2356 2203 2425; x_wconf 82' lang='lat' dir='ltr'><strong>Georgium</strong></span> <span class='ocrx_word' id='word_1_236' title='bbox 2236 2356 2348 2427; x_wconf 91' lang='lat'><strong>(89)</strong></span> 
     </span>
    </p>
   </div>
   <div class='ocr_carea' id='block_1_41' title="bbox 767 2445 2353 2518">
    <p class='ocr_par' dir='ltr' id='par_1_41' title="bbox 767 2445 2353 2518">
     <span class='ocr_line' id='line_1_41' title="bbox 767 2445 2353 2518; baseline 0.003 -21"><span class='ocrx_word' id='word_1_237' title='bbox 767 2445 1177 2511; x_wconf 80' lang='lat' dir='ltr'><strong>Laudicensem,</strong></span> <span class='ocrx_word' id='word_1_238' title='bbox 1224 2449 1315 2515; x_wconf 89' lang='lat' dir='ltr'><strong>qui</strong></span> <span class='ocrx_word' id='word_1_239' title='bbox 1364 2448 1552 2502; x_wconf 90' lang='lat' dir='ltr'><strong>eadem</strong></span> <span class='ocrx_word' id='word_1_240' title='bbox 1582 2447 1720 2513; x_wconf 74' lang='lat' dir='ltr'><strong>fere,</strong></span> <span class='ocrx_word' id='word_1_241' title='bbox 1753 2451 1953 2518; x_wconf 80' lang='lat' dir='ltr'><strong>quibus</strong></span> <span class='ocrx_word' id='word_1_242' title='bbox 1985 2464 2115 2503; x_wconf 89' lang='lat' dir='ltr'><strong>usus</strong></span> <span class='ocrx_word' id='word_1_243' title='bbox 2146 2461 2229 2505; x_wconf 89' lang='lat' dir='ltr'><strong>est</strong></span> <span class='ocrx_word' id='word_1_244' title='bbox 2260 2448 2353 2502; x_wconf 82' lang='lat' dir='ltr'><strong>Ti-</strong></span> 
     </span>
    </p>
   </div>
   <div class='ocr_carea' id='block_1_42' title="bbox 771 2540 2351 2611">
    <p class='ocr_par' dir='ltr' id='par_1_42' title="bbox 771 2540 2351 2611">
     <span class='ocr_line' id='line_1_42' title="bbox 771 2540 2351 2611; baseline 0.003 -21"><span class='ocrx_word' id='word_1_245' title='bbox 771 2550 875 2601; x_wconf 90' lang='lat' dir='ltr'><strong>tus,</strong></span> <span class='ocrx_word' id='word_1_246' title='bbox 910 2550 1225 2606; x_wconf 71' lang='lat' dir='ltr'><strong>argumenta</strong></span> <span class='ocrx_word' id='word_1_247' title='bbox 1262 2556 1357 2607; x_wconf 92' lang='lat' dir='ltr'><strong>pro</strong></span> <span class='ocrx_word' id='word_1_248' title='bbox 1390 2542 1617 2596; x_wconf 81' lang='lat' dir='ltr'><strong>veritate</strong></span> <span class='ocrx_word' id='word_1_249' title='bbox 1654 2542 1874 2594; x_wconf 85' lang='lat' dir='ltr'><strong>adhibet</strong></span> <span class='ocrx_word' id='word_1_250' title='bbox 1905 2540 2042 2611; x_wconf 88' lang='lat'><strong>(90).</strong></span> <span class='ocrx_word' id='word_1_251' title='bbox 2082 2540 2351 2595; x_wconf 68' lang='lat' dir='ltr'><strong>Praeterea</strong></span> 
     </span>
    </p>
   </div>
   <div class='ocr_carea' id='block_1_43' title="bbox 772 2628 2354 2700">
    <p class='ocr_par' dir='ltr' id='par_1_43' title="bbox 772 2628 2354 2700">
     <span class='ocr_line' id='line_1_43' title="bbox 772 2628 2354 2700; baseline 0.002 -20"><span class='ocrx_word' id='word_1_252' title='bbox 772 2628 1122 2696; x_wconf 74' lang='lat' dir='ltr'><strong>Serapionem</strong></span> <span class='ocrx_word' id='word_1_253' title='bbox 1161 2630 1275 2697; x_wconf 87' lang='lat'><strong>(9|)</strong></span> <span class='ocrx_word' id='word_1_254' title='bbox 1314 2632 1629 2700; x_wconf 86' lang='lat' dir='ltr'><strong>episcopum</strong></span> <span class='ocrx_word' id='word_1_255' title='bbox 1687 2629 1981 2685; x_wconf 86' lang='lat' dir='ltr'><strong>Tbmueos.</strong></span> <span class='ocrx_word' id='word_1_256' title='bbox 2018 2631 2257 2698; x_wconf 83' lang='lat' dir='ltr'><strong>Denique</strong></span> <span class='ocrx_word' id='word_1_257' title='bbox 2300 2645 2354 2685; x_wconf 83' lang='lat' dir='ltr'><strong>et</strong></span> 
     </span>
    </p>
   </div>
   <div class='ocr_carea' id='block_1_44' title="bbox 772 2722 2351 2793">
    <p class='ocr_par' dir='ltr' id='par_1_44' title="bbox 772 2722 2351 2793">
     <span class='ocr_line' id='line_1_44' title="bbox 772 2722 2351 2793; baseline 0 -19"><span class='ocrx_word' id='word_1_258' title='bbox 772 2722 1061 2774; x_wconf 87' lang='lat' dir='ltr'><strong>Diodorqu</strong></span> <span class='ocrx_word' id='word_1_259' title='bbox 1120 2723 1268 2775; x_wconf 90' lang='lat' dir='ltr'><strong>illum</strong></span> <span class='ocrx_word' id='word_1_260' title='bbox 1300 2722 1435 2792; x_wconf 67' lang='lat'><strong>(9&#39;2),</strong></span> <span class='ocrx_word' id='word_1_261' title='bbox 1466 2725 1555 2792; x_wconf 91' lang='lat' dir='ltr'><strong>qui</strong></span> <span class='ocrx_word' id='word_1_262' title='bbox 1602 2723 1755 2777; x_wconf 91' lang='lat' dir='ltr'><strong>libris</strong></span> <span class='ocrx_word' id='word_1_263' title='bbox 1786 2724 2029 2793; x_wconf 90' lang='lat' dir='ltr'><strong>quinque</strong></span> <span class='ocrx_word' id='word_1_264' title='bbox 2067 2734 2124 2778; x_wconf 90' lang='lat' dir='ltr'><strong>et</strong></span> <span class='ocrx_word' id='word_1_265' title='bbox 2162 2726 2351 2792; x_wconf 74' lang='lat' dir='ltr'><strong>viginti</strong></span> 
     </span>
    </p>
   </div>
   <div class='ocr_carea' id='block_1_45' title="bbox 767 2799 2354 2883">
    <p class='ocr_par' dir='ltr' id='par_1_45' title="bbox 767 2799 2354 2883">
     <span class='ocr_line' id='line_1_45' title="bbox 767 2799 2354 2883; baseline 0.003 -18"><span class='ocrx_word' id='word_1_266' title='bbox 767 2830 893 2867; x_wconf 75' lang='lat' dir='ltr'><strong>cum</strong></span> <span class='ocrx_word' id='word_1_267' title='bbox 924 2814 1233 2868; x_wconf 70' lang='lat' dir='ltr'><strong>Mziiiicltmis</strong></span> <span class='ocrx_word' id='word_1_268' title='bbox 1263 2818 1499 2870; x_wconf 83' lang='lat' dir='ltr'><strong>certavit</strong></span> <span class='ocrx_word' id='word_1_269' title='bbox 1530 2834 1544 2868; x_wconf 90' lang='lat'>:</span> <span class='ocrx_word' id='word_1_270' title='bbox 1578 2833 1807 2883; x_wconf 88' lang='lat' dir='ltr'><strong>quorum</strong></span> <span class='ocrx_word' id='word_1_271' title='bbox 1834 2828 2038 2883; x_wconf 77' lang='lat' dir='ltr'><strong>septem</strong></span> <span class='ocrx_word' id='word_1_272' title='bbox 2084 2799 2354 2883; x_wconf 83' lang='lat' dir='ltr'><strong>prioribus</strong></span> 
     </span>
    </p>
   </div>
   <div class='ocr_carea' id='block_1_46' title="bbox 774 2905 2351 2975">
    <p class='ocr_par' dir='ltr' id='par_1_46' title="bbox 774 2905 2351 2975">
     <span class='ocr_line' id='line_1_46' title="bbox 774 2905 2351 2975; baseline 0.002 -20"><span class='ocrx_word' id='word_1_273' title='bbox 774 2916 929 2974; x_wconf 81' lang='lat' dir='ltr'><strong>putat</strong></span> <span class='ocrx_word' id='word_1_274' title='bbox 967 2908 1185 2975; x_wconf 89' lang='lat' dir='ltr'><strong>quidem</strong></span> <span class='ocrx_word' id='word_1_275' title='bbox 1220 2908 1443 2960; x_wconf 76' lang='lat' dir='ltr'><strong>rividum</strong></span> <span class='ocrx_word' id='word_1_276' title='bbox 1470 2923 1528 2961; x_wconf 86' lang='lat' dir='ltr'><strong>se</strong></span> <span class='ocrx_word' id='word_1_277' title='bbox 1558 2907 1977 2961; x_wconf 72' lang='lat' dir='ltr'><strong>Manicltaaorum</strong></span> <span class='ocrx_word' id='word_1_278' title='bbox 2008 2905 2351 2975; x_wconf 68' lang='lat' dir='ltr'><strong>Evangelia»:</strong></span> 
     </span>
    </p>
   </div>
   <div class='ocr_carea' id='block_1_47' title="bbox 771 2991 2354 3065">
    <p class='ocr_par' dir='ltr' id='par_1_47' title="bbox 771 2991 2354 3065">
     <span class='ocr_line' id='line_1_47' title="bbox 771 2991 2354 3065; baseline 0.003 -20"><span class='ocrx_word' id='word_1_279' title='bbox 771 2991 1043 3056; x_wconf 76' lang='lat' dir='ltr'><strong>refellere;</strong></span> <span class='ocrx_word' id='word_1_280' title='bbox 1078 3005 1133 3047; x_wconf 92' lang='lat' dir='ltr'><strong>at</strong></span> <span class='ocrx_word' id='word_1_281' title='bbox 1161 3011 1263 3047; x_wconf 90' lang='lat' dir='ltr'><strong>non</strong></span> <span class='ocrx_word' id='word_1_282' title='bbox 1288 2997 1598 3062; x_wconf 69' lang='lat' dir='ltr'><strong>assequitur</strong></span> <span class='ocrx_word' id='word_1_283' title='bbox 1623 3018 1632 3049; x_wconf 95' lang='lat'>:</span> <span class='ocrx_word' id='word_1_284' title='bbox 1654 2996 1779 3048; x_wconf 91' lang='lat' dir='ltr'><strong>dum</strong></span> <span class='ocrx_word' id='word_1_285' title='bbox 1802 3012 1905 3049; x_wconf 90' lang='lat' dir='ltr'><strong>non</strong></span> <span class='ocrx_word' id='word_1_286' title='bbox 1928 2996 2193 3059; x_wconf 84' lang='lat' dir='ltr'><strong>illnd,scd</strong></span> <span class='ocrx_word' id='word_1_287' title='bbox 2212 2996 2354 3065; x_wconf 85' lang='lat' dir='ltr'><strong>quod</strong></span> 
     </span>
    </p>
   </div>
   <div class='ocr_carea' id='block_1_48' title="bbox 773 3084 2353 3155">
    <p class='ocr_par' dir='ltr' id='par_1_48' title="bbox 773 3084 2353 3155">
     <span class='ocr_line' id='line_1_48' title="bbox 773 3084 2353 3155; baseline 0.004 -20"><span class='ocrx_word' id='word_1_288' title='bbox 773 3084 839 3138; x_wconf 87' lang='lat' dir='ltr'><strong>ab</strong></span> <span class='ocrx_word' id='word_1_289' title='bbox 868 3085 1015 3137; x_wconf 83' lang='lat' dir='ltr'><strong>Adda</strong></span> <span class='ocrx_word' id='word_1_290' title='bbox 1053 3086 1315 3153; x_wconf 84' lang='lat' dir='ltr'><strong>scriptum</strong></span> <span class='ocrx_word' id='word_1_291' title='bbox 1340 3097 1477 3149; x_wconf 88' lang='lat' dir='ltr'><strong>erat,</strong></span> <span class='ocrx_word' id='word_1_292' title='bbox 1502 3096 1554 3139; x_wconf 91' lang='lat' dir='ltr'><strong>et</strong></span> <span class='ocrx_word' id='word_1_293' title='bbox 1585 3088 1821 3139; x_wconf 85' lang='lat' dir='ltr'><strong>modium</strong></span> <span class='ocrx_word' id='word_1_294' title='bbox 1852 3087 2170 3155; x_wconf 85' lang='lat' dir='ltr'><strong>appellatur,</strong></span> <span class='ocrx_word' id='word_1_295' title='bbox 2195 3102 2353 3143; x_wconf 86' lang='lat' dir='ltr'><strong>ever-</strong></span> 
     </span>
    </p>
   </div>
   <div class='ocr_carea' id='block_1_49' title="bbox 2451 1984 4047 2055">
    <p class='ocr_par' dir='ltr' id='par_1_49' title="bbox 2451 1984 4047 2055">
     <span class='ocr_line' id='line_1_49' title="bbox 2451 1984 4047 2055; baseline -0.001 -17"><span class='ocrx_word' id='word_1_296' title='bbox 2451 1987 2544 2038; x_wconf 82' lang='grc' dir='ltr'><strong>τοῦ</strong></span> <span class='ocrx_word' id='word_1_297' title='bbox 2579 1986 2882 2055; x_wconf 85' lang='grc' dir='ltr'>Μανιχαίου</span> <span class='ocrx_word' id='word_1_298' title='bbox 2933 1984 3278 2054; x_wconf 76' lang='grc' dir='ltr'>συνέγραψαν</span> <span class='ocrx_word' id='word_1_299' title='bbox 3332 1984 3662 2053; x_wconf 80' lang='grc' dir='ltr'>ἀθεότητος,</span> <span class='ocrx_word' id='word_1_300' title='bbox 3714 1985 4047 2053; x_wconf 79' lang='grc' dir='ltr'>Ἡγεμόνιόν</span> 
     </span>
    </p>
   </div>
   <div class='ocr_carea' id='block_1_50' title="bbox 2452 2077 4046 2147">
    <p class='ocr_par' dir='ltr' id='par_1_50' title="bbox 2452 2077 4046 2147">
     <span class='ocr_line' id='line_1_50' title="bbox 2452 2077 4046 2147; baseline -0.001 -16"><span class='ocrx_word' id='word_1_301' title='bbox 2452 2096 2512 2131; x_wconf 86' lang='grc' dir='ltr'><strong>τε</strong></span> <span class='ocrx_word' id='word_1_302' title='bbox 2542 2079 2633 2131; x_wconf 81' lang='grc' dir='ltr'><strong>τὸν</strong></span> <span class='ocrx_word' id='word_1_303' title='bbox 2655 2079 2753 2141; x_wconf 87' lang='grc' dir='ltr'><strong>τάς</strong></span> <span class='ocrx_word' id='word_1_304' title='bbox 2784 2078 3080 2147; x_wconf 80' lang='grc' dir='ltr'><strong>Ἀρχελάου</strong></span> <span class='ocrx_word' id='word_1_305' title='bbox 3108 2077 3243 2147; x_wconf 79' lang='grc' dir='ltr'>πρὸς</span> <span class='ocrx_word' id='word_1_306' title='bbox 3269 2078 3430 2131; x_wconf 82' lang='grc' dir='ltr'>αὑτὸν</span> <span class='ocrx_word' id='word_1_307' title='bbox 3454 2078 3764 2145; x_wconf 73' lang='grc' dir='ltr'>ἀντιλογίας</span> <span class='ocrx_word' id='word_1_308' title='bbox 3794 2079 4046 2147; x_wconf 82' lang='grc' dir='ltr'>ἀναγρά-</span> 
     </span>
    </p>
   </div>
   <div class='ocr_carea' id='block_1_51' title="bbox 2451 2168 4040 2240">
    <p class='ocr_par' dir='ltr' id='par_1_51' title="bbox 2451 2168 4040 2240">
     <span class='ocr_line' id='line_1_51' title="bbox 2451 2168 4040 2240; baseline -0.002 -17"><span class='ocrx_word' id='word_1_309' title='bbox 2451 2170 2656 2240; x_wconf 79' lang='grc' dir='ltr'>ψαντα,</span> <span class='ocrx_word' id='word_1_310' title='bbox 2707 2170 2801 2222; x_wconf 83' lang='grc' dir='ltr'>καὶ</span> <span class='ocrx_word' id='word_1_311' title='bbox 2835 2171 3023 2235; x_wconf 84' lang='grc' dir='ltr'>Τίτον,</span> <span class='ocrx_word' id='word_1_312' title='bbox 3075 2169 3135 2231; x_wconf 85' lang='grc' dir='ltr'>ὃς</span> <span class='ocrx_word' id='word_1_313' title='bbox 3167 2170 3313 2234; x_wconf 79' lang='grc' dir='ltr'>ἔδοξε</span> <span class='ocrx_word' id='word_1_314' title='bbox 3366 2168 3463 2239; x_wconf 82' lang='grc' dir='ltr'><strong>μὲν</strong></span> <span class='ocrx_word' id='word_1_315' title='bbox 3517 2169 3658 2221; x_wconf 80' lang='grc' dir='ltr'><strong>κατά</strong></span> <span class='ocrx_word' id='word_1_316' title='bbox 3710 2170 4040 2238; x_wconf 73' lang='grc' dir='ltr'>Μανιχατων</span> 
     </span>
    </p>
   </div>
   <div class='ocr_carea' id='block_1_52' title="bbox 2453 2261 4046 2334">
    <p class='ocr_par' dir='ltr' id='par_1_52' title="bbox 2453 2261 4046 2334">
     <span class='ocr_line' id='line_1_52' title="bbox 2453 2261 4046 2334; baseline -0.003 -18"><span class='ocrx_word' id='word_1_317' title='bbox 2453 2265 2720 2332; x_wconf 77' lang='grc' dir='ltr'>γράφειν,</span> <span class='ocrx_word' id='word_1_318' title='bbox 2755 2262 2961 2334; x_wconf 75' lang='grc' dir='ltr'>ἔγραψε</span> <span class='ocrx_word' id='word_1_319' title='bbox 2996 2263 3052 2315; x_wconf 81' lang='grc' dir='ltr'>δὲ</span> <span class='ocrx_word' id='word_1_320' title='bbox 3092 2261 3291 2331; x_wconf 83' lang='grc' dir='ltr'>μᾶλλον</span> <span class='ocrx_word' id='word_1_321' title='bbox 3342 2261 3483 2314; x_wconf 87' lang='grc' dir='ltr'><strong>κατά</strong></span> <span class='ocrx_word' id='word_1_322' title='bbox 3529 2261 3639 2313; x_wconf 83' lang='grc' dir='ltr'><strong>τῶν</strong></span> <span class='ocrx_word' id='word_1_323' title='bbox 3677 2261 3868 2314; x_wconf 80' lang='grc' dir='ltr'>Ἀδδου</span> <span class='ocrx_word' id='word_1_324' title='bbox 3907 2278 4046 2326; x_wconf 85' lang='grc' dir='ltr'>συγ-</span> 
     </span>
    </p>
   </div>
   <div class='ocr_carea' id='block_1_53' title="bbox 2454 2350 4047 2425">
    <p class='ocr_par' dir='ltr' id='par_1_53' title="bbox 2454 2350 4047 2425">
     <span class='ocr_line' id='line_1_53' title="bbox 2454 2350 4047 2425; baseline -0.002 -19"><span class='ocrx_word' id='word_1_325' title='bbox 2454 2356 2799 2425; x_wconf 79' lang='grc' dir='ltr'>γραμμάτων</span> <span class='ocrx_word' id='word_1_326' title='bbox 2820 2394 2835 2418; x_wconf 95' lang='grc'><strong>,</strong></span> <span class='ocrx_word' id='word_1_327' title='bbox 2870 2355 2949 2407; x_wconf 76' lang='grc' dir='ltr'><strong>ἔτι</strong></span> <span class='ocrx_word' id='word_1_328' title='bbox 2987 2354 3043 2406; x_wconf 83' lang='grc' dir='ltr'>δὲ</span> <span class='ocrx_word' id='word_1_329' title='bbox 3069 2354 3162 2406; x_wconf 79' lang='grc' dir='ltr'>καὶ</span> <span class='ocrx_word' id='word_1_330' title='bbox 3192 2353 3284 2406; x_wconf 82' lang='grc' dir='ltr'><strong>τὸν</strong></span> <span class='ocrx_word' id='word_1_331' title='bbox 3309 2352 3577 2407; x_wconf 85' lang='grc' dir='ltr'>Λαοδικέα</span> <span class='ocrx_word' id='word_1_332' title='bbox 3607 2350 3899 2421; x_wconf 74' lang='grc' dir='ltr'>Γεὼργιον,</span> <span class='ocrx_word' id='word_1_333' title='bbox 3923 2356 4047 2414; x_wconf 84' lang='grc' dir='ltr'>τοῖς</span> 
     </span>
    </p>
   </div>
   <div class='ocr_carea' id='block_1_54' title="bbox 2454 2441 4042 2516">
    <p class='ocr_par' dir='ltr' id='par_1_54' title="bbox 2454 2441 4042 2516">
     <span class='ocr_line' id='line_1_54' title="bbox 2454 2441 4042 2516; baseline -0.002 -16"><span class='ocrx_word' id='word_1_334' title='bbox 2454 2450 2635 2510; x_wconf 84' lang='grc' dir='ltr'>αὐτοῖς</span> <span class='ocrx_word' id='word_1_335' title='bbox 2672 2447 2858 2516; x_wconf 84' lang='grc' dir='ltr'>σχεδὸν</span> <span class='ocrx_word' id='word_1_336' title='bbox 2895 2441 2975 2508; x_wconf 80' lang='grc' dir='ltr'>οἷς</span> <span class='ocrx_word' id='word_1_337' title='bbox 3006 2449 3036 2500; x_wconf 86' lang='grc' dir='ltr'><strong>ὁ</strong></span> <span class='ocrx_word' id='word_1_338' title='bbox 3066 2447 3223 2509; x_wconf 84' lang='grc' dir='ltr'>Τίτος</span> <span class='ocrx_word' id='word_1_339' title='bbox 3253 2447 3396 2499; x_wconf 72' lang='grc' dir='ltr'>κατὰ</span> <span class='ocrx_word' id='word_1_340' title='bbox 3441 2446 3539 2513; x_wconf 85' lang='grc' dir='ltr'>τῆς</span> <span class='ocrx_word' id='word_1_341' title='bbox 3584 2445 3840 2508; x_wconf 80' lang='grc' dir='ltr'>ἀσεὸείας</span> <span class='ocrx_word' id='word_1_342' title='bbox 3864 2446 3910 2479; x_wconf 84' lang='grc'><strong>⁸⁸</strong></span> <span class='ocrx_word' id='word_1_343' title='bbox 3942 2463 4042 2497; x_wconf 89' lang='grc' dir='ltr'>κε-</span> 
     </span>
    </p>
   </div>
   <div class='ocr_carea' id='block_1_55' title="bbox 2454 2537 4041 2609">
    <p class='ocr_par' dir='ltr' id='par_1_55' title="bbox 2454 2537 4041 2609">
     <span class='ocr_line' id='line_1_55' title="bbox 2454 2537 4041 2609; baseline 0.001 -20"><span class='ocrx_word' id='word_1_344' title='bbox 2454 2539 2730 2609; x_wconf 77' lang='grc' dir='ltr'>χρημένον</span> <span class='ocrx_word' id='word_1_345' title='bbox 2780 2540 3171 2609; x_wconf 82' lang='grc' dir='ltr'>ἐπιχειρήμασι</span> <span class='ocrx_word' id='word_1_346' title='bbox 3190 2538 3235 2569; x_wconf 80' lang='grc'><strong>⁸⁸</strong></span> <span class='ocrx_word' id='word_1_347' title='bbox 3258 2576 3274 2601; x_wconf 93' lang='grc'><strong>,</strong></span> <span class='ocrx_word' id='word_1_348' title='bbox 3316 2538 3413 2590; x_wconf 74' lang='grc' dir='ltr'><strong>καὶ</strong></span> <span class='ocrx_word' id='word_1_349' title='bbox 3443 2538 3767 2607; x_wconf 78' lang='grc' dir='ltr'>Σεραπίωνα</span> <span class='ocrx_word' id='word_1_350' title='bbox 3813 2537 3905 2591; x_wconf 80' lang='grc' dir='ltr'><strong>τὸν</strong></span> <span class='ocrx_word' id='word_1_351' title='bbox 3936 2538 4041 2606; x_wconf 79' lang='grc' dir='ltr'>τῆς</span> 
     </span>
    </p>
   </div>
   <div class='ocr_carea' id='block_1_56' title="bbox 2455 2628 4049 2699">
    <p class='ocr_par' dir='ltr' id='par_1_56' title="bbox 2455 2628 4049 2699">
     <span class='ocr_line' id='line_1_56' title="bbox 2455 2628 4049 2699; baseline -0.001 -17"><span class='ocrx_word' id='word_1_352' title='bbox 2455 2631 2714 2699; x_wconf 80' lang='grc' dir='ltr'>Θμούεως</span> <span class='ocrx_word' id='word_1_353' title='bbox 2743 2631 3074 2694; x_wconf 78' lang='grc' dir='ltr'>ἐπίσκοπον,</span> <span class='ocrx_word' id='word_1_354' title='bbox 3117 2631 3213 2683; x_wconf 74' lang='grc' dir='ltr'>καὶ</span> <span class='ocrx_word' id='word_1_355' title='bbox 3240 2632 3331 2682; x_wconf 87' lang='grc' dir='ltr'>τὸν</span> <span class='ocrx_word' id='word_1_356' title='bbox 3363 2629 3665 2699; x_wconf 81' lang='grc' dir='ltr'>Διόδωρον,</span> <span class='ocrx_word' id='word_1_357' title='bbox 3712 2630 3768 2681; x_wconf 72' lang='grc' dir='ltr'>ιν</span> <span class='ocrx_word' id='word_1_358' title='bbox 3793 2635 3840 2681; x_wconf 89' lang='grc' dir='ltr'>κ’</span> <span class='ocrx_word' id='word_1_359' title='bbox 3876 2629 3973 2682; x_wconf 82' lang='grc' dir='ltr'>καὶ</span> <span class='ocrx_word' id='word_1_360' title='bbox 4001 2628 4049 2681; x_wconf 74' lang='grc' dir='ltr'>ε’</span> 
     </span>
    </p>
   </div>
   <div class='ocr_carea' id='block_1_57' title="bbox 2456 2721 4043 2794">
    <p class='ocr_par' dir='ltr' id='par_1_57' title="bbox 2456 2721 4043 2794">
     <span class='ocr_line' id='line_1_57' title="bbox 2456 2721 4043 2794; baseline -0.004 -17"><span class='ocrx_word' id='word_1_361' title='bbox 2456 2724 2682 2794; x_wconf 82' lang='grc' dir='ltr'>βιϐλίοις</span> <span class='ocrx_word' id='word_1_362' title='bbox 2715 2724 2804 2776; x_wconf 84' lang='grc' dir='ltr'><strong>τὸν</strong></span> <span class='ocrx_word' id='word_1_363' title='bbox 2836 2726 2978 2777; x_wconf 83' lang='grc' dir='ltr'><strong>κατά</strong></span> <span class='ocrx_word' id='word_1_364' title='bbox 3011 2722 3333 2791; x_wconf 81' lang='grc' dir='ltr'>Μανιχαίων</span> <span class='ocrx_word' id='word_1_365' title='bbox 3366 2722 3551 2789; x_wconf 85' lang='grc' dir='ltr'>ἀγῶνα</span> <span class='ocrx_word' id='word_1_366' title='bbox 3579 2721 3995 2790; x_wconf 79' lang='grc' dir='ltr'>ἀγωνισάμενον</span> <span class='ocrx_word' id='word_1_367' title='bbox 4026 2762 4043 2781; x_wconf 86' lang='grc'><strong>,</strong></span> 
     </span>
    </p>
   </div>
   <div class='ocr_carea' id='block_1_58' title="bbox 2455 2816 4049 2889">
    <p class='ocr_par' dir='ltr' id='par_1_58' title="bbox 2455 2816 4049 2889">
     <span class='ocr_line' id='line_1_58' title="bbox 2455 2816 4049 2889; baseline -0.003 -16"><span class='ocrx_word' id='word_1_368' title='bbox 2455 2820 2513 2882; x_wconf 81' lang='grc' dir='ltr'>ὃς</span> <span class='ocrx_word' id='word_1_369' title='bbox 2541 2819 2629 2873; x_wconf 77' lang='grc' dir='ltr'>διὰ</span> <span class='ocrx_word' id='word_1_370' title='bbox 2662 2820 2759 2889; x_wconf 81' lang='grc' dir='ltr'><strong>μὲν</strong></span> <span class='ocrx_word' id='word_1_371' title='bbox 2785 2819 2893 2871; x_wconf 84' lang='grc' dir='ltr'><strong>τῶν</strong></span> <span class='ocrx_word' id='word_1_372' title='bbox 2928 2816 3307 2888; x_wconf 76' lang='grc' dir='ltr'>πρώτωνῘΗΒ</span> <span class='ocrx_word' id='word_1_373' title='bbox 3336 2816 3429 2888; x_wconf 72' lang='lat' dir='ltr'><strong>ll.)</strong></span> <span class='ocrx_word' id='word_1_374' title='bbox 3454 2817 3674 2887; x_wconf 67' lang='grc' dir='ltr'>βιϐλίων</span> <span class='ocrx_word' id='word_1_375' title='bbox 3704 2817 3843 2869; x_wconf 74' lang='grc' dir='ltr'>ἑτετά</span> <span class='ocrx_word' id='word_1_376' title='bbox 3867 2818 4049 2869; x_wconf 74' lang='grc' dir='ltr'>οἴεται</span> 
     </span>
    </p>
   </div>
   <div class='ocr_carea' id='block_1_59' title="bbox 2460 2908 4049 2982">
    <p class='ocr_par' dir='ltr' id='par_1_59' title="bbox 2460 2908 4049 2982">
     <span class='ocr_line' id='line_1_59' title="bbox 2460 2908 4049 2982; baseline -0.004 -17"><span class='ocrx_word' id='word_1_377' title='bbox 2460 2914 2557 2982; x_wconf 76' lang='grc' dir='ltr'>μὲν</span> <span class='ocrx_word' id='word_1_378' title='bbox 2587 2914 2647 2965; x_wconf 74' lang='grc' dir='ltr'>τὸ</span> <span class='ocrx_word' id='word_1_379' title='bbox 2664 2913 2755 2965; x_wconf 76' lang='grc' dir='ltr'>τοῦ</span> <span class='ocrx_word' id='word_1_380' title='bbox 2786 2912 3095 2981; x_wconf 84' lang='grc' dir='ltr'>Μανιχαίου</span> <span class='ocrx_word' id='word_1_381' title='bbox 3134 2909 3273 2964; x_wconf 82' lang='grc' dir='ltr'><strong>Ζῶν</strong></span> <span class='ocrx_word' id='word_1_382' title='bbox 3300 2911 3672 2981; x_wconf 74' lang='grc' dir='ltr'>Εὑαγγέλιον</span> <span class='ocrx_word' id='word_1_383' title='bbox 3696 2908 4049 2977; x_wconf 73' lang='grc' dir='ltr'>ἀνατρέπειν,</span> 
     </span>
    </p>
   </div>
   <div class='ocr_carea' id='block_1_60' title="bbox 2454 3000 4049 3073">
    <p class='ocr_par' dir='ltr' id='par_1_60' title="bbox 2454 3000 4049 3073">
     <span class='ocr_line' id='line_1_60' title="bbox 2454 3000 4049 3073; baseline -0.004 -17"><span class='ocrx_word' id='word_1_384' title='bbox 2454 3006 2516 3057; x_wconf 90' lang='grc' dir='ltr'>ού</span> <span class='ocrx_word' id='word_1_385' title='bbox 2541 3005 2798 3073; x_wconf 82' lang='grc' dir='ltr'>τυγχάνει</span> <span class='ocrx_word' id='word_1_386' title='bbox 2850 3004 2906 3057; x_wconf 81' lang='grc' dir='ltr'>δὲ</span> <span class='ocrx_word' id='word_1_387' title='bbox 2942 3005 3188 3066; x_wconf 70' lang='grc' dir='ltr'>ἐκείνου,</span> <span class='ocrx_word' id='word_1_388' title='bbox 3230 3004 3365 3056; x_wconf 79' lang='grc' dir='ltr'>ἀλλὰ</span> <span class='ocrx_word' id='word_1_389' title='bbox 3411 3002 3709 3071; x_wconf 83' lang='grc' dir='ltr'>ἀνατρέπει</span> <span class='ocrx_word' id='word_1_390' title='bbox 3735 3002 3781 3031; x_wconf 82' lang='grc'>’⁸</span> <span class='ocrx_word' id='word_1_391' title='bbox 3828 3000 3887 3051; x_wconf 84' lang='grc' dir='ltr'><strong>τὸ</strong></span> <span class='ocrx_word' id='word_1_392' title='bbox 3938 3001 4049 3049; x_wconf 74' lang='grc' dir='ltr'><strong>ὑπὸ</strong></span> 
     </span>
    </p>
   </div>
   <div class='ocr_carea' id='block_1_61' title="bbox 2460 3090 4052 3168">
    <p class='ocr_par' dir='ltr' id='par_1_61' title="bbox 2460 3090 4052 3168">
     <span class='ocr_line' id='line_1_61' title="bbox 2460 3090 4052 3168; baseline -0.008 -18"><span class='ocrx_word' id='word_1_393' title='bbox 2460 3099 2624 3150; x_wconf 79' lang='grc' dir='ltr'>Ἀδδα</span> <span class='ocrx_word' id='word_1_394' title='bbox 2655 3096 3071 3168; x_wconf 72' lang='grc' dir='ltr'>γεγραμμένον,</span> <span class='ocrx_word' id='word_1_395' title='bbox 3113 3095 3142 3147; x_wconf 81' lang='grc' dir='ltr'>ὃ</span> <span class='ocrx_word' id='word_1_396' title='bbox 3170 3095 3413 3147; x_wconf 79' lang='grc' dir='ltr'>καλεῖται</span> <span class='ocrx_word' id='word_1_397' title='bbox 3442 3092 3701 3147; x_wconf 80' lang='grc' dir='ltr'>Μόδιον·</span> <span class='ocrx_word' id='word_1_398' title='bbox 3737 3092 3822 3143; x_wconf 84' lang='grc' dir='ltr'>διὰ</span> <span class='ocrx_word' id='word_1_399' title='bbox 3844 3090 3899 3141; x_wconf 86' lang='grc' dir='ltr'>δὲ</span> <span class='ocrx_word' id='word_1_400' title='bbox 3936 3091 4052 3140; x_wconf 55' lang='lat' dir='ltr'><strong>et)»</strong></span> 
     </span>
    </p>
   </div>
   <div class='ocr_carea' id='block_1_62' title="bbox 774 3175 2347 3254">
    <p class='ocr_par' dir='ltr' id='par_1_62' title="bbox 774 3175 2347 3246">
     <span class='ocr_line' id='line_1_62' title="bbox 774 3175 2347 3246; baseline 0.005 -21"><span class='ocrx_word' id='word_1_401' title='bbox 774 3175 839 3228; x_wconf 91' lang='lat' dir='ltr'><strong>tit</strong></span> <span class='ocrx_word' id='word_1_402' title='bbox 870 3190 884 3228; x_wconf 89' lang='lat'><strong>:</strong></span> <span class='ocrx_word' id='word_1_403' title='bbox 925 3175 1148 3242; x_wconf 85' lang='lat' dir='ltr'><strong>reliquis</strong></span> <span class='ocrx_word' id='word_1_404' title='bbox 1176 3177 1369 3228; x_wconf 82' lang='lat' dir='ltr'><strong>deinde</strong></span> <span class='ocrx_word' id='word_1_405' title='bbox 1401 3175 1553 3230; x_wconf 90' lang='lat' dir='ltr'><strong>libris</strong></span> <span class='ocrx_word' id='word_1_406' title='bbox 1584 3192 1646 3231; x_wconf 90' lang='lat' dir='ltr'><strong>ea</strong></span> <span class='ocrx_word' id='word_1_407' title='bbox 1682 3192 1852 3232; x_wconf 68' lang='lat' dir='ltr'><strong>sacra:</strong></span> <span class='ocrx_word' id='word_1_408' title='bbox 1893 3180 2191 3246; x_wconf 76' lang='lat' dir='ltr'><strong>Scriptura:</strong></span> <span class='ocrx_word' id='word_1_409' title='bbox 2238 3181 2347 3235; x_wconf 89' lang='lat' dir='ltr'><strong>loca</strong></span> 
     </span>
    </p>
   </div>
   <div class='ocr_carea' id='block_1_63' title="bbox 2454 3175 4051 3254">
    <p class='ocr_par' dir='ltr' id='par_1_63' title="bbox 2456 3180 4051 3254">
     <span class='ocr_line' id='line_1_63' title="bbox 2456 3180 4051 3254; baseline -0.004 -19"><span class='ocrx_word' id='word_1_410' title='bbox 2456 3183 2654 3252; x_wconf 78' lang='grc' dir='ltr'>ἐφεξῆς</span> <span class='ocrx_word' id='word_1_411' title='bbox 2702 3183 2797 3254; x_wconf 80' lang='grc' dir='ltr'><strong>τὴν</strong></span> <span class='ocrx_word' id='word_1_412' title='bbox 2832 3183 2939 3235; x_wconf 84' lang='grc' dir='ltr'><strong>τῶν</strong></span> <span class='ocrx_word' id='word_1_413' title='bbox 2968 3182 3259 3252; x_wconf 80' lang='grc' dir='ltr'>Γραφικῶν</span> <span class='ocrx_word' id='word_1_414' title='bbox 3298 3182 3478 3252; x_wconf 79' lang='grc' dir='ltr'>ῥητῶν</span> <span class='ocrx_word' id='word_1_415' title='bbox 3501 3220 3518 3246; x_wconf 96' lang='grc'><strong>,</strong></span> <span class='ocrx_word' id='word_1_416' title='bbox 3566 3180 3603 3234; x_wconf 73' lang='grc' dir='ltr'>ἃ</span> <span class='ocrx_word' id='word_1_417' title='bbox 3634 3181 3684 3232; x_wconf 85' lang='grc' dir='ltr'><strong>οἱ</strong></span> <span class='ocrx_word' id='word_1_418' title='bbox 3742 3180 4051 3247; x_wconf 82' lang='grc' dir='ltr'>Μανιχαίοι</span> 
     </span>
    </p>
   </div>
   <div class='ocr_carea' id='block_1_64' title="bbox 772 3242 2347 3345">
    <p class='ocr_par' dir='ltr' id='par_1_64' title="bbox 772 3267 2347 3339">
     <span class='ocr_line' id='line_1_64' title="bbox 772 3267 2347 3339; baseline 0.005 -22"><span class='ocrx_word' id='word_1_419' title='bbox 772 3281 906 3334; x_wconf 87' lang='lat' dir='ltr'><strong>pure</strong></span> <span class='ocrx_word' id='word_1_420' title='bbox 937 3267 1235 3332; x_wconf 76' lang='lat' dir='ltr'><strong>explanans</strong></span> <span class='ocrx_word' id='word_1_421' title='bbox 1260 3277 1423 3334; x_wconf 89' lang='lat' dir='ltr'><strong>atque</strong></span> <span class='ocrx_word' id='word_1_422' title='bbox 1450 3268 1754 3332; x_wconf 79' lang='lat' dir='ltr'><strong>declarans,</strong></span> <span class='ocrx_word' id='word_1_423' title='bbox 1800 3284 1922 3339; x_wconf 67' lang='lat' dir='ltr'><strong>qua:</strong></span> <span class='ocrx_word' id='word_1_424' title='bbox 1966 3272 2247 3326; x_wconf 72' lang='lat' dir='ltr'><strong>Maniclizei</strong></span> <span class='ocrx_word' id='word_1_425' title='bbox 2287 3272 2347 3325; x_wconf 90' lang='lat' dir='ltr'><strong>ad</strong></span> 
     </span>
    </p>
   </div>
   <div class='ocr_carea' id='block_1_65' title="bbox 2454 3242 4053 3345">
    <p class='ocr_par' dir='ltr' id='par_1_65' title="bbox 2460 3242 4053 3345">
     <span class='ocr_line' id='line_1_65' title="bbox 2460 3242 4053 3345; baseline -0.003 -18"><span class='ocrx_word' id='word_1_426' title='bbox 2460 3242 2847 3339; x_wconf 40' lang='lat' dir='ltr'><strong>&#39;eéat&#39;x&#39;s—toﬁvitat</strong></span> <span class='ocrx_word' id='word_1_427' title='bbox 3056 3242 3116 3326; x_wconf 59' lang='lat' dir='ltr'><strong>zz}</strong></span> <span class='ocrx_word' id='word_1_428' title='bbox 3150 3242 3309 3341; x_wconf 46' lang='grc' dir='ltr'>σφίσι.</span> <span class='ocrx_word' id='word_1_429' title='bbox 3353 3242 3784 3343; x_wconf 58' lang='grc' dir='ltr'>βεϐουλημένον,</span> <span class='ocrx_word' id='word_1_430' title='bbox 3838 3242 4053 3323; x_wconf 75' lang='grc' dir='ltr'>ἀνακα-</span> 
     </span>
    </p>
   </div>
   <div class='ocr_carea' id='block_1_66' title="bbox 772 3356 2350 3425">
    <p class='ocr_par' dir='ltr' id='par_1_66' title="bbox 772 3356 2350 3425">
     <span class='ocr_line' id='line_1_66' title="bbox 772 3356 2350 3425; baseline 0.004 -18"><span class='ocrx_word' id='word_1_431' title='bbox 772 3369 835 3409; x_wconf 83' lang='lat' dir='ltr'><strong>ca</strong></span> <span class='ocrx_word' id='word_1_432' title='bbox 865 3371 984 3422; x_wconf 62' lang='lat' dir='ltr'><strong>quae</strong></span> <span class='ocrx_word' id='word_1_433' title='bbox 1016 3356 1200 3409; x_wconf 89' lang='lat' dir='ltr'><strong>animo</strong></span> <span class='ocrx_word' id='word_1_434' title='bbox 1229 3361 1625 3425; x_wconf 88' lang='lat' dir='ltr'><strong>concepissent,</strong></span> <span class='ocrx_word' id='word_1_435' title='bbox 1659 3362 2072 3415; x_wconf 87' lang='lat' dir='ltr'><strong>accommodare</strong></span> <span class='ocrx_word' id='word_1_436' title='bbox 2094 3363 2350 3416; x_wconf 88' lang='lat' dir='ltr'><strong>solerent.</strong></span> 
     </span>
    </p>
   </div>
   <div class='ocr_carea' id='block_1_67' title="bbox 774 3447 2356 3520">
    <p class='ocr_par' dir='ltr' id='par_1_67' title="bbox 774 3447 2356 3520">
     <span class='ocr_line' id='line_1_67' title="bbox 774 3447 2356 3520; baseline 0.004 -20"><span class='ocrx_word' id='word_1_437' title='bbox 774 3447 841 3500; x_wconf 80' lang='lat' dir='ltr'><strong>Et</strong></span> <span class='ocrx_word' id='word_1_438' title='bbox 889 3448 1001 3501; x_wconf 67' lang='lat' dir='ltr'><strong>haec</strong></span> <span class='ocrx_word' id='word_1_439' title='bbox 1041 3447 1107 3500; x_wconf 90' lang='lat' dir='ltr'><strong>de</strong></span> <span class='ocrx_word' id='word_1_440' title='bbox 1137 3448 1387 3500; x_wconf 87' lang='lat' dir='ltr'><strong>Diodoro.</strong></span> <span class='ocrx_word' id='word_1_441' title='bbox 1437 3447 1641 3501; x_wconf 83' lang='lat' dir='ltr'><strong>Horum</strong></span> <span class='ocrx_word' id='word_1_442' title='bbox 1695 3465 1822 3520; x_wconf 82' lang='lat' dir='ltr'><strong>ergo</strong></span> <span class='ocrx_word' id='word_1_443' title='bbox 1873 3450 2115 3516; x_wconf 84' lang='lat' dir='ltr'><strong>Patrum,</strong></span> <span class='ocrx_word' id='word_1_444' title='bbox 2160 3463 2219 3505; x_wconf 91' lang='lat' dir='ltr'><strong>ut</strong></span> <span class='ocrx_word' id='word_1_445' title='bbox 2262 3469 2356 3507; x_wconf 90' lang='lat' dir='ltr'><strong>eos</strong></span> 
     </span>
    </p>
   </div>
   <div class='ocr_carea' id='block_1_68' title="bbox 776 3538 2349 3610">
    <p class='ocr_par' dir='ltr' id='par_1_68' title="bbox 776 3538 2349 3610">
     <span class='ocr_line' id='line_1_68' title="bbox 776 3538 2349 3610; baseline 0.004 -20"><span class='ocrx_word' id='word_1_446' title='bbox 776 3538 1147 3606; x_wconf 89' lang='lat' dir='ltr'><strong>pientissimus</strong></span> <span class='ocrx_word' id='word_1_447' title='bbox 1177 3538 1535 3595; x_wconf 85' lang='lat' dir='ltr'><strong>Heraclianus</strong></span> <span class='ocrx_word' id='word_1_448' title='bbox 1568 3542 1834 3606; x_wconf 86' lang='lat' dir='ltr'><strong>nominat,</strong></span> <span class='ocrx_word' id='word_1_449' title='bbox 1885 3542 2025 3597; x_wconf 78' lang='lat' dir='ltr'><strong>facta</strong></span> <span class='ocrx_word' id='word_1_450' title='bbox 2055 3545 2349 3610; x_wconf 81' lang='lat' dir='ltr'><strong>mentione,</strong></span> 
     </span>
    </p>
   </div>
   <div class='ocr_carea' id='block_1_69' title="bbox 776 3630 2354 3703">
    <p class='ocr_par' dir='ltr' id='par_1_69' title="bbox 776 3630 2354 3703">
     <span class='ocr_line' id='line_1_69' title="bbox 776 3630 2354 3703; baseline 0.006 -26"><span class='ocrx_word' id='word_1_451' title='bbox 776 3643 1109 3695; x_wconf 70' lang='lat' dir='ltr'><strong>quaecunque</strong></span> <span class='ocrx_word' id='word_1_452' title='bbox 1144 3630 1195 3679; x_wconf 91' lang='lat' dir='ltr'><strong>in</strong></span> <span class='ocrx_word' id='word_1_453' title='bbox 1233 3630 1365 3695; x_wconf 89' lang='lat' dir='ltr'><strong>ipsis</strong></span> <span class='ocrx_word' id='word_1_454' title='bbox 1400 3646 1503 3682; x_wconf 91' lang='lat' dir='ltr'><strong>non</strong></span> <span class='ocrx_word' id='word_1_455' title='bbox 1557 3631 1691 3684; x_wconf 80' lang='lat' dir='ltr'><strong>satis</strong></span> <span class='ocrx_word' id='word_1_456' title='bbox 1746 3633 1975 3686; x_wconf 87' lang='lat' dir='ltr'><strong>tirmiter</strong></span> <span class='ocrx_word' id='word_1_457' title='bbox 2007 3639 2354 3703; x_wconf 85' lang='lat' dir='ltr'><strong>pronuntiata</strong></span> 
     </span>
    </p>
   </div>
   <div class='ocr_carea' id='block_1_70' title="bbox 778 3720 2357 3796">
    <p class='ocr_par' dir='ltr' id='par_1_70' title="bbox 778 3720 2357 3796">
     <span class='ocr_line' id='line_1_70' title="bbox 778 3720 2357 3796; baseline 0.006 -23"><span class='ocrx_word' id='word_1_458' title='bbox 778 3730 923 3786; x_wconf 89' lang='lat' dir='ltr'><strong>sunt,</strong></span> <span class='ocrx_word' id='word_1_459' title='bbox 958 3720 1193 3778; x_wconf 85' lang='lat' dir='ltr'><strong>breviter</strong></span> <span class='ocrx_word' id='word_1_460' title='bbox 1224 3722 1671 3792; x_wconf 67' lang='lat' dir='ltr'><strong>conliriual,quze</strong></span> <span class='ocrx_word' id='word_1_461' title='bbox 1704 3728 2068 3793; x_wconf 67' lang='lat' dir='ltr'><strong>praetermissa</strong></span> <span class='ocrx_word' id='word_1_462' title='bbox 2107 3729 2192 3795; x_wconf 90' lang='lat' dir='ltr'><strong>pie</strong></span> <span class='ocrx_word' id='word_1_463' title='bbox 2225 3743 2357 3796; x_wconf 87' lang='lat' dir='ltr'><strong>sup-</strong></span> 
     </span>
    </p>
   </div>
   <div class='ocr_carea' id='block_1_71' title="bbox 779 3814 2357 3886">
    <p class='ocr_par' dir='ltr' id='par_1_71' title="bbox 779 3814 2357 3886">
     <span class='ocr_line' id='line_1_71' title="bbox 779 3814 2357 3886; baseline 0.005 -21"><span class='ocrx_word' id='word_1_464' title='bbox 779 3814 906 3883; x_wconf 87' lang='lat' dir='ltr'><strong>plet,</strong></span> <span class='ocrx_word' id='word_1_465' title='bbox 940 3829 1059 3881; x_wconf 66' lang='lat' dir='ltr'><strong>quaz</strong></span> <span class='ocrx_word' id='word_1_466' title='bbox 1087 3815 1218 3867; x_wconf 88' lang='lat' dir='ltr'><strong>satis</strong></span> <span class='ocrx_word' id='word_1_467' title='bbox 1250 3824 1506 3869; x_wconf 85' lang='lat' dir='ltr'><strong>accurate</strong></span> <span class='ocrx_word' id='word_1_468' title='bbox 1548 3817 1764 3885; x_wconf 86' lang='lat' dir='ltr'><strong>prodita</strong></span> <span class='ocrx_word' id='word_1_469' title='bbox 1798 3816 2010 3886; x_wconf 74' lang='lat' dir='ltr'><strong>integre</strong></span> <span class='ocrx_word' id='word_1_470' title='bbox 2041 3820 2203 3884; x_wconf 86' lang='lat' dir='ltr'><strong>citat,</strong></span> <span class='ocrx_word' id='word_1_471' title='bbox 2234 3834 2357 3873; x_wconf 88' lang='lat' dir='ltr'><strong>cum</strong></span> 
     </span>
    </p>
   </div>
   <div class='ocr_carea' id='block_1_72' title="bbox 783 3905 2360 3974">
    <p class='ocr_par' dir='ltr' id='par_1_72' title="bbox 783 3905 2360 3974">
     <span class='ocr_line' id='line_1_72' title="bbox 783 3905 2360 3974; baseline 0.004 -15"><span class='ocrx_word' id='word_1_472' title='bbox 783 3906 1018 3959; x_wconf 86' lang='lat' dir='ltr'><strong>nominis</strong></span> <span class='ocrx_word' id='word_1_473' title='bbox 1075 3905 1370 3959; x_wconf 82' lang='lat' dir='ltr'><strong>honoriﬁca</strong></span> <span class='ocrx_word' id='word_1_474' title='bbox 1427 3908 1808 3974; x_wconf 85' lang='lat' dir='ltr'><strong>appellatione,</strong></span> <span class='ocrx_word' id='word_1_475' title='bbox 1864 3907 2061 3964; x_wconf 88' lang='lat' dir='ltr'><strong>additis</strong></span> <span class='ocrx_word' id='word_1_476' title='bbox 2109 3910 2360 3965; x_wconf 82' lang='lat' dir='ltr'><strong>similiter</strong></span> 
     </span>
    </p>
   </div>
   <div class='ocr_carea' id='block_1_73' title="bbox 780 3997 1698 4065">
    <p class='ocr_par' dir='ltr' id='par_1_73' title="bbox 780 3997 1698 4065">
     <span class='ocr_line' id='line_1_73' title="bbox 780 3997 1698 4065; baseline 0.004 -17"><span class='ocrx_word' id='word_1_477' title='bbox 780 4012 899 4065; x_wconf 64' lang='lat' dir='ltr'><strong>qua:</strong></span> <span class='ocrx_word' id='word_1_478' title='bbox 932 3997 1031 4051; x_wconf 84' lang='lat' dir='ltr'><strong>sibi</strong></span> <span class='ocrx_word' id='word_1_479' title='bbox 1073 3998 1122 4050; x_wconf 92' lang='lat' dir='ltr'><strong>in</strong></span> <span class='ocrx_word' id='word_1_480' title='bbox 1162 4007 1395 4050; x_wconf 88' lang='lat' dir='ltr'><strong>mentem</strong></span> <span class='ocrx_word' id='word_1_481' title='bbox 1428 4001 1698 4053; x_wconf 76' lang='lat' dir='ltr'><strong>venerint.</strong></span> 
     </span>
    </p>
   </div>
   <div class='ocr_carea' id='block_1_74' title="bbox 848 4090 2359 4163">
    <p class='ocr_par' dir='ltr' id='par_1_74' title="bbox 848 4090 2359 4163">
     <span class='ocr_line' id='line_1_74' title="bbox 848 4090 2359 4163; baseline 0.003 -20"><span class='ocrx_word' id='word_1_482' title='bbox 848 4090 1028 4159; x_wconf 77' lang='lat' dir='ltr'><strong>Spirat</strong></span> <span class='ocrx_word' id='word_1_483' title='bbox 1066 4091 1152 4145; x_wconf 87' lang='lat' dir='ltr'><strong>hic</strong></span> <span class='ocrx_word' id='word_1_484' title='bbox 1181 4092 1262 4143; x_wconf 93' lang='lat' dir='ltr'><strong>vir</strong></span> <span class='ocrx_word' id='word_1_485' title='bbox 1290 4091 1718 4160; x_wconf 78' lang='lat' dir='ltr'><strong>pltilosopliicunt</strong></span> <span class='ocrx_word' id='word_1_486' title='bbox 1750 4093 1938 4159; x_wconf 87' lang='lat' dir='ltr'><strong>robur,</strong></span> <span class='ocrx_word' id='word_1_487' title='bbox 1961 4094 2189 4148; x_wconf 86' lang='lat' dir='ltr'><strong>aliarum</strong></span> <span class='ocrx_word' id='word_1_488' title='bbox 2223 4110 2359 4163; x_wconf 85' lang='lat' dir='ltr'><strong>quo-</strong></span> 
     </span>
    </p>
   </div>
   <div class='ocr_carea' id='block_1_75' title="bbox 779 4183 2359 4258">
    <p class='ocr_par' dir='ltr' id='par_1_75' title="bbox 779 4183 2359 4258">
     <span class='ocr_line' id='line_1_75' title="bbox 779 4183 2359 4258; baseline 0.007 -26"><span class='ocrx_word' id='word_1_489' title='bbox 779 4197 884 4246; x_wconf 77' lang='lat' dir='ltr'><strong>que</strong></span> <span class='ocrx_word' id='word_1_490' title='bbox 919 4185 1117 4235; x_wconf 89' lang='lat' dir='ltr'><strong>artium</strong></span> <span class='ocrx_word' id='word_1_491' title='bbox 1153 4183 1347 4250; x_wconf 87' lang='lat' dir='ltr'><strong>opibus</strong></span> <span class='ocrx_word' id='word_1_492' title='bbox 1381 4185 1600 4251; x_wconf 76' lang='lat' dir='ltr'><strong>egregie</strong></span> <span class='ocrx_word' id='word_1_493' title='bbox 1650 4186 1970 4241; x_wconf 87' lang='lat' dir='ltr'><strong>instructus.</strong></span> <span class='ocrx_word' id='word_1_494' title='bbox 2028 4190 2199 4257; x_wconf 77' lang='lat' dir='ltr'><strong>Igitur</strong></span> <span class='ocrx_word' id='word_1_495' title='bbox 2237 4205 2359 4258; x_wconf 70' lang='lat' dir='ltr'><strong>quae</strong></span> 
     </span>
    </p>
   </div>
   <div class='ocr_carea' id='block_1_76' title="bbox 781 4272 2356 4345">
    <p class='ocr_par' dir='ltr' id='par_1_76' title="bbox 781 4272 2356 4345">
     <span class='ocr_line' id='line_1_76' title="bbox 781 4272 2356 4345; baseline 0.005 -21"><span class='ocrx_word' id='word_1_496' title='bbox 781 4273 1021 4325; x_wconf 81' lang='lat' dir='ltr'><strong>fabulose</strong></span> <span class='ocrx_word' id='word_1_497' title='bbox 1071 4284 1345 4342; x_wconf 73' lang='lat' dir='ltr'><strong>nugantur</strong></span> <span class='ocrx_word' id='word_1_498' title='bbox 1398 4272 1702 4342; x_wconf 66' lang='lat' dir='ltr'><strong>Manicbmi,</strong></span> <span class='ocrx_word' id='word_1_499' title='bbox 1753 4278 2090 4333; x_wconf 82' lang='lat' dir='ltr'><strong>validissime</strong></span> <span class='ocrx_word' id='word_1_500' title='bbox 2138 4282 2356 4345; x_wconf 88' lang='lat' dir='ltr'><strong>evertit,</strong></span> 
     </span>
    </p>
   </div>
   <div class='ocr_carea' id='block_1_77' title="bbox 778 4366 2355 4436">
    <p class='ocr_par' dir='ltr' id='par_1_77' title="bbox 778 4366 2355 4436">
     <span class='ocr_line' id='line_1_77' title="bbox 778 4366 2355 4436; baseline 0.004 -17"><span class='ocrx_word' id='word_1_501' title='bbox 778 4374 940 4431; x_wconf 78' lang='lat' dir='ltr'><strong>atque</strong></span> <span class='ocrx_word' id='word_1_502' title='bbox 966 4380 1032 4418; x_wconf 81' lang='lat' dir='ltr'><strong>ex</strong></span> <span class='ocrx_word' id='word_1_503' title='bbox 1066 4366 1177 4431; x_wconf 89' lang='lat' dir='ltr'><strong>ipsa</strong></span> <span class='ocrx_word' id='word_1_504' title='bbox 1209 4366 1373 4418; x_wconf 90' lang='lat' dir='ltr'><strong>etiam</strong></span> <span class='ocrx_word' id='word_1_505' title='bbox 1412 4381 1615 4430; x_wconf 86' lang='lat' dir='ltr'><strong>rerum,</strong></span> <span class='ocrx_word' id='word_1_506' title='bbox 1645 4383 1764 4436; x_wconf 71' lang='lat' dir='ltr'><strong>qua:</strong></span> <span class='ocrx_word' id='word_1_507' title='bbox 1787 4370 2073 4433; x_wconf 78' lang='lat' dir='ltr'><strong>exsistunt,</strong></span> <span class='ocrx_word' id='word_1_508' title='bbox 2107 4372 2355 4425; x_wconf 82' lang='lat' dir='ltr'><strong>conside-</strong></span> 
     </span>
    </p>
   </div>
   <div class='ocr_carea' id='block_1_78' title="bbox 780 4454 2350 4529">
    <p class='ocr_par' dir='ltr' id='par_1_78' title="bbox 780 4454 2350 4529">
     <span class='ocr_line' id='line_1_78' title="bbox 780 4454 2350 4529; baseline 0.004 -21"><span class='ocrx_word' id='word_1_509' title='bbox 780 4455 1009 4521; x_wconf 73' lang='lat' dir='ltr'><strong>ratiotte,</strong></span> <span class='ocrx_word' id='word_1_510' title='bbox 1064 4454 1337 4510; x_wconf 81' lang='lat' dir='ltr'><strong>fabulosas</strong></span> <span class='ocrx_word' id='word_1_511' title='bbox 1369 4457 1609 4526; x_wconf 85' lang='lat' dir='ltr'><strong>ipsorum</strong></span> <span class='ocrx_word' id='word_1_512' title='bbox 1644 4460 1709 4512; x_wconf 91' lang='lat' dir='ltr'><strong>de</strong></span> <span class='ocrx_word' id='word_1_513' title='bbox 1739 4459 1874 4514; x_wconf 86' lang='lat' dir='ltr'><strong>Ente</strong></span> <span class='ocrx_word' id='word_1_514' title='bbox 1919 4476 2087 4529; x_wconf 73' lang='lat' dir='ltr'><strong>nugas</strong></span> <span class='ocrx_word' id='word_1_515' title='bbox 2130 4460 2350 4515; x_wconf 81' lang='lat' dir='ltr'><strong>refutat.</strong></span> 
     </span>
    </p>
   </div>
   <div class='ocr_carea' id='block_1_79' title="bbox 2463 3362 4050 3435">
    <p class='ocr_par' dir='ltr' id='par_1_79' title="bbox 2463 3362 4050 3435">
     <span class='ocr_line' id='line_1_79' title="bbox 2463 3362 4050 3435; baseline -0.003 -17"><span class='ocrx_word' id='word_1_516' title='bbox 2463 3368 2640 3435; x_wconf 84' lang='grc' dir='ltr'>θαίρει</span> <span class='ocrx_word' id='word_1_517' title='bbox 2664 3366 2859 3435; x_wconf 78' lang='grc' dir='ltr'>χρῆσιν</span> <span class='ocrx_word' id='word_1_518' title='bbox 2878 3368 2970 3417; x_wconf 79' lang='grc' dir='ltr'>καὶ</span> <span class='ocrx_word' id='word_1_519' title='bbox 2991 3366 3265 3433; x_wconf 73' lang='grc' dir='ltr'>διασαφεῖ.</span> <span class='ocrx_word' id='word_1_520' title='bbox 3284 3367 3392 3419; x_wconf 76' lang='grc' dir='ltr'><strong>Καὶ</strong></span> <span class='ocrx_word' id='word_1_521' title='bbox 3412 3368 3440 3419; x_wconf 88' lang='grc' dir='ltr'>ὀ</span> <span class='ocrx_word' id='word_1_522' title='bbox 3461 3366 3558 3434; x_wconf 78' lang='grc' dir='ltr'>μὲν</span> <span class='ocrx_word' id='word_1_523' title='bbox 3572 3365 3833 3433; x_wconf 88' lang='grc' dir='ltr'>Διόδωρος</span> <span class='ocrx_word' id='word_1_524' title='bbox 3848 3362 4050 3424; x_wconf 76' lang='grc' dir='ltr'>οὕτως.</span> 
     </span>
    </p>
   </div>
   <div class='ocr_carea' id='block_1_80' title="bbox 2464 3455 4054 3526">
    <p class='ocr_par' dir='ltr' id='par_1_80' title="bbox 2464 3455 4054 3526">
     <span class='ocr_line' id='line_1_80' title="bbox 2464 3455 4054 3526; baseline -0.003 -17"><span class='ocrx_word' id='word_1_525' title='bbox 2464 3458 2679 3510; x_wconf 83' lang='grc' dir='ltr'>Τούτων</span> <span class='ocrx_word' id='word_1_526' title='bbox 2701 3457 2757 3509; x_wconf 82' lang='grc' dir='ltr'>δὲ</span> <span class='ocrx_word' id='word_1_527' title='bbox 2774 3457 2901 3520; x_wconf 82' lang='grc' dir='ltr'>τῶν,</span> <span class='ocrx_word' id='word_1_528' title='bbox 2931 3458 3007 3519; x_wconf 85' lang='grc' dir='ltr'>ὼς</span> <span class='ocrx_word' id='word_1_529' title='bbox 3034 3457 3196 3519; x_wconf 83' lang='grc' dir='ltr'>αὑτός</span> <span class='ocrx_word' id='word_1_530' title='bbox 3218 3460 3425 3526; x_wconf 59' lang='grc' dir='ltr'>φησινξό</span> <span class='ocrx_word' id='word_1_531' title='bbox 3442 3456 3855 3516; x_wconf 75' lang='grc' dir='ltr'>θεοσεδέστατος</span> <span class='ocrx_word' id='word_1_532' title='bbox 3880 3455 4054 3523; x_wconf 71' lang='grc' dir='ltr'><strong>Ἠρι-</strong></span> 
     </span>
    </p>
   </div>
   <div class='ocr_carea' id='block_1_81' title="bbox 2466 3546 4050 3619">
    <p class='ocr_par' dir='ltr' id='par_1_81' title="bbox 2466 3546 4050 3619">
     <span class='ocr_line' id='line_1_81' title="bbox 2466 3546 4050 3619; baseline -0.005 -16"><span class='ocrx_word' id='word_1_533' title='bbox 2466 3550 2709 3609; x_wconf 74' lang='grc' dir='ltr'>κλειανὸς</span> <span class='ocrx_word' id='word_1_534' title='bbox 2731 3549 2777 3580; x_wconf 76' lang='grc' dir='ltr'>’ί</span> <span class='ocrx_word' id='word_1_535' title='bbox 2800 3587 2815 3612; x_wconf 94' lang='grc'><strong>,</strong></span> <span class='ocrx_word' id='word_1_536' title='bbox 2855 3549 3112 3618; x_wconf 86' lang='grc' dir='ltr'>Πατέρων</span> <span class='ocrx_word' id='word_1_537' title='bbox 3144 3551 3365 3619; x_wconf 82' lang='grc' dir='ltr'>μνήμην</span> <span class='ocrx_word' id='word_1_538' title='bbox 3411 3548 3760 3616; x_wconf 80' lang='grc' dir='ltr'>πεποιηκὼς,</span> <span class='ocrx_word' id='word_1_539' title='bbox 3787 3547 3887 3598; x_wconf 76' lang='grc' dir='ltr'>ὅσα</span> <span class='ocrx_word' id='word_1_540' title='bbox 3946 3546 4050 3613; x_wconf 81' lang='grc' dir='ltr'><strong>μὲν</strong></span> 
     </span>
    </p>
   </div>
   <div class='ocr_carea' id='block_1_82' title="bbox 2464 3640 4041 3711">
    <p class='ocr_par' dir='ltr' id='par_1_82' title="bbox 2464 3640 4041 3711">
     <span class='ocr_line' id='line_1_82' title="bbox 2464 3640 4041 3711; baseline -0.003 -19"><span class='ocrx_word' id='word_1_541' title='bbox 2464 3640 2706 3701; x_wconf 78' lang='grc' dir='ltr'>ἀσθενῶς</span> <span class='ocrx_word' id='word_1_542' title='bbox 2734 3640 2972 3701; x_wconf 79' lang='grc' dir='ltr'>αύτοῐς⁹’</span> <span class='ocrx_word' id='word_1_543' title='bbox 3020 3640 3271 3711; x_wconf 83' lang='grc' dir='ltr'>εἴρηται,</span> <span class='ocrx_word' id='word_1_544' title='bbox 3320 3640 3819 3709; x_wconf 78' lang='grc' dir='ltr'>ἐπισημαινόμενος</span> <span class='ocrx_word' id='word_1_545' title='bbox 3854 3654 4041 3705; x_wconf 85' lang='grc' dir='ltr'>παρα-</span> 
     </span>
    </p>
   </div>
   <div class='ocr_carea' id='block_1_83' title="bbox 2464 3728 4046 3801">
    <p class='ocr_par' dir='ltr' id='par_1_83' title="bbox 2464 3728 4046 3801">
     <span class='ocr_line' id='line_1_83' title="bbox 2464 3728 4046 3801; baseline -0.004 -18"><span class='ocrx_word' id='word_1_546' title='bbox 2464 3732 2647 3801; x_wconf 82' lang='grc' dir='ltr'>τρέχει</span> <span class='ocrx_word' id='word_1_547' title='bbox 2668 3773 2682 3794; x_wconf 89' lang='grc'><strong>,</strong></span> <span class='ocrx_word' id='word_1_548' title='bbox 2718 3732 2816 3782; x_wconf 83' lang='grc' dir='ltr'>ὅσα</span> <span class='ocrx_word' id='word_1_549' title='bbox 2838 3731 2894 3783; x_wconf 83' lang='grc' dir='ltr'>δὲ</span> <span class='ocrx_word' id='word_1_550' title='bbox 2918 3729 3182 3793; x_wconf 77' lang='grc' dir='ltr'>ἐλλιπῶς,</span> <span class='ocrx_word' id='word_1_551' title='bbox 3202 3729 3444 3792; x_wconf 76' lang='grc' dir='ltr'>εὐλαϐῶς</span> <span class='ocrx_word' id='word_1_552' title='bbox 3466 3730 3771 3798; x_wconf 80' lang='grc' dir='ltr'>ἀναπληροῖ</span> <span class='ocrx_word' id='word_1_553' title='bbox 3789 3767 3803 3790; x_wconf 95' lang='grc'><strong>,</strong></span> <span class='ocrx_word' id='word_1_554' title='bbox 3822 3728 3915 3778; x_wconf 74' lang='grc' dir='ltr'><strong>καὶ</strong></span> <span class='ocrx_word' id='word_1_555' title='bbox 3941 3728 4046 3777; x_wconf 77' lang='grc' dir='ltr'><strong>ὅσα</strong></span> 
     </span>
    </p>
   </div>
   <div class='ocr_carea' id='block_1_84' title="bbox 2465 3818 4044 3894">
    <p class='ocr_par' dir='ltr' id='par_1_84' title="bbox 2465 3818 4044 3894">
     <span class='ocr_line' id='line_1_84' title="bbox 2465 3818 4044 3894; baseline -0.005 -16"><span class='ocrx_word' id='word_1_556' title='bbox 2465 3823 2808 3894; x_wconf 84' lang='grc' dir='ltr'>ἀρκούντως,</span> <span class='ocrx_word' id='word_1_557' title='bbox 2856 3824 3169 3885; x_wconf 80' lang='grc' dir='ltr'>ἀδικάστως</span> <span class='ocrx_word' id='word_1_558' title='bbox 3202 3822 3596 3891; x_wconf 81' lang='grc' dir='ltr'>ἀποδεχόμενος</span> <span class='ocrx_word' id='word_1_559' title='bbox 3642 3820 3710 3872; x_wconf 81' lang='grc' dir='ltr'>δι’</span> <span class='ocrx_word' id='word_1_560' title='bbox 3761 3818 4044 3886; x_wconf 75' lang='grc' dir='ltr'>εὐφημίας</span> 
     </span>
    </p>
   </div>
   <div class='ocr_carea' id='block_1_85' title="bbox 2470 3907 4045 3980">
    <p class='ocr_par' dir='ltr' id='par_1_85' title="bbox 2470 3907 4045 3980">
     <span class='ocr_line' id='line_1_85' title="bbox 2470 3907 4045 3980; baseline -0.004 -13"><span class='ocrx_word' id='word_1_561' title='bbox 2470 3918 2735 3980; x_wconf 85' lang='grc' dir='ltr'>ποιεῖται,</span> <span class='ocrx_word' id='word_1_562' title='bbox 2757 3915 3067 3967; x_wconf 84' lang='grc' dir='ltr'>συντάττων</span> <span class='ocrx_word' id='word_1_563' title='bbox 3095 3913 3280 3975; x_wconf 81' lang='grc' dir='ltr'>αὐτοῖς</span> <span class='ocrx_word' id='word_1_564' title='bbox 3313 3915 3405 3965; x_wconf 75' lang='grc' dir='ltr'><strong>καὶ</strong></span> <span class='ocrx_word' id='word_1_565' title='bbox 3434 3911 3578 3979; x_wconf 75' lang='grc' dir='ltr'>ἅπερ</span> <span class='ocrx_word' id='word_1_566' title='bbox 3596 3907 3746 3979; x_wconf 88' lang='grc' dir='ltr'>αύτῷ</span> <span class='ocrx_word' id='word_1_567' title='bbox 3764 3908 4045 3977; x_wconf 74' lang='grc' dir='ltr'>διενοήθη.</span> 
     </span>
    </p>
   </div>
   <div class='ocr_carea' id='block_1_86' title="bbox 2543 4089 4057 4164">
    <p class='ocr_par' dir='ltr' id='par_1_86' title="bbox 2543 4089 4057 4164">
     <span class='ocr_line' id='line_1_86' title="bbox 2543 4089 4057 4164; baseline -0.003 -18"><span class='ocrx_word' id='word_1_568' title='bbox 2543 4095 2699 4146; x_wconf 83' lang='grc' dir='ltr'>Ἐστι</span> <span class='ocrx_word' id='word_1_569' title='bbox 2729 4094 2787 4147; x_wconf 69' lang='grc' dir='ltr'>δὲ</span> <span class='ocrx_word' id='word_1_570' title='bbox 2814 4095 2843 4147; x_wconf 87' lang='grc' dir='ltr'><strong>ό</strong></span> <span class='ocrx_word' id='word_1_571' title='bbox 2866 4094 3003 4164; x_wconf 77' lang='grc' dir='ltr'>ἀνὴρ</span> <span class='ocrx_word' id='word_1_572' title='bbox 3032 4095 3211 4148; x_wconf 81' lang='grc' dir='ltr'>πνέων</span> <span class='ocrx_word' id='word_1_573' title='bbox 3241 4095 3335 4147; x_wconf 76' lang='grc' dir='ltr'><strong>καὶ</strong></span> <span class='ocrx_word' id='word_1_574' title='bbox 3362 4094 3458 4164; x_wconf 87' lang='grc' dir='ltr'><strong>τὴν</strong></span> <span class='ocrx_word' id='word_1_575' title='bbox 3486 4093 3533 4124; x_wconf 83' lang='grc'><em>’³</em></span> <span class='ocrx_word' id='word_1_576' title='bbox 3561 4091 3695 4164; x_wconf 73' lang='grc'>[205</span> <span class='ocrx_word' id='word_1_577' title='bbox 3719 4089 3811 4161; x_wconf 61' lang='lat' dir='ltr'><strong>IL]</strong></span> <span class='ocrx_word' id='word_1_578' title='bbox 3830 4090 3939 4142; x_wconf 72' lang='grc' dir='ltr'>ἀπὸ</span> <span class='ocrx_word' id='word_1_579' title='bbox 3965 4108 4057 4155; x_wconf 86' lang='grc' dir='ltr'>φι-</span> 
     </span>
    </p>
   </div>
   <div class='ocr_carea' id='block_1_87' title="bbox 2465 4181 4049 4254">
    <p class='ocr_par' dir='ltr' id='par_1_87' title="bbox 2465 4181 4049 4254">
     <span class='ocr_line' id='line_1_87' title="bbox 2465 4181 4049 4254; baseline -0.004 -19"><span class='ocrx_word' id='word_1_580' title='bbox 2465 4184 2721 4251; x_wconf 89' lang='grc' dir='ltr'>λοσοφίας</span> <span class='ocrx_word' id='word_1_581' title='bbox 2748 4185 2931 4253; x_wconf 82' lang='grc' dir='ltr'>ίσχὺν,</span> <span class='ocrx_word' id='word_1_582' title='bbox 2961 4186 3054 4236; x_wconf 81' lang='grc' dir='ltr'>καὶ</span> <span class='ocrx_word' id='word_1_583' title='bbox 3078 4184 3177 4254; x_wconf 83' lang='grc' dir='ltr'>τὴν</span> <span class='ocrx_word' id='word_1_584' title='bbox 3213 4184 3322 4237; x_wconf 79' lang='grc' dir='ltr'><strong>ἀπὸ</strong></span> <span class='ocrx_word' id='word_1_585' title='bbox 3350 4183 3459 4235; x_wconf 83' lang='grc' dir='ltr'>τῶν</span> <span class='ocrx_word' id='word_1_586' title='bbox 3488 4181 3664 4235; x_wconf 76' lang='grc' dir='ltr'>ἄλλων</span> <span class='ocrx_word' id='word_1_587' title='bbox 3698 4181 4049 4251; x_wconf 81' lang='grc' dir='ltr'>μαθημάτων</span> 
     </span>
    </p>
   </div>
   <div class='ocr_carea' id='block_1_88' title="bbox 2468 4272 4049 4346">
    <p class='ocr_par' dir='ltr' id='par_1_88' title="bbox 2468 4272 4049 4346">
     <span class='ocr_line' id='line_1_88' title="bbox 2468 4272 4049 4346; baseline -0.002 -20"><span class='ocrx_word' id='word_1_588' title='bbox 2468 4275 2717 4327; x_wconf 84' lang='grc' dir='ltr'>πλουτῶν</span> <span class='ocrx_word' id='word_1_589' title='bbox 2752 4275 2985 4346; x_wconf 84' lang='grc' dir='ltr'>θεωρίαν</span> <span class='ocrx_word' id='word_1_590' title='bbox 3008 4274 3116 4328; x_wconf 79' lang='grc' dir='ltr'>’διὸ</span> <span class='ocrx_word' id='word_1_591' title='bbox 3146 4277 3240 4328; x_wconf 85' lang='grc' dir='ltr'><strong>καί</strong></span> <span class='ocrx_word' id='word_1_592' title='bbox 3271 4275 3341 4327; x_wconf 85' lang='grc' dir='ltr'><strong>τά</strong></span> <span class='ocrx_word' id='word_1_593' title='bbox 3379 4273 3705 4343; x_wconf 80' lang='grc' dir='ltr'>παραλόγως</span> <span class='ocrx_word' id='word_1_594' title='bbox 3741 4272 3846 4341; x_wconf 87' lang='grc' dir='ltr'>μυο</span> <span class='ocrx_word' id='word_1_595' title='bbox 3865 4272 4049 4340; x_wconf 67' lang='grc' dir='ltr'>,λογη-</span> 
     </span>
    </p>
   </div>
   <div class='ocr_carea' id='block_1_89' title="bbox 2469 4364 4054 4437">
    <p class='ocr_par' dir='ltr' id='par_1_89' title="bbox 2469 4364 4054 4437">
     <span class='ocr_line' id='line_1_89' title="bbox 2469 4364 4054 4437; baseline -0.006 -16"><span class='ocrx_word' id='word_1_596' title='bbox 2469 4370 2630 4421; x_wconf 81' lang='grc' dir='ltr'>θέντα</span> <span class='ocrx_word' id='word_1_597' title='bbox 2656 4367 2733 4437; x_wconf 76' lang='grc' dir='ltr'>τῷ</span> <span class='ocrx_word' id='word_1_598' title='bbox 2765 4368 3053 4436; x_wconf 87' lang='grc' dir='ltr'>Μανιχαίῳ</span> <span class='ocrx_word' id='word_1_599' title='bbox 3098 4368 3177 4423; x_wconf 81' lang='grc' dir='ltr'><strong>είς</strong></span> <span class='ocrx_word' id='word_1_600' title='bbox 3220 4366 3281 4417; x_wconf 83' lang='grc' dir='ltr'>τὸ</span> <span class='ocrx_word' id='word_1_601' title='bbox 3310 4366 3671 4436; x_wconf 81' lang='grc' dir='ltr'>σφοδρότατον</span> <span class='ocrx_word' id='word_1_602' title='bbox 3718 4364 4054 4431; x_wconf 75' lang='grc' dir='ltr'>ἀνατρέπει,</span> 
     </span>
    </p>
   </div>
   <div class='ocr_carea' id='block_1_90' title="bbox 2462 4456 4057 4532">
    <p class='ocr_par' dir='ltr' id='par_1_90' title="bbox 2462 4456 4057 4532">
     <span class='ocr_line' id='line_1_90' title="bbox 2462 4456 4057 4532; baseline -0.006 -19"><span class='ocrx_word' id='word_1_603' title='bbox 2462 4462 2522 4525; x_wconf 77' lang='grc' dir='ltr'>ἐξ</span> <span class='ocrx_word' id='word_1_604' title='bbox 2553 4463 2723 4531; x_wconf 75' lang='grc' dir='ltr'>αὐτῆς</span> <span class='ocrx_word' id='word_1_605' title='bbox 2752 4461 2849 4532; x_wconf 85' lang='grc' dir='ltr'>τῆς</span> <span class='ocrx_word' id='word_1_606' title='bbox 2881 4460 2988 4515; x_wconf 85' lang='grc' dir='ltr'><strong>τῶν</strong></span> <span class='ocrx_word' id='word_1_607' title='bbox 3010 4460 3177 4513; x_wconf 76' lang='grc' dir='ltr'>ὄντων</span> <span class='ocrx_word' id='word_1_608' title='bbox 3201 4459 3433 4527; x_wconf 79' lang='grc' dir='ltr'>θεωρίας</span> <span class='ocrx_word' id='word_1_609' title='bbox 3460 4458 3560 4527; x_wconf 79' lang='grc' dir='ltr'>τὴν</span> <span class='ocrx_word' id='word_1_610' title='bbox 3601 4458 3727 4527; x_wconf 81' lang='grc' dir='ltr'><strong>περὶ</strong></span> <span class='ocrx_word' id='word_1_611' title='bbox 3762 4456 4057 4517; x_wconf 77' lang='grc' dir='ltr'>τοὺὌ-ιτος</span> 
     </span>
    </p>
   </div>
   <div class='ocr_carea' id='block_1_91' title="bbox 2065 4617 2744 4673">
    <p class='ocr_par' dir='ltr' id='par_1_91' title="bbox 2065 4617 2744 4673">
     <span class='ocr_line' id='line_1_91' title="bbox 2065 4617 2744 4673; baseline 0.001 -1"><span class='ocrx_word' id='word_1_612' title='bbox 2065 4617 2301 4673; x_wconf 68' lang='grc' dir='ltr'><strong>ΥΑΙίΙᾹΞ</strong></span> <span class='ocrx_word' id='word_1_613' title='bbox 2334 4619 2744 4673; x_wconf 75' lang='lat' dir='ltr'><strong>LECTIUNES.</strong></span> 
     </span>
    </p>
   </div>
   <div class='ocr_carea' id='block_1_92' title="bbox 847 4734 1350 4803">
    <p class='ocr_par' dir='ltr' id='par_1_92' title="bbox 847 4734 1350 4803">
     <span class='ocr_line' id='line_1_92' title="bbox 847 4734 1350 4803; baseline -0.002 -15"><span class='ocrx_word' id='word_1_614' title='bbox 847 4735 893 4767; x_wconf 80' lang='grc'><strong>⁸⁸</strong></span> <span class='ocrx_word' id='word_1_615' title='bbox 924 4734 1264 4803; x_wconf 81' lang='grc' dir='ltr'>Χαλκηδόνος</span> <span class='ocrx_word' id='word_1_616' title='bbox 1288 4752 1350 4798; x_wconf 85' lang='grc' dir='ltr'><strong>ς.</strong></span> 
     </span>
    </p>
   </div>
   <div class='ocr_carea' id='block_1_93' title="bbox 777 4806 1647 4874">
    <p class='ocr_par' dir='ltr' id='par_1_93' title="bbox 777 4806 1647 4874">
     <span class='ocr_line' id='line_1_93' title="bbox 777 4806 1647 4874; baseline 0.006 -20"><span class='ocrx_word' id='word_1_617' title='bbox 777 4806 927 4868; x_wconf 65' lang='grc' dir='ltr'><strong>ίίείας</strong></span> <span class='ocrx_word' id='word_1_618' title='bbox 958 4824 1017 4871; x_wconf 86' lang='grc' dir='ltr'><strong>ς.</strong></span> <span class='ocrx_word' id='word_1_619' title='bbox 1068 4808 1112 4837; x_wconf 76' lang='grc'><strong>⁸³</strong></span> <span class='ocrx_word' id='word_1_620' title='bbox 1138 4806 1543 4874; x_wconf 78' lang='grc' dir='ltr'>ἐπιχειρήματα</span> <span class='ocrx_word' id='word_1_621' title='bbox 1587 4822 1647 4868; x_wconf 85' lang='grc' dir='ltr'><strong>ς.</strong></span> 
     </span>
    </p>
   </div>
   <div class='ocr_carea' id='block_1_94' title="bbox 778 4875 1618 4945">
    <p class='ocr_par' dir='ltr' id='par_1_94' title="bbox 778 4875 1618 4945">
     <span class='ocr_line' id='line_1_94' title="bbox 778 4875 1618 4945; baseline 0.002 -20"><span class='ocrx_word' id='word_1_622' title='bbox 778 4877 1018 4940; x_wconf 70' lang='grc' dir='ltr'>ἀσθενῶς</span> <span class='ocrx_word' id='word_1_623' title='bbox 1052 4894 1111 4940; x_wconf 79' lang='grc' dir='ltr'><strong>ς.</strong></span> <span class='ocrx_word' id='word_1_624' title='bbox 1200 4875 1246 4906; x_wconf 78' lang='grc'>⁸⁸</span> <span class='ocrx_word' id='word_1_625' title='bbox 1278 4876 1373 4945; x_wconf 79' lang='grc' dir='ltr'>τὴν</span> <span class='ocrx_word' id='word_1_626' title='bbox 1398 4876 1523 4929; x_wconf 83' lang='lat' dir='ltr'><strong>add.</strong></span> <span class='ocrx_word' id='word_1_627' title='bbox 1555 4876 1618 4928; x_wconf 77' lang='grc' dir='ltr'>Α.</span> 
     </span>
    </p>
   </div>
   <div class='ocr_carea' id='block_1_95' title="bbox 1456 4731 4056 4810">
    <p class='ocr_par' dir='ltr' id='par_1_95' title="bbox 1456 4731 4056 4810">
     <span class='ocr_line' id='line_1_95' title="bbox 1456 4731 4056 4810; baseline 0 -24"><span class='ocrx_word' id='word_1_628' title='bbox 1456 4731 1501 4765; x_wconf 79' lang='grc'><strong>⁸⁷</strong></span> <span class='ocrx_word' id='word_1_629' title='bbox 1530 4735 1933 4810; x_wconf 80' lang='grc' dir='ltr'>καθισταμένου</span> <span class='ocrx_word' id='word_1_630' title='bbox 1965 4738 2042 4810; x_wconf 83' lang='grc' dir='ltr'><strong>τῷ</strong></span> <span class='ocrx_word' id='word_1_631' title='bbox 2080 4769 2156 4810; x_wconf 77' lang='lat'><strong>_--</strong></span> <span class='ocrx_word' id='word_1_632' title='bbox 2179 4739 2633 4810; x_wconf 81' lang='grc' dir='ltr'>ύπεραττικισμῷ</span> <span class='ocrx_word' id='word_1_633' title='bbox 2666 4759 2728 4804; x_wconf 81' lang='grc' dir='ltr'>ς,</span> <span class='ocrx_word' id='word_1_634' title='bbox 2768 4740 3107 4810; x_wconf 67' lang='lat' dir='ltr'><strong>accusativus</strong></span> <span class='ocrx_word' id='word_1_635' title='bbox 3142 4736 3287 4810; x_wconf 75' lang='lat' dir='ltr'><strong>dedit</strong></span> <span class='ocrx_word' id='word_1_636' title='bbox 3308 4734 3372 4791; x_wconf 90' lang='lat' dir='ltr'><strong>C.</strong></span> <span class='ocrx_word' id='word_1_637' title='bbox 3429 4737 3493 4810; x_wconf 76' lang='lat'><strong>_”</strong></span> <span class='ocrx_word' id='word_1_638' title='bbox 3523 4736 3779 4810; x_wconf 75' lang='grc' dir='ltr'>ἀσεϐείας</span> <span class='ocrx_word' id='word_1_639' title='bbox 3803 4736 3842 4789; x_wconf 85' lang='grc' dir='ltr'><strong>Α</strong></span> <span class='ocrx_word' id='word_1_640' title='bbox 3875 4738 4056 4810; x_wconf 49' lang='lat' dir='ltr'><strong>{aitq-</strong></span> 
     </span>
    </p>
   </div>
   <div class='ocr_carea' id='block_1_96' title="bbox 1747 4807 3785 4882">
    <p class='ocr_par' dir='ltr' id='par_1_96' title="bbox 1747 4807 3785 4882">
     <span class='ocr_line' id='line_1_96' title="bbox 1747 4807 3785 4882; baseline 0.001 -23"><span class='ocrx_word' id='word_1_641' title='bbox 1747 4807 1793 4837; x_wconf 84' lang='lat'><strong>’°</strong></span> <span class='ocrx_word' id='word_1_642' title='bbox 1846 4807 2105 4872; x_wconf 44' lang='lat' dir='ltr'><strong>emata</strong></span> <span class='ocrx_word' id='word_1_643' title='bbox 2156 4840 2223 4852; x_wconf 94' lang='lat'><strong>-—</strong></span> <span class='ocrx_word' id='word_1_644' title='bbox 2275 4807 2655 4882; x_wconf 77' lang='grc' dir='ltr'>ἀνατρέπει</span> <span class='ocrx_word' id='word_1_645' title='bbox 2732 4813 2775 4842; x_wconf 89' lang='grc'><strong>⁹¹</strong></span> <span class='ocrx_word' id='word_1_646' title='bbox 2808 4821 2855 4863; x_wconf 86' lang='lat' dir='ltr'><strong>et</strong></span> <span class='ocrx_word' id='word_1_647' title='bbox 2890 4807 3221 4880; x_wconf 76' lang='grc' dir='ltr'>ἡρακλιανδς</span> <span class='ocrx_word' id='word_1_648' title='bbox 3272 4809 3333 4859; x_wconf 74' lang='grc' dir='ltr'>Α.</span> <span class='ocrx_word' id='word_1_649' title='bbox 3397 4807 3477 4862; x_wconf 87' lang='lat' dir='ltr'><strong>sic</strong></span> <span class='ocrx_word' id='word_1_650' title='bbox 3528 4810 3667 4863; x_wconf 77' lang='lat' dir='ltr'><strong>intra</strong></span> <span class='ocrx_word' id='word_1_651' title='bbox 3740 4809 3785 4839; x_wconf 82' lang='lat'>“</span> 
     </span>
    </p>
   </div>
   <div class='ocr_carea' id='block_1_97' title="bbox 3846 4808 4033 4869">
    <p class='ocr_par' dir='ltr' id='par_1_97' title="bbox 3846 4808 4033 4869">
     <span class='ocr_line' id='line_1_97' title="bbox 3846 4808 4033 4869; baseline -0.011 -8"><span class='ocrx_word' id='word_1_652' title='bbox 3846 4808 4033 4869; x_wconf 75' lang='grc' dir='ltr'>αὐτοῖς</span> 
     </span>
    </p>
   </div>
   <div class='ocr_carea' id='block_1_98' title="bbox 2288 4962 2518 5022">
    <p class='ocr_par' dir='ltr' id='par_1_98' title="bbox 2288 4962 2518 5022">
     <span class='ocr_line' id='line_1_98' title="bbox 2288 4962 2518 5022; baseline 0.013 -7"><span class='ocrx_word' id='word_1_653' title='bbox 2288 4962 2518 5022; x_wconf 64' lang='lat' dir='ltr'><strong>NOTAE.</strong></span> 
     </span>
    </p>
   </div>
   <div class='ocr_carea' id='block_1_99' title="bbox 853 5079 2346 5157">
    <p class='ocr_par' dir='ltr' id='par_1_99' title="bbox 853 5079 2346 5157">
     <span class='ocr_line' id='line_1_99' title="bbox 853 5079 2346 5157; baseline -0.005 -17"><span class='ocrx_word' id='word_1_654' title='bbox 853 5086 964 5157; x_wconf 70' lang='grc' dir='ltr'><strong>(ει)</strong></span> <span class='ocrx_word' id='word_1_655' title='bbox 990 5086 1155 5154; x_wconf 83' lang='lat' dir='ltr'><strong>Cujus</strong></span> <span class='ocrx_word' id='word_1_656' title='bbox 1185 5082 1619 5157; x_wconf 65' lang='lat' dir='ltr'><strong>inf._bouorittca</strong></span> <span class='ocrx_word' id='word_1_657' title='bbox 1653 5082 1854 5136; x_wconf 90' lang='lat' dir='ltr'><strong>mentio</strong></span> <span class='ocrx_word' id='word_1_658' title='bbox 1880 5082 2023 5135; x_wconf 90' lang='lat' dir='ltr'><strong>inter</strong></span> <span class='ocrx_word' id='word_1_659' title='bbox 2049 5079 2235 5135; x_wconf 87' lang='lat' dir='ltr'><strong>Patres</strong></span> <span class='ocrx_word' id='word_1_660' title='bbox 2263 5096 2346 5134; x_wconf 83' lang='lat' dir='ltr'><strong>or-</strong></span> 
     </span>
    </p>
   </div>
   <div class='ocr_carea' id='block_1_100' title="bbox 782 5154 1365 5220">
    <p class='ocr_par' dir='ltr' id='par_1_100' title="bbox 782 5154 1365 5220">
     <span class='ocr_line' id='line_1_100' title="bbox 782 5154 1365 5220; baseline -0.014 -7"><span class='ocrx_word' id='word_1_661' title='bbox 782 5154 1066 5220; x_wconf 67' lang='lat' dir='ltr'><strong>thoduitos,</strong></span> <span class='ocrx_word' id='word_1_662' title='bbox 1100 5163 1219 5207; x_wconf 85' lang='lat' dir='ltr'><strong>cod.</strong></span> <span class='ocrx_word' id='word_1_663' title='bbox 1238 5154 1365 5207; x_wconf 69' lang='lat'><strong>231.</strong></span> 
     </span>
    </p>
   </div>
   <div class='ocr_carea' id='block_1_101' title="bbox 852 5222 2359 5294">
    <p class='ocr_par' dir='ltr' id='par_1_101' title="bbox 852 5222 2359 5294">
     <span class='ocr_line' id='line_1_101' title="bbox 852 5222 2359 5294; baseline -0.005 -12"><span class='ocrx_word' id='word_1_664' title='bbox 852 5230 963 5294; x_wconf 80' lang='lat'><strong>(85)</strong></span> <span class='ocrx_word' id='word_1_665' title='bbox 997 5229 1193 5280; x_wconf 86' lang='lat' dir='ltr'><strong>Horum</strong></span> <span class='ocrx_word' id='word_1_666' title='bbox 1222 5224 1509 5293; x_wconf 76' lang='lat' dir='ltr'><strong>originem,</strong></span> <span class='ocrx_word' id='word_1_667' title='bbox 1558 5223 1831 5293; x_wconf 86' lang='lat' dir='ltr'><strong>principes</strong></span> <span class='ocrx_word' id='word_1_668' title='bbox 1859 5230 1913 5294; x_wconf 84' lang='lat' dir='ltr'><strong>e_t</strong></span> <span class='ocrx_word' id='word_1_669' title='bbox 1949 5222 2359 5294; x_wconf 81' lang='lat' dir='ltr'><strong>scripta__refert</strong></span> 
     </span>
    </p>
   </div>
   <div class='ocr_carea' id='block_1_102' title="bbox 785 5289 2356 5369">
    <p class='ocr_par' dir='ltr' id='par_1_102' title="bbox 785 5289 2356 5369">
     <span class='ocr_line' id='line_1_102' title="bbox 785 5289 2356 5369; baseline -0.006 -15"><span class='ocrx_word' id='word_1_670' title='bbox 785 5289 1109 5369; x_wconf 30' lang='lat' dir='ltr'><strong>Bstjyrillus</strong></span> <span class='ocrx_word' id='word_1_671' title='bbox 1134 5289 1396 5369; x_wconf 65' lang='lat' dir='ltr'><strong>llierosol.</strong></span> <span class='ocrx_word' id='word_1_672' title='bbox 1429 5289 1701 5369; x_wconf 78' lang='lat' dir='ltr'><strong>i-alecbesi</strong></span> <span class='ocrx_word' id='word_1_673' title='bbox 1739 5289 1833 5369; x_wconf 44' lang='grc' dir='ltr'>λης</span> <span class='ocrx_word' id='word_1_674' title='bbox 1868 5289 2101 5369; x_wconf 85' lang='lat' dir='ltr'><strong>S_uid._in</strong></span> <span class='ocrx_word' id='word_1_675' title='bbox 2136 5292 2356 5369; x_wconf 50' lang='lat' dir='ltr'><strong>Alanos;</strong></span> 
     </span>
    </p>
   </div>
   <div class='ocr_carea' id='block_1_103' title="bbox 781 5362 2359 5434">
    <p class='ocr_par' dir='ltr' id='par_1_103' title="bbox 781 5362 2359 5434">
     <span class='ocr_line' id='line_1_103' title="bbox 781 5362 2359 5434; baseline -0.004 -11"><span class='ocrx_word' id='word_1_676' title='bbox 781 5384 833 5423; x_wconf 82' lang='lat' dir='ltr'><strong>et</strong></span> <span class='ocrx_word' id='word_1_677' title='bbox 865 5362 1033 5434; x_wconf 72' lang='lat' dir='ltr'><strong>tttiper</strong></span> <span class='ocrx_word' id='word_1_678' title='bbox 1070 5370 1247 5420; x_wconf 84' lang='lat' dir='ltr'><strong>editus</strong></span> <span class='ocrx_word' id='word_1_679' title='bbox 1280 5366 1425 5418; x_wconf 81' lang='lat' dir='ltr'><strong>Pctr.</strong></span> <span class='ocrx_word' id='word_1_680' title='bbox 1460 5366 1674 5417; x_wconf 74' lang='lat' dir='ltr'><strong>Siculus</strong></span> <span class='ocrx_word' id='word_1_681' title='bbox 1712 5363 1985 5433; x_wconf 88' lang='lat' dir='ltr'><strong>copiosius</strong></span> <span class='ocrx_word' id='word_1_682' title='bbox 2028 5364 2080 5414; x_wconf 91' lang='lat' dir='ltr'><strong>in</strong></span> <span class='ocrx_word' id='word_1_683' title='bbox 2128 5362 2269 5415; x_wconf 71' lang='lat' dir='ltr'><strong>Hist.</strong></span> <span class='ocrx_word' id='word_1_684' title='bbox 2295 5364 2359 5417; x_wconf 82' lang='lat' dir='ltr'><strong>de</strong></span> 
     </span>
    </p>
   </div>
   <div class='ocr_carea' id='block_1_104' title="bbox 786 5440 1226 5496">
    <p class='ocr_par' dir='ltr' id='par_1_104' title="bbox 786 5440 1226 5496">
     <span class='ocr_line' id='line_1_104' title="bbox 786 5440 1226 5496; baseline -0.016 -1"><span class='ocrx_word' id='word_1_685' title='bbox 786 5440 1016 5496; x_wconf 78' lang='lat' dir='ltr'><strong>Manich.</strong></span> <span class='ocrx_word' id='word_1_686' title='bbox 1049 5440 1226 5490; x_wconf 73' lang='lat' dir='ltr'><strong>lueret.</strong></span> 
     </span>
    </p>
   </div>
   <div class='ocr_carea' id='block_1_105' title="bbox 856 5502 2361 5579">
    <p class='ocr_par' dir='ltr' id='par_1_105' title="bbox 856 5502 2361 5579">
     <span class='ocr_line' id='line_1_105' title="bbox 856 5502 2361 5579; baseline -0.004 -17"><span class='ocrx_word' id='word_1_687' title='bbox 856 5514 966 5579; x_wconf 81' lang='grc'><strong>(86)</strong></span> <span class='ocrx_word' id='word_1_688' title='bbox 998 5509 1164 5573; x_wconf 81' lang='lat' dir='ltr'><strong>Cujus</strong></span> <span class='ocrx_word' id='word_1_689' title='bbox 1194 5506 1468 5579; x_wconf 61' lang='lat' dir='ltr'><strong>specimen</strong></span> <span class='ocrx_word' id='word_1_690' title='bbox 1514 5504 1662 5579; x_wconf 75' lang='lat' dir='ltr'><strong>apud</strong></span> <span class='ocrx_word' id='word_1_691' title='bbox 1690 5506 1884 5579; x_wconf 78' lang='lat' dir='ltr'><strong>eumd.</strong></span> <span class='ocrx_word' id='word_1_692' title='bbox 1919 5502 2102 5573; x_wconf 76' lang='lat' dir='ltr'><strong>Cyrill.</strong></span> <span class='ocrx_word' id='word_1_693' title='bbox 2139 5518 2260 5572; x_wconf 88' lang='lat' dir='ltr'><strong>sup.</strong></span> <span class='ocrx_word' id='word_1_694' title='bbox 2300 5504 2361 5556; x_wconf 86' lang='grc' dir='ltr'>Β.</span> 
     </span>
    </p>
   </div>
   <div class='ocr_carea' id='block_1_106' title="bbox 784 5573 2030 5643">
    <p class='ocr_par' dir='ltr' id='par_1_106' title="bbox 784 5573 2030 5643">
     <span class='ocr_line' id='line_1_106' title="bbox 784 5573 2030 5643; baseline -0.008 -8"><span class='ocrx_word' id='word_1_695' title='bbox 784 5573 1004 5635; x_wconf 78' lang='lat' dir='ltr'><strong>lliernn.</strong></span> <span class='ocrx_word' id='word_1_696' title='bbox 1041 5594 1159 5642; x_wconf 75' lang='lat' dir='ltr'><strong>cap.</strong></span> <span class='ocrx_word' id='word_1_697' title='bbox 1194 5576 1263 5629; x_wconf 67' lang='lat'><strong>72</strong></span> <span class='ocrx_word' id='word_1_698' title='bbox 1307 5573 1485 5629; x_wconf 83' lang='lat' dir='ltr'><strong>Catal.</strong></span> <span class='ocrx_word' id='word_1_699' title='bbox 1514 5574 1819 5643; x_wconf 69' lang='lat' dir='ltr'><strong>legendum.</strong></span> <span class='ocrx_word' id='word_1_700' title='bbox 2021 5630 2030 5636; x_wconf 88' lang='lat'>_</span> 
     </span>
    </p>
   </div>
   <div class='ocr_carea' id='block_1_107' title="bbox 858 5640 2366 5718">
    <p class='ocr_par' dir='ltr' id='par_1_107' title="bbox 858 5640 2366 5718">
     <span class='ocr_line' id='line_1_107' title="bbox 858 5640 2366 5718; baseline -0.007 -15"><span class='ocrx_word' id='word_1_701' title='bbox 858 5652 968 5718; x_wconf 84' lang='lat'><strong>(87)</strong></span> <span class='ocrx_word' id='word_1_702' title='bbox 996 5640 1315 5701; x_wconf 74' lang='lat' dir='ltr'><strong>Bostrenum</strong></span> <span class='ocrx_word' id='word_1_703' title='bbox 1353 5648 1523 5718; x_wconf 81' lang='lat' dir='ltr'><strong>episc.</strong></span> <span class='ocrx_word' id='word_1_704' title='bbox 1547 5640 1709 5712; x_wconf 72' lang='lat' dir='ltr'><strong>quem</strong></span> <span class='ocrx_word' id='word_1_705' title='bbox 1737 5648 1904 5718; x_wconf 71' lang='lat' dir='ltr'><strong>fortes</strong></span> <span class='ocrx_word' id='word_1_706' title='bbox 1926 5645 2227 5718; x_wconf 59' lang='lat' dir='ltr'><strong>adversum</strong></span> <span class='ocrx_word' id='word_1_707' title='bbox 2256 5640 2366 5718; x_wconf 64' lang='lat' dir='ltr'><strong>hla-</strong></span> 
     </span>
    </p>
   </div>
   <div class='ocr_carea' id='block_1_108' title="bbox 787 5710 2367 5783">
    <p class='ocr_par' dir='ltr' id='par_1_108' title="bbox 787 5710 2367 5783">
     <span class='ocr_line' id='line_1_108' title="bbox 787 5710 2367 5783; baseline -0.007 -9"><span class='ocrx_word' id='word_1_708' title='bbox 787 5710 1052 5775; x_wconf 40' lang='lat' dir='ltr'><strong>nic‘bae&#39;um</strong></span> <span class='ocrx_word' id='word_1_709' title='bbox 1082 5718 1365 5783; x_wconf 81' lang='lat' dir='ltr'><strong>scripsisse</strong></span> <span class='ocrx_word' id='word_1_710' title='bbox 1396 5710 1579 5768; x_wconf 47' lang='lat' dir='ltr'><strong>libros&#39;</strong></span> <span class='ocrx_word' id='word_1_711' title='bbox 1600 5725 1792 5768; x_wconf 83' lang='lat' dir='ltr'><strong>auctor</strong></span> <span class='ocrx_word' id='word_1_712' title='bbox 1833 5715 1893 5768; x_wconf 87' lang='grc' dir='ltr'><strong>Β.</strong></span> <span class='ocrx_word' id='word_1_713' title='bbox 1926 5714 2146 5767; x_wconf 80' lang='lat' dir='ltr'><strong>llierou.</strong></span> <span class='ocrx_word' id='word_1_714' title='bbox 2182 5713 2232 5765; x_wconf 92' lang='lat' dir='ltr'><strong>in</strong></span> <span class='ocrx_word' id='word_1_715' title='bbox 2262 5710 2367 5765; x_wconf 81' lang='lat' dir='ltr'><strong>Cu-</strong></span> 
     </span>
    </p>
   </div>
   <div class='ocr_carea' id='block_1_109' title="bbox 790 5786 1182 5853">
    <p class='ocr_par' dir='ltr' id='par_1_109' title="bbox 790 5786 1182 5853">
     <span class='ocr_line' id='line_1_109' title="bbox 790 5786 1182 5853; baseline 0 -16"><span class='ocrx_word' id='word_1_716' title='bbox 790 5792 886 5844; x_wconf 79' lang='lat' dir='ltr'><strong>ml.</strong></span> <span class='ocrx_word' id='word_1_717' title='bbox 915 5804 1034 5853; x_wconf 65' lang='lat' dir='ltr'><strong>Cap.</strong></span> <span class='ocrx_word' id='word_1_718' title='bbox 1066 5786 1182 5839; x_wconf 65' lang='grc' dir='ltr'><strong>ἰοὶ.</strong></span> 
     </span>
    </p>
   </div>
   <div class='ocr_carea' id='block_1_110' title="bbox 863 5854 2367 5931">
    <p class='ocr_par' dir='ltr' id='par_1_110' title="bbox 863 5854 2367 5931">
     <span class='ocr_line' id='line_1_110' title="bbox 863 5854 2367 5931; baseline -0.008 -18"><span class='ocrx_word' id='word_1_719' title='bbox 863 5861 974 5931; x_wconf 67' lang='grc'><strong>(88)</strong></span> <span class='ocrx_word' id='word_1_720' title='bbox 1007 5857 1237 5910; x_wconf 67' lang='grc' dir='ltr'><strong>Ιίθυᾶδὶν</strong></span> <span class='ocrx_word' id='word_1_721' title='bbox 1286 5856 1519 5923; x_wconf 62' lang='lat' dir='ltr'><strong>(ly-illus</strong></span> <span class='ocrx_word' id='word_1_722' title='bbox 1568 5866 1723 5924; x_wconf 66' lang='lat' dir='ltr'><strong>atque</strong></span> <span class='ocrx_word' id='word_1_723' title='bbox 1780 5854 1974 5909; x_wconf 75' lang='lat' dir='ltr'><strong>Suidas</strong></span> <span class='ocrx_word' id='word_1_724' title='bbox 2012 5854 2367 5921; x_wconf 74' lang='lat' dir='ltr'><strong>:ippcllutttttt.</strong></span> 
     </span>
    </p>
   </div>
   <div class='ocr_carea' id='block_1_111' title="bbox 2462 5080 4055 5152">
    <p class='ocr_par' dir='ltr' id='par_1_111' title="bbox 2462 5080 4055 5152">
     <span class='ocr_line' id='line_1_111' title="bbox 2462 5080 4055 5152; baseline 0.003 -19"><span class='ocrx_word' id='word_1_725' title='bbox 2462 5080 2685 5149; x_wconf 79' lang='lat' dir='ltr'><strong>Nicepli.</strong></span> <span class='ocrx_word' id='word_1_726' title='bbox 2715 5081 2810 5135; x_wconf 87' lang='lat' dir='ltr'><strong>lib.</strong></span> <span class='ocrx_word' id='word_1_727' title='bbox 2847 5099 2925 5149; x_wconf 77' lang='lat' dir='ltr'><strong>v1,</strong></span> <span class='ocrx_word' id='word_1_728' title='bbox 2975 5098 3093 5152; x_wconf 80' lang='lat' dir='ltr'><strong>cap.</strong></span> <span class='ocrx_word' id='word_1_729' title='bbox 3140 5080 3231 5148; x_wconf 75' lang='grc'><strong>22,</strong></span> <span class='ocrx_word' id='word_1_730' title='bbox 3264 5081 3471 5137; x_wconf 83' lang='lat' dir='ltr'><strong>Addam</strong></span> <span class='ocrx_word' id='word_1_731' title='bbox 3534 5098 3655 5137; x_wconf 90' lang='lat' dir='ltr'><strong>cum</strong></span> <span class='ocrx_word' id='word_1_732' title='bbox 3707 5084 3810 5138; x_wconf 86' lang='lat' dir='ltr'><strong>hoc</strong></span> <span class='ocrx_word' id='word_1_733' title='bbox 3866 5094 4055 5141; x_wconf 89' lang='lat' dir='ltr'><strong>nostro</strong></span> 
     </span>
    </p>
   </div>
   <div class='ocr_carea' id='block_1_112' title="bbox 2458 5164 2736 5209">
    <p class='ocr_par' dir='ltr' id='par_1_112' title="bbox 2458 5164 2736 5209">
     <span class='ocr_line' id='line_1_112' title="bbox 2458 5164 2736 5209; baseline -0.007 -3"><span class='ocrx_word' id='word_1_734' title='bbox 2458 5164 2736 5209; x_wconf 86' lang='lat' dir='ltr'><strong>nominat.</strong></span> 
     </span>
    </p>
   </div>
   <div class='ocr_carea' id='block_1_113' title="bbox 2529 5222 3636 5293">
    <p class='ocr_par' dir='ltr' id='par_1_113' title="bbox 2529 5222 3636 5293">
     <span class='ocr_line' id='line_1_113' title="bbox 2529 5222 3636 5293; baseline 0.003 -17"><span class='ocrx_word' id='word_1_735' title='bbox 2529 5223 2641 5293; x_wconf 82' lang='lat'><strong>(89)</strong></span> <span class='ocrx_word' id='word_1_736' title='bbox 2675 5223 2749 5276; x_wconf 93' lang='lat' dir='ltr'><strong>De</strong></span> <span class='ocrx_word' id='word_1_737' title='bbox 2768 5239 2876 5289; x_wconf 92' lang='lat' dir='ltr'><strong>quo</strong></span> <span class='ocrx_word' id='word_1_738' title='bbox 2902 5222 3193 5291; x_wconf 75' lang='lat' dir='ltr'><strong>Niceplior.</strong></span> <span class='ocrx_word' id='word_1_739' title='bbox 3221 5238 3372 5292; x_wconf 87' lang='lat' dir='ltr'><strong>supr.</strong></span> <span class='ocrx_word' id='word_1_740' title='bbox 3399 5233 3453 5278; x_wconf 88' lang='lat' dir='ltr'><strong>et</strong></span> <span class='ocrx_word' id='word_1_741' title='bbox 3487 5223 3636 5279; x_wconf 87' lang='lat' dir='ltr'><strong>alibi.</strong></span> 
     </span>
    </p>
   </div>
   <div class='ocr_carea' id='block_1_114' title="bbox 2530 5294 4053 5367">
    <p class='ocr_par' dir='ltr' id='par_1_114' title="bbox 2530 5294 4053 5367">
     <span class='ocr_line' id='line_1_114' title="bbox 2530 5294 4053 5367; baseline 0.001 -20"><span class='ocrx_word' id='word_1_742' title='bbox 2530 5296 2639 5367; x_wconf 74' lang='grc'><strong>(90)</strong></span> <span class='ocrx_word' id='word_1_743' title='bbox 2665 5294 2823 5367; x_wconf 71' lang='grc' dir='ltr'>κατά</span> <span class='ocrx_word' id='word_1_744' title='bbox 2849 5295 2947 5367; x_wconf 80' lang='grc' dir='ltr'><strong>τῆς</strong></span> <span class='ocrx_word' id='word_1_745' title='bbox 2970 5294 3247 5367; x_wconf 86' lang='grc' dir='ltr'>ἀληθείας.</span> <span class='ocrx_word' id='word_1_746' title='bbox 3277 5294 3381 5349; x_wconf 85' lang='lat' dir='ltr'><strong>Sed</strong></span> <span class='ocrx_word' id='word_1_747' title='bbox 3418 5294 3557 5350; x_wconf 79' lang='lat' dir='ltr'><strong>forte</strong></span> <span class='ocrx_word' id='word_1_748' title='bbox 3590 5294 3745 5348; x_wconf 80' lang='grc' dir='ltr'>Κατὰ</span> <span class='ocrx_word' id='word_1_749' title='bbox 3783 5298 3883 5367; x_wconf 77' lang='grc' dir='ltr'>τῆς</span> <span class='ocrx_word' id='word_1_750' title='bbox 3925 5298 4053 5349; x_wconf 82' lang='grc' dir='ltr'>ἀσε-</span> 
     </span>
    </p>
   </div>
   <div class='ocr_carea' id='block_1_115' title="bbox 2459 5365 4051 5436">
    <p class='ocr_par' dir='ltr' id='par_1_115' title="bbox 2459 5365 4051 5436">
     <span class='ocr_line' id='line_1_115' title="bbox 2459 5365 4051 5436; baseline 0.003 -19"><span class='ocrx_word' id='word_1_751' title='bbox 2459 5365 2633 5431; x_wconf 83' lang='grc' dir='ltr'>6είας,</span> <span class='ocrx_word' id='word_1_752' title='bbox 2653 5366 2875 5418; x_wconf 87' lang='lat' dir='ltr'><strong>totidem</strong></span> <span class='ocrx_word' id='word_1_753' title='bbox 2904 5366 3211 5431; x_wconf 87' lang='lat' dir='ltr'><strong>elementis,</strong></span> <span class='ocrx_word' id='word_1_754' title='bbox 3242 5382 3260 5416; x_wconf 80' lang='grc' dir='ltr'><strong>ι</strong></span> <span class='ocrx_word' id='word_1_755' title='bbox 3300 5377 3490 5420; x_wconf 89' lang='lat' dir='ltr'><strong>contra</strong></span> <span class='ocrx_word' id='word_1_756' title='bbox 3520 5365 3872 5436; x_wconf 86' lang='lat' dir='ltr'><strong>impietatem,</strong></span> <span class='ocrx_word' id='word_1_757' title='bbox 3907 5386 3926 5417; x_wconf 70' lang='grc' dir='ltr'><strong>ι</strong></span> <span class='ocrx_word' id='word_1_758' title='bbox 3963 5384 4051 5421; x_wconf 85' lang='lat' dir='ltr'><strong>ie-</strong></span> 
     </span>
    </p>
   </div>
   <div class='ocr_carea' id='block_1_116' title="bbox 2466 5436 2797 5504">
    <p class='ocr_par' dir='ltr' id='par_1_116' title="bbox 2466 5436 2797 5504">
     <span class='ocr_line' id='line_1_116' title="bbox 2466 5436 2797 5504; baseline -0.006 -15"><span class='ocrx_word' id='word_1_759' title='bbox 2466 5436 2797 5504; x_wconf 63' lang='lat' dir='ltr'><strong>ponendunn</strong></span> 
     </span>
    </p>
   </div>
   <div class='ocr_carea' id='block_1_117' title="bbox 2540 5503 4054 5576">
    <p class='ocr_par' dir='ltr' id='par_1_117' title="bbox 2540 5503 4054 5576">
     <span class='ocr_line' id='line_1_117' title="bbox 2540 5503 4054 5576; baseline -0.001 -17"><span class='ocrx_word' id='word_1_760' title='bbox 2540 5506 2653 5574; x_wconf 78' lang='grc'><strong>(91)</strong></span> <span class='ocrx_word' id='word_1_761' title='bbox 2700 5503 3095 5576; x_wconf 75' lang='lat' dir='ltr'><strong>Scholasticum</strong></span> <span class='ocrx_word' id='word_1_762' title='bbox 3152 5517 3535 5576; x_wconf 79' lang='lat' dir='ltr'><strong>cognomento.</strong></span> <span class='ocrx_word' id='word_1_763' title='bbox 3600 5514 3655 5560; x_wconf 91' lang='lat' dir='ltr'><strong>et</strong></span> <span class='ocrx_word' id='word_1_764' title='bbox 3713 5506 3777 5561; x_wconf 86' lang='grc' dir='ltr'>Β.</span> <span class='ocrx_word' id='word_1_765' title='bbox 3813 5508 4054 5561; x_wconf 85' lang='lat' dir='ltr'><strong>Antonio</strong></span> 
     </span>
    </p>
   </div>
   <div class='ocr_carea' id='block_1_118' title="bbox 2465 5575 3743 5638">
    <p class='ocr_par' dir='ltr' id='par_1_118' title="bbox 2465 5575 3743 5638">
     <span class='ocr_line' id='line_1_118' title="bbox 2465 5575 3743 5638; baseline 0.002 -9"><span class='ocrx_word' id='word_1_766' title='bbox 2465 5580 2716 5636; x_wconf 86' lang='lat' dir='ltr'><strong>charum,</strong></span> <span class='ocrx_word' id='word_1_767' title='bbox 2753 5584 2889 5628; x_wconf 87' lang='lat' dir='ltr'><strong>teste</strong></span> <span class='ocrx_word' id='word_1_768' title='bbox 2916 5575 2977 5627; x_wconf 90' lang='grc' dir='ltr'><strong>Β.</strong></span> <span class='ocrx_word' id='word_1_769' title='bbox 3012 5575 3240 5631; x_wconf 80' lang='lat' dir='ltr'><strong>Hieron.</strong></span> <span class='ocrx_word' id='word_1_770' title='bbox 3284 5577 3459 5631; x_wconf 67' lang='grc' dir='ltr'>(λοισι.</span> <span class='ocrx_word' id='word_1_771' title='bbox 3502 5592 3624 5638; x_wconf 82' lang='lat' dir='ltr'><strong>cap.</strong></span> <span class='ocrx_word' id='word_1_772' title='bbox 3653 5576 3743 5631; x_wconf 84' lang='lat'><strong>99.</strong></span> 
     </span>
    </p>
   </div>
   <div class='ocr_carea' id='block_1_119' title="bbox 2542 5643 4049 5714">
    <p class='ocr_par' dir='ltr' id='par_1_119' title="bbox 2542 5643 4049 5714">
     <span class='ocr_line' id='line_1_119' title="bbox 2542 5643 4049 5714; baseline 0.001 -15"><span class='ocrx_word' id='word_1_773' title='bbox 2542 5643 2996 5714; x_wconf 67' lang='lat' dir='ltr'><strong>(92)_Metrop9lis</strong></span> <span class='ocrx_word' id='word_1_774' title='bbox 3059 5646 3263 5700; x_wconf 71' lang='lat' dir='ltr'><strong>Cilicia:</strong></span> <span class='ocrx_word' id='word_1_775' title='bbox 3313 5649 3481 5713; x_wconf 84' lang='lat' dir='ltr'><strong>episc.</strong></span> <span class='ocrx_word' id='word_1_776' title='bbox 3532 5644 3760 5714; x_wconf 83' lang='lat' dir='ltr'><strong>Nicepb.</strong></span> <span class='ocrx_word' id='word_1_777' title='bbox 3820 5646 3916 5699; x_wconf 90' lang='lat' dir='ltr'><strong>lib.</strong></span> <span class='ocrx_word' id='word_1_778' title='bbox 3973 5661 4049 5701; x_wconf 78' lang='grc' dir='ltr'><strong>νι.</strong></span> 
     </span>
    </p>
   </div>
   <div class='ocr_carea' id='block_1_120' title="bbox 2468 5712 4055 5780">
    <p class='ocr_par' dir='ltr' id='par_1_120' title="bbox 2468 5712 4055 5780">
     <span class='ocr_line' id='line_1_120' title="bbox 2468 5712 4055 5780; baseline 0.003 -14"><span class='ocrx_word' id='word_1_779' title='bbox 2468 5729 2589 5780; x_wconf 87' lang='lat' dir='ltr'><strong>cap.</strong></span> <span class='ocrx_word' id='word_1_780' title='bbox 2616 5712 2706 5775; x_wconf 69' lang='lat'><strong>32,</strong></span> <span class='ocrx_word' id='word_1_781' title='bbox 2749 5715 2836 5767; x_wconf 87' lang='lat' dir='ltr'><strong>ubi</strong></span> <span class='ocrx_word' id='word_1_782' title='bbox 2882 5712 3149 5771; x_wconf 81' lang='lat' dir='ltr'><strong>Eusebius</strong></span> <span class='ocrx_word' id='word_1_783' title='bbox 3204 5712 3433 5773; x_wconf 74' lang='lat' dir='ltr'><strong>l‘luenix</strong></span> <span class='ocrx_word' id='word_1_784' title='bbox 3482 5712 3892 5775; x_wconf 25' lang='lat' dir='ltr'><strong>etiaio‘coutra</strong></span> <span class='ocrx_word' id='word_1_785' title='bbox 3955 5717 4055 5770; x_wconf 84' lang='lat' dir='ltr'><strong>bos</strong></span> 
     </span>
    </p>
   </div>
   <div class='ocr_carea' id='block_1_121' title="bbox 2480 5786 2976 5851">
    <p class='ocr_par' dir='ltr' id='par_1_121' title="bbox 2480 5786 2976 5851">
     <span class='ocr_line' id='line_1_121' title="bbox 2480 5786 2976 5851; baseline 0.002 -15"><span class='ocrx_word' id='word_1_786' title='bbox 2480 5788 2649 5838; x_wconf 76' lang='lat' dir='ltr'><strong>lcrtnr</strong></span> <span class='ocrx_word' id='word_1_787' title='bbox 2678 5786 2976 5851; x_wconf 78' lang='lat' dir='ltr'><strong>scripsisse.</strong></span> 
     </span>
    </p>
   </div>
  </div>
