4224 6442
776 388 878 456 291

1929 387 2197 450 ΡΗΟΤΙΙ
2235 386 2750 449 PATRIARCH/E
2790 387 2903 451 ΟΡ.

3958 384 4074 449 292

780 514 980 578 gestas,
1000 502 1158 559 libris
1188 501 1301 573 (96)
1320 501 1513 559 tribus.
1542 500 1731 556 Refert
1760 510 1951 556 auctor
1979 501 2200 556 Hosium
2230 500 2362 555 Cor-

2470 500 2649 569 τύπῳ,
2678 500 2752 553 Τὰ
2768 498 2921 553 κατὰ
2938 498 3053 567 τὴν
3075 499 3145 552 ἐν
3164 499 3380 564 Νικαία
3400 498 3671 553 σύνοδον
3690 501 4065 569 πραχθέντα·

801 599 954 653 «Iuba:
981 597 1153 666 episc.
1186 606 1241 649 et
1271 595 1517 648 Bitonem
1553 593 1666 662 (97)
1696 604 1857 663 alque
1886 593 2224 647 Vincentium
2259 590 2368 644 Ro-

789 704 988 743 manos
1018 690 1353 751 sacerdotes,
1383 686 1627 740 Silvestri
1656 686 1884 740 Romani
1921 685 2192 753 pontiﬁcis
2222 684 2368 752 lega-

784 794 886 846 tos,
925 783 1184 845 adfuisse,
1234 781 1405 848 ipsum
1447 793 1661 848 quoque
1713 780 2047 833 Enstathium
2074 776 2369 830 Antioche-

786 892 911 928 nutn
972 873 1361 941 patriarcliatn,
1424 879 1479 923 et
1537 872 1904 925 Alexandrum
1986 868 2363 939 presbyterum

788 968 1159 1036 MetrOpltanis
1220 963 1809 1034 Constantinopolitaui
1852 963 2121 1031 legatum;
2190 974 2365 1028 neque

780 1062 927 1114 enim
972 1061 1081 1123 h-c,
1132 1068 1292 1113 aetate
1326 1058 1606 1135 confectus
1651 1056 2029 1125 (centesimum
2064 1055 2365 1109 excedebat

792 1153 1037 1219 annuin),
1066 1151 1253 1203 adesse
1277 1160 1510 1217 poterat.
1533 1147 1781 1202 Adfuisse
1802 1148 2229 1201 etAIexandrum
2249 1145 2362 1215 (98)

786 1243 1130 1296 Alexandria:
1187 1244 1511 1305 antistitem,
1567 1258 1671 1294 una
1730 1257 1853 1295 cum
1891 1241 2210 1302 Athanasio,
2269 1239 2360 1308 qui

779 1351 900 1406 post
960 1339 1121 1390 etiam
1159 1338 1206 1390 ei
1270 1339 1321 1389 in
1372 1337 1685 1405 episcopatu
1740 1335 2043 1388 successit:
2073 1342 2126 1387 et
2168 1345 2362 1404 praeter

779 1446 873 1483 ens
919 1430 1078 1501 69b
1122 1428 1417 1482 Macarinm
1474 1427 1972 1497 Hierosolymorqu
2043 1427 2353 1496 praesulem.

780 1537 899 1573 cum
935 1537 1126 1590 magna
1188 1531 1447 1588 praeterea
1496 1520 1871 1587 episc0portnn
1907 1534 1970 1572 ac
2012 1520 2358 1571 Sacerdotium

782 1611 1144 1664 multitudine.
1203 1610 1460 1663 ludictatn
1513 1622 1693 1663 autem
1748 1613 2011 1679 synodum
2074 1617 2358 1669 memorat,

777 1718 923 1757 anno
988 1705 1200 1758 decimo
1254 1716 1410 1758 sexto
1437 1702 1551 1772 (99)
1584 1703 1792 1771 imperii
1822 1702 2157 1756 Constantini
2185 1718 2199 1764 ;
2257 1702 2360 1753 du-

777 1810 1036 1864 rasseque
1096 1799 1342 1849 actiones
1386 1794 1502 1860 ejus
1549 1795 1614 1847 ad
1649 1810 1820 1863 usque
1848 1794 2090 1861 ejusdem
2125 1794 2355 1861 primum

778 1893 829 1939 et
874 1886 1187 1939 vicesimum
1243 1899 1441 1938 annum
1480 1900 1602 1938 cum
1653 1886 1932 1947 semestri,
1988 1894 2045 1937 ut
2101 1884 2354 1938 nimirum

775 1992 869 2031 sex
895 1978 971 2047 (l)
996 1979 1139 2047 ipsos
1169 1993 1340 2031 annos
1365 1975 1384 2047 [
1412 1975 1598 2032 Patres
1626 1976 1647 2050 ]
1670 1976 2040 2032 consederint.

845 2153 1208 2209 Exturhatnm
1264 2153 1337 2207 ibi
1396 2151 1563 2207 refert
1612 2153 1822 2216 Arium,
1879 2161 1935 2207 et
1990 2152 2357 2207 anathematis

775 2245 999 2298 fulmine
1024 2244 1334 2306 conﬁxum,
1381 2247 1473 2297 sed
1506 2245 1628 2298 inde
1669 2245 1861 2297 iterum
1886 2252 2139 2297 conatum
2186 2246 2357 2311 impe-

777 2350 919 2391 trare
948 2338 1331 2393 admissionem
1353 2379 1369 2404 ,
1407 2336 1741 2391 tentantibns
1770 2338 1818 2388 id
1846 2351 2215 2404 saepenumero
2241 2337 2353 2391 Ett-

774 2432 926 2485 seltio
956 2429 1351 2485 Nicntnediensi
1405 2437 1653 2497 praesule,
1691 2443 1745 2483 et
1781 2430 2005 2484 Eutocio
2039 2430 2115 2501 (2)
2146 2431 2353 2484 Ariano

772 2525 1090 2595 presbytero
1138 2524 1409 2587 ordinato,
1462 2537 1619 2590 quem
1668 2522 2049 2591 posteriorem,
2112 2524 2353 2577 animant

775 2630 942 2683 agens
971 2616 1289 2669 Constantia
1325 2617 1672 2683 imperatoris
1692 2633 1867 2683 soror,
1892 2620 2044 2673 fratri
2070 2635 2353 2673 emunien-

774 2710 950 2762 darat.
998 2706 1196 2760 Verum
1238 2706 1339 2762 etsi
1382 2708 1569 2760 Arium
1621 2710 1708 2763 isti
1756 2711 1808 2763 in
1842 2710 2142 2765 Ecclesiam
2200 2714 2356 2765 redu-

773 2813 901 2851 cere
931 2800 1113 2851 cnnati
1153 2800 1377 2858 fuerint.
1422 2813 1526 2850 non
1558 2801 1872 2867 permisisse
1900 2810 2079 2853 tamen
2114 2800 2352 2852 divinant

774 2888 1053 2955 ultionem,
1078 2890 1289 2944 hostem
1323 2892 1465 2943 hunc
1489 2889 1742 2945 Ecclesia:
1762 2908 1872 2945 sua:
1893 2894 2091 2959 templo
2111 2895 2353 2945 sanctio-

776 2984 930 3049 rique
962 2981 1125 3051 adyto
1186 2981 1444 3035 insultare
1501 2982 1627 3035 dum
1661 2982 1766 3034 lata
1810 2985 1859 3035 in
1906 2997 2025 3036 eum
2057 2984 2351 3045 sententia,

775 3074 828 3128 in
875 3074 1089 3127 latrinis
1133 3073 1303 3125 voluit
1354 3080 1520 3125 vitam
1572 3076 1873 3128 terminare
1920 3074 2108 3128 eodem
2147 3076 2236 3127 illo
2271 3076 2356 3126 die

2473 591 2628 660 τόμοι
2666 590 2725 642 δὲ
2754 590 2814 642 τὸ
2844 588 3049 658 βιϐλίον
3072 591 3092 621 ³
3127 592 3299 658 τρεῖς.
3334 590 3497 656 Λέγει
3529 586 3586 641 δὲ
3616 590 3709 641 τὸν
3734 592 3834 659 μὲν
3867 591 4065 645 Ὀσιον

2470 681 2564 735 τὸν
2598 682 2694 734 τοῦ
2731 682 3081 752 Κουδρούϐης
3116 680 3244 751 ['208
3264 680 3357 753 [1.]
3382 683 3475 734 καὶ
3508 682 3713 735 Βίτωνα
3738 684 3830 735 καὶ
3868 684 4065 736 Βικέν-

2468 792 2621 840 τιον,
2662 773 3011 843 Ῥωμαῖκοὺς
3035 777 3249 845 ἱερέας,
3293 778 3357 828 ὲκ
3403 774 3695 846 προσώπου
3731 776 4063 846 Σιλϐέστρου

2472 865 2568 919 τοῦ
2619 866 2840 936 Ῥώμης
2870 869 3122 937 παρεῖναι
3148 906 3163 928 ,
3198 867 3495 921 Εὑστάθιον
3521 870 3577 922 δὲ
3594 869 3685 922 τὸν
3718 870 4064 938 Ἀντιοχείας

2469 958 2631 1012 αὑτὸν
2671 962 2878 1011 ἐκεῖνον
2910 998 2925 1021 ,
2972 958 3321 1027 Ἀλέξανδρον
3341 998 3357 1023 ,
3390 960 3449 1021 ὃς
3478 960 3600 1012 τότε
3621 969 3643 999 δ
3675 960 4059 1030 πρεσϐυτέρου

2466 1050 2685 1119 ἀξίωμα
2710 1048 2889 1121 εἶχεν,
2921 1054 3002 1116 εἰς
3037 1054 3332 1123 πρόσωπον
3359 1052 3490 1106 τοῦ⁵
3524 1054 4055 1107 Κωνσταντινουπὸ-

2466 1146 2601 1209 λεως
2631 1148 3030 1217 Μητροφάνους
3061 1150 3321 1218 παρεῖναι
3352 1162 3365 1176 ·
3396 1148 3603 1210 ἐκεῖνος
3646 1147 3755 1216 γὰρ
3780 1147 4059 1199 ἐκωλύετο

2468 1237 2772 1308 βαθυτάτῳ-
2800 1241 2975 1309 γήρᾳ,
3006 1240 3127 1290 ἐπεὶ
3154 1239 3305 1307 αύτῴ
3343 1241 3370 1290 ὁ
3397 1240 3585 1308 χρόνος
3627 1239 3721 1293 τοῦ
3754 1239 3871 1307 βίου
3904 1240 4054 1307 ὑπὲρ

2469 1329 2537 1380 τά
2566 1328 2765 1380 ἑκατὸν
2800 1328 3136 1393 ὲξετείνετο¹¹
3165 1329 3283 1397 ἔτη.
3332 1329 3706 1396 Συμπαρεῖναι
3738 1328 3829 1379 καὶ
3870 1328 4057 1391 Ἀλέξ-

2464 1421 2657 1491 ανδρον
2691 1422 2781 1473 τὸν
2824 1422 3226 1491 Ἀλεξανδρείας
3256 1422 3373 1491 ἅμα
3416 1422 3725 1491 Ἀθανασίῳ
3749 1460 3764 1482 ,
3794 1421 3851 1483 ὃς
3884 1420 4054 1473 ὔστε-

2470 1530 2560 1583 ρον
2585 1514 2678 1565 καὶ
2700 1513 2941 1583 διάδοχος
2968 1513 3059 1565 τοῦ
3084 1513 3277 1583 θρόνου
3302 1513 3693 1581 κατέστη.”Ετι
3714 1513 3768 1565 δὲ
3790 1517 4054 1581 παρεῖναι

2464 1605 2559 1658 καὶ
2609 1606 2699 1658 τὸν
2756 1604 3146 1677 Ἰεροσολύμων
3202 1606 3486 1674 Μακάρων
3523 1607 3617 1658 καὶ
3668 1606 3796 1658 ἄλλο
3843 1606 4053 1673 πλῆθος

2462 1698 2767 1768 ἀρχιερέων
2813 1700 2905 1750 καὶ
2935 1699 3147 1768 ἱερέων.
3193 1698 3643 1769 Συγκροτηθῆναι
3681 1698 3735 1750 δέ
3778 1715 3911 1765 φησι
3945 1699 4049 1763 τὴν

2465 1790 2684 1842 σύνοδον
2721 1790 3122 1857 ὲξκαιδεκάτῳτ
3162 1789 3270 1841 Etsi.
3299 1790 3398 1857 τῆς
3431 1788 3847 1842 Κωνσταντίνου
3878 1789 4042 1856 βασι-

2460 1880 2646 1943 λείας,
2689 1880 3071 1951 παραταθῆναι
3120 1881 3177 1934 δὲ
3223 1880 3427 1949 ταύτης
3461 1880 3560 1941 τὰς
3606 1880 3837 1949 πράξεις
3880 1880 4050 1948 μέχρι

2458 1972 2713 2043 δευτέρου
2738 1972 2866 2025 καὶ⁸
2912 1973 3159 2026 εἰκοστοῦ
3192 1972 3419 2043 ἡμίσεος
3441 2013 3455 2039 ,
3489 1972 3586 2036 ἒξ*
3610 1972 3854 2043 δηλονότι
3897 1972 4051 2025 ἔτεσι

2458 2066 2663 2137 ταύτης
2704 2068 3202 2137 συγκροτουμένης.

2528 2160 2666 2228 Φησὶ
2688 2160 2742 2212 δὲ
2772 2159 3163 2229 καθαιρεθῆναι
3213 2159 3313 2230 μὲν
3346 2161 3566 2231 ’Λρειον
3594 2159 3689 2212 καὶ
3736 2158 4050 2228 ἁναθέματι

2460 2250 2942 2322 καθυποϐληθῆναι
2962 2293 2976 2316 ,
3001 2248 3121 2305 εἶτα
3146 2252 3309 2304 πάλιν
3334 2252 3628 2324 πειρᾶσθαι
3649 2252 3838 2304 ὥστε¹⁶
3864 2270 4050 2321 παρα-

2458 2344 2713 2412 δεχθῆναι
2765 2360 2778 2374 ·
2839 2345 2933 2397 καὶ
2988 2344 3144 2397 τοῦτο
3187 2344 3450 2409 πολλάκις
3502 2344 3924 2415 ὲπιτηδευθῆναι
3976 2344 4050 2396 δι’

2460 2435 2721 2487 Εὐσεϐίου
2741 2475 2755 2498 ,
2785 2435 2843 2499 ὃς
2872 2432 3009 2506 ἦρχε
3042 2438 3411 2507 Νικομηδείας
3430 2478 3443 2501 ,
3473 2439 3565 2490 καὶ
3584 2438 3650 2489 δι’
3678 2437 3939 2489 Εύτοκὶου
3987 2437 4052 2490 δὲ

2457 2527 2553 2580 τοῦ
2603 2529 2915 2599 Ἀρειανοῦ,
2973 2531 3347 2601 πρεσϐυτέρου
3395 2530 3611 2601 ἔχοντος
3666 2531 4049 2601 χειροθεσίαν,

2458 2622 2517 2673 ὃν
2552 2624 2583 2692 ἡ
2619 2622 2711 2673 τού
2756 2624 3017 2691 βασιλέως
3050 2623 3253 2694 ἀδελφὴ
3318 2625 3748 2690 Κωνσταντῖνα,
3803 2623 3902 2693 τὴν
3953 2625 4051 2677 τέ-

2459 2713 2662 2766 λειονίί
2694 2716 2911 2784 ἡμέραν
2957 2717 3308 2786 ὑπερχομένη
3345 2716 3440 2769 τοῦ
3491 2716 3606 2785 βίου
3626 2758 3642 2781 ,
3668 2718 3939 2786 παρέθετο
3969 2718 4056 2788 τῷ

2458 2805 2690 2873 ἀδελφῷ.
2734 2805 2873 2857 Ἀλλ’
2900 2800 3048 2859 οὗτοι
3097 2807 3196 2876 μὲν
3250 2807 3510 2861 ἔσπευδον
3563 2808 3655 2860 τὸν
3685 2810 3902 2877 ’Δρειον
3951 2812 4055 2861 ἑπ-

2460 2898 2687 2963 αγαγεῖν
2717 2898 2758 2926 “
2809 2900 2872 2967 τῇ
2920 2898 3220 2969 Ἐκκλησία
3250 2912 3266 2927 °
3304 2901 3338 2969 ἡ
3372 2900 3427 2953 δὲ
3459 2899 3578 2952 Θεία
3610 2900 3732 2970 δίκη
3766 2900 3867 2953 οὐκ
3893 2902 4054 2955 εἴασε

2458 2987 2549 3038 τὸν
2578 2987 2773 3057 ἐχθρὸν
2796 2988 2838 3019 ³³
2876 2990 3322 3061 κατορχήσασθαι
3357 2994 3528 3061 αὐτῆς
3560 2991 3653 3045 τοῦ
3684 2996 3786 3045 νεὼ
3810 2998 3905 3045 καὶ
3938 2996 4044 3062 τῆς

2461 3080 2516 3129 ὲν
2540 3078 2689 3147 αὐτῷ
2722 3081 2993 3143 παστάδος
3016 3124 3029 3145 ,
3057 3081 3172 3133 ἀλλ’
3188 3084 3247 3135 ὲν
3268 3084 3549 3152 ἀφεδρῶσι
3574 3084 3665 3136 τὸν
3691 3085 3805 3153 βίον
3827 3086 4053 3139 ἐδίκασε

772 3181 885 3235 quo
913 3166 1270 3233 ipsecjusque
1300 3167 1518 3218 sectarii
1553 3175 1606 3219 et
1637 3166 1857 3219 asseclze
1885 3176 2190 3219 statuerant
2218 3167 2357 3219 illius

2465 3170 2841 3239 καταστρέψαι
2861 3210 2875 3231 ,
2903 3170 3024 3223 καθ’
3051 3172 3117 3242 ἢν
3143 3172 3306 3235 αὐτὸς
3328 3174 3423 3225 καὶ
3448 3176 3496 3226 οί
3523 3175 3854 3228 σπουδασταὶ
3880 3173 4051 3228 αὑτοῦ

778 3258 954 3311 reditu
996 3258 1085 3311 Dei
1110 3257 1432 3319 Ecclesiam,
1459 3269 1512 3311 et
1540 3274 1693 3312 sacra
1738 3257 2045 3328 profanare.
2080 3259 2357 3312 Accidisse

772 3361 953 3403 autem
987 3348 1173 3422 hunc[
1206 3350 1355 3419 impii
1384 3348 1403 3421 ]
1431 3365 1461 3404 e
1492 3352 1601 3403 vita
1638 3363 1923 3404 excessum
1974 3350 2088 3403 loco
2120 3352 2354 3418 publica,

774 3444 917 3511 quod
959 3460 987 3497 a
1044 3443 1161 3498 foro
1198 3444 1445 3513 proxime
1490 3443 1699 3496 latrinae
1737 3444 1839 3497 illa:
1885 3446 2159 3496 abessent.
2217 3442 2359 3497 Con-

776 3535 1075 3589 stantinum
1108 3535 1357 3604 Magnum
1407 3537 1648 3606 gavisutn
1678 3536 1891 3598 scribit,
1937 3537 2077 3605 quod
2125 3535 2363 3604 integer-

779 3628 949 3681 rimus
1000 3627 1167 3695 judex
1201 3628 1341 3683 Deus
1382 3630 1813 3682 controversiam
1846 3643 2061 3681 omnem
2094 3628 2362 3682 sententia

777 3720 884 3775 lata
917 3722 1252 3787 diremisset,
1285 3721 1606 3790 misisseque
1636 3737 1759 3774 mox
1786 3722 1850 3773 ad
1884 3722 2060 3773 varios
2084 3720 2362 3789 epistolas,

778 3816 976 3881 quibus
1000 3814 1202 3881 justam
1236 3814 1302 3867 de
1328 3815 1459 3867 Ario
1489 3814 1809 3879 vindictam,
1863 3814 2009 3866 velut
2062 3813 2220 3880 cippo
2274 3811 2362 3864 in-

777 3908 1038 3974 scriptam
1078 3909 1331 3959 omnihus
1375 3907 1766 3976 promulgaret.
1813 3905 1889 3958 Ita
1933 3903 2091 3971 hujus
2129 3906 2363 3974 scripto-

778 4000 853 4053 ris
888 3999 1125 4051 narratio
1148 4000 1418 4051 consentit
1439 4012 1560 4051 cum
1593 3999 1890 4051 Athanasio
1908 3996 2098 4066 Magno
2118 3997 2220 4063 (5,),
2240 4010 2361 4049 cum

775 4089 1123 4143 Theodoreto
1184 4090 1284 4159 (4),
1337 4089 1567 4159 aliisque
1611 4090 1862 4157 plurimis
1914 4089 2012 4160 (5).
2080 4087 2362 4143 Nonnullis

773 4183 916 4234 enim
945 4183 1164 4234 tradere
1201 4184 1373 4234 visutn
1391 4180 1496 4251 (6),
1526 4197 1628 4235 non
1652 4180 1999 4235 Constantini
2021 4180 2195 4252 Magni
2222 4190 2360 4234 tem-

772 4276 1016 4345 poribus,
1046 4276 1141 4329 sed
1173 4274 1495 4329 Constantio
1524 4274 1635 4328 lilio
1677 4276 2002 4343 imperante,
2034 4285 2169 4327 -taiu
2216 4272 2361 4327 {cedo

769 4367 959 4419 Arium
1018 4369 1165 4419 exitu
1204 4366 1483 4420 hominem
1539 4365 1779 4420 exuisse.
1845 4364 1914 4417 Et
1972 4363 2086 4417 haec
2142 4364 2359 4432 quidem

2463 3262 2671 3329 ὥρισαν
2707 3263 2919 3332 ἡμέραν
2942 3264 3030 3315 διὰ
3062 3264 3161 3331 τῆς
3192 3265 3399 3317 εἰσόδου
3433 3267 3597 3318 αὐτοῦ
3624 3268 3721 3336 τὴν
3748 3267 4055 3335 ἐκκλησίαν

2466 3355 2773 3423 βεϐηλῶσαι
2797 3355 2890 3408 τοῦ
2922 3355 3057 3407 Θεοῦ
3085 3355 3177 3407 καὶ
3204 3357 3273 3408 τὰ
3311 3356 3463 3424 ἀγια.
3497 3358 3605 3410 Καὶ
3631 3359 3663 3427 ἡ
3690 3360 4052 3429 καταστροφὴ

2462 3445 2520 3498 δὲ
2562 3446 2818 3516 δημόσιος
2842 3446 2887 3477 ιδ
2919 3446 3171 3512 γίνεται·
3207 3446 3435 3515 πλησίον
3486 3449 3595 3519 γάρ
3640 3450 3689 3501 οἰ
3736 3449 4054 3520 ἀφεδρῶνες

2466 3537 2831 3606 ἐχρημάτιζον
2854 3539 2946 3590 τοῦ
2975 3538 3162 3609 φόρου.
3193 3538 3311 3606 Ἐφ’
3336 3533 3381 3607 ᾧ
3402 3540 3636 3609 ἡσθῆναί
3658 3558 3716 3593 τε
3748 3542 3838 3593 τὸν
3868 3544 4048 3611 μέγαν

2464 3627 2882 3680 Κωνσταντῖνον
2910 3630 3111 3697 γράφει
3129 3669 3144 3693 ,
3189 3630 3265 3692 ὼς
3292 3631 3387 3683 τοῦ
3417 3633 3715 3686 ἀδεκάστου
3745 3635 3932 3702 κριτοῦ
3964 3632 4052 3698 οἷς

2463 3720 2648 3790 ἔκρινε
2697 3720 2956 3785 λύσαντος
3001 3723 3412 3793 ἀμφισϐήτησιν
3458 3728 3671 3789 πᾶσαν,
3722 3728 3930 3796 γράψαι
3984 3745 4049 3781 τε

2462 3811 2622 3864 αὑτὸν
2656 3811 2870 3875 πολλοῖς
2903 3813 3191 3877 ἐπιστολάς
3219 3857 3233 3878 ,
3266 3816 3363 3885 τὴν
3396 3815 3601 3870 ἔνδικον
3632 3817 3840 3887 Ἀρείου
3872 3837 4048 3873 καταο

2463 3904 2705 3974 στροφὴν
2738 3905 3124 3972 στηλιτεύοντα
3143 3907 3208 3961 ⁸⁵.
3229 3908 3338 3959 Καὶ
3362 3910 3390 3960 ὁ
3416 3910 3513 3979 μὲν
3538 3909 3680 3963 οὕτω
3707 3913 3841 3981 φησί
3861 3951 3876 3975 ,
3905 3929 4047 3981 συμ-

2462 3994 2657 4064 φωνῶν
2685 3998 2743 4048 ὲν
2774 3995 2951 4065 τούτῳ
2982 3996 3186 4051 Ἀθάνα
3199 3999 3296 4068 σίῳ
3323 4016 3381 4051 τε
3413 4000 3490 4069 τῷ
3540 4002 3761 4072 μεγάλῳ
3790 4002 3883 4054 καὶ
3907 4002 4049 4054 Θεο-

2458 4086 2687 4157 δωρήτῳ
2714 4089 2807 4139 καὶ
2832 4089 3011 4151 ἄλλοις
3045 4090 3305 4143 πλείοσιν·
3340 4091 3503 4154 ὲνίοις
3526 4092 3581 4144 δὲ
3608 4095 3839 4164 γράφειν
3860 4093 4045 4159 ἔδοξεν

2458 4178 2577 4247 οὐχὶ
2596 4180 2736 4230 κατὰ
2752 4180 2879 4242 τοὺς
2897 4181 3314 4234 Κωνσταντίνου
3333 4182 3377 4213 ¹⁶
3400 4185 3493 4236 τοῦ
3517 4184 3770 4253 Μεγάλου
3787 4186 4042 4256 χρόνους,

2459 4272 2595 4325 ἀλλὰ
2651 4272 2745 4325 τοῦ
2787 4273 2977 4336 παιδὸς
3026 4276 3408 4328 Κωνσταντίου
3444 4276 3820 4346 βασιλεύοντος
3868 4278 4043 4342 οὓτως

2461 4361 2702 4432 αἰσχρῶς
2725 4361 2816 4417 τὸν
2849 4364 2914 4416 'A
2926 4381 3069 4433 ρειον
3100 4365 3159 4429 ἐξ
3181 4364 3484 4436 ἀνθρώπων
3504 4368 3893 4440 ἀφανισθῆναι.

2076 4452 2308 4507 γΑιιιιΕ
2358 4453 2759 4508 LECTIONES.

842 4551 1048 4621 ⁸τοῦβ

767 4625 889 4677 add.
924 4627 987 4675 Α.
1022 4620 1028 4621 ί
1066 4624 1085 4654 ⁸
1120 4620 1201 4746 Eli;
1237 4620 1297 4685 ἓξ
1330 4622 1502 4742 Ἶμισυ
1532 4621 1596 4674 Α.
1707 4621 1748 4652 ⁸⁸
1796 4620 1938 4674 ὥστε

767 4694 915 4746 εἴασε
950 4710 1010 4746 ς.
1102 4694 1145 4723 ⁸⁵
1204 4708 1348 4746 ημοσ
1372 4708 1447 4746 ως
1469 4708 1529 4746 ς.
1609 4691 1651 4724 ¹⁸
1675 4691 1985 4746 στηλιτευού

766 4694 915 4746 εἴασε
950 4710 1010 4756 ς’.
1102 4694 1145 4723 ⁸⁵
1170 4691 1447 4763 δημοσίως
1469 4708 1529 4755 ς.
1609 4691 1651 4724 ⁸⁸
1675 4691 2097 4761 στηλιτευούσας
2126 4710 2188 4755 ς.

1060 4551 1232 4604 ιϐ).ίου
1286 4567 1346 4615 ς.
1423 4549 1445 4583 ⁸
1476 4550 1597 4604 τότε
1624 4548 1669 4603 A
1702 4548 1835 4604 ετοῦ
1862 4568 1922 4615 ς.
2000 4552 2021 4583 ⁸
2047 4550 2141 4603 τοῦ
2168 4550 2213 4605 Α
2255 4568 2269 4605 :
2311 4550 2473 4604 αὑτοῦ
2504 4550 2598 4603 τοῦ
2634 4568 2694 4615 ς.
2771 4552 2791 4582 ⁶
2818 4551 3085 4614 ἐξέτεινεν
3107 4570 3168 4615 ς’.

1707 4621 1748 4652 ⁸⁸
1796 4620 1938 4674 ὥστε
1998 4623 2212 4675 atld.A.
2293 4622 2334 4653 “
2388 4622 2600 4673 τελείαν
2673 4638 2727 4684 ς.

2269 4692 2313 4722 ¹⁶
2337 4691 2716 4743 Κωνσταντίου
2743 4691 2836 4743 τοῦ
2866 4693 3054 4756 παιδὸς
3088 4710 3145 4756 ς.

3888 4557 3910 4588 ⁸
3939 4558 4036 4610 καὶ

3253 4554 3272 4583 ⁷
3301 4555 3675 4624 ἑκκαιδεκάτῳ
3728 4573 3789 4619 ς.

3455 4624 3498 4655 ¹³
3556 4626 3648 4677 τὸν
3693 4626 3887 4697 ἐχθρὸν
3935 4628 4039 4681 οὐκ

2832 4624 2873 4651 ’³
2918 4624 3225 4689 ἀπαγαγεῖν
3292 4640 3353 4687 ς.

2310 4781 2543 4836 ΝΟΤΑΕ.

838 4878 948 4949 (96)
973 4878 1191 4949 ﬂorum
1249 4875 1383 4949 duos
1436 4876 1594 4949 nobis
1622 4876 1809 4949 Grarce
1867 4884 1922 4931 et
1959 4874 2148 4949 Latine
2200 4877 2532 4949 dedithit
2576 4875 2964 4949 dimissamque
3002 4879 3262 4948 synodum
3313 4877 3443 4947 ipsis
3494 4876 3834 4932 Constantini
3890 4880 4030 4949 Aug.

770 4945 938 5003 Ruth
970 4946 1268 5001 Palforeus.
1320 4945 1487 4999 Tertii
1534 4948 1676 5000 enim
1719 4947 1836 5000 loco
1889 4957 2001 5001 tres
2052 4948 2343 5000 admodum

769 5019 1112 5074 Constantini
1147 5019 1276 5085 imp.
1308 5017 1563 5085 epistolas
1617 5017 1883 5073 exhibuit.
1914 5016 2111 5071 Noster
2161 5028 2343 5069 autem

768 5091 1034 5159 Alpltons.
1068 5085 1312 5159 Pisanus
1351 5102 1415 5139 ex
1480 5088 1581 5140 hoc.
1645 5086 1907 5159 opusculo
1950 5097 2004 5140 et
2046 5086 2342 5159 exemplari

768 5156 1004 5229 quodam
1051 5156 1305 5229 Arabico.
1382 5156 1808 5225 sanctorumque
1855 5156 2087 5229 aliquot
2118 5156 2341 5229 Patrum

770 5227 1155 5298 innnntnenti_s,
1205 5238 1454 5298 qna_t_uor_
1487 5241 1616 5282 suos
1666 5230 1731 5282 de
1778 5230 1880 5281 hac
1918 5228 2126 5298 synodo
2176 5227 2345 5281 libros

769 5302 1064 5354 contexuit.
1086 5294 1282 5350 Frauc.
1299 5295 1599 5351 Turrianus
1632 5298 1881 5351 Canones
1906 5294 2094 5350 edidit.

841 5369 953 5439 (97)
988 5368 1200 5420 Βιτὼνα
1234 5368 1375 5439 hunc
1404 5370 1558 5439 yideo
1591 5385 1618 5421 a
1641 5368 1847 5422 Graecis
1874 5366 2152 5435 appellari,
2184 5381 2342 5436 quem

770 5440 824 5495 in
852 5435 1067 5493 Latinis
1089 5438 1367 5491 codicibus
1405 5435 1663 5491 Victorem
1692 5440 1935 5508 legimus.

841 5510 953 5580 (98)
989 5511 1133 5562 Idem
1168 5508 1256 5561 ille
1290 5509 1381 5580 qui
1438 5512 1490 5561 in
1532 5506 1802 5580 demortui
1828 5506 2221 5580 “MetrOphanis
2261 5506 2347 5580 lo-

769 5578 1253 5660 cutnsnbrogatus,
1287 5579 1493 5657 primus
1513 5590 1593 5633 est
1611 5578 1794 5659 lactus
1817 5578 2341 5660 Constan‘tinopnlit.

770 5647 1493 5721 patriarch.impietatisque
1514 5650 1811 5721 antistitem
1836 5648 2071 5721 (Arium)
2102 5647 2347 5700 oratione

771 5715 868 5773 sua
898 5718 1135 5787 sustulit,
1182 5716 1289 5774 BB.
1326 5720 1589 5775 Athanas.
1636 5732 1689 5773 et
1720 5718 1883 5787 Greg.
1944 5715 2201 5771 Nazianz.
2250 5732 2346 5769 au-

769 5791 1031 5845 ctoribus.

841 5860 953 5933 (99)
986 5858 1220 5917 Balforei
1249 5874 1388 5930 aque
1414 5874 1477 5917 ac
1501 5858 1681 5916 Pisani
1715 5859 1847 5917 edit.
1872 5874 1964 5918 sex
1989 5872 2199 5915 menses
2246 5856 2343 5911 ad-

2455 4944 2865 5000 Vicennalibus.

2534 5016 2613 5086 (1)
2653 5018 2755 5068 Alii
2782 5027 2890 5086 tres
2934 5032 3055 5071 cum
3090 5017 3341 5071 semestri
3391 5031 3563 5071 annos
3614 5020 3877 5071 duntaxat
3928 5035 4035 5073 nu-

2454 5096 2687 5139 merant.
2724 5087 2783 5139 D.
2818 5085 3014 5142 Baron.
3042 5088 3192 5141 card.
3242 5097 3371 5141 tom.
3403 5088 3464 5140 lll
3496 5087 3692 5141 Annal.
3729 5088 4035 5144 ecclesiast.

2453 5170 2561 5209 uno
2592 5171 2733 5225 anno
2751 5171 2873 5211 esse
2905 5158 3207 5211 absolutam
3227 5158 3503 5211 Nictenam
3527 5160 3820 5225 pertendit.

2524 5225 2602 5298 (2)
2630 5224 2705 5279 De
2723 5226 2878 5293 cujus
2913 5228 3192 5298 fraudibus
3214 5229 3367 5296 plura
3388 5224 3743 5298 Metaphrast.
3778 5226 3854 5280 De
3874 5228 4035 5298 gestia

2455 5292 2693 5366 Νἱειὲηιε
2720 5292 2927 5366 synodi,
2958 5296 2998 5350 1.
3032 5314 3103 5362 tv,
3135 5292 3300 5351 Surii.

2522 5367 2600 5435 (5)
2636 5365 2789 5439 Disp.
2816 5366 2859 5425 l.
2902 5371 3167 5423 adversus
3193 5368 3426 5423 Arianos
3451 5368 3553 5423 sub
3575 5370 3666 5421 lln.
3692 5366 3928 5439 etEpist.
3963 5370 4035 5424 ad

2456 5433 2810 5503 Serapionem
2840 5446 2973 5492 t0ta.

2528 5506 2602 5574 (At)
2642 5505 2764 5562 Lib.
2803 5522 2854 5560 tv
2904 5507 3135 5575 Epitom.
3183 5520 3370 5563 contra
3401 5508 3585 5563 horret.
3633 5516 3689 5563 et
3714 5508 3811 5565 lib.
3838 5523 3857 5562 ι
3888 5506 4033 5563 Hist.

2456 5574 2659 5628 Ecclu.
2695 5593 2814 5644 cap.
2839 5578 2903 5631 l3
2923 5589 2976 5632 et
3003 5579 3089 5633 14.

2456 5645 2702 5769 infamis.
2734 5650 2936 5772 agis?“
2960 5649 3223 5720 Ειηρειιιι.
3258 5658 3315 5705 οι
3364 5659 3556 5705 auctor
3587 5646 3722 5703 Vita:
3744 5648 4035 5705 Athanasii

2453 5729 2550 5769 llll.
2582 5729 2702 5769 COtl.
2734 5729 2863 5775 258.

2451 5785 3004 5911 mvtllegalpgiirastae
3056 5787 3206 5845 Orat.
3239 5789 3314 5846 De
3361 5790 3519 5863 gestit
3550 5788 3785 5847 Nicone:
3817 5790 4035 5860 synodi,

2476 5872 2582 5913 0111.
2612 5872 2669 5910 Vl
2696 5872 2767 5911 Du
2778 5875 2862 5913 1⁸11.
