4224 6442
172 401 285 468 293

1146 409 1674 473 BIBLIOTHECA.
1704 413 1958 475 —COD.
1999 414 2318 476 LXXXIX.

3359 422 3464 488 994

252 517 371 570 Καὶ
413 514 592 571 ταῦτα
641 516 741 587 μέν
783 516 903 571 τόδε
948 516 1008 570 τὸ
1061 517 1265 589 βιϐλίον
1294 538 1306 551 ·
1337 522 1397 574 οὐ
1428 524 1539 595 γὰρ
1575 525 1774 593 ἐπεγέ-
1799 526 1855 586 Α
1879 525 1913 579 li

1799 526 1855 586 Α
1879 525 2017 581 liber
2049 526 2139 582 ille
2167 527 2502 582 continebat.
2575 527 2634 582 lit
2668 528 2774 584 alio
2804 537 2980 585 tamen
3029 532 3324 601 exemplari
3356 535 3461 606 (7).

172 624 402 676 γραπτο
452 608 602 677 αὐτῷ
643 610 678 678 ἡ
716 608 913 679 κλῆσις
964 609 1061 662 τοῦ
1112 612 1449 682 γράψαντος.
1482 614 1574 668 Ἐν
1634 616 1783 688 ἄλλῳ

176 700 371 768 μέντοι
400 700 579 769 ἔχοντι
603 699 672 752 τὰ
697 701 841 755 αὐτά
870 716 885 733 ⁸
918 700 958 755 Γ
960 700 1175 755 ελασίου
1195 703 1290 755 τοῦ
1320 704 1617 758 ἐπισκόπου
1646 709 1784 761 Και-

175 791 417 859 σαρείας
465 793 567 859 τῆς
604 792 971 863 Παλαιστίνης
1005 786 1165 863 εὖρον
1196 794 1258 845 τὸ
1308 792 1512 859 βιϐλίον
1547 798 1781 868 ἐπιγρα-

175 880 448 948 φόμενον.
504 881 570 933 Ἦ
598 880 656 933 δέ
687 881 891 949 φράσις
918 883 999 945 είς
1045 882 1107 934 τὸ
1132 880 1392 935 ταπεινὸν
1426 884 1521 937 καὶ
1559 884 1777 954 χυδαῖον

174 970 271 1022 τοῦ
304 971 472 1039 λόγου
504 972 625 1024 λίαν
656 974 1123 1043 κατενηνεγμένη.

248 1063 349 1124 Τίς
377 1079 511 1115 ποτε
541 1063 598 1115 δέ
636 1065 782 1115 ἐστιν
806 1068 833 1117 ὁ
888 1065 1140 1130 Γελάσιος
1165 1060 1355 1132 οὗτος,
1381 1065 1481 1120 οὐκ
1517 1067 1626 1136 ἔχω
1674 1084 1769 1119 σα-

177 1156 298 1222 φῶς
347 1156 634 1225 ἐκμαθεῖν.
685 1157 865 1228 Μέχρι
913 1158 1023 1228 γὰρ
1062 1158 1157 1211 νῦν
1205 1160 1411 1229 τριῶν,
1442 1160 1516 1221 ὡς
1562 1159 1604 1190 ¹⁷
1623 1159 1770 1211 ἐστιν

177 1248 404 1299 εἰκάσαι
426 1289 441 1309 ,
463 1248 732 1300 Γελασίων
759 1250 856 1301 καὶ
886 1250 930 1283 ⁸⁸
960 1251 1279 1303 ἐπισκόπων
1302 1251 1636 1320 Καισαρείας
1674 1254 1774 1319 τῆς

177 1340 323 1392 κατὰ
365 1340 734 1409 Παλαιστίνην
788 1345 832 1375 ¹⁹
888 1342 1112 1413 βιϐλίοις
1154 1342 1509 1413 ἐνετύχομεν,
1560 1343 1593 1414 ἢ
1636 1344 1773 1396 πάν-

176 1449 290 1494 τως
332 1450 399 1501 γε
452 1434 565 1488 δύο.
610 1436 759 1489 Αίδέ
812 1436 985 1505 βίϐλοι
1041 1431 1131 1498 αἷς
1166 1436 1492 1506 ἐνετύχομεν
1519 1479 1533 1502 ,
1600 1440 1633 1508 ή
1677 1440 1775 1506 μέν

178 1526 301 1577 ἐστι
328 1544 343 1557 ο
373 1527 539 1579 Κατὰ
576 1528 900 1596 ’Δνομοίων
939 1528 1377 1598 συντεταγμένη,
1421 1531 1478 1581 al
1530 1529 1586 1581 δὲ
1627 1529 1782 1583 ἄλλαι

1211 1528 1377 1598 μένη,
1421 1531 1478 1581 αι
1530 1529 1586 1581 δὲ
1627 1529 1782 1583 ἄλλαι
1892 1522 2281 1599 [haereticos]
2329 1530 2667 1598 conscriptus
2731 1543 2817 1585 est
2867 1550 2879 1586 :

182 1617 276 1668 δύο
316 1618 784 1685 ἐκκλησιαστικὰς
830 1620 1227 1697 ⁴ἀναγράφουσι
1263 1622 1490 1689 πράξεις
1514 1661 1529 1683 ,
1564 1615 1639 1675 ὧν
1678 1624 1778 1691 μία

179 1703 247 1778 ἦς
279 1708 375 1760 νῦν
402 1708 482 1769 ὡς
539 1712 596 1760 ἐν
632 1709 915 1778 κεφαλαίῳ
974 1710 1426 1779 ἐπεμνήσθημεν.
1456 1712 1674 1780 Ἐχει⁸⁰
1721 1713 1778 1765 δὲ

183 1800 325 1869 (120
350 1798 460 1867 Η.)
511 1799 690 1869 αὕτη,
736 1802 793 1853 ἐν
843 1795 923 1863 οἷς
974 1801 1145 1871 αὐτὴν
1180 1804 1665 1871 ἐπιγεγραμμένην
1688 1803 1777 1857 εὖ·

185 1910 376 1961 ρομεν,
399 1894 715 1961 ἐπιγραφὴν
736 1891 927 1963 ὥσπερ
950 1892 1184 1963 εἴρηται,
1208 1893 1514 1948 Γελασίου
1530 1894 1775 1947 ἐπισκό-

181 2002 301 2041 που
323 1989 690 2053 Καισαρείας
718 1985 828 2053 τῆς
853 1987 1002 2040 κατὰ
1032 1988 1453 2055 Παλαιστίνην
1490 1988 1777 2057 Ἱστορίας

194 2079 744 2147 Ἐκκλησιαστικῆς
770 2080 939 2148 λόγοι
970 2086 1038 2148 τ’.

1886 631 1995 687 quo
2050 618 2237 672 eadem
2272 633 2497 687 prorsus
2545 620 2997 689 continebantur,
3055 624 3195 679 hunc
3248 626 3460 680 tituluut

1884 705 2023 759 libro
2098 706 2421 774 inscriptum
2477 710 2704 776 reperi:
2761 709 2957 766 Gelasli
3032 712 3299 769 Cesarea:
3362 715 3464 769 Pa-

1883 794 2107 849 lestina:
2180 797 2444 866 episcopi.
2526 796 2641 867 Ipsa
2731 816 2891 869 porro
2934 803 3103 858 dictio
3198 806 3266 858 ad
3356 806 3462 860 htt-

1886 887 2066 941 milent
2132 888 2398 958 vilemque
2432 890 2625 961 stylum
2656 894 2774 962 plus
2805 910 2959 964 aequo
3002 912 3227 968 vergere
3280 899 3462 953 anim-

1885 979 2207 1032 advertitur.

1953 1066 2150 1123 Verum
2209 1072 2332 1141 quis
2384 1073 2471 1127 hic
2504 1072 2753 1130 Gelasius
2810 1078 2902 1141 sit,
2961 1090 3114 1135 certo
3170 1096 3277 1136 non
3312 1074 3459 1150 potui

1879 1175 2227 1229 cognoscere.
2297 1162 2483 1219 Trium
2566 1167 2713 1222 enim
2794 1170 3059 1225 hactenus
3115 1171 3458 1227 Gelasiorum

1881 1252 2067 1320 (quos
2121 1254 2435 1311 discernere
2494 1260 2766 1330 nequeas)
2843 1261 3104 1318 Caesarea:
3163 1266 3463 1321 Palwstinn:

1880 1346 2281 1413 episcoporum,
2327 1348 2408 1403 vel
2459 1360 2608 1403 certe
2638 1351 2716 1418 (8)
2748 1354 2975 1407 duorum
3011 1356 3178 1410 libros
3210 1358 3461 1426 legimus.

1881 1432 2133 1498 Quorum
2167 1436 2383 1503 quidem
2415 1437 2675 1492 librorum
2715 1458 2853 1496 unus
2892 1446 3153 1499 Adversus
3184 1448 3462 1503 Anomceos

2939 1534 3132 1604 reliqui
3182 1537 3311 1602 duo,
3375 1554 3462 1592 res

1889 1618 2172 1671 continent
2222 1620 2647 1683 ecclesiasticas,
2703 1624 3037 1694 alteriusque
3096 1629 3284 1682 horum
3343 1629 3459 1696 jam

1889 1712 2048 1763 modo
2073 1722 2157 1764 est
2187 1726 2215 1764 a
2247 1712 2399 1767 nobis
2428 1715 2605 1767 obiter
2636 1716 2777 1769 facta
2820 1721 3022 1772 mentio
3056 1739 3069 1774 :
3110 1722 3255 1791 67a
3307 1725 3462 1793 cujus

1886 1817 2018 1857 sane
2045 1803 2234 1857 titulus
2283 1804 2395 1872 (ubi
2452 1806 2669 1873 quidem
2707 1808 2853 1860 illutn
2906 1812 3199 1878 ascriptum
3246 1814 3459 1865 inveni-

1886 1896 2030 1965 mus)
2080 1898 2125 1949 is
2172 1903 2275 1959 est,
2326 1912 2484 1964 quem
2521 1907 2679 1951 antea
2735 1901 2969 1955 diximus
3006 1920 3017 1954 :
3052 1901 3250 1956 Gelasii
3277 1904 3456 1959 Cma-

1885 2002 1988 2039 rea:
2022 1984 2328 2041 Palestimz
2367 1988 2594 2055 episcopi
2624 1987 3015 2045 Ecclesiasticw
3052 1992 3306 2048 Historia:
3332 1996 3459 2048 libri

1885 2089 2009 2132 ιτεε.

235 2173 364 2246 [209
384 2172 476 2245 8.]
491 2173 601 2227 Kal
616 2174 923 2242 ἀπάρχεται
941 2173 995 2226 δέ
1012 2172 1177 2227 οὕτω·
1198 2174 1275 2229 Τὰ
1290 2175 1440 2229 κατὰ
1460 2175 1576 2240 τὴν
1595 2175 1774 2244 ἁγίαν
1802 2174 1848 2233 Β

1802 2174 1848 2233 Β
1942 2172 2137 2238 Operis
2184 2187 2362 2231 autem
2422 2178 2592 2245 ipsius
2627 2181 2948 2250 principium
3007 2180 3273 2251 ejusmodi
3326 2195 3450 2237 est:

182 2268 277 2320 καί
290 2268 575 2336 μεγάλην
590 2270 687 2320 καί
709 2268 1132 2336 οὶκουμενικὴν
1146 2268 1264 2322 τῶν
1274 2270 1624 2324 ἐπισκόπων
1632 2285 1773 2323 συν-

182 2360 615 2427 αθροισθεῐσαν
632 2360 901 2413 σύνοδον
922 2361 988 2413 ἐκ
1018 2361 1255 2423 πασῶν,
1284 2362 1364 2428 ὡς
1386 2362 1531 2427 ἔπος
1558 2362 1772 2426 είπεῖν,

182 2456 298 2509 τῶν
315 2454 425 2509 τοῦ
456 2454 739 2522 Ῥωμαίου
756 2455 987 2520 κόσμου
1003 2452 1307 2523 ἐπαρχιῶν
1324 2455 1419 2507 καί
1444 2453 1763 2521 Περσίδος,

188 2548 281 2601 καὶ
313 2548 467 2614 ἐξῆς.
495 2548 604 2600 Καὶ
634 2547 863 2618 τελευτᾷ
893 2547 949 2600 δὲ
972 2548 1049 2610 είς
1094 2547 1191 2616 τὴν
1218 2546 1313 2600 τοῦ
1346 2547 1582 2615 μεγάλου
1617 2546 1772 2598 Κων-

184 2637 470 2691 σταντὶνου
504 2637 762 2707 τελευτὴν
787 2677 802 2700 ,
839 2631 954 2708 ἐν
983 2637 1077 2690 καὶ
1109 2637 1170 2688 τὸ
1212 2637 1310 2704 τῆς
1345 2637 1592 2703 ἀφέσεως
1641 2634 1761 2687 est-

185 2733 312 2797 ξατο
345 2732 491 2783 θεῖον
519 2730 745 2798 λουτρὸν
769 2772 784 2795 ,
834 2730 934 2793 τὰς
964 2732 1022 2781 ἐν
1053 2730 1152 2799 βίῳ
1198 2729 1419 2797 κηλῖδας
1446 2770 1461 2794 ,
1493 2723 1581 2782 οἷα
1624 2727 1770 2791 είκὸς

181 2822 471 2893 ἄνθρωπον
514 2821 647 2874 ὅντα
674 2820 879 2883 ταύτας
926 2818 1311 2886 ἐφέλκεσθαι⁸¹
1338 2857 1353 2883 ,
1390 2818 1768 2887 ἀπολουσάμε-

180 2933 286 2977 νος.
347 2914 546 2982 Τυχεῖν
604 2912 660 2965 δέ
725 2928 857 2981 φησι
904 2910 999 2963 τοῦ
1054 2910 1426 2979 βαπτίσματος
1484 2908 1767 2980 ὀρθοδόξου

183 3004 724 3072 μυσταγωγήσαντος
756 3000 852 3053 καὶ
882 3000 1198 3058 τελέσαντος
1217 3040 1231 3063 ,
1256 2996 1369 3051 ἀλλ’
1399 2998 1497 3067 οὐχ
1529 2998 1605 3061 ῶς
1624 3016 1765 3051 τισιν

180 3096 327 3159 ἔδοξε
353 3137 369 3159 ,
418 3095 529 3147 τῶν
563 3094 857 3165 αίρετικῶν
886 3109 1029 3155 τινος
1079 3092 1566 3162 χειραπτήσαντος.
1613 3091 1674 3143 Ἥ
1708 3090 1765 3143 δέ

177 3207 241 3258 γε
271 3188 516 3258 ἀναϐολὴ
547 3186 695 3256 αὐτῷ
724 3187 820 3239 τοῦ
850 3184 1227 3254 βαπτίσματος
1263 3182 1614 3251 παρετείνετο
1634 3223 1649 3247 ,
1681 3183 1764 3235 ὅτι

176 3283 245 3334 δι’
277 3280 577 3349 ἐπιθυμίας
627 3279 889 3349 πλείστης
915 3273 985 3347 ἦν
1018 3274 1166 3344 αὐτῷ
1214 3276 1326 3335 τοῖς
1369 3272 1763 3343 Ἰορδάνου,βα-

178 3373 503 3428 πτίσασθαι.
536 3372 676 3441 Φησὶ
704 3372 759 3424 δέ
791 3370 955 3423 αὑτὸν
999 3371 1028 3421 ὁ
1078 3365 1427 3435 συγγραφεὺς
1467 3360 1621 3428 οὗτος
1671 3366 1762 3418 ἐπὶ

178 3465 529 3527 Βασιλίσκου,
550 3462 609 3526 ὃς
628 3459 876 3515 ἐκϐαλὼν
904 3459 1130 3528 Ζήνωνα
1157 3456 1523 3526 ἐτυράννησεν
1540 3496 1555 3519 ,
1578 3454 1759 3523 ἀκμά-

1878 2262 2011 2327 Ωιιιε
2042 2269 2094 2320 in
2130 2282 2336 2331 sancta,
2373 2287 2565 2339 magna
2597 2310 2613 2336 ,
2647 2284 2693 2326 et
2762 2274 3042 2327 universali
3094 2276 3454 2343 episcoporum

1875 2361 2096 2425 synodo,
2124 2376 2187 2413 ea:
2210 2361 2470 2422 omnibus.
2498 2372 2553 2413 ut
2582 2363 2657 2415 sic
2691 2365 2886 2427 dicunt,
2917 2362 3135 2418 Noniani
3165 2366 3301 2418 orbis
3333 2384 3454 2433 pro-

1875 2451 2085 2516 vinciis,
2112 2452 2328 2521 ipsaque
2358 2455 2487 2506 adeo
2520 2453 2742 2509 Perside
2774 2469 3115 2526 congregato,
3144 2470 3195 2512 et
3224 2462 3451 2529 reliqua.

1877 2539 2192 2611 Desinitque
2249 2544 2299 2597 in
2351 2542 2697 2599 Constantini
2730 2545 2902 2615 Magni
2952 2549 3184 2612 obitum,
3234 2551 3453 2618 quando

1872 2633 2056 2687 divino
2118 2636 2457 2690 remissionis
2526 2634 2920 2712 [peccatorum]
2972 2641 3190 2695 lavacro
3263 2659 3452 2698 susce-

1874 2734 1967 2792 pto
1996 2723 2098 2795 (9),
2127 2728 2251 2781 vita:
2301 2728 2454 2794 hujus
2483 2730 2742 2793 maculas,
2778 2747 2913 2800 quas
2943 2735 3215 2787 communi
3251 2746 3453 2789 mona-

1873 2814 2002 2868 liutn
2037 2827 2183 2871 sorte
2223 2821 2565 2875 contraxisse
2596 2833 2933 2891 oportuerat,
2973 2841 3075 2877 una
3123 2826 3275 2881 eluit.
3317 2828 3453 2894 Bap-

1873 2910 2097 2965 8timate
2125 2927 2251 2965 vero
2286 2915 2510 2967 tinctum
2530 2915 2697 2970 refert
2728 2917 2793 2970 ab
2819 2919 3123 2972 orthodoxo
3138 2925 3447 2986 sacerdote,

1872 3016 2136 3071 sacroque
2155 3004 2282 3068 ritu,
2307 3020 2435 3070 non,
2462 3016 2518 3058 ut
2539 3007 2757 3074 quidam
2785 3011 3155 3076 prodiderunt,
3179 3015 3246 3066 ab
3277 3014 3450 3069 here-

1870 3090 2099 3143 ticorum
2134 3093 2333 3161 aliquo.
2357 3092 2683 3162 Longiorem
2715 3107 2895 3151 autem
2955 3098 3093 3153 hanc
3136 3101 3447 3169 baptisnnati

1868 3182 2157 3236 obvenisse
2205 3198 2432 3250 moram,
2493 3188 2636 3253 quod
2722 3186 2853 3254 ipsis
2894 3186 3148 3243 Jordanis
3206 3193 3447 3247 ﬂuminis

1867 3273 2022 3339 aquis
2060 3273 2190 3341 tingi
2228 3275 2580 3328 vehementer
2612 3286 2880 3344 optasset.
2912 3278 3153 3333 Aﬂirmat
3180 3282 3265 3336 hic
3306 3285 3446 3337 scri-

1866 3372 1985 3430 ptor
2009 3363 2109 3417 sub
2126 3362 2523 3434 Batsilisco.qui,
2551 3366 2765 3420 Zenone
2786 3368 2960 3435 pulso,
2984 3375 3443 3445 tyrannidentllO)

1866 3457 2177 3522 occupavit,
2210 3460 2411 3512 vixisse
2432 3474 2509 3519 se.
2545 3472 2608 3513 ac
2648 3459 2843 3527 legisse
2875 3463 3089 3517 concilii
3119 3476 3236 3519 acta
3271 3468 3322 3520 in
3353 3485 3444 3520 att-

176 3560 293 3622 ζειν
316 3598 332 3624 ,
380 3558 477 3611 καὶ
506 3554 875 3622 ἀνεγνωκέναι
904 3551 1001 3614 τὰς
1042 3551 1141 3620 τῆς
1186 3548 1400 3601 συνόδου
1443 3548 1667 3618 πράξεις
1700 3548 1757 3599 ἐν
1787 3530 1828 3588 C

1787 3530 1828 3588 C
1866 3544 2032 3614 liquis
2090 3549 2423 3602 membranis
2449 3551 2757 3618 conscripta
2792 3552 2925 3621 (tl),
2952 3554 3076 3607 dum
3135 3558 3309 3612 adhuc
3350 3575 3441 3628 pa-

177 3650 443 3709 παλαιαῖς
478 3645 823 3715 μεμϐράναις
844 3643 928 3695 ἐτι
964 3641 1106 3694 κατὰ
1148 3639 1247 3710 τὴν
1297 3637 1556 3709 πατρῴαν
1580 3638 1757 3690 οἰκίαν

172 3739 525 3813 διατρίϐοντα
549 3755 565 3769 ·
595 3731 672 3790 ῶν
697 3736 797 3807 τὴν
830 3735 1058 3803 μνήμην
1086 3732 1280 3801 ἔχοντα
1298 3770 1313 3793 ,
1342 3730 1436 3783 καὶ
1465 3729 1523 3793 ἐξ
1556 3730 1757 3798 ἐτέρων

174 3832 525 3904 γραμμάτων
542 3831 641 3883 ὅσα
655 3828 902 3897 χρήσιμα
924 3823 1383 3893 συναγείροντα¹¹,
1402 3821 1500 3891 τὴν
1521 3821 1757 3889 ἱστορίαν

175 3920 461 3984 συντάξαι.
494 3915 839 3987 Μνημονεύει
872 3914 917 3967 δ’
943 3906 1097 3973 οὗτος
1130 3914 1226 3965 καὶ
1257 3910 1436 3980 ῥητῶν
1465 3927 1627 3962 τινων
1658 3910 1754 3962 Γε-

172 4013 365 4064 λασίου
390 4008 566 4070 τινὸς,
600 4006 856 4060 Γελάσιον
888 4003 1049 4056 αὑτὸν
1076 4002 1167 4054 καὶ
1206 4001 1482 4068 Ῥουφῖνον
1507 4001 1624 4069 ἃμα
1654 4018 1753 4053 κα-

172 4103 279 4156 λῶν
291 4104 363 4155 ⁸³.
384 4102 550 4168 Λέγει
580 4100 635 4152 δέ
662 4096 829 4151 αὐτοῦ
860 4097 953 4149 καὶ
978 4094 1215 4164 πατρίδα
1237 4094 1336 4161 τὴν
1360 4092 1598 4157 Κύζικον
1615 4133 1628 4155 ,
1660 4095 1753 4145 καὶ

172 4196 393 4263 πατέρα
423 4193 532 4245 τῶν
560 4191 681 4244 κατ’
707 4190 877 4258 αὐτὴν
924 4185 1311 4257 πρεσϐυτέρων
1350 4186 1444 4238 ἕνα
1471 4185 1614 4238 τινά.
1646 4186 1753 4237 Καὶ

170 4280 394 4351 obrue,“
423 4280 523 4348 μὲν
547 4277 749 4332 ὁτοῦδε
784 4274 879 4329 τοῦ
928 4273 1134 4346 βιϐλίου
1187 4271 1400 4343 πατὴρ,
1450 4272 1543 4325 καὶ
1580 4271 1752 4325 ταῦτα

169 4392 313 4442 αυτη
342 4375 378 4441 ἡ
422 4371 621 4439 βιϐλος.
884 4438 1007 4492 ne”

166 4536 220 4587 Γ
222 4534 483 4586 ελασΙου
539 4533 883 4587 ἐπισκόπου
939 4531 1297 4595 Καισαρείας
1346 4526 1758 4595 Παλαιστίνης

238 4605 559 4681 ῌριοοίμγιον
589 4608 685 4681 fit;
855 4601 1005 4680 μετα
1035 4594 1149 4681 ἰὴν
1194 4594 1747 4681 Ἰρῖικλησιαστικὴν
1778 4626 1822 4681 D

250 4668 553 4741 Ἱστορίαν
578 4668 873 4726 Εὐσεϐίου
896 4671 1000 4723 τοῦ
1029 4668 1363 4738 Παμφίλου.

250 4759 319 4812 Ἠ
357 4760 414 4812 δὲ
442 4761 605 4831 λοιπὴ
635 4758 816 4829 βίϐλος
839 4758 1151 4828 ἐπιγραφὴν
1188 4757 1283 4825 μὲν
1310 4755 1423 4824 ἔχει
1448 4753 1703 4823 τοιαύτην
1727 4770 1739 4783 ·

1865 3636 2035 3688 ternis
2070 3637 2121 3689 itt
2146 3638 2350 3693 aedibus
2382 3650 2714 3694 versaretur.
2752 3640 2829 3696 Ex
2884 3644 3079 3698 horum
3132 3647 3313 3717 itaque
3332 3667 3444 3703 mc-

1865 3727 2059 3792 moria,
2087 3738 2141 3783 et
2160 3745 2225 3783 ex
2266 3731 2387 3785 aliis
2429 3742 2689 3800 praeterea
2731 3736 2971 3805 scriptis,
3032 3740 3179 3793 utilia
3214 3750 3440 3811 quaeque

1864 3814 2187 3885 colligendo,
2225 3819 2507 3873 historiam
2551 3826 2940 3890 composuisse.
2994 3825 3236 3882 Meminit
3288 3832 3437 3885 insu-

1864 3918 1978 3970 per,
2001 3906 2289 3976 laudatque
2314 3910 2455 3962 dicta
2480 3920 2724 3979 quaedam
2744 3912 2947 3969 Gelasii
2967 3916 3244 3984 cujusdam
3273 3939 3435 3989 quem

1861 3995 1977 4065 ipse
1998 3996 2267 4052 Gelasium
2305 4002 2441 4070 (l2),
2473 4002 2739 4057 Ruﬂinum
2777 4021 2990 4076 quoque
3042 4015 3433 4082 nominat(l3).

1863 4086 2026 4142 Suam
2070 4105 2231 4157 porro
2265 4094 2495 4161 patriam
2529 4109 2652 4149 esse
2692 4098 2768 4150 ait
2797 4101 3052 4168 Cyzicum
3083 4124 3094 4159 :
3124 4117 3437 4175 patremque

1860 4195 2023 4233 unum
2056 4181 2120 4236 de
2155 4183 2266 4253 (14)
2295 4186 2626 4255 presbyteris
2651 4188 2845 4242 ibidem
2871 4194 3165 4249 exstitisse.
3202 4196 3290 4252 Sic
3314 4200 3435 4254 libri

1859 4270 2023 4340 hujus
2047 4272 2557 4346 loquiturscriptor,
2592 4292 2753 4347 atque
2802 4282 2915 4337 haec
2959 4283 3097 4339 liber
3130 4288 3245 4356 ipse
3283 4304 3437 4344 com-

1860 4375 2145 4419 memorat.

2402 4438 2667 4496 LXXXIX
2722 4445 2856 4515 (l5).

1857 4520 2055 4603 Gelasii
2109 4525 2367 4581 Ca’sareaz
2403 4527 2701 4603 Palaestinis
2730 4540 2958 4603 τρίπον.
3009 4537 3323 4591 Prooemium
3376 4547 3431 4596 in

1928 4596 2345 4667 qdditamentum
2366 4601 2435 4651 ad
2508 4596 2813 4658 Ecclesiait.
2858 4596 3145 4660 Historiam
3220 4610 3432 4667 Eusebii

1920 4662 2207 4733 Pamphili.

1920 4753 2038 4807 Jutn
2072 4759 2208 4811 alter
2241 4756 2445 4829 [rerum
2472 4762 2980 4832 ecclesiasticarum,
3031 4770 3099 4823 de
3129 4786 3234 4840 quo
3266 4789 3429 4841 supra

1473 4870 1703 4931 ιΑιιυΕ
1744 4868 2151 4928 LECTIONES.

240 4968 285 4999 ,ν
312 4965 414 5039 ὡς]
445 4966 578 5036 πρὸς
608 4964 803 5059 ᾼ”οὒκ
934 4964 1128 5059 Βἱγιὶκιιιὶ,
1158 4964 1278 5045 add.
1312 4964 1358 5017 Α
1396 4964 1530 5059 ε-Δν
1560 4965 1712 5059 κατα
1741 4964 2103 5059 [ίμλαιστίνην
2124 4970 2227 5059 Au:
2254 4971 2323 5059 εἐν
2351 4971 2676 5059 μαλαιστίνῃ
2701 4978 3007 5059 γενομένων
3041 4998 3123 5059 ς.Δ
3181 4983 3226 5014 ’⁸
3261 4986 3427 5059 verbo

163 5039 280 5107 ἔχει
314 5032 596 5091 numerum
627 5032 765 5087 infra
827 5038 902 5101 (ν.
934 5033 1025 5099 27)
1082 5036 1365 5113 omissutn,
1412 5032 1521 5096 πθ’,
1579 5037 1801 5118 apponit
1845 5051 1950 5102 mg.
1985 5038 2050 5089 A.

167 5123 341 5167 ραντα
383 5145 401 5161 .
512 5105 558 5137 ⁸³
598 5104 716 5165 ἁμα
746 5102 926 5158 καλῶν
952 5104 993 5155 Α
1028 5104 1350 5157 εανακαλων
1374 5121 1434 5167 ς.
1514 5103 1563 5134 ’⁸
1595 5119 1740 5155 ουτω
1762 5120 1823 5167 ς.

1699 5169 1929 5231 ΝΟΤᾹί.

167 5102 341 5178 pavr:
383 5145 401 5161 .
512 5105 558 5137 ⁸³
598 5104 716 5165 ἁμα
746 5102 926 5158 καλῶν
952 5104 993 5155 Α
1028 5103 1350 5157 εανακαλῶν
1374 5121 1434 5167 ς.

228 5248 310 5317 (7)
351 5245 520 5299 lllum-
539 5243 680 5299 forte
696 5243 939 5299 codicem
969 5253 1139 5312 putat,
1170 5260 1329 5314 quem
1359 5259 1517 5313 supra
1574 5242 1695 5297 loco
1722 5259 1739 5297 t

166 5316 443 5373 retensuit

230 5388 311 5459 (8)
342 5385 615 5459 illustriss.
641 5391 788 5459 certe
808 5381 1191 5459 Baron._t._Vl_.
1213 5384 1282 5438 ad
1304 5399 1429 5459 ann.
1456 5381 1581 5459 Chr.
1608 5380 1735 5445 496,

2165 5039 2209 5069 ¹¹
2250 5040 2611 5112 ἐφελκόμενον
2651 5039 2869 5110 ’ταύτας
2941 5067 3003 5115 ς.
3048 5039 3125 5084 ἠ
3175 5039 3427 5122 συναγείζ

1951 5243 2033 5301 10)
2054 5244 2195 5297 Ann.
2229 5243 2428 5301 Christi
2455 5246 2582 5301 466.

1951 5243 2012 5297 10
2054 5244 2195 5297 Ann.
2229 5243 2428 5301 Christi
2455 5246 2582 5301 466.

1947 5242 2033 5383 ll;
2060 5313 2189 5397 Qua:
2218 5317 2463 5397 fuissent
2524 5318 2795 5397 Dalmatii,
2827 5321 3216 5393 Cyzicenorttttt
3253 5345 3425 5397 quott-

1845 5380 1969 5457 datzt
1989 5380 2306 5457 archiepis.,
2340 5389 2495 5457 cujus
2522 5400 2575 5443 et
2596 5380 2854 5445 Socrates
2871 5380 3192 5448 inendnisse
3213 5380 3425 5455 videtur

164 5451 309 5519 ini't.,
343 5458 590 5510 eumdem
636 5455 969 5524 demonstrat
1000 5454 1273 5510 Gelasium
1320 5453 1481 5524 hujus
1507 5451 1650 5507 Hist.
1682 5464 1737 5506 et
1842 5452 2074 5524 Πίλνιι,
2098 5451 2214 5522 esp.
2240 5455 2327 5511 28.

161 5527 353 5581 Libelli
377 5526 639 5579 Adversus
654 5523 948 5587 Atlanteos,
969 5526 1083 5580 sive
1110 5523 1411 5587 Eutychen.
1432 5523 1509 5579 De
1526 5525 1625 5575 dua
1635 5524 1735 5577 bus

161 5539 352 5581 Meus
377 5539 639 5579 Adversus
654 5539 948 5587 Δηοαωοσ,
969 5539 1083 5580 σιω
1110 5539 1209 5578 aut
1250 5539 1411 5584 cnen.
1433 5539 1509 5579 ue
1526 5539 1625 5575 uua
1635 5539 1727 5577 oua

160 5597 383 5674 naturis
394 5598 446 5649 in
471 5596 707 5674 Christo,
728 5605 1000 5649 auctorem
1189 5539 1319 5674 {ide
1335 5593 1432 5674 inti.
1461 5592 1581 5674 cod.
1607 5592 1727 5674 l

232 5667 309 5735 (9)
344 5664 559 5720 Eusebii
587 5677 851 5728 errorem,
880 5680 909 5735 ξ
936 5664 1115 5719 multis
1144 5665 1347 5732 pridem
1376 5662 1603 5735 Grzecis_
1629 5660 1731 5735 La-

158 5730 396 5812 tinisiwe
433 5737 791 5812 scriptoribus
821 5730 1410 5812 refutatutn.,'s_equitur
1445 5734 1531 5787 hic
1564 5730 1725 5812 Cela-

157 5809 271 5860 sius
300 5803 319 5860 ξ
345 5816 402 5860 et
434 5808 547 5860 hac
575 5806 801 5861 forsitan
829 5818 991 5858 causa
1019 5805 1202 5858 omissi
1235 5803 1285 5858 in
1327 5819 1427 5857 tus.
1463 5803 1607 5856 tertii
1636 5803 1733 5853 hu-

152 5878 241 5946 jus
266 5876 407 5934 ﬂist.
426 5875 570 5933 libri.
591 5875 722 5933 Vide
746 5872 871 5929 Bas.
889 5874 1039 5930 card.
1071 5883 1109 5931 t.
1127 5872 1288 5943 lll,ad
1337 5890 1426 5930 an.
1454 5872 1552 5929 Cit.
1599 5870 1727 5925 3H.

1913 5523 2023 5592 (l2)
2040 5522 2176 5607 lib.
2240 5541 2278 5587 ι,
2312 5543 2432 5597 cap.
2470 5528 2523 5586 7.
2586 5530 2708 5586 init.
2761 5531 2895 5601 Ὀγε
2927 5533 3043 5607 μὴν
3107 5537 3417 5607 Ῥουφινος,

1839 5591 2011 5661 ἦγουν
2036 5592 2074 5644 Γ
2077 5594 2310 5659 ελάσιος.

1906 5663 2017 5731 (l3)
2038 5663 2195 5718 Initio
2224 5665 2578 5725 Praefatiouis.

1909 5732 2020 5816 (.14)
2053 5734 2192 5786 Ante
2220 5738 2589 5816 sacerdotium
2599 5751 2787 5816 tamen
2814 5742 2865 5795 in
2888 5742 3138 5816 conjugio
3164 5758 3410 5802 nostrum

1843 5800 2115 5874 Gelasiuttt
2140 5819 2259 5858 esse
2280 5810 2517 5874 genitum
2556 5810 2649 5864 tibi
2675 5824 2880 5865 centum
2908 5800 2997 5868 sil:

1904 5873 2015 5944 (l5)
2036 5871 2221 5941 .Quctn
2252 5871 2352 5944 ego
2386 5894 2692 5945 numerum,
2728 5884 2957 5952 primum
2995 5885 3275 5955 omissum,
3313 5888 3412 5945 de-
