4224 6442
218 418 334 481 297
1337 416 1859 479 BIBLIOTHECA.
1904 444 1973 455 -
2010 419 2177 481 COD.
2212 420 2359 481 XCI.
3389 405 3495 472 298

220 534 415 591 ναίους
446 529 682 592 σπονδάς
710 530 805 583 καὶ
834 529 958 593 τοὺς
979 529 1170 592 ἄλλους
1199 527 1470 598 ’Έλληνας
1488 568 1503 591 ,
1531 526 1659 580 ἄνευ
1689 527 1816 598 μέν·
1845 535 1888 592 Α

1845 535 1889 592 Α
1919 529 2071 584 silius
2115 529 2441 598 caeterisque
2478 524 2703 590 ϐιηθεὶς,
2752 520 3184 579 Lacedazmouiis
3233 523 3496 590 exceptis,

222 638 307 673 τοι
338 620 793 689 Λακεδαιμονίων
811 661 828 686 ,
862 623 958 676 καὶ
978 621 1075 692 τὴν
1108 621 1202 674 ἐπὶ
1227 621 1328 691 τὴν
1365 619 1549 672 Ἀσίαν
1573 619 1817 690 περαίωο

1921 620 2095 677 ίωάιιε
2126 622 2371 684 iuivisse,
2400 635 2464 673 ac
2486 619 2686 673 dehinc
2722 618 2776 671 in
2801 615 2989 670 Asiam
3021 611 3324 683 traiecisse,
3357 625 3500 682 pra:-

228 728 315 764 σιν
335 752 350 775 ,
375 713 528 776 ὅπως
562 730 623 765 τε
651 713 856 783 μάχαις
894 713 1042 784 τρισὶ
1060 713 1106 744 ³³
1132 710 1543 784 κατεστρέψατο
1565 712 1817 784 Πέρσας,

1922 714 2117 784 liisque
2147 712 2344 769 Persas
2366 711 2617 779 fregisse,
2649 719 2703 764 et
2732 709 2796 763 ad
2823 706 3119 764 Granicum
3150 704 3369 774 quidem
3409 705 3502 759 Da-

228 805 286 855 ἐν
312 803 570 874 Γρανικῷ
616 804 717 873 μὲν
763 806 889 869 τοὺς
929 807 1217 875 σατράπας
1258 804 1522 875 Δαρείου,
1560 802 1821 873 στρατιάν

1924 805 1988 857 rii
2015 815 2285 873 satrapas,
2309 803 2494 871 copias
2524 802 2785 855 ducentes
2816 797 3059 869 equitum
3090 794 3280 865 viginti
3311 792 3502 850 millia.

231 897 469 963 ἄγοντας
517 896 840 967 δισμυρίους
894 896 993 967 μέν
1029 898 1216 958 ἱππεῖς
1236 936 1251 960 ,
1285 895 1489 959 πεζοὺς
1519 894 1578 949 δέ
1608 893 1761 966 παρὰ
1776 894 1822 927 ⁸³

235 990 438 1058 μικρὸν
469 988 617 1052 ἴσους
637 1029 653 1052 ,
702 990 929 1053 τούτους
961 990 1284 1058 σύμπαντας
1332 989 1821 1058 καταπολεμήσας,

232 1081 293 1132 ἐν
344 1079 507 1150 Ἰσσῷ
552 1081 610 1134 δὲ
643 1081 806 1134 αὐτόν
858 1099 917 1133 τε
950 1084 1174 1151 Δαρεῖον
1206 1082 1300 1133 καὶ
1331 1081 1457 1142 τοὺς
1495 1081 1635 1149 ἀμφ’
1664 1079 1826 1133 αὑτὸν

233 1174 383 1226 κατὰ
404 1174 607 1244 κράτος
629 1173 974 1244 τρεψάμενος
998 1215 1012 1235 ,
1030 1174 1124 1226 καλ⁵
1150 1171 1430 1225 συλλαϐὼν
1446 1170 1826 1241 αἰχμαλώτους

236 1267 439 1329 παῖδάς
470 1284 530 1320 τε
573 1268 669 1319 καὶ
699 1268 871 1336 αὐτὴν
893 1268 1128 1335 γυναῖκα
1152 1309 1166 1330 ,
1198 1267 1256 1318 ἐν
1290 1268 1346 1319 Ἀ
1359 1266 1576 1335 ρϐήλοις
1623 1264 1680 1317 δὲ
1709 1264 1827 1334 ἦτοι

235 1363 296 1411 ἐν
333 1360 720 1429 Γαυγαμήλοις
742 1361 821 1421 εἰς
843 1359 996 1421 τέλος
1024 1357 1535 1433 αύτδνέκνικήσας.
1559 1358 1748 1419 Ὅπως
1768 1373 1828 1408 τε

239 1450 465 1517 ςεύγων
495 1454 715 1519 Δαρεῖος
748 1451 856 1502 ὑπὸ
886 1448 995 1501 τῶν
1026 1450 1245 1502 οἰκείων
1288 1447 1529 1518 ἀνῃρέθη
1552 1488 1565 1512 ,
1596 1448 1832 1518 svspen-

239 1544 310 1611 θη
339 1544 398 1596 δὲ
447 1542 563 1595 ἀντ’
610 1543 777 1595 αὐτοῦ
815 1543 921 1594 ὑπὸ
966 1542 1076 1594 τῶν
1116 1542 1245 1611 περὶ
1289 1542 1449 1595 αὐτὸν
1479 1542 1557 1603 είς
1609 1540 1831 1610 βασιλέα

242 1636 457 1702 Βῆσσος
486 1650 499 1661 ⁸
529 1636 677 1695 ὅπως
699 1651 757 1684 τε
787 1634 912 1685 ὖστε
924 1650 1011 1702 ρον
1034 1633 1243 1702 Βῆσσον
1270 1632 1617 1700 Ἀλέξανδρος
1642 1632 1825 1685 λαϐὼν

241 1729 343 1793 τῆς
384 1729 465 1787 εἰς
504 1729 736 1796 Δαρεῖον
773 1727 980 1795 τόλμης
1014 1726 1326 1795 ἐλωϐήσατο
1360 1744 1418 1778 τε
1459 1727 1553 1779 καὶ
1600 1728 1831 1779 ἀνεῖλεν.

248 1820 371 1871 Ἔτι
402 1836 463 1870 τε
488 1822 634 1880 ὅπως
654 1822 712 1871 ἐν
737 1820 940 1886 μάχαις
956 1819 1304 1888 Ἀλέξανδρος
1328 1819 1558 1881 ἑπτάκις
1588 1818 1826 1888 ἐτρώθη’

1924 895 2134 963 pedites
2172 912 2309 964 pene
2332 894 2575 959 totidem,
2613 907 2807 947 omnes
2843 886 3269 946 debellassezad
3324 883 3503 941 Issum

1927 1002 2055 1041 vero
2077 986 2296 1041 Darium
2327 1002 2448 1041 cum
2475 985 2719 1041 exercitu
2751 984 2952 1038 fudisse
2977 982 3326 1052 fugasseque,
3354 986 3411 1031 et
3448 976 3507 1029 li-

1928 1079 2109 1143 beros,
2143 1088 2303 1148 atque
2331 1078 2463 1133 adeo
2494 1092 2719 1132 uxorem
2755 1074 2984 1145 cepisse.
3018 1072 3077 1127 In
3110 1070 3351 1134 Arbelis,
3393 1068 3508 1123 sive

1930 1170 1983 1223 in
2016 1169 2363 1239 Gaugamelis
2402 1169 2617 1224 tandem
2642 1176 2697 1223 et
2718 1167 2893 1236 ipsum
2944 1163 3167 1218 Darium
3192 1175 3504 1229 superasse,

1930 1263 2153 1315 ethunc
2180 1261 2480 1330 fugientem
2505 1276 2533 1314 a
2573 1260 2688 1315 suis
2736 1259 2980 1314 occisum
3029 1271 3174 1311 esse.
3214 1253 3510 1310 Suffectum

1932 1351 2129 1407 deinde
2183 1352 2251 1407 ab
2299 1351 2491 1406 iisdem
2526 1352 2577 1405 in
2615 1349 2759 1405 Darii
2807 1348 2981 1405 locum
3038 1363 3221 1417 regem
3262 1346 3509 1409 Bessum,

1933 1460 2087 1513 teque
2106 1442 2447 1511 postmodum
2476 1443 2544 1498 ab
2574 1441 2883 1497 Alexandro
2906 1449 3156 1509 captum,
3181 1448 3234 1492 et
3252 1439 3322 1493 ob
3343 1437 3515 1490 auda-

1935 1551 2051 1591 cem
2080 1536 2133 1589 iu
2168 1537 2386 1590 Darium
2415 1535 2671 1600 iniuriam
2706 1534 2943 1587 ludibrio
2975 1532 3253 1597 affectum,
3298 1532 3515 1600 vitaque

1936 1628 2229 1696 privatum.
2292 1629 2491 1682 Adhaec
2554 1626 2755 1694 septies
2803 1625 3171 1679 Alexandrum
3228 1623 3369 1677 inter
3416 1639 3513 1691 pu-

1938 1719 2210 1787 gnanduin
2262 1719 2427 1773 fuisse
2471 1718 2845 1779 vulneratum,
2878 1717 3167 1785 regiasque
3207 1713 3260 1767 iu
3289 1712 3515 1781 Pagasis

1940 1824 2069 1876 opes
2092 1809 2375 1863 sustulisse
2396 1808 2532 1878 (2f).
2559 1807 2695 1862 Cum
2752 1806 2881 1860 item
2924 1820 3245 1873 persuasum
3278 1804 3326 1860 ei
3368 1814 3517 1859 esset

244 1915 338 1963 καὶ
369 1913 518 1973 ὅπως
559 1906 670 1964 εἷλε
704 1912 772 1963 τά
803 1913 861 1964 ἐν
899 1913 1181 1979 Παγάσαις
1203 1913 1247 1944 ³⁸
1280 1912 1526 1982 βασίλεια
1551 1913 1828 1982 χρήματα·
1867 1882 1907 1938 Β

1867 1882 1907 1938 Β
1938 1900 2206 1955 Philotam
2238 1901 2463 1955 insidias
2487 1899 2688 1966 moliri,
2723 1914 2845 1953 cum
2878 1907 3101 1968 parente
3154 1896 3516 1951 Parmenione

245 2004 345 2054 καὶ
375 2004 458 2055 ὅτι
494 2004 748 2065 πεισθεὶς
790 2004 867 2065 ὡς
902 2003 1144 2068 Φιλώτας
1174 2006 1259 2075 εἴη
1293 2005 1486 2073 βουλὴν
1521 2007 1639 2057 κατ’
1670 2004 1837 2057 αὑτοῦ

249 2096 516 2162 μελετῶν,
531 2096 738 2148 άνεῖλεν
757 2096 917 2149 αὐτόν
934 2114 991 2149 τε
1006 2097 1204 2149 καὶτὸν
1228 2097 1438 2167 πατέρα
1456 2097 1835 2166 Παρμενίωνα.

246 2188 502 2253 Ἐγένετο
542 2187 598 2239 δὲ
642 2188 737 2239 καὶ
769 2187 880 2239 τῶν
919 2188 1221 2257 Σογδιανῶν
1270 2188 1559 2257 βασιλείων
1600 2188 1789 2258 κύριος
1818 2228 1834 2250 ,

248 2284 347 2333 καὶ
390 2282 604 2342 Σκύθας
652 2281 708 2333 δὲ
760 2282 887 2343 τοὺς
932 2282 990 2334 ἐν
1022 2284 1089 2351 τῇ
1125 2280 1283 2351 Ἀσίᾳ
1319 2282 1467 2352 μάχῃ
1499 2283 1829 2351 ἐκράτησεν.

251 2374 452 2433 Ὅπως
490 2389 548 2423 τε
589 2373 647 2423 τὴ
680 2372 777 2425 τοῦ
814 2373 1044 2425 Κλείτου
1080 2373 1313 2443 πάθημα
1350 2373 1488 2442 τῷδ’
1522 2374 1671 2443 ποτῷ
1701 2391 1842 2443 παρ-

248 2465 573 2533 ενεχθέντος
608 2464 962 2534 Ἀλεξάνδρου
993 2464 1215 2533 συνέϐη,
1242 2466 1334 2517 καὶ
1362 2459 1473 2516 οἷον
1498 2464 1692 2527 πένθος
1715 2467 1841 2517 ἁνα-

250 2560 432 2626 νήυᾲας
463 2556 801 2620 ἐπεδείξατο.
858 2556 978 2608 Ἐτι
1012 2556 1069 2608 δὲ
1115 2558 1214 2609 καὶ
1262 2558 1296 2626 ὴ
1351 2557 1415 2607 ἐκ
1461 2556 1670 2609 παίδων
1722 2557 1842 2608 κατ’

266 2649 619 2717 Ἀλεξάνδρου
677 2648 969 2718 ἐπιϐουλὴ,
1023 2649 1118 2701 κα)⁵
1165 2650 1199 2716 η
1240 2648 1332 2700 ἐπὶ
1375 2646 1549 2717 τούτῳ
1590 2647 1834 2709 κόλασις.

254 2740 450 2800 Ὅπως
484 2754 543 2789 τε
572 2738 604 2805 ἡ
634 2738 691 2791 ἐν
725 2738 792 2807 τῇ
823 2737 1083 2808 Σογδιανῇ
1128 2736 1304 2805 πέτρα
1343 2735 1483 2787 ἑάλω
1513 2734 1607 2786 καὶ
1642 2736 1675 2803 ἡ
1706 2733 1843 2801 γυνὴ

255 2828 590 2898 Ὀξυάρτου,
626 2828 685 2891 ὃς
712 2829 919 2898 ταύτης
957 2829 1055 2897 τῆς
1086 2827 1267 2898 χώρας
1317 2825 1631 2879 ἐϐασίλευεν
1654 2842 1667 2855 ο
1704 2824 1841 2879 άλλά

255 2921 357 2971 καὶ
390 2922 423 2989 η
472 2920 716 2988 θυγάτηρ
758 2917 1035 2987 Ῥωξάνη,
1082 2918 1151 2987 ἠν
1204 2917 1431 2986 ὕστερον
1489 2916 1842 2985 Ἀλέξανδρος

256 3014 439 3081 γάμου
469 3014 621 3082 νόμῳ
654 3014 889 3080 γυναῖκα
928 3010 1187 3080 ἠγάγετο.
1234 3011 1344 3061 Καὶ
1393 3010 1467 3072 ώς
1497 3008 1845 3079 Ἀλέξανδπ

256 3108 324 3155 ἐκ
376 3104 633 3175 Βάκτρων
680 3103 775 3156 ἐπὶ
804 3102 1000 3165 Ἰνδοὺς
1047 3102 1250 3163 ἐλάσας
1299 3105 1501 3170 μάχαις
1539 3100 1843 3170 ἐκράτησε,

258 3199 359 3248 καὶ
388 3196 573 3255 πόλεις
610 3195 788 3248 αὐτῶν
816 3195 1105 3265 πολιορκίᾳ
1131 3193 1331 3255 πολλάς
1359 3186 1503 3245 εἷλεν
1525 3210 1538 3223 ο
1563 3195 1621 3244 ἐν
1646 3187 1726 3252 οἷς
1754 3192 1846 3244 καὶ

258 3289 361 3355 τὴν
394 3287 739 3355 καλουμένην
770 3288 994 3355 ’Ἄορνον
1015 3282 1351 3355 παραλαϐὼν
1396 3285 1475 3345 είς
1517 3283 1614 3352 τὴν
1642 3283 1843 3335 Ἀσκά-

258 3395 368 3428 νων
386 3377 431 3407 ³⁵
453 3376 635 3446 χώραν
664 3374 947 3444 ἐμϐάλλει.
981 3371 1244 3442 Ἐζεύχθη
1270 3372 1327 3424 δὲ
1351 3372 1500 3440 αὑτῷ
1522 3374 1616 3424 καὶ
1636 3372 1665 3423 ὁ
1686 3370 1845 3434 Ἰνδὸς

262 3468 511 3537 ποταμὸς
555 3467 799 3528 πλοίοις,
834 3466 927 3517 καὶ
972 3464 1165 3527 διαϐάς
1210 3464 1400 3533 Πῶρόν
1432 3480 1491 3514 τε
1536 3463 1627 3515 τὸν
1670 3462 1847 3515 Ἰνδῶν

263 3562 497 3629 βασιλέα
532 3560 751 3627 ἐνίκησε
787 3558 886 3627 μιᾷ
923 3558 1073 3628 μάχῃ
1105 3558 1200 3610 καὶ
1248 3551 1361 3608 εἷλε
1407 3556 1683 3625 ζωγρίαν,
1726 3550 1846 3608 εἶτα

264 3654 363 3705 καὶ
414 3652 953 3721 φιλοφρονησάμενος
1002 3650 1263 3702 πλειόνων
1294 3650 1484 3719 ἄρχειν
1534 3650 1566 3719 ἢ
1615 3647 1848 3719 πρόσθεν

265 3745 462 3796 ἔδωκε.
494 3744 659 3809 Λέγει
692 3742 751 3794 δὲ
791 3744 875 3794 ὅτι
898 3742 948 3793 οἱ
976 3742 1128 3794 Ἰνδοὶ
1163 3744 1434 3812 ποταμοὶ,
1470 3742 1721 3812 καθάπερ
1755 3746 1849 3794 καὶ

263 3840 294 3888 ὀ
322 3835 545 3897 Νεῖλος,
583 3834 777 3903 θέρους
812 3835 908 3902 μὲν
936 3834 1190 3898 αῠξονται
1211 3875 1226 3899 ,
1256 3834 1519 3904 χειμῶνος
1543 3835 1600 3887 δὲ
1632 3836 1848 3903 μειοῦν-

266 3945 381 3979 ται.
408 3925 779 3993 Διαλαμϐάνει
824 3926 881 3977 δέ
928 3928 1020 3977 καὶ
1056 3928 1203 3988 ὅπως
1252 3926 1412 3979 ἄλλον
1448 3926 1569 3979 τινά
1627 3926 1846 3995 Πῶρον,

264 4019 365 4070 καὶ
412 4016 575 4069 αὑτὸν
618 4016 798 4068 Ὶνδῶν
852 4015 1237 4085 βασιλεύοντα,
1283 4017 1341 4069 ὃν
1392 4020 1486 4070 καὶ
1537 4022 1615 4079 είς
1653 4022 1849 4072 κακίαν

262 4110 463 4162 ἐλάσαι
482 4109 652 4175 λέγει,
679 4108 869 4161 τοῦτον
893 4108 1105 4162 διώκων
1130 4108 1477 4181 Ἀλέξανδρος
1494 4113 1585 4163 τὸν
1608 4112 1849 4181 Ὑδραώ-

262 4220 369 4271 την
383 4200 425 4232 ³⁷
474 4201 721 4269 ποταμὸν
753 4199 1067 4269 ἐπεραιώθη
1091 4240 1106 4265 ,
1150 4203 1244 4254 καὶ
1273 4204 1399 4265 τοὺς
1432 4202 1603 4273 ταύτῃ
1635 4203 1850 4255 οἰκοῦν-

266 4310 366 4354 τας
401 4292 598 4354 Ἰνδοὺς
626 4291 955 4360 ἐχειρώσατο
979 4330 995 4355 ,
1032 4294 1128 4345 καὶ
1164 4292 1293 4363 [I22
1323 4292 1415 4364 H.]
1450 4294 1632 4357 πόλεις
1668 4296 1850 4349 αὐτῶν

268 4384 517 4453 μεγάλας
546 4385 643 4437 καί
667 4383 1129 4453 πολυανθρώπους
1156 4385 1591 4454 ἐκπολιορκήσας
1632 4388 1722 4438 ἐπὶ
1762 4388 1853 4439 τὸν

268 4477 511 4545 ’Ὕφασιν
548 4476 791 4543 ποταμὸν
842 4476 1059 4545 ἐχώρει.
1119 4477 1273 4530 Ἐπεὶ
1302 4476 1359 4529 δέ
1415 4478 1710 4532 διαϐαίνειν
1758 4480 1852 4531 καὶ

1944 1991 2377 2045 interficiendum
2428 1990 2602 2059 ipsum
2653 2004 2901 2051 curasse,
2936 1989 3333 2057 Sogdianorum
3380 2002 3515 2056 quo-

1941 2100 2045 2151 que
2077 2099 2365 2153 regnorum
2404 2084 2635 2152 potitum
2662 2098 2807 2145 esse.
2832 2082 2979 2154 68a
3005 2092 3060 2136 et
3096 2081 3238 2137 Asia:
3284 2081 3518 2150 Scythas

1942 2177 2132 2246 proelio
2168 2176 2381 2230 vicisse.
2423 2174 2624 2229 Clitum
2664 2179 2731 2229 ab
2763 2175 3069 2229 Alexandro
3093 2184 3219 2245 potu
3242 2183 3515 2243 correpto,

1944 2270 2347 2339 interemptum,
2376 2282 2741 2336 magnumque
2764 2284 2887 2322 mox
2912 2281 3034 2322 eum
3069 2266 3222 2334 facti,
3246 2278 3302 2321 ut
3336 2268 3403 2322 ad
3428 2284 3519 2322 so-

1945 2363 2227 2416 brietatem
2281 2360 2536 2425 redierat,
2572 2376 2858 2415 maerorem
2891 2362 3197 2417 ostendisse
3230 2376 3245 2415 :
3292 2363 3359 2416 ad
3407 2363 3521 2415 hac

1942 2464 1997 2506 et
2049 2452 2355 2507 Alexandro
2405 2468 2435 2505 a
2496 2453 2680 2520 pueris
2731 2462 2967 2506 structas
3030 2451 3198 2508 fuisse
3260 2452 3517 2511 insidias.

1946 2560 2237 2614 pinnasque
2295 2545 2495 2598 idcirco
2554 2545 2842 2615 irrogatas.
2898 2544 3112 2599 Petram
3178 2546 3323 2600 illam
3370 2546 3517 2616 (22).

1946 2652 2064 2703 qua:
2106 2637 2157 2687 in
2188 2634 2455 2703 Sogdiaua
2484 2636 2714 2705 regione
2743 2648 2851 2703 est,
2888 2647 3208 2707 occupatam
3244 2653 3388 2703 esse,
3429 2654 3521 2691 Cu-

1946 2739 2035 2796 pta
2061 2727 2306 2798 Oxyarti.
2342 2730 2430 2796 qui
2469 2728 2675 2796 regioni
2737 2728 2811 2783 illi
2857 2729 3226 2797 imperitabat,
3268 2729 3519 2801 conjuge,

1948 2836 2053 2873 una
2100 2836 2222 2873 cum
2270 2808 2492 2875 Roxana
2528 2819 2659 2884 lilia,
2701 2835 2864 2889 quam
2897 2830 3013 2890 post
3044 2819 3351 2875 Alexander
3386 2838 3522 2876 uxo-

1950 2930 2059 2967 rem
2098 2914 2199 2966 rite
2226 2913 2462 2967 duxerit.
2511 2913 2882 2967 Alexandrum
2915 2928 2981 2967 ex
3014 2913 3230 2968 Bactris
3261 2915 3326 2967 ad
3364 2914 3524 2968 Indos

1949 3004 2275 3071 pt'nfCCtuut,
2317 3006 2639 3075 pugnaillos
2679 3019 2987 3075 superasse,
3032 3008 3304 3077 urbesque
3333 3024 3520 3062 eorum

1950 3097 2211 3165 plurimas
2235 3099 2517 3153 obsidione
2563 3099 2774 3167 cepisse
2803 3117 2817 3153 :
2853 3100 2909 3153 in
2964 3099 3049 3155 bis
3075 3110 3132 3154 et
3162 3106 3346 3155 Aoruo
3381 3100 3524 3168 (quae

1949 3192 2474 3262 dicitur)occupata,
2529 3194 2581 3246 in
2633 3194 3005 3248 Asacanorum
3048 3195 3380 3263 provinciam
3404 3195 3525 3265 (25)

1950 3284 2284 3352 pervenisse.
2350 3282 2587 3338 Navibus
2637 3294 2901 3353 praeterea
2957 3285 3088 3339 ludo
3129 3286 3351 3340 flumine
3397 3302 3526 3341 con-

1946 3386 2141 3437 strato.
2184 3374 2485 3442 traiecisse,
2520 3386 2573 3431 et
2624 3374 2826 3431 Porum
2882 3376 3133 3431 ludorum
3188 3393 3365 3448 regem
3418 3394 3526 3433 uno

1945 3469 2214 3522 devictum
2238 3469 2449 3537 prmlio,
2473 3470 2654 3524 vivum
2678 3472 2908 3539 cepisse,
2937 3473 3354 3542 humaniterun
3374 3487 3525 3526 com-

1949 3558 2190 3626 plexum,
2222 3560 2388 3616 latius
2426 3563 2773 3631 etiaiuquaui
2801 3575 2960 3619 antea
2996 3579 3226 3634 regnare
3272 3565 3524 3633 jussisse.

1950 3651 2109 3705 ludos
2134 3653 2345 3719 fluvios,
2386 3670 2490 3708 non
2509 3670 2668 3709 secus
2698 3664 2861 3725 atque
2897 3655 3073 3710 Nilum
3103 3664 3293 3711 aestate
3316 3659 3523 3725 augeri,

1951 3744 2126 3813 hieme
2197 3760 2327 3799 vero
2384 3746 2549 3799 minui
2588 3756 2869 3801 memorat.
2927 3747 3118 3803 Refert
3178 3749 3305 3804 item
3362 3748 3525 3804 alium

1950 3839 2239 3905 quemdam
2274 3836 2493 3902 Porum,
2527 3838 2669 3893 ludis
2714 3854 2931 3908 quoque
2960 3840 3339 3910 imperantem,
3364 3857 3523 3910 quem

1951 3937 2006 3979 et
2063 3926 2431 3982 facinorosum
2465 3931 2631 3984 fuisse
2677 3932 2776 3984 ait.
2804 3930 3171 3985 Alexandrum
3217 3947 3346 3987 vero
3399 3934 3526 3987 dum

1954 4019 2094 4071 hunc
2147 4021 2513 4089 persequitur,
2562 4020 2853 4091 Hydaspen
2906 4023 3132 4078 ﬂuvium
3188 4026 3525 4089 transivisse,

1953 4106 2177 4177 ejusque
2198 4112 2416 4165 accolas
2448 4111 2608 4167 ludos
2638 4113 2781 4168 bello
2816 4129 3138 4183 superasse:
3167 4117 3362 4171 horum
3395 4135 3526 4187 qno~

1954 4216 2057 4261 que
2106 4201 2301 4269 Oppida
2339 4203 2676 4272 ingentia,et
2725 4203 3040 4273 frequenter
3070 4204 3311 4260 habitata
3358 4213 3528 4264 armis

1956 4292 2184 4360 cepisse,
2240 4296 2642 4364 tetendisseque
2693 4311 2856 4365 porro
2931 4296 2999 4350 ad
3066 4296 3365 4369 llypbasitn
3414 4300 3526 4371 (‘24)

1956 4384 2149 4440 tlumeu
2222 4402 2236 4438 :
2315 4386 2455 4454 quod
2534 4390 2661 4440 dum
2745 4392 3121 4445 transmittere
3217 4393 3527 4447 Alexander

1956 4485 2191 4544 pararet,
2225 4478 2536 4532 tumultuari
2570 4479 2794 4535 militem
2820 4482 3073 4551 ccepisse,
3096 4484 3237 4551 quod
3293 4500 3391 4540 nec
3452 4485 3529 4539 la-

261 4568 456 4620 τοῦτον
519 4566 869 4635 Ἀλέξανδρος
915 4565 1058 4639 [215
1090 4565 1198 4637 ιι]
1231 4566 1487 4637 ἔμελλεν,
1546 4569 1604 4630 ἐς
1661 4568 1851 4621 στάσιν
1882 4586 1928 4644 υ

1882 4586 1928 4644 υ
1956 4571 2113 4624 bores
2132 4570 2379 4626 assiduos
2411 4572 2686 4635 toleraret,
2722 4586 2822 4627 nec
2857 4574 2978 4629 belli
3019 4577 3280 4643 quietem,
3334 4576 3528 4631 finem-

265 4659 497 4729 ἐνικήθη
532 4659 592 4711 τὸ
617 4658 850 4729 πλῆθος,
877 4659 939 4710 οὐ
970 4658 1227 4729 φέροντες
1261 4660 1340 4711 ἐτι
1376 4660 1501 4721 τοὺς
1525 4659 1719 4722 πόνους
1749 4659 1847 4711 καὶ

263 4754 367 4821 τὴν
393 4752 696 4820 ἀπέραντον
724 4749 1081 4821 ἐκστρατείαν
1101 4766 1117 4780 '
1149 4752 1243 4803 καὶ
1278 4749 1436 4802 τοῦτο
1482 4750 1655 4803 αἴτιον
1686 4750 1840 4803 Ἀλε-

265 4842 483 4913 ξάνδρῳ
527 4844 624 4910 τῆς
653 4842 749 4894 ἀπ’
778 4840 957 4893 Ἰνδῶν
991 4839 1347 4909 ὑποστροφῆς
1385 4840 1643 4907 κατέστη.
1683 4840 1775 4893 Ἐν
1800 4834 1846 4907 ᾧ

266 4934 363 4986 καὶ
405 4935 435 4985 ὁ
485 4934 735 5002 πέμπτος
788 4932 882 4985 τοῦ
925 4934 1285 5002 συγγραφέως
1332 4930 1845 5001 άποπερατοῦται³⁸

265 5025 451 5090 λόγος.

356 5115 784 5183 Ύποστρέφοντι
826 5115 883 5168 δὲ
924 5113 1291 5185 Ἀλεξάνδρῳ,
1337 5115 1411 5177 ὼς
1437 5115 1465 5167 ὁ
1513 5114 1670 5175 ἕκτος
1710 5113 1845 5166 ύπο-

1953 4674 2057 4728 que
2090 4661 2447 4729 expeditionis
2468 4662 2695 4718 videret.
2736 4662 2845 4719 Hac
2878 4667 2943 4719 de
2962 4680 3124 4720 causa
3147 4707 3162 4732 ,
3202 4669 3386 4721 relicta
3446 4668 3529 4721 ln-

1951 4754 2059 4816 dia,
2090 4754 2285 4808 reverti
2307 4764 2554 4809 eoactum
2586 4755 2976 4813 Alexandrum.
3008 4759 3185 4826 Atque
3228 4760 3315 4815 ltic
3363 4760 3527 4827 quin-

1953 4854 2065 4897 tum
2088 4844 2282 4899 librqu
2315 4848 2553 4916 scriptor
2583 4848 2800 4903 clausit.

2027 5110 2195 5164 Sexto
2246 5113 2423 5181 itaque
2453 5113 2611 5178 libro,
2658 5115 2971 5184 frequentes
3002 5118 3072 5173 ab
3099 5116 3411 5175 Alexandro
3446 5137 3530 5176 re-

264 5205 537 5275 λαμϐάνει
591 5207 781 5273 λόγος,
817 5206 987 5276 μάχαι
1020 5223 1079 5258 τε
1109 5205 1257 5276 αὑτῴ
1290 5208 1384 5259 καὶ
1414 5208 1560 5259 νῖκαι
1594 5205 1837 5274 γίνονται

1944 5205 2143 5259 deuute
2176 5222 2382 5275 pugnas
2413 5222 2534 5262 eum
2585 5208 2741 5262 hoste
2790 5209 3140 5276 commissas,
3169 5212 3526 5284 ingentesque

1522 5345 1755 5401 VARIA‘J
1788 5345 2197 5403 LECTIONES.

339 5439 383 5469 ³³
401 5439 580 5508 τρισὶν
599 5439 640 5490 Α
672 5456 682 5489 :
715 5438 825 5490 τισί
845 5456 902 5502 ς.

262 5527 373 5564 νων
409 5527 469 5573 ς.

1010 5440 1054 5471 ³³
1082 5439 1235 5516 παρά
1260 5438 1302 5493 Α
1338 5457 1351 5493 :
1403 5442 1542 5494 κατά
1568 5440 2163 5516 ςςηη³⁶μῌασαγάρδαις
2186 5440 2490 5516 δειιοιιυεχ
2531 5445 2575 5475 ³⁵
2602 5445 2679 5516 τῷ
2710 5445 2756 5498 Α
2800 5462 2815 5499 :
2864 5445 2957 5498 τοῦ
2987 5443 3068 5516 τῷ
3092 5462 3153 5511 ς.
3230 5446 3275 5477 ³⁸
3299 5447 3535 5499 ’Δσακάο

548 5510 591 5539 ³⁷
628 5508 942 5579 Ὑδραώτην
971 5512 1016 5563 Δ
1051 5527 1066 5564 :
1116 5508 1391 5581 Ὑδάσπην
1432 5529 1492 5575 ς.
1565 5512 1610 5542 ⁸⁸
1645 5510 1765 5565 libri
1793 5508 2245 5581 άποπεραιούται.
2272 5513 2343 5567 cf.
2379 5530 2431 5583 p.
2463 5515 2531 5569 Β.
2560 5508 2683 5569 0’00.
2718 5516 2847 5570 ima.
2875 5517 3000 5581 704,
3038 5508 3250 5584 9⁷905,
3282 5517 3373 5572 46.

1788 5632 2018 5689 NOTAE.

333 5726 711 5799 (2|)Emenda
759 5743 826 5783 ex
866 5726 1047 5793 editis,
1084 5739 1139 5782 et
1162 5744 1226 5783 ex
1255 5728 1465 5797 Strab.,
1495 5728 1772 5799 Stephano
1808 5738 1861 5786 et

263 5795 409 5852 aliis.
434 5795 439 5796 ⁷
464 5796 804 5865 Pasagardis.

338 5867 453 5937 (22)
488 5866 553 5931 ρ.
579 5868 800 5921 Curtius
826 5877 1075 5921 extremo
1099 5870 1190 5926 lib.
1220 5885 1338 5923 Vill.

507 5957 777 6020 Ρλτειοι.
811 5960 929 6021 Gn.
965 5959 1121 6024 Clll.

2044 5730 2154 5799 (2‘5)
2186 5732 2273 5786 Al.
2306 5734 2663 5788 Ascanorum.

2041 5803 2155 5868 (24)
2184 5803 2267 5856 Al.
2302 5803 2550 5872 llypasis,
2580 5815 2639 5857 ut
2662 5803 2799 5860 Plin.
2822 5816 2875 5863 et
2896 5806 3108 5866 Solino.
3138 5808 3273 5867 Item
3293 5808 3523 5866 Ptolem.

1966 5872 2213 5942 Bybasis,
2245 5884 2299 5930 et
2319 5874 2497 5931 Strab.
2520 5874 2775 5945 Hypanis.

3066 5967 3138 6029 10
