4224 6442
717 404 823 472 299

1877 422 2140 486 ΡΠΟΤΙΙ
2180 426 2686 490 ΡΑΤΠΙΑΒΟΗιΕ
2725 431 2834 491 CP.

3880 437 3991 502 aoo

713 525 902 585 partas
954 520 1215 575 victorias
1269 536 1681 582 commemorat.
1723 529 1933 596 Quibus
1980 532 2035 587 in
2090 532 2296 603 prteliis

2394 534 2659 607 ’λαμπραί
2689 552 2702 565 ·
2735 540 2795 591 ὲν
2844 534 2927 603 οἷς
2974 540 3247 611 λαμπρῶς
3278 544 3680 616 ἀγωνιζόμενος
3725 547 3819 601 lvd
3861 555 3988 611 ταις

714 609 932 665 fortiter
966 611 1319 669 dimicantem
1355 616 1423 669 ad
1452 623 1735 689 superiora
1780 623 2021 695 quinque
2050 625 2294 691 vulnera,

713 701 819 755 alia
856 701 1051 756 iterum
1084 702 1193 757 duo
1232 708 1532 775 accepisse,
1567 725 1630 765 ac
1662 711 1790 767 licet
1811 727 1843 767 e
1866 717 2099 785 septimo
2130 718 2298 772 mori-

710 802 865 847 turus
910 794 1210 864 videretur,
1245 800 1531 855 commode
1578 812 1759 859 tamen
1807 805 1977 861 fuisse
2023 820 2293 865 curatum.

712 883 789 938 Ex
845 883 994 940 india
1031 898 1420 959 revertentem,
1452 895 1700 949 terrestri
1734 896 1910 967 ipsum
1941 898 2137 956 itinere
2172 916 2295 970 pro-

710 976 911 1032 fectum
945 994 1090 1045 esse,
1130 980 1382 1038 Nearcho
1416 984 1530 1055 (25)
1585 986 1758 1042 altera
1811 990 2089 1045 exercitus
2138 1004 2295 1062 parte

707 1072 1036 1136 commissa,
1094 1087 1158 1129 ac
1206 1090 1304 1145 per
1338 1092 1487 1131 mare
1528 1080 1709 1134 redire
1734 1080 1910 1151 jussu.
1960 1080 2293 1139 Convenisse

710 1175 967 1233 utrasque
1003 1166 1209 1235 copias.
1247 1182 1369 1221 cuni
1401 1171 1724 1239 maritimas,
1760 1183 1871 1226 tum
1902 1182 2195 1230 terrestres
2224 1176 2290 1229 ad

706 1252 1076 1309 Carmaniam.
1093 1256 1132 1309 A
1149 1255 1445 1313 Carmania
1464 1262 1658 1316 deinde
1679 1262 1731 1317 in
1754 1262 2031 1319 Persidem
2054 1266 2292 1321 Alexan-

705 1346 859 1399 drum
913 1362 1284 1417 progressum,
1350 1352 1613 1421 imperato
1650 1364 1710 1408 ut
1756 1355 2039 1413 Nearchus
2096 1358 2147 1412 in
2185 1358 2291 1414 Su-

707 1439 986 1493 sianorum
1023 1443 1297 1513 regionem
1328 1460 1568 1512 cursum,
1604 1456 1661 1501 et
1688 1446 1755 1502 ad
1780 1447 2019 1519 Tigridis
2051 1449 2291 1507 ﬂuminis

714 1529 1203 1587 ostiainstitueret.
1245 1533 1398 1589 llanc
1422 1546 1601 1591 autem
1620 1536 1851 1593 Nearchi
1891 1541 2289 1611 navigationem

701 1622 846 1692 68b
900 1622 1075 1677 Ionica
1120 1625 1384 1680 describit
1431 1628 1663 1685 dialecto
1718 1631 2005 1698 Arrianus,
2059 1648 2291 1705 eamque

702 1716 927 1782 proprio
966 1717 1119 1770 titulo
1150 1715 1342 1771 Indica
1374 1718 1643 1791 indigitat.

772 1806 1081 1861 Alexander
1100 1817 1219 1874 post
1237 1809 1350 1863 huic
1366 1810 1667 1879 neglectum
1683 1811 1811 1884 Cyri
1836 1814 2143 1885 sepulcrum
2169 1816 2283 1887 (26)

706 1900 1017 1963 adornavit,
1053 1910 1109 1955 ct
1142 1898 1407 1955 Calanutn
1443 1904 1557 1976 (27)
1594 1884 2134 1977 gymnosophistam,
2179 1884 2280 1980 uni
2320 1884 2361 1939 Β

700 1988 931 2044 ﬂammis
964 2005 1021 2043 se
1049 1993 1395 2048 committere
1423 1995 1602 2061 vellet,
1635 1998 1780 2067 quod
1828 2002 2015 2054 morbo
2042 2012 2283 2058 tentare-

700 2090 812 2147 tur,
844 2084 1019 2151 patrio
1051 2082 1169 2153 (28)
1202 2083 1479 2156 exstingui
1520 2088 1623 2141 ritu
1658 2091 1929 2158 permisit.
1963 2090 2188 2157 Nuptias
2214 2097 2280 2151 ad

701 2175 817 2230 haec
844 2189 969 2229 cum
1002 2192 1157 2241 suas,
1220 2187 1328 2230 tum
1372 2178 1601 2233 aliorum
1650 2182 1929 2250 splendide
1961 2186 2278 2245 celebravit.

698 2266 818 2334 Ipse
854 2266 966 2339 (29)
996 2269 1211 2337 quidem
1249 2280 1376 2324 natu
1414 2273 1707 2327 maximam
1740 2274 1881 2330 Darii
1921 2277 2086 2332 ﬁliam
2120 2318 2135 2343 ,
2176 2282 2280 2335 Ar-

698 2360 889 2413 sinoen
921 2362 1164 2425 nomine,
1196 2362 1349 2416 duxit
1380 2404 1395 2427 ,
1447 2376 1689 2436 natuque
1723 2370 1999 2424 minimam
2046 2372 2277 2428 ﬁliarum

698 2450 856 2513 Ochi,
886 2467 1007 2521 qua:
1032 2451 1311 2524 Parysatis
1351 2455 1515 2510 dicta.
1551 2456 1773 2511 Roxana
1801 2461 1945 2513 enim
1974 2460 2086 2531 jam
2118 2472 2278 2519 antea

697 2544 857 2597 ducta
888 2554 1026 2598 erat.
1066 2545 1350 2615 Drnpetin,
1388 2548 1531 2602 Darii
1564 2564 1778 2620 quoque
1811 2551 1973 2605 filiam
1999 2593 2014 2618 ,
2051 2552 2279 2623 Hephae-

698 2634 862 2687 stioni
896 2637 1085 2704 nuptui
1118 2637 1265 2691 dedit
1306 2656 1319 2692 :
1359 2638 1585 2693 Cratero
1631 2642 2002 2697 Atnastrinatn
2032 2682 2047 2709 ,
2101 2646 2279 2703 Ptole—

700 2744 835 2783 nneo
873 2744 1002 2783 vero
1034 2740 1088 2784 et
1120 2730 1367 2794 Eumeni,
1393 2736 1722 2788 Artacanam
1752 2746 1806 2788 et
1834 2737 2094 2792 Artonem
2119 2741 2277 2793 Arta-

696 2821 812 2872 bazi
850 2820 991 2875 lilias
1046 2821 1307 2888 tradidit;
1345 2821 1592 2877 Nearcho
1645 2824 1898 2881 Barsines
1944 2837 1997 2881 et
2037 2828 2277 2886 Meltoris

697 2913 861 2965 lilium
906 2929 1127 2968 uxorem
1177 2916 1367 2982 dedit;
1418 2916 1648 2970 Seleuco
1704 2918 2041 2987 Spitamenis
2087 2922 2272 2977 illi-am.

694 3005 921 3059 the-teris
952 3021 1171 3074 quoque
1206 3007 1371 3061 sociis
1402 3008 1734 3063 clarissimas
1766 3009 2052 3065 Persarum
2078 3028 2143 3068 ac
2167 3013 2277 3068 Me-

698 3100 891 3151 dorntn
925 3099 1061 3151 ﬁlias
1081 3114 1303 3151 numero
1332 3099 1442 3153 fere
1471 3103 1745 3170 octoginta
1777 3103 1956 3156 stabili
2003 3107 2275 3159 connubio

689 3188 887 3256 junxit,
931 3189 1090 3244 laetis
1120 3191 1412 3245 Persarum
1450 3194 1554 3246 ritu
1584 3210 1648 3248 ac
1676 3194 1797 3262 jure
1830 3196 2054 3265 nuptiis.
2090 3196 2273 3252 Mace—

692 3284 893 3336 donum
937 3298 1151 3351 quoque
1183 3295 1473 3338 veteranos
1497 3295 1884 3341 exauctoratos
1934 3290 1985 3340 in
2022 3286 2276 3343 Macedo-

694 3375 836 3427 niam
871 3374 1019 3427 misit
1047 3392 1059 3429 :
1086 3385 1140 3429 et
1169 3375 1514 3444 Antipatrum
1548 3378 1764 3430 interim
1792 3393 1985 3433 recens
2017 3381 2273 3436 collectas

692 3466 877 3535 copias
928 3466 1030 3519 sibi
1083 3466 1356 3519 adducere
1401 3465 1586 3534 jussit.
1648 3467 1781 3519 Dum
1839 3469 1951 3522 haec
2013 3479 2270 3537 aguntur,

694 3554 959 3623 Harpalus
1010 3556 1189 3623 regias
1240 3553 1453 3611 furatus
1495 3571 1663 3625 apes,
1720 3557 1844 3628 fuga
1877 3557 2121 3629 dilapsus
2165 3571 2270 3615 est.

695 3644 1040 3713 Περιπατειίοη
1089 3646 1217 3700 item
1273 3646 1381 3699 vita
1418 3646 1753 3719 defungitur,
1807 3644 1961 3719 cujus
1999 3653 2150 3705 ohitu
2186 3653 2273 3705 iti-

691 3739 835 3808 genti
879 3754 1115 3795 mterore
1164 3750 1546 3796 consternatus
1584 3742 1892 3796 Alexander
1936 3757 2055 3807 est,
2108 3757 2272 3813 atque

694 3831 1040 3885 incredibiles
1062 3831 1179 3900 (50)
1221 3831 1274 3885 in
1307 3846 1498 3901 rogum
1541 3848 1605 3887 ac
1638 3832 1785 3900 justa
1838 3834 2083 3888 facienda
2118 3851 2271 3890 smn-

690 3934 813 3989 ptus
859 3923 1009 3976 fecit.
1040 3921 1158 3989 Quo
1200 3922 1328 3976 item
1373 3934 1616 3991 tempore
1670 3922 1831 3991 legati
1888 3939 1953 3977 ex
1998 3925 2181 3980 Africa
2216 3936 2272 3981 et

690 4011 1021 4081 Carthagine
1054 4010 1120 4065 ad
1158 4012 1310 4066 illum
1347 4013 1501 4067 missi
1536 4032 1549 4066 :
1594 4014 1701 4067 imo
1735 4028 1800 4067 ex
1834 4012 1987 4068 ltalia
2013 4054 2029 4079 ,
2066 4026 2126 4070 ut
2182 4018 2271 4073 hic

693 4102 879 4156 refert.
910 4103 1077 4170 Cujus
1104 4104 1325 4172 quidem
1353 4103 1524 4158 Italia:
1551 4104 1666 4172 (31)
1702 4105 2123 4170 incrementum,
2152 4110 2271 4164 illos

691 4195 940 4259 intuitus,
961 4195 1333 4248 denuntiando
1356 4196 1625 4263 prmdixit.
1657 4194 1711 4247 In
1734 4193 2087 4266 Babyloniam
2105 4200 2267 4253 eundi

689 4286 886 4353 cupido
915 4286 1088 4355 ipsum
1117 4286 1364 4348 incessit,
1400 4298 1455 4341 et
1496 4270 1705 4340 obitum
1738 4298 1891 4341 vates
1920 4288 2033 4358 (52)
2060 4291 2268 4344 demin-

688 4378 824 4429 tiam
853 4394 866 4429 :
900 4391 1133 4445 cumque
1154 4377 1559 4431 inconsiderate
1583 4380 1804 4447 quidam
1839 4380 1891 4432 in
1922 4380 2117 4435 throno
2149 4385 2267 4452 ejus

685 4467 1047 4533 constisset,
1072 4482 1138 4521 ex
1157 4481 1223 4520 eo
1252 4467 1362 4534 jam
1394 4468 1601 4522 certius
1627 4480 1856 4523 mortem
1889 4472 2009 4539 ejus
2031 4489 2265 4542 augures

2400 628 2699 700 προτέραις
2726 630 2791 683 πέ
2807 648 2893 683 πε
2923 632 3161 703 πληγαῖς
3188 633 3283 687 δύο
3295 636 3340 667 ³⁹
3372 634 3453 689 In
3478 636 3729 706 βάλλεται
3751 680 3767 705 ,
3787 632 3865 692 ὧν
3888 642 3985 694 ἐπὶ

2394 719 2462 787 τῇ
2493 716 2695 789 ἐϐδόμῃ
2728 719 2828 774 καὶ
2856 720 3119 792 τελευτᾷν
3152 722 3327 777 ἐδόκει
3348 763 3364 785 .
3397 726 3448 778 εί
3478 728 3574 779 καὶ
3606 728 3669 780 οὐ
3719 728 3981 797 χαλεπῶς

2395 805 2897 877 περιεγένετο.’Καὶ
2914 808 3079 871 αὐτὸς
3110 810 3211 879 μὲν
3229 810 3289 873 ἐξ
3308 811 3485 864 Ἰνδῶν
3506 812 3865 884 ὑποστρέφων
3889 806 3982 869 διὰ

2394 893 2499 962 γῆς
2530 895 2767 948 ἐποιεῖτο
2798 898 2899 966 τὴν
2933 897 3194 952 ἐπάνοδον
3215 936 3230 960 ,
3262 899 3499 971 Νεάρχῳ
3540 900 3601 953 δι
3649 903 3914 972 στρατιὰν
3934 905 3981 936 δε

2396 988 2695 1055 παρασχὼν
2720 987 2989 1058 ἐπέτρεψε
3034 988 3136 1059 τὴν
3174 988 3265 1042 διὰ
3291 988 3570 1060 θαλάσσης
3598 991 3828 1061 πορείαν
3846 1006 3862 1023 ο
3882 992 3981 1044 καὶ

2398 1084 2800 1154 συμϐάλλουσιν
2842 1084 3098 1154 ἀλλήλοις
3146 1084 3218 1137 τὰ
3247 1084 3357 1138 ἀπὸ
3403 1085 3511 1154 γῆς
3552 1088 3647 1139 καὶ
3696 1085 3979 1156 Θαλάσσης

2397 1178 2740 1248 στρατόπεδα
2782 1179 2913 1247 περὶ
2956 1177 3308 1248 Καρμανίαν.
3360 1177 3495 1231 usus
3540 1178 3867 1247 Καρμανίας
3915 1178 3976 1231 δε

2406 1270 2755 1342 Ἀλέξανδρος
2794 1270 2952 1342 μὲνδί
2985 1272 3043 1324 ὲν
3072 1272 3294 1343 Περσίδι
3317 1272 3363 1303 ⁸⁸
3387 1311 3403 1336 ,
3437 1270 3687 1341 Νέαρχος
3716 1271 3773 1325 δὲ
3797 1271 3855 1334 ἐς
3875 1270 3977 1342 τὴν

2393 1364 2701 1419 Σουσιανῶν
2726 1364 2831 1434 γῆν
2855 1363 3141 1434 ἐπετράπη
3170 1363 3494 1417 άποπλεῖνυ
3522 1366 3617 1417 καὶ
3643 1364 3739 1416 τοῦ
3766 1364 3976 1434 Τίγρη-

2392 1474 2484 1520 τος
2513 1456 2763 1526 ποταμοῦ
2789 1457 2892 1519 τὰς
2924 1456 3155 1520 ίκϐολάς
3178 1472 3192 1485 ·
3228 1456 3324 1510 καὶ
3364 1455 3719 1526 διαλαμϐάνει
3752 1457 3847 1510 τὸν
3878 1458 3975 1511 τοῦ

2397 1549 2648 1619 Νεάρχου
2676 1548 2976 1620 περίπλουν
3011 1549 3226 1619 Ἰωνικῇ
3254 1548 3455 1619 φράσει
3488 1550 3522 1620 ἡ
3548 1549 3973 1621 ιπιγραφομένη

2390 1640 2541 1709 αύτῷ
2578 1641 2723 1702 ἰδίως
2764 1638 3013 1707 Ἰνδική.

2475 1822 2822 1893 Ἀλέξανδρος
2848 1822 2906 1875 δὲ
2935 1821 3029 1875 καὶ
3058 1822 3150 1874 τὸν
3185 1821 3370 1891 Κύρου
3415 1820 3588 1889 τάφον
3621 1819 3973 1890 ἠμελημένον

2391 1914 2744 1977 ὲπισκευάζει
2769 1954 2784 1977 ,
2820 1915 2915 1967 καὶ
2947 1913 3195 1967 Κάλανον
3225 1913 3319 1965 τὸν
3344 1914 3789 1981 γυμνοσοφιστὴν
3811 1913 3969 1981 αίτη-

2393 2010 2627 2078 σάμενον
2655 2007 2733 2068 είς
2761 2005 2871 2075 πῦρ
2896 2004 3191 2068 εἰσελθεῖν,
3222 2005 3304 2057 ὅτι
3325 2003 3481 2067 νόσος
3513 2003 3676 2055 αὑτὸν
3708 2002 3967 2071 ἠνώχλει,

2390 2099 2633 2168 παρέσχε
2665 2097 2806 2150 κατὰ
2846 2096 2914 2149 τά
2960 2096 3167 2166 πάτρια
3200 2093 3545 2161 τελευτῆσαι.
3600 2091 3869 2145 Ἑπιτελεῐ
3908 2091 3969 2143 δὲ

2388 2191 2485 2244 καὶ
2508 2191 2720 2259 γάμους
2749 2189 2916 2242 αὐτού
2949 2204 3009 2241 τε
3040 2188 3136 2239 καὶ
3176 2186 3284 2238 τῶν
3313 2184 3547 2255 ἑταίρων
3566 2184 3611 2215 ⁵⁸
3638 2184 3924 2253 λαμπροὺς
3945 2221 3964 2245 ,

2388 2282 2552 2342 αὐτὸς
2606 2282 2703 2351 μὲν
2749 2281 2849 2348 τὴν
2894 2276 3281 2348 πρεσϐυτάτην
3324 2274 3435 2326 τῶν
3481 2273 3708 2343 Δαρείου
3758 2271 3968 2323 παίδων

2390 2375 2663 2446 (Ἀρσινόη
2692 2374 2831 2442 αὐτῇ
2852 2372 2897 2403 ⁸⁸
2917 2370 3107 2440 ὄνομα)
3132 2369 3419 2437 ἀγόμενος,
3442 2368 3535 2418 καὶ
3555 2365 3656 2434 τὴν
3687 2363 3965 2432 νεωτάτην

2393 2468 2450 2521 δὲ
2474 2467 2585 2519 τῶν
2619 2468 2781 2535 Ὤχου
2813 2463 3130 2531 θυγατέρων
3163 2458 3510 2530 (Παρύσατις
3527 2457 3570 2487 ⁸⁸
3589 2454 3963 2524 ὼνομάζετο)·

2397 2561 2645 2629 Ῥωξάνη
2677 2560 2785 2629 γὰρ
2819 2558 2921 2627 ἢδη
2961 2557 3282 2627 προηγμένη
3311 2551 3595 2620 ἐτύγχανε.
3633 2548 3746 2617 Τὴν
3781 2548 3965 2616 μέντοι

2385 2653 2655 2725 Δρυπέτιν
2683 2690 2697 2713 ,
2742 2648 3018 2718 θυγατέρα
3062 2646 3157 2699 κα)⁵
3206 2644 3378 2713 αὐτὴν
3398 2642 3441 2673 ⁸⁷
3476 2636 3644 2694 οὖσαν
3691 2637 3962 2707 Δαρείου,

2400 2744 2754 2814 Ἡφαιστίωνι
2771 2741 2978 2807 δίδωσι,
2997 2736 3264 2811 Κρατερῷ
3276 2736 3332 2789 δὲ
3354 2733 3795 2805 ’Δμαστρίνηφκ
3824 2731 3964 2782 Πτο-

2384 2836 2595 2906 λεμαίῳ
2629 2834 2687 2886 δὲ
2726 2833 2821 2886 καὶ
2856 2830 3089 2901 Εὐμένει
3122 2829 3222 2890 τὰς
3249 2824 3586 2895 ’Δρταϐάζου
3614 2822 3809 2883 παῖδας
3832 2821 3963 2888 Ἀρ-

2382 2927 2646 2995 τακάμαν
2668 2927 2712 2957 ⁸⁸
2750 2924 2845 2976 καὶ
2878 2924 2933 2975 Ἀ
2946 2921 3185 2992 ρτώνην,
3212 2919 3445 2988 Νεάρχῳ
3467 2917 3524 2970 δὲ
3551 2915 3653 2985 τὴν
3690 2912 3964 2983 Βαρσίνης

2384 3020 2477 3072 καὶ
2507 3016 2829 3085 Μέντορος⁸⁶
2860 3014 3023 3067 παῖδα
3050 3054 3064 3076 ,
3086 3010 3405 3081 Σελεύκῳδὲ
3434 3008 3532 3079 τὴν
3563 3006 3959 3074 Σπιταμένους,

2384 3109 2479 3160 καὶ
2511 3108 2622 3169 τοῖς
2653 3105 2834 3167 ἄλλοις
2860 3104 3099 3171 ἑταίροις
3142 3102 3241 3163 τὰς
3270 3099 3651 3168 δοκιμωτάτας
3682 3096 3789 3148 τῶν
3818 3096 3957 3164 Περι

2383 3199 2492 3251 σῶν
2542 3198 2635 3251 καὶ
2688 3199 2891 3267 Μήδων
2920 3196 3117 3258 παῖδας
3139 3235 3154 3259 ,
3186 3194 3316 3264 άχρι
3364 3192 3461 3246 καὶ
3494 3193 3553 3252 ές
3598 3190 3955 3259 ὀγδοήκοντα.

2379 3291 2594 3357 Πέμπει
2637 3288 2694 3341 δὲ
2745 3290 2840 3340 καὶ
2868 3288 2994 3349 τοὺς
3025 3286 3349 3355 ἀπομάχους
3378 3285 3487 3337 τῶν
3520 3283 3846 3337 Μακεδόνων
3880 3282 3961 3341 εἰς

2376 3378 2719 3432 Μακεδονίαν
2740 3417 2755 3442 ,
2787 3378 2981 3439 ἄλλους
3012 3378 3128 3429 ἀντ’
3160 3377 3342 3429 αὐτῶν
3369 3376 3790 3435 νεοσυλλέκτους
3820 3376 3961 3426 ἀπο-

2377 3472 2565 3539 φέρειν
2595 3470 2742 3538 αύτῷ
2776 3466 3085 3539 προστάξας
3117 3467 3500 3537 Ἀντίπατρον.
3530 3466 3623 3519 Ἐν
3654 3467 3831 3535 τούτῳ
3860 3468 3957 3518 καὶ

2377 3560 2656 3629 ’Ἅρπαλος
2680 3558 2935 3628 βασιλικὰ
2952 3560 2995 3589 ⁸⁸
3019 3556 3201 3611 λαϐὼν
3225 3556 3402 3625 ᾤχετο
3427 3555 3648 3623 φεύγων
3673 3556 3956 3623 χρήματα.

2375 3653 2617 3721 Τελευτᾷ
2650 3653 2744 3705 καὶ
2775 3649 3107 3718 Ἡφαιστίων
3124 3688 3138 3711 ,
3158 3650 3243 3716 ἐφ’
3261 3644 3305 3715 ᾧ
3329 3650 3471 3717 μέγα
3494 3646 3687 3708 πένθος
3705 3644 3959 3709 Ἀλεξάν-

2373 3743 2485 3813 δρῳ
2521 3744 2749 3813 ἐποιήθη
2774 3783 2790 3807 ,
2827 3744 2922 3795 καὶ
2954 3741 3331 3803 πολυδάπανος
3373 3742 3408 3809 ἡ
3467 3740 3561 3793 ἐπὶ
3612 3737 3691 3807 τῷ
3740 3737 3958 3804 σώματι

2375 3837 2527 3906 πυρὰ
2558 3837 2655 3888 καὶ
2689 3836 2877 3905 κηδεία
2895 3851 2909 3864 ·
2937 3835 2997 3887 ἐν
3026 3826 3072 3901 ᾧ
3100 3833 3198 3885 καὶ⁸
3225 3831 3485 3901 πρέσϐεις
3502 3830 3550 3861 ⁸¹
3573 3830 3789 3882 Λιϐύων
3822 3829 3873 3860 ³³
3894 3844 3956 3879 τε

2373 3927 2467 3980 καὶ
2494 3925 2882 3995 Καρχηδονίων
2914 3922 3047 3991 πρὸς
3080 3921 3244 3974 αὺτὸν
3270 3920 3557 3986 άφίκοντο.
3592 3920 3700 3971 Καὶ
3731 3917 3957 3970 Ἰταλῶν

2371 4019 2428 4071 δὲ
2459 4016 2865 4087 παραγενέσθαι
2886 4016 3020 4083 φησὶ
3040 4055 3054 4079 ,
3074 4014 3170 4065 καὶ
3198 4012 3281 4065 ὄτι
3302 4012 3401 4081 τὴν
3430 4009 3663 4078 αὔξησιν
3686 4009 3793 4061 τῶν
3814 4010 3957 4061 ἰτα-

2370 4110 2479 4162 λῶν
2507 4112 2563 4173 ὲς
2589 4109 2789 4169 αὐτοὺς
2818 4105 2939 4158 ίδὼν
2974 4106 3207 4175 προεῖπε
3243 4102 3339 4156 καὶ
3375 4100 3715 4169 ἀπεφήνατο.
3773 4098 3958 4168 ὐρμᾲ

2370 4202 2427 4255 δὲ
2458 4204 2554 4253 καὶ
2577 4202 2668 4253 ἐπὶ
2703 4198 2997 4251 Βαϐυλῶνα
3020 4239 3035 4262 ,
3055 4198 3151 4249 καὶ
3183 4195 3546 4265 προλέγουσιν
3574 4192 3724 4259 αὐτῷ
3744 4192 3795 4243 οί
3819 4194 3955 4259 μάν-

2369 4310 2484 4357 τεις
2511 4292 2606 4362 τὴν
2627 4291 2886 4359 τελευτήν
2910 4304 2925 4319 ο
2959 4289 3054 4341 καὶ
3071 4286 3380 4348 ὲπικαθίζει
3397 4302 3480 4347 τις
3497 4282 3664 4337 αὐτοῦ
3680 4282 3757 4352 τῷ
3774 4283 3953 4352 θρόνῳ

2370 4384 2732 4451 παραλόγως,
2769 4383 2827 4447 ἐξ
2870 4373 2932 4434 οὗ
2970 4379 3171 4449 μᾶλλον
3198 4377 3511 4439 ὲξοιώνιστο
3532 4378 3645 4436 τοῖς
3689 4375 3952 4443 μάντεσιν

2368 4477 2535 4529 αὑτοῦ
2567 4479 2599 4545 ἡ
2626 4474 2879 4543 τελευτή.
2917 4470 3372 4543 Παρεσκευάζετο
3396 4468 3442 4521 δ’
3477 4467 3688 4538 αύτῷ⁵⁸
3716 4468 3866 4536 ὅμως
3890 4467 3953 4518 τὸ

686 4558 1075 4625 praedixerunt.
1108 4558 1349 4614 Classem
1390 4560 1744 4615 nihilominus
1794 4562 2117 4630 profectioni
2167 4568 2265 4621 ad-

2380 4566 2621 4620 ναυτικὸν
2658 4566 2735 4628 ὡς
2788 4566 2882 4618 ἐπὶ
2934 4563 3179 4635 Ἄραϐας
3196 4562 3243 4593 ⁸⁸
3286 4562 3412 4624 τοὺς
3455 4560 3724 4624 πολλοὺς,
3756 4558 3806 4610 οἶ
3854 4558 3949 4611 δύο

1983 4678 2222 4737 νΑιιιιε
2251 4682 2671 4741 LECTIONES.

760 4769 947 4859 ³’.δέο1
973 4769 1415 4878 ’ίυτῐὲειιξξῑρξνι
1452 4770 1845 4878 sirenae
1870 4773 2051 4878 $2.."
2080 4776 2187 4878 et:
2212 4779 2335 4878 “at
2368 4782 2464 4878 Α·,
2512 4780 2555 4809 ”
2587 4780 2643 4841 ές
2675 4777 2912 4878 "sese
2946 4768 3853 4878 ε-...ῖζξπιπλείιθιιξζὲξέεείςδ
3876 4787 3941 4878 Ξ·

684 4844 729 4939 ἒξ
754 4844 1042 4939 ᾶὲξῖῖέέη
1070 4841 1133 4939 ζ’
1170 4840 1423 4939 ΠῗΗῘΞ
1450 4841 1594 4939 ΡἭ
1631 4858 1691 4939 Ξῖ

684 4914 1042 4980 ἐθΜέλτωρος
1069 4928 1130 4982 ςτ
1183 4910 1278 4982 η⁸¹
1318 4910 1469 4982 βεδε]
1520 4911 1588 4964 τά
1645 4911 1767 4980 βασι
1800 4912 1866 4963 Α·

682 4985 725 5015 ⁸’⁶
750 4983 927 5036 αὐτῶν
946 4984 1011 5035 Α.
1086 4981 1133 5013 ⁸⁸
1166 4980 1467 5052 Ἀρῤαϐας
1488 4998 1547 5044 ς’.

1798 4841 1842 4917 ξ’
1904 4843 2011 4917 καί
2050 4841 2221 4916 α’ύτὴν
2266 4848 2541 4917 θυγατέρα
2580 4866 2640 4912 ς’·

1973 4916 2017 4945 ⁵⁸
2064 4929 2192 4971 ante
2227 4919 2483 4987 πρέσϐεις
2519 4933 2644 4971 cum
2676 4920 2721 4971 Α
2751 4916 3015 4973 omisiol.

2856 4840 3191 4917 ’Δμαστίνην
3237 4862 3324 4917 ςι-
3400 4844 3445 4873 ⁸⁸
3483 4840 3847 4917 -ἶΛρτακάναν
3876 4858 3939 4904 ς,

3113 4908 3157 4947 ⁵³
3188 4914 3369 4967 Λιϐῶν
3391 4942 3459 4951 --
3483 4908 3850 4978 Καρχηδόνων
3877 4928 3940 4977 ς.

2188 5050 2421 5109 NOTAE.

753 5124 868 5193 (25)
898 5123 975 5177 De
1011 5138 1119 5192 quo
1148 5123 1402 5193 frequens
1433 5124 1576 5194 apud
1609 5123 1793 5178 Strab.
1817 5122 2041 5194 mentio.

757 5192 871 5264 (26)
919 5196 1213 5262 Aperuisse
1252 5192 1649 5249 commemorat
1690 5194 1759 5262 ρ.
1800 5192 2021 5249 Curtius
2067 5193 2164 5249 lib.
2201 5208 2260 5247 κ.

683 5265 802 5317 Vid.
837 5266 1017 5317 Strab.
1055 5264 1148 5318 lib.
1179 5279 1273 5324 xv.
1304 5266 1406 5319 sub
1438 5266 1531 5319 lin.

754 5335 867 5403 (27)
920 5332 1184 5402 Sphinga:
1214 5334 1421 5387 dictum
1476 5344 1668 5389 auctor
1719 5344 1805 5389 est
1866 5333 2141 5389 Plnlarch.
2204 5334 2256 5387 in

681 5408 1009 5459 Alexandro.
1035 5403 1080 5455 A
1109 5403 1316 5457 Graecis
1349 5418 1477 5457 vero
1508 5403 1775 5459 Calanum
1805 5413 2079 5469 vocatum,
2110 5404 2253 5471 quod

683 5477 861 5528 iudico
894 5489 1168 5538 sermone,
1202 5470 1357 5534 Kale,
1393 5476 1444 5527 id
1474 5485 1581 5536 est,
1605 5478 1766 5539 salve,
1806 5470 2139 5529 accedentes
2163 5489 2254 5526 sa-

680 5546 926 5599 lutasset.
968 5544 1125 5597 Plura
1158 5544 1210 5597 in
1241 5546 1382 5598 notis
1412 5544 1477 5597 ad
1508 5544 1759 5600 Graecum
1789 5546 2088 5611 exemplar,
2138 5543 2256 5611 qui—

685 5620 785 5667 bus
845 5614 983 5666 adde
1024 5614 1267 5669 Philonis
1316 5615 1497 5667 locum
1542 5617 1807 5683 insignem
1865 5615 2063 5675 libello,
2108 5616 2253 5683 quod

681 5683 859 5737 oinnis
898 5687 1098 5749 probus
1126 5684 1280 5747 liber,
1308 5696 1364 5737 et
1388 5683 1590 5737 Elian.
1627 5686 1721 5738 lib.
1753 5700 1785 5738 v
1816 5683 1941 5737 Var.
1974 5685 2100 5738 hist.
2130 5700 2251 5751 cap.

680 5756 735 5817 ὕ,
763 5766 815 5805 et
846 5754 1035 5823 Claud.
1062 5754 1303 5807 Cuichar
1339 5754 1589 5809 Funeral.
1622 5754 1716 5808 lib.
1748 5770 1825 5819 nt,
1852 5771 1904 5823 p.
1940 5755 1993 5807 4.

752 5824 863 5890 (28)
896 5820 1083 5875 Patrio
1116 5823 1190 5874 ait
1216 5827 1342 5875 ritu.
1380 5826 1532 5891 Apud
1567 5825 1725 5878 Indos
1770 5820 1913 5878 enim
1946 5823 2243 5890 sapientes,

682 5894 1090 5962 inquittiurtius
1107 5892 1201 5949 lib.
1226 5908 1346 5963 vui,
1365 5910 1635 5964 occupare
1656 5896 1751 5949 I'ati
1774 5897 1915 5951 diem
1938 5895 2247 5963 pulchrum,

2362 5136 2417 5176 et
2453 5124 2601 5176 vivos
2626 5137 2685 5177 se
2715 5120 2946 5177 cremari
2974 5119 3190 5187 jubcnl.
3216 5118 3425 5184 Quibus
3455 5128 3548 5172 ant
3576 5122 3761 5190 segnis
3783 5129 3938 5185 aetas,

2367 5202 2461 5246 aut
2493 5194 2833 5245 incommoda
2862 5190 3112 5243 valetudo
3141 5202 3247 5253 est,
3297 5199 3672 5255 exspectatam
3707 5201 3938 5245 mortem

2363 5279 2461 5331 pro
2480 5264 2745 5318 dedecore
2769 5264 2891 5314 vitae
2918 5260 3139 5314 habent.
3160 5258 3271 5313 Nec
3294 5258 3795 5331 ollus_corporibus,
3816 5278 3938 5327 qua:

2362 5327 2615 5387 senectus
2672 5333 2869 5393 solvit,
2928 5331 3099 5383 honos
3146 5332 3399 5402 habetur.
3432 5327 3707 5399 lnquiuari
3739 5342 3938 5402 putant

2362 5404 2564 5472 ignem,
2600 5403 2699 5455 nisi
2727 5403 2818 5470 qui
2852 5404 3121 5468 spirantes
3152 5400 3363 5472 recipit.

2432 5474 2547 5541 (29)
2585 5474 2659 5525 De
2687 5472 2889 5541 nuptiis
2940 5472 3041 5525 ista
3088 5470 3338 5523 nonnihil
3371 5472 3609 5535 turbata,
3640 5484 3707 5526 es
3738 5485 3809 5526 vn
3837 5471 3935 5525 lib.

2363 5544 2481 5598 init.
2516 5544 2869 5596 restituenda.

2432 5614 2544 5684 (30)
2578 5614 2764 5667 Decies
2789 5611 3013 5684 millium
3037 5610 3369 5684 talentorum
3401 5612 3619 5684 quidam
3653 5610 3928 5684 referunt:

2363 5681 2653 5739 duodecies
2690 5696 2815 5735 vero
2850 5682 3002 5734 Diod.
3035 5682 3126 5733 lib.
3160 5694 3306 5745 xvtt;
3340 5691 3394 5733 et
3419 5681 3671 5735 Justinus
3704 5681 3798 5735 lib.
3832 5696 3931 5735 vit.

2457 5753 2547 5820 51)
2582 5752 2646 5805 Τ.
2686 5752 2872 5805 Livius
2903 5752 3160 5819 legendus
3190 5750 3282 5802 lib.
3322 5767 3401 5813 ix,
3434 5753 3503 5804 ab
3533 5750 3595 5805 V.
3621 5753 3685 5805 C.

2457 5760 2547 5820 51)
2582 5760 2646 5805 '1‘.
2686 5760 2872 5805 Livius
2903 5760 3160 5819 legendus
3190 5760 3282 5802 lib.
3322 5767 3401 5813 ix,
3434 5760 3503 5804 ab
3536 5760 3595 5805 V.
3621 5760 3685 5805 C.

2432 5760 2545 5893 (52)
2577 5825 2939 5893 Quainohrem
2980 5821 3244 5893 deliberat
3271 5822 3412 5893 apud
3437 5820 3703 5878 Senecam
3741 5820 3929 5877 rheto-

2360 5888 2475 5949 rem
2516 5888 2740 5950 Suasor.
2766 5890 2855 5947 ιγ.
2883 5906 2950 5944 an
2982 5888 3332 5958 Babyloniam
3364 5892 3550 5946 intret.
