4224 6442
715 383 820 449 303

1876 384 2141 449 ΡΗΟΤῙΙ
2179 382 2685 445 ΡΑΤῙΠΑΒΕΗΕ
2721 382 2829 445 CP.

3882 387 3994 452 304

719 505 789 562 ab
819 502 1131 559 Alexandro
1154 509 1371 571 satrapa
1407 501 1481 557 ibi
1514 502 1846 559 constitutus
1884 500 2085 567 fuerat,
2113 500 2301 557 Ptole-
2329 553 2330 556 η

2413 514 2574 569 αρχος
2609 492 2750 552 εῖναι
2772 515 2787 530 ο
2818 497 2920 569 τῆς
2952 497 3010 552 δέ
3040 498 3134 552 ἐπὶ
3161 498 3396 571 statim“
3430 498 3633 571 Συρίας
3661 499 3991 571 Λαομέδων,

721 594 841 650 ιιιεί
877 594 1118 649 vicarius
1145 593 1437 663 prafectus
1470 592 1551 649 fit.
1590 594 1765 667 Syria:
1791 593 1985 650 deinde
2004 608 2127 665 quae
2171 594 2299 648 huic

721 686 975 757 satrapis:
1021 685 1304 755 subiacet,
1357 685 1665 740 Laomedon
1709 685 2014 757 impositus.
2059 685 2303 741 Philotas

722 779 928 833 Cilicia
968 778 1258 847 praefectus
1308 787 1413 842 est,
1471 786 1531 831 ut
1569 776 1764 833 Pithon
1792 777 1980 833 Media:
2017 778 2152 849 (37).
2205 776 2299 832 Eu-

724 880 909 921 menes
946 882 1074 920 vero
1118 867 1424 922 Cardianus
1457 866 1857 937 Cappadociam
1898 878 1954 923 et
1997 868 2304 938 Paphlago-

724 961 893 1025 niam,
923 975 1153 1029 quaeque
1188 959 1360 1014 Ponto
1395 958 1645 1028 adjacent
1671 958 1906 1014 Euxiniu
1937 965 2199 1029 suscepit,
2236 960 2302 1015 ad

724 1067 898 1122 usque
910 1051 1305 1121 Trapezuntem
1324 1051 1708 1119 Sinopensium
1726 1051 2017 1108 coloniam.
2030 1050 2307 1124 Pamphy-

725 1146 812 1209 lis,
844 1154 899 1199 et
916 1144 1117 1216 Lyciis,
1151 1160 1471 1215 magnasque
1495 1146 1751 1219 Phrygia
1782 1148 2089 1219 Antigonus
2119 1150 2303 1202 datus.

722 1236 891 1293 Cares
917 1238 1073 1309 690
1093 1237 1408 1293 Cassandro
1430 1239 1797 1309 obvenerunt;
1820 1240 1955 1313 Lydi
1977 1241 2303 1296 Menandro:

728 1337 787 1383 ut
819 1329 1100 1385 Leonnato
1129 1330 1217 1385 illa
1251 1330 1486 1404 Phrygia
1510 1376 1526 1401 ,
1575 1349 1697 1405 quae
1733 1336 1963 1403 pertinet
1995 1334 2059 1388 ad
2102 1332 2306 1388 Helles-

725 1432 947 1491 pontum
981 1424 1116 1492 (58),
1146 1438 1307 1493 quam
1335 1425 1404 1479 ab
1425 1426 1540 1495 ipso
1562 1425 1870 1481 Alexandro
1891 1424 2052 1482 Calas
2084 1427 2303 1497 quidam

727 1514 948 1568 nomine
976 1516 1277 1582 obtinebat,
1315 1517 1417 1570 etsi
1452 1518 1646 1574 deinde
1671 1518 1981 1574 Demarcho
2012 1518 2306 1574 commissa

728 1602 890 1658 fuerit
916 1604 1053 1673 ('59).
1084 1604 1161 1658 Ita
1186 1612 1310 1659 tunc
1333 1606 1459 1661 Asia
1492 1617 1577 1663 est
1601 1608 1920 1663 distributa.

801 1694 903 1750 Per
938 1696 1206 1765 Europam
1240 1712 1391 1761 vero,
1431 1697 1680 1753 Thracia:
1714 1700 1933 1769 quidem
1982 1708 2038 1754 et
2073 1698 2310 1754 Cherro-

733 1802 886 1851 neso,
915 1789 1279 1858 gentibusque
1302 1788 1552 1845 Thraciae
1575 1790 1841 1856 finitimis,
1870 1806 2041 1863 usque
2070 1792 2138 1845 ad
2159 1808 2311 1847 mare

2403 590 2647 655 Φιλώτας
2675 590 2735 644 δδ
2760 589 3015 654 Κιλικίας
3046 582 3142 644 καὶ
3170 589 3355 645 Πίθων
3384 592 3602 662 Μηδίας
3622 592 3668 624 ⁸⁷
3691 633 3708 660 ,
3736 592 3996 663 Εὐμένης

2403 682 2460 735 δέ
2487 682 2518 734 ὁ
2550 680 2861 753 Καρδιανὸς
2897 682 3296 746 Καππαδοκίας
3322 683 3417 737 καὶ
3448 682 3832 753 Παφλαγονίας
3851 725 3869 749 ,
3894 685 3997 737 καὶ

2404 775 2503 829 ὅσα
2520 774 2615 828 τοῦ
2641 774 2846 829 Πόντου
2870 774 2966 829 τοῦ
2989 774 3246 842 Εὐξείνου
3280 776 3484 846 σύνορα
3511 776 3695 830 Im“
3717 776 3810 830 ἐπὶ
3833 780 3997 829 πόλιν

2420 866 2649 921 Ἐλλάδα
2669 868 2716 901 ⁸⁵
2746 866 3140 939 Τραπεζοῦντα
3160 907 3176 932 ,
3209 868 3500 923 Σινωπέων
3522 868 3751 923 ἄποικον
3776 886 3791 900 ·
3828 869 3997 937 Παμ-

2408 960 2589 1031 φύλων
2612 960 2670 1014 δέ
2700 963 2794 1014 καὶ
2822 961 3039 1014 Λυκίων
3069 962 3165 1015 καὶ
3194 961 3439 1032 Φρυγίας
3454 962 3555 1033 τῆς
3586 960 3833 1032 μεγάλης
3867 961 3997 1015 Ἀν-

2407 1053 2653 1121 τίγονος,
2698 1052 2902 1122 Καρῶν
2947 1053 3007 1107 δέ
3038 1052 3447 1124 Κάσανδροςτο,
3482 1052 3747 1107 Λυδῶνδέ
3775 1053 3995 1107 Μέναν-

2407 1142 2533 1213 δρος
2552 1183 2568 1206 ,
2605 1145 2707 1213 τῆς
2732 1145 2791 1200 δὲ
2830 1145 2919 1214 ἐφ’
2961 1145 3345 1218 Ἑλλησπόντῳ
3372 1145 3615 1216 Φρυγίας
3650 1145 3950 1208 Λεοννάτος
3974 1185 3994 1209 ,

2408 1236 2522 1307 ἧντ’
2555 1234 2615 1300 ἐξ
2633 1236 2681 1266 ”
2727 1236 3082 1309 Ἀλεξάνδρου
3122 1236 3223 1307 μὲν
3255 1236 3441 1299 Κάλας
3468 1236 3641 1306 ὄνομα
3666 1236 3890 1305 κατέχει
3908 1236 3955 1268 ⁷⁸
3977 1280 3994 1299 ,

2409 1325 2603 1381 ἔπειτα
2631 1325 2927 1398 Δήμαρχος
2973 1328 3373 1398 ἐπετέτραπτο.
3404 1327 3487 1381 Τὰ
3531 1326 3634 1397 μὲν
3657 1325 3802 1381 κατὰ
3816 1326 3864 1359 ’δ
3891 1328 3999 1398 τὴν

2423 1420 2610 1473 Ἀσίαν
2640 1412 2744 1473 ὧδε
2776 1420 3043 1491 ἐνεμήθη.

2481 1684 2604 1738 Τῶν
2630 1683 2686 1737 δὲ
2721 1684 2864 1738 κατὰ
2899 1683 2998 1753 τὴν
3025 1683 3297 1755 Εὐρώπην
3324 1685 3549 1758 Θρᾴκης
3584 1687 3685 1757 μὲν
3713 1687 3807 1740 καὶ
3846 1688 3999 1759 Χερ-

2412 1776 2679 1847 ρονήσου,
2717 1775 2811 1828 καὶ
2840 1776 2942 1829 ὅσα
2986 1774 3161 1846 Θρᾳξὶ
3187 1774 3389 1847 σύνορα
3416 1776 3573 1846 ἐθνη,
3609 1776 3733 1830 ἐστε
3767 1779 3859 1831 ἐπὶ
3898 1778 4001 1834 θά-

728 1880 871 1950 quod
910 1879 1323 1952 Salmydessum
1365 1879 1523 1936 Ponti
1574 1882 1770 1937 Euxini
1820 1883 2006 1938 urbem
2057 1884 2303 1955 attingit,

2413 1870 2617 1924 λασσαν
2655 1869 2760 1940 τὴν
2782 1869 2827 1903 ⁷⁸
2853 1870 2948 1923 ἐπὶ
2972 1869 3365 1939 Σαλμυδησσὸν
3390 1869 3485 1925 τοῦ
3510 1869 3764 1935 Εὐξείνου
3791 1873 4001 1924 Πόντου

732 1970 1091 2043 Lysimachus
1134 1971 1428 2042 prmfectus
1474 1974 1655 2028 datur.
1715 1974 1786 2028 At
1815 1990 1936 2046 qua
1964 1977 2102 2033 ultra
2139 1977 2312 2032 Thra-

730 2065 870 2118 ciam
904 2080 1077 2133 usque
1131 2067 1199 2119 ad
1234 2064 1519 2136 Illyricos,
1577 2064 1882 2135 Triballos,
1937 2080 1992 2125 et
2045 2074 2313 2141 Agrianos

732 2158 1036 2224 pertinent,
1070 2160 1299 2226 ipsaque
1348 2158 1483 2213 adeo
1526 2158 1841 2215 Macedonia
1864 2203 1880 2228 ,
1906 2172 1961 2216 et
1998 2162 2196 2232 Epirus
2248 2165 2313 2219 ad

729 2246 1036 2300 Ceraunios
1073 2262 1246 2314 usque
1283 2258 1500 2302 montes
1540 2249 1891 2321 pertingens,
1951 2268 2071 2307 cum
2105 2253 2312 2310 Grzecia

732 2338 987 2391 universa
1016 2338 1267 2402 Cratero,
1300 2348 1356 2393 et
1387 2339 1675 2409 Antipatro
1704 2342 2062 2398 obvenerunt.
2092 2345 2167 2399 lta
2202 2347 2315 2401 hxc

734 2430 930 2483 divisio
962 2430 1103 2484 facta
1132 2447 1145 2484 :
1183 2446 1305 2483 nam
1340 2431 1571 2499 plurima
1611 2435 1726 2489 loca
1755 2476 1770 2499 ,
1821 2447 1878 2490 ut
1910 2438 1977 2491 ab
2005 2438 2316 2494 Alexandro

732 2517 916 2573 relicta
941 2528 1121 2581 erant,
1154 2519 1421 2588 indigenis
1456 2524 1702 2591 parentia
1736 2524 2031 2591 praefectis,
2083 2528 2311 2585 indivisa

732 2621 1174 2678 permanserunt.

806 2705 1016 2759 Interea
1055 2719 1107 2761 et
1144 2708 1370 2762 Roxaua
1403 2725 1691 2780 praegnans
1721 2713 1861 2781 parit
1892 2710 2057 2766 lilium
2082 2752 2098 2777 ,
2153 2728 2313 2782 quem

736 2813 857 2850 mox
895 2814 1076 2869 regem
1112 2800 1361 2855 militaris
1398 2802 1555 2857 turba
1596 2804 1925 2858 renuntiavit
1959 2824 1970 2858 :
2008 2813 2063 2858 et
2089 2807 2313 2861 seditio-

739 2888 897 2941 uibus
922 2904 992 2942 au
1023 2889 1316 2944 Alexandri
1350 2906 1575 2947 excessu
1599 2896 1782 2949 omnia
1822 2894 2188 2965 replebautur.
2230 2897 2318 2952 Et-

734 2981 879 3031 enim
940 2980 1229 3049 Antipater
1291 2998 1414 3036 cqu
1478 2983 1940 3053 Atheniensibus,
2012 2999 2317 3059 czeteraque

735 3068 982 3136 Gracia,
1023 3086 1186 3142 quam
1233 3073 1569 3132 Leosthenes
1619 3080 1915 3146 imperator
1970 3079 2312 3141 defendebat.

738 3163 935 3217 bellum
986 3167 1155 3234 gessit
1192 3184 1206 3221 :
1240 3170 1583 3239 primumque
1610 3172 1803 3236 victus,
1848 3183 1903 3227 et
1949 3172 2001 3227 iu
2038 3177 2316 3244 angustias

734 3256 1002 3311 adductus
1029 3296 1044 3321 ,
1074 3259 1323 3327 superior
1366 3261 1581 3314 tandem
1622 3264 1837 3328 evasit,
1890 3266 2093 3319 amisso
2136 3277 2313 3320 tamen
2344 3232 2389 3289 ϐ

736 3346 1039 3414 Leonnato,
1069 3351 1163 3419 qui
1193 3354 1469 3420 suppetias
1504 3353 1793 3423 Antipatro
1844 3357 2118 3413 attulerat.
2167 3357 2319 3429 Lysi-

740 3442 964 3494 machus
1004 3457 1224 3511 quoque
1281 3459 1406 3497 cum
1445 3445 1648 3499 Seutha
1685 3446 1899 3502 Thrace
1937 3449 2097 3505 nimis
2148 3452 2317 3504 auda-

737 3541 853 3586 cter
872 3534 1119 3589 conflixit
1139 3551 1234 3605 pro
1260 3536 1509 3605 imperio.
1529 3539 1661 3594 Cum
1684 3541 1870 3610 paucis
1887 3542 2030 3596 enim
2050 3558 2317 3613 pugnans,

738 3626 838 3679 etsi
872 3636 1095 3683 strenue
1123 3644 1181 3683 se
1229 3639 1464 3699 gereret,
1500 3642 1676 3687 tamen
1722 3633 2004 3689 confectus
2046 3646 2150 3689 est.
2194 3635 2322 3689 Per-

740 3721 921 3774 dit-cas
979 3721 1105 3775 item
1157 3737 1280 3777 cum
1311 3724 1601 3780 Ariarathe
1653 3726 2011 3796 Cappadociae
2065 3730 2321 3797 praefecto

743 3813 1041 3878 conseruit,
1080 3816 1221 3882 quod
1268 3815 1494 3870 Eumeni
1545 3817 1619 3871 ibi
1681 3820 1949 3887 imperare
1995 3818 2154 3888 jusso
2214 3836 2319 3874 non

739 3904 1018 3959 cessisset.
1047 3904 1171 3961 Uno
1197 3906 1379 3975 itaque
1422 3908 1508 3963 hic
1540 3919 1593 3962 et
1623 3908 1794 3963 altero
1816 3910 2000 3979 praelia
2051 3914 2318 3981 superior,

740 4006 958 4062 captum
991 3997 1141 4049 illum
1188 3999 1510 4066 suspendit,
1560 4001 1963 4070 Eumenemque
2007 4004 2058 4056 in
2095 4019 2319 4074 regnum

744 4087 999 4142 restituit.
1029 4088 1291 4143 Craterus
1327 4104 1456 4143 vero
1482 4091 1769 4161 Antipatro
1804 4102 2029 4162 portans
2061 4094 2322 4147 adversus

732 4178 1004 4234 Craaciam
1038 4181 1335 4235 auxiliares
1370 4182 1555 4249 copias
1579 4222 1597 4247 ,
1639 4183 1881 4238 victoriae
1934 4184 2078 4239 illius
2109 4196 2319 4249 auctor,

733 4285 841 4340 qua
868 4270 997 4325 victi
1026 4270 1226 4335 Gneci,
1252 4275 1485 4328 exstitit.
1529 4273 1895 4339 Quamobrem
1928 4275 2148 4345 utrique
2178 4276 2323 4330 dicto

740 4362 1052 4430 audientes,
1075 4365 1344 4434 imperata
1366 4366 1623 4436 deinceps
1643 4365 1848 4437 absque
1873 4368 2324 4438 tergiversatione

734 4452 1001 4509 fecerunt.
1036 4456 1103 4510 Et
1148 4456 1261 4510 haec
1306 4457 1525 4526 quidem
1572 4457 1731 4512 libris
1784 4459 2031 4529 quinque
2078 4459 2320 4526 comple-

733 4546 917 4601 ctitur.

807 4636 1005 4693 Sextus
1054 4638 1219 4694 refert
1248 4640 1667 4697 Demosthenem
1701 4651 1754 4697 et
1786 4641 2113 4714 Hyperidem
2142 4646 2315 4700 Athe-

734 4728 951 4783 uienses
1002 4731 1228 4799 fugisse,
1282 4733 1653 4788 Aristonicum
1708 4735 1840 4789 item
1890 4734 2314 4799 Marathonium,

736 4828 791 4871 et
819 4818 1144 4875 Hitneraaum
1182 4821 1445 4877 Demetrii
1472 4823 1719 4880 Phalerei
1744 4826 1995 4887 fratrem,
2028 4827 2313 4899 Eginam-

730 4926 836 4979 que
870 4914 1103 4980 primum
1156 4914 1393 4978 venisse,
1432 4917 1520 4971 ubi
1558 4919 1682 4973 dum
1718 4928 2094 4985 versarentur,
2123 4929 2316 4975 orante

731 5003 989 5068 Demade,
1024 5005 1220 5074 capitis
1260 5009 1532 5063 sententia
1578 5010 1648 5063 ab
1687 5010 2111 5065 Atheniensibus
2154 5012 2314 5064 dam-

2416 1958 2555 2033 [124
2576 1959 2641 2013 Η.
2659 1958 2680 2031 ]
2710 1960 3019 2029 καθήκοντα
3038 1999 3053 2025 ,
3075 1959 3377 2031 Λυσιμάχῳ
3398 1961 3432 2032 ὴ
3460 1958 3604 2031 ἁρχὴ
3621 1960 3911 2030 ἐπετράπη
3929 1961 3998 1991 "-

2413 2054 2482 2107 τὰ
2510 2054 2566 2105 δὲ
2603 2053 2864 2106 ἐπέκεινα
2914 2052 3016 2123 τῆς
3061 2052 3289 2125 Θρᾴκης
3320 2052 3397 2116 ὡς
3425 2053 3518 2105 ἐπὶ
3573 2052 3863 2125 Ἰλλυριοὺς
3902 2053 4003 2107 καὶ

2417 2144 2753 2217 Τριϐαλλοὺς
2783 2145 2879 2197 καὶ
2917 2146 3246 2215 Ἀγριᾶνας,
3278 2145 3373 2198 καὶ
3404 2144 3544 2215 αὑτὴ
3574 2144 3883 2197 Μακεδονία
3906 2148 4003 2198 καὶ

2416 2240 2507 2309 ﬂ"
2530 2240 2796 2309 Ἥπειρος
2818 2237 2894 2302 ῶς
2924 2238 3021 2291 ἐπὶ
3051 2239 3120 2290 τά
3154 2238 3256 2308 ὅρη
3276 2238 3347 2290 τὰ
3372 2236 3654 2309 Κεραύνια
3682 2238 3999 2307 ἀνήκουσα,

2416 2332 2511 2385 καὶ
2543 2332 2592 2383 οἱ
2622 2330 2886 2398 Ἕλληνες
2922 2330 3269 2400 σύμπαντες,
3298 2328 3568 2401 Κρατερῷ
3596 2328 3693 2381 καὶ⁵
3736 2330 4003 2383 Ἀντιπά-

2414 2439 2529 2492 τρῳ
2549 2422 2809 2493 ἐνεμήθη.
2826 2418 2936 2475 Καὶ
2954 2423 2989 2491 ἡ
3020 2422 3120 2491 μὲν
3146 2421 3379 2492 νέμησις
3411 2419 3606 2483 οὕτως’
3626 2420 3799 2475 πολλὰ
3821 2421 3878 2473 δέ
3905 2424 4003 2474 καὶ

2417 2515 2753 2585 άδιανέμητα
2774 2513 2988 2585 ἔμεινεν
3019 2512 3125 2567 ὑπὸ
3152 2512 3263 2566 τῶν
3285 2512 3569 2583 ἐγχωρίων
3593 2514 3902 2586 ἀρχόντων,
3924 2514 4002 2578 ὡς

2418 2607 2725 2678 ἐτάχθησαν
2757 2607 2862 2659 ὑπὸ
2893 2606 3251 2677 Ἀλεξάνδρου
3272 2648 3287 2672 ,
3316 2608 3572 2677 ἐχόμενα.

2490 2698 2579 2751 Ἑν
2607 2698 2782 2767 τούτῳ
2815 2698 3057 2768 Ῥωξάνη
3094 2698 3215 2750 κύει
3254 2700 3348 2750 καὶ
3382 2700 3588 2760 τίκτει,
3626 2698 3722 2751 καὶ
3748 2699 3827 2761 εἰς
3852 2697 4007 2768 βασι-

2416 2789 2611 2845 λέα.τδ
2638 2790 2827 2859 τεχθὲν
2856 2790 3045 2842 ἀνεῖπε
3090 2788 3152 2841 τὸ
3184 2788 3409 2858 πλῆθος.
3441 2788 3583 2861 [217
3610 2789 3672 2843 Β.
3708 2787 3728 2860 ]
3753 2790 4005 2843 Στάσεων

2416 2882 2472 2935 δὲ
2506 2883 2643 2950 μετὰ
2675 2883 2767 2935 τὸν
2804 2881 3157 2951 Ἀλεξάνδρου
3189 2886 3421 2935 θάνατον
3452 2882 3629 2935 πάντα
3674 2882 4002 2951 ἐπληροῦτο.

2418 2976 2529 3027 Καὶ
2571 2974 2801 3043 πολεμεῖ
2859 2976 3215 3045 Ἀντίπατρος
3267 2976 3403 3045 πρός
3437 2992 3492 3027 τε
3538 2974 3860 3045 ’Δθηναίους
3908 2978 4006 3029 καὶ

2416 3067 2541 3128 τοὺς
2566 3067 2758 3129 ἄλλους
2793 3068 3060 3136 Ἕλληνας
3079 3109 3094 3131 ,
3140 3066 3489 3130 Λεωσθένους
3505 3068 3552 3099 ⁷⁸
3592 3069 3776 3132 αὐτοῖς
3804 3086 4004 3139 στρατο

2419 3158 2682 3226 ηγοῦντος
2703 3175 2716 3187 ·
2756 3160 2851 3210 καὶ
2878 3160 2944 3211 τὰ
2981 3158 3175 3229 πρῶτα
3205 3159 3516 3228 ἡττώμενος
3542 3162 3636 3213 καὶ
3662 3161 3741 3223 εἰς
3768 3161 4006 3231 ἀπορίαν

2423 3249 2848 3318 συγκλειόμενος
2898 3249 3125 3321 ὓστερον
3174 3251 3418 3320 ἐκράτει.
3467 3252 3630 3305 Ἀλλὰ
3676 3251 3865 3304 πίπτει
3911 3254 4006 3306 καί

2421 3342 2718 3403 Λεοννάτος
2746 3342 3061 3411 ἐπιϐοηθεῖν
3088 3343 3259 3394 δοκῶν
3306 3343 3668 3414 Ἀντιπάτρῳ.
3695 3345 3803 3396 Καὶ
3836 3344 4004 3397 Λυσί-

2424 3450 2595 3502 μαχος
2632 3432 2689 3484 δὲ
2720 3433 2896 3505 Σεύθῃ
2929 3434 3006 3503 τῷ
3033 3434 3213 3504 Θρᾳκὶ
3254 3435 3509 3504 πολεμῶν
3538 3436 3678 3503 ὑπὲρ
3702 3435 3802 3503 τῆς
3828 3436 4005 3506 ἀρχῆς

2423 3524 2751 3593 παραϐόλως
2787 3526 2922 3582 (σὺν
2968 3526 3168 3591 ὀλίγοις
3200 3525 3311 3595 γὰρ
3335 3525 3352 3594 )
3377 3526 3472 3577 καὶ
3520 3526 3827 3595 εὐδοκιμῶν
3856 3527 4005 3596 ὅμως

2421 3618 2685 3688 ἀνῃρέθη.
2736 3619 2971 3687 Πολεμεί
2999 3619 3056 3670 δέ
3097 3619 3192 3671 καὶ
3222 3618 3532 3687 Περδίκκας
3592 3619 3892 3688 Ἀριαράθῃ
3928 3619 4006 3689 τῷ

2422 3710 2854 3773 Καππαδοκίας,
2899 3710 2981 3762 ὅτι
3031 3710 3265 3779 Εὐμένει
3311 3710 3501 3779 ἄρχειν
3542 3711 4006 3781 ἐπιτετραμμένῳ

2423 3800 2523 3870 τῆς
2565 3801 2741 3870 ἀρχῆς
2788 3802 2889 3853 ούκ
2940 3801 3220 3867 ἐξίστατο·
3258 3802 3351 3853 καὶ
3385 3800 3503 3853 δυσὶ
3532 3803 3765 3872 νικήσας
3802 3802 4005 3872 μάχαις

2422 3893 2517 3945 καὶ
2546 3892 2830 3946 συλλαϐὼν
2876 3893 3188 3963 ἐκρέμασεν
3208 3930 3225 3957 ,
3257 3892 3489 3962 Εὐμένει
3530 3895 3630 3963 τὴν
3663 3895 3838 3963 ἀρχὴν
3865 3898 4006 3946 απο-

2425 3985 2802 4053 καταστήσας.
2853 3984 3137 4055 Κρατερὸς
3192 3982 3251 4036 δέ
3299 3983 3609 4054 συμμαχῶν
3666 3985 4007 4055 ’Δντιπάτρῳ

2423 4079 2565 4132 κατὰ
2593 4076 2702 4130 τῶν
2744 4077 3020 4146 Ἐλλήνων
3070 4076 3245 4139 αἴτιος
3288 4076 3390 4145 τῆς
3432 4076 3621 4146 νίκης,
3648 4072 3714 4148 ἧς
3746 4079 4006 4147 ἐνίκησαν

2423 4168 2623 4229 αὐτοὺς
2650 4209 2665 4231 ,
2698 4168 2955 4236 γέγονεν’
2992 4167 3053 4233 ἐξ
3086 4160 3149 4220 οὗ
3181 4168 3275 4219 καὶ
3323 4167 3538 4220 ἅπαντα
3558 4208 3574 4233 ,
3612 4168 3757 4239 άπερ
3802 4169 3869 4221 ἂν
3901 4170 4006 4221 αύ-

2422 4262 2537 4322 τοῖς
2568 4258 2853 4329 Κρατερὸς
2901 4257 3166 4310 ἐπέταττε
3190 4258 3286 4309 καὶ⁵
3326 4259 3684 4329 Ἀντίπατρος
3704 4300 3718 4321 ,
3748 4261 4005 4330 ἀπροφα-

2426 4346 2625 4407 σίστως
2672 4344 2997 4415 ἐπράττετο.
3045 4346 3155 4398 Καὶ
3200 4344 3373 4398 ταῦτα
3415 4348 3578 4417 μέχρι
3607 4347 3701 4401 τοῦ
3748 4350 4004 4418 πέμπτου

2426 4436 2653 4507 βιϐλίου.

2506 4640 2595 4693 Ἐν
2634 4640 2691 4693 δέ
2720 4639 2799 4710 τῷ
2829 4640 2975 4709 ἐκτῳ
3018 4638 3377 4711 διαλαμϐάνει
3399 4641 3547 4705 ὅπως
3572 4644 3617 4674 ⁷⁹
3664 4644 3724 4710 ἐξ
3764 4643 4003 4714 ’Δθηνῶν

2422 4734 2472 4785 οί
2494 4733 2640 4801 ἀμφὶ
2669 4732 3020 4804 Δημοσθένην
3052 4733 3146 4786 καὶ
3178 4734 3564 4805 Ὑπερείδην⁸⁶
3588 4735 3819 4803 ἔφυγον,
3856 4739 4004 4807 Ἀρι-

2423 4826 2668 4889 στόνικός
2686 4827 2729 4856 ⁸¹
2770 4843 2828 4878 τε
2863 4829 2890 4878 ὁ
2914 4826 3273 4893 Μαραθώνιος
3305 4828 3401 4880 καὶ
3432 4828 3697 4899 Ἱμεραῖος
3711 4829 3755 4861 ⁸³
3772 4833 4001 4901 όΔημη-

2423 4922 2577 4988 τρίου
2611 4917 2707 4971 τοῦ
2724 4917 3015 4988 Φαληρέως
3047 4918 3298 4985 ἀδελφὸς,
3331 4920 3399 4971 τά
3430 4921 3529 4990 μὲν
3545 4922 3829 4991 πρῶταείς
3844 4924 4000 4991 Δίγι-

2424 5023 2521 5059 ναν
2546 5024 2559 5037 ·
2593 5007 2711 5060 ἐκεῖ
2754 5006 2811 5060 δέ
2840 5006 3140 5075 διαγόντων
3168 5005 3398 5060 θάνατον
3439 5007 3626 5062 αὐτῶν
3658 5012 3910 5079 κατέγνω
3940 5014 4002 5065 τὸ

2019 5148 2262 5204 VARIA‘J
2292 5143 2699 5202 LECTIONES.

799 5260 844 5334 _“
878 5258 971 5312 ἐπὶ
998 5258 1171 5334 ταύτῃ
1204 5262 1246 5334 ᾼ
1261 5276 1287 5334 ε
1310 5264 1398 5314 ἐπ’
1424 5263 1563 5334 αὐτῇ

726 5330 868 5384 Κάσ.
904 5347 965 5393 ς.
1044 5330 1086 5360 ⁷¹
1121 5331 1190 5393 ἢν

727 5401 767 5432 -"
805 5400 1188 5469 ἐπετέτραπτο
1211 5400 1275 5466 ξ.

723 5468 1077 5542 ⁸¹Ἡμεραίος
1104 5487 1162 5534 ς.

768 5583 797 5590 ρ

1538 5266 1563 5334 ᾖ
1606 5282 1665 5328 ς.
1745 5264 1790 5296 ⁸⁷
1818 5264 2061 5333 Μηδείας
2090 5281 2151 5328 ς.

1210 5330 1229 5403 ]
1258 5328 1327 5403 ἦν
1354 5338 1396 5386 Λ
1436 5351 1449 5387 :
1484 5328 1639 5398 sig.
1718 5336 1763 5365 ⁷⁸
1787 5336 1847 5399 ἐξ
1870 5328 1979 5389 ιίιη.
2021 5338 2085 5389 Α.

2225 5263 2271 5295 ⁸⁸
2304 5260 2426 5314 ἕστε
2475 5262 2518 5315 A
2552 5277 2564 5312 :
2594 5257 2748 5311 ἔσται
2778 5274 2837 5320 ς’.

2187 5334 2233 5365 ⁷³
2266 5331 2517 5400 κατέχειν
2544 5333 2608 5385 Α.
2707 5329 2752 5400 "ﬁ

1357 5404 1461 5474 ⁷⁷,ή
1494 5396 1615 5458 add.
1653 5408 1719 5459 A.
1796 5396 1843 5438 ⁷⁵
1866 5404 2199 5467 Λεοσθένους
2228 5405 2292 5457 Α.
2374 5396 2586 5465 "cum;
2614 5402 2663 5453 oi
2694 5398 2755 5462 ἐξ
2788 5415 2849 5460 ς.
2926 5396 3280 5469 ⁸⁸Ὑπερίδην
3310 5417 3373 5464 ς.
3439 5400 3486 5433 ⁸⁸
3506 5396 3906 5473 Ἀριστόνεικός
3930 5414 3998 5465 Α,

2916 5255 3228 5333 ⁶⁹ο⁹Ελλάδα
3287 5257 3505 5333 add._A.
3571 5259 3627 5333 7"
3660 5260 3865 5333 Καρῶν
3904 5271 3998 5321 καὶ.

2800 5327 2899 5395 μὲν
2926 5321 3049 5404 Δούν.
3084 5329 3226 5404 κατά
3251 5346 3311 5393 ς.
3412 5330 3461 5404 ’ξ
3498 5332 3593 5404 ἐπὶ
3621 5335 3719 5404 τὴν
3755 5321 3894 5389 ¹θαλ.
3930 5345 3997 5395 Α,

2242 5586 2451 5642 NOT/E

790 5688 905 5758 (37)
940 5688 1119 5745 Credo
1155 5687 1403 5759 Cgrateva‘
1433 5687 1495 5743 Γ.
1541 5705 1665 5742 nam
1702 5688 1959 5759 Agenoris
1994 5689 2056 5744 F.
2086 5688 2305 5743 Colonis

725 5757 1080 5813 Macedonum
1104 5762 1158 5813 in
1190 5757 1625 5825 lamis-prefuit.

798 5829 916 5900 (38)
962 5828 1095 5897 Quae
1140 5838 1196 5887 et
1234 5827 1473 5899 Phrygia
1532 5832 1705 5885 minor
1765 5829 1979 5887 Justin
2029 5829 2125 5887 lib.
2178 5843 2299 5895 xm,

2416 5684 2993 5835 al'(E’iiitﬁméur_tjus,_lib_.
3023 5767 3122 5835 ut,
3165 5752 3342 5835 initio,
3373 5760 3566 5816 Calan
3590 5760 3736 5835 hunc
3758 5763 3998 5835 Paphla-

2410 5826 2610 5895 goniae,
2642 5833 2693 5879 et
2730 5821 2917 5880 Enetis
2940 5824 3009 5879 ab
3045 5823 3354 5886 Alexandro
3388 5831 3740 5903 praepositum
3771 5821 3870 5892 ait'.
