4224 6442
234 371 343 435 305

1308 381 1834 447 BIBLIOTHECA.
1862 410 1933 420 —
1967 387 2134 449 COD.
2173 385 2353 449 XCII.

3395 383 3505 447 306

246 480 561 552 Ἀθηναίων
579 484 783 557 πλῆθος
799 485 1046 554 εἰπόντος
1058 489 1333 561 Δημάδου,
1350 492 1445 547 καὶ
1474 492 1829 563 ’Δντίπατρος

1861 506 1908 563 Α
1938 505 2115 565 natos,
2152 496 2298 567 quod
2339 495 2619 551 decretum
2663 492 2950 564 Antipater
2979 490 3369 563 perliciendum
3407 507 3506 549 cu-

230 574 317 637 είς
346 574 517 645 ιργον
543 577 798 651 ήγαγετδ
823 579 1103 653 ψήφισμα.
1130 582 1243 637 Καὶ
1265 582 1343 646 ὡς
1378 584 1607 655 Ἀρχίας
1636 587 1666 640 ὁ
1687 585 1822 640 Θού-

231 680 354 736 ριος
377 667 463 731 είς
493 668 586 720 τδν
614 668 849 735 θάνατον
880 671 1064 727 αὐτῶν
1096 672 1452 746 ὑπουργήσας
1472 713 1490 739 ,
1519 677 1579 729 εν
1616 677 1820 747 ἐσχάτη

228 757 404 830 πενίᾳ
446 759 543 813 καὶ
586 761 789 833 ἀτιμίᾳ
831 764 1175 835 κατατρίψας
1218 766 1541 837 suum“
1568 767 1659 822 τὸν
1684 767 1819 837 βίον.

228 849 346 903 Καὶ
370 849 452 913 ὡς
478 852 741 922 Δημάδης
772 854 835 908 οὐ
864 855 1047 927 πολλῷ
1072 856 1302 928 ὕστερον
1329 858 1389 921 ις
1411 858 1458 891 ⁸⁸
1480 858 1823 914 Μακεδονίαν

226 939 430 1008 ἀχθεὶς
457 942 568 996 ὑπὸ
605 945 931 1018 Κασάνδρου
967 947 1182 1019 ίσφάγη
1202 988 1219 1013 ,
1272 948 1368 1002 τοῦ
1398 948 1589 1013 παιδὸς
1624 950 1685 1003 ἐν
1710 952 1823 1014 τοῖς

225 1031 464 1095 κόλποις
485 1040 1029 1106 προαποσφαγίντος·
1066 1041 1247 1095 αἰτίαν
1271 1040 1315 1095 δ’
1337 1041 1511 1112 ἐπῆγε
1526 1042 1573 1076 ⁸⁸
1601 1042 1824 1097 Κάσαν-

225 1121 357 1191 δρος
378 1164 397 1188 ,
412 1125 496 1179 δτι
524 1129 617 1180 τὸν
642 1128 813 1183 αὐτοῦ
836 1130 1050 1202 πατέρα
1071 1131 1407 1203 ίξυϐρίσειεν
1424 1134 1483 1187 ὲν
1507 1129 1590 1198 οἷς
1612 1134 1822 1207 εγραψε

236 1215 534 1291 Περδίκκᾳ
561 1221 757 1286 σώζειν
780 1223 908 1286 τοὺς
932 1222 1203 1296 Ἕλληνας
1231 1225 1343 1278 ἀπὸ
1362 1226 1573 1295 σαπροῦ
1598 1228 1693 1281 καὶ
1717 1244 1822 1281 πα-

228 1304 395 1359 λαιοῦ
430 1310 701 1378 στήμονος
742 1310 1123 1382 ἠρτημένους,
1152 1312 1301 1367 οὕτω
1327 1313 1419 1367 τὸν
1466 1315 1823 1387 ’Δντίπατρον

230 1398 638 1468 ἐπιχλευάζων.
660 1403 953 1474 Δείναρχος
983 1404 1041 1459 δὲ
1068 1405 1100 1458 δ
1129 1405 1425 1475 Κορίνθιος
1454 1409 1482 1460 ὁ
1512 1408 1822 1478 κατήγορος

228 1483 323 1559 ἦν.
369 1490 515 1545 Ἀλλ’
549 1494 578 1547 ὅ
620 1511 685 1562 γε
724 1495 985 1567 Δημάδης
1013 1496 1115 1567 τῆς
1165 1496 1335 1551 αὐτοῦ
1368 1497 1699 1569 δωροδοκίας
1726 1499 1822 1553 καὶ

231 1575 653 1649 προδοσίαςκαὶ
682 1586 743 1650 ις
786 1587 967 1641 πάντα
993 1588 1261 1653 ἀπιστίας
1285 1588 1386 1660 τὴν
1408 1590 1568 1657 ἀξίαν
1593 1590 1822 1645 ἀπέτισε

229 1671 420 1741 δίκην.

1930 591 2087 644 rarlt.
2116 588 2317 644 Deinde
2342 595 2401 642 ut
2425 586 2658 643 Archias
2681 585 2941 651 Thurina,
2966 586 3059 657 qui
3090 600 3282 639 eorum
3310 600 3499 640 necem

1928 684 2292 747 perpetrant,
2331 674 2399 731 ad
2428 682 2732 729 extremam
2774 674 2913 744 70a
2972 673 3226 729 redactus
3264 672 3499 742 inopiam

1929 777 2098 839 atque
2128 768 2434 832 infamiam,
2474 766 2589 821 vita
2634 766 2932 821 decesserit
2966 782 2981 820 :
3021 773 3190 834 utque
3229 762 3501 819 Demades

1930 877 2037 919 non
2072 862 2149 917 ita
2196 860 2366 915 multo
2403 866 2526 929 post
2555 859 2608 914 in
2645 857 3018 915 Macedoniam
3066 856 3301 923 delatus,
3328 870 3359 909 a
3392 854 3503 909 Ca-

1927 955 2133 1011 sandro
2168 950 2495 1009 interiectus
2517 951 2612 1017 sit,
2638 950 2760 1020 ejus
2782 948 3017 1018 primum
3060 946 3174 1002 lilio
3204 946 3259 1001 in
3289 947 3414 1001 sinu
3451 956 3509 1001 et

1926 1046 2099 1102 oculis
2122 1044 2368 1115 parentis
2390 1041 2660 1116 iugulato.
2691 1039 2926 1097 Causam
2953 1054 3083 1095 vero
3108 1039 3274 1094 cadis
3294 1037 3509 1094 Casan-

1926 1139 2086 1191 drum
2113 1135 2369 1205 allegare,
2393 1133 2543 1204 quod
2576 1142 2863 1202 parentem
2896 1145 3057 1187 suum
3085 1131 3353 1186 Demades
3374 1130 3505 1185 olim

1930 1224 2133 1293 injuria
2184 1221 2477 1288 aﬂ'ecisset,
2526 1234 2650 1276 cum
2682 1218 2957 1275 Perdiccae
2999 1218 3242 1288 scripsit,
3271 1228 3328 1272 ut
3356 1216 3508 1273 Gm-

1929 1330 2025 1370 cos
2053 1329 2084 1369 e
2107 1313 2329 1383 putrido
2364 1327 2427 1367 ac
2452 1322 2639 1366 vetere
2674 1308 2766 1365 illo
2793 1308 3097 1379 pendentes
3144 1324 3369 1364 servare
3392 1306 3510 1363 vel-

1931 1402 2038 1469 let;
2071 1403 2420 1473 Antipatrum
2448 1401 2708 1455 nimirum
2752 1398 2837 1455 his
2861 1399 3047 1463 verbis
3076 1398 3374 1454 irridendo.
3411 1397 3507 1451 Di-

1931 1498 2199 1551 narchum
2221 1493 2340 1566 (40)
2374 1492 2718 1549 Corinthium
2748 1490 2945 1547 horum
2992 1491 3253 1547 indicium
3283 1490 3503 1557 fecisse,

1931 1599 2098 1658 atque
2144 1588 2217 1642 ita
2268 1586 2560 1641 Demadem
2604 1583 2899 1655 aliquando
2941 1584 3186 1639 avaritia
3221 1597 3286 1639 ac
3316 1582 3503 1653 prodi-

1935 1680 2124 1745 tionis,
2152 1688 2211 1734 et
2242 1679 2295 1733 in
2342 1692 2403 1733 re
2446 1690 2660 1748 quaque
2700 1678 2961 1749 perﬁdiae,
3006 1676 3235 1732 meritas
3288 1676 3505 1733 dedisse

1934 1786 2147 1842 pmnas.

303 1853 690 1925 Διαλαμϐἁνει
724 1856 782 1909 δδ
815 1856 910 1910 καὶ
941 1856 1019 1919 ὡς
1061 1856 1281 1927 Θίϐρων
1326 1857 1355 1909 δ
1402 1858 1829 1929 Λακεδαιμόνιος

1866 1864 1910 1920 Β
2006 1860 2194 1918 Refert
2220 1861 2385 1917 etiam
2413 1859 2549 1915 haec.
2582 1858 2790 1914 Tbibro
2817 1858 3265 1914 Lacedamonius
3290 1854 3500 1927 Harpa-

233 1946 529 2021 ’Δρπαλον
551 1946 645 2001 τὸν
676 1948 747 2001 τά
778 1947 1128 2019 Ἀλεξάνδρου
1161 1948 1424 2019 χρήματα
1452 1948 1656 2013 ζῶντος
1678 1951 1823 2004 iusi—

231 2055 329 2091 νου
351 2038 679 2107 ἁρπάσαντα
716 2039 809 2091 καὶ
833 2040 1076 2109 φυγόντα
1100 2039 1237 2109 πρὸς
1259 2039 1358 2103 τὰς
1399 2040 1625 2111 Ἀθήνας
1649 2080 1665 2105 ,
1700 2042 1824 2096 τοῦ·

232 2143 329 2179 τον
350 2128 560 2191 ἐκεῖνος
581 2129 913 2192 ἀποκτείνας
933 2170 949 2194 ,
970 2130 1066 2183 καὶ
1091 2130 1191 2182 ὅσα
1226 2129 1556 2183 ὑπελείπετο
1570 2132 1616 2163 ⁸⁸
1647 2132 1827 2185 λαϐὼν

236 2220 545 2291 χρήματα,
576 2220 769 2291 πρῶτα
810 2220 912 2291 μὲν
950 2222 1045 2275 ἐπὶ
1077 2223 1363 2285 Κυδωνίας
1383 2223 1426 2255 ⁸⁸
1448 2223 1547 2293 τῆς
1576 2226 1635 2287 ἐς
1673 2226 1826 2296 Κρή-

235 2327 341 2380 την
396 2310 639 2379 εστάλη,
687 2310 921 2365 ἐνθενδὶ
952 2312 1067 2374 te"
1118 2314 1375 2385 Κυρήνην
1422 2313 1638 2367 διέϐαλε
1686 2316 1826 2385 μετά

236 2403 511 2472 στρατιᾶς
544 2405 623 2465 είς
658 2403 1066 2474 ,ἑξακισχιλίους
1102 2405 1498 2477 συντελούσης·
1534 2406 1742 2476 ἐπῆγον
1770 2408 1827 2461 δὲ

234 2494 411 2547 αὑτὸν
433 2495 545 2549 τῶν
569 2495 635 2548 ἐκ
664 2497 927 2566 Κυρήνης
958 2497 1055 2550 καὶ
1080 2498 1344 2567 Βαρκέων
1366 2498 1417 2551 oi
1449 2500 1707 2567 φυγάδες.
1740 2501 1828 2554 Ἐν

237 2581 325 2649 οἷς
357 2586 585 2649 πολλαῖς
612 2588 711 2655 μιν
737 2588 1195 2659 μάχαις,πολλατς
1214 2590 1273 2643 δὲ
1298 2589 1609 2653 ἐπιϐουλαῖς
1638 2591 1829 2645 ἄλλοτε

242 2680 348 2749 μὲν
406 2679 664 2748 κρατῶν,
717 2678 888 2733 ἐνίοτε
938 2680 1360 2751 δὲήττώμενος,
1410 2681 1563 2745 τέλος
1609 2682 1830 2751 φεύγων

238 2770 411 2843 [125
463 2769 574 2842 H.]
605 2767 710 2825 ὕπὸ
735 2772 953 2825 Λιϐύων
1008 2772 1171 2825 τινῶν
1224 2773 1527 2845 συνωρίδας
1582 2776 1829 2843 ἀγόντων

242 2862 561 2933 συνελήφθη
589 2903 604 2927 ,
636 2865 731 2917 καὶ
764 2864 895 2933 mp‘
936 2863 1230 2935 Ἐπικύδην
1270 2864 1463 2931 ἀγεται
1509 2864 1603 2918 τὸν
1648 2864 1829 2918 Ὀλύν-

241 2956 363 3009 θιον
409 2957 494 3019 είς
547 2954 854 3027 Τεύχειρα,
901 2948 946 3022 ᾧ
974 2957 1074 3025 τὴν
1108 2956 1265 3009 πόλιν
1306 2956 1523 3026 ἐκείνην
1567 2958 1829 3027 Ὀφελλάς

241 3048 647 3120 ιπετετρόφει,
698 3048 839 3117 ἀνὴρ
874 3048 1179 3114 Μακεδὼν,
1229 3049 1289 3109 δς
1339 3048 1447 3103 ὑπὸ
1487 3049 1827 3121 Πτολεμαίου

245 3142 343 3197 τοῦ
382 3142 569 3210 Λάγου
618 3142 711 3195 ἐπὶ
764 3140 986 3210 βοηθείᾳ
1034 3140 1143 3193 τῶν
1190 3141 1516 3212 Κυρηναίων
1562 3142 1828 3214 ιτύγχανε

252 3233 498 3297 σταλείς.
523 3234 588 3286 υἱ
613 3233 673 3286 δὲ
696 3230 1104 3302 Τευχειρίται⁸⁸
1130 3272 1146 3295 ,
1187 3232 1422 3301 Ὀφελλᾶ
1453 3233 1551 3305 τὴν
1578 3233 1830 3297 ἐξουσίαν

245 3324 434 3387 δόντος
456 3364 473 3389 ,
502 3322 763 3394 ᾑκίσαντό
793 3338 854 3375 τε
892 3322 985 3375 τὸν
1014 3321 1269 3394 Θίϐρωνα
1325 3322 1423 3375 καὶ
1451 3324 1531 3386 είς
1582 3324 1675 3377 τὸν
1720 3323 1830 3377 τῶν

248 3416 585 3486 Κυρηναίων
625 3413 877 3484 επεμψαν
915 3414 1293 3486 κρεμασθῆναι
1346 3415 1563 3483 λιμένα.
1619 3416 1742 3471 ΙἘτι
1774 3416 1831 3469 δὶ

247 3507 359 3559 τῶν
389 3506 523 3576 περὶ
559 3506 820 3575 Κυρήνην
849 3505 1252 3570 στασιαζρντων
1292 3506 1627 3575 Πτολεμαῖος
1673 3504 1833 3559 ἐπελ-

249 3596 361 3651 θὼν
389 3597 489 3649 καὶ
520 3596 699 3650 πάντα
723 3597 1207 3667 καταστησάμενος
1239 3598 1417 3652 ὀπίσω
1459 3598 1793 3653 ἀπέπλευσε.

321 3685 631 3757 Περδίκκας
653 3688 711 3740 δὲ
746 3687 1037 3758 ’Δντιγόνῳ
1064 3686 1433 3741 ἐπιϐουλεύων
1464 3689 1543 3751 είς
1572 3688 1831 3759 δικαστή-

254 3796 369 3847 ριον
402 3778 589 3831 ικάλει
611 3794 628 3810 ⁸
656 3781 685 3831 δ
711 3779 769 3831 δὲ
792 3778 948 3842 είδὼς
969 3778 1415 3833 ἐπιϐουλεύεσθαι
1434 3778 1562 3850 [220
1590 3778 1681 3852 3.]
1710 3779 1832 3833 οὔτε

252 3872 538 3939 ὑπήκουσε
561 3908 578 3933 ,
610 3869 703 3923 καὶ
724 3871 803 3933 είς
831 3870 1030 3941 ἔχθραν
1057 3871 1309 3943 ἀλλήλοις
1338 3872 1700 3942 κατέστησαν.
1746 3873 1835 3927 Ἑν

249 3961 431 4030 τούτῳ
472 3959 531 4014 δι
564 3961 716 4029 παρά
748 3961 840 4013 τὸν
881 3960 1188 4031 Περδίκκαν
1228 3963 1296 4015 εκ
1335 3962 1675 4025 Μακεδονίας
1702 3960 1836 4034 ἧκον

264 4048 468 4111 Ἰόλλας
509 4064 571 4101 τε
620 4049 714 4102 καὶ
775 4049 998 4120 Ἀρχίας
1021 4086 1039 4113 ,
1072 4050 1298 4117 ἄγοντες
1336 4050 1490 4121 αὐτῷ
1518 4052 1617 4123 τὴν
1661 4054 1835 4106 Ἀντι-

252 4138 465 4210 πάτρου
499 4138 665 4193 παῖδα
696 4139 933 4193 Νίκαιαν
981 4142 1063 4204 είς
1108 4144 1365 4209 γυναῖκα.
1408 4142 1567 4195 Ἀλλά
1622 4160 1685 4212 γε
1742 4145 1838 4198 καὶ

265 4232 579 4301 Ὀλυμπιὰς
606 4233 638 4301 ἡ
681 4232 1034 4303 Ἀλεξάνδρου
1070 4234 1254 4305 μήτηρ
1277 4234 1491 4303 ἔπεμπε
1521 4236 1649 4305 παρ’
1676 4236 1838 4290 αὑτὸν

254 4324 695 4393 κατεγγυωμένη
728 4324 829 4393 τὴν
856 4323 1132 4395 θυγατέρα
1155 4325 1532 4395 Κλεοπάτραν.
1557 4328 1665 4380 Καὶ
1686 4330 1715 4381 ὁ
1740 4328 1839 4398 μὲν

256 4415 515 4483 Εὐμένης
557 4414 587 4467 δ
620 4415 925 4485 Καρδιανὸς
954 4415 1340 4469 συνεϐούλευεν
1384 4418 1538 4487 ἄγειν
1586 4418 1837 4473 Κλεοπά-

255 4523 431 4601 τρανᾼ,
470 4506 743 4601 habere"
765 4508 823 4561 δι
1197 4510 1278 4571 είς
1308 4509 1545 4601 ίξίίκαιαν
1572 4510 1775 4564 ἔτεινεν
1804 4513 1837 4581 ή
1866 4542 1915 4601 D

257 4594 545 4665 συμϐουλή
570 4613 584 4627 ·
620 4596 711 4649 καὶ
740 4599 867 4668 νικᾷ
892 4598 951 4649 τὸ
980 4598 1217 4652 Νίκαιαν
1246 4598 1445 4668 μᾶλλον
1474 4600 1727 4669 ἀγαγεῖν.
1757 4602 1831 4655 Οὐ

256 4688 394 4742 πολὺ
420 4687 481 4741 δὲ
510 4686 739 4758 ὕστερον
764 4690 861 4743 καὶ
888 4690 950 4743 τὸ
975 4690 1107 4759 περὶ
1157 4691 1408 4760 Κυνάνην
1435 4692 1607 4757 πάθος
1639 4710 1834 4764 συνην-

254 4781 389 4851 έχθη
409 4820 427 4846 ,
450 4780 479 4834 ὃ
500 4782 804 4851 Περδίκκας
820 4799 879 4836 τε
901 4783 993 4835 καὶ
1017 4784 1047 4836 ὁ
1068 4782 1297 4851 ἀδελφὸς
1325 4782 1583 4847 Ἀλκέτας
1609 4785 1833 4856 διεπρά-

1928 1953 2038 2009 lum
2072 1952 2189 2024 (qui
2220 1952 2513 2023 superstite
2548 1951 2845 2007 etiamnum
2884 1950 3190 2005 Alexandro
3219 1963 3351 2018 opes
3380 1947 3500 2018 ejus

1927 2046 2162 2110 furatus,
2210 2046 2454 2101 Athenas
2501 2058 2562 2098 se
2609 2040 2912 2112 receperat)
2963 2039 3237 2096 interemit
3273 2040 3410 2113 (Η).
3440 2052 3498 2095 et

1927 2137 2145 2194 sublato
2190 2135 2454 2207 quidquid
2511 2134 2587 2189 illi
2640 2134 2990 2205 pecuniarum
3054 2134 3319 2203 reliquum
3360 2143 3501 2201 erat,

1929 2232 2163 2301 primum
2204 2229 2420 2300 quidem
2461 2228 2513 2281 in
2550 2226 2847 2297 Cydoniam
2875 2225 3049 2282 Creta:
3080 2228 3269 2281 urbem
3307 2227 3454 2281 venit
3484 2244 3499 2281 :

1929 2321 2024 2375 sed
2067 2319 2261 2374 deinde
2304 2318 2357 2371 in
2388 2315 2658 2387 Cyrenem
2688 2331 2809 2369 cum
2846 2317 3092 2371 exercitu
3142 2330 3239 2370 sex
3272 2315 3501 2371 millium

1930 2407 2142 2478 trajecit
2167 2446 2183 2471 ,
2242 2407 2538 2463 accersitus
2582 2405 2650 2461 ab
2692 2404 3080 2476 Cyrenensium
3111 2403 3502 2463 Barcensinm-

1929 2515 2037 2571 que
2081 2500 2195 2569 (42)
2225 2498 2522 2555 exsulibus.
2558 2497 2711 2566 Apud
2752 2512 2891 2567 quos
2926 2499 3052 2551 dum
3085 2498 3255 2552 variis
3287 2499 3503 2570 pugnis,

1932 2588 2214 2656 variisque
2247 2586 2478 2651 insidiis,
2506 2586 2778 2639 interdum
2804 2585 3287 2649 vincit,interdum
3326 2588 3505 2643 vinci-

1934 2690 2051 2744 tur,
2106 2681 2160 2733 in
2212 2678 2336 2748 fuga
2386 2676 2603 2731 tandem
2661 2677 2730 2730 ab
2774 2674 2924 2731 Afris
2972 2677 3294 2745 quibusdam
3354 2677 3507 2747 bigas

1932 2769 2215 2837 agentibus
2255 2767 2707 2836 comprehensus.
2747 2766 2815 2821 ad
2846 2764 3142 2836 Epicydem
3190 2768 3505 2839 Olynthium

1935 2858 2264 2914 Teucltiram
2293 2859 2583 2913 adducitur
2618 2858 2757 2929 (ιδ).
2786 2856 2923 2914 Huic
2952 2861 3097 2928 enim
3133 2861 3319 2916 urbem
3358 2862 3505 2917 illam

1932 2952 2227 3005 curandam
2262 2950 2613 3006 commiserat
2651 2950 2931 3021 Ophellas,
2958 2953 3042 3006 vir
3076 2951 3321 3017 Macedo,
3354 2954 3446 3023 qui
3474 2970 3505 3009 a

1934 3041 2225 3096 Ptolemaeo
2249 3040 2381 3112 Lagi
2423 3040 2487 3095 F.
2514 3040 2793 3112 Cyrena’is
2830 3043 3031 3097 auxilio
3066 3044 3267 3099 missus
3302 3043 3503 3101 fuerat.

1936 3132 2275 3187 Teuclterita
2301 3147 2450 3204 ergo,
2476 3133 2699 3203 Ophella
2727 3132 2831 3188 illis
2864 3134 3238 3202 permittente,
3268 3132 3503 3191 Tbibro-

1859 3206 1902 3264 ο
1938 3237 2061 3277 nem
2110 3221 2336 3291 ﬂagellis
2372 3237 2594 3287 caesum,
2637 3223 2691 3277 in
2736 3222 3132 3293 Cyrenensium
3178 3236 3393 3292 portum
3439 3225 3506 3280 de

1933 3331 2097 3372 cruce
2135 3316 2571 3385 suspendendum
2620 3314 2858 3368 mittunt.
2890 3314 2958 3369 At
2990 3330 3113 3369 cum
3147 3315 3391 3385 Cyrenaei
3423 3318 3506 3373 ni-

1934 3408 2231 3463 hilominus
2282 3408 2336 3462 in
2375 3406 2671 3462 rebellione
2715 3416 3046 3475 perstarent,
3101 3408 3220 3476 ipse
3272 3407 3508 3478 denique

1933 3501 2258 3557 Ptolemaeus
2303 3503 2558 3567 accessit,
2597 3503 2866 3571 rebusque
2895 3502 3149 3559 omnibus
3188 3503 3508 3575 tranquilla-

1936 3589 2026 3652 tis,
2053 3600 2199 3644 retro
2233 3588 2453 3643 domum
2483 3588 2850 3659 adnavigavit.

2009 3679 2295 3735 Perdiccas
2320 3682 2541 3751 insuper
2576 3680 2905 3751 Antigonum
2937 3682 3199 3739 insidiose
3223 3683 3275 3738 in
3304 3681 3396 3755 jus
3418 3698 3506 3739 vo-

1936 3774 2118 3836 cabat,
2150 3788 2338 3828 verum
2378 3772 2491 3841 ille,
2522 3782 2580 3827 ut
2616 3773 2721 3843 peti
2763 3788 2824 3829 se
2862 3774 3075 3831 insidiis
3108 3778 3380 3846 cognovit,
3410 3792 3508 3846 pa-

1938 3880 2059 3920 rere
2086 3865 2358 3920 recusavit
2394 3884 2407 3920 :
2446 3876 2609 3935 atque
2666 3867 2794 3924 hinc
2836 3876 2971 3923 orta:
3004 3867 3235 3923 invicem
3278 3868 3510 3924 inimici-

1938 3956 2048 4011 tize.
2086 3954 2200 4011 lloc
2248 3957 2379 4011 item
2432 3969 2675 4027 tempore
2704 3973 2735 4014 e
2764 3958 3073 4014 Macedonia
3112 3957 3280 4015 Jollas
3312 3959 3426 4031 (ιι)
3455 3974 3509 4013 ct

1937 4048 2166 4103 Archias
2187 4048 2253 4101 ad
2281 4046 2595 4104 Perdiccam
2626 4058 2914 4113 venerunt,
2947 4050 3177 4104 adducta
3205 4048 3259 4104 in
3282 4064 3506 4104 uxorem

1939 4140 2014 4195 illi
2061 4138 2240 4195 Nicaea
2286 4140 2559 4209 Antipatri
2612 4139 2743 4194 lilia.
2781 4139 2920 4205 Quin
2970 4151 3025 4194 et
3057 4139 3339 4209 Olympias
3369 4138 3507 4209 (ιε),

1940 4231 2120 4299 magni
2174 4230 2466 4285 Alexandri
2521 4240 2713 4293 mater,
2758 4230 2922 4284 mittit
2958 4230 3026 4284 ad
3068 4231 3345 4296 eumdem,
3409 4230 3507 4284 de-

1948 4324 2295 4392 spondctque
2327 4323 2667 4391 Cleopatram
2709 4322 2894 4377 tiliam.
2938 4322 3013 4378 ibi
3065 4320 3336 4376 Eumenes
3372 4319 3508 4376 Car-

1938 4414 2131 4470 dianus
2160 4413 2500 4483 Cleopatram
2550 4416 2748 4470 ducere
2793 4416 3099 4471 suadebat:
3136 4414 3340 4469 Alcete
3382 4428 3512 4469 vero

1942 4505 2126 4561 fratris
2160 4507 2446 4560 consilium
2470 4507 2533 4560 ad
2577 4506 2769 4561 Nicaeae
2802 4507 2975 4576 magis
3016 4507 3232 4574 nuptias
3278 4505 3511 4561 inclina-

1947 4597 2062 4664 bat,
2103 4596 2257 4664 cujus
2306 4594 2431 4651 iteni
2485 4598 2750 4652 sententia
2800 4597 3048 4666 pervicit.
3093 4595 3226 4652 Post
3271 4611 3377 4651 non
3418 4597 3509 4653 ditt

1944 4690 2193 4760 Cynanes
2246 4689 2358 4760 (46)
2421 4693 2596 4743 caedes
2671 4690 2893 4753 accidit,
2961 4704 3120 4759 quam
3200 4688 3510 4753 Perdiccas,

1941 4782 2170 4851 ejusque
2225 4780 2392 4835 frater
2447 4781 2662 4836 Alcetas
2718 4780 3044 4836 intulerunt.
3114 4780 3241 4836 Haec
3288 4780 3510 4851 Cynane

1486 4916 1726 4973 VARUE
1759 4917 2051 4974 LECTION
2062 4921 2166 4977 ES.

326 5010 477 5085 “fel;
508 5026 571 5085 ς.
647 5010 693 5043 ⁸⁸
729 5009 1023 5085 ⁸ἐπήνεγκε
1054 5027 1121 5085 ς’.
1193 5010 1239 5043 ⁸⁵
1262 5009 1558 5065 ἀπελίπετο
1581 5028 1643 5075 ς.
1717 5013 1763 5044 ⁸⁸
1786 5012 2071 5068 Κυδωνίαν
2119 5013 2217 5085 τήν
2241 5014 2300 5067 ὲν
2342 5014 2531 5085 Κρήτῃ
2573 5052 2621 5075 _.

257 5081 302 5112 "
346 5080 610 5151 Ἀλκετέα
638 5090 693 5135 et
728 5080 870 5135 infra
903 5080 1195 5144 ’Δλκετέας
1224 5098 1287 5145 ς.

2698 5012 2744 5043 ⁸⁷
2776 5012 2856 5075 είς
2880 5027 2941 5075 ς.
3018 5009 3063 5043 ⁸⁸
3086 5010 3409 5081 Τευχερίται
3442 5014 3507 5069 Δ.

1728 5177 1965 5235 NOTAE.

330 5267 449 5335 (i0)
476 5264 613 5321 Vide
642 5266 741 5320 inf.
776 5266 898 5323 cod.
938 5266 1069 5333 277,
1111 5274 1167 5323 et
1210 5266 1493 5323 Plutarch.
1524 5267 1621 5324 lib.
1646 5268 1831 5325 decem

258 5338 480 5395 Gracia
502 5335 811 5393 Oratorum.

333 5410 450 5477 (Η)
481 5406 782 5463 Pausanias
813 5416 995 5465 tamen
1020 5408 1075 5465 in
1103 5407 1469 5466 Corinthiacis
1496 5424 1527 5463 a
1563 5424 1725 5465 servo
1757 5411 1837 5465 in-

270 5480 561 5532 terfectum
594 5478 834 5546 scripsit.

333 5550 448 5629 (4?)
464 5550 529 5629 ,Δ
560 5546 732 5629 Barce
757 5548 1062 5629 (quaeipost
1091 5549 1566 5629 Ptolemaisodictﬁa
1606 5565 1834 5629 geogra-

263 5617 407 5687 pltis)
455 5617 662 5671 Barcan'
695 5617 951 5687 appellati
995 5618 1223 5687 Maroni,
1249 5619 1475 5674 Barcita:
1516 5617 1825 5684 Ptolemaeo,

264 5688 508 5741 Βατία-πί
558 5688 812 5757 Synesio.
844 5689 981 5746 Hinc
1038 5690 1204 5745 etiam
1253 5688 1487 5745 Barceus
1540 5692 1835 5745 derivatos.

264 5758 396 5811 Vide
418 5758 607 5811 Steph.

313 5758 396 5811 me
418 5758 607 5823 Steph.

333 5828 445 5900 με)
464 5830 595 5897 Qua:
608 5827 899 5888 Ptoletnaao
923 5840 978 5887 et
998 5830 1145 5889 Mela:
1163 5832 1384 5886 Arsinoe
1405 5840 1488 5887 est
1502 5831 1827 5901 Cyrcttaicw.

1946 5270 2072 5329 Haec
2100 5284 2279 5329 autem
2307 5273 2452 5343 regio
2475 5270 2647 5343 Plinio
2674 5268 2979 5343 Pentapolis
3010 5266 3189 5337 Libyae
3218 5267 3428 5343 dicitur.

2014 5344 2132 5413 (ιι)
2164 5337 2433 5413 Δηιίρεῖτί
2464 5342 2623 5413 illius,
2654 5350 2782 5394 natu
2821 5337 3233 5413 minimus,‘qu_i
3262 5339 3502 5413 Alexan-

1942 5408 2041 5469 dro
2068 5408 2335 5471 venenum
2377 5412 2695 5483 propinasse
2734 5410 2964 5464 traditur
2989 5412 3058 5463 ab
3098 5408 3333 5461 Arriano
3384 5408 3504 5477 ipso

1941 5484 2191 5539 aliisaue.

2015 5501 2358 5625 ίῗὲιίθιίυειίη.
2384 5556 2500 5606 haec
2527 5550 2683 5625 aliter
2709 5548 2889 5625 paulo,
2911 5558 3029 5603 astu
3056 5556 3343 5616 utramque
3361 5561 3510 5615 qua:-

1951 5619 2135 5687 sit'nm',
2169 5636 2413 5680 neutram
2442 5621 2782 5687 acquisitam,
2814 5619 2906 5671 lib.
2930 5634 3027 5671 xu.

2022 5686 2134 5762 (46)
2167 5696 2220 5747 lu
2242 5686 2635 5762 editoAArri’ano
2670 5688 2786 5762 hac
2808 5687 2954 5762 Cyria
2974 5696 3221 5762 vocatur,
3250 5686 3509 5762 A__l._benzeo

1946 5754 2128 5836 Cyimd
2153 5766 2241 5821 lib.
2278 5780 2375 5822 xu.
2397 5760 2538 5830 Lege
2567 5761 2633 5816 de
2662 5775 2727 5815 ca
2754 5754 2987 5827 Pulyan.
3017 5757 3119 5815 sub
3146 5758 3241 5813 lin.
3274 5754 3369 5813 lib.
3389 5768 3506 5812 vut.
