4224 6442
737 404 843 469 307

1871 395 2129 460 PHOTII
2168 390 2675 456 PATBIARCHE
2712 390 2819 450 (ΣΡ.

3883 379 3997 443 308

737 513 989 565 etiiiidem
1011 524 1136 564 cum
1160 508 1469 563 Alexandro
1499 515 1706 576 patrem
1725 504 1864 575 70b
1884 504 2193 573 Philippum
2217 504 2312 557 ha-
2342 509 2387 563 Α

2342 509 2387 563 Α
2417 500 2597 565 ξαντο.
2647 499 2713 551 ἰι
2742 498 2800 549 δὶ
2828 494 3051 564 Κυνάνη
3081 493 3346 547 Φίλιππον
3383 491 3483 563 μιν
3507 486 3622 561 εἶχε
3653 489 3864 563 πατέρα
3886 532 3904 557 ,
3929 491 3993 544 δν

740 605 872 661 buit.
891 601 985 655 sed
1001 608 1230 655 matrem
1248 600 1549 670 Eurydicen
1572 597 1710 669 (Π),
1727 606 1890 665 atque
1904 597 2146 666 Amynta:
2168 594 2310 649 illius

739 708 879 745 uxor
909 692 1031 756 fuit,
1059 706 1222 761 quem
1265 692 1578 746 Alexander
1618 704 1651 745 e
1691 689 1869 743 medio
1893 688 2149 753 .sustulit,
2187 700 2311 741 cum

738 780 791 832 in
823 782 1035 843 Asiam,
1060 780 1407 849 expeditione
1436 789 1712 848 suscepta,
1745 789 2010 832 moveret.
2043 776 2187 830 Idem
2216 793 2314 831 au-

742 881 847 924 tem
875 868 967 923 ille
994 870 1353 939 interemptus
1392 870 1657 939 Amyntas
1688 908 1705 932 ,
1751 867 2025 923 Perdicca:
2081 866 2312 937 Philippi

741 959 929 1015 fratris
957 961 1118 1025 Iilius,
1145 960 1438 1015 Alexandri
1466 959 1726 1029 patruelis
1762 968 1900 1015 erat.
1942 958 2099 1015 Nunc
2134 961 2316 1027 itaque

738 1051 959 1124 Cynaue
1016 1053 1181 1107 filiam
1223 1067 1376 1107 suam
1420 1052 1640 1119 Adean,
1688 1067 1808 1122 quae
1847 1062 1970 1122 post
2011 1051 2316 1121 Eurydices

740 1160 1042 1212 cognomen
1077 1145 1220 1208 tulit,
1255 1144 1500 1199 Arridaeo
1530 1158 1756 1200 uxorem
1783 1143 2112 1208 adducebat,
2150 1157 2314 1212 quam

739 1247 793 1291 et
826 1249 1012 1307 postea
1048 1238 1224 1300 duxit,
1255 1238 1374 1306 ipso
1399 1238 1736 1306 transigeute
1765 1235 2047 1299 Perdicca,
2086 1251 2197 1305 quo
2222 1251 2318 1306 per

742 1327 861 1380 illas
893 1328 1111 1395 nuptias
1145 1326 1494 1381 Macedonum
1528 1326 1816 1383 sedaretur
1848 1327 2067 1393 seditio,
2099 1342 2219 1395 qua:
2249 1325 2319 1379 ob

742 1416 1009 1470 sublatam
1058 1417 1335 1488 Cynanetn
1401 1432 1653 1481 accensa,
1708 1416 1894 1471 abibat
1944 1418 1998 1471 in
2053 1415 2314 1472 deterius.

740 1506 1048 1574 Antigonus
1077 1506 1297 1560 interim
1339 1509 1391 1560 in
1434 1508 1803 1563 Macedoniam
1855 1510 1921 1562 ad
1972 1508 2318 1576 Antipatrum

742 1606 797 1650 et
836 1596 1124 1651 Craterum
1164 1597 1425 1667 profugit,
1467 1600 1681 1669 sibique
1719 1614 1749 1654 a
1792 1599 2052 1653 Perdicca
2080 1608 2319 1654 structas

742 1687 967 1742 insidias
993 1690 1233 1758 exponit,
1264 1705 1327 1743 ac
1360 1692 1697 1745 tantumdem
1729 1706 1854 1744 cum
1894 1693 1945 1744 itt
1974 1706 2165 1743 omnes
2206 1700 2321 1743 stu-

742 1778 894 1833 diose
922 1781 1171 1834 meditari
1206 1780 1458 1835 aliirmat.
1493 1782 1761 1836 Similiter
1788 1794 1842 1836 et
1866 1780 2116 1852 Cyuanes
2146 1782 2319 1835 infor-

2416 592 2511 645 καὶ
2536 588 2881 658 Ἀλέξανδρος
2900 627 2915 650 ,
2943 588 3008 639 ἐκ
3031 586 3087 639 δὲ
3126 583 3333 655 μητρὸς
3354 582 3660 653 Εὐρυδίκης
3688 577 3777 650 ἦν,
3800 581 3995 649 ruﬁ,”

2413 684 2471 739 δὲ
2520 680 2824 752 Ἀμύντου,
2869 678 2929 731 δν
2957 678 3097 748 ἔφθη
3130 675 3485 744 Ἀλέξανδρος
3526 676 3734 727 κτεῖναι
3759 714 3774 735 ,
3820 673 3992 725 ὁπότε

2415 777 2494 840 είς
2528 774 2626 844 τὴν
2664 772 2852 826 Ἀσίαν
2871 771 3158 823 διέσαινεν.
3195 759 3367 829 οὗτος
3382 768 3426 798 ’⁸
3456 766 3515 819 δὲ
3537 764 3839 835 Περδίκκου
3862 766 3996 827 παῖς

2412 865 2512 939 ἦν’,
2533 867 2762 934 ἁδελφὸς
2784 864 2843 917 δὶ
2856 862 3125 916 Φιλίππου
3152 856 3461 930 Περδίκκας
3478 898 3493 922 ,
3511 857 3587 920 ὡς
3614 852 3754 909 εἷναι
3794 854 3968 924 Ἀμύν

2414 978 2514 1013 ταν
2543 960 2636 1013 τὸν
2665 957 3008 1028 ἀνῃρημένον
3044 951 3397 1022 Ἀλεξάνδρου
3421 948 3661 1017 ἀνεψιόν.
3693 943 3838 1015 ἿΙγε
3865 946 3924 999 δὲ
3956 948 3993 1015 ἡ

2416 1052 2636 1119 Κυνάνη
2675 1048 2865 1101 Ἀδέαν
2898 1045 3001 1117 τὴν
3024 1042 3196 1111 αὐτῆς
3228 1039 3506 1110 θυγατέρα
3523 1040 3592 1104 ⁸⁸,
3617 1040 3739 1108 ἧτις
3767 1036 3998 1106 ὕστερον

2418 1142 2692 1213 Εὐρυδίκη
2725 1136 3121 1210 μετωνομάσθη
3140 1176 3158 1200 ,
3189 1132 3267 1203 τῷ
3301 1131 3595 1204 Ἀρριδαίῳ
3626 1130 3706 1193 είς
3736 1132 3994 1197 γυναῖκα⁸

2416 1234 2486 1303 ἣν
2531 1234 2627 1285 καὶ
2670 1230 2898 1299 ὕστερον
2926 1226 3167 1295 ἠγάγετο
3220 1222 3504 1292 Περδίκκα
3550 1218 3999 1288 διαπραξαμένου

2418 1323 2503 1389 ἐφ’
2534 1313 2579 1386 ᾧ
2610 1318 2815 1371 παῦσαι
2860 1317 2961 1377 τὴν
3008 1312 3339 1367 Μακεδόνων
3368 1309 3587 1376 στάσιν,
3635 1309 3759 1379 ἥτις
3799 1307 3894 1357 ἐπὶ
3920 1305 4002 1375 τῷ

2419 1409 2673 1479 Κυνάνης
2704 1405 2866 1459 πάθει
2908 1402 3214 1472 ἁναφθείσα
3248 1400 3345 1454 ἐπὶ
3393 1400 3537 1470 μέγα
3584 1396 3757 1450 κακοῦ
3780 1396 3829 1429 ’³
3858 1411 4002 1465 προ-

2419 1501 2638 1571 εχώρει.
2674 1496 2981 1563 Ἀντίγονος
3009 1493 3065 1545 δὲ
3086 1494 3142 1555 ές
3182 1489 3525 1544 Μακεδονίαν
3553 1486 3702 1557 παρὰ
3746 1485 4003 1539 Ἀντίπα-

2418 1610 2547 1661 τρον
2582 1592 2676 1643 καὶ
2707 1588 2989 1656 Κρατερὸν
3035 1585 3240 1653 ἔφυγε,
3272 1584 3369 1636 καὶ
3397 1582 3497 1651 τήν
3540 1580 3621 1642 είς
3670 1578 3835 1631 αύτδν
3876 1579 4003 1629 ἑπι-

2422 1685 2620 1753 6ουλὴν
2637 1725 2650 1745 ,
2676 1683 2743 1749 ἣν
2772 1678 3076 1748 Περδίκκας
3111 1674 3365 1727 ἐδούλευε
3390 1712 3406 1737 ,
3436 1672 3732 1742 διηγήσατο
3758 1709 3773 1731 ,
3806 1668 3903 1720 καὶ
3924 1668 4002 1728 ὡς

2422 1778 2561 1831 κατὰ
2591 1775 2803 1827 πάντων
2830 1774 2864 1841 ή
2894 1771 3033 1840 αὑτὴ
3065 1766 3445 1837 αύτῴ,μελέτη
3479 1763 3843 1825 σπουδάζεται
3864 1778 3876 1790 ·
3907 1761 4004 1812 ἁν-

744 1876 955 1927 tnniutn
1002 1876 1209 1945 tragice
1252 1884 1565 1945 exaggerat.
1595 1876 1802 1943 Quibus
1831 1844 2219 1942 ita-expositis,
2251 1876 2319 1930 ad
2354 1844 2396 1903 Β

2354 1844 2396 1903 Β
2425 1868 2631 1932 εδίδαξέ
2654 1884 2715 1919 τε
2750 1865 2846 1917 καὶ
2872 1862 2930 1914 τὸ
2952 1862 3049 1930 τῆς
3077 1859 3328 1928 Κυνάνης
3356 1854 3783 1945 ὲκτραγῳδήσας
3804 1852 3998 1945 πάθος.

740 1966 941 2021 bellum
986 1966 1133 2033 ipsos
1162 1976 1350 2020 contra
1396 1967 1714 2023 Perdiccam
1766 1967 2064 2038 gerendum
2112 1966 2323 2022 inﬂam-

741 2066 876 2112 mat.

816 2150 1092 2206 Arriilaeus
1116 2165 1333 2221 quoque
1371 2150 1668 2205 Alexandri
1709 2150 1853 2219 apud
1880 2165 1941 2205 se
1981 2165 2180 2220 corpus
2207 2164 2323 2206 ser-

742 2257 897 2305 vans,
932 2257 1267 2313 repugnante
1322 2243 1579 2298 Perdicca
1609 2284 1625 2307 ,
1680 2242 1747 2296 ad
1799 2240 2147 2297 Ptolemzeum
2190 2241 2323 2310 Lagi

742 2335 805 2389 Ρ.
852 2347 1075 2404 accepto
1115 2350 1345 2404 corpore
1388 2334 1914 2405 proficiscitur(48),
1967 2350 1996 2389 a
2050 2334 2323 2406 Babylone

743 2441 838 2493 per
866 2424 1196 2479 Damascum
1229 2426 1281 2477 in
1315 2424 1609 2493 {Egyptum
1639 2424 1746 2478 iter
1775 2425 2005 2479 habens.
2031 2423 2132 2490 Qui
2159 2440 2324 2493 saepe-

743 2531 972 2572 numero
1006 2518 1129 2572 licet
1164 2534 1190 2568 a
1221 2515 1517 2573 Polemone
1563 2518 1838 2572 Perdiccae
1869 2515 2121 2571 familiari
2152 2519 2322 2585 impe-

740 2612 909 2674 ditus,
948 2610 1182 2677 pervicit
1224 2621 1433 2675 tamen,
1475 2625 1537 2664 re
1592 2626 1661 2664 ex
1706 2610 1871 2663 animi
1920 2611 2001 2663 sui
2052 2610 2320 2664 sententia

741 2713 912 2775 gesta.
958 2700 1167 2759 lutetea
1216 2701 1488 2758 Eumenes
1536 2701 1812 2756 Perdicca:
1842 2714 2067 2755 munera
2101 2699 2322 2755 Sardeis

743 2797 810 2848 ad
834 2795 1180 2861 Cle0patratn
1206 2793 1389 2847 attulit
1425 2813 1438 2848 :
1472 2796 1859 2861 decretumque
1894 2792 2005 2859 jam
2043 2808 2165 2847 esse
2190 2793 2321 2847 Per-

741 2888 928 2949 diccze,
961 2886 1136 2940 Nicaea
1164 2888 1472 2954 repudiata,
1503 2887 1621 2955 ejus
1664 2886 1716 2941 in
1753 2885 1931 2939 locum
1975 2884 2320 2953 Cleopatram

740 2978 962 3038 ducere,
984 2978 1128 3047 quod
1154 2978 1243 3032 tibi
1282 2977 1519 3032 innotuit
1542 2976 1861 3047 (Menander
1890 2976 2074 3045 Lydiae
2104 2989 2321 3044 satrapa

740 3070 1011 3139 Antigono
1054 3069 1403 3139 signiﬁcavit,
1434 3079 1489 3123 et
1524 3084 1621 3137 per
1664 3084 1788 3123 eum
1837 3070 2130 3136 Antipatro
2185 3084 2322 3135 quo-

2424 1960 2535 2013 Καὶ
2569 1956 2745 2010 ταῦτα
2792 1952 3107 2022 διαθέμενος
3164 1950 3245 2010 είς
3292 1946 3532 2015 πόλεμον
3583 1941 3734 2013 αὐτῷ
3774 1940 4002 2002 τούτους

2422 2051 2751 2118 κατέστησε.

2494 2145 2605 2197 Καὶ
2645 2139 2954 2211 Ἀρριδαῖος
2987 2135 3045 2188 δὲ
3078 2135 3107 2187 δ
3144 2132 3205 2185 τὸ
3225 2131 3272 2163 ⁸⁵
3300 2128 3397 2183 τοῦ
3452 2125 3806 2196 Ἀλεξάνδρου
3839 2121 4002 2190 σῶμα

2423 2235 2751 2307 φυλάσσων,
2800 2228 2955 2300 παρὰ
3002 2227 3229 2296 γνώμην
3258 2222 3390 2275 αὐτὸ
3429 2219 3734 2289 Περδίκκου
3784 2214 3999 2280 λαϐὼν,

2424 2326 2560 2398 πρὸς
2589 2324 2923 2392 Πτολεμαῖον
2952 2317 3315 2389 παραγίνεται
3342 2314 3437 2365 τὸν
3467 2311 3653 2379 Λάγου
3680 2349 3696 2371 ,
3750 2308 3861 2361 ἀπὸ
3891 2307 4001 2398 Βα-

2423 2395 2660 2477 ϐυλῶνος
2704 2415 2793 2466 διὰ
2822 2407 3115 2481 Δαμασκοῦ
3167 2406 3252 2459 ἐπ’
3288 2402 3568 2470 Αἴγυπτον
3612 2398 3853 2452 ἐλαύνων
3879 2413 3894 2428 ο
3943 2395 4002 2457 ὃς

2423 2510 2595 2563 πολλὰ
2620 2508 2716 2578 μὲν
2736 2506 2841 2558 ύπδ
2867 2503 3186 2571 Πολέμωνος
3209 2496 3304 2549 τοῦ
3325 2510 3671 2565 προσοικειου
3681 2491 3841 2562 μένου
3861 2489 4004 2559 Περ-

2421 2604 2586 2673 δίκκᾳ
2630 2596 2894 2658 κωλυθεὶς
2941 2593 3193 2662 ἐνίκησεν
3233 2590 3386 2659 ὅμως
3420 2589 3499 2649 είς
3548 2586 3609 2639 τὸ
3651 2584 3753 2655 τὴν
3806 2582 4003 2636 ἑαυτοῦ

2422 2695 2649 2763 γνώμην
2682 2691 2828 2759 ἔργῳ
2844 2690 2891 2727 ⁸⁵
2931 2686 3262 2752 ἐξενεγκεῖν.
3297 2682 3387 2734 Ἐν
3419 2678 3595 2749 τούτῳ
3626 2678 3722 2731 καὶ
3739 2678 3785 2709 ’⁸
3816 2674 3998 2745 Εὐμέ-

2424 2805 2521 2856 νης
2557 2786 2706 2854 παρὰ
2754 2780 3057 2852 Περδίκκου
3104 2775 3255 2845 δῶρα
3304 2772 3443 2842 πρὸς
3492 2769 3851 2837 Κλεοπάτραν
3880 2770 3939 2831 ἐς
3959 2768 4002 2799 ⁸⁷

2425 2869 2649 2941 Σάρδεις
2678 2871 2903 2938 ἐκόμισε
2926 2908 2941 2932 ,
2977 2866 3072 2919 καὶ
3099 2864 3182 2917 ὅτι
3216 2861 3562 2930 ἐγνωσμένον
3607 2862 3691 2929 εἵη
3724 2858 4005 2931 Περδίκκᾳ

2423 2966 2659 3018 Νίκαιαν
2684 2965 2783 3031 μὲν
2807 2960 3120 3027 ἐκπέμπειν
3138 2999 3152 3021 ,
3174 2957 3290 3008 ἀντ’
3310 2956 3528 3025 ἐκείνης
3555 2953 3612 3006 δὲ
3636 2952 3847 3022 ταύτην
3871 2953 4003 3021 ἄγε-

2427 3058 2570 3110 σθαι.
2599 3048 2676 3107 OB
2712 3053 3039 3123 μηνυθέντος
3065 3047 3399 3118 (Μένανδρος
3429 3045 3487 3098 δὲ
3512 3046 3540 3097 ὁ
3572 3044 3772 3106 Λυδίας
3802 3044 4009 3113 σατρά-

740 3177 849 3230 que
872 3171 926 3215 et
974 3161 1202 3214 Cratero
1251 3175 1339 3215 res
1381 3160 1699 3230 publicata),
1738 3175 1802 3215 eo
1832 3133 2000 3214 etiam
2030 3133 2324 3215 vehemen-
2351 3192 2393 3248 ο

2351 3192 2393 3248 C
2428 3166 2536 3218 πης
2580 3148 2854 3216 ἐμήνυσεν
2874 3143 2919 3173 ⁸⁸
2961 3138 3287 3208 ’Δντιγόνῳ)
3318 3138 3413 3190 καὶ
3442 3135 3509 3188 δι’
3529 3133 3695 3188 αὐτοῦ
3734 3138 3849 3197 τοῖς
3878 3136 4007 3204 περὶ

745 3253 855 3307 tius
888 3252 961 3305 illi
998 3253 1066 3305 ad
1102 3249 1419 3306 Perdiccam
1466 3252 1605 3306 bello
1646 3252 2081 3321 persequendum
2111 3252 2320 3305 incitati

741 3353 892 3401 sunt.
936 3343 1224 3412 Antipater
1277 3342 1463 3412 itaque
1495 3354 1552 3397 et
1591 3342 1855 3398 Craterus
1904 3357 1934 3396 e
1976 3342 2323 3396 Cherroneso

744 3436 1156 3506 llellespontum
1183 3435 1490 3505 trajiciunt,
1529 3436 1788 3504 trajectus
1827 3434 2147 3507 custodibus
2182 3434 2321 3488 clam

744 3542 843 3599 per
872 3526 1079 3597 legatos
1121 3528 1384 3596 deceptis.
1413 3524 1700 3580 Mittuntur
1727 3535 1779 3581 et
1809 3526 1878 3580 ab
1910 3527 1995 3580 his
2027 3526 2094 3580 ad
2120 3526 2323 3579 Eume-

745 3634 870 3673 nem
908 3634 969 3674 ac
1015 3619 1449 3688 Neoptolemum,
1482 3616 1751 3673 Perdiccae
1789 3618 2075 3681 obnoxios,
2105 3617 2264 3687 legati
2308 3637 2321 3671 :

748 3712 948 3781 quibus
994 3709 1382 3780 Neoptolemus
1431 3710 1649 3781 quidem
1689 3710 2005 3776 assentitur,
2055 3708 2325 3765 Eumenes

746 3819 879 3859 vero
911 3805 1153 3860 minime.

2003 3934 2047 3945 ηρ.

819 3981 955 4037 Hinc
987 3982 1213 4043 Eumeni
1241 3991 1525 4051 suspectus
1563 3998 1686 4038 esse
1707 3984 1876 4054 caepit
1916 3982 2323 4053 NcOptolemus,
2376 3982 2379 3983 ⁷

746 4085 801 4130 et
826 4075 1026 4130 bellum
1057 4077 1200 4135 inter
1229 4092 1287 4129 se
1307 4083 1525 4144 gerunt:
1554 4075 1672 4141 Quo
1707 4075 1761 4130 in
1808 4076 1948 4131 bello
1992 4076 2201 4131 viribus
2234 4092 2324 4131 su-

744 4180 977 4249 perante
1013 4168 1278 4231 Eumene,
1307 4168 1442 4238 fugit
1475 4182 1599 4223 cum
1637 4169 1824 4238 paucis
1855 4168 2236 4238 Neoptolemus
2257 4170 2322 4221 ad

743 4260 1095 4329 Antipatrum
1143 4258 1559 4331 Craterumque,
1596 4258 1795 4326 quibus
1838 4265 1893 4311 et
1922 4259 2233 4326 persuadet,
2266 4267 2326 4310 ut

745 4351 847 4405 sibi
907 4352 959 4403 in
1015 4351 1152 4405 bello
1206 4350 1467 4405 adversus
1508 4347 1806 4403 Eumenem
1838 4351 2025 4405 socius
2062 4348 2325 4404 Craterus

744 4445 985 4498 daretur.
1024 4440 1137 4495 Nec
1174 4456 1344 4505 mora,
1382 4440 1574 4510 proelio
1627 4440 1843 4511 utrique
1900 4455 2023 4495 cum
2085 4441 2325 4496 Eumene

2440 3240 2697 3292 ’Δντίπατ
2708 3251 2798 3305 ρον
2829 3233 2928 3285 καὶ
2950 3229 3235 3302 Κρατερὸν
3264 3225 3696 3298 δημοσιωθέντος
3717 3267 3731 3291 ,
3763 3226 3855 3277 ἐπὶ
3874 3225 4009 3295 μᾶ).-

2428 3333 2521 3383 λον
2546 3331 2732 3389 αὐτοῖς
2760 3325 2832 3379 τὰ
2874 3324 3013 3395 πρὸς
3049 3319 3359 3391 Περδίκκαν
3389 3318 3862 3386 ὲξεπεπολέμωτο.
3908 3319 4009 3370 Πε-

2429 3424 2676 3496 ραιοῦται
2725 3418 2789 3488 δὴ
2808 3419 2855 3449 ⁸⁸
2902 3414 3259 3482 Ἀντίπατρος
3304 3411 3401 3464 καὶ
3444 3411 3727 3481 Κρατερὸς
3770 3410 3879 3462 ἀπὸ
3907 3410 4005 3477 τῆς

2428 3514 2779 3583 Χερρονήσου
2809 3508 2901 3560 τὸν
2945 3505 3342 3572 Ἑλλήσποντον
3363 3540 3377 3563 ,
3409 3501 3537 3561 τοὺς
3569 3499 3661 3552 τὸν
3709 3500 3878 3565 πόρον
3906 3516 4005 3566 φυ-

2427 3610 2728 3665 λάσσοντας
2749 3600 2867 3653 διὰί
2894 3596 3192 3669 πρεσόείας
3218 3594 3579 3661 ὑπαγόμενοι.
3602 3590 4005 3661 Πρεσὸεύονται

2428 3702 2486 3754 δὲ
2507 3700 2602 3753 καὶ
2624 3695 2761 3763 πρὸς
2790 3692 3010 3761 Εὐμένη
3032 3688 3127 3741 καὶ
3156 3688 3293 3756 πρὸς
3318 3684 3696 3753 Νεοπτόλεμον
3713 3724 3727 3748 ,
3756 3685 3882 3743 τοὺς
3906 3682 4010 3734 ὑπὸ

2428 3789 2709 3861 Περδίκκᾳ
2728 3786 2771 3815 ³·
2808 3782 2904 3836 καὶ
2936 3780 3063 3853 [ηδ
3086 3778 3181 3851 ιι]
3203 3775 3583 3845 Νεοπτόλεμος
3608 3777 3708 3843 μὲν
3737 3773 4007 3839 πείθεται,

2430 3882 2681 3952 Εὐμένης
2709 3878 2767 3931 δὲ
2799 3878 2898 3930 οὐκ
2942 3872 3219 3943 ἀνέχεται.

2514 3968 2911 4024 Ὑποπτεύεται
2942 3964 3180 4033 Εὐμένει
3207 3962 3587 4030 Νεοπτόλεμος
3612 3998 3627 4017 .
3656 3957 3751 4011 καὶ
3772 3974 4008 4025 συγκρο-

2427 4068 2601 4121 τεῖται
2640 4060 2777 4132 πρὸς
2806 4057 3071 4127 ἀλλήλους
3099 4054 3335 4123 πόλεμος
3356 4093 3370 4115 ,
3408 4054 3503 4105 καὶ
3536 4052 3659 4121 νικᾷ
3692 4050 3833 4102 κατὰ
3877 4051 4011 4118 κρά-

2427 4177 2520 4221 τος
2546 4155 2817 4225 Εὐμένης.
2848 4151 3045 4217 Φεύγει
3072 4148 3131 4201 δὲ
3161 4145 3539 4215 Νεοπτόλεμος
3571 4146 3723 4213 παρά
3758 4143 4008 4195 “Anim-

2428 4268 2558 4325 τρον
2594 4250 2693 4302 καὶ
2722 4243 3004 4316 Κρατερὸν
3038 4243 3137 4295 σὺν
3165 4238 3406 4307 ὀλίγοις,
3442 4239 3537 4290 καὶ⁸
3572 4238 3749 4289 πείθει
3783 4234 4009 4295 τούτους

2430 4324 2526 4396 ἐπὶ
2555 4336 2876 4408 συμμαχίαν
2921 4331 3063 4386 κατὰ
3087 4330 3367 4400 Εὐμένους
3393 4327 3568 4381 ὲλθείν
3612 4324 3763 4395 αὐτῷ
3792 4326 4007 4393 Κρατε-

2433 4432 2526 4503 ρόν
2557 4442 2574 4458 ·
2629 4426 2723 4480 καὶ
2773 4418 3099 4491 πολεμοῦσιν
3142 4420 3310 4488 ἄμφω
3343 4416 3574 4485 Εὐμένει
3597 4414 3639 4467 ³.
3674 4414 3785 4466 Καὶ
3830 4414 4009 4465 πάντα

743 4532 1065 4602 confligunt.
1101 4532 1258 4591 Dedit
1283 4548 1416 4589 vero
1448 4547 1671 4605 operam
1704 4546 1920 4587 omnem
1951 4532 2238 4596 Eumenes,
2264 4544 2324 4587 ut
2356 4553 2401 4609 ο

2356 4553 2401 4609 D
2432 4523 2667 4591 ποιήσας
2709 4515 2959 4584 Εὐμένης
2985 4511 3127 4563 ὥστε
3160 4509 3346 4609 λαθείν
3374 4507 3501 4569 τοὺς
3541 4506 3652 4609 σὺν.
3671 4503 4007 4609 αιὺτίξζιξρα-

746 4626 1066 4695 ignorarent
1094 4626 1176 4679 sui
1209 4623 1491 4679 Craterum
1530 4626 1795 4682 adversus
1836 4638 1896 4681 se
1947 4625 2267 4694 belligerare
2299 4645 2314 4680 :

743 4732 813 4778 ne
840 4717 981 4774 fama
1015 4715 1257 4777 adducti,
1289 4715 1371 4771 vel
1404 4717 1601 4772 castris
1635 4716 1751 4770 suis
1792 4713 2047 4778 desertis,
2070 4716 2137 4771 ad
2171 4716 2321 4770 illum

742 4808 1067 4874 transirent,
1094 4808 1175 4861 vel
1195 4818 1345 4861 certe
1372 4809 1512 4877 apud
1539 4823 1600 4863 se
1628 4818 1929 4871 manentes,
1956 4808 2098 4877 71a
2149 4808 2320 4863 auda-

744 4903 923 4957 ciores
949 4902 1126 4955 minus
1158 4909 1362 4954 essent.
1390 4900 1491 4965 Qui
1528 4915 1651 4953 cum
1686 4900 1757 4954 illi
1795 4900 1949 4954 dolus
1978 4911 2143 4969 atque
2172 4908 2325 4955 astus

744 4996 1123 5061 processisset,
1168 4995 1363 5062 proelio
1413 5009 1629 5064 quoque
1684 4995 1864 5058 ,victor
1925 4995 2122 5048 evasit.
2182 4993 2324 5062 Ergo

746 5083 1130 5153 Neaptolemus
1181 5083 1351 5152 ipsius
1406 5083 1665 5138 Eumenis
1709 5084 1903 5138 scriba:
1956 5098 2119 5159 manu
2150 5096 2323 5163 etesiis

2427 4616 2586 4686 τερον
2613 4609 2760 4678 αύτῴ
2788 4604 3050 4673 πολεμεῖν
3078 4640 3093 4665 ,
3127 4600 3216 4652 ἵνα
3245 4598 3321 4667 μὴ
3348 4599 3414 4666 τῇ
3438 4597 3567 4665 περὶ
3594 4594 3758 4647 αὐτὸν
3788 4592 4008 4686 ἁλόντες

2433 4685 2593 4777 φήμῃ
2624 4703 2658 4773 ἢ
2697 4696 3168 4770 προσχωρήσωσιν
3196 4690 3343 4760 αὐτῷ
3370 4690 3403 4760 ἢ
3433 4690 3529 4741 καὶ
3568 4688 3822 4757 μένοντες
3848 4685 4006 4740 ἀτολ-

2438 4800 2656 4869 μότεροι
2684 4791 2794 4846 εἷεν
2810 4831 2824 4854 ,
2856 4789 2952 4842 καὶ
2973 4783 3261 4857 κρατήσας
3283 4782 3395 4841 τοίς
3418 4778 3755 4869 τεχνάσμασι
3780 4816 3795 4839 ,
3822 4780 4010 4845 κρατεῖ

2433 4867 2527 4946 καὶ
2572 4887 2657 4958 τῷ
2696 4882 2955 4952 πολέμῳο
3011 4879 3107 4931 καὶ
3137 4874 3327 4927 πίπτει
3384 4869 3483 4940 μὲν
3524 4867 3928 4958 Νεοπτδλεμοςᾼ
3943 4869 4009 4958 τῇ

2432 4982 2596 5038 αὑτοῦ
2624 4954 2905 5044 Εὐμένους
2936 4970 3032 5024 τοῦ
3074 4962 3453 5037 γραμματέως
3494 4959 3679 5030 δεξιᾷ,
3716 4957 3848 5029 [221
3899 4954 4007 5026 8.]

2430 5076 2569 5144 ἀνὴρ
2600 5064 2991 5141 στρατιωτικὸς
3015 5062 3109 5115 καὶ
3140 5057 3398 5126 πολέμοις
3422 5050 3765 5124 ἠριστευκὼς
3786 5090 3804 5115 ,
3851 5049 4007 5118 Κρα-

1990 5174 1998 5179 ’
2050 5170 2282 5253 VARsz
2327 5187 2729 5249 LECTIUNES.

816 5363 863 5393 ’⁸³
887 5364 1026 5435 γυνὴ
1046 5368 1089 5420 Α
1118 5385 1130 5419 :
1161 5366 1307 5432 γένει
1348 5383 1407 5429 ς.
1486 5368 1530 5399 ⁹¹
1564 5366 1654 5418 ὅτε
1681 5380 1742 5431 ς.
1768 5433 1777 5435 Α
1820 5363 1865 5435 θ’
1892 5360 2203 5435 θυγατέ-ραν
2376 5357 2422 5435 ’ᾖ
2453 5352 2620 5435 κακὸν
2650 5367 2711 5413 ς-

746 5431 792 5464 ⁹⁶
819 5425 916 5485 καί
944 5436 986 5486 A
1012 5425 1037 5490 ξ
1064 5437 1122 5490 δὲ
1156 5425 1248 5488 καὶ
1284 5425 1374 5499 cf
1420 5438 1466 5469 ’⁷
1492 5438 1571 5499 είς
1600 5452 1661 5499 ς’.
1693 5425 1702 5431 ⁷
1738 5433 1784 5465 ’³
1814 5425 2051 5502 ὲμήνύεν
2081 5425 2145 5484 Ᾱ.
2226 5430 2271 5461 ’³
2296 5427 2362 5498 δὴ
2384 5426 2428 5480 Α
2457 5443 2470 5480 :
2497 5425 2555 5477 δὲ
2594 5437 2656 5483 ς.

747 5504 903 5577 μενεί
957 5520 1019 5568 ς.

2806 5348 2852 5378 ⁸⁵
2880 5345 2942 5397 τδ
2965 5345 3088 5398 add.
3120 5345 3187 5397 A.

2735 5418 2752 5449 ⁸
2782 5416 2909 5487 φυλ.
2940 5415 3037 5469 καὶ
3064 5414 3154 5468 διὰ
3184 5431 3246 5478 ς.

3264 5336 3996 5444 ⁹’.έξττιὲεὲὶ.εέςρέ⁹τῖἲεὲ·

3372 5406 3680 5484 Περδίκκαν
3710 5425 3773 5471 ς.
3848 5406 3871 5437 ³
3896 5406 4001 5458 Βύ-

2283 5582 2518 5640 NOTAE.

819 5685 933 5752 (Π)
968 5684 1258 5752 Αιιιεηωιη
1294 5682 1391 5737 lib.
1411 5698 1525 5746 xnt,
1561 5682 1715 5735 initio
1744 5696 1809 5735 ex
1837 5681 2053 5733 Audata
2085 5678 2313 5748 Illyrica

751 5751 1060 5820 susceptam
1086 5751 1365 5821 Cynanam
1391 5754 1630 5821 scripsit.

819 5822 934 5895 (48)
958 5823 1311 5881 Moribundus
1354 5823 1500 5880 enim
1529 5821 1720 5879 amicis
1750 5830 2083 5892 praeceperat
2114 5828 2170 5874 ut
2200 5834 2323 5875 cor-

2425 5690 2526 5741 pus
2553 5688 2717 5741 suumﬁ
2744 5671 2810 5723 ad
2851 5668 3135 5723 Ammonis
3184 5664 3313 5741 ferri
3370 5663 3673 5741 juberent._
3710 5661 3995 5741 Memphim

2430 5734 2610 5797 tamen
2639 5757 2668 5794 a
2703 5740 2990 5793 Ptolemaeo
3039 5736 3365 5790 translatum
3417 5746 3524 5795 est,
3572 5744 3628 5787 et
3661 5734 3789 5791 inde
3816 5734 4003 5804 paucis

2437 5823 2561 5883 post
2595 5812 2756 5869 annis
2789 5808 3201 5867 Alexandriam.
3236 5804 3396 5863 Curt.
3426 5805 3524 5864 lib.
3557 5819 3612 5859 x.
