4224 6442
216 403 325 470 309

1349 391 1877 462 BIBLIOTHECA.
1908 417 1980 430 —
2000 394 2168 459 COD.
2200 397 2387 461 XCII.

3385 398 3493 467 310

217 516 379 586 τερος
397 514 458 569 δι
478 512 589 569 ὑπό
611 530 777 569 τινων
795 511 1168 584 Παφλαγόνων
1183 550 1201 577 ,
1219 509 1457 582 ἀφειδῶς
1476 508 1612 580 πρὸς
1631 504 1810 559 πάντα

1913 505 2138 570 cecidit,
2207 507 2297 562 vir
2341 517 2542 563 caetera
2595 505 2870 573 militaris,
2916 517 2974 564 et
3019 505 3162 565 bello
3210 514 3490 567 strenuus.

219 605 535 676 μαχόμενος
582 605 681 659 καὶ
723 604 920 677 χωρῶν
946 604 1089 659 ὥστε
1121 601 1464 673 γνωσθῆναι’
1514 599 1631 653 ἀλλ’
1662 598 1802 668 ἔφθη

216 696 407 749 πεσὼν
456 695 537 767 μὴ
588 695 891 765 γνωσθεὶς,
937 693 1116 747 καίτοι
1143 692 1242 745 καὶ
1282 691 1383 762 τὴν
1420 689 1657 745 καυσίαν
1699 689 1803 758 τῆς

216 788 470 861 κεφαλῆς
498 786 736 857 ἀφελών.
775 786 843 839 Ἦ
891 786 1075 856 μέντοι
1101 783 1243 856 πεζὴ
1266 784 1497 855 στρατιά
1530 782 1646 837 σῶα
1665 781 1805 854 πρὸς

228 879 593 947 ’Δντίτεατρον
620 880 687 931 ἐκ
707 877 807 932 τοῦ
837 877 1075 949 πολέμου
1099 876 1435 947 παρεγίνετο
1454 916 1471 942 ,
1503 873 1533 927 δ
1561 874 1657 928 καὶ
1698 873 1763 927 τδ
1782 873 1806 905 ⁵

216 969 356 1024 πολὺ
381 969 488 1041 τῆς
511 969 753 1040 ἀθυμίας
779 969 1136 1037 ἐπεκούφισε.

287 1231 667 1303 Παραγίνεται
694 1232 809 1288 ἀπὸ
833 1233 1130 1305 Δαμασκοῦ
1178 1232 1483 1304 Περδίκκας
1528 1231 1618 1287 ἐπ’
1640 1233 1810 1302 Δίγυ-

216 1343 353 1379 πτον
388 1327 493 1380 σὺν
530 1328 641 1390 τοῖς
672 1325 953 1397 βασιλεῦσι
1002 1326 1099 1380 καὶ
1134 1328 1202 1397 τῇ
1235 1326 1461 1396 δυνάμει
1487 1326 1810 1398 Πτολεμαίῳ

216 1417 558 1490 πολεμῆσαι.
592 1419 996 1490 Κατηγορήσας
1040 1418 1098 1473 δὲ
1140 1418 1478 1489 Πτολεμαίου
1502 1458 1519 1483 ,
1554 1418 1810 1472 κάκείνου

214 1509 313 1561 ἐπὶ
339 1508 442 1561 τοῦ
474 1508 749 1579 πλήθους⁸
776 1508 1149 1578 ἀπολυομένου
1178 1507 1510 1578 τάςίαίτίας,
1537 1506 1632 1559 καὶ
1653 1505 1812 1571 δόξας

217 1602 297 1672 μὴ
350 1590 547 1656 δίκαια
593 1602 910 1666 ἐπικαλεῖν,
942 1604 1092 1672 ὅμως
1140 1601 1239 1654 καὶ
1285 1599 1379 1653 τοῦ
1430 1598 1669 1669 πλήθους
1712 1598 1813 1668 οὐχ

218 1695 445 1758 ἑκόντος
475 1696 723 1765 πολεμεῖ.
759 1697 868 1748 Καὶ
896 1694 977 1758 δὶς
1008 1694 1302 1766 ἡττηθεὶς,
1327 1694 1423 1747 καὶ
1444 1693 1649 1764 τραχὺς
1676 1694 1814 1765 πρὸς

218 1790 351 1850 τοὺς
382 1788 405 1818 ⁸
446 1787 602 1858 παρὰ
655 1786 990 1857 Πτολεμαῖον
1050 1786 1336 1850 ἐθέλοντας
1386 1785 1635 1856 χωρῆσαι
1686 1784 1807 1839 λίαν

219 1882 529 1947 καταστὰς,
565 1881 662 1934 καὶ
693 1881 899 1933 τάλλατ
937 1884 1001 1951 τῇ
1048 1881 1279 1951 στρατιᾷ
1311 1879 1805 1950 ύπερογκὸτερονή

218 1977 368 2029 κατά
419 1966 726 2048 στρατηγὸν
774 1975 1255 2047 προσφερόμενος,
1309 1971 1415 2025 ὑπὸ
1463 1971 1557 2025 τοῦ
1605 1970 1807 2024 οίκείου

218 2067 471 2137 πλήθους
505 2066 614 2121 τῶν
646 2068 859 2121 ίππέων
888 2068 1219 2138 ἀναιρεῖται,
1251 2065 1565 2137 μαχόμενος
1590 2067 1684 2119 καὶ
1710 2066 1810 2119 αὺ-

216 2160 332 2222 τός.
369 2158 714 2229 Πτολεμαῖος
760 2160 820 2213 δὲ
866 2159 1007 2229 μετά
1056 2160 1155 2229 τὴν
1196 2159 1476 2230 ἀναίρεσιν
1504 2158 1807 2229 Περδίκκου

219 2251 361 2321 πρός
402 2267 466 2304 τε
514 2252 643 2315 τοὺς
688 2250 928 2320 βασιλεῖς
971 2249 1284 2323 ἐπεραιώθη
1332 2250 1427 2304 τὸν
1468 2250 1683 2315 Νεῖλον,
1712 2251 1809 2303 καὶ

214 2344 417 2415 δώροις
444 2343 988 2416 φιλοφρονησάμενος
1024 2346 1120 2399 καὶ
1156 2347 1226 2417 τῇ
1258 2344 1395 2418 ἀλλῃ
1427 2344 1712 2416 θεραπείᾳ,
1746 2345 1806 2397 οὐ

222 2438 393 2507 μόνον
419 2437 482 2490 δὲ
516 2437 659 2490 ἀλλά
685 2438 782 2490 καὶ
815 2438 941 2501 τοὺς
983 2439 1099 2491 ὅσοι
1127 2439 1186 2490 ὲν
1214 2437 1358 2491 τέλει
1386 2436 1732 2494 Μακεδόνων.
1749 2439 1809 2492 '0

216 2532 276 2586 δὲ
299 2533 403 2585 καὶ
427 2534 548 2595 τοῖς
579 2532 883 2603 Περδίκκου
914 2532 1090 2602 φίλοις
1123 2531 1521 2601 συναχθόμενός
1562 2550 1623 2585 τε
1651 2532 1811 2603 δῆλος

217 2626 468 2693 ἐγένετο,
502 2624 599 2677 καὶ
640 2624 787 2687 ὅσοις
829 2641 881 2677 τι
931 2624 1179 2677 κινδύνου
1216 2623 1336 2676 ἐτι⁶
1377 2627 1442 2677 ἐκ
1481 2626 1811 2680 Μακεδόνων

218 2717 591 2781 ὑπελείπετο,
622 2719 724 2789 ,καὶ
753 2717 974 2780 τούτους
1003 2717 1308 2782 ἀπαλλάξαι
1339 2717 1434 2771 τοῦ
1460 2718 1613 2781 δέους
1646 2720 1810 2773 παντὶ

217 2811 412 2880 τρόπῳ
434 2810 828 2863 διεσπούδασεν
847 2825 863 2839 ·
896 2811 982 2879 ἐφ’
1004 2803 1086 2873 οἷς
1110 2812 1424 2881 παραυτίκα
1450 2828 1510 2863 τε
1536 2813 1633 2864 καὶ
1665 2813 1723 2874 ἐς
1749 2811 1811 2865 τὸ

217 2902 418 2954 ιπειτα
451 2900 759 2971 εὐδοκιμῶν
786 2900 1134 2969 ἐγινώσκετο.
1169 2903 1459 2973 Συνεδρίου
1509 2904 1566 2957 δὲ
1610 2921 1809 2975 κροτη-

219 2992 411 3054 θέντος
437 2992 704 3061 ἄρχοντες
744 2992 845 3062 μὲν
877 2993 979 3062 τῆς
1007 2994 1188 3065 πάσης
1213 2994 1496 3064 δυνάμεως
1524 2998 1645 3049 ἀντὶ
1678 2998 1813 3066 Περ-

214 3085 409 3138 δίκκου
446 3086 662 3138 Πίθων⁸
690 3086 1108 3156 καὶἋρριδαῖος
1142 3090 1202 3141 ἐν
1226 3088 1305 3157 τῷ
1332 3090 1470 3153 τέως
1496 3092 1809 3162 ἀνερρήθη-

1906 596 2171 653 Craterus
2196 606 2379 653 autem
2410 599 2462 652 in
2494 600 2713 653 obvium
2744 612 3015 669 quemque
3070 600 3342 668 intrepide
3390 616 3490 668 pu-

1906 703 2108 759 gnans,
2164 697 2329 760 atque
2378 691 2451 744 ita
2511 690 2772 747 incedens
2815 701 2875 745 ut
2918 689 3172 761 cognosci
3223 691 3489 759 potuerit,

1906 783 2081 837 nihilo
2141 790 2320 835 tamen
2368 782 2551 838 secius
2597 797 2629 837 a
2682 780 3118 852 Paphlagonibus
3166 781 3487 852 quibusdam

1910 874 2222 945 incognitus
2260 874 2549 937 occiditur,
2582 874 2797 929 tametsi
2845 874 2938 929 ille
2980 872 3217 927 maxime
3247 871 3487 927 causiam

1906 967 2087 1035 capite
2139 964 2453 1035 deiecisset.
2497 966 2753 1019 Attamen
2805 964 3091 1035 pedestres
3120 962 3293 1032 copia:
3325 963 3490 1018 salva:

1907 1059 1977 1113 ad
2004 1058 2348 1127 Antipatrum
2391 1072 2424 1113 c
2472 1057 2671 1128 proelio
2705 1057 3012 1122 redierunt;
3060 1070 3184 1126 qua:
3234 1070 3323 1111 res
3370 1058 3490 1110 ani—

1908 1162 2055 1204 mum
2086 1150 2344 1213 reddidit,
2378 1157 2691 1217 metumque
2715 1146 2933 1202 minuit.

1978 1238 2268 1294 Perdiccas
2293 1238 2557 1293 Damasco
2613 1236 2922 1308 profectus,
2975 1239 3240 1293 adversus
3306 1238 3491 1292 Ptole-

1909 1347 2107 1388 mcum
2164 1329 2295 1401 Lagi
2347 1330 2409 1387 Ρ.
2457 1331 2849 1396 dimicaturus,
2902 1331 2957 1386 in
3012 1330 3309 1403 Egyptum
3362 1345 3489 1385 cum

1910 1426 2136 1496 regibus
2185 1423 2298 1493 (49)
2343 1431 2402 1478 et
2453 1423 2629 1493 copiis
2683 1424 2853 1478 venit.
2902 1422 3255 1479 Ptolemaeum
3308 1422 3492 1492 itaque

1910 1534 2035 1574 cum
2069 1526 2403 1578 accusasset,
2435 1526 2597 1584 atque
2638 1516 2732 1569 ille
2778 1514 2993 1584 objecta
3030 1514 3261 1568 crimina
3306 1529 3489 1567 coram

1913 1608 2257 1663 multitudine
2319 1608 2394 1661 ita
2455 1614 2763 1677 purgasset,
2822 1612 2883 1659 ut
2942 1603 3141 1674 injuste
3199 1614 3491 1657 accusatus

1911 1701 2212 1763 videretur,
2246 1699 2442 1753 bellum
2481 1711 2683 1764 tamen,
2718 1706 3053 1767 repugnante
3088 1696 3217 1749 licet
3256 1696 3488 1748 militum

1914 1792 2097 1862 vulgo,
2140 1792 2424 1846 Perdiccas
2468 1788 2659 1843 infert.
2708 1788 2826 1855 Quo
2871 1789 2925 1842 in
2948 1787 3091 1842 bello
3128 1788 3243 1857 jam
3290 1788 3489 1843 iterum

1907 1886 2108 1950 victus,
2148 1886 2323 1952 iisque
2367 1883 2615 1953 asperior
2666 1880 2843 1936 factus
2888 1881 2981 1950 qui
3027 1882 3095 1934 ad
3142 1881 3488 1935 Ptolemaeum

1908 1978 2145 2033 transire
2200 1976 2419 2039 vellent,
2463 1983 2661 2029 caetera
2716 1974 2883 2027 etiam
2940 1972 2996 2027 in
3050 1972 3248 2027 castris
3300 1988 3492 2042 super-

1906 2071 2030 2127 bior
2060 2066 2200 2140 (50),
2231 2082 2395 2138 quam
2439 2066 2825 2135 imperatorem
2858 2064 3096 2128 deceret,
3137 2079 3167 2116 a
3214 2063 3329 2118 suis
3375 2064 3491 2131 ipse

1907 2161 2182 2232 equitibus
2229 2160 2371 2216 inter
2424 2160 2772 2229 pugnandum
2827 2158 3115 2213 occiditur.
3170 2156 3489 2211 Ptolemams

1906 2270 2060 2320 vero,
2095 2254 2307 2309 sublato
2350 2252 2635 2316 Perdicca,
2684 2252 2751 2306 ad
2788 2266 2959 2321 reges,
2991 2251 3311 2304 transmisso
3345 2246 3487 2315 Nilo,

1907 2348 2294 2419 proliciscitur,
2343 2346 2612 2415 donisque
2670 2343 2874 2407 allatis,
2930 2352 2986 2396 et
3048 2343 3214 2396 variis
3273 2356 3488 2411 quoque

1906 2442 2184 2512 obsequiis
2215 2451 2323 2496 tam
2356 2455 2474 2508 eos,
2512 2454 2677 2509 quam
2714 2446 2942 2493 caeteros
2975 2434 3327 2491 Macedonum
3358 2450 3485 2505 pro-

1910 2553 2086 2600 ceres,
2135 2546 2383 2591 amanter
2436 2532 2754 2601 complexus
2796 2540 2899 2586 est.
2960 2530 3074 2585 lmo
3126 2540 3182 2585 et
3242 2531 3484 2599 ipsorum

1910 2629 2186 2685 Perdicca:
2222 2628 2519 2683 amicorum
2560 2628 2731 2681 vicem
2764 2627 2947 2681 dolere
2989 2639 3051 2680 se
3085 2624 3262 2693 palam
3301 2634 3488 2677 osten-

1911 2723 1992 2776 dit
2024 2739 2039 2775 :
2066 2730 2121 2775 et
2163 2722 2575 2789 quibuscunque
2624 2717 3011 2773 Macedonibus
3044 2717 3343 2787 periculum
3383 2716 3488 2770 ali-

1911 2815 2059 2885 quod
2109 2813 2395 2868 imminere
2451 2812 2743 2874 videretur,
2780 2809 3001 2865 eosdem
3053 2808 3145 2864 ille
3194 2810 3339 2863 onmi
3387 2825 3490 2878 ope

1911 2923 1977 2961 ac
2024 2908 2230 2961 ratione
2264 2914 2408 2959 metu
2448 2903 2681 2958 liberare
2719 2902 2946 2957 studuit.
2983 2900 3105 2968 Quo
3140 2899 3343 2956 factum
3380 2910 3485 2964 est,

1913 3007 1975 3051 ut
2002 2998 2115 3066 jam
2154 3007 2289 3059 tum,
2324 3005 2489 3065 atque
2535 2995 2588 3048 in
2639 3006 2913 3063 posterum
2947 2994 3188 3048 omnium
3234 3007 3329 3048 ore
3371 2993 3489 3047 lau—

1914 3094 2157 3145 daretur.
2195 3089 2392 3143 Habito
2420 3089 2547 3144 dein
2577 3097 2867 3151 conventu,
2898 3085 3095 3142 Pithon
3129 3096 3184 3141 et
3216 3087 3491 3142 Arridaeus

218 3194 347 3241 σαν,
371 3176 488 3229 τῶν
521 3176 585 3230 δὲ
618 3178 751 3248 περὶ
788 3178 1005 3250 Εὐμένη
1043 3195 1102 3232 τε
1135 3181 1230 3232 καὶ
1250 3180 1568 3234 Ἀλκέτανη
1594 3186 1653 3246 ἐς
1680 3200 1807 3237 πεν-

1914 3186 2084 3254 copiis
2134 3184 2426 3247 universis,
2471 3182 2745 3237 Perdicca
2800 3180 2940 3245 loco,
2976 3179 3219 3249 prafecti
3284 3194 3489 3234 renun-

214 3272 463 3342 τήκοντα
486 3270 968 3344 κατεγνώσθησαν,
990 3275 1225 3345 μάλιστα
1256 3278 1349 3330 ἐπὶ
1369 3280 1436 3348 τῇ
1466 3278 1754 3350 Κρατεροῦ
1773 3281 1816 3312 ιι

215 3358 509 3428 ἀναιρέσει
528 3360 637 3413 τῶν
659 3361 991 3418 Μακεδόνων
1016 3364 1155 3435 πρὸς
1182 3367 1383 3431 αὐτοὺς
1411 3369 1818 3439 ἐκπλεμωθέν.

214 3453 414 3507 των’¹.
464 3452 835 3507 Μετεκαλεῖτο
879 3454 939 3507 δὲ
986 3457 1081 3509 καὶ
1108 3456 1414 3526 Ἀντίγονος
1454 3462 1521 3514 ἐκ
1562 3463 1812 3535 Κύπρου,

217 3546 316 3598 καὶ
342 3544 707 3615 Ἀντίπατρος
735 3545 825 3610 δὲ,
855 3547 1179 3617 ἐπιταχῦναι
1205 3551 1345 3619 πρὸς
1372 3553 1499 3615 τοὺς
1534 3554 1812 3623 βασιλέας.

217 3630 393 3682 Οὔπω
439 3631 501 3684 δέ
542 3633 960 3687 καταλαϐόντων
980 3637 1025 3667 ¹⁸
1060 3638 1093 3707 ή
1146 3639 1425 3711 Εὐρυδίκη
1469 3643 1693 3698 Πίθωνα
1723 3648 1818 3701 καὶ

228 3722 545 3793 Ἀρριδαῖον
576 3725 743 3794 μηδὲν
772 3726 903 3780 ἀνευ
930 3729 1101 3797 αὐτῆς
1148 3731 1304 3800 ἠξίου
1353 3735 1630 3805 πράττειν.
1666 3741 1731 3792 Oi
1758 3741 1816 3793 δὲ

216 3816 289 3867 τὰ
320 3817 521 3887 πρῶτα
549 3818 649 3887 μὲν
676 3820 775 3872 ούκ
801 3822 1081 3887 ἀντεῖπον,
1110 3825 1299 3878 ἔπειτα
1343 3827 1400 3881 δὲ
1448 3832 1617 3906 μηδὲν
1645 3833 1816 3904 αὐτὴν

219 3907 606 3961 ἐπικοινωνεῖν
636 3910 751 3972 τοῖς
788 3909 1069 3980 δημοσίοις
1112 3915 1401 3983 ἀντέλεγον
1449 3921 1771 3990 πράγμασιν
1795 3939 1812 3954 ο

218 3998 409 4060 αὐτοῖς
442 3997 589 4069 γάρ,
618 3999 723 4063 ἕως
745 4001 1052 4069 ’Δντίγονος
1098 4006 1195 4058 καὶ
1230 4008 1587 4080 Ἀντίπατρος
1637 4032 1816 4085 παρα-

221 4092 515 4158 γένωνται,
543 4093 801 4164 μελήσειν
833 4096 963 4166 περὶ
992 4093 1337 4153 πάντων.⁷Ων
1359 4108 1817 4172 παραγεγονότων

219 4183 304 4245 εις
324 4183 687 4253 ’Δντίπατρον
710 4187 744 4255 ή
770 4185 1060 4241 δυναστεία
1082 4191 1450 4259 περιίσταται.
1471 4196 1580 4247 Καὶ
1598 4197 1628 4247 ό
1653 4213 1815 4269 στρα-

218 4274 315 4336 τὸς
362 4274 510 4327 αίτεῖ
553 4273 624 4327 τά
672 4277 823 4347 παρά
847 4276 1200 4349 Ἀλεξάνδρου
1230 4282 1597 4351 ύποηεθέντα
1631 4289 1815 4354 αὐτοῖς

220 4368 317 4418 ἐπὶ
338 4368 408 4435 τῇ
438 4368 770 4438 συστρατείᾳ.
790 4369 831 4400 ¹⁸
862 4371 1139 4440 χρήματα,
1163 4374 1260 4426 καὶ
1283 4375 1641 4447 ’Δντίπατρος
1671 4363 1829 4451 παρέ

217 4458 426 4512 αυτὶκα
457 4458 557 4528 μὲν
593 4460 760 4528 μηδὲν
794 4460 945 4530 ἔχειν
972 4464 1330 4533 ἀποκρίνεται
1377 4464 1505 4538 [127
1545 4469 1616 4543 Ηξ
1656 4474 1805 4543 φρά-

218 4550 337 4612 ζειν
372 4549 623 4616 ἀκριϐὲς,
653 4550 917 4616 ἐξετάσας
939 4552 997 4606 δὲ
1016 4553 1142 4618 τούς
1169 4572 1230 4608 τε
1261 4535 1569 4626 βασι-λείους
1594 4535 1803 4633 θησαυ-
1834 4535 1882 4598 υ

221 4645 351 4713 ρους
386 4643 485 4696 καὶ
511 4644 637 4707 τοὺς
658 4644 773 4697 ὅσοι
802 4646 1060 4716 ἀλλαχόθι
1087 4665 1191 4702 που
1226 4652 1464 4720 κείμενοι
1493 4648 1595 4719 ὦσι
1614 4700 1629 4721 ,
1658 4675 1807 4729 τηνι-

216 4734 401 4788 καῦτα
426 4735 521 4787 τὸν
548 4736 774 4791 δυνατὸν
813 4741 1017 4810 τρόπον
1049 4741 1125 4813 μὴ
1155 4743 1222 4797 ἀν
1251 4745 1434 4810 αὐτοῖς
1459 4747 1806 4819 ἐπίμεμπτος

216 4828 549 4899 νομισθῆναι
568 4845 582 4860 ’
612 4832 699 4900 ἐφ’
726 4824 832 4899 ᾧ¹⁸
864 4834 963 4904 οὐχ
1007 4835 1175 4904 ἡδέως
1213 4838 1248 4908 ή
1294 4842 1521 4909 στρατιά
1550 4842 1802 4913 ἤκουσεν.

217 4919 532 4990 Εὐρυδίκης
584 4920 643 4974 δὲ
689 4921 1173 4998 συλλαμϐανούσης
1218 4931 1339 4993 ταῖς
1383 4932 1805 4988 κατάἈντιπά-

217 5028 353 5080 τρου
380 5012 654 5077 διαϐολαῖς
686 5013 764 5085 τῷ
794 5016 903 5070 ἀπὸ
927 5017 1021 5071 τοῦ
1049 5019 1288 5092 πλήθους
1318 5024 1471 5094 άχθει
1498 5026 1684 5091 στάσις
1714 5029 1804 5096 γί-

216 5123 397 5161 νεται.
418 5107 537 5161 Καὶ
556 5107 863 5179 δημηγορεῖ
876 5111 1150 5184 Εὐρυδίκη
1166 5114 1287 5167 κατ’
1302 5116 1491 5181 αὑτοῦ,
1507 5118 1600 5172 τοῦ
1621 5136 1803 5193 γραμ-

1922 3278 2037 3332 tiati
2072 3277 2126 3330 in
2159 3290 2397 3344 praesens
2427 3283 2575 3337 sunt,
2608 3281 2664 3327 et
2702 3287 2767 3327 ex
2800 3271 3061 3326 Eumenis
3098 3282 3261 3342 atque
3292 3274 3493 3327 Alceta:

1917 3370 2283 3425 sectatoribus
2353 3368 2419 3420 ad
2495 3366 2892 3435 quinquaginta
2976 3365 3253 3429 damnati,
3331 3365 3492 3433 idque

1920 3463 2155 3516 maxime
2182 3462 2254 3515 ob
2277 3458 2560 3514 Craterum
2603 3456 2971 3521 interfectum,
3003 3470 3127 3511 cum
3168 3455 3490 3513 Macedones

1918 3556 2057 3609 inter
2122 3567 2185 3607 se
2250 3551 2453 3605 mutuis
2524 3549 2729 3619 proeliis
2794 3548 3139 3603 dissiderent.
3191 3548 3492 3618 Antigonus

1917 3648 2105 3700 adbzc
2152 3659 2186 3698 e
2234 3643 2412 3714 Cypro
2466 3652 2743 3705 evocatus,
2790 3642 2921 3711 quin
2972 3650 3028 3696 et
3071 3641 3375 3712 Antipater,
3421 3645 3489 3696 ad

1919 3752 2077 3806 reges
2111 3736 2371 3791 festinare
2399 3736 2685 3804 jubentur.
2736 3733 2985 3788 Nondum
3020 3748 3151 3789 vero
3195 3736 3493 3789 adventan-

1916 3832 2063 3885 tibus
2107 3830 2237 3895 illis,
2288 3831 2556 3901 Eurydice
2608 3829 2723 3901 (5l)
2773 3831 3053 3885 Pithonem
3089 3841 3144 3885 et
3186 3831 3488 3887 Arridaeum

1917 3924 2052 3979 nihil
2110 3939 2171 3980 se
2222 3922 2522 3979 inconsulta
2574 3922 2791 3978 volebat
2846 3937 3025 3993 agere.
3076 3922 3181 3988 Qui
3232 3939 3263 3977 a
3318 3925 3492 3993 primo

1916 4016 2134 4085 quidem
2182 4030 2286 4069 non
2345 4022 2713 4084 repugnarunt
2748 4031 2763 4067 :
2800 4026 2922 4081 post
2980 4025 3184 4078 tamen,
3232 4015 3365 4069 nihil
3416 4016 3490 4071 illi

1916 4120 2206 4161 commune
2242 4121 2363 4160 cum
2404 4105 2673 4173 republica
2719 4120 2840 4160 esse
2889 4106 3329 4174 responderunt:
3362 4105 3489 4171 sibi,

1914 4197 2043 4251 dum
2102 4197 2404 4267 Antigonus
2455 4205 2511 4251 et
2559 4196 2843 4265 Antipater
2894 4197 3134 4262 veniant,
3174 4212 3320 4251 cura:
3371 4212 3483 4252 rem

1914 4292 2033 4348 fore
2073 4290 2368 4361 publicam.
2421 4286 2501 4341 llli
2542 4287 2707 4357 igitur
2754 4302 2877 4341 cum
2922 4286 3302 4351 accessissent,
3335 4287 3489 4342 Anti—

1913 4394 2072 4453 patro
2132 4396 2341 4438 summa
2410 4379 2491 4435 rei
2550 4382 2841 4435 commissa
2898 4395 2915 4433 :
2969 4380 3350 4449 exercitusque
3421 4380 3492 4438 ab

1912 4475 2226 4530 Alexandro
2258 4472 2526 4543 promissa
2575 4472 2783 4527 militia
2811 4470 2914 4540 71
2956 4470 2985 4523 ό
3020 4472 3239 4539 prazmia
3289 4474 3486 4542 poscit.

1912 4568 2219 4637 Antipater,
2246 4580 2371 4620 cum
2400 4564 2460 4626 in
2491 4564 2779 4634 praesentia
2820 4563 2954 4617 nihil
2992 4562 3243 4627 haberet,
3270 4578 3487 4632 aequum

1912 4661 2188 4733 postulare
2217 4658 2497 4729 respondit
2524 4673 2540 4711 :
2574 4667 2631 4709 at
2671 4670 2820 4718 mox,
2848 4665 2907 4708 ut
2937 4669 3037 4709 nec
3063 4654 3271 4724 justam
3299 4669 3486 4709 eorum

1912 4755 2342 4824 indignationem
2400 4751 2680 4806 incurrere
2731 4749 2925 4817 possit,
2973 4748 3151 4818 quoad
3198 4750 3315 4818 ejus
3370 4751 3485 4803 ﬁeri

1911 4848 2115 4920 poterit
2167 4846 2573 4914 exploraturum
2633 4842 2922 4897 thesauros
2978 4841 3200 4912 regios.
3260 4859 3488 4913 quaeque

1912 4941 2041 4996 alibi
2105 4938 2381 4996 recondita
2435 4946 2625 4993 essent
2661 4954 2677 4990 :
2708 4951 2829 5004 qua:
2883 4943 3033 4990 certe
3088 4935 3258 5004 ipsius
3312 4936 3487 4990 oratio

1907 5030 2149 5106 jucunda
2184 5046 2370 5100 parum
2400 5029 2500 5083 fuit
2525 5026 2809 5082 exercitui.
2853 5025 3035 5093 Quare
3066 5040 3189 5080 cum
3218 5026 3486 5095 Eurydice

1908 5140 2123 5203 quoque
2167 5122 2580 5180 criminationes
2628 5120 2892 5174 adversus
2941 5117 3284 5188 Antipatrum
3336 5117 3485 5174 fove-

1466 5240 1703 5301 VARLE
1749 5243 2155 5307 LECTIONES.

317 5327 339 5356 ι
370 5325 434 5403 τὸ
458 5326 584 5403 add.
628 5329 694 5385 A.
804 5332 917 5403 ’τὸ
956 5334 1161 5403 πλῆθος
1213 5354 1275 5402 ς.

1351 5340 1373 5370 ⁸
1402 5342 1539 5409 πρὸς
1567 5344 1693 5406 τοὺς
1722 5347 2094 5407 -ἐθέλοντας
2150 5342 2196 5397 Α
2248 5358 2265 5398 :

2329 5342 2444 5403 τοῖς
2481 5369 2552 5379 -
2580 5336 2845 5406 θελήσασι
2912 5353 2974 5399 ς.
3042 5334 3192 5406 ᾖ,τᾶ
3227 5333 3365 5386 ἄλλα
3397 5351 3480 5406 ης.

219 5396 243 5425 ⁸
274 5395 423 5481 ἕτεῤ
453 5413 468 5448 ³
495 5399 667 5481 αττιρν
702 5418 763 5465 ς.
797 5401 860 5481 η’
879 5395 1093 5481 Πείθων
1117 5395 1300 5481 Ἀ.
1320 5395 1691 5467 Πύθων’‹τοι·έ·.’
1712 5432 1725 5469 :
2221 5395 2265 5444 ’δ
2292 5395 2546 5465 Ἀλκῖτέα
2575 5425 2635 5472 ς.
2664 5395 2758 5481 ’³⁸
2781 5395 3066 5479 Κρατεροῦ
3084 5405 3361 5475 ἀναιρέσει
3380 5395 3466 5459 At:

215 5468 314 5520 τοῦ
345 5468 633 5539 Κρατεροῦ
657 5488 718 5536 ς.
796 5473 842 5504 θ’
874 5468 1357 5548 ἐκπολεμηθέντων
1381 5498 1444 5546 ς.
1523 5484 1565 5515 ⁸⁸
1585 5468 2071 5550 ueneﬁciis.
2092 5468 2111 5478 '
2148 5483 2196 5516 “
2222 5482 2500 5555 στρατείᾳ.
2576 5468 2620 5511 ’⁷⁸
2656 5471 2734 5533 ὧν
2761 5494 2824 5541 ς.

1718 5574 1954 5635 ΝΟΤᾸΕ.

444 5650 798 5736 et
828 5656 1137 5736 Alexandro
1167 5674 1359 5736 puero.
1382 5662 1649 5736 _Roxanes
1680 5665 1739 5723 Ρ.

291 5720 641 5812 (aginatio.
675 5724 771 5779 lib.
802 5742 897 5809 aut
933 5746 948 5784 :
983 5747 1005 5812 ς
1042 5720 1317 5812 Perdicca
1343 5720 1464 5812 plus
1494 5720 1798 5792 odiumiar-

220 5798 521 5875 rogantur.
569 5799 930 5879 quamuvires
983 5798 1222 5855 hostium
1280 5798 1581 5869 nocebant,
1634 5822 1796 5875 quam

222 5879 376 5921 exosi
418 5874 587 5921 etiam
630 5882 766 5924 soon
812 5869 882 5925 ad
922 5871 1269 5943 Antipatrum
1303 5875 1567 5943 gregatim
1613 5880 1796 5941 prolu-

1906 5666 2154 5739 εἰειξξῐιιτ
2188 5684 2206 5717 ι

1977 5735 2091 5807 (Si)
2127 5736 2356 5790 Arridmi
2394 5734 2615 5807 coniux,
2663 5734 2825 5807 prius
2858 5734 3005 5787 Adeo
3031 5731 3199 5792 dicta.
3230 5729 3479 5807 Cynancs

1909 5800 2044 5869 (ilia,
2071 5800 2220 5874 "sup.
2266 5807 2397 5872 Quae
2441 5800 2543 5859 viri
2592 5800 2902 5875 valetudine
2944 5806 3197 5871 abutens,
3224 5800 3343 5875 ejus
3372 5800 3492 5857 sibi

1908 5876 2084 5934 oﬂicia
2116 5877 2441 5933 vindicabat.
2470 5876 2671 5934 Justin.
2708 5873 2803 5931 lib.
2837 5888 2949 5929 ειν.
