4224 6442
707 408 803 479 311
1868 408 2130 471 PHOTII
2158 408 2662 472 PATRIARCHIE
2690 412 2796 473 CP.
3878 404 3988 469 312

714 540 819 595 ret,
852 528 1008 600 plebe
1056 526 1397 597 indignante,
1436 523 1634 583 seditio
1680 525 1942 581 cooritur.
1988 526 2106 593 Quo
2156 534 2322 581 Iem-.

2420 527 2612 589 ιατέως
2636 524 3109 595 Ἀσκληπιοδώρου
3160 520 3651 593 ύπηρετησαμένου
3683 519 3761 590 τῷ
3794 519 3941 589 λόγῳ
3967 539 3984 552 ο

716 638 848 692 pore
903 634 956 677 et
1010 622 1125 692 ipsa
1181 622 1235 676 in
1294 635 1419 675 eum
1468 620 1845 685 concionatur,
1915 620 2298 690 Asclepiodoro

2420 616 2500 668 ιαὶ
2527 614 2789 676 Ἄτταλος
2824 613 2902 668 δέ.
2952 612 3065 667 Καὶ
3096 609 3282 683 ῥύεται
3330 608 3482 679 μόλις
3502 606 3859 677 Ἀντίπατρος
3886 606 3989 674 τῆς

717 717 895 771 scriba
949 729 1258 770 sermonem
1312 713 1431 782 ejus
1482 713 1779 781 referente,
1828 723 1884 769 et
1928 725 2131 783 praeter
2176 730 2298 769 eam

718 809 847 862 item
880 806 1115 861 Attalus.
1148 805 1315 862 Plane
1352 815 1412 860 ut
1454 806 1544 862 vix
1593 808 1724 862 caedi
1765 816 1987 875 ereptus
2015 807 2302 875 Antipater

721 901 827 963 sit,
886 900 1244 968 patrocinatis
1292 900 1432 974 apud
1492 900 1826 956 inconditam
1886 899 2094 969 plebem
2148 898 2303 952 Anti-

722 1006 862 1060 gono
890 1002 946 1045 et
984 989 1233 1057 Seleuco,
1280 1004 1512 1061 quorum
1561 990 1971 1045 advocationem
2015 990 2305 1060 Antipater

725 1081 1081 1152 postularat:
1122 1084 1212 1153 qui
1260 1092 1316 1136 et
1361 1083 1461 1151 ipsi
1507 1091 1790 1152 propterea
1845 1097 1952 1137 non
1999 1097 2189 1153 parum
2236 1081 2303 1134 dc

725 1177 833 1229 vita
870 1177 1160 1245 periclitati
1206 1185 1351 1230 sunt.
1398 1176 1557 1230 Morti
1600 1191 1731 1244 ergo
1769 1184 1988 1245 ereptus
2021 1175 2306 1245 Antipater

723 1266 791 1319 ad
843 1281 1000 1320 suum
1056 1281 1116 1322 se
1172 1265 1377 1335 recepit
1427 1268 1746 1333 exercitum,
1787 1276 1842 1321 et
1890 1266 2133 1336 equitum
2168 1281 2304 1333 prte-

730 1357 858 1412 fecti
915 1359 1037 1413 dein
1089 1360 1302 1415 evocati
1362 1367 1775 1422 convenerunt,
1831 1360 2030 1427 vixque
2090 1357 2304 1411 tandem

726 1450 983 1505 seditioni
1022 1450 1129 1506 iine
1170 1452 1319 1517 dato,
1348 1452 1694 1521 Antipatrum
1744 1466 1984 1514 rursum,
2018 1460 2075 1503 ut
2120 1460 2304 1516 antea,

727 1557 955 1597 summa
991 1557 1225 1612 praeesse
1257 1542 1333 1595 rei
1359 1541 1575 1609 jubent.

798 1632 871 1687 lbi
915 1642 969 1688 et
1011 1634 1080 1687 ab
1122 1634 1238 1703 ipso
1271 1633 1413 1688 Asiae
1461 1635 1604 1688 facta
1643 1634 1838 1688 divisio
1885 1643 1990 1697 est,
2022 1647 2129 1701 qua
2162 1633 2309 1703 prio-

728 1738 844 1776 rem
880 1724 1027 1777 illam
1070 1724 1265 1793 partim
1317 1735 1491 1779 ratam
1543 1724 1753 1789 habuit,
1785 1724 2005 1793 partim,
2043 1724 2133 1778 ubi
2172 1735 2309 1777 tem-

730 1829 922 1879 porum
976 1816 1277 1870 necessitas
1329 1816 1594 1885 exigeret,
1627 1815 1928 1870 innovavit.
1962 1815 2093 1868 Nam
2141 1813 2309 1884 IEgy-

733 1917 880 1974 ptum
910 1907 1125 1976 quidem
1158 1918 1212 1963 et
1246 1907 1491 1977 Libyam,
1520 1920 1843 1979 vastamque
1873 1910 2011 1962 ultra
2044 1908 2309 1971 Africam,

729 2008 784 2050 et
818 1997 1079 2067 quidquid
1122 2008 1384 2067 praeterea
1426 2000 1566 2067 bello
1604 2010 1819 2071 partum
1861 2001 1927 2054 ad
1973 2002 2310 2071 occidentem

732 2091 901 2143 solem
936 2091 1104 2158 jacet,
1135 2091 1410 2147 Ptolemaei
1438 2106 1563 2147 esse
1592 2092 1928 2161 pronuntiat.
1960 2091 2313 2146 Laomedonti

734 2197 864 2236 vero
903 2182 1206 2252 Mitylenmo
1257 2183 1472 2253 Syriam
1520 2185 1780 2252 assignat.
1830 2183 2159 2238 Pbiloxenus
2200 2182 2313 2253 (52)

730 2269 1012 2335 Ciliciam,
1069 2287 1231 2340 quam
1282 2280 1442 2326 antea
1492 2273 1826 2340 provinciam
1882 2272 2107 2325 sortitus
2158 2280 2311 2335 erat,

741 2362 987 2417 retinuit.
1034 2363 1154 2418 Jam
1202 2364 1344 2419 inter
1386 2365 1697 2434 superiores
1730 2365 2030 2433 ,satrapias,
2076 2363 2317 2432 MesOpo-

737 2456 959 2509 Iamiam
1034 2468 1086 2510 et
1158 2456 1415 2511 Arbelum
1486 2457 1884 2525 Amphimacho
1948 2458 2092 2526 regis
2159 2456 2314 2510 fratri

735 2547 982 2600 attribuit
1034 2566 1047 2601 :
1096 2546 1358 2600 Seleucus
1420 2562 1550 2600 vero
1620 2547 1929 2617 Babyloniae
1999 2548 2312 2615 praeﬁcitur.

734 2638 1012 2706 Antigeni,
1044 2636 1135 2703 qni
1170 2636 1380 2705 primus
1420 2635 1731 2689 Perdiccam
1774 2636 2069 2698 invaserat,
2106 2647 2159 2691 et
2201 2635 2315 2688 Ma-

736 2728 1000 2781 ccdonum
1048 2725 1537 2795 Argyraspidarum
1589 2724 1704 2795 (55)
1759 2726 1947 2779 ductor
1999 2736 2137 2788 erat,
2181 2741 2318 2795 prae-

737 2823 945 2875 lectura
979 2820 1144 2873 tetius
1194 2816 1441 2873 Susiana:
1485 2819 1631 2872 data.
1669 2818 1723 2872 In
1760 2817 1986 2873 Perside
2019 2816 2312 2872 Peucestes

738 2912 1113 2966 conﬁrmatur.
1187 2909 1495 2965 Carmania:
1551 2910 1894 2979 Tlepolemus
1964 2913 2316 2980 praiponitnr,

738 3012 799 3055 ut
824 3001 1014 3056 Media:
1043 3018 1213 3069 usque
1243 3002 1309 3054 ad
1339 3001 1564 3067 Caspias
1592 3010 1773 3068 purtas
1797 3001 2011 3054 Pithon.
2038 3000 2319 3069 Philippus

738 3093 958 3147 Parthis
994 3110 1008 3147 :
1046 3094 1191 3147 Ariis
1234 3107 1361 3145 vero
1397 3100 1450 3145 et
1483 3092 1894 3161 Drangenorum
1934 3095 2162 3161 regioni,
2196 3094 2321 3147 Sta-

2405 708 2658 777 σφαγῆς,
2701 706 3006 776 Ἀντιγόνου
3050 704 3146 758 καὶ
3194 703 3456 763 Σελεύκου
3512 701 3579 771 τῇ
3636 697 3986 769 παρακλήσει

2418 800 2775 869 Ἀντιπάτρου
2808 797 3429 869 ἀντιδημηγορησάντων
3471 794 3530 847 ἑν
3564 791 3645 861 τῷ
3676 790 3870 861 πλήθει
3889 804 3905 818 ⁸
3936 788 3989 841 οἶ

2408 892 2505 945 καὶ
2551 891 2708 945 αὐτοὶ
2760 890 2849 944 διὰ
2894 889 3055 943 τοῦτο
3107 888 3274 956 ἐγγὺς
3318 886 3568 954 ἐγένοντο
3590 881 3686 937 τοῦ
3716 880 3990 935 κινδύνου.

2421 985 2663 1048 Ῥυσθεὶς
2690 984 2748 1037 δὲ
2772 982 3131 1054 Ἀντίπατρος
3156 980 3249 1035 τοῦ
3279 979 3510 1033 Θανάτου
3542 976 3681 1046 πρὸς
3706 974 3769 1028 τδ
3787 974 3995 1027 οίκεῖον

2410 1075 2735 1147 ὑπεχώρησε
2777 1074 3158 1147 στρατόπεδον.
3197 1073 3306 1127 Καὶ
3347 1072 3398 1124 οί
3441 1070 3705 1139 ἵππαρχοι
3739 1064 3995 1121 Ἀντιπά-

2409 1189 2540 1242 τρου
2571 1169 2864 1231 καλοῦντος
2891 1167 3029 1240 πρὸς
3049 1166 3211 1220 αὑτὸν
3235 1162 3392 1237 ἧκον,
3426 1164 3521 1218 καὶ
3552 1160 3701 1232 μόλις
3734 1161 3835 1222 τῆς
3864 1157 3998 1210 στά-

2414 1281 2552 1326 σεως
2593 1261 2947 1331 πεπαυμένης
3000 1258 3128 1331 [224
3162 1255 3252 1329 8.]
3284 1256 3643 1326 Ἀντίπατρον
3701 1250 3885 1314 πάλιν,
3919 1249 3998 1313 ὠς

2413 1356 2509 1409 καὶ
2539 1354 2794 1426 πρόσθεν,
2817 1354 3005 1424 ἄρχειν
3032 1352 3253 1405 εἴλοντο.

2483 1624 2597 1679 Καὶ
2623 1622 2859 1677 ποιεῖται
2883 1618 3115 1690 νέμησιν
3142 1617 3236 1671 καὶ
3262 1614 3426 1679 αὐτὸς
3445 1614 3547 1685 τῆς
3569 1611 3776 1675 Ἀσίας.
3803 1610 3874 1665 τὰ
3899 1611 4001 1681 μὲν

2413 1718 2513 1786 τῆς
2547 1711 2822 1784 προτέρας
2851 1709 3133 1778 νεμήσεως
3165 1703 3444 1772 ἑπικυρῶν
3466 1744 3481 1768 ,
3511 1701 3579 1754 τά
3601 1699 3659 1752 δὲ
3683 1697 3776 1751 τοῦ
3803 1695 4001 1767 καιροῦ

2419 1805 2742 1877 βιαζομένου
2791 1799 3152 1871 νεωτερίζων.
3186 1798 3460 1865 Αἴγυπτον
3511 1794 3608 1863 μὲν
3639 1793 3748 1862 γὰρ
3778 1791 3871 1842 καὶ
3906 1790 4005 1841 At-

2342 1886 2383 1942 Β
2413 1898 2549 1967 ὀύην
2582 1897 2675 1950 xu‘t
2715 1894 2813 1965 τὴν
2861 1890 3119 1945 ἐπέκεινα
3151 1887 3359 1956 ταύτης
3386 1885 3483 1954 τὴν
3512 1883 3735 1953 πολλὴν,
3763 1882 3859 1934 καὶ
3884 1879 4003 1933 ὅτι·

2414 2004 2520 2058 περ
2549 1986 2616 2040 ἂν
2648 1984 2787 2054 πρὸς
2819 1981 3026 2044 τούτοις
3056 1978 3293 2049 δόριονη
3322 1975 3687 2044 ἐπικτήσηται
3717 1975 3856 2041 πρὸς
3881 1969 4006 2022 δυο-

2418 2081 2580 2151 μένου
2633 2076 2785 2148 ἡλίου
2812 2114 2827 2139 ,
2875 2070 3213 2141 Πτολεμαίου
3261 2063 3437 2131 εἶναι,
3474 2064 3804 2135 Λαομέδοντι
3839 2061 3897 2115 δὲ
3926 2061 4008 2130 τῷ

2415 2166 2766 2237 Μιτυληναίῳ
2798 2163 2999 2234 Συρίαν
3031 2157 3447 2230 ἐπιτετράφθαι.
3482 2154 3762 2219 Φιλόξενον
3804 2152 3862 2205 δὲ
3912 2152 4009 2202 ἐπὶ

2415 2262 2672 2322 Κιλικίας
2700 2256 2909 2322 ἔταξεν,
2954 2256 3021 2326 ἢν
3068 2252 3161 2305 καὶ
3192 2251 3409 2321 πρῶτον
3461 2244 3629 2318 εἶχεν.
3657 2245 3780 2298 Τῶν
3808 2242 3866 2297 δὲ
3892 2243 4009 2297 ἄνω

2418 2350 2770 2424 σατραπειῶν
2793 2350 2834 2380 ¹⁷
2864 2347 2962 2417 τὴν
2994 2345 3091 2417 μὲν
3123 2343 3298 2414 μέσην
3330 2340 3438 2395 τῶν
3480 2336 3747 2405 ποταμῶν
3776 2334 3882 2404 γῆν
3908 2333 4007 2424 καὶ

2416 2422 2858 2515 τὴντἊρόηλῖτιν
2885 2437 3220 2509 Ἀμφιμάχῳ
3246 2433 3325 2503 τῷ
3364 2430 3459 2485 τοῦ
3488 2429 3757 2499 βασιλέως
3787 2422 4008 2491 ἀδελφῷ

2418 2539 2623 2605 ἔνειμε,
2652 2534 2899 2601 Σελεύκῳ
2927 2531 2981 2585 δὲ
3006 2530 3102 2602 τὴν
3129 2525 3478 2581 Βαϐυλωνίαν
3503 2520 3865 2592 προσέθηκεν.
3881 2517 4007 2568 Ἀν-

2418 2630 2623 2698 τιγένει
2652 2629 2709 2682 δὲ
2735 2627 2814 2697 τῷ
2854 2626 3057 2697 πρώτῳ
3095 2622 3194 2692 μὲν
3221 2618 3530 2689 ὲπιθεμένῳ
3561 2613 3863 2683 Περδίκκᾳ,
3893 2608 4008 2661 τῶν

2418 2727 2474 2779 δὲ
2508 2722 2930 2794 ἀργυρασπίδων
2955 2718 3283 2774 Μακεδόνων
3314 2712 3623 2786 ἡγουμένῳ,
3653 2710 3751 2779 τῆς
3783 2708 4009 2759 Σουσιαο

2419 2817 2517 2884 νῆς
2543 2815 2835 2885 συμπάσης
2856 2814 3072 2881 ἄρχεινο
3094 2809 3377 2877 Πευκέστᾳ
3398 2805 3455 2858 δὲ
3477 2800 3728 2856 ὲδεῦαίου
3748 2799 3847 2867 τὴν
3866 2798 4012 2865 Περ-

2422 2910 2541 2962 σίδα
2561 2924 2575 2937 ·
2606 2905 2936 2975 Καρμανίαν
2963 2904 3019 2955 δὲ
3054 2900 3392 2969 Τληπολέμῳ
3417 2895 3628 2965 ἔνειμε,
3664 2892 3758 2945 καὶ
3795 2889 4013 2958 Μηδίαν

2423 3003 2622 3055 Πίθωνι
2653 2998 2762 3050 ἔστ’
2794 2998 2885 3048 ἐπὶ
2925 2994 3103 3055 πύλας
3132 2992 3232 3053 τὰς
3269 2988 3549 3048 Κασπίους
3570 2983 3635 3047 ³⁸,
3670 2982 3923 3050 Φιλίππῳ
3954 2979 4012 3031 δὲ

2422 3095 2521 3161 τὴν
2550 3090 2875 3161 Παρθυαίων
2902 3087 3007 3156 γῆν
3030 3102 3044 3116 ⁶
3088 3082 3311 3154 Ἀρείων
3338 3080 3395 3131 δὲ
3427 3078 3520 3131 καὶ
3549 3076 3649 3145 τῆς
3677 3069 4013 3143 Δραγγηνῶν

738 3186 940 3240 sander
998 3183 1285 3253 pra‘fectus
1350 3186 1513 3237 venit.
1568 3183 1871 3237 Bactrianae
1927 3194 1981 3237 et
2034 3185 2318 3254 Sogdianm

2424 3189 2603 3257 χώρας
2632 3181 2970 3249 Στάσανδρον
2992 3177 3225 3246 καθίστη
3247 3173 3513 3243 ἡγεμόνα,
3538 3169 3636 3237 τῆς
3655 3167 3712 3220 δὲ
3738 3165 4012 3273 Βακτρια-

741 3275 1026 3328 Stasamor
1074 3273 1358 3335 Soliensis,
1412 3272 1808 3327 Arachotarum
1868 3288 1998 3327 vero
2046 3275 2319 3345 Sibyrtius

2552 3278 2646 3330 καὶ
2680 3272 2969 3343 Σογδιανῆς
3000 3268 3314 3336 Στασάνορα
3341 3264 3433 3317 τὸν
3462 3262 3667 3324 Σόλιον,
3686 3255 4013 3348 ᾍραχώτων

740 3367 943 3423 evenit.
1004 3366 1287 3437 Oxyartaa,
1343 3364 1598 3420 Roxanes
1654 3366 1830 3434 patri,
1886 3364 2319 3434 Parapamisada:

742 3462 940 3513 dantur
974 3473 989 3510 :
1020 3458 1272 3513 ludorum
1307 3468 1487 3511 autem
1522 3472 1585 3511 ea
1627 3474 1743 3524 ora,
1779 3473 1899 3527 quae
1937 3457 2321 3525 Parapamisn-

742 3551 827 3605 dis
858 3549 1088 3618 adjacet,
1120 3550 1333 3604 Pithoni
1369 3552 1633 3620 Agenoris
1675 3549 1734 3603 F.
1773 3550 1997 3604 tributa.
2032 3549 2108 3604 De
2146 3552 2324 3619 proxi-

743 3645 847 3695 mis
875 3643 1071 3696 deinde
1104 3642 1357 3708 satrapiis
1397 3657 1458 3695 ea
1502 3658 1623 3710 qua:
1654 3644 1718 3694 ad
1751 3640 1937 3694 Indum
1979 3641 2175 3697 ﬂumen
2216 3652 2321 3708 est,

743 3742 797 3785 ct
825 3730 1007 3785 Patala
1041 3733 1190 3793 urbs,
1245 3746 1364 3800 qua:
1395 3732 1447 3785 in
1480 3732 1567 3786 illa
1598 3732 1745 3786 India
1776 3743 1863 3786 est
1893 3734 2149 3795 maxima,
2182 3734 2326 3804 72a

746 3824 914 3876 Porro
961 3823 1074 3892 regi
1128 3824 1293 3876 cessit
1332 3841 1345 3876 :
1388 3833 1443 3876 at
1487 3840 1609 3892 qua:
1662 3826 1726 3876 ad
1781 3823 2069 3894 Hydaspen
2125 3828 2323 3881 ﬂumen

741 3916 1003 3983 pertinet,
1033 3914 1232 3969 Taxilae
1261 3915 1388 3970 item
1417 3916 1572 3981 ludo,
1611 3917 1951 3981 attribuitur,
1977 3922 2194 3986 quando
2220 3935 2325 3972 non

744 4004 905 4057 facile
941 4014 1086 4058 esset
1123 4005 1600 4079 ipsosgdimovere,
1637 4008 1728 4074 qui
1766 4007 1834 4060 ab
1870 4008 2183 4063 Alexandro
2211 4011 2328 4080 ipso

744 4096 801 4147 in
859 4095 1088 4162 imperio
1158 4094 1477 4157 constituti,
1534 4110 1783 4165 magnam
1838 4098 1971 4150 satis
2028 4101 2326 4164 potentiam

744 4185 891 4251 nacti
927 4195 1130 4240 essent.
1166 4186 1368 4239 Adhaec
1397 4186 1487 4253 qui
1516 4200 1546 4238 a
1576 4186 1758 4240 Tauro
1785 4198 1970 4241 monte
2000 4187 2064 4239 ad
2098 4187 2326 4244 Boream

743 4278 1064 4348 vergebant,
1095 4276 1449 4347 Cappadocas
1477 4276 1728 4332 Nicanori
1769 4280 2049 4333 attribuit:
2079 4282 2328 4351 Magnam

746 4380 877 4419 vero
928 4364 1242 4434 Phrygiam,
1294 4363 1647 4435 Lycaoniam,
1700 4366 2095 4437 Pamphyliam,
2129 4381 2183 4423 et
2224 4370 2331 4440 Ly-

746 4455 910 4521 ciam,
943 4465 1003 4510 ut
1054 4466 1237 4520 antea,
1273 4457 1574 4526 Antigonus
1615 4458 1857 4512 retinuit.
1898 4458 2115 4513 Cariam
2148 4462 2327 4516 Asan-

2422 3344 2485 3422 δὲ·
2535 3366 2848 3435 Σιϐύρτιον·
2898 3360 2993 3412 καὶ
3043 3350 3574 3429 Παραπαμισάδαςίθ
3617 3347 3885 3416 Ὀξυάρτῃ
3936 3344 4015 3412 τῷ

2438 3460 2711 3527 Ῥωξάνης
2755 3453 2946 3522 πατρὶ,
2973 3451 3072 3519 τῆς
3101 3449 3158 3502 δὲ
3197 3447 3371 3500 Ἰνδῶν
3419 3444 3523 3513 γῆς
3572 3443 3641 3495 τά
3685 3441 3783 3510 μὲν
3811 3438 4014 3508 σύνορα

2425 3548 2927 3620 Παραπαμισάδαις
2956 3543 3159 3595 Πίθωνι
3184 3538 3262 3607 τῷ
3296 3537 3624 3605 Ἀγήνορος,
3666 3532 3767 3593 τὰς
3800 3531 3856 3583 δὲ
3886 3532 4011 3598 ὲχο-

2429 3648 2592 3717 μένας
2630 3639 2991 3709 σατραπείας,
3028 3638 3126 3703 τὴν
3161 3632 3259 3701 μὲν
3292 3629 3443 3697 παρὰ
3462 3628 3508 3659 ³ο
3533 3628 3627 3679 τὸν
3669 3625 3887 3677 Ἰνδὸν¹¹

2424 3711 2597 3805 ταμὸν
2629 3732 2722 3784 καὶ
2752 3727 2973 3785 Πάταλα
3004 3722 3113 3777 τῶν
3157 3719 3342 3791 ἐκείνῃ
3358 3720 3401 3750 ’⁸
3432 3716 3615 3770 Ἰνδῶν
3660 3714 3869 3767 πόλεων

2430 3826 2693 3897 μεγίστην
2713 3820 2888 3889 Πώρῳ
2903 3818 2980 3887 τῷ
3006 3814 3214 3886 βασιλεῖ
3239 3808 3559 3880 ἐπεχώρησε
3577 3808 3643 3872 ’³,
3666 3806 3767 3875 τὴν
3865 3804 4021 3897 παρα

2427 3894 2516 3970 τὸν
2549 3915 2825 3981 Ὑδάσπην
2860 3907 3103 3976 ποταμὸν
3124 3902 3350 3974 Ταξίλῃ,
3381 3901 3475 3953 καὶ
3501 3897 3676 3967 τούτῳ
3700 3895 3868 3965 Ἰνδῷ.
3893 3894 4023 3946 ἐπεὶ.

2432 4006 2566 4075 μηδὲ
2612 4002 2792 4073 ῥᾴδιον
2829 3996 3188 4068 μετακινῆσαι
3228 3993 3427 4051 αὐτοὺς
3469 3988 3530 4053 ἐξ
3550 3985 3902 4054 Ἀλεξάνδρου
3960 3999 4020 4075 τε

2430 4072 2939 4165 επιτετΫραμμένους
2997 4088 3097 4157 τὴν
3146 4086 3323 4155 ἀρχὴν
3380 4084 3476 4135 καὶ
3537 4080 3769 4146 δύναμιν
3828 4072 4022 4142 ἱκανὴν

2430 4194 2671 4262 ἔχοντας.
2704 4187 2823 4240 Τῶν
2867 4183 2926 4236 δὲ
2968 4181 3075 4233 ἀπὸ
3104 4177 3198 4230 τοῦ
3230 4175 3447 4243 Ταύρου
3479 4173 3638 4242 ὅρους
3666 4170 3741 4231 ὡς
3784 4169 3889 4262 ἐπὶ,
3922 4165 4024 4236 τὴν

2430 4260 2631 4352 ἄρκτον
2662 4278 2937 4349 φερόντων
2968 4270 3339 4329 Καππαδόκας
3372 4266 3470 4336 μὲν
3500 4264 3766 4331 Νικάνορι
3794 4260 4025 4352 ἐπέτρε-

2429 4350 2550 4444 ψεν,
2583 4374 2677 4423 ἐπὶ
2702 4370 2760 4422 δὲ
2792 4364 3034 4436 Φρυγίας
3065 4361 3167 4431 τῆς
3198 4358 3440 4429 μεγάλης
3470 4356 3560 4408 καὶ
3585 4354 3677 4407 ἐπὶ
3699 4350 3941 4444 Λυκάοσί
3960 4366 4023 4400 τε

2437 4442 2532 4525 καὶ
2564 4459 2939 4535 Παμφύλοις’¹⁵
2984 4456 3080 4511 καὶ
3121 4453 3362 4511 Λυκίοις.
3390 4448 3464 4511 ὡς
3495 4448 3591 4500 καὶ
3624 4444 3881 4515 πρόσθεν,
3898 4442 4024 4535 'Av-

746 4550 846 4604 der
884 4548 998 4619 (54)
1030 4550 1257 4618 accepit.
1304 4548 1475 4619 Lydia
1513 4549 1655 4604 Clito
1689 4550 1837 4616 data,
1869 4560 1928 4606 ut
1958 4553 2201 4609 Arridteo
2243 4570 2322 4622 ea,

2436 4564 2645 4629 τίγονον
2660 4534 2678 4585 ί·
2712 4552 2927 4622 Καρίαν
2951 4544 3300 4613 δὲ’Λσάνδρῳ
3323 4541 3527 4609 ενειμε,
3542 4537 3711 4592 Λυδία
3727 4536 3783 4588 δὲ
3806 4534 4026 4629 Κλείτιρ

747 4656 867 4709 quae
891 4642 957 4695 ad
986 4631 1392 4711 Hellespontum
1416 4640 1583 4708 jacet,
1616 4640 1871 4713 Phrygia.
1900 4642 2151 4700 Pecuniae
2174 4648 2322 4703 Susis

2437 4626 2615 4720 ἐδόθη.
2650 4649 2746 4701 καὶ
2774 4640 3068 4712 -Αρριδαίῳ
3096 4635 3309 4706 Φρυγία
3336 4635 3370 4703 ἡ
3395 4630 3533 4701 πρὸς
3550 4627 3933 4720 Ἑλλησπόντῳ
3950 4626 4020 4720 ιε.

746 4732 1068 4802 colligenda:
1105 4734 1401 4801 Antigenes
1436 4735 1759 4803 praeﬁcitur;
1803 4737 1889 4791 cui
1923 4747 1977 4792 et
2008 4754 2039 4793 e
2072 4739 2323 4795 Macedo-

748 4828 932 4891 nibus,
961 4828 1052 4897 qui
1085 4828 1320 4881 maxime
1360 4829 1664 4882 tumultuati
1706 4828 1946 4898 fuerant,
1979 4836 2043 4885 ad
2082 4836 2179 4887 tria
2215 4835 2331 4888 mil-

749 4920 821 4975 lia
879 4922 1084 4974 traditi.
1133 4920 1392 4989 Corporis
1443 4932 1701 4991 praeterea
1760 4926 1890 4993 regii
1947 4928 2199 4981 custodes
2257 4943 2322 4983 ac

2436 4745 2515 4813 Τῇ
2540 4718 2598 4794 δέ
2622 4734 2960 4805 κατακομιδῇ
2989 4730 3178 4796 τῶνζὲν
3204 4725 3423 4787 Σούσοις
3453 4721 3752 4793 χρημάτων
3780 4718 4025 4813 ’Δντῗιγέ-

2574 4828 2752 4893 ἔταξε,
2783 4826 2878 4879 καὶ
2917 4822 3095 4891 τούτῳ
3121 4820 3229 4872 τῶν
3259 4814 3668 4871 στασιασάντων
3696 4810 4025 4865 Μακεδόνων

2436 4896 2561 4987 τοὺς
2592 4919 2827 4991 μάλιστα
2851 4910 3183 4985 τρισχιλίους
3210 4905 3518 4976 παρέδωκε.
3539 4896 4027 4970 Σωματοφύλακας

2032 5043 2114 5097 VA
2126 5042 2269 5098 RIIE
2313 5038 2609 5098 LECTION
2617 5034 2720 5093 ES.

830 5178 871 5211 “
896 5178 1075 5247 δόριον
1098 5176 1140 5230 A
1171 5175 1427 5247 εᾷδόρειον
1462 5192 1517 5238 ς·.
1552 5177 1731 5227 malim
1766 5175 1883 5247 οορί
1909 5194 1921 5229 :
1955 5176 2026 5247 cf.
2049 5175 2194 5232 Bast.
2224 5187 2515 5233 comment.
2546 5166 3141 5247 palaeograpli:_p_._
3222 5164 3264 5195 "
3288 5156 3633 5247 ξςξρατξξιίῖξν
3655 5152 4027 5247 Ᾱοηῗ-Ῐξςξξξ·

754 5249 912 5309 πείας
958 5245 1020 5311 ἐς.
1127 5248 1168 5278 "
1201 5245 1397 5315 ξύνορα
1432 5245 1960 5314 Παραπαμεισάδαις
2003 5246 2066 5299 A.

758 5335 876 5390 ρισε
903 5334 964 5381 ς.
1026 5318 1072 5348 ³⁸
1108 5316 1453 5385 Παμφυλίοις
1493 5332 1552 5379 ς.
1630 5316 1674 5346 ’⁸
1720 5316 2109 5385 Ἑλλήσποντον
2135 5336 2195 5382 ς.

2170 5249 2215 5279 ²⁰
2257 5248 2410 5321 παρὰ
2437 5250 2478 5303 A
2508 5265 2521 5301 :
2559 5245 2687 5316 περί
2722 5259 2784 5307 ς.

2886 5221 3143 5291 ἰ”ινδῶν
3176 5252 3237 5298 ς.
3299 5221 3519 5282 “fixit
3566 5244 3626 5290 ς.
3731 5224 3777 5256 ³³
3811 5221 4025 5289 ἐπεκώ-

2237 5405 2470 5463 ΝΟΤᾸΞ.

825 5509 940 5575 (52)
1000 5504 1244 5560 Philotas
1295 5521 1413 5560 eam
1470 5504 1686 5571 quidem
1743 5517 1905 5570 supra
1930 5510 2227 5575 acceperat
2277 5501 2332 5553 in

752 5572 842 5645 pr.
868 5572 930 5630 b.
958 5578 1077 5630 cod.
1108 5577 1316 5643 etapud
1351 5575 1649 5645 Dexippum
1681 5588 1804 5639 sup.
1842 5572 2089 5645 cod._8_5,
2134 5580 2188 5623 at
2214 5582 2335 5624 orto

756 5640 923 5700 duces
965 5648 1108 5700 inter
1150 5640 1399 5707 dissidio,
1433 5640 1659 5697 Philotae
1702 5646 1951 5710 adempta
1980 5640 2277 5694 Philoxeno
2304 5656 2335 5693 a

755 5715 1016 5770 Perdicca
1042 5721 1223 5769 datur.
1252 5714 1534 5768 Justin.ad
1553 5723 1859 5766 extremum
1896 5713 1989 5765 lib.
2008 5726 2108 5765 xu.
2137 5710 2333 5763 Eadem

753 5802 885 5851 ergo
922 5786 1221 5853 provincia,
1256 5784 1469 5840 sublato
1496 5782 1778 5851 Perdicca,
1809 5783 1973 5838 etiam
2014 5783 2082 5837 ab
2111 5779 2331 5850 Antipa-

758 5871 842 5913 ll‘O
876 5856 965 5913 hic
997 5855 1296 5913 Philoxeno
1327 5855 1703 5911 conﬁrmatur.

2513 5497 2629 5567 (53)
2670 5494 2751 5567 Ah
2793 5488 3074 5567 argenteis
3126 5486 3201 5543 ita
3251 5487 3456 5567 clypeis
3496 5479 4022 5567 appellatipquidam

2439 5552 2737 5623 Alexandri
2793 5552 2895 5616 ΜΓ
2916 5559 3137 5626 milites,
3185 5568 3243 5614 ut
3279 5552 3447 5613 refert
3488 5552 3736 5609 JuStinus
3770 5552 3867 5605 lib.
3920 5564 4021 5614 xu,

2438 5649 2493 5694 et
2527 5640 2823 5690 Athenaeus
2860 5631 2952 5685 lib.
2988 5647 3087 5686 xu.
3159 5699 3165 5700 ί
3435 5697 3447 5700 _
3582 5693 3605 5700 _
3686 5694 3699 5700 _
3744 5690 3763 5700 ,
3826 5688 3844 5700 ,
3926 5690 3958 5700 Α,

2510 5688 2937 5777 (δόλίϐιιεαιιιιει-
2979 5699 3265 5777 legendum
3314 5697 3546 5777 suadent
3568 5690 3784 5777 Latini,
3816 5688 4020 5777 J_ustiu.

2438 5788 2494 5836 et
2513 5760 2678 5835 ‘Cu'rt.
2715 5775 2938 5845 ipseque
2965 5760 3184 5827 Ar'rian.
3215 5784 3339 5839 sup.
3372 5768 3424 5824 in
3452 5782 3537 5839 pr.
3566 5764 3729 5838 huius
3752 5760 3879 5819 cod.
