4224 6442
196 404 304 479 313

1330 401 1860 463 BIBLIOTHECA.
1894 426 1965 436 -
1999 400 2166 462 COD.
2189 399 2375 462 XCII.

3359 397 3465 465 314

196 518 253 571 δὶ
280 514 380 569 τοῦ
406 511 677 583 βασιλέως
702 511 1006 566 Αὐτόλυκόν
1031 528 1093 567 τι
1122 510 1215 567 τὸν
1238 513 1634 582 Ἀγαθοκλέους
1666 516 1794 589 [128

1900 517 2190 587 stipatores
2241 512 2539 569 nominavit
2584 510 2931 582 Autolycnm,
2969 508 3285 582 Agathoclis
3322 509 3385 563 F.
3414 522 3471 566 et

199 605 294 679 5.]
324 605 494 660 παῖδα
520 606 617 660 καὶ
637 604 911 676 Ἀμύνταν
944 603 1035 658 τδν
1057 604 1411 677 Ἀλεξάνδρου
1443 609 1629 673 παῖδα,
1653 609 1792 661 usu.

201 700 397 752 κόστου
434 697 490 751 δέ
514 696 743 765 ἀδελφὸν
757 698 826 760 ³⁸,
854 697 947 750 καὶ
976 696 1313 765 Πτολεμαῖον
1340 699 1433 752 τὸν
1451 699 1791 770 Πτολεμαίου

202 792 293 843 καὶ
323 788 683 860 Ἀλέξανδρον
712 789 805 842 τὸν
840 787 1347 861 Πολυσπέρχοντος,
1376 792 1695 865 Κάσανδρον
1734 792 1793 848 δδ

202 879 291 933 τὸν
319 881 523 934 ἐαυτοῦ
544 881 709 934 παῖδα
734 881 1024 954 χιλιάρχην
1042 882 1143 953 τῆς
1173 883 1362 947 ῖππου,
1382 884 1483 955 τῆς
1509 884 1794 955 δυνάμεως

202 971 258 1023 δέ
288 970 397 1038 τῆς
428 970 666 1040 πρόσθεν
696 970 801 1025 dare
826 972 1102 1044 Περδίκκᾳ
1126 972 1463 1044 τεταγμένης
1486 974 1795 1043 Ἀντίγονον

204 1062 453 1130 ἡγεμόνα
484 1062 752 1132 ἀπέφηνε,
780 1066 872 1118 καὶ
901 1066 1073 1133 τούτῳ
1103 1064 1230 1128 τοὺς
1259 1064 1511 1135 βασιλέας
1538 1068 1795 1136 φρουρεῖν

202 1169 263 1203 τε
294 1154 394 1206 καὶ
426 1152 750 1223 θεραπεύειν
776 1156 1116 1226 προστάξας,
1146 1156 1239 1209 τὸν
1270 1156 1504 1226 πόλεμον
1543 1157 1658 1227 ἅμα
1704 1158 1796 1211 τὸν

207 1246 591 1321 πρὸςΑΕὐμένη
620 1246 1023 1316 διαπολεμῆσαι
1052 1247 1201 1320 αὑτῷ
1222 1249 1537 1320 αἱρουμένῳ
1567 1251 1798 1321 ἐπέτρε-

207 1318 711 1408 πενλΔντίπατρος
742 1340 799 1393 δὲ
824 1342 983 1403 αὐτὸς
1013 1318 1184 1395 πολλά
1210 1318 1337 1412 ςύπδ
1381 1318 1601 1396 πάντων
1633 1318 1798 1397 ἓνεκα

209 1431 438 1482 πάντων
464 1431 856 1502 ἐπαινούμενος
890 1433 977 1486 ἐπ’
996 1434 1147 1489 οῐκου
1174 1433 1459 1505 ἀνεχώρει.
1479 1434 1565 1487 Ἐν
1593 1431 1676 1499 οἷς
1706 1435 1800 1490 καὶ

210 1524 237 1573 ὁ
271 1521 318 1572 θ’
348 1521 532 1588 λόγος.

295 1613 356 1667 '0
404 1613 463 1667 δὲ
510 1615 738 1679 δέκατος
781 1614 1136 1686 διαλαμϐάνει
1174 1616 1250 1680 ὡς
1291 1618 1541 1690 Εὐμένης
1570 1619 1642 1673 τὰ
1673 1620 1801 1689 περὶ

211 1709 529 1775 Περδίκκαν
563 1709 768 1778 μαθὼν,
798 1710 880 1763 ὅτι
905 1711 1000 1764 καὶ
1017 1710 1060 1742 ’⁷
1087 1709 1346 1780 πολέμιος
1373 1711 1650 1783 ἐψηφίσθη
1677 1713 1799 1766 Ma-

214 1800 455 1860 κεδόσιν,
486 1801 581 1853 ἐπὶ
612 1800 849 1870 πόλεμον
878 1801 1336 1868 παρεσκευάζετο.
1369 1802 1477 1855 Kal
1510 1804 1586 1865 ὡς
1608 1802 1799 1856 Ἀλκέ-

1896 611 2183 681 Amyntam
2228 604 2522 662 Alexandri
2561 603 2623 660 F.
2665 603 2941 660 Peucesta
2979 602 3204 660 fratrem
3239 621 3256 659 :
3288 602 3471 659 Ptole-

1896 716 2090 756 meum
2128 699 2255 752 item
2289 696 2561 752 Ptolemel
2599 694 2663 750 F.
2693 704 2748 749 et
2782 692 3150 750 Alexandrum
3182 692 3472 765 Polysper-

1897 790 2115 847 chontis
2144 786 2209 843 ιτ.
2240 785 2575 843 Casandrum
2621 799 2752 841 vero
2797 798 2954 840 suum
3002 784 3194 851 lilium,
3228 786 3471 853 equitum

1896 878 2297 946 chiliarchum;
2343 878 2645 946 iisdemque
2686 876 2876 946 copiis,
2907 876 3105 945 quibus
3148 884 3305 930 antea
3342 874 3475 929 Per-

1899 975 2082 1031 diccas
2113 973 2425 1044 przfuerat,
2472 970 2800 1042 Antigonum
2829 968 3145 1038 praelectum
3171 965 3476 1032 constituit,

1900 1067 1987 1123 cui
2038 1067 2205 1121 etiam
2258 1079 2446 1133 regum
2499 1076 2687 1118 curam
2737 1060 3147 1127 custodiamque
3191 1058 3476 1121 mandans,

1903 1158 2105 1214 bellum
2153 1173 2276 1213 cum
2330 1156 2571 1211 Eumene
2622 1153 2916 1223 gerendum
2966 1161 3132 1220 atque
3180 1150 3480 1205 conticien-

1902 1250 2029 1303 dum
2069 1245 2271 1302 volenti
2322 1243 2619 1300 commisit.
2672 1242 2957 1310 Antipater
3002 1239 3155 1308 ipse,
3204 1236 3362 1291 valde
3413 1235 3483 1288 ab

1903 1340 2153 1394 omnibus
2202 1337 2274 1393 ob
2320 1352 2408 1392 res
2448 1336 2584 1391 bene
2632 1345 2813 1405 gestas
2848 1332 3122 1394 laudatus,
3153 1329 3371 1385 domum
3402 1341 3485 1381 re-

1904 1432 2085 1485 vertit.
2120 1429 2295 1498 Atque
2326 1429 2378 1482 in
2411 1427 2496 1482 his
2530 1438 2706 1481 nonus
2737 1422 3007 1479 clauditur
3035 1421 3198 1475 liber.

1977 1604 2230 1660 Decimus
2274 1619 2439 1673 porro
2484 1610 2673 1657 narrat
2717 1599 3051 1664 Eumenem,
3101 1596 3319 1664 cognito
3362 1609 3485 1663 qua

1904 1699 2183 1756 Perdicca:
2211 1698 2567 1759 accidissent,
2600 1708 2767 1764 seque
2795 1693 3004 1749 hostem
3036 1706 3067 1745 a
3100 1688 3484 1745 Macedonibus

1900 1793 2225 1863 iudicatum,
2254 1804 2375 1859 qua:
2414 1790 2481 1842 ad
2523 1786 2724 1842 bellum
2756 1793 2943 1841 essent
2973 1782 3302 1845 necessaria,
3331 1794 3486 1835 com—

214 1908 312 1953 τας
345 1893 376 1944 ό
410 1891 715 1960 Περδίκκου
744 1892 971 1961 ἀδελφὸς
1000 1892 1086 1946 διά
1113 1892 1287 1947 ταῦτα
1314 1894 1503 1963 ἔφυγε.
1535 1895 1645 1948 Καὶ
1672 1896 1802 1948 ’Ἀτ-

1915 1898 2157 1956 parasse,
2190 1892 2246 1938 et
2269 1881 2510 1937 Alcetam
2553 1879 2828 1934 Perdicca:
2874 1876 3124 1941 fratrem,
3165 1875 3291 1946 fuga
3339 1874 3487 1929 salu-

214 1981 381 2043 ταλος
400 1983 430 2034 ό
452 1982 555 2052 τῆς
576 1984 720 2036 κατά
735 1984 1094 2055 Ἀντιπάτρου
1117 1984 1357 2049 στάσεως
1382 1985 1599 2047 οὐδενὸς
1621 1986 1802 2057 φέρων

1912 1988 2017 2033 tem
2046 1979 2117 2032 ob
2147 1976 2263 2031 hac
2290 1975 2405 2045 ipsa
2437 1973 2741 2043 quaesiisse.
2775 1970 3011 2025 Attalum
3042 1984 3281 2041 quoque,
3308 1969 3399 2037 qui
3430 1968 3483 2020 in

215 2073 280 2124 τά
306 2072 568 2144 δεύτερα,
599 2075 695 2127 καὶ
725 2073 886 2137 αὐτὸς
919 2076 1107 2145 φυγὼν
1140 2076 1395 2147 συνέμιξε
1422 2080 1532 2141 τοῖς
1554 2078 1599 2110 ’⁸
1627 2078 1802 2141 ἀλλοις

1910 2068 2053 2124 civili
2111 2066 2181 2121 ab
2233 2066 2525 2137 Antipatro
2589 2062 2895 2119 defectione
2952 2062 3159 2116 nemini
3215 2060 3485 2115 secundus

217 2168 447 2235 φυγάσι.
484 2167 596 2219 Kal
643 2166 880 2237 συνήχθη
902 2169 1142 2240 Ἀττάλῳ
1194 2171 1458 2241 στρατὸς,
1495 2171 1652 2234 πεζοὶ
1710 2170 1802 2239 μὲν

1910 2161 2118 2223 fuerat,
2173 2158 2466 2229 fugientem
2516 2157 2723 2226 pariter
2770 2154 2983 2210 caeteris
3027 2168 3153 2209 sese
3200 2151 3483 2206 exsulibus

219 2260 430 2329 μύριοι,
466 2260 653 2321 ἱππεῖς
692 2260 749 2311 δὲ
784 2260 1112 2315 ὀκτακόσιοι.
1140 2261 1268 2332 [225
1300 2261 1391 2333 R.]
1428 2261 1538 2315 Kal
1577 2263 1652 2325 ὡς
1677 2264 1802 2315 ’Ἀτ-

1900 2243 2214 2317 ἠιίεειιὶεεε,
2265 2251 2673 2319 exercitumque
2725 2247 2939 2303 tandem
2989 2244 3276 2306 conﬂasse,
3332 2242 3484 2312 pedi-

214 2352 380 2414 ταλος
410 2351 509 2404 καὶ
538 2351 587 2404 οἱ
621 2351 718 2403 σὺν
749 2350 926 2420 αὐτῷ,
964 2352 1246 2405 ἐπιθέσθαι
1277 2353 1455 2423 Κνίδῳ
1487 2354 1581 2406 καὶ
1609 2353 1802 2424 Καύνῳ

1913 2357 2025 2401 tum
2075 2346 2259 2399 decem
2313 2343 2564 2405 millium,
2608 2341 2850 2412 equitum
2896 2338 3368 2407 octingentorum;
3419 2348 3485 2387 ac

218 2441 312 2492 καὶ
329 2440 557 2501 Ῥοδίοις
580 2441 1048 2511 ἐπιχειρήσαντες,
1082 2441 1187 2494 ὑπὸ
1216 2442 1436 2495 Ῥοδίων
1462 2444 1746 2514 καρτερῶς
1763 2447 1802 2476 ¹¹

1909 2454 2033 2494 cum
2091 2439 2177 2492 his
2224 2436 2472 2499 Cnidum,
2510 2435 2778 2497 Caunum,
2817 2440 2872 2487 et
2923 2430 3174 2484 Rhodum
3226 2428 3487 2481 invadere

217 2530 717 2603 ἀπεκρούσθησαν,,
764 2532 1096 2602 Δημαράτου
1150 2532 1553 2605 ναυαρχοῦντος
1601 2536 1802 2598 αὐτοῖς.

1910 2538 2219 2590 conantem,
2249 2541 2277 2579 a
2329 2526 2556 2581 Rhodiis
2604 2526 2839 2591 fortiter,
2880 2522 3171 2577 Demarato
3209 2520 3349 2589 apud
3392 2532 3487 2571 eos

218 2620 591 2691 Διαλαμϐάνει
638 2620 695 2673 δὲ
742 2622 833 2673 καὶ
879 2620 954 2685 ὡς
999 2622 1247 2691 Εὐμένης
1281 2625 1643 2696 Ἀντιπάτρου
1688 2626 1744 2689 ἐς
1765 2627 1802 2658 ⁸⁸

1910 2621 2103 2678 classis
2157 2620 2452 2689 praefecto,
2508 2618 2781 2687 repulsum
2836 2616 3021 2670 fuisse.
3079 2612 3265 2666 llefert
3318 2610 3482 2665 etiam

218 2712 446 2781 Σάρδεις
479 2712 648 2780 ἰόντος
678 2714 735 2776 ἐς
763 2716 951 2785 χεῖρας
970 2713 1148 2767 ἐλθεῖν
1168 2716 1335 2786 ἐγγὺς
1359 2712 1449 2787 ἦν,
1479 2718 1802 2787 Κλεοπάτρα

1911 2728 2101 2783 parum
2152 2710 2424 2774 abfuisse,
2480 2724 2600 2763 cum
2652 2708 2871 2763 Sardeis
2925 2714 3134 2773 peteret
3178 2702 3483 2767 Antipater,

216 2804 271 2856 δέ
312 2806 348 2871 ἡ
384 2803 482 2857 τοῦ
504 2803 853 2875 Ἀλεξάνδρου
887 2806 1108 2877 ἀδελφὴ,
1141 2808 1227 2862 ἵνα
1262 2808 1336 2878 μὴ
1366 2810 1423 2872 ἐς
1456 2809 1517 2862 τὸ
1552 2810 1663 2862 τῶν
1689 2812 1802 2863 Μα-

1909 2805 2037 2874 quin
2069 2804 2135 2857 ad
2174 2817 2365 2857 manus
2394 2815 2518 2856 cum
2550 2815 2615 2854 eo
2646 2798 2916 2853 Eumenes
2948 2796 3180 2850 venerit.
3228 2796 3293 2847 At
3326 2792 3485 2847 Cleo-

216 2897 457 2950 κεδόνων
512 2897 715 2965 πλῆθος
762 2899 819 2950 ἐν
865 2899 1083 2970 διαϐολῇ
1104 2900 1147 2931 ³¹
1192 2900 1418 2969 γένηται
1448 2900 1521 2964 ὡς
1550 2902 1688 2970 αὑτὴ
1716 2902 1802 2955 τὸν

1909 2908 2118 2967 patram
2149 2895 2442 2949 Alexandri
2472 2906 2717 2949 sororem
2763 2891 2853 2962 (ne
2890 2889 3029 2942 forte
3064 2889 3204 2956 apud
3234 2885 3484 2939 Macedo-

218 2989 463 3056 πόλεμον
495 2988 679 3052 αὐτοῖς
713 2992 1009 3058 ἐπάγουσα,
1045 2993 1303 3061 παραινεῖ
1350 2993 1444 3045 xal
1494 2992 1672 3046 πείθει
1707 2994 1802 3046 Εὑ-

1912 3006 2037 3043 num
2067 2990 2275 3057 vulgus,
2308 2986 2460 3057 quasi
2512 2986 2632 3040 belli
2672 2985 2804 3053 ipsis
2854 2997 3017 3036 causa
3062 2981 3219 3046 foret,
3271 2979 3322 3031 in
3360 2977 3484 3031 cri-

220 3078 359 3147 μένη
389 3080 750 3147 ἀποχωρῆσαι
776 3078 882 3131 τῶν
906 3080 1174 3149 Σάρδεων.
1193 3080 1333 3132 Ἀλλ’
1355 3082 1502 3149 ὅμως
1530 3082 1683 3135 οὐδὲν
1710 3078 1802 3153 ἦτ-

1912 3097 2035 3135 men
2090 3080 2178 3133 illa
2234 3076 2541 3147 vocaretur)
2588 3076 2823 3130 suasisse
2877 3089 2941 3127 ac
2990 3070 3330 3142 persuasisse
3378 3070 3484 3122 Eu-

216 3184 308 3220 τον
334 3170 366 3221 ό
389 3169 747 3237 Ἀντίπατρος
772 3171 1217 3242 παραγενόμενος
1237 3171 1406 3242 αὐτὴν
1424 3173 1740 3237 ἐπωνείδιζε
1761 3176 1802 3208 ³¹

1914 3172 2080 3236 meni,
2115 3170 2377 3225 Sardibus
2424 3180 2484 3223 ut
2534 3168 2871 3223 abscederet.
2919 3165 3261 3234 Antipatrum
3306 3171 3485 3215 tamen

215 3258 316 3325 τῆς
348 3258 410 3320 ἐς
443 3257 661 3327 Εὐμένη
688 3259 783 3311 καὶ
813 3259 1118 3328 Περδίκκαν
1149 3260 1352 3328 φιλίας.
1402 3260 1466 3314 Ἦ
1495 3261 1551 3313 δὲ
1581 3263 1719 3334 πρός
1748 3282 1802 3317 τε

1910 3278 2029 3318 eam
2072 3261 2211 3332 72b
2254 3259 2607 3314 nihilominus
2639 3272 2762 3311 cum
2822 3254 3152 3315 advenisset,
3188 3252 3257 3305 ob
3297 3251 3488 3302 amici-

215 3347 393 3399 ταῦτα
452 3349 707 3418 κρεῖσσον
755 3350 787 3419 ἦ
838 3350 980 3403 κατὰ
1025 3353 1259 3419 γυναῖκα
1308 3350 1664 3421 ἀπελογεῖτο,
1714 3355 1802 3408 καὶ

1911 3356 2062 3421 tiam,
2106 3354 2535 3422 societatemque
2573 3342 2697 3405 curii
2738 3348 2978 3402 Eumene
3011 3356 3176 3414 atque
3205 3343 3484 3404 Perdicca,

1910 3465 2015 3503 non
2043 3447 2161 3502 sine
2190 3446 2400 3517 probris
2429 3454 2591 3513 atque
2615 3442 2879 3497 conviciis
2905 3438 3238 3507 increpuisse
3266 3454 3280 3489 :
3307 3435 3483 3489 illam-

1912 3556 2039 3610 que,
2084 3554 2243 3607 supra
2292 3553 2451 3607 quam
2510 3537 2578 3590 ab
2624 3550 2690 3589 eo
2728 3548 2858 3588 sexu
2896 3531 3200 3601 exspectari
3252 3538 3486 3598 poterat,

1910 3644 2031 3685 sese
2060 3628 2365 3683 defendisse
2403 3625 2615 3694 aliaque
2658 3624 2888 3693 plurima
2924 3621 3167 3675 vicissim
3195 3618 3480 3687 objecisse,

1912 3737 1974 3776 ac
2004 3724 2217 3776 tandem
2253 3729 2474 3789 pacatos
2522 3731 2617 3772 eos
2656 3718 3000 3770 discessisse.
3048 3714 3341 3767 Eumenem
3384 3721 3484 3761 nec

1912 3818 2133 3882 opinato
2183 3812 2237 3865 in
2287 3812 2587 3863 vicinorum
2640 3821 2828 3862 eorum
2882 3819 3095 3874 agrum,
3127 3802 3219 3871 qui
3267 3800 3315 3855 ei
3370 3816 3479 3856 non

1913 3912 2196 3973 parerent,
2262 3901 2650 3971 irrumpentem
2715 3911 2837 3951 cum
2914 3895 3148 3966 praedam
3231 3906 3480 3961 magnam

1912 3996 2122 4063 egisse,
2186 4005 2296 4046 tum
2358 3990 2602 4060 pecunia:
2662 4003 2909 4055 magnam
2987 3987 3092 4040 vim
3154 3984 3481 4053 diripuisse,

1913 4086 2111 4155 quibus
2168 4084 2258 4138 ille
2320 4098 2477 4138 suum
2532 4080 2834 4136 exercitum
2902 4090 3228 4146 magnopere
3276 4074 3481 4128 ditarit.

1914 4178 2146 4231 Nuntios
2200 4176 2419 4244 insuper
2476 4174 2541 4226 ad
2595 4171 2840 4225 Alcetam
2887 4169 3112 4239 ejusque
3161 4167 3339 4221 socios
3383 4165 3484 4218 mi-

1916 4271 2075 4331 sisse,
2106 4267 2198 4336 qui
2240 4267 2424 4335 c0pias
2463 4278 2653 4318 omnes
2684 4262 2734 4315 in
2786 4277 2948 4314 unum
2985 4261 3278 4321 adducere,
3320 4267 3483 4324 atque

1836 3213 1878 3271 C

215 3439 393 3491 πολλά
424 3438 563 3492 ἀλλα
594 3440 949 3494 ἀντεπεκάλει
966 3442 1009 3473 ³³
1029 3458 1042 3472 °
1075 3442 1224 3505 τέλος
1247 3442 1303 3495 δὲ
1328 3444 1618 3516 εἰρηνικῶς
1644 3446 1811 3519 ἀλλή-

215 3530 322 3583 λων
355 3531 909 3600 άπηλλάγησαν.”υτι
933 3534 1181 3604 Εὐμένης
1201 3535 1443 3588 ἐπελθὼν
1465 3539 1809 3611 ἀπροσδόκη-

214 3638 309 3684 τος
328 3621 377 3652 ³⁸
409 3624 523 3684 τοῖς
552 3623 651 3692 οὐχ
684 3624 775 3676 ὑπ’
804 3625 955 3694 αὐτῷ
976 3626 1339 3697 προσχώροις,
1375 3630 1469 3681 καὶ
1501 3630 1651 3684 λείαν
1676 3632 1806 3684 πολ-

214 3712 314 3781 λὴν
343 3714 442 3765 καὶ
473 3713 733 3783 χρήματα
757 3714 1054 3779 συλλαϐὼν,
1082 3717 1173 3771 τὸν
1193 3718 1391 3771 οίκεῖον
1421 3721 1649 3790 στρατὸν
1672 3738 1809 3774 κατ-

215 3805 972 3874 επλούτει.Διαπρεσϐεύεται
1002 3808 1058 3860 δέ
1090 3810 1185 3862 καὶ
1214 3810 1405 3879 πρδς³⁸
1431 3811 1690 3866 Ἀλκέταν
1720 3814 1813 3867 καὶ

214 3897 342 3958 τοὺς
376 3897 477 3949 σὺν
499 3897 669 3967 αὐτῷ,
700 3899 759 3961 ἐς
784 3898 984 3952 ταυτὸν
1012 3900 1109 3963 τὰς
1130 3902 1395 3972 δυνάμεις
1420 3908 1749 3973 συναγαγεῖν
1768 3907 1812 3938 ³⁸

216 3985 412 4049 ἀξιῶν,
436 3989 536 4040 καὶ
566 3988 709 4041 οὕτω
736 3992 851 4052 τοῖς
880 3994 1078 4055 κοινοῖς
1099 3992 1314 4063 ἐχθροῖς
1348 3996 1638 4065 μάχεσθαι’
1666 3999 1811 4063 οίδὲ,

214 4078 393 4130 ἄλλων
416 4077 555 4131 ἀλλα
582 4079 1143 4152 συμϐουλευσαμένων
1163 4084 1227 4147 ³⁷,
1251 4084 1401 4149 τέλος
1423 4088 1483 4139 οὐ
1514 4088 1811 4144 πείθονται.

214 4167 342 4221 Ὀτι
357 4166 715 4237 Ἀντίπατρος
730 4170 963 4239 Εὐμένει
983 4173 1080 4242 μὲν
1104 4175 1363 4243 πολεμεῖν
1384 4176 1521 4240 τέως
1540 4178 1639 4231 οὐκ
1652 4180 1815 4249 ἐθάρο

214 4263 324 4330 ρει,
345 4260 489 4313 κατά
503 4261 560 4313 δὲ
572 4262 828 4316 Ἀττάλου
845 4266 939 4316 καὶ
962 4265 1193 4320 Ἀλκέτα
1211 4268 1419 4336 πέμπει
1436 4270 1815 4341 πολεμήσοντα

215 4356 529 4423 Ἄσανδρον
544 4354 620 4386 ³⁸·
658 4358 751 4409 καὶ
802 4358 1131 4429 ἀγχωμάλου
1163 4360 1263 4429 τῆς
1298 4360 1478 4431 μάχης
1507 4364 1802 4434 γεγενημέ-

1918 4362 1991 4415 ita
2025 4360 2228 4427 junctis
2278 4359 2483 4411 viribus
2521 4368 2860 4409 communem
2911 4352 3123 4405 hostem
3170 4362 3484 4417 oppugnare

212 4467 313 4519 νης
332 4450 378 4482 ³’
414 4453 647 4517 ἡττᾶται
669 4454 1118 4524 Ἀσανδρος.”οτι
1151 4456 1469 4527 διαφέρεται
1496 4459 1802 4529 Κάσανδρος

1918 4456 2188 4519 rogarent.
2239 4447 2363 4501 Illos
2407 4460 2537 4500 vero
2583 4442 2705 4497 aliis
2753 4440 2896 4493 aliud
2950 4440 3324 4502 suadentibus,
3364 4448 3484 4489 tan—

211 4541 357 4609 πρὸς
382 4542 713 4611 Ἀντίγονον,
764 4546 859 4598 καὶ
900 4546 1135 4601 παύεται
1180 4549 1630 4620 Κάσανδρος.τῆς
1664 4528 1802 4604 κατὰ

1912 4541 2031 4593 deni
2064 4538 2287 4591 minime
2316 4550 2439 4616 esse
2477 4546 2751 4587 assensus.
2793 4530 3138 4599 Antipatrum
3173 4528 3318 4581 addit
3355 4542 3477 4578 cum

226 4633 543 4701 Ἀντιγόνου
589 4636 817 4700 ἀταξίας
851 4636 1210 4709 Ἀντιπάτρου
1240 4638 1335 4692 τοῦ
1374 4618 1802 4711 πατρὸςῗδιακω·

1908 4633 2152 4686 Eumene
2210 4640 2448 4697 pugnare
2496 4626 2673 4678 adhuc
2726 4637 2831 4675 non
2882 4636 3097 4687 ausum,
3138 4618 3356 4671 misisse
3396 4627 3480 4697 ta-

210 4722 699 4795 λύσαντος.”ομως
724 4727 817 4780 οὖν
845 4731 871 4782 ό
895 4731 1228 4801 Κάσανδρος,
1253 4732 1383 4802 περὶ
1404 4733 1643 4803 Φρυγίαν
1669 4749 1807 4802 συμ-
1906 4739 2028 4778 men
2078 4721 2387 4775 Asandrum
2430 4717 2580 4786 (55),
2649 4715 2758 4784 qui|
2802 4729 2922 4769 cum
2968 4711 3152 4766 Attalo
3189 4720 3352 4779 atque
3388 4711 3482 4762 Al-

213 4814 399 4868 ϐαλὼν
452 4815 527 4885 τῷ
575 4818 764 4887 πατρὶ,
796 4820 1079 4874 ἀναπείθει
1110 4823 1248 4890 μήτε
1277 4822 1468 4892 πόρῤω
1513 4823 1621 4877 τῶν
1654 4823 1802 4893 βασι-

1907 4825 2023 4872 ceta
2055 4814 2359 4868 dimicaret.
2393 4812 2670 4865 Certatum
2703 4822 2825 4861 esse
2867 4806 2955 4860 hic
2986 4820 3139 4873 aquo
3185 4817 3476 4871 propemo-

209 4904 354 4957 λέων
381 4907 691 4977 ἀποχωρεῖν
720 4910 816 4961 καὶ
846 4910 1150 4979 Ἀντίγονον
1184 4912 1251 4965 δι’
1279 4915 1531 4977 ὑπονοίας
1562 4915 1728 4984 ἔχειν.
1746 4916 1802 4969 '0

1907 4910 2031 4963 dum
2066 4905 2236 4959 Marte
2268 4922 2282 4957 :
2314 4904 2394 4957 sic
2426 4912 2629 4965 tamen,
2656 4908 2715 4952 ut
2743 4896 2972 4951 inferior
3000 4896 3248 4948 Asander
3278 4894 3481 4946 disces-

210 4996 271 5048 δὲ
296 4999 366 5066 τῇ
398 5014 459 5048 τε
491 5002 929 5075 μετριοςρροσύνῃ
976 5006 1069 5058 καὶ
1112 5008 1178 5075 τῇ
1226 5005 1362 5076 ἀλλῃ
1408 5006 1676 5079 θεραπείᾳ
1710 5009 1802 5062 καὶ

1905 4999 2055 5054 serit.
2103 4996 2438 5051 Casandrum
2484 4991 2668 5046 adlimc
2709 4990 2776 5043 ab
2811 4988 3082 5056 Antigono
3124 4984 3475 5045 dissensisse,

210 5088 387 5159 ἀρετῇ
420 5090 512 5141 τὸν
556 5090 782 5145 δυνατὸν
809 5095 1012 5166 τρόπον
1044 5096 1220 5149 διέλυε
1251 5075 1359 5166 τὴν
1383 5075 1660 5151 ὑπόνοιανξ
1694 5100 1802 5152 Kal

1905 5107 2092 5148 verum
2124 5088 2286 5141 animi
2319 5084 2803 5155 perturbationem,
2835 5081 3122 5148 Antipatro
3153 5086 3304 5144 patre
3336 5075 3474 5128 inhi-

221 5178 585 5251 Ἀντίπατρος
626 5165 974 5250 ἐπικλασθεὶς
1006 5188 1103 5256 τῆς
1156 5204 1217 5240 τε
1265 5165 1620 5258 ξυνδιαϐάσης
1650 5189 1800 5260 αὐτῷ

1909 5185 2072 5239 bente
2114 5178 2449 5249 deposuisse.
2496 5175 2648 5244 Apud
2690 5171 2978 5242 Phrygiam
3027 5169 3223 5225 deinde
3266 5165 3475 5221 Casan-

1494 5325 1733 5381 VARIE
1757 5318 2162 5379 LECTIONLS.

211 5474 223 5483 ,
274 5404 334 5483 ξ’
366 5402 425 5457 δὲ
452 5405 552 5483 ’Ξξῖ
598 5408 829 5483 ἀδελερὸν
851 5412 939 5483 Δγ
994 5413 1040 5444 ’⁷
1078 5416 1175 5468 καὶ
1206 5418 1290 5470 ὅτι
1316 5419 1362 5471 A
1396 5436 1410 5474 :
1438 5420 1519 5472 ὅτι
1555 5420 1650 5472 καὶ
1672 5437 1732 5483 ς.
1812 5418 1858 5450 ⁸⁸
1915 5411 2051 5483 τοῖς]
2080 5411 2175 5464 καὶ
2216 5410 2414 5483 τοῖςς-
2490 5406 2535 5439 ’⁸
2569 5402 2853 5483 κρετξρῶς
2875 5419 2936 5483 ς·
2992 5472 3003 5483 _
3036 5400 3082 5433 ³⁸
3117 5399 3197 5462 είς
3228 5416 3290 5483 9;
3314 5399 3393 5483 εἶθ
3414 5404 3473 5482 ξεί

212 5470 383 5556 infra.
463 5474 592 5556 'ffw
634 5469 877 5556 ’διαϐολῇ
916 5482 959 5535 A
984 5500 1033 5556 εὴ
1058 5469 1284 5556 διαϐολὴν
1446 5469 1517 5522 *δέ
1548 5469 1789 5553 ὧῖέεόἱςε
1819 5506 1880 5552 ς.
1980 5469 2050 5516 ³⁵³
2076 5469 2422 5556 ἀντενεκάλει
2468 5494 2549 5556 ς’.Δ
2611 5469 2681 5507 ’³⁵
2705 5469 3125 5556 ἀξροσδοκῄτως
3160 5499 3232 5509 -
3251 5470 3346 5556 ἐπ’
3371 5469 3473 5521 αὐ-

208 5542 358 5681 :12,“
340 5560 389 5675 Cc
386 5581 402 5595 -
432 5543 525 5676 ςῗ³
554 5551 691 5616 πρὸς
713 5539 916 5607 οω.ᾌ.
992 5555 1038 5585 ³⁸
1074 5539 1459 5626 ἀναγαγεῖν-ς.
1540 5560 1585 5590 ³⁷
1609 5539 2058 5630 βουλευσαμένων
2087 5568 2149 5615 ς.
2246 5550 2289 5581 ⁸⁸
2313 5539 2644 5617 ’Ἀσσανδρον
2672 5554 2727 5601 et
2761 5539 3093 5613 ’Ἀσσανδρος
3122 5558 3182 5606 ς.
3249 5539 3295 5573 ³⁹
3318 5555 3474 5609 γενο-

1796 5708 1975 5766 ΟΤιλΕ.

1796 5712 1975 5766 ΟΤᾹΞ.

290 5800 406 5873 (55)
434 5801 532 5858 Cui
581 5800 745 5860 Caria
798 5802 1074 5870 provincia
1126 5803 1447 5872 obvenerat,
1481 5816 1538 5862 ut
1586 5808 1673 5864 bic
1719 5712 1794 5863 alii
1816 5822 1939 5879 pag.
1976 5806 2100 5873 127,
2137 5814 2190 5863 ct
2222 5805 2494 5876 Dexippus
2526 5818 2649 5875 pag.
2686 5802 2789 5858 illi
