4224 6442
764 362 873 425 315

1922 364 2184 426 ΡΙῙΟΤΙΙ
2211 362 2716 425 ΡΑΤΗΙΑΒΟΗᾹΞ
2748 362 2858 423 CP.

3937 362 4042 430 316

761 484 917 533 drum
963 494 1085 533 cum
1129 487 1358 548 parente
1402 493 1779 548 congressum,
1812 496 1881 535 ne
1913 497 1942 535 a
1978 484 2195 553 regibus
2228 483 2336 536 lon-

2448 482 2505 542 ἐς
2532 481 2634 549 τὴν
2660 479 2848 533 Ἀσίαν
2873 479 3157 547 δυνάμεως
3184 474 3388 542 πεζοὺς
3428 475 3529 547 μὲν
3559 476 3850 547 ιπιτρέπει
3890 481 4043 551 αὐτῷ

758 574 882 641 gius
909 573 1234 635 discederet,
1265 572 1360 627 sed
1387 574 1717 642 Antigonum
1750 584 2058 641 suspectum
2094 576 2344 639 haberet,

763 666 1037 717 hortatum
1068 679 1210 719 esse.
1245 664 1397 717 Illum
1430 681 1560 719 vero
1590 680 1713 719 cum
1757 674 2054 734 temperata
2091 682 2187 720 sua
2218 683 2344 736 pru-

757 755 970 818 do-ntia,
998 765 1111 808 tum
1140 756 1307 808 variis
1332 755 1609 824 obsequiis
1635 766 1801 827 atque
1846 758 2139 812 virtutibus
2164 759 2347 826 suspi-

758 847 975 900 cionem
1013 864 1110 917 pro
1136 848 1277 903 virili
1309 848 1614 905 sustulisse.
1645 849 1947 919 Mitigatum
1982 851 2163 919 itaque
2190 852 2345 904 Anti-

761 951 996 1008 patrum,
1031 942 1097 995 de
1124 941 1228 995 illis
1258 942 1451 1011 copiis,
1487 958 1621 1011 quas
1650 942 1705 996 in
1740 943 1924 997 Asiam
1954 959 2138 998 secum
2167 954 2346 999 trans-

760 1041 1005 1096 vexerat,
1058 1031 1298 1099 peditum
1341 1032 1419 1085 illi
1461 1032 1779 1105 [Antigono]
1817 1032 2149 1090 Macedonici
2180 1050 2347 1104 gene-

761 1126 841 1177 ris
884 1134 1009 1177 octo
1050 1124 1219 1177 millia
1267 1132 1321 1177 et
1365 1124 1694 1194 quingentos
1745 1125 2059 1189 tradidisse,
2101 1128 2343 1196 equitum

763 1228 892 1268 vero
926 1226 1275 1268 externorum
1324 1230 1510 1283 parem
1564 1232 1845 1270 numerum
1880 1235 1893 1270 :
1927 1216 2343 1285 elephantorum

761 1321 979 1374 quoque
1011 1307 1287 1360 dimidiam
1334 1318 1569 1375 partem,
1613 1309 1663 1363 id
1702 1318 1785 1362 est
1821 1309 2200 1377 septuaginta;
2236 1324 2344 1377 quo

762 1396 976 1451 facilius
1012 1398 1208 1450 bellum
1248 1413 1371 1451 cum
1405 1398 1642 1452 Eumene
1675 1398 1985 1456 conﬁceret.
2015 1397 2090 1452 lta
2118 1398 2346 1468 Antigo-

758 1501 890 1540 num
938 1488 1134 1543 bellum
1173 1490 1273 1543 hoc
1308 1490 1696 1544 administrare
1749 1505 2000 1545 exorsum
2036 1507 2155 1546 esse
2185 1508 2200 1545 :
2234 1492 2343 1545 An-

761 1580 1023 1645 tipatrum
1069 1595 1221 1644 vero,
1254 1582 1492 1647 acceptis
1524 1582 1762 1650 regibus,
1794 1582 2118 1649 ceterisque
2148 1584 2342 1650 copiis,

762 1675 1018 1734 tanquam
1089 1669 1141 1722 in
1203 1668 1579 1722 Macedoniam
1654 1670 2009 1736 traiecturum
2083 1669 2343 1725 abivisse.

2448 572 2770 633 Μακεδόνας
2818 570 3256 640 ὀκτακισχιλίους
3308 569 3406 623 καὶ
3462 570 3894 635 πεντακοσίους,
3946 576 4044 627 καὶ⁵

2448 663 2652 725 ἱππέας
2686 663 2797 716 τῶν
2830 662 3034 733 ἑτέρων
3050 663 3097 695 ⁸⁸
3135 663 3304 725 ίσους,
3346 660 3649 728 ἐλέφαντας
3678 661 3736 713 δὲ
3757 660 3871 715 τῶν
3900 666 4040 715 πᾶν.

2444 771 2553 807 των
2601 756 2729 817 τοὺς
2773 755 3011 824 ήμὶσεας
3038 761 3103 819 o',
3136 753 3212 816 ὼς
3259 756 3390 824 ῥᾷον
3430 753 3887 823 διαπολεμήσειεν
3917 754 4043 825 [129

2445 844 2537 916 ιι]
2584 846 2679 899 τὸν
2736 845 2874 917 πρὸς
2906 845 3126 915 Εὐμένη
3172 846 3431 915 πόλεμον.
3462 844 3908 912 ΚαὶἋντὶγονος
3943 846 4044 913 μιν

2442 933 2541 987 τοῦ
2575 934 2816 1004 πολέμου
2848 935 3076 1005 ἥπτετο,
3093 933 3451 1004 Ἀντίπατρος
3490 932 3548 986 δὲ
3580 932 3871 987 ἀναλαϐὼν
3913 934 4045 996 τοὺς

2449 1026 2689 1097 βασιλεῖς
2714 1027 2812 1080 καὶ
2839 1026 2940 1092 τὴν
2967 1026 3136 1096 ἄλλην
3162 1025 3393 1095 δύναμιν
3418 1025 3505 1095 ᾔει
3533 1026 3613 1088 ὡς
3655 1026 4046 1097 περαιωσόμε-

2444 1136 2534 1181 νος
2559 1119 2709 1170 tul.“
2744 1118 3103 1172 Μακεδονίαν.
3148 1119 3260 1171 Καὶ
3302 1118 3587 1181 στασιάζει
3617 1119 3779 1172 πάλιν
3806 1118 3836 1172 ό
3868 1136 4046 1188 στρα-

2444 1209 2558 1273 τὸς,
2588 1208 2759 1263 αἱτῶν
2784 1209 2856 1263 τά
2881 1210 3161 1278 χρήματα.
3179 1207 3539 1279 ’Δντὶπατρος
3556 1208 3635 1274 δὲ,
3661 1210 3885 1263 ἐπειδὰν
3909 1209 4046 1281 ἔλθῃ

2444 1303 2526 1364 εἱς
2556 1299 2786 1353 Ἀϐυδον
2803 1337 2821 1363 ,
2849 1300 3171 1370 ὡμολόγησε
3188 1300 3232 1329 ⁵³
3274 1304 3486 1368 ποριεῖν
3513 1302 3656 1354 αὐτὰ
3675 1340 3691 1363 ,
3724 1303 3819 1354 καὶ
3845 1302 4045 1355 δώσειν

2444 1392 2608 1461 τυχὸν
2641 1394 2737 1462 μὲν
2768 1391 2968 1455 πάντα,
2994 1392 3092 1461 ὅση
3142 1392 3175 1460 ή
3223 1389 3425 1460 δωρεὰ,
3454 1393 3502 1444 εἱ
3548 1393 3606 1445 δὲ
3651 1394 3750 1464 μὴ,
3785 1394 3885 1463 τήν
3909 1409 3975 1460 γε
3996 1394 4044 1423 ⁸³

2444 1486 2728 1556 πλείστην.
2765 1486 2873 1538 Καὶ
2901 1483 3128 1545 ταύταις
3154 1482 3353 1545 αὐτοὺς
3389 1486 3509 1546 ταῖς
3538 1484 3753 1537 ἐλπίσιν
3793 1486 4043 1553 ἀναρτή-

2446 1593 2568 1640 σας,
2619 1577 3007 1638 άστασιάστως
3023 1574 3068 1606 ⁸⁸
3120 1576 3181 1627 τὸ
3231 1574 3419 1628 λοιπὸν
3472 1575 3884 1644 καταλαμϐάνει
3937 1575 4043 1644 τὴν

2449 1668 2701 1721 Ἄϐυδον.
2720 1668 2867 1719 Ἐκεῖ
2899 1666 2956 1719 δὲ
2981 1666 3145 1737 τέχνῃ
3177 1667 3403 1731 τούτους
3418 1667 3465 1699 ⁵⁸
3486 1668 4040 1738 παρακρουσάμενος,

756 1756 926 1809 Addit
984 1759 1180 1812 iterum
1240 1761 1309 1812 ibi
1367 1760 1756 1815 tumultuantes
1813 1761 2011 1817 milites
2059 1763 2336 1831 pecuniam

2444 1758 2638 1821 νυκτὸς
2671 1758 2788 1828 ἅμα
2832 1760 2947 1820 τοῖς
2978 1756 3262 1827 βασιλεῦσι
3317 1757 3647 1829 περαιοῦται
3675 1760 3769 1811 τὸν
3805 1760 4041 1827 Ἑλλήσ-

759 1850 1083 1917 postulasse,
1112 1853 1572 1920 Antipatrumque
1598 1852 1934 1920 promisisse.
1962 1825 2071 1907 ubi-
2090 1853 2336 1923 Abydum

2444 1867 2642 1903 ποντον
2675 1825 2830 1920 παρὰ
2874 1825 3211 1921 Λυσίμαχον.
3249 1851 3329 1922 Τῇ
3450 1852 3716 1921 ὑστεραίᾳ
3762 1852 3856 1903 καὶ
3880 1825 4042 1903 αὐτοὶ

757 1942 1116 2007 pervenisset,
1148 1942 1296 1995 illam
1344 1957 1465 1995 sese
1502 1952 1822 1996 euraturum
1874 1943 2336 2011 prmbiturumque

2442 1942 2883 2012 ἐπεραιώθησαν,
2910 1942 3051 2011 ὑπὲρ
3075 1943 3176 2013 τῆς
3206 1944 3560 2012 ἀπαιτήσεως
3587 1941 3697 1994 τῶν
3733 1942 4042 2011 χρημάτων

755 2029 989 2083 fortasse
1017 2031 1333 2085 donativum
1366 2031 1681 2086 universum
1721 2049 1736 2086 :
1774 2032 1857 2085 sin
1899 2046 2047 2093 vero,
2077 2030 2336 2099 majorem

2442 2033 2763 2103 παραυτίκα
2792 2035 3192 2103 ήσυχάσαντες.
3210 2034 3302 2089 Ἐν
3334 2028 3416 2098 οἷς
3443 2036 3536 2087 καὶ
3559 2032 3655 2087 τοῦ
3682 2034 3913 2087 δεκάτου
3946 2033 4042 2087 λόι-

756 2132 906 2173 rerte
957 2132 1168 2189 partetn
1220 2133 1562 2190 accepturos.
1612 2122 1725 2176 Hac
1768 2136 1898 2192 ergo
1938 2138 2034 2192 spe
2082 2123 2333 2190 laetatos,

2442 2142 2543 2194 γου
2572 2126 2634 2179 τὸ
2661 2126 2838 2189 τέλος.

753 2213 960 2283 absque
1024 2215 1293 2270 seditione
1355 2218 1610 2286 deinceps
1661 2218 1911 2288 Abydum
1976 2232 2147 2286 usque
2205 2214 2559 2286 perduxisse;
2596 2220 2739 2274 unde
2814 2220 2929 2289 ipse
2980 2229 3143 2276 noctu
3217 2220 3482 2290 (deceptis
3543 2230 3668 2275 astu
3747 2218 4041 2288 militibus)

754 2326 859 2363 una
909 2326 1031 2365 cum
1079 2315 1299 2383 regibus
1353 2312 1781 2383 Hellespontum,
1827 2315 1894 2367 ad
1945 2313 2347 2385 Lysymacbum
2389 2316 2668 2385 trajecerit
2717 2336 2731 2372 :
2771 2318 3037 2386 postridie
3105 2330 3235 2385 ergo
3321 2317 3440 2385 ejus
3488 2318 3617 2382 diei,
3666 2317 3829 2371 etiam
3886 2317 4041 2388 ipsos

753 2405 1058 2471 trausiisse,
1094 2406 1160 2460 de
1197 2406 1425 2474 pecunia
1473 2409 1743 2475 poscenda
1797 2408 1850 2461 in
1900 2422 2140 2476 presens
2182 2408 2551 2477 quiescentes.
2587 2414 2764 2479 Atque
2800 2411 2906 2465 hoc
2940 2409 3061 2464 libri
3094 2409 3292 2465 decimi
3324 2420 3633 2465 extremum
3666 2420 3770 2465 est.

824 2536 916 2591 Est
945 2554 1075 2593 sane
1100 2542 1333 2609 scriptor
1356 2543 1442 2594 hic
1471 2543 1673 2596 nemini
1704 2558 1893 2597 eorum
1933 2544 2025 2612 qui
2056 2544 2339 2599 historiam

2524 2545 2678 2597 Ἐστι
2714 2543 2814 2614 μὲν
2857 2539 2950 2597 οὖν
2996 2543 3083 2596 6⁵⁸
3111 2545 3251 2615 ἀνὴρ
3278 2545 3491 2607 οὐδενὸς
3532 2546 3644 2597 τῶν
3679 2546 3880 2616 ἄριστα
3910 2564 4032 2601 συνο

751 2631 955 2699 optime
1010 2643 1409 2687 contexuerunt
1460 2638 1884 2703 postponeudus.
1916 2636 2057 2706 73a
2114 2637 2251 2690 Nam
2288 2646 2336 2713 et

2445 2638 2765 2706 ταξαμένων
2796 2640 3037 2708 ἱστορίας
3059 2639 3311 2708 δεύτερος
3328 2657 3343 2669 ·
3371 2640 3702 2707 ἀπαγγεῖλαί
3726 2657 3784 2693 τε
3808 2645 3917 2713 γάρ
3942 2645 4041 2695 καὶ

752 2723 1123 2778 narrationum
1186 2726 1455 2779 brevitate
1511 2736 1751 2795 praestat,
1792 2736 1846 2779 et
1896 2727 2221 2796 importunis
2257 2729 2339 2782 di-

751 2814 1145 2881 gressionibus,
1201 2826 1294 2869 aut
1328 2817 1519 2870 crebra
1564 2817 1902 2885 parenthesi,
1959 2820 2332 2874 continentem

751 2903 995 2958 historia:
1026 2915 1268 2960 tenorem
1315 2908 1536 2961 minime
1571 2910 1735 2963 laedit.
1757 2910 1948 2965 Decori
1996 2911 2216 2980 insuper
2239 2911 2335 2965 ob-

2448 2730 2586 2799 μετὰ
2621 2730 2914 2799 συντομίας
2946 2731 3237 2800 κράτιστος
3256 2773 3271 2794 ,
3301 2731 3398 2783 καὶ
3425 2732 3842 2802 παρεκτροπαῖς
3870 2732 4040 2785 ἀκαί-

2444 2837 2560 2891 ροις
2606 2822 2728 2874 οὐδὲ
2774 2821 3152 2893 παρενθήκαις
3184 2820 3245 2874 τὺ
3277 2821 3501 2891 συνεχὲς
3527 2824 3628 2892 τῆς
3672 2822 3912 2891 ἱστορίας
3946 2822 4041 2874 ού-

2438 2912 2612 2981 δαμοῦ
2639 2912 3056 2981 λυμαινόμενος,
3092 2912 3470 2982 καινοπρεπής
3499 2913 3557 2966 δὲ
3584 2912 3829 2984 συνθήκῃ
3872 2912 4039 2979 λόγου

751 3011 1003 3061 servans,
1044 3014 1184 3051 nova
1237 2999 1505 3054 orationis
1536 3002 1929 3069 compositione
1974 3004 2149 3071 magis
2180 3018 2336 3071 quam

2442 3004 2640 3071 μᾶλλον
2689 3004 2721 3071 ἢ
2758 3003 2921 3069 λέξει,
2954 3004 3044 3056 καὶ
3071 3002 3246 3066 οὕτως
3275 3003 3416 3056 ὥστε
3468 3004 3542 3073 μὴ
3583 3005 3651 3056 ἂν
3698 3003 3874 3065 ἄλλως
3905 3004 4039 3073 [228

752 3090 1033 3142 vocabulis
1059 3106 1231 3159 usque
1261 3108 1327 3145 co
1358 3103 1439 3145 est
1459 3092 1617 3159 plane
1646 3103 1700 3146 ut
1732 3095 1839 3146 alio
1875 3093 2024 3146 nullo
2065 3095 2223 3148 modo
2250 3109 2343 3147 ue-

750 3197 858 3248 que
892 3182 1113 3245 clarior,
1149 3199 1323 3253 neque
1369 3184 1661 3237 dilucidior
1705 3186 1819 3238 ﬁeri
1863 3186 2102 3238 narratio
2146 3184 2336 3252 possit.

2440 3092 2535 3164 IL]
2558 3095 2693 3163 μήτε
2731 3093 3065 3162 σαφέστερον
3098 3093 3239 3162 μήτε
3271 3092 3667 3163 ἐναργέστερον
3697 3092 3759 3143 τὸ
3784 3093 4039 3161 διήγημα

2435 3183 2764 3251 δηλωθῆναι.
2793 3184 3036 3252 Εὑσήμῳ
3065 3183 3121 3235 δὲ
3148 3183 3243 3235 καὶ
3273 3184 3459 3252 εὐήχῳ
3484 3183 3575 3235 καὶ
3597 3182 3677 3251 τῷ
3696 3182 3806 3234 τῶν
3831 3181 4037 3245 λέξεων

752 3272 887 3325 Dum
928 3289 1057 3327 vero
1091 3275 1466 3342 significantes
1513 3285 1880 3343 sonanteSque
1921 3290 1985 3328 ac
2016 3286 2213 3329 teretes
2244 3277 2336 3327 ad-

2438 3275 2892 3344 ἀποκεχρημένος
2920 3274 3269 3346 στρογγύλῳ,
3296 3276 3390 3328 καὶ
3424 3274 3485 3326 τὸ
3510 3274 3648 3326 λεῖον
3678 3275 3791 3342 ἔχει
3821 3273 3899 3342 τῷ
3929 3291 4033 3341 με·

752 3364 901 3416 ltibct
927 3365 1218 3429 dictiones,
1265 3368 1576 3435 aequalitate
1610 3384 1713 3421 non
1744 3369 1944 3431 minus,
1972 3382 2132 3435 quam
2170 3382 2335 3435 gran-

2440 3367 2590 3433 γέθει
2642 3366 3095 3435 συγκιρνάμενον.
3138 3368 3246 3419 Καὶ
3296 3368 3331 3437 η
3380 3366 3635 3435 καινότης
3680 3366 3787 3417 τῶν
3831 3364 4036 3429 λέξεων

751 3454 919 3507 ditate
940 3458 1242 3509 orationem
1262 3467 1542 3525 temperat.
1567 3456 1865 3511 Verborum
1903 3458 2025 3510 item
2053 3457 2331 3525 innovatio

2441 3459 2561 3527 οὐχὶ
2588 3461 2666 3520 εἰς
2695 3459 2755 3511 τὸ
2785 3460 2975 3529 πόρρω
3007 3458 3414 3529 νεωτερίζεται,
3438 3458 3554 3511 ἀλλ’
3584 3456 3819 3524 ἔγγιστά
3846 3474 3905 3509 τε
3939 3457 4037 3509 καὶ

751 3562 856 3598 non
886 3556 969 3601 est
1006 3548 1077 3600 illi
1113 3548 1342 3619 longius,
1391 3551 1484 3602 sed
1519 3564 1549 3604 e
1582 3551 1885 3618 propinquo
1917 3549 2103 3617 petita,
2133 3559 2189 3603 et
2212 3564 2334 3618 quae

2440 3551 2521 3611 εἰς
2556 3550 2618 3600 τὸ
2652 3550 3108 3617 ὲμφατικώτατον
3125 3550 3191 3614 ⁸⁷,
3223 3550 3298 3613 ὼς
3330 3549 3715 3619 σχηματισμὸν
3760 3542 3900 3601 εἶναι
3948 3548 4036 3599 λέι

750 3637 928 3690 lnmeu
958 3641 1191 3692 orationi
1239 3641 1320 3692 vel
1353 3640 1648 3694 maximum
1679 3643 1865 3702 addat.
1905 3650 1957 3692 ιιι
1986 3641 2055 3693 sit
2086 3641 2333 3695 vocabuli

2437 3637 2595 3705 ξεως,
2620 3639 2736 3692 ἀλλ’
2760 3639 2883 3708 οὐχὶ
2902 3639 3201 3710 ἐναλλαγὴν
3221 3641 3487 3709 συνήθους
3511 3640 3796 3711 ὀνόματος.
3820 3642 3911 3692 Διὸ
3939 3642 4037 3693 καὶ

749 3730 908 3799 quasi
946 3731 1159 3785 habitus
1182 3732 1399 3798 quidam
1422 3748 1484 3784 ac
1517 3744 1702 3802 gestus
1727 3732 1907 3799 potius
1955 3747 2118 3800 quam
2152 3743 2332 3785 muta-

752 3822 827 3875 tio
875 3836 1258 3877 consuetorutn
1306 3827 1615 3878 verborum.
1660 3824 1777 3890 Quo
1824 3825 1904 3890 lit,
1937 3833 1995 3877 ut
2024 3835 2077 3879 et
2127 3824 2334 3894 perspi-

748 3915 922 3967 cuitas
946 3914 1248 3977 exoriatur,
1282 3930 1388 3968 non
1418 3915 1470 3969 in
1500 3917 1603 3970 hac
1634 3917 1807 3970 solum
1839 3925 2013 3986 parte,
2051 3917 2144 3970 sed
2166 3916 2331 3970 etiam

748 4006 803 4058 in
833 4016 1121 4073 apparatu,
1158 4007 1372 4069 ordine,
1404 4017 1458 4060 et
1490 4009 1825 4063 narrationis
1850 4010 2084 4062 maxime
2106 4025 2332 4078 compo-

746 4093 947 4149 sitione
984 4111 997 4147 :
1034 4095 1178 4163 quod
1211 4095 1387 4163 ipsum
1420 4107 1504 4150 est
1546 4108 1719 4151 totum
1759 4097 2167 4165 perspicuitatis
2201 4098 2333 4152 arti-

750 4184 954 4237 ﬁcium.
1015 4182 1134 4237 Jam
1184 4200 1315 4238 usus
1357 4188 1720 4255 tractatioque
1756 4187 2080 4254 simplicium
2124 4203 2189 4241 ac
2249 4204 2334 4242 re—

744 4284 961 4328 ctarum
1025 4275 1395 4344 periodorum,
1435 4276 1517 4330 vel
1550 4278 1690 4345 apud
1742 4277 1984 4332 indoctos
2016 4278 2332 4348 plerumque

744 4364 1054 4430 reperiatur
1083 4382 1096 4417 :
1136 4374 1191 4417 et
1222 4380 1354 4418 vero
1384 4368 1450 4419 ad
1483 4367 1737 4435 supinum
1812 4377 1974 4434 atque
2016 4368 2217 4422 humile
2250 4370 2333 4420 di-

743 4454 900 4508 cendi
951 4471 1127 4524 genus
1151 4457 1457 4509 orationem
1516 4459 1740 4510 nimium
1793 4460 2061 4524 demittit;
2100 4474 2330 4527 praaser-

744 4548 839 4598 tim
906 4548 950 4601 si
1000 4564 1181 4601 merus
1249 4548 1337 4602 ille
1402 4559 1568 4618 atque
1624 4550 1993 4617 itnpermistns
2048 4552 2120 4604 sit
2178 4568 2327 4605 usus.

739 4633 893 4697 Quod
954 4634 1043 4687 ltic
1096 4645 1281 4689 noster
1346 4636 1486 4707 (etsi
1549 4636 1618 4690 ad
1684 4639 2122 4705 perspicuitatem
2199 4641 2325 4693 illud

742 4726 923 4779 facere
997 4727 1283 4796 videatur)
1357 4744 1464 4783 non
1552 4730 1767 4785 admisit
1844 4746 2103 4799 unquam.
2189 4731 2326 4785 Tro-

739 4821 823 4889 pis
879 4820 1007 4873 item
1037 4820 1309 4890 ellipseos,
1359 4837 1466 4875 non
1508 4824 1772 4877 ambitum
1830 4824 2000 4894 ipsmn
2035 4826 2321 4879 verborum

738 4911 1095 4977 concidenda,
1146 4914 1241 4965 sed
1301 4928 1460 4968 voces
1511 4915 1752 4984 singulas
1810 4917 2198 4986 supprimenda
2247 4920 2321 4973 ita

738 5003 930 5065 utitur,
961 5014 1017 5055 ut
1046 5020 1113 5057 ne
1140 5005 1472 5074 percipiendi
1508 5007 1729 5075 quidem
1761 5008 2001 5063 delectus
2029 5012 2318 5080 vestigium

739 5094 903 5146 ullum
938 5096 1209 5164 relinquat
1241 5113 1255 5150 :
1305 5097 1469 5166 idque
1497 5099 1653 5163 adeo,
1682 5110 1739 5153 ut
1771 5102 1813 5154 si
1843 5102 1965 5171 quis
1994 5105 2137 5173 quod
2170 5104 2321 5158 deest

736 5183 939 5238 addere
1001 5195 1209 5248 tentet,
1264 5202 1726 5256 super.vacaneutu
1778 5192 1957 5261 potius
2025 5194 2319 5258 addidisse,

734 5293 898 5341 qtiaiu
987 5278 1257 5335 defectqu
1318 5283 1694 5351 supplevisse,
1760 5286 1957 5340 merito
2009 5298 2318 5341 censeatur.

734 5366 1088 5425 Scbematum
1143 5373 1309 5428 etiam
1362 5378 1517 5445 copia
1566 5375 1772 5446 optime
1823 5377 2125 5431 orationem
2163 5393 2317 5433 suam

2434 3731 2492 3783 τὸ
2524 3731 2695 3797 σαφὲς
2726 3731 3116 3798 συνεφέλκεται
3153 3732 3253 3786 οὐκ
3305 3733 3365 3784 ὲν
3409 3731 3586 3802 τούτῳ
3614 3732 3798 3801 μόνον,
3826 3731 3965 3784 ἀλλὰ
3986 3732 4033 3761 ⁸⁸

2435 3825 2537 3875 κάν
2563 3826 2630 3892 τῇ
2666 3823 2927 3893 διασκευῇ
2956 3824 3051 3876 καὶ
3080 3823 3229 3887 τάξει
3273 3824 3369 3877 καὶ
3416 3826 3752 3879 καταστάσει
3796 3824 4033 3893 μάλιστα

2432 3911 2527 3963 τοῦ
2559 3912 2899 3981 διηγήματος
2920 3928 2933 3942 ο
2969 3912 3107 3983 ὅπερ
3135 3913 3252 3966 έστὶ
3279 3914 3371 3965 καὶ
3404 3914 3503 3983 τῆς
3533 3914 3830 3983 σαφηνείας
3854 3914 3917 3965 τὸ
3946 3914 4031 3965 έν-

2432 4018 2654 4071 τεχνον·
2686 4004 2719 4072 ὴ
2755 4002 2863 4073 γάρ
2894 4019 2977 4054 τοι
3018 4003 3217 4073 χρῆσις
3266 4005 3300 4073 ἡ
3344 4004 3485 4057 κατὰ
3529 4003 3628 4067 τὰς
3673 4004 3889 4066 εὐθείας
3922 4004 4032 4056 τῶν

2433 4094 2701 4163 περιόδων
2734 4096 2829 4146 καὶ
2847 4097 2963 4157 τοῖς
2998 4094 3237 4158 ἱδιώταις
3268 4095 3529 4166 πρόσεστι
3559 4096 3929 4166 μάλιστα,καὶ
3949 4099 4032 4159 είς

2433 4185 2734 4252 ύπτιότητα
2767 4184 2859 4236 καὶ
2892 4186 3259 4256 ταπεινότητα
3287 4186 3408 4240 λίαν
3443 4186 3800 4251 καταϐιϐάζει
3825 4187 3917 4238 τὸν
3945 4187 4034 4238 λὸ-

2431 4292 2548 4343 γον,
2578 4275 2816 4343 ἇκρατος
2853 4276 3087 4345 μάλιστα
3120 4278 3380 4347 γινομένη
3402 4295 3415 4310 ·
3442 4280 3581 4349 ὅπερ
3611 4272 3766 4341 οὗτος
3783 4278 3828 4309 ⁸⁸
3860 4279 3909 4330 εἱ
3932 4279 4030 4331 καὶ

2430 4366 2527 4419 τοῦ
2556 4367 2762 4435 σαφοῦς
2788 4363 2930 4421 εἶναι
2962 4368 3127 4433 δοκεῖ,
3164 4369 3227 4421 οὐ
3255 4370 3723 4438 προσήκατο.Καὶ
3752 4370 3829 4439 τῷ
3853 4370 4028 4422 ἐλλεί-

2431 4475 2588 4510 ποντι
2634 4458 2691 4510 δὲ
2736 4457 2847 4511 τῶν
2879 4458 3099 4526 τρόπων
3132 4456 3277 4511 οὕτω
3310 4460 3595 4530 κέχρηται,
3626 4460 3689 4512 οὐ
3738 4461 3881 4512 κατὰ
3927 4460 4031 4522 τὰς

2431 4550 2748 4620 περιοδικὰς
2785 4550 3053 4618 ἐλλείψεις
3082 4551 3240 4603 τοῦτο
3269 4551 3459 4616 ποιῶν,
3488 4551 3627 4605 ἀλλὰ
3655 4553 3797 4605 κατά
3833 4568 3896 4618 γε
3927 4552 4031 4613 τὰς

2431 4642 2540 4695 τῶν
2574 4640 2794 4705 λέξεων,
2828 4641 2971 4695 ὥστε
3024 4642 3146 4711 μηδ’
3172 4641 3444 4695 ἐλλείπειν
3486 4642 3688 4695 διδόναι
3737 4642 4031 4712 συναίσθη-

2435 4748 2551 4785 σιν·
2600 4733 2696 4784 καὶ
2730 4732 2785 4783 εί
2818 4751 2903 4795 τις
2930 4732 2991 4785 τὸ
3016 4733 3198 4788 λεῖπον
3226 4732 3532 4803 ἐπιχειροίη
3573 4734 3915 4803 προσθεῖναι,
3946 4737 4031 4798 εἰς

2430 4827 2491 4877 τὸ
2524 4826 2797 4896 παρέλκον
2841 4826 2906 4878 ἂν
2938 4828 3206 4880 ἐπιτεῖναι
3252 4827 3425 4893 δόξαι,
3459 4826 3595 4880 ἀλλὰ
3624 4828 3699 4897 μὴ
3745 4827 3840 4879 τοῦ
3884 4826 4026 4879 mi.

2430 4917 2565 4980 ποῦς
2592 4917 2833 4986 ἐξευρεῖν
2857 4919 2953 4989 τὴν
2978 4920 3633 4990 ἁναπλήρωσιν.Ἃριστα
3659 4920 3717 4972 δὲ
3738 4919 3904 4973 αὑτοῦ
3929 4920 4031 4972 καὶ

2428 5009 2489 5060 τὸ
2519 5011 2687 5061 πολυσ
2716 5011 3029 5077 ,ημάτιστον
3061 5011 3173 5081 ἔχει
3199 5050 3214 5073 ,
3244 5013 3346 5064 οὐκ
3379 5012 3577 5081 ἁθρόον
3614 5012 4026 5082 μεταϐαλλόμε-

2427 5119 2518 5153 νον
2549 5102 2657 5153 ἀπὸ
2690 5102 2788 5171 τῆς
2827 5103 3337 5172 αύτοσχηματίστου
3373 5105 3658 5175 χρήσεως,
3691 5104 3806 5157 ἀλλ’
3835 5105 4025 5176 ἠρέμα

2431 5193 2520 5246 καὶ
2553 5193 2611 5256 ἐξ
2642 5193 2819 5262 ἀρχῆς
2848 5195 3330 5265 συμπλεκόμενον,
3365 5196 3441 5259 ὡς
3469 5197 3606 5267 μήτε
3627 5195 3706 5266 τῷ
3725 5200 4026 5268 προσκορεῖ

2428 5286 2586 5352 ἀνιᾷν
2619 5286 2761 5354 μήτε
2813 5285 2893 5355 τῷ
2938 5286 3120 5355 ἁθρόῳ
3155 5292 3330 5342 ποιεῖν
3362 5289 3884 5359 ὲκταράσσεσθαι⁸⁶.
3916 5292 4029 5343 Καὶ

2429 5377 2637 5443 ἁπλῶς,
2665 5376 2720 5429 εί
2741 5394 2826 5441 τις
2847 5380 2968 5433 κατ’
2986 5380 3151 5435 αὑτὸν
3174 5382 3269 5434 ἐπὶ
3284 5381 3411 5444 τοὺς
3431 5381 3742 5451 ἱστορικοὺς
3760 5382 4027 5451 ἀναχθείη

1992 5555 2240 5613 ὛΑΒΙᾸΞ
2270 5557 2677 5614 LECTIONES.

810 5738 859 5769 ⁵⁸
917 5740 1033 5793 έταὶ

742 5818 907 5881 τέχνη
947 5828 1009 5876 ς.

1040 5744 1245 5817 ρων-Α.
1314 5744 1367 5817 ’δέ
1417 5744 1511 5817 επὶ
1566 5747 1657 5800 A:
1698 5746 1798 5817 τὴν
1822 5765 1885 5811 ς’.

1115 5813 1160 5846 ⁸⁸
1187 5815 1217 5869 ό
1259 5815 1384 5875 add.
1415 5816 1481 5873 A.
1560 5818 1606 5851 "
1630 5813 2201 5887 έιιφαντικώτατονς.

1980 5749 2026 5779 δ’
2067 5748 2335 5821 ὡμολόγει
2398 5770 2479 5837 ς’...
2568 5756 2613 5839 ξ³
2644 5773 2687 5824 γι

1980 5836 2117 5875 ἀτον
2142 5838 2201 5881 ς.
2296 5824 2340 5856 ⁸⁸
2396 5825 2513 5879 ἀλλ’
2564 5843 2687 5881 ενς

2568 5756 2613 5787 ⁸³
2644 5772 2709 5824 γε
2745 5758 2790 5811 Δ
2817 5773 2913 5811 ετε
2947 5775 3009 5821 ς’.
3115 5758 3158 5789 ⁸⁵
3176 5756 3541 5811 ἀστασίαστον
3576 5758 3642 5810 A.
3720 5756 3766 5788 "
3793 5755 4021 5818 τούτους

2820 5827 2865 5859 δ’
2888 5827 3060 5893 οὕτως
3086 5826 3148 5882 A.
3228 5828 3272 5860 ⁵ο
3304 5826 3737 5898 ἐκταράττεσθαι
3763 5843 3826 5891 ς.
