4224 6442
754 382 859 450 327

1911 381 2175 444 PHOTII
2215 382 2719 443 ΡΛΤΙιΙΑΒΟΙΙίΕ
2755 384 2865 444 CP.

3924 399 4037 465 328

753 510 863 565 tur,
884 513 994 571 quo
1011 497 1193 553 minus
1222 497 1259 553 ii
1294 510 1438 560 esse,
1472 496 1566 567 qui
1597 497 2008 567 quaerebantur,
2073 512 2337 567 agnosce-

2441 496 2562 551 τίαν
2584 499 2918 568 τραπόμενοι
2949 498 3026 570 τῷ
3060 502 3296 572 στρατῶ,
3325 503 3411 557 ἵνα
3454 506 3658 575 μᾶλλον
3692 509 3907 564 λάθοιεν
3954 518 4034 584 μη

752 601 963 647 rentur.
992 591 1234 645 Inventis
1259 590 1467 645 deinde
1484 590 1669 645 asellis
1683 591 1921 655 duobus,
1957 595 2334 645 conscendunt

754 682 877 752 ipsi,
911 695 1192 749 oneraque
1221 682 1525 749 imponunt.
1560 695 1683 748 qua;
1717 695 1902 735 secum
1935 680 2249 745 attulerant,
2270 695 2335 733 ex

753 775 822 829 iis
853 774 1018 829 rebus
1074 788 1211 843 quas
1256 773 1403 827 velut
1434 775 1663 827 mortuis
1717 773 1994 827 exercitus
2038 772 2333 841 adjecerat.

755 865 893 918 llinc
924 866 975 918 in
1001 863 1359 918 diversorium
1386 878 1444 918 se
1469 864 1761 932 recipiunt,
1833 863 1976 917 unde
2024 873 2203 917 tamen
2244 860 2337 915 fu-

755 962 984 1027 gientes,
1037 956 1188 1025 juxta
1250 956 1466 1025 plenum
1502 956 1677 1010 forum
1708 957 1762 1009 in
1790 955 1933 1008 aliud
1968 955 2332 1010 diversorium

755 1048 1077 1101 concedunt.
1111 1046 1320 1102 Accidit
1348 1047 1552 1100 interea
1594 1045 1825 1099 fratrum
1852 1045 1922 1098 ibi
1955 1044 2151 1107 credes,
2182 1044 2336 1113 cujus

755 1142 1021 1201 accusati,
1046 1149 1167 1208 post
1212 1140 1375 1192 etiam
1403 1140 1728 1193 liberantur.
1755 1138 2008 1191 Fratrum
2033 1137 2179 1190 enim
2207 1146 2334 1189 natu

755 1234 948 1299 major,
986 1234 1074 1299 qui
1104 1232 1366 1284 minorem
1394 1246 1601 1284 veneno
1635 1230 1954 1294 sustulerat,
1981 1229 2081 1282 hos
2114 1229 2333 1297 quidem

755 1334 1061 1386 accusarat,
1103 1325 1195 1378 sed
1220 1323 1320 1377 sibi
1346 1322 1447 1390 ipsi
1478 1338 1667 1375 manus
1696 1319 2001 1382 inferendo,
2042 1321 2189 1374 omni
2216 1334 2338 1372 rur-

755 1432 846 1469 sus
878 1417 1104 1470 crimine
1140 1416 1420 1469 liberarat.
1473 1413 1764 1468 Rhodanes
1812 1412 2018 1467 inscius
2067 1426 2336 1465 venenum

756 1510 880 1563 hinc
915 1525 1097 1563 secum
1138 1507 1347 1575 aufert;
1395 1509 1735 1575 subeuntqne
1788 1515 1912 1576 post
1946 1506 2061 1559 hate
2108 1503 2339 1559 latronis

756 1602 998 1664 domum,
1034 1602 1125 1670 qui
1162 1602 1215 1654 in
1242 1601 1479 1654 viatores
1508 1600 1881 1669 grassabatur,
1951 1612 2086 1666 quos
2113 1606 2167 1651 et
2229 1597 2335 1650 sibi

755 1690 1051 1757 epulandos
1126 1691 1449 1758 apponebat.
1500 1689 1648 1741 Missi
1708 1700 1887 1741 autem
1949 1689 2054 1740 huc
2090 1703 2119 1741 a
2174 1686 2337 1739 Dama

757 1784 979 1845 milites,
1014 1792 1300 1851 postquam
1340 1780 1604 1833 latronem
1648 1779 2197 1847 comprehenderunt,
2255 1778 2332 1846 ig-

2441 590 2594 653 ὄντες
2644 592 2696 643 οἰ
2728 590 3070 657 διωκόμενοι.
3107 593 3220 645 Καὶ
3273 595 3529 664 εὑρόντες
3582 596 3739 661 ὅνους
3771 598 3868 652 δύο
3932 604 4035 655 ἐπ-

2439 682 2642 753 έϐησάν
2672 700 2733 735 τε
2761 683 2859 736 καὶ
2891 684 2959 735 τά
2990 683 3189 754 φορτία
3220 686 3502 753 ἐπέθεντο,
3531 688 3567 742 ἃ.
3602 692 4035 762 συνεκεκόμιστο

2438 776 2619 839 αὐτοῖς
2660 778 2755 845 ἀφ’
2807 772 2883 830 ὧν
2926 777 3061 830 ὡσεὶ
3119 782 3338 849 νεκροῖς
3373 782 3675 854 ἐπέρριψεν
3717 787 3747 838 ὁ
3778 787 4031 856 στρατός.

2438 864 2571 920 Εἶτα
2627 868 2984 938 καταίρουσιν
3044 872 3125 932 εἰς
3180 872 3524 941 πανδοχεῖον,
3578 875 3675 929 καὶ
3734 878 4033 946 φεύγουσιν

2438 959 2672 1022 ἐκεῖθεν,
2705 962 2801 1013 καὶ
2867 962 2997 1034 περὶ
3027 962 3343 1034 πλήθουσαν
3373 966 3583 1035 ἀγορὰν
3611 970 3691 1031 εἰς
3721 969 3884 1023 ἄλλον
3909 989 4035 1023 στα·

2437 1050 2575 1121 θμὸν
2595 1053 2946 1107 καταλύουσι.
2973 1055 3083 1107 Καὶ
3099 1056 3311 1123 γίνεται
3327 1057 3388 1109 τὸ
3418 1058 3588 1121 πάθος
3610 1059 3718 1113 τῶν
3748 1062 4029 1129 ἀδελφῶν,

2438 1145 2535 1197 καὶ
2564 1146 2997 1215 κατηγοροῦνται
3026 1148 3211 1215 φόνου,
3236 1149 3330 1201 καὶ
3357 1150 3485 1221 {152
3521 1150 3612 1222 IL]
3637 1152 3891 1220 ἀφίενται
3915 1156 4031 1215 ,τοῦ

2438 1238 2816 1307 πρεσϐυτέρου
2841 1240 2949 1291 τῶν
3001 1241 3270 1310 ἀδελφῶν,
3321 1244 3380 1306 ὃς
3416 1244 3683 1314 ἀνῃρήκει
3744 1250 4033 1317 φαρμάκῳ

2435 1329 2527 1381 τὸν
2556 1329 2801 1400 ὓστερον,
2834 1336 3317 1403 κατηγορήσαντος
3347 1336 3467 1405 μὲν,
3492 1340 3557 1407 τῇ
3589 1338 3645 1390 δὲ
3676 1340 3856 1407 οἰκείᾳ
3876 1341 4031 1393 ἀναι-

2442 1423 2585 1492 ρέσει
2617 1424 2973 1487 ἀθωὼσαντος
3004 1444 3017 1457 ο
3045 1426 3139 1478 καὶ
3174 1427 3427 1480 λανθάνει
3470 1428 3726 1498 Ῥοδάνης
3750 1431 4020 1502 ἀνελόμε-

2439 1532 2528 1578 νος
2555 1517 2616 1568 τὸ
2672 1518 2987 1585 φάρμακον.
3049 1521 3419 1589 Καταίρουσιν
3454 1523 3534 1584 εἰς
3571 1524 3782 1591 οἴκημα
3826 1525 4030 1594 λῃστοῦ

2437 1607 2563 1668 τοὺς
2589 1627 2663 1659 πα
2672 1609 2886 1678 ροδίτας
2908 1611 3266 1681 λῃστεύοντος
3297 1614 3389 1666 καὶ
3406 1614 3630 1678 τούτους
3649 1617 3826 1683 ἐαυτῷ
3846 1635 4031 1670 ποιου-

2443 1694 2607 1762 μένου
2630 1696 2933 1765 τράπεζαν.
2998 1702 3109 1751 Καὶ
3145 1703 3499 1769 στρατιωτῶν
3566 1706 3671 1757 ὑπὸ
3720 1705 3817 1757 τοῦ
3870 1708 4032 1776 Δάμα

2441 1786 2766 1849 σταλέντων,
2800 1790 2927 1840 ἐπεὶ
2961 1791 2989 1841 ὁ
3019 1791 3220 1860 λῃστὴς
3268 1795 3618 1862 συνείληπτο,
3653 1796 3765 1865 πῦρ
3820 1800 4029 1864 ἐμϐάλ-

758 1890 877 1927 nem
909 1876 959 1927 in
983 1875 1338 1942 ejusdomum
1368 1871 1704 1939 injecerunt;
1733 1886 1839 1938 quo
1870 1870 1993 1934 igne
2016 1869 2159 1921 etilli
2188 1882 2333 1921 com-

2439 1874 2586 1925 λεται
2621 1878 2699 1935 εἰς
2725 1876 2823 1945 τὴν
2852 1879 3028 1931 οἰκίαν
3063 1897 3077 1910 ·
3097 1884 3189 1932 καὶ
3226 1883 3728 1951 περιλαμϐάνονται
3756 1888 3833 1957 τῷ
3866 1890 4025 1959 πυρὶ,

754 1967 1037 2036 prehensi,
1068 1981 1209 2035 :egre
1230 1964 1518 2017 admodum
1552 1972 1779 2016 mortem
1803 1969 2115 2020 evaserunt,
2140 1960 2338 2028 perju-

756 2056 968 2125 gulatos
1014 2065 1065 2108 et
1097 2056 1147 2107 in
1185 2054 1361 2122 ignem
1419 2053 1701 2120 conjectos
1746 2053 1933 2105 asinos
1972 2050 2202 2103 transitu
2232 2050 2335 2103 sibi

756 2162 963 2220 parato.
1011 2151 1120 2203 Visi
1158 2150 1316 2219 igitur
1358 2163 1387 2201 a
1432 2147 1689 2200 militibus
1736 2154 1933 2208 noctu,
1979 2145 2069 2214 qui
2120 2146 2336 2197 donmm

758 2243 1159 2303 accenderant,
1202 2250 1254 2295 et
1284 2240 1599 2309 interrogati
1634 2237 1855 2306 quinam
1883 2246 2087 2299 essent,
2120 2235 2339 2288 umbras

757 2350 817 2388 se
835 2349 955 2387 esse
984 2348 1194 2395 eorum,
1254 2346 1390 2400 quos
1429 2331 1570 2384 latro
1603 2331 1695 2384 ille
1736 2327 2061 2398 jugulasset,
2112 2342 2340 2395 respon-

757 2428 887 2480 dent
926 2452 938 2480 ;
974 2427 1045 2479 ita
1081 2425 1285 2493 pallore
1313 2424 1597 2490 macieque
1641 2423 1843 2484 vultus,
1881 2436 1942 2474 ac
1970 2421 2116 2473 vocis
2144 2419 2339 2472 remis-

776 2520 931 2573 sione
962 2516 1224 2570 militibus
1252 2513 1659 2580 satisfecerunt,
1702 2524 2075 2580 terroremque
2102 2514 2342 2564 incusse«

759 2617 906 2663 runt.
960 2606 1167 2676 Fugam
1228 2620 1443 2660 rursum
1493 2606 1615 2659 inde
1687 2614 2059 2672 capessentes,
2107 2601 2247 2672 75a
2288 2603 2341 2654 in

758 2700 989 2769 puellam
1028 2698 1165 2752 forte
1191 2699 1255 2751 ad
1280 2697 1591 2767 sepulcrum
1636 2697 1834 2749 elatam
1866 2695 2194 2758 inciderunt,
2258 2706 2342 2747 at-

758 2808 863 2861 que
892 2792 959 2845 ad
990 2790 1347 2860 Spectandum
1412 2786 1648 2842 allluenti
1682 2803 1739 2841 se
1774 2790 1946 2841 turba:
2006 2787 2337 2840 immiscent.

766 2887 866 2939 llic
897 2900 1061 2939 senex
1103 2882 1391 2938 Chaldaeus
1427 2891 1647 2950 propter
1671 2890 1875 2945 astans,
1934 2878 2150 2948 sepeliri
2189 2877 2339 2948 puel-

767 2977 873 3031 lam
905 2986 1086 3039 vetat;
1156 2974 1368 3041 spirare
1394 2973 1537 3026 enim
1580 2987 1643 3025 ac
1675 2972 1859 3026 vivere
1910 2973 2207 3025 etiamnmn
2258 2970 2341 3023 af-

756 3070 1004 3133 firmans,
1036 3078 1095 3122 ut
1130 3081 1216 3120 res
1257 3066 1372 3132 ipsa
1410 3064 1727 3117 declaravit.
1761 3063 2009 3117 Rhodani
2054 3065 2217 3115 etiam
2249 3078 2343 3114 va—

760 3163 1016 3223 ticinans,
1052 3156 1303 3226 pratdixit
1332 3153 1624 3221 aliquando
1658 3162 2035 3223 regnaturum.
2079 3154 2340 3207 Tumulus

756 3269 885 3323 ergo
916 3251 1107 3321 puella:
1137 3247 1314 3301 inanis
1341 3246 1633 3309 deseritur,
1680 3246 1847 3298 inulta
1891 3246 1961 3299 ibi
2001 3257 2166 3309 veste,
2221 3262 2340 3314 qum

758 3349 811 3402 in
847 3346 1095 3415 sepulcro
1128 3342 1408 3397 exurenda
1449 3339 1645 3403 fuerat,
1687 3340 1899 3405 relicta,
1929 3356 2049 3393 cum
2086 3341 2337 3394 esculen-

760 3444 827 3495 tis
852 3454 914 3493 ac
949 3439 1178 3508 poculis,
1232 3435 1428 3503 quibus
1466 3433 1756 3487 Rhodanes
1794 3449 1916 3487 cum
1966 3434 2111 3487 socia
2143 3434 2339 3487 lautius

757 3534 985 3604 epulati,
1023 3530 1192 3599 raptis
1221 3528 1418 3582 deinde
1449 3527 1783 3581 indumentis
1814 3528 2159 3596 quihusdam,
2220 3544 2341 3583 sese

759 3628 811 3681 in
840 3627 1028 3680 eodem
1082 3621 1331 3689 sepulcro
1374 3620 1657 3673 dormituri
1694 3620 1979 3673 collocant.
2027 3620 2097 3674 At
2140 3622 2230 3689 qui
2265 3621 2340 3673 la-

761 3716 933 3767 tronis
962 3713 1123 3766 domo
1160 3712 1335 3777 ignem
1390 3709 1711 3775 injeceraut,
1776 3723 1898 3759 cum
1959 3708 2214 3777 deceptos
2245 3724 2338 3761 ex-

758 3817 881 3859 orto
927 3804 1039 3872 jam
1086 3802 1199 3856 sole
1251 3816 1310 3855 se
1344 3816 1465 3854 esse
1514 3800 2052 3864 animadvertissent,
2109 3801 2337 3871 vestigia

762 3896 1045 3950 Rhodanis
1076 3910 1138 3947 ac
1165 3892 1445 3946 Sinouidis
1462 3902 1587 3945 sunt
1617 3892 1876 3953 insecuti,
1895 3892 1995 3943 rati
2019 3892 2194 3945 socios
2217 3907 2338 3945 esse

760 3988 1013 4042 latronis.
1082 3986 1250 4055 Igitur
1286 3984 1351 4036 ad
1385 3982 1688 4051 sepulcrum
1746 3998 1843 4049 per
1891 3982 2114 4052 vestigia
2148 3984 2335 4046 delati,

762 4094 886 4131 Cum
930 4093 1023 4131 eos
1052 4077 1239 4145 jacere
1264 4074 1335 4128 ibi
1368 4074 1633 4136 viderent,
1663 4072 1909 4140 nihilque
1938 4073 2139 4126 moveri
2175 4075 2338 4143 (quod

762 4185 956 4223 smuno
986 4170 1223 4237 vinoque
1258 4166 1451 4235 sepulti
1484 4164 1687 4235 essent)
1720 4166 1987 4219 cadavera
2043 4180 2103 4219 se
2156 4167 2339 4220 videre

762 4261 1060 4315 t-redebant
1087 4278 1100 4313 :
1134 4273 1311 4327 neque
1346 4258 1668 4326 attigerunt,
1724 4257 1915 4311 incerti
1945 4271 2013 4309 an
2043 4270 2107 4310 eo
2134 4256 2340 4312 ferrent

761 4352 1012 4421 vesdgia.
1038 4350 1301 4404 Discessit
1323 4350 1447 4402 inde
1475 4347 1794 4411 Rbodanes,
1864 4346 2194 4415 ﬂuviumque
2228 4360 2339 4401 tra-

755 4443 912 4511 jecit,
943 4445 1097 4509 cujus
1132 4457 1270 4511 aqua
1308 4441 1483 4495 dulcis
1516 4456 1581 4494 ac
1607 4440 1827 4507 limpida
1865 4441 1977 4511 regi
2038 4441 2151 4512 (62)
2204 4457 2340 4511 quo-

760 4553 866 4609 que
889 4537 1197 4605 Babylonia:
1233 4548 1419 4601 potum
1454 4532 1730 4602 prmbebat
1774 4547 1789 4584 :
1830 4547 1893 4586 ac
1941 4533 2067 4585 dum
2120 4533 2339 4587 Sinonis

762 4633 833 4687 ibi
873 4632 1197 4684 vestimenta
1236 4627 1442 4689 vendit,
1480 4625 1633 4693 quasi
1675 4624 1983 4692 sepulcrum
2025 4626 2332 4692 expilasset,

760 4720 1261 4791 comprehenditur,
1284 4718 1419 4771 etad
1440 4715 1755 4770 Sorachum
1787 4714 2026 4768 Soraachi
2060 4716 2337 4784 publicani

763 4813 958 4875 filium,
984 4808 1121 4864 Justi
1155 4816 1530 4876 cognomento,
1565 4806 1921 4875 pertrahitur,
1957 4808 2046 4875 qui
2072 4807 2339 4877 regiGar-

766 4916 855 4954 mo
894 4900 1112 4951 mittere
1138 4915 1259 4951 eam
1294 4898 1363 4947 ob
1400 4895 1856 4964 pulchritudinem
1884 4896 2185 4950 constituit.
2222 4896 2338 4963 Qua

762 4997 827 5044 de
856 5007 1019 5045 causa
1049 4990 1279 5043 fratrum
1314 4988 1441 5041 illud
1467 5002 1731 5041 venenum
1751 4988 2043 5041 llhodanes
2065 4998 2227 5058 atque
2260 4988 2344 5042 Si-

762 5082 920 5135 nonis
949 5081 1197 5134 miscent.
1230 5079 1453 5131 Mortem
1486 5076 1631 5130 enim
1659 5078 2140 5144 optabautpotius,
2179 5094 2339 5146 quam

761 5171 1020 5227 Garmum
1054 5170 1260 5225 videre.
1288 5168 1545 5223 Surwcho
1569 5168 1789 5221 interim
1822 5167 2016 5221 ancilla
2046 5170 2340 5240 signiticet,

763 5266 889 5336 quid
915 5264 1207 5319 Rhodanes
1243 5263 1543 5318 etSinonis
1597 5261 1944 5316 molirentur.
1994 5262 2145 5316 (llam
2179 5262 2348 5331 igitur

2441 1963 2568 2034 [240
2604 1964 2694 2036 IL]
2728 1968 2823 2019 καὶ
2872 1967 3231 2037 διαφεύγουσι
3300 1973 3455 2041 μόλις
3500 1974 3591 2025 τὸν
3647 1976 3871 2047 ὄλεθρον
3924 1981 4031 2030 τῶν

2437 2056 2575 2108 ὖνων
2607 2059 2928 2125 σφαγέντων
2964 2062 3058 2113 καὶ
3112 2062 3189 2131 τῷ
3233 2066 3369 2131 πυρὶ
3420 2067 3500 2127 εἰς
3547 2066 3719 2120 δίοδον
3749 2072 4028 2124 ἐπιτεθέν-

2439 2162 2567 2199 των.
2605 2147 2967 2218 Καθορῶνται
2992 2151 3210 2221 νύκτωρ
3239 2154 3344 2205 ὑπὸ
3366 2156 3475 2208 τῶν
3521 2158 3581 2210 τὸ
3609 2159 3723 2230 πῦρ
3757 2161 4027 2229 ἐμϐαλόν-

2438 2253 2568 2301 των,
2612 2240 2709 2292 καὶ
2750 2242 3193 2311 ὲπερωτηθέντες
3222 2246 3367 2309 τίνες
3398 2243 3528 2314 εἶεν,
3552 2250 3764 2305 Εῖδωλα
3790 2254 3900 2305 τῶν
3926 2256 4031 2307 ύπὸ

2440 2330 2535 2382 τοῦ
2563 2332 2762 2402 λῃστοῦ
2779 2334 3200 2404 ἀναιρεθέντων,
3222 2339 3630 2409 ἀποκρίνονται,
3654 2345 3746 2396 καὶ
3762 2348 3826 2414 τῇ
3853 2346 4032 2416 ὼχρὸ·

2442 2439 2562 2489 τητι
2599 2426 2691 2476 καλ⁸
2725 2425 3012 2496 λεπτότητι
3048 2429 3146 2496 τῆς
3197 2430 3375 2498 ὄψεως
3423 2433 3518 2485 καὶ
3566 2438 3633 2505 τῇ
3670 2437 3865 2508 ἀτονία
3928 2438 4028 2506 τῆς

2444 2516 2627 2583 φωνῆς
2655 2517 2879 2569 ἔπεισάν
2909 2536 2967 2570 τε
2991 2521 3119 2583 τοὺς
3150 2524 3491 2591 στρατιώτας
3518 2529 3613 2579 καὶ
3631 2527 4027 2597 ἐδειμάτωσαν.

2445 2608 2551 2659 Καὶ
2584 2609 2845 2675 φεύγουσι
2869 2612 3030 2664 πάλιν
3058 2614 3268 2665 ὲκεῑθεν
3290 2616 3359 2679 ⁷⁵,
3395 2618 3489 2669 καὶ
3544 2621 4029 2690 καταλαμϐάνουσι

2446 2697 2616 2767 κόρην
2656 2701 2749 2750 ἐπὶ
2776 2701 2953 2770 ταφὴν
2981 2703 3279 2772 ἀγομένην,
3310 2708 3405 2759 καὶ
3437 2709 3761 2779 συρῤέουσιν
3806 2712 3901 2764 ἐπὶ
3934 2712 4029 2781 τὴν

2445 2787 2575 2839 θέαν
2609 2806 2620 2817 ·
2653 2791 2751 2842 καὶ
2779 2792 3046 2855 Χαλδαῖος
3071 2795 3250 2863 γέρων
3306 2797 3534 2861 ἐπιστάς
3584 2800 3785 2852 κωλύει
3814 2801 3913 2871 τὴν
3935 2820 4028 2856 τα-

2446 2876 2573 2945 φὴν,
2603 2877 2846 2947 ἔμπνουν
2875 2876 3013 2933 εἶναι
3059 2882 3162 2953 τὴν
3213 2884 3382 2954 κόρην
3412 2886 3493 2938 ἔτι
3523 2886 3700 2953 λέγων
3719 2906 3733 2920 ο
3766 2892 3861 2942 καὶ
3892 2892 4030 2944 ἐδεί-

2446 2967 2547 3035 χθη
2581 2968 2776 3031 οὕτως.
2808 2973 3145 3042 Χρησμῳδεῖ
3166 2974 3336 3029 δὲκαὶ
3368 2978 3446 3046 τῷ
3487 2979 3727 3033 Ῥοδάνει
3757 2983 3801 3012 ’⁷⁸
3822 2982 3897 3045 ὡς
3930 2984 4030 3053 βα-

2447 3059 2704 3114 σιλεύσοι.
2740 3063 3231 3132 Καταλιμπάνεται
3256 3068 3413 3131 κενὸς
3448 3070 3477 3121 ό
3512 3071 3609 3138 τῆς
3637 3072 3807 3142 κόρης
3833 3075 4027 3143 τάφος,

2447 3152 2539 3202 καὶ
2572 3152 2742 3205 πολλὰ
2764 3159 2871 3205 τῶν
2908 3155 3150 3217 πέπλων.
3200 3158 3237 3211 ἃ
3281 3158 3509 3227 ἔμελλεν
3558 3162 3906 3216 ὲπικαίεσθαι
3954 3165 4031 3235 τῷ

2448 3243 2623 3312 τάφῳ,
2668 3244 2749 3295 ἔτι
2776 3262 2836 3296 τε
2865 3245 3010 3298 σιτία
3039 3247 3132 3298 καὶ
3161 3248 3302 3301 ποτά
3332 3266 3345 3278 ’
3372 3250 3467 3302 καὶ¹
3504 3251 3553 3302 οἰ
3585 3253 3715 3321 περὶ
3772 3253 4029 3325 Ῥοδάνην

2448 3333 2659 3396 τούτοις
2684 3335 3038 3404 εὐωχοῦνται,
3074 3337 3167 3390 καὶ
3222 3338 3567 3408 λαμϐάνουσί
3630 3360 3751 3394 τινα
3790 3344 3885 3395 καὶ
3923 3346 4030 3397 τῶν

2447 3425 2691 3492 ἀμφίων,
2728 3425 2823 3479 καὶ
2848 3427 3204 3481 καθεύδουσιν
3242 3432 3299 3482 ὲν
3335 3430 3411 3500 τῷ
3431 3432 3530 3500 τῆς
3556 3433 3726 3503 κόρης
3755 3436 3934 3504 τάφῳ.
3964 3440 4027 3489 υἱ

2446 3515 2503 3566 δὲ
2542 3516 2603 3567 τὸ
2623 3516 2733 3587 πῦρ
2762 3520 2829 3588 τῇ
2858 3519 2954 3570 τοῦ
2980 3519 3177 3592 λῃστοῦ
3206 3520 3353 3591 οἰκίᾳ
3409 3521 3759 3591 ἐμϐαλόντες,
3814 3526 4030 3596 ἡμέρας

2448 3607 2816 3677 ἐπιλαϐούσης
2876 3612 3266 3679 ἠπατημένους
3344 3614 3570 3676 ἑαυτοὺς
3639 3616 4027 3683 ὲγνωκότες”,

2451 3698 2675 3750 ἐδίωκον
2703 3702 2822 3753 κατ’
2850 3704 2973 3771 ίχνη
3016 3703 3305 3767 Ῥοδάνους
3346 3707 3441 3757 καὶ
3494 3708 3799 3771 Σινωνίδος,
3840 3728 4029 3782 συνερ-

2451 3793 2580 3858 γοὺς
2614 3794 2814 3857 αὐτοὺς
2869 3796 3181 3859 εἰκάζοντες
3212 3793 3350 3850 εἶναι
3386 3798 3479 3851 τοῦ
3510 3798 3706 3869 λῃστοῦ
3740 3817 3751 3828 ·
3805 3803 4028 3872 ἰχνηλά-

2454 3886 2718 3954 τήσαντες
2747 3887 2803 3939 δὲ
2856 3889 3018 3958 μέχρι
3039 3888 3133 3941 τοῦ
3166 3892 3356 3958 τάφου,
3389 3892 3486 3945 καὶ
3544 3894 3807 3957 ἐνιδόντες
3831 3898 4029 3960 αὐτοὺς

2454 3977 2813 4046 ἐγκειμένους
2866 3980 2964 4047 μὲν
3012 3982 3091 4049 τῷ
3130 3984 3309 4051 τάφῳ,
3361 3984 3776 4053 ἀκινητίζοντας
3822 3989 3879 4041 δὲ
3935 3994 4029 4043 an

2451 4069 2602 4139 ὕπνῳ
2630 4070 2727 4122 καὶ
2748 4070 2877 4139 οίνῳ
2903 4073 3336 4141 πεπεδημένους,
3394 4075 3581 4138 ἔδοξαν
3628 4080 3855 4149 νεκροὺς
3900 4083 4032 4151 όρᾷν

2449 4164 2543 4217 καὶ
2570 4165 2889 4231 κατέλιπον,
2920 4166 3288 4235 ἀπορούμενοι
3316 4169 3397 4220 ὄτι
3422 4171 3540 4221 ἐκεῖ
3571 4172 3641 4224 τά
3671 4173 3793 4242 ἴχνη
3810 4174 4030 4245 ἔφερεν.

2462 4256 2819 4325 Ἀπαίρουσιν
2841 4258 3052 4310 ἐκεῖθεν
3080 4260 3129 4310 οἱ
3163 4260 3293 4329 περὶ
3362 4261 3640 4330 Ῥοδάνην,
3693 4264 3789 4315 καὶ
3818 4267 4032 4335 περῶσι

2448 4347 2539 4397 τὸν
2568 4347 2836 4415 ποταμὸν,
2878 4348 3085 4413 γλυκύν
3109 4365 3168 4400 τε
3192 4350 3323 4402 ὄντα
3358 4352 3450 4401 καὶ
3472 4352 3672 4421 διαυγῆ
3694 4355 3788 4404 καὶ
3820 4354 4034 4423 βασιλεῖ

2450 4436 2811 4489 Βαϐυλωνίων
2847 4440 2926 4499 είς
2976 4438 3133 4490 πόσιν
3158 4439 3543 4508 ἀνακείμενον.
3582 4443 3695 4494 Καὶ
3724 4445 4032 4513 πιπράσκει

2372 4568 2414 4621 D
2449 4528 2674 4590 Σινωνὶς
2707 4528 2774 4580 τὰ
2807 4528 3020 4597 ἱμάτια,
3051 4528 3145 4579 καὶ
3174 4528 3615 4597 συλλαμϐάνεται
3645 4530 3721 4594 ὡς
3741 4532 3915 4599 τάφον
3936 4550 4031 4584 συ-

2445 4620 2680 4687 λήσασα,
2711 4620 2809 4672 καὶ
2836 4620 3168 4689 ἀναφέρεται
3218 4623 3298 4681 εἰς
3344 4621 3607 4690 Σόραιχον
3627 4621 3694 4685 ⁷⁸,
3744 4622 3802 4684 ὃς
3834 4618 3905 4692 ἦν
3937 4625 4029 4676 Σο-

2449 4712 2642 4780 ραίχου
2683 4710 2777 4762 τοῦ
2811 4710 3046 4763 τελώνου
3079 4712 3213 4776 υἱὸς,
3246 4712 3479 4786 ἐπίκλην
3521 4712 3579 4763 δὲ
3611 4712 3762 4781 αύτῷ
3788 4713 4023 4777 δίκαιος.

2449 4803 2561 4855 Καὶ
2597 4802 2915 4870 βουλεύεται
2947 4803 3189 4871 πέμπειν
3222 4803 3393 4873 αὐτὴν
3427 4804 3520 4856 ὲπὶ
3558 4803 3783 4873 βασιλέα
3810 4805 4033 4876 Γάρμον

2450 4893 2541 4945 διά
2571 4894 2630 4945 τὸ
2650 4893 2865 4957 κάλλος,
2906 4893 2998 4946 καὶ
3032 4896 3290 4963 κιρνᾶται
3323 4895 3412 4948 διὰ
3440 4895 3597 4948 τοῦτο
3626 4895 3689 4947 τὸ
3730 4894 3842 4947 τῶν
3873 4898 4035 4949 ἀδελ-

2446 4985 2563 5053 φῶν
2589 4986 2683 5053 φάε
2712 5002 2881 5051 ,ιακον
2936 4984 3172 5037 Ῥοδάνει
3203 4987 3298 5038 καὶ
3354 4986 3597 5037 Σινωνίδι
3618 5004 3631 5016 °
3665 4987 4037 5057 αἱρετώτερον

2448 5076 2560 5147 γάρ
2588 5076 2769 5137 αὐτοῖς
2792 5076 2819 5126 ὁ
2851 5076 3081 5139 θάνατος
3114 5077 3146 5145 ἢ
3180 5077 3399 5147 Γάρμον
3435 5078 3588 5131 ἰδεῖν.
3621 5078 3909 5147 Μηνύεται
3941 5081 4035 5132 Σο-

2450 5170 2732 5241 ραίχῳδιά
2761 5170 2860 5238 τῆς
2904 5171 3286 5242 θεραπαινίδος
3317 5172 3524 5241 ἂπερ⁷⁹
3547 5172 3627 5225 εἰς
3653 5171 3811 5240 ἔργον
3838 5172 4033 5242 ἔμελλε

2459 5265 2656 5333 χωρεῖν
2698 5262 2936 5316 Ῥοδάνει
2969 5266 3063 5318 καὶ
3089 5266 3333 5319 Σινωνίδι
3368 5283 3381 5297 ·
3438 5264 3533 5318 καὶ
3564 5262 3741 5318 λαθὼν
3775 5268 3803 5318 ό
3835 5267 4031 5337 Σόραι-

2084 5356 2316 5411 VARI/E
2357 5356 2764 5411 LECTIONES.

834 5449 878 5479 ⁷⁵
914 5445 1128 5503 ἐκεῖθεν
1156 5448 1318 5501 πάλιν
1354 5465 1414 5512 ς.

811 5449 878 5572 ir:
911 5446 1128 5570 ἐκεῖθεν
1156 5448 1318 5501 πάλιν
1354 5465 1414 5512 ς.
1491 5448 1536 5479 ⁷⁸
1573 5448 1797 5519 Ῥοδάνῃ
1828 5449 1893 5502 Α.
1920 5448 1998 5502 sic
2019 5460 2072 5502 et
2100 5446 2262 5503 infra.

830 5538 842 5571 t
872 5561 880 5572 .
961 5558 974 5572 .

760 5535 880 5572 ιιιιιι.
911 5535 974 5572 Α.

2341 5449 2382 5480 ’⁷
2416 5448 2772 5516 διεγνωκότες
2801 5465 2859 5511 ς.

2957 5448 2999 5481 ⁷⁸
3023 5450 3254 5521 Σηραὶχ.
3287 5453 3438 5507 Suid.
3473 5470 3523 5508 ν.
3553 5456 3777 5509 Ζίννων.
3845 5456 3893 5489 ⁷⁸
3931 5474 4036 5525 περ

2301 5582 2532 5639 ΝΟΤᾹῙ.

834 5684 944 5752 (62)
974 5682 1016 5736 E
1045 5681 1163 5735 solo
1185 5680 1432 5752 Choaspe
1472 5677 1638 5752 ﬂuvio
1686 5679 2101 5752 aquamliib‘ere
2128 5680 2345 5733 solitum

761 5748 1048 5811 Persa'rmn
1083 5767 1263 5820 regem
1287 5766 1350 5802 ex
1377 5748 1581 5820 Herod.
1613 5750 1655 5811 Ι,
1689 5759 1741 5802 et
1763 5749 1942 5820 Ctesia
1971 5749 2165 5803 Cnidio
2188 5759 2342 5802 nota-

764 5826 840 5879 vit
866 5818 1165 5878 Athenaeus
1190 5820 1423 5891 Dipuoso
1451 5818 1515 5873 ll.
1548 5818 1622 5873 Ex
1671 5819 1923 5874 maximis
1941 5830 2120 5874 autem
2145 5834 2197 5874 et
2221 5820 2335 5874 lon-

2458 5683 2676 5754 ginquis
2704 5681 3018 5741 fluminibus
3038 5691 3263 5754 petitam
3286 5704 3408 5743 cum
3431 5691 3703 5747 thesauris
3737 5696 4034 5749 rerondere

2448 5753 2761 5879 F'gse‘rcva'tle
2794 5754 2961 5877 [Bione
2997 5753 3138 5813 Plut.
3196 5760 3249 5813 in
3290 5760 3553 5817 Alcxand.
3621 5764 3753 5818 Vide
3784 5763 4028 5821 Brissou.

2558 5842 2578 5875 δ
2641 5865 2653 5878 .
2704 5842 2717 5878 1
2765 5862 2778 5877 .
2831 5862 2843 5875 .

2558 5842 2653 5878 διε.
2682 5842 2778 5878 Ill).
2808 5842 2843 5877 I.
