4224 6442
178 418 284 482 329
1292 414 1820 478 BIBLIOTHECA.
1853 437 1924 449 —
1955 411 2122 473 COD.
2161 411 2359 473 XCIV.
3350 412 3455 475 330

182 548 275 601 χος
300 531 371 583 τὸ
403 528 501 583 τοῦ
532 496 769 583 θανάτου.
800 529 899 599 μὲν
936 529 1233 601 φάρμακον
1260 532 1429 591 κενοῖ,
1482 530 1686 599 πληροῖ
1712 528 1768 581 δὲ
1805 528 1850 588 Α

1805 528 1856 588 Α
1883 524 1972 580 ille
1998 524 2340 580 mortiferum
2367 523 2497 579 illud
2524 524 2877 594 pharmacnm
2906 523 3117 595 abjicit,
3162 524 3455 597 impletque

179 623 280 694 τὴν
313 622 525 675 κύλικα
541 622 853 675 ὑπνωτικοῦ
899 627 1198 692 φαρμάκου
1221 638 1235 652 ·
1272 629 1367 673 καὶ
1390 622 1648 683 πίνοντας
1682 620 1777 674 καὶ

1883 614 2187 670 somnifero
2221 628 2349 682 potu
2378 614 2629 677 calicem,
2660 630 2769 685 quo
2796 615 3013 678 hauSto,
3067 625 3124 669 ut
3150 630 3342 670 somno
3360 632 3456 671 ca-

182 713 497 776 ὑπνοῦντας
533 713 714 766 λαὸὼν
748 714 834 782 ἐφ’
890 713 1226 785 ἁρμαμάξης
1266 716 1467 785 ήλαυνε
1516 715 1651 783 πρὸς
1683 714 1780 782 βα-

184 808 364 860 σιλέα.
418 808 842 876 Πλησιαζὸντων
894 809 951 860 δὲ
1013 807 1271 877 Ῥοδάνης
1310 808 1547 877 ἐνυπνίῳ
1576 808 1623 839 ⁸ο
1673 808 1780 859 δει-

185 901 459 970 ματοῦται
484 900 579 953 καὶ
612 900 709 970 βοᾷ
756 902 849 954 καὶ
875 901 1133 972 ὲξανιστᾷ
1171 902 1432 953 Σινωνίδα
1453 918 1468 931 ·
1502 905 1535 972 ή
1553 903 1609 954 δὲ
1634 900 1777 969 ξίφει

182 993 358 1061 αὐτῆς
392 992 457 1044 τὸ
489 991 714 1061 στέρνον
772 993 1020 1061 πλήττει.
1074 995 1184 1045 Kal
1231 993 1673 1047 ἀναπυνθάνεται
1707 995 1777 1047 τὰ

182 1085 304 1135 κατ’
343 1086 546 1147 αὐτοὺς
577 1086 794 1138 ᾶπαντα
828 1086 1111 1157 Σόραιχος,
1142 1088 1237 1139 καὶ
1269 1087 1525 1149 λαϐόντες
1565 1088 1779 1150 πίστεις

183 1174 624 1240 ἀπαγγέλλουσι,
664 1178 755 1227 καὶ
792 1176 907 1228 λύει
957 1178 1176 1240 αὐτοὺς,
1220 1179 1315 1230 καὶ
1347 1179 1693 1230 ὑποδείκνυσι
1719 1179 1780 1230 τὸ

182 1266 282 1333 τῆς
326 1265 655 1335 Ἀφροδίτης
682 1268 826 1337 ἱερὸν
853 1271 912 1321 ἐν
960 1272 1027 1340 τῇ
1063 1271 1260 1339 νησῖδι,
1295 1272 1353 1323 ὲν
1382 1264 1426 1337 ᾧ
1453 1271 1646 1341 ἔμελλε
1687 1273 1781 1323 καὶ

182 1357 243 1406 τὸ
266 1357 497 1426 τραῦμα
529 1360 561 1427 ή
595 1359 821 1423 Σινωνὶς
852 1361 1388 1433 θεραπευθήσεσθαι.

266 1450 358 1510 Ὠς
388 1452 449 1502 ἐν
475 1452 790 1521 παρεκδολῇ
814 1453 870 1504 δὲ
897 1453 1169 1524 διηγεῖται
1202 1456 1296 1507 καὶ
1319 1455 1387 1508 τά
1412 1474 1477 1508 πε
1489 1457 1542 1526 pl
1571 1457 1666 1511 τοῦ
1703 1459 1778 1511 ἱε-

185 1540 283 1608 ροῦ
314 1545 413 1593 καὶ
452 1544 554 1612 τῆς
587 1545 836 1612 νησῖδος,
866 1546 961 1599 καὶ
995 1547 1077 1599 ὅτι
1120 1548 1149 1599 6
1177 1546 1470 1619 Εὐφράτης
1502 1552 1595 1603 καὶ
1626 1553 1655 1604 6
1682 1552 1780 1603 Τί-

186 1649 315 1699 γρις
342 1633 737 1703 περιρρέοντες
756 1636 932 1705 αὐτὴν
952 1636 1168 1690 ποιοῦσι
1189 1644 1399 1709 νησῖδα,
1419 1641 1514 1693 καὶ
1534 1640 1664 1712 [153
1685 1641 1776 1714 Η.]

184 1726 268 1776 δτι
326 1727 359 1795 ἠ
406 1728 513 1793 τῆς
553 1728 789 1781 ἐνταῦθα
848 1730 1171 1801 Ἀφροδίτης
1228 1732 1399 1802 ἱέρεια
1443 1739 1593 1804 τρεῖς
1653 1736 1780 1805 ἔσχε

187 1818 412 1881 παῖδας,
450 1819 748 1889 Εὐφράτην
800 1823 895 1873 καὶ
944 1824 1137 1894 Τίγριν
1181 1827 1276 1878 καὶ
1324 1826 1777 1895 Μεσοποταμίαν,

188 1911 428 1978 αἰσχράν
453 1911 554 1981 τὴν
583 1913 708 1980 ὄψιν
737 1914 845 1965 ἀπὸ
891 1915 1156 1981 γενέσεως
1181 1957 1196 1979 ,
1230 1918 1334 1970 ὑπὸ
1366 1918 1420 1970 δὲ
1446 1922 1546 1989 τῆς
1589 1921 1778 1991 ’Λφροο

186 2001 340 2070 δίτης
370 2006 455 2064 είς
492 2004 687 2065 κάλλος
723 2007 1282 2074 μετασκευασθεῖσαν.
1324 2011 1402 2062 Δι’
1432 2012 1499 2082 ἢν
1533 2013 1629 2065 καὶ
1662 2014 1778 2082 ἔρις

187 2094 355 2163 τριῶν
391 2095 644 2165 ἐραστῶν
685 2098 896 2164 γίνεται
917 2138 932 2161 ,
970 2101 1063 2154 καὶ⁵
1093 2103 1275 2172 κρίσις
1304 2103 1390 2155 ἐπ’
1417 2104 1648 2169 αὐτούς·
1677 2107 1774 2158 Βό-

189 2201 347 2256 χορος
364 2188 409 2218 ⁸⁸
443 2190 476 2240 ὁ
502 2190 703 2256 κρίνων
734 2185 825 2259 ἦν,
860 2193 1064 2262 κριτῶν
1101 2194 1220 2246 κατ’
1274 2196 1517 2259 ἐκείνους
1550 2200 1778 2269 καιροὺς

188 2280 435 2348 ἀριστος.
486 2282 795 2352 Ἐκρίνοντο
841 2285 895 2337 δὲ
943 2287 1036 2338 καὶ
1068 2286 1259 2358 ἤριζον
1288 2290 1338 2340 oi
1372 2293 1542 2357 τρεῖς,
1584 2290 1669 2343 ὅτι
1702 2291 1779 2360 τῷ

194 2373 296 2441 μὲν
326 2374 358 2442 ή
391 2376 801 2444 Μεσοποταμία
833 2376 931 2446 τὴν
963 2378 1163 2448 φιάλην
1194 2378 1255 2443 ἐξ
1278 2374 1345 2451 ἧς
1374 2380 1555 2433 ἔπινεν
1585 2381 1775 2447 ἔδωκε,

191 2464 271 2532 τῷ
315 2466 373 2517 δὲ
405 2466 504 2517 τὸν
536 2467 645 2519 ἀπὸ
684 2471 785 2535 τῆς
815 2468 1057 2538 κεφαλῆς
1100 2470 1158 2536 ἐξ
1208 2472 1417 2526 ἀνθέων
1463 2474 1776 2544 ἀφελομένη

195 2558 467 2625 στέφανον
504 2558 824 2629 περιέθηκε,
862 2558 981 2632 [241
1025 2560 1120 2632 8.]
1161 2563 1255 2615 τὸν
1300 2564 1356 2616 δὲ
1386 2565 1631 2633 ἐφίλησε.
1668 2565 1779 2619 Kal

191 2650 288 2701 τοῦ
315 2650 642 2718 φιληθέντος
676 2653 859 2719 κρίσει
888 2654 1214 2723 νικήσαντος
1250 2656 1403 2708 οὐδὲν
1433 2656 1651 2712 ἔλαττον
1684 2660 1778 2711 αὐ-

191 2746 299 2805 τοῖς
329 2746 360 2813 ἡ
392 2743 514 2810 ἔρις
548 2744 821 2812 ἢκμαζεν,
869 2744 971 2808 ἕως
1002 2745 1267 2816 ἀλλήλους
1324 2749 1535 2801 ἀνεῖλον
1566 2751 1778 2814 ἐρίζον-

192 2850 301 2896 τες.
322 2834 495 2902 Λέγει
516 2834 609 2887 οὖν
630 2836 707 2899 ὼς
738 2839 795 2889 ἐν
823 2836 1143 2908 παρενθήκη
1176 2840 1306 2907 περὶ
1336 2839 1431 2892 τοῦ
1456 2842 1555 2909 τῆς
1585 2843 1779 2912 Ἀφρο-

188 2924 341 2993 δίτης
397 2925 572 2994 ίεροῦ,
620 2928 716 2979 καὶ
756 2927 833 2989 ὡς
883 2930 1094 2998 ἀνάγκη
1134 2932 1235 2993 τὰς
1282 2937 1549 2998 γυναῖκας
1598 2935 1777 2986 ἐκεῖσε

190 3018 474 3081 φοιτώσας
504 3019 875 3086 ἀπαγγέλλειν
902 3021 1136 3092 δημοσίᾳ
1165 3027 1233 3075 τά
1255 3025 1313 3074 ὲν
1342 3023 1420 3093 τῷ
1449 3025 1562 3095 ναῷ
1586 3027 1778 3087 αὑταῖς

186 3110 451 3177 ὁρώμενα
486 3111 689 3179 δνειρα.
728 3112 817 3163 Ἐν
846 3106 889 3179 ᾧ
922 3116 1015 3165 καὶ
1058 3117 1128 3166 τὰ
1160 3118 1287 3184 περὶ
1330 3117 1643 3188 Φαρνούχου
1684 3120 1776 3172 καὶ

1881 702 1954 770 pti
1978 708 2127 765 sunt,
2162 702 2428 756 vehiculis
2454 703 2805 769 imponuntur
2838 704 2905 757 ad
2930 719 3110 773 regem
3130 706 3455 760 devehendi.

1882 791 2016 845 Dum
2042 792 2264 860 propius
2295 795 2582 856 accedunt,
2601 809 2727 849 ecce
2760 796 2855 849 tibi
2876 795 3188 861 Rhodanes,
3214 814 3245 853 e
3263 814 3457 854 somno

1882 894 2259 950 experrectus,
2324 884 2600 951 inclamat,
2654 888 2968 956 excitatque
3024 887 3310 952 Sinonida,
3392 907 3457 945 ac

1882 987 2001 1025 mox
2028 973 2117 1026 illa
2145 972 2323 1043 gladio
2356 986 2544 1044 pectus
2598 991 2756 1032 suum
2788 980 3061 1033 vulnerat.
3094 981 3303 1036 Cuncta
3358 982 3457 1045 ibi.

1879 1080 2001 1134 quas
2030 1067 2095 1119 ad
2114 1082 2207 1121 eos
2236 1078 2568 1136 speetarent,
2600 1082 2984 1138 percunctatus
3011 1072 3323 1139 Soraechus,
3352 1075 3456 1132 fide

1881 1160 2006 1212 data
2061 1160 2332 1215 intellexit
2382 1163 2662 1229 universa,
2711 1165 3051 1235 vinculisque
3077 1183 3172 1223 eos
3218 1170 3454 1225 liberat:

1880 1251 1972 1319 qui
2019 1251 2070 1304 in
2111 1251 2338 1308 Veneris
2385 1257 2624 1310 ostendit
2685 1256 2869 1312 fanum
2926 1259 2978 1314 in
3023 1275 3085 1315 ea
3116 1262 3315 1326 insula,
3365 1266 3459 1319 ubi

1884 1343 2077 1395 vulnus
2106 1343 2382 1400 Sinouidis
2403 1358 2647 1402 sanetur.

1954 1434 2154 1490 Narrat
2177 1454 2339 1507 porro
2364 1456 2393 1493 a
2424 1456 2481 1494 re
2518 1443 2790 1511 proposita
2825 1445 3067 1499 nonnihil
3120 1447 3455 1516 digrediens.

1883 1533 1949 1583 de
1984 1533 2208 1586 delubro
2234 1535 2347 1596 illo,
2396 1546 2559 1604 atque
2592 1538 2789 1595 insula.
2849 1554 3010 1607 quam
3071 1540 3376 1609 Euphrates
3408 1555 3463 1597 et.

1884 1621 2063 1691 Tigris
2093 1625 2534 1681 circumfluentes
2584 1628 2839 1685 efﬁciant.
2907 1630 3131 1687 Veneris
3176 1634 3248 1687 ibi
3272 1650 3461 1689 sacer-

1882 1716 2023 1769 dotis
2043 1715 2266 1773 femina:
2302 1729 2410 1773 tres
2439 1720 2605 1775 fuisse
2638 1722 2836 1777 liberos
2862 1724 3220 1793 Euphratem,
3252 1726 3456 1797 Tigrim

1883 1807 2392 1877 etMcsopOIamiam
2427 1830 2440 1865 :
2482 1814 2631 1866 vultu
2690 1815 2903 1883 quidem
2966 1817 3107 1872 hanc
3159 1817 3455 1874 deformem

1886 1901 2145 1967 genitam,
2207 1904 2300 1955 sed
2358 1922 2386 1957 a
2444 1903 2651 1959 Venere
2704 1918 2823 1984 post
2874 1910 3127 1963 domtam
3174 1923 3457 1965 venustate

1884 1989 2102 2058 (tanta),
2128 2004 2187 2044 ut
2216 1996 2281 2046 de
2324 1997 2434 2063 ipsa
2460 1998 2623 2050 etiam
2662 1997 2724 2050 lis
2750 2008 2935 2052 exorta
2967 2010 3079 2055 tres
3100 2003 3244 2057 inter
3268 2016 3458 2058 aman-

1887 2092 1967 2135 tes
2018 2082 2203 2147 fnerit,
2268 2087 2656 2155 decretumque
2696 2090 2956 2155 judicium
3011 2093 3275 2159 Borocho,
3345 2096 3459 2151 sive

1886 2172 2134 2246 Borycho
2165 2178 2390 2243 arbitro,
2423 2180 2514 2249 qui
2544 2196 2643 2234 suo
2666 2184 2866 2235 scculo
2900 2184 3143 2252 jmlicum
3199 2200 3460 2256 praestari-

1887 2267 2127 2320 tissimus
2176 2271 2494 2325 habebatur.
2566 2274 2728 2327 Addit
2762 2276 2917 2346 756
2972 2282 3321 2337 contendisse
3361 2286 3459 2338 hos

1885 2360 2419 2433 tres,judiciumque
2471 2368 2728 2432 subiisse,
2790 2382 3075 2439 propterea
3130 2376 3273 2445 quod
3335 2378 3458 2431 huic

1886 2458 2101 2523 quidem
2140 2457 2524 2528 Mesopotamia
2551 2464 2833 2531 cyathum,
2867 2467 3007 2520 unde
3035 2466 3225 2522 bibere
3277 2471 3457 2531 solita.

1886 2549 2225 2617 prmbuerat;
2278 2553 2432 2606 alteri
2461 2555 2656 2608 deinde
2684 2556 2951 2625 direptum
2979 2561 3144 2628 capiti
3173 2576 3271 2615 suo
3313 2562 3461 2619 ﬂori-

1887 2642 2016 2693 dum
2037 2656 2242 2697 sertum
2273 2647 2781 2717 circmnposuerat;
2842 2654 3003 2707 tertio
3046 2670 3176 2709 vero
3209 2658 3457 2713 osculum

1890 2733 2089 2787 tulerat
2134 2751 2148 2789 :
2195 2737 2285 2804 qui
2323 2753 2453 2791 sane
2488 2740 2905 2808 tertiusjndicio
2942 2746 3116 2801 victor
3144 2764 3266 2803 cum
3292 2763 3460 2816 esset,

1890 2828 2247 2883 nihilominus
2292 2834 2699 2889 cootentionem
2738 2838 2999 2905 viguisse,
3052 2841 3178 2894 dum
3239 2853 3459 2897 certan-

1888 2932 1965 2971 tes
1998 2924 2198 2975 mutuis
2218 2938 2277 2976 se
2310 2925 2624 2979 vulneribus
2653 2928 3035 2984 confecissent.
3086 2930 3275 2987 Refert
3297 2934 3464 3003 igitur

1886 3010 2053 3063 veluti
2091 3013 2419 3080 digrediens,
2445 3016 2510 3068 de
2548 3014 2774 3071 Veneris
2830 3018 2979 3084 fano,
3039 3031 3205 3090 utque
3238 3038 3462 3080 necesse

1888 3103 2052 3155 fuerit
2088 3116 2362 3160 matronas
2406 3122 2471 3160 eo
2503 3110 2824 3164 accedentes
2882 3112 3097 3180 publice
3147 3117 3459 3179 enuntiare.

187 3203 520 3271 Φαρσίριδος
550 3209 644 3256 καὶ
671 3204 953 3271 Τανάϊδος,
981 3208 1095 3277 (ἀφ’
1122 3202 1185 3261 οὗ
1217 3212 1311 3262 καί
1332 3212 1533 3274 Τάναϊς
1555 3216 1581 3266 6
1609 3231 1776 3267 ποτα·
1805 3237 1848 3298 C

1805 3237 1848 3298 C
1885 3211 2004 3264 quze
2036 3198 2085 3249 in
2112 3214 2176 3251 eo
2206 3200 2430 3251 delubro
2451 3201 2780 3256 cubantibns
2822 3208 3086 3260 insomnia
3114 3210 3228 3261 visa
3251 3222 3456 3266 essent.

195 3298 350 3363 μὸς),
380 3296 740 3367 λεπτομερῶς
777 3299 1135 3369 διεξέρχεται,
1184 3305 1279 3356 καὶ
1320 3305 1402 3356 ὅτι
1433 3307 1499 3357 τά
1529 3308 1658 3377 περὶ
1691 3308 1780 3360 τὸν

187 3386 358 3436 τόπον
389 3386 487 3436 καὶ
522 3386 622 3453 τὴν
650 3385 833 3455 χώραν
872 3388 965 3438 τοῦ
1004 3389 1261 3451 Τανάϊδος
1288 3394 1399 3452 τοῖς
1434 3393 1779 3445 κατοικοῦσιν

201 3476 537 3544 Ἀφροδίτης
570 3480 843 3547 μυστήρια
870 3480 1130 3541 Τανάϊδος
1153 3482 1247 3533 καὶ
1268 3483 1589 3554 Φαρσίριδὸς
1617 3488 1773 3538 εἰσιν.

201 3568 291 3619 Ἐν
342 3568 401 3620 δὲ
447 3570 514 3636 τῇ
567 3570 944 3639 προειρημένῃ
998 3573 1175 3639 νησῖδι
1224 3574 1389 3642 ῥόδων
1439 3575 1719 3645 ἐντραγὼν
1754 3578 1781 3628 6

186 3660 387 3729 Τίγρις
417 3658 679 3729 τελευτᾷ·
720 3660 987 3731 κανθαρὶς
1015 3663 1122 3732 γὰρ
1153 3667 1265 3725 τοῖς
1300 3665 1392 3717 τοῦ
1446 3668 1600 3735 ῥόδου
1644 3668 1779 3735 φύλ-

190 3751 303 3813 λοις
352 3750 433 3802 ἔτι
470 3752 995 3821 συνεπτυγμένοις⁸¹
1044 3753 1196 3806 οὖσιν
1226 3757 1559 3827 ὑπεκάθητο.
1600 3760 1707 3812 Kal
1746 3762 1779 3829 ή

187 3842 287 3892 τοῦ
316 3842 512 3904 παιδὸς
527 3839 575 3871 ⁸³
605 3844 788 3912 μήτηρ
816 3844 973 3914 ἥρωα
1005 3847 1249 3899 πείθεται
1276 3848 1526 3914 γενέσθαι
1550 3850 1639 3901 τὸν
1665 3852 1780 3903 υἱὸν

189 3932 611 4000 ἑκμαγεύσασα.
644 3935 752 3986 Kal
773 3935 1109 4007 διεξέρχεται
1140 3941 1165 3989 6
1196 3937 1500 4009 Ἰάμϐλιχος
1536 3947 1778 4012 μαγικῆς

188 4024 335 4091 εἴδη,
377 4024 555 4091 μάγον
596 4026 834 4093 ἀκρίδων
866 4030 959 4079 καὶ
1006 4029 1179 4097 μάγον
1209 4030 1439 4083 λεόντων
1479 4036 1573 4083 καὶ
1605 4034 1780 4099 μάγον

192 4114 392 4182 μυῶν·
444 4112 505 4177 ἐξ
553 4110 614 4167 οὗ
657 4116 943 4169 καλεῖσθαι
988 4120 1081 4170 καὶ
1126 4118 1195 4171 τὰ
1227 4123 1502 4191 μυστήρια
1532 4122 1640 4174 ἀπὸ
1673 4123 1781 4175 τῶν

188 4204 353 4273 μυῶν
393 4203 664 4275 (πρώτην
694 4207 803 4275 γάρ
846 4204 1110 4278 εἶναιτὴν
1152 4209 1262 4261 τῶν
1304 4212 1455 4279 μυῶν
1493 4212 1777 4283 μαγικήν).

190 4297 307 4347 Kal
344 4298 525 4364 μάγον
570 4297 625 4349 δὲ
671 4296 822 4363 λέγει
856 4299 1095 4367 χαλάζης
1126 4302 1221 4352 καὶ
1256 4300 1427 4369 μάγον
1453 4302 1649 4370 ὄφεων,
1687 4304 1781 4356 καὶ

186 4389 687 4455 νεκυομαντείαςθδ
718 4392 812 4441 καὶ
837 4391 1294 4462 ἐγγαστρίμυθον,
1332 4392 1389 4444 ὃν
1418 4396 1534 4455 καὶ,
1584 4413 1773 4465 φησιν,

183 4478 263 4540 ὡς
298 4478 570 4545 Ἓλληνες
606 4481 704 4548 μὲν
754 4480 1036 4549 Εὐρυκλέα
1066 4484 1307 4551 λέγουσι,
1355 4486 1683 4541 Βαϐυλώνιοι
1715 4489 1773 4542 δὲ

187 4569 517 4638 Σακχούραν
548 4570 907 4626 ἀποκαλοῦσι.
950 4576 1112 4642 Λέγει
1150 4576 1206 4627 δὲ
1240 4579 1334 4630 καὶ
1367 4580 1558 4633 ἑαυτὸν
1594 4582 1772 4634 Βαϐυ-

184 4660 387 4712 λώνιον
428 4655 573 4713 εἶναι
598 4663 688 4713 6⁸³
717 4666 1091 4735 συγγραφεὺς,
1127 4669 1221 4719 καὶ
1253 4669 1447 4737 μαθεῖν
1472 4672 1569 4742 τὴν
1609 4692 1775 4743 μαγι-

184 4753 314 4821 κὴν,
372 4750 568 4820 μαθεῖν
612 4752 669 4803 δὲ
718 4755 814 4805 καὶ
861 4755 962 4825 τὴν
999 4757 1320 4829 Ἑλληνικὴν
1371 4764 1640 4827 παιδείαν,
1678 4766 1775 4819 xal

184 4841 470 4913 ἀκμάζειν
509 4842 603 4894 ἐπὶ
636 4844 868 4913 Σοαίμου
894 4845 989 4899 τοῦ
1028 4847 1404 4918 ’Δχαιμενίδου
1436 4851 1531 4903 τοῦ
1575 4853 1773 4923 Ἀρσα-

184 4935 345 4987 κξδου
364 4974 380 4998 ,
412 4934 472 4996 ὃς
501 4933 753 5003 βασιλεὺς
779 4932 848 5006 ἦν
878 4939 943 4989 ἐκ
975 4940 1226 5009 πατέρων
1257 4940 1544 5011 βασιλέων,
1584 4946 1774 5012 γέγονε

187 5025 245 5076 δὲ
282 5025 441 5091 ὅμως
486 5026 580 5075 καὶ
609 5026 708 5095 τῆς
740 5027 1047 5095 συγκλήτου
1078 5028 1277 5098 βουλῆς
1319 5030 1420 5097 τῆς
1448 5034 1506 5085 ὲν
1548 5034 1734 5105 Ῥώμῃ
1757 5075 1772 5098 ,

183 5111 283 5170 καὶ
312 5116 522 5179 ὕπατος
544 5118 622 5178 δὲ,
657 5115 776 5172 εἶτα
806 5121 898 5172 καὶ
920 5120 1176 5189 βασιλεὺς
1210 5122 1374 5177 πάλιν
1398 5128 1496 5194 τῆς
1529 5127 1775 5197 μεγάλης

192 5209 524 5279 Ἀρμενίας.
565 5210 688 5262 Ἐπὶ
720 5210 912 5262 τούτου
944 5211 1072 5278 γοῦν
1101 5212 1351 5282 ἀκμάσαι
1377 5219 1542 5286 φησὶν
1562 5217 1607 5249 ⁸⁴¹
1643 5219 1773 5271 ἐαυ-

181 5302 299 5355 τόν.
346 5300 639 5370 Ῥωμαίων
685 5301 744 5355 δὲ
785 5302 1142 5371 διαλαμϐάνει
1174 5305 1481 5374 βασιλεύειν
1522 5309 1772 5362 Ἀντωνῖ·

1885 3288 1987 3342 Ubi
2048 3298 2101 3340 et
2138 3291 2203 3341 de
2236 3288 2559 3345 Pharnttclto
2617 3303 2671 3348 et
2728 3294 3056 3362 Pharsiride,
3109 3314 3172 3353 ac
3221 3300 3461 3357 Tanaide

1882 3377 2047 3439 (unde
2063 3381 2228 3432 etiam
2260 3380 2453 3434 ﬂumen
2480 3382 2699 3449 Tanais)
2734 3397 3045 3441 accuratam
3076 3391 3310 3446 instituit
3335 3408 3461 3448 nar-

1884 3470 2190 3523 rationem:
2233 3476 2595 3542 mysteriaque
2677 3477 2904 3533 Veneris
2964 3481 3109 3535 circa
3161 3480 3456 3541 Tanaident

1882 3564 2281 3628 habitantibus,
2309 3568 2463 3627 lmius
2494 3584 2615 3623 esse
2640 3569 2924 3634 Tanaidis,
2978 3586 3141 3643 atque
3184 3574 3457 3633 Pharsiri-

1883 3659 1984 3711 dis.
2022 3658 2079 3711 In
2108 3659 2276 3711 insula
2309 3676 2437 3715 vero
2464 3678 2623 3729 supra
2664 3664 2890 3733 scripta,
2923 3682 3075 3722 rosas
3098 3672 3348 3727 edentem
3367 3673 3459 3728 Ti-

1883 3752 2019 3816 grim
2040 3754 2365 3805 exstinctum
2404 3772 2416 3805 :
2448 3756 2591 3823 quod
2610 3758 2890 3812 cantharis
2914 3776 3048 3814 rosze
3066 3761 3207 3816 foliis
3228 3765 3456 3822 invicem

1884 3842 2060 3895 adhuc
2097 3843 2386 3910 itnplicatis
2445 3848 2801 3913 subsederat;
2859 3850 3119 3918 additque
3163 3857 3459 3921 postadhi-

1882 3933 1990 3986 bita
2030 3933 2450 3999 incantamenta,
2488 3949 2718 3991 matrem
2774 3939 2943 4006 ipsius
2974 3957 3295 4010 persuasum
3354 3948 3456 4001 ha-

1885 4025 2088 4085 buisse,
2151 4026 2354 4095 Tigrim
2385 4029 2495 4096 jam
2527 4030 2741 4083 heroem
2771 4046 2892 4086 esse
2917 4032 3142 4092 factum.
3189 4038 3284 4093 llic
3305 4038 3457 4094 Jam-

1884 4116 2092 4170 blichus
2118 4121 2306 4187 magia:
2336 4120 2544 4188 species
2598 4124 2984 4191 persequitur;
3051 4144 3265 4197 magum
3314 4134 3457 4186 enim

1883 4222 2002 4261 esse
2037 4208 2387 4275 locustarum,
2458 4222 2511 4264 et
2566 4228 2781 4282 magum
2834 4214 3074 4281 leonum,
3131 4230 3187 4274 et
3243 4238 3457 4293 magum

1885 4298 2117 4351 muriqu
2166 4300 2351 4367 (atque
2400 4301 2523 4353 inde
2560 4303 2725 4355 etiam
2775 4304 2845 4357 τὰ
2881 4309 3160 4379 μυστήρια
3205 4312 3316 4366 ἀπὸ
3347 4314 3458 4367 τῶν

1886 4384 2039 4453 μυῶν
2062 4388 2317 4451 derivari,
2351 4403 2474 4442 cum
2506 4400 2836 4445 camerarum
2870 4396 3041 4463 prima
3073 4402 3304 4455 murium
3347 4420 3459 4457 ma-

1882 4480 1967 4548 gia
2002 4480 2119 4548 sit),
2164 4496 2374 4547 magum
2410 4498 2628 4553 quoque
2661 4486 2965 4553 grandinis,
3003 4502 3055 4543 et
3092 4507 3307 4563 magum
3340 4511 3458 4550 ser-

1884 4582 2127 4638 pentum,
2158 4583 2212 4627 et
2231 4574 2582 4633 divinationis
2610 4592 2640 4631 e
2669 4580 2917 4646 mortuis,
2946 4596 3008 4637 ac
3042 4586 3455 4656 tentriloquum,

1885 4680 2066 4732 quem,
2108 4666 2302 4735 inquit,
2331 4678 2391 4722 ut
2416 4667 2591 4722 (ἓτεεί
2628 4669 2893 4740 Euryclea
2938 4674 3075 4743 (65),
3126 4678 3204 4730 sic
3243 4688 3296 4731 et
3323 4679 3457 4734 Sac-

1882 4758 2091 4811 churan
2117 4759 2398 4831 Babylonii
2424 4765 2718 4834 appellant.
2756 4767 2826 4823 Se
2848 4785 3062 4841 quoque
3100 4772 3453 4845 Babylonium

1883 4848 1970 4902 hic
1999 4850 2232 4919 scriptor
2272 4852 2419 4917 facit,
2481 4871 2545 4911 ac
2597 4861 2831 4931 magiam
2880 4862 3164 4926 didicisse.
3215 4877 3265 4919 et
3302 4866 3457 4921 Gne-

1880 4954 2068 4993 corum
2123 4944 2171 4995 ei
2226 4945 2540 5016 disciplinas
2596 4952 2960 5018 adjunxisse:
3031 4955 3277 5011 ﬂoruisse
3325 4974 3455 5014 vero

1884 5035 2218 5101 temporibus
2252 5038 2468 5093 Soaemi
2502 5043 2899 5101 Achazmenidis
2941 5047 3061 5110 ﬁlii,
3115 5050 3334 5104 Arsacae
3362 5068 3456 5106 ne-

1882 5125 2023 5190 potis
2055 5142 2069 5177 :
2102 5127 2195 5195 qui
2220 5143 2312 5182 rex
2344 5132 2560 5201 regibus
2586 5136 2878 5201 oriundus,
2935 5149 3153 5195 creatus
3200 5152 3377 5196 tamen
3402 5156 3455 5197 et

1885 5215 2067 5271 Roma:
2092 5232 2330 5286 senator,
2374 5224 2483 5278 imo
2518 5227 2707 5281 causul
2763 5227 2946 5293 fuerit,
3003 5246 3065 5285 ac
3110 5234 3307 5288 deinde
3362 5252 3449 5291 rex

1883 5310 2077 5363 iterum
2109 5312 2331 5382 majoris
2357 5317 2652 5371 Armenia.
2687 5318 2858 5390 Hujus
2892 5323 3057 5392 igitur
3086 5338 3145 5377 sc
3170 5334 3333 5381 aetate
3373 5329 3455 5381 vi-

1498 5421 1730 5478 νΑιιιΑτ]
1766 5423 2173 5480 LECTIONES.

253 5533 304 5563 ⁸⁸
364 5534 422 5585 ὲν
446 5532 598 5603 ὕπνῳ
620 5551 682 5596 ς.

179 5604 530 5673 επηγμένοις
581 5622 642 5668 ς.
744 5606 791 5638 ⁸³
862 5604 1050 5671 παιδὸς

1103 5609 1166 5679 δὴ
1195 5609 1387 5681 μήτηρ
1410 5631 1472 5676 ς.

785 5536 828 5567 ⁸¹
870 5538 1125 5609 Βόχοροςι
1180 5541 1213 5610 ἢ
1246 5540 1466 5611 βόχορος
1490 5544 1534 5595 Α
1587 5554 1709 5611 post
1757 5558 1974 5598 erasnm
2012 5545 2195 5600 nescio
2253 5548 2402 5613 quid.
2460 5550 2691 5675 Βόξοχος
2724 5555 2757 5623 ἥ
2795 5554 3030 5625 Βόρυχος
3059 5574 3118 5620 ς.

785 5607 791 5636 ¹
862 5610 1050 5671 παιδὸς
1103 5609 1166 5675 δὴ
1195 5613 1379 5675 μήτηρ
1410 5631 1472 5675 ς.
1576 5613 1620 5644 ⁸⁸
1658 5616 2056 5675 νεκυομαντίας
2090 5634 2151 5675 ς.
2228 5617 2273 5648 ⁸⁵
2303 5619 2332 5670 6
2362 5620 2462 5673 add
2568 5662 2581 5674 .
2658 5625 2703 5654 ⁸⁸
2728 5627 2893 5675 φησὶν
2918 5628 3118 5675 ἀκαάσι

971 5610 1050 5671 δὸς
1103 5610 1166 5679 δὴ
1195 5610 1387 5680 μήτηρ
1410 5631 1472 5676 ς.
1576 5613 1620 5644 ⁸⁸
1658 5616 2056 5680 νεκυομαντίας
2090 5634 2151 5679 ς.
2228 5610 2332 5670 ⁸⁵’ὁ
2362 5620 2462 5673 add
2518 5610 2628 5675 Il."
2658 5610 2703 5654 ⁸⁷⁸

3225 5558 3269 5587 ¹¹¹
3324 5575 3453 5610 συν·-

2228 5617 2273 5648 ⁸⁵
2303 5619 2332 5670 6
2362 5620 2462 5673 add
2518 5617 2628 5675 A."
2658 5625 2703 5654 ⁸⁸
2728 5617 2893 5693 φησὶν
2918 5617 3168 5695 ἀκμάσαι
3197 5645 3253 5691 ς.

1732 5727 1962 5782 ΝΟΤίΕ.

250 5840 371 5910 (65)
408 5840 541 5894 Vide
575 5840 751 5894 Photti
785 5842 1001 5909 epistol.
1033 5850 1083 5905 t,
1112 5844 1165 5907 εὶ,
1209 5844 1307 5897 inf.
1341 5856 1395 5897 et
1428 5842 1663 5896 Delrimn
1704 5843 1773 5896 De
1801 5847 1996 5913 magia,
2033 5846 2124 5899 lib.
2158 5846 2211 5909 4,
2240 5862 2359 5916 cap.
2387 5849 2442 5913 2,
2470 5863 2660 5917 quaest.
2688 5848 2737 5903 6.

468 5934 739 5996 Ρλτιιοῐ..
788 5936 907 5999 Gtt.
951 5937 1116 5998 Clll.

3060 5948 3127 6006 11
