4224 6442
754 376 854 441 331

755 497 937 566 guisse
986 489 1243 552 allirmat.

760 584 994 654 nus(64)
1041 583 1289 637 haberet.
1350 580 1453 646 Qui
1507 596 1632 635 cum
1692 578 1888 633 Verum
1948 580 2339 648 imperatorem

759 680 984 735 fratrem
1007 676 1170 730 simul
1201 684 1257 729 et
1284 689 1543 741 generum
1577 672 1782 742 (suum)
1806 674 2052 727 mitteret
2076 688 2200 726 cum
2240 673 2344 726 Vo-

760 770 957 839 logaeso
982 765 1307 819 Parthorum
1340 779 1463 835 rege
1500 763 1700 818 bellum
1754 772 2053 831 gesturum,
2083 774 2192 816 tum
2218 778 2346 831 prae.-

758 861 962 916 dixisse
978 868 1029 914 et
1054 858 1248 911 bellum
1273 857 1374 909 hoc
1396 870 1517 910 esse
1534 858 1825 919 oriturum,
1846 864 1901 908 et
1924 856 2143 923 quando
2165 855 2347 907 debel—

759 952 982 1006 landum
1007 958 1180 1005 esset.
1212 947 1383 1001 Addit
1408 946 1748 1016 Vologaesum
1779 946 1998 1014 quidem
2053 946 2196 1000 ultra
2248 946 2348 998 Ett-

760 1041 1007 1110 phratem
1024 1054 1085 1093 ac
1102 1037 1306 1104 Tigrim
1323 1036 1541 1089 ﬂurrrina
1560 1037 1757 1089 vit-tum
1775 1034 1995 1103 fugisse.
2021 1034 2344 1089 Parthorum

759 1147 887 1186 vero
907 1133 1184 1200 regionem
1206 1130 1258 1182 in
1286 1128 1653 1182 Romanorum
1677 1128 1941 1180 ditionem
1984 1128 2347 1180 concessisse.

827 1221 1010 1292 Tigris
1038 1231 1092 1276 et
1116 1219 1425 1290 Euphrates
1454 1216 1474 1289 [
1499 1219 1800 1272 sacerdods
1828 1217 1974 1269 illius
2002 1216 2021 1287 ]
2050 1217 2165 1278 ﬁlii,
2192 1217 2347 1286 76a

757 1314 1064 1383 persimiles
1121 1314 1355 1365 invicem
1412 1323 1588 1371 erant,
1645 1320 1698 1361 et
1758 1309 2046 1361 lihodanes
2092 1320 2350 1373 utrosque

760 1406 935 1460 forma
987 1406 1280 1460 referebat.
1324 1402 1452 1456 Post
1507 1403 1738 1456 alterum
1788 1402 1950 1469 igitur
1980 1402 2127 1453 illum
2158 1402 2348 1479 ﬁliuni,

759 1514 857 1568 per
888 1514 1089 1560 rosam,
1148 1496 1221 1547 uti
1253 1494 1515 1555 diximus,
1554 1503 1828 1555 enectum,
1863 1490 2156 1545 Rhodanes
2185 1493 2237 1545 in
2271 1493 2351 1545 in-

760 1593 934 1647 sulam
981 1608 1084 1643 una
1120 1605 1242 1643 cum
1268 1587 1527 1641 Sinonide
1563 1586 1815 1654 trajecit:
1845 1597 1899 1639 et
1942 1582 2346 1640 tnatchhoda-

764 1701 889 1739 neut
933 1683 1235 1751 aspiciens,
1295 1679 1549 1732 inclamat
1606 1687 1789 1730 natum
1833 1694 1989 1729 suum
2020 1680 2347 1730 exstinctum

764 1775 1049 1834 revixisse.
1080 1774 1357 1839 filiamque
1384 1785 1521 1837 pone
1552 1770 1811 1836 subsequi
1845 1784 1968 1822 eum
1999 1768 2175 1837 jubet.
2229 1769 2348 1822 Dis-

1913 372 2171 433 PHOTII
2212 370 2721 432 PATRIARCH/E
2763 372 2872 432 CP.

1331 504 1454 543 cum
1511 488 1697 543 Romae
1760 486 2052 554 imperium
2105 485 2337 540 Antoni-

2451 504 2557 541 νον.
2591 488 2703 539 Καὶ
2733 487 2822 539 ὅτε
2866 488 3181 549 Ἀντωνῖνος
3202 526 3219 551 ,
3254 490 3441 557 φησιν,
3494 486 3770 556 Οὖῆρον⁸⁷
3802 486 3890 540 τὸν
3934 488 4028 541 αὑ-

3924 369 4033 433 332

2452 578 2780 647 τοκράτωρα
2811 579 2907 632 καὶ
2950 580 3177 648 ἀδελφὸν
3204 581 3297 632 καὶ
3330 578 3596 649 κηδεστὴν
3624 579 3837 649 ἔπεμψε
3867 580 4031 632 Βολι-

2454 670 2631 737 γαίσῳ
2696 668 2773 737 τῷ
2834 670 3132 738 Παρθυαίῳ
3181 671 3578 739 πολεμήσοντα,
3624 672 3700 733 ὡς
3761 672 3925 731 αὐτὸς
3974 688 4035 722 τε

2455 760 2712 827 προείποι
2746 761 2839 811 καὶ
2868 760 2960 810 τὸν
2996 760 3259 827 πόλεμον,
3285 760 3366 811 ὅτι
3401 760 3825 826 γενήσεται,καὶ
3849 760 3973 810 ὅποι
3992 760 4037 789 ⁸⁸

2453 853 2855 920 τελευτήσοιη.
2896 854 3004 906 Καὶ
3032 854 3114 905 ὅτι
3148 853 3469 920 Βολόγαισος
3502 854 3600 921 μὲν
3641 854 3780 917 ὑπὲρ
3806 853 3898 904 τὸν
3934 853 4039 904 Εὑ-

2456 947 2671 1015 φράτην
2728 945 2822 995 καὶ
2878 943 3071 1013 Τίγριν
3126 943 3350 1012 ἔφυγεν,
3407 946 3439 1011 ἡ
3488 944 3545 996 δὲ
3585 942 3912 1012 Παρθυαίων
3962 944 4035 1009 γῆ

2470 1035 2760 1104 Ῥωμαίοις
2793 1035 3032 1102 ὑπήκοος
3064 1038 3323 1104 κατέστη.

2541 1210 2686 1263 Ἀλλ’
2710 1212 2737 1262 ὃ
2771 1228 2835 1277 γε
2873 1211 3064 1281 Τίγρις
3095 1210 3191 1263 καὶ
3219 1211 3511 1279 Εὐφράτης
3542 1214 3589 1262 οἱ
3630 1212 3820 1273 παῖδες
3864 1212 4041 1279 ἐμφε-

2463 1307 2573 1372 ρεῖς
2606 1304 2858 1373 ἀλλήλοις
2885 1300 3049 1372 ἦσαν,
3101 1304 3197 1355 καὶ
3237 1304 3491 1370 Ῥοδάνης
3524 1304 3880 1371 ἀμφοτέροις.
3932 1305 4039 1356 ’1ὀῦ

2457 1400 2516 1450 δὲ
2549 1399 2759 1461 παιδὸς,
2802 1398 2992 1468 ὥσπερ
3038 1397 3272 1467 ἔφημεν,
3326 1398 3405 1466 τῷ
3454 1398 3592 1467 ῥόδῳ
3631 1397 4040 1458 τελειωθέντος,

2469 1491 2726 1559 Ῥοδάνης
2749 1492 2885 1561 πρὸς
2916 1490 3015 1560 τὴν
3043 1491 3235 1560 νησῖδα
3266 1490 3383 1557 ἅμα
3412 1490 3656 1542 Σινωνίδι
3685 1488 4039 1558 περαιοῦται,

2460 1584 2553 1633 καὶ
2579 1582 2676 1652 βοᾷ
2706 1584 2737 1651 ἡ
2780 1584 2966 1651 μήτηρ
2993 1581 3087 1634 τὸν
3125 1582 3428 1649 τεθνηκότα
3455 1582 3622 1649 αὐτῆς
3654 1582 3769 1634 υἱὸν
3795 1582 4041 1634 ἀναϐιιῖι-

2460 1697 2567 1737 ναι,
2606 1681 2685 1741 εἰς
2720 1678 2812 1729 τὸν
2859 1677 3117 1745 Ῥοδάνην
3144 1675 3359 1745 ὁρῶσα,
3391 1677 3487 1728 καὶ
3514 1676 3684 1744 κόρην
3716 1675 3867 1742 αὐτῷ
3894 1678 4043 1727 ἐκεῖ-

2461 1770 2608 1821 θεν⁹⁰
2636 1770 2895 1821 ἕπεσθαι·
2934 1766 3388 1837 συνυποκρίνεται
3436 1766 3693 1833 Ῥοδάνης
3718 1765 3913 1827 ταῦτα,
3938 1767 4043 1830 τῆς

763 1867 984 1923 simulat
1016 1867 1129 1918 haec
1152 1862 1465 1922 Rhodanes,
1520 1859 1894 1915 insulanornm
1942 1859 2345 1928 simplicitatem

2452 1862 2562 1912 τῶν
2636 1861 2919 1930 νησιωτῶν
2975 1858 3361 1928 κατεντρυφῶν
3420 1857 3697 1926 εὐηθείας.
3751 1858 4041 1927 Μηνύεται

762 1958 1070 2015 ludificans.
1120 1956 1316 2009 Damas
1369 1952 1600 2015 interea,
1648 1967 1769 2019 qua:
1802 1950 2047 2003 Rhodani
2115 1951 2346 2004 accidis-

763 2062 906 2117 sent,
952 2062 1180 2118 quarque
1211 2045 1501 2100 Soraachus
1527 2058 1647 2097 cum
1693 2044 1786 2096 illo
1820 2042 2099 2111 gessisset,
2138 2042 2341 2095 indicio

765 2144 1040 2212 cognovit.
1066 2139 1233 2195 Iudex
1276 2154 1403 2192 vero
1442 2152 1507 2192 ac
1558 2137 1766 2191 delator
1813 2136 2056 2189 medicus
2097 2135 2186 2188 ille
2224 2135 2344 2197 fuit,

764 2252 924 2305 quem
950 2233 1262 2295 Sormchus,
1296 2228 1653 2284 ntSinonidis
1690 2228 1884 2281 vulnus
1908 2238 2149 2289 curaret,
2210 2229 2345 2280 clam

765 2327 1113 2381 submiserat.
1150 2323 1380 2389 Capitur
1448 2321 1548 2374 hoc
1603 2322 1820 2373 nomine
1850 2318 2158 2383 Sorzeclnts,
2205 2330 2258 2373 et
2282 2320 2347 2371 :nl

765 2417 1026 2471 Garmum
1056 2415 1368 2467 adducitur.
1424 2412 1658 2464 Mittitur
1692 2421 1745 2465 et
1777 2411 1984 2464 delator
2016 2426 2137 2464 ctttn
2168 2412 2349 2463 Dama:

770 2512 987 2569 litteris.
1047 2509 1112 2561 ad
1144 2504 1372 2562 Veneris
1428 2506 1791 2569 sacerdotem,
1844 2506 2043 2572 quibus
2086 2504 2347 2558 Sinonida

770 2598 1207 2668 comprehendre
1228 2597 1472 2666 jubetur.
1523 2595 1764 2649 Medicus
1795 2609 1925 2663 ergo
1950 2610 2121 2649 sacra:
2157 2596 2350 2648 insulae

769 2692 969 2745 flumen
1008 2704 1316 2759 permeans.
1362 2690 1598 2756 seipsum
1627 2688 1696 2740 de
1742 2703 1892 2740 more
1919 2687 2128 2741 camelo
2147 2702 2349 2755 appen-

771 2784 869 2845 dit,
929 2782 1249 2847 litteraSque
1299 2778 1612 2851 [intuenti]
1678 2780 1880 2832 dextra:
1931 2780 2047 2832 auri
2100 2780 2346 2847 imponit.

772 2875 973 2932 Verum
999 2875 1243 2928 delatore
1267 2873 1357 2924 illo
1395 2869 1632 2924 ﬂutninis
1668 2872 1824 2923 undis
1876 2884 2074 2933 merso.
2107 2871 2351 2923 camelus

770 2971 838 3025 ad
870 2968 1101 3022 insulam
1134 2965 1436 3027 adnatavit,
1491 2964 1578 3016 ubi
1607 2961 1898 3015 Rhod-anes
1932 2976 2042 3015 rem
2077 2972 2242 3015 totam
2274 2962 2352 3014 di-

770 3061 924 3124 dicit,
952 3060 1159 3113 sublata
1180 3071 1212 3110 e
1237 3055 1466 3123 jutneuti
1496 3069 1627 3107 aure
1655 3052 1835 3105 Dama:
1868 3053 2115 3121 epistola.
2170 3052 2349 3116 Quare

773 3151 897 3223 fuga
926 3151 1053 3204 inde
1079 3164 1139 3203 se
1183 3148 1508 3217 proripiunt,
1557 3156 1965 3211 occurruntque
1997 3145 2251 3198 Sora-eho
2281 3145 2345 3196 ad

772 3244 1031 3298 Garmum
1086 3256 1269 3309 regem
1313 3240 1497 3301 ducto,
1550 3248 1603 3290 et
1631 3252 1733 3289 una
1769 3237 1820 3289 in
1863 3236 2153 3305 hospitium
2173 3238 2349 3288 diver-

774 3345 915 3389 tunt.
954 3335 1024 3389 Illi
1086 3345 1247 3387 noctu
1275 3330 1567 3383 thodanes
1606 3328 1724 3382 auri
1782 3327 2077 3395 cupiditate
2132 3327 2349 3395 injecta,

773 3424 934 3479 facile
986 3423 1295 3492 persuadet,
1334 3418 1574 3473 Sor-melii
1620 3429 1679 3471 ιιι
1720 3418 1976 3472 custodes
2015 3416 2346 3485 jugulcntur.

775 3515 934 3589 [Quo
969 3513 1207 3567 facinore
1236 3519 1566 3579 perpetrato,
1586 3508 1606 3580 ]
1627 3510 1899 3580 fugitcum
1929 3509 2012 3563 his
2043 3507 2349 3572 Sor-.echus,

777 3618 1015 3661 mutuam
1059 3607 1199 3657 hanc
1248 3603 1444 3670 prioris
1490 3618 1600 3657 sua:
1635 3602 2001 3657 beneficentiae
2049 3602 2350 3655 mercedem

777 3708 990 3751 nactus.
1048 3694 1221 3747 Porro
1253 3690 1449 3745 Damas
1473 3691 1886 3760 comprehendit
1920 3688 2147 3744 Veneris
2172 3703 2353 3755 sacer-

776 3791 978 3854 dotem,
1015 3789 1154 3842 etde
1176 3784 1443 3839 Sinonide
1463 3785 1817 3852 quaestionem
1846 3783 2083 3836 instituit
2131 3801 2144 3836 :
2190 3792 2354 3849 atque

779 3883 869 3936 ubi
899 3882 1112 3934 tandem
1138 3877 1408 3931 sententia
1440 3879 1833 3930 condemnatus
1868 3885 1951 3927 est
1990 3889 2178 3936 senex,
2231 3882 2288 3925 ut
2325 3887 2355 3925 e

776 3968 1060 4023 sacerdote
1089 3964 1330 4021 carnifex
1363 3964 1646 4029 elﬁciatur,
1691 3980 1867 4018 mores
1902 3980 2115 4032 quoque
2135 3964 2353 4017 caruili-

776 4062 853 4115 cis
888 4074 951 4112 ac
980 4057 1401 4113 consuetudines
1434 4056 1743 4125 Euphrates
1761 4056 1941 4109 discit.
1978 4054 2156 4119 Pater,
2185 4055 2355 4109 idem-

776 4168 881 4221 que
911 4148 1514 4218 sacerdosEuphratem
1544 4163 1642 4218 pro
1672 4145 1932 4200 Rhodane
1950 4145 2108 4199 habet
2163 4145 2351 4213 appel-

778 4248 982 4315 latque.
1014 4242 1171 4312 Fugit
1203 4251 1258 4296 et
1280 4256 1435 4295 soror
1470 4239 1762 4309 Euphratis
1792 4237 2199 4306 Mesopotamia.
2223 4236 2352 4290 Dein

778 4339 845 4391 ad
866 4340 1040 4391 Sacan
1072 4336 1374 4403 Euphrates
1401 4335 1514 4401 ipse
1538 4333 1848 4397 adducitur,
1882 4334 2354 4401 interrogatnrque

779 4433 842 4485 de
864 4427 1130 4483 Sinonide
1160 4443 1174 4478 :
1211 4440 1307 4495 pro
1341 4423 1604 4479 Rhodane
1637 4424 1782 4477 enim
1821 4423 2147 4488 habebatur,
2188 4431 2353 4491 atque

2449 1954 2635 2021 Δάμας
2678 1955 2747 2004 τά
2784 1954 2917 2021 περὶ
2958 1952 3247 2021 Ῥοδάνην,
3299 1952 3394 2005 καὶ
3448 1952 3572 2003 ὅσα
3598 1952 3863 2021 Σὸραιχος
3905 1955 4040 2018 περὶ

2449 2046 2649 2106 αὐτοὺς
2684 2043 2920 2112 ἔπραξε·
2955 2042 3081 2115 [244
3114 2042 3206 2113 8.]
3242 2044 3486 2114 μηνυτὴς
3511 2044 3557 2097 δ’
3597 2040 3665 2114 ἦν
3691 2046 3855 2106 αὐτὸς
3884 2047 3913 2095 ὁ
3956 2047 4039 2095 ία-

2448 2140 2604 2208 τρὸς,
2649 2138 2707 2190 ὃν
2748 2141 2775 2189 ὁ
2811 2138 3071 2207 Σὸραιχος
3099 2137 3284 2207 κρύφα
3318 2138 3543 2206 πέμψας
3572 2137 3634 2189 τὸ
3668 2139 3766 2207 τῆς
3808 2138 4037 2189 Σινωνί-

2449 2231 2536 2292 ὁος
2569 2230 2696 2302 [154
2726 2229 2822 2302 Η,]
2853 2230 3190 2300 ἐθεράπευσε
3214 2232 3261 2263 ⁸⁸
3305 2230 3549 2301 τραῦμα.
3586 2230 4035 2299 Συλλαμὸάνεται

2448 2324 2537 2376 διὰ
2556 2326 2600 2355 ⁹¹
2626 2324 2787 2377 τοῦτο
2817 2325 3097 2393 Σὸραιχος,
3126 2324 3220 2376 καὶ
3249 2324 3441 2390 ἄγεται
3476 2323 3570 2375 ἐπὶ
3602 2322 3838 2390 Γάρμον.
3872 2322 4032 2373 Ἀπο-

2451 2417 2729 2470 στέλλεται
2758 2417 2853 2469 καὶ
2891 2418 3054 2479 αὐτὸς
3080 2418 3108 2468 ὀ
3145 2418 3392 2485 μηνυτὴς
3442 2419 3678 2485 γράμμα
3723 2417 3881 2483 Δάμα
3918 2417 4037 2466 ἐπτ-

2451 2510 2751 2579 φερόμενος
2814 2509 2950 2579 πρὸς
2991 2509 3083 2559 τὸν
3134 2508 3234 2576 τῆς
3269 2507 3589 2573 Ἀφροδίτης
3640 2505 3829 2573 ἱερέα,
3874 2504 3961 2570 ἐφ’
3990 2497 4035 2567 ᾧ

2454 2602 2741 2656 συλλαόεῖν
2781 2604 2906 2661 τοὺς
2938 2599 3068 2670 περὶ
3122 2600 3404 2653 Σινωνίδα.
3441 2598 3719 2652 Διαόαίνει
3747 2598 3901 2649 τὸν⁹³
3929 2613 4033 2647 πο-

2450 2694 2666 2761 ταμὸνὸ
2692 2694 2872 2761 ἰατρὸς
2888 2697 2986 2763 τῆς
3019 2695 3170 2762 ἱερᾶς
3203 2693 3413 2754 ἑαυτὸν,
3440 2692 3516 2753 ὡς
3545 2691 3686 2753 ἔθος,
3717 2690 4032 2758 ἐξαρτήσας

2452 2784 2723 2853 καμήλου,
2764 2785 2823 2835 τὸ
2882 2784 2939 2836 δὲ
2991 2785 3228 2853 γράμμα
3277 2783 3353 2853 τῷ
3387 2782 3546 2851 δεξιῷ
3587 2780 3881 2850 παρενθεὶς
3927 2780 4036 2830 τῶν

2452 2875 2637 2926 ὢτων·
2675 2874 2770 2924 καὶ
2798 2874 2951 2935 τέλος
2998 2876 3025 2925 ὁ
3076 2875 3320 2942 μηνυτὴς
3353 2873 3775 2938 ἐναποπνίγεται
3820 2871 3898 2939 τῷ
3932 2888 4036 2922 πο-

2451 2966 2631 3036 ταμῷ,
2664 2965 2933 3018 διαϐαίνει
2968 2966 3023 3018 δὲ
3056 2965 3191 3035 πρὸς
3219 2966 3319 3032 τὴν
3352 2966 3545 3033 νησῖδα
3580 2967 3612 3033 ἡ
3639 2963 3906 3030 κάμηλος,
3941 2966 4040 3014 καὶ

2452 3061 2631 3111 πάντα
2680 3059 3047 3127 μανθάνουσιν
3075 3057 3123 3107 οἰ
3156 3058 3288 3124 περὶ
3328 3056 3609 3123 Ῥοδάνην,
3658 3056 3718 3106 τὸ
3746 3054 3839 3106 τοῦ
3874 3057 4038 3119 Δάμα

2453 3149 2688 3219 γράμμα
2734 3148 2845 3201 τῶν
2885 3147 3041 3199 ὢτων
3074 3146 3391 3215 ἀνελόμενοι
3436 3146 3531 3215 τῆς
3574 3146 3847 3214 καμήλου.
3892 3147 4038 3197 ψεύ-

2454 3258 2642 3307 γουσιν
2670 3240 2883 3291 ἐκεῖθεν
2914 3239 3002 3292 διὰ
3031 3240 3213 3301 τοῦτο,
3266 3238 3364 3290 καὶ
3401 3237 3735 3291 συναντῶσιν
3764 3237 4038 3305 ἀγόμενον

2455 3331 2716 3399 Σόραιχον
2747 3331 2840 3382 ἐπὶ
2866 3329 3108 3399 Γάρμον,
3150 3328 3248 3380 καὶ
3277 3328 3641 3381 καταλύουσιν
3674 3330 3791 3397 ἅμα
3815 3333 3871 3381 ὲν
3900 3347 4040 3381 παν-

2454 3423 2665 3491 δοκείῳ.
2706 3424 2813 3474 Καὶ
2845 3424 2910 3492 τῇ
2946 3422 3041 3474 τοῦ
3082 3420 3310 3492 χρυσίου
3351 3421 3620 3490 ἐπιθυμίᾳ
3652 3420 3869 3490 νύκτωρ
3904 3422 4041 3473 ἀναξ-

2456 3515 2635 3567 πείθει
2677 3514 2958 3583 Ῥοδάνης,
3014 3515 3109 3566 καὶ
3155 3512 3508 3582 ἀναιροῦνται
3554 3514 3603 3565 οἱ
3636 3514 3902 3583 Σοραίχου
3936 3514 4041 3581 φύ-

2454 3608 2641 3668 λακες,
2680 3608 2777 3659 καὶ
2799 3605 2993 3673 φεύγει
3035 3606 3131 3657 σὺν
3156 3606 3340 3667 αὐτοῖς
3368 3605 3648 3675 Σόραιχος,
3679 3605 3917 3673 ἀμοιϐὴν
3949 3609 4041 3657 εὑ-

2458 3699 2568 3770 ρὼν
2614 3699 2713 3767 τῆς
2768 3698 3205 3769 προῡπαρξάσης
3255 3697 3603 3767 εὐεργεσίας.
3654 3696 4039 3765 Συλλαμϐάνει

2456 3792 2643 3861 Δάμας
2686 3791 2778 3843 τὸν
2816 3791 2914 3861 τῆς
2947 3790 3269 3861 Ἀφροδίτης
3314 3791 3503 3860 ίερέα,
3548 3790 3644 3843 καὶ
3683 3789 4039 3859 ἀνακρίνεται

2457 3886 2586 3953 περὶ
2629 3884 2934 3945 Σινωνίδος,
2965 3884 3059 3935 καὶ
3083 3882 3237 3944 τέλος
3268 3881 3661 3951 κατακρίνεται
3710 3882 3905 3950 δήμιος
3944 3898 4038 3947 γε-

2458 3972 2645 4024 νέσθαι
2680 3971 2800 4024 ἀντὶ
2829 3972 3018 4041 ἱερέως
3065 3972 3093 4023 ὁ
3142 3970 3490 4040 πρεσϐύτης·
3532 3971 3625 4022 καὶ
3668 3970 3733 4021 τά
3779 3971 3911 4035 περὶ
3946 3970 4039 4019 τὸν

2457 4063 2652 4131 δήμιον
2686 4060 2781 4129 ἔθη
2828 4066 2923 4113 καὶ
2956 4062 3186 4130 νόμιμα.
3246 4061 3691 4130 Συλλαμὸάνεται
3720 4060 4036 4129 Εὐφράτης,

2457 4158 2541 4209 ὅτι
2575 4157 2603 4207 ὁ
2637 4154 2821 4223 πατὴρ
2849 4154 2942 4205 καὶ
2975 4156 3175 4223 ἱερεὺς,
3223 4154 3297 4215 ὡς
3330 4154 3584 4222 Ῥοδάνην
3628 4152 3793 4204 αὑτὸν
3831 4152 4040 4203 ὑπολα-

2460 4247 2590 4311 ϐὼν,
2637 4246 2812 4308 οὕτως
2859 4245 3149 4297 ἐπεκάλει·
3200 4246 3294 4297 καὶ
3339 4244 3529 4313 φεύγει
3563 4243 3964 4312 Μεσοποταμία
4004 4245 4036 4311 ἡ

2457 4336 2684 4405 ἀδελφή.
2722 4336 2830 4387 Καὶ
2870 4336 3007 4407 πρὸς
3044 4335 3135 4388 τὸν
3182 4335 3363 4386 Σάκαν
3395 4336 3672 4397 ἀπάγεται
3720 4334 4037 4401 Εὐφράτης.

2457 4428 2812 4498 ἀνακρίνεται
2839 4426 2971 4497 περὶ
3016 4426 3297 4488 Σινωνίδος
3317 4442 3331 4456 ·
3366 4426 3439 4489 ὼς
3470 4425 3579 4495 γάρ
3622 4425 3879 4494 Ῥοδάνης
3902 4426 4039 4492 ἠτά-

777 4520 1210 4573 exaininahatnr.
1254 4517 1461 4571 [ndicat
1492 4531 1621 4584 ergo
1654 4515 1821 4568 Sacas
1850 4514 2054 4569 Garmo
2088 4514 2203 4582 regi
2255 4528 2347 4565 ca-

2459 4520 2599 4584 ζετο.
2645 4520 2755 4572 Καὶ
2787 4520 3111 4573 ἀποστέλλει
3163 4520 3341 4581 Σάκας
3373 4518 3508 4587 πρὸς
3542 4518 3579 4568 Γ
3584 4518 3762 4588 άρμον
3799 4519 3882 4570 ὅτι
3924 4519 4041 4570 'Po-

779 4623 928 4679 ptum
947 4626 1067 4663 esse
1086 4610 1425 4673 liltodauem,
1454 4608 1777 4676 captandam
1805 4620 2019 4673 quoque
2044 4608 2353 4673 pr0pediem

781 4701 1059 4756 Sinonida.
1100 4700 1403 4769 Euphrates
1429 4698 1574 4753 enim
1602 4698 1756 4767 quasi
1782 4696 2069 4752 Rhodanes
2096 4708 2259 4760 esset,
2303 4699 2354 4752 in

774 4793 980 4861 judicio
1025 4791 1337 4861 respondet,
1395 4788 1682 4852 Sinonida,
1729 4788 1855 4841 dum
1907 4788 2021 4857 ipse
2047 4799 2353 4858 caperetur,

783 4885 1004 4954 fugisse.
1041 4882 1273 4937 Coactus
1305 4882 1559 4935 nimirum
1584 4890 1637 4934 et
1662 4882 1777 4948 ipse
1800 4880 2061 4934 Sinonida
2083 4880 2358 4950 appellare

780 4992 1023 5031 sororem
1052 4991 1204 5029 suam
1238 4971 1708 5041 Mesopotamiam.

854 5070 1141 5124 ltltodanes
1168 5068 1381 5122 interim
1401 5075 1456 5120 et
1486 5065 1705 5121 Sinonis
1730 5080 1831 5118 una
1867 5080 1985 5118 cum
2016 5064 2269 5119 Sormcho
2300 5066 2351 5117 in

782 5163 960 5232 fugam
1007 5164 1152 5217 versi
1185 5160 1440 5230 agricolae
1472 5159 1748 5226 tugurium
1799 5158 2055 5222 subeunt,
2100 5158 2185 5210 cui
2240 5156 2350 5209 lilia

778 5254 1143 5325 erateleganti
1172 5251 1371 5315 forma,
1427 5265 1601 5319 nuper
1635 5249 1923 5302 admodum
1964 5250 2185 5301 viduata
2214 5249 2350 5312 viro,

2458 4612 2624 4681 δάνης
2668 4612 3024 4680 συνείληπται
3064 4612 3161 4664 καὶ
3211 4611 3435 4672 Σινωνὶς
3483 4609 3957 4679 συλληφθήσεται·
4014 4614 4041 4661 ὁ

2460 4706 2566 4774 γάρ
2592 4705 2906 4773 Εὐφράτης,
2937 4704 3011 4765 ὡς
3036 4703 3292 4772 Ῥοδάνης
3324 4702 3671 4771 κρινόμενος,
3689 4702 3793 4769 ἔφη
3820 4700 3920 4769 τὴν
3948 4701 4043 4752 Σι-

2461 4797 2655 4849 νωνίδα
2681 4793 3193 4865 συλλαμβανομένου
3227 4792 3394 4845 αὑτοῦ
3418 4793 3756 4860 πεφευγέναι
3774 4792 3842 4854 ³⁸,
3877 4791 4044 4842 Σινωο

2462 4889 2578 4940 νίδα
2631 4888 2818 4938 καλεῖν
2874 4888 3126 4948 κάκεῖνος
3185 4885 3573 4954 ἐκϐιαζόμενος
3638 4884 3737 4953 τὴν
3798 4882 4041 4951 ἀδελφὴν

2461 4979 2905 5047 Μεσοποταμίαν.

2536 5069 2660 5121 "tm
2715 5071 2763 5121 οί
2820 5069 2949 5139 περὶ
2989 5066 3245 5136 Ῥοδάνην
3289 5068 3383 5119 καὶ
3435 5065 3695 5118 Σινωνίδα
3743 5062 4039 5130 φεύγοντες

2461 5161 2578 5228 ἆμα
2620 5160 2867 5231 Σοραίχῳ
2916 5160 3268 5231 καταίρουσιν
3311 5158 3390 5221 εἰς
3426 5156 3711 5227 γεωργοῦ·
3754 5153 3833 5223 τῷ
3872 5153 3919 5205 δ’
3968 5149 4038 5222 ἦν

2461 5252 2621 5321 κόρη,
2646 5250 2893 5323 θυγάτηρ
2918 5252 3057 5321 καλὴ
3080 5253 3178 5322 τὴν
3199 5250 3478 5321 wind?“
3508 5246 3819 5319 χηρωθεῖσα
3843 5246 3939 5299 καὶ
3969 5248 4037 5314 τῇ

2092 5405 2325 5459 νΑιιιΑΞ
2368 5406 2768 5462 LECTIONES.

852 5533 896 5565 ⁸⁷
934 5533 1146 5599 Οὑῆρον
1176 5528 1531 5599 Casanhouus
1570 5542 1583 5577 :
1621 5522 1815 5599 οῦκρον
2054 5518 2243 5599 (ξποιιΑ
2275 5534 2289 5569 τ
2320 5518 2530 5599 ὃτιμποῖ
2560 5538 2621 5583 ς.
2697 5522 2743 5552 ⁸⁹
2779 5522 3090 5592 τελευτήσει
3127 5540 3185 5585 ς.

3281 5523 3327 5557 ’⁸³
3358 5520 3568 5575 ἐκεῖθεν
3624 5520 3671 5575 Α
3699 5537 3713 5575 :
3747 5518 3947 5589 ἔθηκεν
3972 5536 4036 5586 ς’.

780 5607 821 5634 τι
852 5589 1151 5670 ἐθεράξευε
1183 5616 1245 5661 ς,
1320 5598 1364 5627 ⁸⁸
1399 5596 1485 5649 διὰ
1512 5599 1555 5647 Α
1590 5613 1603 5647 :
1637 5595 1693 5647 δὲ
1714 5589 1773 5657 ξ.
1848 5592 1895 5621 ’³
1921 5589 2034 5659 τὸν]
2058 5591 2115 5642 δὲ
2138 5591 2228 5643 τὸν
2262 5606 2322 5651 ς.
2398 5590 2445 5621 ’⁵
2482 5592 2913 5662 διαπεφευγέναι
2947 5589 3003 5656 ςξ

2304 5705 2534 5763 NOTAE.

850 5810 961 5881 (σι)
997 5808 1065 5865 Μ.
1106 5810 1290 5861 Aurel.
1322 5805 1631 5859 Antoninus
1658 5800 2032 5868 Pliilos'Opltus.
