4224 6442
161 418 267 483 333

1273 408 1797 470 BIBLIOTHECA.
1829 432 1896 445 --
1930 404 2099 469 COD.
2138 403 2339 466 XCIV.

3333 406 3440 471 33!

162 535 304 603 πρὸς
352 530 452 583 τιν
484 529 653 600 ἄνδρα
702 527 886 598 εὖνοεᾳ
927 526 1025 590 τὰς
1071 525 1267 597 τρίχας
1298 526 1755 596 περικειραμὲνη.

1804 525 1837 583 ι
1861 523 1971 594 78
1985 525 2012 575 b
2030 523 2257 590 ejusque
2283 519 2555 576 desiderio
2576 521 2765 576 crines
2781 530 3015 577 attonsa.
3048 520 3173 579 Hec
3189 530 3439 593 torquem

165 626 468 693 Πέμπεται
497 621 637 689 αὕτη
659 621 757 688 τῆς
791 619 1039 681 ἁλύσεως
1063 620 1163 688 τῆς
1199 616 1406 687 χρυσῆς
1433 616 1761 686 ἀπεμπολῆ-

167 733 282 775 σαι,
312 716 386 784 ἣν
410 716 459 766 οἱ
494 712 896 780 περὶῬοδάνην
922 712 985 762 ἐκ
1012 708 1124 761 τῶν
1153 707 1372 776 δεσμῶν
1398 708 1759 777 ἐπεφέροντο·

167 807 261 855 καὶ
289 808 487 857 ἄπεισι
518 805 655 872 πρὸς
691 802 783 855 τὸν
808 801 1102 871 χρυσοχόον
1124 801 1158 868 ἠ
1193 798 1285 851 τοῦ
1314 798 1565 868 γεωργοῦ
1592 799 1764 866 θυγά-

168 912 297 962 τηρ,
332 895 451 945 Καὶ
486 893 611 944 ἰδὼν
640 894 846 953 ἐκεῖνος
876 891 977 959 τήν
1008 907 1066 941 τε
1107 889 1229 956 δψιν
1264 890 1364 955 τῆς
1393 886 1565 957 κόρης
1594 887 1766 957 καλὴν

170 991 263 1037 καὶ
289 987 399 1053 τῆς
429 985 676 1044 ἁλύσεως
718 982 781 1034 τὸ
824 982 1009 1051 μέρος,
1041 977 1110 1051 ἦς
1142 979 1306 1041 αὐτὸς
1334 980 1577 1048 ἐργάτης
1604 977 1767 1046 ἐτύγ-

170 1095 328 1146 χανε,
373 1079 468 1128 καὶ
504 1077 603 1146 τὴν
638 1075 817 1144 κόμην
870 1076 1308 1146 περιῃρημένην,
1345 1072 1564 1124 ὑπονοεῖ
1604 1073 1771 1124 Σινω-

172 1169 291 1218 νέδα
343 1164 511 1229 εἶναι,
569 1170 655 1219 ιιαὶ
708 1166 928 1234 πέμψας
985 1165 1120 1233 πρὸς
1164 1165 1355 1232 Δάμαν
1394 1165 1489 1216 καὶ
1523 1162 1768 1215 λαϐὼν⁹¹

175 1261 428 1326 φύλακας
462 1260 852 1329 ἀπερχομένην
884 1257 1147 1325 ἐφύλαττε
1188 1256 1394 1325 κρύφα.
1438 1257 1503 1309 Ἠ
1529 1256 1610 1319 δι,
1633 1256 1767 1309 ὑπο-

176 1357 427 1419 νιιὴσασα
471 1354 533 1402 τὸ
592 1351 987 1419 πραττόμενον,
1021 1349 1214 1417 φεύγει
1237 1351 1315 1411 είς
1362 1348 1568 1419 ἔρημον
1596 1350 1769 1402 κατά-

176 1443 329 1509 λυμα
355 1460 368 1471 ·
404 1445 464 1493 ὲν
496 1436 539 1508 ᾧ
572 1442 666 1493 καὶ
697 1442 763 1493 τὰ
792 1443 919 1510 περὶ
950 1442 1049 1509 τῆς
1082 1442 1250 1509 κόρης
1284 1440 1383 1507 τῆς
1412 1442 1775 1510 ἐπικαλουμέ-

178 1552 273 1604 νης
293 1537 340 1566 ’⁸
374 1536 669 1604 Τροφεμης
703 1535 796 1586 καὶ
819 1534 912 1587 τοῦ
936 1534 1126 1587 δούλου
1176 1532 1273 1585 τοῦ
1300 1533 1528 1602 ἐραστοῦ
1555 1536 1648 1586 καὶ
1677 1552 1774 1601 φο-

179 1633 340 1693 νέως.
374 1632 473 1682 καὶ
509 1629 605 1681 τοῦ
637 1630 843 1699 κόσμου
873 1630 966 1682 τοῦ
998 1628 1221 1699 χρυσοῦ,
1246 1629 1338 1681 καὶ
1370 1630 1424 1681 ai
1453 1629 1771 1699 ἕκθεσμοι⁹⁷

177 1722 274 1773 τοῦ
311 1724 506 1775 δούλου
540 1723 793 1791 πράξεις,
817 1722 911 1775 καὶ
944 1722 1006 1773 τὺ
1034 1721 1228 1774 ἑαυτὸν
1250 1720 1569 1788 ἐπισφάξαι,
1590 1724 1684 1773 καὶ
1713 1722 1773 1773 τὸ

179 1814 573 1881 αἱματωοῆναι
619 1815 718 1883 τὴν
766 1812 860 1866 τοῦ
903 1810 1153 1881 γεωργοῦ
1201 1811 1479 1881 θυγατέρα
1524 1816 1638 1873 τοῖς
1680 1810 1773 1863 τοῦ

179 1906 437 1957 ὲαυτὸν⁹⁸
456 1906 909 1974 διαχρησαμένου
944 1905 1163 1973 αἵμασι,
1186 1904 1281 1955 καὶ
1310 1905 1338 1955 ὁ
1368 1902 1467 1971 τῆς
1499 1903 1668 1973 κόρης
1688 1902 1777 1957 διὰ

182 1997 359 2049 ταῦτα
391 1998 564 2065 φόϐος
594 1998 686 2050 καὶ
718 2000 750 2065 ὴ
780 1998 947 2067 φυγὴ,
985 1997 1076 2049 καὶ
1106 1998 1138 2065 ἡ
1177 1995 1435 2057 ἔκστασις
1468 1996 1576 2047 τῶν
1603 1992 1774 2062 φυλά-

184 2106 297 2139 κων
328 2089 427 2139 καὶ
472 2088 619 2156 φυγὴ
648 2126 664 2150 ,
701 2088 797 2139 καὶ
830 2088 862 2155 ἡ
916 2087 1052 2155 πρὸς
1093 2085 1185 2137 τὸν
1229 2085 1443 2153 πατέρα
1476 2086 1575 2152 τῆς
1607 2084 1777 2152 κόρης

181 2176 367 2244 ἄφιξις
401 2177 505 2228 καὶ
537 2176 791 2244 διήγησις
822 2174 931 2225 τῶν
966 2174 1464 2243 συγκυρησάντων,
1500 2172 1595 2224 καὶ
1629 2174 1777 2241 φυγὴ

182 2268 397 2319 ἐκεῖθεν
423 2268 538 2318 τῶν
560 2266 985 2335 περὶῬοδάνην,
1012 2268 1105 2318 καὶ
1129 2267 1236 2336 πρὸ
1260 2266 1463 2317 τούτων
1479 2265 1524 2296 ⁸³
1542 2264 1777 2335 γράμμα

186 2362 324 2430 πρὸς
372 2361 600 2428 Γάρμον
634 2359 729 2411 τοῦ
767 2360 1065 2428 χρυσοχόου
1118 2360 1201 2411 ὃτι
1243 2358 1465 2419 Σινωνὶς
1514 2357 1774 2427 εὓρηταιο

188 2454 283 2505 καὶ
311 2449 380 2521 ἦν
419 2454 667 2522 πίστιςή
713 2451 1045 2521 ὲξωνηθείσα
1091 2450 1281 2514 ἅλυσις
1313 2451 1645 2521 πεμπομένη
1684 2452 1778 2503 καὶ

188 2547 257 2597 τὰ
306 2545 471 2606 ἄλλα,
511 2544 547 2598 ἀ
590 2546 719 2613 περὶ
763 2544 860 2614 τὴν
908 2543 1003 2595 τοῦ
1044 2542 1293 2613 γεωργοῦ
1344 2542 1620 2611 θυγατέρα
1675 2542 1779 2595 ὑπ-

187 2639 496 2691 ωπτεύετο.
545 2638 802 2705 Ῥοδάνης
852 2637 978 2707 [155
1003 2635 1096 2707 H.]
1152 2633 1331 2688 ἀπιὼν
1364 2636 1448 2702 ἐφ’
1479 2628 1523 2701 ᾧ
1553 2634 1779 2702 φεύγειν

192 2730 339 2797 φιλεῖ
358 2732 464 2798 τὴν
492 2730 659 2801 κόρην
687 2728 781 2779 τοῦ
814 2728 1084 2797 γεωργοῦ,
1122 2728 1217 2779 καὶ
1245 2727 1548 2779 ἀνάπτεται
1577 2730 1656 2787 εἰς
1684 2728 1777 2794 ὀρ-

191 2822 295 2890 γὴν
342 2821 575 2882 Σινωνὶς
619 2819 706 2871 διὰ
760 2819 938 2879 τοῦτο,
983 2820 1062 2881 εἰς
1112 2820 1369 2872 ὑπόνοιαν
1412 2821 1511 2888 μὲν
1562 2822 1781 2890 πρῶτον

190 2913 482 2982 ἀξιγμένη
516 2911 611 2963 τοῦ
642 2913 971 2979 φιλήματος,
1017 2909 1149 2981 [ξ’-45
1175 2910 1263 2981 lt]
1316 2910 1507 2964 ἔπειτα
1540 2912 1637 2964 καὶ
1674 2912 1782 2963 ἀπὸ

195 3005 302 3057 τῶν
336 3004 437 3055 τοῦ
483 3003 766 3063 Ῥοδανους
817 3003 1038 3071 χειλέων
1085 3002 1398 3071 ἀφελομένη
1439 3003 1500 3053 τὸ
1544 2998 1703 3069 αἷμα,
1754 3001 1783 3053 δ

196 3097 434 3166 φιλήσας
488 3096 657 3165 αὐτὴν
697 3097 1144 3165 περιεκέχριστο,
1198 3097 1278 3153 εἰς
1316 3095 1543 3164 ἰσχυρὰν
1598 3096 1783 3147 πίστιν

193 3189 584 3242 καταστᾶσα¹.
642 3189 804 3257 Ζητεῖ
853 3188 941 3241 διὰ
980 3187 1142 3240 τοῦτο
1185 3188 1410 3248 Σινωνὶς
1462 3188 1560 3255 τὴν
1607 3187 1782 3255 κόρην

195 3286 436 3343 ἀνελεῖν,
467 3284 562 3333 καὶ
583 3282 946 3351 ὑποστρέφειν
969 3280 1106 3349 πρὸς
1138 3280 1308 3348 ἀυτὴν
1332 3280 1597 3347 ἠπείγετο
1622 3280 1785 3333 καθά-

198 3394 306 3446 περ
338 3393 424 3437 τις
457 3377 740 3444 ἐμμανήςο
774 3376 869 3427 καὶ
916 3375 1208 3426 συνέπεται
1242 3374 1521 3441 Σόραιχος,
1555 3372 1679 3424 ἐπεὶ
1709 3372 1783 3442 μὴ

198 3469 500 3536 κατασχεῖν
542 3466 642 3534 τῆς
688 3463 990 3534 μανιώδους
1033 3465 1212 3534 ὁρμῆς
1264 3465 1439 3532 ῑσχυε.
1479 3466 1589 3515 Καὶ
1642 3480 1780 3515 κατα

198 3561 452 3630 αἰρουσιν
492 3559 569 3619 εἰς
614 3557 871 3610 πλουσίου
903 3556 1069 3621 τινὸς,
1100 3556 1163 3608 τὸ
1195 3552 1328 3625 ἦθος
1365 3554 1423 3605 δὲ
1456 3554 1782 3617 ἀκολάστου,

198 3654 457 3722 Σήταπος
508 3650 659 3720 αὐτῷ
706 3651 919 3718 ὄνομα,
978 3648 1036 3711 ὃς
1085 3649 1187 3718 ἐρᾷ
1220 3648 1317 3717 τῆς
1365 3647 1649 3708 Σινωνίδος
1690 3647 1784 3699 καὶ

200 3744 403 3813 πειρᾷ·
459 3743 492 3811 ἡ
520 3741 576 3793 δὲ
609 3743 846 3811 ἁντερᾷν
880 3739 1257 3811 ὑποκρίνεται,
1303 3740 1395 3791 καὶ
1444 3738 1785 3808 μεθυσθέντα

197 3836 292 3885 τὸν
325 3835 580 3903 Σῄταπον
632 3832 753 3884 κατ’
788 3833 958 3902 αὐτὴν
987 3834 1087 3901 τὴν
1117 3831 1288 3884 νύκτα
1340 3831 1435 3885 καὶ
1476 3831 1576 3902 τὴν
1609 3832 1785 3901 ἀρχὴν

199 3925 295 3977 τοῦ
326 3926 531 3994 ἔρωτος
566 3925 775 3993 ἀναιρεῖ
798 3924 961 3990 ξίφει.
996 3925 1104 3975 Καί
1124 3923 1333 3986 ἀνοῖξαι
1360 3923 1666 3976 κελεύσασα
1688 3924 1785 3993 τὴν

199 4018 415 4080 αὔλιον,
456 4017 552 4067 καὶ
583 4017 675 4067 τὸν
704 4017 965 4085 Σόραιχον
990 4015 1289 4082 ἀγνοοῦντα
1319 4015 1380 4067 τὸ
1420 4012 1664 4084 πραχθὲν
1693 4030 1788 4065 κα-

197 4109 534 4171 ταλιποῦσα,
585 4109 680 4160 ἐπὶ
728 4108 827 4177 τὴν
870 4108 963 4160 τοῦ
998 4107 1244 4177 γεωργοῦ
1280 4107 1450 4176 κόρην
1497 4106 1783 4175 ἠλαύνετο.

200 4202 470 4270 Σόραιχος
498 4199 573 4263 δὲ,
597 4198 695 4269 τὴν
720 4199 896 4262 ἔξοδον
918 4199 1086 4267 αὐτῆς
1110 4198 1315 4269 μαθὼν,
1342 4198 1562 4250 ἐδίωκεν
1582 4197 1783 4261 ὀπίσω,

200 4294 301 4345 καὶ
333 4291 754 4361 καταλαμϐάνει
791 4291 929 4359 ἔχων
961 4291 1080 4359 μεθ’
1114 4290 1310 4342 ἑαυτοῦ
1341 4290 1431 4340 καὶ
1479 4290 1585 4340 τῶν
1614 4289 1786 4357 Σητά-

203 4404 309 4438 που
344 4384 573 4447 δούλων,
608 4384 701 4445 οὓς
752 4379 820 4451 ἦν
850 4382 1285 4451 μισθωσάμενος,
1319 4381 1403 4432 ἴνα
1430 4381 1649 4450 κωλύσῃ
1687 4380 1785 4449 τὴν

204 4478 429 4546 σφαγὴν
464 4477 563 4545 τῆς
588 4475 684 4527 τοῦ
718 4474 963 4546 γεωργοῦ
997 4475 1195 4541 κόρης*
1226 4471 1547 4525 καταλαϐὼν
1574 4472 1630 4524 δὲ
1655 4473 1784 4523 ἀνα-

1866 616 2011 667 illam
2046 627 2270 668 auream
2309 613 2547 667 vendere
2608 613 2863 677 mittitur.
2926 630 3089 685 quam
3129 630 3161 670 e
3205 617 3443 673 vinculis

1865 704 2159 759 Rhodanes
2196 712 2357 772 atque
2380 702 2602 757 Sinonis
2630 704 2948 759 attulerant.
3003 704 3203 762 Verum
3244 710 3312 761 ad
3342 724 3444 763 au:

1866 796 2131 853 rifabrum
2161 796 2419 865 agricola
2463 795 2571 849 filia
2617 805 2675 850 ut
2715 797 2883 861 venit,
2933 798 3124 866 puella:
3154 798 3243 854 hic
3272 814 3447 854 venu-

1866 894 2032 948 state,
2091 894 2146 938 et
2175 884 2385 952 torquis
2414 894 2589 953 parte,
2626 899 2788 949 quam
2817 884 2935 953 ipse
2969 884 3316 950 fabricasset,
3346 888 3444 941 dc-

1871 985 2135 1043 tonsaque
2189 988 2344 1028 coma
2401 984 2717 1040 conspecta,
2773 974 2944 1043 ipsam
3002 990 3127 1031 esse
3180 974 3444 1032 Sinonidn

1870 1070 2200 1137 suspicatur.
2242 1067 2408 1122 Htttit
2436 1069 2608 1138 igitur
2653 1069 2723 1123 ad
2750 1067 2998 1132 Damam,
3041 1072 3450 1139 assumptisque

1871 1160 2214 1223 custodibus,
2257 1159 2642 1214 abscedentem
2711 1157 2943 1227 puellam
2975 1160 3116 1214 clam
3162 1162 3441 1217 observat.

1872 1250 1989 1317 Illa,
2017 1251 2145 1319 quid
2165 1260 2417 1323 ageretur
2446 1251 2743 1321 suspicata,
2763 1251 2819 1306 in
2861 1251 3133 1308 desertum
3156 1269 3214 1308 se
3258 1254 3453 1324 recipit

1873 1342 2205 1395 domicilium
2242 1358 2256 1393 :
2287 1343 2374 1394 ubi
2418 1354 2469 1395 et
2529 1342 2644 1408 illa,
2689 1357 2811 1410 quae
2860 1341 2929 1398 de
2972 1345 3152 1413 puella
3209 1347 3446 1414 quadam

1875 1436 2169 1506 Tropbima
2205 1441 2440 1499 nomine,
2476 1450 2528 1491 et
2556 1438 2622 1491 de
2644 1453 2803 1491 servo
2831 1450 3070 1501 amante.
3097 1448 3258 1509 atque
3280 1440 3456 1494 homi-

1875 1532 2018 1593 cida,
2050 1530 2289 1599 itemque
2320 1531 2386 1585 de
2410 1529 2609 1583 mundo
2644 1530 2894 1583 muliebri
2929 1546 3095 1586 aureo
3130 1543 3453 1594 narrantur.

1876 1624 2222 1691 contigerunt
2253 1641 2266 1676 :
2299 1623 2530 1676 nefanda
2588 1624 2808 1690 insuper
2859 1623 2951 1677 illa
2996 1625 3138 1678 servi
3190 1624 3453 1690 facinora,

1877 1718 2093 1780 quando
2126 1724 2181 1766 et
2202 1728 2392 1767 manus
2416 1714 2503 1767 ille
2532 1713 2633 1767 sibi
2660 1715 2856 1777 intulit,
2881 1725 2939 1767 ut
2979 1716 3166 1769 rustici
3190 1715 3296 1769 tilia
3323 1732 3454 1771 san-

1879 1806 2043 1872 guine
2069 1819 2287 1872 aspersa
2336 1815 2592 1873 metuque
2632 1820 2909 1874 percussa,
2966 1805 3188 1875 fugerit,
3250 1810 3457 1861 territis

1804 1868 1851 1927 Β
1880 1868 2054 1964 irque,
2089 1868 2148 1949 et
2180 1896 2231 1948 in
2289 1897 2468 1964 fugam
2505 1868 2683 1951 versis
2717 1868 3054 1953 custodibus:
3111 1868 3191 1952 Ad
3244 1910 3457 1968 patrem

1877 1988 2061 2056 itaque
2114 1988 2220 2041 filia
2281 2003 2522 2050 reversa,
2584 1997 2771 2041 narrat
2825 2004 2887 2044 ea
2943 2004 3065 2059 qua:
3118 1991 3455 2045 acciderant.

1878 2078 2054 2143 Quare
2086 2078 2263 2148 fugam
2290 2080 2416 2133 inde
2442 2080 2677 2146 capessit
2702 2080 3008 2136 Rhodopes.
3033 2082 3254 2136 Littera!
3277 2093 3457 2137 autem

1880 2181 2004 2224 ante
2028 2171 2141 2224 inec
2186 2172 2251 2225 ad
2290 2168 2547 2224 Garmum
2582 2172 2651 2225 ab
2689 2172 2967 2226 aurifabro
3015 2174 3195 2227 missa:
3241 2172 3458 2227 fut-rant

1879 2264 1948 2316 de
1990 2273 2204 2332 reperta
2256 2263 2519 2318 Sinoniule
2548 2280 2562 2317 :
2591 2263 2857 2333 ﬁdemque
2899 2264 3125 2330 fecerat,
3172 2281 3293 2320 cum
3348 2276 3459 2319 ιομ

1879 2368 2014 2422 ques
2036 2364 2235 2423 empta,
2268 2366 2431 2424 atque
2466 2352 2533 2406 ad
2572 2369 2692 2407 emn
2737 2357 2921 2421 missa,
2968 2366 3081 2409 tum
3114 2366 3306 2411 extera
3340 2375 3461 2427 quae

1881 2449 1949 2501 de
1982 2447 2170 2501 rustici
2207 2447 2295 2500 ille
2328 2448 2435 2500 filia
2469 2448 2794 2517 suspicando
2832 2449 3123 2518 cogitarat.
3164 2448 3459 2505 Rbodanes

1884 2539 1991 2601 hic,
2046 2538 2173 2592 dum
2224 2537 2347 2607 fuga
2391 2539 2495 2593 sibi
2538 2540 2887 2595 consulturus
2920 2541 3178 2607 discedit,
3211 2544 3458 2597 osculum

1883 2629 2069 2683 rustici
2097 2628 2216 2682 filia:
2232 2626 2410 2682 otIert.
2432 2627 2795 2693 Quamobrem
2824 2631 2902 2682 ira
2919 2628 3142 2684 Sinonis
3160 2630 3461 2697 incanduit,

1883 2721 2010 2775 dum
2034 2723 2087 2775 in
2114 2723 2473 2791 suspicionem
2497 2724 2731 2791 primum
2760 2724 2905 2777 venit
2935 2725 3093 2787 basii,
3124 2739 3243 2791 qua
3270 2726 3463 2779 deinde

1884 2816 2126 2881 suspicio
2179 2814 2421 2884 (quando
2469 2831 2531 2869 ex
2561 2813 2840 2871 Rhodanis
2892 2815 3050 2869 labiis
3079 2817 3307 2870 detersit
3331 2832 3463 2872 sau-

1884 2908 2123 2973 guinem,
2147 2908 2236 2973 qui
2268 2906 2497 2974 puellam
2535 2907 2827 2961 osculando
2848 2908 2895 2961 ei
2927 2907 3256 2976 adltwserat)
3290 2910 3463 2978 magis

1886 2998 2052 3051 etiam
2086 3007 2172 3049 est
2216 2997 2555 3050 conﬁrmata.
2623 2996 2757 3052 Ilinc
2809 2998 3121 3052 interimere
3165 2999 3277 3052 vult
3300 3004 3465 3053 rusti-

1886 3103 2003 3141 cam
2053 3088 2284 3156 puellam
2324 3088 2567 3150 Sinonis.
2623 3099 2876 3156 retroque
2898 3089 2963 3142 ad
3003 3089 3149 3142 illam
3174 3105 3294 3144 sese
3328 3105 3461 3144 can-

1890 3178 2031 3242 tulit,
2065 3179 2260 3230 I'uremi
2292 3179 2506 3232 similis.
2560 3177 2872 3242 Sormclius,
2932 3180 3056 3247 quia
3106 3178 3459 3235 furibundum

1889 3268 2006 3337 ejus
2065 3269 2317 3336 impetum
2369 3268 2643 3323 refrenare
2697 3285 2800 3323 nou
2860 3282 3064 3339 posset,
3121 3272 3457 3340 insequitur;

1889 3358 2296 3428 succeduntth
2357 3362 2411 3413 in
2462 3363 2680 3413 domum
2733 3362 2913 3415 divitis
2949 3363 3166 3431 quidem
3202 3364 3458 3425 liotninis.

1888 3453 1981 3505 sed
2013 3454 2235 3518 perditis
2264 3455 2524 3519 moribus,
2555 3456 2637 3507 cui
2675 3454 2875 3521 Setapu
2909 3471 3126 3509 nomen.
3173 3455 3271 3511 llic
3295 3456 3460 3509 Sinu-

1890 3544 2031 3598 nidis
2065 3560 2252 3597 amore
2278 3558 2486 3613 captus,
2540 3548 2712 3613 pergit
2749 3560 2868 3600 eam
2903 3547 3223 3612 sollicitare,
3261 3558 3314 3601 et
3347 3548 3457 3611 illa,

1892 3640 2172 3693 redamare
2202 3655 2261 3692 se
2289 3640 2516 3705 (ingens,
2551 3640 2760 3694 ebrium
2781 3640 3042 3708 Setapum
3088 3652 3276 3703 noctu,
3326 3653 3380 3695 et
3408 3642 3459 3693 in

1890 3734 2089 3785 amoris
2133 3733 2310 3795 initio,
2354 3731 2498 3786 ferro
2541 3734 2790 3799 coniicit;
2840 3734 3062 3787 domum
3113 3732 3309 3787 deinde
3357 3734 3458 3786 sibi

1889 3826 2087 3893 aperiri
2112 3826 2390 3893 illajubet,
2437 3838 2491 3879 et
2531 3827 2607 3881 rei
2657 3836 2822 3896 gesta;
2861 3827 3108 3896 ignarum
3144 3824 3459 3880 Sormcbnm

1890 3918 1961 3971 ibi
2002 3919 2334 3987 relinquens,
2391 3917 2456 3970 ad
2492 3917 2675 3973 rustici
2725 3918 2887 3975 filiam
2950 3928 3222 3987 properat.
3263 3916 3461 3972 Verum

1888 4016 2108 4080 cognito
2135 4010 2425 4065 Seniachus
2456 4010 2575 4078 eius
2596 4012 2862 4075 discessu,
2891 4026 3029 4079 pone
3056 4011 3325 4079 sequitur,
3377 4026 3465 4062 co-

1891 4104 2156 4168 mitesque
2188 4117 2368 4156 secum
2401 4103 2550 4155 ἀοι-ῆι
2578 4102 2644 4156 de
2669 4100 2858 4170 Setapi
2888 4102 3060 4156 servis
3080 4101 3308 4171 aliquot,
3328 4117 3465 4169 quos

1889 4206 1947 4249 ut
1984 4196 2233 4263 agricola:
2268 4196 2387 4247 filiae
2417 4196 2617 4247 caulem
2674 4193 3008 4263 prohiberet,
3062 4192 3312 4247 mercede
3336 4209 3465 4247 con-

1892 4293 2145 4343 duxerat.
2205 4292 2501 4342 Assecutus
2545 4289 2707 4356 igitur
2754 4303 2873 4341 eam
2924 4298 3184 4354 carpento
3237 4288 3467 4354 imponit

1888 4383 2032 4452 (nam
2067 4390 2117 4433 ct
2150 4381 2251 4434 hoc
2285 4381 2386 4433 sibi
2416 4380 2723 4448 paraverat)
2754 4377 2921 4447 77a,
2968 4393 3031 4431 ac
3065 4390 3212 4431 retro
3236 4378 3465 4432 reverti-

1891 4486 1995 4527 tur.
2056 4471 2428 4525 Redeuntibus
2455 4485 2632 4524 autem
2674 4471 2802 4533 illis,
2851 4469 3033 4523 cmteri
3082 4471 3224 4523 servi
3253 4468 3463 4537 Selapi,

201 4570 481 4638 λαμὸανει
506 4569 585 4629 είς
608 4568 709 4637 τὴν
731 4563 1067 4636 ἁρμάμαξαν
1085 4564 1520 4633 (παρεσκεύαστο
1544 4565 1655 4632 γὰρ
1692 4566 1777 4614 καὶ

1816 4569 1980 4649 uni
2024 4565 2135 4634 jam
2187 4562 2528 4634 interfectum
2576 4563 2766 4614 herum
2797 4558 3287 4629 deprehenderant,
3330 4560 3466 4614 furi-

198 4662 384 4729 τοῦτο)
417 4664 513 4712 καὶ
554 4658 850 4713 ἀπελαύνει
879 4658 1077 4709 ὀπίσω.
1112 4656 1592 4725 ’Υποστρεφόντων
1616 4654 1673 4706 δὲ
1693 4656 1787 4706 αύ-

1890 4658 2057 4711 hundi
2087 4666 2401 4718 accurrunt,
2448 4664 2767 4723 captamque
2799 4652 3084 4717 Sinonida,
3143 4663 3199 4705 et
3232 4652 3463 4705 vinculis

198 4756 312 4807 τῶν
344 4756 394 4807 οἱ
425 4752 521 4805 τοῦ
554 4754 807 4822 Σητάπου
845 4750 1198 4820 θεράποντες,
1231 4750 1353 4801 ἐπεὶ
1384 4748 1474 4799 τὸν
1519 4748 1777 4817 δεσπότηι

1887 4749 2230 4816 colligatam,
2297 4747 2365 4799 ad
2416 4744 2676 4800 Garmum
2736 4745 2902 4797 veluti
2969 4744 3243 4798 homicidii
3288 4759 3462 4803 ream,

197 4846 557 4920 ἀνῃρημένον
594 4846 912 4907 ἐθεάσαντο,
947 4844 1269 4914 ἀπήντησαν
1296 4840 1651 4910 ὠργισμένοι,
1693 4842 1788 4892 καὶ

200 4937 569 5000 συὶλαὸὀντες
598 4937 858 4990 Σινωνίδα
892 4937 988 4989 καὶ
1011 4936 1297 5004 δήσαντες,
1345 4929 1479 5004 ἦγον
1523 4932 1619 4985 επὶ
1646 4934 1786 5002 Γάρ-

202 5051 308 5102 μον
355 5032 431 5093 ὡς
482 5031 809 5099 ἀνδροφόνον
836 5027 1341 5098 κολασθησομένην.
1386 5027 1497 5080 Καὶ
1528 5026 1785 5097 Σόραιχος

196 5116 267 5195 ἦν
295 5124 535 5190 ἄγγελος
578 5123 820 5175 Ῥοδάνει
859 5123 969 5174 τῶν
999 5120 1206 5184 κακῶν,
1238 5118 1385 5171 κόνιν
1416 5135 1474 5171 τε
1506 5119 1648 5171 κατὰ
1684 5118 1785 5187 τῆς

199 5214 454 5283 κεφαλῆς
500 5214 816 5281 πασάμενος
861 5214 955 5265 καὶ
998 5212 1091 5264 τὸν
1122 5211 1321 5264 κάνδυν
1366 5210 1782 5280 περιερρηγμέο

198 5310 348 5371 νος¹.
402 5306 516 5359 Καὶ
552 5307 813 5374 Ῥοδὰνης
859 5306 1105 5375 ἀναιρεῖν
1160 5302 1355 5356 ἑαυτὸν
1402 5303 1614 5373 ὀρμᾷ³·
1666 5302 1782 5356 ἀλλ’

1887 4852 2183 4909 pinnasque
2210 4838 2456 4890 daturam
2487 4836 2711 4889 ducunt.
2753 4832 3205 4903 Somcbusergo,
3244 4834 3467 4901 pulvere

1887 4944 2142 4999 aspersus
2171 4936 2422 4996 caput,et
2444 4925 2558 4996 (65)
2580 4925 2811 4980 Persica:
2842 4925 3115 4979 involutus
3149 4925 3363 4989 tunicae,
3393 4926 3460 4976 ad

1894 5019 2208 5074 Rhodanem
2237 5017 2591 5072 infortunium
2624 5017 2810 5071 refert.
2846 5015 2925 5068 Ad
2971 5030 3092 5083 qua:
3118 5026 3269 5069 certe
3303 5016 3467 5067 Rho-

1893 5114 2061 5165 daues
2095 5123 2283 5164 necem
2314 5109 2415 5162 sibi
2453 5109 2829 5171 conscivisset,
2882 5107 2935 5160 ni
2970 5107 3257 5161 Seniachus
3294 5108 3468 5161 obsu-

1894 5202 2327 5268 tissel,Garmus
2371 5204 2610 5265 interim,
2672 5199 2906 5269 acceptis
2946 5200 3101 5254 Saca:
3150 5201 3342 5254 litteris
3397 5200 3467 5253 de

1890 5306 2048 5365 capto
2072 5294 2352 5355 Rhodane,
2398 5302 2452 5345 et
2473 5294 2540 5346 ab
2561 5291 2839 5345 aurifabro
2859 5291 2927 5346 de
2945 5290 3205 5345 Sinonitle
3231 5302 3463 5353 retenta,

1511 5438 1743 5493 VABUE
1777 5433 2182 5493 LECTIONES.

272 5564 322 5595 ”
354 5563 537 5615 λαϐὼν
586 5566 620 5613 Α
658 5580 671 5614 :
705 5559 908 5613 ἀνελὼν
950 5578 1010 5625 ς.
1087 5561 1134 5592 ⁸⁸
1182 5559 1526 5629 καλουμένης
1561 5578 1621 5623 ς.

1699 5561 1741 5591 ⁸⁷
1772 5560 1827 5611 αἱ
1888 5554 2171 5626 ἔκθεσμοι]
2202 5553 2297 5615 τάς
2352 5551 2653 5626 ἐκθέσμους
2841 5550 3102 5626 ’[ὲαυτοῦ
3129 5551 3464 5626 διαχειρισα-

202 5636 374 5704 μὲνου
411 5651 471 5696 ς’.
549 5635 593 5665 ⁸⁸
646 5635 778 5703 πρὸς
814 5634 1021 5696 τούτοις
1078 5634 1142 5683 Α.
1222 5633 1237 5660 ¹
1275 5632 1457 5682 πίστιν
1503 5634 1598 5683 καὶ
1628 5645 1854 5684 καταστ.
1892 5645 1953 5692 ς.

2028 5622 2542 5696 ¹’περιερῤιμμένος
2569 5639 2631 5685 ς.
2708 5622 2728 5652 ⁸
2763 5622 2911 5693 ὁρμᾷ
2936 5624 2979 5675 Α
3015 5642 3026 5675 :
3063 5624 3238 5693 τολμᾲ
3296 5622 3354 5687 ς.

1753 5736 1986 5791 NOTAE.

275 5872 388 5939 (65)
418 5870 509 5921 τδν
545 5865 741 5920 κανδὺν
771 5864 1231 5937 περιερριμμένος
1261 5862 1395 5917 Vide
1430 5860 1659 5925 Polluc.,
1693 5857 1843 5928 Bayf.
1888 5866 1940 5913 et
1964 5866 2088 5914 ante
2112 5858 2243 5913 alios
2273 5857 2500 5914 doetiss.
2527 5855 2769 5911 Brisson.
2810 5851 3141 5907 Persicorum
3167 5866 3183 5904 ι
3224 5861 3277 5904 ct
3308 5866 3389 5904 tn.
