4224 6442
715 328 827 393 335

1876 318 2137 379 ΡΗΟΤΙΙ
2162 316 2664 377 PATRIARCH/E
2693 318 2806 381 (ΖΡ.

3897 316 4007 379 336

720 437 919 511 gaudio
976 432 1226 504 perfusus
1300 429 1369 484 ad
1425 428 1843 485 sacrificandum
1908 430 2015 483 diis
2071 430 2300 493 accedit,

2423 429 2656 482 ἐκώλυε*
2701 430 2981 499 Σόραιχος.
3021 428 3079 480 '0
3122 428 3215 479 δὲ’
3262 427 3480 498 Γάρμος
3513 428 3666 481 Σάκα
3708 427 4009 497 δεξάμενος

724 528 1047 599 nuptiasque
1072 532 1247 595 parat.
1288 522 1563 576 Praeconis
1616 521 1745 575 item
1793 534 1927 575 voce
1980 522 2179 590 ubique
2224 522 2315 575 de-

723 618 962 675 nuntiari
988 617 1164 687 jubet,
1208 624 1265 667 tit
1296 612 1461 667 vincti
1492 628 1686 668 omnes
1716 613 2003 667 solvantur
2028 624 2196 683 atque
2226 615 2313 665 tli-

721 712 1028 767 mittantur.
1074 707 1150 762 Ita
1187 705 1429 771 Sinonis,
1462 720 1581 774 quae
1608 720 1637 757 a
1672 704 1856 773 Setapi
1881 720 2075 760 servus
2107 708 2159 758 in
2199 706 2315 758 vin-

724 802 847 857 cula
876 801 1199 864 ducebatur,
1256 798 1475 868 publico
1521 798 1743 853 decreto
1786 796 1984 861 soluta,
2032 812 2095 851 ac
2153 812 2314 849 missa

729 892 872 949 facta
914 900 1021 947 est.
1073 890 1294 945 Damam
1344 899 1607 958 praetcrea
1662 888 1837 943 occidi
1865 886 2101 942 Garmus
2134 888 2311 957 jubet,

730 986 1072 1052 traditurque
1103 983 1175 1037 illi
1208 982 1309 1049 ipsi
1346 981 1611 1045 carnifici,
1656 995 1818 1050 quem
1858 982 2088 1049 ipsemet
2137 995 2202 1034 ex
2230 994 2318 1033 sa-

728 1076 953 1132 cerdote
1001 1074 1312 1130 carniﬁcem
1358 1073 1581 1127 fecerat.
1633 1071 2027 1141 Indignabatur
2085 1073 2314 1133 etenim.

730 1166 874 1237 quod
906 1168 1050 1232 apud
1091 1166 1227 1217 alios
1263 1161 1579 1225 liliodanes,
1636 1173 1691 1214 ut
1725 1160 1976 1229 putabat,
2000 1174 2061 1212 ac
2095 1157 2316 1212 Sinonis

730 1257 1013 1314 constricti
1080 1265 1414 1310 tenerentur.
1476 1253 1656 1307 Daune
1702 1251 1946 1308 succedit
1988 1250 2157 1305 frater
2198 1249 2317 1317 ejus

735 1351 1010 1404 Mouasus.

794 1612 1042 1666 Narratio
1058 1607 1540 1666 tleindeinstituitn
1561 1624 1585 1662 r
1608 1608 1673 1662 de
1707 1607 1967 1660 Berenice
1995 1606 2108 1676 (66)
2144 1604 2316 1675 Εεν-

736 1708 968 1773 ptiorunt
1026 1703 1166 1772 regis
1227 1702 1355 1766 filia,
1415 1703 1587 1770 deque
1624 1700 1846 1754 immani
1879 1701 1995 1768 ejus
2020 1711 2074 1753 et
2100 1699 2319 1753 infando

2419 522 2655 592 γράμμα
2686 520 3150 592 ὅτιπερῬοδάνης
3176 520 3555 591 συνείληπται,
3584 524 3678 575 καὶ
3700 522 3895 591 παρὰ⁸
3912 523 4008 574 τοῦ

2420 615 2717 684 χρυσοχόου
2745 614 2829 666 ὅτι
2860 614 3081 675 Σινωνὶς
3115 610 3319 681 ἔχεται,
3338 613 3527 682 ἔχαιρέ
3547 629 3606 665 τε
3639 613 3733 665 καὶ
3762 612 3889 665 ἔθυε
3916 613 4013 665 καὶ

2417 710 2544 768 τοὺς
2578 708 2789 774 γάμους
2818 704 3107 775 ἡτοίμαζε,
3142 704 3237 756 καὶ
3267 706 3538 774 κήρυγμα
3589 704 3815 773 ῆπλωτο
3868 722 4011 756 παν-

2417 798 2581 867 ταχοῦ
2614 799 2821 861 πάντας
2860 796 3139 866 δεσμώτας
3190 796 3419 851 λύεσθαι
3450 799 3544 849 καὶ
3576 797 3868 864 ἀφίεσθαι*
3914 796 4014 847 καὶ

2419 890 2643 954 Σινωνὶς
2676 891 2782 942 ὑπὸ
2811 890 2921 942 τῶν
2951 889 3207 959 Σητάπου
3239 888 3591 962 θεραπόντων
3615 889 3837 957 δέσμιος
3875 888 4014 953 άγο-

2423 983 2559 1052 μένη
2595 981 2671 1051 τῷ
2707 981 2871 1050 κοινῷ
2896 980 2991 1034 τοῦ
3024 978 3386 1051 κηρύγματος
3424 978 3614 1031 λύεται
3642 980 3736 1032 καὶ
3760 979 4009 1044 ἀφίεται.

2422 1078 2612 1145 Δάμαν
2634 1075 2691 1127 δέ
2723 1075 2939 1127 κελεύει
2974 1074 3192 1145 Γάρμος
3227 1072 3604 1143 παραδοθῆναι
3634 1072 3876 1141 θανάτῳ,
3914 1073 4014 1121 καὶ

2420 1167 2774 1238 παραδίδοται
2804 1165 2985 1235 δημίῳ
3017 1164 3077 1217 ὃν
3104 1164 3268 1225 αὐτὸς
3300 1163 3410 1218 ἀπὸ
3456 1164 3647 1232 ἱερέως
3680 1165 3760 1226 είς
3788 1163 3883 1214 τὸν
3922 1162 4017 1232 5+,-

2437 1278 2561 1329 μιον
2595 1260 2930 1329 μετέστησεν
2951 1277 2964 1289 ·
3015 1258 3366 1327 ἐδυσχέραινε
3408 1257 3466 1309 δέ
3504 1255 3583 1324 τῷ
3614 1256 3773 1327 Δάμᾳ
3808 1256 3838 1306 ὁ
3866 1255 4014 1323 Γάρ-

2430 1371 2551 1424 μος,
2601 1354 2684 1405 ὃτι
2711 1352 2841 1423 παρ’
2872 1350 3053 1413 ἄλλοις
3101 1349 3381 1419 Ῥοδάνης,
3409 1350 3484 1410 ὡς
3515 1348 3758 1417 ἐνόμιζε,
3792 1347 3888 1399 καὶ
3919 1346 4015 1397 Σι-

2422 1444 2583 1507 νωνὶς
2636 1442 3061 1511 συνεσχέθησαν.
3098 1441 3355 1510 Διάδοχος
3389 1441 3448 1493 δὲ
3498 1439 3657 1509 Δάμα
3708 1439 3739 1491 ό
3779 1437 4016 1506 ἀδελφὸς

2420 1536 2749 1589 καθίσταται
2780 1535 3049 1596 Μόνασος.

2492 1627 2753 1695 Διάληψις
2788 1626 2918 1695 περὶ
2950 1624 3276 1694 Βερενίκης,
3330 1624 3453 1693 ἣτις
3499 1618 3569 1693 ἦν
3610 1621 3865 1688 θυγάτηρ
3918 1620 4018 1671 τοῦ

2425 1718 2686 1787 βασιλέως
2719 1716 3054 1784 Αἰγυπτίων,
3078 1717 3173 1767 καὶ
3202 1714 3314 1767 τῶν
3342 1714 3555 1785 ἀγρίων
3586 1714 3755 1783 αὐτῆς
3796 1712 3895 1764 καὶ
3926 1716 4021 1763 ἐκ-

736 1813 943 1861 amore,
978 1806 1147 1864 utque
1172 1794 1239 1850 ad
1274 1794 1433 1863 hujus
1459 1792 1852 1860 MeSOpotamia
1894 1791 2221 1861 colloquium
2256 1806 2318 1844 ac

2423 1810 2640 1880 θέσμων
2680 1808 2932 1880 ἐρώτωνο
2987 1810 3081 1860 καὶ
3106 1809 3253 1869 ὅπως
3306 1807 3746 1876 Μεσοποταμία⁷
3784 1806 4019 1871 συνεγέ-

738 1885 1167 1940 familiaritatem
1218 1885 1549 1954 pervenerit.
1594 1884 1763 1949 Capta
1814 1883 1997 1949 itaque
2039 1890 2163 1948 post
2205 1882 2319 1934 haec

736 1979 1124 2048 Mesopotamia
1166 1993 1196 2030 a
1228 1977 1389 2040 Saca,
1423 1993 1548 2030 cunt
1586 1976 1755 2028 fratre
1793 1989 1894 2027 suo
1938 1974 2219 2043 Euphrate
2249 1974 2316 2026 ad

736 2071 995 2125 Garmuni
1045 2069 1369 2133 adducitur,
1405 2068 1521 2136 qui,
1568 2066 1768 2119 litteris
1808 2066 2073 2117 anril'abri
2118 2067 2321 2117 certior

738 2166 913 2220 faetus
965 2163 1240 2232 aufugisse
1287 2163 1587 2227 Sinonida,
1635 2174 1691 2215 et
1739 2162 1889 2213 illum
1942 2158 2213 2221 interfici,
2267 2169 2321 2212 et

734 2274 926 2312 omnes
955 2259 1020 2311 ad
1068 2258 1209 2311 hunc
1260 2257 1711 2318 custodiendam,
1756 2264 1919 2323 atque
1946 2253 2318 2305 adducendam

739 2351 959 2403 lictores
986 2349 1209 2409 missos,
1236 2362 1341 2399 una
1368 2360 1489 2399 cum
1516 2347 1775 2398 uxoribus
1799 2359 1863 2396 ac
1904 2342 2108 2405 liberis,
2141 2339 2319 2395 defodi

739 2439 1086 2507 vivosjubet.
1121 2436 1289 2492 Canis
1318 2437 1535 2489 interim
1568 2434 1868 2497 Rhodanis,
1898 2430 2187 2502 Hyrcanus
2222 2447 2320 2499 ap-

739 2530 994 2599 pellatus,
1028 2529 1259 2597 repertis
1285 2526 1335 2579 in
1369 2525 1736 2579 abominanda
1772 2526 1865 2579 illo
1894 2526 2198 2578 diversorio
2222 2526 2322 2575 nii-

738 2637 878 2677 serze
906 2620 1096 2690 puella:
1115 2661 1130 2686 ,
1158 2633 1222 2673 ac
1264 2620 1475 2688 perdite
1503 2619 1737 2672 amantis
1783 2618 1921 2671 illius
1949 2626 2110 2685 atque
2140 2616 2320 2671 sicarii

738 2713 1244 2783 servicorporihus,
1282 2712 1428 2765 hunc
1469 2712 1701 2781 primum
1727 2711 1972 2775 devorat,
2010 2724 2132 2763 mox
2159 2711 2321 2761 etiam

740 2808 1000 2877 paulatim
1036 2806 1227 2875 puella:
1270 2806 1478 2860 viscera
1517 2806 1807 2859 mandebat
1834 2845 1849 2869 ,
1876 2820 1998 2859 cum
2030 2815 2181 2873 pater
2213 2804 2325 2871 ipse

740 2900 1019 2955 Sinonidis
1072 2901 1141 2951 ad
1187 2913 1309 2952 eum
1345 2912 1561 2965 (ιυοιιιιυ
1600 2899 1776 2950 locum
1818 2896 2070 2947 accessit.
2126 2896 2324 2963 Agnito

740 2993 906 3061 igitur
936 2989 1214 3045 ltltodanis
1241 3002 1377 3042 cane
1398 3026 1413 3051 ,
1457 3000 1512 3042 et
1554 2990 1786 3058 puellam
1838 3002 2111 3040 semesam
2144 2986 2323 3038 anim-

740 3086 1054 3146 advertetis,
1094 3096 1285 3136 canem
1319 3082 1476 3147 quasi
1511 3080 1769 3135 Sinonida
1794 3081 2006 3134 ulturus
2035 3081 2319 3141 mactavit,

738 3189 906 3244 seque
933 3174 1049 3241 ipse
1081 3174 1274 3240 laqueo
1302 3173 1615 3239 suspendit,
1656 3171 1919 3223 tumulato
1944 3178 2120 3222 tamen
2150 3170 2322 3236 prius,

739 3265 1154 3334 compositoque
1198 3262 1410 3331 reliquo
1459 3262 1650 3329 puellae
1682 3275 1948 3328 corpore,
1987 3260 2250 3325 inscripto
2296 3272 2327 3312 e

740 3359 893 3413 canis
916 3356 1187 3425 sanguine
1248 3354 1424 3417 titulo,
1455 3352 1558 3406 Hic
1596 3356 1696 3407 sita
1728 3363 1801 3406 est
1830 3352 2052 3419 pulchra
2085 3350 2323 3405 Sinonis.

740 3453 1106 3503 Accesserunt
1137 3446 1243 3500 hnc
1265 3445 1409 3500 forte
1436 3445 1725 3499 Sorazchus
1756 3456 1809 3497 et
1835 3444 2143 3503 libodanes.
2184 3444 2327 3496 viso-

740 3553 847 3608 que
879 3538 946 3591 ad
988 3540 1257 3591 tumulum
1308 3534 1653 3589 interfectum
1691 3550 1917 3599 canem,
1961 3546 2012 3588 et
2044 3535 2326 3588 Sinonidis

742 3640 1025 3699 parentem
1072 3628 1266 3696 laqueo
1307 3642 1669 3696 suspensum;
1720 3628 1862 3681 lecto
1915 3626 2103 3680 adltzec
2143 3624 2326 3692 sepul-

741 3724 821 3776 cri
864 3722 1021 3774 titulo
1052 3759 1067 3785 ,
1101 3719 1396 3774 Bliodanes
1430 3718 1651 3789 quidem
1690 3720 1926 3788 primum
1992 3719 2187 3771 vulnus
2223 3719 2326 3771 sibi

744 3814 973 3877 inflixit,
1026 3828 1234 3881 suoque
1308 3812 1450 3883 77b
1513 3813 1779 3880 sanguine
1830 3811 2109 3865 Sinonidis
2167 3812 2327 3864 titulo

743 3907 996 3975 ascripsit
1035 3924 1048 3960 :
1113 3907 1179 3959 Et
1216 3903 1497 3958 Rliodnnes
1529 3906 1780 3971 pulcher;
1818 3902 2107 3957 Soraechus
2135 3904 2327 3972 laqueo

743 4009 906 4068 caput
935 3999 1185 4053 inseruit.
1228 3998 1361 4051 Dum
1390 4008 1571 4051 autem
1611 3996 1859 4049 ultimum
1889 3997 2178 4048 lthodanes
2211 3995 2328 4047 vul-

745 4106 846 4144 nus
898 4090 1101 4144 iuferre
1136 4091 1239 4143 sibi
1289 4101 1482 4157 parat,
1529 4103 1657 4142 ecce
1702 4088 1777 4141 ibi
1821 4088 2077 4158 agricola:
2105 4087 2210 4140 filia
2246 4088 2328 4139 itt-

744 4182 889 4250 genti
919 4184 1161 4236 clamore
1197 4183 1438 4235 accurrit
1468 4199 1479 4234 :
1518 4179 1633 4235 Non
1656 4190 1761 4244 est,
1819 4182 2091 4251 inquiens,
2120 4197 2153 4234 o
2176 4179 2325 4233 Rho~

744 4275 925 4337 dane,
966 4273 1190 4327 Sinonis
1220 4286 1340 4340 quae
1384 4272 1474 4325 hic
1513 4272 1681 4338 jacet.
1730 4269 1839 4324 Nec
1882 4285 2029 4325 mora
2070 4270 2322 4337 laqueum

745 4369 988 4425 Soraechi
1050 4368 1363 4433 discindit,
1437 4366 1797 4434 Rhodanique
1851 4365 2086 4435 gladium
2136 4364 2321 4433 eripit.

746 4462 882 4516 Hinc
928 4461 1225 4528 narrando,
1253 4476 1373 4531 qua:
1396 4460 1603 4514 infelici
1633 4458 1832 4530 puellae
1853 4459 2217 4521 accidissent,
2269 4465 2323 4509 et

744 4556 810 4607 de
836 4568 972 4607 auro
992 4552 1232 4617 defosso,
1260 4553 1327 4607 ad
1358 4554 1502 4620 quod
1523 4552 1635 4621 ipsa
1656 4552 2030 4618 recipiendum
2060 4553 2321 4611 venisset,

743 4650 834 4701 vix
869 4649 1086 4701 tandem
1116 4646 1423 4715 persuadet.
1464 4646 1688 4699 Sinonis
1718 4648 1946 4705 interea,
1976 4645 2204 4697 vinculis
2227 4657 2326 4696 ex-

744 4739 956 4808 pedita,
997 4738 1216 4791 domum
1244 4735 1379 4806 fugit
1418 4736 1690 4805 agricolae,
1727 4735 1908 4789 furore
1940 4737 2236 4789 etiamnum
2272 4736 2325 4787 in

743 4830 861 4897 ejus
896 4829 1057 4881 filiani
1088 4828 1287 4897 agitata
1318 4844 1333 4891 ;
1376 4842 1483 4895 qua
1516 4842 1619 4881 non
1662 4839 1874 4893 reperta
1905 4866 1917 4887 ,
1952 4837 2227 4894 parentem
2261 4828 2327 4879 de

742 4939 805 4976 ea
853 4932 1257 4991 percunctatur.
1299 4922 1392 4975 Ille
1424 4922 1567 4974 viam
1608 4932 1875 4974 monstrat
1915 4922 2050 4989 (67),
2084 4933 2138 4973 et
2178 4921 2322 4973 inse-

743 5016 926 5084 quitur
962 5016 1074 5084 ipsa
1121 5014 1315 5067 stricto
1365 5015 1565 5080 gladio.
1612 5013 1681 5067 Ut
1726 5028 1853 5066 vero
1890 5014 1954 5064 ad
2001 5013 2320 5065 ltltotlaneni

745 5117 1078 5174 prostratum
1109 5107 1375 5173 pervenit,
1413 5106 1668 5173 illamque
1693 5103 1903 5175 [rustici
1934 5104 2099 5157 ﬁlium
2148 5105 2319 5157 solam

742 5201 1106 5264 assidentem,
1138 5210 1192 5253 et
1225 5199 1465 5267 pectoris
1510 5200 1701 5253 vulnus
1729 5195 2165 5267 refrigerantein,
2194 5196 2321 5267 (So-

2422 1920 2562 1956 νετο.
2597 1901 2709 1955 Καὶ
2736 1902 2811 1963 ὼς
2849 1901 3073 1968 ὓστερον
3098 1901 3204 1953 ὑπὸ
3238 1899 3390 1951 Σάκα
3421 1898 3730 1966 συνελήφθη
3761 1899 4020 1950 Μεσοπο-

2419 1992 2618 2061 ταμία,
2657 1993 2754 2043 καὶ
2788 1990 2925 2060 πρὸς
2974 1990 3193 2058 Γάρμον
3238 1990 3357 2057 ἅμα
3400 1987 3477 2057 τῷ
3506 1987 3719 2057 ἀδελφῷ
3753 1986 4019 2056 Εὐφράτῃ

2422 2086 2715 2151 ἀπάγεται.
2753 2082 2993 2154 Γράμμα
3016 2082 3312 2151 δεξάμενος
3344 2081 3560 2149 Γάρμος
3582 2078 3735 2149 παρὰ
3761 2077 3859 2130 τοῦ
3884 2095 4022 2147 χρυ-

2425 2176 2615 2246 σοχόου
2638 2175 2711 2237 ὡς
2737 2174 2962 2236 Σινωνὶς
2983 2173 3342 2240 διαπέφευγε,
3365 2172 3699 2239 προστάσσει
3722 2170 3937 2221 ἐκεῖνόν
3958 2186 4018 2219 τε

2422 2265 2782 2335 ἀναιρεθῆναι
2810 2267 2907 2317 καὶ
2940 2265 3065 2325 τοὺς
3095 2263 3189 2314 ἐπὶ
3222 2262 3438 2330 φυλακῇ
3463 2261 3669 2329 ταύτης
3699 2262 3795 2313 καὶ
3820 2261 4016 2328 ἀγωγῇ

2425 2358 2720 2418 σταλέντας
2785 2357 2978 2417 αὐτοῖς
3015 2353 3233 2421 γυναιξὶ
3269 2353 3366 2405 καὶ
3392 2353 3606 2413 τέκνοις
3644 2351 3855 2415 ζῶντας
3884 2366 4019 2403 κατ-

2424 2449 2742 2521 ορυχθῆναι.
2783 2448 3049 2519 Ὑρκανὸς
3081 2446 3229 2498 κύων
3254 2448 3282 2499 ό
3312 2445 3405 2496 τοῦ
3424 2444 3726 2506 Ῥοδάνους,
3754 2442 3935 2511 εὑρὼν
3959 2444 4019 2494 ἐν

2424 2542 2618 2611 ἐκείνῳ
2666 2542 2744 2609 τῷ
2789 2538 3147 2607 ἀποτροπαίῳ
3173 2536 3509 2605 καταγωγίῳ
3537 2536 3603 2588 τά
3654 2536 3887 2605 σώματα
3916 2535 4021 2602 τῆς

2424 2653 2483 2687 τε
2537 2633 2838 2701 δυστυχοῦς
2876 2632 3049 2701 κόρης
3098 2633 3193 2683 καὶ
3228 2629 3322 2681 τοῦ
3363 2628 3709 2697 παλαμναίου
3759 2628 3856 2678 καὶ
3886 2627 4020 2679 δυσ.

2426 2726 2627 2797 έρωτος
2643 2725 2851 2790 δούλου,
2880 2722 3155 2791 κατέφαγε
3169 2721 3385 2791 πρῶτον
3402 2722 3461 2773 τὸ
3489 2720 3581 2772 τοῦ
3596 2719 3806 2782 δούλου,
3820 2718 4020 2770 ἔπειτα

2426 2817 2569 2871 κατὰ
2598 2818 2794 2887 μικρὸν
2827 2818 2921 2868 καὶ
2951 2816 3050 2884 τῆς
3077 2814 3247 2884 κόρης
3268 2829 3283 2843 ”
3313 2813 3405 2865 καὶ
3443 2814 3732 2880 ἐφίσταται
3760 2810 3840 2880 τῷ
3866 2811 4022 2879 τόπῳ

2424 2914 2452 2964 ὁ
2489 2911 2589 2977 τῆς
2624 2909 2906 2969 Σινωνίδος
2942 2906 3144 2975 πατὴρ,
3192 2907 3289 2957 καὶ
3320 2904 3445 2975 [156
3478 2902 3583 2974 [1.]
3614 2903 3705 2955 τὸν
3752 2902 3893 2955 κύνα
3942 2904 4020 2964 ὼς

2432 3003 2515 3069 εἴη
2564 3000 2845 3060 Ῥοδάνους
2878 2998 3031 3059 εἰδὼς
3060 3000 3154 3049 καί
3180 2997 3282 3067 τὴν
3313 2996 3481 3066 κόρην
3507 2995 3824 3065 ἡμίϐρωτον
3864 2992 4015 3056 ἰδὼν,

2430 3096 2621 3161 σφάζει
2663 3095 2757 3162 μὲν
2784 3092 2857 3154 ὡς
2888 3093 2980 3143 ἐπὶ
3009 3089 3252 3142 Σινωνίδι
3278 3089 3370 3141 τὸν
3399 3088 3559 3151 κύνα,
3592 3089 3803 3158 ἀναρτᾷ
3831 3088 3891 3139 δέ
3921 3091 4017 3140 καὶ

2431 3187 2623 3242 ἐαυτὸν
2654 3185 2855 3254 βρόχῳ,
2910 3181 3238 3251 καταχώσας
3274 3181 3337 3233 τὸ
3386 3181 3678 3232 ὑπόλοιπον
3711 3181 3811 3250 τῆς
3844 3180 4017 3250 κόρης

2430 3279 2589 3344 σῶμα
2624 3278 2718 3329 καὶ
2746 3274 3056 3343 ἐπιγράψας
3080 3275 3275 3343 αἵματι
3299 3272 3393 3325 τοῦ
3420 3273 3601 3335 κυνός.
3645 3270 3887 3326 Ἑνθάδε
3913 3288 4019 3324 κα-

2428 3372 2693 3425 τάκειται
2734 3368 2986 3433 Σινωνίς
3028 3369 3066 3433 ἡ
3093 3366 3275 3434 καλή.
3309 3367 3713 3436 Παραγίνονται
3746 3364 3826 3435 τῷ
3864 3366 4020 3435 τόπῳ

2429 3462 2689 3531 Σόραιχος
2724 3460 2819 3511 καὶ
2856 3457 3132 3526 Ῥοδάνης,
3170 3458 3262 3508 καὶ
3289 3456 3381 3509 τόν
3406 3473 3466 3508 τε
3497 3456 3635 3508 κύνα
3663 3457 4017 3524 ἐσφαγμένον

2428 3553 2505 3622 τῷ
2524 3552 2680 3621 τάφῳ
2708 3550 2910 3612 ἰδόντες
2927 3548 3057 3619 [248
3075 3546 3167 3615 IL]
3191 3549 3281 3599 τόν
3302 3565 3359 3600 τε
3378 3548 3591 3618 πατέρα
3612 3550 3710 3618 τῆς
3730 3547 4020 3609 Σινωνίδος

2428 3643 2810 3715 ἀνηρτημένον
2833 3643 2891 3694 τό
2918 3658 2977 3693 τε
3002 3640 3097 3693 τοῦ
3120 3640 3292 3707 τάφου
3314 3641 3667 3711 ἐπίγραμμα,
3700 3643 3727 3692 ὁ
3753 3640 3854 3708 μέν
3896 3639 4016 3693 Ῥο-

2427 3739 2592 3807 δάνης
2610 3734 2832 3805 πρώτην
2858 3734 3073 3805 πληγὴν
3094 3734 3272 3803 ἐαυτῷ
3294 3732 3608 3799 ἐπενεγκὼν
3624 3733 3975 3802 προσέγραφε
3994 3734 4016 3764 ⁸

2427 3830 2507 3901 τῷ
2546 3830 2658 3898 ἰδίῳ
2682 3828 2877 3896 αἵματι
2910 3827 3004 3880 ἐπὶ
3028 3826 3105 3894 τῷ
3146 3825 3246 3894 τῆς
3269 3825 3550 3889 Σινωνίδος
3593 3826 4011 3894 ἐπιγράμματι.

2432 3922 2541 3977 Καὶ
2586 3919 2870 3987 Ῥοδάνης
2901 3923 2932 3973 ὀ
2964 3919 3171 3983 κωλύς’
3194 3916 3295 3967 ὁδέ
3319 3918 3580 3985 Σόραιχος
3604 3916 3783 3985 βρόχῳ
3822 3917 4019 3969 ἐαυτὸν

2430 4015 2683 4083 ἐξῆπτεν.
2746 4003 2903 4075 Ἐνῷ
2952 4011 3009 4062 δέ
3053 4010 3149 4061 καὶ
3200 4008 3299 4079 τὴν
3340 4009 3661 4061 τελευταίαν
3715 4007 3936 4077 πληγὴν
3992 4010 4019 4059 ό

2439 4104 2693 4171 Ῥοδάνης
2736 4101 2963 4169 ἐπάγειν
3006 4101 3235 4169 ἦρχετο,
3278 4099 3437 4169 ήτοῦ
3470 4097 3722 4168 γεωργοῦ
3765 4100 4020 4169 θυγάτηρ

2428 4196 2701 4249 ἐπιστᾶσα
2733 4194 2875 4263 μέγα
2908 4191 3059 4244 ἐϐόαο
3089 4192 3206 4243 Οὑκ
3254 4190 3371 4243 ἐστι
3405 4192 3651 4253 Σινωνὶς,
3684 4185 3729 4244 ὦ
3764 4192 4017 4259 Ῥοδάνη,

2427 4290 2461 4358 ἡ
2513 4286 2766 4357 κειμένη.
2819 4284 2931 4338 Καὶ
2975 4283 3259 4353 δραμοῦσα
3308 4284 3499 4336 κόπτει
3571 4300 3629 4335 τε
3677 4284 3769 4335 τὸν
3820 4283 4019 4353 βρόχον

2428 4380 2691 4451 Σοραίχου
2745 4378 2839 4430 καὶ
2872 4376 2933 4428 τὸ
2971 4376 3125 4443 ξίφος
3166 4375 3485 4444 ἀφαιρεῖται
3548 4374 3863 4438 Ῥοδάνους,
3923 4377 4020 4429 καὶ

2357 4488 2402 4542 ι)
2431 4471 2606 4524 πείθει
2638 4469 2814 4539 μόλις,
2855 4468 3234 4537 διηγησαμένη
3266 4467 3335 4518 τά
3363 4483 3421 4518 τε
3452 4466 3585 4535 περὶ
3631 4466 3731 4536 τὴν
3776 4467 4017 4535 δυστυχῆ

2424 4564 2592 4633 κόρην
2636 4562 2734 4616 καὶ
2767 4562 2899 4633 περὶ
2933 4560 3029 4613 τοῦ
3060 4560 3289 4628 χρυσίου
3331 4557 3428 4610 τοῦ
3464 4558 3971 4627 κατορωρυγμένου
3996 4597 4013 4619 ,

2425 4656 2520 4707 καὶ
2551 4656 2626 4716 ὼς
2656 4654 2747 4705 ἐπὶ
2789 4653 2868 4723 τῷ
2906 4652 3197 4704 ἀναλαϐεῖν
3225 4650 3384 4701 τοῦτο
3423 4650 3568 4719 ἥκοι.
3611 4649 3675 4702 Ἦ
3703 4649 3760 4701 δὲ
3793 4650 4019 4711 Σινωνὶς

2426 4745 2763 4796 ἀπολυθεῖσα
2807 4742 2914 4795 τῶν
2962 4740 3176 4810 δεσμῶν
3224 4742 3319 4791 ἐπὶ
3346 4741 3446 4808 τὴν
3490 4739 3671 4791 οὶκίαν
3707 4739 3891 4808 ἐφθηθ
3921 4740 4016 4791 τοῦ

2425 4834 2697 4905 γεωργοῦ,
2725 4834 2805 4886 ἔτι
2831 4833 2971 4885 κατὰ
3000 4836 3098 4902 τῆς
3136 4831 3307 4901 κόρης
3342 4831 3761 4901 ὲπιμαινομένη.
3799 4832 3890 4899 Μὴ
3922 4834 4015 4883 εύ-

2431 4928 2601 4999 ροῦσα
2633 4928 2686 4979 δὲ
2721 4926 2909 4996 αὐτὴν,
2932 4923 3193 4995 ἐπηρώτα
3221 4923 3312 4975 τὸν
3349 4924 3563 4993 πατέρα
3582 4939 3597 4953 ’
3627 4927 3654 4976 ὁ
3680 4923 3734 4975 δὲ
3760 4924 3857 4994 τὴν
3895 4925 4015 4977 ὁδὸν

2430 5019 2654 5087 ἔφραζε,
2692 5020 2785 5070 καὶ
2822 5019 2961 5087 αὐτὴ
2995 5018 3218 5068 ἐδίωκεν
3252 5016 3447 5079 ὀπίσω,
3476 5015 3813 5086 γυμνώσασα
3851 5016 3912 5067 τὸ
3940 5017 4014 5080 ξί-

2430 5130 2549 5179 φος.
2586 5113 2673 5175 Ὠς
2704 5112 2761 5164 δέ
2792 5110 3091 5163 κατέλαϐεν
3125 5108 3456 5180 ἐρριμμένον
3483 5109 3583 5177 μὲν
3600 5107 3690 5161 τὸν
3733 5108 4010 5177 Ῥοδάνην,

2429 5204 2645 5271 ἐκείνην
2682 5203 2740 5255 δὲ
2778 5204 2946 5273 μόνην
2993 5200 3531 5271 παρακαθημένην⁸⁰
3565 5200 3660 5253 καὶ
3690 5201 3753 5252 τὸ
3788 5199 4011 5271 τραῦμα

2018 5334 2258 5390 ἾΑΒΙᾹΣ
2296 5336 2707 5392 LECTIONES.

818 5440 837 5466 ⁵
866 5438 1106 5489 ἐκώλυσε
1138 5454 1197 5500 ς.
1276 5435 1297 5465 ⁸
1322 5438 1348 5486 ό
1374 5435 1430 5487 δὲ
1464 5451 1574 5487 nm.
1648 5437 1711 5487 Α.
1791 5436 1811 5464 ⁸
1844 5433 1996 5501 παρὰ
2025 5435 2068 5485 Α
2126 5452 2138 5487 :

742 5510 761 5537 θ
795 5509 951 5576 ἔφθη.
987 5513 1023 5559 Α
1056 5527 1067 5560 :
1098 5508 1265 5573 ἔφυγε
1310 5523 1368 5569 ς.

2201 5436 2327 5504 περὶ
2392 5453 2452 5497 ς.
2535 5439 2552 5466 ⁷
2598 5453 2794 5505 μεσοπ,
2858 5453 2917 5488 τε
2973 5437 3281 5504 συνεγίνετο
3323 5435 3386 5489 Α.

1451 5506 1493 5536 ¹⁰
1547 5504 2025 5575 παρακαθημένην
2060 5507 2103 5556 Α
2138 5523 2151 5558 ;
2185 5504 2689 5576 παραμυθουμένην
2729 5524 2787 5569 ς.

3503 5435 3523 5465 ⁸
3566 5433 3921 5505 προσέγραψε
3941 5451 3999 5501 ς·

2290 5597 2503 5653 NOTAE

819 5694 923 5762 p.56)
970 5692 1049 5745 Oh
1078 5692 1370 5745 Berenicen
1403 5691 1569 5755 idam,
1597 5692 1953 5759 commgratin
1986 5702 2257 5745 cantatam
2292 5708 2318 5745 a

740 5764 1080 5817 Catlimaclio
1120 5773 1282 5832 atque
1316 5763 1547 5825 Catullo,
1588 5762 1799 5817 videtur
1828 5763 1915 5819 hic
1951 5778 2142 5818 nomen
2180 5764 2310 5818 illud

2433 5701 2792 5759 assumptum.

2494 5764 2605 5833 (U7)
2638 5762 2744 5819 Pro
2775 5761 3013 5831 ἕφρειξε,
3047 5776 3250 5830 repono
3283 5760 3506 5827 ἔφραζε.
