4224 6442
169 397 276 459 337

1270 389 1795 451 BIBLIOTHECA.
1832 409 1906 424 —
1933 389 2099 451 COD.
2140 390 2338 452 XCIV.

3320 387 3425 452 338

167 505 265 556 τοῦ
302 501 541 569 στήθους
583 486 1016 572 παραψήχουσαν
1041 500 1083 530 ⁸³
1125 496 1175 567 (ὁ
1222 497 1483 568 Σάραιχος
1512 497 1623 569 γὰρ
1661 498 1756 551 ἐπὶ
1784 499 1832 558 Δ

1784 499 1832 558 Δ
1860 499 2072 554 melius
2102 498 2247 554 enim
2290 498 2558 553 medicum
2602 496 2931 553 accersitum
2964 494 3127 568 lerat)
3157 496 3342 555 lurore
3365 510 3423 555 et

171 596 409 666 ζήτησιν
458 592 645 663 ίατροῦ
694 592 906 663 ιξῄει),
958 591 1128 661 ὀργῆς
1160 608 1219 643 τε
1280 590 1374 643 καὶ
1426 590 1754 659 ζηλοτυπίας

174 687 382 755 μᾶλλον
408 684 753 755 ἐμπίπλαται
786 684 883 738 καὶ
909 685 1055 755 ὁρμᾷ
1085 682 1226 737 κατά
1251 683 1348 753 τῆς
1378 683 1564 752 κόρης.
1614 684 1672 737 Ὀ
1696 683 1754 736 δὲ

182 780 449 849 Ῥοδάνης
478 778 585 832 ὑπὸ
610 781 709 847 τῆς
736 778 855 847 βίας
883 776 1150 847 κρείττων
1178 774 1276 829 τοῦ
1305 775 1623 847 τραύματος
1664 792 1757 843 γε·

172 870 349 936 γονὼς
402 871 618 937 ὑπήντα
668 868 765 921 καὶ
810 867 1016 921 ἐκώλυε
1051 867 1151 935 τὴν
1181 865 1472 929 Σινωνίδα,
1512 864 1573 917 τὸ
1604 864 1757 931 ξίφος

172 963 434 1031 ἀρπάσας
484 963 578 1013 ἀπ’
608 960 798 1026 αὐτῆς.
853 960 917 1012 Ἠ
962 958 1021 1011 δὲ
1067 958 1159 1011 ὑπ’
1186 958 1354 1028 ὀργῆς
1401 956 1757 1027 εκπηδήσασα

172 1053 267 1106 τοῦ
322 1052 698 1120 καταγωγίου,
761 1052 853 1104 καὶ
903 1050 1088 1122 δρόμῳ
1140 1050 1399 1119 χρωμένη
1475 1048 1756 1118 μανιώδει,

173 1144 333 1196 τοῦτο
356 1144 493 1213 πρὸς
511 1143 762 1213 Ἰνοδάνην
785 1141 1010 1195 εἰποῦσα
1034 1140 1307 1213 ἀπέρριψε
1337 1140 1517 1210 μόνον’
1548 1158 1566 1192 ι
1595 1140 1757 1193 Καλῶ

180 1250 236 1285 σε
272 1235 519 1303 σήμερον
554 1234 632 1296 εἰς
658 1234 788 1295 τοὺς
820 1232 1042 1302 Γάρμου
1080 1231 1313 1301 γάμους.
1360 1250 1377 1282 ι
1412 1231 1668 1301 Σόραιχος
1698 1230 1757 1283 δὲ

178 1324 654 1393 παραγενόμενος,
706 1324 801 1374 καὶ
838 1321 1025 1391 μαθὼν
1059 1321 1296 1382 ἅπαντα,
1322 1322 1627 1391 παρηγορεί
1662 1320 1759 1389 μὲν

186 1417 477 1485 Ῥοδάνην,
518 1415 615 1470 καὶ
667 1413 1045 1485 ίατρεύσαντες
1092 1412 1152 1466 τὸ
1190 1410 1415 1482 τραῦμα.
1465 1411 1759 1465 ἀπολύωσι

180 1510 321 1577 μετά
358 1507 477 1560 τῶν
504 1508 803 1577 χρημάτων
831 1505 927 1575 τὴν
954 1505 1122 1575 κόρην
1158 1506 1295 1573 πρὸς
1318 1504 1411 1556 τὸν
1444 1505 1675 1574 πατέρα.

246 1601 491 1667 ’Δγεται
519 1597 657 1668 πρὸς
688 1597 909 1666 Γάρμον
931 1594 1223 1665 Εὐφράτης
1248 1593 1323 1654 ὡς
1358 1592 1635 1662 Ῥοδάνης,
1666 1594 1761 1647 καὶ

179 1694 248 1755 ὡς
271 1693 507 1752 Σινωνὶς
540 1687 969 1757 Μεσοποταμία*
1007 1685 1201 1753 ἄγεται
1232 1686 1328 1738 καὶ
1370 1685 1629 1755 Σόραιχος
1666 1684 1762 1737 καὶ

178 1786 202 1835 ὁ
231 1782 447 1851 ἀληθὴς
489 1780 766 1849 Ῥοδάνης.
810 1780 919 1832 Καὶ
956 1777 1205 1843 διαγνοὺς
1229 1778 1257 1829 ὁ
1280 1775 1318 1828 Γ
1322 1775 1495 1845 άρμος
1526 1776 1600 1845 μὴ
1622 1771 1760 1828 εἶναι

1858 588 2125 660 zelotypia
2172 588 2346 657 magis
2398 587 2654 652 incensa,
2701 586 2755 642 in
2782 587 3037 657 °puellam
3067 602 3190 645 cum
3218 589 3421 659 impettt

1856 683 1985 737 ruit.
2036 682 2107 736 At
2156 680 2485 744 Rhodanes,
2527 681 2774 736 collectis
2827 682 2891 736 ad
2933 696 3054 737 eam
3109 681 3423 737 violentiam

1856 774 2101 831 nonnihil
2135 791 2166 830 a
2198 774 2422 831 vulnere
2443 774 2683 837 viribus,
2713 775 2992 840 accurrit,
3024 775 3328 845 avertitque
3355 775 3424 829 ab

1856 866 1944 921 illa
1980 865 2239 922 Sinonida
2261 907 2277 932 ,
2309 874 2366 922 et
2392 865 2597 921 ferrum
2634 865 2854 934 eripuit.
2884 865 2977 920 Illa
3012 866 3177 935 igitur
3202 883 3312 936 pra:
3343 867 3421 921 ira

1856 956 2129 1012 domicilio
2148 958 2427 1023 exsiliens,
2454 966 2508 1013 et
2549 956 2837 1013 furibunda
2885 972 3244 1028 procurrens,
3277 958 3423 1013 Rho-

1860 1050 1981 1104 dant
2032 1059 2237 1104 tantum
2300 1050 2403 1105 hoc
2444 1048 2708 1121 objiciens
2753 1051 2892 1105 dixit
2936 1066 2950 1103 :
3008 1068 3026 1102 ι
3053 1049 3228 1105 Hodie
3265 1060 3317 1106 te
3357 1052 3422 1103 ad

1858 1141 2041 1197 Garmi
2091 1143 2305 1212 nuptias
2344 1142 2534 1196 invito.
2575 1160 2594 1193 ι
2646 1140 2938 1198 Sorcchus
2981 1142 3104 1196 dein
3149 1158 3420 1203 reversus,

1858 1244 1912 1290 et
1950 1249 2007 1288 re
2039 1234 2187 1289 omni
2215 1233 2452 1300 cognita,
2482 1230 2800 1287 Rhodauem
2832 1231 3179 1299 consolatur;
3209 1243 3425 1286 curata—

1861 1328 1977 1392 quel
2004 1325 2185 1394 plaga,
2225 1339 2347 1379 cum
2392 1323 2622 1393 pecunia
2655 1322 2885 1392 puellam
2928 1323 2994 1376 ad
3044 1333 3318 1392 parentem
3352 1339 3428 1378 re-

1862 1418 2104 1470 tuittttut.

1933 1601 2137 1657 Interea
2158 1598 2458 1668 Euphrates
2478 1598 2541 1653 ad
2562 1597 2820 1653 Garmum
2839 1598 3076 1661 ducitur,
3095 1599 3248 1667 quasl
3284 1598 3428 1653 Rho-

1864 1693 2032 1747 danes
2060 1699 2223 1753 esset,
2254 1699 2309 1744 et
2337 1704 2435 1757 pro
2479 1689 2737 1745 Sinonide
2770 1690 3176 1756 Mesopotamia.
3211 1688 3433 1744 Ducitur

1862 1792 1920 1837 et
1972 1782 2278 1845 Sorachus,
2325 1796 2592 1849 verusque
2630 1779 2937 1835 Rhodanes.
2983 1778 3182 1835 Verum
3216 1783 3433 1853 cognito

179 1845 447 1927 Σινωνίδα
496 1873 595 1942 τὴν
638 1845 1108 1938 Μεσοποταμίανζ
1140 1868 1322 1921 δίδωσι
1353 1868 1569 1939 Ζοδάρᾳ
1606 1870 1757 1937 παρά
1792 1845 1833 1903 Β

1792 1845 1833 1903 Β
1861 1872 2089 1926 Garmus
2136 1845 2570 1941 Mesopotamiam
2626 1887 2731 1924 nou
2773 1886 2894 1926 esse
2922 1887 3104 1926 veram
3148 1845 3429 1934 Sinonide,

180 1968 428 2036 ποταμὸν
482 1964 774 2035 Εὐφράτην
816 1962 1201 2034 καρατομῆσαι
1228 1961 1291 2025 ¹¹,
1324 1961 1410 2013 ἵνα
1451 1962 1557 2031 μὴ,
1592 1965 1755 2031 φησι,

181 2061 272 2113 καὶ
303 2059 478 2127 ἑτέρα
510 2073 595 2117 τις
622 2054 716 2107 τοῦ
746 2054 847 2122 τῆς
882 2052 1165 2116 Σινωνίδος
1199 2052 1531 2122 ἐπιϐατεύσῃ
1565 2052 1762 2121 ὀνόμα-

182 2169 287 2211 τος.
340 2149 401 2201 Ὀ
448 2147 508 2199 δὲ
545 2146 789 2215 Ζοὸἀρας
840 2144 946 2198 ἀπὸ
976 2146 1158 2213 πηγῆς
1188 2143 1454 2212 ἐρωτικῆς
1500 2142 1639 2197 πιὼν
1670 2146 1763 2196 καὶ

183 2243 252 2311 τῷ
294 2238 732 2306 Μεσοποταμίας
768 2235 932 2306 ἔρωτι
983 2235 1194 2304 σχεθείς
1220 2235 1286 2299 ¹³,
1324 2232 1485 2297 σώζει
1535 2253 1593 2287 τε
1630 2236 1762 2288 ταύ-

183 2353 278 2402 την
303 2333 371 2398 ⁸⁵,
407 2332 508 2384 καὶ
532 2330 667 2399 πρὸς
708 2326 1004 2397 Βερενίκην
1036 2324 1348 2393 Αἰγυπτίων
1379 2326 1502 2395 ἠδη,
1536 2325 1631 2380 ἆτε
1667 2326 1762 2379 τοῦ

186 2426 393 2494 πατρὸς
435 2422 880 2490 τελευτήσαντος,
929 2417 1337 2489 βασιλεύουσαν,
1370 2418 1428 2485 ἐξ
1464 2413 1530 2489 ἦς
1559 2414 1627 2489 ἦν
1670 2419 1765 2472 καὶ

188 2517 550 2585 ἀφελόμενος,
610 2514 767 2580 ἄγει·
828 2511 926 2564 καὶ
988 2510 1200 2579 γάμους
1258 2510 1683 2578 Μεσοποταμίας
1730 2513 1763 2578 η

191 2610 461 2680 Βερενίκη
489 2608 747 2667 ποιεῖται,
773 2604 867 2656 καὶ
889 2602 1120 2671 πόλεμος
1153 2601 1221 2655 δι’
1251 2602 1418 2672 αὐτὴν
1448 2603 1653 2673 Γάρμῳ
1674 2604 1769 2657 καὶ

191 2700 463 2771 Βερενίκῃ
489 2697 863 2750 ὁιαπειλεῖται.
894 2695 1184 2763 Εὐφράτης
1230 2694 1286 2747 δὲ
1316 2695 1662 2765 παραδίδοται
1692 2696 1769 2766 τῷ

196 2791 368 2860 πατρὶ
393 2791 473 2851 ὡς
499 2784 699 2857 δημίῳ,
730 2788 825 2840 καὶ
849 2784 1217 2853 ἀναγνωσθεὶς
1241 2782 1487 2849 σώζεται,
1518 2786 1609 2837 καὶ
1634 2786 1772 2855 πλη-

199 2885 281 2952 ροῖ
313 2882 416 2951 μὲν
445 2880 607 2941 αὐτὸς
657 2878 726 2931 τὰ
768 2878 862 2929 τοῦ
906 2876 1112 2945 πατρὸς
1139 2878 1310 2945 ἔργα,
1345 2878 1373 2929 ὁ
1412 2877 1469 2930 δὲ
1498 2880 1681 2948 πατὴρ
1712 2879 1772 2931 οὐ

202 2974 481 3044 μιαίνεται
523 2974 635 3033 τοῖς
668 2967 968 3039 ἀνθρώπων
1006 2969 1268 3038 αἵμασινο
1313 2969 1537 3040 ὕστερον
1564 2970 1652 3034 δὲ,
1701 2970 1775 3034 ὡς

200 3067 291 3118 τοῦ
326 3065 531 3133 δημίου
572 3064 738 3131 κόρη,
773 3062 1051 3130 ἐξέρχεται
1073 3060 1167 3114 τοῦ
1195 3063 1490 3130 οἰκήματος
1520 3064 1611 3115 καὶ
1656 3063 1775 3115 δια-

1861 1964 2083 2020 Zobarae
2110 1980 2228 2019 eam
2261 1964 2501 2026 tradidit,
2542 1964 2607 2017 ad
2644 1963 2967 2032 Euphratem
3003 1964 3225 2019 ﬁuvium
3254 1965 3433 2033 capite

1862 2058 2231 2117 truncandam,
2265 2071 2329 2109 ne
2352 2071 2478 2123 qua,
2522 2055 2715 2123 inquit,
2756 2055 2855 2108 alia
2902 2055 3180 2111 Sinnnidis
3213 2072 3432 2117 nomen,

1860 2145 1977 2211 ejus
1992 2145 2256 2213 exemplo,
2273 2143 2409 2197 falso
2426 2154 2663 2211 usurpet.
2685 2143 2922 2199 Zobaras
2938 2154 3113 2199 tamen
3132 2146 3432 2216 Mesopota-

1863 2238 1983 2290 mia;
2046 2236 2159 2305 (68)
2206 2250 2493 2306 possessus
2548 2252 2752 2301 amore,
2804 2238 3043 2292 servavit
3094 2252 3235 2304 eam,
3267 2247 3322 2291 et
3366 2240 3431 2291 ad

1862 2326 2156 2381 Berenicen
2211 2325 2450 2398 Egypti,
2492 2326 2600 2395 jam
2648 2337 2801 2394 patre
2847 2329 3135 2393 exstincto,
3191 2329 3432 2395 reginam

1864 2422 2003 2474 unde
2041 2420 2153 2489 ipse
2182 2420 2311 2474 olim
2356 2420 2623 2473 abductus
2660 2420 2855 2483 fuerat,
2887 2422 3125 2487 adducit,
3160 2430 3216 2477 et
3264 2419 3434 2476 Meso-

1868 2514 2115 2583 potamia:
2145 2512 2358 2581 nuptias
2383 2511 2638 2567 Berenice
2667 2512 2817 2568 facit.
2850 2515 2964 2579 Qua
2988 2515 3153 2569 etiam
3181 2514 3249 2569 de
3274 2529 3432 2568 causa

1870 2607 2063 2659 bellum
2120 2606 2349 2661 iuvit-em
2410 2604 2644 2659 Garmus
2715 2612 2770 2659 et
2846 2604 3105 2662 Berenice
3166 2607 3451 2661 minantur.

1874 2699 2173 2767 Euphrates
2225 2700 2352 2753 item
2394 2699 2600 2767 parenti
2635 2714 2753 2762 suo,
2804 2710 2861 2751 ut
2900 2699 3161 2762 carniﬁci,
3210 2701 3435 2753 traditus

1873 2802 2032 2860 atque
2070 2792 2301 2859 agnitus,
2338 2798 2586 2845 servatur
2620 2806 2632 2841 :
2673 2801 2726 2844 et
2778 2792 3016 2859 parentis
3048 2790 3222 2847 oﬂicio
3264 2793 3433 2860 fungi-

1877 2894 1986 2944 tur,
2023 2884 2092 2935 ita
2121 2897 2179 2937 se
2198 2883 2433 2935 humano
2455 2883 2597 2935 nullo
2623 2883 2884 2951 sanguine
2913 2894 3066 2952 pater
3083 2884 3431 2938 contaminat.

1880 2975 2006 3028 Post
2058 2986 2259 3036 tamen,
2293 2985 2349 3028 ut
2376 2975 2646 3029 carniﬁcis
2674 2974 2763 3030 ille
2802 2975 2906 3029 ﬁlia
2929 2990 2959 3029 e
2989 2990 3207 3030 carcere
3254 2991 3435 3045 egres-

1880 3084 1993 3126 sus,
2051 3068 2186 3120 liher
2236 3067 2426 3121 evasit.
2476 3068 2630 3136 78a
2676 3067 2871 3120 Ibidem
2919 3076 2976 3122 et
3048 3068 3115 3122 de
3166 3068 3437 3122 carniﬁcis

203 3156 465 3217 σώζεται.
524 3153 614 3205 Ἐν
652 3145 696 3219 ᾧ
727 3152 820 3204 καὶ
862 3151 989 3219 περὶ
1035 3152 1134 3219 τῆς
1186 3152 1654 3221 συγκαθευδούσης
1696 3153 1775 3222 τῷ
1804 3183 1850 3244 C

1769 3159 2200 3244 'cconcuhina,
2273 3158 2494 3225 ejusque
2561 3158 2760 3226 legibus
2807 3173 2870 3213 ac
2931 3158 3188 3223 moribus,
3260 3168 3316 3211 et
3378 3166 3437 3210 ut

200 3246 405 3316 δημίῳ,
434 3244 507 3297 τά
536 3258 594 3295 τε
641 3243 771 3307 περὶ
807 3241 980 3311 αὐτὴν
1018 3240 1185 3309 εθιμά
1212 3258 1267 3293 τε
1302 3242 1393 3293 καὶ
1422 3242 1649 3311 νόμιμα,
1684 3245 1779 3295 καὶ

205 3340 335 3407 περὶ
381 3335 482 3402 τῆς
527 3332 623 3386 τοῦ
675 3331 922 3402 γεωργοῦ
971 3333 1269 3401 θυγατρὸς,
1321 3330 1445 3403 [157
1488 3332 1580 3404 IL]
1632 3335 1779 3398 ὅπως

203 3433 557 3490 ἀνάσπαστος
580 3428 806 3494 γίνεται,
829 3424 948 3477 επεὶ
976 3424 1196 3485 Σινωνὶς
1220 3422 1296 3491 τῷ
1344 3424 1541 3492 Συρίας
1574 3425 1782 3493 βασιλεῖ

206 3522 526 3590 γαμηθεῖσα
557 3520 714 3589 ἔσχεν
760 3517 913 3587 ἰσχὺν
939 3517 1039 3587 τὴν
1066 3516 1239 3585 ὀργὴν
1264 3518 1350 3569 ἐπ’
1389 3517 1526 3586 αὐτῇ
1561 3517 1783 3587 πληρῶ-

210 3634 300 3668 σαι
324 3615 401 3645 ¹³·
451 3612 548 3665 καὶ
584 3612 659 3673 ὡς
696 3609 877 3679 δημίῳ
908 3610 1110 3679 ταύτην
1144 3608 1530 3676 συγκαθεύδειν
1561 3609 1782 3663 καταδι-

211 3705 407 3766 κάζει·
442 3705 539 3758 καὶ
576 3705 659 3755 ὅτι
702 3700 1163 3772 συνεκαθεύδησεν
1211 3704 1269 3753 ὲν
1296 3699 1375 3771 τῷ
1426 3701 1533 3754 τῶν
1575 3702 1785 3771 δημίων

210 3796 556 3868 περιϐόλῳη
594 3794 910 3848 εἰσελθοῦσα
966 3792 1042 3860 τῷ
1086 3793 1367 3863 Εὐφράτῃ,
1422 3793 1481 3855 ὃς
1527 3798 1622 3845 καὶ
1670 3795 1783 3847 ἀντ’

210 3887 384 3955 αὐτῆς
434 3889 515 3948 είς
560 3886 619 3937 τὸ
648 3884 865 3952 ἐκείνης
912 3881 1200 3952 πρόσωπον
1247 3882 1562 3953 ὑποκριθείς
1596 3883 1785 3954 ὶξῆλθε

210 3977 305 4030 τοῦ
338 3976 626 4046 περιϐόλου
645 4016 661 4038 ,
687 3975 782 4029 καὶ
804 3972 987 4040 ἐκείνη
1021 3974 1139 4025 ἀντὶ
1167 3973 1261 4025 τοῦ
1297 3974 1578 4043 Εὐφράτου
1603 3977 1666 4028 τὸ
1694 3975 1786 4045 ἔρ-

213 4087 310 4137 γον
340 4068 583 4139 ἔπραττε
623 4067 719 4119 τοῦ
757 4066 974 4136 δημίου.
1022 4065 1130 4116 Καὶ
1152 4064 1323 4117 ταῦτα
1366 4066 1463 4133 μὲν
1491 4059 1591 4119 ὦδε
1623 4067 1790 4136 προύο

216 4163 395 4221 σαινε,
429 4158 787 4226 παραδίδοται
829 4159 886 4212 δὲ
918 4158 1013 4212 καὶ
1037 4157 1081 4188 ⁸⁷
1127 4156 1386 4225 Σόραιχος
1415 4157 1508 4208 ἐπὶ
1551 4155 1630 4225 τῷ
1658 4158 1789 4209 ἀνα-

216 4250 631 4319 σταυρωθῆναι·
659 4251 687 4302 ὁ
716 4250 771 4302 δὲ
805 4250 965 4312 τόπος
994 4249 1221 4318 ὥριστο,
1247 4247 1375 4299 ἔνθα
1416 4246 1672 4317 Ῥοδάνης
1697 4248 1790 4300 καὶ

216 4346 444 4405 Si.ka
470 4343 539 4393 τὰ
564 4343 755 4411 πρῶτα
780 4340 1088 4411 ηὐλίσαντο,
1120 4340 1177 4391 ἐν
1196 4338 1273 4407 τῷ
1300 4338 1521 4408 λειμῶνι
1546 4336 1674 4409 [ειν
1698 4336 1787 4409 8.]

216 4434 310 4487 καὶ
338 4435 399 4485 ὲν
442 4433 507 4500 τῇ
539 4434 709 4500 πηγῇ,
737 4433 795 4482 ὲν
824 4425 902 4492 οἷς
942 4429 1039 4481 καὶ
1063 4428 1141 4496 τῷ
1194 4426 1432 4479 Ῥοδάνει
1457 4426 1517 4479 τὸ
1546 4444 1790 4497 κεκρυμ-

1882 3249 2065 3302 rustici
2102 3248 2229 3309 lilia,
2262 3257 2607 3315 posteaquam
2640 3247 2878 3313 Sinonis,
2909 3248 3017 3317 regi
3043 3248 3212 3318 Syria
3249 3256 3435 3314 nupta,

1880 3341 1976 3394 iras
2016 3340 2348 3393 vindicandae
2392 3347 2709 3407 potestatem
2766 3350 2922 3393 nacta
2962 3348 3065 3405 est,
3107 3339 3159 3393 vi
3219 3340 3437 3405 abrepta

1884 3429 2069 3490 fuerit,
2099 3438 2261 3497 atque
2297 3429 2549 3482 damnata
2580 3431 2645 3482 ad
2669 3429 3130 3484 concumbendum
3167 3445 3287 3485 cum
3322 3444 3441 3485 car-

1883 3521 2060 3574 nilice.
2113 3520 2335 3588 Septum
2395 3519 2577 3588 itaque
2634 3520 2946 3573 carniﬁcum
2992 3520 3271 3582 intruiens.
3317 3536 3439 3575 cum

1886 3612 2155 3679 Euphrate
2175 3626 2461 3677 congressa
2485 3620 2569 3665 est
2600 3627 2615 3663 :
2645 3612 2736 3679 qui
2767 3611 2882 3678 ejus
2903 3625 3190 3680 personam
3229 3613 3439 3682 ﬁngens

1885 3717 1981 3771 pro
2030 3702 2141 3771 ipsa
2176 3716 2207 3756 e
2235 3714 2386 3769 septo
2408 3702 2705 3771 egreditur,
2740 3710 2793 3755 et
2830 3702 2915 3755 illa
2946 3701 3181 3756 vicissim
3214 3717 3309 3767 pro
3333 3702 3439 3755 Eu.

1885 3794 2077 3862 phrate
2124 3793 2329 3847 lictoris
2362 3808 2581 3848 munere
2630 3792 2810 3848 functa
2838 3800 2940 3848 est.
2980 3792 3046 3846 Et
3067 3794 3181 3847 hac
3225 3791 3440 3861 quidem

1888 3886 1960 3939 ita
1992 3894 2160 3954 gesta.
2208 3886 2488 3939 Sora‘clms
2527 3896 2705 3940 autem
2724 3885 2868 3940 cruci
2910 3883 3198 3952 aﬁigendus
3226 3882 3444 3936 damna-

1890 3985 1996 4041 tur,
2040 3976 2291 4042 locusque
2328 3976 2582 4029 deﬁnitur
2638 3977 2729 4030 ubi
2788 3974 3076 4030 Rhodanes
3131 3982 3187 4028 et
3228 3971 3445 4028 Sinonis

1891 4066 2144 4133 hospitati
2210 4065 2441 4133 primum
2495 4065 2755 4130 fuerant,
2808 4067 2859 4119 iu
2900 4073 3054 4134 prato
3092 4062 3230 4131 illo,
3286 4074 3447 4132 atque

1888 4159 1955 4210 ad
2010 4158 2210 4211 fontem
2248 4196 2263 4221 ,
2327 4156 2525 4226 quibus
2572 4158 2738 4211 etiam
2798 4157 2851 4211 in
2906 4157 3040 4212 locis
3091 4164 3250 4211 antea
3304 4154 3447 4209 Rho-

1890 4246 2057 4301 danes
2098 4250 2211 4300 auri
2260 4248 2573 4301 thesaurum
2620 4246 3069 4313 deprehenderat,
3115 4260 3273 4315 quem
3304 4259 3447 4298 nunc

1890 4352 2101 4407 quoque
2146 4335 2433 4403 Soracho,
2482 4338 2548 4391 ad
2591 4337 2889 4403 patibulum
2927 4338 3120 4400 ducto.
3171 4336 3447 4392 indicavit.

1892 4430 2183 4483 Alanorum
2226 4438 2338 4484 tum
2380 4428 2517 4483 forte
2555 4429 2848 4491 exercitus,
2876 4428 3130 4485 mercede
3181 4443 3212 4482 a
3253 4426 3453 4482 Garmo

220 4523 383 4591 μένον
411 4522 739 4589 ἐπεφώρατο
777 4519 1019 4589 χρυσίον,
1049 4518 1078 4570 ὀ
1107 4518 1197 4570 καὶ
1225 4518 1555 4587 ἀπαγομένῳ
1584 4518 1673 4570 ἐπὶ
1701 4518 1791 4570 τὸν
1823 4513 1866 4568 D

1785 4537 1791 4562 ν
1823 4513 1866 4568 1)
1896 4517 2194 4582 fraudatus,
2235 4526 2286 4571 et
2318 4516 2586 4573 hostiliter
2613 4518 2666 4571 in
2699 4533 2821 4573 eum
2855 4519 3149 4585 animatus,
3172 4519 3359 4574 eodem
3396 4518 3453 4570 in

216 4612 459 4681 σταυρὸν
518 4612 762 4680 Σοραίχῳ
816 4610 1030 4679 μηνύει.
1098 4608 1209 4661 Καὶ
1274 4608 1508 4660 Ἀλανῶν
1567 4610 1792 4678 στρατὸς

1890 4610 2038 4674 loco,
2071 4610 2160 4662 ubi
2198 4612 2347 4663 cruci
2375 4609 2673 4677 afﬁgendus
2709 4618 2830 4663 erat
2866 4608 3192 4672 Sorachus,
3260 4622 3449 4663 conse—

216 4701 527 4771 ἀπὸμισθος
573 4702 777 4772 Γάρμῳ
813 4699 1048 4768 γεγονὼς
1078 4699 1172 4752 καὶ
1199 4698 1633 4767 ἀπεχθανόμενοι
1667 4701 1795 4768 περὶ

1784 4713 1795 4751 ι
1892 4702 2067 4754 derat.
2090 4698 2190 4755 Hic
2205 4698 2539 4763 Sorachum,
2569 4700 2742 4767 pulsis
2780 4699 2846 4753 iis
2872 4701 2963 4767 qui
2986 4716 3109 4754 eum
3131 4700 3199 4754 ad
3224 4710 3452 4754 mortem

217 4796 310 4844 τὸν
344 4792 544 4861 χῶρον,
573 4792 631 4843 ὲν
665 4785 709 4857 ᾧ
755 4791 1012 4862 Σόραιχος
1039 4788 1262 4858 ἔμελλεν
1301 4788 1792 4859 ἀνασταυροῦσθαι,

216 4881 624 4951 διατρίϐουσιν·
686 4880 734 4934 οἳ
780 4882 875 4935 καὶ
925 4879 1290 4943 ἀπελάσαντες
1345 4881 1471 4941 τοὺς
1532 4881 1790 4950 Σόραιχον

220 4976 459 5039 ἄγοντας
500 4972 717 5025 ἔλυσαν.
760 4970 821 5025 ’0
848 4972 906 5025 δὲ
952 4973 1013 5023 τὸ
1049 4970 1283 5040 μηνυθὲν
1323 4971 1540 5040 χρυσίον
1592 4971 1788 5042 εὑρὼν,

226 5066 318 5116 καὶ
341 5065 511 5135 τέχνῃ
542 5064 650 5115 τινὶ
680 5061 774 5115 καὶ
821 5061 982 5132 σοφίᾳ
1013 5063 1076 5113 ὲκ
1118 5060 1212 5113 τοῦ
1243 5060 1550 5129 ὀρύγματος
1582 5061 1791 5130 ἀνιμώ-

1895 4790 2199 4853 ducebant,
2242 4788 2508 4842 liberavit.
2545 4786 2634 4842 Ille
2675 4803 2830 4851 vero,
2858 4796 3077 4857 reperto
3116 4788 3259 4857 quod
3311 4802 3456 4840 mon-

1896 4892 2125 4935 Stralum
2163 4891 2317 4941 erat,
2355 4895 2523 4945 auro,
2564 4889 2723 4948 atque
2766 4891 2883 4935 arte
2918 4879 3148 4949 quadarn
3188 4886 3245 4934 et
3271 4888 3391 4933 astu
3426 4892 3458 4932 e

1896 4972 2037 5025 fossa
2068 4971 2317 5036 deducto,
2351 4971 2534 5024 Alanis
2554 4972 2844 5039 persuasit,
2879 4986 2939 5025 se
2967 4987 2997 5025 a
3030 4972 3133 5025 diis
3161 4972 3278 5026 hac
3294 4978 3457 5039 atque

1897 5064 2003 5117 alia
2033 5064 2281 5118 edoctum
2322 5064 2482 5117 scire.
2520 5062 2787 5116 Paulatim
2819 5072 2996 5117 autem
3021 5077 3117 5117 eos
3150 5061 3459 5117 deliuiendu

226 5173 411 5227 μενος,
453 5155 578 5218 τοὺς
602 5155 644 5186 ⁸⁸
682 5153 932 5217 ’Δλανοὺς
963 5152 1177 5207 ἔπειθεν
1209 5154 1285 5216 ὡς
1313 5153 1416 5206 ὐπὸ
1445 5152 1584 5206 θεῶν
1622 5153 1797 5205 ταύτά
1893 5204 1894 5207 η

1787 5169 1797 5205 ι
1893 5156 1967 5209 ita
2005 5153 2326 5220 assuefecit,
2374 5166 2432 5208 ut
2475 5156 2621 5209 illum
2653 5171 2752 5224 pro
2796 5170 2921 5225 rege
2950 5170 3048 5211 suo
3076 5162 3455 5226 agnoscerent,

1510 5286 1739 5342 νΑιιιΑε
1777 5285 2177 5342 LECTIONES.

301 5426 341 5455 "
385 5423 813 5494 παραψύχουσαν
834 5422 898 5477 Α.
979 5422 1019 5453 ¹¹
1047 5420 1269 5491 acapna]
1299 5438 1494 5490 καρατ.
1520 5421 1686 5494 αὐτῂν
1704 5437 1763 5484 ς’.
1843 5419 1885 5449 ⁸³
1917 5419 2311 5494 σχεθεὶςᾼέρωτι
2335 5435 2400 5494 ς.Δ
2454 5419 2518 5494 ,υ
2540 5419 2710 5494 αὐτὴν
2746 5434 2834 5494 ςκ
2887 5420 3049 5494 ²⁸ῌὲπ’
3077 5419 3199 5494 αὐτῇ

1082 5488 1229 5554 ¹⁸ἐίς
1252 5488 1344 5543 τὸν
1376 5488 1439 5532 4-
1474 5488 1757 5561 περίϐολον
1790 5508 1850 5554 ς.
1904 5488 1981 5545 cf.
2014 5507 2065 5559 p.
2097 5488 2190 5554 79,
2217 5491 2283 5545 59
2313 5508 2324 5542 :
2357 5488 2659 5559 εἰσέρχεται
2690 5489 2749 5540 ἐν
2774 5489 2841 5558 τῇ
2872 5488 3045 5542 πόλει.
3129 5491 3169 5521 ⁸⁷
3189 5488 3309 5543 ’καὶ
3328 5488 3455 5545 sua.

227 5514 324 5549 σαι
351 5498 391 5547 Α
426 5512 441 5547 :
476 5495 887 5564 ἀντιπληρὼσαι
926 5510 985 5557 ς.

228 5572 295 5620 Α.
375 5565 418 5595 ⁸⁸
444 5565 571 5626 τοὺς
621 5566 665 5617 Α
690 5581 706 5617 :
732 5566 825 5616 καὶ
862 5564 987 5626 τοὺς
1008 5579 1066 5625 ς.

2474 5418 2518 5449 ’δ
2540 5417 2710 5491 αὐτὴν
2746 5434 2832 5491 ςη
2887 5420 3049 5491 "utri
3077 5419 3215 5491 αὐτῇ
3243 5418 3457 5491 πληρῶ-

1764 5680 1991 5737 NOTAE.

301 5798 413 5865 (68)
444 5788 577 5852 Hinc
604 5796 825 5851 Suidam
858 5795 1118 5862 corrigas,
1152 5794 1289 5863 apud
1311 5809 1465 5863 quem
1508 5794 1817 5865 Μεσόπτης,
1861 5804 2009 5858 nato,
2037 5804 2093 5849 ut
2128 5794 2284 5861 solet,
2315 5807 2381 5848 ex
2408 5791 2723 5861 compendio
2752 5805 2960 5847 errore.
