4224 6442
190 409 284 474 3L1

189 625 236 675 Γ
236 622 491 689 sum-Iov
510 621 845 673 ἐπισκόπου
884 525 1331 687 ’Ἇῑεξανδρείας
1362 620 1465 685 Εις
1488 619 1599 672 τὸν
1627 618 1773 681 βίον

679 690 786 743 τοῦ
829 692 1280 759 Χρυσοστόμου.

258 784 392 854 [252
416 782 511 853 3.]
538 783 882 852 Ἀνεγνώσϐη
907 782 1129 851 βιϐλίον,
1156 782 1235 835 Τὰ
1256 782 1389 849 περὶ
1413 781 1521 834 τὸν
1543 781 1774 850 Χρυσό-

191 891 421 942 στομον
442 873 783 943 ἐπιγραφὴν
802 872 946 942 ιχον,
966 871 1241 942 Γεωργίου
1264 872 1566 925 ἐπισκόπου
1602 872 1777 938 Ἀλεξ-

189 964 478 1033 ανδρείας·
530 967 683 1027 ὅστις
720 964 766 1017 δ’
796 962 946 1015 ἐστὶν
979 957 1157 1028 οὗτος,
1218 965 1319 1017 οὐκ
1366 964 1474 1034 ἔχω
1513 966 1680 1034 σαφές
1722 983 1776 1019 τι

192 1056 573 1125 παραστῆσαι.
605 1057 760 1107 Ἐστι
791 1056 975 1126 μέντοι
995 1054 1090 1126 τὴν
1125 1056 1324 1125 φράσιν
1351 1056 1550 1119 ἁπλοῦς
1574 1056 1669 1109 καὶ
1697 1059 1776 1118 είς

190 1148 401 1218 πολλὴν
434 1148 762 1219 χυδαιότητα
810 1150 1300 1219 κατενηνεγμένος,
1338 1149 1494 1218 μηδὲ,
1522 1150 1682 1202 τοῦτο
1712 1150 1775 1220 δὴ

190 1243 250 1292 τὸ
299 1242 459 1311 παρὰ
496 1244 607 1303 τοῖς
649 1244 1061 1312 γραμματικοῖς
1104 1242 1246 1294 κατὰ
1282 1244 1467 1311 χεῖρας
1490 1282 1505 1307 ,
1540 1243 1639 1312 τὴν
1672 1242 1778 1296 τῶν

190 1335 483 1401 ὀνομάτων
507 1337 599 1387 καὶ
625 1337 885 1405 ῥημάτων
913 1333 1162 1398 σύνταξιν
1188 1334 1591 1403 ἠκριϐωμένος.
1615 1336 1778 1402 Λέγει

190 1428 246 1475 δὲ
279 1428 345 1478 ἐκ
373 1443 434 1478 τε
464 1427 766 1480 Παλλαδίου
802 1428 819 1495 (
844 1428 1138 1490 ἐπίσκοπος
1173 1427 1230 1479 δὲ
1259 1429 1286 1479 ὀ
1322 1427 1613 1489 Παλλάδιος
1633 1467 1647 1489 ,
1686 1429 1780 1479 καὶ

189 1516 494 1585 διαλογικῷ
539 1517 694 1586 τύπῳ
738 1518 917 1580 καλῶς
967 1534 1025 1570 τε
1058 1518 1153 1570 καὶ
1202 1516 1655 1586 ἐσπουδασμένως
1711 1516 1779 1569 τὰ

190 1611 319 1676 περὶ
347 1609 444 1660 τὸν
485 1610 870 1678 Χρυσὸστομον
899 1608 1309 1678 ἀνεγράψατο),
1340 1610 1401 1659 ἐκ
1440 1626 1497 1659 τε
1531 1604 1623 1661 οὖν
1652 1609 1780 1661 τού-

189 1718 283 1751 του
332 1703 476 1768 φησὶ
521 1702 616 1753 καὶ
660 1701 983 1771 Σωκράτους
1018 1702 1113 1753 καὶ
1165 1701 1438 1769 διαφόρων
1469 1701 1643 1753 ἄλλων
1680 1703 1778 1771 τὴν

191 1794 443 1861 ἱστορίαν
469 1794 871 1863 άναλεξάμενον
895 1796 939 1826 ’⁸
973 1796 1050 1855 είς
1081 1794 1138 1845 ἓν
1166 1794 1647 1863 συναθροίσασοαι.

1192 408 1788 469 BIBLIOTHECA.—
1816 407 2033 468 CODD.
2070 406 2233 480 XCV,
2265 406 2458 467 XCVI.

1803 536 1849 590 Δ

3343 404 3447 467 342

2563 518 2745 576 XCVI.

1876 612 2132 685 Georgius
2176 616 2338 684 epist.
2389 613 2799 693 Alexandrinas,
2834 612 2910 667 De
2958 612 3065 665 vita
3114 611 3179 663 Β.
3220 608 3451 680 Chryso-

2583 695 2758 739 uomt.

1947 781 2145 835 Lectus
2198 780 2334 833 liber
2375 779 2593 847 Georgii
2635 781 2809 848 episc.
2841 774 3181 830 Alexandria:
3218 775 3323 829 hac
3360 775 3446 828 in-

1878 875 2175 943 scriptione
2208 890 2224 928 :
2275 872 2377 927 Res
2410 871 2477 925 Β.
2515 869 2873 941 Chrysouami
2903 868 3038 940 (73).
3061 866 3165 933 Qui
3198 881 3327 921 vero
3358 866 3449 921 hic

1878 965 2141 1036 Georgius
2186 964 2256 1020 sit
2281 964 2413 1035 (74),
2450 979 2556 1018 non
2588 964 2761 1017 habeo
2786 971 2932 1017 certo
2960 960 3245 1014 aﬂirmare.
3276 957 3450 1012 Dictio

1879 1066 2029 1112 certo
2072 1057 2301 1126 simplex
2335 1056 2387 1110 in
2430 1054 2687 1110 humilem
2718 1053 3005 1108 admodum
3054 1050 3255 1121 stylem
3298 1048 3449 1103 dela-

1881 1151 2075 1204 bitur:
2133 1163 2310 1219 neque
2340 1147 2557 1214 saltem,
2607 1146 2751 1217 quod
2807 1146 2891 1200 vel
2938 1144 3337 1200 litteratoribus
3396 1143 3448 1197 in

1882 1252 2154 1311 promptu,
2204 1240 2479 1295 nominum
2534 1241 2933 1308 verborumque
2984 1247 3295 1292 accuratam
3354 1234 3451 1289 ad-

1882 1336 2032 1389 hibet
2077 1332 2563 1388 constructionem.
2615 1330 2805 1386 Refert
2856 1340 3038 1385 autem
3088 1344 3156 1384 ex
3210 1329 3452 1383 Palladio

1881 1426 2131 1494 episcOpo
2151 1424 2286 1494 (75),
2311 1425 2399 1492 qui
2426 1423 2621 1492 dialogi
2660 1422 2832 1477 forma
2862 1421 3086 1491 pulchre
3117 1436 3181 1476 ac
3211 1419 3452 1475 studiose

1880 1516 2253 1586 Chrysostomi
2275 1531 2362 1569 res
2379 1514 2964 1584 conscripsit,itemque
2978 1528 3043 1568 ex
3068 1513 3295 1567 Socrate
3312 1510 3451 1583 (76),

1882 1612 2108 1680 aliisque
2128 1609 2417 1673 nonnullis,
2442 1608 2717 1663 historiam
2754 1625 2781 1663 a
2812 1623 2870 1663 se
2895 1608 3200 1662 collectam.

257 1887 435 1953 Φησὶ-ι
481 1882 575 1939 οὖν
623 1888 715 1938 τὸν
769 1887 942 1956 μέγαν
1006 1888 1257 1955 Ἰωάννην
1308 1887 1473 1938 παῖδα
1524 1887 1777 1952 γενέσθαι
1808 1882 1853 1941 Β

1808 1882 1853 1941 Β
1950 1882 2177 1949 Magnus
2234 1881 2397 1951 igitur
2450 1878 2683 1933 Joannes
2730 1878 2895 1947 (77),
2957 1877 3254 1943 nobilibus,
3308 1878 3449 1946 apud

190 1978 497 2029 Σεκούνδου
528 1978 624 2031 καὶ
664 1978 977 2047 ’Λνθούσης
1010 1981 1293 2047 ἐπιφανεῖς
1316 1977 1373 2030 δὲ
1402 1970 1548 2031 οὗτοι
1576 1978 1686 2031 τῶν
1717 1981 1774 2031 ἐν

202 2070 538 2141 Ἀντιοχείᾳ.
567 2071 836 2140 Ἕλληνας
861 2071 916 2123 δὲ
941 2071 1138 2134 αὐτοὺς
1164 2070 1263 2139 τὴν
1297 2070 1593 2141 θρησκείαν
1618 2070 1776 2134 ὄντας

184 2164 212 2212 ὁ
257 2162 320 2227 ἐξ
365 2161 667 2231 Ἀρμενίας
711 2162 1001 2225 Μελέτιος,
1042 2164 1108 2231 τῇ
1170 2160 1486 2229 Ἀντιοχέων
1540 2161 1775 2227 ἐγκαταο

188 2254 319 2314 στας
339 2253 387 2283 ³⁸
435 2252 757 2321 Ἐκκλησία,
794 2251 1001 2321 ἐμύησὲ
1034 2268 1094 2303 τε
1134 2250 1230 2302 καὶ
1269 2247 1363 2301 τοῦ
1397 2248 1775 2319 σωτηριώδους

190 2345 496 2413 μετασχεῖν
527 2344 901 2412 βαπτίσματος
947 2341 1274 2412 κατηξίωσε,
1310 2341 1399 2394 τὸν
1429 2340 1543 2393 υἱὸν
1575 2341 1773 2410 πρότε-

189 2453 279 2501 ρον
308 2436 756 2505 μυσταγωγήσας
785 2436 876 2487 καί
900 2434 1298 2504 βαπτισάμενος
1316 2435 1381 2485 ³¹.
1413 2432 1774 2502 Παραδίδοται

184 2529 371 2579 τοίνυν
401 2530 431 2580 δ
471 2529 642 2597 μέγας
684 2528 937 2598 Ἰωάννης
970 2530 1161 2598 φοιτᾷν
1202 2530 1281 2589 είς
1306 2525 1649 2580 διδασκάλου.
1682 2526 1775 2588 Εἰς

188 2622 361 2687 ἄκρον
389 2620 449 2672 δὲ
492 2621 992 2690 ταπεινοφροσύνην
1016 2621 1057 2650 ⁹²
1088 2623 1154 2673 ἐκ
1210 2619 1399 2681 παιδὸς
1446 2619 1635 2687 {pater
1696 2618 1775 2670 διὸ

186 2711 308 2762 οῦδὲ
342 2711 567 2775 παῖδας,
596 2706 687 2779 οἷα
709 2712 855 2773 εἰκὸς
883 2713 1007 2773 τοὺς
1037 2710 1252 2781 πλούτῳ
1282 2712 1377 2763 καὶ
1408 2709 1533 2779 δόξῃ
1581 2713 1774 2780 περιρ-

190 2805 517 2871 ρεομένους.
549 2803 967 2871 μαλακίζεσθαι,
991 2805 1049 2856 οὐ
1086 2803 1185 2873 μὲν
1216 2800 1308 2855 οὖν
1339 2803 1460 2855 οὔτε
1484 2806 1525 2835 ³³
1552 2806 1773 2865 τούτους

188 2895 343 2965 αὑτῷ
374 2895 753 2965 παρέπεσθαι,
807 2897 923 2950 ἀλλ’
967 2897 1086 2949 οὐδὲ
1128 2898 1461 2961 ίππάζεσθαι
1509 2896 1772 2968 ἠνείχετο.

192 2983 329 3039 lli-.1
358 2988 416 3039 ἐν
460 2988 760 3057 Ἀντιοχείᾳ
785 2988 851 3039 τὰ
875 2989 974 3057 μὲν
1004 2988 1367 3057 γραμματικά
1388 2989 1480 3041 καὶ
1509 2987 1776 3058 ῥητορικὰ

188 3078 344 3144 παρὰ
378 3077 635 3129 Λιϐάνιον
671 3078 871 3144 φοιτῶν
911 3078 1244 3143 ἐπαιδεύετο,
1274 3080 1426 3147 παρὰ
1484 3078 1775 3149 Ἀνδραγά-

190 3168 305 3219 θεον
336 3169 397 3221 δὲ
443 3170 509 3221 τά
539 3171 824 3239 φιλόσοφα.
859 3170 1294 3241 Τελευτήσαντος
1340 3172 1397 3224 δὲ
1442 3170 1535 3224 τοῦ
1572 3172 1775 3242 πατρὸς

189 3260 284 3313 ὀὗ
311 3261 549 3331 πένθους
574 3258 642 3331 ἦν
687 3266 752 3332 τῇ
788 3265 956 3334 μητρὶ
998 3265 1365 3334 παραμύθιον,
1397 3265 1617 3317 πάντων
1668 3266 1777 3317 άπ-

191 3370 216 3403 ε
225 3354 463 3420 χόμενος
481 3354 749 3421 παιγνίων
767 3372 826 3407 τε
858 3357 949 3408 καὶ
968 3356 1192 3425 ἡδονῶν,
1218 3358 1398 3426 μόνοις
1422 3357 1477 3408 δὲ
1500 3374 1775 3423 προσανα-

192 3446 452 3513 κείμενος
485 3448 596 3508 τοίς
631 3446 974 3515 μαθήμασιν.

274 3618 533 3687 Ἀπαίρει
584 3620 715 3687 γοῦν
766 3621 903 3691 πρὸς
951 3624 1048 3684 τὰς
1093 3625 1318 3693 Ἀθήνας
1347 3666 1361 3688 ,
1411 3628 1476 3678 τὰ
1522 3627 1777 3679 λείποντα

193 3708 559 3777 προσλαὸεῖν·
587 3712 681 3763 καὶ
715 3713 772 3763 ἐν
804 3713 970 3783 ὀλίγῳ
1017 3717 1192 3786 χρόνῳ
1234 3718 1440 3779 πάντας
1476 3720 1776 3789 ὑπερὸαλό-

194 3822 357 3871 μενος
395 3803 442 3834 ⁸⁵
479 3804 805 3876 διεφοονήθη
862 3807 1148 3877 ’Δνθεμίῳ,
1200 3810 1258 3869 ὃς
1310 3812 1561 3879 τηνικάδε
1597 3815 1777 3884 ἱερεὺς

204 3895 441 3962 ’.ὶοηνᾶς
504 3898 839 3964 ἐχρημάτιζε
874 3900 966 3951 καὶ
1016 3900 1229 3968 πρῶτος
1282 3901 1387 3952 τῶν
1436 3906 1552 3954 ἐκεῖ
1595 3908 1777 3973 σοφῶν

190 3987 500 4057 ἐνομίζετο.
541 3988 595 4039 Ὁ
622 3989 677 4040 δὲ
706 3989 805 4058 τῆς
836 3989 1043 4052 πόλεως
1067 3991 1303 4062 ἔπαρχος
1335 3995 1377 4024 ³⁸
1408 3994 1777 4067 (Δημοσθένης

188 4080 364 4147 ὄνομα
422 4080 594 4148 αὐτῷ)
653 4083 1038 4148 μετακαλεῖται
1092 4084 1400 4147 πολυτελῶς
1466 4087 1557 4139 τὸν
1614 4092 1776 4157 σοφὸν

203 4170 495 4237 Ἰωάννην·
529 4174 557 4223 ό
584 4172 640 4223 δὲ
670 4173 790 4225 λίαν
823 4174 1055 4238 εὐτελῶς
1106 4178 1485 4246 παραγίνεται.
1534 4182 1643 4233 Καὶ
1690 4182 1776 4234 λό·

188 4282 303 4329 των
327 4267 612 4334 ῥαγέντων
650 4268 853 4334 μεταξὺ
890 4268 1054 4321 αὑτοῦ
1088 4286 1145 4321 τε
1180 4273 1274 4322 καὶ
1304 4270 1607 4339 Ἀνθεμίου,
1639 4292 1776 4344 κρα-

189 4359 271 4407 τεῖ
292 4358 322 4407 ὁ
365 4357 619 4425 Ἰωάννης
641 4361 703 4427 τῇ
746 4376 803 4409 τε
833 4360 996 4429 σοφίᾳ
1029 4361 1122 4413 καὶ
1158 4362 1368 4414 συνέσει
1399 4366 1493 4416 καὶ
1523 4367 1587 4434 τῇ
1620 4368 1776 4418 εὐσε-

189 4448 334 4515 ϐείᾳ.
373 4446 485 4496 Καὶ
526 4445 742 4513 πρῶτον
775 4447 922 4516 αὐτῷ
957 4450 1001 4479 ³⁸
1033 4450 1359 4503 ἐπιτελεῖται
1398 4454 1519 4504 τότε
1564 4454 1773 4523 θαῦμα,

1874 1978 2235 2041 Antiochiam,
2260 1975 2595 2045 parentibus,
2613 1973 2863 2027 Secundo
2894 1982 3055 2042 atque
3083 1972 3324 2024 Antbusa
3359 1984 3451 2024 na-

1878 2077 1962 2120 tus
2010 2077 2115 2123 est.
2158 2065 2405 2120 Meletius
2446 2079 2576 2118 vero
2626 2065 2934 2127 Armenus,
2972 2063 3060 2129 qui
3098 2061 3449 2116 Antiochena:

1876 2167 2005 2211 tunc
2046 2157 2301 2211 Ecclesia;
2331 2163 2581 2224 praeerat,
2630 2153 2831 2207 salubri
2867 2155 2967 2207 bos
2992 2154 3239 2206 doctrina
3273 2153 3291 2211 (
3320 2168 3446 2206 cum

1876 2250 2115 2320 gentium
2157 2258 2311 2303 antea
2348 2248 2551 2301 cultum
2578 2245 2962 2315 sectarentur)
3012 2243 3347 2312 informavit,
3394 2253 3451 2299 et

1876 2339 2155 2395 salutifero
2186 2339 2327 2409 79a
2360 2338 2694 2409 baptismatis
2732 2338 2948 2391 lavacro
2990 2345 3144 2403 aptos
3177 2336 3445 2400 reddidit;

1873 2448 2060 2487 eorum
2109 2441 2289 2484 tamen
2319 2429 2427 2483 lilio
2470 2429 2620 2497 prius
2657 2427 2902 2483 instituto
2955 2437 3119 2495 atque
3144 2426 3442 2495 baptizata.

1874 2523 2115 2578 Joannes
2156 2522 2337 2592 itaque
2368 2521 2549 2574 ludum
2586 2521 2931 2591 frequentare
2978 2520 3303 2574 litterarium
3334 2523 3449 2590 jus-

1874 2631 1986 2670 sns.
2024 2614 2139 2669 Jam
2168 2616 2290 2670 inde
2323 2630 2351 2669 a
2383 2630 2550 2684 puero
2572 2628 2840 2669 summam
2870 2613 3218 2677 modestiam.
3254 2616 3449 2670 animi-

1874 2723 1981 2777 que
2018 2708 2401 2763 demissionem
2450 2707 2793 2777 praeferebat.
2823 2708 3184 2776 Quamobrem
3208 2747 3224 2770 ,
3275 2721 3449 2776 neque

1878 2815 2094 2869 pueros,
2129 2809 2187 2853 ut
2235 2800 2393 2865 solet,
2428 2801 2633 2855 divitiis
2658 2810 2712 2854 et
2741 2802 2908 2871 gloria
2936 2800 3242 2864 afﬂuentes,
3279 2799 3450 2854 emol-

1878 2894 1983 2954 liri,
2047 2908 2222 2961 neque
2260 2894 2358 2947 hos
2404 2909 2461 2948 se
2504 2895 2808 2948 consectari
2860 2893 3097 2957 sinebat,
3148 2893 3243 2947 sed
3278 2907 3451 2962 neque

1877 3002 2012 3053 equo
2054 2988 2175 3039 vehi
2217 2986 2535 3040 sustinebat.
2590 2986 2790 3039 Deinde
2834 2986 3134 3040 Antiochia:
3164 2985 3217 3038 iu
3267 3000 3449 3056 gram-

1877 3078 2089 3131 maticis
2119 3079 2337 3147 quidem
2369 3087 2422 3131 et
2455 3078 2742 3132 rhetoricis
2793 3076 3038 3142 Libanio,
3076 3078 3450 3148 Andragathio

1881 3183 2009 3221 vero
2058 3169 2109 3220 in
2164 3169 2550 3237 pbilosopbicis
2600 3184 2823 3237 operam
2854 3169 3022 3224 dedit.
3063 3169 3277 3224 Mortuo
3318 3185 3450 3224 vero

1880 3270 2123 3329 parente,
2169 3262 2327 3313 matri
2372 3262 2424 3314 in
2470 3261 2619 3314 luctu
2661 3261 2915 3314 solatium
2950 3262 3204 3331 alloquiis
3242 3263 3447 3325 attulit,

1877 3360 1933 3405 et
1956 3369 1985 3403 a
2014 3351 2239 3406 ludicris
2260 3353 2513 3407 omnibus
2549 3355 2850 3418 abstinens,
2888 3369 2953 3408 ac
2992 3356 3269 3423 voluptate
3296 3369 3450 3424 pror-

1877 3460 1971 3499 sus
2023 3445 2125 3499 sibi
2161 3444 2514 3511 interdicens,
2549 3447 2957 3516 disciplinarum
3014 3449 3280 3502 duntaxat
3330 3457 3449 3502 slu-

1879 3537 1966 3589 dio
1994 3538 2233 3589 animum
2266 3538 2608 3606 adiungebat.

1948 3630 2129 3695 Quare
2198 3634 2440 3687 Athenas
2500 3635 2565 3686 ad
2623 3635 2925 3687 uberiorem
2984 3633 3185 3703 ingenii
3246 3632 3448 3691 cultum

1877 3723 2174 3791 profectus,
2203 3727 2350 3780 brevi
2399 3728 2608 3780 caeteris
2651 3729 2723 3781 ita
2753 3729 3061 3783 antecelluit
3090 3730 3368 3793 omnibus,
3393 3738 3451 3784 ut

1876 3825 1930 3868 et
1966 3818 2304 3883 Anthemius,
2339 3820 2427 3888 qni
2478 3830 2587 3872 Iunt
2625 3821 2695 3875 ibi
2731 3821 2990 3875 Minerva
3020 3822 3280 3877 sacerdos
3308 3836 3447 3885 erat,

1878 3907 1951 3960 illi
1985 3908 2265 3974 invideret,
2297 3920 2353 3963 et
2376 3910 2651 3980 sapientes
2679 3914 2818 3965 inter
2849 3913 3101 3980 princeps
3133 3912 3249 3982 ipse
3280 3913 3445 3967 habe-

1880 4010 2047 4054 retur.
2098 3998 2234 4070 Ergo
2266 4002 2414 4056 urbis
2460 4017 2671 4071 quoque
2700 4002 3010 4072 praefectus,
3056 4004 3448 4059 Demosthenes

1879 4092 2116 4155 nomine,
2151 4095 2446 4161 sapientem
2494 4097 2633 4148 hunc
2675 4094 2935 4151 Joannem
2973 4097 3140 4152 multo
3175 4113 3295 4152 cum
3352 4098 3450 4151 lto-

1878 4198 2010 4237 nore
2067 4187 2131 4236 ad
2159 4201 2217 4239 se
2270 4189 2538 4267 vocabat:
2594 4192 2660 4240 ad
2703 4204 2862 4256 quem
2915 4188 3004 4243 ille
3048 4205 3241 4261 magna
3269 4200 3447 4243 tamen

1879 4289 2000 4325 cum
2042 4276 2207 4328 animi
2254 4276 2581 4331 demissione
2626 4287 2789 4344 atque
2835 4280 3101 4332 modestia
3132 4280 3444 4333 accedebat.

1878 4363 1953 4417 lbi
1980 4368 2343 4434 disputatione
2379 4369 2520 4424 forte
2543 4385 2661 4422 cum
2682 4372 2971 4424 Anthemio
2992 4372 3262 4435 instituta,
3290 4387 3450 4440 supe-

1881 4457 1991 4510 rior
2019 4456 2257 4515 Joannes
2294 4462 2485 4527 evasit,
2521 4478 2627 4516 non
2659 4464 2902 4518 doctrina
2961 4465 3121 4518 modo
3157 4473 3211 4518 et
3244 4465 3448 4519 intelli-

185 4542 247 4587 τὸ
274 4538 319 4566 ³⁷
344 4536 437 4589 τὸν
476 4537 756 4608 Ἀνθέμιον
784 4540 1045 4611 δαιμονίῳ
1077 4559 1135 4594 τε
1169 4542 1375 4597 ἁλῶναι
1405 4547 1498 4598 καὶ
1527 4546 1772 4601 ἀπαλλαο
1807 4570 1852 4623 ο

1807 4570 1852 4623 ο
1881 4550 2083 4616 gentia,
2113 4551 2206 4605 sed
2251 4553 2458 4621 pietate
2497 4570 2745 4623 quoque...
2775 4556 2949 4623 Atque
2984 4558 3086 4611 hoc
3119 4567 3231 4610 tum
3260 4557 3326 4611 ab
3354 4556 3448 4610 illo

185 4631 355 4696 γῆναι
380 4628 604 4701 γλώσσῃ
626 4634 719 4683 καὶ
746 4634 877 4703 εὐχῇ
897 4634 1143 4688 Ἰωάννου
1170 4653 1183 4665 ⁸
1211 4635 1270 4699 ὃς
1300 4638 1393 4689 καὶ
1423 4638 1528 4690 ὑπὸ
1552 4638 1647 4691 τοῦ
1678 4644 1774 4710 τῆς

185 4724 403 4786 πόλεως
448 4725 747 4778 ἐπισκόπου
781 4729 877 4780 σὺν
908 4729 1069 4781 παντὶ
1115 4728 1194 4799 τῷ
1233 4730 1367 4800 οἴκῳ
1417 4730 1768 4786 ἐϐαπτίσατα

1884 4640 2111 4703 primum
2142 4652 2225 4696 est
2259 4644 2330 4697 ibi
2376 4653 2643 4713 patratum
2686 4647 3028 4714 miraculum,
3066 4648 3209 4718 quod
3244 4648 3448 4702 Anthe-

1882 4733 2019 4785 mius
2050 4735 2228 4787 divina
2256 4733 2479 4792 Joannis
2512 4738 2713 4808 lingua,
2737 4749 2790 4793 et
2812 4740 3123 4809 precatione
3163 4741 3449 4796 convictus

1496 4848 1730 4904 νΑιιιΑε]
1774 4847 2178 4907 LECTIONES.

258 4970 304 5050 ξ’
338 4971 993 5050 ιιο-ηηοάναλεξάμενοςῖ
1038 4974 1110 5050 ’⁸⁸
1143 4972 1523 5050 συγκλαταστὰς
1553 4991 1613 5036 ς’.
1678 4976 1731 5050 _'_‘
1754 4979 1952 5050 _malim
1985 4977 2277 5050 βαπτίσας.

2382 4980 2425 5010 ³³
2466 4980 2964 5049 ταπεινοφροσύνης
3002 4998 3062 5046 ς.
3165 4981 3210 5011 ⁸³
3238 4978 3361 5034 οὐδὲ
3382 4995 3448 5046 ς’.

185 5042 230 5095 ³)
251 5040 697 5109 ὑπερσαλόμενος
732 5057 878 5096 corr.
910 5043 952 5094 A
992 5042 1505 5111 εὐπρόαλλόμενος
1537 5062 1595 5107 ς.
1676 5046 1720 5077 ³⁸
1753 5040 2001 5120 ὕπαρχος
2048 5068 2108 5113 ς.
2188 5040 2411 5119 “abuit
2444 5066 2553 5103 om.
2591 5054 2654 5102 Α.
2703 5040 2775 5082 II"
2800 5049 2862 5102 τὸ
2889 5040 3112 5105 θΗιΙίΑ.

1722 5167 1950 5225 NOTAE.

256 5255 370 5325 (75)
394 5254 640 5325 lntegras
667 5255 819 5309 nobis
848 5254 1070 5309 Parisiis
1100 5256 1292 5310 Latine
1312 5256 1457 5309 dedit
1483 5256 1762 5311 Godefrid.

182 5326 524 5396 Tilmannus,
568 5341 657 5379 an.
710 5326 866 5379 1557.
908 5325 1134 5379 Easdem
1189 5330 1396 5396 integro
1426 5343 1574 5392 paene
1630 5330 1767 5382 libro

183 5412 284 5448 suo
312 5410 389 5448 xtl
434 5395 723 5460 diligenter
770 5407 1082 5461 persecutus
1124 5398 1286 5449 etiam
1318 5406 1400 5449 est
1431 5398 1765 5465 Nicephorns

183 5465 461 5519 Callistus.
496 5466 626 5518 Vide
660 5481 873 5534 quoque
898 5465 1321 5536 Metapltrasten,
1355 5476 1409 5519 et
1439 5466 1763 5521 Theodoreti

186 5537 280 5606 ω».
318 5552 375 5598 v,
407 5550 529 5603 cap.
554 5536 646 5602 27,
681 5553 801 5588 rum
844 5551 995 5605 seqq.
1030 5549 1195 5606 atque
1236 5537 1484 5604 inprimis
1516 5538 1760 5593 Illustris.

187 5605 401 5658 Baronii
450 5610 599 5660 card.
649 5606 843 5659 Annal.
882 5622 955 5659 tv.

254 5676 365 5745 (74)
402 5675 963 5749 Bgoillnntputo,qui
1011 5676 1067 5749 S.
1113 5675 1272 5731 Joan.
1327 5676 1765 5749 Eleemosynario

183 5747 447 5800 successit
489 5748 632 5800 circa
659 5761 750 5799 an.
784 5745 915 5801 Chr.
947 5746 1070 5800 620.
1103 5749 1167 5801 Et
1200 5764 1325 5800 vero
1369 5747 1426 5799 Β.
1457 5745 1611 5800 Joan.
1652 5747 1757 5800 Da-

184 5831 435 5870 masceno
465 5817 699 5886 priorem
731 5820 864 5869 satis
892 5828 1128 5880 constat,
1173 5833 1296 5871 cum
1334 5816 1378 5870 is
1430 5834 1491 5871 cx
1526 5818 1621 5871 hac
1652 5820 1758 5870 vita

184 5902 311 5953 (non
345 5900 605 5958 expresso
639 5888 920 5956 scriptoris
960 5888 1195 5951 nomine)
1225 5888 1455 5942 adducat
1484 5888 1760 5943 historiam

1873 5262 1941 5383 (Ile
1974 5262 2209 5332 imagine
2239 5261 2296 5315 S.
2328 5261 2475 5315 Pauli
2500 5272 2670 5330 apost.
2704 5272 2844 5317 orat.
2880 5264 2934 5328 l,
2964 5262 3040 5317 De
3064 5266 3309 5333 imagiu.,
3341 5269 3445 5321 sub

1894 5348 2000 5383 nte.

1894 5348 2000 5385 me.

1946 5403 2056 5471 (75)
2109 5402 2566 5471 Helenepolitano,
2608 5416 2765 5469 quem
2812 5402 3003 5457 Latine
3031 5419 3246 5458 versum
3280 5406 3443 5460 babes

1873 5479 2003 5525 tom.
2044 5474 2060 5526 l
2094 5489 2317 5541 onerum
2357 5474 2414 5528 Β.
2456 5475 2733 5542 Cbrysost.
2770 5474 2901 5526 edit.
2936 5474 3105 5527 Paris.
3149 5490 3272 5530 cum
3316 5478 3440 5532 aliis

1872 5544 1960 5610 qui
2003 5545 2103 5596 hoc
2134 5552 2503 5611 argumentum
2538 5554 2858 5596 tractarunt.

1946 5613 2058 5686 (76)
2092 5612 2207 5666 Lib.
2240 5628 2311 5679 vt,
2344 5628 2407 5686 ex
2439 5629 2547 5686 quo
2564 5612 2786 5681 Niceph.
2827 5629 3038 5681 quoque
3075 5630 3194 5678 sua,
3226 5630 3348 5686 qua
3375 5617 3444 5671 de

1874 5680 1933 5735 B.
1958 5680 2244 5753 "lilltrysost.
2270 5680 2506 5749 scripsit,
2539 5680 2782 5738 ltauStsse
2814 5680 3047 5737 constat.

1938 5750 2050 5825 (77)
2078 5750 2333 5825 'Niccpb.
2381 5756 2473 5809 lib.
2521 5770 2635 5814 xm,
2665 5770 2782 5823 cap.
2838 5754 2914 5819 ‘3;
2957 5753 3168 5809 Sucrat.
3210 5754 3306 5810 lib.
3368 5772 3454 5818 vt,

1870 5839 1989 5894 cap.
2022 5839 2075 5879 ο.
