  <div class='ocr_page' id='page_1' title='image "/cluster/home/n/w/nwhite01/storage/ocr_20150623/103/nnc1.0046979689/179.png"; bbox 0 0 4224 6442; ppageno 0'>
   <div class='ocr_carea' id='block_1_1' title="bbox 716 408 823 470">
    <p class='ocr_par' dir='ltr' id='par_1_1' title="bbox 716 408 823 470">
     <span class='ocr_line' id='line_1_1' title="bbox 716 408 823 470; baseline 0.009 -1"><span class='ocrx_word' id='word_1_1' title='bbox 716 408 823 470; x_wconf 75' lang='grc'><strong>343</strong></span> 
     </span>
    </p>
   </div>
   <div class='ocr_carea' id='block_1_2' title="bbox 1879 401 2829 466">
    <p class='ocr_par' dir='ltr' id='par_1_2' title="bbox 1879 401 2829 466">
     <span class='ocr_line' id='line_1_2' title="bbox 1879 401 2829 466; baseline -0.006 0"><span class='ocrx_word' id='word_1_2' title='bbox 1879 404 2141 466; x_wconf 76' lang='lat' dir='ltr'><strong>PHOTII</strong></span> <span class='ocrx_word' id='word_1_3' title='bbox 2174 401 2679 465; x_wconf 65' lang='lat' dir='ltr'><strong>PATBIARCHE</strong></span> <span class='ocrx_word' id='word_1_4' title='bbox 2718 401 2829 461; x_wconf 90' lang='lat' dir='ltr'><strong>CP.</strong></span> 
     </span>
    </p>
   </div>
   <div class='ocr_carea' id='block_1_3' title="bbox 3888 388 3998 455">
    <p class='ocr_par' dir='ltr' id='par_1_3' title="bbox 3888 388 3998 455">
     <span class='ocr_line' id='line_1_3' title="bbox 3888 388 3998 455; baseline 0 0"><span class='ocrx_word' id='word_1_5' title='bbox 3888 388 3998 455; x_wconf 71' lang='lat' dir='ltr'><strong>3M</strong></span> 
     </span>
    </p>
   </div>
   <div class='ocr_carea' id='block_1_4' title="bbox 719 493 2330 592">
    <p class='ocr_par' dir='ltr' id='par_1_4' title="bbox 719 521 2307 592">
     <span class='ocr_line' id='line_1_4' title="bbox 719 521 2307 592; baseline -0.004 -13"><span class='ocrx_word' id='word_1_6' title='bbox 719 521 1056 585; x_wconf 75' lang='lat' dir='ltr'><strong>discesserit,</strong></span> <span class='ocrx_word' id='word_1_7' title='bbox 1100 521 1169 576; x_wconf 86' lang='lat' dir='ltr'><strong>ab</strong></span> <span class='ocrx_word' id='word_1_8' title='bbox 1204 522 1429 592; x_wconf 85' lang='lat' dir='ltr'><strong>lpsomet</strong></span> <span class='ocrx_word' id='word_1_9' title='bbox 1477 524 1626 577; x_wconf 85' lang='lat' dir='ltr'><strong>urbis</strong></span> <span class='ocrx_word' id='word_1_10' title='bbox 1668 521 1921 590; x_wconf 83' lang='lat' dir='ltr'><strong>episcopo</strong></span> <span class='ocrx_word' id='word_1_11' title='bbox 1951 534 2133 590; x_wconf 81' lang='lat' dir='ltr'><strong>postca</strong></span> <span class='ocrx_word' id='word_1_12' title='bbox 2182 538 2307 577; x_wconf 88' lang='lat' dir='ltr'><strong>cum</strong></span> 
     </span>
    </p>
   </div>
   <div class='ocr_carea' id='block_1_5' title="bbox 2433 493 4000 592">
    <p class='ocr_par' dir='ltr' id='par_1_5' title="bbox 2433 493 4000 587">
     <span class='ocr_line' id='line_1_5' title="bbox 2433 493 4000 587; baseline -0.011 -16"><span class='ocrx_word' id='word_1_13' title='bbox 2433 520 2751 587; x_wconf 71' lang='grc' dir='ltr'>(ατηχεῖται</span> <span class='ocrx_word' id='word_1_14' title='bbox 2782 514 2838 567; x_wconf 80' lang='grc' dir='ltr'>δὲ</span> <span class='ocrx_word' id='word_1_15' title='bbox 2869 510 2965 565; x_wconf 72' lang='grc' dir='ltr'><strong>καὶ</strong></span> <span class='ocrx_word' id='word_1_16' title='bbox 3008 510 3037 562; x_wconf 80' lang='grc' dir='ltr'>ὁ</span> <span class='ocrx_word' id='word_1_17' title='bbox 3070 506 3307 576; x_wconf 78' lang='grc' dir='ltr'><strong>ἔπαρχος</strong></span> <span class='ocrx_word' id='word_1_18' title='bbox 3328 519 3344 536; x_wconf 81' lang='grc'><strong>⁸</strong></span> <span class='ocrx_word' id='word_1_19' title='bbox 3391 502 3559 557; x_wconf 85' lang='grc' dir='ltr'>πάλαι</span> <span class='ocrx_word' id='word_1_20' title='bbox 3587 501 3700 573; x_wconf 77' lang='grc' dir='ltr'>γὰρ</span> <span class='ocrx_word' id='word_1_21' title='bbox 3737 495 3809 572; x_wconf 73' lang='grc' dir='ltr'>ἦν</span> <span class='ocrx_word' id='word_1_22' title='bbox 3840 493 4000 563; x_wconf 69' lang='grc' dir='ltr'>οὗτος</span> 
     </span>
    </p>
   </div>
   <div class='ocr_carea' id='block_1_6' title="bbox 719 614 2309 683">
    <p class='ocr_par' dir='ltr' id='par_1_6' title="bbox 719 614 2309 683">
     <span class='ocr_line' id='line_1_6' title="bbox 719 614 2309 683; baseline -0.005 -11"><span class='ocrx_word' id='word_1_23' title='bbox 719 616 866 672; x_wconf 89' lang='lat' dir='ltr'><strong>omni</strong></span> <span class='ocrx_word' id='word_1_24' title='bbox 895 615 1103 669; x_wconf 78' lang='lat' dir='ltr'><strong>familia</strong></span> <span class='ocrx_word' id='word_1_25' title='bbox 1144 615 1414 683; x_wconf 83' lang='lat' dir='ltr'><strong>baptismo</strong></span> <span class='ocrx_word' id='word_1_26' title='bbox 1436 615 1740 683; x_wconf 72' lang='lat' dir='ltr'><strong>tingendus.</strong></span> <span class='ocrx_word' id='word_1_27' title='bbox 1774 614 2072 668; x_wconf 67' lang='lat' dir='ltr'><strong>Praefectus</strong></span> <span class='ocrx_word' id='word_1_28' title='bbox 2102 625 2309 679; x_wconf 87' lang='lat' dir='ltr'><strong>autem,</strong></span> 
     </span>
    </p>
   </div>
   <div class='ocr_carea' id='block_1_7' title="bbox 720 709 2313 780">
    <p class='ocr_par' dir='ltr' id='par_1_7' title="bbox 720 709 2313 780">
     <span class='ocr_line' id='line_1_7' title="bbox 720 709 2313 780; baseline -0.001 -19"><span class='ocrx_word' id='word_1_29' title='bbox 720 710 862 780; x_wconf 84' lang='lat' dir='ltr'><strong>quod</strong></span> <span class='ocrx_word' id='word_1_30' title='bbox 926 710 1133 777; x_wconf 87' lang='lat' dir='ltr'><strong>pridem</strong></span> <span class='ocrx_word' id='word_1_31' title='bbox 1166 710 1471 776; x_wconf 72' lang='lat' dir='ltr'><strong>baptizatus</strong></span> <span class='ocrx_word' id='word_1_32' title='bbox 1508 721 1677 775; x_wconf 87' lang='lat' dir='ltr'><strong>esset,</strong></span> <span class='ocrx_word' id='word_1_33' title='bbox 1703 709 1975 763; x_wconf 87' lang='lat' dir='ltr'><strong>catechesi</strong></span> <span class='ocrx_word' id='word_1_34' title='bbox 2026 710 2313 763; x_wconf 89' lang='lat' dir='ltr'><strong>instruitur</strong></span> 
     </span>
    </p>
   </div>
   <div class='ocr_carea' id='block_1_8' title="bbox 724 799 2311 871">
    <p class='ocr_par' dir='ltr' id='par_1_8' title="bbox 724 799 2311 871">
     <span class='ocr_line' id='line_1_8' title="bbox 724 799 2311 871; baseline -0.003 -16"><span class='ocrx_word' id='word_1_35' title='bbox 724 814 1033 871; x_wconf 77' lang='lat' dir='ltr'><strong>magnaque</strong></span> <span class='ocrx_word' id='word_1_36' title='bbox 1074 801 1297 856; x_wconf 85' lang='lat' dir='ltr'><strong>omnino</strong></span> <span class='ocrx_word' id='word_1_37' title='bbox 1327 801 1607 854; x_wconf 86' lang='lat' dir='ltr'><strong>hominum</strong></span> <span class='ocrx_word' id='word_1_38' title='bbox 1643 814 1973 869; x_wconf 75' lang='lat' dir='ltr'><strong>paganorum</strong></span> <span class='ocrx_word' id='word_1_39' title='bbox 2019 799 2311 854; x_wconf 71' lang='lat' dir='ltr'><strong>multitudo</strong></span> 
     </span>
    </p>
   </div>
   <div class='ocr_carea' id='block_1_9' title="bbox 724 872 2309 961">
    <p class='ocr_par' dir='ltr' id='par_1_9' title="bbox 724 872 2309 961">
     <span class='ocr_line' id='line_1_9' title="bbox 724 872 2309 961; baseline -0.003 -14"><span class='ocrx_word' id='word_1_40' title='bbox 724 895 791 947; x_wconf 86' lang='lat' dir='ltr'><strong>ad</strong></span> <span class='ocrx_word' id='word_1_41' title='bbox 824 893 922 948; x_wconf 83' lang='lat' dir='ltr'><strong>hos</strong></span> <span class='ocrx_word' id='word_1_42' title='bbox 962 894 1213 947; x_wconf 84' lang='lat' dir='ltr'><strong>accessit.</strong></span> <span class='ocrx_word' id='word_1_43' title='bbox 1257 890 1377 946; x_wconf 91' lang='lat' dir='ltr'><strong>Jam</strong></span> <span class='ocrx_word' id='word_1_44' title='bbox 1420 892 1535 960; x_wconf 89' lang='lat' dir='ltr'><strong>ipse</strong></span> <span class='ocrx_word' id='word_1_45' title='bbox 1576 906 1794 961; x_wconf 92' lang='lat' dir='ltr'><strong>quoque</strong></span> <span class='ocrx_word' id='word_1_46' title='bbox 1828 891 1979 945; x_wconf 84' lang='lat' dir='ltr'><strong>urbis</strong></span> <span class='ocrx_word' id='word_1_47' title='bbox 2019 872 2309 960; x_wconf 84' lang='lat' dir='ltr'><strong>episcopus</strong></span> 
     </span>
    </p>
   </div>
   <div class='ocr_carea' id='block_1_10' title="bbox 725 983 2314 1055">
    <p class='ocr_par' dir='ltr' id='par_1_10' title="bbox 725 983 2314 1055">
     <span class='ocr_line' id='line_1_10' title="bbox 725 983 2314 1055; baseline -0.003 -14"><span class='ocrx_word' id='word_1_48' title='bbox 725 984 989 1041; x_wconf 78' lang='lat' dir='ltr'><strong>Joannem</strong></span> <span class='ocrx_word' id='word_1_49' title='bbox 1038 985 1318 1051; x_wconf 79' lang='lat' dir='ltr'><strong>ordinare,</strong></span> <span class='ocrx_word' id='word_1_50' title='bbox 1350 992 1406 1039; x_wconf 90' lang='lat' dir='ltr'><strong>et</strong></span> <span class='ocrx_word' id='word_1_51' title='bbox 1446 999 1543 1055; x_wconf 90' lang='lat' dir='ltr'><strong>pro</strong></span> <span class='ocrx_word' id='word_1_52' title='bbox 1579 1000 1639 1040; x_wconf 80' lang='lat' dir='ltr'><strong>se</strong></span> <span class='ocrx_word' id='word_1_53' title='bbox 1665 986 1979 1055; x_wconf 82' lang='lat' dir='ltr'><strong>episcopum</strong></span> <span class='ocrx_word' id='word_1_54' title='bbox 2008 983 2314 1053; x_wconf 89' lang='lat' dir='ltr'><strong>relinquere</strong></span> 
     </span>
    </p>
   </div>
   <div class='ocr_carea' id='block_1_11' title="bbox 731 1080 1283 1136">
    <p class='ocr_par' dir='ltr' id='par_1_11' title="bbox 731 1080 1283 1136">
     <span class='ocr_line' id='line_1_11' title="bbox 731 1080 1283 1136; baseline 0.004 -3"><span class='ocrx_word' id='word_1_55' title='bbox 731 1084 787 1136; x_wconf 84' lang='lat' dir='ltr'><strong>in</strong></span> <span class='ocrx_word' id='word_1_56' title='bbox 822 1080 1006 1135; x_wconf 84' lang='lat' dir='ltr'><strong>animo</strong></span> <span class='ocrx_word' id='word_1_57' title='bbox 1029 1080 1283 1136; x_wconf 78' lang='lat' dir='ltr'><strong>habebat.</strong></span> 
     </span>
    </p>
   </div>
   <div class='ocr_carea' id='block_1_12' title="bbox 801 1168 2313 1243">
    <p class='ocr_par' dir='ltr' id='par_1_12' title="bbox 801 1168 2313 1243">
     <span class='ocr_line' id='line_1_12' title="bbox 801 1168 2313 1243; baseline -0.004 -15"><span class='ocrx_word' id='word_1_58' title='bbox 801 1173 877 1228; x_wconf 86' lang='lat' dir='ltr'><strong>Ea</strong></span> <span class='ocrx_word' id='word_1_59' title='bbox 914 1189 973 1229; x_wconf 90' lang='lat' dir='ltr'><strong>re</strong></span> <span class='ocrx_word' id='word_1_60' title='bbox 998 1174 1244 1243; x_wconf 81' lang='lat' dir='ltr'><strong>cognita,</strong></span> <span class='ocrx_word' id='word_1_61' title='bbox 1290 1171 1433 1226; x_wconf 89' lang='lat' dir='ltr'><strong>clam</strong></span> <span class='ocrx_word' id='word_1_62' title='bbox 1474 1170 1584 1237; x_wconf 83' lang='lat' dir='ltr'><strong>ille,</strong></span> <span class='ocrx_word' id='word_1_63' title='bbox 1612 1185 1676 1225; x_wconf 85' lang='lat' dir='ltr'><strong>ac</strong></span> <span class='ocrx_word' id='word_1_64' title='bbox 1710 1168 1960 1225; x_wconf 81' lang='lat' dir='ltr'><strong>celeriter</strong></span> <span class='ocrx_word' id='word_1_65' title='bbox 1990 1168 2043 1223; x_wconf 92' lang='lat' dir='ltr'><strong>in</strong></span> <span class='ocrx_word' id='word_1_66' title='bbox 2081 1169 2313 1238; x_wconf 86' lang='lat' dir='ltr'><strong>patriam</strong></span> 
     </span>
    </p>
   </div>
   <div class='ocr_carea' id='block_1_13' title="bbox 732 1263 2314 1336">
    <p class='ocr_par' dir='ltr' id='par_1_13' title="bbox 732 1263 2314 1336">
     <span class='ocr_line' id='line_1_13' title="bbox 732 1263 2314 1336; baseline -0.003 -16"><span class='ocrx_word' id='word_1_67' title='bbox 732 1268 1100 1336; x_wconf 75' lang='lat' dir='ltr'><strong>adnavigavit,</strong></span> <span class='ocrx_word' id='word_1_68' title='bbox 1134 1266 1224 1319; x_wconf 87' lang='lat' dir='ltr'><strong>ubi</strong></span> <span class='ocrx_word' id='word_1_69' title='bbox 1251 1266 1376 1319; x_wconf 92' lang='lat' dir='ltr'><strong>dum</strong></span> <span class='ocrx_word' id='word_1_70' title='bbox 1418 1264 1556 1334; x_wconf 80' lang='lat' dir='ltr'><strong>juris</strong></span> <span class='ocrx_word' id='word_1_71' title='bbox 1584 1263 1797 1317; x_wconf 83' lang='lat' dir='ltr'><strong>dicendi</strong></span> <span class='ocrx_word' id='word_1_72' title='bbox 1844 1264 2226 1316; x_wconf 77' lang='lat' dir='ltr'><strong>auctoritatem</strong></span> <span class='ocrx_word' id='word_1_73' title='bbox 2265 1263 2314 1315; x_wconf 91' lang='lat' dir='ltr'><strong>ei</strong></span> 
     </span>
    </p>
   </div>
   <div class='ocr_carea' id='block_1_14' title="bbox 730 1355 2316 1423">
    <p class='ocr_par' dir='ltr' id='par_1_14' title="bbox 730 1355 2316 1423">
     <span class='ocr_line' id='line_1_14' title="bbox 730 1355 2316 1423; baseline -0.004 -10"><span class='ocrx_word' id='word_1_74' title='bbox 730 1360 877 1414; x_wconf 81' lang='lat' dir='ltr'><strong>cives</strong></span> <span class='ocrx_word' id='word_1_75' title='bbox 904 1359 987 1414; x_wconf 91' lang='lat' dir='ltr'><strong>sui</strong></span> <span class='ocrx_word' id='word_1_76' title='bbox 1016 1359 1271 1412; x_wconf 82' lang='lat' dir='ltr'><strong>mandare</strong></span> <span class='ocrx_word' id='word_1_77' title='bbox 1301 1355 1841 1418; x_wconf 78' lang='lat' dir='ltr'><strong>vellent,solitariam</strong></span> <span class='ocrx_word' id='word_1_78' title='bbox 1862 1356 2025 1408; x_wconf 87' lang='lat' dir='ltr'><strong>vitam</strong></span> <span class='ocrx_word' id='word_1_79' title='bbox 2060 1355 2316 1423; x_wconf 66' lang='lat' dir='ltr'><strong>praatulit,</strong></span> 
     </span>
    </p>
   </div>
   <div class='ocr_carea' id='block_1_15' title="bbox 730 1448 2317 1517">
    <p class='ocr_par' dir='ltr' id='par_1_15' title="bbox 730 1448 2317 1517">
     <span class='ocr_line' id='line_1_15' title="bbox 730 1448 2317 1517; baseline -0.006 -9"><span class='ocrx_word' id='word_1_80' title='bbox 730 1465 979 1507; x_wconf 78' lang='lat' dir='ltr'><strong>octavum</strong></span> <span class='ocrx_word' id='word_1_81' title='bbox 998 1452 1409 1517; x_wconf 87' lang='lat' dir='ltr'><strong>decimum,non</strong></span> <span class='ocrx_word' id='word_1_82' title='bbox 1436 1450 1690 1517; x_wconf 86' lang='lat' dir='ltr'><strong>amplius,</strong></span> <span class='ocrx_word' id='word_1_83' title='bbox 1707 1448 1885 1503; x_wconf 69' lang='lat' dir='ltr'><strong>aetatis</strong></span> <span class='ocrx_word' id='word_1_84' title='bbox 1906 1464 2104 1500; x_wconf 90' lang='lat' dir='ltr'><strong>annum</strong></span> <span class='ocrx_word' id='word_1_85' title='bbox 2128 1463 2317 1516; x_wconf 81' lang='lat' dir='ltr'><strong>agens.</strong></span> 
     </span>
    </p>
   </div>
   <div class='ocr_carea' id='block_1_16' title="bbox 732 1538 2320 1613">
    <p class='ocr_par' dir='ltr' id='par_1_16' title="bbox 732 1538 2320 1613">
     <span class='ocr_line' id='line_1_16' title="bbox 732 1538 2320 1613; baseline -0.004 -16"><span class='ocrx_word' id='word_1_86' title='bbox 732 1542 777 1597; x_wconf 86' lang='lat' dir='ltr'><strong>E</strong></span> <span class='ocrx_word' id='word_1_87' title='bbox 808 1544 1305 1613; x_wconf 86' lang='lat' dir='ltr'><strong>condiscipulorum</strong></span> <span class='ocrx_word' id='word_1_88' title='bbox 1331 1540 1517 1595; x_wconf 68' lang='lat' dir='ltr'><strong>adhaac</strong></span> <span class='ocrx_word' id='word_1_89' title='bbox 1561 1540 1742 1604; x_wconf 88' lang='lat' dir='ltr'><strong>turba,</strong></span> <span class='ocrx_word' id='word_1_90' title='bbox 1778 1538 1869 1608; x_wconf 92' lang='lat' dir='ltr'><strong>qui</strong></span> <span class='ocrx_word' id='word_1_91' title='bbox 1906 1539 2080 1593; x_wconf 86' lang='lat' dir='ltr'><strong>eidem</strong></span> <span class='ocrx_word' id='word_1_92' title='bbox 2114 1552 2320 1607; x_wconf 61' lang='lat' dir='ltr'><strong>praece-</strong></span> 
     </span>
    </p>
   </div>
   <div class='ocr_carea' id='block_1_17' title="bbox 734 1628 2317 1706">
    <p class='ocr_par' dir='ltr' id='par_1_17' title="bbox 734 1628 2317 1706">
     <span class='ocr_line' id='line_1_17' title="bbox 734 1628 2317 1706; baseline -0.004 -17"><span class='ocrx_word' id='word_1_93' title='bbox 734 1636 875 1706; x_wconf 81' lang='lat' dir='ltr'><strong>ptori</strong></span> <span class='ocrx_word' id='word_1_94' title='bbox 918 1651 1136 1703; x_wconf 82' lang='lat' dir='ltr'><strong>operam</strong></span> <span class='ocrx_word' id='word_1_95' title='bbox 1179 1635 1480 1695; x_wconf 86' lang='lat' dir='ltr'><strong>dederant,</strong></span> <span class='ocrx_word' id='word_1_96' title='bbox 1534 1632 1805 1701; x_wconf 82' lang='lat' dir='ltr'><strong>persuasit</strong></span> <span class='ocrx_word' id='word_1_97' title='bbox 1843 1642 1968 1684; x_wconf 91' lang='lat' dir='ltr'><strong>tunc</strong></span> <span class='ocrx_word' id='word_1_98' title='bbox 2009 1628 2317 1690; x_wconf 87' lang='lat' dir='ltr'><strong>Theodoro,</strong></span> 
     </span>
    </p>
   </div>
   <div class='ocr_carea' id='block_1_18' title="bbox 735 1718 2317 1795">
    <p class='ocr_par' dir='ltr' id='par_1_18' title="bbox 735 1718 2317 1795">
     <span class='ocr_line' id='line_1_18' title="bbox 735 1718 2317 1795; baseline -0.004 -17"><span class='ocrx_word' id='word_1_99' title='bbox 735 1728 827 1793; x_wconf 79' lang='lat' dir='ltr'><strong>qui</strong></span> <span class='ocrx_word' id='word_1_100' title='bbox 860 1738 979 1795; x_wconf 90' lang='lat' dir='ltr'><strong>post</strong></span> <span class='ocrx_word' id='word_1_101' title='bbox 1008 1726 1351 1794; x_wconf 76' lang='lat' dir='ltr'><strong>Mopsuestia:</strong></span> <span class='ocrx_word' id='word_1_102' title='bbox 1380 1724 1665 1791; x_wconf 86' lang='lat' dir='ltr'><strong>episcopus</strong></span> <span class='ocrx_word' id='word_1_103' title='bbox 1696 1720 1819 1781; x_wconf 78' lang='lat' dir='ltr'><strong>fuit.</strong></span> <span class='ocrx_word' id='word_1_104' title='bbox 1853 1731 1910 1773; x_wconf 92' lang='lat' dir='ltr'><strong>et</strong></span> <span class='ocrx_word' id='word_1_105' title='bbox 1949 1719 2181 1773; x_wconf 78' lang='lat' dir='ltr'><strong>Maximo</strong></span> <span class='ocrx_word' id='word_1_106' title='bbox 2218 1718 2317 1773; x_wconf 90' lang='lat' dir='ltr'><strong>Se-</strong></span> 
     </span>
    </p>
   </div>
   <div class='ocr_carea' id='block_1_19' title="bbox 737 1812 2323 1887">
    <p class='ocr_par' dir='ltr' id='par_1_19' title="bbox 737 1812 2323 1887">
     <span class='ocr_line' id='line_1_19' title="bbox 737 1812 2323 1887; baseline -0.008 -13"><span class='ocrx_word' id='word_1_107' title='bbox 737 1819 926 1875; x_wconf 64' lang='lat' dir='ltr'><strong>leuciae</strong></span> <span class='ocrx_word' id='word_1_108' title='bbox 969 1832 1183 1887; x_wconf 85' lang='lat' dir='ltr'><strong>quoque</strong></span> <span class='ocrx_word' id='word_1_109' title='bbox 1220 1828 1407 1883; x_wconf 73' lang='lat' dir='ltr'><strong>postea</strong></span> <span class='ocrx_word' id='word_1_110' title='bbox 1453 1814 1730 1883; x_wconf 85' lang='lat' dir='ltr'><strong>episcOpo,</strong></span> <span class='ocrx_word' id='word_1_111' title='bbox 1776 1812 1973 1879; x_wconf 76' lang='lat' dir='ltr'><strong>reiecta</strong></span> <span class='ocrx_word' id='word_1_112' title='bbox 2030 1812 2137 1863; x_wconf 88' lang='lat' dir='ltr'><strong>vita</strong></span> <span class='ocrx_word' id='word_1_113' title='bbox 2177 1826 2323 1879; x_wconf 72' lang='lat' dir='ltr'><strong>quae-</strong></span> 
     </span>
    </p>
   </div>
   <div class='ocr_carea' id='block_1_20' title="bbox 2418 593 4002 680">
    <p class='ocr_par' dir='ltr' id='par_1_20' title="bbox 2418 593 4002 680">
     <span class='ocr_line' id='line_1_20' title="bbox 2418 593 4002 680; baseline -0.012 -16"><span class='ocrx_word' id='word_1_114' title='bbox 2418 609 2759 680; x_wconf 84' lang='grc' dir='ltr'>βαπτισθείς.</span> <span class='ocrx_word' id='word_1_115' title='bbox 2807 606 2917 658; x_wconf 80' lang='lat' dir='ltr'><strong>Kal.</strong></span> <span class='ocrx_word' id='word_1_116' title='bbox 2973 603 3103 656; x_wconf 83' lang='grc' dir='ltr'>ἀλλο</span> <span class='ocrx_word' id='word_1_117' title='bbox 3156 600 3214 651; x_wconf 78' lang='grc' dir='ltr'>δὲ</span> <span class='ocrx_word' id='word_1_118' title='bbox 3269 596 3404 650; x_wconf 78' lang='grc' dir='ltr'>πολὺ</span> <span class='ocrx_word' id='word_1_119' title='bbox 3459 595 3665 664; x_wconf 75' lang='grc' dir='ltr'>πλῆθος</span> <span class='ocrx_word' id='word_1_120' title='bbox 3731 593 4002 663; x_wconf 79' lang='grc' dir='ltr'>Ἐλλήνων</span> 
     </span>
    </p>
   </div>
   <div class='ocr_carea' id='block_1_21' title="bbox 2413 683 4001 771">
    <p class='ocr_par' dir='ltr' id='par_1_21' title="bbox 2413 683 4001 771">
     <span class='ocr_line' id='line_1_21' title="bbox 2413 683 4001 771; baseline -0.011 -17"><span class='ocrx_word' id='word_1_121' title='bbox 2413 701 2813 771; x_wconf 76' lang='grc' dir='ltr'><strong>προσέδραμεν.</strong></span> <span class='ocrx_word' id='word_1_122' title='bbox 2852 697 2911 748; x_wconf 88' lang='grc' dir='ltr'>Ὀ</span> <span class='ocrx_word' id='word_1_123' title='bbox 2939 695 2994 747; x_wconf 83' lang='grc' dir='ltr'>δὲ</span> <span class='ocrx_word' id='word_1_124' title='bbox 3020 694 3118 761; x_wconf 85' lang='grc' dir='ltr'><strong>τῆς</strong></span> <span class='ocrx_word' id='word_1_125' title='bbox 3170 689 3383 750; x_wconf 76' lang='grc' dir='ltr'>πόλεως</span> <span class='ocrx_word' id='word_1_126' title='bbox 3425 687 3554 758; x_wconf 74' lang='grc'><strong>[159</strong></span> <span class='ocrx_word' id='word_1_127' title='bbox 3582 683 3673 756; x_wconf 71' lang='lat' dir='ltr'><strong>IL]</strong></span> <span class='ocrx_word' id='word_1_128' title='bbox 3697 685 4001 744; x_wconf 72' lang='grc' dir='ltr'>ὲπίσκοπος</span> 
     </span>
    </p>
   </div>
   <div class='ocr_carea' id='block_1_22' title="bbox 2414 773 4002 863">
    <p class='ocr_par' dir='ltr' id='par_1_22' title="bbox 2414 773 4002 863">
     <span class='ocr_line' id='line_1_22' title="bbox 2414 773 4002 863; baseline -0.012 -18"><span class='ocrx_word' id='word_1_129' title='bbox 2414 792 2604 863; x_wconf 76' lang='grc' dir='ltr'>ἔμελλε</span> <span class='ocrx_word' id='word_1_130' title='bbox 2654 790 2982 860; x_wconf 82' lang='grc' dir='ltr'><strong>χειροτονεῖν</strong></span> <span class='ocrx_word' id='word_1_131' title='bbox 3013 786 3107 838; x_wconf 78' lang='grc' dir='ltr'><strong>τὸν</strong></span> <span class='ocrx_word' id='word_1_132' title='bbox 3173 783 3467 849; x_wconf 81' lang='grc' dir='ltr'>Ἰωάννην,</span> <span class='ocrx_word' id='word_1_133' title='bbox 3522 779 3618 831; x_wconf 79' lang='grc' dir='ltr'>καὶ</span> <span class='ocrx_word' id='word_1_134' title='bbox 3664 776 3780 829; x_wconf 83' lang='grc' dir='ltr'>ἀντ’</span> <span class='ocrx_word' id='word_1_135' title='bbox 3831 773 4002 829; x_wconf 77' lang='grc' dir='ltr'>αὑτοῦ</span> 
     </span>
    </p>
   </div>
   <div class='ocr_carea' id='block_1_23' title="bbox 2414 866 4006 952">
    <p class='ocr_par' dir='ltr' id='par_1_23' title="bbox 2414 866 4006 952">
     <span class='ocr_line' id='line_1_23' title="bbox 2414 866 4006 952; baseline -0.013 -14"><span class='ocrx_word' id='word_1_136' title='bbox 2414 882 2848 952; x_wconf 77' lang='grc' dir='ltr'><strong>καταλιμπάνειν</strong></span> <span class='ocrx_word' id='word_1_137' title='bbox 2871 874 3381 944; x_wconf 82' lang='grc' dir='ltr'>ὲπίσκοπον.⁶’οπερ</span> <span class='ocrx_word' id='word_1_138' title='bbox 3396 872 3557 939; x_wconf 78' lang='grc' dir='ltr'>γνοὺς</span> <span class='ocrx_word' id='word_1_139' title='bbox 3575 872 3805 931; x_wconf 77' lang='grc' dir='ltr'>ἐκεῖνος,</span> <span class='ocrx_word' id='word_1_140' title='bbox 3824 866 4006 937; x_wconf 83' lang='grc' dir='ltr'>λάθρα</span> 
     </span>
    </p>
   </div>
   <div class='ocr_carea' id='block_1_24' title="bbox 2414 968 3645 1047">
    <p class='ocr_par' dir='ltr' id='par_1_24' title="bbox 2414 968 3645 1047">
     <span class='ocr_line' id='line_1_24' title="bbox 2414 968 3645 1047; baseline -0.011 -13"><span class='ocrx_word' id='word_1_141' title='bbox 2414 981 2509 1033; x_wconf 75' lang='grc' dir='ltr'>καὶ</span> <span class='ocrx_word' id='word_1_142' title='bbox 2538 978 2741 1047; x_wconf 80' lang='grc' dir='ltr'><strong>σπουδῇ</strong></span> <span class='ocrx_word' id='word_1_143' title='bbox 2767 976 2904 1046; x_wconf 82' lang='grc' dir='ltr'>πρὸς</span> <span class='ocrx_word' id='word_1_144' title='bbox 2930 973 3027 1045; x_wconf 84' lang='grc' dir='ltr'>τὴν</span> <span class='ocrx_word' id='word_1_145' title='bbox 3047 970 3281 1041; x_wconf 79' lang='grc' dir='ltr'>πατρίδα</span> <span class='ocrx_word' id='word_1_146' title='bbox 3310 968 3645 1021; x_wconf 70' lang='grc' dir='ltr'>ἀπέπλευσε.</span> 
     </span>
    </p>
   </div>
   <div class='ocr_carea' id='block_1_25' title="bbox 2488 1139 4008 1226">
    <p class='ocr_par' dir='ltr' id='par_1_25' title="bbox 2488 1139 4008 1226">
     <span class='ocr_line' id='line_1_25' title="bbox 2488 1139 4008 1226; baseline -0.015 -15"><span class='ocrx_word' id='word_1_147' title='bbox 2488 1159 2599 1226; x_wconf 77' lang='grc' dir='ltr'><strong>Τῆς</strong></span> <span class='ocrx_word' id='word_1_148' title='bbox 2631 1156 2687 1207; x_wconf 77' lang='grc' dir='ltr'>δὲ</span> <span class='ocrx_word' id='word_1_149' title='bbox 2728 1153 2940 1213; x_wconf 83' lang='grc' dir='ltr'>πόλεως</span> <span class='ocrx_word' id='word_1_150' title='bbox 2989 1148 3323 1216; x_wconf 79' lang='grc' dir='ltr'>Ἀντιοχείας</span> <span class='ocrx_word' id='word_1_151' title='bbox 3370 1144 3466 1196; x_wconf 76' lang='grc' dir='ltr'><strong>ἐπὶ</strong></span> <span class='ocrx_word' id='word_1_152' title='bbox 3512 1140 3801 1210; x_wconf 78' lang='grc' dir='ltr'>δικανικὴν</span> <span class='ocrx_word' id='word_1_153' title='bbox 3847 1139 4008 1202; x_wconf 80' lang='grc' dir='ltr'>τάξιν</span> 
     </span>
    </p>
   </div>
   <div class='ocr_carea' id='block_1_26' title="bbox 2417 1230 4010 1317">
    <p class='ocr_par' dir='ltr' id='par_1_26' title="bbox 2417 1230 4010 1317">
     <span class='ocr_line' id='line_1_26' title="bbox 2417 1230 4010 1317; baseline -0.015 -12"><span class='ocrx_word' id='word_1_154' title='bbox 2417 1251 2662 1317; x_wconf 83' lang='grc' dir='ltr'>ἀγόντων</span> <span class='ocrx_word' id='word_1_155' title='bbox 2691 1245 2874 1307; x_wconf 82' lang='grc' dir='ltr'>αὑτὸν,</span> <span class='ocrx_word' id='word_1_156' title='bbox 2904 1241 3065 1305; x_wconf 73' lang='grc' dir='ltr'>αὐτὸς</span> <span class='ocrx_word' id='word_1_157' title='bbox 3104 1240 3304 1309; x_wconf 78' lang='grc' dir='ltr'>μᾶλλον</span> <span class='ocrx_word' id='word_1_158' title='bbox 3333 1238 3469 1306; x_wconf 74' lang='grc' dir='ltr'>πρλς</span> <span class='ocrx_word' id='word_1_159' title='bbox 3508 1235 3599 1288; x_wconf 74' lang='grc' dir='ltr'>τὸν</span> <span class='ocrx_word' id='word_1_160' title='bbox 3640 1235 3850 1303; x_wconf 85' lang='grc' dir='ltr'>μονήρη</span> <span class='ocrx_word' id='word_1_161' title='bbox 3892 1230 4010 1298; x_wconf 83' lang='grc' dir='ltr'>βίον</span> 
     </span>
    </p>
   </div>
   <div class='ocr_carea' id='block_1_27' title="bbox 2419 1324 4010 1398">
    <p class='ocr_par' dir='ltr' id='par_1_27' title="bbox 2419 1324 4010 1398">
     <span class='ocr_line' id='line_1_27' title="bbox 2419 1324 4010 1398; baseline -0.013 -2"><span class='ocrx_word' id='word_1_162' title='bbox 2419 1342 2714 1398; x_wconf 82' lang='grc' dir='ltr'>ἀπέκλινε,</span> <span class='ocrx_word' id='word_1_163' title='bbox 2773 1337 2997 1390; x_wconf 84' lang='grc' dir='ltr'>δέκατον</span> <span class='ocrx_word' id='word_1_164' title='bbox 3056 1338 3150 1386; x_wconf 72' lang='grc' dir='ltr'>καὶ</span> <span class='ocrx_word' id='word_1_165' title='bbox 3203 1332 3390 1397; x_wconf 79' lang='grc' dir='ltr'>ὄγδοον</span> <span class='ocrx_word' id='word_1_166' title='bbox 3450 1331 3551 1397; x_wconf 77' lang='grc' dir='ltr'><strong>τῆς</strong></span> <span class='ocrx_word' id='word_1_167' title='bbox 3599 1326 3819 1397; x_wconf 87' lang='grc' dir='ltr'>ήλικίας</span> <span class='ocrx_word' id='word_1_168' title='bbox 3889 1324 4010 1387; x_wconf 76' lang='grc' dir='ltr'>ἔτος</span> 
     </span>
    </p>
   </div>
   <div class='ocr_carea' id='block_1_28' title="bbox 2419 1416 4011 1494">
    <p class='ocr_par' dir='ltr' id='par_1_28' title="bbox 2419 1416 4011 1494">
     <span class='ocr_line' id='line_1_28' title="bbox 2419 1416 4011 1494; baseline -0.013 -6"><span class='ocrx_word' id='word_1_169' title='bbox 2419 1435 2619 1489; x_wconf 82' lang='grc' dir='ltr'>ἀνύων.</span> <span class='ocrx_word' id='word_1_170' title='bbox 2663 1431 2787 1482; x_wconf 83' lang='grc' dir='ltr'>Τῶν</span> <span class='ocrx_word' id='word_1_171' title='bbox 2834 1428 2890 1480; x_wconf 82' lang='grc' dir='ltr'>δὲ</span> <span class='ocrx_word' id='word_1_172' title='bbox 2926 1424 3413 1494; x_wconf 63' lang='grc' dir='ltr'><strong>συμφωνησάντων</strong></span> <span class='ocrx_word' id='word_1_173' title='bbox 3443 1420 3593 1489; x_wconf 83' lang='grc' dir='ltr'><strong>αὐτῷ</strong></span> <span class='ocrx_word' id='word_1_174' title='bbox 3632 1420 3713 1481; x_wconf 81' lang='grc' dir='ltr'><strong>είς</strong></span> <span class='ocrx_word' id='word_1_175' title='bbox 3744 1416 4011 1470; x_wconf 79' lang='grc' dir='ltr'>διδασκά-</span> 
     </span>
    </p>
   </div>
   <div class='ocr_carea' id='block_1_29' title="bbox 2420 1509 4015 1585">
    <p class='ocr_par' dir='ltr' id='par_1_29' title="bbox 2420 1509 4015 1585">
     <span class='ocr_line' id='line_1_29' title="bbox 2420 1509 4015 1585; baseline -0.013 -6"><span class='ocrx_word' id='word_1_176' title='bbox 2420 1528 2512 1580; x_wconf 90' lang='grc' dir='ltr'><strong>λου</strong></span> <span class='ocrx_word' id='word_1_177' title='bbox 2539 1524 2582 1556; x_wconf 83' lang='grc'><strong>³⁸</strong></span> <span class='ocrx_word' id='word_1_178' title='bbox 2615 1522 2796 1574; x_wconf 78' lang='grc' dir='ltr'>πείθει</span> <span class='ocrx_word' id='word_1_179' title='bbox 2836 1520 2958 1571; x_wconf 86' lang='grc' dir='ltr'>τότε</span> <span class='ocrx_word' id='word_1_180' title='bbox 2992 1519 3036 1549; x_wconf 76' lang='grc'><strong>³⁸</strong></span> <span class='ocrx_word' id='word_1_181' title='bbox 3065 1516 3361 1585; x_wconf 85' lang='grc' dir='ltr'>Θεόδωρον,</span> <span class='ocrx_word' id='word_1_182' title='bbox 3394 1513 3453 1574; x_wconf 72' lang='grc' dir='ltr'>ὃς</span> <span class='ocrx_word' id='word_1_183' title='bbox 3500 1511 3729 1579; x_wconf 71' lang='grc' dir='ltr'>ὕστερον</span> <span class='ocrx_word' id='word_1_184' title='bbox 3760 1509 4015 1577; x_wconf 76' lang='grc' dir='ltr'>Μοψουε-</span> 
     </span>
    </p>
   </div>
   <div class='ocr_carea' id='block_1_30' title="bbox 2423 1602 4015 1683">
    <p class='ocr_par' dir='ltr' id='par_1_30' title="bbox 2423 1602 4015 1683">
     <span class='ocr_line' id='line_1_30' title="bbox 2423 1602 4015 1683; baseline -0.013 -11"><span class='ocrx_word' id='word_1_185' title='bbox 2423 1620 2575 1681; x_wconf 88' lang='grc' dir='ltr'>στίας</span> <span class='ocrx_word' id='word_1_186' title='bbox 2611 1615 2849 1683; x_wconf 78' lang='grc' dir='ltr'>κατέστη</span> <span class='ocrx_word' id='word_1_187' title='bbox 2880 1612 3202 1673; x_wconf 73' lang='grc' dir='ltr'>ἐπίσκοπος,</span> <span class='ocrx_word' id='word_1_188' title='bbox 3242 1606 3337 1659; x_wconf 76' lang='grc' dir='ltr'>καὶ</span> <span class='ocrx_word' id='word_1_189' title='bbox 3371 1606 3623 1673; x_wconf 78' lang='grc' dir='ltr'>Μάξιμον</span> <span class='ocrx_word' id='word_1_190' title='bbox 3658 1602 4015 1673; x_wconf 80' lang='grc' dir='ltr'>(Σελευκείας</span> 
     </span>
    </p>
   </div>
   <div class='ocr_carea' id='block_1_31' title="bbox 2423 1694 4018 1769">
    <p class='ocr_par' dir='ltr' id='par_1_31' title="bbox 2423 1694 4018 1769">
     <span class='ocr_line' id='line_1_31' title="bbox 2423 1694 4018 1769; baseline -0.013 -5"><span class='ocrx_word' id='word_1_191' title='bbox 2423 1712 2480 1763; x_wconf 80' lang='grc' dir='ltr'>δὲ</span> <span class='ocrx_word' id='word_1_192' title='bbox 2524 1712 2619 1763; x_wconf 72' lang='grc' dir='ltr'><strong>καὶ</strong></span> <span class='ocrx_word' id='word_1_193' title='bbox 2668 1701 2823 1768; x_wconf 68' lang='grc' dir='ltr'>οὗτος</span> <span class='ocrx_word' id='word_1_194' title='bbox 2872 1702 3243 1769; x_wconf 83' lang='grc' dir='ltr'>ὲπέσκόπησε)</span> <span class='ocrx_word' id='word_1_195' title='bbox 3274 1700 3366 1751; x_wconf 82' lang='grc' dir='ltr'><strong>τὸν</strong></span> <span class='ocrx_word' id='word_1_196' title='bbox 3410 1697 3845 1768; x_wconf 73' lang='grc' dir='ltr'>χρηματιστικὸν</span> <span class='ocrx_word' id='word_1_197' title='bbox 3897 1694 4018 1762; x_wconf 86' lang='grc' dir='ltr'>βίον</span> 
     </span>
    </p>
   </div>
   <div class='ocr_carea' id='block_1_32' title="bbox 2426 1784 4018 1868">
    <p class='ocr_par' dir='ltr' id='par_1_32' title="bbox 2426 1784 4018 1868">
     <span class='ocr_line' id='line_1_32' title="bbox 2426 1784 4018 1868; baseline -0.013 -12"><span class='ocrx_word' id='word_1_198' title='bbox 2426 1802 2825 1860; x_wconf 81' lang='grc' dir='ltr'>διαπτύσαντας</span> <span class='ocrx_word' id='word_1_199' title='bbox 2858 1798 2903 1829; x_wconf 65' lang='grc'><strong>⁸⁸</strong></span> <span class='ocrx_word' id='word_1_200' title='bbox 2954 1795 3083 1868; x_wconf 72' lang='lat'><strong>[9.55</strong></span> <span class='ocrx_word' id='word_1_201' title='bbox 3112 1793 3205 1863; x_wconf 83' lang='lat' dir='ltr'><strong>R.]</strong></span> <span class='ocrx_word' id='word_1_202' title='bbox 3243 1790 3458 1845; x_wconf 78' lang='grc' dir='ltr'>ἑλέσθαι</span> <span class='ocrx_word' id='word_1_203' title='bbox 3489 1789 3583 1842; x_wconf 82' lang='grc' dir='ltr'><strong>τὸν</strong></span> <span class='ocrx_word' id='word_1_204' title='bbox 3628 1788 3794 1840; x_wconf 77' lang='grc' dir='ltr'>λιτόν.</span> <span class='ocrx_word' id='word_1_205' title='bbox 3838 1786 3922 1838; x_wconf 81' lang='grc' dir='ltr'>τά</span> <span class='ocrx_word' id='word_1_206' title='bbox 3957 1784 4018 1837; x_wconf 79' lang='grc' dir='ltr'>δὲ</span> 
     </span>
    </p>
   </div>
   <div class='ocr_carea' id='block_1_33' title="bbox 737 1877 2330 1977">
    <p class='ocr_par' dir='ltr' id='par_1_33' title="bbox 737 1877 2325 1977">
     <span class='ocr_line' id='line_1_33' title="bbox 737 1877 2325 1977; baseline -0.005 -13"><span class='ocrx_word' id='word_1_207' title='bbox 737 1910 941 1964; x_wconf 84' lang='lat' dir='ltr'><strong>stuaria</strong></span> <span class='ocrx_word' id='word_1_208' title='bbox 987 1877 1053 1963; x_wconf 70' lang='lat' dir='ltr'><strong>ac</strong></span> <span class='ocrx_word' id='word_1_209' title='bbox 1076 1908 1308 1977; x_wconf 86' lang='lat' dir='ltr'><strong>publica,</strong></span> <span class='ocrx_word' id='word_1_210' title='bbox 1330 1877 1596 1974; x_wconf 68' lang='lat' dir='ltr'><strong>privaiam</strong></span> <span class='ocrx_word' id='word_1_211' title='bbox 1626 1877 1691 1957; x_wconf 76' lang='lat' dir='ltr'><strong>ac</strong></span> <span class='ocrx_word' id='word_1_212' title='bbox 1714 1877 2014 1972; x_wconf 82' lang='lat' dir='ltr'><strong>simplicem</strong></span> <span class='ocrx_word' id='word_1_213' title='bbox 2038 1910 2099 1956; x_wconf 89' lang='lat' dir='ltr'><strong>ut</strong></span> <span class='ocrx_word' id='word_1_214' title='bbox 2122 1877 2325 1969; x_wconf 83' lang='lat' dir='ltr'><strong>ample-</strong></span> 
     </span>
    </p>
   </div>
   <div class='ocr_carea' id='block_1_34' title="bbox 2433 1877 4019 1977">
    <p class='ocr_par' dir='ltr' id='par_1_34' title="bbox 2433 1877 4019 1957">
     <span class='ocr_line' id='line_1_34' title="bbox 2433 1877 4019 1957; baseline -0.012 -11"><span class='ocrx_word' id='word_1_215' title='bbox 2433 1894 2599 1947; x_wconf 88' lang='grc' dir='ltr'>πολλά</span> <span class='ocrx_word' id='word_1_216' title='bbox 2657 1889 2921 1957; x_wconf 83' lang='grc' dir='ltr'>Βασιλείῳ</span> <span class='ocrx_word' id='word_1_217' title='bbox 2978 1886 3146 1955; x_wconf 81' lang='grc' dir='ltr'>συνῆν</span> <span class='ocrx_word' id='word_1_218' title='bbox 3191 1884 3269 1955; x_wconf 80' lang='grc' dir='ltr'><strong>τῷ</strong></span> <span class='ocrx_word' id='word_1_219' title='bbox 3323 1881 3565 1953; x_wconf 85' lang='grc' dir='ltr'>μεγάλῳ,</span> <span class='ocrx_word' id='word_1_220' title='bbox 3601 1879 3718 1932; x_wconf 83' lang='grc' dir='ltr'>ἀλλ’</span> <span class='ocrx_word' id='word_1_221' title='bbox 3764 1878 3885 1946; x_wconf 80' lang='grc' dir='ltr'>οὐχ,</span> <span class='ocrx_word' id='word_1_222' title='bbox 3939 1877 4019 1937; x_wconf 87' lang='grc' dir='ltr'>ὼς</span> 
     </span>
    </p>
   </div>
   <div class='ocr_carea' id='block_1_35' title="bbox 740 1997 2323 2068">
    <p class='ocr_par' dir='ltr' id='par_1_35' title="bbox 740 1997 2323 2068">
     <span class='ocr_line' id='line_1_35' title="bbox 740 1997 2323 2068; baseline -0.005 -11"><span class='ocrx_word' id='word_1_223' title='bbox 740 2012 1035 2057; x_wconf 90' lang='lat' dir='ltr'><strong>cterentur.</strong></span> <span class='ocrx_word' id='word_1_224' title='bbox 1062 2002 1357 2055; x_wconf 87' lang='lat' dir='ltr'><strong>Plurimum</strong></span> <span class='ocrx_word' id='word_1_225' title='bbox 1376 2014 1503 2054; x_wconf 87' lang='lat' dir='ltr'><strong>vero</strong></span> <span class='ocrx_word' id='word_1_226' title='bbox 1518 1999 1630 2068; x_wconf 83' lang='lat'><strong>(78)</strong></span> <span class='ocrx_word' id='word_1_227' title='bbox 1648 1997 1844 2053; x_wconf 80' lang='lat' dir='ltr'><strong>Basilio</strong></span> <span class='ocrx_word' id='word_1_228' title='bbox 1862 2011 1991 2049; x_wconf 85' lang='lat' dir='ltr'><strong>usus</strong></span> <span class='ocrx_word' id='word_1_229' title='bbox 2012 2006 2093 2050; x_wconf 90' lang='lat' dir='ltr'><strong>est</strong></span> <span class='ocrx_word' id='word_1_230' title='bbox 2114 1997 2323 2065; x_wconf 77' lang='lat' dir='ltr'><strong>Magno,</strong></span> 
     </span>
    </p>
   </div>
   <div class='ocr_carea' id='block_1_36' title="bbox 746 2089 2326 2160">
    <p class='ocr_par' dir='ltr' id='par_1_36' title="bbox 746 2089 2326 2160">
     <span class='ocr_line' id='line_1_36' title="bbox 746 2089 2326 2160; baseline -0.003 -13"><span class='ocrx_word' id='word_1_231' title='bbox 746 2099 876 2160; x_wconf 83' lang='lat' dir='ltr'><strong>(non</strong></span> <span class='ocrx_word' id='word_1_232' title='bbox 908 2096 998 2149; x_wconf 90' lang='lat' dir='ltr'><strong>illo</strong></span> <span class='ocrx_word' id='word_1_233' title='bbox 1033 2095 1229 2160; x_wconf 89' lang='lat' dir='ltr'><strong>altero,</strong></span> <span class='ocrx_word' id='word_1_234' title='bbox 1266 2103 1323 2147; x_wconf 88' lang='lat' dir='ltr'><strong>ttt</strong></span> <span class='ocrx_word' id='word_1_235' title='bbox 1355 2094 1445 2147; x_wconf 85' lang='lat' dir='ltr'><strong>alii</strong></span> <span class='ocrx_word' id='word_1_236' title='bbox 1496 2092 1788 2159; x_wconf 85' lang='lat' dir='ltr'><strong>allirntant)</strong></span> <span class='ocrx_word' id='word_1_237' title='bbox 1814 2107 1972 2160; x_wconf 89' lang='lat' dir='ltr'><strong>quem</strong></span> <span class='ocrx_word' id='word_1_238' title='bbox 2000 2101 2054 2146; x_wconf 90' lang='lat' dir='ltr'><strong>et</strong></span> <span class='ocrx_word' id='word_1_239' title='bbox 2082 2089 2326 2144; x_wconf 84' lang='lat' dir='ltr'><strong>Meletius</strong></span> 
     </span>
    </p>
   </div>
   <div class='ocr_carea' id='block_1_37' title="bbox 744 2182 2325 2250">
    <p class='ocr_par' dir='ltr' id='par_1_37' title="bbox 744 2182 2325 2250">
     <span class='ocr_line' id='line_1_37' title="bbox 744 2182 2325 2250; baseline -0.004 -11"><span class='ocrx_word' id='word_1_240' title='bbox 744 2190 1030 2241; x_wconf 79' lang='lat' dir='ltr'><strong>diaconum</strong></span> <span class='ocrx_word' id='word_1_241' title='bbox 1072 2188 1366 2250; x_wconf 79' lang='lat' dir='ltr'><strong>ordinavit,</strong></span> <span class='ocrx_word' id='word_1_242' title='bbox 1394 2196 1447 2240; x_wconf 86' lang='lat' dir='ltr'><strong>ct</strong></span> <span class='ocrx_word' id='word_1_243' title='bbox 1476 2184 1712 2240; x_wconf 87' lang='lat' dir='ltr'><strong>Joannes</strong></span> <span class='ocrx_word' id='word_1_244' title='bbox 1733 2185 1945 2239; x_wconf 63' lang='lat' dir='ltr'><strong>caeteris</strong></span> <span class='ocrx_word' id='word_1_245' title='bbox 1989 2184 2041 2237; x_wconf 91' lang='lat' dir='ltr'><strong>in</strong></span> <span class='ocrx_word' id='word_1_246' title='bbox 2088 2182 2325 2236; x_wconf 78' lang='lat' dir='ltr'><strong>amicitia</strong></span> 
     </span>
    </p>
   </div>
   <div class='ocr_carea' id='block_1_38' title="bbox 740 2273 2325 2350">
    <p class='ocr_par' dir='ltr' id='par_1_38' title="bbox 740 2273 2325 2350">
     <span class='ocr_line' id='line_1_38' title="bbox 740 2273 2325 2350; baseline -0.004 -18"><span class='ocrx_word' id='word_1_247' title='bbox 740 2282 997 2350; x_wconf 70' lang='lat' dir='ltr'><strong>ltrzctulit.</strong></span> <span class='ocrx_word' id='word_1_248' title='bbox 1026 2281 1124 2335; x_wconf 79' lang='lat' dir='ltr'><strong>Hic</strong></span> <span class='ocrx_word' id='word_1_249' title='bbox 1157 2280 1295 2350; x_wconf 80' lang='lat' dir='ltr'><strong>79b</strong></span> <span class='ocrx_word' id='word_1_250' title='bbox 1329 2289 1453 2331; x_wconf 86' lang='lat' dir='ltr'><strong>ante</strong></span> <span class='ocrx_word' id='word_1_251' title='bbox 1478 2277 1741 2331; x_wconf 83' lang='lat' dir='ltr'><strong>Joannem</strong></span> <span class='ocrx_word' id='word_1_252' title='bbox 1773 2278 1969 2329; x_wconf 90' lang='lat' dir='ltr'><strong>mundo</strong></span> <span class='ocrx_word' id='word_1_253' title='bbox 2021 2292 2143 2329; x_wconf 91' lang='lat' dir='ltr'><strong>cum</strong></span> <span class='ocrx_word' id='word_1_254' title='bbox 2180 2273 2325 2326; x_wconf 84' lang='lat' dir='ltr'><strong>vale-</strong></span> 
     </span>
    </p>
   </div>
   <div class='ocr_carea' id='block_1_39' title="bbox 743 2369 2330 2439">
    <p class='ocr_par' dir='ltr' id='par_1_39' title="bbox 743 2369 2330 2439">
     <span class='ocr_line' id='line_1_39' title="bbox 743 2369 2330 2439; baseline -0.004 -14"><span class='ocrx_word' id='word_1_255' title='bbox 743 2374 993 2436; x_wconf 77' lang='lat' dir='ltr'><strong>dixisset,</strong></span> <span class='ocrx_word' id='word_1_256' title='bbox 1023 2374 1086 2424; x_wconf 89' lang='lat' dir='ltr'><strong>ad</strong></span> <span class='ocrx_word' id='word_1_257' title='bbox 1122 2374 1263 2427; x_wconf 86' lang='lat' dir='ltr'><strong>idem</strong></span> <span class='ocrx_word' id='word_1_258' title='bbox 1294 2372 1419 2424; x_wconf 69' lang='lat' dir='ltr'><strong>vitae</strong></span> <span class='ocrx_word' id='word_1_259' title='bbox 1436 2386 1604 2439; x_wconf 77' lang='lat' dir='ltr'><strong>genus</strong></span> <span class='ocrx_word' id='word_1_260' title='bbox 1636 2369 1869 2421; x_wconf 84' lang='lat' dir='ltr'><strong>amicum</strong></span> <span class='ocrx_word' id='word_1_261' title='bbox 1904 2383 2118 2435; x_wconf 82' lang='lat' dir='ltr'><strong>quoque</strong></span> <span class='ocrx_word' id='word_1_262' title='bbox 2147 2381 2330 2419; x_wconf 88' lang='lat' dir='ltr'><strong>accer-</strong></span> 
     </span>
    </p>
   </div>
   <div class='ocr_carea' id='block_1_40' title="bbox 746 2458 2329 2534">
    <p class='ocr_par' dir='ltr' id='par_1_40' title="bbox 746 2458 2329 2534">
     <span class='ocr_line' id='line_1_40' title="bbox 746 2458 2329 2534; baseline -0.005 -16"><span class='ocrx_word' id='word_1_263' title='bbox 746 2465 895 2529; x_wconf 77' lang='lat' dir='ltr'><strong>sivit,</strong></span> <span class='ocrx_word' id='word_1_264' title='bbox 925 2480 1084 2534; x_wconf 90' lang='lat' dir='ltr'><strong>quem</strong></span> <span class='ocrx_word' id='word_1_265' title='bbox 1130 2464 1321 2516; x_wconf 89' lang='lat' dir='ltr'><strong>matris</strong></span> <span class='ocrx_word' id='word_1_266' title='bbox 1359 2464 1617 2517; x_wconf 82' lang='lat' dir='ltr'><strong>hactenus</strong></span> <span class='ocrx_word' id='word_1_267' title='bbox 1642 2478 1768 2514; x_wconf 90' lang='lat' dir='ltr'><strong>cura</strong></span> <span class='ocrx_word' id='word_1_268' title='bbox 1802 2461 2148 2528; x_wconf 84' lang='lat' dir='ltr'><strong>impediebat.</strong></span> <span class='ocrx_word' id='word_1_269' title='bbox 2183 2458 2329 2510; x_wconf 82' lang='lat' dir='ltr'><strong>Zeno</strong></span> 
     </span>
    </p>
   </div>
   <div class='ocr_carea' id='block_1_41' title="bbox 745 2553 2330 2629">
    <p class='ocr_par' dir='ltr' id='par_1_41' title="bbox 745 2553 2330 2629">
     <span class='ocr_line' id='line_1_41' title="bbox 745 2553 2330 2629; baseline -0.005 -17"><span class='ocrx_word' id='word_1_270' title='bbox 745 2559 884 2615; x_wconf 78' lang='lat' dir='ltr'><strong>forte</strong></span> <span class='ocrx_word' id='word_1_271' title='bbox 903 2570 1009 2612; x_wconf 92' lang='lat' dir='ltr'><strong>tum</strong></span> <span class='ocrx_word' id='word_1_272' title='bbox 1028 2558 1139 2629; x_wconf 89' lang='lat'><strong>(79)</strong></span> <span class='ocrx_word' id='word_1_273' title='bbox 1155 2559 1439 2625; x_wconf 87' lang='lat' dir='ltr'><strong>episcopus</strong></span> <span class='ocrx_word' id='word_1_274' title='bbox 1457 2554 1841 2625; x_wconf 85' lang='lat' dir='ltr'><strong>Hierosolymis</strong></span> <span class='ocrx_word' id='word_1_275' title='bbox 1866 2556 2138 2622; x_wconf 79' lang='lat' dir='ltr'><strong>prolectus</strong></span> <span class='ocrx_word' id='word_1_276' title='bbox 2160 2553 2330 2605; x_wconf 76' lang='lat' dir='ltr'><strong>lecto—</strong></span> 
     </span>
    </p>
   </div>
   <div class='ocr_carea' id='block_1_42' title="bbox 752 2647 2328 2722">
    <p class='ocr_par' dir='ltr' id='par_1_42' title="bbox 752 2647 2328 2722">
     <span class='ocr_line' id='line_1_42' title="bbox 752 2647 2328 2722; baseline -0.006 -17"><span class='ocrx_word' id='word_1_277' title='bbox 752 2669 864 2707; x_wconf 87' lang='lat' dir='ltr'><strong>rem</strong></span> <span class='ocrx_word' id='word_1_278' title='bbox 903 2667 1043 2706; x_wconf 88' lang='lat' dir='ltr'><strong>nunc</strong></span> <span class='ocrx_word' id='word_1_279' title='bbox 1097 2649 1389 2722; x_wconf 76' lang='lat' dir='ltr'><strong>[nostrum]</strong></span> <span class='ocrx_word' id='word_1_280' title='bbox 1420 2651 1773 2702; x_wconf 67' lang='lat' dir='ltr'><strong>Antiocltenaa</strong></span> <span class='ocrx_word' id='word_1_281' title='bbox 1822 2647 2081 2701; x_wconf 61' lang='lat' dir='ltr'><strong>Ecclesiae</strong></span> <span class='ocrx_word' id='word_1_282' title='bbox 2125 2647 2328 2699; x_wconf 90' lang='lat' dir='ltr'><strong>consti-</strong></span> 
     </span>
    </p>
   </div>
   <div class='ocr_carea' id='block_1_43' title="bbox 750 2738 2331 2814">
    <p class='ocr_par' dir='ltr' id='par_1_43' title="bbox 750 2738 2331 2814">
     <span class='ocr_line' id='line_1_43' title="bbox 750 2738 2331 2814; baseline -0.005 -17"><span class='ocrx_word' id='word_1_283' title='bbox 750 2747 852 2798; x_wconf 90' lang='lat' dir='ltr'><strong>tttit</strong></span> <span class='ocrx_word' id='word_1_284' title='bbox 877 2765 889 2799; x_wconf 91' lang='lat'>:</span> <span class='ocrx_word' id='word_1_285' title='bbox 916 2747 1070 2814; x_wconf 85' lang='lat' dir='ltr'><strong>cujus</strong></span> <span class='ocrx_word' id='word_1_286' title='bbox 1092 2756 1147 2798; x_wconf 91' lang='lat' dir='ltr'><strong>et</strong></span> <span class='ocrx_word' id='word_1_287' title='bbox 1180 2753 1350 2796; x_wconf 87' lang='lat' dir='ltr'><strong>mater</strong></span> <span class='ocrx_word' id='word_1_288' title='bbox 1376 2753 1494 2812; x_wconf 90' lang='lat' dir='ltr'><strong>post</strong></span> <span class='ocrx_word' id='word_1_289' title='bbox 1519 2742 1676 2809; x_wconf 93' lang='lat' dir='ltr'><strong>paulo</strong></span> <span class='ocrx_word' id='word_1_290' title='bbox 1701 2742 1949 2796; x_wconf 86' lang='lat' dir='ltr'><strong>moritur.</strong></span> <span class='ocrx_word' id='word_1_291' title='bbox 1985 2738 2178 2792; x_wconf 85' lang='lat' dir='ltr'><strong>Patriis</strong></span> <span class='ocrx_word' id='word_1_292' title='bbox 2203 2755 2331 2807; x_wconf 79' lang='lat' dir='ltr'><strong>ergo</strong></span> 
     </span>
    </p>
   </div>
   <div class='ocr_carea' id='block_1_44' title="bbox 748 2831 2329 2905">
    <p class='ocr_par' dir='ltr' id='par_1_44' title="bbox 748 2831 2329 2905">
     <span class='ocr_line' id='line_1_44' title="bbox 748 2831 2329 2905; baseline -0.006 -15"><span class='ocrx_word' id='word_1_293' title='bbox 748 2838 837 2891; x_wconf 87' lang='lat' dir='ltr'><strong>ille</strong></span> <span class='ocrx_word' id='word_1_294' title='bbox 881 2838 1072 2905; x_wconf 84' lang='lat' dir='ltr'><strong>Opibus</strong></span> <span class='ocrx_word' id='word_1_295' title='bbox 1125 2838 1177 2889; x_wconf 89' lang='lat' dir='ltr'><strong>itt</strong></span> <span class='ocrx_word' id='word_1_296' title='bbox 1218 2834 1760 2901; x_wconf 81' lang='lat' dir='ltr'><strong>egenosdistributis,</strong></span> <span class='ocrx_word' id='word_1_297' title='bbox 1787 2833 2024 2900; x_wconf 90' lang='lat' dir='ltr'><strong>ttrbeque</strong></span> <span class='ocrx_word' id='word_1_298' title='bbox 2046 2831 2329 2894; x_wconf 86' lang='lat' dir='ltr'><strong>relicta,in</strong></span> 
     </span>
    </p>
   </div>
   <div class='ocr_carea' id='block_1_45' title="bbox 749 2926 2333 2997">
    <p class='ocr_par' dir='ltr' id='par_1_45' title="bbox 749 2926 2333 2997">
     <span class='ocr_line' id='line_1_45' title="bbox 749 2926 2333 2997; baseline -0.004 -14"><span class='ocrx_word' id='word_1_299' title='bbox 749 2932 1141 2985; x_wconf 83' lang='lat' dir='ltr'><strong>monasterium</strong></span> <span class='ocrx_word' id='word_1_300' title='bbox 1164 2940 1315 2982; x_wconf 76' lang='lat' dir='ltr'><strong>extra</strong></span> <span class='ocrx_word' id='word_1_301' title='bbox 1342 2929 1596 2997; x_wconf 89' lang='lat' dir='ltr'><strong>oppidum</strong></span> <span class='ocrx_word' id='word_1_302' title='bbox 1619 2943 1677 2981; x_wconf 88' lang='lat' dir='ltr'><strong>se</strong></span> <span class='ocrx_word' id='word_1_303' title='bbox 1704 2928 1877 2991; x_wconf 82' lang='lat' dir='ltr'><strong>dedit,</strong></span> <span class='ocrx_word' id='word_1_304' title='bbox 1913 2926 2079 2994; x_wconf 82' lang='lat' dir='ltr'><strong>ﬁtque</strong></span> <span class='ocrx_word' id='word_1_305' title='bbox 2110 2926 2180 2979; x_wconf 86' lang='lat' dir='ltr'><strong>ibi</strong></span> <span class='ocrx_word' id='word_1_306' title='bbox 2210 2940 2333 2993; x_wconf 82' lang='lat' dir='ltr'><strong>spe-</strong></span> 
     </span>
    </p>
   </div>
   <div class='ocr_carea' id='block_1_46' title="bbox 749 3017 1933 3088">
    <p class='ocr_par' dir='ltr' id='par_1_46' title="bbox 749 3017 1933 3088">
     <span class='ocr_line' id='line_1_46' title="bbox 749 3017 1933 3088; baseline -0.003 -16"><span class='ocrx_word' id='word_1_307' title='bbox 749 3020 927 3073; x_wconf 86' lang='lat' dir='ltr'><strong>culum</strong></span> <span class='ocrx_word' id='word_1_308' title='bbox 947 3035 1011 3074; x_wconf 90' lang='lat' dir='ltr'><strong>ac</strong></span> <span class='ocrx_word' id='word_1_309' title='bbox 1040 3036 1229 3073; x_wconf 87' lang='lat' dir='ltr'><strong>norma</strong></span> <span class='ocrx_word' id='word_1_310' title='bbox 1261 3020 1635 3088; x_wconf 79' lang='lat' dir='ltr'><strong>religiosorum</strong></span> <span class='ocrx_word' id='word_1_311' title='bbox 1669 3017 1933 3069; x_wconf 90' lang='lat' dir='ltr'><strong>omnium.</strong></span> 
     </span>
    </p>
   </div>
   <div class='ocr_carea' id='block_1_47' title="bbox 823 3105 2330 3179">
    <p class='ocr_par' dir='ltr' id='par_1_47' title="bbox 823 3105 2330 3179">
     <span class='ocr_line' id='line_1_47' title="bbox 823 3105 2330 3179; baseline -0.005 -16"><span class='ocrx_word' id='word_1_312' title='bbox 823 3110 1126 3179; x_wconf 81' lang='lat' dir='ltr'><strong>Hesychius</strong></span> <span class='ocrx_word' id='word_1_313' title='bbox 1156 3110 1373 3177; x_wconf 88' lang='lat' dir='ltr'><strong>quidam</strong></span> <span class='ocrx_word' id='word_1_314' title='bbox 1414 3108 1711 3162; x_wconf 89' lang='lat' dir='ltr'><strong>monachus</strong></span> <span class='ocrx_word' id='word_1_315' title='bbox 1742 3123 1771 3161; x_wconf 93' lang='lat' dir='ltr'><strong>e</strong></span> <span class='ocrx_word' id='word_1_316' title='bbox 1802 3107 1959 3177; x_wconf 82' lang='lat' dir='ltr'><strong>Syria</strong></span> <span class='ocrx_word' id='word_1_317' title='bbox 1982 3147 1996 3170; x_wconf 96' lang='lat'><strong>,</strong></span> <span class='ocrx_word' id='word_1_318' title='bbox 2028 3105 2330 3159; x_wconf 83' lang='lat' dir='ltr'><strong>futurorum</strong></span> 
     </span>
    </p>
   </div>
   <div class='ocr_carea' id='block_1_48' title="bbox 750 3194 2331 3268">
    <p class='ocr_par' dir='ltr' id='par_1_48' title="bbox 750 3194 2331 3268">
     <span class='ocr_line' id='line_1_48' title="bbox 750 3194 2331 3268; baseline -0.004 -16"><span class='ocrx_word' id='word_1_319' title='bbox 750 3201 1007 3268; x_wconf 71' lang='lat' dir='ltr'><strong>praescius</strong></span> <span class='ocrx_word' id='word_1_320' title='bbox 1027 3240 1042 3263; x_wconf 94' lang='lat'><strong>,</strong></span> <span class='ocrx_word' id='word_1_321' title='bbox 1073 3200 1207 3254; x_wconf 85' lang='lat' dir='ltr'><strong>duos</strong></span> <span class='ocrx_word' id='word_1_322' title='bbox 1234 3200 1365 3252; x_wconf 87' lang='lat' dir='ltr'><strong>vidit</strong></span> <span class='ocrx_word' id='word_1_323' title='bbox 1392 3199 1539 3251; x_wconf 72' lang='lat' dir='ltr'><strong>vit-os</strong></span> <span class='ocrx_word' id='word_1_324' title='bbox 1557 3198 1802 3250; x_wconf 83' lang='lat' dir='ltr'><strong>candidis</strong></span> <span class='ocrx_word' id='word_1_325' title='bbox 1827 3197 2046 3249; x_wconf 90' lang='lat' dir='ltr'><strong>indutos</strong></span> <span class='ocrx_word' id='word_1_326' title='bbox 2069 3194 2331 3255; x_wconf 87' lang='lat' dir='ltr'><strong>vestibus,</strong></span> 
     </span>
    </p>
   </div>
   <div class='ocr_carea' id='block_1_49' title="bbox 749 3286 2336 3361">
    <p class='ocr_par' dir='ltr' id='par_1_49' title="bbox 749 3286 2336 3361">
     <span class='ocr_line' id='line_1_49' title="bbox 749 3286 2336 3361; baseline -0.005 -15"><span class='ocrx_word' id='word_1_327' title='bbox 749 3309 980 3361; x_wconf 85' lang='lat' dir='ltr'><strong>quorum</strong></span> <span class='ocrx_word' id='word_1_328' title='bbox 1024 3294 1162 3345; x_wconf 90' lang='lat' dir='ltr'><strong>alter</strong></span> <span class='ocrx_word' id='word_1_329' title='bbox 1196 3292 1392 3346; x_wconf 90' lang='lat' dir='ltr'><strong>librum</strong></span> <span class='ocrx_word' id='word_1_330' title='bbox 1445 3304 1602 3359; x_wconf 80' lang='lat' dir='ltr'><strong>quem</strong></span> <span class='ocrx_word' id='word_1_331' title='bbox 1668 3288 1928 3351; x_wconf 87' lang='lat' dir='ltr'><strong>tenebat,</strong></span> <span class='ocrx_word' id='word_1_332' title='bbox 1989 3286 2168 3340; x_wconf 85' lang='lat' dir='ltr'><strong>claves</strong></span> <span class='ocrx_word' id='word_1_333' title='bbox 2200 3286 2336 3339; x_wconf 86' lang='lat' dir='ltr'><strong>alter</strong></span> 
     </span>
    </p>
   </div>
   <div class='ocr_carea' id='block_1_50' title="bbox 749 3380 2338 3453">
    <p class='ocr_par' dir='ltr' id='par_1_50' title="bbox 749 3380 2338 3453">
     <span class='ocr_line' id='line_1_50' title="bbox 749 3380 2338 3453; baseline -0.005 -14"><span class='ocrx_word' id='word_1_334' title='bbox 749 3384 943 3439; x_wconf 89' lang='lat' dir='ltr'><strong>Joanni</strong></span> <span class='ocrx_word' id='word_1_335' title='bbox 989 3385 1290 3439; x_wconf 86' lang='lat' dir='ltr'><strong>tradiderit.</strong></span> <span class='ocrx_word' id='word_1_336' title='bbox 1320 3381 1409 3436; x_wconf 90' lang='lat' dir='ltr'><strong>llle</strong></span> <span class='ocrx_word' id='word_1_337' title='bbox 1431 3381 1542 3453; x_wconf 89' lang='lat'><strong>(80)</strong></span> <span class='ocrx_word' id='word_1_338' title='bbox 1576 3397 1633 3435; x_wconf 89' lang='lat' dir='ltr'><strong>se</strong></span> <span class='ocrx_word' id='word_1_339' title='bbox 1652 3380 1871 3433; x_wconf 85' lang='lat' dir='ltr'><strong>Petrum</strong></span> <span class='ocrx_word' id='word_1_340' title='bbox 1892 3380 2193 3447; x_wconf 79' lang='lat' dir='ltr'><strong>apostolum</strong></span> <span class='ocrx_word' id='word_1_341' title='bbox 2218 3393 2338 3433; x_wconf 86' lang='lat' dir='ltr'><strong>esse</strong></span> 
     </span>
    </p>
   </div>
   <div class='ocr_carea' id='block_1_51' title="bbox 746 3469 2339 3540">
    <p class='ocr_par' dir='ltr' id='par_1_51' title="bbox 746 3469 2339 3540">
     <span class='ocr_line' id='line_1_51' title="bbox 746 3469 2339 3540; baseline -0.004 -11"><span class='ocrx_word' id='word_1_342' title='bbox 746 3476 986 3539; x_wconf 83' lang='lat' dir='ltr'><strong>dicebat,</strong></span> <span class='ocrx_word' id='word_1_343' title='bbox 1024 3476 1164 3528; x_wconf 89' lang='lat' dir='ltr'><strong>alter</strong></span> <span class='ocrx_word' id='word_1_344' title='bbox 1200 3474 1463 3529; x_wconf 80' lang='lat' dir='ltr'><strong>Joannem</strong></span> <span class='ocrx_word' id='word_1_345' title='bbox 1525 3472 1857 3540; x_wconf 78' lang='lat' dir='ltr'><strong>theologum.</strong></span> <span class='ocrx_word' id='word_1_346' title='bbox 1902 3469 2027 3523; x_wconf 66' lang='lat' dir='ltr'><strong>Haec</strong></span> <span class='ocrx_word' id='word_1_347' title='bbox 2058 3470 2339 3523; x_wconf 87' lang='lat' dir='ltr'><strong>monachis</strong></span> 
     </span>
    </p>
   </div>
   <div class='ocr_carea' id='block_1_52' title="bbox 751 3561 2336 3639">
    <p class='ocr_par' dir='ltr' id='par_1_52' title="bbox 751 3561 2336 3639">
     <span class='ocr_line' id='line_1_52' title="bbox 751 3561 2336 3639; baseline -0.005 -16"><span class='ocrx_word' id='word_1_348' title='bbox 751 3568 1053 3639; x_wconf 84' lang='lat' dir='ltr'><strong>Hesychius</strong></span> <span class='ocrx_word' id='word_1_349' title='bbox 1081 3570 1338 3630; x_wconf 77' lang='lat' dir='ltr'><strong>narravit,</strong></span> <span class='ocrx_word' id='word_1_350' title='bbox 1355 3581 1552 3621; x_wconf 88' lang='lat' dir='ltr'><strong>cavens</strong></span> <span class='ocrx_word' id='word_1_351' title='bbox 1573 3576 1751 3619; x_wconf 87' lang='lat' dir='ltr'><strong>tamen</strong></span> <span class='ocrx_word' id='word_1_352' title='bbox 1778 3578 1843 3616; x_wconf 91' lang='lat' dir='ltr'><strong>ne</strong></span> <span class='ocrx_word' id='word_1_353' title='bbox 1867 3579 1971 3633; x_wconf 86' lang='lat' dir='ltr'><strong>qua</strong></span> <span class='ocrx_word' id='word_1_354' title='bbox 1990 3563 2055 3616; x_wconf 91' lang='lat' dir='ltr'><strong>ad</strong></span> <span class='ocrx_word' id='word_1_355' title='bbox 2072 3561 2336 3616; x_wconf 88' lang='lat' dir='ltr'><strong>Joannem</strong></span> 
     </span>
    </p>
   </div>
   <div class='ocr_carea' id='block_1_53' title="bbox 753 3656 2337 3730">
    <p class='ocr_par' dir='ltr' id='par_1_53' title="bbox 753 3656 2337 3730">
     <span class='ocr_line' id='line_1_53' title="bbox 753 3656 2337 3730; baseline -0.005 -15"><span class='ocrx_word' id='word_1_356' title='bbox 753 3661 1141 3730; x_wconf 79' lang='lat' dir='ltr'><strong>perferrentur.</strong></span> <span class='ocrx_word' id='word_1_357' title='bbox 1180 3658 1258 3713; x_wconf 87' lang='lat' dir='ltr'><strong>Ne</strong></span> <span class='ocrx_word' id='word_1_358' title='bbox 1284 3674 1575 3720; x_wconf 87' lang='lat' dir='ltr'><strong>summam,</strong></span> <span class='ocrx_word' id='word_1_359' title='bbox 1610 3657 1802 3726; x_wconf 85' lang='lat' dir='ltr'><strong>inquit,</strong></span> <span class='ocrx_word' id='word_1_360' title='bbox 1853 3659 1922 3710; x_wconf 89' lang='lat' dir='ltr'><strong>oh</strong></span> <span class='ocrx_word' id='word_1_361' title='bbox 1952 3656 2337 3717; x_wconf 84' lang='lat' dir='ltr'><strong>humilitatem.</strong></span> 
     </span>
    </p>
   </div>
   <div class='ocr_carea' id='block_1_54' title="bbox 755 3744 2339 3817">
    <p class='ocr_par' dir='ltr' id='par_1_54' title="bbox 755 3744 2339 3817">
     <span class='ocr_line' id='line_1_54' title="bbox 755 3744 2339 3817; baseline -0.006 -9"><span class='ocrx_word' id='word_1_362' title='bbox 755 3763 1001 3807; x_wconf 86' lang='lat' dir='ltr'><strong>nostrum</strong></span> <span class='ocrx_word' id='word_1_363' title='bbox 1038 3750 1425 3805; x_wconf 82' lang='lat' dir='ltr'><strong>monasterium</strong></span> <span class='ocrx_word' id='word_1_364' title='bbox 1472 3745 1930 3817; x_wconf 88' lang='lat' dir='ltr'><strong>relinquat.Tunc</strong></span> <span class='ocrx_word' id='word_1_365' title='bbox 1961 3760 2177 3815; x_wconf 89' lang='lat' dir='ltr'><strong>quoque</strong></span> <span class='ocrx_word' id='word_1_366' title='bbox 2211 3744 2339 3799; x_wconf 86' lang='lat' dir='ltr'><strong>reli-</strong></span> 
     </span>
    </p>
   </div>
   <div class='ocr_carea' id='block_1_55' title="bbox 755 3841 2339 3917">
    <p class='ocr_par' dir='ltr' id='par_1_55' title="bbox 755 3841 2339 3917">
     <span class='ocr_line' id='line_1_55' title="bbox 755 3841 2339 3917; baseline -0.005 -16"><span class='ocrx_word' id='word_1_367' title='bbox 755 3846 923 3917; x_wconf 82' lang='lat' dir='ltr'><strong>giosis</strong></span> <span class='ocrx_word' id='word_1_368' title='bbox 955 3861 1078 3898; x_wconf 90' lang='lat' dir='ltr'><strong>eum</strong></span> <span class='ocrx_word' id='word_1_369' title='bbox 1130 3842 1613 3898; x_wconf 77' lang='lat' dir='ltr'><strong>exercitationibus</strong></span> <span class='ocrx_word' id='word_1_370' title='bbox 1647 3843 1997 3897; x_wconf 82' lang='lat' dir='ltr'><strong>vehementer</strong></span> <span class='ocrx_word' id='word_1_371' title='bbox 2035 3841 2339 3895; x_wconf 81' lang='lat' dir='ltr'><strong>exercitum</strong></span> 
     </span>
    </p>
   </div>
   <div class='ocr_carea' id='block_1_56' title="bbox 755 3937 2337 4008">
    <p class='ocr_par' dir='ltr' id='par_1_56' title="bbox 755 3937 2337 4008">
     <span class='ocr_line' id='line_1_56' title="bbox 755 3937 2337 4008; baseline -0.004 -13"><span class='ocrx_word' id='word_1_372' title='bbox 755 3941 1019 4007; x_wconf 80' lang='lat' dir='ltr'><strong>ferunt,et</strong></span> <span class='ocrx_word' id='word_1_373' title='bbox 1052 3940 1316 3993; x_wconf 89' lang='lat' dir='ltr'><strong>asceticas</strong></span> <span class='ocrx_word' id='word_1_374' title='bbox 1346 3947 1604 4006; x_wconf 65' lang='lat' dir='ltr'><strong>praeterea</strong></span> <span class='ocrx_word' id='word_1_375' title='bbox 1634 3938 1912 3992; x_wconf 88' lang='lat' dir='ltr'><strong>orationes</strong></span> <span class='ocrx_word' id='word_1_376' title='bbox 1927 3937 2337 4008; x_wconf 82' lang='lat' dir='ltr'><strong>conscripsisse.</strong></span> 
     </span>
    </p>
   </div>
   <div class='ocr_carea' id='block_1_57' title="bbox 832 4116 2345 4187">
    <p class='ocr_par' dir='ltr' id='par_1_57' title="bbox 832 4116 2345 4187">
     <span class='ocr_line' id='line_1_57' title="bbox 832 4116 2345 4187; baseline -0.001 -13"><span class='ocrx_word' id='word_1_377' title='bbox 832 4120 939 4174; x_wconf 90' lang='lat' dir='ltr'><strong>Sed</strong></span> <span class='ocrx_word' id='word_1_378' title='bbox 958 4128 1012 4173; x_wconf 91' lang='lat' dir='ltr'><strong>et</strong></span> <span class='ocrx_word' id='word_1_379' title='bbox 1027 4116 1289 4172; x_wconf 86' lang='lat' dir='ltr'><strong>miracula</strong></span> <span class='ocrx_word' id='word_1_380' title='bbox 1334 4118 1385 4171; x_wconf 92' lang='lat' dir='ltr'><strong>in</strong></span> <span class='ocrx_word' id='word_1_381' title='bbox 1403 4117 1507 4171; x_wconf 78' lang='lat' dir='ltr'><strong>hoc</strong></span> <span class='ocrx_word' id='word_1_382' title='bbox 1537 4118 1873 4172; x_wconf 90' lang='lat' dir='ltr'><strong>monasterio</strong></span> <span class='ocrx_word' id='word_1_383' title='bbox 1898 4119 2153 4187; x_wconf 86' lang='lat' dir='ltr'><strong>patravit.</strong></span> <span class='ocrx_word' id='word_1_384' title='bbox 2196 4117 2345 4173; x_wconf 83' lang='lat' dir='ltr'><strong>Civis</strong></span> 
     </span>
    </p>
   </div>
   <div class='ocr_carea' id='block_1_58' title="bbox 759 4210 2345 4279">
    <p class='ocr_par' dir='ltr' id='par_1_58' title="bbox 759 4210 2345 4279">
     <span class='ocr_line' id='line_1_58' title="bbox 759 4210 2345 4279; baseline -0.001 -14"><span class='ocrx_word' id='word_1_385' title='bbox 759 4212 904 4265; x_wconf 90' lang='lat' dir='ltr'><strong>enim</strong></span> <span class='ocrx_word' id='word_1_386' title='bbox 921 4212 1202 4279; x_wconf 88' lang='lat' dir='ltr'><strong>cujusdam</strong></span> <span class='ocrx_word' id='word_1_387' title='bbox 1222 4212 1414 4279; x_wconf 87' lang='lat' dir='ltr'><strong>capitis</strong></span> <span class='ocrx_word' id='word_1_388' title='bbox 1429 4220 1635 4279; x_wconf 89' lang='lat' dir='ltr'><strong>partem</strong></span> <span class='ocrx_word' id='word_1_389' title='bbox 1658 4210 1885 4263; x_wconf 87' lang='lat' dir='ltr'><strong>alteram</strong></span> <span class='ocrx_word' id='word_1_390' title='bbox 1905 4210 2057 4264; x_wconf 92' lang='lat' dir='ltr'><strong>dolor</strong></span> <span class='ocrx_word' id='word_1_391' title='bbox 2086 4226 2255 4279; x_wconf 87' lang='lat' dir='ltr'><strong>usque</strong></span> <span class='ocrx_word' id='word_1_392' title='bbox 2281 4227 2345 4263; x_wconf 92' lang='lat' dir='ltr'><strong>eo</strong></span> 
     </span>
    </p>
   </div>
   <div class='ocr_carea' id='block_1_59' title="bbox 762 4301 2341 4370">
    <p class='ocr_par' dir='ltr' id='par_1_59' title="bbox 762 4301 2341 4370">
     <span class='ocr_line' id='line_1_59' title="bbox 762 4301 2341 4370; baseline -0.002 -13"><span class='ocrx_word' id='word_1_393' title='bbox 762 4306 1065 4368; x_wconf 89' lang='lat' dir='ltr'><strong>invaserat,</strong></span> <span class='ocrx_word' id='word_1_394' title='bbox 1104 4310 1163 4356; x_wconf 90' lang='lat' dir='ltr'><strong>ut</strong></span> <span class='ocrx_word' id='word_1_395' title='bbox 1184 4312 1237 4356; x_wconf 77' lang='lat' dir='ltr'><strong>et</strong></span> <span class='ocrx_word' id='word_1_396' title='bbox 1256 4304 1444 4355; x_wconf 79' lang='lat' dir='ltr'><strong>dexter</strong></span> <span class='ocrx_word' id='word_1_397' title='bbox 1466 4301 1656 4355; x_wconf 90' lang='lat' dir='ltr'><strong>oculus</strong></span> <span class='ocrx_word' id='word_1_398' title='bbox 1677 4301 2036 4365; x_wconf 87' lang='lat' dir='ltr'><strong>dependeret;</strong></span> <span class='ocrx_word' id='word_1_399' title='bbox 2074 4301 2163 4354; x_wconf 88' lang='lat' dir='ltr'><strong>ille</strong></span> <span class='ocrx_word' id='word_1_400' title='bbox 2192 4316 2341 4370; x_wconf 81' lang='lat' dir='ltr'><strong>ergo,</strong></span> 
     </span>
    </p>
   </div>
   <div class='ocr_carea' id='block_1_60' title="bbox 756 4394 2342 4462">
    <p class='ocr_par' dir='ltr' id='par_1_60' title="bbox 756 4394 2342 4462">
     <span class='ocr_line' id='line_1_60' title="bbox 756 4394 2342 4462; baseline -0.001 -15"><span class='ocrx_word' id='word_1_401' title='bbox 756 4396 821 4448; x_wconf 83' lang='lat' dir='ltr'><strong>ad</strong></span> <span class='ocrx_word' id='word_1_402' title='bbox 837 4394 1101 4449; x_wconf 88' lang='lat' dir='ltr'><strong>Joannem</strong></span> <span class='ocrx_word' id='word_1_403' title='bbox 1139 4396 1405 4449; x_wconf 87' lang='lat' dir='ltr'><strong>accedens</strong></span> <span class='ocrx_word' id='word_1_404' title='bbox 1430 4434 1446 4458; x_wconf 86' lang='lat'><strong>,</strong></span> <span class='ocrx_word' id='word_1_405' title='bbox 1490 4395 1775 4448; x_wconf 84' lang='lat' dir='ltr'><strong>sanitatem</strong></span> <span class='ocrx_word' id='word_1_406' title='bbox 1804 4394 2075 4462; x_wconf 84' lang='lat' dir='ltr'><strong>extemplo</strong></span> <span class='ocrx_word' id='word_1_407' title='bbox 2115 4394 2342 4461; x_wconf 84' lang='lat' dir='ltr'><strong>recepit.</strong></span> 
     </span>
    </p>
   </div>
   <div class='ocr_carea' id='block_1_61' title="bbox 759 4481 2346 4554">
    <p class='ocr_par' dir='ltr' id='par_1_61' title="bbox 759 4481 2346 4554">
     <span class='ocr_line' id='line_1_61' title="bbox 759 4481 2346 4554; baseline -0.004 -15"><span class='ocrx_word' id='word_1_408' title='bbox 759 4486 1059 4540; x_wconf 82' lang='lat' dir='ltr'><strong>Archelaus</strong></span> <span class='ocrx_word' id='word_1_409' title='bbox 1099 4494 1359 4554; x_wconf 68' lang='lat' dir='ltr'><strong>praeterea</strong></span> <span class='ocrx_word' id='word_1_410' title='bbox 1401 4484 1652 4552; x_wconf 89' lang='lat' dir='ltr'><strong>quidam,</strong></span> <span class='ocrx_word' id='word_1_411' title='bbox 1691 4482 1892 4536; x_wconf 87' lang='lat' dir='ltr'><strong>divitiis</strong></span> <span class='ocrx_word' id='word_1_412' title='bbox 1931 4490 1983 4533; x_wconf 89' lang='lat' dir='ltr'><strong>et</strong></span> <span class='ocrx_word' id='word_1_413' title='bbox 2022 4481 2346 4533; x_wconf 89' lang='lat' dir='ltr'><strong>auctoritate</strong></span> 
     </span>
    </p>
   </div>
   <div class='ocr_carea' id='block_1_62' title="bbox 2428 1968 4020 2056">
    <p class='ocr_par' dir='ltr' id='par_1_62' title="bbox 2428 1968 4020 2056">
     <span class='ocr_line' id='line_1_62' title="bbox 2428 1968 4020 2056; baseline -0.014 -17"><span class='ocrx_word' id='word_1_414' title='bbox 2428 1984 2604 2056; x_wconf 73' lang='grc' dir='ltr'>ἕτεροί</span> <span class='ocrx_word' id='word_1_415' title='bbox 2653 2000 2840 2052; x_wconf 85' lang='grc' dir='ltr'>φασιν,</span> <span class='ocrx_word' id='word_1_416' title='bbox 2890 1980 3095 2050; x_wconf 70' lang='grc' dir='ltr'><strong>ἑτέρῳ⁸</strong></span> <span class='ocrx_word' id='word_1_417' title='bbox 3152 1977 3212 2029; x_wconf 83' lang='grc' dir='ltr'>ὃν</span> <span class='ocrx_word' id='word_1_418' title='bbox 3255 1975 3346 2027; x_wconf 79' lang='grc' dir='ltr'><strong>καὶ</strong></span> <span class='ocrx_word' id='word_1_419' title='bbox 3377 1974 3627 2027; x_wconf 83' lang='grc' dir='ltr'>διάκονον</span> <span class='ocrx_word' id='word_1_420' title='bbox 3677 1972 3708 2024; x_wconf 82' lang='grc' dir='ltr'><strong>ὁ</strong></span> <span class='ocrx_word' id='word_1_421' title='bbox 3751 1968 4020 2028; x_wconf 78' lang='grc' dir='ltr'>Μελέτιος</span> 
     </span>
    </p>
   </div>
   <div class='ocr_carea' id='block_1_63' title="bbox 2429 2062 4016 2149">
    <p class='ocr_par' dir='ltr' id='par_1_63' title="bbox 2429 2062 4016 2149">
     <span class='ocr_line' id='line_1_63' title="bbox 2429 2062 4016 2149; baseline -0.014 -18"><span class='ocrx_word' id='word_1_422' title='bbox 2429 2078 2749 2149; x_wconf 87' lang='grc' dir='ltr'>χειροτονεῖ,</span> <span class='ocrx_word' id='word_1_423' title='bbox 2770 2075 2863 2126; x_wconf 82' lang='grc' dir='ltr'>καὶ</span> <span class='ocrx_word' id='word_1_424' title='bbox 2901 2072 3008 2125; x_wconf 82' lang='grc' dir='ltr'>τῶν</span> <span class='ocrx_word' id='word_1_425' title='bbox 3039 2068 3214 2123; x_wconf 83' lang='grc' dir='ltr'>ἄλλων</span> <span class='ocrx_word' id='word_1_426' title='bbox 3247 2067 3412 2120; x_wconf 83' lang='grc' dir='ltr'>πλέον</span> <span class='ocrx_word' id='word_1_427' title='bbox 3442 2067 3473 2118; x_wconf 83' lang='grc' dir='ltr'><strong>ὁ</strong></span> <span class='ocrx_word' id='word_1_428' title='bbox 3515 2062 3772 2131; x_wconf 78' lang='grc' dir='ltr'>Ἰωάννης</span> <span class='ocrx_word' id='word_1_429' title='bbox 3809 2062 3891 2122; x_wconf 83' lang='grc' dir='ltr'><strong>είς</strong></span> <span class='ocrx_word' id='word_1_430' title='bbox 3925 2076 4016 2125; x_wconf 88' lang='grc' dir='ltr'>φι-</span> 
     </span>
    </p>
   </div>
   <div class='ocr_carea' id='block_1_64' title="bbox 2429 2153 4019 2237">
    <p class='ocr_par' dir='ltr' id='par_1_64' title="bbox 2429 2153 4019 2237">
     <span class='ocr_line' id='line_1_64' title="bbox 2429 2153 4019 2237; baseline -0.013 -13"><span class='ocrx_word' id='word_1_431' title='bbox 2429 2172 2550 2224; x_wconf 86' lang='grc' dir='ltr'>λίαν</span> <span class='ocrx_word' id='word_1_432' title='bbox 2593 2168 2947 2237; x_wconf 76' lang='grc' dir='ltr'>προῠκρινεν.</span> <span class='ocrx_word' id='word_1_433' title='bbox 3002 2156 3172 2224; x_wconf 72' lang='grc' dir='ltr'>Οὗτος</span> <span class='ocrx_word' id='word_1_434' title='bbox 3214 2159 3694 2229; x_wconf 86' lang='grc' dir='ltr'>προαποτάσσεται</span> <span class='ocrx_word' id='word_1_435' title='bbox 3740 2153 4019 2214; x_wconf 87' lang='grc' dir='ltr'>Ἰωάννου,</span> 
     </span>
    </p>
   </div>
   <div class='ocr_carea' id='block_1_65' title="bbox 2430 2244 4021 2333">
    <p class='ocr_par' dir='ltr' id='par_1_65' title="bbox 2430 2244 4021 2333">
     <span class='ocr_line' id='line_1_65' title="bbox 2430 2244 4021 2333; baseline -0.015 -15"><span class='ocrx_word' id='word_1_436' title='bbox 2430 2264 2525 2318; x_wconf 72' lang='grc' dir='ltr'>καὶ</span> <span class='ocrx_word' id='word_1_437' title='bbox 2553 2262 2945 2333; x_wconf 83' lang='grc' dir='ltr'>προσκαλεῖται</span> <span class='ocrx_word' id='word_1_438' title='bbox 2968 2258 3009 2289; x_wconf 73' lang='grc'><strong>⁸¹</strong></span> <span class='ocrx_word' id='word_1_439' title='bbox 3044 2257 3137 2309; x_wconf 83' lang='grc' dir='ltr'><strong>τὸν</strong></span> <span class='ocrx_word' id='word_1_440' title='bbox 3163 2254 3316 2324; x_wconf 81' lang='grc' dir='ltr'>φίλον</span> <span class='ocrx_word' id='word_1_441' title='bbox 3345 2253 3431 2319; x_wconf 73' lang='grc' dir='ltr'><strong>ἐφ’</strong></span> <span class='ocrx_word' id='word_1_442' title='bbox 3453 2244 3496 2317; x_wconf 84' lang='grc' dir='ltr'>ᾧ</span> <span class='ocrx_word' id='word_1_443' title='bbox 3520 2249 3617 2317; x_wconf 78' lang='grc' dir='ltr'>τῆς</span> <span class='ocrx_word' id='word_1_444' title='bbox 3639 2248 3809 2314; x_wconf 77' lang='grc' dir='ltr'>αὐτῆς</span> <span class='ocrx_word' id='word_1_445' title='bbox 3844 2262 4021 2314; x_wconf 84' lang='grc' dir='ltr'>μετα--</span> 
     </span>
    </p>
   </div>
   <div class='ocr_carea' id='block_1_66' title="bbox 2434 2333 4022 2427">
    <p class='ocr_par' dir='ltr' id='par_1_66' title="bbox 2434 2333 4022 2427">
     <span class='ocr_line' id='line_1_66' title="bbox 2434 2333 4022 2427; baseline -0.016 -17"><span class='ocrx_word' id='word_1_446' title='bbox 2434 2359 2582 2427; x_wconf 85' lang='grc' dir='ltr'>σχεῖν</span> <span class='ocrx_word' id='word_1_447' title='bbox 2603 2353 2880 2415; x_wconf 88' lang='grc' dir='ltr'>πολιτείας</span> <span class='ocrx_word' id='word_1_448' title='bbox 2902 2368 2918 2381; x_wconf 89' lang='grc'><strong>·</strong></span> <span class='ocrx_word' id='word_1_449' title='bbox 2953 2352 2986 2419; x_wconf 84' lang='grc' dir='ltr'>ὴ</span> <span class='ocrx_word' id='word_1_450' title='bbox 3014 2348 3070 2400; x_wconf 81' lang='grc' dir='ltr'>δὲ</span> <span class='ocrx_word' id='word_1_451' title='bbox 3102 2349 3286 2416; x_wconf 86' lang='grc' dir='ltr'>μήτηρ</span> <span class='ocrx_word' id='word_1_452' title='bbox 3321 2343 3457 2405; x_wconf 87' lang='grc' dir='ltr'>τέως</span> <span class='ocrx_word' id='word_1_453' title='bbox 3490 2340 3717 2393; x_wconf 76' lang='grc' dir='ltr'>ἐκώλυε.</span> <span class='ocrx_word' id='word_1_454' title='bbox 3744 2338 3935 2427; x_wconf 76' lang='grc' dir='ltr'>Ζήνων</span> <span class='ocrx_word' id='word_1_455' title='bbox 3962 2333 4022 2386; x_wconf 75' lang='grc' dir='ltr'>δὲ</span> 
     </span>
    </p>
   </div>
   <div class='ocr_carea' id='block_1_67' title="bbox 2432 2422 4023 2512">
    <p class='ocr_par' dir='ltr' id='par_1_67' title="bbox 2432 2422 4023 2512">
     <span class='ocr_line' id='line_1_67' title="bbox 2432 2422 4023 2512; baseline -0.018 -12"><span class='ocrx_word' id='word_1_456' title='bbox 2432 2422 2541 2501; x_wconf 77' lang='grc' dir='ltr'><strong>ἀπὸ</strong></span> <span class='ocrx_word' id='word_1_457' title='bbox 2591 2441 2985 2512; x_wconf 85' lang='grc' dir='ltr'>Ἰεροσολύμων</span> <span class='ocrx_word' id='word_1_458' title='bbox 3023 2436 3194 2489; x_wconf 76' lang='grc' dir='ltr'>ἐλθὼν</span> <span class='ocrx_word' id='word_1_459' title='bbox 3234 2439 3263 2486; x_wconf 81' lang='grc' dir='ltr'>ὁ</span> <span class='ocrx_word' id='word_1_460' title='bbox 3297 2432 3603 2490; x_wconf 77' lang='grc' dir='ltr'>ἐπίσκοπος</span> <span class='ocrx_word' id='word_1_461' title='bbox 3659 2422 4023 2490; x_wconf 79' lang='grc' dir='ltr'>ἀναγνώστην</span> 
     </span>
    </p>
   </div>
   <div class='ocr_carea' id='block_1_68' title="bbox 2447 2515 4022 2605">
    <p class='ocr_par' dir='ltr' id='par_1_68' title="bbox 2447 2515 4022 2605">
     <span class='ocr_line' id='line_1_68' title="bbox 2447 2515 4022 2605; baseline -0.018 -12"><span class='ocrx_word' id='word_1_462' title='bbox 2447 2539 2703 2605; x_wconf 77' lang='grc' dir='ltr'>Ἰωάννην</span> <span class='ocrx_word' id='word_1_463' title='bbox 2746 2535 2845 2604; x_wconf 82' lang='grc' dir='ltr'>τῆς</span> <span class='ocrx_word' id='word_1_464' title='bbox 2880 2535 2939 2584; x_wconf 82' lang='grc' dir='ltr'>ὲν</span> <span class='ocrx_word' id='word_1_465' title='bbox 2998 2525 3300 2596; x_wconf 80' lang='grc' dir='ltr'>Ἀντιοχείᾳ</span> <span class='ocrx_word' id='word_1_466' title='bbox 3327 2520 3658 2590; x_wconf 84' lang='grc' dir='ltr'>Ἐκκλησίας</span> <span class='ocrx_word' id='word_1_467' title='bbox 3700 2515 4022 2584; x_wconf 82' lang='grc' dir='ltr'>καθίστησι.</span> 
     </span>
    </p>
   </div>
   <div class='ocr_carea' id='block_1_69' title="bbox 2432 2605 4025 2698">
    <p class='ocr_par' dir='ltr' id='par_1_69' title="bbox 2432 2605 4025 2698">
     <span class='ocr_line' id='line_1_69' title="bbox 2432 2605 4025 2698; baseline -0.018 -15"><span class='ocrx_word' id='word_1_468' title='bbox 2432 2630 2675 2698; x_wconf 77' lang='grc' dir='ltr'>Τελευτᾷ</span> <span class='ocrx_word' id='word_1_469' title='bbox 2703 2627 2759 2679; x_wconf 80' lang='grc' dir='ltr'>δὲ</span> <span class='ocrx_word' id='word_1_470' title='bbox 2806 2628 2922 2694; x_wconf 81' lang='grc' dir='ltr'>μετ’</span> <span class='ocrx_word' id='word_1_471' title='bbox 2948 2623 3010 2675; x_wconf 86' lang='grc' dir='ltr'><strong>οὐ</strong></span> <span class='ocrx_word' id='word_1_472' title='bbox 3057 2620 3192 2674; x_wconf 83' lang='grc' dir='ltr'>πολὺ</span> <span class='ocrx_word' id='word_1_473' title='bbox 3231 2619 3264 2688; x_wconf 79' lang='grc' dir='ltr'>ἡ</span> <span class='ocrx_word' id='word_1_474' title='bbox 3296 2616 3343 2647; x_wconf 69' lang='grc' dir='ltr'><strong>δ’</strong></span> <span class='ocrx_word' id='word_1_475' title='bbox 3378 2615 3564 2686; x_wconf 84' lang='grc' dir='ltr'>μήτηρ</span> <span class='ocrx_word' id='word_1_476' title='bbox 3604 2611 3877 2669; x_wconf 81' lang='grc' dir='ltr'>Ἰωάννου,</span> <span class='ocrx_word' id='word_1_477' title='bbox 3928 2605 4025 2656; x_wconf 77' lang='grc' dir='ltr'><strong>καὶ</strong></span> 
     </span>
    </p>
   </div>
   <div class='ocr_carea' id='block_1_70' title="bbox 2434 2698 4026 2784">
    <p class='ocr_par' dir='ltr' id='par_1_70' title="bbox 2434 2698 4026 2784">
     <span class='ocr_line' id='line_1_70' title="bbox 2434 2698 4026 2784; baseline -0.019 -6"><span class='ocrx_word' id='word_1_478' title='bbox 2434 2718 2588 2784; x_wconf 69' lang='grc' dir='ltr'>οὗτος</span> <span class='ocrx_word' id='word_1_479' title='bbox 2624 2722 2803 2781; x_wconf 86' lang='grc' dir='ltr'>καλῶς</span> <span class='ocrx_word' id='word_1_480' title='bbox 2847 2719 2939 2769; x_wconf 84' lang='grc' dir='ltr'><strong>τὸν</strong></span> <span class='ocrx_word' id='word_1_481' title='bbox 2980 2713 3235 2784; x_wconf 82' lang='grc' dir='ltr'>πατρῷον</span> <span class='ocrx_word' id='word_1_482' title='bbox 3285 2708 3589 2779; x_wconf 84' lang='grc' dir='ltr'>σκορπίσας</span> <span class='ocrx_word' id='word_1_483' title='bbox 3623 2698 3773 2756; x_wconf 77' lang='grc' dir='ltr'>οἷκον</span> <span class='ocrx_word' id='word_1_484' title='bbox 3812 2699 3884 2759; x_wconf 72' lang='grc'><strong>⁸³,</strong></span> <span class='ocrx_word' id='word_1_485' title='bbox 3925 2698 4026 2749; x_wconf 73' lang='grc' dir='ltr'><strong>καὶ</strong></span> 
     </span>
    </p>
   </div>
   <div class='ocr_carea' id='block_1_71' title="bbox 2433 2792 4027 2887">
    <p class='ocr_par' dir='ltr' id='par_1_71' title="bbox 2433 2792 4027 2887">
     <span class='ocr_line' id='line_1_71' title="bbox 2433 2792 4027 2887; baseline -0.018 -18"><span class='ocrx_word' id='word_1_486' title='bbox 2433 2819 2531 2887; x_wconf 77' lang='grc' dir='ltr'>τὴν</span> <span class='ocrx_word' id='word_1_487' title='bbox 2582 2815 2735 2867; x_wconf 84' lang='grc' dir='ltr'>πόλιν</span> <span class='ocrx_word' id='word_1_488' title='bbox 2779 2810 2955 2863; x_wconf 85' lang='grc' dir='ltr'>λιπὼν</span> <span class='ocrx_word' id='word_1_489' title='bbox 2983 2850 2998 2873; x_wconf 90' lang='grc'><strong>,</strong></span> <span class='ocrx_word' id='word_1_490' title='bbox 3050 2808 3165 2868; x_wconf 79' lang='grc' dir='ltr'>τοῖς</span> <span class='ocrx_word' id='word_1_491' title='bbox 3210 2803 3318 2867; x_wconf 76' lang='grc' dir='ltr'>ἔξω</span> <span class='ocrx_word' id='word_1_492' title='bbox 3363 2799 3569 2869; x_wconf 81' lang='grc' dir='ltr'>ταύτης</span> <span class='ocrx_word' id='word_1_493' title='bbox 3634 2792 4027 2887; x_wconf 82' lang='grc' dir='ltr'>μοναστηρίοις</span> 
     </span>
    </p>
   </div>
   <div class='ocr_carea' id='block_1_72' title="bbox 2437 2882 4028 2969">
    <p class='ocr_par' dir='ltr' id='par_1_72' title="bbox 2437 2882 4028 2969">
     <span class='ocr_line' id='line_1_72' title="bbox 2437 2882 4028 2969; baseline -0.019 -6"><span class='ocrx_word' id='word_1_494' title='bbox 2437 2910 2629 2963; x_wconf 69' lang='grc' dir='ltr'>ἑαυτὸν</span> <span class='ocrx_word' id='word_1_495' title='bbox 2661 2905 2935 2969; x_wconf 77' lang='grc' dir='ltr'>ἐκδίδωσι,</span> <span class='ocrx_word' id='word_1_496' title='bbox 2956 2901 3054 2955; x_wconf 71' lang='grc' dir='ltr'><strong>καὶ</strong></span> <span class='ocrx_word' id='word_1_497' title='bbox 3081 2900 3292 2951; x_wconf 66' lang='grc' dir='ltr'>γίνεται</span> <span class='ocrx_word' id='word_1_498' title='bbox 3326 2895 3489 2958; x_wconf 81' lang='grc' dir='ltr'>αὐτὸς</span> <span class='ocrx_word' id='word_1_499' title='bbox 3513 2891 3685 2953; x_wconf 81' lang='grc' dir='ltr'>τύπος</span> <span class='ocrx_word' id='word_1_500' title='bbox 3713 2889 3809 2941; x_wconf 75' lang='grc' dir='ltr'>καὶ</span> <span class='ocrx_word' id='word_1_501' title='bbox 3837 2882 4028 2938; x_wconf 82' lang='grc' dir='ltr'>κανὼν</span> 
     </span>
    </p>
   </div>
   <div class='ocr_carea' id='block_1_73' title="bbox 2434 2998 2947 3069">
    <p class='ocr_par' dir='ltr' id='par_1_73' title="bbox 2434 2998 2947 3069">
     <span class='ocr_line' id='line_1_73' title="bbox 2434 2998 2947 3069; baseline -0.01 -15"><span class='ocrx_word' id='word_1_502' title='bbox 2434 3002 2543 3053; x_wconf 82' lang='grc' dir='ltr'><strong>τῶν</strong></span> <span class='ocrx_word' id='word_1_503' title='bbox 2585 2998 2947 3069; x_wconf 77' lang='grc' dir='ltr'>μοναζόντων.</span> 
     </span>
    </p>
   </div>
   <div class='ocr_carea' id='block_1_74' title="bbox 2510 3069 4030 3157">
    <p class='ocr_par' dir='ltr' id='par_1_74' title="bbox 2510 3069 4030 3157">
     <span class='ocr_line' id='line_1_74' title="bbox 2510 3069 4030 3157; baseline -0.016 -12"><span class='ocrx_word' id='word_1_504' title='bbox 2510 3096 2633 3144; x_wconf 84' lang='grc' dir='ltr'>Ὅτι</span> <span class='ocrx_word' id='word_1_505' title='bbox 2667 3090 2921 3157; x_wconf 75' lang='grc' dir='ltr'>Ἱισύχιος</span> <span class='ocrx_word' id='word_1_506' title='bbox 2958 3086 3212 3156; x_wconf 85' lang='grc' dir='ltr'>μοναχὸς,</span> <span class='ocrx_word' id='word_1_507' title='bbox 3245 3081 3418 3151; x_wconf 80' lang='grc' dir='ltr'>Σύρος</span> <span class='ocrx_word' id='word_1_508' title='bbox 3443 3078 3522 3147; x_wconf 86' lang='grc' dir='ltr'>τῷ</span> <span class='ocrx_word' id='word_1_509' title='bbox 3560 3076 3729 3144; x_wconf 81' lang='grc' dir='ltr'>γένει,</span> <span class='ocrx_word' id='word_1_510' title='bbox 3769 3069 4030 3142; x_wconf 84' lang='grc' dir='ltr'>προγνὼ-</span> 
     </span>
    </p>
   </div>
   <div class='ocr_carea' id='block_1_75' title="bbox 2441 3158 4031 3247">
    <p class='ocr_par' dir='ltr' id='par_1_75' title="bbox 2441 3158 4031 3247">
     <span class='ocr_line' id='line_1_75' title="bbox 2441 3158 4031 3247; baseline -0.014 -10"><span class='ocrx_word' id='word_1_511' title='bbox 2441 3203 2576 3247; x_wconf 88' lang='grc' dir='ltr'>σεως</span> <span class='ocrx_word' id='word_1_512' title='bbox 2615 3182 2869 3247; x_wconf 71' lang='grc' dir='ltr'>ἀξιωθεὶς</span> <span class='ocrx_word' id='word_1_513' title='bbox 2889 3222 2903 3244; x_wconf 90' lang='grc'><strong>,</strong></span> <span class='ocrx_word' id='word_1_514' title='bbox 2932 3180 3128 3247; x_wconf 83' lang='grc' dir='ltr'>θεωρεῖ</span> <span class='ocrx_word' id='word_1_515' title='bbox 3176 3176 3375 3245; x_wconf 79' lang='grc' dir='ltr'>ἄνδρας</span> <span class='ocrx_word' id='word_1_516' title='bbox 3405 3166 3915 3240; x_wconf 80' lang='grc' dir='ltr'>λευχειμονοῦντας.</span> <span class='ocrx_word' id='word_1_517' title='bbox 3952 3158 4031 3216; x_wconf 79' lang='grc' dir='ltr'>ὧν</span> 
     </span>
    </p>
   </div>
   <div class='ocr_carea' id='block_1_76' title="bbox 2439 3258 4031 3347">
    <p class='ocr_par' dir='ltr' id='par_1_76' title="bbox 2439 3258 4031 3347">
     <span class='ocr_line' id='line_1_76' title="bbox 2439 3258 4031 3347; baseline -0.015 -17"><span class='ocrx_word' id='word_1_518' title='bbox 2439 3281 2467 3330; x_wconf 86' lang='grc' dir='ltr'>ὁ</span> <span class='ocrx_word' id='word_1_519' title='bbox 2495 3278 2593 3347; x_wconf 82' lang='grc' dir='ltr'><strong>μὲν</strong></span> <span class='ocrx_word' id='word_1_520' title='bbox 2622 3277 2842 3342; x_wconf 82' lang='grc' dir='ltr'>κατεῖχε</span> <span class='ocrx_word' id='word_1_521' title='bbox 2873 3274 3059 3341; x_wconf 84' lang='grc' dir='ltr'>τόμον,</span> <span class='ocrx_word' id='word_1_522' title='bbox 3090 3272 3116 3322; x_wconf 82' lang='grc' dir='ltr'>ὁ</span> <span class='ocrx_word' id='word_1_523' title='bbox 3138 3269 3195 3321; x_wconf 84' lang='grc' dir='ltr'>δὲ</span> <span class='ocrx_word' id='word_1_524' title='bbox 3219 3268 3379 3327; x_wconf 82' lang='grc' dir='ltr'>ἀλλος</span> <span class='ocrx_word' id='word_1_525' title='bbox 3408 3264 3557 3325; x_wconf 81' lang='grc' dir='ltr'>κλεῖς</span> <span class='ocrx_word' id='word_1_526' title='bbox 3579 3278 3593 3291; x_wconf 83' lang='lat'>&#39;</span> <span class='ocrx_word' id='word_1_527' title='bbox 3628 3263 3723 3313; x_wconf 73' lang='grc' dir='ltr'><strong>καὶ</strong></span> <span class='ocrx_word' id='word_1_528' title='bbox 3744 3258 4031 3311; x_wconf 80' lang='grc' dir='ltr'>ἐπεδίδουν</span> 
     </span>
    </p>
   </div>
   <div class='ocr_carea' id='block_1_77' title="bbox 2442 3350 4031 3439">
    <p class='ocr_par' dir='ltr' id='par_1_77' title="bbox 2442 3350 4031 3439">
     <span class='ocr_line' id='line_1_77' title="bbox 2442 3350 4031 3439; baseline -0.015 -16"><span class='ocrx_word' id='word_1_529' title='bbox 2442 3373 2702 3439; x_wconf 74' lang='grc' dir='ltr'>ἑκάτερος</span> <span class='ocrx_word' id='word_1_530' title='bbox 2761 3365 2941 3419; x_wconf 75' lang='grc' dir='ltr'>αὐτῶν</span> <span class='ocrx_word' id='word_1_531' title='bbox 2988 3362 3158 3415; x_wconf 84' lang='grc' dir='ltr'>ταῦτα</span> <span class='ocrx_word' id='word_1_532' title='bbox 3200 3361 3280 3429; x_wconf 85' lang='grc' dir='ltr'>τῷ</span> <span class='ocrx_word' id='word_1_533' title='bbox 3315 3358 3562 3426; x_wconf 83' lang='grc' dir='ltr'>Ἰωάννῃ,</span> <span class='ocrx_word' id='word_1_534' title='bbox 3602 3357 3631 3407; x_wconf 83' lang='grc' dir='ltr'>ό</span> <span class='ocrx_word' id='word_1_535' title='bbox 3682 3353 3782 3423; x_wconf 72' lang='grc' dir='ltr'>μὲν</span> <span class='ocrx_word' id='word_1_536' title='bbox 3828 3350 4031 3403; x_wconf 77' lang='grc' dir='ltr'>ἑαυτὸν</span> 
     </span>
    </p>
   </div>
   <div class='ocr_carea' id='block_1_78' title="bbox 2439 3442 4031 3523">
    <p class='ocr_par' dir='ltr' id='par_1_78' title="bbox 2439 3442 4031 3523">
     <span class='ocr_line' id='line_1_78' title="bbox 2439 3442 4031 3523; baseline -0.015 -8"><span class='ocrx_word' id='word_1_537' title='bbox 2439 3460 2579 3515; x_wconf 75' lang='grc' dir='ltr'>εἶναι</span> <span class='ocrx_word' id='word_1_538' title='bbox 2610 3461 2700 3512; x_wconf 84' lang='grc' dir='ltr'><strong>τὸν</strong></span> <span class='ocrx_word' id='word_1_539' title='bbox 2724 3457 3019 3511; x_wconf 82' lang='grc' dir='ltr'>ἀπόστολον</span> <span class='ocrx_word' id='word_1_540' title='bbox 3053 3454 3280 3523; x_wconf 80' lang='grc' dir='ltr'>Πέτρον,</span> <span class='ocrx_word' id='word_1_541' title='bbox 3310 3452 3339 3501; x_wconf 85' lang='grc' dir='ltr'>ὁ</span> <span class='ocrx_word' id='word_1_542' title='bbox 3361 3451 3419 3502; x_wconf 82' lang='grc' dir='ltr'>δὲ</span> <span class='ocrx_word' id='word_1_543' title='bbox 3444 3450 3621 3515; x_wconf 88' lang='grc' dir='ltr'>λέγων</span> <span class='ocrx_word' id='word_1_544' title='bbox 3649 3446 3742 3497; x_wconf 78' lang='grc' dir='ltr'>τὸν</span> <span class='ocrx_word' id='word_1_545' title='bbox 3770 3442 4031 3507; x_wconf 82' lang='grc' dir='ltr'>θεολόγον</span> 
     </span>
    </p>
   </div>
   <div class='ocr_carea' id='block_1_79' title="bbox 2454 3537 4028 3621">
    <p class='ocr_par' dir='ltr' id='par_1_79' title="bbox 2454 3537 4028 3621">
     <span class='ocr_line' id='line_1_79' title="bbox 2454 3537 4028 3621; baseline -0.015 -14"><span class='ocrx_word' id='word_1_546' title='bbox 2454 3556 2729 3621; x_wconf 86' lang='grc' dir='ltr'>Ἰωάννην.</span> <span class='ocrx_word' id='word_1_547' title='bbox 2764 3552 2876 3603; x_wconf 77' lang='grc' dir='ltr'>Καὶ</span> <span class='ocrx_word' id='word_1_548' title='bbox 2908 3550 3087 3602; x_wconf 83' lang='grc' dir='ltr'>ταῦτα</span> <span class='ocrx_word' id='word_1_549' title='bbox 3136 3543 3464 3612; x_wconf 85' lang='grc' dir='ltr'>ἀναγγέλλει</span> <span class='ocrx_word' id='word_1_550' title='bbox 3500 3542 3615 3602; x_wconf 86' lang='grc' dir='ltr'>τοῖς</span> <span class='ocrx_word' id='word_1_551' title='bbox 3649 3540 3707 3589; x_wconf 82' lang='grc' dir='ltr'>ὲν</span> <span class='ocrx_word' id='word_1_552' title='bbox 3744 3539 3812 3605; x_wconf 86' lang='grc' dir='ltr'>τῇ</span> <span class='ocrx_word' id='word_1_553' title='bbox 3858 3537 4028 3604; x_wconf 82' lang='grc' dir='ltr'>μονῇ,</span> 
     </span>
    </p>
   </div>
   <div class='ocr_carea' id='block_1_80' title="bbox 2443 3628 4032 3713">
    <p class='ocr_par' dir='ltr' id='par_1_80' title="bbox 2443 3628 4032 3713">
     <span class='ocr_line' id='line_1_80' title="bbox 2443 3628 4032 3713; baseline -0.015 -13"><span class='ocrx_word' id='word_1_554' title='bbox 2443 3645 2885 3713; x_wconf 81' lang='grc' dir='ltr'>ἀσφαλισάμενος</span> <span class='ocrx_word' id='word_1_555' title='bbox 2940 3642 3013 3710; x_wconf 85' lang='grc' dir='ltr'>μὴ</span> <span class='ocrx_word' id='word_1_556' title='bbox 3075 3636 3476 3706; x_wconf 84' lang='grc' dir='ltr'>διαγνωσθῆναι</span> <span class='ocrx_word' id='word_1_557' title='bbox 3527 3632 3607 3701; x_wconf 83' lang='grc' dir='ltr'>τῷ</span> <span class='ocrx_word' id='word_1_558' title='bbox 3647 3630 3890 3698; x_wconf 79' lang='grc' dir='ltr'>Ἰωάννῃ,</span> <span class='ocrx_word' id='word_1_559' title='bbox 3941 3628 4032 3678; x_wconf 82' lang='grc' dir='ltr'>ἴνα</span> 
     </span>
    </p>
   </div>
   <div class='ocr_carea' id='block_1_81' title="bbox 2445 3718 4030 3809">
    <p class='ocr_par' dir='ltr' id='par_1_81' title="bbox 2445 3718 4030 3809">
     <span class='ocr_line' id='line_1_81' title="bbox 2445 3718 4030 3809; baseline -0.016 -17"><span class='ocrx_word' id='word_1_560' title='bbox 2445 3740 2542 3809; x_wconf 83' lang='grc' dir='ltr'>μὴ,</span> <span class='ocrx_word' id='word_1_561' title='bbox 2564 3739 2651 3790; x_wconf 83' lang='grc' dir='ltr'>διὰ</span> <span class='ocrx_word' id='word_1_562' title='bbox 2664 3729 3167 3805; x_wconf 84' lang='grc' dir='ltr'>ταπεινοφροσύνην</span> <span class='ocrx_word' id='word_1_563' title='bbox 3184 3730 3384 3796; x_wconf 78' lang='grc' dir='ltr'>ἄκραν,</span> <span class='ocrx_word' id='word_1_564' title='bbox 3412 3723 3617 3791; x_wconf 76' lang='grc' dir='ltr'>ταύτης</span> <span class='ocrx_word' id='word_1_565' title='bbox 3634 3721 3809 3791; x_wconf 83' lang='grc' dir='ltr'>ήμῶν,</span> <span class='ocrx_word' id='word_1_566' title='bbox 3833 3718 4030 3787; x_wconf 82' lang='grc' dir='ltr'>φησὶν,</span> 
     </span>
    </p>
   </div>
   <div class='ocr_carea' id='block_1_82' title="bbox 2442 3810 4035 3900">
    <p class='ocr_par' dir='ltr' id='par_1_82' title="bbox 2442 3810 4035 3900">
     <span class='ocr_line' id='line_1_82' title="bbox 2442 3810 4035 3900; baseline -0.015 -17"><span class='ocrx_word' id='word_1_567' title='bbox 2442 3829 2779 3900; x_wconf 79' lang='grc' dir='ltr'>ἀναχωρήσῃ</span> <span class='ocrx_word' id='word_1_568' title='bbox 2819 3827 2919 3895; x_wconf 78' lang='grc' dir='ltr'>τῆς</span> <span class='ocrx_word' id='word_1_569' title='bbox 2975 3826 3163 3895; x_wconf 84' lang='grc' dir='ltr'>μονῆς.</span> <span class='ocrx_word' id='word_1_570' title='bbox 3213 3822 3349 3873; x_wconf 84' lang='grc' dir='ltr'>Τότε</span> <span class='ocrx_word' id='word_1_571' title='bbox 3396 3820 3490 3872; x_wconf 70' lang='grc' dir='ltr'><strong>καὶ</strong></span> <span class='ocrx_word' id='word_1_572' title='bbox 3534 3814 3804 3886; x_wconf 75' lang='grc' dir='ltr'>μεγάλους</span> <span class='ocrx_word' id='word_1_573' title='bbox 3862 3810 4035 3862; x_wconf 81' lang='grc' dir='ltr'>αὑτὸν</span> 
     </span>
    </p>
   </div>
   <div class='ocr_carea' id='block_1_83' title="bbox 2443 3904 4033 3989">
    <p class='ocr_par' dir='ltr' id='par_1_83' title="bbox 2443 3904 4033 3989">
     <span class='ocr_line' id='line_1_83' title="bbox 2443 3904 4033 3989; baseline -0.015 -13"><span class='ocrx_word' id='word_1_574' title='bbox 2443 3921 2780 3989; x_wconf 72' lang='grc' dir='ltr'>ἀσκητικοιίς</span> <span class='ocrx_word' id='word_1_575' title='bbox 2821 3935 2953 3985; x_wconf 78' lang='grc' dir='ltr'>φασι</span> <span class='ocrx_word' id='word_1_576' title='bbox 3006 3914 3359 3968; x_wconf 80' lang='grc' dir='ltr'>διαπαλαῖσαι</span> <span class='ocrx_word' id='word_1_577' title='bbox 3407 3908 3627 3978; x_wconf 81' lang='grc' dir='ltr'>ἀγῶνας</span> <span class='ocrx_word' id='word_1_578' title='bbox 3663 3904 3758 3958; x_wconf 70' lang='grc' dir='ltr'><strong>καὶ</strong></span> <span class='ocrx_word' id='word_1_579' title='bbox 3797 3906 4033 3971; x_wconf 84' lang='grc' dir='ltr'>ἀσκητι-</span> 
     </span>
    </p>
   </div>
   <div class='ocr_carea' id='block_1_84' title="bbox 2444 4009 3166 4082">
    <p class='ocr_par' dir='ltr' id='par_1_84' title="bbox 2444 4009 3166 4082">
     <span class='ocr_line' id='line_1_84' title="bbox 2444 4009 3166 4082; baseline -0.018 -11"><span class='ocrx_word' id='word_1_580' title='bbox 2444 4019 2575 4078; x_wconf 75' lang='grc' dir='ltr'><strong>κοῦς</strong></span> <span class='ocrx_word' id='word_1_581' title='bbox 2606 4012 2922 4082; x_wconf 69' lang='grc' dir='ltr'>συγγράψαι</span> <span class='ocrx_word' id='word_1_582' title='bbox 2952 4009 3166 4075; x_wconf 82' lang='grc' dir='ltr'>λόγους.</span> 
     </span>
    </p>
   </div>
   <div class='ocr_carea' id='block_1_85' title="bbox 2518 4087 4035 4167">
    <p class='ocr_par' dir='ltr' id='par_1_85' title="bbox 2518 4087 4035 4167">
     <span class='ocr_line' id='line_1_85' title="bbox 2518 4087 4035 4167; baseline -0.016 -6"><span class='ocrx_word' id='word_1_583' title='bbox 2518 4109 2733 4161; x_wconf 84' lang='grc' dir='ltr'>Γίνεται</span> <span class='ocrx_word' id='word_1_584' title='bbox 2784 4105 2841 4157; x_wconf 81' lang='grc' dir='ltr'>δὲ</span> <span class='ocrx_word' id='word_1_585' title='bbox 2896 4104 2990 4156; x_wconf 72' lang='grc' dir='ltr'><strong>καὶ</strong></span> <span class='ocrx_word' id='word_1_586' title='bbox 3034 4101 3082 4131; x_wconf 74' lang='grc'><strong>⁸⁵</strong></span> <span class='ocrx_word' id='word_1_587' title='bbox 3133 4098 3389 4167; x_wconf 84' lang='grc' dir='ltr'>θαύματα</span> <span class='ocrx_word' id='word_1_588' title='bbox 3447 4094 3507 4145; x_wconf 81' lang='grc' dir='ltr'>ὲν</span> <span class='ocrx_word' id='word_1_589' title='bbox 3549 4091 3630 4162; x_wconf 84' lang='grc' dir='ltr'>τῷ</span> <span class='ocrx_word' id='word_1_590' title='bbox 3678 4087 4035 4159; x_wconf 76' lang='grc' dir='ltr'>μοναστηρίῳ</span> 
     </span>
    </p>
   </div>
   <div class='ocr_carea' id='block_1_86' title="bbox 2448 4181 4037 4271">
    <p class='ocr_par' dir='ltr' id='par_1_86' title="bbox 2448 4181 4037 4271">
     <span class='ocr_line' id='line_1_86' title="bbox 2448 4181 4037 4271; baseline -0.018 -13"><span class='ocrx_word' id='word_1_591' title='bbox 2448 4204 2578 4271; x_wconf 79' lang='grc' dir='ltr'>παρ’</span> <span class='ocrx_word' id='word_1_592' title='bbox 2609 4197 2797 4253; x_wconf 80' lang='grc' dir='ltr'>αὑτοῦ.</span> <span class='ocrx_word' id='word_1_593' title='bbox 2834 4196 2933 4256; x_wconf 66' lang='lat' dir='ltr'><strong>Tt;</strong></span> <span class='ocrx_word' id='word_1_594' title='bbox 2962 4193 3073 4261; x_wconf 77' lang='grc' dir='ltr'><strong>γὰρ</strong></span> <span class='ocrx_word' id='word_1_595' title='bbox 3106 4189 3217 4241; x_wconf 86' lang='grc' dir='ltr'><strong>τῶν</strong></span> <span class='ocrx_word' id='word_1_596' title='bbox 3240 4188 3339 4256; x_wconf 78' lang='grc' dir='ltr'>τῆς</span> <span class='ocrx_word' id='word_1_597' title='bbox 3370 4185 3580 4246; x_wconf 87' lang='grc' dir='ltr'>πόλεως</span> <span class='ocrx_word' id='word_1_598' title='bbox 3620 4182 3680 4233; x_wconf 82' lang='grc' dir='ltr'><strong>τὸ</strong></span> <span class='ocrx_word' id='word_1_599' title='bbox 3717 4181 4037 4249; x_wconf 77' lang='grc' dir='ltr'>ήμίκρανον</span> 
     </span>
    </p>
   </div>
   <div class='ocr_carea' id='block_1_87' title="bbox 2444 4274 4035 4365">
    <p class='ocr_par' dir='ltr' id='par_1_87' title="bbox 2444 4274 4035 4365">
     <span class='ocr_line' id='line_1_87' title="bbox 2444 4274 4035 4365; baseline -0.014 -18"><span class='ocrx_word' id='word_1_600' title='bbox 2444 4297 2544 4365; x_wconf 83' lang='grc' dir='ltr'>τῆς</span> <span class='ocrx_word' id='word_1_601' title='bbox 2576 4291 2819 4359; x_wconf 77' lang='grc' dir='ltr'>κεφαλῆς</span> <span class='ocrx_word' id='word_1_602' title='bbox 2859 4284 3209 4357; x_wconf 82' lang='grc' dir='ltr'>ὑπεραλγῶν,</span> <span class='ocrx_word' id='word_1_603' title='bbox 3253 4281 3394 4333; x_wconf 84' lang='grc' dir='ltr'>ὥστε</span> <span class='ocrx_word' id='word_1_604' title='bbox 3437 4278 3532 4330; x_wconf 70' lang='grc' dir='ltr'>καὶ</span> <span class='ocrx_word' id='word_1_605' title='bbox 3570 4278 3666 4329; x_wconf 84' lang='grc' dir='ltr'><strong>τὸν</strong></span> <span class='ocrx_word' id='word_1_606' title='bbox 3710 4275 3885 4339; x_wconf 69' lang='grc' dir='ltr'>δεξιὸν</span> <span class='ocrx_word' id='word_1_607' title='bbox 3930 4274 4035 4326; x_wconf 82' lang='grc' dir='ltr'><strong>αὒ-</strong></span> 
     </span>
    </p>
   </div>
   <div class='ocr_carea' id='block_1_88' title="bbox 2445 4365 4033 4451">
    <p class='ocr_par' dir='ltr' id='par_1_88' title="bbox 2445 4365 4033 4451">
     <span class='ocr_line' id='line_1_88' title="bbox 2445 4365 4033 4451; baseline -0.016 -11"><span class='ocrx_word' id='word_1_608' title='bbox 2445 4388 2538 4441; x_wconf 78' lang='grc' dir='ltr'>τοῦ</span> <span class='ocrx_word' id='word_1_609' title='bbox 2592 4385 2638 4417; x_wconf 67' lang='grc'><strong>⁸⁸</strong></span> <span class='ocrx_word' id='word_1_610' title='bbox 2698 4380 3074 4451; x_wconf 71' lang='grc' dir='ltr'>ἐκκρέμασθαι</span> <span class='ocrx_word' id='word_1_611' title='bbox 3118 4374 3437 4443; x_wconf 76' lang='grc' dir='ltr'>ὀφθαλμὸν,</span> <span class='ocrx_word' id='word_1_612' title='bbox 3489 4366 3805 4437; x_wconf 76' lang='grc' dir='ltr'>προσελθὼν</span> <span class='ocrx_word' id='word_1_613' title='bbox 3848 4365 4033 4433; x_wconf 79' lang='grc' dir='ltr'>αὐτῷ,</span> 
     </span>
    </p>
   </div>
   <div class='ocr_carea' id='block_1_89' title="bbox 2449 4457 4037 4547">
    <p class='ocr_par' dir='ltr' id='par_1_89' title="bbox 2449 4457 4037 4547">
     <span class='ocr_line' id='line_1_89' title="bbox 2449 4457 4037 4547; baseline -0.014 -17"><span class='ocrx_word' id='word_1_614' title='bbox 2449 4478 2789 4547; x_wconf 77' lang='grc' dir='ltr'>παραχρῆμα</span> <span class='ocrx_word' id='word_1_615' title='bbox 2845 4472 3106 4541; x_wconf 83' lang='grc' dir='ltr'>τυγχάνει</span> <span class='ocrx_word' id='word_1_616' title='bbox 3162 4467 3266 4535; x_wconf 80' lang='grc' dir='ltr'><strong>τῆς</strong></span> <span class='ocrx_word' id='word_1_617' title='bbox 3307 4465 3525 4525; x_wconf 88' lang='grc' dir='ltr'>ίάσεως.</span> <span class='ocrx_word' id='word_1_618' title='bbox 3574 4460 3685 4514; x_wconf 75' lang='grc' dir='ltr'><strong>Καὶ</strong></span> <span class='ocrx_word' id='word_1_619' title='bbox 3736 4457 4037 4526; x_wconf 81' lang='grc' dir='ltr'>Ἀρχέλαός</span> 
     </span>
    </p>
   </div>
   <div class='ocr_carea' id='block_1_90' title="bbox 757 4550 2330 4643">
    <p class='ocr_par' dir='ltr' id='par_1_90' title="bbox 757 4570 2330 4643">
     <span class='ocr_line' id='line_1_90' title="bbox 757 4570 2330 4643; baseline -0.001 -18"><span class='ocrx_word' id='word_1_620' title='bbox 757 4574 980 4640; x_wconf 77' lang='lat' dir='ltr'><strong>pollens,</strong></span> <span class='ocrx_word' id='word_1_621' title='bbox 1014 4576 1213 4643; x_wconf 83' lang='lat' dir='ltr'><strong>lepram</strong></span> <span class='ocrx_word' id='word_1_622' title='bbox 1245 4574 1295 4627; x_wconf 87' lang='lat' dir='ltr'><strong>itt</strong></span> <span class='ocrx_word' id='word_1_623' title='bbox 1326 4574 1463 4626; x_wconf 88' lang='lat' dir='ltr'><strong>l&#39;acie</strong></span> <span class='ocrx_word' id='word_1_624' title='bbox 1491 4582 1703 4635; x_wconf 83' lang='lat' dir='ltr'><strong>nactus,</strong></span> <span class='ocrx_word' id='word_1_625' title='bbox 1729 4572 1914 4641; x_wconf 87' lang='lat' dir='ltr'><strong>jussus</strong></span> <span class='ocrx_word' id='word_1_626' title='bbox 1937 4573 1987 4624; x_wconf 90' lang='lat' dir='ltr'><strong>in</strong></span> <span class='ocrx_word' id='word_1_627' title='bbox 2029 4571 2169 4635; x_wconf 85' lang='lat' dir='ltr'><strong>lacn,</strong></span> <span class='ocrx_word' id='word_1_628' title='bbox 2201 4570 2330 4623; x_wconf 71' lang='lat' dir='ltr'><strong>unde</strong></span> 
     </span>
    </p>
   </div>
   <div class='ocr_carea' id='block_1_91' title="bbox 2433 4550 4035 4643">
    <p class='ocr_par' dir='ltr' id='par_1_91' title="bbox 2446 4550 4035 4633">
     <span class='ocr_line' id='line_1_91' title="bbox 2446 4550 4035 4633; baseline -0.015 -11"><span class='ocrx_word' id='word_1_629' title='bbox 2446 4589 2525 4633; x_wconf 84' lang='grc' dir='ltr'><strong>τις</strong></span> <span class='ocrx_word' id='word_1_630' title='bbox 2562 4570 2608 4599; x_wconf 74' lang='grc'><strong>⁸⁵</strong></span> <span class='ocrx_word' id='word_1_631' title='bbox 2647 4568 2756 4619; x_wconf 84' lang='grc' dir='ltr'>τῶν</span> <span class='ocrx_word' id='word_1_632' title='bbox 2805 4568 2862 4617; x_wconf 82' lang='grc' dir='ltr'><strong>έν</strong></span> <span class='ocrx_word' id='word_1_633' title='bbox 2907 4563 3180 4632; x_wconf 81' lang='grc' dir='ltr'>ἀξιώματι</span> <span class='ocrx_word' id='word_1_634' title='bbox 3228 4558 3324 4611; x_wconf 72' lang='grc' dir='ltr'>καὶ</span> <span class='ocrx_word' id='word_1_635' title='bbox 3376 4554 3593 4623; x_wconf 81' lang='grc' dir='ltr'>πλούτῳ</span> <span class='ocrx_word' id='word_1_636' title='bbox 3641 4550 4035 4617; x_wconf 80' lang='grc' dir='ltr'>περίόλεπτος,</span> 
     </span>
    </p>
   </div>
   <div class='ocr_carea' id='block_1_92' title="bbox 758 4664 2339 4735">
    <p class='ocr_par' dir='ltr' id='par_1_92' title="bbox 758 4664 2339 4735">
     <span class='ocr_line' id='line_1_92' title="bbox 758 4664 2339 4735; baseline -0.003 -17"><span class='ocrx_word' id='word_1_637' title='bbox 758 4668 955 4720; x_wconf 67' lang='lat' dir='ltr'><strong>fratres</strong></span> <span class='ocrx_word' id='word_1_638' title='bbox 984 4667 1239 4735; x_wconf 78' lang='lat' dir='ltr'><strong>frigidam</strong></span> <span class='ocrx_word' id='word_1_639' title='bbox 1274 4667 1559 4728; x_wconf 90' lang='lat' dir='ltr'><strong>biberent,</strong></span> <span class='ocrx_word' id='word_1_640' title='bbox 1603 4666 1818 4725; x_wconf 86' lang='lat' dir='ltr'><strong>lavare,</strong></span> <span class='ocrx_word' id='word_1_641' title='bbox 1854 4665 2041 4716; x_wconf 89' lang='lat' dir='ltr'><strong>morbo</strong></span> <span class='ocrx_word' id='word_1_642' title='bbox 2082 4664 2339 4715; x_wconf 88' lang='lat' dir='ltr'><strong>liberatus</strong></span> 
     </span>
    </p>
   </div>
   <div class='ocr_carea' id='block_1_93' title="bbox 757 4754 2338 4822">
    <p class='ocr_par' dir='ltr' id='par_1_93' title="bbox 757 4754 2338 4822">
     <span class='ocr_line' id='line_1_93' title="bbox 757 4754 2338 4822; baseline -0.003 -12"><span class='ocrx_word' id='word_1_643' title='bbox 757 4772 868 4814; x_wconf 88' lang='lat' dir='ltr'><strong>cst:</strong></span> <span class='ocrx_word' id='word_1_644' title='bbox 898 4759 1083 4822; x_wconf 87' lang='lat' dir='ltr'><strong>qui,et</strong></span> <span class='ocrx_word' id='word_1_645' title='bbox 1111 4757 1458 4811; x_wconf 84' lang='lat' dir='ltr'><strong>facultattbus</strong></span> <span class='ocrx_word' id='word_1_646' title='bbox 1476 4758 1586 4810; x_wconf 88' lang='lat' dir='ltr'><strong>suis</strong></span> <span class='ocrx_word' id='word_1_647' title='bbox 1615 4756 1940 4819; x_wconf 90' lang='lat' dir='ltr'><strong>distributis,</strong></span> <span class='ocrx_word' id='word_1_648' title='bbox 1970 4755 2020 4808; x_wconf 89' lang='lat' dir='ltr'><strong>in</strong></span> <span class='ocrx_word' id='word_1_649' title='bbox 2040 4756 2227 4809; x_wconf 88' lang='lat' dir='ltr'><strong>eodem</strong></span> <span class='ocrx_word' id='word_1_650' title='bbox 2250 4754 2338 4807; x_wconf 93' lang='lat' dir='ltr'><strong>illo</strong></span> 
     </span>
    </p>
   </div>
   <div class='ocr_carea' id='block_1_94' title="bbox 760 4846 2339 4915">
    <p class='ocr_par' dir='ltr' id='par_1_94' title="bbox 760 4846 2339 4915">
     <span class='ocr_line' id='line_1_94' title="bbox 760 4846 2339 4915; baseline -0.001 -15"><span class='ocrx_word' id='word_1_651' title='bbox 760 4851 846 4904; x_wconf 89' lang='lat' dir='ltr'><strong>ubi</strong></span> <span class='ocrx_word' id='word_1_652' title='bbox 904 4851 1188 4903; x_wconf 89' lang='lat' dir='ltr'><strong>restitutus</strong></span> <span class='ocrx_word' id='word_1_653' title='bbox 1224 4859 1342 4902; x_wconf 83' lang='lat' dir='ltr'><strong>erat</strong></span> <span class='ocrx_word' id='word_1_654' title='bbox 1410 4849 1691 4911; x_wconf 59' lang='lat' dir='ltr'><strong>coenobio,</strong></span> <span class='ocrx_word' id='word_1_655' title='bbox 1731 4848 1891 4901; x_wconf 86' lang='lat' dir='ltr'><strong>rebus</strong></span> <span class='ocrx_word' id='word_1_656' title='bbox 1930 4846 2091 4915; x_wconf 89' lang='lat' dir='ltr'><strong>hujus</strong></span> <span class='ocrx_word' id='word_1_657' title='bbox 2156 4848 2339 4900; x_wconf 85' lang='lat' dir='ltr'><strong>mundi</strong></span> 
     </span>
    </p>
   </div>
   <div class='ocr_carea' id='block_1_95' title="bbox 760 4939 2342 5009">
    <p class='ocr_par' dir='ltr' id='par_1_95' title="bbox 760 4939 2342 5009">
     <span class='ocr_line' id='line_1_95' title="bbox 760 4939 2342 5009; baseline 0.001 -18"><span class='ocrx_word' id='word_1_658' title='bbox 760 4942 1016 4995; x_wconf 80' lang='lat' dir='ltr'><strong>valedixit</strong></span> <span class='ocrx_word' id='word_1_659' title='bbox 1058 4959 1071 4995; x_wconf 93' lang='lat'><strong>:</strong></span> <span class='ocrx_word' id='word_1_660' title='bbox 1106 4957 1169 4995; x_wconf 86' lang='lat' dir='ltr'><strong>ac</strong></span> <span class='ocrx_word' id='word_1_661' title='bbox 1203 4950 1399 5009; x_wconf 62' lang='lat' dir='ltr'><strong>praeter</strong></span> <span class='ocrx_word' id='word_1_662' title='bbox 1423 4942 1569 4995; x_wconf 88' lang='lat' dir='ltr'><strong>hunc</strong></span> <span class='ocrx_word' id='word_1_663' title='bbox 1602 4942 1691 4992; x_wconf 86' lang='lat' dir='ltr'><strong>alii</strong></span> <span class='ocrx_word' id='word_1_664' title='bbox 1714 4941 1952 5007; x_wconf 86' lang='lat' dir='ltr'><strong>plurimi.</strong></span> <span class='ocrx_word' id='word_1_665' title='bbox 1989 4942 2214 5006; x_wconf 75' lang='lat' dir='ltr'><strong>Quidam</strong></span> <span class='ocrx_word' id='word_1_666' title='bbox 2236 4939 2342 4992; x_wconf 80' lang='lat' dir='ltr'><strong>Eu-</strong></span> 
     </span>
    </p>
   </div>
   <div class='ocr_carea' id='block_1_96' title="bbox 757 5033 2336 5101">
    <p class='ocr_par' dir='ltr' id='par_1_96' title="bbox 757 5033 2336 5101">
     <span class='ocr_line' id='line_1_96' title="bbox 757 5033 2336 5101; baseline -0.003 -12"><span class='ocrx_word' id='word_1_667' title='bbox 757 5038 903 5089; x_wconf 80' lang='lat' dir='ltr'><strong>olens</strong></span> <span class='ocrx_word' id='word_1_668' title='bbox 934 5036 1147 5087; x_wconf 80' lang='lat' dir='ltr'><strong>nomine</strong></span> <span class='ocrx_word' id='word_1_669' title='bbox 1175 5074 1190 5097; x_wconf 89' lang='lat'><strong>,</strong></span> <span class='ocrx_word' id='word_1_670' title='bbox 1216 5035 1481 5088; x_wconf 66' lang='lat' dir='ltr'><strong>daemonis</strong></span> <span class='ocrx_word' id='word_1_671' title='bbox 1539 5034 1887 5101; x_wconf 84' lang='lat' dir='ltr'><strong>improbitate</strong></span> <span class='ocrx_word' id='word_1_672' title='bbox 1924 5034 2095 5085; x_wconf 90' lang='lat' dir='ltr'><strong>altero</strong></span> <span class='ocrx_word' id='word_1_673' title='bbox 2136 5033 2336 5086; x_wconf 88' lang='lat' dir='ltr'><strong>amisso</strong></span> 
     </span>
    </p>
   </div>
   <div class='ocr_carea' id='block_1_97' title="bbox 756 5126 2349 5194">
    <p class='ocr_par' dir='ltr' id='par_1_97' title="bbox 756 5126 2349 5194">
     <span class='ocr_line' id='line_1_97' title="bbox 756 5126 2349 5194; baseline -0.001 -17"><span class='ocrx_word' id='word_1_674' title='bbox 756 5128 933 5193; x_wconf 81' lang='lat' dir='ltr'><strong>oculo,</strong></span> <span class='ocrx_word' id='word_1_675' title='bbox 967 5126 1248 5179; x_wconf 77' lang='lat' dir='ltr'><strong>monachis</strong></span> <span class='ocrx_word' id='word_1_676' title='bbox 1288 5128 1663 5194; x_wconf 76' lang='lat' dir='ltr'><strong>aggregandus</strong></span> <span class='ocrx_word' id='word_1_677' title='bbox 1723 5126 1867 5177; x_wconf 85' lang='lat' dir='ltr'><strong>venit</strong></span> <span class='ocrx_word' id='word_1_678' title='bbox 1910 5141 1923 5177; x_wconf 91' lang='lat'><strong>:</strong></span> <span class='ocrx_word' id='word_1_679' title='bbox 1957 5127 2044 5192; x_wconf 94' lang='lat' dir='ltr'><strong>qui</strong></span> <span class='ocrx_word' id='word_1_680' title='bbox 2075 5138 2129 5177; x_wconf 85' lang='lat' dir='ltr'><strong>et</strong></span> <span class='ocrx_word' id='word_1_681' title='bbox 2167 5141 2194 5176; x_wconf 89' lang='lat' dir='ltr'><strong>a</strong></span> <span class='ocrx_word' id='word_1_682' title='bbox 2224 5140 2349 5177; x_wconf 89' lang='lat' dir='ltr'><strong>san-</strong></span> 
     </span>
    </p>
   </div>
   <div class='ocr_carea' id='block_1_98' title="bbox 2444 4640 4035 4732">
    <p class='ocr_par' dir='ltr' id='par_1_98' title="bbox 2444 4640 4035 4732">
     <span class='ocr_line' id='line_1_98' title="bbox 2444 4640 4035 4732; baseline -0.014 -19"><span class='ocrx_word' id='word_1_683' title='bbox 2444 4664 2653 4732; x_wconf 85' lang='grc' dir='ltr'>λέπραν</span> <span class='ocrx_word' id='word_1_684' title='bbox 2689 4663 2744 4710; x_wconf 78' lang='grc' dir='ltr'>ἐν</span> <span class='ocrx_word' id='word_1_685' title='bbox 2786 4658 2863 4727; x_wconf 82' lang='grc' dir='ltr'><strong>τῷ</strong></span> <span class='ocrx_word' id='word_1_686' title='bbox 2912 4654 3189 4725; x_wconf 80' lang='grc' dir='ltr'>προσώπῳ</span> <span class='ocrx_word' id='word_1_687' title='bbox 3231 4652 3391 4721; x_wconf 82' lang='grc' dir='ltr'>ἔχων,</span> <span class='ocrx_word' id='word_1_688' title='bbox 3425 4646 3783 4705; x_wconf 79' lang='grc' dir='ltr'>κελεύσαντος</span> <span class='ocrx_word' id='word_1_689' title='bbox 3821 4644 3885 4694; x_wconf 83' lang='grc' dir='ltr'>ὲκ</span> <span class='ocrx_word' id='word_1_690' title='bbox 3932 4640 4035 4694; x_wconf 84' lang='grc' dir='ltr'>τοῦ</span> 
     </span>
    </p>
   </div>
   <div class='ocr_carea' id='block_1_99' title="bbox 2445 4736 4035 4816">
    <p class='ocr_par' dir='ltr' id='par_1_99' title="bbox 2445 4736 4035 4816">
     <span class='ocr_line' id='line_1_99' title="bbox 2445 4736 4035 4816; baseline -0.014 -9"><span class='ocrx_word' id='word_1_691' title='bbox 2445 4755 2671 4816; x_wconf 76' lang='grc' dir='ltr'>λάκκου,</span> <span class='ocrx_word' id='word_1_692' title='bbox 2708 4747 2765 4804; x_wconf 71' lang='grc' dir='ltr'>οὗ</span> <span class='ocrx_word' id='word_1_693' title='bbox 2797 4751 2845 4801; x_wconf 86' lang='grc' dir='ltr'>οἱ</span> <span class='ocrx_word' id='word_1_694' title='bbox 2887 4746 3108 4813; x_wconf 74' lang='grc' dir='ltr'>ἀδελφοὶ</span> <span class='ocrx_word' id='word_1_695' title='bbox 3145 4745 3349 4805; x_wconf 77' lang='grc' dir='ltr'>ἔπινον,</span> <span class='ocrx_word' id='word_1_696' title='bbox 3384 4736 3706 4799; x_wconf 83' lang='grc' dir='ltr'>λούσασθαι,</span> <span class='ocrx_word' id='word_1_697' title='bbox 3753 4736 3916 4805; x_wconf 83' lang='grc' dir='ltr'>ὑγιὴς</span> <span class='ocrx_word' id='word_1_698' title='bbox 3937 4736 4035 4803; x_wconf 69' lang='grc' dir='ltr'>γέ-</span> 
     </span>
    </p>
   </div>
   <div class='ocr_carea' id='block_1_100' title="bbox 2445 4819 4037 4914">
    <p class='ocr_par' dir='ltr' id='par_1_100' title="bbox 2445 4819 4037 4914">
     <span class='ocr_line' id='line_1_100' title="bbox 2445 4819 4037 4914; baseline -0.012 -17"><span class='ocrx_word' id='word_1_699' title='bbox 2445 4862 2632 4914; x_wconf 86' lang='grc' dir='ltr'>γονεν·</span> <span class='ocrx_word' id='word_1_700' title='bbox 2668 4844 2726 4906; x_wconf 83' lang='grc' dir='ltr'><strong>ὃς</strong></span> <span class='ocrx_word' id='word_1_701' title='bbox 2790 4843 2882 4893; x_wconf 70' lang='grc' dir='ltr'><strong>καὶ</strong></span> <span class='ocrx_word' id='word_1_702' title='bbox 2927 4838 3141 4899; x_wconf 79' lang='grc' dir='ltr'>διαδοὺς</span> <span class='ocrx_word' id='word_1_703' title='bbox 3183 4838 3252 4887; x_wconf 71' lang='grc' dir='ltr'><strong>τὰ</strong></span> <span class='ocrx_word' id='word_1_704' title='bbox 3291 4832 3605 4901; x_wconf 85' lang='grc' dir='ltr'>ὑπάρχοντα</span> <span class='ocrx_word' id='word_1_705' title='bbox 3654 4827 3844 4891; x_wconf 83' lang='grc' dir='ltr'>αὐτοῦ,</span> <span class='ocrx_word' id='word_1_706' title='bbox 3885 4828 3947 4879; x_wconf 75' lang='grc' dir='ltr'>ὲν</span> <span class='ocrx_word' id='word_1_707' title='bbox 3989 4819 4037 4893; x_wconf 83' lang='grc' dir='ltr'>ᾦ</span> 
     </span>
    </p>
   </div>
   <div class='ocr_carea' id='block_1_101' title="bbox 2448 4918 4028 5005">
    <p class='ocr_par' dir='ltr' id='par_1_101' title="bbox 2448 4918 4028 5005">
     <span class='ocr_line' id='line_1_101' title="bbox 2448 4918 4028 5005; baseline -0.013 -15"><span class='ocrx_word' id='word_1_708' title='bbox 2448 4941 2540 4990; x_wconf 78' lang='grc' dir='ltr'><strong>καὶ</strong></span> <span class='ocrx_word' id='word_1_709' title='bbox 2573 4936 2695 5005; x_wconf 82' lang='grc' dir='ltr'>ἰάθη</span> <span class='ocrx_word' id='word_1_710' title='bbox 2740 4930 3087 5003; x_wconf 82' lang='grc' dir='ltr'>μοναστηρίῳ</span> <span class='ocrx_word' id='word_1_711' title='bbox 3117 4925 3446 4989; x_wconf 74' lang='grc' dir='ltr'>ἀπετάξατο,</span> <span class='ocrx_word' id='word_1_712' title='bbox 3481 4924 3575 4975; x_wconf 74' lang='grc' dir='ltr'>καὶ</span> <span class='ocrx_word' id='word_1_713' title='bbox 3610 4921 3798 4973; x_wconf 82' lang='grc' dir='ltr'>πολλοὶ</span> <span class='ocrx_word' id='word_1_714' title='bbox 3830 4918 3875 4971; x_wconf 77' lang='grc' dir='ltr'>δ’</span> <span class='ocrx_word' id='word_1_715' title='bbox 3903 4919 4028 4971; x_wconf 77' lang='grc' dir='ltr'>ἓτε-</span> 
     </span>
    </p>
   </div>
   <div class='ocr_carea' id='block_1_102' title="bbox 2449 5010 4037 5101">
    <p class='ocr_par' dir='ltr' id='par_1_102' title="bbox 2449 5010 4037 5101">
     <span class='ocr_line' id='line_1_102' title="bbox 2449 5010 4037 5101; baseline -0.013 -18"><span class='ocrx_word' id='word_1_716' title='bbox 2449 5050 2553 5101; x_wconf 85' lang='grc' dir='ltr'>ροι.</span> <span class='ocrx_word' id='word_1_717' title='bbox 2596 5029 2787 5089; x_wconf 76' lang='grc' dir='ltr'>’Ἄλλος</span> <span class='ocrx_word' id='word_1_718' title='bbox 2833 5026 2890 5078; x_wconf 82' lang='grc' dir='ltr'><strong>δέ</strong></span> <span class='ocrx_word' id='word_1_719' title='bbox 2937 5041 3022 5086; x_wconf 87' lang='grc' dir='ltr'><strong>τις</strong></span> <span class='ocrx_word' id='word_1_720' title='bbox 3063 5022 3287 5089; x_wconf 82' lang='grc' dir='ltr'>ὀνόματι</span> <span class='ocrx_word' id='word_1_721' title='bbox 3324 5016 3559 5077; x_wconf 75' lang='grc' dir='ltr'>Εὗκλεος</span> <span class='ocrx_word' id='word_1_722' title='bbox 3599 5016 3664 5066; x_wconf 78' lang='grc' dir='ltr'>ἐκ</span> <span class='ocrx_word' id='word_1_723' title='bbox 3709 5010 4037 5081; x_wconf 66' lang='grc' dir='ltr'>δαιμωικῆς</span> 
     </span>
    </p>
   </div>
   <div class='ocr_carea' id='block_1_103' title="bbox 2458 5106 4038 5190">
    <p class='ocr_par' dir='ltr' id='par_1_103' title="bbox 2458 5106 4038 5190">
     <span class='ocr_line' id='line_1_103' title="bbox 2458 5106 4038 5190; baseline -0.015 -15"><span class='ocrx_word' id='word_1_724' title='bbox 2458 5122 2739 5190; x_wconf 79' lang='grc' dir='ltr'>ἐνεργείας</span> <span class='ocrx_word' id='word_1_725' title='bbox 2786 5120 2828 5150; x_wconf 73' lang='grc'><strong>⁵⁷</strong></span> <span class='ocrx_word' id='word_1_726' title='bbox 2873 5118 2963 5170; x_wconf 83' lang='grc' dir='ltr'><strong>τὸν</strong></span> <span class='ocrx_word' id='word_1_727' title='bbox 3003 5114 3176 5179; x_wconf 75' lang='grc' dir='ltr'>δεξιὸν</span> <span class='ocrx_word' id='word_1_728' title='bbox 3215 5110 3489 5171; x_wconf 87' lang='grc' dir='ltr'>ἀπολέσας</span> <span class='ocrx_word' id='word_1_729' title='bbox 3520 5106 3826 5176; x_wconf 80' lang='grc' dir='ltr'>ὀφθαλμὸν,</span> <span class='ocrx_word' id='word_1_730' title='bbox 3862 5120 4038 5175; x_wconf 80' lang='grc' dir='ltr'>προσ-</span> 
     </span>
    </p>
   </div>
   <div class='ocr_carea' id='block_1_104' title="bbox 2054 5215 2722 5273">
    <p class='ocr_par' dir='ltr' id='par_1_104' title="bbox 2054 5215 2722 5273">
     <span class='ocr_line' id='line_1_104' title="bbox 2054 5215 2722 5273; baseline -0.007 -3"><span class='ocrx_word' id='word_1_731' title='bbox 2054 5219 2282 5273; x_wconf 66' lang='grc' dir='ltr'><strong>ΥΑΗΙᾸΞ</strong></span> <span class='ocrx_word' id='word_1_732' title='bbox 2318 5215 2722 5271; x_wconf 53' lang='grc' dir='ltr'>ιειπιυΝι-ε.</span> 
     </span>
    </p>
   </div>
   <div class='ocr_carea' id='block_1_105' title="bbox 829 5316 1715 5387">
    <p class='ocr_par' dir='ltr' id='par_1_105' title="bbox 829 5316 1715 5387">
     <span class='ocr_line' id='line_1_105' title="bbox 829 5316 1715 5387; baseline -0.005 -14"><span class='ocrx_word' id='word_1_733' title='bbox 829 5322 873 5351; x_wconf 85' lang='grc'><strong>³⁸</strong></span> <span class='ocrx_word' id='word_1_734' title='bbox 920 5317 1275 5387; x_wconf 74' lang='grc' dir='ltr'>διδασκάλους</span> <span class='ocrx_word' id='word_1_735' title='bbox 1332 5334 1389 5377; x_wconf 76' lang='grc' dir='ltr'>ς.</span> <span class='ocrx_word' id='word_1_736' title='bbox 1497 5318 1541 5347; x_wconf 71' lang='grc'><strong>³⁸</strong></span> <span class='ocrx_word' id='word_1_737' title='bbox 1570 5316 1715 5387; x_wconf 76' lang='grc' dir='ltr'>τότε]</span> 
     </span>
    </p>
   </div>
   <div class='ocr_carea' id='block_1_106' title="bbox 760 5382 1777 5459">
    <p class='ocr_par' dir='ltr' id='par_1_106' title="bbox 760 5382 1777 5459">
     <span class='ocr_line' id='line_1_106' title="bbox 760 5382 1777 5459; baseline -0.003 -15"><span class='ocrx_word' id='word_1_738' title='bbox 760 5394 851 5445; x_wconf 74' lang='grc' dir='ltr'><strong>καὶ</strong></span> <span class='ocrx_word' id='word_1_739' title='bbox 880 5395 911 5459; x_wconf 89' lang='grc' dir='ltr'><strong>ή</strong></span> <span class='ocrx_word' id='word_1_740' title='bbox 940 5409 1000 5455; x_wconf 79' lang='grc' dir='ltr'>ς.</span> <span class='ocrx_word' id='word_1_741' title='bbox 1078 5387 1119 5417; x_wconf 61' lang='grc'>⁵³</span> <span class='ocrx_word' id='word_1_742' title='bbox 1155 5382 1303 5439; x_wconf 78' lang='grc' dir='ltr'>οἷκον</span> <span class='ocrx_word' id='word_1_743' title='bbox 1327 5392 1368 5440; x_wconf 76' lang='grc' dir='ltr'><strong>Α</strong></span> <span class='ocrx_word' id='word_1_744' title='bbox 1394 5406 1406 5440; x_wconf 90' lang='lat'><strong>:</strong></span> <span class='ocrx_word' id='word_1_745' title='bbox 1445 5388 1677 5441; x_wconf 78' lang='grc' dir='ltr'>πλοῦτον</span> <span class='ocrx_word' id='word_1_746' title='bbox 1702 5382 1777 5453; x_wconf 60' lang='grc' dir='ltr'><strong>’ςκ</strong></span> 
     </span>
    </p>
   </div>
   <div class='ocr_carea' id='block_1_107' title="bbox 758 5466 1117 5533">
    <p class='ocr_par' dir='ltr' id='par_1_107' title="bbox 758 5466 1117 5533">
     <span class='ocr_line' id='line_1_107' title="bbox 758 5466 1117 5533; baseline -0.017 -16"><span class='ocrx_word' id='word_1_747' title='bbox 758 5466 1023 5533; x_wconf 71' lang='grc' dir='ltr'>ἐπηρείας</span> <span class='ocrx_word' id='word_1_748' title='bbox 1052 5474 1117 5519; x_wconf 76' lang='grc' dir='ltr'>ς.</span> 
     </span>
    </p>
   </div>
   <div class='ocr_carea' id='block_1_108' title="bbox 1781 5319 2279 5385">
    <p class='ocr_par' dir='ltr' id='par_1_108' title="bbox 1781 5319 2279 5385">
     <span class='ocr_line' id='line_1_108' title="bbox 1781 5319 2279 5385; baseline 0.006 -19"><span class='ocrx_word' id='word_1_749' title='bbox 1781 5328 1998 5385; x_wconf 64' lang='lat' dir='ltr'><strong>praestat</strong></span> <span class='ocrx_word' id='word_1_750' title='bbox 2049 5319 2139 5369; x_wconf 83' lang='grc' dir='ltr'>τόν</span> <span class='ocrx_word' id='word_1_751' title='bbox 2198 5335 2279 5370; x_wconf 89' lang='grc' dir='ltr'>τε.</span> 
     </span>
    </p>
   </div>
   <div class='ocr_carea' id='block_1_109' title="bbox 1856 5388 2271 5441">
    <p class='ocr_par' dir='ltr' id='par_1_109' title="bbox 1856 5388 2271 5441">
     <span class='ocr_line' id='line_1_109' title="bbox 1856 5388 2271 5441; baseline -0.002 -1"><span class='ocrx_word' id='word_1_752' title='bbox 1856 5388 1901 5419; x_wconf 69' lang='grc'>⁸⁵</span> <span class='ocrx_word' id='word_1_753' title='bbox 1930 5388 2022 5441; x_wconf 76' lang='grc' dir='ltr'><strong>καὶ</strong></span> <span class='ocrx_word' id='word_1_754' title='bbox 2073 5404 2182 5441; x_wconf 90' lang='lat' dir='ltr'><strong>om.</strong></span> <span class='ocrx_word' id='word_1_755' title='bbox 2206 5388 2271 5441; x_wconf 86' lang='lat' dir='ltr'><strong>A.</strong></span> 
     </span>
    </p>
   </div>
   <div class='ocr_carea' id='block_1_110' title="bbox 2383 5315 2862 5369">
    <p class='ocr_par' dir='ltr' id='par_1_110' title="bbox 2383 5315 2862 5369">
     <span class='ocr_line' id='line_1_110' title="bbox 2383 5315 2862 5369; baseline -0.019 0"><span class='ocrx_word' id='word_1_756' title='bbox 2383 5318 2428 5348; x_wconf 73' lang='grc' dir='ltr'><strong>⁸ο</strong></span> <span class='ocrx_word' id='word_1_757' title='bbox 2457 5315 2862 5369; x_wconf 76' lang='grc' dir='ltr'>διαπτύσαντας</span> 
     </span>
    </p>
   </div>
   <div class='ocr_carea' id='block_1_111' title="bbox 2370 5374 3449 5447">
    <p class='ocr_par' dir='ltr' id='par_1_111' title="bbox 2370 5374 3449 5447">
     <span class='ocr_line' id='line_1_111' title="bbox 2370 5374 3449 5447; baseline -0.013 -8"><span class='ocrx_word' id='word_1_758' title='bbox 2370 5390 2413 5419; x_wconf 70' lang='grc'><strong>⁵⁸</strong></span> <span class='ocrx_word' id='word_1_759' title='bbox 2446 5386 2611 5439; x_wconf 75' lang='grc' dir='ltr'>αὑτοῦ</span> <span class='ocrx_word' id='word_1_760' title='bbox 2666 5401 2773 5436; x_wconf 87' lang='lat' dir='ltr'><strong>uttt.</strong></span> <span class='ocrx_word' id='word_1_761' title='bbox 2838 5374 2917 5433; x_wconf 51' lang='grc' dir='ltr'><strong>Α(</strong></span> <span class='ocrx_word' id='word_1_762' title='bbox 2977 5376 3021 5406; x_wconf 77' lang='grc'><strong>’⁵⁸</strong></span> <span class='ocrx_word' id='word_1_763' title='bbox 3050 5374 3161 5447; x_wconf 85' lang='grc' dir='ltr'>τις]</span> <span class='ocrx_word' id='word_1_764' title='bbox 3190 5375 3249 5428; x_wconf 91' lang='grc' dir='ltr'><strong>τέ</strong></span> <span class='ocrx_word' id='word_1_765' title='bbox 3276 5393 3359 5439; x_wconf 88' lang='grc' dir='ltr'><strong>τις</strong></span> <span class='ocrx_word' id='word_1_766' title='bbox 3387 5389 3449 5435; x_wconf 77' lang='grc' dir='ltr'>ς.</span> 
     </span>
    </p>
   </div>
   <div class='ocr_carea' id='block_1_112' title="bbox 3253 5294 4037 5370">
    <p class='ocr_par' dir='ltr' id='par_1_112' title="bbox 3253 5294 4037 5370">
     <span class='ocr_line' id='line_1_112' title="bbox 3253 5294 4037 5370; baseline -0.011 -14"><span class='ocrx_word' id='word_1_767' title='bbox 3253 5305 3293 5334; x_wconf 75' lang='grc'><strong>⁸¹</strong></span> <span class='ocrx_word' id='word_1_768' title='bbox 3324 5294 3681 5370; x_wconf 64' lang='grc' dir='ltr'>προκαλεῖται</span> <span class='ocrx_word' id='word_1_769' title='bbox 3750 5300 3843 5370; x_wconf 37' lang='grc' dir='ltr'><strong>Δ.-</strong></span> <span class='ocrx_word' id='word_1_770' title='bbox 3924 5294 3972 5327; x_wconf 74' lang='grc' dir='ltr'>δ’</span> <span class='ocrx_word' id='word_1_771' title='bbox 4004 5299 4037 5369; x_wconf 75' lang='grc' dir='ltr'><strong>ἠ</strong></span> 
     </span>
    </p>
   </div>
   <div class='ocr_carea' id='block_1_113' title="bbox 2906 5294 3972 5377">
    <p class='ocr_par' dir='ltr' id='par_1_113' title="bbox 2906 5294 3972 5377">
     <span class='ocr_line' id='line_1_113' title="bbox 2906 5294 3972 5377; baseline -0.008 -20"><span class='ocrx_word' id='word_1_772' title='bbox 2906 5306 3019 5377; x_wconf 80' lang='grc' dir='ltr'>βίον</span> <span class='ocrx_word' id='word_1_773' title='bbox 3083 5322 3142 5368; x_wconf 81' lang='grc' dir='ltr'><strong>ς,</strong></span> <span class='ocrx_word' id='word_1_774' title='bbox 3253 5294 3681 5377; x_wconf 45' lang='grc' dir='ltr'>⁸¹προκαλιεῖται</span> <span class='ocrx_word' id='word_1_775' title='bbox 3750 5300 3843 5377; x_wconf 49' lang='grc' dir='ltr'><strong>Δ..</strong></span> <span class='ocrx_word' id='word_1_776' title='bbox 3924 5294 3972 5377; x_wconf 77' lang='lat'><strong>&quot;_</strong></span> 
     </span>
    </p>
   </div>
   <div class='ocr_carea' id='block_1_114' title="bbox 3527 5366 4034 5436">
    <p class='ocr_par' dir='ltr' id='par_1_114' title="bbox 3527 5366 4034 5436">
     <span class='ocr_line' id='line_1_114' title="bbox 3527 5366 4034 5436; baseline 0.004 -18"><span class='ocrx_word' id='word_1_777' title='bbox 3527 5366 3570 5397; x_wconf 67' lang='grc'><strong>⁸⁷</strong></span> <span class='ocrx_word' id='word_1_778' title='bbox 3627 5366 3915 5436; x_wconf 77' lang='grc' dir='ltr'>ἐνεργείας</span> <span class='ocrx_word' id='word_1_779' title='bbox 3948 5369 3993 5421; x_wconf 79' lang='grc' dir='ltr'><strong>Δ</strong></span> <span class='ocrx_word' id='word_1_780' title='bbox 4020 5366 4034 5423; x_wconf 73' lang='grc' dir='ltr'><em>ἐ</em></span> 
     </span>
    </p>
   </div>
   <div class='ocr_carea' id='block_1_115' title="bbox 2301 5520 2526 5575">
    <p class='ocr_par' dir='ltr' id='par_1_115' title="bbox 2301 5520 2526 5575">
     <span class='ocr_line' id='line_1_115' title="bbox 2301 5520 2526 5575; baseline 0 -2"><span class='ocrx_word' id='word_1_781' title='bbox 2301 5520 2526 5575; x_wconf 67' lang='lat' dir='ltr'><strong>NOTAE.</strong></span> 
     </span>
    </p>
   </div>
   <div class='ocr_carea' id='block_1_116' title="bbox 835 5620 2353 5697">
    <p class='ocr_par' dir='ltr' id='par_1_116' title="bbox 835 5620 2353 5697">
     <span class='ocr_line' id='line_1_116' title="bbox 835 5620 2353 5697; baseline -0.009 -18"><span class='ocrx_word' id='word_1_782' title='bbox 835 5629 970 5697; x_wconf 78' lang='lat'><strong>(&#39;78)</strong></span> <span class='ocrx_word' id='word_1_783' title='bbox 996 5629 1069 5681; x_wconf 89' lang='lat' dir='ltr'><strong>De</strong></span> <span class='ocrx_word' id='word_1_784' title='bbox 1100 5626 1310 5679; x_wconf 80' lang='lat' dir='ltr'><strong>Basiliis</strong></span> <span class='ocrx_word' id='word_1_785' title='bbox 1337 5624 1393 5676; x_wconf 80' lang='grc' dir='ltr'><strong>Β.</strong></span> <span class='ocrx_word' id='word_1_786' title='bbox 1423 5624 1693 5697; x_wconf 57' lang='lat' dir='ltr'><strong>Clnjjsos.</strong></span> <span class='ocrx_word' id='word_1_787' title='bbox 1733 5622 1921 5697; x_wconf 75' lang='lat' dir='ltr'><strong>amicis</strong></span> <span class='ocrx_word' id='word_1_788' title='bbox 1960 5620 2255 5697; x_wconf 41' lang='grc' dir='ltr'>τέρψω-ιε</span> <span class='ocrx_word' id='word_1_789' title='bbox 2290 5620 2353 5668; x_wconf 81' lang='grc' dir='ltr'>;ιιΙ</span> 
     </span>
    </p>
   </div>
   <div class='ocr_carea' id='block_1_117' title="bbox 759 5686 2353 5753">
    <p class='ocr_par' dir='ltr' id='par_1_117' title="bbox 759 5686 2353 5753">
     <span class='ocr_line' id='line_1_117' title="bbox 759 5686 2353 5753; baseline -0.008 -2"><span class='ocrx_word' id='word_1_790' title='bbox 759 5686 965 5753; x_wconf 63' lang='lat' dir='ltr'><strong>naiott.’</strong></span> <span class='ocrx_word' id='word_1_791' title='bbox 981 5698 1129 5751; x_wconf 78' lang='lat' dir='ltr'><strong>card.</strong></span> <span class='ocrx_word' id='word_1_792' title='bbox 1149 5697 1341 5750; x_wconf 80' lang='lat' dir='ltr'><strong>Annal.</strong></span> <span class='ocrx_word' id='word_1_793' title='bbox 1373 5708 1500 5747; x_wconf 88' lang='lat' dir='ltr'><strong>tom.</strong></span> <span class='ocrx_word' id='word_1_794' title='bbox 1524 5686 1611 5753; x_wconf 85' lang='lat' dir='ltr'><strong>t&#39;v,</strong></span> <span class='ocrx_word' id='word_1_795' title='bbox 1633 5695 1697 5743; x_wconf 84' lang='lat' dir='ltr'><strong>ad</strong></span> <span class='ocrx_word' id='word_1_796' title='bbox 1714 5711 1800 5741; x_wconf 63' lang='lat' dir='ltr'><strong>an.</strong></span> <span class='ocrx_word' id='word_1_797' title='bbox 1828 5691 1956 5742; x_wconf 81' lang='lat' dir='ltr'><strong>Chr.</strong></span> <span class='ocrx_word' id='word_1_798' title='bbox 1981 5688 2085 5740; x_wconf 71' lang='lat' dir='ltr'><strong>37a</strong></span> <span class='ocrx_word' id='word_1_799' title='bbox 2117 5699 2168 5739; x_wconf 88' lang='lat' dir='ltr'><strong>et</strong></span> <span class='ocrx_word' id='word_1_800' title='bbox 2189 5686 2353 5739; x_wconf 79' lang='lat' dir='ltr'><strong>Notas</strong></span> 
     </span>
    </p>
   </div>
   <div class='ocr_carea' id='block_1_118' title="bbox 761 5759 2345 5835">
    <p class='ocr_par' dir='ltr' id='par_1_118' title="bbox 761 5759 2345 5835">
     <span class='ocr_line' id='line_1_118' title="bbox 761 5759 2345 5835; baseline -0.009 -13"><span class='ocrx_word' id='word_1_801' title='bbox 761 5770 953 5825; x_wconf 84' lang='lat' dir='ltr'><strong>Claud.</strong></span> <span class='ocrx_word' id='word_1_802' title='bbox 973 5768 1257 5835; x_wconf 81' lang='lat' dir='ltr'><strong>Dausqueii</strong></span> <span class='ocrx_word' id='word_1_803' title='bbox 1281 5767 1447 5818; x_wconf 70' lang='lat' dir='ltr'><strong>ltOsll&#39;i</strong></span> <span class='ocrx_word' id='word_1_804' title='bbox 1476 5767 1527 5817; x_wconf 86' lang='lat' dir='ltr'><strong>in</strong></span> <span class='ocrx_word' id='word_1_805' title='bbox 1551 5764 1736 5816; x_wconf 85' lang='lat' dir='ltr'><strong>h0tttil.</strong></span> <span class='ocrx_word' id='word_1_806' title='bbox 1842 5759 2345 5835; x_wconf 68' lang='lat' dir='ltr'><strong>Basil_.$e|etuietts.</strong></span> 
     </span>
    </p>
   </div>
   <div class='ocr_carea' id='block_1_119' title="bbox 762 5830 2344 5899">
    <p class='ocr_par' dir='ltr' id='par_1_119' title="bbox 762 5830 2344 5899">
     <span class='ocr_line' id='line_1_119' title="bbox 762 5830 2344 5899; baseline -0.008 -7"><span class='ocrx_word' id='word_1_807' title='bbox 762 5839 836 5892; x_wconf 81' lang='lat' dir='ltr'><strong>De</strong></span> <span class='ocrx_word' id='word_1_808' title='bbox 858 5840 1059 5893; x_wconf 80' lang='lat' dir='ltr'><strong>Basilio</strong></span> <span class='ocrx_word' id='word_1_809' title='bbox 1086 5830 1264 5891; x_wconf 83' lang='lat' dir='ltr'><strong>autem</strong></span> <span class='ocrx_word' id='word_1_810' title='bbox 1287 5837 1548 5889; x_wconf 57' lang='lat' dir='ltr'><strong>Cmsarem</strong></span> <span class='ocrx_word' id='word_1_811' title='bbox 1576 5834 1951 5899; x_wconf 77' lang='lat' dir='ltr'><strong>Cappadocum</strong></span> <span class='ocrx_word' id='word_1_812' title='bbox 1984 5832 2068 5881; x_wconf 88' lang='lat' dir='ltr'><strong>hic</strong></span> <span class='ocrx_word' id='word_1_813' title='bbox 2110 5830 2344 5880; x_wconf 90' lang='lat' dir='ltr'><strong>locutum</strong></span> 
     </span>
    </p>
   </div>
   <div class='ocr_carea' id='block_1_120' title="bbox 765 5899 2337 5980">
    <p class='ocr_par' dir='ltr' id='par_1_120' title="bbox 765 5899 2337 5980">
     <span class='ocr_line' id='line_1_120' title="bbox 765 5899 2337 5980; baseline -0.011 -14"><span class='ocrx_word' id='word_1_814' title='bbox 765 5909 1051 5980; x_wconf 78' lang='lat' dir='ltr'><strong>Georgium</strong></span> <span class='ocrx_word' id='word_1_815' title='bbox 1074 5950 1088 5975; x_wconf 91' lang='lat'><strong>,</strong></span> <span class='ocrx_word' id='word_1_816' title='bbox 1107 5926 1170 5965; x_wconf 72' lang='lat' dir='ltr'><strong>ex</strong></span> <span class='ocrx_word' id='word_1_817' title='bbox 1200 5909 1368 5978; x_wconf 82' lang='lat' dir='ltr'><strong>ipsius</strong></span> <span class='ocrx_word' id='word_1_818' title='bbox 1394 5923 1559 5976; x_wconf 84' lang='lat' dir='ltr'><strong>opere</strong></span> <span class='ocrx_word' id='word_1_819' title='bbox 1588 5915 1795 5975; x_wconf 75' lang='lat' dir='ltr'><strong>mtcgro</strong></span> <span class='ocrx_word' id='word_1_820' title='bbox 1814 5899 2337 5957; x_wconf 70' lang='lat' dir='ltr'><strong>manifestissimum.</strong></span> 
     </span>
    </p>
   </div>
   <div class='ocr_carea' id='block_1_121' title="bbox 2460 5614 3219 5669">
    <p class='ocr_par' dir='ltr' id='par_1_121' title="bbox 2460 5614 3219 5669">
     <span class='ocr_line' id='line_1_121' title="bbox 2460 5614 3219 5669; baseline -0.008 0"><span class='ocrx_word' id='word_1_821' title='bbox 2460 5618 2592 5669; x_wconf 73' lang='lat' dir='ltr'><strong>V&#39;itle</strong></span> <span class='ocrx_word' id='word_1_822' title='bbox 2620 5619 2782 5669; x_wconf 80' lang='lat' dir='ltr'><strong>etiam</strong></span> <span class='ocrx_word' id='word_1_823' title='bbox 2819 5614 2915 5669; x_wconf 75' lang='lat' dir='ltr'><strong>inf.</strong></span> <span class='ocrx_word' id='word_1_824' title='bbox 2942 5616 3063 5669; x_wconf 68' lang='lat' dir='ltr'><strong>rod.</strong></span> <span class='ocrx_word' id='word_1_825' title='bbox 3100 5614 3219 5667; x_wconf 78' lang='grc'><strong>168.</strong></span> 
     </span>
    </p>
   </div>
   <div class='ocr_carea' id='block_1_122' title="bbox 2524 5670 4036 5754">
    <p class='ocr_par' dir='ltr' id='par_1_122' title="bbox 2524 5670 4036 5754">
     <span class='ocr_line' id='line_1_122' title="bbox 2524 5670 4036 5754; baseline -0.011 -15"><span class='ocrx_word' id='word_1_826' title='bbox 2524 5688 2612 5751; x_wconf 84' lang='grc'><strong>(79</strong></span> <span class='ocrx_word' id='word_1_827' title='bbox 2638 5688 2654 5753; x_wconf 89' lang='grc'>)</span> <span class='ocrx_word' id='word_1_828' title='bbox 2682 5688 2859 5747; x_wconf 63' lang='lat' dir='ltr'><strong>(iane,</strong></span> <span class='ocrx_word' id='word_1_829' title='bbox 2893 5688 3004 5738; x_wconf 82' lang='lat' dir='ltr'><strong>sive</strong></span> <span class='ocrx_word' id='word_1_830' title='bbox 3027 5685 3274 5751; x_wconf 77' lang='lat' dir='ltr'><strong>Mujumae</strong></span> <span class='ocrx_word' id='word_1_831' title='bbox 3300 5682 3541 5750; x_wconf 79' lang='lat' dir='ltr'><strong>episcon.</strong></span> <span class='ocrx_word' id='word_1_832' title='bbox 3570 5675 3955 5754; x_wconf 62' lang='lat' dir='ltr'><strong>Niceph._cap.</strong></span> 
     </span>
    </p>
   </div>
   <div class='ocr_carea' id='block_1_123' title="bbox 2524 5741 4037 5826">
    <p class='ocr_par' dir='ltr' id='par_1_123' title="bbox 2524 5741 4037 5826">
     <span class='ocr_line' id='line_1_123' title="bbox 2524 5741 4037 5826; baseline -0.009 -17"><span class='ocrx_word' id='word_1_833' title='bbox 2524 5741 2661 5826; x_wconf 49' lang='lat'><strong>(80&#39;)</strong></span> <span class='ocrx_word' id='word_1_834' title='bbox 2691 5741 2917 5808; x_wconf 57' lang='lat' dir='ltr'><strong>Eosdem</strong></span> <span class='ocrx_word' id='word_1_835' title='bbox 2948 5741 3146 5807; x_wconf 78' lang='lat' dir='ltr'><strong>iterum</strong></span> <span class='ocrx_word' id='word_1_836' title='bbox 3176 5741 3472 5809; x_wconf 58' lang='lat' dir='ltr'><strong>visos&#39;esse</strong></span> <span class='ocrx_word' id='word_1_837' title='bbox 3492 5741 3780 5810; x_wconf 75' lang='lat' dir='ltr'><strong>morienti,</strong></span> <span class='ocrx_word' id='word_1_838' title='bbox 3804 5741 4037 5812; x_wconf 79' lang='lat' dir='ltr'><strong>Niceplt.</strong></span> 
     </span>
    </p>
   </div>
   <div class='ocr_carea' id='block_1_124' title="bbox 2445 5826 3203 5897">
    <p class='ocr_par' dir='ltr' id='par_1_124' title="bbox 2445 5826 3203 5897">
     <span class='ocr_line' id='line_1_124' title="bbox 2445 5826 3203 5897; baseline -0.005 -17"><span class='ocrx_word' id='word_1_839' title='bbox 2445 5828 2537 5883; x_wconf 87' lang='lat' dir='ltr'><strong>ltb.</strong></span> <span class='ocrx_word' id='word_1_840' title='bbox 2574 5846 2700 5893; x_wconf 72' lang='lat' dir='ltr'><strong>xm,</strong></span> <span class='ocrx_word' id='word_1_841' title='bbox 2734 5842 2851 5897; x_wconf 84' lang='lat' dir='ltr'><strong>cap.</strong></span> <span class='ocrx_word' id='word_1_842' title='bbox 2874 5827 2974 5889; x_wconf 83' lang='grc'><strong>57,</strong></span> <span class='ocrx_word' id='word_1_843' title='bbox 3004 5826 3203 5880; x_wconf 82' lang='lat' dir='ltr'><strong>retulit.</strong></span> 
     </span>
    </p>
   </div>
  </div>
