4224 6442
754 388 857 449 347

748 592 1004 645 coiitinuo
1024 604 1225 642 morem
1252 588 1488 649 sustulit,
1512 604 1619 656 quo
1644 589 1953 643 ctelibatum
1982 588 2229 655 professi,
2254 590 2336 642 di-

750 683 889 735 versi
924 680 1240 748 sexus(87)
1276 681 1690 735 contubernales
1733 682 1868 750 apud
1908 696 1965 735 se
2000 681 2232 735 alebant.
2276 682 2336 733 ln

750 776 977 841 injustos
1002 774 1125 826 item
1150 814 1165 837 ,
1196 774 1479 838 vcnlriqttc
1505 772 1811 829 ac.libidini
1844 774 2055 826 deditos
2106 812 2121 835 ,
2162 773 2338 841 longis

751 871 994 920 invectus
1040 875 1122 919 est
1150 866 1513 919 orationibus.
1549 867 1675 917 Erat
1709 865 1893 919 adhzec
1933 880 2225 932 pauperum
2261 865 2333 918 ita

747 960 1019 1015 stridimus
1038 998 1053 1020 ,
1074 968 1129 1012 ut
1156 959 1279 1011 hinc
1308 974 1332 1008 a
1354 957 1618 1025 plerisque
1644 957 2107 1026 Eleemosynarius
2131 972 2335 1027 cogno-

751 1053 987 1104 minatus
1027 1050 1120 1104 sit.
1150 1050 1271 1104 Uno
1298 1050 1473 1101 dicam
1508 1049 1705 1112 verbo,
1736 1058 1787 1101 et
1826 1050 2075 1103 virtutem
2117 1064 2331 1103 omnem

748 1143 1011 1205 docebat,
1040 1150 1089 1194 et
1114 1142 1182 1193 ab
1208 1141 1354 1193 omni
1386 1142 1517 1193 vitio
1546 1140 1876 1193 deterrebat.
1903 1138 2045 1193 Misit
2071 1150 2251 1193 autem
2286 1150 2339 1194 et

750 1238 801 1286 in
844 1234 1178 1288 thniciam
1210 1234 1523 1296 monachos,
1560 1233 1650 1301 qui
1691 1232 2010 1286 idololatrize
2035 1232 2141 1286 illic
2177 1232 2337 1286 etiam

749 1341 880 1375 num
910 1324 1117 1375 deditos
1146 1323 1211 1373 ab
1242 1336 1427 1374 errore
1460 1322 1511 1373 in
1541 1326 1680 1374 viam
1720 1322 2000 1375 reduceret
2029 1337 2043 1375 :
2073 1322 2215 1391 80b
2247 1335 2340 1388 per

746 1432 883 1481 quos
916 1417 1043 1468 item
1072 1414 1415 1483 imperatoris
1444 1413 1649 1479 legibus
1679 1424 1947 1473 armatos,
1981 1412 2245 1466 idolorum
2266 1411 2341 1464 fa-

748 1524 816 1558 na
852 1506 1137 1566 subvertit,
1168 1505 1538 1557 subversionis
1565 1504 1873 1571 sumptibus
1901 1506 2002 1571 piis
2029 1504 2235 1574 aliquot
2259 1504 2339 1557 fe-

751 1597 913 1648 minis
946 1595 1430 1663 suppeditantibus.
1450 1594 1705 1647 Celticam
1730 1596 1841 1663 (88)
1859 1596 2040 1649 adhaac
2062 1593 2337 1665 [militum]

752 1689 961 1739 turbam
990 1688 1301 1739 Arianismo
1322 1685 1574 1739 infectam
1595 1727 1608 1748 ,
1631 1688 1898 1740 ordinatis
1913 1690 2001 1754 qui
2022 1687 2136 1753 ejus
2163 1689 2339 1755 gentis

754 1782 987 1847 linguam
1017 1778 1276 1830 callerent
1310 1778 1681 1830 sacerdotibus
1706 1816 1721 1839 ,
1753 1778 2185 1830 orthodoxorum
2210 1794 2336 1846 gre-

1926 387 2188 448 PlIOTlI
2232 388 2732 450 PATRIARCIl/E
2771 394 2877 451 ΠΡ.

824 500 1049 568 Magnus
1082 498 1259 565 itaque
1283 497 1391 565 jam
1415 497 1693 552 ordinatus
1731 497 2149 567 Chrysostomus
2180 500 2328 551 illum
2361 510 2411 557 Α

3901 397 4008 460 348

2514 502 2635 553 Ὀτι
2680 505 2708 554 ό
2747 504 2917 571 μέγας
2943 504 3324 573 Χρυσόστομος
3358 505 3670 573 παραυτίκα
3700 507 3825 569 τοὺς
3856 508 4008 577 ἔχον-

2441 609 2539 653 τας
2570 595 2954 657 συνεισάκτους
2983 594 3078 647 τοῦ
3121 595 3275 657 ἔθους
3306 596 3551 665 ἐξέκοψε,
3593 600 3687 651 καὶ
3725 600 3863 651 κατὰ
3897 602 4010 653 τῶν

2441 686 2643 738 ἀδίκων
2684 690 2777 739 val.
2834 690 3264 757 γαστριμάργων
3312 689 3406 741 καὶ
3462 690 3758 759 φιληδόνων
3815 690 4009 757 λόγους

2444 778 2687 843 μακροὺς
2721 780 3050 831 κατέτεινεν.
3076 775 3185 831 Ἦν
3216 780 3272 831 δὲ
3302 782 3397 831 καὶ
3421 780 3668 847 ἐλεήμων
3692 780 3915 849 σφόδρα,
3948 780 4009 845 ἐξ

2439 858 2500 914 οὗ
2557 865 2709 932 παρὰ
2784 865 2997 927 πολλοῖς
3052 869 3080 918 ό
3140 867 3240 933 τῆς
3302 867 3669 935 ἐλεημοσύνης
3732 868 4008 938 ἐπεκλήθη

2455 954 2729 1021 Ἰωάννης.
2764 956 2873 1008 Kal
2912 956 3098 1018 ἀπλῶς
3145 958 3325 1009 πᾶσαν
3376 958 3472 1024 μὲν
3503 958 3702 1025 ἀρετὴν
3741 958 4009 1021 ἐδίδασκε,

2442 1049 2623 1116 πάσης
2658 1048 2714 1100 δὲ
2753 1051 2948 1111 κακίας
2980 1050 3309 1117 ἀπέτρεπεν.
3357 1050 3663 1101 Ἀπέστειλε
3703 1049 3761 1100 δὲ
3799 1050 3893 1101 καὶ
3929 1052 4011 1111 εἰς

2440 1140 2693 1208 Φοινίκην
2724 1142 2992 1209 μοναχοὺς⁹
3026 1142 3109 1207 ἐφ’
3218 1142 3344 1201 τοὺς
3374 1140 3453 1192 ἔτι
3495 1143 3561 1209 τῇ
3598 1140 4014 1210 εἰδωλολατρετᾳ.

2442 1230 2841 1299 κατεχομένους
2884 1231 3189 1295 ἀπαλλάξαι
3232 1234 3331 1300 τῆς
3365 1232 3610 1300 πλάνης·
3648 1230 3740 1292 οὓς
3780 1232 3877 1283 καὶ
3923 1236 4012 1282 νό-

2445 1337 2565 1387 μοις
2607 1321 2835 1383 ὁπλίσας
2888 1320 3184 1389 βασιλικοῖς
3237 1321 3362 1381 τοὺς
3410 1323 3571 1381 ναοὺς
3620 1320 3729 1370 τῶν
3782 1320 4015 1371 εἰδώλων

2443 1413 2803 1479 κατέστρεφε,
2839 1414 2947 1465 τῶν
2982 1412 3357 1479 ἀναλωμάτων
3393 1411 3500 1463 τῶν
3529 1411 3619 1462 ἐπὶ
3658 1414 4014 1478 καταστροφῇ

2443 1505 2506 1553 ἐκ
2531 1503 2638 1554 τῶν
2680 1505 2926 1555 εὐλαὸῶν
2969 1504 3243 1568 γυναικῶν
3304 1502 3713 1570 παρεχομένων.
3768 1503 3879 1553 Kal.
3920 1501 4015 1551 τὸν

2443 1596 2708 1648 Κελτικὸν
2738 1595 2791 1646 δὲ
2838 1596 3023 1662 ὅμιλον
3056 1595 3451 1666 ἁρειανίζοντα,
3493 1590 3874 1662 ὁμογλώσσους
3902 1608 4017 1659 χει-

2448 1690 2758 1756 ροτονήσας,
2812 1686 3174 1755 μετέστρεψεν
3210 1686 3254 1717 ⁵⁸
3284 1686 3363 1747 είς
3404 1686 3502 1754 τὴν
3544 1683 3873 1754 όρθοδοξίαν.
3905 1683 4017 1733 Kal.

2444 1777 2536 1829 ἐπὶ
2576 1777 2669 1828 τὸν
2717 1778 2929 1845 Ἴστρον
2960 1776 3182 1846 πέμψας
3230 1778 3357 1837 τοὺς
3389 1776 3625 1844 νομάδας
3657 1776 3871 1837 Σκύθας
3924 1775 4017 1824 ἐπὶ

751 1871 858 1922 ιιιίο
877 1868 1131 1921 restituit.
1159 1869 1235 1919 Ad
1270 1868 1460 1921 lstrmn
1482 1868 1703 1935 insuper
1733 1869 1917 1932 misit,
1952 1870 2041 1938 qui
2072 1868 2339 1923 Noniadas

2382 1847 2412 1899 Β
2441 1868 2532 1919 τὸν
2564 1867 2685 1938 [141
2725 1866 2815 1939 Η.]
2844 1868 3275 1939 Χριστιανισμδν
3308 1868 3531 1927 ἑκόντας
3560 1866 3867 1918 είλκύσατο.
3907 1866 4018 1917 Kal

750 1962 820 2014 ibi
859 1959 1088 2030 Scythas
1119 1962 1183 2012 ad
1224 1960 1549 2014 Christiana:
1594 1962 1713 2014 fidei
1766 1962 2048 2014 veritatem
2093 1962 2341 2013 volentes

749 2052 1109 2103 adduxerunt.
1154 2051 1441 2104 Marcionis
1483 2061 1741 2118 praeterea
1799 2053 2046 2106 haeresim
2086 2052 2205 2122 (89)
2237 2092 2251 2110 .
2288 2052 2339 2104 in

750 2141 971 2195 Oriente
996 2150 1105 2191 tttm
1132 2139 1541 2206 repullulantem
1560 2179 1575 2201 ,
1606 2138 1847 2191 funditus
1871 2140 2208 2208 exstirpavit.
2235 2136 2344 2189 No-

750 2245 971 2287 cturnos
995 2232 1320 2299 psalmorum
1357 2232 1587 2300 hymnos
1611 2233 1783 2284 auxit.
1805 2231 1961 2285 Solus
1993 2246 2125 2285 vero
2163 2232 2342 2285 cibum

750 2342 945 2395 capere
970 2325 1208 2388 solebat,
1248 2322 1355 2393 (90
1393 2326 1408 2391 )
1453 2335 1562 2376 tum
1619 2327 1758 2390 quod
1791 2326 1915 2377 vino
1931 2326 2000 2378 ob
2029 2324 2223 2391 capitis
2252 2338 2345 2377 ca—

753 2418 922 2471 lorem
946 2432 1167 2483 prorsus
1198 2415 1497 2468 abstineret
1523 2416 1646 2482 (nisi
1676 2415 1727 2467 id
1762 2416 1900 2468 forte
1918 2426 2104 2468 aestate
2138 2423 2344 2467 tantum

752 2526 872 2562 cum
890 2524 1165 2562 rosaceum
1187 2506 1299 2578 [9|]
1320 2509 1572 2575 biberet),
1596 2520 1704 2560 tum
1724 2510 1883 2562 etiam
1908 2510 2049 2577 quod
2075 2524 2217 2577 aegro
2238 2519 2348 2561 sto-

752 2604 945 2654 macho
969 2612 1129 2663 esset,
1160 2611 1215 2652 ut
1248 2616 1309 2653 ea
1336 2598 1448 2651 fere
1481 2615 1599 2667 qua:
1632 2602 1732 2665 ipsi
1766 2602 2200 2669 apponebanlur,
2233 2615 2336 2651 non

752 2692 974 2755 ederet,
1009 2693 1099 2743 sed
1138 2692 1243 2743 alia
1278 2706 1373 2759 pro
1406 2690 1489 2743 his
1529 2701 1801 2759 appeteret
1837 2708 1849 2743 :
1884 2693 2041 2743 tertio
2095 2692 2347 2758 deniquev

752 2784 894 2850 quod
928 2783 1245 2850 frequenter
1278 2783 1509 2851 negotiis
1540 2798 1761 2846 vacans,
1809 2784 2009 2852 absque
2039 2785 2159 2837 cibo
2207 2786 2349 2836 diem

2440 1960 2538 2028 τὴν
2557 1962 2881 2029 Μαρκίωνος
2898 1961 3108 2030 αἵρεσιν
3134 1961 3271 2013 κατὰ
3296 1962 3393 2027 τὴν
3417 1960 3709 2028 ’Λνατολὴν
3737 1962 4017 2025 φυομένην

2444 2050 2686 2117 ἐξένεμε,
2729 2051 2836 2100 Kal.
2868 2050 2967 2111 τὰς
2991 2050 3311 2119 νυκτερινὰς
3350 2048 3666 2117 ψαλμῳδίας
3715 2044 4015 2116 ἐπηύξησε.

2445 2144 2620 2203 Μόνος
2650 2142 2705 2192 δέ
2740 2141 2948 2210 ἢσθιεν,
2984 2142 3065 2193 ὅτι
3108 2159 3166 2192 τε
3210 2139 3353 2193 οἶνον
3381 2140 3469 2193 διὰ
3502 2140 3600 2208 τὴν
3647 2140 3744 2207 τῆς
3774 2138 4020 2203 κεφαλῆς

2447 2232 2656 2301 Θέρμην
2684 2233 2781 2283 οὐκ
2810 2232 3009 2295 ἔπινεν,
3037 2235 3083 2284 εί
3128 2233 3200 2301 μή
3242 2249 3345 2283 που
3378 2234 3435 2283 ἐν
3462 2231 3538 2299 τῷ
3574 2230 3719 2299 Θέρει
3747 2229 3837 2281 τὸν
3858 2228 3905 2258 ⁸⁸
3932 2228 4021 2280 διὰ

2452 2326 2602 2397 ῥόδου
2626 2326 2693 2386 ⁸⁸,
2721 2327 2813 2377 καί
2836 2326 2915 2377 ὅτι
2949 2326 3236 2387 κακόσιτος
3256 2324 3331 2376 ὢν
3360 2325 3459 2377 οὐκ
3482 2323 3681 2393 ἐχρῆτο
3702 2325 3815 2383 τοῖς
3845 2338 4021 2388 παρα-

2449 2420 2724 2486 κειμένοις
2785 2418 2933 2485 αὐτῷ
2986 2418 3278 2476 πολλάκις,
3338 2415 3450 2467 ἀλλ’
3484 2414 3599 2468 ἀντ’
3648 2413 3827 2466 αὐτῶν
3885 2412 4021 2465 ἄλλα

2450 2510 2728 2576 ἐπεζήτει,
2770 2510 2864 2561 καὶ
2904 2509 3083 2575 τρίτον
3107 2510 3186 2560 ὃτι
3225 2508 3484 2569 πολλάκις
3529 2508 3805 2576 σχολάζων
3836 2508 4023 2570 άσιτος

2450 2603 2515 2654 δι’
2555 2604 2769 2671 ἡμέρας
2823 2603 3034 2671 ἔμενεν.
3070 2603 3273 2654 Ἐδόκει
3319 2602 3373 2653 δὲ
3428 2601 3505 2668 τῷ
3559 2602 3746 2669 κλήρῳ
3790 2601 4024 2668 μάλιστα

2454 2695 2687 2763 σκληρὸς
2733 2690 2872 2745 εἶναι
2916 2695 3009 2746 καὶ
3037 2694 3261 2761 τραχύς.
3297 2694 3406 2746 Καὶ
3436 2693 3719 2759 Σεραπίων
3746 2692 3803 2744 δὲ
3846 2692 3875 2743 ὁ
3906 2692 4025 2743 διά-

2454 2804 2606 2845 κονος
2654 2785 2820 2837 αὑτοῦ
2877 2785 3073 2837 πολλοῦ
3127 2785 3316 2852 μίσους
3366 2784 3515 2852 αὑτῷ
3566 2784 3791 2848 γέγονεν
3830 2782 4026 2843 αἴτιος.

753 2873 1097 2941 transigeret.
1130 2873 1285 2926 Clero
1333 2884 1511 2926 autem
1567 2873 1769 2942 rigidus
1806 2876 1965 2929 nituis
1996 2886 2155 2942 atque
2195 2883 2344 2943 aspel

2457 2877 2693 2937 Πολλοὺς
2723 2876 2777 2928 δὲ
2814 2879 2906 2928 καὶ
2935 2878 2961 2927 ὁ
2989 2877 3028 2906 ⁸³
3060 2876 3314 2939 Ἰωάννης
3337 2875 3528 2933 ἄλλους
3559 2874 3624 2925 δι’
3656 2873 3821 2932 ἄλλας
3847 2872 4030 2932 αἰτίας

752 2966 1054 3019 videbatur.
1091 2967 1153 3019 Et
1181 2966 1443 3032 Serapion
1479 2966 1615 3034 (92)
1642 2965 1757 3032 ejus
1797 2966 2057 3020 diaconus
2082 2969 2344 3036 ingentem

2457 2969 2553 3036 τῆς
2578 2967 2911 3035 Ἐκκλησίας
2952 2966 3197 3030 ἐξέϐαλε.
3227 2964 3563 3035 Προσκρούει
3592 2964 3646 3014 δὲ
3678 2963 3963 3031 Σεραπίων
3985 2961 4030 2990 ⁸³

754 3059 827 3110 illi
845 3058 1095 3109 invidiam
1113 3057 1502 3109 conﬂavitﬁtsi
1521 3059 1713 3113 multos
1731 3060 1892 3111 etiam
1913 3059 2044 3112 alias
2059 3060 2127 3112 ob
2149 3075 2342 3113 causas

751 3159 988 3213 Joannes
1007 3150 1073 3202 ab
1093 3150 1329 3203 Ecclesia
1358 3152 1633 3219 relegavit.
1659 3150 2003 3204 Conflictatus
2036 3151 2226 3204 deinde
2246 3151 2339 3205 Se-

754 3243 939 3310 rapion
964 3245 1122 3294 etiam
1150 3258 1269 3295 cum
1310 3241 1601 3295 Severiano
1620 3244 1943 3297 Gabalorum
1963 3247 2234 3309 episcopo,
2268 3246 2348 3295 in-

752 3349 884 3400 gens
899 3334 1055 3399 hujus
1069 3334 1322 3387 excitavit
1348 3334 1398 3384 in
1416 3332 1672 3387 Joannem
1696 3335 1899 3396 odium,
1919 3336 2058 3401 quod
2080 3338 2143 3387 ad
2171 3345 2349 3388 extre'

755 3441 899 3477 mum
920 3442 1088 3492 usque
1102 3426 1349 3493 spiritum
1368 3426 1906 3479 rctinuit.Amahatur
1925 3437 2100 3479 tamen
2117 3426 2353 3480 Joannes

754 3515 1008 3582 singulari
1047 3516 1265 3569 Studioa
1291 3515 1483 3582 popqu
1513 3558 1528 3581 ,
1552 3518 1618 3569 ob
1638 3518 1855 3567 crebras
1913 3518 1963 3567 in
1996 3518 2194 3585 templo
2225 3532 2352 3571 con-

752 3603 934 3657 tiones
962 3621 973 3655 :
1011 3614 1065 3654 ut
1097 3604 1208 3670 ipse
1250 3603 1489 3656 vicissim
1525 3604 1695 3655 sancti
1727 3602 1874 3654 Pauli
1921 3606 2177 3671 epistolas
2203 3606 2353 3657 valde

753 3697 1075 3759 ailamabat,
1109 3710 1243 3763 quas
1267 3706 1319 3747 et
1343 3696 1672 3764 explanavit;
1710 3696 1962 3760 visusque
1992 3708 2071 3749 est
2099 3712 2125 3748 a
2159 3696 2352 3749 Proclo

758 3784 911 3853 (95)
944 3785 1113 3839 tribus
1174 3788 1429 3839 continuo
1485 3788 1731 3840 noctibus
1804 3784 2001 3841 Paulus
2051 3788 2346 3855 apostolus,

761 3892 977 3928 suarum
1023 3878 1096 3929 illi
1127 3894 1419 3946 suggerens
1445 3879 1792 3943 epistolarum
1828 3881 2345 3947 interpretationem.

818 3964 1051 4020 Oﬂ‘endit
1096 3969 1313 4035 insuper
1332 3970 1626 4036 Augustam
1648 3969 1883 4023 Joannes
1911 3983 2131 4039 prOpter
2160 3972 2344 4025 Theu-

752 4060 1487 4127 dcrichtnn(94)patricium.
1524 4060 1604 4111 Ab
1638 4062 1817 4127 iniqua
1862 4065 2003 4114 enim
2040 4063 2343 4123 exactione,

754 4162 915 4212 quam
935 4148 1171 4216 Augusta
1206 4150 1477 4214 exigebat,
1502 4167 1620 4201 cum
1650 4167 1790 4219 aegre
1819 4150 2333 4206 hominemliberas-

752 4246 871 4301 Set,
914 4238 1106 4306 illeque
1156 4251 1272 4305 post
1335 4240 1648 4293 facultatum
1681 4243 1968 4295 maximam
1998 4256 2230 4311 partem,
2289 4255 2345 4297 ut

756 4328 1047 4394 gratuitum
1082 4329 1188 4382 Deo
1220 4337 1443 4395 donum,
1498 4332 1755 4385 Ecclesia:
1816 4336 2137 4401 pauperibus
2190 4338 2344 4389 attri-

763 4418 987 4483 buisset,
1040 4420 1093 4472 in
1122 4421 1255 4473 iram
1281 4422 1407 4476 hinc
1440 4422 1678 4476 Eudoxia
1717 4425 2083 4491 invidiamque
2120 4428 2338 4479 incensa

2459 3063 2551 3112 καὶ
2600 3060 2917 3127 Σεϐηριανῷ
2965 3059 3042 3127 τῷ
3075 3060 3353 3119 Γαῦάλων,
3394 3058 3488 3110 καὶ
3528 3058 3769 3108 τίκτεται
3814 3054 4031 3122 μεγάλη

2382 3200 2424 3255 C
2460 3149 2621 3200 αὐτοῦ
2647 3148 2784 3217 πρὸς
2805 3148 2899 3199 τὸν
2932 3149 3187 3215 Ἰωάννην
3215 3147 3404 3215 ἔχθρα,
3436 3146 3501 3215 ἢν
3533 3146 3626 3197 καὶ
3658 3145 3818 3213 μέχρι
3844 3144 4033 3205 τέλους

2460 3240 2766 3307 συνετήρει.
2811 3238 2869 3290 Ὀ
2898 3239 2953 3289 δὲ
2988 3238 3113 3299 λαὸς
3160 3237 3250 3288 διά
3274 3239 3398 3296 τοὺς
3427 3240 3484 3288 ἐν
3528 3239 3591 3303 τῇ
3642 3235 3909 3302 ἐκκλησίᾳ
3940 3233 4030 3284 λό-

2457 3348 2586 3400 γους
2617 3330 2822 3399 σφόδρα
2867 3330 3059 3397 ἠγάπα
3088 3330 3178 3381 τὸν
3216 3330 3491 3395 Ἰωάννην.
3537 3327 3756 3392 Ἠγάπα
3790 3326 3848 3377 δὲ
3876 3318 4030 3385 οὗτος

2455 3426 2551 3483 τὰς
2586 3422 2682 3473 τοῦ
2730 3422 2889 3488 ἁγίου
2944 3420 3156 3473 Παύλου
3186 3419 3475 3480 ἐπιστολάς
3524 3419 3667 3480 λίαν,
3708 3417 3802 3468 καὶ
3842 3417 4030 3483 ἡρμή-

2455 3532 2607 3566 νευεν
2672 3514 2877 3572 αὐτάς⁹
2934 3510 3293 3579 ἐμφανίζεται
3344 3511 3402 3562 δὲ
3448 3509 3677 3578 Πρόκλῳ
3738 3508 3829 3557 ἐπὶ
3879 3509 4030 3574 τρεῖς

2456 3605 2582 3677 [257
2623 3603 2715 3675 IL]
2750 3602 2949 3660 νύκτας
2989 3601 3356 3670 ἐμπνεόμενος
3380 3602 3405 3652 ό
3437 3601 3611 3668 μέγας
3644 3598 3894 3664 Ἰωάννης
3924 3595 4030 3647 ὑπὸ

2452 3698 2545 3751 τοῦ
2590 3694 2913 3749 Ἀποστόλου
2950 3696 2993 3725 ⁸³
3030 3696 3109 3757 εἰς
3144 3692 3240 3763 τὴν
3280 3693 3388 3745 τῶν
3434 3690 3737 3744 ἐπιστολῶν
3793 3686 3963 3742 αὑτοῦ
3984 3686 4029 3718 ⁸⁵

2453 3790 2772 3859 ἑρμηνείαν.

2522 3881 2644 3931 Ὀτι
2672 3877 3003 3947 προσκρούει
3036 3880 3101 3947 τῇ
3133 3875 3374 3928 Βασιλίδι
3403 3875 3491 3928 διὰ
3519 3875 3851 3946 Θεοδὼριχον
3865 3878 3911 3908 ⁸⁸
3937 3878 4028 3929 τὸν

2452 3970 2763 4039 πατρίκιον.
2797 3969 2908 4035 Τῆς
2942 3970 3040 4035 μὲν
3071 3969 3181 4037 γὰρ
3222 3967 3533 4036 παραλόγου
3568 3968 3929 4038 εἰσπράξεως,
3960 3970 4027 4037 ἢν

2451 4063 2627 4113 ἐποίει
2667 4063 2697 4129 ἡ
2730 4062 2963 4129 βασιλὶς,
2999 4060 3149 4129 μόλις
3192 4059 3531 4111 ἀπαλλάσσει
3561 4058 3653 4110 τὸν
3683 4059 3880 4128 άνδρα’
3915 4061 3943 4110 ό
3971 4060 4027 4111 δὲ

2447 4153 2625 4205 δίδωσι
2656 4153 2733 4220 τῷ
2760 4153 2857 4221 τῆς
2884 4152 3208 4219 Ἐκκλησίας
3229 4150 3479 4218 πτωχείῳ
3502 4150 3921 4221 εὐχαριστήριον
3949 4152 4026 4220 τῷ

2447 4245 2565 4313 Θεῷ
2586 4246 2645 4296 τὸ
2674 4245 2807 4296 πολὺ
2843 4244 3006 4312 μέρος
3031 4224 3193 4294 αὐτοῦ
3225 4243 3322 4309 τῆς
3353 4241 3657 4311 ὑπάρξεως,
3692 4242 3781 4307 ὑφ’
3803 4238 3864 4295 οὗ
3890 4243 4024 4310 πρὸς

2446 4338 2642 4388 κακίαν
2684 4336 2778 4387 καὶ
2825 4335 3076 4403 διαόολὴν
3115 4334 3485 4401 ἀναφλέγεται
3528 4336 3559 4402 ἠ
3606 4333 3855 4398 Εὑδοξία.
3901 4334 4023 4386 Ὀτι

2445 4428 2745 4497 Εὑτρόπιος
2768 4426 2930 4493 νόμον
2962 4426 3170 4491 εἰσάγει
3201 4425 3329 4486 τοὺς
3354 4424 3674 4493 πρόσφυγας
3708 4426 3804 4493 τῆς
3828 4426 4025 4493 ἐκκλησ

759 4520 863 4562 t'sl.
906 4509 1194 4581 EutrOpius
1226 4514 1337 4584 (95)
1371 4515 1539 4583 legem
1573 4515 1852 4569 ferendam
1887 4529 2121 4578 curarat,
2166 4535 2231 4572 ne
2273 4521 2336 4572 ad

2382 4534 2417 4590 υ
2448 4525 2565 4581 σίας
2608 4519 2681 4588 μὴ
2722 4519 3011 4585 τυγχάνειν
3050 4516 3145 4569 τοῦ
3171 4516 3271 4587 τῆς
3315 4517 3540 4581 ἀσυλίας
3572 4519 3892 4588 προνομίου,
3930 4520 4024 4571 καὶ

2046 4626 2278 4681 VARIIE
2320 4628 2728 4683 LECTIONES.

821 4735 864 4766 ⁵⁸
908 4736 1274 4807 κατέστρεψεν
1305 4754 1363 4799 ς’.
1464 4738 1508 4769 ⁸⁸
1536 4738 1630 4789 τὸν
1665 4753 1744 4805 pr.
1776 4738 1818 4789 A
1860 4755 1871 4789 :
1902 4738 1959 4789 τὸ
1990 4756 2046 4801 ς.

753 4820 873 4858 (‘lllll
901 4808 943 4858 A
967 4808 1123 4860 omisi
1153 4808 1386 4859 Παύλου.
1465 4809 1508 4838 ⁸³
1543 4807 1708 4859 αὑτοῦ
1738 4811 1860 4862 add.
1897 4811 1961 4858 Λ.

2154 4741 2198 4770 ω
2228 4742 2391 4808 ῥόδων
2411 4758 2469 4803 ς.

2044 4812 2085 4839 ’λδ
2121 4811 2442 4879 Θευδέριχον
2467 4827 2608 4863 (ηπ.
2642 4811 2702 4861 Λ.

2552 4742 2589 4769 ⁶¹
2625 4742 2651 4791 ὀ
2681 4754 2787 4790 om.
2821 4739 2882 4789 Α.
2964 4740 3007 4768 θ’
3032 4740 3319 4806 Σιραπεων
3346 4737 3411 4789 Α.
3491 4736 3534 4766 ⁸³
3558 4746 3677 4803 post
3716 4738 4019 4790 ἀποστόλου

2264 4920 2493 4976 NOTAE.

827 5030 969 5098 (87)
1001 5030 1406 5094 συνεισάκτους,
1444 5033 1555 5085 sive
1590 5034 2058 5097 subintroductas,
2117 5046 2171 5088 et
2209 5036 2347 5101 άγά-

752 5102 927 5167 πητάς
960 5104 1239 5163 vocabant,
1271 5102 1333 5153 de
1355 5104 1551 5169 quibus
1583 5105 1641 5156 D.
1680 5106 1871 5157 Baron.
1896 5118 1930 5157 ι.
1952 5104 1988 5153 γ
2010 5144 2021 5162 ,
2060 5123 2185 5158 ann.
2211 5105 2340 5159 Chr.

749 5172 943 5244 Dl'8,et
969 5170 1028 5223 B.
1059 5170 1519 5244 Greg._Nazi:mz.,
1540 5171 1715 5226 Carm.
1743 5175 1809 5226 ad
1850 5174 2048 5244 Virgin.
2076 5191 2218 5229 vers.
2244 5177 2341 5241 96;

749 5242 1063 5312 Cnomisque
1117 5240 1289 5292 distic.
1327 5257 1466 5295 vers.
1502 5244 1797 5312 15.1'Ljusd.
1851 5240 1979 5299 item
2033 5247 2339 5299 Comment.

750 5311 962 5364 hic-clas
988 5313 1037 5363 iu
1072 5321 1209 5365 orat.
1250 5312 1337 5363 43.

822 5382 966 5455 (8_8)
999 5379 1269 5455 Scythiam
1290 5379 1615 5437 Theodoret.
1647 5396 1698 5438 et
1723 5386 1942 5455 Niceph.
1964 5402 2081 5455 cap.
2102 5386 2158 5448 2,
2183 5388 2340 5441 item-

750 5468 851 5516 que
874 5450 1119 5506 Cassiod.

820 5521 924 5585 (89
953 5521 974 5657 ζ
1010 5522 1160 5588 Apud
1199 5518 1478 5575 Osroaanos
1508 5522 1729 5592 Niceph.

826 5589 929 5655 (90
1000 5590 1114 5654 Quo’
1150 5604 1276 5642 vero
1300 5593 1522 5645 consilio
1557 5595 1603 5643 id
1647 5595 1729 5647 ille

826 5589 971 5657 (90)
1000 5590 1114 5654 Quo‘
1150 5604 1276 5642 vero
1300 5593 1522 5645 consilio
1557 5595 1603 5643 id
1642 5589 1730 5647 ille
1752 5594 1969 5658 fecerit,
1996 5598 2157 5647 'neuio
2185 5597 2332 5647 clare

752 5658 1098 5735 dix_i_t,iuq_uit
1120 5659 1335 5729 Nicepb.
1360 5661 1544 5717 Plures
1574 5666 1808 5718 rationes
1827 5667 1942 5718 vide
1969 5670 2105 5735 apud
2129 5666 2328 5718 l’allad.

750 5739 804 5783 ct
835 5729 1098 5796 Metaphr.

826 5800 1055 5869 (ansis
1092 5800 1283 5869 ῥόδων,
1314 5804 1452 5871 quod
1479 5804 1689 5874 ροδίτην
1725 5806 1927 5861 vocavit
1955 5804 2134 5859 Diosc.
2167 5806 2325 5869 lih.v,

2521 5038 2631 5106 (92)
2661 5038 2731 5089 De
2758 5052 2863 5103 quo
2878 5035 3097 5101 Niceph.
3118 5034 3301 5106 cap.9,
3320 5045 3369 5087 et
3390 5034 3628 5089 Cassiod.
3652 5037 3769 5090 init.
3804 5038 3942 5094 Vita:
3965 5042 4019 5095 Β.

2451 5105 2731 5175 Chrysosl.
2751 5110 2919 5171 Quem
2936 5107 3096 5159 etiam
3109 5105 3361 5177 acerbius
3382 5106 3587 5177 incusat
3604 5106 3710 5160 Leo
3730 5109 3857 5177 imp.
3880 5124 4019 5165 orat.

2449 5180 2500 5229 in
2529 5173 2586 5229 Β.
2619 5178 2901 5247 Chrysost.
2924 5191 3082 5242 quam
3109 5173 3267 5239 hujus
3282 5173 3492 5247 Georgii
3526 5178 3748 5247 vestigia
3780 5173 4022 5246 proxime

2448 5244 2820 5311 insectandos,
2874 5253 3074 5297 tantum
3114 5260 3215 5295 non
3269 5244 3335 5297 ad
3370 5246 3591 5298 verbum
3647 5244 4022 5304 Ifinc'vldetur

2445 5318 2870 5385 transcripsisse.

2513 5389 2628 5457 (95)
2668 5383 2944 5457 Cbrysost.
2973 5386 3056 5437 hic
3092 5385 3322 5457 primum
3353 5383 3549 5447 scriba,
3591 5400 3651 5438 ac
3674 5388 3857 5457 imulto
3907 5400 4022 5456 post

2440 5455 2681 5525 tempOre
2715 5455 3106 5525 in‘episcopatu
3148 5455 3309 5507 etiam
3346 5469 3645 5509 successor.
3670 5455 4019 5525 Nicepb.lib.

2441 5546 2550 5583 xw.
2586 5545 2701 5593 Cap.
2725 5528 2814 5579 43.

2512 5599 2622 5663 (94)
2660 5596 3053 5649 Theodericum
3107 5595 3179 5649 al.
3235 5599 3357 5651 vide
3397 5594 3693 5664 Metaphor.
3761 5598 3845 5651 hic
3902 5607 4022 5666 post

2444 5684 2659 5723 causam
2690 5668 2969 5726 Antonini,
3008 5667 3233 5731 l’;t|lat|.,
3263 5681 3369 5722 etc.

2515 5737 2625 5807 (95)
2667 5734 2887 5805 Niceph.
2925 5739 3033 5790 hate
3067 5738 3249 5801 refert,
3276 5755 3391 5803 cap.
3426 5738 3470 5789 ί.
