4224 6442
186 343 279 408 319

1278 360 1809 429 BIBLIOTIIECA.
1848 392 1917 403 -
1955 366 2118 429 COD.
2154 367 2352 431 XCVI.

3326 359 3439 425 350

190 460 293 531 μετ’
346 460 409 513 οὐ
443 462 581 515 πολὺ
629 465 964 534 καταφυγὼν
1008 467 1169 532 αὐτὸς
1211 470 1312 539 τῆς
1352 474 1559 538 οἰκείας
1607 477 1786 539 ἀπο-λ

1879 481 2137 535 ιοοΙμείιηι
2182 478 2615 547 confugientibus
2664 480 2805 532 sacri
2851 476 3165 531 humanitas
3206 472 3310 529 locl
3340 489 3435 528 va-

190 548 329 602 hiiu
378 550 727 620 νομοθεσίας.
770 548 845 606 Οῦ
878 556 983 608 ὑπὸ
1019 556 1082 611 τὸ
1125 557 1513 635 θυσιαστήριον
1561 566 1753 637 ὲρριμ-

195 639 345 707 μένου
379 641 543 710 λόγον
571 643 890 713 ἐλεγκτικὸν
916 648 1196 718 διεξῆλθεν
1222 652 1251 702 6
1281 651 1450 721 μέγας
1474 656 1752 725 Ἰωάννης.

192 733 274 783 ut
298 732 532 797 πολλοὺς
561 736 641 799 είς
673 739 831 805 μῖσος
860 739 1116 810 ἐκίνησεν
1137 758 1151 773 ·
1186 743 1361 797 ἐδόκει
1382 747 1492 815 γὰρ
1523 748 1754 815 ἀφιλαν-

193 821 413 889 θρὼπυς
444 825 567 877 λίαν
588 828 947 898 ἐπιπλήττειν
969 831 1061 885 τὸν
1085 832 1475 905 δυστυχοῦντα.
1497 838 1622 891 Ὀτι
1650 839 1757 893 τῶν

205 915 489 983 Ἀρειανῶν
518 918 619 980 τὰς
648 920 945 990 ἐκκλησίας
974 925 1253 991 ἀφείλετο,
1287 929 1375 979 καὶ
1416 929 1505 981 τὸν
1535 928 1757 999 βασιλέα

194 1012 552 1083 αἰτησάμενος
610 1017 711 1083 τῆς
761 1018 970 1081 πόλεως
1028 1020 1275 1085 ἐξέϐαλε.
1320 1024 1429 1076 Καὶ
1479 1025 1759 1092 ἀντίφωνα

194 1104 408 1157 ἐκείνων
448 1108 924 1178 ἐπιτηδευσάντων
961 1114 1040 1176 εἰς
1088 1113 1368 1183 έξαπάτην
1410 1116 1518 1169 τῶν
1561 1119 1757 1172 ἁπλου-

197 1196 389 1266 στέρων
440 1200 606 1262 αὐτὸς
636 1202 963 1273 ὑπρέὁαλε,
1016 1209 1402 1278 συναραμένης
1457 1209 1558 1277 τῆς
1610 1212 1761 1280 βασι-

198 1289 345 1355 max,
392 1292 473 1354 ὡς
510 1295 603 1346 καὶ
649 1299 917 1366 σταυροὺς
968 1299 1243 1371 ἀργυροῦς
1296 1305 1407 1365 τοῖς
1440 1303 1762 1370 ἀντιφὼνοις

200 1385 670 1453 παραπήγνυσθαι.
717 1389 921 1460 Ἀρχὴν
978 1391 1034 1443 δέ
1092 1410 1224 1460 φασι
1285 1394 1391 1446 τῶν
1446 1396 1763 1464 ἀντιφώνων

209 1477 461 1543 Ἱγνάτιον
498 1484 754 1548 γενέσθαι
782 1486 872 1537 τὸν
903 1485 1188 1557 θεοφόρον,
1233 1490 1496 1557 ἀγγέλους
1534 1492 1594 1544 τὸ
1624 1492 1763 1545 θεῖον

200 1569 494 1635 ὑμνοῦντας
527 1573 719 1627 τοῦτον
760 1577 850 1628 τὸν
886 1578 1091 1647 τρόπον
1131 1582 1607 1651 ἐκμιμησάμενον.
1641 1585 1764 1637 Ὀτι

199 1660 383 1724 Γαῐνᾶς
428 1666 458 1716 6
488 1665 769 1735 Ἀρειανδς
821 1668 1046 1733 δυνατὸς
1098 1670 1173 1723 ὢν
1208 1672 1376 1742 ᾔτησε
1432 1674 1510 1743 τῷ
1557 1675 1768 1742 βασιλεῖ

200 1751 521 1823 ἐκκλησίαν,
580 1758 676 1809 καὶ
728 1760 757 1811 6
809 1759 1064 1829 Ἰωάννης
1118 1762 1311 1830 παρὼν
1371 1764 1510 1831 μετὰ
1563 1764 1765 1834 πολλῆς

1859 569 2010 624 leret.
2054 569 2157 623 Sed
2208 578 2329 638 post
2360 584 2464 621 non
2504 568 2592 623 diu
2624 583 2745 622 cum
2774 566 3064 636 Eutropius
3095 566 3210 635 ipse
3250 564 3316 618 ad
3348 579 3438 618 ec—

1857 662 2078 716 clesiam
2135 661 2480 732 perfugisset,
2531 660 2662 731 legis
2712 677 2822 717 sua:
2866 659 3100 715 fructum
3153 656 3295 712 tulit.
3358 656 3436 711 Eo

1859 753 2023 821 igitur
2068 751 2134 805 ad
2175 768 2320 807 aram
2362 756 2666 821 'prostrato,
2731 750 3173 821 reprehensionis
3220 748 3433 815 plenam

1859 845 2159 898 orationem
2203 842 2725 907 adhibuitJoannes,
2760 858 2862 912 qua
2891 841 3245 911 plurimorum
3284 838 3337 892 in
3377 852 3438 891 se

1860 940 2041 992 odium
2067 937 2377 992 concitavit.
2442 934 2615 990 Nimis
2666 937 2811 989 enim
2855 936 3148 987 inhumane
3180 928 3435 984 alﬂictum

1864 1030 2135 1083 hominem
2165 1028 2411 1097 accipere
2444 1028 2591 1081 visus
2620 1036 2723 1081 est.
2779 1025 2998 1081 Arianis
3031 1038 3216 1077 sacras
3254 1021 3435 1076 eccle-

1864 1120 1973 1174 sias
1999 1121 2219 1184 ademit,
2238 1130 2313 1183 et,
2341 1117 2987 1187 imperatorlsimplornta
3016 1131 3141 1183 Ope,
3170 1115 3437 1167 Constan-

1865 1214 2082 1281 tinopoli
2142 1213 2337 1281 exegit.
2412 1210 2735 1277 Antiphontis
2803 1208 2916 1279 (96)
2982 1208 3109 1259 item
3164 1204 3443 1277 [alternis

1864 1307 2165 1371 cantaridis,
2196 1305 2215 1376 ]
2265 1305 2460 1373 quibus
2509 1305 2580 1356 illi
2610 1304 2921 1369 compositis
2957 1301 3165 1368 plebem
3200 1299 3438 1352 circum-

1867 1401 2172 1456 veniebant.
2222 1398 2366 1467 δια
2418 1397 2633 1450 eosdem
2684 1399 2958 1463 superavit
2992 1412 3006 1445 :
3042 1392 3115 1444 ita
3150 1390 3440 1456 adiuvante

1864 1490 2123 1555 Angusta,
2178 1501 2231 1541 ut
2293 1498 2346 1541 et
2389 1494 2656 1555 argentea:
2698 1500 2886 1538 cruces
2910 1484 2974 1534 ad
3011 1481 3439 1549 antiphonornui

1865 1593 2081 1635 cantum
2127 1580 2490 1635 decorandum
2533 1577 2942 1630 adhiberentur.
2997 1574 3260 1629 Caeterum
3301 1571 3445 1623 anti-

1866 1676 2164 1740 phonorum
2232 1672 2495 1740 originem
2552 1670 2620 1722 ad
2668 1668 2932 1737 lgnatium
2990 1667 3137 1719 illum
3200 1664 3441 1726 divinum

1869 1763 2135 1818 hominem
2190 1764 2449 1822 referunt,
2511 1760 2693 1814 laudes
2724 1760 2813 1813 Dei
2843 1760 3193 1812 concinentes
3222 1741 3454 1825 angelos.

198 1844 490 1914 ἐπετίμησε
520 1846 620 1916 τῆς
656 1850 969 1919 παρρησίας
994 1852 1086 1903 καὶ
1114 1852 1211 1921 τὴν
1238 1854 1451 1923 αἴτησιν
1488 1855 1760 1924 ἀπεκρού-

1879 1857 1967 1907 hac
1994 1857 2043 1905 in
2072 1870 2127 1907 re
2150 1854 2465 1907 imitantem.
2487 1850 2809 1920 Gainas(97)
2829 1850 3081 1912 Arianus,
3106 1864 3227 1901 cum
3248 1858 3444 1915 poten-

200 1951 338 1988 σατο.
386 1938 579 2007 Χρόνῳ
608 1940 663 1991 δὲ
712 1941 939 2011 ὕστερον
970 1946 1157 2012 χεῖρας
1190 1944 1520 2013 ἀντάραντος
1556 1944 1765 2012 βασιλεῖ

200 2027 354 2096 μηδὲν
379 2030 655 2099 μελλήσεις
678 2032 726 2063 ⁸⁸
754 2035 782 2085 6
801 2035 1077 2103 Ἰωάννης,
1112 2034 1407 2099 ἀξιούντων
1432 2036 1591 2089 τοῦτο
1622 2038 1764 2090 πάν-

195 2135 328 2187 των,
382 2122 521 2191 πρδς
573 2124 738 2177 αὐτὸν
794 2126 1158 2196 παραγίνεται
1193 2126 1760 2197 διαπρεσϐεύσασθαι,

194 2218 281 2296 aut
301 2217 465 2269 παύει
490 2218 611 2271 τότε
638 2220 736 2290 τὴν
766 2222 1152 2276 ἐπανάστασιν.

1870 1947 1940 1997 tia
1978 1945 2175 1998 valeret
2215 1944 2527 2012 plurimum,
2557 1942 2810 2009 templum
2836 1940 3055 1992 Arianis
3085 1940 3198 1991 suis
3230 1936 3281 1989 in
3314 1938 3449 1986 urbe

1868 2036 1937 2090 ab
1962 2037 2282 2103 imperatore
2312 2034 2639 2104 postulabat.
2670 2032 2773 2087 Sed
2802 2030 3037 2086 Joannes
3060 2030 3129 2083 ibi
3163 2040 3272 2082 tum
3302 2042 3445 2095 pra:-

1870 2142 2018 2189 sens,
2051 2128 2252 2199 ingenti
2280 2142 2399 2181 cum
2436 2126 2682 2179 libertate
2707 2142 2816 2178 rem
2848 2124 3064 2193 penitus
3095 2118 3445 2189 improbavit,

1864 2223 2180 2288 obstititque
2227 2235 2293 2273 ne
2358 2218 2620 2287 postulata
2687 2217 2771 2271 ille
2840 2216 3109 2271 obtineret
3156 2228 3271 2266 sua.
3324 2209 3453 2263 Post

198 2302 350 2388 lgitur
390 2324 516 2363 cum
565 2312 748 2380 copias
775 2313 936 2377 idem,
980 2328 1168 2369 contra
1201 2315 1582 2386 imperatorem
1612 2319 1918 2388 insurgens,
1954 2317 2281 2382 collegisset,
2310 2313 2569 2377 Joannes,
2601 2312 2727 2364 nihil
2756 2312 2981 2377 veritus,
3012 2307 3235 2376 reliquis
3272 2304 3453 2360 omni-

194 2384 284 2453 bus
313 2400 364 2455 id
396 2403 815 2470 postulantibus,
864 2406 931 2459 ad
994 2384 1292 2461 barbarum
1343 2409 1664 2479 legationem
1709 2384 1964 2471 instituit,
2011 2425 2073 2463 ac
2098 2408 2445 2463 rebellionem
2481 2407 2822 2476 compressit.

257 2497 375 2549 Ὀτι
424 2498 684 2563 Εὐσέϐιος
727 2500 852 2553 ἀπδ’
878 2501 975 2553 τοῦ
1029 2503 1333 2557 Κελὸιανοῦ
1369 2506 1412 2536 ⁸⁷
1466 2507 1769 2570 ἐπίσκοπος

195 2589 753 2653 (Βαλεντινουπόλεως
787 2592 832 2623 ⁸³
873 2594 1014 2647 κατὰ
1055 2595 1372 2650 Ἀντωνίνου
1401 2599 1445 2629 ⁶⁹
1477 2598 1572 2651 τοῦ
1619 2599 1773 2666 Ἐφε-

197 2683 319 2733 σίων
368 2682 649 2759 λιὸἐλλους
699 2685 996 2740 ἐπιδίδωσι.
1046 2687 1361 2760 Περιείχετο
1426 2692 1480 2744 δὲ
1530 2695 1640 2755 τοῖς
1693 2693 1773 2761 βι-

196 2775 356 2837 cum;
390 2774 521 2845 [142
567 2774 661 2846 11.]
704 2777 1029 2847 ἐγκλήματα
1074 2780 1236 2844 ἑπτὰ,
1285 2782 1588 2853 ἱεροσυλίας
1616 2783 1764 2852 τρία·

197 2867 282 2916 καὶ
325 2866 407 2918 ὅτι
454 2867 623 2919 παῖδα
683 2869 847 2936 φονέα
890 2871 1154 2936 γεγονότα
1214 2874 1606 2941 ἀνεπιτίμητον
1657 2874 1770 2943 ἔχει

198 2958 308 3025 μεθ’
346 2958 549 3010 ἑαυτοῦ
574 2974 588 2988 ·
623 2963 716 3011 καὶ
751 2962 833 3013 ὃτι
877 2962 938 3014 τὸ
963 2963 1217 3033 διαφέρον
1250 2968 1316 3035 τῇ
1351 2965 1649 3037 Ἐκκλησία
1677 2968 1768 3020 τό·

197 3066 313 3100 πιον
335 3050 381 3080 ⁷⁸
408 3089 424 3111 ,
452 3051 592 3117 ὅπερ
618 3050 876 3103 Βασιλὶνα
908 3054 941 3121 ἡ
970 3053 1063 3104 τοῦ
1117 3053 1402 3106 Ὶουλιανοῦ
1428 3058 1613 3126 μήτηρ
1644 3074 1774 3109 κατ·

196 3142 363 3204 ἑλιπε,
410 3142 678 3212 πωλήσας
726 3144 1153 3214 ὲσφετερίσατοσ
1204 3148 1296 3198 καὶ
1338 3149 1419 3199 ὅτι
1453 3151 1517 3218 τῇ
1551 3151 1773 3215 γυναικὶ

195 3234 607 3301 ἀποταξάμενος
650 3237 959 3304 συνήπτετο
987 3238 1085 3289 καὶ
1118 3238 1535 3310 ὲπαιδοποίησεν
1583 3240 1642 3305 ἐξ
1677 3243 1772 3293 αὺ-

1946 2503 2207 2560 Eusebius
2242 2503 2693 2571 Valentiauopolis
2732 2510 2850 2569 post
2875 2497 3196 2553 Celbianmn
3243 2493 3455 2561 episco-

1873 2615 2007 2669 pus,
2066 2609 2253 2651 contra
2297 2598 2630 2650 Antoninum
2665 2594 2775 2665 (98)
2838 2592 3194 2660 Ephesiorum
3234 2590 3453 2642 antisti-

1875 2702 1980 2745 tem
2017 2691 2225 2745 libellos
2254 2691 2469 2753 obtulit,
2520 2686 2714 2757 quibus
2738 2686 2827 2740 ille
2857 2695 3063 2754 septem
3087 2682 3454 2738 accusationis

1873 2784 2048 2853 capita
2082 2782 2192 2852 (99)
2228 2782 2538 2849 complexus
2560 2787 2678 2845 est;
2728 2778 3013 2846 sacrilegia
3063 2776 3209 2843 tria;
3261 2775 3456 2829 deinde

1876 2876 2019 2944 quod
2047 2889 2267 2941 puerqu
2300 2873 2644 2936 homicidam,
2687 2885 2845 2938 quem
2897 2869 3097 2923 idcirco
3157 2882 3223 2921 ne
3264 2880 3449 2934 repre-

1880 2961 2153 3015 hendisset
2180 2960 2419 3028 quidem,
2450 2961 2589 3027 apud
2614 2974 2671 3013 se
2694 2960 2949 3013 haberet:
2982 2968 3093 3010 tum
3120 2957 3261 3022 quod
3300 2956 3457 3025 quid-

1880 3054 2004 3119 quid
2056 3054 2119 3103 ad
2156 3052 2406 3105 Ecclesia:
2435 3052 2724 3104 utilitatem
2746 3066 2774 3103 a
2797 3049 3029 3103 Basilina
3053 3047 3250 3101 Juliani
3281 3059 3454 3101 matre

1884 3143 2131 3197 relictum
2164 3154 2331 3207 esset,
2366 3145 2477 3211 ipse
2502 3142 2849 3208 vendidisset,
2869 3140 3411 3211 sibiquevimlicasset
3439 3157 3454 3193 :

1885 3233 2023 3299 quod
2062 3248 2227 3285 uxore
2280 3242 2560 3299 pr-xterea,
2626 3246 2785 3298 quam
2822 3231 3037 3299 pietatis
3087 3240 3242 3282 antea
3282 3229 3461 3282 stmlin

193 3324 309 3389 τῖς·
377 3322 612 3392 ἒῦδομον
665 3323 723 3376 δὲ
781 3324 863 3375 ὅτι
924 3324 1015 3376 ἐπὶ
1066 3327 1313 3395 χρήμασι
1354 3326 1395 3356 ⁷¹
1462 3330 1774 3396 χειροτονεῖ.

1882 3326 2218 3386 deseruerat,
2253 3340 2435 3378 rursus
2468 3322 2806 3377 familiariter
2834 3332 3097 3383 uteretur,
3129 3338 3192 3374 ac
3215 3320 3457 3374 sobolem

207 3414 557 3477 Ἐξετάζεται
609 3415 682 3478 ὡς
720 3416 767 3445 ⁷⁸
808 3414 1109 3485 βαρύτερον
1152 3417 1213 3468 τὸ
1251 3416 1501 3483 ἓῦδομον,
1546 3421 1637 3471 καὶ
1678 3419 1778 3487 τῆς

196 3503 351 3574 δίκης
381 3504 483 3555 ἐπὶ
534 3504 670 3557 πολὺ
714 3506 1183 3576 παρατεινομένης
1228 3508 1648 3577 (ἐχρηματίζετο
1672 3510 1778 3579 γὰρ

197 3596 545 3649 ἐθελοκακεῖν
573 3598 665 3649 καὶ
692 3598 720 3647 6
752 3598 1104 3667 κατήγορος),
1130 3601 1155 3650 6
1194 3599 1291 3668 μὲν
1338 3600 1653 3662 Ἀντωνῖνος
1691 3618 1779 3653 τεο

198 3686 379 3758 ὴυτᾷ,
405 3689 437 3740 6
475 3687 534 3739 δὲ
571 3686 744 3756 μέγας
776 3685 1027 3756 Ἰωάννης
1049 3686 1181 3757 πρὸς
1208 3687 1307 3757 τὴν
1340 3688 1570 3757 Ἔφεσον
1605 3706 1782 3760 παρα-

196 3779 425 3844 γίνεται,
460 3776 562 3829 καὶ
586 3778 710 3839 τοὺς
746 3776 836 3827 ἐπὶ
867 3778 1109 3846 χρήμασι
1141 3777 1614 3845 χειροτονηθέντας
1650 3794 1780 3845 συγ-

197 3868 635 3938 καταθεμένους,
662 3867 723 3930 EE
748 3867 909 3930 ὄντας
929 3868 1021 3919 τὸν
1048 3867 1302 3938 ἀριθμὸν,
1324 3868 1595 3938 καθαιρεῖ.
1634 3868 1783 3922 Καθ-

198 3962 348 4029 αιρεῖ
374 3959 436 4012 δὲ
500 3959 599 4011 καὶ
633 3961 854 4030 ἐτέρους
893 3958 951 4025 ἒξ
979 3960 1035 4010 ὲν
1073 3962 1139 4029 τῇ
1187 3960 1343 4029 Ἀσίᾳ
1371 3959 1458 4012 διὰ
1483 3962 1584 4029 τὴν
1612 3962 1783 4031 αὐτὴν

196 4050 367 4101 viam.
406 4047 528 4101 Καὶ
552 4050 849 4117 χειροτονεῖ
868 4049 991 4100 ἀντὶ
1017 4047 1116 4117 μὲν
1159 4049 1477 4101 Ἀντωνίνου
1499 4050 1786 4120 Ἡρακλεί-

196 4138 289 4205 δην
318 4137 412 4189 τὸν
445 4139 651 4188 οἰκεῖον
707 4138 976 4198 διάκονον,
1011 4139 1093 4206 ἐφ’
1127 4132 1170 4206 ᾧ
1206 4139 1300 4191 καὶ
1330 4140 1521 4203 στάσις
1548 4140 1784 4210 συμϐαί-

196 4246 293 4296 νει,
337 4231 437 4283 καὶ
474 4229 602 4282 ἀντὶ
649 4229 757 4281 τῶν
784 4231 987 4283 λοιπῶν
1020 4232 1241 4303 ἑτέρους
1287 4233 1542 4304 εὐλαϐείᾳ
1597 4237 1691 4288 καὶ
1717 4238 1782 4305 τῇ

196 4321 329 4392 ἄλλῃ
365 4321 549 4390 ἀρετῇ
589 4320 724 4373 πολὺ
777 4321 1155 4391 διαφέροντας.
1209 4323 1350 4375 Ἀλλ’
1384 4318 1531 4377 οῦτοι
1585 4330 1787 4389 πάντες

197 4412 581 4483 ἑξορισθέντος
606 4411 698 4464 τοῦ
746 4414 1133 4484 Χρυσοστόμου
1160 4414 1267 4467 τῶν
1297 4417 1613 4469 ἐπισκοπῶν
1678 4418 1784 4471 ἀπ·

193 4505 507 4573 ηλάθησαν,
524 4504 635 4556 τῶν
652 4507 1117 4576 κατεγνωσμένων
1140 4508 1233 4559 καὶ
1255 4507 1669 4578 ἐκϐεϐλημένων
1688 4512 1790 4563 πά-

194 4594 277 4648 λιν
295 4599 410 4659 τοίς
440 4596 664 4665 θρόνοις
688 4597 1163 4662 ἐγκαταστάντων.

1881 3416 2044 3469 etiam
2101 3431 2163 3469 ex
2212 3431 2272 3469 ea
2312 3416 2616 3470 sustulisset
2649 3432 2663 3467 :
2702 3415 2988 3481 septimum
3028 3415 3281 3479 denique,
3313 3412 3457 3479 quml

1884 3506 2107 3573 pecunia
2160 3518 2448 3572 corruptus
2496 3506 2790 3560 ordinaret.
2852 3506 2908 3558 In
2948 3508 3235 3573 septimum
3281 3516 3457 3555 autem

1884 3600 2111 3661 crimen,
2171 3614 2292 3652 cum
2341 3599 2391 3651 id
2439 3598 2678 3651 omnium
2725 3597 3100 3666 gravissimum
3167 3598 3463 3658 videretur,

1884 3691 2197 3761 inquisitum
2226 3702 2329 3746 est.
2355 3692 2421 3745 At
2448 3692 2574 3744 dum
2595 3690 2855 3758 judicium
2882 3691 2983 3744 hoc
3012 3691 3064 3742 in
3092 3691 3307 3757 longum
3339 3703 3467 3756 pro-

1888 3780 2197 3832 temleretur
2250 3780 2339 3848 (de
2366 3779 2629 3833 industria
2656 3779 2801 3832 enim
2844 3779 3088 3848 improbe
3117 3794 3276 3845 agere
3299 3780 3463 3831 etiam

1887 3869 2001 3936 ipse
2043 3879 2321 3922 accusator
2347 3870 2677 3939 dicebatur),
2715 3870 3017 3923 Antoninus
3074 3869 3289 3922 interim
3323 3870 3465 3922 diem

1886 3961 2079 4015 clausit
2111 3970 2434 4015 extremum.
2471 3961 2650 4027 Quare
2679 3978 2902 4032 magnus
2932 3959 3169 4015 Joannes
3197 3960 3466 4029 Ephesum

1888 4053 1998 4120 ipse
2032 4054 2414 4120 proliciscitur,
2445 4056 2780 4123 pecuniaque
2827 4055 3124 4119 ordinatos,
3165 4063 3221 4109 et
3260 4054 3470 4108 crimen

1889 4146 2079 4209 lassos,
2142 4160 2235 4199 sex
2287 4163 2535 4209 munero,
2586 4148 2803 4201 sedibus
2855 4148 3151 4202 submovit.
3214 4145 3468 4200 Totidem

1888 4236 2020 4291 alios
2059 4240 2109 4291 in
2151 4255 2213 4293 ea
2275 4240 2385 4307 ipsa
2424 4243 2550 4294 Asia
2599 4242 2669 4295 ob
2718 4240 2859 4294 idem
2896 4242 3101 4293 crimen
3152 4241 3467 4308 episcOpatn

1890 4332 2116 4397 expulit.
2153 4331 2210 4385 ln
2236 4334 2487 4385 Antonini
2533 4349 2659 4385 vero
2704 4333 2878 4386 locum
2916 4331 3254 4387 Heraclidem
3295 4332 3473 4385 diaco-

1893 4439 2018 4475 num
2054 4439 2207 4475 suum
2242 4423 2473 4488 sullecit,
2510 4426 2651 4479 unde
2678 4436 2732 4478 et
2776 4426 2968 4479 seditio
2997 4434 3184 4478 exorta
3223 4434 3325 4478 est.
3366 4421 3477 4475 Pro

1890 4514 2155 4568 submotis
2183 4516 2311 4570 item
2347 4517 2453 4570 illis
2478 4517 2623 4582 aliis,
2653 4519 2870 4583 pietate,
2895 4517 3217 4585 exterisque
3251 4515 3469 4569 virtuti-

1892 4604 2175 4677 bnslonge
2206 4610 2457 4663 meliores
2504 4610 2787 4677 episcopos
2844 4609 3072 4662 creavit.
3141 4607 3243 4673 Qui
3294 4616 3477 4662 tamen

197 4704 410 4753 omnes,
444 4688 609 4756 pulso
643 4698 763 4755 post
807 4690 858 4742 in
903 4690 1151 4743 exsilium
1180 4689 1593 4758 Chrysostomo,
1643 4694 1955 4765 episcopatu
1981 4702 2175 4768 privati
2209 4713 2354 4769 sunt,
2422 4703 2730 4772 receptique
2795 4703 2911 4757 suis
2968 4714 3183 4755 rursum
3225 4700 3472 4754 sedibus:

198 4782 289 4847 qui
313 4783 546 4849 judicio
576 4782 735 4849 ejecti
762 4792 934 4835 erant.

271 4872 395 4926 Ὅτι
431 4875 781 4945 Σεόηριανὸς
832 4877 859 4927 ὁ
892 4876 1149 4929 Γαὸάλων
1183 4876 1371 4944 μαθὼν
1420 4878 1691 4948 Ἀντίοχον
1730 4897 1786 4932 εν

1967 4881 2292 4935 Severianus
2347 4884 2421 4951 (t)
2480 4880 2697 4949 quidam
2757 4876 3081 4932 Gabalorum
3159 4876 3468 4943 episcOpus,

200 4967 787 5021 Κωνσταντινουπόλει
826 4971 1235 5039 παραγεγονότα
1265 4972 1356 5022 καὶ
1383 4969 1507 5041 [260
1542 4971 1632 5043 R.]
1659 4974 1792 5043 χρή-

1899 4970 2114 5039 cognito
2168 4968 2492 5023 Antiochum
2532 4964 3055 5033 Constantinopolim
3103 4964 3316 5017 venisse
3346 4963 3424 5031 (ι)
3454 4999 3471 5022 ,

1536 5103 1766 5159 VARIA'I
1801 5103 2205 5160 Ll‘lCTlONES.

269 5198 317 5229 “
348 5199 477 5251 libri
517 5197 785 5263 μελήσας.
892 5198 937 5228 ⁸⁷
964 5200 1023 5250 τὸ
1057 5198 1336 5251 κελόιανὸν
1366 5203 1429 5253 A.

1536 5201 1581 5231 “
1607 5202 2217 5266 Οὐαλεντιανουπὸλεως
2251 5221 2309 5267 ς’.

197 5272 305 5322 πᾶν
334 5272 404 5322 Α.
487 5271 536 5300 τι
568 5271 831 5339 χρήματα
857 5287 916 5333 ς.
997 5270 1041 5298 ⁷⁸
1069 5282 1190 5323 ante
1212 5269 1287 5332 ὼς
1310 5285 1431 5323 cum
1462 5273 1505 5323 A
1527 5274 1683 5325 omisi
1725 5272 1802 5325 δέ.

2403 5202 2447 5234 ⁶⁹
2496 5202 2780 5252 Ἀντωνὲου
2809 5215 2868 5261 ς.
2958 5198 3004 5227 ⁷⁸
3031 5196 3217 5248 τὸπιον
3243 5195 3285 5249 C
3318 5212 3380 5259 ς,
3410 5191 3476 5243 τὸ

1754 5361 1987 5418 ΝΟΤΑιΣ.

268 5456 382 5523 (96)
440 5452 767 5519 Ἀντίφωνα
792 5453 1051 5507 describit
1088 5451 1311 5523 Nicepli.
1338 5472 1356 5504 ‹
1380 5452 1655 5524 Carmina,
1679 5471 1798 5524 qme

200 5528 429 5581 alternis
472 5538 580 5590 per
630 5524 1036 5592 responsionem
1073 5526 1453 5579 concinuntur.
1492 5544 1508 5575 ι
1552 5523 1686 5580 Vide
1713 5538 1795 5579 to-

202 5611 309 5652 tum
334 5614 462 5663 cap.
499 5593 561 5645 8.

270 5667 387 5733 (97)
436 5667 517 5716 De
550 5660 748 5725 Gaina,
776 5662 891 5733 lege
924 5661 1149 5733 Niceph.
1175 5678 1294 5731 cap.
1330 5663 1363 5718 5
1395 5672 1449 5717 et
1483 5663 1534 5717 6.

268 5732 383 5803 (98)
427 5734 539 5799 Qui
574 5733 721 5805 apud
751 5732 1037 5799 Niatepbor.
1062 5732 1187 5805 cap.
1205 5735 1259 5800 9,
1289 5745 1342 5789 et
1372 5734 1538 5791 semel
1566 5735 1651 5790 hic
1682 5748 1783 5790 non

202 5820 348 5863 recte
370 5803 655 5861 Antonius
674 5804 990 5873 appellatur.

1976 5454 2089 5524 (99)
2126 5455 2256 5521 Quae
2285 5455 2430 5521 leges
2462 5453 2596 5524 apml
2626 5450 2827 5503 Pallad.
2867 5459 2920 5503 et
2934 5448 3210 5524 ⁸δίειιιψὶιικ

1980 5518 2058 5594 (l)
2074 5518 2081 5521 ⁷
2099 5518 2447 5579 Ρίυιειηιιῖιιὶδ
2470 5518 2897 5594 εγτίιιιᾲιιρίεευιιι
2931 5518 3156 5594 Mor-ph.

1975 5588 2051 5663 (2)
2091 5595 2313 5664 Niceph.
2343 5595 2456 5648 haec
2490 5588 2607 5659 cap.
2645 5588 2703 5650 5.7
2737 5593 2835 5643 sub
2866 5589 2958 5642 ﬁn.
2982 5588 3171 5664 _ll__:_ibes
3200 5599 3375 5647 autem
3406 5609 3473 5648 ex

1898 5658 2159 5734 hoc—ipso
2202 5658 2455 5733 producta
2508 5658 3350 5734 testimoniaapud__'l‘neoitoret.
3382 5666 3469 5734 ‘in

1900 5731 2171 5800 Eranisla,
2206 5731 2566 5805 meminitque
2612 5731 2855 5788 chnad.
2904 5747 2953 5783 ιιι
2988 5731 3163 5785 Garat.
3206 5746 3331 5799 cap.
3372 5731 3466 5787 ‘21.
