4224 6442
734 381 835 447 351

1898 385 2163 450 ΡΗΟΤΙῙ
2192 388 2696 450 ΡΑΤΒΙΑΠΟΠᾹΞ
2736 392 2845 455 CP.

3895 392 4005 456 352

738 512 901 571 atque
926 514 1023 571 per
1049 499 1261 556 dicendi
1307 502 1536 571 gratiam
1570 517 1683 556 rem
1716 502 1933 557 auxisse
1969 502 2320 566 familiarem,

2442 521 2573 557 ιατα
2595 504 2684 557 διὰ
2718 506 2815 574 τὴν
2842 506 3131 576 ῥητορείαν
3162 505 3326 559 αὐτοῦ
3358 505 3753 575 συλλεξάμενον
3781 508 3879 561 καὶ
3896 511 4002 562 αύ-

738 593 927 647 codem
974 602 1031 646 et
1080 592 1193 661 ipse
1220 593 1470 647 accessit.
1516 593 1652 647 Huic
1696 592 2113 661 igiturJoannes
2140 593 2318 662 Ephe-

2442 596 2513 657 ῖὺς
2569 597 2953 667 παραγίνεται,
3004 598 3281 652 διδάσκειν
3329 598 3387 651 δὲ
3430 598 3596 651 αὐτὸν
3626 599 3879 668 ἀπαίρων
3921 603 4005 664 είς

740 701 859 739 sum
904 685 1279 754 proﬁciscens,
1330 700 1481 747 suas.
1519 688 1645 740 dum
1685 687 1919 750 abesset,
1976 686 2201 739 docendi
2268 686 2319 738 in

2428 688 2660 755 Ἔφεσον
2696 689 2725 739 6
2772 688 2944 759 μέγας
2987 690 3239 758 Ἰωάννης
3291 691 3407 743 ἀντ’
3449 690 3617 743 αὑτοῦ
3647 691 3734 743 ἐπ’
3772 692 4008 762 Ἐκκλη-

742 774 984 832 Ecclesia
1021 777 1171 833 vices
1199 778 1620 832 commendavit.
1671 778 1807 833 Hinc
1839 793 1970 848 ergo
2003 779 2320 847 imperatori

2442 777 2549 841 πίας
2572 780 2619 810 ⁷³
2676 780 2985 850 ἐπιτρέπει,
3033 781 3093 846 ἐξ
3136 776 3197 835 οὗ
3239 782 3335 835 καὶ
3376 781 3455 853 τῷ
3494 780 3709 853 βασιλεί
3742 786 3837 837 καὶ
3872 786 4009 837 πᾶσι

744 870 1075 924 Severianus
1108 869 1475 938 omnibusque
1504 870 1640 925 adeo
1670 872 1925 926 innotuit.

811 962 856 1015 A
878 959 1175 1031 Callitropa
1194 962 1293 1033 (5),
1316 964 1659 1030 prunaucleri
1690 965 1970 1033 cujusdam
2001 967 2186 1031 vidua.
2214 969 2322 1023 ini-

743 1069 864 1122 qua
917 1054 1275 1123 exigebantur
1295 1053 1496 1108 multae.
1518 1054 1802 1109 Paulacius
1833 1071 1959 1110 vero
1981 1057 2124 1128 διὸ
2156 1060 2320 1114 Alex-

744 1145 949 1198 andna:
978 1145 1292 1210 Augustalis
1340 1145 1426 1199 bis
1489 1147 1881 1215 exprimendis,
1924 1164 2041 1217 qua:
2074 1167 2325 1207 nummo-

746 1253 867 1291 rum
897 1238 1317 1307 quingentorum
1353 1253 1619 1291 summam
1643 1239 2027 1305 conﬁciebant,
2070 1242 2326 1296 miseram

748 1332 1062 1385 exercebat.
1090 1330 1347 1401 Confugit
1371 1330 1485 1386 haec
1513 1332 1577 1384 ad
1605 1332 1924 1401 Augustam,
1948 1348 2067 1401 qua:
2091 1349 2121 1389 a
2140 1333 2331 1389 Paula-

748 1426 833 1479 cio
867 1426 984 1479 auri
1019 1425 1184 1479 libras
1205 1434 1421 1479 centum
1451 1424 1630 1479 multae
1660 1426 1878 1479 nomine
1900 1428 2079 1496 exegit
2104 1445 2118 1481 :
2148 1443 2179 1483 e
2208 1429 2330 1498 qui-

750 1518 851 1572 bus
917 1528 1097 1571 tamen
1146 1519 1347 1572 misere
1400 1517 1527 1571 huic
1574 1516 1786 1571 alliich
1849 1519 2185 1574 mulierculas
2238 1536 2332 1575 sex

754 1618 961 1660 tantum
1017 1618 1071 1660 et
1126 1609 1346 1676 triginta
1392 1608 1596 1661 nummi
1638 1619 1941 1664 cesserunt.
2012 1610 2105 1666 llla
2167 1612 2335 1683 igitur

753 1699 975 1753 velutin
1012 1714 1352 1753 communem
1385 1709 1709 1763 tempestate
1732 1700 2059 1769 jactatorum
2094 1714 2331 1770 portum,

2427 867 2704 938 γνώριμος
2736 870 2965 938 γίνεται.

2500 962 2626 1014 Ὀτι
2666 962 3018 1033 Καλλιτρόπη
3062 965 3098 1033 ἠ
3132 964 3278 1034 χήρα
3321 965 3456 1033 γυνή
3494 981 3641 1028 τινος
3665 967 4012 1036 προναυκλή-

2434 1069 2526 1121 ρου
2574 1053 2777 1123 ζημίας
2848 1055 3237 1125 εἰσπράττεται
3286 1057 3655 1127 παραλόγους.
3703 1058 4014 1121 Παυλάκιος

2431 1142 2476 1195 δ’
2502 1139 2571 1213 ἦν
2615 1146 2644 1196 6
2673 1146 2771 1213 τῆς
2827 1146 3234 1218 Ἀλεξανδρείας
3272 1148 3662 1216 αὖγουστάλιος
3695 1150 3725 1202 6
3761 1153 3882 1214 ταῖς
3911 1150 4013 1219 ζη-

2437 1234 2587 1303 μίαις
2618 1236 2886 1307 ἐκτρίϐων
2922 1237 2984 1290 τὸ
3006 1236 3249 1307 γύναιον,
3284 1240 3365 1302 είς
3412 1242 3741 1294 πεντακόσια
3769 1240 3827 1293 δέ
3860 1242 4015 1309 νομί-

2433 1341 2614 1394 σματα
2652 1328 3095 1401 ἐκεφαλαιοῦτοή
3131 1328 3324 1400 ζημία.
3363 1332 3475 1384 Kal
3504 1332 3842 1401 καταφεύγει
3865 1333 4012 1403 αὕτη

2434 1417 2573 1487 πρὸς
2605 1417 2706 1490 τὴν
2757 1419 3101 1489 βασίλισσαν,
3160 1423 3257 1475 καὶ
3285 1424 3600 1477 ἀπαιτεῐται
3638 1425 3667 1477 6
3707 1425 4019 1487 Παυλάκιος

2436 1509 2662 1579 χρυσίου
2688 1509 2879 1582 λίτρας
2916 1512 3108 1566 ἑκατόν
3132 1527 3145 1541 ·
3197 1513 3259 1566 τὸ
3281 1514 3339 1565 δὲ
3397 1516 3883 1585 ἐκτετρυχωμένον
3920 1517 4020 1586 γύ-

2436 1618 2604 1665 ναιον,
2631 1602 2900 1673 λαμϐάνει
2952 1604 3087 1673 μόνα
3159 1603 3248 1669 λς’
3287 1606 3625 1676 νομίσματα.
3684 1608 4019 1678 Προστρέχει

2435 1693 2618 1745 τοίνυν
2650 1693 2728 1764 τῷ
2775 1694 2941 1765 κοινῷ
2973 1696 3083 1748 τῶν
3128 1698 3541 1768 χειμαζομένων
3576 1700 3779 1769 λιμένι,
3808 1702 3890 1772 τῷ
3920 1720 4021 1773 με·

753 1790 819 1842 ad
868 1805 1121 1858 magnum
1170 1806 1230 1845 se
1261 1792 1463 1859 recepit
1490 1788 1754 1846 Joannem
1791 1808 1805 1845 :
1845 1792 1938 1861 qui
1975 1809 2098 1847 mox
2156 1794 2332 1849 dicam

2442 1786 2590 1856 γάλῳ
2645 1787 2889 1860 Ἰωάννῃ.
2942 1790 3170 1857 ’Δγεται
3220 1792 3351 1855 παρ’
3406 1790 3573 1844 αὑτοῦ
3633 1794 3663 1845 6
3710 1793 4021 1857 Παυλάκιος

754 1852 1008 1935 Paulacio
1042 1882 1265 1951 scripsit
1304 1852 1716 1953 de'quiugentis
1756 1852 1931 1938 viduas
1986 1885 2167 1940 aureis
2215 1900 2336 1954 per-

2442 1852 2939 1951 ἀπαιτούμενοςῃτά
2982 1852 3315 1935 πεντακόσια.
3350 1884 3448 1953 τῆς
3488 1886 3664 1954 χήρας
3686 1852 4021 1955 νομίσματα.

755 1974 1053 2028 solvendis.
1128 1973 1374 2027 Eudoxia
1419 1974 1544 2029 hinc
1576 1975 1915 2030 lsimultatem
1964 1992 2087 2031 cum
2131 1974 2341 2031 Joanne

756 2066 1018 2132 suscepit,
1068 2064 1297 2119 liberum
1340 2065 1537 2119 dimitti
1572 2066 1884 2119 Paulacium
1912 2078 2199 2136 satagens;
2243 2084 2342 2124 ne-

758 2171 863 2224 que
896 2166 1073 2210 tamen
1126 2156 1174 2209 ei
1232 2171 1350 2211 mos
1399 2157 1626 2225 geritur,
1678 2157 1771 2211 sed
1807 2157 1951 2227 justa
1987 2160 2343 2217 nihilominus

760 2247 1040 2314 postulans
1066 2246 1247 2316 justus
1269 2249 1486 2317 praesul,
1519 2252 1661 2318 quod
1692 2265 1785 2319 per
1810 2250 1960 2305 nefas
1986 2250 2074 2305 ille
2105 2253 2342 2308 retinue-

760 2349 863 2404 rat,
899 2340 1091 2408 injuria
1142 2340 1348 2395 affecta:
1381 2342 1591 2397 mulieri
1641 2345 1899 2399 restituit.
1951 2342 2069 2410 Qua
2109 2346 2161 2400 in
2206 2361 2263 2401 re
2288 2354 2344 2401 et

762 2427 1079 2481 miraculum
1107 2429 1324 2482 accidit.
1368 2429 1667 2485 Extrahere
1695 2434 1838 2485 enim
1869 2432 2182 2487 Paulacium
2213 2435 2341 2488 dum

763 2519 939 2571 studet
972 2516 1235 2580 Eudoxia,
1272 2517 1354 2570 vel
1389 2519 1555 2573 invito
1575 2519 1803 2584 Joanne,
1850 2537 1977 2577 ecce
2006 2524 2099 2577 tibi
2134 2524 2343 2577 haStam

766 2608 949 2661 l'erens
993 2608 1219 2675 angelus
1281 2610 1552 2677 apparuit,
1605 2614 1692 2678 qui
1749 2614 1942 2666 missos
1994 2615 2060 2667 ab
2102 2616 2343 2682 Augusta

766 2694 1031 2748 satellites
1081 2703 1293 2750 terrore
1345 2696 1647 2763 percellens
1692 2699 1792 2767 (4),
1862 2715 1927 2752 ne
1968 2702 2219 2753 mandata
2270 2700 2345 2753 illi

767 2799 1246 2857 persequerentur,
1306 2788 1505 2843 eﬂ'ecit.
1542 2788 1620 2843 Ex
1666 2791 1751 2844 his
1794 2806 1924 2859 ergo
1961 2802 2119 2859 atque
2155 2793 2349 2845 simili-

769 2883 867 2937 hns
898 2882 917 2953 [
944 2883 1219 2950 praeclaris
1247 2882 1389 2936 beati
1423 2880 1650 2936 Joannis
1682 2882 2021 2937 facinoribus
2047 2882 2065 2954 ]
2116 2886 2349 2938 Aeacius

769 2972 1063 3036 iterrhmaz,
1111 2972 1473 3041 TheOphilus,
1530 2974 1851 3037 Antiochus,
1911 2984 1966 3025 et
1998 2972 2347 3042 Severianus,

2441 1972 2653 2025 Γίνεται
2686 1974 2823 2043 πρὸς
2849 1974 3012 2026 αὑτὸν
3054 1975 3087 2043 ὴ
3126 1974 3350 2039 Εὺδοξία
3384 1974 3450 2027 δι’
3488 1974 3722 2045 ἔχθρας,
3765 1976 4024 2047 ἀνεθῆναι

2441 2064 2532 2118 τὸν
2596 2065 2900 2119 Παυλάκιον
2958 2064 3262 2118 σπεύδουσα
3305 2068 3401 2119 καὶ
3462 2068 3563 2137 οὐχ
3614 2069 4022 2138 ὑπακουομένη.

2444 2155 2634 2224 Ὅμως
2677 2155 2990 2223 ἀπαιτήσας
3034 2146 3062 2207 6
3103 2156 3311 2218 δίκαιος
3352 2155 3534 2209 δίδωσι
3570 2157 3631 2209 τὸ
3674 2156 3921 2227 ἀδίκημα
3957 2158 4024 2225 τῇ

2444 2246 2769 2316 ἠδικημένη.
2826 2247 2912 2298 Ἐν
2952 2240 2997 2313 ᾧ
3041 2246 3137 2298 καὶ
3177 2246 3364 2316 θαῦμα
3407 2247 3613 2315 γίνεται
3650 2264 3666 2278 ·
3705 2248 4026 2301 ἀποσπάσαι

2444 2340 2554 2409 γὰρ
2583 2341 2793 2409 πέμπει
2822 2340 2870 2371 ’⁵
2900 2340 2933 2409 ἡ
2965 2339 3192 2404 Εὐδοξία
3216 2340 3309 2392 τὸν
3342 2338 3653 2393 Παυλάκιον
3677 2340 3774 2393 καὶ
3800 2342 4030 2403 ἄκοντος

2446 2431 2717 2495 Ἰωάννου,
2750 2430 2979 2497 ἄγγελος
3001 2430 3059 2484 δέ
3090 2430 3418 2501 λογχοφόρος
3449 2432 3639 2501 φανεὶς
3664 2432 3758 2484 καὶ
3781 2430 4027 2502 φοὸήσας

2446 2526 2572 2588 τοὺς
2615 2527 3021 2590 ἀποσταλέντας
3066 2526 3388 2597 ἀπράκτους
3428 2527 3684 2593 ἐποίησεν
3716 2527 3785 2579 ⁷³.
3846 2525 3943 2578 Ἐκ
3972 2525 4030 2577 δὲ

2448 2617 2654 2668 τούτων
2683 2617 2772 2669 καὶ
2804 2616 3058 2669 τοιούτων
3104 2616 3359 2678 Ἀκάκιος
3388 2616 3417 2668 6
3442 2616 3669 2687 Βεροίας
3700 2616 3748 2647 ’⁸
3772 2617 3866 2668 καὶ
3894 2616 4026 2668 Θεό-

2450 2709 2602 2775 φιλος
2634 2708 2726 2760 καὶ
2748 2707 3023 2777 Ἀντίοχος
3062 2708 3157 2761 καὶ
3202 2707 3533 2777 Σεόηριανὸς
3576 2706 4026 2776 συλλαμϐανομέ-

2451 2816 2563 2867 νης
2582 2798 2835 2861 Εὐδοξίας
2864 2799 2958 2850 καὶ
2984 2796 3510 2869 προκαταρχομένης
3534 2796 3870 2867 σκευωροῦσι
3887 2798 3929 2827 ⁷⁷
3961 2797 4034 2849 τὰ

2453 2888 2595 2940 κατά
2619 2888 2710 2940 τὸν
2758 2890 3033 2960 Ἰωάννην,
3068 2889 3278 2942 πολλῶν
3305 2892 3399 2944 καὶ
3424 2890 3598 2945 ἄλλων
3621 2890 4031 2958 συνεπομένων,

2455 2979 2550 3035 οὓς
2583 2980 2820 3048 ἐλέγχων
2864 2980 3075 3036 ἐλύπει.

768 3068 1059 3136 adjuvante
1095 3070 1327 3121 maxime
1373 3078 1535 3135 atque
1589 3077 1861 3132 prmeunte
1919 3068 2203 3137 Eudoxia,
2270 3073 2517 3144 improba
2578 3076 2665 3128 illa
2727 3075 2778 3129 iu
2840 3073 3102 3129 Joannem
3166 3073 3393 3129 consilia
3444 3073 3621 3129 moliri
3678 3085 3964 3145 cmperunt
4017 3095 4031 3131 :

772 3163 1080 3218 subsecutis
1132 3160 1418 3216 confestim
1467 3170 1521 3215 et
1581 3161 1700 3213 aliis
1765 3161 1967 3224 multis,
2011 3164 2205 3229 quibus
2262 3168 2352 3223 ille
2391 3171 2503 3225 suis
2528 3168 2990 3237 increpationibus
3015 3166 3271 3222 molestus
3298 3166 3495 3221 fuerat.

840 3257 1177 3325 Theophilus
1200 3258 1276 3327 (5)
1316 3260 1531 3310 Petrum
1576 3257 1918 3309 Alexandriae
1962 3261 2346 3333 archipresby-
2374 3268 2418 3328 C

777 3362 948 3404 tc-rum
1017 3352 1117 3404 hoc
1177 3350 1395 3403 nomine
1463 3350 1769 3413 accusavit,
1837 3352 1977 3416 quod
2040 3351 2353 3409 Manichacae

777 3441 987 3496 mulieri
1025 3442 1411 3495 eucharistiam
1459 3442 1793 3495 tradidisset.
1838 3441 1932 3496 llic
1976 3458 2101 3498 vero
2146 3462 2243 3513 pro
2271 3448 2355 3500 sui

777 3531 1094 3587 defensione
1118 3530 1399 3597 aﬂerebat,
1454 3543 1508 3586 et
1536 3546 1853 3586 conversam
1915 3534 2057 3587 illam
2113 3551 2256 3599 esse,
2305 3547 2360 3593 et

779 3625 990 3677 nonnisi
1044 3625 1335 3694 ejusjussu
1361 3624 1745 3692 mysteriorum
1786 3626 2104 3695 participem
2134 3628 2355 3683 factam.

778 3716 894 3781 Qua
928 3718 979 3770 in
1026 3732 1083 3770 re
1118 3717 1240 3770 tidei
1288 3725 1484 3769 testem
1517 3718 1752 3773 laudavit
1783 3714 2045 3769 lsidorum
2083 3719 2362 3790 presbyter:

782 3824 922 3874 rum,
977 3811 1201 3865 advenis
1256 3808 1607 3864 Alexandriae
1652 3810 1977 3875 recipiendis
2024 3809 2359 3879 praefectum.

782 3902 881 3956 llic
905 3902 994 3956 ille
1022 3911 1126 3965 est,
1164 3915 1325 3969 quem
1363 3900 1432 3953 ob
1460 3901 1717 3954 virtutem
1751 3899 2083 3965 Theophilus
2114 3911 2268 3953 antea
2295 3902 2362 3955 ad

786 3993 1075 4047 Damasum
1129 3992 1375 4054 miserat,
1432 3991 1634 4059 quique
1673 3991 1930 4045 Flaviano
1957 3988 2031 4057 (6)
2066 3991 2364 4045 amicitiam

781 4084 951 4139 Roma
986 4072 1437 4153 societatemque
1488 4084 1771 4147 attulerat,
1822 4099 1943 4137 cum
1990 4085 2099 4154 jam
2170 4084 2367 4139 vicesi-

786 4192 929 4229 mum
968 4190 1167 4229 animm
1200 4184 1430 4243 utraque
1461 4172 1700 4228 Ecclesia
1735 4174 1801 4227 ab
1842 4174 2010 4228 altera
2050 4174 2362 4229 dissideret.

785 4267 909 4333 llic,
934 4268 1176 4336 inquam,
1199 4266 1436 4319 Isidorus
1451 4265 1743 4319 secundum
1765 4263 1980 4318 Petrum
1997 4264 2366 4319 testimonimn

785 4359 944 4414 dixit.
998 4357 1182 4422 Quare
1209 4356 1548 4420 Theophilus
1598 4354 1675 4408 ira
1714 4355 1994 4418 incensus,
2030 4355 2247 4409 Petrum
2274 4371 2370 4408 ex-

789 4450 986 4519 templo
1012 4449 1250 4503 Ecclesia
1280 4448 1574 4509 submovit,
1634 4448 1687 4499 in
1741 4446 2004 4499 lsidorum
2052 4462 2182 4499 vero
2218 4447 2367 4499 illum

788 4543 1162 4596 admirandum
1192 4542 1390 4603 virum,
1437 4554 1573 4608 quas
1608 4538 1954 4606 impudicitia:
1977 4538 2163 4606 plenas
2197 4538 2369 4592 ﬁnxe-

790 4646 874 4688 rat
908 4633 1139 4699 tabnlas,
1172 4632 1417 4702 protulit,
1456 4640 1511 4684 et
1540 4644 1765 4695 puerum
1798 4641 2167 4683 accusatorem
2195 4631 2368 4699 pretio

790 4728 1127 4781 subornavit.
1191 4724 1342 4789 Quod
1403 4723 1492 4777 ubi
1555 4722 1764 4775 facinus
1818 4721 2213 4790 deprehensum
2260 4734 2365 4785 est,

794 4820 964 4887 magis
993 4818 1155 4873 etiam
1210 4815 1490 4868 iracundia
1526 4812 1860 4881 TheOphilus
1896 4814 2187 4866 excanduit
2218 4830 2231 4866 :
2264 4813 2367 4867 etsi

796 4912 881 4963 illa
914 4924 1127 4979 quoque
1158 4909 1261 4961 alia
1311 4920 1377 4961 ex
1411 4921 1570 4959 causa
1620 4920 1844 4958 accensa
1889 4915 1991 4958 est.
2050 4904 2190 4958 Mille
2222 4905 2367 4959 enim

797 5018 1062 5066 nummos,
1121 5016 1259 5070 quos
1324 4997 1575 5065 inopibus
1633 4997 2034 5050 distribuendos
2092 4995 2369 5050 Theodota

799 5096 1082 5161 tribuerat,
1120 5096 1357 5150 Isidorus
1390 5102 1676 5161 acceperat
1706 5099 1761 5143 et
1797 5088 2171 5154 distribuerat,
2232 5089 2369 5143 nihil

2524 3266 2645 3317 Ὀτι
2669 3262 2925 3331 Θεόφιλος
2944 3262 3148 3331 Πέτρον
3167 3261 3258 3314 τὸν
3278 3260 3840 3331 πρωτοπρεσόύτερον
3854 3260 4033 3328 ⁹Δλεξ’

2458 3356 2707 3426 ανδρείας
2742 3356 2801 3407 ἐν
2865 3354 3016 3423 αίτίᾳ
3060 3354 3301 3405 ἐποιεῖτο
3335 3353 3411 3415 ὡς
3437 3353 3658 3421 γυναικὶ
3687 3353 3966 3423 Μανιχαίᾳ
3992 3353 4036 3385 ⁷⁸

2457 3449 2564 3500 τῶν
2598 3446 2913 3517 μυστηρίων
2950 3444 3247 3515 μεταδόντα
3270 3459 3287 3474 ·
3311 3445 3339 3496 6
3368 3444 3424 3497 δέ
3448 3444 3771 3511 ἀπελογεῖτο
3792 3443 3922 3515 [145
3946 3442 4040 3514 ιιι

2461 3539 2557 3591 καλ⁸
2591 3536 3003 3608 μετατεθεῖσθαι
3041 3535 3211 3606 αὐτὴν
3258 3535 3356 3588 καὶ
3394 3538 3461 3606 τῇ
3511 3536 3725 3588 ἐκείνου
3766 3536 4041 3605 ἐπιτροπῇ

2460 3630 2568 3682 τῶν
2595 3628 2909 3698 μυστηρίων
2950 3626 3119 3696 αὐτὴν
3152 3624 3404 3690 ἀξιῶσαι,
3434 3628 3530 3680 καὶ
3566 3625 3786 3696 παρῆγε
3817 3624 3914 3678 τοῦ
3943 3625 4044 3687 Q6-

2463 3737 2561 3789 γου
2608 3719 2863 3790 μάρτυρα
2909 3718 3177 3789 Ἰσίδωρον
3198 3716 3290 3769 τὸν
3315 3716 3683 3786 πρεσϐύτερον
3707 3715 3803 3768 καὶ
3833 3714 4044 3781 ξενοδὸ-

2462 3828 2555 3881 χον
2576 3811 2675 3879 τῆς
2703 3809 3134 3880 Ἀλεξανδρείας.
3186 3801 3355 3871 Οὗτός
3383 3810 3528 3861 ἐστιν
3552 3807 3581 3860 6
3607 3807 3698 3861 διά
3736 3807 3837 3877 τὴν
3872 3807 4043 3861 αὐτοῦ

2464 3903 2665 3972 ἀρετὴν
2720 3901 2873 3973 παρά
2926 3901 3185 3968 Θεοφίλου
3250 3898 3440 3973 [πάλαι
3483 3898 3557 3972 τ’]
3612 3899 3749 3969 πρὸς
3789 3900 4047 3969 Δαμασὸν

2467 3994 2703 4059 σταλεὶς,
2763 3994 2857 4047 καὶ
2911 3993 3147 4062 κομίσας
3182 3992 3289 4044 ἀπὸ
3352 3990 3571 4061 Ῥώμης
3615 3989 3902 4059 Φλασιανῷ
3945 3990 4047 4061 τὴν

2468 4086 2738 4156 ἀποδοχὴν
2771 4088 2864 4138 καὶ
2894 4085 2994 4153 τὴν
3030 4084 3167 4154 πρὸς
3197 4083 3360 4135 αὑτὸν
3392 4084 3677 4135 κοινωνίαν
3703 4121 3719 4145 ,
3749 4082 3843 4134 ἐπὶ
3868 4081 4046 4134 ἐτεσιν

2469 4178 2640 4230 εἴκοσι
2661 4178 3069 4248 διαφερομένων
3085 4175 3193 4228 τῶν
3220 4174 3311 4227 δύο
3347 4173 3686 4241 Ἐκκλησιῶν
3722 4172 3859 4243 πρὸς
3886 4172 4046 4242 ἀλλή-

2469 4269 2588 4329 λας.
2636 4270 2692 4321 '0
2728 4270 2783 4321 δὲ
2840 4268 3107 4338 Ἰσίδωρος
3139 4266 3440 4337 ἐμαρτύρει
3492 4267 3713 4335 Πέτρῳ,
3752 4263 3848 4318 καὶ
3879 4265 4046 4336 ὠργί-

2472 4361 2593 4423 ζετο
2636 4364 2663 4411 ὁ
2691 4359 2970 4425 Θεόφιλος.
3027 4359 3137 4411 Kal
3168 4358 3259 4409 τὸν
3308 4358 3408 4425 μὲν
3454 4356 3659 4423 Πέτρον
3700 4354 3904 4407 αὐτίκα
3948 4354 4048 4423 τῆς

2483 4451 2808 4519 Ἐκκλησίας
2831 4448 3038 4513 διώκει,
3066 4448 3207 4500 κατά
3235 4446 3507 4516 Ἰσιδώρου
3532 4445 3587 4497 δέ
3618 4444 3712 4497 τοῦ
3741 4444 4045 4515 θαυμασίου

2474 4544 2677 4612 χάρτην
2712 4540 3000 4608 ἀσελγείας
3034 4539 3352 4610 συμπλάσας
3391 4538 3717 4609 προκομίζει
3754 4539 3851 4589 καὶ
3884 4536 4047 4590 παῖδα

2475 4637 2780 4705 κατήγορον
2832 4631 3139 4704 μισθοῦται.
3172 4632 3280 4685 Kal
3318 4630 3415 4683 τοῦ
3454 4629 3733 4699 δράματος
3759 4627 4045 4697 ἐλεγχθέν-

2475 4744 2565 4789 τος
2600 4728 2679 4788 είς
2722 4726 2943 4776 πλείονα
2972 4724 3170 4777 κακίαν
3226 4722 3507 4774 ἐκκαίεται
3535 4722 3563 4774 6
3592 4719 3872 4788 Θεόφιλος.
3918 4719 4048 4770 Συν-

2475 4820 2616 4889 ἧπτε
2632 4819 2677 4849 ⁸⁸
2705 4818 2761 4869 δὲ
2790 4816 2955 4869 αὑτοῦ
2980 4817 3038 4868 τὸ
3074 4816 3265 4879 πάθος,
3292 4815 3375 4866 ὅτι
3396 4810 3711 4882 χρήματα⁸¹
3740 4808 3922 4862 λαϐὼν
3953 4808 4047 4877 μέ-

2478 4927 2566 4980 χρι
2616 4909 2803 4978 χιλίων
2839 4906 3190 4976 νομισμάτων
3236 4905 3471 4973 πτωχοῖς
3492 4902 3770 4967 διανεῖμαι
3804 4898 4047 4966 (Θεοδότη

2478 5001 2522 5052 δ’
2549 4996 2615 5070 ἦν
2642 5002 2673 5070 ἠ
2708 4998 3121 5067 πιρασχομένη)
3151 4994 3294 5048 οὕτω
3325 4996 3419 5047 καὶ
3450 4994 3697 5062 ἐποίησε,
3726 4990 3891 5061 μηδὲν
3920 4988 4043 5041 τού-

2478 5109 2585 5143 των
2628 5091 2869 5159 Θεοφίλῳ
2918 5088 3409 5159 προσαναθέμενος.
3463 5086 3659 5154 Φεύγει
3700 5079 3795 5135 οὖν
3821 5082 3912 5134 διὰ
3956 5080 4051 5149 τὴν

2100 5200 2334 5257 γΑΒιΑε
2369 5198 2660 5256 LECTION
2672 5202 2774 5256 ES.

871 5327 916 5355 '”
954 5324 1281 5392 Ἐκκλησίαν
1302 5341 1359 5386 ς.

806 5395 1096 5466 μανιχαίαν
1127 5394 1190 5447 Α.

1438 5321 1481 5351 ⁷⁸
1507 5322 1715 5389 πέμπει
1749 5323 1821 5372 A:
1871 5318 2180 5389 σπεύδεις.
2241 5318 2286 5347 ⁷⁸
2314 5317 2484 5369 ἐποίει
2522 5336 2581 5383 ς.

1269 5395 1313 5426 ⁷³
1347 5394 1512 5449 πάλαι
1540 5388 1648 5445 oin.
1676 5394 1743 5453 A,
1764 5392 1924 5443 habet
1950 5388 2011 5442 C.
2088 5388 2131 5417 ⁸⁸³
2168 5390 2505 5457 συνανῆπται
2540 5407 2597 5453 ς.

2656 5319 2701 5349 ”’⁶
2729 5318 2989 5388 Βερῤοίας
3023 5334 3082 5381 ς.
3181 5315 3227 5345 ⁷⁷
3253 5310 3585 5384 σκαιωροῦσι
3608 5328 3644 5375 ς

2677 5390 2720 5419 ⁸³
2753 5390 2835 5441 ὅτι
2869 5389 2962 5441 καὶ
2990 5388 3248 5457 χρήματα
3272 5403 3331 5450 ς.

3746 5309 3793 5339 ⁷⁸
3822 5311 4051 5376 γυναῖκα

2350 5507 2581 5564 ΝΟΤιΕ.

878 5611 952 5677 (5)
978 5608 1087 5661 lloc
1106 5608 1320 5661 nomine
1350 5604 1681 5677 Theognosti
1704 5603 1889 5665 vidua,
1910 5603 1973 5654 de
2004 5616 2107 5677 qua
2128 5603 2217 5655 hic
2254 5601 2379 5666 inf.,

810 5682 901 5732 sed
928 5674 1113 5734 cinttra
1164 5678 1381 5730 Palladii
1423 5685 1476 5727 et
1510 5674 1775 5742 Mctaphr.
1817 5675 2218 5733 auctoritatem,
2262 5688 2383 5725 cum

813 5748 1225 5821 qutbtteroster
1251 5761 1462 5813 quoque
1486 5746 1671 5797 sentit.
1796 5814 1806 5821 _
1947 5812 1959 5821 .
2074 5812 2083 5821 '

890 5820 967 5888 (4)
1009 5819 1149 5872 Duos
1193 5812 1536 5871 centuriones
1559 5834 1677 5869 cum
1730 5814 1840 5868 suis
1881 5812 2192 5866 cohortibus
2242 5813 2386 5866 addit

2496 5603 2603 5657 Lvo
2630 5606 2857 5675 August.
2897 5605 2951 5656 in
2999 5600 3120 5675 Vita
3152 5599 3215 5675 Β.
3240 5596 3494 5667 Chrysa“

2564 5676 2639 5743 (5)
2680 5662 2873 5729 Narrat
2895 5676 3008 5727 hac
3034 5671 3319 5743 NiCepbor.
3348 5662 3471 5737 cap.
3502 5665 3536 5719 9
3571 5674 3625 5718 et
3648 5662 3736 5719 10.

2570 5738 2645 5813 (ti)
2686 5746 3028 5800 Antiocheno
3050 5738 3390 5810 patriarch
