4224 6442
164 403 257 469 353

1288 396 1813 460 BIBLIOTHECA.
1844 422 1912 430 —
1950 396 2113 455 COD.
2150 394 2349 455 XCVI.

3336 384 3441 450 354

164 520 528 591 ἐπικειμένην
577 520 745 589 ὀργὴν
803 521 896 572 ἐπὶ
944 519 1003 571 τὸ
1050 520 1147 588 τῆς
1177 519 1403 590 Νιτρίας
1427 517 1573 586 ὄρος,
1617 516 1674 567 ὲν

1861 514 2046 566 ltornm
2064 509 2366 578 Theophila
2388 506 2627 560 conscio.
2671 506 2908 560 Secessnt
2941 515 3107 576 tg.tnr
3131 505 3441 561 devitandas

164 614 252 666 καὶ
278 612 415 681 πρὶν
457 610 651 681 κελλίῳ
684 609 943 679 ἡσύχαζε.
977 608 1095 660 Τῶν
1138 609 1195 661 δὲ
1221 606 1321 675 τῆς
1346 605 1621 673 Αἰγύπτου
1654 620 1749 673 μο-

1861 602 2149 656 iracundia:
2198 602 2250 652 in
2283 608 2517 652 montem
2550 596 2755 661 Nitrie,
2811 597 3162 665 quietemque
3215 596 3346 650 inibi
3385 599 3439 651 in

164 706 479 776 ναστηρίων
530 705 821 776 Διόσκορος
866 703 1094 775 ἡγοῦντο
1137 703 1234 755 καὶ
1286 700 1593 771 ’Δμμώνιος
1656 700 1751 751 καὶ⁸

1861 695 2015 749 solita
2047 693 2182 748 cella
2214 690 2461 759 qnesivit
2494 707 2508 742 :
2547 703 2668 742 cum
2712 704 2775 743 eo
2806 696 3052 757 tempore
3086 689 3445 743 monasterio-

168 794 446 864 Εὖθύμιος
499 797 594 847 καὶ
658 795 912 854 Εὐσέϐιος
957 792 1196 860 ἀδελφοὶ,
1242 790 1334 853 οὓς
1379 792 1485 843 ἀπὸ
1519 790 1617 857 τῆς
1658 787 1750 840 τοῦ

1861 803 1969 839 rum
2000 800 2095 855 per
2125 783 2419 852 Egyptum
2464 782 2699 850 praefecti
2730 792 2911 835 essent
2940 780 3254 845 Dioscorus,
3294 781 3443 850 82a

166 885 427 970 adi-riam;
449 884 762 954 ἀναδρομῆς
785 882 1060 951 Μακροὺς
1081 883 1329 936 ἐκάλουν.
1346 881 1550 951 Συνέϐη
1568 882 1623 933 δὲ
1633 881 1753 932 τότε

1861 879 2195 941 Ammonius,
2214 874 2556 945 Euthymins,
2586 884 2640 928 et
2662 874 2929 928 Eusebius
2956 875 3199 943 germani
3227 874 3445 936 fratres,

167 976 226 1027 τὸ
254 976 407 1027 κατά
440 973 549 1025 τῶν
594 974 1170 1044 Ἀνθρωπομορφιτῶν
1192 974 1493 1045 ἐκραγῆναι
1526 971 1755 1041 φιλονεί-

1856 986 1994 1038 quos
2047 988 2077 1024 a
2124 984 2407 1037 corporum
2458 967 2785 1035 proceritate
2815 964 3020 1033 Longos
3077 965 3441 1034 appellabant,

171 1081 329 1131 κημα
350 1062 419 1117 ⁸³.
455 1063 567 1115 Καὶ
603 1064 1000 1127 στασιαζόντων
1025 1064 1134 1116 τῶν
1178 1065 1320 1116 κατὰ
1343 1064 1440 1132 τὴν
1486 1064 1759 1130 Αἴγυπτον

1861 1061 2134 1115 Gliscebat
2184 1074 2246 1114 ea
2296 1068 2617 1126 tempestate
2667 1057 2941 1109 contentio
2964 1071 3085 1109 cum
3132 1058 3445 1124 Anthmpn-

175 1153 296 1227 [261
338 1152 437 1226 Η.]
475 1154 749 1223 μοναχῶν,
802 1156 1182 1224 ἀγραμμάτων
1215 1154 1383 1206 ὄντων
1416 1154 1509 1206 καὶ
1570 1153 1763 1223 ἀγροί-

176 1264 287 1299 κων
322 1246 437 1298 τῶν
473 1247 706 1311 πολλῶν,
736 1249 766 1299 ὁ
797 1245 1073 1313 Θεόφιλος,
1100 1247 1220 1298 ἐπεὶ
1249 1248 1557 1313 ἐπέστησαν
1592 1243 1761 1313 αὐτῷ,

176 1336 459 1399 δεδοικὼς.
501 1336 576 1399 ὠς
615 1336 810 1399 ἐδόκει,
860 1336 1305 1404 κατασοφίςεται,
1348 1334 1438 1387 καί
1468 1351 1601 1403 φησι
1630 1334 1767 1403 πρὸς

179 1428 384 1491 αὐτούς
409 1444 425 1459 ο
456 1424 637 1481 Εἶδον
687 1428 759 1481 τὰ
788 1429 1079 1494 πρόσωπα
1118 1425 1286 1495 ὑμῶν
1330 1425 1411 1491 ὠς
1446 1426 1769 1494 πρόσωπον

181 1521 360 1575 Θεοῦ.
421 1520 547 1573 Τῶν
580 1520 635 1572 δὲ
678 1520 775 1572 καὶ
826 1519 1127 1589 Ὠριγένην,
1170 1518 1245 1581 ὡς
1268 1520 1676 1589 ἀσχημάτιστον
1708 1519 1768 1569 τὸ

180 1614 327 1665 θεῖον
358 1613 589 1680 λέγοντα
616 1652 631 1674 ,
670 1611 1169 1681 ἀναθεματισθῆναι
1220 1610 1771 1681 προσεπιζητούντων

181 1704 461 1773 ὑπέσχετο
490 1703 739 1773 ποιήσειν
763 1702 810 1733 ⁸³
849 1702 945 1755 καὶ
964 1700 1145 1765 τοῦτο,
1178 1702 1274 1754 καὶ
1314 1701 1533 1769 διέφυγε
1565 1701 1655 1753 τὸν
1684 1700 1773 1753 θά-

1864 1154 2147 1223 morpbitis
2174 1152 2462 1206 haereticis.
2498 1147 2690 1202 Versis
2721 1158 2900 1201 autem
2941 1162 3005 1201 ex
3053 1163 3117 1201 eo
3148 1150 3197 1200 in
3228 1148 3445 1201 seditio-

1863 1264 2010 1312 nem,
2072 1245 2367 1311 turbasque
2402 1258 2497 1312 per
2524 1238 2822 1311 Egyptum
2851 1240 3251 1294 concitantibus
3274 1255 3454 1293 mona.

1865 1338 1981 1392 chis
2012 1337 2213 1404 aliquot
2256 1335 2485 1389 indoctis
2533 1344 2589 1388 et
2612 1334 2933 1401 agrestibus.
2982 1329 3335 1399 Theophilus,
3382 1332 3451 1382 ab

1867 1432 1953 1485 bis
1972 1432 2383 1493 circumsessus,
2421 1443 2531 1497 pra:
2557 1435 2728 1487 metu,
2776 1437 2834 1478 ut
2862 1434 3108 1491 apparet,
3147 1423 3449 1492 hujnsntodi

1869 1537 1963 1575 eos
1996 1522 2326 1590 sophismate
2394 1519 2590 1573 delusit
2622 1536 2635 1571 :
2695 1516 2782 1570 Sic
2815 1529 3029 1577 vestras,
3064 1516 3255 1580 inquit,
3290 1515 3452 1582 facies

1872 1615 2003 1679 vidi,
2060 1623 2114 1667 ut
2178 1613 2367 1681 facient
2422 1611 2539 1665 Dei.
2598 1612 2666 1663 At
2706 1624 2827 1664 cum
2860 1610 2910 1661 bi
2946 1618 3205 1675 praitcrea
3238 1608 3305 1659 ab
3338 1610 3453 1673 ipso

1874 1705 2230 1774 postularent,
2288 1701 2627 1771 utOrigenes
2669 1716 2905 1769 quoque,
2956 1699 3100 1767 quod
3152 1699 3195 1751 is
3219 1698 3452 1750 humana

181 1816 369 1853 νατον,
419 1796 640 1865 Ταύτης
683 1796 1021 1866 δραξάμενος
1070 1796 1213 1850 κατὰ
1270 1795 1378 1848 τῶν
1408 1795 1634 1865 μακρῶν
1675 1795 1772 1863 τῆς

1880 1800 2043 1851 Deum
2074 1796 2242 1849 forma
2271 1809 2460 1849 carere
2493 1803 2781 1856 assereret,
2844 1791 3191 1843 anathemate
3229 1790 3457 1841 damna-

180 1889 522 1959 προφάσεως
571 1862 651 1959 (οὐ
679 1862 786 1956 γάρ
817 1862 1097 1940 ἐϐούλοντο
1131 1887 1232 1952 ἔτι,
1267 1862 1454 1957 ὥσπερ
1484 1862 1770 1957 πρότερον,

1885 1900 2056 1953 retur;
2109 1888 2377 1964 facturum
2420 1901 2480 1940 se
2507 1886 2728 1953 recepit,
2776 1886 2960 1950 sicque
2990 1893 3216 1936 mortem
3249 1882 3455 1936 devita-

180 1980 337 2049 αὑτῷ
360 1979 797 2032 συνδιαιτᾶσθαι’
830 1971 978 2032 οὗτοι
1006 1978 1063 2031 δὲ
1100 1978 1159 2032 τὸ
1187 1979 1326 2030 θεῖον
1352 1979 1777 2048 ἀσχημάτιστον,

182 2071 259 2135 ὡς
310 2074 343 2125 ὁ
387 2071 551 2139 ὀρθὸς
598 2070 793 2137 λόγος,
846 2069 1197 2140 ἐπρέσϐευον)
1237 2068 1513 2121 διαϐάλλει
1558 2068 1777 2130 τούτους

184 2165 326 2234 πρὸς
364 2164 496 2225 τοὺς
546 2164 604 2215 ὲν
633 2162 895 2232 Αἰγύπτῳ
921 2162 1208 2231 μοναχοὺς,
1244 2160 1339 2215 καὶ
1364 2164 1504 2214 κινεί
1530 2162 1649 2213 κατ’
1678 2161 1774 2213 αὑ-

184 2258 295 2307 τῶν
324 2255 391 2307 τὸ
418 2255 675 2322 ἀγελαῖον
696 2255 872 2305 έκεῖνο
893 2253 938 2284 ⁸⁸
963 2251 1183 2322 πλῆθος,
1215 2253 1296 2304 ἔτι
1325 2251 1381 2303 δὲ
1407 2252 1501 2303 καὶ
1527 2250 1665 2303 κατὰ
1684 2250 1777 2303 τοῦ

188 2348 607 2418 προειρημένου
657 2345 955 2416 Ἰσιδὼρου,
1013 2344 1081 2395 δι’
1133 2342 1193 2394 ὃν
1251 2343 1451 2414 μᾶλλον
1500 2344 1594 2395 καὶ
1646 2345 1782 2413 πρὸς

189 2439 444 2500 ἐκείνους
472 2436 947 2507 ὲξυπεπολέμωτο.
990 2436 1155 2499 Τέλος
1187 2436 1325 2505 μετά
1370 2435 1571 2498 πολλάς
1603 2435 1784 2489 κακώ-

193 2549 311 2596 σεις
359 2534 461 2585 καὶ
499 2530 814 2593 ἐπιϐουλάς,
863 2530 957 2582 καὶ
1004 2530 1140 2599 μετά
1188 2531 1279 2582 τὸν
1319 2528 1648 2598 ἐμπρησμὸν
1694 2528 1785 2580 τὸν

193 2623 476 2676 ἑκκαέντα
517 2621 659 2676 κατά
700 2621 811 2675 τῶν
840 2620 1066 2674 κελλίων
1092 2620 1295 2683 αὐτῶν,
1328 2620 1621 2688 φεύγουσιν
1652 2622 1787 2673 ἐκεῖ·

195 2713 289 2765 θεν
330 2713 416 2774 είς
476 2710 1069 2767 Κωνσταντινούπολιν.
1128 2709 1186 2763 '0
1229 2709 1285 2762 δὲ
1335 2710 1787 2780 συμπαθέστατος

195 2806 464 2874 Ἰωάννης
493 2803 810 2872 ὑποδέχεται
856 2803 956 2873 μὲν
978 2803 1175 2866 αὐτοὺς
1203 2804 1298 2856 καὶ
1328 2803 1502 2867 άλλως
1533 2803 1788 2874 φιλοφρο-

198 2902 401 2962 νεῖται,
440 2898 503 2949 οὐ
552 2896 875 2966 μεταδίδωσι
917 2894 974 2947 δὲ
1022 2895 1111 2949 διά
1163 2895 1423 2965 Θεόφιλον
1476 2897 1784 2961 κοινωνίας.

202 2990 415 3061 Γράφει
462 2990 523 3042 δὲ
548 2989 695 3059 αὐτῷ
742 2988 836 3040 καὶ⁵
870 2987 1178 3058 ἐπιστολὴν,
1227 2988 1363 3059 πρὸς
1403 2989 1627 3059 εἰρήνην
1656 3007 1791 3058 συμ-

201 3082 486 3145 6ι6ἀζων⁶
516 3082 546 3133 ό
578 3081 634 3132 δὲ
666 3080 1097 3150 παρακρούεται.
1157 3079 1516 3132 Ἐπιδιδοῦσιν
1533 3081 1581 3131 οί
1616 3081 1660 3111 ⁸³
1689 3098 1793 3151 μα·

201 3174 333 3244 κροὶ
360 3173 511 3226 κατά
534 3171 794 3239 Θεοφίλου
818 3169 1113 3234 λιόέλλους.
1138 3172 1319 3225 Πείθει
1347 3173 1441 3224 καὶ
1474 3174 1683 3235 ἐκεῖνός
1710 3192 1785 3226 τι·

1885 1984 1982 2036 vit.
2034 1981 2147 2035 Hac
2175 1982 2340 2050 igitur
2366 1979 2451 2033 ille
2478 1988 2690 2047 arrepta
2719 1978 3003 2030 occasione
3038 1976 3299 2030 adversus
3318 1973 3460 2028 Lon-

1887 2091 1981 2146 gos
2027 2075 2225 2129 fratres
2280 2073 2395 2143 (qui
2438 2072 2551 2139 jam
2613 2071 2935 2125 recusabant
2973 2070 3175 2123 diutius
3222 2066 3337 2135 ejus
3380 2069 3456 2122 ttti

1887 2167 2261 2229 contubernio,
2319 2165 2459 2234 quod
2491 2163 2621 2227 Deo,
2670 2174 2727 2216 nt
2784 2177 2869 2215 res
2916 2171 3017 2224 est,
3080 2161 3307 2215 formam
3339 2176 3461 2215 esse

1889 2265 2177 2317 humanam
2206 2259 2543 2314 tribuendam
2588 2255 2898 2327 negarent),
2926 2256 3064 2322 apud
3096 2253 3312 2325 Egypti
3349 2271 3462 2305 uto-

1890 2355 2114 2417 nachos,
2167 2366 2262 2422 per
2288 2349 2616 2403 calumniam
2648 2362 2740 2402 eos
2772 2348 3029 2409 traduxit,
3068 2355 3122 2403 et
3158 2344 3460 2413 imperitam

1892 2447 2034 2500 illam
2067 2445 2462 2499 multitudinem
2505 2458 2627 2497 cum
2686 2440 2737 2493 in
2773 2440 2888 2495 illos
2919 2438 3234 2501 concitavit,
3268 2449 3377 2489 ttttn
3411 2438 3462 2491 in

1892 2541 2177 2601 lsidorum,
2230 2553 2389 2608 quem
2423 2536 2695 2589 diximus:
2726 2534 2876 2601 cujus
2896 2534 3059 2588 etiam
3093 2531 3309 2585 nomine
3339 2545 3463 2585 cum

1893 2631 1999 2683 illis
2056 2629 2307 2683 libentius
2336 2637 2546 2681 certare
2586 2636 2846 2695 cteperat.
2912 2624 3041 2678 Post
3094 2622 3288 2677 multas
3336 2636 3465 2691 ergo

1893 2720 2070 2775 illatas
2132 2719 2356 2785 injurias
2418 2726 2761 2783 structasque
2811 2715 3055 2774 insidias,
3111 2723 3231 2782 post
3287 2712 3462 2782 ignem

1894 2826 2109 2881 quoque
2150 2810 2401 2879 injectum
2443 2809 2681 2875 ipsorum
2726 2803 2898 2867 cellis,
2948 2805 3069 2872 iuga
3101 2803 3203 2857 sibi
3234 2803 3467 2870 denique

1895 2903 2260 2967 consulentes,
2292 2896 2811 2963 Constantinopolim
2849 2898 3090 2947 veniunt.
3134 2894 3208 2947 lbi
3229 2891 3468 2947 Joannes

1898 2996 1985 3048 ille
2045 2992 2463 3059 benignissimus
2520 2988 2732 3056 excepit
2789 2986 3003 3054 quidem
3063 2985 3181 3038 illos
3249 2984 3463 3045 fratres.

1899 3085 2309 3150 humaniterqne
2343 3079 2655 3147 complexus
2684 3087 2797 3138 est;
2857 3088 3076 3143 propter
3108 3073 3466 3143 Theophilum

1903 3186 2079 3229 tamen
2111 3174 2162 3225 itt
2189 3172 2618 3227 communionem
2651 3170 2873 3221 minime
2908 3168 3151 3231 admisit,
3196 3168 3289 3220 sed
3345 3182 3468 3220 eum

203 3282 303 3327 νας
333 3265 466 3318 κατ’
512 3262 692 3316 αὐτῶν
739 3261 1054 3315 ὲπιδιδόναι’
1088 3261 1203 3314 ἀλλ’
1232 3261 1456 3331 ὕστερον
1504 3264 1602 3333 μὲν
1653 3260 1786 3317 οὗτοι

1861 3260 1997 3338 ’ρει-
2020 3266 2301 3335 epiStolam
2354 3264 2421 3316 ad
2470 3261 2813 3314 concordiam
2873 3261 3137 3316 invitavit.
3194 3260 3285 3313 Ille
3338 3260 3469 3312 ttibil

208 3358 384 3428 μηδὲν
407 3356 828 3417 ἀποδεικνύντες
852 3354 1312 3424 ἐφυλακίσθησαν,
1343 3358 1440 3407 καὶ
1481 3356 1800 3425 μαστιχθέν-

206 3467 301 3513 τες
327 3450 376 3482 ⁸⁸
414 3448 618 3511 ίκανῶς
657 3448 708 3500 οἱ
760 3448 859 3516 μὲν
900 3450 965 3517 τῇ
999 3446 1216 3517 φυλακῇ
1259 3446 1612 3511 ἐναπέθανον,
1652 3450 1701 3499 οἱ
1743 3447 1800 3499 δὲ

207 3543 311 3611 τὴν
352 3542 734 3611 Προκόννησον
780 3539 823 3567 ‘"
869 3540 1038 3590 οίκεῖν
1077 3538 1262 3608 ὲξορίᾳ.
1305 3538 1796 3607 κατεδικάσθησαν.

224 3634 284 3685 Ὀ
313 3633 375 3685 δὲ
413 3631 671 3699 Ἰωάννης
700 3629 849 3699 δηλοῖ
887 3632 1134 3698 Θεοφίλῳ
1165 3632 1291 3698 περὶ
1324 3630 1433 3681 τῶν
1464 3629 1587 3682 κατ’
1636 3629 1798 3682 αὐτοῦ

208 3724 482 3777 λιὸέλλων
504 3740 517 3752 ’
547 3724 640 3775 καὶ
670 3722 870 3792 γράφει
902 3721 1161 3790 Θεόφιλος
1194 3720 1563 3791 ὀργιζόμενον
1591 3741 1611 3772 ‹
1634 3718 1800 3791 Οἶμαι

216 3818 293 3886 μὴ
325 3817 549 3884 ἀγνοεῖν
578 3830 635 3865 σε
664 3814 724 3866 τὸ
759 3812 1036 3881 διάταγμα
1072 3813 1180 3864 τῶν
1219 3814 1276 3863 ὲν
1305 3812 1510 3882 Νικαίᾳ
1541 3813 1797 3875 κανόνων,

212 3910 368 3969 ὅπως
393 3905 747 3967 θεσπίζουσιν
776 3905 1074 3957 ἐπίσκοπον
1106 3902 1236 3975 [144
1268 3902 1361 3974 IL]
1398 3904 1687 3973 ὑπερόριον
1725 3904 1799 3973 μὴ

212 4000 435 4069 κρίνειν
487 3996 665 4066 δίκην.
706 3997 769 4048 El
800 3996 857 4048 δὲ
903 3998 1138 4063 ἀγνοεῖς,
1188 3994 1372 4065 μαθὼν
1413 3996 1654 4064 ἀπόσχου
1692 3996 1800 4047 τῶν

214 4090 343 4143 καθ’
408 4089 571 4158 ἡμῶν
623 4087 899 4140 λιόέλλων.
956 4106 974 4137 ι
1030 4086 1189 4139 Ἀλλά
1233 4086 1356 4138 τότε
1394 4086 1568 4139 ταῦτα
1597 4087 1643 4117 ⁸⁸
1667 4088 1803 4155 γρά-

214 4199 335 4249 φων
362 4179 627 4246 Θεόφιλος
659 4179 705 4209 ⁸⁸
743 4178 967 4250 ὕστερον
1009 4179 1171 4242 αὐτὸς
1214 4178 1508 4249 ὑπερόριον
1544 4178 1642 4247 τὴν
1680 4178 1802 4230 κατ’

213 4273 436 4325 ἐκείνου
468 4270 649 4339 ἔκρινε
682 4269 858 4339 δίκην.
898 4269 962 4321 Οί
1001 4269 1058 4321 δὲ
1090 4268 1319 4337 μοναχοὶ
1350 4267 1461 4320 τῶν
1493 4270 1636 4321 κατὰ
1675 4268 1801 4321 Θεο-

212 4366 377 4433 φίλου
421 4361 686 4414 λισέλλων
730 4362 830 4412 οὐκ
870 4360 1191 4427 ἀφίσταντο,
1236 4360 1331 4412 καὶ
1369 4358 1611 4428 ὁρίζεται
1650 4361 1803 4429 παρά

210 4459 489 4530 βασιλέως
520 4454 778 4523 Θεόφιλος
820 4453 912 4507 ἐπὶ
935 4453 1032 4524 τὴν
1065 4454 1222 4522 δίκην
1262 4453 1459 4507 ἐλθεῖν.
1499 4453 1559 4506 Ὀ
1595 4454 1652 4506 δὲ
1675 4454 1803 4523 φθό-

1900 3359 2071 3414 audit.
2122 3356 2287 3423 Longi
2341 3355 2556 3407 interim
2608 3353 2803 3405 lratres
2856 3350 3214 3419 Theophilum
3269 3351 3468 3404 oblatis

1900 3450 2096 3504 libellis
2138 3450 2466 3501 accusabant
2500 3465 2513 3500 :
2548 3457 2603 3499 et
2648 3446 2816 3499 suasit
2856 3446 2941 3498 hic
2974 3446 3208 3498 vicissim
3241 3447 3471 3514 quibus-

1901 3559 2025 3611 dam
2062 3556 2165 3625 (7),
2203 3566 2259 3608 ut
2302 3556 2420 3608 illos
2450 3564 2756 3607 acnsarent.
2799 3553 3037 3607 Tandem
3066 3568 3186 3607 cum
3243 3554 3378 3607 nihil
3419 3556 3471 3608 lti

1903 3650 2132 3719 probare
2179 3648 2437 3701 adversus
2497 3645 2709 3715 Longos
2764 3658 3001 3714 possent,
3063 3648 3114 3700 in
3172 3647 3471 3702 custodiam

1903 3742 2074 3805 missi,
2108 3741 2439 3811 ﬂagellisque
2470 3740 2707 3809 graviter
2738 3741 2883 3806 caesi,
2917 3741 3116 3809 partim
3153 3744 3205 3797 In
3244 3743 3472 3797 vinculis

1903 3834 2097 3887 mortui
2124 3844 2269 3896 sunt,
2306 3835 2499 3899 Partim
2538 3835 2587 3885 in
2618 3834 2845 3887 insulam
2876 3833 3249 3890 Praeconesum
3278 3836 3475 3904 depor-

1903 3925 2003 3977 tari
2034 3926 2312 3993 jubentur.
2341 3923 2581 3980 Joannes
2624 3927 2750 3980 hinc
2780 3925 3133 3997 Theophilum
3166 3932 3231 3982 tle
3277 3931 3479 3985 oblatis

1902 4016 2160 4069 adversus
2202 4032 2324 4070 eum
2369 4018 2731 4072 accusationis
2764 4018 2958 4072 libellis
2988 4023 3274 4074 certiorem
3321 4020 3474 4076 facit.

1903 4109 1980 4160 Ad
2007 4124 2124 4175 qua!
2147 4109 2253 4161 bile
2285 4125 2545 4163 accensus
2574 4111 2661 4164 ille
2697 4133 2708 4166 :
2750 4129 2769 4162 ι
2797 4113 3067 4174 Arbitror,
3124 4114 3318 4182 inquit,
3370 4131 3477 4168 nou

1905 4198 2155 4265 ignorare
2193 4209 2245 4252 te
2275 4198 2473 4253 Nicaani
2524 4202 2737 4254 concilii
2776 4216 3033 4264 canones,
3086 4203 3262 4271 iisque
3292 4206 3478 4268 prohi-

1904 4290 2043 4354 beri,
2082 4305 2150 4344 ne
2174 4290 2461 4359 episcopus
2492 4293 2558 4345 de
2585 4294 2887 4361 peregrino,
2920 4295 3250 4363 alteriusque
3279 4297 3479 4351 αἰωρο-

1903 4376 1977 4431 sis
2000 4377 2263 4444 judicium
2298 4393 2571 4436 exerceat.
2603 4382 2658 4435 Si
2692 4384 2926 4451 ignoras,
2976 4385 3147 4450 disce,
3192 4399 3373 4457 atque.
3410 4391 3479 4443 ab

1904 4471 2263 4524 accusationis
2311 4487 2443 4526 mea:
2491 4472 2689 4528 libellis
2735 4476 3026 4533 abstineto.
3068 4497 3088 4529 ι
3147 4478 3339 4534 Verum
3388 4485 3485 4551 qui.

210 4569 304 4613 νος
336 4549 629 4622 κρατήσας
658 4546 753 4599 ἐπὶ
785 4547 883 4615 τὴν
911 4545 1068 4616 δίκην
1090 4545 1261 4615 αὐτὴν
1301 4544 1550 4598 Ἰωάννου
1583 4544 1786 4610 καθίζει

1861 4572 1872 4615 l
1903 4560 2016 4613 lucc
2048 4572 2173 4616 tunc
2212 4562 2546 4632 Theophilus
2595 4568 2834 4637 scripsit,
2882 4581 3002 4637 post
3034 4571 3263 4638 ipsemet
3293 4544 3487 4629 alienm

210 4640 658 4712 παραγεγονότα.

1907 4652 2158 4707 ἀίωοεείε
2213 4656 2356 4711 hunc
2409 4657 2582 4725 ipsum
2628 4656 2911 4725 Joannem,
2959 4678 3057 4716 suo
3100 4662 3304 4729 judicio
3350 4682 3486 4721 con-

203 4734 516 4788 dt-mnavit.
580 4720 856 4783 Monacbis
916 4730 1112 4783 deinde
1166 4730 1232 4781 ab
1281 4729 1589 4785 accusando
1651 4730 1951 4805 TbeOpbilo
2024 4743 2246 4799 minime
2311 4720 2671 4814 cessantibus,
2729 4720 2963 4805 decrevit
3050 4720 3363 4821 imperator,
3418 4758 3479 4810 nl

205 4828 558 4898 Theophilus
598 4822 802 4891 judicio
848 4824 1153 4917 sisteretur.
1210 4823 1280 4875 At
1329 4822 1529 4876 invidia
1580 4824 1795 4881 interim
1837 4830 2059 4888 nimium
2096 4838 2455 4901 invalescens,
2489 4840 2635 4893 illum
2673 4841 2867 4910 ipsum,
2939 4844 3027 4898 ubi
3092 4848 3327 4913 advenit,
3383 4851 3474 4917 qui

202 4930 283 4981 de
310 4924 526 4980 Joanne
553 4920 874 4974 sententiam
905 4917 1091 4980 ferret,
1113 4916 1350 4985 judicem
1386 4919 1689 4973 constituit.

287 5021 412 5072 Ὀτι
475 5011 825 5081 Θεογνώστου
882 5011 1245 5079 συγκλητικοῦ
1288 5013 1655 5081 δημευθέντος
1701 5016 1799 5068 καὶ

196 5109 356 5161 κατά
378 5106 482 5174 τὴν
520 5103 735 5173 ὲξορίαν
784 5101 1204 5169 τελευτήσαντος
1233 5103 1266 5169 ή
1299 5102 1431 5171 γυνὴ
1462 5104 1555 5154 τὸν
1581 5104 1797 5157 ὑπολει-

196 5199 418 5269 φθέντα
454 5197 501 5227 ⁹⁹
548 5196 690 5264 αὐτῇ
723 5193 892 5263 ἀγρὸν
932 5194 1038 5246 ὑπὸ
1086 5193 1187 5261 τῆς
1233 5191 1501 5261 βασιλίδος
1535 5196 1796 5264 ἀφαιρεῖ-

192 5313 324 5348 ται.
371 5293 438 5346 'H
473 5291 531 5345 δὲ
588 5291 685 5342 ἐπὶ
729 5290 821 5341 τὸν
861 5289 966 5342 τῶν
991 5286 1176 5357 χηρῶν
1210 5288 1546 5358 καταφεύγει
1586 5290 1803 5361 πρόμα-

1975 5015 2299 5087 Theognosti
2370 5019 2639 5073 senatoris
2702 5023 2988 5088 proscripti
3038 5032 3092 5075 et
3131 5023 3183 5076 in
3222 5024 3477 5080 exsilimn

1910 5111 2108 5163 mortui
2138 5125 2270 5161 uxor
2301 5110 2399 5180 (ὅ),
2446 5126 2630 5179 agrum
2666 5112 2768 5165 sibi
2821 5113 2974 5181 82b
3027 5116 3269 5168 relictum
3312 5118 3479 5172 habe-

1910 5204 2021 5266 bat,
2049 5218 2207 5268 quem
2244 5201 2484 5258 Eudoxia
2518 5204 2703 5258 invita:
2738 5205 2953 5273 eripuit.
2992 5208 3083 5260 Illa
3115 5209 3279 5277 igitur
3308 5212 3372 5264 ad
3402 5212 3482 5265 vi-

1910 5294 2133 5346 dttarum
2154 5305 2605 5365 propugnatorem
2636 5294 2896 5350 Joannem
2914 5314 2973 5353 se
3004 5302 3201 5369 recepit
3230 5302 3351 5372 :qui
3382 5319 3482 5373 pro

1507 5404 1742 5459 VARUE
1773 5405 2062 5463 LECTION
2070 5407 2172 5467 ES.

272 5502 328 5530 '”
357 5500 692 5585 φιλονίκημα
728 5519 791 5581 ς’..
863 5502 908 5534 ⁸³
940 5503 1162 5585 ποιῇσὲι
1185 5521 1253 5585 ς.
1410 5506 1613 5585 ἐκεῖνος
1639 5522 1739 5585 ς..Δ
1780 5507 1824 5585 ξδ
1853 5507 1924 5585 oi]
1959 5506 2020 5585 δέ
2043 5510 2098 5585 ὀί
2132 5526 2191 5571 ς.
2266 5507 2313 5539 ⁸⁸
2342 5511 2774 5578 μαστιγωθέντες
2807 5528 2867 5575 ς.
2943 5512 2989 5543 ⁸⁷
3020 5512 3382 5585 Προικόνησον
3415 5530 3480 5578 ς.

188 5574 246 5608 ⁸³⁸
282 5571 489 5645 ταῦτα]
520 5572 660 5643 μετά
686 5572 852 5625 ταῦτα
888 5591 948 5637 ς.
1024 5574 1068 5604 ⁸⁸
1098 5576 1258 5642 Θεόφ.
1293 5577 1321 5627 ὁ
1350 5575 1512 5641 Θεόφ.
1544 5593 1603 5639 ς.

1695 5578 1742 5608 ⁹⁰
1778 5577 2159 5645 ύποληφϐέντα
2186 5598 2246 5643 ς.

1756 5665 1986 5723 NOT/E.

277 5757 366 5826 (7)
411 5757 689 5810 Monachis
717 5772 780 5811 ex
816 5757 1016 5811 Pallad.

274 5828 365 5897 (8)
395 5828 747 5897 Callitmpant
784 5840 938 5883 vocat
972 5829 1191 5897 Nceph.
1236 5848 1352 5898 mp.
1384 5830 1469 5895 H,
1509 5849 1610 5884 non
1639 5844 1805 5895 rcuc,

1921 5780 1971 5818 ut
2010 5766 2303 5822 indicatum
2336 5784 2483 5839 supr.
2518 5785 2639 5838 pag.
2661 5772 2889 5838 praeced.
