4224 6442
136 398 237 463 35Ἶ

1249 380 1778 448 BIBLIOTHECA.
1819 405 1889 415 -—
1914 379 2083 443 COD.
2126 378 2299 442 XCVI

3301 378 3411 444 358

134 514 379 581 πολλῆς¹
417 509 738 583 παρρησίας
785 508 873 561 διὰ
923 506 1016 559 τὸν
1071 503 1389 574 ἀνδριάντα,
1413 501 1472 564 ὃς
1497 496 1729 567 πλησίον

1835 495 1962 548 ralis
1992 495 2136 549 enim
2156 494 2494 561 prafectura:
2524 508 2710 548 curam
2738 494 2983 564 recipere
3025 507 3085 549 se
3132 493 3268 549 velle
3313 514 3414 549 ne-

130 608 230 676 τῆς
255 604 565 674 ἐκκλησίας
593 603 731 671 αὐτῇ
754 599 1093 669 άνεγήγερτο
1126 595 1378 667 (θόρυϐος
1391 594 1502 665 γάρ
1524 592 1733 645 ἐκεῖθεν

132 701 302 763 πολὺς
369 704 439 770 τῇ
490 697 757 768 ἐκκλησίᾳ
816 693 1104 759 ἐτίκτετο),
1164 692 1328 746 πάλιν
1359 691 1428 744 τά
1464 690 1609 743 κατὰ
1638 690 1734 742 τὸν

136 794 310 861 μέγαν
338 789 603 860 Ἰωάννην
636 785 1056 847 συσκευάζεται.
1100 783 1159 834 '0
1191 782 1251 835 δέ
1278 780 1537 848 Θεόφιλος
1558 777 1730 846 ταύτῃ

132 882 393 951 ἐρμαίῳ³
427 883 496 950 τῇ
545 879 742 950 πράξει
804 874 1139 945 περιτυχὼν,
1189 873 1351 932 αὐτὸς
1407 873 1505 942 μὲν
1536 870 1599 923 τὸ
1627 869 1729 939 τῆς

133 976 346 1037 πόλεως
415 976 571 1043 μῖσος
632 970 821 1033 δεδιὼς
844 970 867 1001 δ
903 970 964 1023 οὐ
1019 967 1424 1038 παραγίνεταιο
1484 962 1727 1035 ἐμισήθη

130 1070 235 1138 γάρ
272 1067 425 1131 λίαν,
453 1067 537 1118 ὅτι
567 1064 706 1134 μετὰ
728 1065 828 1133 τὴν
849 1062 1102 1116 Ἰωάννου
1139 1060 1459 1129 καθαίρεσιν
1498 1059 1592 1111 καὶ
1617 1061 1730 1119 τοῖς

136 1163 396 1230 μακροῖς,
427 1158 495 1210 δι’
546 1156 639 1219 οὓς
697 1157 892 1223 ἐκείνῳ
946 1152 1333 1214 ἐπεϐούλευεν,
1374 1149 1725 1218 ἐκοινώνησε,

134 1254 225 1304 καὶ
276 1252 392 1302 τῶν
424 1249 771 1319 Ὤριγενείων
826 1244 1293 1314 ἀναγνωσμάτων,
1328 1245 1384 1294 ἐν
1409 1238 1491 1303 οἷς
1524 1244 1729 1294 ἐκεῖνον

134 1343 445 1402 διέϐαλλεν,
493 1341 594 1393 οὐκ
626 1339 903 1406 ἀπείχετο.
969 1337 1044 1388 Οὐ
1092 1333 1453 1403 παραγίνεται
1498 1328 1591 1385 οὖν
1643 1332 1731 1383 διὰ

134 1435 192 1486 ab
232 1436 421 1502 μῖσος,
473 1433 685 1500 πέμπει
716 1430 761 1483 δ’
792 1429 905 1481 ἀντ’
947 1425 1137 1488 αὐτοῦ,
1187 1424 1310 1494 μηδ’
1333 1425 1412 1485 είς
1436 1421 1617 1489 κρίσιν
1650 1422 1729 1473 ἐτι

135 1528 319 1580 καλεῖν
372 1523 767 1586 ἀποθεσπίζων
820 1521 1096 1587 Ἰωάννην,
1126 1518 1202 1580 ὡς
1235 1518 1375 1587 μετά
1404 1516 1501 1584 τὴν
1534 1514 1729 1568 καθαί-

140 1640 283 1689 psam
346 1620 704 1687 τολμήσαντα
761 1613 1101 1683 ίεράσασθαι,
1161 1611 1260 1679 τῆς
1323 1611 1381 1661 ἐν
1426 1609 1729 1675 Ἀντιοχείᾳ

136 1714 355 1765 συνόδου
380 1709 464 1779 τῷ
490 1711 627 1779 μετὰ
668 1707 992 1776 καθαίρεσιν
1041 1701 1219 1771 ἐαυτῷ
1265 1702 1364 1771 τὴν
1425 1699 1727 1768 ἱερωσύνην

136 1808 492 1874 ἐκδικήσαντι
517 1805 539 1834 ⁸
572 1802 693 1854 οὐδὲ
724 1799 887 1851 τόπον
910 1796 1282 1864 ὑπολιπούσης
1309 1793 1626 1860 ἀπολογίας.
1661 1792 1723 1843 Ol

1836 589 2361 659 gabat,prinsquam
2402 587 2649 656 ittiquunt
2688 586 2814 641 illud
2838 588 3128 656 judicium,
3166 590 3413 658 proposi-

1850 690 1963 731 tum
2030 692 2431 746 excussumque
2494 676 2657 731 foret.
2691 676 2931 731 Eudoxia
2994 687 3115 746 post
3170 694 3277 733 non
3321 679 3413 731 diu

1835 768 2020 824 furore
2052 784 2268 823 rursum
2290 770 2690 838 incensa,quod
2713 770 2935 824 liberius
2958 771 3244 837 perstricta
3280 770 3419 823 luis-

1833 876 1937 924 set.
1960 872 2186 933 propter
2213 872 2470 925 statuam,
2494 877 2615 930 quae
2645 859 2802 930 juxta
2841 863 3101 931 templum
3127 864 3303 931 posita
3337 863 3412 916 illi

1837 955 2012 1009 fuerat
2042 957 2294 1024 (magnus
2311 952 2457 1007 enim
2498 950 2629 1006 inde
2657 951 2913 1020 strepitus
2941 951 2995 1005 in
3028 950 3231 1018 templo
3275 950 3419 1004 exci-

1836 1045 2105 1115 taltatur),
2128 1045 2323 1098 iterum
2355 1043 2409 1096 in
2433 1043 2650 1096 beatum
2668 1041 2942 1095 hominem
2959 1040 3417 1093 calumttiazador-

1834 1149 2033 1192 nantur
2062 1138 2197 1209 (l5).
2245 1136 2374 1202 Quae
2411 1148 2545 1189 sane
2564 1147 2673 1197 res,
2693 1134 2797 1187 etsi
2823 1146 3020 1200 prater
3054 1147 3205 1202 spem
3243 1131 3397 1186 Theo

1833 1232 1982 1299 philo
2014 1214 2214 1286 adcidit
2235 1229 2603 1297 optatissima,
2636 1225 2845 1281 veritus
2887 1236 3066 1281 tamen
3099 1225 3187 1279 ille
3213 1225 3414 1279 civium

1832 1324 2038 1384 odium,
2064 1322 2177 1390 ipse
2227 1320 2446 1388 quidem
2486 1332 2593 1371 non
2654 1316 2888 1371 accessit
2921 1314 3099 1385 (valde
3128 1316 3272 1369 enim
3300 1315 3413 1381 jam

1834 1415 2042 1469 inrisus
2066 1427 2187 1467 esse
2214 1421 2474 1478 coeperat,
2512 1421 2623 1464 tum
2655 1410 2799 1479 quod
2834 1408 2990 1475 pulso
3041 1406 3272 1471 Joanne,
3292 1423 3414 1459 cum

1831 1508 2031 1577 Longis
2053 1518 2236 1561 tamen
2276 1505 2681 1572 lratribus,per
2727 1518 2864 1571 quos
2891 1502 2967 1556 illi
2997 1512 3157 1555 antea
3190 1500 3417 1553 insidia-

1832 1601 2015 1664 batur,
2047 1599 2533 1657 communicasset,
2570 1604 2683 1648 tum
2705 1596 2851 1664 quod
2873 1594 3052 1662 legere
3082 1593 3198 1661 ipse
3231 1592 3417 1658 Orige-

1829 1691 1916 1745 nis
1943 1690 2170 1759 scripta.
2205 1704 2311 1757 quo
2339 1689 2556 1741 nomine
2575 1685 2837 1741 Joannem
2868 1683 3281 1748 criminabatur,
3306 1700 3411 1736 nun

1830 1781 2126 1851 desineret)
2169 1797 2275 1835 non
2340 1782 2596 1841 accessit,
2640 1779 2881 1847 inquam,
2925 1777 3036 1831 odii
3087 1784 3273 1841 metu;
3319 1778 3412 1829 scd

134 1854 763 1965 δίννγεήίπερὶλιωάννην
794 1889 1089 1960 Ἀρειανῶν
1130 1854 1315 1954 ἔλεγον
1342 1854 1609 1938 εἶναι’καὶ
1635 1883 1725 1934 τὸν

1837 1890 1936 1944 pro
1956 1889 2013 1927 se
2050 1873 2213 1927 alium
2249 1871 2524 1933 submisit,
2571 1870 3002 1940 pronuntiatum,
3041 1883 3109 1923 ne
3167 1869 3219 1921 in
3263 1868 3413 1937 judi-

138 1991 337 2041 κανόνα
383 1989 484 2040 καὶ
526 1987 626 2055 τὴν
693 1983 930 2046 σύνοδον,
992 1982 1085 2033 ἐπὶ
1134 1983 1370 2049 συσκευῇ
1414 1976 1734 2030 Ἀθανασίου

1835 1968 1977 2023 cium
2014 1967 2233 2035 quidem
2280 1966 2582 2018 vocandum
2619 1961 2908 2025 Joannem,
2933 1972 2990 2014 ιιι
3016 1962 3109 2028 qui
3148 1970 3269 2028 post
3303 1961 3417 2030 eje-

138 2081 551 2149 ἐκτεθειμένου,
588 2079 656 2148 ἣν
678 2078 728 2130 οἱ
759 2077 815 2129 ἐν
846 2074 1084 2144 Σαρδικῇ
1118 2073 1472 2142 ἀπεφήναντο
1504 2070 1734 2138 ἄκυρον,

148 2174 475 2227 Ἀθανάσιον
524 2172 624 2224 οὑκ
669 2171 750 2231 είς
801 2165 1098 2232 ἀπολογίαν
1146 2163 1328 2233 μόνον,
1353 2160 1492 2214 ἀλλὰ
1528 2161 1622 2210 καὶ
1656 2159 1734 2219 είς

140 2267 444 2336 ἱερωσύνην
480 2264 597 2333 ἆμα
628 2259 932 2329 Μαρκέλλῳ
961 2257 1269 2325 δεξάμενοι.

1834 2061 2072 2113 ctionem
2103 2072 2257 2112 sacra
2310 2058 2462 2111 abire
2512 2056 2695 2109 munia
2758 2068 2864 2107 non
2911 2052 3238 2116 dubitasset,
3288 2067 3410 2106 cum

1831 2151 2170 2205 Antiochena
2221 2150 2459 2219 synodus
2521 2156 2646 2216 post
2698 2144 3067 2213 expulsionetn
3123 2145 3412 2200 sacerdotii

1834 2262 2028 2299 munus
2059 2244 2125 2297 ad
2161 2243 2304 2297 hunc
2329 2241 2573 2304 obeunti,
2610 2238 2812 2293 nullum
2845 2238 3181 2292 defensionis
3234 2236 3410 2293 locum

139 2362 439 2429 reliquerit.
481 2362 561 2411 Ad
592 2373 709 2424 qua:
744 2354 964 2407 Joannis
995 2352 1250 2410 studiosi,
1282 2348 1612 2401 Arianorum
1697 2344 1845 2397 illum
1898 2354 2022 2394 esse
2083 2351 2346 2393 canonem
2406 2346 2834 2401 consessnutque
2910 2332 3274 2403 excipiebant,
3344 2319 3411 2382 ad

148 2456 372 2508 insidias
406 2445 990 2504 tluntaiatAtltanasio
1017 2443 1307 2497 struendas
1331 2449 1729 2506 comparatum.
1774 2433 1911 2487 Hinc
1946 2446 2064 2484 eam
2100 2430 2273 2497 ipsam
2305 2428 2569 2497 synodum
2619 2424 2806 2477 Patres
2869 2421 3215 2477 Sardicensis
3281 2440 3415 2477 con-

150 2547 249 2599 cilii
280 2544 494 2598 nullam
529 2555 651 2595 esse
684 2539 985 2598 censuisse,
1010 2546 1064 2588 et
1098 2533 1395 2587 Athanasio
1430 2546 1535 2583 non
1567 2532 1737 2582 solum
1779 2522 2102 2579 defendendi
2127 2520 2211 2576 sui
2245 2527 2565 2591 potestatem
2604 2516 2818 2581 fecisse,
2854 2530 3042 2570 verum
3095 2518 3259 2571 etiam
3319 2531 3411 2572 suo

144 2643 450 2695 cerdntiutu
480 2653 586 2691 una
624 2652 744 2688 cum
785 2632 1039 2687 Marcello
1096 2628 1480 2682 administrare
1523 2622 1856 2691 permisisse.

204 2735 499 2789 κωλύεται
548 2732 646 2799 μὲν
691 2724 785 2781 οὖν
837 2727 956 2778 τότε
993 2722 1431 2793 όΧρυσόστομος
1475 2717 1727 2790 ἱερᾶσθαι

144 2833 227 2884 καὶ
251 2831 393 2890 ὅλως
423 2828 563 2894 πρὸς
587 2825 683 2895 τὴν
714 2821 1006 2888 ἐκκλησίαν
1039 2814 1400 2885 κατέρχεσθαι
1422 2829 1435 2841 '
1473 2814 1505 2881 ἡ
1537 2812 1593 2864 δὲ
1616 2809 1727 2863 τῶν

144 2918 382 2991 Χριστοῦ
442 2915 741 2968 Γενεθλίων
773 2913 935 2980 ἑορτὴ
962 2910 1299 2976 ἐνειστήκει,
1344 2903 1476 2976 [οὶδῦ
1507 2901 1600 2975 Β.]
1634 2902 1729 2955 καὶ

144 3015 319 3083 ἔμεινε
360 3011 527 3078 μέχρι
557 3006 655 3074 τῆς
714 3004 873 3069 ἁγίας
922 3000 1322 3070 Πεντηκοστῆς,
1358 2997 1555 3050 καὶέτι
1588 2997 1725 3066 πρὸς

1907 2710 2075 2781 Igitur
2106 2708 2415 2779 prohibent,
2451 2706 2869 2776 Cbrysostomus
2898 2707 3073 2760 sacris
3108 2719 3175 2759 ne
3227 2720 3412 2773 opere.

1836 2815 1945 2867 tur,
1985 2817 2122 2857 neve
2156 2800 2377 2855 omnino
2404 2799 2469 2851 ad
2516 2797 2802 2853 ecclesiam
2834 2799 3035 2852 veniat.
3071 2796 3271 2852 Christi
3299 2808 3409 2851 tum

1831 2894 2102 2947 Nataliutn
2161 2891 2330 2943 festus
2382 2889 2497 2940 dies
2560 2888 2797 2939 instabat
2832 2884 2967 2955 (18),
3015 2886 3319 2954 mansitque
3344 2887 3410 2936 ad

1838 2984 2037 3038 festum
2068 2981 2423 3035 Pentecostes
2452 2988 2505 3031 et
2526 2978 2639 3031 dies
2662 2979 2883 3046 insuper
2899 2978 3137 3045 quinque
3163 2992 3408 3037 Cessatis,

146 3105 361 3174 ἡμέρας
396 3102 564 3153 πέντε
599 3095 871 3165 σχολάζων
902 3095 994 3144 καὶ
1051 3092 1215 3161 μηδὲν
1256 3092 1392 3151 ὅλως
1439 3090 1731 3160 ἐκκλησια-

1838 3090 1891 3132 ct
1923 3080 1991 3131 ab
2019 3076 2163 3129 omni
2190 3074 2566 3128 ecclesiastico
2594 3069 3087 3126 abstinensoﬂicio.
3107 3070 3241 3123 Tum
3265 3073 3408 3123 enim

146 3197 323 3249 στικὸν
347 3190 844 3260 διαπραττόμενος.
879 3186 1010 3237 Τότε
1046 3184 1101 3235 δὲ
1130 3182 1348 3243 τελείως
1378 3182 1469 3233 καὶ
1500 3181 1597 3249 τῆς,
1629 3183 1726 3233 ἐκ-

144 3286 371 3357 κλησίας
401 3285 619 3351 καὶτῆς
669 3279 877 3339 πόλεως
910 3274 1193 3344 ἐξεϐλήθη,
1230 3275 1325 3325 καὶ
1347 3273 1614 3343 ἐξωρίσθη
1647 3274 1724 3335 είς

144 3377 484 3439 Κουκουσὺν,
520 3375 609 3427 ὅτε
650 3372 744 3424 καὶ
773 3371 833 3423 τὸ
891 3368 1003 3439 πῦρ
1029 3367 1269 3434 ἀναφθὲν
1298 3365 1399 3434 τῆς
1428 3365 1725 3435 ἐκκλησίας

142 3471 228 3523 τοῦ
255 3468 520 3538 ἄμϐωνας
560 3464 732 3518 πολλὰ
791 3461 901 3514 τῶν
951 3459 1111 3530 πέριξ
1161 3459 1591 3527 κατενεμήσατο.
1618 3457 1725 3509 Καὶ

144 3561 326 3613 πολλοὶ
355 3558 418 3610 δέ
446 3556 554 3608 τῶν
580 3554 722 3606 κατά
759 3550 854 3604 τοῦ
902 3550 1055 3617 ἁγίου
1086 3544 1723 3616 παραδειγματίσθησαν,

142 3653 171 3720 ἠ
207 3652 393 3711 νόσοις
434 3646 692 3711 ἐξαισίοις
746 3643 779 3712 ἢ
836 3641 1142 3709 συμφοραῖς
1184 3636 1464 3706 θεηλάτοις
1485 3635 1578 3686 τὸν
1614 3634 1727 3703 βίον

143 3739 585 3811 ἀπορρήξαντες.
658 3734 984 3804 Ἐξορισθεὶς
1031 3731 1087 3784 δέ
1137 3731 1218 3792 είς
1276 3729 1607 3788 Κουκουσὸν,
1650 3727 1726 3789 ὠς

142 3829 292 3893 οὗτός
328 3844 489 3899 φησι,
558 3825 655 3879 καὶ
706 3824 953 3876 ἐδίδασκε
996 3821 1091 3875 καὶ
1140 3819 1466 3889 ἐχειροτόνει
1498 3816 1727 3879 πολλοὺς

145 3925 242 3992 μέν
269 3920 637 3981 ἐπισκόπους,
675 3916 899 3977 πλείους
936 3914 995 3966 δὲ
1042 3910 1448 3981 πρεσῦυτέρους
1480 3908 1575 3961 καὶ
1608 3908 1725 3960 δια-

142 4020 355 4077 κείνους,
395 4011 672 4064 Ἐπιτέλει
700 4008 757 4061 δὲ
786 4009 880 4060 καὶ
910 4005 1084 4057 πολλὰ
1121 4006 1322 4074 σημεῖα
1348 4004 1407 4055 ἐν
1428 4004 1493 4071 τῇ
1517 4000 1723 4072 ἐξορίᾳ,

143 4107 248 4169 ζῶν
279 4121 341 4157 τε
374 4102 471 4154 καὶ
493 4101 633 4171 μετὰ
662 4099 914 4153 θάνατον.
941 4093 1179 4165 Τελευτᾷ
1208 4093 1264 4145 δὲ
1288 4093 1348 4145 οὐ
1388 4092 1529 4162 μετὰ
1562 4092 1728 4144 πολὺν

142 4200 358 4270 χρόνον,
394 4195 491 4248 τοῦ
523 4193 825 4246 ἐπισκόπου
858 4188 1129 4259 Κομάνων
1167 4186 1260 4239 κα).
1314 4185 1593 4255 μάρτυρος
1627 4182 1728 4234 Βα-

143 4292 391 4344 σιλίσκου
454 4286 554 4355 τὴν
613 4282 869 4352 τελευτὴν
919 4278 1069 4350 αὐτῷ
1117 4276 1589 4347 προμηνύσαντος,
1635 4276 1728 4327 καὶ

144 4384 414 4438 θάπτεται
444 4381 502 4431 ἐν
531 4381 596 4449 τῇ
626 4379 762 4447 αὐτῇ
791 4374 880 4428 τοῦ
917 4374 1193 4446 μάρτυρος
1224 4370 1474 4442 λάρνακι.

210 4561 564 4631 Κατέκριναν
594 4558 648 4609 δὲ
681 4558 732 4610 οί
783 4554 911 4624 περὶ
938 4550 1199 4619 Θεόφιλον
1230 4549 1323 4601 καὶ
1365 4544 1724 4617 Ἡρακλείδην

140 4658 231 4709 τὸν
270 4654 533 4723 Ἐφέσου,
564 4650 793 4703 ἀπόντα.
824 4647 934 4699 Καὶ
965 4643 1288 4715 Σεραπίωνα
1304 4640 1367 4693 δὲ
1401 4638 1672 4700 ποικίλαις
1701 4637 1722 4669 ⁸

145 4746 512 4805 ὑποϐαλόντες
560 4739 851 4810 τιμωρίαις
910 4738 1005 4789 καὶ
1053 4733 1155 4801 τῆς
1202 4732 1507 4798 ἐπισκοπῆς
1550 4729 1721 4797 Ἦρα-

146 4841 351 4902 κλείας,
415 4839 473 4889 ἐν
605 4832 768 4886 αὐτὸν
794 4830 933 4900 μετὰ
985 4827 1086 4897 τὴν
1128 4823 1349 4895 πρώτην
1380 4823 1478 4890 τῆς
1508 4820 1722 4890 ἐξορίας

144 4931 403 4987 ἐπάνοδον
436 4926 730 4995 ἐτύγχανεν
762 4925 790 4975 ὁ
821 4920 994 4991 μέγας
1036 4917 1291 4983 Ἰωάννης
1316 4913 1721 4983 χειροτονήσας,

1832 3170 2053 3221 omnino
2084 3177 2138 3222 et
2164 3166 2399 3221 ecclesia
2424 3166 2613 3235 pulsus
2652 3174 2708 3219 et
2756 3164 2910 3226 urbe,
2950 3163 3221 3218 Cucusum
3251 3180 3410 3219 exsu-

1827 3261 1995 3314 latum
2042 3260 2241 3313 missus
2295 3268 2397 3313 est.
2475 3257 2591 3323 Quo
2674 3256 2802 3309 item
2880 3267 3123 3323 tempore
3170 3268 3223 3310 et
3272 3258 3411 3325 ignis

1830 3350 2011 3419 templi
2048 3351 2278 3418 primum
2332 3358 2646 3418 suggestum
2707 3347 3004 3415 corripiens
3046 3346 3181 3417 (15),
3241 3350 3407 3401 multa

1829 3456 2045 3509 qquue
2112 3441 2467 3495 circumcirca
2510 3440 2745 3494 ﬂammis
2791 3442 3109 3508 absumpsit.
3158 3439 3411 3509 Plerique

1831 3530 2002 3583 etiam
2033 3528 2375 3586 inimicorum
2405 3527 2629 3582 Joannis
2667 3528 2907 3597 exempla
2953 3529 3246 3592 dederunt,
3280 3546 3407 3599 par-

1829 3620 1923 3672 tim
1949 3619 2106 3673 ltedis
2128 3621 2347 3682 morbis,
2366 3622 2562 3687 partim
2587 3622 2845 3673 divinitus
2865 3621 3102 3675 immissa
3125 3621 3277 3676 clade
3299 3626 3408 3676 vita

1828 3712 1972 3765 exuti
2003 3711 2137 3781 (16).
2170 3711 2444 3767 Cucusum
2502 3714 2611 3782 (l7)
2667 3727 2795 3781 ergo
2823 3713 3140 3781 deportatus
3172 3712 3408 3768 Joannes

1830 3805 1909 3873 (ut
1935 3805 2022 3859 hic
2070 3807 2287 3874 quidem
2327 3806 2569 3873 perbibet
2603 3806 2856 3875 scriptor)
2897 3817 2953 3860 et
2986 3807 3167 3861 docuit
3196 3807 3264 3861 ibi
3307 3822 3407 3875 pto

1828 3898 2115 3963 concione,
2143 3908 2197 3951 et
2226 3900 2499 3951 ordinavit
2546 3898 2746 3953 multos
2792 3899 3098 3967 episcopos,
3128 3914 3189 3951 ac
3224 3900 3406 3968 pluru-s

1827 3993 1990 4045 etiam
2022 3993 2357 4055 sacerdotes,
2388 4000 2549 4059 atque
2573 3992 2848 4044 diaconos.
2886 3990 3048 4045 Multa
3080 3993 3205 4046 item
3239 3994 3407 4045 mira-

1828 4084 1946 4137 cula
1980 4084 2030 4137 in
2058 4097 2124 4138 eo
2156 4083 2352 4137 exsilio
2384 4099 2505 4136 cum
2556 4084 2732 4147 virus,
2762 4097 2872 4137 tum
2931 4096 3179 4139 mortuus
3209 4086 3398 4141 edidit.

1828 4178 2121 4232 Ubiitvero
2161 4191 2267 4229 non
2303 4174 2472 4228 multo
2505 4186 2625 4241 post
2668 4175 2803 4244 (18),
2839 4191 2959 4229 cum
2990 4176 3275 4246 episcopus
3309 4180 3405 4231 Co.

1830 4281 2112 4320 manorum
2136 4265 2247 4335 (19)
2278 4264 2596 4325 Basiliscus,
2629 4264 2879 4331 idemque
2916 4276 3147 4333 martyr,
3173 4268 3399 4320 linemei

1829 4362 2123 4414 secundum
2190 4359 2429 4427 quietem
2488 4357 2862 4423 pra-dixisset:
2905 4359 3269 4427 conditusque
3318 4368 3403 4412 est

1756 4456 1801 4512 D
1832 4456 1883 4509 in
1918 4452 2161 4519 ejusdem
2188 4452 2447 4520 martyris
2474 4452 2702 4507 tumulo.

1901 4544 2232 4612 TlteOpbilus
2255 4554 2430 4599 autem
2465 4560 2585 4598 cum
2618 4543 2731 4596 suis
2760 4544 3195 4597 condemnarunt
3230 4543 3401 4598 Hera-

1826 4640 2023 4694 clidem
2064 4637 2211 4707 83b
2250 4637 2447 4706 Ephesi
2495 4638 2802 4706 episcopum
2836 4636 3137 4699 absentem,
3200 4648 3252 4692 et
3303 4637 3399 4692 Se-

1829 4731 2129 4798 rapionem,
2153 4729 2319 4781 multa
2346 4726 2596 4782 allectum
2634 4728 2857 4793 injuria,
2881 4727 3156 4783 Heracleae
3186 4730 3399 4799 episco-

1830 4832 1978 4891 patu,
2035 4822 2086 4872 in
2144 4836 2252 4890 quo
2288 4821 2459 4888 ipsum
2514 4835 2737 4889 magnus
2774 4818 3012 4875 Joannes
3076 4830 3195 4889 post
3247 4823 3399 4890 prius

1832 4914 2083 4969 exsilium
2112 4927 2357 4966 reversus
2376 4912 2665 4977 ordinarat,
2697 4911 2940 4981 ejiciunt.
2980 4911 3279 4967 Heraclidae
3303 4913 3399 4966 de-

1408 5049 1645 5104 VARIA‘I
1675 5048 2081 5105 LECTIONES.

210 5183 232 5214 '
264 5180 473 5250 πολλῆς
501 5179 627 5232 add.
667 5178 735 5231 A.
814 5177 833 5208 ³
865 5175 1067 5245 ἐρμαίᾳ
1098 5189 1162 5236 ς.
1235 5171 1256 5200 ⁸
1277 5168 1528 5232 δεδοικὼς
1559 5187 1620 5233 ς.
1694 5171 1715 5201 ⁸
1750 5169 1841 5223 τὸν
1867 5200 1934 5209 -
1964 5170 2325 5238 ὲκδικήσαντα
2358 5170 2420 5222 Α.
2500 5168 2519 5198 ⁶
2553 5166 2826 5230 ποικίλαις
2853 5170 2888 5220 Α
2922 5185 2937 5223 :
2976 5169 3201 5232 πολλαῖς
3228 5187 3291 5235 ς,

1694 5286 1924 5343 NOTAE.

213 5424 327 5491 (13)
355 5421 587 5490 Nicepb.
636 5436 757 5487 cap.
809 5418 919 5491 18;
958 5417 1170 5472 Socrat.
1210 5415 1301 5469 lib.
1350 5430 1570 5483 vr,cap.
1614 5414 1719 5478 l8;

146 5490 365 5553 Somni.
400 5492 495 5545 lib.
526 5505 645 5552 vut.
666 5506 784 5557 cap.
806 5490 898 5542 20.

222 5565 332 5635 (14)
360 5562 544 5617 Pridie
612 5554 832 5635 Pascha?
882 5559 998 5627 ipso
1056 5571 1253 5635 magno
1297 5554 1565 5635 SalLbato,
1612 5556 1724 5608 ltrcc

142 5624 261 5690 cum
284 5624 499 5690 summa
530 5624 938 5690 perturbatione
966 5631 1210 5682 conlecta
1233 5642 1356 5681 esse
1386 5624 1589 5678 Pallad.
1624 5638 1726 5678 tra-

141 5710 236 5763 dit.
268 5717 322 5758 et
355 5698 702 5773 ipschorg.
739 5702 959 5773 editnsa
986 5698 1293 5773 '_l'_ilmanuo.

210 5776 323 5844 (l5)
364 5765 617 5828 Cassiod.
653 5765 839 5825 inanis
887 5766 1503 5844 studiososecclesiam,
1541 5765 1719 5844 inten-

146 5834 287 5901 disse
309 5834 509 5909 ’τι-[ενι.
543 5852 599 5898 ct
635 5844 834 5909 plures,
860 5857 996 5911 quos
1034 5837 1230 5893 refellit
1257 5834 1529 5892 Illustriss.
1564 5834 1723 5889 Baro.

1829 5412 2025 5467 Annal.
2058 5413 2123 5467 V.
2165 5417 2230 5466 ad
2253 5429 2343 5466 an.
2375 5412 2504 5466 Chr.
2542 5410 2669 5466 ιοι.

1900 5484 2010 5552 (16)
2038 5483 2262 5552 Niceplt.
2296 5499 2418 5548 cap.
2453 5483 2541 5544 2'2.
2578 5495 2629 5537 et
2655 5480 2864 5536 Pallad.

1898 5554 2013 5623 (l7)
2048 5553 2269 5617 Nic-epit.
2293 5569 2409 5621 cap.
2435 5555 2523 5607 ‘26.

1896 5620 2009 5694 (18)
2040 5620 2482 5693 Niceph.57post
2503 5622 2641 5694 med.
2670 5620 2886 5694 Sozmn.
2908 5621 2997 5674 lib.
3022 5636 3134 5682 ιἰιι,
3160 5622 3391 5694 cap.ult.

1899 5692 2027 5766 (19)
2046 5693 2551 5766 Leo.imper.eliam
2580 5693 2637 5747 S.
2679 5692 2973 5766 Lucinuum
2995 5693 3233 5766 martyrii
3262 5692 3392 5747 olim

1832 5766 1903 5822 ibi
1927 5763 2001 5823 Β.
2020 5765 2281 5821 Basilisco
2310 5765 2541 5830 socium,
2567 5764 2884 5833 apparuisse
2915 5777 3020 5815 una
3064 5763 3246 5816 tradit.
