4224 6442
764 392 876 457 359

1959 383 2221 444 PIIOTII
2268 384 2775 445 PATRIARCH/E
2816 385 2917 450 (ΖΡ.

3946 384 4055 449 860

766 501 896 558 inde
941 497 1217 556 suﬂlciunt
1247 496 1486 551 Victoris
1515 495 1631 566 (20)
1657 494 1861 548 tribuni
1897 493 2226 553 eunuchum,
2272 491 2363 545 ho-

2468 494 2737 549 καθεῖλον.
2769 495 3147 563 Χειροτονοῦσι
3180 495 3237 548 δὲ
3284 494 3406 547 ἀντὶ
3440 492 3795 564 Ἡρακλείδου
3828 494 3922 547 τὶν
3956 497 4053 548 τοῦ

765 594 968 648 minem
1030 590 1419 645 fmdissimnm.
1467 588 1611 641 Alios
1634 588 1762 641 item
1793 586 2079 654 episcopos
2133 598 2360 637 numero

766 686 879 737 fere
914 683 1105 751 viginti
1141 690 1365 733 vexatos
1384 678 1607 732 sedibus
1637 680 2030 732 submoverunt
2062 676 2211 739 suis;
2240 688 2362 741 pre-

764 776 1015 845 sbyteros
1046 788 1265 843 quoque
1323 787 1386 827 ac
1450 771 1711 826 diaconos
1757 770 2043 841 plurimos,
2089 779 2143 823 et
2180 767 2362 836 plures

764 868 927 920 etiam
950 866 1140 931 laicos,
1176 875 1439 933 quotquot
1490 862 1685 917 Joanni
1747 862 1947 916 addicti
2005 876 2125 914 esse
2156 858 2363 913 defere-

766 960 966 1013 bantur
1006 975 1021 1023 ;
1061 959 1172 1012 imo
1200 958 1320 1027 pias
1347 957 1513 1010 etiam
1542 966 1841 1014 matronas.
1861 968 2089 1022 quarum
2115 951 2253 1004 fama
2272 964 2362 1004 ce-

768 1051 947 1105 lebres
1006 1048 1160 1105 fuere
1211 1049 1487 1119 Olympias
1537 1047 1651 1117 (2l)
1718 1046 1997 1111 Pentadia,
2059 1043 2251 1098 Proela
2309 1047 2365 1096 et

768 1141 1030 1210 Sylvana.

843 1232 1198 1287 Innocentius
1230 1232 1447 1285 interim
1472 1230 1625 1285 urbis
1665 1230 1851 1283 Roma
1888 1242 2171 1298 episcopus
2197 1226 2362 1280 valde

764 1338 866 1392 pro
918 1326 1081 1378 beato
1131 1323 1341 1378 Joanne
1374 1323 1488 1391 (22)
1518 1323 1800 1384 laboravit,
1835 1321 1936 1373 etsi
1975 1321 2175 1373 frustra
2227 1333 2364 1372 eon—

771 1428 1023 1484 sumptus
1050 1416 1201 1469 labor
1237 1426 1340 1469 est.
1374 1414 1518 1469 Misit
1542 1416 1684 1469 enim
1723 1413 1824 1465 hoc
1864 1409 2080 1464 nomine
2141 1410 2360 1477 apocri-

763 1506 981 1569 siarios,
1014 1521 1153 1573 quos
1194 1505 1246 1558 lii
1280 1505 1671 1559 contumeliose
1729 1503 2078 1556 remiserunt.
2132 1499 2367 1553 Litteras

778 1598 907 1650 item
950 1600 1191 1666 St'l‘ipsil,
1225 1600 1425 1665 quibus
1460 1607 1637 1650 tamen
1680 1594 1815 1648 nihil
1858 1609 2045 1647 eorum
2079 1606 2198 1659 qua:
2250 1599 2367 1643 stu-

771 1687 930 1742 diose
992 1690 1294 1742 conabatur
1338 1688 1597 1757 perfecit;
1665 1688 1755 1739 vix
1826 1696 1884 1738 ut
1943 1680 2161 1737 tandem
2204 1681 2370 1733 Arsa-

2466 585 2754 654 τριδούνου
2788 587 3047 657 Βίκτορος
3108 586 3391 656 εὐγοῦχον,
3443 586 3611 655 ἀνδρα
3662 586 4057 655 ὑπέραισχρον.

2468 676 2578 730 Καὶ
2602 677 2795 742 ἀλλους
2826 678 2882 730 δὲ
2920 677 3275 739 ἐπισκόπους,
3336 678 3505 744 ἐγγὺς
3538 678 3647 731 τῶν
3670 681 3691 711 ⁷
3729 679 3923 739 εἰκοσι,
3952 694 4057 728 κα-

2469 768 2747 833 κώσαντες
2775 771 3064 839 ἀπήλασαν
3098 771 3325 823 καὶτῶν
3389 772 3703 824 ἐπισκοπῶν
3734 771 3775 834 ⁸,
3810 769 4059 837 πρεσϐυ-

2468 864 2524 916 τέ
2535 854 2657 933 ρους
2677 865 2733 917 δὲ
2749 867 2842 918 καὶ
2862 866 3139 925 διακόνους
3155 864 3403 927 πολλοὺς,
3430 864 3525 915 κα)⁵
3548 864 3770 925 λαῖκοῦς
3808 861 4053 923 πλείους,

2470 957 2583 1009 ὅσοι
2619 956 2977 1027 προσκεῖσθαι
3010 956 3136 1028 [146
3173 954 3264 1027 η]
3312 957 3533 1024 Ἰωάννῃ
3562 954 3933 1006 διεϐάλλοντοο
3959 955 4058 1002 καὶ

2470 1052 2735 1117 γυναῖκας
2792 1050 2849 1102 δὲ
2904 1052 3011 1102 τῶν
3039 1049 3305 1111 εὐλαδὼν,
3341 1042 3417 1102 ὦν
3470 1049 3526 1099 αἱ
3559 1047 3819 1113 ἐπίσημοι
3858 1044 4060 1112 Ὀλυμ-

2473 1140 2604 1201 mi;
2639 1141 2731 1191 καὶ
2758 1141 3023 1192 Πενταδία
3051 1139 3143 1191 κα).
3175 1138 3391 1207 Πρόκλη
3424 1138 3515 1190 καὶ
3546 1136 3801 1203 Σιλὸανή.

2560 1235 2616 1283 ’0
2649 1234 2707 1285 δὲ
2749 1232 2969 1303 Ῥώμης
3009 1234 3320 1293 Ἰνοκὲντιος
3349 1234 3369 1264 ’
3402 1231 3575 1283 πολλά
3600 1231 3743 1300 ὑπὲρ
3773 1229 3867 1281 τοῦ
3894 1229 4057 1295 ἁγίου

2472 1328 2799 1395 ἠγωνίσατο,
2832 1328 2879 1377 εἱ
2907 1327 3000 1377 καὶ
3029 1324 3307 1393 ἄπρακτος
3330 1324 3493 1375 αὑτοῦ
3523 1324 3745 1390 γέγονεν
3764 1324 3797 1392 ὴ
3824 1323 4055 1392 σπουδή⁶

2473 1420 2567 1470 καὶ
2597 1418 2704 1486 γὰρ
2729 1419 2823 1470 καὶ
2854 1416 3303 1485 ἀποκρισιαρίους
3334 1415 3601 1484 ἔπεμψεν,
3627 1415 3759 1467 ἀλλά
3791 1414 4060 1467 καὶαῦτοὶ

2474 1510 2659 1571 κακῶς
2690 1506 3152 1577 ἀπεπέμφθησαν,
3177 1507 3271 1558 καὶ
3298 1507 3605 1575 γράμματα
3644 1506 3907 1575 ἔγραφεν,
3938 1505 4059 1558 ἀλλ’

2474 1601 2627 1652 οὐδὲν
2649 1594 2722 1651 ὧν
2773 1600 3032 1651 ἔσπευδεν
3066 1600 3249 1667 ἤνυεν.
3288 1599 3553 1668 ’Υστερον
3582 1599 3638 1651 δὲ
3670 1598 3974 1669 Νεκτάριος
4012 1600 4059 1629 ⁸⁸

2480 1693 2631 1761 μόλις
2666 1691 2917 1743 ὲντάσσει
2968 1689 3135 1742 αὑτοῦ
3184 1692 3294 1751 τοῖς
3323 1690 3605 1758 διπτύχοις
3628 1690 3688 1742 τὸ
3709 1691 3907 1759 ὄνομα.
3944 1692 4061 1743 Καὶ

763 1783 882 1835 cius
907 1780 1020 1850 (25)
1046 1780 1272 1834 Joannis
1299 1795 1492 1833 nomen
1529 1780 1580 1833 in
1614 1777 1863 1849 diptycha
1898 1774 2165 1829 retulerit.
2192 1772 2364 1826 Donec

2477 1785 2721 1855 Πρόκλος
2779 1784 2836 1835 δὲ
2894 1784 3070 1854 χρόνῳ
3104 1782 3331 1851 ὕστερον
3360 1784 3570 1849 εἰσάγει
3601 1783 3767 1837 αὐτοῦ
3796 1787 3864 1853 τῇ
3908 1784 4058 1837 πόλει

765 1872 987 1926 Proclus
1017 1871 1188 1924 multo
1227 1877 1356 1939 post
1387 1869 1502 1935 ejus
1564 1870 1616 1922 in
1666 1868 1854 1919 urbem
1896 1878 2095 1929 corpus
2153 1860 2359 1915 attulit.

2468 1877 2529 1929 τὸ
2557 1878 2828 1944 λείψανον.
2857 1878 2967 1928 Καὶ
2991 1874 3165 1927 ταῦτα
3205 1875 3305 1942 μὲν
3334 1867 3457 1928 ὦδε.

767 1962 889 2014 llaec
926 1961 1212 2014 hactenus.

848 2053 1103 2121 Scriptor
1136 2053 1252 2121 ipse
1287 2051 1507 2120 quidem
1544 2058 1740 2117 praeter
1775 2048 2016 2101 historia:
2049 2044 2209 2097 ﬁdem
2239 2055 2367 2094 nar-

768 2160 916 2199 rasse
936 2146 1182 2213 quredatn
1212 2144 1359 2197 visus
1386 2152 1491 2196 est.
1521 2140 1716 2196 Verum
1744 2140 1875 2209 quid
1907 2137 2160 2207 prohibet
2209 2134 2365 2189 utilia

763 2217 1028 2289 1actorem
1070 2234 1327 2303 seligere,
1355 2243 1556 2287 cattera
1590 2230 1916 2302 praeterire?

1465 2368 1676 2423 XCVII.

768 2485 1081 2556 Phlegonu’s
1150 2484 1418 2538 Tramam’
1463 2481 1855 2602 (ἷῖνηιρὶεοηιηι
1884 2488 1932 2532 et
1985 2476 2368 2533 Chronicorum

1424 2568 1481 2602 £0
1530 2562 1684 2602 εειιο.

1424 2562 1684 2605 εοιιεειιο.

839 2667 997 2723 Lecta
1035 2668 1164 2721 mihi
1192 2664 1544 2731 Philegontis
1575 2659 1997 2728 Tralliani,ejus
2024 2660 2117 2727 qui
2141 2653 2369 2713 Adriani

767 2759 991 2826 Augusti
1006 2757 1231 2810 libertus
1247 2751 1829 2820 l'uit,0!ympicorumet
1848 2744 2228 2801 Chronicorum
2246 2742 2371 2800 Col-

767 2849 942 2902 lectio.
987 2847 1135 2915 Opus
1187 2846 1504 2899 inscribitur
1529 2841 1790 2895 Alcibiadi
1818 2838 2054 2899 cuidam,
2075 2837 2163 2903 qui
2181 2850 2319 2888 unus
2339 2850 2369 2888 e

768 2941 1023 3010 corporis
1053 2939 1375 2993 custodibus
1400 2933 1619 2986 Adriani
1646 2930 1992 2999 imperatoris
2023 2928 2147 2981 luit.
2169 2926 2369 2995 Auspi-

767 3044 923 3089 catur
945 3047 1073 3086 vero
1105 3048 1132 3083 u
1186 3030 1360 3100 prima
1398 3027 1713 3095 Olympiade
1733 3022 1847 3095 (24)
1884 3038 1899 3074 :
1959 3020 2107 3089 quod
2160 3019 2363 3089 priora,

769 3135 899 3179 utet
928 3124 1016 3177 alii
1048 3122 1168 3177 fere
1204 3135 1398 3175 omnes
1420 3118 1715 3180 aﬂirmant,
1742 3114 1946 3168 nullum
1972 3114 2237 3166 hactenus
2276 3124 2367 3163 ac-

2553 2054 2609 2101 ὐ
2641 2053 2701 2105 δὲ
2738 2052 3088 2122 συγγραφεὺς
3119 2045 3274 2113 οὗτος
3301 2052 3401 2103 οὐκ
3440 2051 3598 2118 ὀλίγα
3624 2050 3876 2119 φαίνεται
3901 2068 4057 2123 παρ-

2470 2145 2737 2215 ιστορῶν·
2774 2146 2888 2197 ἀλλ’
2952 2145 3105 2197 οὐδὲν
3160 2144 3360 2196 κωλύει
3414 2143 3534 2206 τοὺς
3575 2142 4057 2210 ἀναγινώσκοντας

2468 2237 2860 2307 ἐκλεγομένους
2892 2235 2961 2290 τὰ
2985 2238 3257 2307 χρήσιμα,
3293 2236 3362 2288 τά
3392 2235 3555 2287 λοιπὰ
3591 2236 3861 2307 παρορᾷν.

3148 2371 3270 2438 τῖ’.

2470 2480 2807 2550 Φλέῳντος
2843 2478 3215 2558 Τραλλιμνοῦ
3252 2475 3671 2562 Ὀλυμπιακῶν
3716 2476 3815 2528 καὶ
3843 2477 4056 2543 Χρονιο

3000 2568 3123 2603 κων
3149 2564 3493 2617 aurarum.

2553 2660 2888 2729 Ἀνεγνώσθη
2924 2662 3213 2729 Φλέγοντος
3268 2661 3598 2730 Τραλλιανοῦ
3621 2703 3638 2729 ,
3679 2660 4055 2730 ἀπελευθέρου

2468 2753 2561 2805 τοῦ
2612 2754 3014 2823 αὐτοκράτορος
3061 2752 3363 2822 Ἀδριανοῦ,
3416 2752 3899 2821 Ὀλυμπιονικῶν
3955 2753 4057 2804 καὶ

2468 2843 2775 2911 Χίονικῶν
2797 2845 3147 2914 Συναγωγή.
3176 2848 3494 2917 Προσφωνεῖ
3516 2846 3574 2898 τὸ
3603 2847 3893 2914 σύνταγμα
3912 2847 4059 2914 πρὸς

2481 2936 2826 3004 Ἀλκιϐιάδην
2854 2937 2999 2999 τινὰ,
3053 2937 3111 2998 ὃς
3144 2931 3221 2999 εἷς
3280 2934 3347 3007 ἦν
3386 2938 3495 2989 τῶν
3536 2938 3615 2999 είς
3664 2938 3765 3007 τὴν
3798 2937 4060 3005 φυλακὴν

2466 3030 2816 3096 τεταγμένων
2865 3030 2956 3081 τοῦ
3022 3029 3323 3097 Ἀδριανοῦ.
3368 3031 3629 3099 ’Λρχεται
3682 3030 3738 3082 δὲ
3782 3030 3883 3098 τῆς
3928 3046 4059 3081 συν-

2468 3121 2689 3187 αγωγῆς
2716 3120 2823 3171 ἀπὸ
2842 3122 2941 3190 τῆς
2977 3121 3199 3191 πρώτης
3246 3121 3628 3189 Ὀλυμπιάδος,
3654 3122 3790 3173 διότι
3825 3120 3893 3172 τὰ
3920 3121 4061 3188 πρό-

770 3225 1020 3269 curatnm
1053 3224 1352 3278 verumque
1400 3208 1720 3275 scriptorem
1754 3204 1863 3257 sint
1890 3213 2069 3263 nacta,
2128 3201 2221 3253 sed
2262 3198 2362 3251 ali-

2468 3228 2619 3280 τερα,
2651 3211 2830 3273 καθὼς
2892 3212 2987 3265 καὶ
3042 3213 3092 3264 oi
3143 3212 3292 3264 ἂλλοι
3319 3214 3505 3281 σχεδόν
3540 3231 3594 3264 τι
3628 3213 3831 3273 πάντες
3860 3213 4054 3279 φασὶν,

771 3315 854 3359 ter
890 3304 1003 3375 (25)
1039 3312 1203 3370 atque
1226 3301 1383 3353 aliter
1417 3315 1502 3360 ea,
1537 3299 1588 3349 in
1626 3310 1747 3365 qua:
1806 3294 1943 3346 forte
2017 3288 2365 3344 inciderunt?

777 3395 968 3465 Neque
991 3396 1131 3447 inter
1157 3407 1215 3446 se
1241 3390 1617 3444 convenientia
1671 3384 2012 3453 scripserint,
2031 3383 2192 3435 etiam
2219 3380 2251 3432 ii
2270 3381 2361 3447 qui

772 3502 833 3540 ex
874 3488 970 3539 hac
994 3483 1293 3552 scriptione
1330 3480 1555 3549 gloriam
1611 3476 1977 3545 quaesiisseut.
2011 3472 2223 3524 Initium
2265 3468 2364 3538 igi-

774 3592 860 3631 tur
882 3582 1067 3644 operls
1096 3591 1125 3627 a
1172 3574 1371 3642 prima,
1404 3572 1478 3623 uti
1531 3570 1790 3630 diximus,
1839 3566 1985 3618 ducit
2025 3562 2361 3632 Olympiade,

776 3669 1151 3739 perrexitque,
1188 3675 1244 3717 ut
1286 3666 1399 3732 ipse
1455 3663 1552 3725 ait,
1610 3661 1678 3713 ad
1728 3656 1949 3713 Adriani
1990 3667 2160 3725 usque
2224 3663 2365 3707 tem-

772 3780 901 3836 pora
938 3763 1074 3831 (26).

845 3956 1105 4023 Equidem
1147 3954 1248 4023 legi
1306 3966 1479 4022 usque
1505 3951 1571 4004 ad
1612 3963 1829 4004 curvu
1864 3942 2205 4016 Olympiada,
2258 3956 2367 4012 qua

773 4050 947 4103 victor
999 4048 1099 4101 fuit
1132 4046 1503 4101 Hecatomnus
1525 4041 1791 4106 Milesius,
1826 4039 1988 4092 stadii
2013 4052 2175 4091 cursu
2208 4044 2262 4090 et
2291 4050 2368 4089 re-

771 4156 932 4195 citrsu
967 4138 1106 4206 (27),
1126 4149 1339 4191 armato
1369 4150 1496 4188 vero
1524 4148 1684 4188 cursu
1718 4140 1796 4185 ter
1834 4130 1965 4183 vicit
1987 4126 2267 4198 Hypsicles
2284 4124 2368 4180 Si-

774 4230 1001 4298 cyonius
1018 4226 1428 4291 dolicho,Caius
1446 4223 1740 4283 Romanus,
1758 4228 1812 4273 et
1825 4217 2365 4287 AritonymiasCous,

773 4319 1053 4389 pentathlo
1068 4319 1306 4371 Isidorus
1321 4315 1561 4369 Alexand
1573 4314 1690 4366 rinu
1703 4327 1750 4375 s,
1772 4311 1910 4363 lucta
1933 4308 2180 4377 Aptotus,
2199 4309 2371 4374 perio-

771 4414 845 4466 do
865 4412 1105 4481 Atyanas
1136 4407 1485 4478 Hippocratis
1508 4402 1819 4458 Atramittei
1836 4400 1897 4455 F.
1917 4398 2173 4470 pugillatu
2193 4397 2367 4465 Spho-

771 4504 925 4556 drias
962 4501 1267 4571 Sicyonius,
1317 4498 1600 4568 pancratio
1633 4495 1919 4563 Sosigenes
1957 4492 2211 4543 Asianus.
2246 4486 2365 4542 Jam

774 4607 1063 4661 puerorqu
1083 4589 1262 4643 stadio
1280 4587 1412 4640 vicit
1432 4584 1830 4654 Apollophanes
1842 4578 2202 4650 Cyparissius,
2220 4577 2359 4629 lucta

773 4684 1019 4740 Seterich
1030 4699 1091 4737 us
1111 4682 1270 4736 Eleus
1289 4677 1434 4750 84a
1470 4677 1730 4749 pugillatu
1748 4673 1904 4729 Calas
1918 4672 2099 4737 Eleus,
2123 4671 2197 4724 uti
2223 4686 2357 4739 pan-

2463 3301 2561 3353 οῦκ
2588 3301 2773 3370 ἔτυχεν
2809 3302 2848 3333 ¹¹
2892 3303 2995 3355 ὑπό
3052 3320 3193 3364 τινος
3226 3302 3487 3371 ἀκριϐοῦς
3528 3304 3620 3355 καὶ
3657 3301 3894 3371 ἀληθοῦς
3918 3306 4055 3355 ἀντι-

2463 3396 2701 3463 γραφῆς,
2726 3395 2863 3447 ἀλλά
2884 3395 3012 3449 ἄλλο
3038 3413 3090 3447 τι
3109 3396 3265 3457 ἀλλος
3286 3398 3326 3426 ¹²
3349 3396 3455 3447 τῶν
3476 3398 3839 3463 ἐπιτυχόντων
3871 3396 3969 3446 καὶ
3992 3395 4055 3445 οῦ

2466 3486 2771 3553 συμφώνως
2793 3486 3061 3556 ἔγραψαν,
3087 3490 3230 3549 ὅσοις
3256 3488 3348 3539 καὶ
3370 3488 3581 3556 γράψαι
3602 3486 4052 3554 πεφιλοτίμηται.

2464 3577 2576 3647 Τὴν
2613 3578 2711 3646 μὲν
2742 3573 2834 3629 οὖν
2871 3578 3045 3646 ἀρχὴν
3081 3576 3173 3628 τοῦ
3204 3579 3659 3647 συγγράμματος,
3691 3578 3881 3646 ὥσπερ
3921 3576 4057 3643 ἔφη·

2467 3686 2606 3738 μεν,
2683 3669 2790 3720 ἀπὸ
2867 3671 2964 3737 τῆς
3030 3668 3254 3738 πρώτης
3327 3670 3691 3738 Ὀλυμπιάδος
3760 3669 4052 3720 ποιεῖται’

2465 3761 2680 3813 κάτεισι
2706 3760 2785 3825 δὲ,
2838 3762 2913 3821 ώς
2971 3762 3132 3824 αὐτὸς
3194 3777 3347 3829 φησι,
3401 3762 3563 3830 μέχρι
3604 3759 3713 3811 τῶν
3767 3760 4053 3828 ’Δδριανοῦ

2464 3854 2694 3923 χρόνων.

2546 3943 2701 4011 Ἐμοὶ
2730 3942 2787 3995 δὲ
2815 3941 3130 4011 ἀνεγνώσθη
3184 3941 3345 4010 μέχρι
3377 3940 3477 4009 τῆς
3512 3940 3618 4010 poi,"
3660 3940 4053 4007 Ὀλυμπιάδος,

2466 4032 2525 4083 ὲν
2674 4033 2829 4085 ἐνίκα
2883 4031 3230 4100 Ἑκατόμνως
3286 4033 3326 4062 ⁸³
3382 4032 3645 4098 Μιλήσιος
3688 4030 3903 4080 στάδιον
3957 4030 4055 4082 καὶ

2467 4122 2681 4175 δίαυλον
2712 4122 2804 4173 κα)¹
2837 4121 3083 4190 ὁπλίτην,
3137 4121 3275 4189 τρὶς,
3315 4120 3577 4187 ’Υφικλῆς
3615 4119 3908 4179 Σικυώνιος
3964 4121 4052 4173 δό-

2468 4214 2636 4282 λιχον,
2674 4213 2834 4274 Γάϊος
2878 4211 3147 4280 Ῥωμαῖος
3196 4210 3326 4281 [268
3372 4210 3463 4279 IL]
3513 4210 3744 4278 δόλιχον,
3787 4212 4056 4279 Ἀριστω-

2470 4302 2692 4370 νυμίδας
2718 4301 2760 4331 ¹¹⁵
2792 4300 2946 4367 Κῷος
2983 4300 3297 4361 πένταθλον,
3355 4301 3623 4368 Ἰσίδωρος
3660 4299 4053 4370 Ἀλεξανδρεὺς

2472 4394 2669 4461 πάλην,
2700 4393 2982 4454 Ἀπτωτος
3015 4392 3283 4460 περίοδον,
3339 4392 3599 4453 ’Λτυάνας
3649 4392 4053 4461 Ἱπποκράτους

2484 4485 2843 4555 Ἀδραμυτίου
2872 4484 2913 4514 ¹⁵
2951 4486 3079 4542 παῖς
3109 4483 3235 4547 πὺξ,
3269 4484 3533 4552 Σφοδρίας
3589 4484 3887 4546 Σικυώνιος
3916 4502 4055 4551 παγ-

2471 4577 2711 4645 κράτιον,
2743 4575 3053 4645 Σωσιγένης
3083 4574 3325 4636 Ἀσιανὸς
3348 4575 3553 4626 παίδων
3574 4577 3806 4638 στάδιον,
3856 4578 4057 4629 Ἀπολ-

2468 4665 2704 4734 λοφάνης
2759 4665 3173 4734 Κυπαρισσιεὺς
3226 4665 3433 4718 παίδων
3484 4665 3680 4734 πάλην,
3735 4668 4056 4739 Σωτήριχος

2059 4804 2299 4862 VARI!!!
2333 4803 2508 4859 LECT
2526 4801 2746 4857 IONES.

837 4939 857 4969 ⁷
888 4938 993 4990 τῶν
1032 4947 1151 5005 post
1180 4934 1345 5003 ἐγγὺς
1365 4949 1474 4986 om.
1509 4932 1573 4986 A.

790 4997 1075 5079 Ἀρσάκιός
1112 5006 1152 5061 C
1328 5006 1367 5035 ¹¹
1399 5004 1587 5079 ξτυχεν
1616 4999 1925 5079 ὑπ-ὸ].ξτυχέ
1956 4997 2041 5049 πώ
2063 4998 2331 5079 βωιιεϋτ.

782 5067 937 5142 αίδας
972 5081 1012 5132 Α
1038 5096 1051 5132 :
1081 5067 1573 5147 Ἀριτωνυμίαςς.
1657 5073 1700 5102 ¹⁸
1724 5067 2139 5138 “’Λτραμυτείου
2168 5084 2228 5130 ς.

1670 4932 1691 4961 ⁸
1720 4926 2056 4981 ἐπισκοπιῶν
2088 4944 2146 4989 ς.
2173 4924 2245 4979 cf.
2284 4940 2337 4988 ν,
2370 4924 2428 4986 2,
2462 4930 2516 4975 et
2544 4937 2596 4985 β.
2628 4921 2687 4975 81
2720 4938 2772 4977 ο,
2809 4920 2897 4973 52.
2975 4921 2996 4950 ⁹
3040 4922 3369 4981 Ίνωκέντιος
3400 4937 3459 4983 ς.

1670 4999 1741 5045 τὸ]
1771 5000 1925 5045 ἕτυνέ
1956 4997 2041 5045 πώ
2070 4998 2331 5045 Scaliizer.
2434 4993 2476 5022 ¹³
2511 4992 2700 5045 ἄλλοτε
2741 4990 2913 5045 ἄλλως
2944 5009 3003 5045 ς.
3084 4992 3125 5020 ⁸³
3171 4990 3459 5045 Ἐκατόμνι

2612 5009 2700 5044 οτε
2741 5008 2913 5053 nam;
2944 5009 3003 5054 ς’.

3540 4918 3584 4950 ¹⁰
3616 4918 3925 4986 Νεκτάριος
3956 4919 3995 4970 Δ
4035 4935 4049 4970 :

3084 4992 3125 5020 ⁸³
3171 4990 3501 5059 Ἐκατόμνος
3528 5007 3590 5043 ς’.
3673 4990 3717 5019 ⁸⁸
3744 4988 4055 5057 Ἀριτωνυ-

2318 5153 2553 5210 NOTAE.

848 5284 960 5355 ('20)
997 5280 1480 5355 Niceph.c:_tp.__29_,
1515 5289 1656 5331 extr.
1706 5272 1932 5329 Monstri
1975 5282 2153 5326 autem
2201 5270 2348 5325 illius

777 5351 975 5423 ﬂagitia
997 5351 1482 5423 ittiltcaliit_l'all:itl.

847 5412 957 5493 ζει)
1004 5426 1077 5477 De
1101 5438 1207 5490 quo
1259 5420 1483 5493 nit-apti.
1528 5433 1651 5493 cap.
1680 5417 1771 5469 et.
1804 5412 2346 5493 Nebridii-quondam

776 5482 1015 5565 praefecti
1048 5482 1239 5562 sponsa
1264 5482 1652 5565 Pallad._,_aput_l
1672 5501 1836 5565 quem
1862 5485 1929 5537 de
1956 5482 2146 5537 eadem
2173 5484 2350 5549 plura.

865 5566 955 5633 22)
978 5558 1268 5633 Nicephor.
1298 5578 1417 5630 cap.
1460 5561 1528 5613 55
1554 5569 1605 5613 et
1621 5558 1712 5610 54.

870 5621 957 5704 23)
989 5621 1212 5701 Νἰεένιι,
1254 5635 1345 5684 lib.
1368 5621 1486 5704 'x_iv,
1530 5645 1649 5696 cap.
1687 5637 1830 5704 extr.
1862 5622 2064 5702 Zonar.
2099 5631 2229 5704 tom.
2261 5621 2352 5702 lll,

773 5716 829 5759 et
852 5692 974 5773 ipsa
1003 5692 1216 5770 Georgii
1242 5704 1378 5773 edit.
1400 5692 1610 5773 Latina,
1645 5714 1747 5773 non
1781 5694 2133 5773 A_rsaci.o,sed
2157 5692 2344 5773 Artico

778 5763 1004 5830 relatum
1040 5763 1231 5829 ιιοιιῖοη
1267 5774 1327 5824 ι).
1357 5772 1512 5824 .lnan.
1540 5772 1590 5823 iu
1627 5766 1877 5838 eliptycha
1912 5763 2345 5833 tribuunt.!.Cas-

776 5847 913 5902 siod.
936 5847 1062 5900 itetn
1099 5855 1152 5898 et
1189 5846 1399 5913 reliqui.

2524 5267 2636 5345 (24)
2673 5265 2826 5345 Sttid:
2871 5264 3059 5345 Ἐτὲοη
3088 5264 3144 5316 δὲ
3179 5264 3372 5345 πρώτη
3394 5264 3731 5345 ,Ὤλυμπιὰς
3761 5263 3855 5316 ἐπὶ
3887 5265 4054 5319 Σο).οο

2460 5340 2774 5408 μῶντοςνείς
2805 5337 3012 5408 ἑορτὴν
3035 5337 3304 5404 κοσμικὴν
3327 5336 3420 5387 τοῦ
3453 5336 3596 5398 Διός.

2533 5408 2645 5479 (25)
2682 5406 2835 5479 Unde
2868 5403 3081 5479 'merito
3109 5403 3320 5473 tempus
3380 5406 3506 5479 illud
3553 5404 3783 5479 μυθικὸν
3843 5403 4047 5471 Varro,

2459 5476 2746 5534 Censorin.
2793 5477 2988 5531 Euseb.
3021 5478 3249 5543 August.
3281 5486 3337 5529 et
3370 5476 3458 5527 alii
3500 5476 3860 5543 appellarunt.

2533 5549 2644 5619 (26)
2677 5546 3017 5627 Et-Qlymp.‘
3040 5546 3163 5599 229.
3218 5543 3371 5599 Suid.
3401 5556 3570 5611 auct.,
3608 5546 3763 5614 cujus
3795 5560 3946 5599 anno
3988 5549 4051 5613 2,

2465 5618 2709 5672 mertuus
2750 5618 2972 5669 Adrian.
3007 5618 3137 5684 imp.

2525 5688 2638 5758 (27)
2667 5688 2943 5758 Olympica
2963 5688 3319 5754 ἀγωνίσματα
3345 5701 3375 5738 e
3395 5686 3627 5758 l’attsan.
3657 5683 3826 5758 Eliac.
3846 5685 4051 5758 priore

2454 5754 2596 5811 libro
2626 5759 2883 5825 colligere
2916 5756 3060 5819 licet,
3093 5765 3149 5809 et
3178 5757 3469 5825 descripsit
3512 5754 3651 5808 Bud.
3688 5754 3969 5823 prioribus
3990 5758 4047 5809 in

2457 5828 2712 5883 Pandect.
2747 5828 3052 5881 Comment.
