4224 6442
164 408 261 474 361

1274 403 1797 464 BIBLIOTHECA.
1842 427 1913 439 —
1950 402 2113 464 COD.
2156 403 2354 465 XCVI.

3331 396 3438 461 362

178 526 394 587 Ἡλεῖος
465 520 674 574 παίδων
725 518 857 585 πὺξ,
913 518 1103 582 Κάλας
1147 517 1354 581 Ἡλεῖος
1388 517 1595 570 παίδων
1619 532 1763 584 παγ-

1873 515 2037 568 cratio
2059 527 2117 569 et
2145 523 2358 567 armato
2404 527 2566 568 cursu
2628 511 2992 567 llecatomnus
3034 508 3294 565 Milesius.
3339 510 3448 567 Ter

179 618 425 689 ιράτιον,
466 613 818 681 Ἐκατόμνως
841 610 1108 680 Μιλήσιος
1137 610 1234 662 καὶ
1266 608 1493 678 ὁπλίτην
1511 608 1555 638 ¹⁶
1590 601 1763 677 (οὗτος

170 716 224 761 ὲν
253 712 321 778 τῇ
357 710 500 777 αὐτῇ
539 706 609 758 τὰ
660 704 791 774 τρία
845 702 1222 772 ἐστεφανώθη,
1258 702 1492 764 στάδιον,
1524 703 1764 767 δίαυλον,

168 804 447 871 ὁπλίτην),
490 799 868 870 Ἀριστόλοχος
921 798 950 850 ὁ
994 797 1201 859 Ἡλεῖος
1247 796 1568 866 τέθριππον,
1598 796 1763 865 Ἀγή-

176 913 337 966 μονος
373 894 591 945 Ἠλείου
633 892 823 961 κέλης.
867 890 1182 944 Ἑλλανίκου
1248 889 1459 943 Ἠλείου
1505 889 1761 959 συνωρὶς,

174 988 264 1039 τοῦ
296 986 473 1039 αὑτοῦ
510 986 751 1037 πωλικὸν
783 984 1102 1052 τέθριππον,
1151 983 1365 1052 Κλητία
1402 983 1442 1013 ⁸⁷
1485 982 1697 1035 Ἠλείου
1725 982 1766 1012 ¹⁸

174 1080 391 1149 πωλικὴ
422 1080 681 1148 συνωρὶς,
734 1078 1054 1130 Καλλίππου
1080 1076 1280 1144 Πηλίου
1315 1076 1549 1138 πωλικὸς
1579 1074 1764 1143 κέλης.

243 1172 557 1235 Λεύκολλος
591 1172 647 1223 δὲ
690 1170 913 1240 ’Λμισὸν
964 1170 1007 1201 ¹⁹
1040 1169 1370 1238 ἐπολιόρκει,
1404 1171 1499 1221 καὶ
1542 1167 1768 1236 Μουρή-

176 1280 269 1314 ναν
307 1263 405 1314 ἐπὶ
427 1262 532 1328 τῆς
556 1259 872 1329 πολιορκίας
902 1257 1220 1312 καταλιπὼν
1244 1259 1382 1327 μετὰ
1394 1259 1537 1310 δυοῖν
1557 1257 1771 1325 ταγμά-

178 1373 287 1406 τοιν
322 1354 489 1415 αὐτὸς
513 1352 651 1421 μετὰ
682 1352 849 1421 τριῶν
872 1352 1049 1404 ἄλλων
1072 1351 1315 1422 προῆγεν
1340 1352 1433 1402 ἐπὶ
1457 1350 1769 1419 Καῦείρων,

177 1448 310 1499 ὅπου
342 1445 685 1514 διεχείμαζε.
726 1443 833 1496 Καὶ
874 1443 1152 1512 ’Λδριανὸν
1187 1442 1425 1506 ἐπέταξε
1463 1442 1772 1512 πολεμῆσαι

179 1540 528 1610 Μιθριδάτῃ·
561 1537 657 1589 καὶ
712 1536 1029 1604 πολεμήσας
1095 1534 1335 1603 ἐνίκησε.
1377 1536 1488 1587 Καὶ
1547 1532 1771 1602 σεισμοῦ

181 1639 237 1687 ἐν
288 1634 485 1702 Ῥώμῃ
515 1629 817 1699 γενομένου
883 1628 1053 1680 πολλὰ
1100 1626 1309 1697 ταύτης
1337 1628 1631 1680 συνέπεσε.
1666 1627 1774 1679 Καὶ

182 1726 315 1779 ἄλλα
343 1726 400 1775 δὲ
440 1720 671 1772 πλεῖστα
701 1720 758 1769 ἐν
787 1717 959 1788 ταύτῃ
994 1716 1292 1787 ξυνηνέχθη
1323 1720 1389 1787 τῇ
1427 1716 1771 1785 Ὀλυμπιάδι,

184 1820 292 1871 Καὶ
337 1813 636 1883 Ῥωμαίων
661 1810 739 1879 τῷ
776 1810 942 1881 τρίτῳ
996 1812 1169 1880 αὐτῆς
1202 1811 1312 1863 ἔτει
1354 1809 1774 1877 άπετιμήθησαν

192 1911 458 1981 μυριάδες
506 1911 833 1978 ἐνενήκοντα
878 1907 971 1959 καὶ
1005 1906 1123 1974 μία.
1158 1904 1264 1956 Καὶ
1298 1900 1663 1968 Σινατρούκην
1684 1900 1773 1951 τὸν

187 2002 422 2071 Πάρθων
456 2000 683 2069 βασιλέα
713 1997 1114 2065 τελευτήσαντα
1149 1993 1419 2056 διεδέξατο
1442 1991 1699 2060 Φραάτης
1729 1990 1773 2019 ⁸⁸

186 2100 213 2147 ὁ
246 2094 565 2163 ἐπικληθεὶς
596 2093 751 2153 Θεὸς.
783 2092 894 2143 Καὶ
964 2088 1193 2157 Φαῖδρον
1250 2086 1342 2138 τὸν
1398 2084 1775 2154 Ἐπικούρειον

189 2188 457 2251 διεδέξατο
516 2186 765 2253 Πάτρων.
846 2184 959 2235 Καὶ
1015 2180 1335 2249 Οὐεργίλιος
1404 2178 1447 2207 ²¹
1508 2167 1714 2247 Μάρων
1749 2179 1777 2229 ὁ

194 2281 420 2350 ποιητὴς
452 2277 723 2346 ἐγεννήθη
782 2275 972 2327 τούτου
999 2272 1094 2326 τοῦ
1134 2272 1320 2335 ἔτους,
1379 2270 1539 2331 εἰδοῖς
1577 2270 1777 2321 Ὀκτω-

195 2374 396 2443 ϐρξαις.
432 2371 565 2442 [H7
600 2368 696 2439 1L]
760 2367 850 2436 Τῷ
877 2368 933 2419 δὲ
957 2365 1203 2435 τετάρτῳ
1244 2363 1351 2416 ἔτει
1382 2362 1659 2433 Τιγράνης
1686 2365 1778 2414 καὶ

194 2464 535 2533 Μιθριδάτης
558 2460 909 2530 ἀθροίσαντες
936 2456 1138 2521 πεζοὺς
1168 2456 1267 2526 μέν
1287 2458 1560 2525 τέσσαρας
1580 2454 1779 2523 μυριά-

195 2556 305 2618 δας,
351 2556 559 2617 ἱππέας
586 2556 630 2584 ¹¹
664 2555 720 2606 δὲ
768 2554 939 2621 τρεῖς,
1000 2551 1094 2603 καὶ
1140 2550 1231 2601 τὸν
1270 2548 1531 2601 Ἰταλικὸν
1583 2549 1781 2610 αὐτοὺς

197 2650 459 2713 τάξαντες
490 2649 712 2717 τρόπον,
745 2645 1092 2713 ἐπολέμησαν
1119 2641 1405 2709 Λευκόλλῳ
1423 2641 1467 2670 ⁸³
1490 2657 1502 2668 ·
1534 2642 1626 2692 καὶ
1657 2641 1781 2708 νικᾷ

198 2741 526 2801 Λεύκολλος,
577 2740 672 2790 καὶ
725 2735 1151 2803 πεντακισχίλιοι
1207 2734 1305 2801 μὲν
1352 2732 1461 2784 τῶν
1503 2733 1641 2801 μετά
1688 2732 1779 2783 Τιο

198 2836 435 2903 γράνους
459 2831 676 2893 ἔπεσον,
710 2828 926 2889 πλείους
953 2828 1009 2879 δὲ
1038 2825 1242 2878 τούτων
1267 2824 1779 2895 ᾐχμαλωτίσθησαν,

198 2926 365 2995 χωρὶς
390 2921 489 2973 τοῦ
519 2921 681 2974 ἄλλου
741 2916 1038 2984 σύγκλυδος
1088 2917 1130 2945 ⁸⁸
1159 2916 1338 2984 ὄχλου.
1376 2916 1484 2967 Καὶ
1513 2915 1573 2965 τὸ
1601 2916 1780 2966 Καπι-

196 3015 388 3065 τώλιον
415 3015 474 3064 ἐν
528 3010 715 3079 Ῥώμη
756 3009 965 3069 Κάτλος
1006 3007 1335 3076 καθιέρωσε.
1372 3006 1481 3057 Καὶ
1515 3005 1782 3066 Μέτελλος

197 3106 284 3155 ἐπὶ
309 3103 408 3154 τὸν
464 3098 740 3168 Κρητικὸν
798 3096 1034 3163 πόλεμον
1068 3096 1341 3163 ὁρμήσας,
1373 3091 1499 3159 τρία
1526 3091 1783 3159 τάγματα

1867 606 1957 660 hic
1983 605 2174 660 eodem
2205 605 2321 672 ipso
2354 604 2779 664 diecoronatus
2830 609 2935 665 est,
2988 601 3167 657 stadio
3223 600 3452 671 ejusque

1868 707 2113 757 recursu,
2141 702 2198 745 et
2242 702 2449 745 armato
2479 706 2664 752 cursu,
2694 689 3067 747 AriStolochus
3119 688 3284 743 Eleus
3314 704 3450 757 qua-

1867 784 2019 856 driga
2043 786 2240 846 victor,
2259 799 2400 851 equo
2426 797 2554 837 vero
2581 782 2837 850 singulari
2861 782 3100 850 Agemon
3127 780 3311 834 Eleus.
3329 778 3451 832 Hel-

1866 876 2045 930 lanico
2073 875 2202 931 Eleo
2220 877 2337 945 higa
2359 876 2543 935 cessit.
2570 883 2625 930 et
2647 874 2993 942 equuleorum
3020 872 3304 942 quadriga.
3331 870 3453 924 Cle-

1871 969 1957 1022 tiae
1990 969 2103 1023 Elei
2139 970 2491 1037 equuleorum
2520 966 2639 1038 biga
2671 965 2788 1030 fuit,
2815 975 2869 1020 et
2898 962 3124 1033 Callippi
3155 961 3299 1022 Peld
3335 961 3451 1017 sin-

1869 1062 2073 1134 gularis
2109 1061 2397 1130 equuleus.

1942 1153 2200 1209 Lucullus
2257 1169 2324 1208 eo
2380 1162 2619 1220 tempore
2682 1148 2924 1203 Amisum
2982 1146 3302 1211 obsidebat;
3360 1146 3455 1200 sed

1874 1245 2100 1299 Murena
2137 1245 2189 1298 in
2221 1244 2507 1298 obsidione
2529 1255 2651 1295 cum
2671 1237 2880 1291 duabus
2908 1234 3210 1304 legionibus
3244 1231 3454 1297 relicto,

1875 1338 1992 1406 ipse
2023 1352 2144 1391 cum
2177 1337 2348 1390 tribus
2378 1334 2500 1386 aliis
2530 1332 2793 1385 adversus
2828 1327 3086 1383 Cabeiros
3114 1326 3285 1389 duxit,
3325 1334 3380 1379 et
3400 1324 3454 1376 in

1877 1432 2120 1485 hibernis
2152 1430 2350 1483 ibidem
2371 1437 2548 1482 castra
2575 1423 2792 1479 locavit.
2825 1421 2967 1474 Idem
3001 1419 3298 1472 Adrianum
3331 1431 3455 1470 cum

1882 1523 2200 1578 Mithridate
2232 1519 2524 1589 conﬂigere
2550 1518 2724 1587 jubet,
2768 1529 2873 1583 quo
2891 1512 3053 1566 etiam
3084 1509 3270 1579 praalio
3293 1523 3458 1575 supe-

1876 1617 1990 1670 rior
2015 1617 2139 1669 fuit.
2176 1616 2361 1669 Roma:
2389 1626 2605 1681 quoque
2634 1620 2775 1663 terra
2798 1606 2985 1667 movit,
3009 1603 3285 1670 multaque
3318 1600 3458 1653 allii-

1877 1712 1977 1774 xit,
2000 1720 2053 1763 et
2087 1709 2189 1761 alia
2240 1717 2502 1776 praeterea
2540 1703 2762 1773 plurima
2810 1702 2911 1753 hac
2973 1699 3086 1767 ipsa
3141 1692 3461 1765 Olympiade

1875 1803 2235 1871 contigerunt.
2292 1799 2425 1851 Nam
2479 1810 2624 1848 anno
2653 1795 2816 1848 tertio
2866 1807 3046 1846 censa:
3099 1801 3225 1845 sunt
3273 1788 3459 1842 liotore

1880 1896 2147 1964 myriades
2164 1893 2273 1962 (29)
2291 1889 2585 1960 nonaginta
2607 1898 2661 1940 et
2680 1902 2803 1939 una.
2829 1885 3113 1938 Sinatruce
3135 1884 3458 1937 Parthorum

1881 1999 2004 2052 rege
2026 1984 2295 2036 exstincto
2325 1979 2463 2050 (‘50),
2497 1978 2759 2033 successit
2787 1975 3051 2028 Phraates
3097 1982 3461 2039 cognomento

1880 2075 2025 2149 Dens
2050 2092 2065 2141 ;
2123 2083 2177 2127 et
2220 2072 2503 2127 Phaedrum
2556 2069 2877 2137 Epicureum
2935 2074 3225 2126 mortuum,
3260 2061 3459 2115 Patron

1880 2168 2114 2231 excepit.
2150 2163 2404 2231 Virgilius
2440 2162 2565 2216 item
2598 2160 2747 2213 Maro
2771 2158 2880 2227 (51)
2910 2158 3011 2210 hoc
3056 2157 3172 2225 ipso
3190 2170 3331 2206 anno
3354 2152 3461 2205 ldi-

1880 2256 1981 2309 bus
2009 2254 2261 2309 Octobris
2320 2264 2478 2307 natus
2523 2258 2628 2305 est.
2668 2250 2873 2315 Quarto
2917 2261 3043 2300 vero
3083 2245 3240 2313 hujus
3272 2242 3459 2315 Olym-

1880 2348 2057 2417 piadis
2111 2362 2253 2401 anno
2294 2346 2563 2413 Tigranes
2589 2352 2642 2397 et
2664 2342 3025 2400 Mithridates.
3070 2340 3315 2392 collectis
3346 2336 3460 2406 (32)

1882 2443 2120 2512 peditum
2153 2439 2513 2510 quadraginta
2549 2439 2790 2501 milibus,
2823 2438 3063 2505 equitum
3085 2432 3329 2501 triginta,
3378 2430 3461 2482 in-

1883 2542 2198 2601 structaque
2233 2532 2604 2585 Romanorum
2636 2544 2781 2581 more
2802 2528 2937 2591 acie,
2960 2541 3082 2580 cum
3126 2522 3349 2578 Lucullo
3385 2521 3465 2572 di-

1884 2624 2150 2677 micantes
2211 2624 2337 2676 victi
2399 2632 2527 2677 sunt
2560 2642 2575 2677 :
2601 2621 2755 2676 cazsis
2779 2638 2809 2675 e
2836 2618 3086 2687 Tigranis
3110 2617 3283 2684 copiis
3303 2615 3464 2684 quin-

1883 2729 1989 2783 qne
2011 2715 2269 2776 millibus,
2294 2726 2348 2769 ct
2376 2716 2458 2769 his
2488 2714 2732 2783 pluribus
2759 2712 2953 2780 captis,
2988 2720 3185 2779 prmter
3211 2718 3462 2762 cateram

1885 2811 2165 2863 hominum
2196 2809 2482 2862 rolluviem
2521 2808 2658 2876 (33),
2718 2805 3040 2874 Capitolium
3084 2803 3269 2856 Romae
3301 2801 3468 2854 Catu-

1886 2904 1969 2957 lus
1997 2902 2305 2957 dedicavit:
2334 2911 2387 2955 et
2424 2901 2489 2953 ad
2515 2901 2784 2954 Creticum
2811 2898 2922 2965 (54)
2970 2897 3167 2950 bellum
3194 2893 3470 2963 profectus

1885 3012 2005 3049 cum
2044 2997 2260 3065 triginta
2315 2994 2613 3062 legionibus
2648 2991 2918 3052 Metellus,
2965 2989 3190 3042 insulam
3220 3000 3339 3040 eam
3394 2993 3468 3038 te-

1888 3088 2003 3138 nuit
2036 3088 2158 3138 :uhi
2182 3096 2236 3139 et
2276 3102 2438 3137 manu
2486 3100 2608 3138 cum
2644 3082 2948 3136 Laosthene
2995 3087 3265 3143 conserta,
3296 3076 3469 3130 victor

198 3200 352 3265 ἔχων,
387 3166 675 3264 ἦλθεήνήείς
719 3193 817 3261 τὴν
877 3190 1058 3259 νῆσον,
1114 3190 1207 3239 καὶ
1255 3188 1403 3258 μάχῃ
1432 3190 1671 3256 ,νικήσας
1694 3190 1777 3238 τὸν

1890 3176 2187 3243 imperator
2217 3188 2299 3230 est
2327 3178 2650 3244 appellatus,
2682 3173 3036 3229 Cretensibus
3090 3170 3231 3224 intra
3273 3166 3469 3236 oppida

195 3288 449 3354 Λασθένη
480 3286 527 3317 ³⁵
556 3283 915 3352 αὐτοκράτωρ
968 3280 1338 3349 ἀνηγορεύθη,
1382 3282 1473 3332 καὶ
1503 3281 1780 3349 τειχήρεις

198 3381 505 3446 κατέστησε
529 3379 653 3439 τοὺς
679 3377 924 3446 Κρῆτας.
977 3376 1087 3426 Καὶ
1121 3374 1488 3443 Ἀθηνόδωρος
1516 3372 1783 3441 πειρατὴς

197 3470 801 3540 ἐξανδραποδισάμενος
841 3466 1065 3537 Δηλίους
1090 3467 1155 3516 τὰ
1172 3466 1279 3517 τῶν
1309 3465 1615 3533 λεγομένων
1644 3464 1783 3515 θεῶν

200 3565 361 3628 ξόανα
394 3563 761 3631 διελυμήνατο
783 3578 796 3590 ·
853 3560 1010 3623 Γάϊος
1064 3558 1120 3610 δὲ
1154 3559 1411 3627 Τριάριος
1455 3559 1526 3609 τά
1548 3558 1786 3623 λελωϐη-

200 3659 337 3726 μένα
367 3658 471 3724 τῆς
504 3656 711 3717 πόλεως
756 3654 1126 3714 ἐπισκευάσας
1190 3655 1421 3721 ἐτείχισε
1462 3655 1561 3723 τὴν
1593 3656 1782 3721 Δῆλον.

266 3751 452 3819 Μέχρι
516 3749 612 3816 μὲν
663 3747 757 3799 οὖν
798 3745 1002 3815 ταύτης
1044 3763 1133 3814 μοι
1191 3746 1290 3813 τῆς
1336 3746 1698 3813 Ὀλυμπιάδος
1730 3748 1789 3797 ὲν

196 3845 374 3911 λόγοις
408 3841 571 3893 πέντε
599 3843 630 3909 ἡ
660 3842 963 3908 ἀνάγνωσις
994 3842 1242 3907 γέγονεν.
1273 3839 1429 3891 Ἔστι
1452 3837 1626 3908 δὲτὴν
1654 3837 1789 3906 φρά-

201 3954 283 3988 σιν
337 3934 470 3987 οὔτε
528 3933 649 3985 λίαν
695 3934 1044 4003 χαμαιπετὴς
1080 3932 1201 3984 οὔτε
1237 3932 1326 3983 τὸν
1374 3932 1619 3983 ’Λττικὸν
1650 3932 1703 3992 ἐς
1731 3930 1789 3980 τὸ

200 4025 436 4095 ἀκριϐὲς
488 4022 766 4086 διασώζων
814 4024 1162 4092 χαρακτῆρα.
1197 4021 1405 4082 ’Λλλως
1450 4038 1509 4072 τε
1552 4020 1607 4072 δὲ
1636 4021 1788 4088 καὶὴ

202 4118 333 4185 περὶ
363 4116 466 4175 τὰς
509 4113 879 4181 Ὀλυμπιάδας
911 4112 1097 4164 καὶτὰ
1132 4114 1189 4162 ἐν
1223 4112 1413 4172 αὐταῖς
1446 4111 1554 4162 τῶν
1592 4112 1790 4176 ἀγωνι-

202 4208 429 4276 σμάτων
472 4205 714 4272 ὀνόματα
767 4206 861 4255 καὶ
911 4204 1138 4272 πράξεις
1183 4203 1228 4232 ³⁸
1278 4204 1369 4254 καὶ
1404 4204 1436 4270 ή
1488 4202 1617 4271 περὶ
1664 4202 1789 4263 τοὺς

204 4299 496 4368 χρησμοὺς
530 4298 755 4365 ἄκαιρος
819 4294 1099 4363 φιλοπονία
1149 4311 1209 4344 τε
1263 4294 1356 4345 καὶ
1386 4292 1685 4359 φιλοτιμία,
1712 4292 1789 4353 είς

203 4393 366 4459 κόρον
396 4388 690 4454 ἀπάγουσα
749 4387 839 4438 τὸν
882 4386 1155 4455 ἀκροατὴν
1200 4386 1294 4437 καὶ
1332 4385 1496 4453 μηδὲν
1527 4383 1654 4435 ἄλλο
1683 4382 1790 4433 τῶν

204 4485 257 4533 ἐν
290 4480 370 4548 τῷ
405 4479 551 4547 λόγῳ
585 4477 924 4546 προκύπτειν
954 4476 1333 4547 συγχωροῦσα,
1360 4476 1499 4545 ἀηδῆ
1531 4492 1589 4527 τε
1631 4476 1672 4505 ³⁷
1701 4474 1789 4525 τὸν

1894 3285 2189 3337 murosque
2221 3269 2540 3337 compulsis.
2566 3267 2949 3320 Athenodorus
2974 3262 3150 3332 pirata
3179 3259 3289 3314 Deli
3314 3259 3467 3312 inco-

1890 3363 1969 3415 las
1999 3365 2244 3430 captivos
2276 3364 2575 3420 abducens,
2610 3359 2854 3419 deorum,
2888 3356 2976 3425 qui
3008 3364 3290 3416 vocantur,
3314 3351 3468 3420 signa

1889 3454 2157 3506 destruxit
2189 3470 2203 3514 ;
2233 3463 2287 3504 at
2307 3452 2703 3520 Cujusquidam
2738 3450 2983 3502 Triarius
3014 3446 3163 3500 urbis
3189 3454 3309 3498 ruta
3329 3456 3470 3497 caesa

1891 3546 2222 3609 instaurans,
2258 3545 2445 3598 Delum
2479 3560 2634 3598 muro
2668 3542 2861 3596 cinxit.

1960 3732 2039 3783 Ad
2086 3730 2224 3783 hanc
2258 3729 2440 3796 itaque
2482 3724 2850 3794 Olympiadem
2878 3735 3049 3791 usque
3096 3720 3261 3774 libros
3310 3718 3473 3786 quin-

1892 3838 1996 3891 que
2026 3821 2371 3889 perlegimus.
2400 3819 2655 3872 Auctoris
2685 3816 2856 3885 stylus
2876 3828 3051 3881 neque
3078 3812 3301 3867 omnino
3324 3808 3471 3862 humi

1892 3916 2082 3983 serpit,
2120 3930 2291 3982 neque
2348 3912 2591 3964 Atticum
2649 3920 3037 3977 usquequaque
3092 3906 3466 3959 characterem

1892 4016 2095 4061 servat.
2123 4006 2373 4073 Alioquin
2413 4005 2499 4056 illa
2534 4001 2698 4055 nimis
2759 3999 2943 4069 putida
2971 3999 3141 4065 ipsius
3193 3995 3471 4048 accuratio

1894 4109 2057 4166 atque
2092 4098 2369 4167 diligentia
2397 4096 2448 4149 in
2496 4093 2906 4165 Olympiadibus
2930 4086 3334 4159 percensendis,
3357 4084 3473 4137 sin-

1896 4191 2259 4260 gulorumque
2278 4189 2638 4242 certaminum
2668 4185 2994 4242 nominibus.
3016 4192 3069 4235 et
3097 4181 3256 4233 rebus
3284 4178 3471 4245 gestis,

1894 4293 2055 4351 atque
2110 4283 2239 4350 ipsis
2272 4282 2434 4335 etiam
2463 4280 2701 4333 oraculis
2759 4277 3075 4336 referendis,
3117 4288 3220 4326 non
3255 4270 3471 4323 tmdium

1893 4377 2053 4429 modo
2085 4374 2272 4427 lectori
2308 4372 2485 4431 alTert,
2517 4374 2641 4423 dum
2684 4385 2777 4439 per
2799 4384 2915 4422 eam
2956 4367 3157 4433 reliqua
3187 4362 3363 4415 omnia
3416 4360 3473 4411 in

1892 4465 1997 4519 hoc
2051 4465 2191 4519 libro
2229 4466 2576 4534 obtegttntnr,
2633 4478 2805 4531 neque
2859 4472 3123 4529 apparere
3170 4456 3467 4509 sinuntur:

203 4573 359 4638 λόγον
388 4568 629 4621 δεικνύει
660 4570 751 4620 καὶ
808 4569 1028 4637 χάριτος
1075 4568 1228 4620 οὐδὲν
1256 4567 1401 4634 ἔχειν
1432 4566 1777 4636 παρατίθησι.

1894 4573 2081 4610 verum
2108 4558 2270 4610 etiam
2304 4557 2651 4623 iniucundum
2709 4551 3092 4621 propemodum
3140 4548 3313 4602 reddit
3352 4559 3469 4597 ser-

206 4661 501 4729 Χρησμοῖς
552 4658 608 4711 δὲ
663 4659 939 4721 παντοίοις
965 4658 1041 4720 είς
1068 4657 1377 4727 ὑπερϐολήν
1429 4658 1545 4708 ἐστι
1588 4673 1787 4725 κεχρη-

204 4752 386 4819 μένος.

1903 4664 2140 4711 nionem,
2173 4649 2376 4717 quique
2400 4647 2544 4719 84b
2594 4648 2783 4715 gratia:
2807 4646 2938 4699 nihil
2964 4644 3162 4696 habere
3202 4639 3479 4693 indicetur

1903 4754 1957 4797 et
1989 4757 2116 4796 vero
2153 4744 2331 4795 omnis
2365 4742 2583 4810 generis
2611 4740 2832 4793 deorum
2890 4752 3147 4807 responsa
3174 4735 3291 4787 sine
3319 4735 3477 4785 modo

1902 4834 2154 4891 inculcat.

1506 4990 1743 5045 VARI/[‘3
1786 4992 2192 5048 LECTIONES.

300 5147 343 5177 "
380 5145 513 5197 Μιλ.
544 5142 635 5195 καὶ
668 5140 895 5208 ὁπλίτην
932 5156 993 5202 ς.
1094 5136 1134 5165 ¹⁷
1174 5134 1411 5208 Κλητεία
1445 5152 1504 5197 ς’.

203 5218 242 5245 ⁹¹
277 5215 597 5283 Ούῖργίλιος
635 5229 694 5275 ς.
794 5212 838 5283 ²ᾲ²
878 5208 1115 5283 ἱππέων.
1154 5223 1213 5268 ς.

202 5290 245 5317 ³⁵
282 5274 499 5346 χαίτας
537 5274 764 5351 πράξεις
792 5280 831 5334 C
864 5297 921 5343 ς.
1000 5279 1044 5307 ’⁷
1074 5294 1132 5328 τε
1167 5274 1350 5345 σχεδὸν
1386 5278 1475 5326 τόν
1507 5292 1566 5337 ς.

1606 5134 1647 5163 ¹⁸
1685 5133 1914 5202 Πηλείου
1964 5152 2023 5197 ς.

1308 5204 1353 5233 ’³
1384 5203 1705 5272 Λευκούλλῳ
1765 5235 1829 5243 -
1862 5203 2199 5266 Λεύκουλλος
2235 5222 2292 5267 ς.

3055 5129 3100 5159 ὀ
3148 5127 3362 5195 Φράτης
3422 5144 3479 5189 ς.

2145 5134 2185 5170 ’⁸
2220 5132 2484 5195 Λεύκολος
2544 5132 2600 5183 δὲ
2645 5132 2872 5198 ἄμινσον
2917 5148 2975 5193 ς.
3055 5132 3100 5159 ὀ
3148 5132 3291 5195 Φράτ

2145 5222 2199 5251 ος
2235 5222 2292 5251 σ.
2380 5203 2424 5233 ⁸⁸
2459 5200 2789 5251 συγκλυδοῦε
2839 5218 2896 5251 C.
2988 5200 3033 5229 “
3082 5198 3291 5251 Λαοσθέ

3131 5213 3363 5266 αοσυενη
3423 5213 3479 5256 ς.

2380 5203 2424 5233 ⁸⁸
2459 5201 2789 5269 συγκλυδοῦς
2839 5218 2896 5263 ς.

1761 5360 1994 5418 NOTAE.

285 5515 504 5582 (ΞΒ-ΞΩ)
536 5514 590 5567 ld
622 5523 725 5575 est,
755 5513 939 5565 decem
957 5509 1122 5564 millia
1138 5525 1300 5579 supra
1323 5518 1591 5576 nongenta
1621 5507 1805 5559 millia.

275 5587 390 5658 (30)
446 5584 991 5658 SanatruceuKhuic,
1042 5593 1097 5633 ut
1150 5581 1805 5658 videtur,cognominem.

217 5652 611 5712 Armeniorum
636 5654 928 5719 quemdam
961 5668 1142 5719 regem
1180 5653 1314 5704 citat
1348 5652 1500 5704 Suid.

306 5727 421 5795 (3t)
453 5726 556 5800 Cn.
583 5724 837 5800 Pompeio
861 5732 916 5775 et
944 5722 1421 5800 Grasso_coss.,
1448 5729 1504 5773 ut
1530 5722 1603 5773 ait
1629 5721 1808 5775 Dona-

220 5791 410 5853 ιιιδίιι
430 5796 547 5858 ejus
590 5794 731 5855 Vita,
786 5807 928 5845 anno
963 5791 1028 5845 U.
1067 5793 1128 5844 C.
1160 5792 1284 5845 684.

277 5869 394 5934 iii)
427 5866 686 5919 Errorem
717 5864 802 5916 hic
839 5862 1201 5928 irrcpsissein
1227 5861 1493 5918 calculum
1531 5878 1595 5916 ex
1644 5873 1803 5916 cxte-

532 5978 805 6037 PATltUL.
850 5979 964 6036 Gn.
1013 5976 1172 6038 Clll.

1917 5507 1994 5561 ris
2049 5507 2345 5571 historicis,
2393 5506 2713 5576 negantibus
2783 5518 2967 5573 parem
3019 5517 3320 5576 unquama
3371 5504 3487 5557 sole

1914 5580 2087 5632 visam
2141 5595 2392 5647 pugnam,
2446 5572 2886 5632 titanilestissime
2932 5585 3164 5629 constat.
3212 5572 3342 5627 Vide
3406 5582 3485 5624 ιιι

1914 5648 2060 5702 Plut.
2090 5648 2392 5702 Lucullum.

1979 5718 2093 5787 ('55)
2115 5719 2391 5786 Συγκλυδῆ
2409 5718 2564 5787 ὄχλον
2600 5717 2665 5771 ad
2688 5717 2991 5771 ministeria
3009 5716 3308 5770 destinatos
3330 5713 3484 5781 (quo-

1912 5804 2031 5843 rum
2056 5792 2121 5841 ad
2144 5790 2215 5841 55
2235 5790 2397 5841 millia
2431 5790 2598 5841 luisse
2628 5788 2798 5842 refert
2823 5788 2987 5857 Plut.)
3012 5787 3231 5857 calones
3250 5787 3483 5853 accipio.

1983 5857 2095 5927 (34)
2130 5858 2201 5914 De
2220 5875 2323 5928 quo
2352 5858 2410 5911 L.
2434 5857 2642 5920 Florus,
2670 5859 2759 5913 lib.
2792 5874 2875 5921 ut,
2903 5873 3019 5926 cap.
3042 5856 3094 5908 '7.

3053 5971 3123 6029 1;!
