4224 6442
743 425 848 488 363
1893 422 2159 483 ΡΗΟΤΙΙ
2200 424 2411 483 ΡΑΤῐὶζ

2333 426 2709 486 'RIARCH/E
2747 427 2858 488 (ΣΡ.
3894 428 4001 491 364

819 535 1345 611 Scuociou._Suidas
1392 538 1553 606 hujus
1589 536 1877 603 Phlegonis
1903 542 1987 607 (ut
2045 543 2261 611 quidem
2313 542 2399 596 ille
2448 543 2694 609 intlectit)
2748 543 3054 609 catalogum
3090 542 3243 603 texit,
3290 541 3567 611 librosque
3607 538 3995 611 Olympiaduni

744 612 979 668 sedecim
1012 608 1278 663 attribuit.
1308 607 1348 661 E
1384 623 1611 681 quorum
1631 613 1836 681 __pri_mu
1888 607 2078 674 libro,'
2103 614 2205 668 hoc
2247 614 2391 681 quod
2422 615 2613 665 damus
2646 607 3026 680 fragmentum.
3061 611 3111 662 in
3143 612 3432 681 Germania
3474 607 3811 681 Grieco-Lat.
3840 616 3995 662 evul-

745 692 948 750 gatuin,
998 689 1315 745 excerptum
1358 672 1587 750 videtur.
1630 672 1847 731 Ex'xtv
1869 695 1999 734 vero
2034 672 2194 735 libro
2246 672 2457 736 illustre
2503 682 2661 736 all'ert
2713 672 3081 737 tEstimonium
3127 680 3393 734 Eusebius
3432 682 3484 734 in
3537 679 3822 741 Chronico,
3854 682 4000 744 quod

747 747 834 805 hic
874 751 1037 801 etiam
1057 761 1329 815 apponere
1349 747 1569 814 placuit.

824 839 843 870 ι
880 820 1207 888 Exponenda
1248 817 1377 893 mihi
1413 818 1622 893 videtur
1646 833 1831 893 causa,
1885 822 1955 875 ob
2000 836 2161 893 quam
2196 822 2439 893 Olympia
2484 822 2689 874 institui
2745 822 2995 889 contigit.
3042 822 3145 893 Est,
3184 830 3365 875 autem
3421 820 3554 893 haec.
3581 819 3736 893 ‘Post
3789 818 3999 881 Pisum,

747 885 1025 959 Pelopem,
1059 898 1224 961 atque
1267 885 1577 961 Herculem,
1624 890 1912 961 quiprimi
1938 885 2234 946 solemnem
2263 885 2604 945 'conventum
2655 906 2717 943 ac
2760 885 3039 944 certa'men
3087 892 3430 961 Olympicum
3464 888 3841 961 inSIituerantj
3872 906 3999 942 cum

743 958 1121 1027 Peloponnesii
1156 973 1278 1029 eam
1314 958 1665 1013 festivitatem
1700 959 2008 1029 aliquandiu
2032 963 2477 1022 intermisissent,
2518 976 2613 1028 per
2638 962 2695 1025 id
2728 961 2936 1013 scilicet
2962 958 3170 1028 tempus
3200 962 3342 1028 quod
3373 961 3441 1013 ab
3482 958 3657 1029 Iphito
3687 959 3755 1029 ad
3794 958 4003 1029 Corne-

746 1026 909 1099 phum
938 1044 1109 1100 usque
1158 1026 1808 1100 Eleum,duodetriginta
1844 1029 2224 1100 Olympiadum
2270 1026 2613 1092 numeratur,
2658 1040 3048 1097 certamenque
3074 1026 3482 1100 neglexissent,
3510 1026 3710 1100 seditio
3746 1027 3796 1079 in
3844 1026 4002 1080 Pelo—

746 1097 987 1172 ponneso
1010 1097 1112 1172 fuit
1141 1106 1349 1152 coorta.
1383 1097 1465 1172 Ibi
1482 1097 1757 1167 Lycurgus
1784 1097 2104 1166 Spartan—us,
2140 1102 2391 1172 Prytauci
2414 1102 2573 1162 lilius,
2604 1100 2797 1172 Europi
2825 1100 3426 1172 neposSosipronepos
3449 1099 3561 1168 (qui
3597 1098 3767 1172 _Sosus
3789 1109 3998 1172 patrem

745 1166 932 1223 habuit
958 1168 1245 1228 Prodeum,
1267 1182 1423 1220 avum
1440 1166 1863 1233 Aristodemum,
1891 1186 2145 1238 proavum
2172 1166 2602 1225 Aristomachum
2628 1188 2640 1222 :
2666 1171 2764 1223 fuit
2789 1166 2967 1223 atitem
2996 1171 3080 1222 hic
3103 1168 3318 1222 Cledoei
3345 1166 3508 1238 tilias,
3526 1166 3679 1238 cuius
3696 1178 3849 1235 pater
3870 1167 4002 1237 llyl-

745 1242 848 1297 lus.
883 1238 1113 1309 Hercule
1128 1247 1177 1291 et
1209 1236 2077 1309 Dejaniraifuitnatus)egtlphytus
2102 1241 2392 1303 Haemonis,
2417 1251 2506 1292 aut
2538 1240 2615 1300 (ut
2636 1240 2721 1291 alii
2746 1240 3050 1307 perhibent)
3074 1238 3391 1293 Praxonidae
3427 1236 3488 1291 F.
3528 1237 3595 1291 ab
3625 1236 3857 1290 Hercul'e
3876 1236 4005 1303 pro-

744 1312 912 1374 gnati,
942 1307 1105 1362 Eleus
1126 1309 1307 1372 domo,
1353 1322 1417 1361 ac
1440 1307 2037 1365 CleosthenesCle’oiiici
2070 1309 2131 1365 F.
2153 1311 2377 1373 Pisaeus,
2410 1322 2465 1361 ut
2490 1309 2737 1378 populum
2756 1312 2818 1362 ad
2849 1310 3193 1363 concordiam
3207 1324 3499 1377 pacemque
3522 1312 4001 1378 reduceren_t,curn

742 1379 1077 1449 Olympicam
1110 1378 1455 1431 lestivitatem
1489 1388 1801 1433 statuerunt
1832 1382 1895 1433 ad
1927 1382 2210 1448 pristinam
2240 1382 2466 1435 formam
2490 1376 2777 1446 redigere,
2834 1390 2945 1431 tum
2972 1376 3246 1433 certamen
3273 1379 3583 1449 gymnicum
3604 1380 3786 1449 edere.
3813 1376 4005 1445 Itaque

748 1448 981 1517 Delphos
1015 1449 1304 1517 miserunt,
1344 1449 1434 1515 qui
1472 1449 1635 1502 Deum
1669 1460 2182 1516 percunctarentur,
2214 1468 2280 1504 an
2319 1452 2421 1505 hoc
2450 1464 2637 1502 eorum
2668 1453 2865 1517 probet
2896 1450 3213 1503 consilium.
3244 1448 3293 1503 Is
3340 1448 3637 1517 respondit,
3668 1448 3805 1499 bona
3833 1463 4001 1500 even-

748 1516 887 1583 tura,
924 1519 969 1572 si
1000 1516 1055 1570 id
1090 1530 1509 1585 exsequantur:
1553 1519 1824 1587 jussitque
1874 1519 2040 1572 ferias
2074 1522 2235 1575 indici
2283 1523 2529 1582 urbibus,
2567 1516 2687 1587 ane
2733 1520 3048 1572 certaminis
3093 1534 3213 1571 esse
3268 1516 3470 1571 vellent
3524 1518 3835 1587 participes.
3884 1518 4005 1581 Quo

744 1589 965 1642 oraculo
1010 1588 1063 1659 iu
1099 1588 1304 1641 (iret-ia
1341 1586 1683 1659 renuntiato,
1710 1592 1891 1642 discus
1920 1591 2034 1655 ejus
2060 1592 2401 1659 conscriptus
2428 1600 2510 1644 est
2544 1586 2925 1642 a'Graecurum
2954 1590 3255 1659 judicibus,
3302 1604 3441 1656 quos
3471 1588 3572 1657 ipsi
3620 1586 4005 1659 llellanodicas

747 1668 977 1722 vorant,
1028 1658 1256 1711 formam
1294 1658 1623 1727 agendorum
1655 1658 2025 1727 Olympiorum
2070 1658 2337 1714 indicans.
2379 1662 2646 1711 Caeterum
2678 1658 3095 1725 Peloponnesios
3133 1675 3238 1711 nou
3289 1660 3579 1710 admodum
3631 1658 3681 1708 id
3719 1668 4002 1709 certamen

747 1738 961 1796 gratum
997 1728 1281 1790 habentes,
1314 1729 1644 1795 molesteque
1674 1731 1725 1783 id
1760 1729 2015 1791 ferentes,
2053 1732 2220 1797 pi-stis
2266 1732 2485 1791 invasit,
2521 1728 2845 1796 frugumque
2876 1728 3144 1795 pernicies
3188 1727 3394 1781 alllixit.
3431 1730 3621 1795 Itaque
3669 1728 3704 1778 ii
3734 1728 3823 1794 qui
3876 1737 4005 1778 ante

744 1800 1069 1919 gsqlcietate
1100 1799 1325 1878 istorum
1354 1799 1609 1919 ludgruut
1638 1802 2003 1865 desciverant,
2040 1801 2219 1855 denuo
2258 1801 2562 1870 Lycurgum
2590 1800 2757 1866 pestis
2789 1798 3157 1853 amolitionem
3177 1816 3241 1852 ac
3273 1800 3572 1853 remedium
3603 1807 3998 1865 poposcerunt.

792 1880 845 1919 vt
888 1884 937 1919 ia
968 1883 1100 1919 vero
1134 1883 1214 1919 src
1240 1883 1434 1919 resuou
1488 1879 1528 1919 ιι
1556 1886 1569 1919 :

790 1869 937 1939 ythia
968 1883 1100 1922 vero
1134 1869 1214 1923 sic
1240 1868 1528 1936 respondit
1556 1886 1569 1922 :

1590 1988 1634 2040 0
1660 1990 1749 2056 qui
1775 1988 1983 2041 telluris
2010 1989 2273 2057 [amosam
2305 1991 2463 2041 totius
2499 2005 2672 2041 arcem

1588 2058 1848 2111 Mortales
1876 2061 2013 2110 inter
2048 2070 2281 2125 nutuque
2302 2071 2351 2113 et
2376 2061 2534 2112 laude
2566 2060 2797 2125 supremi

1588 2076 1848 2111 mortales
1876 2076 2013 2110 inter
2048 2076 2176 2111 natu
2218 2076 2281 2112 ue
2302 2076 2351 2113 et
2376 2076 2534 2112 tauae
2566 2076 2796 2125 supremi

1586 2128 1855 2199 l_r_icolitis,
1892 2146 2008 2197 qua?
2025 2130 2138 2199 fata
2165 2076 2264 2182 gei
2294 2147 2428 2183 cano
2456 2130 2647 2182 discite
2662 2130 2825 2198 jussi.

1589 2196 1841 2267 Neglecta
1868 2196 2156 2252 altitonans
2185 2201 2439 2253 irascitur
2468 2202 2529 2253 ob
2560 2196 2716 2252 sacra
2742 2201 2883 2250 vobis

1586 2270 1852 2335 luppiter,
1880 2270 2135 2323 immenso
2165 2271 2252 2336 qui
2279 2272 2541 2322 maximus
2582 2272 2805 2338 imperat
2834 2269 2968 2319 orbi.

1588 2339 1755 2406 Cujus
1791 2338 2035 2407 Olympia
2072 2357 2157 2392 vos
2184 2341 2329 2391 cultu
2354 2340 2621 2402 spoliastis
2662 2340 2804 2393 avito
2839 2357 2857 2391 :

1588 2408 1721 2471 Qua:
1757 2412 1993 2475 princeps
2026 2409 2176 2462 Jovis
2201 2422 2253 2461 ut
2287 2409 2442 2462 Pisus
2467 2409 2750 2463 celebraret
2786 2412 3033 2462 honorem

1588 2477 1839 2549 liistituit
1876 2498 1887 2531 :
1916 2492 2026 2546 post
2056 2483 2293 2547 hancque
2319 2480 2529 2545 Pelops,
2552 2496 2654 2549 quo
2684 2479 2893 2532 Graecia
2910 2497 3025 2548 rege

1587 2547 1819 2609 ll‘loruit,
1848 2553 2221 2616 unanimesque
2247 2552 2541 2603 habuerunt
2565 2547 2767 2602 intwnia
2791 2552 2947 2612 cives,

1586 2618 1863 2669 UL'nomao
1896 2621 2122 2672 instituit
2155 2622 2443 2673 certamina
2468 2621 2664 2671 lumine
2695 2636 2848 2671 casso
2872 2658 2886 2673 .

1587 2686 1792 2757 Tertius
1817 2687 1925 2740 haec
1986 2685 2169 2756 Pelopi
2215 2701 2359 2743 satus
2395 2692 2773 2757 Amphitruone
2810 2690 3024 2753 dicavit,

1600 2756 1921 2823 Tattlalidw,
1962 2761 2104 2828 grati
2136 2776 2350 2812 servans
2385 2762 2471 2825 pia
2497 2756 2629 2827 jura
2663 2759 2885 2826 nepotis.

1590 2828 1723 2878 lltvc
1774 2844 1949 2890 sacra,
1974 2841 2020 2881 et
2053 2832 2202 2881 ludos
2228 2830 2434 2881 abolere
2464 2830 2554 2884 hos
2580 2829 2829 2895 luppiter
2860 2830 3005 2881 ausis

1588 2895 1767 2967 Iratus
1813 2908 2005 2961 pestem
2037 2900 2251 2952 immisit
2272 2900 2564 2967 diramque,
2595 2902 2888 2965 [amentque
2918 2916 2931 2960 ;

1602 2963 1704 3018 Ver
1720 2983 1804 3017 um
1831 2967 2142 3021 instauratis
2176 2963 2763 3021 cessabunt'luec'mala
2790 2963 2982 3021 sacris.

826 3095 845 3126 ι
890 3075 1289 3150 Peloponnesii,
1317 3078 1403 3130 ubi
1440 3080 1541 3132 hoc
1569 3080 1648 3133 eis
1682 3080 2044 3133 renuntiatum
2070 3082 2347 3135 oraculum
2374 3082 2490 3145 fuit,
2528 3083 2686 3135 fidem
2740 3081 3078 3150 derogantes,
3118 3080 3293 3131 denuo
3330 3080 3600 3150 communi
3642 3085 3705 3131 de
3742 3080 4011 3132 sententia

751 3149 1016 3202 miserunt
1045 3149 1171 3217 ipsi,
1206 3152 1296 3217 qui
1334 3150 1639 3203 accuratius
1690 3151 1846 3203 deum
1885 3153 1951 3204 de
1971 3153 2191 3205 oraculo
2223 3154 2645 3218 interrogarent.
2677 3149 3078 3221 Pytliia’autem
3104 3150 3217 3202 hinc
3245 3149 3431 3201 retulit
3465 3166 3478 3200 :

1582 3269 1626 3321 0
1659 3266 2012 3335 Peloponnesi
2038 3274 2194 3334 cives,
2229 3274 2427 3326 altaria
2465 3274 2663 3325 circum

1574 3338 1677 3410 [ιε.
1708 3343 1876 3391 sacris
1910 3340 2164 3410 factisque
2189 3350 2380 3395 animis
2415 3344 2671 3395 advertite
2704 3343 2848 3392 dicta

1580 3408 1915 3481 Kalum,_qui
1949 3408 2087 3479 leges
2120 3416 2313 3481 etjura
2349 3425 2569 3480 paterna
2587 3423 2896 3479 sequuntur,

1582 3477 1769 3530 Vatum
1798 3477 2048 3532 Eleorum
2074 3477 2289 3535 monitis
2316 3477 2492 3549 parete
2529 3477 2771 3535 volentes.

827 3572 1004 3647 illoc
1042 3576 1259 3627 oraculo
1290 3585 1535 3647 accepto,
1571 3574 1943 3642 Pel0ponnesii
1975 3590 2361 3634 concesserunt
2401 3579 2562 3641 Eleis,
2594 3590 2651 3629 ut
2679 3587 2954 3631 certamen
2989 3575 3327 3647 Olympicum
3364 3577 3734 3637 instituerent,
3759 3584 3813 3647 et
3841 3572 4011 3627 ferias

761 3645 982 3716 urbibus
1014 3649 1414 3699 denuntiarent.
1460 3645 1625 3699 Porro
1676 3655 1854 3716 autem
1889 3657 2070 3712 postea
2124 3652 2380 3716 temporis
2425 3650 2538 3702 Elei
2572 3664 2693 3701 cuni
2734 3648 2985 3713 opitulari
3032 3645 3232 3701 vellent
3272 3649 3715 3708 Lacedaemoniis,
3759 3646 3884 3698 Eius
3921 3661 4012 3696 ur-

756 3713 873 3767 bem
900 3716 1357 3783 Oppugnantibus,
1391 3716 1623 3785 Delphos
1652 3715 1957 3769 consultum
1995 3713 2256 3774 miserunt
2288 3735 2301 3773 :
2334 3732 2385 3775 et
2408 3720 2680 3788 respondit
2710 3716 2899 3788 Pythia
2938 3719 2989 3771 in
3023 3720 3163 3772 hanc
3194 3720 3515 3771 sententiain
3545 3734 3556 3770 :

1591 3836 1848 3892 Exsortes
1885 3839 2027 3900 belli,
2062 3841 2294 3905 patriam
2324 3838 2589 3905 defendite
2621 3848 2879 3899 vestram,

1573 3906 1636 3957 Et
1677 3914 1821 3975 pacis
1864 3908 2077 3962 Crwcos
2109 3911 2410 3962 communia
2431 3909 2559 3976 jura
2584 3910 2765 3958 docete

1585 3979 1859 4042 Auctores,
1886 3983 2011 4033 anni
2047 3983 2257 4033 veniant
2293 3985 2417 4031 dum
2458 3980 2656 4047 gaudia
2685 3977 2879 4044 quinti.

836 4080 854 4112 ι
895 4062 1003 4116 llnc
1029 4066 1253 4120 oraculo
1277 4068 1427 4130 dato,
1458 4068 1571 4141 Elei
1611 4071 2169 4141 belloabsnnueruut,
2190 4082 2244 4126 et
2265 4072 2506 4141 Olympia
2533 4079 2882 4141 curaverunt.
2909 4068 3158 4135 Quinque
3182 4064 3527 4141 Olympiades
3547 4066 3619 4117 ita
3640 4076 4011 4141 suntcxacun,

767 4142 823 4185 nt
862 4147 1219 4208 coronaretur
1250 4152 1428 4192 nemo.
1462 4139 1685 4193 Sextum
1723 4140 1927 4208 placuit
1957 4144 2239 4195 oraculum
2267 4137 2477 4205 scitari,
2529 4154 2597 4192 an
2636 4140 2934 4193 victoribus
2971 4151 3188 4191 corona:
3223 4142 3406 4189 essent
3439 4137 3809 4203 imponendae,
3839 4151 4002 4191 eant-

754 4218 859 4270 que
887 4206 957 4257 ob
989 4219 1101 4257 rem
1136 4207 1338 4261 missus
1372 4210 1441 4261 ad
1468 4210 1657 4264 fanum
1701 4206 1788 4265 dei
1815 4226 1911 4265 rex
1942 4210 2150 4281 Iphitus
2179 4230 2193 4266 :
2223 4213 2354 4267 deus
2380 4212 2459 4265 sic
2489 4219 2572 4265 est
2602 4208 2747 4263 fatus
2787 4224 2800 4259 :

1604 4325 1797 4391 Iphite,
1831 4329 2084 4381 tictorem
2116 4330 2269 4381 malo‘
2290 4329 2490 4381 donare
2514 4334 2719 4379 caveto.

1612 4396 1827 4467 Verum,
1853 4399 2119 4467 sylvestris
2155 4402 2329 4466 fructu
2366 4399 2642 4449 redimitor
2665 4394 2839 4467 cling,

1615 4466 1780 4531 Quem
1820 4464 2016 4521 circum
2054 4464 2247 4522 teneris
2272 4468 2485 4521 inclusit
2525 4482 2727 4519 aranea
2760 4464 2891 4529 ﬁlis.

830 4573 847 4604 ι
883 4556 1013 4607 Cum
1052 4570 1182 4625 ergo
1208 4557 1445 4633 venisset
1482 4560 1808 4633 Olympiam,
1846 4564 2011 4632 inque
2042 4564 2160 4619 loco
2191 4562 2346 4617 multi
2388 4572 2571 4616 essent
2625 4558 2869 4621 oleastri,
2913 4570 3079 4633 unum
3113 4568 3302 4633 eorum
3322 4554 3753 4633 deprehendens
3793 4560 4016 4611 araneis

754 4623 1174 4700 circuumatum,
1205 4629 1437 4700 aedilicio
1486 4623 1659 4685 cii'ixii
1690 4650 1703 4686 :
1737 4623 1903 4700 atque
1921 4623 1990 4687 cx
2029 4650 2091 4688 ea
2126 4637 2323 4688 arbore
2368 4647 2569 4686 corona
2618 4633 2743 4684 data
2803 4638 2887 4680 est
2940 4625 3260 4680 victoribus.
3320 4623 3538 4680 Primus
3577 4638 3879 4682 coronatus
3932 4643 4014 4683 est

756 4694 1666 4773 Dai‘tdeslllessenius,Olympiade
1698 4718 1791 4773 Vili
1808 4694 1986 4756 stadio
2018 4706 2212 4758 victor.
2255 4722 2273 4754 ι
2825 4768 2836 4773 _
2978 4764 2989 4773 _
3073 4762 3133 4773 ,,,

829 4765 1095 4842 Eusebius
1135 4762 1434 4842 porroista
1481 4762 1669 4825 refert:
1707 4791 1725 4824 ι
1763 4772 2012 4842 Bithynia
2041 4784 2201 4827 terrae
2236 4781 2380 4842 motu
2409 4786 2696 4836 concussa,
2733 4779 2793 4842 et
2821 4768 2876 4842 in
2910 4764 3041 4817 urbe
3068 4762 3287 4842 Elian"?
3316 4762 3463 4817 τάδε
3506 4764 3751 4842 Ρξυΐίηιπ
3776 4782 4004 4842 φηθε-

756 4847 901 4910 runt.
935 4837 1065 4899 Quae
1091 4833 1393 4910 omnia_his
1425 4854 1753 4910 congruunt,
1804 4833 1923 4909 qua:
1957 4844 2008 4896 iu
2040 4846 2294 4910 passione
2344 4841 2647 4895 Salvatoris
2683 4833 3019 4910 acciderunt.
3067 4833 3311 4910 Scripsit.
3346 4848 3511 4901 super
3551 4837 3636 4910 his
3686 4847 3743 4891 et
3790 4836 4011 4907 Phegun

757 4903 1022 4975 [Phlegon
1048 4906 1298 4983 eruenda]
1328 4910 1417 4976 qui
1450 4903 1890 4980 Oly'inpiadarum
1914 4903 2163 4983 egregius
2208 4921 2529 4981 supputator
2562 4923 2682 4975 est,
2736 4911 2790 4964 in
2830 4922 2919 4959 xrv
2969 4904 3107 4983 libro
3137 4904 3236 4983 ita,
3263 4903 3451 4983 dicens
3479 4919 3503 4983 _:
3541 4922 3560 4955 ι
3595 4904 3802 4983 Quarto
3828 4903 4011 4983 aufem

756 4972 900 5050 anno
921 4972 1026 5029 ecu
1062 4972 1419 5050 Olympiadis,
1457 4972 1652 5050 magna
1692 4995 1745 5035 et
1771 4972 2214 5037 excelléusvinter
2232 4972 2444 5044 clunes,
2464 4997 2586 5047 qua:
2617 4972 2743 5034 ante
2770 4992 2891 5050 eam
2925 4975 3265 5050 acciderant,
3297 4972 3529 5027 defectio
3563 4976 3697 5050 solis
3723 4976 3973 5050 estfacta
4000 4997 4011 5029 :

755 5047 871 5116 dies
905 5050 1031 5098 hora
1063 5044 1314 5101 sexta’ita
1349 5049 1401 5101 in
1434 5044 1775 5104 tenebrosam
1806 5062 2018 5105 noctein
2052 5067 2268 5115 versus,
2299 5062 2358 5105 ut
2400 5067 2423 5105 ε

2346 5062 2358 5104 ι
2400 5044 2573 5105 stellae
2616 5052 2759 5105 caelo
2814 5046 2943 5101 visa:
2976 5044 3108 5106 sint,
3147 5052 3415 5110 terraeque
3447 5054 3629 5097 motus
3673 5049 3727 5101 in
3760 5046 4014 5116 Bithynia

754 5114 971 5192 Nicena:
998 5118 1147 5192 urbis
1174 5119 1540 5192 inulta‘saades
1562 5124 1848 5175 subvertit.
1896 5140 1914 5173 ι
1946 5122 2070 5176 Haec
2097 5125 2448 5192 supradictus
2476 5124 2583 5177 vir.

832 5186 1299 5261 Exstatcjusdem
1327 5186 1643 5261 Phlegontis
1678 5192 1892 5245 libellus
1922 5183 2198 5261 ἀκέφαλοξ
2233 5194 2307 5245 De
2332 5194 2663 5245 mirabilibus
2699 5202 2745 5243 et
2790 5187 3065 5257 longaevis,
3109 5199 3231 5241 cum
3272 5187 3475 5239 Anton.
3529 5183 3794 5241 Liberalis
3843 5186 4017 5241 Meta-

755 5256 1120 5322 morphosibus
1153 5266 1208 5312 et
1239 5260 1359 5311 aliis
1382 5256 1575 5314 libellis
1600 5263 1652 5315 in
1678 5262 1969 5317 Germania
2003 5256 2272 5330 vulgatus.

1431 5370 1655 5425 XCVIII.
3168 5373 3289 5427 LH'.

1431 5379 1655 5425 λυγιιι.

970 5459 1170 5514 Zosimi
1203 5460 1423 5515 Comitis
1456 5463 1821 5517 Historiarum
1866 5467 1988 5517 libri
2035 5482 2113 5521 Vl.
2620 5476 2638 5525 ἐ

3210 5379 3289 5427 H'.

2620 5473 2895 5541 Ζωσίμου
2926 5379 3205 5538 Κόμητοὲ
3218 5464 3539 5534 ἱστορικῶν
3558 5466 3729 5535 λόγιοι
3763 5465 3835 5529 ς’.

826 5554 1049 5625 Legitur
1095 5554 1421 5608 Historicum
1454 5572 1583 5621 Opus
1614 5558 1767 5611 libris
1796 5573 1891 5611 sex
1922 5558 2126 5631 Zosimi
2157 5564 2329 5612 comi—

2526 5560 2866 5628 ’Λνεγνώσθη
2884 5555 3223 5625 Ἰστορικὸν
3238 5556 3415 5623 λόγοις
3431 5556 3491 5619 ἒξ
3506 5556 3757 5626 Ζωσίμου
3778 5554 4014 5626 κόμητος

758 5649 851 5711 tis,
878 5658 932 5701 et
967 5665 1034 5702 ex
1086 5648 1351 5703 advocato
1391 5650 1528 5703 lisci.
1578 5648 1801 5718 [inpiam
1851 5653 1941 5707 hic
2000 5666 2332 5723 paganorum

2440 5654 2549 5706 ἀπὸ
2607 5654 3075 5721 φισκοσυνηγόρου
3108 5650 3173 5701 ³⁸.
3215 5649 3371 5701 Ἐστι
3412 5650 3512 5718 τὴν
3558 5648 3860 5718 Θρησκείαν
3893 5651 4010 5702 ἀσε-

2135 5770 2369 5825 νιιιιιᾹΞ
2396 5767 2807 5825 LECTIONES.

835 5860 879 5889 "
906 5859 1392 5930 φησκοσιινηγόρου
1424 5859 1489 5914 Α.
