4224 6442
185 422 290 483 365

1134 418 1653 480 BIBLIOTHECA.
1685 446 1752 456 -
1773 422 1987 484 CODD.
2027 422 2495 485 XCVIII-XCIX.

3317 417 3423 481 366

186 540 287 606 ϐὴς
324 536 422 589 καὶ
455 534 715 595 πολλάκις
746 534 805 585 ὲν
834 532 1047 595 πολλοῖς
1090 533 1340 585 ὑλακτῶν
1366 535 1507 586 κατὰ
1536 534 1646 587 τῶν
1669 536 1761 588 εὑ·
1788 549 1833 602 Α

1756 561 1761 574 ι
1788 549 1833 602 Α
1861 550 2076 591 secutus
2100 536 2433 606 religionem,
2463 535 2520 589 in
2533 532 2775 604 pluribus
2798 532 3060 587 advenas
3085 530 3205 601 pios
3226 544 3424 599 saeptus

188 630 390 690 σεϐῶν,
419 626 683 695 σύντομος
737 624 793 677 δὲ
819 624 919 694 τὴν
957 624 1178 694 φράσιν,
1216 623 1343 696 [272
1371 623 1463 695 R.]
1505 626 1762 697 εὐκρινής

186 736 246 769 τε
281 718 382 770 καὶ
413 717 672 786 καθαρὸς,
721 716 844 769 οὐδὲ
870 714 964 768 τοῦ
994 715 1148 783 ἡδέος
1186 715 1592 783 ἀπῳκισμένος.
1631 718 1763 783 Ἀρ-

189 827 341 878 χεται
377 810 480 877 μὲν
504 807 605 877 τῆς
635 809 678 840 ³⁸
714 806 975 876 ἱστορίας,
1022 805 1098 866 ὡς
1120 804 1184 858 ἄν
1214 820 1297 866 τις
1322 802 1488 866 εῐποι,
1516 803 1623 856 ἀπὸ
1658 805 1764 855 Αύ-

189 900 459 967 γούστου,
491 898 768 968 ἐπιτρέχει
818 896 873 948 δὲ
916 895 1123 956 πάντας
1164 895 1290 956 τοὺς
1343 894 1504 963 μέχρι
1536 893 1762 961 Διοκλη-

188 992 401 1053 τιανοῦ,
435 991 595 1059 ψιλὴν
632 990 823 1058 ῶσπερ
856 987 953 1057 τὴν
985 986 1291 1057 ἀνάρρησιν
1329 988 1423 1039 καὶ
1448 984 1546 1054 τὴν
1584 985 1763 1037 διαδο-

191 1084 291 1151 χὴν
309 1080 495 1133 αὐτῶν
526 1078 929 1146 ἀφηγούμενος.
975 1075 1107 1127 Ἀπὸ
1129 1074 1185 1127 δὲ
1208 1073 1594 1140 Διοκλητιανοῦ
1628 1072 1764 1124 πλα-

191 1176 420 1242 τύτερον
481 1171 611 1240 περὶ
667 1171 775 1221 τῶν
816 1168 1276 1237 βεϐασιλευκότων
1314 1165 1668 1234 διαλαμϐάνει
1707 1166 1764 1215 ἐν

194 1265 428 1333 βιϐλίοις
452 1262 615 1314 πέντε
636 1277 650 1290 ³
674 1262 737 1313 τδ
779 1262 888 1329 γὰρ
948 1260 1161 1328 πρῶτον
1184 1260 1307 1319 τοὺς
1348 1259 1507 1326 μέχρι
1542 1255 1764 1323 Διοκλη-

192 1354 376 1407 τιανοῦ
402 1352 511 1404 ἀπὸ
568 1351 880 1418 Αὐγούστου
940 1350 1272 1419 ἀριθμεῖται.
1300 1349 1409 1399 Καὶ
1447 1347 1648 1416 πληροῖ
1668 1348 1763 1415 τὴν

191 1449 358 1514 ἕκτην
395 1444 578 1512 βίϐλον
598 1446 655 1496 ὲν
687 1445 914 1503 ἐκείνοις
929 1439 1371 1512 ἀπαρτιζομένην
1395 1442 1502 1501 τοῖς
1533 1439 1764 1508 χρόνοις,

192 1542 248 1590 ἐν
272 1534 354 1599 οἷς
401 1538 681 1606 ’Λλάριχος
721 1536 821 1604 τὴν
848 1534 1063 1603 Ῥώμην
1090 1534 1150 1585 τὸ
1166 1533 1416 1603 δεύτερον
1438 1530 1763 1600 πολιορκῶν,

191 1633 285 1684 καὶ
349 1630 465 1682 τῶν
513 1627 862 1680 ἐνοικούντων
922 1626 1334 1696 ἀπορουμένων,
1386 1625 1499 1677 λύει
1537 1626 1634 1694 τὴν
1668 1642 1765 1676 πο·

192 1722 467 1791 λιορκίαν,
531 1718 755 1788 βασιλέα
806 1718 1013 1779 τούτοις
1047 1717 1310 1769 Ἀτταλον
1345 1714 1601 1768 ἀνειπὼν.
1636 1711 1768 1766 Εἶτα

190 1810 246 1861 δὲ
278 1810 375 1860 καὶ
438 1808 535 1875 τῆς
588 1806 864 1875 βασιλείας
905 1804 1091 1858 τοῦτον
1138 1804 1456 1875 παραλύσας
1488 1805 1573 1856 δια
1607 1805 1665 1854 τὸ
1694 1804 1767 1872 μὴ

192 1901 369 1952 δοκεῖν
393 1896 457 1952 εὖ
491 1897 826 1951 διατίθεσθαι
863 1899 932 1950 τὰ
983 1900 1082 1967 τῆς
1113 1898 1593 1967 ἐγκεχειρισμένης
1620 1894 1767 1964 αύτῷ

196 1991 496 2061 βατιλείας,
526 1990 660 2058 πρὸς
698 1986 951 2059 Ὀνώριον
980 1989 1069 2040 τὸν
1096 1989 1318 2057 βασιλέα
1345 1990 1483 2042 κατὰ
1504 1990 1600 2054 τὴν
1641 1987 1765 2040 Ῥά-

196 2084 389 2136 ϐενναν
412 2081 762 2151 διατρίϐοντα
814 2082 895 2147 ἐφ’
919 2074 963 2146 ᾧ
1011 2080 1338 2133 σπείσασθαι
1365 2081 1407 2110 ³⁸
1439 2082 1569 2132 ἵετο.
1608 2079 1769 2132 ’Δλλὰ

196 2174 387 2243 Σάρος,
427 2172 620 2234 Γότθος
672 2173 768 2223 καὶ
812 2171 993 2232 αὐτὸς,
1036 2170 1290 2240 διάφορος
1341 2170 1414 2222 ῶν
1475 2172 1764 2241 Ἀλαρέχῳ,

198 2266 335 2335 ἔχων
375 2282 437 2316 τε
463 2266 555 2316 ὑπ’
616 2264 777 2317 αὑτὸν
828 2264 955 2333 ἄχρι
979 2263 1305 2332 τριακοσίων
1334 2266 1427 2316 καὶ
1455 2265 1769 2333 προστεθεὶς

210 2358 457 2427 ὐνωρίῳ
522 2358 615 2409 καὶ
662 2355 1030 2426 συμπολεμεῖν
1084 2354 1232 2423 αύτῷ
1290 2355 1431 2408 κατὰ
1486 2356 1768 2426 Ἀλαρίχου

196 2447 898 2517 διατεινόμενος,λὲμποδὼν
952 2447 1103 2519 εστη.
1133 2448 1242 2501 Καὶ
1268 2449 1299 2516 ἡ
1328 2449 1424 2517 μὲν
1456 2448 1587 2519 ἕκτη
1624 2448 1770 2519 αὐτῷ

200 2544 416 2613 ἱστορία
439 2536 539 2594 ὧδε
562 2542 806 2607 τελευτᾷ.

266 2634 430 2684 Εἴποι
457 2631 500 2681 δ’
533 2631 596 2683 ἄν
622 2648 703 2693 τις
767 2631 825 2681 οὐ
885 2629 1092 2701 γράψαι
1137 2630 1297 2681 αὑτὸν
1337 2631 1597 2699 ἱστορίαν,
1636 2632 1772 2684 ἀλλὰ

201 2723 553 2792 μεταγράψαι
598 2722 700 2790 τὴν
751 2722 1047 2786 Εὑναπίου,
1080 2722 1157 2791 τῷ
1188 2722 1438 2792 συντόμῳ
1468 2723 1628 2792 μόνον
1655 2724 1771 2775 δια-

200 2817 498 2884 φέρουσαν,
562 2814 657 2865 καὶ
719 2814 800 2864 ὅτι
848 2815 966 2882 οὐχ,
1001 2812 1188 2882 ῶσπερ
1233 2815 1459 2880 ἐκεῖνος,
1510 2814 1650 2867 οὕτω
1679 2815 1772 2867 καὶ

197 2904 351 2969 οὗτος
406 2904 715 2973 Στελίχωνα
762 2905 1005 2974 διασύρει
1036 2922 1050 2935 ⁸
1100 2907 1170 2958 τὰ
1212 2906 1268 2958 δὲ
1326 2906 1459 2960 ἄλλα
1504 2907 1643 2958 κατὰ
1677 2907 1772 2975 τὴν

201 3002 451 3069 ἱστορίαν
477 2998 606 3069 [148
637 2995 729 3067 Η.]
766 2996 953 3065 σχεδόν
972 3014 1024 3047 τι
1056 2998 1084 3049 ὁ
1116 2998 1298 3060 αὐτὸς,
1326 2997 1420 3048 καὶ
1454 2997 1685 3065 μάλιστα
1716 3000 1771 3048 ὲν

198 3098 317 3155 ταῖς
352 3093 463 3144 τῶν
486 3090 725 3143 εὐσεϐῶν
787 3090 1047 3159 βασιλέων
1079 3090 1370 3151 διαϐολαῖς.
1413 3093 1568 3143 Δοκεῖ
1601 3091 1655 3142 δέ
1682 3108 1772 3160 μοι

200 3189 292 3239 καὶ
326 3179 491 3244 οὗτος
520 3184 609 3235 δύο
635 3181 898 3244 ἐκδόσεις,
933 3179 1121 3251 ὥσπερ
1171 3183 1441 3243 κάκεῖνος,
1480 3183 1773 3250 πεποιηκέ-

199 3297 305 3330 ναι.
353 3276 521 3327 Ἀλλὰ
542 3276 730 3326 τούτου
760 3273 858 3341 μὲν
915 3273 1013 3341 τὴν
1053 3276 1327 3343 προτέραν
1382 3276 1481 3325 οὐκ
1507 3270 1678 3326 εἶδον·
1715 3274 1772 3339 ἐξ

200 3364 272 3422 ὧν
293 3369 447 3437 δὲ,ῆν
469 3367 784 3436 ἀνέγνωμεν
806 3405 821 3430 ,
849 3366 1129 3433 ἐπέγραφε
1153 3366 1304 3429 Νέας
1323 3366 1621 3429 ἐκδόσεως
1640 3382 1702 3417 συ
1711 3384 1776 3434 μ-

201 3461 385 3512 ϐαλεῖν
413 3456 481 3528 ἦν
514 3460 607 3510 καὶ
638 3458 831 3526 ἑτέραν
859 3456 1025 3526 αὐτῷ,
1066 3456 1253 3525 ῶσπερ
1283 3459 1375 3508 καὶ
1400 3456 1475 3527 τῷ
1496 3457 1774 3525 Εύναπίῳ,

201 3551 541 3604 ἐκδεδόσθαι.
575 3549 759 3616 Σαφὴς
789 3550 845 3601 δὲ
879 3550 1077 3618 μᾶλλον
1112 3545 1263 3613 οὗτος
1301 3550 1395 3601 καὶ
1440 3551 1776 3617 συντομώτε-

206 3662 312 3713 ρος,
342 3642 540 3708 ὥσπερ
565 3640 794 3709 ἔφημεν,
854 3642 1147 3704 Εὺναπίου,
1189 3643 1279 3694 καὶ
1308 3644 1427 3704 ταῖς
1450 3646 1700 3711 τροπαῖς,
1729 3644 1777 3695 εί

204 3738 276 3807 μὴ
306 3734 564 3797 σπάν.ον,
597 3735 654 3784 ού
689 3734 1050 3803 κεχρημένος.

918 3821 1035 3890 se’.

499 3912 862 3981 Ἠρωδιιινοῦ
904 3912 1189 3979 ἱστορικοὶ
1225 3914 1393 3979 λόγοι
1422 3910 1495 3979 η’.

278 4000 741 4068 ’Ᾱνεγνώσθησαν
776 3998 1104 4066 Ἡρωδιανοῦ
1157 4000 1420 4070 ἱστορικοὶ
1446 4000 1595 4067 λόγοι
1614 4002 1772 4054 ὀκτώ.

206 4094 474 4164 Ἀρχεται
511 4092 568 4155 ἐξ
597 4086 658 4145 οὗ
714 4092 939 4160 Μάρκος
986 4092 1015 4141 δ
1049 4091 1333 4160 Ῥωμαίων
1367 4091 1619 4161 βασιλεὺς
1662 4097 1777 4145 ὲτε-

202 4186 457 4253 λεύτησε,
489 4184 584 4234 καὶ
612 4181 866 4247 διέξεισιν
912 4183 1058 4243 ὅπως
1112 4199 1169 4233 τε
1213 4183 1455 4251 Κόμοδος
1488 4187 1514 4235 ὁ
1550 4184 1775 4254 Μάρκου

204 4278 315 4338 υἱὸς
383 4273 756 4336 ἐϐασίλευσεν,
789 4274 936 4334 ὅπως
963 4290 1021 4324 τε
1051 4272 1158 4325 τῶν
1202 4272 1468 4341 πατρῴων
1503 4274 1648 4341 ἠθῶν
1675 4275 1777 4325 ὑπὸ

202 4366 308 4417 τῶν
338 4365 592 4417 κολάκων
623 4363 981 4431 ὲκδιαιτηθεὶς
1013 4362 1237 4432 ὕστερον
1266 4363 1368 4415 ὑπὸ
1400 4366 1654 4434 Μαρκίας
1679 4367 1777 4431 τῆς

204 4455 371 4506 αὐτοῦ
406 4453 692 4522 παλλακῆς
722 4454 815 4504 καὶ
838 4452 1036 4504 Λαίτου
1062 4452 1154 4504 καὶ
1194 4452 1479 4504 Ἐκλὲκτου
1508 4470 1776 4505 συσκευα-

1863 629 2048 683 latrat.
2097 629 2317 697 Alioqui
2356 628 2538 682 brevis
2594 636 2699 692 est,
2735 626 2973 681 dictione
3001 624 3325 695 perspicuus
3355 639 3423 680 ac

1862 736 2051 789 purus,
2076 735 2175 774 nec
2207 721 2492 775 suavitatis
2531 734 2750 789 expers.
2779 716 3047 785 Incipiens
3092 724 3275 770 autem
3310 716 3424 770 bis-

1863 811 2057 863 toriam
2100 810 2209 880 jam
2265 812 2410 875 inde,
2464 810 2637 865 ferme
2671 810 2923 871 dixerim,
2959 808 3027 863 ab
3067 808 3330 877 Augusto,
3369 816 3427 860 et

1869 901 2227 968 imperatores
2255 913 2447 955 omnes
2479 901 2545 953 ad
2574 900 2965 953 Diocletianum
2998 912 3167 964 usque
3200 911 3427 965 percur-

1865 1004 2011 1051 rens,
2040 990 2238 1043 nudam
2273 990 2425 1059 quasi
2453 990 2876 1059 designationem
2918 986 3429 1054 successionemque

1866 1096 2051 1135 eorum
2087 1090 2476 1135 commemorat
2503 1094 2519 1134 :
2553 1083 2681 1135 dum
2710 1080 2871 1133 latius
2905 1079 3119 1132 tandem
3149 1093 3177 1131 a
3206 1078 3423 1132 Diocle-

1869 1176 2039 1234 tiano,
2065 1174 2134 1226 de
2166 1174 2232 1226 iis
2269 1171 2359 1239 qui
2396 1173 2623 1239 imperio
2658 1172 2814 1239 potiti
2840 1172 2967 1235 sint,
2996 1169 3151 1223 libris
3179 1171 3422 1238 quinque

1868 1272 2107 1319 tractare
2154 1267 2348 1334 pergit.
2383 1264 2599 1318 Primus
2633 1264 2777 1319 enim
2815 1263 2955 1317 liber
2983 1263 3337 1329 imperatores
3363 1261 3432 1313 ab

1869 1360 2111 1424 Augusto
2145 1357 2210 1409 ad
2254 1357 2645 1409 Diocletianum
2673 1369 2843 1423 usque
2873 1362 3140 1416 recenset,
3183 1350 3433 1418 sextiquc

1868 1452 1989 1503 linis
2016 1451 2068 1501 in
2088 1450 2154 1501 iis
2182 1448 2381 1501 desinit
2406 1447 2763 1515 temporibus,
2792 1446 2988 1513 quibus
3009 1442 3295 1496 Alarichus
3317 1441 3430 1510 (56)

1869 1541 2096 1595 Romam
2124 1541 2317 1594 iterum
2353 1539 2632 1603 obsidens,
2673 1538 2881 1591 civibus
2905 1538 2972 1589 ad
3005 1535 3239 1601 inopiam
3280 1533 3435 1587 reda-

1869 1635 1972 1688 ctis
2008 1634 2344 1687 obsidionem
2391 1630 2583 1691 solvit,
2630 1630 2812 1695 eisque
2852 1628 3231 1696 imperatorem
3280 1626 3432 1677 dedit

1868 1724 2126 1787 Attalum,
2159 1738 2318 1791 quem
2364 1732 2541 1775 tamen
2570 1720 2763 1773 deinde
2800 1734 2988 1772 rursus
3032 1717 3302 1771 abdicavit
3328 1717 3432 1769 im-

1871 1816 2043 1883 perio,
2072 1804 2213 1882 quod
2248 1828 2473 1881 regnum
2506 1811 2606 1865 sibi
2658 1811 2912 1862 traditum
2953 1809 3132 1862 minus
3165 1816 3311 1861 recte
3348 1806 3431 1858 vi-

1868 1909 2088 1962 deretur
2127 1906 2511 1960 administrare
2546 1922 2557 1956 :
2594 1913 2755 1971 atque
2795 1902 2860 1954 ad
2900 1901 3195 1954 Honorium
3225 1900 3436 1968 Augus—

1872 2009 1980 2052 tum
2016 1997 2289 2051 Ravennae
2323 2008 2432 2050 tum
2460 2006 2710 2061 agentem
2740 1993 2914 2047 ftedns
2936 2008 3056 2046 Cum
3081 2007 3144 2045 eo
3176 1991 3433 2043 initurum

1871 2092 2037 2144 misit.
2065 2090 2272 2144 Asarus
2308 2089 2420 2157 (57)
2457 2104 2604 2151 vero,
2646 2086 2851 2141 Gothus
2880 2096 2934 2138 et
2958 2087 3094 2153 ipse,
3130 2083 3435 2138 simultates

1869 2185 2129 2237 adversus
2156 2181 2464 2234 Alarichum
2489 2194 2769 2240 exercens,
2803 2192 2923 2230 cum
2960 2174 3217 2229 trecentis
3238 2175 3435 2244 quibus

1872 2286 2124 2343 praaerat,
2192 2274 2517 2328 llouorianis
2564 2273 2805 2340 partibus
2847 2270 3154 2336 adjunctus,
3206 2267 3437 2335 bellique

1872 2367 2189 2419 societatem
2210 2365 2505 2433 pollicitus,
2542 2364 2776 2417 Alarichi
2811 2362 2968 2415 rebus
2990 2360 3434 2429 impedimentum

1870 2456 2087 2524 objecit.
2130 2456 2307 2524 Atque
2355 2456 2497 2509 hunc
2542 2454 2681 2508 sexti
2723 2452 3078 2507 Historiarum
3116 2450 3236 2504 libri
3273 2450 3435 2504 linem

1872 2551 2022 2604 facit.

1944 2640 2148 2695 Dixerit
2174 2650 2351 2693 autem
2383 2638 2576 2708 aliquis
2608 2639 2749 2692 hunc
2791 2654 2896 2691 non
2938 2652 3091 2690 suam
3131 2637 3427 2691 llistoriam

1873 2733 2179 2801 scripsisse,
2215 2732 2306 2785 sed
2343 2731 2713 2799 Euuapiauam
2742 2730 3116 2797 descripsisse,
3146 2739 3200 2783 et
3231 2730 3427 2799 partim

1876 2826 2144 2878 brevitate
2187 2824 2453 2877 duntaxat
2490 2824 2559 2874 ab
2605 2822 2692 2873 illa
2743 2821 2981 2883 dillerre,
3028 2821 3222 2889 partim
3272 2822 3437 2875 etiam

1874 2918 2014 2984 quod
2058 2914 2307 2967 ZOsimus
2354 2929 2479 2975 non,
2538 2922 2597 2966 ut
2646 2913 2751 2977 ille,
2804 2913 3130 2966 Steliconem
3177 2913 3439 2967 conviciis

1876 3009 2207 3075 proscindat.
2238 3006 2444 3060 Caetera
2476 3007 2862 3074 pr0pemodum
2897 3006 3037 3059 idem
3071 3016 3153 3060 est
3184 3008 3234 3059 in
3262 3007 3439 3060 histo-

1878 3100 1975 3159 ria,
2010 3100 2128 3165 pios
2160 3099 2462 3166 praesertim
2497 3099 2856 3166 imperatores
2887 3099 3247 3152 criminando.
3282 3099 3441 3151 Arbi-

1878 3198 1990 3239 tror
2039 3198 2216 3239 autem
2253 3189 2386 3241 duas
2420 3190 2563 3241 hunc
2595 3203 2831 3257 quoque.
2863 3190 3005 3241 sicut
3035 3198 3088 3241 et
3116 3190 3292 3253 illum,
3324 3188 3439 3242 edi-

1880 3281 2052 3333 tiones
2081 3281 2398 3341 instituisse,
2422 3281 2523 3333 etsi
2555 3280 2785 3347 priorem
2818 3280 2974 3348 hujus
3004 3280 3297 3334 editionem
3330 3297 3437 3335 non

1879 3373 2005 3433 vidi,
2037 3370 2302 3437 conjicere
2335 3383 2513 3425 tamen
2548 3388 2613 3425 ex
2646 3373 2903 3425 editionis
2933 3387 3083 3425 novae
3116 3372 3251 3442 (38),
3278 3387 3439 3439 quam

1878 3479 1974 3516 nos
2004 3464 2248 3531 legimus,
2285 3465 2633 3530 inscriptione
2660 3463 2803 3527 licet,
2829 3463 2994 3517 etiam
3023 3463 3246 3518 alteram
3272 3466 3439 3528 hunc,

1877 3556 2016 3607 sicut
2064 3565 2118 3606 ct
2155 3554 2301 3607 Euna
2317 3556 2485 3622 pium,
2521 3555 2843 3623 publicasse.
2908 3555 3105 3609 Verum
3140 3556 3311 3626 magis
3352 3556 3442 3610 hic

1879 3646 2067 3712 planus
2097 3655 2199 3707 est,
2228 3656 2280 3697 et
2306 3648 2539 3709 brevior,
2569 3649 2642 3701 uti
2670 3650 2923 3715 diximus,
2950 3666 3112 3720 quant
3141 3649 3440 3719 Eunapius,

1878 3738 2169 3807 ﬁgurisque
2210 3740 2421 3793 nonnisi
2457 3756 2580 3793 raro
2609 3743 2796 3794 utitur.

2567 3830 2752 3885 XCIX.

2174 3919 2468 3973 Herodiani
2499 3924 2848 3975 historiarum
2879 3924 3008 3977 libri
3040 3941 3160 3980 VIII.

1946 4006 2200 4075 Legimus
2242 4008 2529 4064 Herodiani
2570 4012 2913 4064 historiarum
2965 4014 3134 4068 libros
3177 4023 3321 4069 octo.
3359 4014 3446 4069 ln-

1878 4100 2007 4167 cipit
2036 4116 2065 4152 a
2112 4101 2271 4154 Marci
2305 4100 2542 4171 [Aurelii
2587 4104 2845 4157 Antonini
2889 4106 3237 4178 philosophi]
3278 4107 3441 4162 Rom.

1878 4192 2220 4258 imperatoris
2270 4209 2519 4257 excessu,
2568 4196 2850 4263 pergitque
2896 4213 3057 4265 porro
3099 4215 3348 4267 narrare,
3385 4211 3445 4253 ut

1878 4282 2205 4337 Commodus
2240 4285 2401 4338 Marci
2457 4287 2598 4339 lilius
2628 4287 2772 4355 85a
2819 4289 3103 4357 imperium
3146 4292 3389 4359 adeptus,
3413 4314 3444 4346 ει

1879 4376 2120 4440 paternis
2150 4377 2407 4443 moribus,
2450 4382 2841 4434 assentantium
2864 4397 3050 4447 opera,
3080 4385 3441 4451 degenerant;

1881 4466 2205 4534 tandemque
2250 4484 2276 4519 a
2310 4467 2511 4522 Marcia
2544 4470 2753 4537 pellice,
2787 4482 2838 4524 et
2865 4471 3013 4525 Laeto
3042 4484 3204 4541 atque
3237 4474 3441 4539 Electo,

206 4546 352 4605 σθεὶς
382 4543 645 4612 ἀνῃρέθη.
687 4542 797 4593 Καὶ
852 4540 1124 4610 βασιλεύει
1174 4542 1439 4611 Περτίναξ
1468 4543 1777 4613 πρεσϐύτης
1811 4576 1852 4629 D

1811 4576 1852 4629 ι)
1884 4558 2085 4623 paratis
2105 4560 2315 4612 insidiis
2336 4562 2637 4628 exstinctus
2652 4563 2737 4616 sit.
2757 4563 2898 4635 [ιλιι.
2923 4559 3006 4635 ιι.]
3042 4540 3293 4620 Pertinax
3321 4569 3446 4622 hinc

203 4636 297 4686 καὶ
327 4633 498 4693 καλὸς
528 4632 594 4683 τὰ
616 4631 751 4700 ἢθη·
784 4630 843 4683 ὃν
872 4631 924 4682 οί
956 4631 1308 4701 στρατιῶται,
1341 4633 1774 4702 ἀπεχθανόμενοι

203 4726 262 4776 τὸ
292 4722 940 4791 σῶφρον,εἰσδραμὸντες
986 4724 1043 4774 ἐν
1088 4724 1152 4792 τῇ
1188 4722 1439 4794 βασιλικῇ
1476 4724 1777 4777 κτείνουσιν

204 4816 352 4884 οἰκία
386 4814 455 4864 ³¹.
506 4813 611 4863 Καὶ
659 4814 809 4875 ὃπως
852 4812 1140 4876 Ἰουλιανὸς
1173 4814 1277 4865 ὑπὸ
1301 4813 1407 4866 τῶν
1433 4816 1776 4885 στρατιωτῶν

205 4909 459 4977 χρήμασι
494 4905 673 4956 λαϐὼν
702 4906 798 4974 τὴν
821 4906 1015 4975 ἀρχὴν,
1054 4906 1170 4973 μετ’
1199 4908 1257 4958 οὺ
1286 4908 1417 4960 πολὺ
1445 4913 1563 4971 ταῖς
1599 4911 1778 4963 αὐτῶν

204 4994 449 5067 ἀνῃρέθη
484 4995 690 5064 χερσίν.
734 4994 921 5057 Ὅπως
962 5012 1021 5047 τε
1077 4995 1299 5065 Νίγρος,
1349 4998 1486 5067 ἀνὴρ
1532 5000 1780 5069 ἐπιεικὴς

205 5084 346 5139 εἶναι
395 5085 591 5148 δοκῶν,
651 5084 852 5149 ζῶντος
900 5084 979 5138 ἔτι
1021 5087 1310 5140 ἰουλιανοῦ
1361 5092 1440 5151 εἰς
1480 5094 1780 5162 μοναρχίαν

206 5178 376 5249 ῆρθη.
410 5178 520 5229 Καὶ
549 5176 789 5247 Σεϐῆρος
825 5178 870 5207 ³²
898 5178 975 5242 δὲ,
1009 5178 1147 5249 ἀνὴρ
1172 5181 1425 5249 ἀγχίνους
1450 5201 1507 5235 τε
1560 5188 1652 5237 καὶ
1683 5188 1780 5241 πό-

1885 4648 2167 4715 imperium
2204 4650 2396 4715 tenuit,
2440 4654 2759 4718 grandaevus
2786 4656 2920 4723 jam,
2958 4658 3311 4727 honestisque
3330 4674 3445 4713 mo-

1887 4737 2056 4789 ribus.
2085 4737 2252 4802 Quem
2288 4740 2507 4806 milites,
2536 4743 2809 4796 modestia:
2851 4746 3068 4798 nomine
3099 4762 3347 4815 exosum,
3390 4750 3445 4804 in

1886 4829 2091 4881 curiam
2120 4830 2235 4895 ejus
2266 4831 2632 4902 irrumpentes
2659 4837 3007 4891 obtruncant.
3043 4836 3179 4892 Hinc
3201 4838 3449 4896 Julianus

1887 4934 1915 4971 a
1949 4922 2209 4975 militibus
2227 4938 2329 4976 non
2360 4925 2446 4977 ditt
2473 4936 2591 4994 post
2620 4938 2858 4995 emptum
2878 4930 3103 4995 pecunia
3136 4932 3443 4998 imperium,

1884 5009 2121 5078 ipsorum
2143 5014 2418 5082 jugulatus
2445 5018 2716 5078 manibus,
2750 5020 2951 5072 amisit.
2979 5020 3122 5090 [ιώ.
3161 5021 3240 5092 5.]
3285 5023 3448 5093 Niger

1886 5111 2102 5166 autem,
2158 5104 2307 5156 mitis
2352 5116 2611 5173 quantum
2656 5109 2951 5177 apparebat
3000 5110 3115 5174 vir,
3156 5118 3448 5178 superstite

1882 5194 2173 5247 etiamnum
2208 5194 2421 5251 Juliauo
2474 5201 2541 5253 ad
2574 5201 2858 5269 imperium
2902 5214 3121 5259 evectus
3156 5215 3260 5260 est.
3293 5205 3445 5263 Hunc

1513 5302 1751 5360 VARUE
1790 5308 2193 5368 LECTIONES.

277 5394 323 5424 ³³
358 5392 460 5460 τῆς
486 5392 530 5444 A
558 5411 571 5446 :
601 5393 696 5455 τές
726 5411 787 5456 ς.
864 5395 908 5425 ³ο
950 5395 1242 5448 πείσασοαι
1274 5396 1434 5449 είετο.
1476 5399 1615 5452 Ἀλλ’
1656 5402 1894 5473 Ἀσαρος
1933 5424 2005 5470 ς·.‹
2071 5408 2111 5440 ³³
2142 5412 2318 5482 οἰκείᾳ
2344 5432 2404 5477 ς.

2497 5416 2539 5445 ³⁸
2574 5416 2809 5486 Σευῆρος
2836 5435 2895 5481 ς.

1714 5518 1945 5577 NOTAE.

207 5596 510 5720 “(322.30
549 5597 634 5651 his
668 5597 784 5667 lege
824 5600 1283 5672 Olympiodorum.
1334 5623 1493 5679 supra
1528 5613 1649 5666 cod.
1684 5613 1771 5681 80,

281 5684 724 5819 (gliljnglympiod.
762 5757 925 5813 supra
977 5746 1100 5801 cod.
1141 5747 1233 5814 80,
1281 5748 1332 5803 in
1368 5751 1538 5819 princ.
1589 5752 1779 5807 Sarum

209 5816 470 5874 perpetuo
500 5816 762 5865 nowtuat.

1961 5619 2075 5698 (.58)
2114 5622 2290 5698 Aliam
2338 5619 2492 5698 hujus
2528 5624 3020 5698 epigraphesrhanc
3044 5631 3312 5698 rationem
3343 5644 3441 5681 no-

1886 5691 2014 5761 tavit
2038 5691 2250 5756 quidam
2288 5693 2353 5743 ad
2377 5692 2644 5746 Zosimum
2676 5710 2690 5745 :
2720 5691 2870 5761 quasi
2900 5704 3141 5749 veterum
3167 5694 3351 5752 Dionis
3389 5711 3444 5754 et

1894 5756 2186 5814 Herodiani
2215 5761 2434 5816 historia
2463 5756 2805 5817 attexuisset.
