4224 6442
730 430 836 495 367

1898 430 2164 493 ΡΗΟΤΙΙ
2202 428 2710 491 PATRIARCH/E
2748 434 2859 493 ΟΡ.

3906 434 4016 500 368

732 545 993 611 Severus,
1035 545 1122 599 vir
1158 541 1334 599 solers
1375 542 1786 614 tolerandisque
1812 544 2089 600 laboribus
2118 542 2327 597 exerci-

2433 561 2541 607 νοις
2601 542 2775 606 δεινὸς
2840 544 3198 614 ἐγκαρτερεῖν
3255 542 3351 596 καὶ
3395 542 3769 615 βαθυγνώμων
3811 547 4014 612 ἄλλως.

734 646 845 700 tus,
877 644 933 690 et
973 636 1212 703 alioquin
1254 644 1491 699 astutus,
1537 636 1751 705 imperii
1799 646 1995 689 nactus
2044 636 2312 698 habenas,

730 743 909 801 pugna
940 726 1143 782 victum
1179 727 1427 789 sustulit,
1467 735 1523 781 et
1551 727 1829 784 obstantia
1863 742 2094 797 quaque
2118 728 2314 794 partim

732 820 925 874 validis
967 819 1197 889 praliis,
1251 819 1451 888 partim
1498 818 1716 873 callidis
1747 817 1959 871 artibus
2012 817 2314 887 superavit.

733 909 936 966 Verum
985 912 1038 966 in
1102 910 1354 966 subditos
1412 908 1738 964 insolentior
1797 910 2042 963 redditus
2090 918 2210 974 est,
2266 916 2320 962 et

734 1001 927 1055 morbo
957 1001 1288 1067 exstinctus,
1330 999 1456 1053 dum
1482 999 1773 1053 Britannos
1807 998 1948 1053 bello
1982 1000 2315 1067 aggreditur.

736 1092 896 1164 [Lih.
938 1090 1055 1164 tv.]
1116 1092 1425 1145 Antoninus
1500 1090 1625 1145 inde
1699 1090 1935 1143 ﬁliorum
1997 1090 2113 1158 ejus
2193 1100 2318 1143 natu

741 1184 931 1252 major,
963 1185 1165 1239 fatlere
1210 1199 1337 1237 cum
1386 1183 1474 1239 his
1523 1183 1657 1237 inito
1698 1184 1956 1247 revertit,
2003 1184 2323 1250 sociumque

2417 633 2617 705 ἀνῆλθέ
2651 652 2710 687 τε
2751 636 2830 697 είς
2862 636 2964 705 τὴν
2994 635 3267 706 βασίλειον
3289 636 3485 707 ἀρχὴν,
3507 638 3602 689 καὶ
3627 639 3834 709 Νίγρον
3864 640 4017 712 μάχῃ

2418 728 2545 796 νικᾷ
2584 727 2679 778 καὶ
2709 727 2943 797 ἀναιρεῖ,
2970 728 3068 780 καὶ
3100 728 3211 780 πᾶν
3240 727 3300 780 τὸ
3348 728 3710 783 ἀπιστατοῦν
3740 731 3773 800 ἢ
3811 731 4021 801 μάχαις

2421 817 2616 886 βιαίοις
2644 818 2677 889 ἢ
2714 818 2935 887 τέχναις
2950 818 3374 887 δυσδιαφύκτοις
3398 819 3743 890 ὑπηγάγετο,
3770 821 3869 873 καὶ
3905 822 4018 873 τῶν

2421 910 2677 980 ὑπηκόων
2726 909 2820 961 ἐπὶ
2879 910 2941 963 τὸ
2984 910 3366 981 σοϐαρώτερον
3416 905 3555 981 ἦρξε
3613 911 3862 982 προῖὼν,
3920 914 4021 965 καὶ

2421 1003 2646 1072 τελευτᾷ
2677 1003 2817 1072 νόσῳ
2846 1003 2935 1056 τὸν
2994 1004 3134 1073 πρὸς
3193 1004 3531 1074 Βρεττανοὺς
3576 1004 3620 1036 ⁸³
3666 1004 4021 1076 διαχειρίζων

2424 1095 2681 1162 πόλεμον.
2717 1096 2826 1148 Καὶ
2868 1096 3184 1158 Ἀντωνῖνος
3231 1095 3259 1146 ό
3291 1094 3400 1147 τῶν
3436 1094 3604 1149 αὑτοῦ
3638 1096 3851 1149 παίδων
3875 1113 4017 1166 πρε-

2426 1184 2686 1254 σϐύτερος
2752 1187 2985 1249 σπονδὰς
3037 1187 3177 1258 πρὸς
3219 1187 3419 1249 αὐτοὺς
3448 1186 3677 1257 θέμενος
3710 1187 4011 1257 ἀναχωρεῖ,

743 1280 998 1343 imperii,
1070 1278 1153 1331 vel
1214 1277 1418 1332 invitus
1496 1276 1730 1347 sumpsit
1799 1276 1988 1332 Getam
2035 1274 2319 1329 fratrem:

740 1388 900 1443 quem
961 1382 1078 1441 post
1119 1370 1277 1439 paulo
1325 1371 1377 1424 in
1415 1367 1569 1424 Julia
1612 1370 1897 1438 utriusque
1960 1369 2153 1424 matris
2203 1368 2323 1421 sinu

2425 1277 3020 1347 καὶ.συμϐασίλεύοντα
3051 1279 3146 1332 καὶ
3190 1278 3340 1332 ἄκων
3371 1278 3641 1349 λαμϐάνει
3672 1280 3767 1332 τὸν
3783 1280 4023 1348 ἀδελφὸν

2425 1369 2615 1435 Γέταν,
2648 1369 2778 1442 [275
2802 1370 2896 1443 8.]
2932 1372 3027 1425 καὶ
3088 1373 3207 1444 μετ’
3250 1372 3313 1424 οὑ
3344 1372 3479 1426 πολὺ
3528 1373 3759 1436 Ἰουλίας
3787 1373 3890 1441 τῆς
3921 1375 4023 1426 αὑ-

741 1467 1037 1521 iuteremit.
1108 1466 1205 1519 Hic
1263 1465 1612 1528 crudelitate,
1677 1466 1936 1531 omnique
1991 1462 2326 1532 turpitudine

2433 1461 2535 1513 τῶν
2566 1462 2774 1533 μητρὸς
2801 1465 2941 1535 πρὸς
2989 1467 3103 1527 τοῖς
3152 1464 3375 1528 κόλποις
3430 1464 3620 1517 τοῦτον
3663 1466 3899 1535 ἀναιρεῖ,
3924 1468 4024 1516 καὶ

741 1560 959 1614 vincere
989 1575 1177 1614 omnes
1208 1558 1562 1622 contendens,
1596 1560 1724 1611 dum
1762 1559 1907 1612 circa
1946 1557 2161 1628 Syriam
2198 1570 2325 1609 ver-

2433 1560 2507 1619 είς
2533 1557 2793 1628 ὠμότητα
2824 1559 2920 1611 καὶ
2955 1560 3293 1629 αἰσχρότητα
3338 1557 3747 1629 ὑπερϐαλέσθαι
3808 1558 4024 1619 πάντας

742 1662 919 1715 satur,
969 1651 1182 1705 insidiis
1234 1650 1454 1720 petitur,
1508 1663 1643 1717 quas
1698 1648 1770 1701 illi
1804 1647 2079 1702 Macrinus
2124 1647 2326 1700 cadem

2433 1651 2813 1722 φιλονεικήσας
2863 1654 2992 1722 περὶ
3052 1651 3252 1722 Συρίαν
3306 1650 3512 1719 διάγων
3558 1649 4019 1703 ἐπιϐουλεύεται’

740 1744 971 1805 veritus,
989 1752 1046 1795 et
1070 1750 1397 1811 pravertere
1418 1750 1667 1805 conatus,
1688 1738 2050 1808 comparavit.
2097 1734 2326 1808 [Lib.v.]

2433 1743 2708 1810 Μακρῖνος
2724 1743 2767 1794 δ’
2801 1739 2869 1813 ἦν
2887 1746 2914 1796 ὀ
2937 1744 3036 1813 τὴν
3050 1742 3343 1813 ἐπιϐουλὴν
3364 1741 3715 1804 συσκευάξων
3738 1741 3804 1805 ³⁸,
3832 1741 4024 1803 δεδιὼς

744 1834 970 1888 Sublato
1028 1835 1200 1903 igitur
1253 1832 1555 1896 Antonino,
1626 1838 1819 1900 regnat
1893 1829 2185 1895 Macrinus,
2248 1828 2330 1879 vir

2433 1836 2526 1887 καὶ
2565 1836 2727 1897 αὐτὸς
2763 1836 2991 1887 θάνατον
3016 1836 3110 1888 καὶ
3137 1833 3547 1904 προλαμϐάνειν
3578 1833 4019 1901 ἀγωνισάμενος.

742 1934 902 1978 atate
962 1937 1179 1993 quoque
1277 1921 1628 1991 grandavus,
1702 1921 1929 1989 ignavus
1993 1921 2323 1986 minimeque

2446 1929 2598 1980 Ἐπεὶ
2624 1928 2681 1979 δὲ
2712 1928 2954 1997 ἀνῄρητο
2994 1928 3332 1990 Ἀντωνῖνος,
3384 1925 3659 1996 βασιλεύει
3716 1926 4021 1994 Μακρῖνος,

747 2017 1039 2071 continens
1068 2055 1082 2079 ,
1124 2025 1319 2067 caetera
1361 2029 1491 2067 vero
1522 2014 1659 2068 lenis
1706 2028 1770 2066 ac
1805 2013 1976 2068 mitis.
2008 2011 2126 2066 Jam
2162 2011 2330 2075 Mess,

744 2124 865 2179 qua
922 2106 1078 2162 Julia
1132 2122 1287 2160 soror
1320 2114 1458 2169 erat,
1507 2106 1638 2159 duas
1682 2104 1921 2158 habebat
1955 2103 2116 2167 ﬁlias,
2173 2102 2333 2157 Soce-

746 2200 913 2263 mida,
940 2211 992 2254 et
1025 2201 1361 2252 Mammaam
1398 2216 1411 2250 :
1454 2212 1684 2267 quarum
1718 2196 1911 2266 majori
1941 2198 2159 2265 Quident
2192 2196 2333 2249 lilius

746 2302 866 2346 erat
895 2290 1139 2346 Bassiani
1182 2292 1403 2345 nomine
1436 2309 1450 2345 :
1502 2290 1661 2345 alteri
1713 2304 1845 2344 vero
1875 2288 2137 2345 Alexinus
2168 2307 2181 2343 :
2217 2288 2333 2343 fur-

747 2384 860 2438 tivo
905 2392 1132 2452 uterque
1169 2381 1461 2437 concubitu
1494 2396 1560 2437 ex
1601 2380 1902 2447 Antonino,
1937 2390 1998 2435 ut
2036 2379 2331 2444 ferebatur,

747 2476 935 2546 geniti.
980 2475 1268 2530 Exercitus
1306 2484 1509 2539 autem,
1552 2472 1778 2526 minima
1835 2480 1992 2542 capta
2021 2472 2330 2537 occasione,

747 2569 1069 2623 Bassianum
1101 2568 1152 2621 in
1183 2565 1378 2620 castris
1409 2566 1794 2634 imperatorem
1829 2565 2125 2627 renuntiat,
2149 2564 2334 2617 addito

747 2658 1006 2712 Antonini
1059 2657 1175 2727 (39)
1222 2666 1613 2725 cognomento,
1654 2656 1941 2725 victusque
1989 2656 2111 2709 dein
2147 2655 2335 2724 pralio

752 2751 1044 2817 Macrinus,
1071 2766 1137 2805 ac
1170 2750 1382 2819 fugiens
1412 2765 1443 2805 e
1473 2750 1773 2804 Pbanicia
1820 2759 1980 2818 atque
2007 2748 2179 2819 Syria
2206 2748 2334 2803 ﬁui-

757 2845 928 2906 limis,
960 2843 1355 2898 Clialcedouem
1386 2856 1445 2895 se
1475 2843 1695 2909 recepit,
1732 2841 1958 2895 Romam
1984 2841 2109 2894 inde
2143 2852 2336 2908 petere

750 2935 1023 3005 cogitans.
1049 2933 1153 2988 Sed
1174 2934 1265 3002 qui
1284 2947 1351 2986 ex
1376 2934 1631 2987 Antonini
1674 2933 1935 2987 studiosis
1962 2933 2152 2986 adhoc
2181 2932 2333 2985 missi

752 3027 990 3092 fuerant,
1025 3033 1397 3089 autevertunt,
1439 3036 1711 3094 caputque
1742 3033 2013 3077 resectum
2049 3033 2333 3076 reverten-

752 3128 834 3173 tes
872 3124 1245 3186 asportarunt.
1293 3115 1437 3187 [Lib.
1491 3114 1593 3186 Vt.)
1626 3120 1800 3184 Atque
1839 3118 1953 3183 ipse
1973 3115 2190 3184 quidem
2223 3116 2333 3167 An-

753 3210 971 3263 toninus
1004 3212 1127 3263 dum
1167 3208 1328 3261 matri
1378 3219 1552 3275 paret,
1589 3210 1830 3263 modeste
1856 3208 1992 3261 satis
2020 3208 2329 3277 imperavit,
2360 3248 2404 3307 ϐ

750 3312 805 3357 et
868 3301 1158 3355 Alexinum
1212 3299 1324 3371 (40)
1371 3300 1423 3352 in
1465 3298 1631 3353 ﬁlium
1687 3300 1999 3369 adoptatum
2057 3298 2331 3353 Casarem

750 3394 979 3458 ereavit,
1028 3393 1283 3461 imposito
1343 3392 1391 3445 ei
1450 3392 1746 3446 Alexandri
1824 3393 2064 3446 nomine.
2134 3393 2332 3446 Verum

752 3496 1037 3556 postquam
1076 3485 1449 3539 adulatoribus
1486 3500 1546 3539 se
1595 3484 1890 3549 commisit,
1923 3483 2065 3552 85b
2129 3484 2333 3536 nullum

754 3578 1099 3647 turpitudinis
1133 3587 1295 3645 atque
1334 3578 1766 3645 intemperantia
1814 3592 1987 3645 genus
2038 3577 2336 3646 praetermi-

752 3672 841 3724 sit.
893 3668 1032 3735 Qnin
1086 3678 1143 3722 et
1184 3670 1493 3722 Alexandro
1526 3669 1776 3723 insidiari
1826 3683 1947 3721 cum
1995 3674 2272 3736 capiSSet,
2304 3682 2334 3721 a

752 3762 973 3816 militari
1018 3777 1179 3814 manu
1228 3760 1586 3829 prohibetur,
1629 3774 1767 3828 quos
1820 3759 1935 3827 ipse
1985 3760 2177 3822 punire
2204 3774 2333 3828 pro-

751 3862 934 3920 pterea
962 3849 1278 3910 meditatus,
1311 3851 1378 3902 ab
1407 3848 1599 3903 iisdem
1638 3848 1985 3902 interﬁcitur.
2021 3848 2334 3903 Alexander

748 3955 901 4009 ergo,
948 3940 1239 3994 Mammaea
1274 3940 1447 4003 ﬁlius,
1481 3954 1653 3993 annos
1691 3939 1976 4008 imperavit
2008 3942 2336 4008 quatuorde-

750 4033 887 4100 cim;
922 4041 1068 4087 recte
1098 4046 1231 4087 sane
1270 4043 1432 4101 atque
1475 4031 1791 4097 clementer,
1824 4042 2081 4100 quantum
2115 4033 2331 4100 quidem

752 4126 803 4179 iu
834 4127 951 4195 ipso
984 4126 1107 4189 fuit,
1139 4135 1193 4181 et
1221 4125 1339 4181 sine
1371 4124 1479 4179 ullo
1504 4124 1728 4179 omnino
1757 4126 2039 4193 sanguine.
2075 4124 2180 4179 Sed
2215 4142 2334 4179 ma-

750 4220 851 4276 tris
886 4217 1199 4282 Mammaa,
1249 4227 1305 4271 ut
1350 4219 1439 4272 ltic
1484 4217 1674 4285 refert,
1730 4220 2082 4288 pecuniarum
2133 4221 2337 4286 cupidi-

750 4321 883 4377 tate,
933 4325 999 4365 ac
1040 4311 1293 4365 sordibus
1344 4310 1544 4363 factum
1577 4320 1682 4375 est,
1726 4320 1786 4363 ut
1818 4320 2067 4378 uterque,
2102 4308 2335 4364 Maximo

749 4404 942 4468 electo,
984 4400 1205 4455 militari
1239 4400 1506 4455 seditione
1539 4409 1767 4454 necatus
1794 4400 1883 4451 sit.

820 4583 965 4657 (Lib.
993 4582 1115 4655 vn.]
1151 4582 1479 4637 Maximinus
1538 4590 1662 4650 post
1696 4582 1840 4635 hunc
1882 4597 2051 4634 annos
2076 4582 2189 4636 fere
2223 4592 2332 4637 tres
2364 4587 2409 4643 D

750 4679 1007 4731 ferociter
1047 4691 1109 4730 ac
1154 4676 1436 4745 tyratmit-e
1489 4673 1799 4742 imperavit,
1839 4675 1998 4727 homo
2030 4673 2331 4739 fastuosus,

750 4771 1103 4837 moribusque
1132 4782 1331 4821 savus.
1375 4766 1740 4831 Quamobrem
1777 4766 1974 4820 Africa
2016 4766 2329 4835 prafectmn

750 4880 777 4916 a
810 4878 869 4917 se
912 4862 1292 4921 constitutum,
1330 4860 1574 4913 moribus
1603 4858 1860 4922 similem,
1893 4859 2092 4913 milites
2135 4861 2204 4913 ibi
2254 4871 2335 4912 tu-

752 4954 1105 5015 ntultUautes,
1170 4960 1332 5019 atque
1400 4950 1453 5002 in
1530 4950 1911 5016 imperatorem
1968 4948 2333 5018 insurgentes,

750 5046 1082 5100 Gordianum
1122 5044 1251 5097 olim
1306 5042 1712 5111 proconsulem,
1762 5042 1869 5111 jam
1902 5045 2332 5111 octogenarium,

752 5138 1132 5207 imperatorem
1176 5144 1386 5199 creant,
1424 5133 1509 5187 vel
1554 5134 1822 5199 invitum;
1872 5132 2027 5200 cujus
2072 5150 2191 5187 mox
2226 5134 2331 5189 Ro-

751 5245 835 5283 ma
873 5230 1166 5284 libentibus
1204 5226 1529 5283 electionem
1582 5226 1780 5281 animis
1816 5226 2048 5293 accepit,
2077 5227 2335 5283 honores-

2436 2020 2574 2088 ἀνὴρ
2612 2017 2929 2087 πρεσϐύτης
2977 2019 3072 2071 καὶ
3124 2017 3393 2088 μελλητὴς
3425 2017 3519 2071 καὶ
3546 2016 3657 2069 οὐδ’
3692 2015 4027 2086 ἐγκράτειαν

2435 2110 2642 2174 ἀσκῶν,
2675 2112 2743 2162 τά
2768 2110 2823 2162 δὲ
2846 2109 2981 2163 ἀλλα
3012 2108 3184 2160 δοκῶν
3239 2108 3511 2177 ἐπιεικής.
3558 2106 3673 2175 Τῆς
3716 2106 3772 2157 δὲ
3806 2105 4024 2173 Μέσης,

2434 2206 2555 2274 ἧτις
2610 2201 2676 2272 ἦν
2721 2203 2948 2265 Ἰουλίας
3006 2200 3233 2270 ἀδελφὴ,
3288 2198 3381 2252 δύο
3428 2198 3738 2268 θυγατέρας
3769 2196 4024 2267 ἐχούσης,

2436 2295 2699 2365 Σοαιμίδα
2739 2294 2834 2347 καὶ
2862 2293 3146 2363 Μαμαίαν,
3178 2292 3275 2345 καί
3302 2291 3401 2361 τῆς
3429 2292 3528 2360 μὲν
3558 2290 3793 2361 ἐχούσης
3856 2289 4027 2341 παῖδα

2434 2389 2606 2458 ὄνομα
2635 2386 2935 2441 Βασσιανδν
2969 2388 3041 2452 ⁸⁵,
3070 2386 3175 2453 τῆς
3223 2384 3282 2437 δὲ
3322 2382 3611 2448 Ἀλεξῖνον,
3638 2382 3687 2435 οῖ
3718 2383 3778 2449 ἐξ
3815 2383 4025 2435 Ἀντω-

2436 2479 2580 2531 νίνου
2612 2477 2902 2548 λαθραίαις
2943 2477 3155 2548 μίξεσιν
3217 2476 3469 2544 ἐλέγοντο
3525 2472 3911 2543 γεγεννῆσθαι,
3964 2473 4027 2526 τὸ

2438 2572 2855 2642 στρατιωτικὸν,
2906 2571 3108 2640 μικρᾶς
3135 2568 3427 2637 λαϐόμενοι
3465 2568 3817 2635 προφάσεως,
3843 2568 3901 2618 ἐν
3946 2567 4025 2635 τῷ

2439 2664 2589 2733 σφῶν
2643 2662 3037 2732 ἀναγορεύουσι
3108 2661 3460 2731 στρατοπέδῳ
3540 2660 3632 2711 τὸν
3680 2658 4025 2723 Βασσιανὸν,

2441 2755 2912 2826 μετονομάσαντες
2938 2754 2983 2785 ³⁸
3024 2754 3340 2807 ’Δντωνῖνον
3363 2770 3377 2784 ·
3404 2753 3500 2807 καὶ
3534 2753 3737 2821 μάχαις
3768 2750 4026 2821 ἡττηθεὶς

2437 2851 2715 2917 Μακρῖνος
2752 2846 2846 2899 καὶ
2879 2846 3101 2914 φεύγων
3149 2846 3215 2897 ἐκ
3241 2844 3352 2897 τῶν
3388 2845 3658 2914 μεθορίων
3682 2844 3936 2913 Φοινίκης
3962 2859 4025 2894 τε

2438 2941 2534 2993 καὶ
2587 2939 2785 3009 Συρίας
2835 2938 2936 3009 τὴν
2995 2937 3319 3007 Χαλκηδόνα
3376 2935 3670 2998 κατέλαϐε,
3731 2935 3867 3005 πρὸς
3923 2936 4026 3005 τὴν

2448 3031 2670 3100 Ῥώμην
2700 3031 2912 3083 ἐκεῖθεν
2962 3028 3262 3097 ἀφικέσθαι
3311 3028 3694 3096 διανοούμενος
3719 3043 3733 3056 ⁸
3766 3027 3881 3079 ἀλλ’
3904 3029 4026 3078 ἐπι-

2437 3123 2840 3184 καταλαϐόντες
2871 3122 3034 3173 αὑτὸν
3066 3122 3107 3152 ³⁷
3135 3121 3186 3173 οί
3215 3121 3311 3172 τοῦ
3337 3120 3655 3172 ’Λντωνίνου
3673 3118 3771 3169 ἐπὶ
3792 3112 3953 3170 τοῦτο
3981 3116 4027 3148 ³³

2439 3216 2842 3284 ἀπεσταλμένοι
2896 3214 3157 3283 τέμνουσι
3188 3230 3248 3266 τε
3299 3210 3399 3282 τὴν
3433 3212 3675 3282 κεφαλὴν
3721 3211 3816 3263 καὶ
3846 3210 4026 3262 ὀπίσω

2437 3306 2888 3376 ἀποκομίζουσιν.
2929 3306 3250 3366 Ἀντωνῖνος
3276 3303 3355 3366 δὲ,
3399 3302 3505 3365 ἓως
3551 3302 3649 3372 μὲν
3681 3300 3933 3353 ἐπείθετο
3955 3305 4023 3369 τῇ

2441 3402 2663 3471 μάμμη,
2722 3400 3046 3469 ἐσωφρόνει,
3100 3397 3197 3449 καὶ
3240 3398 3475 3447 ποιεῖται
3505 3395 3599 3447 καὶ
3636 3395 3728 3446 τὸν
3776 3389 4026 3465 [16911]

2450 3490 2715 3555 Ἀλεξῖνον
2744 3488 2788 3520 ³³
2812 3488 2929 3541 υἱόν
2956 3504 3016 3539 τε
3048 3486 3166 3557 ἅμα
3200 3485 3296 3537 καὶ
3336 3485 3610 3554 Καίσαρα,
3646 3486 3727 3546 είς
3773 3484 4027 3547 Ἀλέξανο

2436 3584 2560 3654 δρον
2595 3581 3012 3651 μετακληθέντα
3036 3596 3051 3609 θ
3080 3579 3209 3631 ἐπεὶ
3230 3579 3287 3629 δὲ
3323 3580 3436 3639 τοῖς
3468 3577 3686 3641 κόλαξιν
3712 3577 3907 3630 ἑαυτὸν
3934 3574 4024 3640 ἐξ-

2440 3674 2661 3738 έδωκεν,
2690 3671 2947 3742 οὐδεμίαν
2962 3669 3268 3739 ὑπερϐολὴν
3290 3668 3335 3699 ⁸ο
3362 3670 3721 3738 αἰσχρότητος
3741 3669 3834 3720 καὶ
3851 3669 4027 3737 ἀκραο

2440 3767 2558 3827 σίας
2574 3762 3269 3820 ἁπέλιπεν.Ἐπιϐουλεύειν
3281 3761 3336 3813 δὲ
3356 3761 3451 3813 καὶ
3464 3759 3801 3828 Ἀλεξάνδρῳ
3817 3761 4026 3826 ἐπιχειο

2440 3861 2614 3929 ρήσας
2638 3858 2743 3910 ὑπὸ
2765 3857 2873 3909 τῶν
2904 3855 3257 3927 στρατιωτῶν
3283 3852 3550 3920 ἀνεκόπη·
3573 3854 3602 3903 δ
3631 3853 3685 3904 δὲ
3704 3852 3930 3913 τούτους
3944 3867 4022 3902 τι-

2442 3949 2800 4020 μωρήσασθαι
2826 3945 3127 4014 διανοηθεὶς
3162 3944 3254 3997 ὑπ’
3292 3944 3475 3997 αὐτῶν
3513 3940 4023 4015 ἁνῃρέθη.Ἐϐασί-

2437 4042 2595 4093 λευσέ
2624 4057 2682 4092 τε
2743 4037 3092 4108 Ἀλέξανδρος
3138 4038 3165 4089 ὁ
3197 4035 3469 4105 Μαμαίας
3502 4034 3545 4065 δ’
3580 4034 3675 4102 ἐτη
3724 4033 3807 4096 ιδ’,
3836 4035 3936 4085 καὶ
3966 4034 4026 4084 τό

2437 4149 2501 4199 γε
2533 4131 2619 4183 ἐπ’
2640 4130 2789 4199 αὑτῷ
2818 4129 3001 4191 καλῶς
3024 4145 3084 4180 τε
3108 4128 3203 4180 καὶ
3227 4127 3489 4189 ἐπιεικῶς
3521 4126 3715 4198 ἄρξας,
3743 4127 3839 4177 καὶ
3855 4126 4026 4196 χωρὶς

2438 4226 2687 4295 αἱμάτων
2717 4225 2853 4286 ὅλως
2875 4240 2887 4251 ·
2912 4223 3013 4294 τῆς
3042 4222 3098 4274 δὲ
3132 4219 3341 4291 μητρὸς
3363 4220 3650 4289 Μαμαίας,
3676 4219 3751 4281 ῶς
3782 4218 4026 4288 φησιν,ῆ

2437 4336 2497 4371 τε
2529 4315 2939 4387 φιλοχρηματία
2987 4314 3080 4367 καὶ
3098 4312 3158 4365 τὸ
3182 4311 3506 4383 μικρολόγον
3525 4312 3605 4373 είς
3624 4311 3839 4380 σφαγὴν
3862 4310 4027 4362 αὑτὸν

2435 4409 2535 4477 τὴν
2552 4408 2655 4459 ὑπὸ
2685 4407 2794 4459 τῶν
2817 4402 3168 4476 στρατιωτῶν
3192 4403 3289 4456 σὺν
3317 4402 3479 4473 αὐτῇ,
3514 4400 3827 4471 Μαξιμίνου
3855 4402 4027 4471 ἀναρ-

2438 4498 2716 4569 ρηθέντος,
2749 4496 3082 4565 ἀπήνεγκεν.

2508 4585 2688 4659 Ἦρχε
2706 4589 2762 4641 δὲ
2780 4584 3087 4654 Μαξιμῖνος
3106 4585 3198 4637 ἐπὶ
3225 4582 3321 4653 ἐτη
3336 4583 3463 4653 τρία
3478 4582 3756 4653 ἐμϐριθῶς
3784 4599 3845 4633 τε
3870 4581 3915 4612 δ’
3933 4582 4028 4633 καὶ

2429 4676 2787 4748 τυραννικῶς,
2844 4675 2984 4744 ἀνὴρ
3033 4673 3419 4743 ὑπερμεγέθης
3471 4674 3563 4726 καὶ
3590 4673 3651 4725 τὸ
3673 4669 3807 4743 ἦθος
3850 4672 4024 4740 ὠμός.

2431 4773 2629 4841 Διόπερ
2656 4769 2745 4822 τὸν
2770 4767 2983 4837 Λιϐύης
3012 4768 3331 4837 ὑπάρχοντα
3360 4766 3450 4818 ὑπ’
3482 4765 3647 4819 αὑτοῦ
3674 4767 4027 4819 καταστάντα

2432 4866 2525 4917 καὶ
2555 4866 2740 4934 ὅμοιον
2766 4862 2895 4913 ὄντα
2933 4863 3043 4922 τοῖς
3079 4860 3302 4929 τρόποις
3335 4859 3383 4910 οἱ
3406 4860 3584 4911 ἐκεῖσε
3629 4859 4027 4923 στασιάσαντες

2432 4961 2528 5011 καὶ
2564 4955 2844 5017 ἀνελόντες
2864 4954 2929 5016 ³⁵³,
2960 4952 3247 5023 Γορδιανδν
3279 4951 3589 5003 ἀνθύπατον
3632 4951 3898 5018 γεγονότα
3931 4953 4028 5003 καὶ

2431 5048 2789 5119 ὀγδοηκοστὸν
2844 5048 3047 5112 ἄγοντα
3103 5044 3222 5107 ἔτος
3254 5041 3620 5113 χειροτονοῦσι
3675 5047 3770 5094 καὶ
3818 5043 4027 5096 ἄκοντα

2444 5140 2689 5212 βασιλέα.
2722 5139 2833 5191 Καὶ
2872 5140 2905 5207 ἡ
2951 5137 3141 5206 Ῥώμη
3177 5134 3489 5205 περιχαρῶς
3520 5131 3689 5187 αὑτοῦ
3718 5133 3818 5203 τὴν
3853 5134 4028 5205 ὀ.νάρο

2447 5237 2604 5304 ρησιν
2648 5230 2951 5302 δεξαμένη,
2988 5232 3166 5293 πάσας
3198 5228 3292 5282 τοῦ
3323 5226 3631 5298 Μαξιμίνου
3662 5228 3828 5295 τιμάς
3882 5228 4025 5280 καθ-

2045 5364 2281 5421 VAIiI/E
2306 5368 2717 5425 LECTIONES.

824 5461 869 5492 ³³
901 5458 1213 5529 Βρετανούς
1247 5476 1307 5521 ς.
1388 5457 1432 5489 ⁸⁸
1468 5458 1914 5530 παρασκευάζων
1947 5476 2006 5521 ς’.

751 5533 875 5585 add.
912 5534 976 5583 A.
1055 5530 1098 5560 “‘
1132 5530 1308 5597 τούτῳ
1342 5546 1404 5591 ς’.

752 5602 875 5657 add.
911 5601 977 5651 A.
1057 5600 1103 5630 “
1126 5599 1443 5660 ἀνελθόντες
1469 5616 1532 5661 ς.

2086 5460 2129 5490 ³⁸
2167 5462 2390 5530 ὀνόματι
2421 5464 2690 5517 Βασιανόν
2724 5479 2783 5525 ς.
2860 5462 2905 5491 ³⁸
2939 5474 3196 5526 μετονομ.
3230 5455 3392 5530 αὐτόν
3412 5455 3580 5530 ξᾼντ.
3620 5470 3679 5530 ς.

1480 5530 1523 5560 ⁸⁹
1557 5529 1875 5593 θ’Δλεξιανὸν
1914 5531 1976 5580 Α.
2055 5530 2099 5560 ⁸⁰
2158 5529 2468 5602 ὑπερϐολὴν
2509 5544 2629 5601 post
2686 5532 2958 5603 ἀκρασίας
2998 5530 3147 5598 ponit
3180 5543 3240 5588 ς.

3783 5452 3824 5483 ³⁷
3857 5451 4026 5503 αὑτὸν

3334 5526 3379 5555 ⁸³
3412 5526 3719 5594 Μαμμαίας
3747 5539 3809 5585 ς’.
3885 5522 3935 5551 ⁸⁸
3964 5537 4025 5573 τε

2256 5714 2493 5770 ΝΟΤίΕ.

2256 5714 2300 5767 Ν
2479 5757 2493 5770 .

818 5805 934 5881 (39)
958 5806 1149 5881 ‘Quem
1189 5806 1560 5881 Elegalialum,
1604 5824 1632 5862 a
1679 5822 1819 5862 novo
1846 5822 2006 5877 quem
2036 5714 2599 5878 colendun?:tfccpit
2632 5812 2754 5877 deo,
2788 5810 3231 5881 agnomiuarunt.

815 5878 932 5948 (40)
956 5876 1145 5933 Melius
1175 5877 1515 5931 Alexianum.
