4224 6442
185 422 296 487 $9

1281 420 1807 481 BIBLIO'I‘HECA.
1840 444 1912 455 --
1949 422 2165 483 CODD.
2199 422 2395 485 C-CII.

3351 416 3460 485 3'70

187 538 322 590 εἷλε.
376 536 706 589 Συνανεῖπον
742 536 801 591 δὲ
842 534 992 605 αὒτῷ
1035 536 1128 590 καὶ
1167 534 1283 587 υίδν
1321 532 1611 603 Γορδιανοῦ
1644 533 1775 604 Γορ-

1809 535 1853 592 Α
1882 550 1987 601 que
2033 551 2224 591 omnes
2275 534 2571 589 Maximino
2636 535 2878 591 ademit:
2926 533 3204 593 Gordiano
3239 535 3461 602 insuper

187 628 372 682 ὁιανὺν
437 628 683 699 βασιλέα.
743 628 1051 699 Μαξιμίνου
1104 628 1162 681 δὲ
1222 627 1779 697 παρασκευαζομένου

188 724 331 790 πρὸς
361 722 625 793 πόλεμον,
657 727 753 779 καὶ
782 722 1067 794 Γορδιανδς
1099 721 1218 793 ἅμα
1255 721 1331 791 τῷ
1358 719 1457 789 υἱῷ
1486 721 1587 788 τὴν
1624 720 1779 787 Καρ-

188 814 397 881 χηδόνα
414 814 464 845 ’⁵⁸
494 814 816 869 καταλαϐὼν
837 815 935 868 καὶ
957 816 1016 867 ὲν
1047 812 1357 881 ἀπογνώσει
1385 812 1495 864 τῶν
1522 812 1659 863 ὅλων
1685 827 1780 878 γε-

188 903 367 969 γονὼς
426 903 608 974 βρόχῳ
648 906 995 959 ἀνεπαύσατο
1026 903 1122 956 τοῦ
1163 903 1279 973 βίου
1302 919 1314 931 ·
1340 903 1369 955 ό
1409 901 1466 955 δὲ
1504 902 1639 963 παῖς
1680 901 1780 969 τῆς

190 993 330 1063 πρὸς
411 994 721 1064 Μαξιμίνον
783 996 963 1066 μάχης
1033 993 1415 1066 κρατουμένης
1470 989 1779 1060 ἀναιρεθεὶς

188 1085 497 1157 ἠφανίσθη.
528 1088 594 1140 Ol
619 1086 677 1139 δὲ
714 1087 975 1155 Ῥωμαῖοι
1000 1085 1079 1155 τῷ
1108 1084 1270 1137 πάθει
1303 1082 1508 1135 τούτων
1539 1082 1780 1152 ὑπεραλ-

189 1178 488 1246 γήσαντες.
542 1179 637 1231 καὶ
686 1178 918 1241 δεδιότες
954 1179 1047 1230 καὶ
1102 1176 1391 1245 μισοῦντες
1450 1174 1777 1244 Μαξιμῖνον,

189 1269 624 1339 ἀναγορεύουσιν
650 1270 709 1323 ἐν
750 1270 942 1341 Ῥώμῃ
975 1268 1235 1322 Βαλϐῖνόν
1272 1285 1333 1320 τε
1365 1268 1458 1320 καὶ
1489 1265 1775 1336 Μάξιμον·

190 1360 311 1413 καθ’
331 1356 411 1414 ῶν
438 1362 682 1425 στάσεως
702 1362 809 1415 ὑπὸ
836 1360 946 1414 τῶν
976 1360 1326 1429 στρατιωτῶν
1352 1360 1779 1429 ἀνεγειρομένης

194 1453 591 1521 συμϐασιλεύει
621 1452 834 1516 τούτοις
865 1452 963 1505 καὶ
1004 1451 1311 1520 Γορδιανδς,
1346 1450 1610 1517 ἀπόγονος
1644 1450 1778 1517 Γορ-

188 1540 373 1594 διανοῦ
404 1542 502 1595 τοῦ
534 1541 775 1612 πρώτου,
806 1542 1004 1612 κομιδῇ
1032 1544 1184 1605 παῖς,
1219 1539 1485 1609 Θυγατρὸς
1512 1539 1643 1601 υἱός.
1672 1538 1780 1590 Καὶ

191 1634 445 1705 Μαξίμου
474 1634 712 1699 ἐξιόντος
739 1632 886 1687 κατά
918 1633 1228 1703 Μαξιμίνου
1263 1633 1567 1701 ἀναιρεῖται
1598 1630 1775 1694 Μαξι-

193 1729 343 1796 μῖνος
389 1727 499 1780 ὑπὸ
546 1727 657 1781 τῶν
704 1727 923 1781 οἰκείων
950 1726 1321 1799 στρατιωτῶν,
1356 1728 1448 1778 καὶ
1492 1724 1778 1794 κομίζεται

191 1819 325 1888 πρὸς
353 1820 615 1889 Μάξιμον
642 1821 675 1889 ἡ
710 1820 948 1891 κεφαλὴ,
979 1814 1101 1873 εἶτα
1138 1818 1232 1872 καὶ
1261 1818 1396 1888 πρὸς
1428 1817 1599 1884 αὐτὴν
1640 1814 1776 1868 Ῥώ-

1881 623 2140 679 Gordiani
2184 626 2293 679 lilio
2319 628 2370 679 in
2390 626 2660 681 Caesarem
2688 627 2761 681 illi
2792 626 3009 683 allecto.
3029 628 3097 683 At
3129 629 3253 681 dum
3286 628 3456 684 Maxi-

1884 717 2065 770 minus
2092 716 2294 770 bellum
2325 717 2575 782 adornat.
2612 718 2805 772 videns
2835 717 3167 783 Gordianus,
3198 720 3310 789 (qui
3344 720 3457 786 jam

1880 824 1986 861 una
2019 823 2139 861 cum
2173 807 2283 862 lilio
2309 807 2687 879 Carthaginem
2719 810 2833 879 (41)
2859 815 3172 880 occuparat)
3204 812 3257 865 in
3310 826 3459 865 sum-

1885 914 2029 951 mam
2068 914 2249 953 rerum
2293 900 2533 953 omnium
2579 900 3015 968 desperationem
3041 914 3103 955 se
3140 901 3457 965 adductum,

1881 988 2073 1058 laqueo
2122 991 2287 1045 vitam
2331 991 2567 1060 abrupit.
2599 991 2770 1047 Filius
2802 1007 2953 1056 vero,
3005 993 3299 1048 commissa
3332 992 3457 1045 dein

1880 1096 2002 1136 cum
2030 1080 2263 1136 Maximo
2295 1098 2494 1152 pugna,
2541 1082 2859 1139 interfectus
2906 1086 3083 1155 periit.
3111 1084 3343 1140 Romani
3372 1086 3461 1140 hic

1882 1174 2185 1227 incredibili
2228 1174 2413 1231 dolore
2448 1189 2515 1230 ex
2554 1175 2749 1230 horum
2796 1176 3019 1231 interitu
3072 1179 3339 1247 percussi,
3383 1179 3461 1233 si-

1881 1264 1990 1318 mul
2023 1274 2348 1329 metuentes,
2386 1274 2551 1335 atque
2589 1267 2715 1321 odio
2746 1266 3098 1322 Maximinum
3129 1284 3461 1337 prosequen-

1880 1367 1982 1424 tes,
2029 1360 2384 1429 imperatores
2439 1359 2625 1415 Romm
2675 1362 2990 1415 renuntiant
3040 1362 3350 1425 Balbinum,
3405 1372 3462 1416 et

1881 1448 2196 1505 Maximum.
2235 1451 2296 1505 in
2347 1466 2483 1519 quos
2535 1460 2595 1504 ut
2641 1466 2859 1505 rursum
2919 1452 3173 1507 militaris
3220 1454 3457 1508 excitata

1880 1540 2076 1594 seditio
2122 1550 2228 1604 est,
2282 1541 2567 1609 imperavit
2614 1555 2718 1592 una
2771 1556 2891 1594 cum
2935 1540 3016 1595 eis
3044 1550 3098 1593 et
3125 1540 3457 1607 Gordianus,

1878 1630 2139 1686 Gordiani
2189 1632 2413 1699 majoris
2461 1648 2526 1687 ex
2570 1633 2677 1685 ﬁlia
2728 1648 2917 1700 nepos,
2957 1632 3248 1685 admodum
3280 1633 3460 1687 adhuc

1878 1738 2033 1792 puer.
2063 1721 2209 1794 [Lib.
2239 1723 2383 1797 mn]
2402 1723 2635 1778 Maximo
2660 1737 2776 1794 post
2808 1726 3070 1779 adversus
3103 1724 3457 1780 Maximinum

1879 1814 2145 1886 profecto,
2199 1816 2520 1871 interfectus
2560 1831 2591 1869 a
2644 1817 2759 1871 suis
2813 1816 3073 1870 militibus
3129 1816 3458 1871 Maximinus

194 1930 316 1980 μην.
352 1912 435 1964 Οὐ
482 1912 620 1966 πολὺ
668 1912 731 1965 τὸ
758 1915 817 1967 ὲν
848 1914 1035 1984 μέσῳ,
1064 1912 1161 1966 καὶ
1186 1912 1237 1964 oi
1264 1910 1595 1981 στρατιῶται
1649 1926 1774 1963 στα-

1805 1894 1853 1954 Β
1880 1919 1987 1972 est,
2036 1908 2364 1976 allatmnque
2420 1919 2584 1978 caput
2631 1907 2748 1975 ejus
2780 1907 2847 1961 ad
2890 1906 3206 1973 Maximum,
3248 1917 3303 1962 et
3332 1908 3460 1963 inde

192 2004 484 2066 σιάσαντις
535 2003 793 2072 ἐξάγουσι
851 2004 962 2058 τῶν
1014 2004 1301 2076 βασιλείων
1366 2003 1620 2057 Βαλϐῖνον
1680 2004 1775 2057 καὶ

190 2092 467 2163 Μάξιμον,
495 2092 624 2165 [276
655 2093 747 2167 8.]
774 2096 872 2148 καὶ
901 2096 1082 2149 πᾶσαν
1112 2095 1309 2158 αὐτοὺς
1337 2096 1523 2150 αἰκίαν
1553 2096 1774 2149 αἰκισά-

194 2204 340 2253 μενοι
383 2185 710 2257 ἀναιροῦσι,
746 2188 907 2258 μόνον
943 2189 1258 2251 ἀνειπόντες
1294 2188 1517 2257 βασιλέα
1547 2188 1774 2258 Γορδια-

190 2278 296 2341 νὺν,
342 2276 481 2343 περὶ
524 2276 622 2345 ἔτη
664 2278 1021 2348 τρισκαίδεκα
1072 2277 1369 2346 γεγονότα·
1404 2280 1462 2330 ἑν
1512 2272 1593 2341 οἷς
1622 2277 1720 2331 καὶ
1745 2279 1774 2331 ό

188 2368 371 2434 ὄγδοος
410 2368 719 2423 τελειοῦται
746 2368 922 2437 λόγος.

260 2546 423 2599 Ἔστι
442 2545 501 2599 δὲ
524 2547 625 2617 τὴν
648 2548 850 2618 φράσιν
882 2548 1059 2620 σαφὴς
1082 2549 1176 2603 καὶ
1208 2549 1458 2620 λαμπρὸς
1486 2552 1579 2605 καὶ
1609 2552 1734 2624 ἡδὺς
1752 2593 1769 2620 ,

188 2640 281 2691 καὶ
306 2639 461 2704 λέξει
500 2639 786 2709 χρώμενος
816 2639 1075 2710 σώφρονι,
1105 2643 1245 2712 μήτε.
1274 2644 1772 2716 ὑπεραττικιςούσῃ

188 2733 275 2782 καὶ
313 2731 421 2801 τὴν
452 2730 695 2800 ἔμφυτον
726 2732 1087 2806 ἐξυϐριζούσῃ
1116 2732 1278 2804 χάριν
1320 2733 1415 2788 τοῦ
1473 2736 1769 2806 συνήθους,

190 2823 325 2890 μήτε
359 2820 504 2891 πρὸς
527 2820 588 2873 τὸ
616 2821 872 2875 ταπεινὸν
900 2823 1237 2896 ἑκλελυμὲνῃ
1268 2826 1365 2878 καὶ
1401 2825 1499 2897 τὴν
1522 2826 1769 2896 ἔντεχνον

187 2912 521 2985 ὑπερορώσῃ
577 2913 803 2982 γνῶσιν.
853 2912 993 2968 Οὔτε
1048 2914 1108 2969 δὲ
1164 2916 1599 2987 περιττολογίαις
1651 2919 1769 2972 ἐστὶ

188 3007 609 3078 σεμνυνόμενος,
638 3006 766 3061 οὔτε
814 3026 867 3062 τι
894 3007 1007 3060 τῶν
1047 3010 1365 3077 ἀναγκαίων
1404 3012 1768 3082 παραλιμπά-

185 3116 306 3160 νων,
341 3098 442 3151 καὶ
470 3099 659 3161 ἀπλῶς
680 3100 726 3131 ⁸³
761 3101 820 3154 ὲν
851 3101 1053 3164 πάσαις
1081 3107 1202 3165 ταῖς
1231 3103 1374 3157 κατά
1397 3104 1497 3174 τὴν
1525 3106 1767 3175 ἱστορίαν

183 3190 408 3259 ἀρεταῖς
442 3190 506 3244 οὐ
534 3190 746 3245 πολλῶν
766 3194 885 3246 ἐστι
912 3192 1183 3265 δεύτερος.

906 3375 991 3429 Ρ’.

296 3463 615 3532 Ἀδριανοῦ
631 3466 738 3519 τοῦ
751 3466 1062 3533 βασιλέως
1088 3470 1338 3536 μελέται
1367 3470 1657 3541 διάφοροι.

264 3556 612 3628 ’Δνεγνώσθη
630 3558 909 3629 Ἀδριανοῦ
934 3560 1028 3614 τοῦ
1056 3562 1323 3631 βασιλέως
1354 3566 1769 3637 μελέταιδιάφο-

183 3664 283 3716 ροι,
317 3648 405 3711 είς
449 3648 514 3700 τὸ
560 3648 784 3719 μέτριον
834 3649 930 3702 τοῦ
982 3650 1143 3720 λόγου
1185 3655 1490 3724 ἀνηγμέναι
1523 3660 1617 3710 καὶ
1666 3662 1767 3712 οὐκ

181 3741 386 3808 ἀηδεῖς.

894 3834 1022 3887 PA'.

283 3922 621 3989 Βικτωρίου
641 3925 749 3979 τοῦ
776 3926 1128 3994 Λαμπαδίου
1150 3931 1430 3983 ὑπατικοὶ
1460 3934 1659 4002 Λόγοι.

260 4017 720 4087 Ἀνεγνώσθησαν
752 4019 1082 4090 Βικτωρίνου
1119 4022 1212 4075 τοῦ
1244 4027 1565 4094 Λαμπαδίου
1596 4030 1614 4099 (
1647 4031 1766 4082 Ἀν-

178 4116 394 4182 τιοχεὺς
429 4112 486 4165 δὲ
519 4108 705 4182 οὗτος)
738 4114 993 4167 ὑπατικοὶ
1014 4115 1162 4184 λόγοι
1191 4116 1457 4188 διάφοροι,
1486 4120 1581 4173 καὶ
1616 4120 1769 4190 βασι-

178 4205 317 4258 λικοὶ
348 4204 411 4257 δὲ
441 4206 523 4267 εἰς
551 4206 778 4275 Ζήνωνα
798 4206 890 4258 τὸν
918 4208 1161 4276 βασιλέα,
1195 4211 1281 4280 ἐφ’
1308 4204 1370 4265 οὗ
1396 4214 1488 4264 καὶ
1515 4214 1595 4276 εἰς
1628 4214 1765 4284 βαθὺ

178 4298 359 4367 γῆρας
408 4292 478 4366 ἦν
510 4296 636 4367 [150
663 4298 767 4366 H.J
800 4300 1096 4369 ὲληλακώς.
1133 4303 1248 4372 Τὴν
1269 4303 1325 4355 δὲ
1359 4305 1561 4371 φράσιν
1602 4307 1663 4359 τό
1706 4324 1767 4359 τε

181 4392 350 4458 σαφὲς
385 4391 483 4442 καὶ
510 4390 571 4443 τὸ
593 4391 884 4464 ἀπέριττον
912 4392 1007 4446 καὶ
1032 4393 1091 4445 τὸ
1127 4394 1357 4465 σύνηθες
1384 4398 1692 4467 ἐπικοσμεῖ.

897 4579 1016 4633 ΡΒ¹.

177 4670 492 4724 Γελασίου
525 4668 865 4740 ἐπίσκοπον
900 4674 1259 4738 Καισαρείας
1294 4673 1407 4740 τῆς
1434 4676 1759 4728 Παλαιστί-

242 4758 373 4812 γης
412 4739 581 4812 stara;
610 4741 949 4812 Ἀνομοίων.
995 4742 1106 4794 Καὶ
1175 4739 1465 4810 Διοδώρου
1527 4748 1758 4812 Ταρσοῦ

241 4810 380 4875 περὶ
412 4810 523 4862 τοῦ
549 4810 723 4878 ἁγίου
769 4811 1114 4879 Πνεύματος
1152 4812 1407 4882 διάφορα
1456 4810 1756 4883 ἐπιχειρή-

234 4896 419 4949 ματα.

254 4970 603 5041 ’Δνεγνώσθη
654 4972 714 5025 ἐν
769 4974 1069 5044 μονοόίόλῳ
1129 4975 1169 5026 Γ
1171 4975 1388 5029 ελασίου
1450 4977 1758 5030 ἐπισκόπου

172 5063 519 5133 Καισαρείας
534 5065 632 5133 τῆς
654 5065 1038 5137 Παλαιστίνης,
1061 5069 1222 5121 Κατὰ
1234 5068 1575 5137 Ἀνομοίων.
1599 5072 1753 5123 Ἔστι

1879 2001 2131 2056 Romam.
2161 2000 2271 2056 Nec
2302 2002 2463 2071 longo
2496 2000 2784 2070 interjecto
2825 2009 3092 2069 tempore,
3129 2000 3459 2054 tumultuan-

1878 2107 1962 2151 tes
1997 2097 2175 2150 denuo
2224 2096 2444 2160 milites,
2484 2094 2682 2165 palatio
2729 2097 3025 2149 educentes
3067 2091 3378 2158 Balbinum,
3402 2100 3459 2146 et

1875 2187 2193 2254 Maximum,
2260 2189 2516 2242 omnibus
2587 2185 2936 2240 contumeliis
3015 2184 3457 2251 cruciatibusque

1874 2283 2100 2338 allectos
2139 2284 2480 2348 interimunt.
2516 2294 2572 2337 et
2613 2282 2705 2337 uni
2751 2281 3025 2337 Gordiano
3055 2279 3317 2333 tredecim
3347 2280 3456 2331 cir-

1875 2379 2012 2434 citer
2062 2393 2234 2432 annos
2286 2387 2413 2432 nato
2472 2376 2757 2446 imperium
2826 2374 3106 2429 mandant.
3160 2371 3273 2427 Hoc
3330 2372 3453 2426 libri

1874 2471 2050 2529 octavi
2078 2481 2382 2526 extremum
2413 2478 2517 2524 est.

1945 2564 2241 2632 Scriptoris
2268 2564 2424 2631 hujus
2454 2560 2623 2616 dictio
2652 2559 2795 2615 clara
2822 2567 2927 2622 est,
2956 2568 3119 2627 atque
3141 2557 3448 2628 perspicua,

1872 2657 2003 2727 quin
2034 2664 2090 2709 et
2117 2655 2356 2723 jucunda
2394 2671 2405 2706 :
2440 2654 2661 2708 vocibus
2692 2662 2871 2706 autem
2906 2651 3078 2705 utitur
3104 2651 3449 2720 temperatis,

1875 2762 2051 2816 neque
2110 2763 2273 2816 supra
2334 2747 2551 2800 modum
2609 2743 2824 2801 Atticis.
2876 2742 3074 2812 quibus
3123 2742 3309 2797 nativa
3358 2740 3451 2798 Illa

1872 2843 2178 2896 communis
2212 2840 2479 2895 sermonis
2510 2837 2683 2908 gratia
2736 2836 3136 2907 quodammodo
3180 2834 3449 2889 violetur:

1872 2950 1971 2990 nec
2003 2949 2196 2987 rursus
2242 2934 2295 2985 in
2334 2931 2692 2985 humilitatem
2727 2929 3018 2999 quamdam
3065 2926 3141 2982 ita
3174 2927 3450 2991 demissis,

1872 3036 1931 3081 ut
1965 3037 2136 3080 artem
2160 3040 2375 3079 omnem
2403 3024 2504 3077 illa:
2530 3024 2729 3091 fugisse
2759 3022 3064 3075 videantur.
3100 3018 3180 3073 Ad
3210 3020 3325 3073 htec
3354 3034 3453 3073 nec

1870 3118 2283 3184 supervacaneis
2335 3122 2528 3177 tumet,
2573 3129 2674 3169 nec
2712 3112 3077 3169 necessarium
3114 3110 3244 3180 quid
3290 3110 3452 3163 omit-

1796 3237 1838 3294 ο
1875 3211 1983 3263 tit:
2034 3209 2149 3271 sed,
2201 3218 2258 3260 ut
2292 3223 2399 3261 uno
2460 3204 2627 3260 verbo
2671 3204 2966 3267 absolvam,
2997 3202 3157 3273 86a
3200 3201 3453 3257 omnibus

1871 3304 2111 3357 historia:
2142 3301 2433 3356 virtutibus
2464 3300 2652 3370 paucis
2686 3314 2817 3352 sane
2849 3296 3013 3350 cedit.

2641 3392 2701 3445 G.

2308 3486 2531 3541 Adriani
2565 3484 3003 3537 Declamatioues.

1943 3576 2120 3631 Lecta:
2178 3589 2303 3631 sunt
2354 3576 2575 3630 Adriani
2639 3575 2752 3644 (5‘2)
2802 3575 3025 3644 Augusti
3058 3575 3224 3628 variae
3261 3573 3450 3627 Decla-

1868 3672 2145 3734 matioues,
2193 3670 2402 3724 dicendi
2442 3668 2813 3721 moderatione
2858 3676 3194 3737 temperatae,
3243 3680 3342 3721 nec
3364 3666 3448 3719 in-

1863 3763 2134 3830 jucunda).

2616 3850 2705 3906 Cl.

1985 3944 2237 3997 Victorini
2268 3944 2545 4012 Lampadii
2571 3945 2667 4006 ﬁlii
2701 3944 2981 3997 Orationes
3010 3941 3334 3995 consulares.

1943 4036 2118 4091 Lecta:
2164 4051 2287 4091 sunt
2342 4036 2604 4091 Victorini
2654 4034 2933 4104 Lampadil
2987 4033 3076 4086 ﬁlii
3122 4033 3444 4086 Antiocheni

1871 4128 2146 4183 Orationes
2206 4130 2506 4183 consulares
2556 4129 2739 4191 uarice,
2788 4126 2948 4180 simul
2995 4135 3043 4179 et
3092 4124 3447 4192 imperatorias

1868 4224 1921 4277 in
1970 4224 2204 4278 Zenonis
2255 4223 2480 4293 Augusti
2542 4221 2804 4275 laudern:
2851 4233 2956 4287 quo
3002 4218 3321 4286 imperante.
3376 4216 3441 4269 ad

1866 4327 2164 4369 extremam
2230 4317 2317 4370 hic
2369 4322 2686 4383 pervenerat
2731 4320 3085 4366 senectutem.
3142 4308 3440 4361 Dictionem

1867 4406 2006 4474 ejus.
2061 4406 2111 4458 in
2158 4420 2262 4471 qua
2298 4404 2433 4458 nihil
2476 4403 2805 4466 redundans,
2849 4398 3229 4469 perspicuitas,
3272 4397 3444 4450 usita-

1872 4507 2064 4565 tusque
2094 4496 2346 4567 loquendi
2380 4496 2571 4549 modus
2599 4502 2885 4547 exornant.

2601 4584 2711 4637 Cll.

1866 4676 2065 4732 Celasii
2085 4676 2340 4733 Ctesarea
2364 4676 2669 4797 Palatinum
2689 4675 2939 4744 episcopi,
2966 4673 3231 4733 liberﬂl’il
3255 4683 3439 4725 contra

2555 4763 2803 4797 nummos.

2555 4763 2803 4811 nummos,

1969 4819 2035 4872 Et
2066 4819 2284 4871 Diodori
2318 4818 2589 4871 Tarsensis
2626 4818 2689 4869 de
2727 4814 2928 4883 Spiritu
2957 4826 3142 4868 sancto
3168 4831 3329 4882 argu-

2547 4899 2739 4939 menta.

1934 4982 2133 5037 Lectus
2168 4995 2249 5035 est
2297 4982 2432 5036 liber
2471 4979 2764 5050 singularis
2806 4976 3007 5033 Gelasii
3050 4976 3312 5032 Cazsarez
3336 4974 3439 5029 Pa-

1863 5074 2083 5127 la:stin:e
2136 5072 2373 5142 episcopi
2424 5072 2673 5124 adversus
2731 5068 3008 5123 Anomceos
3065 5068 3200 5137 (44).
3269 5066 3439 5137 Hujus

1476 5180 1716 5235 VARle
1745 5180 2147 5241 LECTIONES.

235 5268 280 5296 “
319 5264 645 5338 Χαλκηδόνα
686 5284 747 5331 ς.
823 5270 869 5302 ⁸⁸
903 5268 1111 5342 ἁπλῶς]
1147 5271 1335 5337 ἀπλῶς
1363 5272 1651 5344 ἱστορικῶν
1678 5275 1743 5327 Α.

1692 5366 1928 5421 ΝΟΤΕ.

234 5458 349 5529 (Η)
370 5456 510 5530 Male
521 5458 838 5528 Χαλκηδόνα
856 5459 1133 5530 legebatur
1151 5461 1204 5515 in
1222 5471 1365 5515 textu
1380 5462 1755 5518 Gr:eco.Eolr.

235 5529 355 5598 (49.)
386 5528 532 5605 Lege
585 5531 735 5598 plura
783 5528 927 5605 apud
961 5531 1118 5583 Suid.
1154 5541 1210 5585 et
1258 5531 1615 5605 Xiphilinum.
1646 5534 1757 5605 Ex-

164 5611 304 5655 stant
361 5602 482 5664 ejus
528 5602 915 5670 et__senteutiae
983 5607 1251 5670 quaedam,
1302 5605 1417 5657 sive
1466 5602 1759 5657 δικαστικὰ

168 5685 435 5737 responsa,
458 5670 512 5720 in
566 5667 679 5723 Vel.
716 5669 953 5725 Glossar.

235 5736 351 5806 (45)
400 5736 591 5792 Exstat
655 5740 928 5807 hodieque
968 5740 1123 5795 titulo
1164 5741 1241 5795 De
1285 5741 1491 5795 duabus
1550 5745 1756 5801 naturis

170 5808 222 5859 iu
254 5808 621 5879 Christo,_sed
644 5811 783 5863 falso
803 5808 1023 5865 Gelasio
1052 5812 1249 5879 pontii.
1272 5810 1431 5865 Rom.
1461 5818 1758 5878 ascriptus,

172 5887 227 5948 ut
269 5881 434 5948 docet
467 5877 759 5948 illustriss.
798 5880 996 5937 Baroa.
1026 5877 1177 5937 card.
1218 5892 1346 5937 tum.
1402 5880 1490 5948 IV,
1518 5882 1583 5937 ad
1614 5877 1749 5936 anu.

171 5945 299 6004 Chr.
326 5946 436 6005 496
462 5946 582 6004 init.

1931 5461 2043 5531 (44)
2080 5459 2195 5514 Non
2234 5459 2350 5531 illos
2389 5459 2755 5513 Eunomianos
2784 5458 2923 5527 apud
2968 5457 3200 5531 Niceph.
3237 5460 3365 5513 ibid.
3398 5480 3435 5525 ι,

1855 5530 1976 5597 cap.
2012 5532 2099 5594 11,
2125 5532 2218 5585 sed
2253 5530 2464 5599 integro
2510 5544 2644 5598 pene
2678 5531 2876 5583 saeculo
2911 5530 3179 5596 posterius
3220 5544 3439 5584 exortus

1859 5602 2246 5670 Eutycbianos,
2289 5601 2366 5653 sic
2395 5600 2620 5653 forsitan
2655 5600 2725 5653 ab
2775 5601 3045 5669 aliquibus
3076 5599 3269 5670 dictos,
3294 5604 3438 5667 quod

1859 5669 2121 5741 negarent
2145 5670 2419 5725 Christum
2451 5671 2704 5741 habuisse
2727 5684 2924 5741 corpus
2946 5669 3114 5739 ὁμοού
3126 5687 3235 5722 τιον
3259 5672 3435 5741 nobis,

1856 5738 1960 5810 qua
1984 5743 2148 5794 etiam
2187 5742 2395 5793 ratione
2444 5741 2584 5809 apud
2617 5739 2726 5811 DD.
2762 5738 3026 5811 Athanas.
3046 5750 3218 5811 atque
3256 5738 3433 5811 Chry-

1856 5808 1991 5864 s'ost.
2044 5811 2173 5863 dicti
2233 5808 2493 5863 Anomwi’
2529 5810 2740 5874 Ariani,
2790 5812 2880 5879 qui
2928 5809 3204 5864 Christum
3256 5808 3433 5864 Patris

1856 5882 2198 6001 ifiiiuqigle‘m,
2232 5890 2289 5935 et
2313 5880 2478 5949 aliqui
2519 5879 2800 5933 dissimilis
2846 5895 3062 5950 quoque
3088 5879 3427 5947 substantiae.

1883 5964 1993 6001 acre
2069 5966 2101 6001 ﬂ
2130 5986 2147 6001 ι

1883 5951 2147 6004 aciebaut.
