4224 6442
721 430 821 501 371

1874 437 2135 499 ΡΠΟΤῙΙ
2171 438 2678 504 ΡᾹΤΗΙΑΠΕΗᾸΞ
2711 450 2817 508 CP.

3872 466 3981 528 372

717 549 894 605 oratio
929 546 1151 601 minime
1186 546 1479 615 superﬂua,
1516 548 1608 603 sed
1656 550 1834 619 gravis
1864 567 1927 605 ac
1972 558 2282 617 vehemens,
2319 560 2363 613 Α

2319 560 2363 613 Α
2394 561 2448 611 δὲ
2480 560 2575 630 τὴν
2605 565 2807 632 φράσιν
2832 567 3125 637 ἀπέριττός
3149 587 3204 621 τε
3240 572 3332 623 καὶ
3364 574 3612 640 σύντονος
3630 578 3673 609 ⁸⁸
3704 580 3794 631 καὶ
3818 582 3981 652 ἐξητ-

716 641 910 695 Atticis
950 639 1204 707 permists
1248 641 1491 705 vocibus,
1540 650 1595 695 et
1645 643 1935 697 axiomatis
1976 647 2287 699 accuratius

717 728 1003 791 instructa,
1056 742 1126 781 ne
1186 728 1693 786 ratiocinationibus
1742 732 1957 799 quidem
2017 734 2283 803 indigens,

716 836 814 889 per
859 820 1039 875 omnia
1098 822 1332 888 denique
1381 822 1608 891 insignis
1663 834 1787 878 est:
1842 836 2045 879 tantum
2102 828 2289 896 putide

718 912 880 966 nimis
947 926 1013 966 sc
1066 913 1371 981 pueriliter,
1428 914 1583 981 quasi
1637 930 1809 985 nuper
1874 917 2285 971 dialecticorum

716 1004 886 1058 libros
928 1004 1282 1073 inspexisset,
1330 1006 1515 1075 logica:
1580 1008 1714 1061 artis
1767 1008 1989 1076 regulis,
2046 1010 2289 1079 ipsisque

714 1095 849 1148 adeo
892 1097 1116 1151 vocibus
1158 1098 1396 1151 abutitur
1441 1117 1455 1153 :
1500 1100 1600 1154 etsi
1650 1103 2060 1153 excusationem
2102 1101 2291 1154 intem-

716 1189 912 1255 pestivi
964 1189 1126 1257 hujus
1166 1191 1438 1244 sermonis
1479 1193 1683 1259 scripto
1723 1208 1821 1245 suo
1861 1191 2134 1246 adnectat.
2177 1192 2287 1246 Ve-

718 1296 833 1331 rum
881 1280 955 1343 id,
1010 1281 1153 1347 quod
1192 1282 1547 1335 excusatione
1598 1290 1718 1349 post
1760 1290 1982 1335 noverat
2021 1282 2287 1350 indigere,

717 1387 816 1425 nee
860 1372 967 1429 iam
999 1373 1127 1427 inde
1156 1387 1187 1436 a
1225 1373 1489 1442 principio
1525 1373 1925 1441 suscipiendum
1969 1373 2041 1426 illi
2090 1373 2287 1427 fuerat.

716 1465 1034 1532 Quanquam
1088 1480 1264 1535 neque
1330 1464 1443 1532 ipse
1498 1463 1619 1518 libri
1671 1465 1803 1519 ordo
1868 1465 2293 1535 reprehensione

714 1572 774 1609 ea
784 1564 884 1610 ret.

784 1648 1222 1703 Continebantur
1271 1660 1447 1701 autem
1501 1651 1604 1703 hoc
1664 1649 1854 1702 eodem
1904 1647 2089 1702 lihello
2141 1648 2289 1699 varia

715 1742 878 1794 etiam
914 1752 1231 1811 argumenta
1270 1742 1381 1812 (45)
1432 1743 1647 1795 Diodori
1681 1742 1968 1797 Tarsensis
2007 1744 2083 1795 De
2110 1752 2291 1795 sancto

717 1834 920 1901 Spiritu
950 1852 962 1885 :
992 1833 1188 1901 quibus
1236 1844 1292 1887 et
1335 1833 1565 1890 Nestorii
1603 1833 1724 1888 labe
1762 1850 1822 1888 se
1856 1834 1964 1903 jam
2011 1835 2133 1887 inde
2160 1850 2292 1887 con-

716 1923 1037 1977 taminatum
1067 1925 1324 1977 ostendit.

1435 2017 1565 2071 CIII.

753 2104 995 2159 Philonis
1028 2105 1209 2161 Judwi
1255 2107 1425 2177 legum
1458 2125 1731 2160 sacrarum
1756 2109 2032 2176 allegoria,
2073 2117 2123 2161 et
2164 2110 2259 2161 ιοὶη

1335 2180 1503 2231 civilis
1531 2180 1660 2231 vita.

788 2269 986 2323 Lectus
1017 2280 1099 2326 est
1127 2270 1372 2325 Philonis
1422 2270 1587 2325 Judzei
1624 2288 1898 2323 saeiarum
1951 2271 2120 2338 legunt
2151 2270 2297 2323 Alle-

716 2364 889 2431 goria,
921 2373 976 2416 et
1004 2362 1080 2417 De
1109 2364 1211 2417 vita
1245 2364 1344 2417 viri
1377 2364 1567 2416 civilis.

1438 2455 1567 2510 CIV.

794 2545 1045 2615 Ejusdem
1083 2544 1403 2599 Essenorum
1452 2561 1499 2600 et
1546 2547 1992 2615 Thcrapeutarum
2032 2549 2232 2601 vivendi

1443 2631 1598 2671 γαιιο.

792 2707 955 2762 Lecta
1004 2718 1059 2763 et
1103 2723 1290 2763 eorum
1333 2711 1543 2762 vivendi
1603 2711 1766 2776 ratio,
1820 2712 1909 2778 qui
1970 2710 2303 2779 philosophi-

720 2816 844 2854 cmn
877 2800 996 2854 vita:
1035 2814 1208 2869 genus
1256 2803 1395 2868 apud
1435 2800 1649 2855 Judzeos
1708 2804 1820 2855 sive
1861 2800 2301 2867 eontemplando,

724 2894 839 2945 sive
870 2890 1074 2959 agendo
1126 2892 1318 2945 seetati
1364 2903 1507 2947 sunt.
1560 2894 1620 2947 lli
1669 2894 1855 2947 Esseni
1893 2893 2025 2961 (46).
2058 2892 2131 2945 illi
2161 2891 2305 2945 'I’he-

726 2993 962 3050 rapeutaa
1013 2983 1441 3051 appellabantur.
1498 2986 1576 3038 Ac
1641 2986 1870 3052 proximi
1935 2986 2152 3051 quidem
2200 3000 2307 3036 non

727 3077 1059 3129 monasteria
1118 3085 1352 3141 tantum,
1406 3088 1567 3144 atque
1609 3082 1835 3146 σεμνεῖα
1877 3078 1995 3144 (has
2046 3078 2191 3144 ipsas
2223 3076 2309 3127 ille

730 3182 890 3218 voces
927 3166 1167 3233 adhibet)
1201 3168 1554 3229 aediﬁcarunt,
1596 3167 1689 3221 sed
1721 3170 1879 3220 etiam
1917 3169 2129 3219 vivendi
2178 3184 2304 3219 nur-

731 3274 874 3311 mam
913 3259 999 3322 iis,
1047 3256 1140 3325 qui
1190 3273 1333 3310 nunc
1370 3256 1669 3311 solitariam
1723 3259 1922 3327 degunt
1958 3260 2123 3309 vitam
2171 3271 2307 3324 pra:-

731 3353 1085 3419 scripserunt.

1463 3440 1571 3495 CV.

734 3532 987 3603 Ejusdem
1016 3531 1180 3587 Caius
1212 3532 1412 3599 (imp.)
1471 3533 1824 3598 reprehensus,
1882 3545 1928 3585 et
1964 3531 2191 3585 Flaccus
2233 3550 2317 3585 re—

1336 3603 1643 3665 prehensus.

804 3695 1028 3764 Legitur
1068 3694 1309 3764 ejusdem
1350 3695 1504 3757 liber,
1558 3696 1646 3749 cui
1690 3695 1879 3750 titulus
1924 3694 2085 3748 Caius
2132 3710 2307 3761 repre-

2394 656 2737 721 τικισμέναις
2778 657 2953 723 λέξεσι
2986 664 3345 731 κεχρημένος,
3384 670 3475 720 καὶ
3506 670 3813 741 ἀξιώμασιν
3866 677 3979 727 ἁπ-

2395 747 2795 816 ηκριδωμένος,
2852 755 2946 804 καὶ
2979 755 3097 806 οὐδὲ
3125 760 3239 819 τοῖς
3287 763 3711 833 ἐπιχειρήμασιν
3737 765 3943 835 ἄπορος
3962 808 3977 829 ,

2397 836 2487 886 καὶ
2519 838 2693 889 πάντα
2729 841 2891 903 καλὸς
2944 847 2991 897 εί
3049 846 3123 915 μὴ
3176 849 3255 902 ὅτι
3302 854 3621 922 κατακόρως
3660 857 3751 907 καὶ
3784 874 3975 926 μειρα·

2397 926 2603 987 κιωδώς
2631 927 2698 991 ⁸⁷,
2748 930 2822 992 ὡς
2856 932 2981 1002 ἄρτι
3024 938 3403 1005 παρακύπτων
3435 944 3515 1005 είς
3547 946 3674 1007 τοὺς
3709 946 3979 998 διαλεκτι-

2395 1017 2526 1078 κοὺς
2586 1019 2811 1086 λόγους,
2853 1027 2965 1085 τοῖς
3010 1027 3111 1094 τῆς
3163 1028 3388 1099 λογικῆς
3418 1034 3613 1102 τέχνης
3665 1037 3758 1086 καὶ
3787 1038 3978 1089 κανόσι

2398 1108 2491 1157 καὶ
2539 1109 2731 1172 αὑταῖς
2783 1114 3135 1183 ἀπεχρήσατο
3181 1117 3412 1184 λέξεσιν,
3462 1124 3510 1173 εί
3560 1124 3653 1176 καὶ
3679 1126 3980 1192 ἀπολογίαν

2396 1202 2494 1271 τῆς
2536 1204 2792 1274 τοιαύτης
2834 1207 3219 1278 ἀκαιρολογίας
3270 1214 3543 1280 ὲνυφαίνει
3586 1217 3662 1285 τῷ
3691 1221 3980 1287 συγγράμ-

2402 1311 2531 1361 ματι
2553 1310 2566 1322 ·
2604 1296 2741 1364 ὅπερ
2772 1298 2880 1367 γὰρ
2916 1301 2996 1361 εἰς
3033 1300 3331 1369 ἀπολογίαν
3364 1306 3525 1359 αὐτὸν
3548 1308 3593 1339 ⁸⁸
3629 1310 3980 1362 καθιστάνειν

2399 1385 2538 1450 ἔγνω
2562 1425 2576 1447 ,
2609 1388 2731 1438 οὐδὲ
2760 1390 2859 1459 τὴν
2892 1390 3063 1460 ἀρχὴν
3101 1395 3267 1463 ἐχρῆν
3311 1396 3442 1447 αὐτὸ
3479 1400 3978 1468 μεταχειρίζεσθαι.

2399 1480 2509 1532 Καὶ
2541 1482 2571 1550 ἡ
2604 1481 2755 1545 τάξις
2780 1484 2836 1535 δὲ
2862 1485 2955 1537 τοῦ
2986 1486 3142 1553 λόγου
3174 1490 3275 1540 οὐκ
3304 1491 3679 1560 ἀνεπίμωμος.

2482 1665 2895 1735 Ἑμπεριείχετο
2936 1669 2993 1721 δὲ
3032 1672 3099 1737 τῇ
3133 1670 3301 1739 δέλτῳ
3330 1673 3423 1723 xui.
3458 1672 3725 1742 Διοδώρου
3760 1672 3981 1741 Ταρσοῦ

2404 1758 2541 1822 Περὶ
2578 1758 2683 1811 τοῦ
2711 1760 2883 1827 ἁγίου
2926 1764 3274 1829 Πνεύματος
3297 1763 3530 1833 διάφορα
3548 1766 3979 1833 ἐπιχειρήματα,

2402 1850 2460 1901 ἐν
2492 1844 2571 1911 οἷς
2602 1851 2696 1902 καὶ
2726 1850 2823 1920 τὴν
2856 1853 3147 1923 Νεστορίου
3203 1855 3355 1907 νόσον
3405 1856 3567 1917 αὐτὸς
3614 1856 3981 1908 ἐπιδείκνυται

2324 1926 2367 1982 Β
2397 1942 2901 2013 πῳηρῤωστηκώς.

3104 2036 3225 2089 PI".

2399 2125 2667 2177 Φίλων-ο(-
2702 2126 2997 2179 ’1ουδαΙου
3042 2130 3242 2196 νόμων
3278 2130 3450 2196 ἱερῶν
3471 2129 3852 2197 ἀλληγορίαι,
3882 2130 3979 2181 καὶ

2788 2198 3086 2264 περὶβίου
3116 2200 3224 2253 τοῦ
3246 2200 3584 2252 πολιτικοῦ.

2484 2287 2821 2356 Ἀνεγνώσθη
2872 2288 3107 2351 Φίλωνος
3138 2290 3234 2342 τοῦ
3294 2291 3559 2343 Ἰουδαίου·
3583 2292 3766 2360 νόμων
3819 2291 3983 2359 ἱερῶν

2402 2377 2723 2445 ἀλληγορίαι
2744 2378 2788 2409 δ’
2826 2379 2920 2429 xui.
2950 2380 3081 2447 περὶ
3110 2379 3225 2447 βίου
3260 2381 3561 2436 πολιτικοῦ.

3113 2474 3234 2525 ΡΔ’.

2411 2561 2519 2611 Τοῦ
2546 2561 2733 2613 αὐτοῦ
2758 2564 2891 2629 περὶ
2943 2563 3064 2615 τῶν
3112 2568 3270 2646 ,παρὰ
3310 2563 3622 2630 Ἰουδαίοις
3648 2566 3978 2632 φιλοσοφη-

3057 2650 3293 2685 σαν-των
3305 2674 3320 2686 .

2490 2722 2933 2793 Ἀνεγνώσθησαν
2958 2725 3015 2777 δὲ
3045 2726 3142 2777 καὶ
3175 2725 3220 2755 ⁵ο
3250 2726 3358 2776 τῶν
3390 2726 3541 2795 παρὰ
3584 2726 3868 2787 Ἰουδαίους
3898 2743 3983 2790 φι-

2409 2811 2821 2881 λοσοφησάντων
2843 2816 2944 2883 τήν
2967 2832 3027 2867 τε
3054 2815 3394 2884 Θεωρητικὴν
3420 2817 3515 2869 καὶ
3545 2816 3644 2883 τὴν
3674 2816 3984 2883 πρακτικὴν

2410 2904 2724 2969 φιλοσοφίαν
2757 2904 2886 2973 βίον
2924 2899 2999 2958 ὧν
3030 2908 3078 2957 οἱ
3111 2906 3209 2973 μὲν
3244 2907 3514 2975 Ἐσσηνοὶ,
3542 2908 3589 2957 oi
3623 2906 3678 2958 δὲ
3710 2906 3984 2976 Θεραπευ-

2408 2993 2499 3043 τα“ι
2548 2992 2859 3053 ἐκαλοῦντο,
2907 2994 2957 3045 οἳ
3008 2995 3100 3045 xui.
3142 2996 3477 3064 μοναστήρια
3508 2996 3601 3047 καὶ
3636 2998 3881 3064 σπεμνεία,
3912 2994 3985 3056 ὡς

2412 3084 2600 3146 αὐταῖς
2632 3084 2808 3149 λέξεσι
2841 3087 3021 3149 λέγει,
3052 3088 3357 3155 ἐπήγνυντο
3378 3127 3393 3151 ,
3422 3088 3517 3138 καὶ
3548 3089 3657 3139 τῶν
3691 3088 3787 3139 νῦν
3824 3106 3988 3155 μονα-

2414 3177 2614 3239 ζὸντων
2642 3178 2737 3246 τὴν
2770 3178 3044 3231 πολιτείαν
3074 3178 3529 3249 προῦπέγραφον.

3122 3438 3242 3491 PE’.

2417 3532 2527 3583 Τοῦ
2586 3530 2772 3583 αὐτοῦ
2806 3529 2985 3596 Γάϊος
3020 3531 3377 3651 Ῠὲιόμενος,
3426 3534 3523 3583 καὶ
3570 3533 3850 3596 dammae
3890 3537 3993 3599 ψε-

3117 3618 3315 3651 αενορ.

3050 3618 3315 3668 γομενος.

2481 3693 2603 3759 [ξπ
2637 3691 2750 3763 IL]
2811 3692 3147 3761 Ἀνεγνώσθη
3208 3693 3264 3745 δὲ
3320 3691 3485 3745 αὑτοῦ
3519 3696 3611 3745 καὶ
3654 3694 3811 3759 λόγος
3870 3688 3992 3759 cui]

2006 3837 2242 3892 νΑιιιΑς
2288 3834 2689 3889 LECTI()NES.

808 3937 854 3966 “
888 3932 1159 4003 σύντονος]
1197 3935 1378 3987 malim
1413 3934 1698 4004 σύντομος.
1745 3933 1815 3987 cf.
1844 3948 1895 4001 p.
1931 3932 1989 3986 9|
2025 3951 2055 3984 ιι
2098 3932 2184 3985 15.

736 4010 780 4042 ⁵⁰
811 4004 904 4060 καὶ
928 4006 1053 4059 add.
1081 4006 1147 4056 A.

2260 3930 2305 3960 ⁸⁷
2336 3930 2725 3999 μειρακοειδῶς
2761 3946 2824 3992 ς’.

2900 3931 2947 3961 ⁸⁸
2983 3931 3163 3982 αὐτῶν
3207 3945 3351 3983 corr.
3389 3930 3450 3983 Α.
3526 3930 3571 3961 δ’
3597 3930 3899 3999 ἀλληγορία
3931 3944 3989 3989 ς.

2227 4064 2459 4119 ΝΟΤᾸΕ.

812 4164 945 4236 (45),
976 4163 1224 4236 Quorum
1271 4159 1483 4212 mireris
1541 4159 1741 4236 nullam
1769 4230 1778 4236 _
1811 4158 1925 4236 ﬁeri
1981 4160 2310 4236 mentionem

742 4228 880 4302 apud
909 4228 1158 4294 ‘Sui’dam,
1213 4232 1264 4284 in
1305 4239 1563 4283 accurato
1616 4230 1709 4281 illo
1769 4230 1928 4296 hujus
1954 4230 2052 4281 viri
2087 4228 2317 4293 Operum

743 4304 1017 4359 Cutaloao.

820 4320 1179 4443 (liiigiémna.
1218 4367 1541 4443 ilos__Philo
1569 4368 1689 4443 ipse
1735 4366 1943 4443 E_ssaros
1997 4368 2252 4443 appellat,
2292 4384 2319 4418 a

746 4436 1057 4499 sanctitate,
1100 4449 1156 4489 nt
1197 4439 1294 4501 ait,
1335 4437 1511 4507 (Suid.
1569 4438 1701 4487 Ἀπὸ
1728 4436 1827 4503 τῆς
1854 4436 2087 4507 Θεωρίας
2128 4451 2323 4488 vocare

748 4512 865 4565 vult
902 4508 1216 4567 ’Euouioo;,
1260 4505 1361 4561 hoc
1407 4516 1509 4569 est,
1542 4505 1927 4575 Θεωρητικούς,
1957 4523 2118 4572 quam
2158 4515 2321 4565 recte,

750 4588 867 4648 ipse
890 4582 1104 4632 viderit.
1125 4577 1423 4648 Cgeterarde
1456 4576 1676 4648 Essenis
1699 4576 2117 4648 diligentissime
2151 4589 2321 4648 nu_per

751 4642 1140 4719 posuitomnia
1172 4644 1289 4698 Nic.
1333 4647 1591 4719 Serarius
1629 4646 2027 4719 neSIer.__t_ertio
2058 4659 2154 4719 suo
2200 4642 2321 4719 Tri-

754 4713 1044 4774 Itzeresium
1080 4716 1259 4772 libro).
1290 4715 1505 4768 nomine
1530 4715 1794 4773 alerivato,
1832 4714 1921 4764 lib.
1956 4713 2109 4776 Quod
2156 4714 2325 4763 omnis

755 4788 946 4855 probus
986 4787 1136 4838 liber.
1183 4784 1302 4848 Quo
1352 4785 1528 4855 medio
1560 4784 1767 4855 _libe|lo
1823 4790 1985 4834 totam
2020 4784 2325 4855 Esszeorum

755 4852 971 4908 vivendi
996 4856 1264 4909 rationem
1298 4854 1537 4918 exponit.
1560 4853 1623 4904 Et
1663 4853 2107 4919 Chrysostomus,
2176 4852 2323 4919 hom.

758 4925 919 4980 XLIV
954 4926 1007 4978 in
1040 4927 1197 4977 Act.:
1233 4922 1446 4983 Essem,
1470 4925 1558 4989 qui
1582 4924 1744 4972 etiam
1764 4918 1901 4972 ὅσιοι
1926 4923 2176 4972 dicuntur
2204 4918 2328 4979 (La-

760 4999 872 5049 tine
886 4995 1078 5063 sancti)
1104 4994 1243 5056 ;hoc
1262 4994 1405 5046 enim
1428 4993 1540 5043 vult
1573 5007 1764 5042 nomen
1797 4990 2122 5042 ESsenorum
2154 5005 2183 5041 a
2208 4990 2327 5038 vita:

759 5066 1064 5120 honestate.

828 5134 1179 5201 Therapeulaa
1209 5141 1384 5183 autem
1418 5131 1727 5182 ilistinCIum
1774 5127 2094 5180 Essenoruin
2137 5143 2324 5193 genus,

761 5206 973 5265 (contra
1015 5214 1176 5265 atque
1215 5202 1378 5266 aliqui
1444 5204 1703 5263 sentiunt;
1752 5208 1808 5249 ut
1868 5210 2051 5261 aperte
2115 5207 2326 5248 constat

762 5274 1008 5326 Philonis
1040 5272 1186 5323 illum
1218 5272 1393 5324 locum
1442 5270 1699 5319 attentius
1734 5283 1854 5319 cum
1903 5267 2076 5318 lihello
2106 5270 2167 5316 de
2218 5268 2323 5317 vita

766 5344 1065 5395 theoretica
1096 5340 1455 5408 comparauti.
1486 5337 1548 5388 Et
1592 5352 1716 5408 vero
1772 5352 1837 5408 ne
1858 5337 2089 5408 longius
2115 5339 2322 5408 alaeam,

765 5416 818 5464 in
870 5412 1049 5463 limine
1092 5404 1275 5462 statiin
1302 5409 1529 5475 disjungi
1564 5407 1745 5457 videas
1793 5404 1886 5457 inf.
1911 5406 2169 5457 Ἐσσαίων
2202 5404 2325 5470 πέρι

764 5480 1087 5547 διαλεχθεὶς,
1123 5480 1170 5530 οἳ
1194 5480 1283 5529 τὸν
1306 5477 1606 5546 πρακτικὸν
1639 5478 1914 5543 ἐζήλωσαν
1951 5478 2041 5525 καὶ
2080 5475 2327 5539 διεπόνη-

770 5567 870 5603 σαν
893 5545 1025 5616 βίον,
1055 5561 1159 5601 etc.
1195 5545 1390 5599 αὐτίκα
1425 5546 1663 5613 καὶπερὶ
1697 5545 1803 5593 τῶν
1822 5546 2051 5612 Θεωρίαν
2080 5547 2327 5616 ἀσπασα-

773 5615 1268 5687 μένων,ἁκολουθίᾳ
1285 5618 1379 5683 τῆς
1398 5616 1779 5685 πραγματείας
1797 5616 2056 5687 ἑπόμενος
2077 5615 2143 5663 τὰ
2160 5630 2327 5681 προσ-

769 5686 971 5757 ήκοντα
1011 5687 1165 5757 λέξω.
1224 5687 1437 5757 ὃυιιιίὶιλ
1463 5696 1580 5751 post
1620 5687 1775 5757 paulo
1828 5686 2057 5757 nominis
2089 5693 2323 5757 etyinou,

772 5751 913 5823 quod
950 5758 1022 5809 ita
1058 5756 1245 5809 Latine
1294 5755 1532 5807 redditur
1563 5771 1575 5805 :
1629 5752 1895 5805 Vocantur
1944 5755 2087 5802 enim
2117 5751 2325 5802 Thera-

774 5839 945 5897 peuta:
977 5826 1507 5894 Therapeutidesque
1538 5826 1658 5892 (hoc
1690 5832 1793 5883 est,
1828 5832 2105 5873 curatores
2140 5831 2191 5871 et
2228 5835 2324 5871 cu-

2422 4160 2667 4233 nutrices.
2700 4159 2821 4233 sive
2856 4161 3090 4213 ciiltores
3136 4172 3189 4233 et
3228 4163 3503 4233 cultrices)
3560 4179 3687 4217 vero
3735 4162 3991 4216 nomine:

2419 4229 2499 4280 vel
2540 4229 2663 4295 quia
2697 4232 3019 4295 proﬁtentur
3053 4232 3375 4284 medicinam
3417 4229 3994 4299 prmstantiorelnista,

2422 4314 2515 4362 per
2539 4300 2720 4349 omnia
2746 4302 2935 4363 oppida
2962 4300 3196 4367 vulgata.
3223 4300 3355 4353 Nam
3404 4304 3516 4355 haec
3566 4304 3813 4356 medetur
3868 4303 3997 4354 solis

2422 4369 2881 4433 corporibuszilla
2916 4382 2967 4422 et
3001 4372 3208 4421 animas
3236 4370 3429 4423 liberat
3454 4372 3657 4425 morbis
3709 4371 3994 4438 gravibus,

2422 4445 2475 4487 et
2501 4440 2773 4508 adversus
2794 4438 3028 4489 medelas
3058 4442 3489 4504 contumacibus,
3518 4456 3655 4508 quos
3682 4440 3996 4493 inllixeruut

2428 4506 2753 4571 voluptates,
2794 4508 3269 4573 concupiscentiae,
3326 4506 3561 4572 dolores,
3593 4512 3838 4574 timores,
3870 4526 3996 4561 ava-

2433 4576 2586 4633 ritiaa,
2634 4575 2979 4641 iusipientim,
3017 4577 3313 4640 injustitiae,
3352 4589 3404 4629 et
3442 4591 3652 4631 cazterie
3710 4582 3987 4645 perturba-

2434 4644 2625 4706 tiones,
2655 4645 3012 4710 vitiorumque
3050 4661 3241 4710 agmen
3279 4644 3719 4711 innumerabiles
3749 4649 3830 4700 vel
3871 4650 3993 4712 quia

2428 4714 2780 4765 didiceruuta
2814 4724 3027 4776 natura,
3056 4726 3109 4765 et
3138 4730 3166 4765 a
3222 4718 3395 4769 sacris
3447 4716 3677 4782 legibus,
3720 4717 3850 4782 illud
3890 4716 3997 4767 Ens

2428 4783 2628 4843 colere,
2670 4784 2814 4849 quod
2855 4793 2908 4834 et
2959 4784 3099 4835 bono
3142 4785 3353 4848 melius,
3392 4796 3448 4838 et
3481 4780 3585 4839 uno
3618 4780 3915 4839 sinceriuS.
3946 4796 3998 4835 i-t

2428 4852 2631 4902 unitate
2672 4852 2723 4902 in
2769 4854 3077 4918 generando
3116 4852 3394 4916 antiquius
3427 4864 3532 4908 est.

2501 4920 2759 4986 Σεμνεῖον
2790 4935 3002 4988 quoque
3027 4922 3169 4989 quid
3208 4920 3391 4986 fuerit,
3442 4938 3504 4974 ex
3561 4922 3747 4974 eodem
3804 4932 3997 4989 accipe

2427 4988 2649 5061 Philone
2682 4989 2799 5051 inf.,
2850 4989 3100 5061 :Edetq)
3155 4988 3209 5039 δὲ
3251 4991 3379 5061 [τῶν
3426 4990 3798 5059 Θεραπευτῶνι
3852 4988 4001 5043 ἔστιν

2424 5060 2631 5127 οἴκημα
2666 5061 2807 5126 ἱερὸν
2846 5058 2873 5109 ὃ
2899 5062 3140 5111 καλεῖται
3183 5058 3431 5127 σεμνείον
3482 5058 3576 5110 καὶ
3611 5070 3996 5127 μοναστηριυν,

2426 5129 2482 5177 ἐν
2506 5125 2549 5196 ᾧ
2588 5125 2905 5195 μονούμενοι
2938 5128 3005 5178 τὰ
3055 5127 3147 5178 τοῦ
3173 5125 3370 5196 σεμνοῦ
3426 5129 3537 5197 βίου
3596 5125 3871 5198 μυστήρια
3912 5144 3999 5178 τε-

2428 5200 2665 5257 ὶνοῦνται,
2701 5212 2794 5249 etc.
2850 5198 3041 5249 Latine
3088 5209 3265 5249 vertas
3300 5218 3311 5250 :
3350 5198 3824 5265 Tliei-apeutarum
3868 5213 3999 5248 vero

2426 5268 2655 5333 quilibet
2693 5268 2972 5320 :ediculam
3031 5266 3189 5319 habet
3220 5283 3455 5329 sacram,
3498 5284 3656 5334 quam
3697 5267 3996 5319 Semueion

2428 5354 2589 5403 atque
2643 5337 3030 5388 monasterium
3070 5349 3263 5387 vocant
3296 5343 3394 5388 :‘in
3437 5354 3540 5405 qua
3598 5338 3832 5391 solitarii
3898 5338 3996 5405 ip~i

2426 5408 2716 5459 severioris
2746 5409 2867 5457 vitae
2894 5407 3164 5471 mysteriis
3184 5419 3382 5458 navant
3412 5423 3629 5473 Operam
3663 5425 3675 5459 :
3732 5408 3867 5458 nihil
3898 5412 3999 5459 huc

2425 5477 2741 5539 inferentes,
2778 5492 2878 5527 nou
2913 5488 3117 5540 potum,
3146 5491 3250 5527 non
3283 5478 3483 5534 cibum.
3509 5491 3613 5528 nun
3648 5476 3791 5526 aliud
3814 5478 3880 5526 ail
3914 5492 4001 5527 ne-

2426 5547 2717 5599 ressariam
2776 5548 3019 5611 corporis
3081 5548 3526 5599 sustentationem
3564 5554 3820 5613 spectans
3857 5561 3872 5597 τ
3908 5548 3998 5596 sed

2429 5618 2595 5682 legem
2623 5615 2809 5672 solam.
2834 5624 2888 5665 et
2935 5615 3191 5667 divinitus
3240 5617 3382 5667 edita
3429 5618 3819 5682 pr0plietarum
3870 5630 3996 5667 ora-

2426 5692 2566 5746 cula,
2596 5700 2715 5735 cum
2760 5686 2994 5751 hymnis,
3025 5686 3346 5749 creterisque
3377 5688 3574 5751 quibus
3598 5694 3708 5737 tum
3741 5682 3997 5743 scientia,

2430 5767 2539 5807 tum
2575 5756 2746 5820 pietas
2774 5756 2959 5821 augeri
2990 5768 3051 5807 ac
3078 5754 3259 5819 perlici
3282 5755 3471 5821 possit.
