4224 6442
163 425 263 487 373
1180 415 1704 479 BIBIJOTHECA.
1733 437 1805 451 -
1838 414 2055 477 CODD.
2086 412 2393 476 CIII-CVI.
3321 402 3428 469 374.

165 540 447 610 ἐπιγραφὴ
503 556 524 591 ι
574 538 735 602 Γάϊος
767 536 1067 607 ψεγόμενος
1124 552 1143 584 ι
1188 536 1282 588 καὶ
1327 552 1347 585 ι
1405 532 1653 594 Φλάκκος
1711 531 1822 601 ἢΑ

1776 532 2073 597 Alumna,
2128 530 2374 599 aliusque
2427 526 2652 583 Flaccus
2702 527 3063 597 reprehensus.
3120 526 3324 592 Quibus
3370 525 3420 578 in

165 632 415 684 Φλάκκον
436 630 743 699 ψεγόμενος
762 646 778 661 ο
802 649 821 681 ι
854 631 912 682 ιν
941 622 1023 690 οἷς
1047 626 1227 695 λόγοις
1270 624 1471 693 μᾶλλον
1508 624 1617 677 τῶν
1646 624 1743 677 ἄλ-

1855 624 2010 677 libris
2066 622 2271 691 magis,
2333 635 2493 689 quam
2556 620 2610 674 in
2682 620 2838 684 aliis,
2886 619 3029 690 εει
3078 616 3291 673 dicendi
3345 618 3423 670 vis

165 722 271 775 λων
294 723 331 792 ἦ
376 739 439 775 τε
482 722 626 775 κατὰ
652 720 753 792 τὴν
787 720 1074 791 ῥητορείαν
1120 717 1280 789 ῥώμη
1315 717 1410 770 καὶ
1441 717 1501 769 τὺ
1556 714 1752 776 κάλλος

1854 717 1972 785 ejus
2013 729 2078 769 ac
2114 722 2371 769 venustas
2422 720 2662 782 apparet.
2719 712 2911 768 Peccat
2940 721 3120 765 tamen
3162 724 3266 763 non
3302 721 3425 762 raro

170 814 584 881 ἑπιφαίνεται¹¹
633 812 799 866 αὐτοῦ
828 812 938 865 τῶν
988 811 1182 878 λόγων.
1255 807 1665 879 Ἀμαρτάνειδδ
1695 809 1753 860 ὲν

1857 808 1989 863 ideis
2046 804 2513 867 transmutandis,
2566 804 2884 871 ueterisque
2930 816 2959 855 a
3005 800 3231 856 Judaica
3276 807 3425 852 secta

173 904 428 967 πολλοῖς,
482 904 627 967 ίδέας
678 921 738 957 τε
797 902 1182 970 ὑποτιθέμενος
1204 901 1272 964 δ’,
1328 902 1420 954 καὶ
1472 900 1587 954 ἀλλ’
1620 899 1755 953 ἄττα

1857 900 2047 954 alienis
2079 896 2472 953 describendis.
2516 896 2728 951 Floruit
2768 895 2883 951 Caii
2919 895 3149 949 Cursaris
3175 892 3430 959 tempori-

173 996 275 1063 τῆς
317 995 621 1065 Ἰουδαῖκῆς
648 995 967 1062 φιλοσοφίας
995 993 1250 1062 ἀλλότρια
1282 993 1752 1063 συγγραφόμενος.

1860 994 1987 1053 bus,
2019 990 2085 1044 ad
2113 1003 2270 1057 quem
2301 997 2354 1043 et
2386 1002 2483 1056 pro
2539 1003 2635 1043 sua
2676 995 2835 1054 gente
2880 985 3153 1056 (Hebraea)
3208 984 3431 1053 legatio-

186 1085 277 1137 ‘Ev
324 1084 383 1137 δὲ
436 1084 548 1146 τοῖς
586 1084 799 1153 χρόνοις
843 1083 1060 1151 ἤκμασε
1106 1081 1266 1134 Γαΐου
1298 1080 1391 1134 τοῦ
1442 1082 1753 1150 Καίσαρος,

1860 1096 1981 1135 nem
2006 1094 2064 1135 se
2094 1080 2393 1148 suscepisse
2414 1078 2623 1141 scribit.
2657 1086 2913 1147 regnante
2942 1079 2995 1131 in
3026 1074 3208 1129 Judzca
3237 1074 3431 1144 Agrip-

175 1177 310 1244 πρὸς
326 1174 389 1227 ὃν
420 1174 515 1226 καὶ
542 1174 682 1244 ὑπὲρ
707 1172 808 1225 τοῦ
830 1173 962 1224 ίδίου
981 1171 1167 1233 ἔθνους
1191 1172 1394 1240 γράφει
1421 1172 1758 1241 πρεσϐεῦσαι

1864 1186 1950 1241 pa.
2007 1170 2476 1225 Circumfcruntur
2531 1168 2772 1237 ejusdem
2839 1168 2946 1222 alia
3003 1181 3218 1237 quoque
3284 1166 3433 1218 varia

187 1268 472 1336 Ἀγρίππα
517 1265 619 1334 τῆς
690 1264 950 1327 ἰουδαίας
994 1262 1391 1332 βασιλεύοντος.
1431 1263 1659 1333 Φέρεται
1704 1263 1760 1316 δὲ

1860 1260 2116 1329 opuscula
2141 1260 2246 1330 (47
2268 1262 2319 1329 ),
2349 1260 2547 1329 quibus
2576 1257 2966 1326 disputationes
3016 1255 3130 1309 fere
3170 1255 3236 1309 de
3267 1254 3436 1307 mori-

178 1356 340 1410 αὐτοῦ
375 1356 549 1409 πολλὰ
592 1355 688 1410 καὶ
733 1354 951 1408 ποικίλα
984 1356 1367 1425 συντάγματα,
1407 1355 1632 1424 ¹Ιγθικοὺς
1660 1356 1750 1408 λό-

1864 1355 1963 1408 bus
2005 1352 2391 1418 continentur,
2444 1348 2763 1419 Veterisque
2796 1346 3129 1402 Testameuti
3176 1348 3436 1415 explana-

178 1466 308 1516 γους
341 1449 672 1519 περιέχοντα
702 1449 792 1501 καὶ
832 1450 931 1516 τῆς
965 1448 1207 1510 Παλαιᾶς
1261 1450 1655 1519 ὑπομνήματα,
1685 1451 1754 1504 τὰ

1866 1446 2040 1501 tiones
2070 1484 2086 1507 ,
2137 1443 2204 1498 ad
2260 1443 2570 1511 allegoriam
2620 1450 2682 1495 ut
2724 1439 3035 1509 lplutimum
3093 1438 3206 1505 ipsa
3258 1436 3436 1489 littera

180 1542 411 1593 πλεῖστα
466 1540 603 1609 πρὸς
638 1539 967 1609 ἀλληγορίαν
998 1540 1093 1592 τοῦ
1138 1542 1461 1610 γράμματος
1515 1540 1765 1603 ἐκδιαζό-

1865 1546 2067 1606 aptata.
2099 1535 2165 1590 Et
2196 1549 2323 1589 vero
2357 1536 2426 1589 ab
2454 1535 2557 1589 hoc
2588 1532 2823 1585 arbitror
2858 1530 2997 1601 (48)
3048 1542 3265 1582 omnem
3308 1526 3437 1580 alle-

183 1650 336 1703 μενα·
361 1631 426 1697 ἐξ
438 1628 522 1693 οὗ,
551 1629 726 1702 οἶμαι,
759 1634 853 1685 καὶ
870 1636 976 1694 πᾶς
997 1633 1025 1684 ὁ
1047 1634 1090 1664 ⁵³
1112 1634 1473 1702 ἀλληγορικὸς
1498 1637 1596 1702 τῆς
1623 1635 1764 1705 Γρα-

1867 1630 2106 1701 goricum
2163 1642 2332 1683 sacrm
2362 1625 2657 1693 Scriptura:
2690 1636 2993 1677 sermonem
3041 1621 3094 1673 in
3146 1618 3436 1673 Ecclesiam

186 1728 291 1794 φῆς
326 1727 390 1778 ὲν
421 1727 489 1795 τῇ
520 1725 817 1796 Ἐκκλησία
836 1725 992 1792 λόγος
1018 1726 1190 1797 ἀρχὴν
1208 1727 1363 1795 ἔσχεν
1385 1727 1432 1758 ⁵⁵
1458 1728 1761 1797 εἰσρυῆναι.

183 1819 419 1885 Λέγεται
444 1818 502 1871 δὲ
528 1818 691 1871 αὑτὸν
720 1818 901 1872 καὶτὰ
929 1818 1270 1887 Χριστιανῶν
1301 1818 1578 1888 μυηθέντα
1605 1819 1763 1873 ὓστε-

188 1928 274 1979 ρον
326 1909 540 1963 τούτων
571 1911 662 1964 διά
716 1929 835 1963 τινα
888 1911 1065 1981 λύπην
1126 1913 1219 1964 καὶ
1265 1912 1435 1981 ὀργὴν
1488 1913 1762 1967 ἐκπεσεῖν.

198 2001 359 2053 Ἀλλὰ
414 2002 682 2071 πρότερόν
713 2018 776 2069 γε
806 2002 966 2055 αὐτόν
998 2020 1184 2069 φασιν,
1235 2004 1328 2055 ἐπὶ
1368 2003 1636 2056 Κλαυδίου
1669 2006 1768 2071 τὴν

197 2092 420 2161 Ῥώμην
472 2093 870 2157 καταλαϐόντα,
936 2094 1125 2164 Πέτρῳ
1176 2094 1255 2163 τῷ
1318 2095 1599 2164 κορυφαίῳ
1660 2095 1770 2147 τῶν

186 2185 501 2237 ἀποστόλων
526 2187 766 2253 ἐντυχεῖν
796 2186 889 2238 καὶ
920 2185 1110 2253 φιλίως
1139 2185 1469 2255 διατεθῆναι,
1502 2187 1560 2252 ἐξ
1587 2178 1647 2239 οὗ
1678 2188 1770 2239 καὶ

186 2279 307 2339 τοὺς
343 2277 596 2346 μαθητὰς
613 2277 657 2307 ⁸³
700 2278 927 2347 Μάρκου
964 2277 1057 2330 τοῦ
1107 2277 1492 2345 εὐαγγελιστοῦ
1528 2279 1769 2347 (ἀκροα-

189 2370 279 2435 τὴς
327 2369 376 2421 δ’
438 2369 467 2421 ὁ
518 2370 742 2437 Μάρκος
794 2369 1039 2437 Πέτρου)
1081 2371 1302 2438 μνήμης
1345 2369 1439 2421 καὶ
1494 2370 1772 2438 εὐφημίας

191 2456 424 2521 ἀξιῶσαι
443 2472 459 2487 ο
496 2457 739 2519 ἐκείνους
768 2459 875 2526 γὰρ
920 2458 1100 2525 λέγειν
1137 2459 1299 2511 αὐτόν
1322 2457 1368 2489 ⁸⁸
1398 2476 1526 2526 φασι
1550 2459 1595 2489 ⁸⁷
1626 2460 1772 2528 παρὰ

205 2547 481 2609 Ἰουδαίοις
533 2549 1053 2617 πεφιλοσοφηκέναι.
1086 2543 1188 2602 Ὧν
1229 2552 1323 2603 καὶ
1355 2551 1454 2612 τὰς
1486 2550 1772 2619 διατριϐὰς

197 2640 542 2710 μοναστήριά
584 2658 643 2693 τε
692 2642 866 2705 καλεῖ,
923 2644 1015 2695 καί⁸
1063 2642 1157 2693 τὸν
1198 2642 1491 2711 ἀσκητικὸν
1537 2641 1772 2696 διανύειν

194 2733 392 2793 αὐτοὺς
427 2732 796 2799 ἁνακηρύττει
828 2733 959 2801 βίον,
990 2731 1217 2804 νηστείᾳ
1251 2736 1345 2787 καὶ
1375 2736 1655 2803 προσευχῇ
1684 2733 1776 2785 καὶ

194 2823 437 2892 ἁκτησίᾳ
465 2823 928 2892 προσανέχοντας.

266 2935 387 3005 {15!
431 2933 542 3005 ἢ]
576 2937 731 2987 Ἔστι
774 2936 831 2988 δὲ
872 2937 932 2988 τὸ
956 2935 1111 3001 γένος
1134 2934 1195 3001 εξ
1238 2935 1429 3006 ἱερέων
1465 2937 1777 3006 καταγόμε-

198 3042 305 3087 νος,
346 3025 735 3095 Ἀλεξανδρεὺς
758 3026 815 3077 δὲ
841 3026 938 3095 τὴν
963 3027 1220 3097 πατρίδα.
1249 3028 1514 3081 Τοσοῦτον
1541 3028 1583 3079 δ’
1616 3028 1780 3080 αὑτὸν

195 3118 308 3176 τοίς
341 3112 716 3183 Ἐλληνισταῐς
740 3119 1040 3185 παρασχεῖν
1059 3116 1245 3185 θαῦμα
1266 3117 1363 3186 τῆς
1384 3120 1439 3169 ἐν
1463 3122 1577 3181 τοῖς
1600 3119 1777 3185 λόγοις

1868 1734 2234 1789 promauasse.
2292 1716 2496 1771 Ferunt
2524 1714 2773 1769 eumdem
2806 1711 3130 1767 Christianis
3155 1710 3318 1763 etiam
3356 1722 3441 1760 sa-

1869 1814 1975 1866 cris
2000 1810 2267 1864 initiatum
2287 1848 2302 1872 ,
2340 1807 2407 1860 ab
2442 1806 2527 1860 his
2558 1806 2773 1858 tandem
2798 1804 2985 1857 dolore
3015 1802 3249 1872 quodam
3278 1810 3443 1869 atque

1870 1901 2149 1956 iracundia
2197 1898 2510 1953 descivisse.
2536 1894 2732 1949 Verum
2765 1904 2922 1948 antea
2950 1893 3176 1949 Claudio
3203 1893 3442 1962 Augusto

1871 1996 2168 2063 imperante
2195 1991 2341 2044 adita
2384 1990 2551 2042 Roma
2576 2028 2591 2052 ,
2626 1989 2680 2040 in
2720 1988 2936 2041 beatum
2970 1985 3190 2039 Petrum
3223 1991 3443 2052 aposto-

1869 2086 2040 2140 lorum
2090 2084 2387 2153 principem
2417 2079 2710 2142 iucidisse,
2763 2092 2932 2146 eoque
2973 2091 3128 2131 usum
3161 2074 3444 2129 familiari—

1872 2188 1993 2243 ter;
2031 2186 2195 2243 alque
2223 2174 2349 2227 hinc
2376 2174 2537 2226 etiam
2575 2170 2776 2224 factum
2812 2184 2954 2232 esse,
2993 2177 3053 2221 ut
3098 2177 3155 2222 et
3206 2166 3443 2234 discipu-

1871 2266 2040 2321 lorum
2062 2265 2204 2319 beati
2225 2263 2384 2317 Marci
2407 2262 2770 2332 evangelista,
2786 2260 2956 2314 sancti
2990 2257 3134 2315 Petri
3152 2256 3439 2317 auditoris,

1873 2360 2198 2413 mentionem
2255 2356 2732 2421 laudationemque
2784 2352 3045 2421 posuerit.
3129 2350 3238 2404 Hos
3297 2350 3441 2403 enim

1873 2451 2080 2523 (aiunt)
2110 2450 2247 2519 apud
2282 2446 2498 2502 Iudaeos
2528 2446 2959 2515 philosophicam
2990 2445 3211 2498 duxisse
3237 2444 3400 2500 uitam
3424 2481 3440 2503 ,

1873 2544 1976 2597 iste
2013 2548 2401 2597 commemorat
2444 2558 2457 2593 :
2504 2539 2695 2591 horum
2745 2536 3059 2600 domicilia,
3108 2535 3440 2590 monasueria

1875 2637 2133 2707 appellat.
2162 2636 2487 2700 eosdemque
2524 2631 2860 2685 meditationi
2891 2630 3128 2683 deditam
3178 2630 3341 2681 vitam
3370 2628 3444 2696 je-

1868 2728 2022 2797 junio
2044 2768 2057 2792 ,
2086 2737 2246 2795 atque
2272 2716 2812 2795 precatione'degere
2831 2761 2847 2787 ,
2872 2721 3003 2776 nihil
3035 2722 3249 2775 interim
3283 2736 3442 2789 Opum

1876 2820 2200 2890 possidendo
2216 2858 2231 2884 ,
2268 2818 2547 2888 przndicat.

1950 2932 2112 2986 Duxit
2144 2941 2322 2986 autem
2367 2930 2519 2983 Philo
2553 2942 2720 2999 genus
2761 2943 2789 2981 a
2824 2925 3230 2991 sacerdotibus,
3270 2923 3443 2995 patria

1877 3026 2311 3091 Alexandrinus,
2362 3033 2676 3093 tantamque
2721 3022 2821 3077 sibi
2864 3021 3002 3088 apud
3047 3018 3265 3073 Graecos
3307 3020 3442 3070 artis

1880 3119 2090 3174 dicendi
2115 3119 2305 3186 peritia
2339 3116 2710 3171 celebritatem
2739 3115 2975 3182 peperit,‘
3010 3121 3066 3163 ut
3100 3111 3257 3178 vulgo
3283 3110 3443 3163 etiam

198 3206 516 3272 δυνάμεως,
544 3204 619 3267 ὡς
647 3207 741 3259 καὶ
769 3207 944 3273 λέγειν
976 3206 1194 3269 αὐτούς’
1224 3226 1242 3258 ι
1265 3211 1334 3263 Ἦ
1368 3214 1586 3267 Πλάτων
1611 3216 1657 3247 ⁸⁸
1681 3234 1774 3281 φι-
1808 3220 1847 3275 C

1808 3220 1847 3275 c
1882 3223 2133 3263 sermone
2163 3210 2289 3263 illud
2338 3216 2693 3276 usurparetur
2728 3223 2742 3260 :
2772 3208 2875 3258 Aut
2921 3202 3073 3256 Plato
3121 3202 3443 3269 philtmizat,

200 3296 441 3359 λωνίζει,
468 3296 502 3365 ἢ
530 3297 705 3349 Φίλων
724 3297 1072 3361 πλατωνίζει.
1110 3316 1129 3351 ι

914 3413 1050 3479 Pq'.

426 3528 806 3597 Θεογνώστου
839 3527 1272 3595 Ἀλεξανδρέως
1305 3530 1476 3597 λόγοι
1499 3527 1570 3588 ζ’.

277 3642 410 3715 [280
464 3642 567 3714 R.]
631 3642 1071 3712 Ἀνεγνώσθησαν
1119 3640 1463 3709 Θεογνώστου
1540 3641 1786 3707 Ἀλεξαν-

204 3737 378 3805 δρέως
421 3734 569 3801 λόγοι
614 3735 752 3785 ὲπτά
778 3750 790 3764 ⁸
828 3728 888 3787 οὗ
919 3735 952 3803 ἡ
986 3723 1289 3804 ὲπῖγραφὴ,
1329 3754 1347 3785 ι
1377 3733 1484 3787 Τοῦ
1512 3736 1782 3804 μακαρίου

206 3827 560 3895 Θεογνώστου
602 3825 994 3897 Ἀλεξανδρέως
1043 3826 1139 3877 καὶ
1190 3824 1457 3894 ἐξηγητοῦ
1497 3825 1784 3877 ὑποτυπώ-

208 3934 345 3979 σεις.
389 3934 408 3967 ι
461 3916 549 3967 Ἐν
605 3916 703 3984 μὲν
746 3910 839 3967 οῦν
879 3915 954 3984 τῷ
994 3914 1197 3984 πρώτῳ
1245 3914 1385 3983 λόγῳ
1432 3915 1784 3985 διαλαμϐάνει

210 4008 343 4079 περὶ
367 4007 467 4059 τοῦ
498 4007 727 4077 Πατρὸς,
754 4008 851 4060 καί
876 4009 957 4059 ὅτι
983 4008 1100 4059 ἐστὶ
1126 4006 1453 4077 δημιουργὸς
1490 4006 1784 4077 ἐπιχειρῶν

210 4096 511 4155 δεικνύναι,
541 4096 635 4146 καὶ
668 4094 810 4147 κατὰ
832 4095 939 4146 τῶν
969 4094 1328 4146 ὑποτιθέντων
1363 4096 1626 4148 συναῒόιον
1653 4096 1785 4166 ὓλην

211 4187 289 4257 τῷ
315 4185 462 4255 Θεῷ.
505 4186 592 4238 Ἐν
616 4186 671 4238 δὲ
696 4184 773 4254 τῷ
797 4185 1031 4255 δευτέρῳ
1053 4186 1233 4254 τίθησι
1264 4187 1360 4255 μὲν
1382 4190 1787 4257 ἐπιχειρήματα

209 4275 276 4325 δι’
304 4269 384 4327 ὧν
413 4273 523 4325 δεῖν
550 4290 681 4343 φησι
707 4274 798 4325 τὸν
832 4273 1047 4341 Πατέρα
1080 4273 1222 4344 ἔχειν
1253 4276 1403 4337 Υίὸν,
1447 4277 1573 4328 Υίὸν
1607 4277 1663 4329 δὲ
1701 4277 1787 4329 λέ-

212 4382 324 4430 γων
349 4366 559 4430 κτίσμα
584 4365 742 4417 αὑτὸν
769 4367 1077 4432 ἀποφαίνει,
1112 4369 1205 4417 καὶ
1231 4368 1337 4419 τῶν
1361 4367 1589 4435 λογικῶν
1627 4370 1788 4437 μόνον

1883 3310 1975 3356 aut
2006 3300 2160 3355 Philo
2186 3298 2484 3370 platonizat
2512 3297 2616 3366 (49
2640 3298 2679 3366 ).

2598 3409 2732 3467 CVI.

1938 3527 2248 3597 Theognoati
2286 3526 2638 3581 Alexandrini
2688 3525 2734 3578 Η
2742 3535 3095 3595 ypotyposeon
3127 3524 3248 3578 libri
3276 3539 3374 3577 vn.

1967 3634 2115 3689 Lecti
2146 3644 2273 3689 sunt
2298 3633 2624 3703 Theognosti
2661 3633 3007 3689 Alexandrini
3042 3633 3164 3687 libri
3204 3645 3406 3702 septem
3434 3671 3448 3693 .

1885 3725 2361 3792 hac-inscriptione
2389 3741 2403 3777 :
2427 3741 2445 3773 ι
2477 3722 2621 3776 Beati
2654 3720 2983 3792 Theognosti
3003 3720 3376 3784 Alexandrini,
3396 3732 3452 3774 et

1882 3831 2157 3870 sacrorum
2183 3814 2465 3869 Librorum
2499 3815 2805 3882 interpretis
2826 3812 3205 3883 Hypotyposes.
3232 3831 3251 3865 ι
3270 3810 3450 3866 Primo

1884 3908 2022 3961 libro
2052 3908 2117 3960 de
2154 3905 2311 3959 Patre
2349 3906 2495 3973 agit,
2532 3920 2765 3974 eumque.
2820 3919 2939 3958 esse
2984 3920 3160 3957 rerum
3205 3904 3451 3973 Opiﬁcem

1885 3999 2170 4052 ostendere
2225 3998 2413 4050 nititur
2458 4015 2469 4050 :
2516 3998 2678 4052 etiam
2728 4008 2911 4053 contra
2953 4012 3077 4058 cos,
3135 3997 3225 4066 qui
3279 4005 3455 4049 mnte-

1894 4091 2026 4145 riam
2053 4089 2194 4160 (50)
2226 4090 2335 4143 Deo
2365 4100 2689 4144 coaeternam
2723 4089 2947 4143 faciunt.
3000 4089 3164 4144 Libro
3194 4104 3320 4141 vero
3366 4104 3454 4141 se-

1893 4184 2067 4237 cundo
2112 4191 2427 4248 argumenta
2474 4181 2688 4247 quidem
2741 4182 2926 4249 ponit,
2979 4182 3175 4250 quibus
3214 4179 3346 4234 eﬂici
3382 4181 3457 4235 ait

1895 4273 2200 4327 necessario
2247 4271 2461 4325 Patrem
2515 4271 2715 4324 habere
2743 4270 2958 4328 Filimn.
2999 4272 3067 4325 At
3104 4286 3226 4325 cum
3261 4269 3454 4323 Filium

1895 4364 2052 4428 dicit,
2115 4372 2419 4417 creaturam
2466 4376 2583 4415 esse
2624 4362 2797 4429 ipsum
2841 4361 3229 4425 demonstrat,
3265 4370 3319 4415 et
3370 4377 3458 4413 ra-

212 4457 552 4519 ἐπιστατεῖν,
598 4457 689 4508 καὶ
730 4456 845 4509 ἀλλ’
896 4458 1064 4523 ἄττα,
1096 4457 1282 4529 ῶσπερ
1330 4459 1628 4529 Ὠριγένης,
1660 4462 1775 4512 ὲπι-
1813 4470 1865 4528 D

1813 4470 1865 4528 ι)
1893 4456 2039 4510 tione
2066 4455 2305 4522 praeditis
2352 4462 2557 4510 tantum
2612 4468 2862 4523 praeesse.
2914 4454 2989 4507 Ac
3018 4455 3167 4523 plura
3208 4454 3258 4508 id
3290 4468 3456 4523 genus

1480 4617 1714 4671 VARI/E
1767 4616 2171 4673 LECTIONES.

283 4732 327 4763 ⁸⁸
362 4731 615 4794 φαίνεται
652 4750 710 4795 ς’.

216 4800 398 4869 θητῶν
421 4817 482 4863 ς’.
561 4802 607 4831 ⁸⁸
632 4802 792 4854 αὐτόν
821 4807 943 4857 add.
972 4800 1037 4859 Ᾱ.
1129 4800 1172 4836 ⁸⁷⁷
1209 4825 1337 4873 φασι
1376 4824 1511 4877 mg.:
1547 4827 1678 4878 φησι
1711 4827 1769 4873 ς.

808 4736 853 4764 ⁸⁸
877 4735 1326 4808 ὑπερτιθέμενος,
1401 4740 1447 4770 ³³
1478 4741 1504 4790 ὁ
1532 4755 1639 4791 om.
1666 4742 1730 4792 Α.
1808 4739 1854 4770 ⁵⁸
1883 4739 2042 4808 ἔσχεν
2078 4740 2251 4808 ἀρχήν
2282 4757 2341 4802 ς.

1849 4810 1893 4840 ⁸⁸
1926 4806 1996 4863 cl.
2025 4806 2183 4862 Suid.
2209 4806 2314 4861 vol.
2344 4810 2393 4870 l,
2428 4826 2476 4876 p.
2508 4810 2593 4872 ll,
2634 4806 2717 4862 ll).

2417 4740 2461 4771 ⁸⁸
2487 4739 2611 4813 τρῦς
2641 4739 2915 4813 -μαθτετάς
2938 4756 3079 4795 corr.
3112 4741 3179 4807 Α,
3201 4743 3309 4795 τῶν
3348 4762 3452 4813 μα-

1721 4941 1959 4999 ΝΟΤᾸΕ.

295 5052 439 5123 (47)
500 5053 819 5120 lnnumera,
865 5058 1038 5127 inquit
1082 5061 1141 5114 Β.
1176 5061 1483 5132 llieronym.
1544 5061 1777 5127 Suidas,

581 5194 880 5279 Origenem
899 5208 954 5250 et
982 5197 1239 5279 erillum
1270 5203 1679 5279 Alexandr._ut__
1702 5204 1787 5257 in-

222 5276 306 5318 ter
354 5262 581 5317 Latinos
649 5262 711 5320 BL
766 5262 1081 5324 Ambrosius
1158 5274 1416 5341 pleraque
1477 5292 1507 5327 a
1563 5272 1789 5328 Philone

222 5345 507 5389 mutuatus
534 5344 636 5388 est.

291 5404 408 5478 (βίῃ
442 5404 932 5478 BeatumPetrum
976 5410 1277 5478 apostolum
1311 5413 1604 5466 innotuisse
1660 5411 1788 5466 Phi-

219 5473 331 5527 loni
368 5474 631 5528 Eusebius
666 5476 759 5529 lib.
796 5490 833 5528 ll
879 5473 1026 5533 Hist.
1061 5482 1184 5535 eccl.
1215 5492 1397 5534 narrat
1424 5499 1436 5533 :
1461 5484 1667 5535 Φίλωνα
1696 5484 1785 5534 λό⁴

220 5560 315 5621 γᾳος
347 5545 629 5621 ξχὲ-κατὰ
658 5545 922 5621 Κλαύδιον
950 5549 1042 5621 ἐπὶ
1073 5552 1172 5620 τῆς
1200 5551 1415 5621 Ῥώμης
1452 5556 1529 5615 εἰς
1572 5553 1785 5617 ὁμιλίαν

220 5613 399 5667 ἐλθεῖν
414 5615 457 5665 Π
465 5615 607 5691 έτρῳ
625 5619 738 5679 τοῖς
762 5618 937 5691 ἐκεῖσε
951 5619 1070 5672 τότε
1088 5613 1427 5691 κηρύττοντι.
1447 5613 1579 5676 Tum
1602 5613 1786 5676 beatus

221 5698 441 5757 quoque
473 5683 835 5757 Hieronymus
868 5690 917 5740 in
946 5683 1237 5757 Catalog'o:
1270 5693 1434 5746 Aiunt
1461 5695 1620 5757 hunc,
1662 5709 1781 5746 cum

226 5755 461 5806 secunda
501 5754 616 5808 vice
650 5754 885 5810 venisset
913 5761 977 5811 ad
1006 5754 1284 5813 Claudium
1315 5762 1366 5814 in
1414 5754 1615 5814 cadem
1654 5764 1783 5815 urbe

228 5821 463 5895 lituum}
494 5824 729 5879 locutum
764 5841 881 5882 esse
907 5845 1026 5882 cum
1069 5831 1307 5900 apostolo
1341 5831 1496 5887 Petro
1517 5875 1529 5893 .
1560 5832 1782 5900 cjusuue

1892 5065 2141 5139 habuisse
2168 5066 2459 5139 amicitiam
2492 5076 2577 5119 :et
2592 5066 2665 5139 ob
2694 5066 2833 5139 hanc
2856 5082 3077 5139 causam
3108 5069 3271 5120 etiam
3307 5065 3451 5121 Mav-

1893 5138 1965 5198 ci,
2003 5136 2247 5203 discipuli
2283 5134 2447 5198 Petri,
2502 5138 2639 5203 apud
2696 5134 3077 5190 Alexandriam
3160 5145 3456 5190 sectatores

1886 5220 2114 5258 ornasse
2166 5206 2433 5258 laudibus.
2483 5205 2610 5270 Quae
2660 5207 2876 5259 totidem
2917 5206 3092 5259 verbis
3128 5204 3356 5268 Suidas,
3387 5222 3450 5260 ex

1888 5274 2199 5343 Hieronymi
2237 5282 2598 5342 tuetaphraste
2626 5274 2929 5343 Soplirouio
2960 5275 3210 5343 fortasse,
3243 5276 3452 5329 descri-

1885 5346 1992 5414 psit
2023 5364 2055 5415 εγ
2082 5340 2312 5412 Ᾰέγουσι
2358 5340 2562 5407 τοῦτον,
2615 5340 2715 5415 ὅτε
2745 5344 2815 5415 τὸί
2843 5346 3091 5415 δεύτερον
3145 5340 3274 5415 ἦλθε
3319 5346 3454 5414 πρὸς

1887 5414 2150 5466 Κλαύδιον
2182 5418 2238 5467 ὲν
2264 5418 2328 5484 τῇ
2360 5416 2492 5485 αύτῇ
2518 5414 2667 5467 πόλει
2691 5414 2955 5485 [⁹Ρώμῃ],
2983 5416 3323 5484 διαλεχθῆναι
3373 5415 3452 5481 τῷ

1886 5485 2024 5553 ἁγίῳ
2074 5486 2354 5553 ἀποστόλῳ
2386 5486 2595 5553 Πέτρῳ,
2635 5485 2728 5537 καὶ
2775 5486 2965 5536 τούτου
3030 5485 3318 5553 ἐσχηκέναι
3364 5502 3453 5550 φι-

1892 5555 2030 5617 λίαν,
2056 5555 2148 5607 καὶ
2180 5555 2266 5607 διὰ
2285 5554 2442 5607 τοῦτο
2466 5556 2590 5614 τοὺς
2618 5554 2948 5614 σπουδαστὰς
2973 5555 3222 5622 Μάρκου,
3262 5553 3451 5621 μαθη-

1889 5624 1983 5675 τοῦ
2020 5626 2246 5694 Πέτρου,
2269 5627 2327 5677 ὲν
2358 5624 2731 5694 Ἀλεξανδρείᾳ
2755 5625 2907 5676 ἔπεσι
2937 5624 3359 5693 κεκοσμηκέναι.

1954 5695 2085 5764 (50)
2124 5691 2195 5749 Ut
2228 5695 2527 5764 philosophi
2566 5691 2784 5762 quidam
2823 5705 3064 5757 veteres,
3112 5691 3316 5759 etpost
3356 5691 3447 5764 Sv-

1894 5765 2115 5817 leuciaui
2169 5766 2280 5817 sive
2336 5763 2645 5828 Hermiaui,
2706 5765 2771 5817 de
2829 5765 3023 5833 quibus
3083 5766 3308 5832 August.
3370 5763 3445 5820 Us

1888 5833 2119 5888 ltwresib.
2161 5849 2274 5901 cap.
2306 5834 2392 5889 59.
