4224 6442
734 432 841 496 375
1892 421 2154 480 ΡΗΟΤΙΙ
2194 418 2704 481 ΡΑΤΒΙΑΙιΕΗίΕ
2733 419 2840 477 CP.

738 550 880 612 alia,
922 560 1026 601 una
1078 560 1201 598 cum
1254 541 1490 610 Origene
1538 541 1677 594 Filio
1715 540 1941 594 ascribit
1970 539 2146 609 (5|),
2204 538 2374 597 siveA

2438 539 2577 606 ρέρει
2598 540 2641 571 ⁸⁸
2672 538 2749 605 τῷ
2780 535 2911 603 Υἱῷ,
2946 534 3055 587 εἴτε
3084 532 3285 602 ὁμοίως
3311 530 3505 600 ἐκείνῳ
3520 528 3808 596 δυσσεϐεία
3830 528 4003 579 ἑαλω-

737 645 926 697 σοιιιίειιι
957 640 1237 710 impietate
1269 640 1497 699 ductus;
1550 636 1695 698 sive,
1749 646 1805 687 ut
1830 636 1955 702 quis
1979 634 2211 695 dixerit,
2249 633 2316 686 il-

2438 630 2569 693 ιὼς,
2624 630 2733 682 εἴτε
2782 628 2888 696 (ὡς
2927 627 3059 680 ἄνη
3115 641 3200 686 τις
3258 622 3432 690 ετποι)
3468 620 3862 688 ἐκϐιασάμενος
3900 617 4007 685 τὴν

741 737 845 788 lius
879 731 1199 788 defendendi
1234 731 1443 792 studio,
1473 728 1881 783 exercitationis
1907 727 2095 781 isthzec
2120 726 2316 794 gratia,

2438 725 2564 793 ὅπερ
2614 721 2779 774 αὑτοῦ
2833 719 3153 784 ἀπολογίαν,
3186 718 3244 769 ὲν
3289 711 3598 783 γυμνασίας
3639 711 3785 778 λόγῳ
3818 708 3915 760 καὶ
3942 706 4007 758 ού

740 836 794 880 et
826 839 930 877 non
962 839 1025 877 ex
1060 837 1154 876 sua
1182 819 1449 874 sententia
1483 831 1793 888 preponens
1814 857 1827 879 ,
1883 819 1998 869 sive
2033 831 2062 869 a
2088 815 2323 869 veritate

2438 816 2580 883 Ξόξης
2601 814 2777 867 ταῦτα
2812 828 2917 881 προ
2929 811 3108 874 τιθεὶς,
3135 808 3168 877 ἢ
3196 808 3291 860 καὶ
3321 806 3456 873 πρὸς
3483 804 3582 874 τὴν
3614 802 3707 854 τοῦ
3731 796 4008 871 ἀκροατοῦ

745 914 991 969 nonnihil
1063 910 1255 965 abduci
1315 910 1503 963 sinens
1547 949 1563 974 ,
1617 906 1686 961 ob
1737 904 2161 960 imbecillitatem
2227 917 2322 957 ca-

2438 908 2537 971 ίξιν
2582 906 2678 959 καὶ
2731 903 3037 961 ἀσθένειαν,
3088 899 3335 969 ὰμυήτου
3384 894 3692 956 παντελῶς,
3724 893 3773 945 εἰ
3821 890 4010 958 τύχοι,

747 1021 1004 1081 ptumque
1027 1008 1313 1069 auditoris,
1331 1005 1420 1074 qui
1441 1004 1583 1057 nulla
1599 1002 1829 1057 fortasse
1855 1001 1975 1053 ildei
2000 998 2325 1054 Christiana:

2438 998 2579 1059 Βντος
2637 995 2734 1049 τοῦ
2782 996 2893 1047 τῶν
2942 990 3285 1061 Χριστιανῶν
3335 986 3594 1055 θειασμοῦ
3644 986 3739 1037 καὶ
3787 984 3863 1051 μὴ
3920 980 4014 1032 δυ-

748 1103 1056 1173 cognitione
1100 1101 1370 1163 imbutus,
1418 1096 1569 1166 87a
1600 1095 1777 1149 minus
1837 1101 2049 1161 poterat
2098 1104 2326 1143 accura-

2438 1093 2664 1163 ναμένου
2689 1089 2947 1155 δέξασθαι
2978 1088 3076 1156 τὴν
3092 1087 3191 1155 τῆς
3221 1082 3517 1153 θρησκείας
3541 1078 3850 1152 exp-162mm
3877 1077 4014 1127 ὐπο-

753 1196 946 1250 tiorem
996 1193 1063 1248 de
1104 1193 1369 1263 religione
1400 1191 1765 1260 cognitionem
1798 1185 2109 1246 admittere,
2150 1192 2208 1236 ut
2239 1180 2328 1235 Fi-

2438 1174 2870 1254 κατασττώμενος
2923 1184 3021 1250 τῆς
3052 1180 3332 1249 ἀληθείας,
3390 1176 3487 1228 καὶ
3528 1173 3627 1242 τὴν
3654 1170 4015 1238 ὁπωσδήποτε

752 1291 811 1344 lii
859 1300 1145 1358 propterea
1185 1286 1625 1357 qualemcunque
1675 1280 2040 1349 cognitionem
2094 1274 2327 1328 auditori

2438 1281 2631 1350 γνῶσιν
2668 1278 2935 1345 Υἱοῦ·τῆς
2966 1272 3267 1334 παντελοῦς
3302 1268 3560 1339 ἀνηκοΐας
3604 1266 3701 1319 καὶ
3738 1260 4018 1328 ἀγνωσίας

754 1381 1026 1434 utiliorem
1090 1375 1420 1434 existimarit
1474 1390 1625 1438 esse,
1675 1387 1836 1440 quam
1866 1372 1910 1423 si
1954 1368 2175 1422 omnino
2231 1378 2331 1417 nee

2438 1349 2885 1437 λυσιτελεστέραν
2943 1364 3183 1434 νομίζων
3232 1357 3373 1413 εἶναι
3410 1357 3454 1389 ⁶¹
3503 1354 3583 1423 τῷ
3633 1354 3677 1384 ⁸³
3745 1349 4017 1419 ἀκροατῇ.

756 1474 971 1541 agnitus
998 1473 1086 1527 ille
1110 1471 1217 1536 sit,
1250 1485 1350 1524 nec
1393 1469 1630 1523 auditus.
1668 1462 1867 1520 Verum
1915 1472 1973 1513 ut
2006 1460 2241 1514 maxime
2280 1459 2332 1511 in

756 1570 1122 1636 disputatione
1151 1568 1253 1621 hoc
1274 1578 1432 1636 pacto
1470 1574 1669 1617 rectam
1688 1559 2012 1616 sententiam
2037 1558 2333 1619 declinare,

759 1662 827 1715 ab
860 1675 1033 1729 eaque
1071 1662 1325 1715 recedere
1356 1674 1461 1711 non
1491 1656 1715 1709 omnino
1737 1652 2028 1707 absurdum
2050 1688 2065 1713 ,
2108 1658 2200 1702 aut
2247 1664 2336 1701 re-

758 1752 1129 1821 prehensione
1177 1751 1399 1819 dignum
1448 1748 1696 1800 videatur
1731 1762 1746 1799 :
1777 1743 1939 1813 (nam
1977 1741 2049 1794 ibi
2083 1740 2339 1808 pleraque

760 1847 877 1913 ejus
904 1885 920 1910 ,
944 1845 1037 1915 qui
1078 1854 1265 1899 contra
1315 1842 1550 1910 disputat
1579 1880 1595 1904 ,
1639 1836 1906 1893 sententia
1957 1844 2011 1887 et
2043 1832 2301 1902 opinione
2324 1872 2338 1895 ,

762 1952 826 1991 ac
858 1935 1014 2005 quasi
1044 1935 1094 1989 vi
1129 1933 1319 2004 fiunt).
1366 1930 1422 1985 In
1458 1933 1659 1998 scripta
1694 1939 1873 1981 tamen
1905 1924 2188 1986 oratione,
2223 1936 2344 1991 quae

764 2028 898 2095 legis
926 2027 1097 2081 instar
1125 2025 1377 2080 omnibus
1410 2024 1461 2075 in
1501 2020 1772 2075 communi
1804 2018 2150 2086 preponenda
2182 2015 2273 2080 sit,
2300 2013 2345 2067 si
2376 2037 2395 2062 ιι

764 2119 889 2187 quis
941 2118 1081 2171 hanc
1112 2117 1195 2169 sui
1258 2112 1523 2184 purgandi
1566 2125 1764 2174 causa,
1823 2105 2169 2177 blasphemia:
2211 2118 2346 2158 eon-

764 2211 982 2277 scripta:
1012 2205 1382 2261 defensionem
1412 2202 1632 2267 all'erat,
1666 2201 1712 2255 is
1745 2214 1875 2255 sane
1910 2198 1976 2251 ad
2016 2195 2345 2250 imbecillum

766 2300 1040 2368 confugiet
1068 2298 1454 2367 patrocinium.
1487 2294 1606 2348 Jam
1637 2302 1697 2348 ut
1724 2292 1961 2348 secundo
1990 2291 2152 2353 libro,
2188 2288 2263 2342 ita
2295 2298 2349 2343 et

767 2394 965 2456 tertio,
1023 2395 1089 2447 de
1114 2392 1320 2463 Spiritu
1364 2399 1558 2445 sancto
1591 2398 1858 2442 tractans.
1892 2392 2208 2454 argumenta
2232 2382 2352 2451 qui-

768 2489 889 2542 dem
926 2486 1177 2550 adhibet,
1218 2484 1415 2553 quibus
1447 2480 1708 2551 Spiritum
1753 2486 1999 2532 sanctum
2032 2488 2154 2529 esse
2192 2488 2353 2528 cona-

773 2590 861 2632 tur
893 2581 1217 2641 ostendere;
1248 2591 1434 2629 verum
1464 2582 1660 2627 cetera
1683 2613 1697 2637 ,
1745 2570 1813 2625 ad
1845 2568 2058 2622 modum
2100 2565 2353 2635 Origenis

772 2670 909 2725 lihro
948 2670 1025 2724 De
1076 2667 1388 2737 principiis,
1443 2667 1631 2731 etiatn_
1681 2664 1767 2718 hic
1826 2660 2077 2730 nugando
2137 2659 2353 2713 delirat.

771 2765 977 2828 Quarto
1018 2762 1138 2815 dein
1185 2759 1321 2815 libro
1353 2757 1418 2811 de
1462 2756 1663 2827 augetis
1710 2764 1756 2807 et
1812 2752 2137 2806 dwmonibus
2174 2750 2354 2804 inania

773 2868 965 2923 a-que,
1004 2862 1061 2903 ut
1094 2851 1221 2913 Ille,
1276 2848 1574 2917 jactitans,
1621 2844 1788 2899 exilia
1830 2842 1961 2912 ipsis
1994 2854 2220 2910 corpora
2271 2846 2356 2893 itt-

776 2946 945 2998 ducit.
978 2943 1178 3008 Quinto
1237 2953 1370 2993 vero
1422 2947 1477 2991 et
1523 2947 1681 2991 sexto
1737 2944 2042 3004 pertractat
2101 2945 2159 2987 ut
2218 2932 2358 2986 Deus

777 3036 1053 3090 hominem
1115 3032 1374 3093 induerit,
1420 3040 1704 3097 tentatque
1758 3042 1858 3081 suo
1932 3040 2080 3079 more
2136 3027 2359 3077 demon-

779 3139 956 3181 strare
999 3124 1428 3179 incarnationem
1476 3120 1596 3174 Filii
1652 3120 1765 3172 fieri
1800 3119 2059 3187 potuisse.
2103 3114 2269 3169 Multa
2309 3124 2362 3168 et

2450 1463 2608 1515 Ἀλλὰ
2638 1460 2872 1525 διαλέξει
2898 1458 2996 1529 μὲν
3022 1461 3054 1527 ἡ
3087 1453 3312 1522 τοιαύτη
3339 1448 3591 1517 καταφυὴ
3610 1445 3705 1497 τοῦ
3741 1443 3814 1511 μὴ
3835 1441 4021 1506 λέγειν

2438 1556 2614 1626 ὀρθῶς
2653 1556 2747 1606 καὶ
2785 1552 3132 1621 ἀναχώρησις
3169 1547 3269 1599 οὐκ
3292 1546 3356 1597 ἂν
3386 1544 3646 1600 ἀπίθανος
3674 1535 3798 1588 οὐδὲ
3846 1532 4022 1600 ψόγου

2440 1625 2673 1719 ὲγομένη
2702 1646 2829 1715 δόξῃ
2860 1645 2905 1675 ⁸³
2925 1659 2940 1673 ⁸
2974 1643 3043 1695 τὰ
3072 1639 3243 1693 πολλὰ
3276 1640 3384 1706 γὰρ
3416 1638 3482 1705 τῇ
3510 1630 3602 1685 τοῦ
3632 1625 4023 1699 προσδιαλεγοο

2446 1717 2605 1811 μένου
2637 1737 2833 1808 γνώμῃ
2863 1736 2961 1789 καὶ
2989 1734 3114 1803 δόξῃ
3148 1732 3244 1783 καὶ
3278 1729 3421 1797 ἰσχύϊ
3454 1723 3849 1790 διαπράττεται
3880 1734 3894 1746 ·
3926 1717 4021 1781 ἑγ-

2445 1808 2657 1905 γράφου
2698 1830 2756 1883 δὲ
2813 1829 2974 1895 λόγου
3023 1830 3117 1879 καὶ
3151 1823 3330 1876 κοινοῦ
3378 1816 3699 1890 προκεῖσθαι
3738 1808 4025 1881 μέλλοντος

2448 1901 2617 1981 άπασι
2651 1926 2816 1993 νόμου
2855 1922 2920 1981 ⁸⁸.
2954 1918 3008 1972 εῐ
3028 1936 3111 1981 τις
3136 1918 3233 1985 τῆς
3266 1918 3323 1969 ὲν
3365 1912 3514 1981 αὐτῷ
3549 1903 3893 1979 βλασφημίας
3926 1901 4027 1967 τὴν

2447 2017 2856 2090 προειρημένην
2885 2015 2963 2075 είς
2994 2010 3244 2064 άθώωσιν
3278 2008 3530 2075 ἐπιφέρει
3570 1997 3889 2064 ἀπολογίαν,
3946 1992 4028 2051 εἰς

2448 2086 2648 2179 άσθενῆ
2673 2106 2985 2176 κατέδραμε
3009 2100 3360 2172 συνηγορίαν.
3396 2099 3610 2165 Ὠσπερ
3638 2092 3695 2144 δὲ
3724 2092 3781 2141 ὲν
3798 2087 3877 2157 τῷ
3906 2086 4029 2137 δευ-

2448 2204 2613 2274 τέρῳ,
2640 2178 2787 2253 οὓτω
2818 2198 2915 2251 καλ⁵
2969 2198 3027 2249 ὲν
3080 2194 3157 2264 τῷ
3193 2192 3360 2263 τρίτῳ
3385 2190 3529 2257 λόγῳ
3580 2185 3709 2254 περὶ
3744 2180 3839 2235 τοῦ
3869 2178 4030 2244 ἁγίου

2451 2296 2768 2365 Ιινεύματος
2800 2289 3181 2360 διαλαμϐάνων
3226 2285 3409 2353 τίθησι
3448 2281 3546 2351 μὲν
3585 2276 4020 2345 ἐπιχειρήματα,

2450 2391 2549 2457 τὴν
2607 2387 2700 2440 τοῦ
2746 2382 3011 2450 παναγίου
3064 2379 3382 2447 [Ινεύματος
3411 2372 3645 2443 ὓπαρξιν
3683 2366 3953 2420 δεικνύειν
3984 2363 4031 2393 ⁶⁸

2452 2456 2926 2551 ἀποπειρώμενος,
2957 2475 3026 2529 τά
3054 2475 3100 2527 δ’
3129 2472 3285 2535 ἄλλα,
3336 2469 3524 2534 ὥσπερ
3556 2462 3836 2533 Ὠριγένηε
3865 2461 3925 2510 ἐν
3954 2456 4034 2522 τῷ

2455 2576 2593 2644 Περὶ
2626 2550 2848 2641 ἀρχῶν,
2866 2569 3010 2622 οὓτω
3029 2568 3122 2621 καὶ
3152 2565 3313 2625 αὐτὸς
3336 2559 3571 2616 ἐνταῦθα
3598 2554 3927 2623 παρα).ηρεῖ.
3946 2550 4035 2602 Ὲν

2454 2642 2613 2737 δὲ
2654 2665 2900 2734 τετάρτῳ
2959 2659 3088 2731 περὶ
3128 2655 3375 2723 ἀγγέλων
3409 2650 3504 2703 καὶ
3540 2647 3808 2714 δαιμόνων
3832 2642 4036 2709 ὁμοίως

2457 2763 2651 2829 ἐκείνῳ
2682 2756 2957 2823 κενολογεῖ
2994 2753 3062 2816 ⁸⁸,
3102 2752 3197 2803 καὶ
3256 2745 3488 2814 σώματα
3519 2742 3699 2800 αὐτοῖς
3722 2733 3902 2788 λεπτὰ
3925 2735 4036 2799 άμ-

2460 2857 2758 2923 ιριέννυσιν.
2823 2846 2913 2897 Ἐν
2944 2844 2999 2895 δὲ
3060 2839 3138 2908 τῷ
3184 2839 3418 2905 πέμπτῳ
3457 2831 3552 2885 καλ⁸
3599 2829 3743 2895 ἕκτῳ
3782 2820 4033 2890 περὶτῆς

2462 2916 2929 3012 ένανθρωπήσεως
2961 2934 3053 2986 τοῦ
3114 2930 3367 2997 Σωτῆρος
3417 2920 3800 2990 διαλαμϐάνων
3829 2916 3872 2946 ⁸⁷
3912 2916 4032 2962 ὲπι-

2461 3036 2634 3105 χειρεῖ
2673 3032 2791 3101 μὲν,
2817 3028 2890 3089 ὡς
2918 3026 3037 3086 ἔθος
3077 3020 3246 3089 αὐτῷ,
3285 3016 3519 3083 δυνατὴν
3538 3009 3677 3065 εἷναι
3698 3004 4037 3060 δεικνύναιεδ

2463 3102 2560 3195 τὴν
2586 3120 3002 3189 ὲνανθρώπησιν
3028 3113 3122 3166 τοῦ
3153 3109 3306 3173 Υἱοῦ,
3333 3106 3503 3161 πολλὰ
3521 3104 3578 3157 δὲ
3601 3105 3659 3155 ὲν
3688 3102 3869 3160 αὐτοῖς
3898 3113 4041 3151 κενο-

780 3220 868 3273 hic
898 3230 1155 3283 nugatur,
1189 3215 1533 3283 maximeque
1556 3212 1684 3266 dum
1718 3209 1848 3262 illud
1881 3223 2127 3263 asserere
2157 3207 2357 3269 audet,

2467 3216 2776 3288 cpwvsi.xa.l
2826 3214 3061 3283 μάλιστα
3122 3210 3249 3261 ὅταν
3298 3202 3581 3271 ἀποτολμᾷ
3630 3198 3813 3265 λέγειν
3839 3197 3923 3247 ὅτι
3951 3192 4043 3244 τὸν

782 3310 1172 3377 imaginatione
1206 3307 1425 3377 quidem
1454 3317 1640 3359 nostra
1666 3302 1862 3355 Filium
1896 3301 2019 3356 aliis
2047 3311 2211 3367 atque
2242 3299 2363 3353 aliis

783 3404 915 3458 locis
942 3399 1350 3461 circumscribi,
1400 3413 1458 3451 re
1491 3406 1668 3450 tamen
1722 3404 1884 3462 atque
1924 3403 2045 3446 actu
2097 3394 2214 3460 ipso
2262 3408 2365 3444 non

786 3510 906 3550 esse
936 3491 1429 3558 circumscriptum.
1462 3488 1711 3556 Septimo
1744 3485 1980 3553 denique
2014 3484 2173 3545 libro,
2203 3498 2363 3550 quem

787 3585 865 3639 De
900 3584 993 3638 Dei
1043 3581 1308 3637 creatione
1362 3578 1671 3645 inscripsit,
1728 3575 2005 3642 aliquanto
2052 3574 2138 3641 pie
2198 3573 2368 3642 magis

787 3694 911 3731 cum
940 3677 1005 3729 de
1029 3675 1150 3727 aliis
1176 3680 1406 3737 tractat,
1446 3680 1557 3723 tum
1590 3668 1894 3736 praesertim
1925 3665 1989 3719 de
2012 3663 2151 3719 Filio
2182 3665 2237 3718 in
2274 3680 2373 3718 ex-

793 3783 965 3823 trt-ma
994 3766 1176 3836 operis
1208 3773 1384 3835 parte.

865 3863 1038 3916 Dictio
1062 3862 1180 3930 ejus
1211 3858 1368 3928 plena
1421 3864 1505 3910 est
1526 3895 1540 3918 ,
1569 3863 1626 3907 et
1656 3852 1788 3905 nihil
1825 3851 1991 3905 habet
2034 3850 2369 3904 redundans.

793 3953 1030 4008 Vocibus
1054 3955 1179 4005 item
1210 3959 1270 4002 ut
1300 3950 1351 4001 in
1372 3945 1570 4009 Attica,
1598 3945 1928 4013 minimeque
1965 3943 2213 3997 alleetata
2245 3957 2375 3996 ora-

795 4047 975 4110 tione,
1014 4044 1088 4097 ita
1134 4043 1303 4094 utitur
1332 4047 1590 4097 venuste,
1646 4046 1704 4089 ut
1741 4051 1837 4087 nec
1890 4036 1943 4088 in
1982 4034 2375 4101 compositione

797 4138 1013 4207 quidem
1056 4149 1087 4187 a
1138 4139 1400 4187 consueto
1430 4129 1685 4197 loquendi
1741 4128 1901 4179 modo
1952 4125 2175 4179 recedat
2212 4144 2224 4179 :
2266 4125 2375 4179 imo

797 4244 897 4284 nec
922 4223 1325 4298 perspicuitatis
1347 4261 1362 4286 ,
1394 4229 1450 4275 et
1472 4220 1839 4275 aceurationis
1886 4231 2022 4272 caua
2045 4232 2075 4270 a
2106 4218 2375 4285 magnitu-

797 4323 923 4375 dine
947 4317 1223 4374 deﬂectat.
1264 4314 1474 4369 Floruit
1495 4328 1625 4366 vero
1648 4313 1743 4346 δ’*

1543 4405 1701 4460 CVII.

798 4506 987 4561 Basilii
1049 4504 1227 4561 Cilicis
1278 4509 1460 4553 contra
1497 4497 1757 4550 Joannem
1805 4493 2219 4564 Scytltopolitam
2267 4491 2374 4563 (55)

2438 4561 2443 4564 μ
2483 4491 2810 4548 Βασιλείου
2857 4478 3263 4564 πρεσβυτέρου

1452 4570 1572 4621 libri
1608 4582 1715 4620 xw.

872 4667 1067 4721 Lectus
1088 4676 1172 4719 est
1200 4664 1336 4716 liber
1364 4659 1550 4713 Basilii
1580 4655 1883 4726 presbyteri
1915 4653 2101 4708 Cilicis
2124 4695 2139 4717 ,
2179 4655 2376 4707 adver-

800 4778 893 4815 sus
915 4761 1175 4815 Joannem
1196 4752 1650 4825 Seythopolitam,
1668 4749 1753 4801 cui
1786 4757 1839 4799 et
1866 4746 2135 4800 Causidici
2158 4761 2376 4812 nomen,

2468 3312 2596 3364 Υἱὸν
2624 3303 3009 3377 φανταζόμεθα
3032 3301 3218 3354 ἄλλοτε
3258 3298 3315 3348 ὲν
3341 3295 3520 3355 ἄλλοις
3552 3291 3738 3351 τόποις
3774 3301 4043 3354 περιγρα-

2471 3404 2728 3471 φόμενον,
2767 3399 2901 3468 μόνῃ
2935 3396 2991 3448 δὲ
3024 3396 3089 3462 τῇ
3142 3388 3390 3459 ἐνεργείᾳ
3433 3386 3507 3455 μὴ
3541 3379 4043 3452 περιγραφόμενον.

2483 3470 2569 3543 Ἓν
2596 3491 2652 3541 δὲ
2686 3489 2763 3556 τῷ
2787 3486 3019 3555 ἑϐδόμῳ,
3050 3484 3077 3535 δ
3109 3482 3202 3535 και
3234 3480 3360 3548 περὶ
3387 3476 3521 3529 Θεοῦ
3542 3471 3902 3543 δημιουργίας
3930 3470 4048 3519 ἐπι-

2471 3586 2691 3654 γράφει,
2714 3576 3099 3645 εὐσεϐέστερόν
3135 3591 3251 3634 πως
3300 3570 3427 3639 περί
3472 3585 3533 3620 τε
3573 3566 3682 3618 τῶν
3730 3562 3906 3615 ἄλλων
3934 3559 4046 3609 δια-

2472 3677 2760 3744 λαμϐάνει,
2791 3672 2884 3724 καὶ
2917 3670 3153 3740 μάλιστα
3176 3665 3313 3733 πρὸς
3337 3662 3417 3731 τῷ
3440 3660 3581 3712 τέλει
3599 3656 3693 3708 τοῦ
3717 3655 3877 3720 λόγου
3918 3652 4048 3717 περὶ

2473 3764 2566 3819 τοῦ
2594 3762 2744 3815 Υίοῦ.

2550 3856 2704 3906 Ἐστι
2734 3851 2789 3903 δὲ
2818 3850 2915 3919 τὴν
2946 3847 3146 3917 φράσιν
3177 3844 3472 3912 άπέριττος
3503 3838 3596 3890 καὶ
3633 3834 3831 3905 βαθὺς,
3864 3829 4049 3883 καλλι-

2474 3947 2626 4016 λεξίᾳ
2656 3962 2714 3996 τε
2752 3944 2825 4003 ὼς
2858 3944 2914 3993 ὲν
2953 3938 3184 4005 Ἀττικῷ
3214 3936 3307 3987 καὶ
3337 3931 3557 4000 συνήθει
3597 3926 3879 3997 χρώμενος
3911 3922 4053 3988 λόγῳ

2476 4042 2571 4092 καὶ
2593 4037 2684 4088 τοῦ
2712 4032 2971 4102 συνήθους
2994 4030 3104 4083 οὐδ’
3136 4031 3192 4079 ὲν
3213 4028 3334 4087 ταῖς
3357 4022 3672 4085 συντάξεσιν
3700 4019 4055 4084 ἀνακεχωρη-

2479 4132 2610 4193 κώς.
2633 4127 2739 4180 Τοῦ
2775 4126 2957 4194 μέντοι
2994 4121 3257 4193 μεγέθους
3282 4116 3348 4170 δι’
3373 4114 3661 4182 ἐνάργειαν
3687 4112 3781 4162 καὶ
3809 4106 4056 4174 ἀκρίὸει-

2478 4243 2544 4278 αν
2564 4222 2671 4275 τῶν
2702 4219 2961 4290 ῥημάτων
2991 4217 3051 4268 οὐ
3086 4202 3855 4281 καταφέρεται.”Ηκμασε⁶⁹δὲ
3874 4198 4053 4264 (52)...

3204 4382 3327 4437 PZ'.

3310 4472 3577 4535 Κιλικίας
3616 4465 3767 4521 κατὰ
3780 4462 4059 4517 Ἰωάννου

2978 4547 3427 4605 Σκυθοπολίτου
3470 4547 3566 4605 ις’.

2554 4654 2685 4725 [281
2714 4651 2803 4712 IL,
2833 4646 2935 4700 ιῖὶῖ
2963 4641 3056 4712 ιι.)
3098 4634 3439 4703 Ἀνεγνώσθη
3464 4629 3745 4684 Βασιλείου
3772 4668 3785 4687 ,
3818 4622 4059 4694 πρεσϐυ-

2489 4714 2647 4815 τέρου
2673 4741 2895 4800 Κίλικος
2919 4780 2933 4801 ,
2965 4734 3107 4787 κατὰ
3142 4729 3389 4782 Ἰωάννου
3418 4722 3512 4776 τοῦ
3543 4717 3941 4773 Σκυθοπολίτου
3964 4755 3979 4779 ,
4003 4714 4061 4764 ὃν

2079 4882 2319 4936 VARIIE
2345 4880 2635 4936 LECTION
2648 4879 2749 4931 ES.

872 4997 917 5026 ⁸⁸
951 4995 1202 5062 ἐπιφορεῖ
1232 4992 1296 5045 Α.
1374 4990 1417 5019 ⁶⁰
1449 4989 1513 5041 ἄν
1545 5002 1651 5038 om.
1683 4986 1746 5037 Α.
1824 4981 1866 5011 ⁶¹
1899 4976 2038 5032 εἷναι
2073 4980 2312 5046 νομίζων
2342 4977 2790 5045 λυσιτελεστέραν
2822 4991 2882 5035 ς.

1393 5060 1401 5062 _
1555 5057 1566 5062 -
1697 5054 1707 5062 ι
1915 5053 1935 5062 ε-
2040 5052 2061 5062 α-
2323 5051 2365 5062 ιι.
2402 5051 2424 5062 ι
2563 5049 2573 5062 ο
2721 5045 2741 5059 ’θ
2807 5061 2824 5062 η
2852 5043 2882 5062 AI

2323 5051 2366 5080 ⁸⁵
2398 5049 2664 5102 δεικνύειν
2694 5043 2956 5111 ῦπαρξιν
3002 5056 3060 5111 ς.

802 5120 990 5191 δάνειν
1030 5139 1096 5188 A.
1161 5133 1206 5165 “
1251 5120 1487 5200 δυνατὴν
1522 5124 1663 5179 εἶναι
1700 5120 1978 5176 δεικνύναι
2012 5132 2135 5191 post
2184 5120 2301 5172 υἱοῦ
2332 5122 2483 5188 p0nit
2521 5138 2582 5182 ς.

801 5066 991 5135 ψόγου.
1058 5052 1318 5135 "Vanam
1347 5060 1513 5126 νόμου
1614 5074 1627 5109 :
1655 5054 1820 5135 Vd‘tLOU
1851 5053 1965 5135 τοῖς
1988 5052 2152 5102 πᾶσιν
2183 5067 2243 5113 ς.

2951 4970 2995 5000 δ’
3024 4966 3103 5037 τῷ
3133 4964 3257 5037 add.
3286 4964 3351 5013 Α.
3398 4958 3471 5037 ⁵⁸³
3496 4955 3622 5037 δόξῃ
3672 4951 3795 5037 0053
3825 4948 4058 5037 ξχομένη

3164 5034 3208 5064 ⁶⁶
3242 5029 3546 5095 καινολογεί
3752 5021 3795 5053 ⁸⁷
3829 5020 4063 5085 διαλαμ-

2660 5116 2704 5148 οθ
2740 5096 2957 5184 milia:
2986 5096 3043 5162 δὲ
3069 5120 3187 5167 om,
3221 5105 3287 5168 Α,
3326 5100 3486 5154 habet
3518 5096 3582 5151 C.

2319 5228 2551 5284 ΝΟΤᾹΞ.

877 5338 989 5407 (5|)
1028 5334 1339 5407 Sttpr._cotl.
1382 5330 1435 5385 8.

876 5393 991 5481 (52)
1017 5393 1142 5461 Post
1175 5405 1489 5481 Origenent,
1516 5400 1687 5481 uthie
1715 5398 1919 5479 indicat
1952 5393 2201 5481 Pltotliuls,
2230 5402 2287 5447 et
2314 5408 2382 5447 ex

806 5464 1562 5538 beato'Athanasio'colligas.
1580 5464 1676 5539 qui
1697 5470 1981 5539 utriusque
2009 5464 2272 5539 adhibens
2305 5474 2385 5539 te-

807 5534 1143 5612 stimonium,
1168 5548 1303 5601 liber
1334 5546 1384 5596 in
1412 5534 1540 5596 illud
1556 5534 1760 5612 E'vang.
1786 5556 1798 5591 :
1832 5537 2136 5612 Quicunque
2168 5534 2382 5612 _di_.terit

808 5604 1020 5677 aereum
1047 5604 1229 5672 contra
1258 5613 1462 5667 Filium
1490 5604 1735 5673 hominis,
1794 5619 1898 5662 etc.
1960 5604 2181 5677 Origeni
2242 5606 2384 5677 hune

809 5674 1153 5747 continenter
1208 5682 1504 5754 subjungit,
1569 5692 1644 5754 et_
1677 5678 1938 5754 priscum,
1985 5674 2384 5754 admirandum,

812 5744 1072 5829 perquam
1110 5744 1435 5829 studiosum?
1472 5744 1729 5829 appellat,
1766 5747 1945 5827 allatis
1979 5744 2186 5797 duobus
2209 5758 2297 5829 lex
2316 5758 2386 5821 eo

813 5812 1148 5897 frvag‘mentis.
1188 5826 1327 5879 Alibi
1358 5812 1522 5877 etiam
1545 5812 1810 5897 disertum
1840 5813 2258 5897 virum,quando
2276 5812 2397 5897 f-jus

813 5884 1015 5958 lilium
1065 5915 1106 5956 ιι
1154 5896 1575 5968 Iiypotyposeou
1608 5891 1663 5947 in
1715 5890 1945 5943 Arianos
1972 5887 2219 5939 advocat.
2275 5884 2380 5935 tta-

2493 5339 2598 5390 que
2654 5338 2759 5375 non
2804 5314 3050 5390 absimile
3086 5326 3213 5363 vero
3254 5306 3412 5390 fuerit
3438 5302 3679 5390 his_ipsis
3716 5297 3889 5359 libris,
3925 5298 4066 5364 quod

2491 5374 2785 5446 Clementis
2816 5392 2941 5440 item
2966 5380 3403 5453 lIypotyposibus
3432 5374 3694 5453 accidisse
3748 5377 3941 5449 auctor
3989 5377 4071 5444 est

2492 5436 3407 5531 inVOrvige-nisxpoldg'iaIipllinus,
3428 5454 3519 5531 ut.
3544 5443 3613 5496 ab
3672 5437 3943 5531 haereticis
3989 5436 4069 5487 in-

2494 5510 3146 5602 Ierpola’ti,emtiatninati
3186 5520 3403 5602 fuerint.
3426 5514 3558 5594 polo
3592 5523 3738 5592 certe
3762 5510 3901 5587 malo
3937 5522 4070 5573 pra:-

2490 5578 3071 5657 {EEithIféb'Eugcbio
3098 5589 3317 5645 maximi
3353 5585 3508 5651 hujus
3533 5581 3673 5657 _viri_
3718 5578 4067 5657 ntcntiott_ettt,

2494 5647 3169 5727 liaron.
3210 5674 3247 5714 t.
3284 5658 3327 5711 ll
3370 5647 3566 5710 Annai.
3605 5652 3673 5704 ad
3698 5666 3826 5727 ann.
3851 5647 3918 5727 9:.
3948 5648 4068 5727 Hii).

2561 5716 3491 5812 (“Ioanneﬁb‘cythopolita
3544 5738 3667 5790 sup.
3694 5724 3816 5776 cod.
3849 5718 3945 5774 95.
3998 5716 4071 5769 De

2508 5804 2711 5869 Basilio
2738 5810 2837 5866 cod
2871 5809 2939 5863 96
2970 5816 3023 5864 et
3044 5804 3134 5858 ιε.
