4224 6442
203 445 299 509 377

1264 446 1797 510 BIBLIOTHECA.
1836 476 1907 485 -
1936 450 2103 513 COD.
2144 450 2322 513 CVII.

3345 451 3453 516 378

202 564 286 615 καὶ
310 560 584 631 διχολόγον
611 560 762 630 λέγει
790 562 884 615 καὶ
913 561 1083 633 μυρία
1112 562 1250 616 ἀλλα
1278 563 1445 617 αὑτοῦ
1480 566 1759 638 καταγρά-
1787 573 1833 631 Α
1860 587 1870 620 ε

1787 573 1833 631 Α
1860 578 1915 623 et
1944 568 2049 623 alia
2094 578 2352 624 sexcenta
2379 566 2629 636 impingit
2654 582 2668 621 :
2697 576 2774 630 ut,
2811 565 2863 619 in
2888 565 3250 635 suspicionem
3282 568 3452 625 Mani-

200 672 308 721 φει.
338 656 422 707 δτι
449 671 510 708 τε
537 656 596 708 ἑν
616 655 845 725 ὑπονοίᾳ
873 656 1097 724 γέγονεν
1120 657 1524 726 Μανιχαῖσμοῦ,
1554 658 1649 711 καὶ
1672 660 1755 712 ὅτι

200 749 288 817 τὴν
315 748 476 815 ἁγίαν
506 747 963 819 Τεσσαρακοστὴν
998 749 1077 811 είς
1115 750 1267 818 τρεῖς
1300 748 1600 816 ἑϐδομάδας
1625 766 1759 817 συγ-

199 839 383 892 κλείων
412 840 534 893 οὐδὲ
558 840 617 892 ἐν
644 840 873 903 ταύταις
901 840 1001 909 τῆς
1031 842 1095 892 ὲκ
1116 840 1163 871 ⁷⁸
1186 839 1300 892 τῶν
1352 840 1573 910 πτηνῶν
1602 858 1758 912 κρεο⁴

201 933 389 1001 ραγίας
417 932 677 1001 ἀπείχετο
695 970 711 996 ,
754 934 849 985 καὶ
874 932 951 993 ὼς
992 932 1331 1001 Ἑλληνικαῖς
1360 932 1604 993 τελεταῖς
1633 948 1757 985 συν-

199 1026 353 1094 ήγετο
375 1064 391 1089 ,
440 1026 536 1078 καὶ
560 1024 643 1077 ὅτι
676 1023 751 1086 ώς
773 1022 974 1076 ἐπίπαν
996 1023 1101 1075 ύπὸ
1132 1023 1573 1093 γαστριμαργίας
1602 1024 1761 1074 ὲλαυ-

203 1118 419 1185 νόμενος
446 1116 704 1169 οὐδέποτε
736 1115 1012 1169 ἐκοινώνει
1041 1116 1139 1184 τῆς
1184 1114 1494 1186 ίερουργίας
1523 1115 1760 1166 τελειου-

206 1210 360 1278 μένης
383 1253 397 1274 ,
446 1208 584 1261 ἀλλά
631 1208 770 1278 μετά
814 1208 875 1260 τδ
920 1208 1251 1275 Εὑαγγέλιον
1284 1208 1471 1259 παισὶν
1500 1207 1619 1275 ἅμα
1653 1207 1762 1258 τῶν

206 1299 512 1367 μυστηρίων
545 1296 956 1367 μετελάμϐανε,
1005 1299 1099 1348 καὶ
1142 1296 1455 1367 παραυτίκα
1490 1295 1627 1365 πρὸς
1664 1296 1763 1363 τὴν

202 1391 471 1459 τράπεζαν
516 1391 807 1461 ἀπότρεχε.
839 1389 1023 1443 Ταῦτα
1048 1389 1191 1443 κατά
1231 1388 1325 1442 τοῦ
1354 1388 1547 1457 ἀνδρὸς
1578 1387 1765 1457 σχεδόν

203 1483 338 1535 τιδι’
364 1483 497 1551 ὅλης
528 1482 692 1534 αὐτοῦ
718 1482 818 1550 τῆς
845 1481 1026 1552 βίϐλου
1048 1482 1431 1550 κατασπείρων
1459 1478 1767 1546 ἐνασελγαίο

203 1594 296 1629 νει.
330 1575 403 1628 Τό
426 1577 485 1628 δὲ
510 1575 848 1645 σύγγραμμα
868 1575 1205 1645 δραματικὸν
1233 1573 1521 1627 nomint"
1543 1589 1557 1601 ’
1594 1588 1765 1641 προσ-

204 1666 362 1727 φωνεῖ
386 1664 445 1715 δὲ
481 1664 614 1715 αὐτὸ
657 1665 792 1732 πρός
827 1680 950 1717 τινα
978 1664 1229 1716 Λεόντιον
1260 1663 1649 1732 αἰτησάμενον.
1685 1660 1765 1713 Τά

203 1752 253 1805 δὲ
292 1752 383 1805 τοῦ
427 1753 707 1823 δράματος
748 1754 957 1822 εἰσάγει
1004 1755 1271 1822 πρόσωπα
1314 1753 1634 1822 Λαμπάδιον
1669 1752 1767 1817 μὲν

207 1844 622 1915 ὑπερμαχοῦντα
665 1845 827 1898 αὐτοῦ
848 1884 863 1909 ,
918 1846 1160 1915 Μαρίνον
1192 1844 1251 1896 δέ
1284 1862 1405 1898 τινα
1434 1844 1571 1906 ώςη
1606 1843 1767 1913 δῆθεν

1860 658 2021 712 citata:
2055 668 2218 713 secta:
2246 658 2498 713 venisse:
2535 673 2748 711 sacrum
2774 658 3209 726 Quadragesima:
3241 667 3453 725 tempus

1860 750 1925 801 ad
1952 759 2061 801 tres
2105 749 2315 801 tantum
2369 749 2734 803 hebdomadas
2782 764 3106 815 revocasse,
3150 750 3453 820 iisdemque

1861 853 1959 892 nec
1984 838 2052 890 ab
2072 838 2251 891 avium
2270 838 2523 891 carnibus
2550 838 2913 894 abstinuisse:
2940 839 3007 892 ad
3034 841 3272 907 gentium
3298 855 3451 893 sacra

1861 931 2157 984 accessisse
2209 946 2225 984 :
2270 940 2327 983 ιιι
2408 930 2697 997 plurimum
2747 942 3003 999 praeterea
3067 931 3209 1001 87b
3276 934 3451 986 vemri

1864 1021 1982 1090 plus
2019 1023 2156 1077 satis
2185 1022 2449 1083 deditmn,
2482 1039 2586 1076 non
2614 1024 2859 1078 absoluto
2879 1023 2988 1091 jam
3026 1040 3185 1080 sacro
3206 1040 3452 1079 commu-

1864 1113 2096 1175 nicasse.
2128 1114 2220 1167 sed
2246 1123 2367 1182 post
2411 1114 2761 1181 Evangelium
2798 1131 2901 1168 una
2926 1130 3049 1170 cum
3085 1116 3269 1183 pueris
3304 1131 3451 1186 mys-

1862 1205 2028 1257 steria
2052 1209 2350 1273 sumpsisse
2372 1245 2387 1267 .
2418 1207 2710 1274 statimque
2744 1206 2810 1260 ad
2861 1222 3104 1260 mensam
3150 1208 3452 1261 advolasse.

1865 1294 2013 1350 Talia
2048 1296 2160 1349 fere
2189 1306 2301 1351 toto
2333 1297 2470 1351 libro
2519 1312 2708 1365 sparsa
2751 1313 2813 1352 ac
2860 1299 3246 1364 disseminata,
3292 1308 3451 1369 petu-

1865 1388 2035 1441 lanter
2068 1389 2121 1441 in
2152 1389 2324 1441 virum
2363 1388 2511 1443 illum
2548 1390 2737 1458 jactat.
2774 1389 2921 1457 Opus
2957 1390 3132 1459 ipsum
3188 1392 3452 1444 dramati-

1865 1496 1986 1534 cum
2011 1490 2097 1534 est
2123 1522 2137 1548 ,
2167 1480 2393 1535 Leontio
2419 1482 2633 1534 cuidam
2664 1482 2715 1536 id
2746 1482 3062 1551 efﬂagitanti
3098 1483 3445 1553 inscriptum.

1868 1572 2131 1627 Personas
2170 1573 2324 1643 lingit
2356 1574 2444 1627 hic
2479 1573 2829 1642 Lampadium
2875 1576 3202 1641 quemdam,
3234 1575 3324 1643 qui
3360 1592 3455 1644 pro

1866 1662 2065 1715 Basilio
2113 1672 2321 1725 certet,
2364 1679 2487 1715 cum
2549 1662 2789 1729 Marino,
2845 1664 2935 1731 qui
2988 1662 3213 1716 Joannis
3275 1676 3457 1732 partes

1868 1755 2094 1807 tuendas
2114 1755 2432 1821 susceperit.
2453 1752 2606 1807 Hunc
2635 1766 2754 1823 post
2782 1756 3194 1809 dissertationes
3218 1755 3451 1824 aliquot.

1866 1843 2120 1896 damnato
2166 1860 2263 1908 eo,
2325 1859 2485 1913 quem
2534 1844 2929 1899 defendendum
2986 1857 3337 1915 susceperat,
3388 1847 3454 1900 ad

208 1939 335 2007 ὑπὲρ
360 1938 454 1990 τοῦ
492 1939 739 1991 Ἰωάννου
768 1936 1169 2006 ἀγωνιζόμενον
1188 1976 1203 1999 ,
1229 1936 1287 1998 ὃς
1317 1936 1412 1989 καὶ
1446 1936 1581 2004 μετά
1613 1953 1763 1998 τινας
1799 1935 1838 1992 Β
1867 1936 1876 1989 1

1799 1935 1838 1992 Β
1867 1936 2221 2001 Lampadium
2250 1951 2371 1990 sese
2398 1937 2789 2005 adjungentem
2824 1938 3073 2003 inducit,
3099 1954 3160 1993 ac
3191 1948 3309 2007 post
3331 1954 3453 1992 eum

205 2024 455 2089 διαλέξεις
484 2025 768 2093 είσάγεται
792 2025 944 2094 αύτῷ
973 2024 1402 2094 καταγινώσκων
1435 2026 1531 2092 μὲν
1564 2021 1625 2078 οὗ
1658 2026 1770 2077 ἐδό-

210 2133 287 2167 κει
315 2115 611 2185 προσώπου
638 2116 1105 2187 ύπερασπίξεσθαι
1126 2157 1143 2182 ,
1192 2117 1495 2187 Λαμπαδίῳ
1516 2117 1572 2170 δὲ
1597 2133 1769 2187 προσ-

208 2207 476 2275 τιθέμενος
497 2226 511 2239 ο
545 2208 667 2277 μεθ’
697 2208 757 2261 ὃν
788 2209 1061 2279 Ταράσιόν
1092 2225 1213 2261 τινα
1232 2209 1325 2260 τὸν
1353 2208 1540 2275 ἀγῶνα
1573 2209 1764 2260 ὑπεισ-

209 2296 371 2349 ελοεῖν
402 2298 761 2369 ὑποκρίνεται
788 2338 804 2363 ,
850 2302 1036 2353 ἐκεῖνα
1059 2300 1123 2370 δὴ
1169 2299 1395 2362 τούτους
1437 2300 1529 2351 καὶ
1561 2300 1771 2370 ἐρωτᾷν

210 2391 704 2459 κατασχηματίζων
737 2394 833 2445 καὶ
858 2392 1247 2464 ἀποκρίνεσθαι
1268 2431 1283 2457 ,
1310 2392 1347 2446 ἃ
1370 2392 1637 2445 συνοίσειν
1673 2394 1771 2460 μὲν

211 2480 413 2549 ἐαυτῷ,
446 2481 643 2551 μῶμον
689 2484 745 2536 δὲ
774 2485 868 2537 καὶ
910 2486 1147 2555 ἀπορίαν
1194 2484 1273 2557 τῷ
1322 2486 1779 2556 συνηγοῳυμένῳι

208 2572 353 2639 δῆθεν
396 2574 546 2643 ἑώρα
586 2578 1085 2642 κατασκευάζοντα.
1147 2576 1469 2641 Ἐξκαίδεκα
1505 2577 1562 2630 δὲ
1594 2578 1772 2646 λόγοις

210 2665 262 2714 τὸ
292 2666 635 2736 σύγγραμμα
685 2668 921 2739 διαιρεῖ,
959 2671 1052 2722 καὶ
1100 2673 1157 2722 ὲν
1200 2671 1299 2739 μὲν
1329 2672 1440 2733 τοῖς
1485 2674 1634 2740 τρισὶ
1681 2673 1775 2723 καὶ

209 2757 327 2811 δέκα
352 2761 443 2813 τὸν
485 2760 796 2831 διαλογικὸν
831 2759 1041 2825 είσάγει
1075 2758 1245 2811 τύπον
1267 2799 1280 2822 ,
1318 2761 1455 2813 κατά
1488 2758 1583 2811 τοῦ
1620 2758 1771 2830 πρώ-

209 2866 293 2903 του
322 2853 481 2919 μόνου
505 2853 619 2904 τῶν
658 2852 902 2905 Ἰωάννου
926 2852 1097 2918 λόγων
1124 2850 1389 2921 τοσαύτην
1420 2850 1653 2919 σπουδὴν
1676 2852 1768 2903 καὶ

1868 2030 2072 2081 victum
2104 2027 2384 2081 Tarasium
2410 2030 2698 2097 quemdam
2736 2032 2930 2085 iterum
2968 2043 3245 2088 certamen
3275 2034 3457 2087 rediu-

1869 2129 2191 2189 tegrantem.
2224 2120 2322 2174 Ubi
2358 2122 2442 2174 illa
2470 2123 2569 2176 lius
2589 2132 2643 2175 et
2668 2123 3023 2192 interrogare,
3049 2134 3105 2179 et
3131 2127 3456 2193 respondere

1870 2211 2329 2277 comminiscitur,
2378 2228 2497 2281 qua:
2525 2228 2649 2266 cum
2679 2214 2777 2267 sibi
2813 2216 3170 2279 conductum,
3204 2226 3313 2268 tum
3347 2230 3445 2283 pa-

1872 2305 2159 2356 trocinanti
2192 2306 2512 2358 adversario
2548 2306 3023 2373 reprehensioanem
3087 2322 3161 2361 ac.
3186 2307 3453 2377 perplexi-

1873 2401 2036 2446 tatem
2066 2394 2304 2461 paritura
2340 2396 2673 2453 viderentur.
2707 2396 2762 2450 lu
2804 2398 3040 2452 sedecim
3074 2409 3255 2454 autem
3289 2400 3455 2454 libros

1872 2500 2007 2551 Opus
2037 2486 2345 2540 universum
2399 2488 2618 2543 divisit:
2669 2504 2897 2558 quorum
2948 2492 3204 2545 tredecim
3244 2494 3455 2559 priores

1873 2573 2069 2641 dialogi
2101 2574 2268 2628 forma
2306 2584 2431 2629 sunt
2467 2577 2533 2630 ab
2562 2592 2664 2642 eo,
2696 2588 2880 2630 contra
2911 2580 3143 2647 primum
3194 2582 3455 2635 duntaxat

1872 2663 2097 2718 Joannis
2141 2667 2367 2732 librum,
2429 2679 2575 2723 tanto
2635 2685 2757 2723 cum
2816 2672 2994 2725 studio
3053 2688 3117 2727 ac
3176 2674 3452 2741 diligentia

1879 2759 2215 2827 conscripti:
2255 2760 2478 2831 reliquis
2506 2777 2632 2816 vero
2674 2765 2843 2818 tribus
2881 2781 2943 2819 ea
2981 2778 3287 2835 oppugnat,
3335 2784 3455 2837 qua:

1877 2852 1927 2903 in
1955 2854 2193 2906 secundo
2225 2868 2321 2907 suo
2344 2864 2399 2907 et
2433 2856 2595 2908 tertio
2625 2856 2764 2909 libro
2792 2855 3033 2912 Joannes
3064 2870 3395 2914 asset-uerat.

211 2945 359 2995 πόνον
386 2944 845 3013 είσενεγκάμενος
864 2982 878 3006 ,
902 2944 959 2994 ὲν
987 2942 1043 2994 δὲ
1072 2944 1185 3001 τοῖς
1210 2942 1415 3002 λοιποῖς
1437 2942 1583 3011 τρισὶ
1608 2941 1957 3012 καταδρομὴν
1993 2946 2228 2997 ποιεῖται
2262 2944 2371 2997 τῶν
2434 2948 2493 2999 ἐν
2539 2946 2615 3017 τῷ
2663 2948 2899 3020 δευτέρῳ
2948 2953 3041 3003 καὶ
3087 2953 3255 3021 τρίτῳ
3312 2952 3457 3024 λόγῳ

212 3037 474 3104 ῥηθέντων
509 3034 594 3104 τῷ
638 3034 881 3105 Ἰωάννῃ.

286 3127 369 3181 Ἐν
404 3128 505 3196 μὲν
534 3122 629 3179 οὖν
655 3126 732 3195 τῷ
754 3127 954 3195 πρώτῳ
974 3124 1114 3194 λόγῳ
1135 3124 1226 3175 τὸν
1252 3122 1516 3193 πρόλογον
1541 3124 1772 3193 ἀπαρτί-

214 3234 323 3281 σας,
358 3220 500 3271 κατά
526 3218 623 3270 δύο
648 3216 958 3285 κεφαλαίων
988 3216 1225 3277 ἵσταται,
1259 3216 1379 3267 καθ’
1416 3216 1533 3277 ἐνὸς
1556 3217 1655 3284 μὲν
1681 3214 1775 3267 τοῦ

212 3307 287 3360 ὅτι
313 3310 404 3360 6⁷³
444 3308 622 3375 Λόγος
651 3306 821 3359 ἔπαθε
855 3308 1021 3375 σαρκὶ
1047 3348 1061 3367 ,
1091 3306 1210 3359 καθ’
1249 3306 1434 3375 ἑτέρου
1482 3306 1538 3357 δὲ
1568 3305 1662 3357 τοῦ
1692 3309 1773 3359 ὅτι

1955 3123 2139 3177 Primo
2169 3122 2331 3193 igitur
2360 3123 2499 3179 libro
2537 3134 2660 3195 post
2705 3125 3074 3195 praal'ationem
3117 3127 3415 3185 absolutam
3439 3175 3454 3198 ,

1882 3216 2093 3269 duobus
2124 3216 2391 3283 capitibus
2417 3218 2797 3287 oppugnandis
2825 3218 3043 3272 insistit.
3072 3218 3311 3273 Primum
3336 3223 3458 3289 qui-

1882 3306 2000 3359 dem
2028 3307 2191 3360 illud:
2219 3324 2238 3357 ‹
2276 3305 2507 3360 Verbum
2554 3322 2771 3377 passum
2802 3319 2886 3362 est
2916 3309 2967 3362 iu
2996 3312 3217 3365 carne'.
3254 3330 3271 3362 ι
3305 3313 3454 3365 Alte-

212 3400 394 3452 ταυτόν
417 3402 538 3452 ἐστι
568 3399 631 3451 τὸ
648 3399 695 3428 ⁷⁵
720 3398 900 3465 λέγειν
931 3398 1161 3466 Χριστὸν
1191 3396 1266 3465 τῷ
1292 3397 1470 3463 λέγειν
1492 3396 1643 3449 Θεόν.
1688 3398 1775 3449 Ἐν
1805 3428 1849 3487 C

1805 3428 1849 3487 C
1886 3415 1999 3451 rum
2027 3414 2186 3452 vero:
2219 3399 2393 3453 «Idem
2420 3410 2503 3454 est
2543 3400 2722 3453 dicere
2754 3400 3051 3464 Christum,
3086 3414 3249 3470 atque
3278 3406 3457 3459 dicere

212 3490 363 3560 δὲτῷ
396 3491 439 3560 β’
472 3490 623 3560 λόγῳ
667 3490 751 3543 ὅτι
796 3506 855 3541 τε
914 3488 1090 3558 μάτην
1141 3487 1457 3557 ἐλοιδορήθη
1512 3490 1775 3558 πειρᾶται

213 3584 495 3644 δεικνύναι,
522 3583 621 3635 καὶ
642 3583 722 3634 ὅτι
749 3581 831 3644 τὸ,
868 3601 884 3631 ι
908 3580 1266 3648 ’Λναϐήσεται
1290 3581 1334 3611 ⁷³
1368 3580 1560 3651 ῥάϐδος
1590 3582 1653 3633 ὲκ
1683 3584 1781 3647 τῆς

216 3674 359 3743 ῥίζης
400 3674 627 3734 Ἰεσσαὶ,
668 3692 685 3723 ι
722 3671 909 3733 κακῶς
939 3672 966 3723 6
999 3671 1400 3740 Σκυθοπολίτης
1426 3671 1676 3740 Ἰωάννης
1702 3671 1786 3735 ὲξ-

215 3767 445 3819 ελάϐετο.
497 3766 591 3819 Ἐν
623 3764 681 3817 δὲ
722 3762 800 3831 τῷ
837 3770 885 3830 γ’
915 3764 989 3827 ὼς
1032 3763 1195 3833 δῆθεν
1244 3762 1467 3832 συζητεῖ
1509 3766 1656 3827 ὅπως
1705 3763 1786 3815 δεῖ

215 3860 343 3910 νοεῖν
368 3859 449 3910 τό*
478 3876 497 3908 ι
522 3855 640 3909 Νῦν
655 3856 700 3887 ⁷⁸
735 3854 994 3926 ἐδοξάσθη
1018 3856 1046 3907 ό
1077 3854 1201 3917 Υἱὸς
1222 3854 1316 3907 τοῦ
1346 3855 1657 3925 ἀνθρώπου,
1688 3856 1783 3908 καὶ

214 3950 239 3999 6
266 3948 391 4011 Θεὸς
427 3947 694 4016 ἐδοξάσθη
725 3947 783 3999 ἔν
810 3944 993 4015 αὐτῷ,
1034 3964 1053 3997 ι
1092 3947 1189 3998 καὶ
1214 3948 1285 3998 τά
1316 3945 1443 4013 ἑξῆς
1468 3946 1560 3999 τοῦ
1594 3946 1780 4016 ῥητοῦ.

226 4038 305 4089 Ἐν
326 4038 379 4090 δὲ
410 4038 487 4106 τῷ
518 4037 585 4099 δ’,
605 4036 723 4099 πῶς
754 4037 882 4088 ῐδιον
911 4035 1125 4103 λέγεται
1146 4037 1188 4067 ⁷⁷
1211 4035 1305 4087 τοῦ
1340 4036 1472 4088 Θεοῦ
1508 4036 1568 4089 τὸ
1596 4036 1779 4105 σῶμα,

215 4130 300 4180 καὶ
326 4132 452 4197 περὶ
479 4128 764 4190 ἑνώσεως,
793 4129 883 4180 καί
906 4128 1032 4197 περὶ
1060 4127 1153 4181 τοῦ
1178 4146 1195 4178 t
1228 4128 1453 4197 Ἐχρισέ
1474 4145 1533 4180 σε
1559 4130 1587 4181 6
1614 4129 1744 4191 Θεὸς
1765 4168 1780 4193 ,

213 4221 240 4271 6
265 4221 387 4285 Θεός
404 4222 451 4252 ’⁸
486 4238 617 4285 σου,
652 4239 671 4270 ο
706 4222 800 4273 καὶ
827 4222 954 4288 περὶ
982 4219 1100 4285 τοῦ,
1136 4239 1154 4269 ι
1178 4218 1320 4287 Ἐγὼ
1349 4218 1558 4288 ἁγιάζω
1609 4222 1784 4289 ὲμαυ-

214 4312 296 4363 τόν
320 4328 333 4341 ο
363 4332 381 4363 ι
408 4312 466 4365 ὲν
486 4305 532 4379 ᾧ
556 4311 702 4380 λόγῳ
728 4311 821 4362 καὶ
842 4311 870 4360 6
887 4310 931 4340 "
966 4311 1206 4378 Μαρῖνος
1235 4312 1332 4379 τῆς
1360 4309 1435 4373 ὡς
1460 4308 1620 4379 δῆθεν
1646 4311 1783 4362 ἀπο-

217 4402 336 4463 στάς
364 4401 681 4469 ἀντιλογίας
722 4399 800 4470 τῷ
829 4400 1131 4469 Λαμπαδίῳ
1151 4398 1198 4430 ⁸ο
1230 4401 1557 4453 συντίθεται.
1602 4401 1691 4451 Ἐν
1722 4400 1779 4452 δὲ

214 4492 285 4561 τῷ
312 4491 350 4543 ε’
370 4534 385 4557 ,
416 4493 547 4545 ἔνθα
578 4492 674 4543 καὶ
720 4494 748 4544 6
778 4491 1049 4561 Ταράσιος
1076 4492 1430 4560 ἀναδέχεσθαι
1462 4492 1553 4543 τὸν
1593 4492 1779 4557 ἀγῶνα

215 4584 327 4635 ἀντὶ
352 4584 604 4653 Μαρίνου
638 4582 995 4653 ὑποκρίνεται
1017 4623 1033 4648 ,
1074 4583 1173 4646 τάς
1210 4585 1349 4635 κατὰ
1394 4584 1487 4636 τοῦ
1530 4584 1784 4637 Ἰωάννου

216 4677 538 4746 κατηγορίας
582 4674 955 4743 ἀναλαμϐάνει
1004 4678 1360 4745 πικρότερον,
1416 4676 1513 4728 καί
1560 4676 1588 4728 ό
1622 4676 1781 4743 λόγος

1885 3488 2107 3542 Deum.)
2133 3486 2251 3543 Jam
2281 3490 2525 3544 secundo
2566 3490 2703 3544 libro
2730 3502 2934 3546 temere
2953 3508 3009 3546 se
3038 3493 3287 3547 affectum
3318 3496 3456 3563 inju-

1885 3581 1962 3633 ria
1996 3581 2282 3633 ostendere
2309 3590 2567 3634 conatur:
2598 3590 2654 3635 et
2695 3581 2857 3635 illud:
2894 3599 2912 3631 ι
2953 3582 3273 3648 Egredietur
3307 3586 3455 3653 virga

1885 3670 1950 3723 de
1980 3670 2159 3722 radice
2184 3667 2350 3722 Jessa:
2367 3670 2442 3722 ’.ι
2473 3667 2608 3723 Male
2653 3685 2682 3721 a
2710 3670 3083 3739 Scythopolita
3126 3668 3332 3723 Joanne
3367 3673 3450 3722 iu-

1886 3761 2154 3816 tellectum
2194 3775 2333 3815 esse.
2371 3760 2556 3815 Tertio
2582 3760 2780 3816 deinde
2813 3763 2970 3828 libro,
3018 3764 3086 3818 de
3134 3764 3223 3816 illo
3250 3762 3458 3818 scilicet

1884 3855 2077 3924 quaerit
2106 3856 2244 3914 loco,
2273 3855 2543 3922 quomodo
2572 3854 2995 3924 intelligendus:
3039 3874 3056 3906 ι
3092 3854 3245 3909 Nunc
3288 3856 3455 3909 clari-

1885 3946 2079 4000 licatus
2098 3956 2181 4000 est
2212 3945 2380 4000 Filius
2416 3946 2673 4009 hominis,
2692 3956 2746 3999 et
2772 3944 2914 4001 Dens
2936 3947 3263 4001 clariﬁcatus
3296 3959 3377 4001 est
3404 3950 3454 4001 in

1884 4038 1974 4090 illo
2006 4037 2078 4100 ³,»
2116 4047 2170 4089 et
2197 4052 2317 4106 qua:
2342 4036 2412 4089 ibi
2442 4047 2762 4105 sequuntur.
2792 4036 2997 4102 Quarto
3032 4036 3192 4102 libro,
3216 4052 3451 4106 quomo-

1882 4129 1952 4184 do
1978 4130 2186 4183 dicatur
2213 4128 2487 4196 proprium
2518 4142 2638 4182 esse
2678 4127 2773 4182 Dei
2821 4144 3039 4198 corpus,
3073 4138 3187 4183 tum
3240 4132 3307 4184 de
3338 4131 3459 4183 uui-

1885 4232 2014 4286 tate,
2039 4223 2186 4276 etde
2214 4221 2332 4275 illo:
2367 4240 2384 4271 ι
2422 4219 2589 4275 Unxit
2633 4231 2686 4275 te
2721 4220 2861 4275 Deus
2893 4223 3087 4287 tuus‘;
3125 4233 3179 4276 et
3209 4224 3277 4277 de
3310 4224 3402 4275 illo
3440 4242 3452 4278 :

1889 4330 1906 4361 ι
1950 4311 2060 4379 Ego
2089 4311 2372 4365 sanctiﬁco
2404 4310 2730 4378 meipsum’.
2764 4329 2782 4361 ›
2817 4310 2933 4377 Quo
2969 4310 3019 4363 in
3051 4311 3191 4365 libro
3220 4310 3459 4363 Marinus

1883 4404 2286 4457 contradicendi
2320 4413 2499 4470 partes
2526 4403 2832 4468 relinquens
2864 4404 3091 4465 scilicet,
3149 4420 3268 4455 cum
3300 4402 3454 4454 Lam-

1883 4496 2041 4564 padio
2070 4496 2361 4549 consentit.
2392 4494 2590 4559 Quinto
2619 4509 2747 4547 vero
2797 4494 2955 4557 libro,
2985 4495 3075 4548 ubi
3111 4506 3164 4549 et
3202 4494 3457 4547 Tarasins

1882 4597 2157 4641 certamen
2190 4587 2375 4641 subire
2412 4584 2606 4639 Marini
2637 4585 2755 4639 loco
2787 4585 3043 4653 ﬁngitur,
3077 4587 3456 4639 accusationes

1882 4676 2108 4733 Joannis
2148 4660 2397 4733 acerbius
2457 4678 2710 4747 suscipit,
2744 4687 2997 4746 totusque
3028 4680 3164 4732 adeo
3216 4680 3350 4732 liber
3401 4677 3455 4729 in

214 4765 350 4834 αὐτῷ
402 4766 594 4835 σχεδόν
627 4782 684 4817 τι
714 4767 771 4817 ὲν
797 4765 1023 4828 ταύταις
1062 4766 1538 4821 καταναλίσκεται.
1600 4767 1689 4819 Ἐν
1721 4767 1780 4819 δὲ
1806 4766 1859 4825 D

1806 4766 1951 4825 Diis
1992 4768 2107 4822 fere
2142 4768 2503 4822 consumitur.
2533 4767 2702 4823 Sexto
2733 4778 2841 4822 tum
2875 4769 3014 4821 libro
3072 4772 3448 4824 vehementius

214 4855 284 4922 τῷ
309 4864 358 4920 ς’
386 4856 723 4927 δριμύτερόν
752 4873 867 4919 πως
900 4859 1222 4927 κατατρέχει
1245 4858 1343 4923 τῆς
1373 4857 1518 4910 κατὰ
1542 4858 1780 4927 Χριστὸν

216 4947 297 4998 τὸν
326 4949 554 5021 Σωτῆρα
586 4948 747 5020 ἡμῶν
783 4950 1057 5013 ὲνώσεως·
1093 4951 1186 5002 καὶ
1216 4950 1482 5019 περὶτοῦ,
1522 4951 1782 5021 ιἝχρισὲ

217 5054 270 5088 σε
302 5042 327 5091 6
354 5041 485 5102 Θεὸς
512 5081 527 5105 ,
575 5044 604 5094 ό
634 5040 764 5103 Θεός
798 5058 929 5105 σου,
968 5060 989 5093 ι
1039 5043 1133 5094 καὶ
1179 5042 1327 5104 ὅπως
1366 5043 1399 5111 ἡ
1455 5041 1573 5094 κατ’
1620 5043 1783 5095 αὑτὸν

228 5129 507 5202 Ἐκκλησία
522 5134 657 5202 περὶ
677 5132 791 5197 τοῦ,
819 5152 838 5184 ι
864 5134 1171 5204 ἐσαρκώθη,
1206 5154 1223 5185 ι
1255 5134 1485 5197 δοξάζει.
1519 5135 1607 5187 Ἐν
1634 5134 1783 5202 δὲτῷ

216 5221 258 5288 η’
281 5227 398 5295 περὶ
422 5227 543 5278 ’ποῦ’
576 5247 596 5279 ι
620 5226 683 5279 Ὀ
714 5228 884 5295 Λόγος
902 5228 944 5259 ⁸³
982 5226 1119 5297 σάρξ
1157 5227 1423 5294 ὲγένετο,›
1452 5230 1530 5289 είς
1550 5228 1783 5290 ἀτοπίας

274 5403 291 5437 ¹
342 5405 550 5477 l‘Petr.
600 5422 681 5472 Iv,
728 5408 779 5461 1.
852 5409 1003 5465 'lsa.
1052 5424 1137 5472 It.
1184 5409 1235 5463 ί.
1316 5407 1517 5465 'Joau.
1558 5426 1671 5477 xu,
1724 5411 1813 5465 3i.

219 5481 259 5530 Ι.
325 5475 409 5530 Η.

1885 4858 2048 4913 etiam
2121 4859 2389 4912 invehitur
2458 4860 2511 4913 iu
2562 4859 2814 4912 unionem
2859 4859 3063 4913 Christi
3153 4860 3459 4913 Servatoris

1886 4951 2075 5005 nostri.
2130 4951 2278 5020 88a
2325 4948 2400 5005 De
2457 4950 2548 5004 illo
2600 4966 2814 5021 quoque
2886 4952 3127 5020 disputat
3171 4970 3185 5007 :
3223 4970 3241 5003 ι
3298 4952 3461 5005 Unxit

1884 5053 1937 5097 te
1983 5041 2143 5103 Deus,
2189 5041 2330 5095 Deus
2376 5053 2541 5107 tuus;
2572 5061 2590 5093 ι
2643 5042 2911 5111 docetque
2969 5043 3099 5111 quid
3141 5043 3308 5109 ipsius
3355 5043 3459 5094 Ec-

1883 5128 2042 5182 clesia
2085 5138 2304 5182 censeat
2328 5130 2393 5183 de
2434 5130 2526 5184 illo
2559 5148 2572 5183 :
2610 5148 2629 5181 ι
2665 5129 2806 5185 Caro
2830 5131 3031 5185 factum
3059 5132 3205 5185 est‘.
3239 5151 3257 5182 ι
3296 5131 3459 5184 Libro

1882 5234 2073 5278 octavo
2093 5223 2146 5276 in
2181 5224 2361 5276 varias
2378 5223 2743 5278 absurditates
2774 5224 3100 5293 pracipitat,
3120 5225 3247 5278 dum
3278 5226 3343 5275 de
3366 5224 3458 5277 illo

1924 5405 2120 5461 ‘Psal.
2181 5421 2405 5469 nun,
2434 5406 2487 5461 8.
2555 5402 2764 5459 'Juan.
2826 5421 2976 5473 xvu,
3035 5405 3122 5459 l9.
3223 5408 3433 5460 ‘aoan.

1482 5610 1710 5666 VARUE
1742 5609 2149 5668 LECTIONES.

294 5726 337 5758 rs
367 5729 431 5802 ἐκ
462 5730 590 5785 εδδ,
618 5730 690 5802 Α,
770 5730 812 5761 τι
834 5730 1014 5802 Δδραμ..
1045 5731 1144 5802 ἠδη
1174 5732 1406 5785 ποιεῖται
1436 5750 1495 5796 ς.

1584 5734 1628 5765 ’³
1652 5733 1729 5797 ὠς
1757 5735 1798 5785 Α
1825 5751 1839 5788 :
1867 5734 2045 5803 φήσας
2077 5735 2153 5797 ὡς
2186 5753 2246 5799 ς.

2348 5736 2395 5767 ⁷⁸
2418 5737 2445 5787 ό
2472 5736 2596 5790 add.
2626 5736 2694 5789 Λ.
2720 5736 2829 5790 vid.
2858 5735 3047 5789 iPetr.
3087 5751 3161 5798 Iv,
3189 5736 3239 5788 1.
3317 5736 3363 5767 ⁷⁵
3390 5738 3447 5787 τὸ

219 5809 315 5875 om.
343 5801 463 5875 ΛΗ
484 5798 851 5875 ἀναϐήσεται]
877 5798 1149 5875 ίεε-ξιί-ίζ
1211 5802 1273 5875 1‘
1295 5802 1411 5875 νῦν]
1443 5802 1595 5875 Joan.
1618 5819 1737 5875 xui,
1772 5804 1861 5857 5|.
1880 5798 1895 5875 ’ν
1928 5798 1982 5835 ’⁷⁷
2016 5798 2229 5871 λέγεται
2260 5800 2398 5875 εἶναι
2424 5806 2553 5858 ἴδιον
2586 5818 2648 5867 ς.
2724 5807 2769 5838 ⁷⁸
2797 5807 2827 5859 6
2851 5806 2984 5869 Θεὸς
3009 5806 3175 5862 semel
3204 5806 3353 5875 ponit
3381 5821 3445 5869 ς’.

222 5866 319 5921 \id.
339 5867 479 5925 Psal.
510 5866 717 5939 va,'8.
798 5866 897 5924 "’6
922 5871 1042 5927 add.
1065 5871 1130 5926 A.
1206 5872 1253 5905 ⁸⁹
1278 5866 1583 5945 Λαμπαδίῳ
1617 5874 1740 5930 add.
1767 5889 1842 5929 rc.
1872 5874 1938 5929 A.
2014 5875 2057 5906 ⁸³
2087 5866 2122 5927 ’ὁ
2145 5874 2339 5946 Λόγος]
2361 5874 2519 5932 Joan.
2556 5866 2716 5943 πυ.
