4224 6442
152 440 247 505 381

1044 441 1567 505 BIBLIOTHECA.
1590 468 1661 483 --
1694 447 1909 507 CODD.
1950 448 2157 512 CVIII.
2197 450 2344 511 CIX.

3290 452 3395 515 382

156 560 249 627 μιν
277 556 385 610 οὐκ
416 557 715 611 οἰκειοῦται
737 599 751 622 ,
799 558 1061 629 Διόδωρον
1095 560 1151 612 δὲ
1177 561 1273 613 κα)⁵
1302 560 1574 629 Θεόδωρον
1606 563 1726 613 ἐπι-
1754 561 1805 619 Α

1754 561 1805 619 Α
1831 565 1968 615 rium
1998 572 2177 617 tamen
2225 565 2330 618 sibi
2371 576 2707 632 nequaquam
2740 562 3013 627 vindicat,
3047 563 3142 619 sed
3198 564 3395 620 Diodo-

153 647 438 714 γράφεται
488 648 758 715 Πατέρας.
808 649 917 700 Καὶ
968 647 1107 700 κατὰ
1162 650 1259 717 μὲν
1309 649 1404 701 τοῦ
1443 650 1729 702 Θεσπεσίου

155 739 436 808 Κυρίλλου
463 742 544 800 είς
575 739 867 808 πρόσωπον
894 738 1066 803 οὕτως
1095 740 1458 809 ἀναισχύντως
1482 743 1541 793 οὐ
1573 742 1733 811 βλασ-

155 832 330 897 φημεῖ
349 848 364 861 ’
392 832 489 882 τὸν
523 830 705 899 μέντοι
736 847 801 899 γε
838 830 1091 899 Ἰωάννην
1113 874 1127 895 ,
1150 832 1273 884 καθ’
1302 826 1363 885 οὗ
1393 835 1492 900 τὴν
1516 834 1735 902 γραφὴν

156 922 495 989 ἑνεστήσατο
516 963 530 985 ,
554 922 741 989 μηδενὶ
770 921 916 991 ἄλλῳ
941 921 1057 974 ἀλλ’
1079 921 1111 992 ἢ
1136 924 1247 983 τοῖς
1279 923 1542 992 Κυρίλλου
1574 924 1737 989 φησὶν

156 1015 538 1084 ὲπερείδεσθαι
569 1014 630 1084 ιβ’
654 1015 992 1083 κεφαλαίοις,
1018 1014 1115 1067 καὶ
1140 1014 1220 1083 τῷ
1246 1014 1551 1083 δωδεκάτῳ,
1582 1017 1734 1085 φησι,

161 1107 403 1174 μάλιστα
430 1147 444 1168 ,
467 1106 494 1158 ὃ
526 1106 851 1173 παρεισάγει
882 1105 982 1174 τὴν
1013 1105 1339 1157 θεοπάθειαν
1363 1124 1373 1133 ·
1403 1106 1460 1156 ὲν
1489 1099 1571 1167 οἷς
1592 1103 1739 1173 αὑτῷ

163 1199 254 1251 καὶ
280 1198 329 1229 ’θ
359 1200 467 1267 τῆς
500 1196 893 1267 ματαιοπονίας
931 1196 991 1247 τὸ
1042 1197 1214 1258 τέλος.
1260 1195 1331 1246 Τδ
1360 1196 1415 1247 δὲ
1456 1196 1740 1265 σύνταγμα

160 1288 307 1358 αὖτῷ
336 1291 482 1359 πρὸς
513 1291 761 1343 Λεόντιον
781 1328 795 1351 ,
830 1289 904 1350 ώς
934 1288 1142 1355 ἔφημεν
1163 1329 1177 1352 ,
1210 1289 1438 1357 ἐποιήθη
1461 1330 1475 1350 ,
1499 1289 1556 1341 δν
1584 1288 1742 1340 ὁσιὼ-

159 1399 318 1433 τατον
348 1382 451 1433 καὶ
492 1380 905 1447 θεοφιλέστατον
940 1380 1035 1433 καὶ
1068 1381 1285 1449 Πατέρα
1319 1380 1701 1447 ἀποσεμνύνει.

880 1647 1013 1702 PH'.

167 1741 477 1807 Θεοδώρου
508 1739 869 1808 μογὰζοντος
926 1736 1363 1808 Ἀλεξανδρέως
1394 1730 1543 1808 aratri
1573 1731 1742 1808 Θεμι-

230 1801 415 1864 στίου
467 1801 670 1875 125m.
717 1801 1225 1874 ΚαίΘεμιστίού
1269 1801 1563 1870 ἀπολογία
1594 1802 1745 1867 ὑπὲρ

232 1882 340 1933 τοῦ
387 1881 455 1932 ἐν
478 1881 670 1946 ἁγίοις
696 1879 1040 1945 Θεοφοϐίου.

245 1971 595 2041 ’Δνεγνώσθη
640 1968 917 2039 Θεοδώρου
970 1968 1289 2038 μονάζοντος
1351 1965 1743 2035 Ἀλεξανδρέως

168 2062 318 2115 κατὰ
359 2062 719 2130 Θεμιστίου,
746 2052 807 2112 οὗ
843 2059 1198 2129 ήὲπιγραφὴ,
1238 2056 1526 2126 «Ἔλεγχος
1575 2055 1651 2119 ὡς
1688 2058 1745 2107 ὲν

171 2154 423 2223 συντόμῳ
452 2154 550 2221 τῆς
591 2152 796 2206 ἄνωθεν
827 2152 920 2203 καὶ
954 2151 1014 2214 ἐξ
1061 2152 1237 2219 ἀρχῆς
1285 2152 1575 2220 Θεμιστίου
1606 2150 1747 2201 κατά

167 2245 273 2294 τῶν
324 2244 531 2312 ἡμῶνί
586 2243 840 2313 Πατέρων
888 2242 1192 2311 προπετοῦς
1250 2241 1347 2293 καὶ
1398 2241 1745 2310 ἀλογωτάτης

169 2336 511 2397 ἐνστάσεως,
552 2335 617 2385 ὲκ
666 2333 985 2401 προφάσεως
1024 2330 1119 2382 νῦν
1180 2333 1310 2400 ἡμῖν
1373 2330 1747 2399 πεπονημένος

173 2423 316 2493 [ἓὸἓὶ
357 2423 428 2475 R.
467 2423 483 2492 j
520 2422 629 2473 τῶν
659 2422 1116 2491 προϐεϐλημένων
1149 2421 1241 2473 ὑπ’
1281 2422 1445 2474 αὑτοῦ
1477 2422 1614 2473 κατά
1648 2421 1745 2486 τῆς

171 2516 435 2582 ἀληθείας
467 2510 802 2583 ζητημάτων
834 2531 893 2565 τε
927 2516 1022 2566 καὶ
1050 2512 1070 2585 [
1097 2514 1198 2567 154
1247 2514 1314 2568 H.
1344 2515 1360 2582 ]
1397 2515 1744 2582 προτάσεων,

174 2609 268 2658 καὶ
292 2608 475 2675 σαφὴς
500 2607 866 2675 διευκρίνησις
884 2607 981 2674 τῆς
995 2604 1361 2675 προκειμένης
1385 2605 1741 2666 ὑποθέσεως.»

184 2701 247 2751 Ἡ
282 2702 382 2767 μὲν
416 2696 514 2751 οὖν
538 2698 820 2767 ἐπιγραφὴ
850 2698 1073 2767 τοιαύτη
1100 2698 1305 2766 βιϐλίον
1332 2697 1533 2767 μᾶλλον
1565 2699 1595 2765 ἢ
1633 2702 1748 2749 ἐπι-

181 2794 370 2861 γραφὴ
405 2791 616 2860 βιϐλίου
651 2791 1019 2858 τυγχάνουσα·
1048 2790 1212 2858 ἄμφω
1233 2790 1289 2842 δὲ
1307 2831 1322 2855 ,
1350 2791 1377 2842 ὃ
1395 2807 1453 2840 τε
1480 2790 1749 2858 Θεόδωρος

174 2887 267 2936 καὶ
306 2883 635 2951 Θεμίστιος,
667 2880 931 2948 αἱρετικοὶ
967 2881 1058 2932 καὶ
1087 2882 1183 2948 τῆς
1210 2880 1319 2932 τῶν
1368 2878 1748 2947 Θεοπασχιτῶν

175 2976 394 3042 μερίδος
427 2972 770 3040 ὑπάρχουσι,
818 2971 1041 3039 Σεδήρῳ
1065 2973 1084 3000 ³
1117 2970 1632 3039 προσανακείμενοι.
1691 2969 1749 3021 Ὀ

174 3067 362 3137 μέντοι
386 3064 682 3132 Θεμίστιος
706 3063 738 3129 ἦ
774 3060 1103 3129 Καλώνυμος
1133 3064 1149 3127 (
1177 3061 1492 3130 ὲξονομάζει
1523 3062 1630 3129 γὰρ
1657 3061 1749 3112 καὶ

172 3159 345 3219 οὕτως
375 3157 542 3216 αὐτὸς
574 3156 797 3223 ἑαυτὸν)
837 3156 932 3205 καὶ
961 3154 1057 3222 τῆς
1108 3153 1216 3203 τῶν
1258 3153 1541 3219 Ἀγνοῖτῶν
1567 3154 1585 3183 ³
1616 3170 1749 3221 προ-

1836 668 1952 704 rum
1984 654 2112 723 (56)
2168 664 2331 723 atque
2358 652 2695 708 Theodorum
2728 664 2909 723 patres
2936 654 3136 711 laudat.
3163 655 3229 710 Et
3258 672 3396 712 con-

1838 752 1915 795 tra
1943 744 2178 797 divinum
2209 745 2422 812 quidem
2468 744 2728 813 Cyrillum
2766 760 2874 799 non
2905 754 3012 799 tam
3055 746 3398 813 impudenter

1836 833 1889 884 in
1930 848 2024 887 eos
2078 834 2431 900 blaspliemat.
2472 834 2724 888 Attamen
2782 834 3043 890 Joannem
3119 837 3291 898 hunc.
3343 840 3397 891 in

1834 939 1992 991 quem
2018 925 2211 994 stylum
2240 925 2489 985 strinxit,
2528 924 2614 977 alii
2646 936 2905 994 praeterea
2937 926 3069 980 nulli
3100 928 3218 993 rei,
3258 944 3397 998 prte-

1836 1026 2080 1084 terquam
2121 1015 2306 1083 Cyrilli
2352 1017 2633 1070 duodecim
2684 1019 2951 1087 capitibus
2993 1019 3151 1073 inniti
3210 1019 3396 1085 refert,

1838 1122 1901 1162 ac
1948 1108 2299 1170 duodecimo,
2347 1108 2453 1168 ait.
2504 1107 2770 1171 maxime,
2801 1124 2907 1177 quo
2947 1109 3113 1163 Deum
3155 1108 3243 1162 ille
3269 1126 3397 1178 pas-

1838 1212 1954 1249 sum
2010 1198 2423 1251 subintroducit.
2495 1197 2671 1267 Atque
2718 1198 2769 1251 in
2834 1198 2919 1252 his
2989 1198 3145 1253 linem
3202 1202 3399 1269 accipit

1841 1285 2041 1340 frustra
2078 1287 2167 1341 ille
2202 1288 2268 1341 ab
2297 1302 2362 1341 eo
2408 1296 2691 1355 susceptus
2728 1287 2899 1341 labor.
2946 1287 3093 1355 Opus
3137 1305 3300 1352 vero,
3341 1302 3401 1344 ut

1840 1394 2000 1447 supra
2061 1380 2239 1433 dicere
2284 1380 2536 1443 memini,
2588 1378 2815 1432 Leontio
2861 1379 3078 1432 dedicat
3146 1380 3401 1442 cuidam.

1841 1485 1998 1538 quem
2063 1470 2497 1529 sanctissimum.
2562 1468 2778 1537 Deoqne
2858 1468 3285 1535 charissimum,
3350 1479 3404 1523 et

1843 1561 2055 1615 Patrem
2092 1560 2371 1628 magnifice
2406 1562 2682 1627 praedicat.

2528 1649 2709 1703 CVIII.

1846 1742 2104 1795 Theodori
2132 1740 2380 1795 Monac/ii
2412 1739 2757 1819 Alexandrini
2780 1740 3039 1793 Aduersus
3064 1739 3402 1794 Themiuium

1990 1882 2258 1935 Themistii
2292 1810 2876 1947 Apologialﬁrerruancto
2907 1877 3260 1945 Theophobio.

1917 1971 2114 2024 Lectus
2168 1980 2249 2024 est
2283 1969 2553 2024 Theodori
2601 1968 2954 2022 Alexandrini
3007 1970 3254 2022 monachi
3303 1969 3403 2020 ad—

1846 2079 2023 2115 versus
2075 2061 2411 2114 Themistium
2488 2060 2642 2124 liber,
2688 2059 2840 2127 cujus
2890 2059 3005 2113 haec
3065 2058 3345 2127 inscriptio
3386 2076 3400 2110 :

1845 2151 2160 2205 Conlulatio
2217 2150 2431 2214 brevis,
2505 2164 2607 2215 qua
2656 2149 2955 2217 superioris
3004 2149 3262 2218 temporis
3308 2150 3405 2202 de-

1848 2260 1955 2299 nuo
1981 2245 2207 2311 repetita
2234 2243 2322 2295 illa
2358 2240 2640 2295 'I‘liemistii
2673 2251 2856 2293 contra
2882 2240 3068 2293 Patres
3117 2241 3404 2293 temeraria

1848 2337 2185 2403 maximeque
2228 2334 2458 2387 absurda
2507 2332 2785 2385 contentio
2823 2330 3133 2385 refellitur:
3167 2346 3195 2384 a
3246 2330 3403 2385 nobis

1849 2442 1992 2479 nunc
2020 2426 2299 2479 elaborata
2320 2464 2335 2490 ,
2364 2423 2648 2476 occasione
2678 2421 3012 2488 objectarum
3042 2422 3107 2474 ab
3141 2422 3253 2488 ipso
3275 2437 3403 2473 con-

1850 2529 1926 2571 tra
1958 2521 2241 2572 veritatem
2282 2516 2643 2585 quaestionum
2665 2553 2679 2578 ,
2726 2524 2885 2581 atque
2932 2512 3361 2566 enuntiationum
3385 2551 3400 2574 ,

1847 2626 1965 2662 cum
2012 2609 2246 2661 dilucida
2280 2608 2639 2676 explicatione
2664 2604 2855 2668 obiecti
2886 2605 3208 2672 argumenti.
3246 2622 3266 2655 ι
3300 2603 3406 2656 Ta-

1850 2702 1913 2753 lis
1942 2701 2031 2754 hic
2093 2700 2256 2767 igitur
2298 2698 2421 2750 libri
2447 2698 2674 2760 titulos,
2718 2706 2775 2749 ut
2804 2695 2938 2749 liber
2977 2696 3193 2762 potius,
3244 2710 3404 2762 qn;.m

1852 2790 2035 2842 titulus
2057 2790 2176 2843 libri
2203 2788 2465 2842 videatur.
2494 2786 2728 2855 Uterque
2753 2802 2880 2841 vero
2908 2786 3224 2838 Theodorus
3254 2801 3405 2853 atque

1850 2898 1911 2936 ac
1944 2882 2307 2943 Themistius,
2358 2881 2595 2933 haeretici
2650 2891 2703 2931 et
2737 2880 2972 2947 partium
3026 2878 3254 2930 studiosi
3290 2876 3409 2929 fne-

1852 2980 2003 3031 runt,
2048 2982 2233 3021 eorum
2289 2968 2379 3034 qui
2446 2966 2784 3021 divinitatem
2835 2966 2967 3032 (57)
3026 2980 3240 3033 passam
3287 2981 3409 3020 esse

1851 3066 2200 3119 asseverant,
2269 3057 2474 3110 Severo
2532 3058 2787 3109 nimirum
2849 3056 3074 3110 addicti.
3140 3057 3408 3111 Caeterum

1851 3145 2208 3209 Tliemistius,
2235 3146 2347 3199 sive
2375 3144 2699 3214 Calonymus
2740 3145 2879 3213 (hoc
2910 3144 3053 3197 enim
3082 3144 3183 3197 sibi
3210 3158 3408 3211 cogno-

175 3251 376 3319 στάτης
428 3249 578 3300 ἐστὶν
611 3248 903 3316 αἱρέσεως,
941 3247 1036 3298 καὶ
1070 3247 1224 3313 λόγον
1255 3247 1393 3311 ὑπὲρ
1434 3246 1530 3313 τῆς
1562 3244 1744 3297 τοιαύ-
1774 3246 1814 3301 C

1734 3273 1744 3284 .
1774 3246 1814 3301 c
1850 3251 2086 3291 mentum
2134 3252 2347 3305 quoque
2380 3236 2620 3305 addidit)
2676 3237 2837 3290 etiam
2894 3237 3258 3302 Agnoetarum
3290 3234 3402 3305 (58)

174 3357 269 3409 της
294 3342 455 3392 νόσου
480 3338 834 3406 συνέγραψεν,
856 3337 912 3388 ὃν
937 3336 1213 3405 ἐπέγραψε
1232 3336 1625 3401 (Καλωγύμου
1646 3332 1748 3387 τοῦ

176 3432 269 3483 καί
289 3432 593 3496 Θερσίλου
611 3429 904 3496 ἀπολογία
923 3428 1076 3494 ὑπὲρ
1101 3427 1205 3479 τοῦ
1235 3428 1303 3479 ἐν
1320 3426 1507 3494 ἁγίοις
1538 3428 1750 3491 Θεοφο-

176 3524 329 3585 ὅίου,
380 3524 439 3573 ἐν
458 3515 505 3587 ᾧ
527 3521 620 3571 καὶ
648 3519 886 3588 Σεόήρου
918 3557 932 3579 ,
978 3511 1458 3585 ᾧ-προσανάκειται
1484 3515 1749 3585 (τοιοῦτον

176 3617 283 3684 γάρ
316 3616 381 3666 τὸ
424 3612 622 3680 ψεῦδος
668 3611 761 3663 καὶ
796 3612 843 3661 οἱ
877 3611 1105 3679 ἐρασταὶ
1152 3608 1245 3660 τοῦ
1276 3608 1565 3676 ψεύδους),
1614 3607 1745 3658 καο-

176 3710 429 3759 ἅπτεται.
450 3701 693 3762 Εὐθύνας
709 3703 764 3753 δὲ
787 3703 843 3751 ὲν
868 3700 1000 3769 τῷδε
1021 3701 1097 3767 τῷ
1119 3700 1260 3767 λόγῳ
1277 3698 1424 3765 παρὰ
1441 3700 1461 3729 ⁸
1476 3696 1749 3765 Θεοδώρου

176 3796 609 3865 εἰσπράττεται·
640 3792 707 3844 τὰ
738 3792 844 3860 γάρ
872 3809 952 3843 τοι
994 3790 1088 3842 τοῦ
1131 3790 1423 3857 Θεμιστίου
1470 3790 1750 3858 ἐπιχειρή-

180 3903 323 3953 ματα
354 3884 602 3949 τὲσσαρα
637 3881 733 3951 μὲν
766 3880 893 3931 ὄντα
913 3922 926 3940 ,
953 3883 1052 3949 τὴν
1084 3879 1308 3945 ἄγνοιαν
1341 3877 1396 3929 δὲ
1423 3918 1437 3941 ,
1470 3877 1544 3938 ὡς
1582 3876 1745 3945 ᾤετο,

177 3977 267 4026 ἐπὶ
314 3971 561 4040 Χριστοῦ
610 3969 1125 4032 κατασκευάζοντα,
1172 3966 1294 4017 καθ’
1333 3965 1390 4017 ἒν
1419 3969 1446 4017 ό
1475 3965 1748 4032 Θεόδωρος

176 4066 490 4133 ταξάμενος
510 4100 525 4125 ,
556 4062 783 4123 ἕκαστος
819 4060 1040 4129 μυρίαις
1065 4060 1316 4121 ἀτοπίαις
1336 4058 1623 4126 ἐχόμενον⁸
1641 4057 1749 4108 δεί-

177 4171 392 4205 κνυσιν.
432 4150 567 4204 Εἶτα
611 4151 772 4202 πάλιν
812 4153 840 4203 ό
872 4150 1190 4218 Θεμίστιος,
1225 4149 1412 4217 ὥσπερ
1443 4150 1539 4218 τὴν
1580 4143 1748 4217 ἧτταν

176 4244 623 4311 ἀνακαλούμενος
646 4282 661 4305 ,
694 4243 835 4293 κατὰ
868 4240 1144 4310 Θεοδώρου
1176 4239 1489 4308 μονόὸιόλον
1520 4240 1745 4308 ἔγραψε.

179 4339 288 4390 Καὶ
320 4338 351 4389 ὁ
375 4336 655 4402 Θεόδωρος
687 4333 847 4384 πάλιν
873 4334 929 4384 ὲν
958 4332 1106 4401 τρισὶ
1128 4333 1315 4401 τόμοις
1345 4333 1471 4393 τοὺς
1506 4331 1623 4383 κατ’
1654 4333 1748 4381 αύ-

178 4426 269 4479 τοῦ
318 4426 581 4492 ἐλέγχους
628 4423 1180 4489 ἀποσκευασάμενος,
1229 4423 1325 4491 τὴν
1378 4422 1584 4473 οἰκείαν
1627 4422 1747 4473 ὲπὶ⁶

176 4515 357 4584 τούτῳ
391 4514 549 4577 δόξαν
593 4513 767 4583 ἀληθῆ
815 4515 1216 4583 παρεστήσατο.
1268 4513 1423 4563 Ἔστι
1461 4512 1517 4564 δὲ
1546 4512 1747 4563 τούτων

178 4605 442 4671 ἑκάτερος
475 4602 569 4654 τοῦ
602 4621 660 4655 τε
690 4603 1021 4672 συγγράφειν
1049 4604 1147 4654 οὐκ
1178 4601 1420 4671 ἀπείρως
1449 4601 1586 4669 ἔχων
1612 4641 1626 4664 ,
1656 4603 1749 4653 καὶ

177 4695 239 4747 τὸ
272 4694 448 4760 σαφὲς
474 4692 613 4762 μετά
646 4693 741 4746 τοῦ
776 4695 1024 4745 συντόνου
1071 4692 1167 4745 καὶ
1206 4692 1299 4743 τοῦ
1354 4691 1749 4760 καθεστηκότος

178 4788 239 4837 ἐν
271 4786 457 4852 λόγοις
489 4784 697 4837 διώκων
716 4785 759 4838 ⁷.

900 4875 1023 4928 ΡΘ’.

178 4967 538 5035 Κλήμεντος
593 4964 1040 5032 Ἀλεξανδρείας
1096 4964 1499 5031 πρεσϐυτέρου
1518 4963 1747 5027 βιϐλία.

266 5057 609 5127 Ἀνεγνώσθη
674 5058 986 5126 Κλήμεντος
1052 5055 1443 5123 Ἀλεξανδρέως
1504 5055 1746 5123 πρεσϐυ-

1851 3337 2013 3380 sectae
2043 3335 2204 3395 caput
2250 3325 2399 3378 fuit:
2434 3325 2500 3378 de
2547 3339 2653 3393 qua
2704 3335 2757 3379 et
2811 3325 3006 3378 librum
3044 3324 3402 3392 conscripsit,

1852 3414 2006 3468 afﬁxo
2050 3414 2203 3468 titulo
2235 3430 2249 3467 :
2282 3413 2551 3482 Colonymi
2582 3430 2673 3466 seu
2737 3413 3007 3466 Themistii
3033 3413 3273 3483 apologia
3310 3431 3405 3482 pro

1850 3518 2030 3561 sancto
2067 3506 2391 3574 Tlieopliobio
2418 3504 2576 3574 (59).
2600 3505 2717 3570 Quo
2741 3506 2791 3559 in
2821 3506 2956 3559 libro
2992 3507 3163 3574 ipsum
3195 3519 3410 3575 quoque

1852 3600 2108 3653 Severum
2130 3637 2145 3663 ,
2188 3598 2273 3652 cui
2354 3608 2529 3650 tamen
2570 3598 2814 3651 addictus
2866 3607 2982 3651 erat
3010 3598 3187 3665 (tanta
3217 3608 3298 3650 est
3327 3601 3410 3654 vis

1851 3688 2102 3743 falsitatis
2124 3729 2139 3754 ,
2174 3688 2276 3741 tale
2297 3698 2351 3741 et
2380 3689 2647 3740 mendacii
2672 3697 2915 3741 amantes
2940 3687 2959 3756 )
2995 3690 3364 3757 perstringens
3390 3729 3407 3755 ,

1850 3780 2119 3833 dictorum
2177 3794 2206 3831 a
2251 3776 2536 3831 Theodoro
2608 3778 2846 3830 rationes
2893 3778 3080 3846 exigit.
3123 3777 3405 3832 Themistii

1850 3871 1995 3925 enim
2022 3878 2256 3937 quatuor
2291 3878 2606 3937 argumenta
2632 3868 2718 3921 illa
2739 3906 2754 3931 ,
2778 3867 2976 3934 quibus
3027 3883 3087 3921 se
3130 3870 3404 3924 inscitiam

1851 3963 1903 4015 in
1938 3962 2154 4016 Christo
2202 3961 2458 4028 probasse
2502 3960 2889 4023 arbitrabatur,
2940 3957 3259 4014 Theodorus
3289 3962 3405 4014 siu-

1849 4054 2070 4123 gulatim
2105 4053 2411 4119 expendens
2455 4062 2619 4121 atque
2667 4055 2973 4119 azstimans,
3037 4055 3244 4123 singula
3279 4071 3405 4110 sex-

1850 4154 2005 4197 centa
2051 4142 2333 4196 continere
2380 4143 2615 4196 absurda
2674 4143 2936 4197 ostendit.
2996 4143 3133 4199 Hinc
3189 4162 3403 4202 rursum

1850 4232 2180 4287 Themistius
2210 4248 2224 4283 :
2256 4240 2532 4298 acceptam
2559 4232 2722 4285 veluti
2750 4232 2958 4288 cladem
2988 4249 3267 4302 reparans,
3292 4238 3406 4291 sin-

1850 4324 2093 4391 gularem
2120 4322 2317 4375 librum
2351 4322 2402 4373 in
2455 4319 2800 4375 Theodorum
2835 4325 3182 4391 conscripsit.
3224 4324 3403 4379 Theo-

1850 4412 2013 4464 dorus
2059 4419 2247 4463 autem
2301 4409 2473 4462 tribus
2503 4409 2741 4463 vicissim
2779 4410 2967 4471 libris.
3009 4424 3063 4467 et
3100 4414 3258 4482 89a
3286 4429 3404 4482 qua:

1851 4502 1935 4555 ille
1967 4500 2413 4570 reprehenderat,
2441 4499 2673 4566 refutat,
2700 4510 2755 4554 et
2782 4517 2934 4555 suam
2977 4504 3044 4556 de
3087 4507 3185 4558 hac
3218 4521 3274 4559 re
3309 4521 3398 4559 ve-

1854 4608 1966 4646 ram
2036 4591 2345 4660 opinionem
2416 4590 2653 4659 exponit.
2695 4590 2930 4659 Uterque
2971 4594 3240 4647 scribendi
3294 4610 3399 4648 non

1854 4682 2167 4749 imperitus,
2213 4680 2652 4747 perspicuitatem
2702 4680 2875 4735 solida
2908 4697 3031 4736 cum
3068 4684 3405 4737 vehementia

1850 4776 1905 4828 in
1934 4774 2160 4828 dicendo
2190 4782 2430 4827 sectatus
2467 4786 2572 4829 est.

2563 4865 2693 4919 CIX.

2017 4953 2297 5009 Clementis
2326 4956 2676 5008 Alexandrini
2709 4958 3001 5025 presbyteri
3031 4958 3260 5028 Scripta.

1925 5046 2087 5100 Lecta
2117 5058 2241 5101 sunt
2273 5046 2569 5101 Clementis
2594 5047 2705 5117 (59)
2733 5048 3081 5105 Alexandrini
3108 5054 3403 5122 presbyteri

1450 5145 1681 5199 VARIAS
1722 5138 2120 5196 LECTIONES.

253 5244 301 5275 ”
334 5242 431 5294 καὶ
456 5256 564 5293 om.
588 5254 666 5306 pr.
709 5242 774 5292 A.

179 5314 310 5383 περί
344 5329 408 5375 ς.
483 5312 503 5341 ⁸
535 5311 765 5379 ἐχόμενα
796 5309 860 5361 Α.

878 5241 893 5270 ³
932 5239 1089 5306 ἡμῶν
1123 5239 1244 5291 add.
1286 5239 1350 5290 Α.

935 5310 1372 5370 θὲπίΔιὲνς.

1451 5238 1471 5265 ¹
1504 5248 1621 5303 post
1658 5234 1881 5301 Σεϐήρῳ
1927 5247 2047 5285 cum
2089 5230 2134 5285 A
2183 5232 2339 5284 omisi
2376 5230 2453 5285 δέ.

1447 5308 1465 5337 '-'
1494 5305 1705 5358 διώκων
1728 5308 1786 5355 ἐν
1817 5305 1994 5369 λόγοις
2022 5318 2081 5363 ς.

2554 5232 2576 5261 ³
2603 5232 2880 5301 ἀγνοητῶν
2919 5234 2984 5287 Α.
3079 5234 3103 5265 δ
3136 5236 3285 5304 παρά
3339 5239 3402 5289 Δ.

1681 5394 1908 5450 NOTAE.

251 5497 393 5575 (ἥδ)
430 5492 528 5547 Hic
557 5493 869 5556 Tarsensis,
898 5507 1127 5561 sequens
1154 5493 1488 5562 Mopsuestia:
1532 5490 1741 5559 episco-

176 5568 818 5706 Ρυῗὸξιῖῗὴεορεεοίῄιε
851 5647 879 5706 a
912 5632 1114 5706 Graecis
1146 5631 1417 5706 appellati.
1461 5628 1603 5706 _Y_ide
1645 5629 1739 5683 Ni-

178 5701 339 5773 ceph.
373 5704 467 5773 lib.
499 5716 631 5754 xvut
662 5701 930 5773 Historia:
964 5701 1271 5773 [ger-lexin“.
1303 5716 1421 5768 cap.
1458 5701 1548 5773 5i.

253 5768 368 5843 (58)
400 5771 625 5843 Nicepli.
660 5772 753 5843 lib.
786 5784 923 5843 _x_vm
978 5769 1178 5843 Eccles.
1215 5771 1336 5843 hist.
1369 5785 1487 5837 cap.
1518 5768 1607 5843 50,
1632 5783 1734 5843 non

1853 5500 1959 5559 tur,
1997 5483 2150 5551 cujus
2188 5485 2557 5559 sup.__mentio
2600 5485 2728 5559 cod.
2767 5485 2859 5539 25.
2902 5490 2947 5539 Α
2996 5504 3101 5557 quo
3146 5491 3398 5559 Agnoeta:

1848 5558 2097 5623 primum,
2135 5564 2253 5623 post
2286 5551 2639 5623 Tltemistiani
2679 5556 2829 5619 dicti,
2868 5567 2927 5611 ut
2958 5551 3034 5611 ait
3070 5551 3256 5613 beatus
3301 5562 3402 5616 Da—

1857 5638 2027 5679 masc.
2060 5622 2149 5674 lib.
2185 5622 2258 5673 De
2288 5621 2591 5677 hwresibus.

1920 5693 2043 5762 (59)
2066 5691 2208 5758 Lege
2250 5689 2444 5762 Baron.
2477 5696 2626 5762 card.
2668 5695 2861 5746 Annal.
2902 5707 3031 5750 tom.
3071 5698 3132 5761 ll,
3176 5707 3228 5751 et
3267 5702 3399 5755 edit-

1846 5759 1964 5816 Lat.
2008 5761 2256 5821 Genl'mi
2300 5759 2539 5828 Ilerveti,
2583 5761 2852 5831 Notusque
2920 5766 2973 5821 in
3026 5759 3401 5825 Germanicam

181 5834 511 5897 Tliemistius
534 5834 629 5894 'bic
661 5841 763 5891 sub
786 5838 1003 5891 Valente
1037 5840 1382 5905 philosophus
1406 5834 1540 5901 {sed
1562 5838 1738 5904 potius
1842 5834 1970 5887 edit.

184 5913 421 5969 Cononis
447 5911 535 5967 ille
572 5912 628 5966 in
662 5911 1019 5978 oppugnando
1046 5908 1340 5977 l’liilopono
1377 5909 1557 5963 socius
1588 5908 1730 5961 vide-
