4224 6442
759 406 865 470 383

1924 402 2191 465 ΡΠΟΤΙῙ
2229 398 2735 462 PATRIARCH/E
2759 399 2869 459 CP.

3924 391 4037 459 384

759 518 861 569 tria
908 515 1171 568 librorum
1224 511 1520 577 volumina,
1578 526 1808 581 quorum
1852 515 2013 565 unius
2059 512 2346 581 inscriptio

2453 509 2607 577 τέρου
2646 507 2817 576 τεύχη
2867 505 3087 575 βιϐλίων
3137 505 3286 575 τρία,
3340 496 3418 557 ὧν
3446 504 3508 557 es
3559 503 3663 575 μὲν
3713 503 4038 573 ἐπιγραφὴν

757 615 859 671 est,
895 603 1282 673 Hypotyposu;
1316 601 1563 666 alterius,
1595 600 1930 655 Stromateus
1958 615 1971 663 ;
2022 600 2166 651 tertii
2209 612 2338 649 vero

2453 600 2632 669 ἔλαχεν
2683 598 3151 663 Ὑποτυπώσεις,
3200 598 3262 650 τὸ
3305 596 3361 651 δὲ
3411 596 3821 667 Στρωματεὺς,
3874 595 3938 647 τὸ
3981 595 4040 645 δὲ

763 694 1115 763 Pwdagogus.

909 783 1339 854 Hypolyposeon,
1369 784 1471 836 sive
1490 781 1905 849 Dispositionum
1938 781 2058 832 libri
2084 796 2201 832 vm.

834 875 1207 949 Il'ypotyposes
1256 876 1473 944 quidem
1547 874 1992 941 disceptationem
2060 876 2344 925 continent

760 965 999 1018 locorum
1027 964 1230 1033 aliquot
1276 963 1483 1017 Veteris
1526 962 1767 1032 Novique
1813 962 2171 1023 Testamenti,
2224 976 2343 1025 quin

760 1058 922 1111 etiam
966 1057 1279 1112 summatim
1324 1056 1595 1120 explicat,
1645 1067 1699 1108 et
1752 1044 2172 1119 interpretatur.
2229 1053 2340 1104 Etsi

762 1160 942 1200 autem
975 1156 1123 1201 recte
1150 1146 1203 1198 in
1234 1146 1555 1213 quibusdam
1603 1146 1810 1199 sentire
1839 1145 1988 1195 visus
2010 1154 2111 1208 est,
2147 1144 2197 1195 in
2225 1143 2345 1194 aliis

762 1254 950 1292 rursus
979 1238 1140 1306 impie
1176 1239 1399 1290 omnino
1454 1236 1805 1303 falmloseque
1855 1235 2093 1287 disserit.
2138 1235 2347 1287 Asserit

761 1331 902 1383 enim
932 1330 1216 1383 materiam
1260 1339 1529 1381 azternam
1560 1342 1705 1390 esse,
1738 1338 1791 1381 et
1828 1327 1977 1379 ideas
2002 1325 2162 1377 veluti
2188 1326 2350 1378 certis

762 1421 996 1473 decretis
1025 1420 1198 1474 induci
1230 1418 1401 1487 ﬁngit.
1434 1417 1623 1471 Filium
1666 1432 1877 1485 quoque
1914 1418 1963 1469 in
2006 1417 2166 1469 rebus
2193 1430 2348 1469 crea-

766 1513 833 1563 tis
875 1520 1149 1564 numerat.
1198 1511 1402 1564 Adher
1446 1510 1749 1563 animarum
1785 1509 2155 1575 migrationes,
2210 1507 2351 1559 mul-

766 1612 953 1669 tosque
984 1612 1110 1655 ante
1137 1601 1401 1655 Adamum
1429 1602 1659 1654 mundos
1688 1601 1996 1670 prodigiose
2036 1598 2353 1651 comminis-

764 1698 929 1749 citur.
964 1695 1129 1748 Evam
1159 1704 1446 1764 prazterca,
1478 1710 1541 1747 ex
1575 1694 1805 1755 Adamn,
1838 1710 1943 1745 non
1974 1703 2031 1745 nt
2056 1694 2196 1745 sacri
2223 1691 2347 1743 libri

766 1788 1008 1850 tradunt,
1054 1786 1147 1841 sed
1182 1786 1419 1840 obscene
1468 1795 1628 1853 atque
1664 1786 1827 1853 impie
1868 1784 2069 1837 educit.
2120 1782 2354 1851 Angelos

766 1895 1008 1948 quoque,
1038 1895 1160 1931 cum
1190 1877 1405 1932 feminis
1431 1877 2131 1946 congressos,liberosinde
2152 1884 2346 1929 sustu-
2378 1858 2419 1911 Β

765 1970 895 2024 lisse
924 1969 1181 2023 somniat.
1215 1968 1355 2035 Quin
1380 1980 1433 2023 et
1463 1968 1692 2022 Verbum
1724 1983 1944 2021 carnem
1977 1983 2081 2021 non
2109 1982 2226 2021 esse
2252 1965 2339 2019 fa-

763 2072 936 2123 ctum,
967 2061 1062 2114 sed
1108 2060 1182 2113 ita
1232 2060 1411 2113 visum
1447 2060 1731 2113 duntaxat.
1778 2059 1889 2112 Duo
1922 2059 1985 2113 ad
2030 2058 2143 2113 haec
2174 2056 2350 2112 Patris

770 2152 943 2206 Verba
981 2152 1211 2207 ﬁnxisse
1249 2152 1696 2221 deprehenditur,
1722 2166 1951 2219 quorum
1990 2150 2168 2203 minus
2200 2165 2348 2203 mor-

764 2245 964 2300 talibus
1016 2246 1087 2300 sit
1120 2246 1317 2299 visum.
1362 2244 1477 2297 lmo
1521 2259 1585 2297 ne
1615 2245 1716 2297 hoc
1766 2243 2018 2311 quidem;
2081 2244 2159 2296 sic
2203 2244 2347 2296 enim

764 2337 994 2391 scribit:
1027 2355 1045 2388 ι
1080 2336 1286 2390 Dicitur
1324 2336 1543 2399 quidem
1593 2344 1647 2389 et
1681 2334 1855 2389 Filius
1899 2334 2136 2388 Verbum
2180 2336 2349 2401 aequi-

769 2446 903 2485 voce
927 2446 1049 2483 cum
1088 2428 1275 2484 Patrio
1311 2427 1514 2484 Verbo.
1562 2427 1760 2481 Verum
1786 2426 1903 2499 (60)
1935 2440 2109 2496 neque
2146 2426 2248 2480 hoc
2282 2426 2349 2480 il-

763 2522 854 2575 lud
892 2521 1128 2575 Verbum
1155 2531 1265 2585 est,
1300 2522 1442 2590 quod
1471 2536 1599 2575 caro
1626 2520 1827 2573 factum
1860 2529 1964 2581 est,
1996 2533 2169 2587 neque
2185 2519 2349 2571 etiam

765 2612 1008 2667 Patrium
1042 2613 1173 2667 illud
1202 2611 1438 2666 Verbum
1475 2629 1488 2665 :
1518 2613 1610 2667 sed
1644 2612 1723 2665 vis
1752 2612 1997 2679 quasdam
2022 2625 2086 2663 ac
2108 2618 2351 2679 potestas

766 2706 881 2769 Dei,
913 2717 1173 2775 tanquam
1201 2721 1231 2760 ι
1257 2705 1439 2759 Verbo
1468 2706 1585 2774 ipso
1606 2702 1902 2772 proﬂuens,
1935 2716 2088 2755 mens
2134 2700 2348 2766 effecta,

766 2797 1047 2851 hominum
1092 2797 1304 2850 animos
1350 2797 1606 2862 pervasit.
1655 2813 1674 2844 ι
1720 2793 1851 2859 Quae
1902 2793 2117 2863 quidem
2168 2792 2350 2845 omnia

766 2903 934 2941 sacra:
955 2887 1253 2957 Scriptura;
1275 2887 1600 2941 testimoniis
1622 2886 1828 2955 aliquot
1856 2896 2102 2938 astruere
2126 2883 2345 2937 nititur.

765 2979 1087 3048 Quanquam
1119 2987 1175 3033 et
1204 2979 1306 3033 alia
1336 2978 1389 3032 id
1418 2992 1589 3048 genus
1607 2976 2194 3041 sexcentaldaspbema
2221 2988 2350 3028 voce

767 3082 1021 3142 nugatur,
1053 3086 1149 3125 seu
1184 3071 1319 3140 ipse,
1362 3070 1475 3125 sive
1505 3070 1627 3137 quis
1664 3069 1804 3121 alius
1833 3068 1971 3137 (61),
2004 3067 2121 3135 ejus
2163 3082 2350 3135 perso-

2444 692 2823 760 Παιδαγωγός
2854 693 2894 744 ⁸.

2794 785 3261 839 Ὑποτυπὼσεων
3313 784 3481 851 τόμοι
3519 780 3692 833 ὀκτώ.

2521 879 2584 931 Αἱ
2617 878 2714 947 μὲν
2748 873 2840 931 οὖν
2864 876 3302 941 ’Υποτυπώσεις
3322 874 3752 942 διαλαμϐάνουσι
3770 870 3902 941 περὶ
3936 873 4040 938 ρη-

2445 972 2553 1022 τῶν
2584 989 2746 1023 τινων
2768 970 2870 1037 τῆς
2900 986 2958 1021 τε
2987 969 3229 1030 Παλαιᾶς
3258 968 3353 1019 καὶ
3383 966 3528 1028 Νέας
3552 966 3800 1035 Γραφῆς,
3838 957 3915 1016 ῶν
3939 962 4038 1015 καὶ

2448 1062 2837 1130 κεφαλαιωδῶς
2883 1063 2959 1125 ὡς
3003 1062 3165 1131 δῆθεν
3198 1058 3460 1129 ὲξήγησίν
3492 1075 3551 1110 τε
3596 1058 3689 1108 κα)⁵
3730 1054 4040 1124 ἑρμηνείαν

2450 1155 2707 1204 ποιεῖται.
2746 1153 2856 1204 Καὶ
2889 1154 2945 1203 tv
2978 1152 3090 1204 τισὶ
3125 1152 3224 1221 μὲν
3248 1151 3427 1202 αὐτῶν
3450 1148 3626 1218 ὀρθῶς
3648 1149 3798 1199 δοκεῖ
3829 1147 4037 1213 λέγειν,

2450 1249 2507 1299 ὲν
2537 1248 2647 1298 τισὶ
2672 1246 2727 1297 δὲ
2754 1245 3034 1308 παντελῶς
3060 1247 3140 1307 εἰς
3169 1244 3385 1301 ἀσεϐεῖς
3412 1243 3505 1294 καὶ
3538 1240 3807 1310 μυθώδεις
3842 1239 4038 1305 λόγους

2452 1338 2769 1406 ἐκφέρεται.
2790 1337 2965 1406 ’Υλην
2994 1353 3054 1388 τε
3097 1336 3209 1405 γὰρ
3238 1336 3465 1403 ἄχρονον
3511 1331 3607 1384 καὶ
3640 1330 3787 1392 ἰδέας
3817 1330 3892 1391 ῶς
3926 1329 4039 1381 ἀπό

2451 1447 2614 1481 τινων
2647 1428 2827 1498 ῥητῶν
2857 1426 3219 1495 εἰσαγομένας
3258 1424 3493 1488 δοξάζει,
3542 1422 3637 1475 καὶ
3666 1421 3758 1473 τὸν
3792 1421 3926 1473 Υῖδν
3957 1422 4040 1483 εἰς

2453 1520 2658 1588 κτίσμα
2685 1518 2940 1584 κατάγει.
2977 1518 3099 1570 Ἔτι
3126 1517 3183 1569 δὲ
3226 1514 3649 1585 μετεμψυχὼσει
3680 1512 3774 1565 καὶ
3802 1512 4042 1576 πολλοὺς

2454 1611 2561 1677 πρὸ
2602 1608 2694 1661 τοῦ
2756 1609 2927 1677 Ἀδὰμ
2987 1610 3224 1677 κόσμους
3255 1606 3609 1678 τερατεύεται
3635 1622 3649 1635 ⁸
3696 1606 3791 1657 καὶ
3832 1606 3897 1657 ὲκ
3942 1603 4040 1655 τοῦ

2467 1702 2639 1771 Ἀδὰμ
2685 1700 2786 1771 τὴν
2834 1700 3013 1761 Εὕαν.
3059 1700 3158 1770 οὐχ
3193 1699 3273 1762 ὡς
3310 1702 3338 1752 ὁ
3377 1698 3835 1768 ὲκκλησιαστικὸς
3876 1695 4041 1764 λόγος

2458 1795 2722 1865 βούλεται,
2773 1792 2891 1847 ἀλλ’
2920 1791 3162 1862 αἰσχρῶς
3200 1807 3259 1843 τε
3294 1790 3387 1843 καὶ
3415 1790 3590 1852 ἀθέως
3634 1787 3999 1855 ἀποφαίνεται
4023 1802 4038 1815 ·

2452 1886 2742 1957 μίγνυσθαί
2770 1902 2830 1937 τε
2853 1887 2980 1948 τοὺς
3014 1883 3278 1951 ἀγγέλους
3307 1881 3524 1948 γυναιξὶ
3560 1882 3655 1933 καὶ
3696 1880 4042 1933 παιδοποιεῖν

2450 1978 2508 2041 ἐξ
2531 1977 2710 2029 αὐτῶν
2739 1974 3093 2047 ὀνειροπολεῖ,
3131 1975 3224 2027 καὶ
3246 1974 3319 2044 μὴ
3347 1972 3806 2043 σαρκωοῆναιτδν
3834 1971 4032 2037 Λόγον,

2450 2068 2587 2121 ἀλλὰ
2616 2068 2785 2134 δόξαι.
2821 2067 3029 2136 Λόγους
3064 2084 3124 2119 τε
3163 2066 3258 2120 τοῦ
3292 2066 3507 2137 Πατρὸς
3542 2066 3635 2119 δύο
3659 2062 4042 2137 τερατολογῶν

2451 2132 2835 2229 ἀπελέγχ-εται,
2870 2132 2945 2213 ὧν
2988 2159 3081 2212 τὸν
3122 2159 3323 2228 ἥττονα
3360 2132 3474 2221 τοῖς
3502 2160 3523 2191 ⁹
3568 2132 3879 2223 ἁνθρῶποις
3922 2157 4044 2206 ἑπι-

2453 2251 2705 2319 ερανῆναι,
2738 2249 2938 2318 μᾶλλον
2954 2248 3010 2301 δὲ
3041 2248 3161 2300 οὐδὲ
3192 2248 3419 2299 ἐκεῖνον·
3448 2247 3583 2318 φησὶ
3603 2248 3732 2315 γάρ’
3755 2265 3773 2296 ι
3801 2246 4042 2311 Λέγεται

2455 2342 2554 2411 μὲν
2587 2341 2681 2393 καὶ
2723 2341 2751 2391 ὁ
2790 2338 2917 2401 Υἱὸς
2948 2338 3141 2405 Λόγος,
3173 2338 3489 2407 ὁμωνύμως
3532 2336 3611 2406 τῷ
3644 2334 3907 2406 Πατρικῷ
3932 2335 4042 2388 Λό-

2452 2450 2553 2499 γῳ,
2583 2431 2696 2483 ἀλλ’
2736 2430 2833 2498 οὐχ
2858 2429 2903 2461 ³⁸
2937 2420 3093 2490 οὗτός
3126 2429 3275 2481 ἔστιν
3304 2428 3333 2481 δ
3367 2426 3507 2498 σὰρξ
3547 2427 3875 2495 γενόμενος’
3914 2427 4041 2479 οὐδε

2456 2524 2561 2594 μὴν
2588 2525 2617 2575 ὁ
2648 2521 2909 2591 Πατρῷος
2952 2522 3123 2589 Λόγος
3143 2559 3159 2583 ,
3209 2519 3345 2574 ἀλλὰ
3372 2520 3601 2591 δύναμις
3638 2537 3721 2582 τις
3754 2518 3849 2571 τοῦ
3878 2518 4041 2581 Θεοῦ,

2452 2610 2563 2669 οἷον
2600 2614 2873 2684 ἀπόρροια
2908 2611 3004 2666 τοῦ
3039 2613 3213 2681 Λόγου
3246 2611 3434 2679 αὐτοῦ,
3470 2612 3595 2676 νοῦς
3620 2612 3911 2681 γενόμενος
3941 2612 4041 2675 τὰς

2451 2708 2561 2761 τῶν
2624 2705 2932 2776 ἀνθρώπων
2962 2706 3192 2776 καρδίας
3217 2704 3629 2775 διαπεφοίτηκε.
3671 2723 3688 2755 ι
3721 2703 3829 2757 Καὶ
3860 2703 4040 2756 ταῦτα

2455 2800 2635 2852 πάντα
2668 2799 2928 2868 πειρᾶται
2958 2796 3001 2827 ¹¹
3030 2796 3139 2850 ἀπὸ
3177 2796 3359 2867 ῥητῶν
3397 2812 3560 2849 τινων
3598 2794 4042 2858 κατασκευάζειν

2452 2892 2551 2959 τῆς
2586 2890 2621 2940 Γ
2629 2888 2829 2959 ραφῆς.
2859 2887 2972 2941 Κα1⁵
2999 2888 3135 2941 ἄλλα
3155 2887 3213 2940 δὲ
3239 2886 3413 2957 μυρία
3430 2886 3665 2957 φλυαρεῖ
3682 2889 3775 2938 καὶ
3794 2886 4043 2955 βλασφη-

2456 2984 2632 3052 μεῖ¹’,
2668 2980 2778 3033 εἴτε
2820 2980 3004 3045 αὐτὸς,
3042 2981 3151 3033 εῖτε
3192 2996 3277 3041 τις
3326 2979 3514 3049 ἔτερος
3551 2980 3614 3033 τὸ
3655 2978 3823 3033 αὐτοῦ
3866 2996 4041 3048 προσ-

2453 3093 2602 3127 ωπον
2626 3072 2964 3145 ὑποκριθείς.
2986 3070 3351 3143 Ἐποιήθησαν
3370 3072 3426 3124 δὲ
3453 3070 3602 3140 αὐτῷ
3633 3072 3690 3123 αῖ
3724 3069 4041 3139 βλάσφημοι

769 3178 889 3216 nam
927 3161 1364 3230 indutus;plane
1390 3172 1449 3214 ut
1475 3170 1599 3215 octo
1627 3161 1773 3229 ipsos
1804 3159 1970 3212 libros
2001 3158 2149 3211 hisce
2201 3157 2347 3209 blas-

2454 3164 2617 3222 αἶιται
2666 3144 3044 3236 τερατολογίαι
3092 3168 3150 3217 ἑν
3199 3164 3391 3232 τόμοις
3434 3162 3601 3217 ὀκτώ.
3642 3162 3804 3232 Λέγει
3842 3164 3897 3216 δὲ
3946 3165 4045 3216 καὶ

766 3254 1108 3323 phemiarum
1157 3253 1443 3322 portentis,
1486 3253 1553 3307 de
1604 3251 1797 3305 iisdem
1848 3248 2138 3303 identidem
2184 3248 2354 3299 disse-

770 3347 959 3409 rendo,
1017 3360 1081 3399 ac
1117 3344 1353 3413 sparsim
1406 3354 1569 3412 atque
1623 3341 1870 3405 confuse,
1924 3340 2087 3393 veluti
2132 3348 2355 3404 stupore

770 3438 1052 3507 perculsus
1082 3436 1399 3505 Scripturas
1450 3436 1817 3503 producendo,
1874 3431 2180 3499 repleverit.
2213 3430 2352 3486 Uni-

768 3525 910 3579 versi
943 3534 1122 3578 autem
1152 3524 1336 3593 operis
1364 3537 1563 3591 scopus
1604 3522 1774 3575 fuisse
1807 3522 2020 3573 videtur
2054 3520 2351 3583 Geneseos,

769 3617 961 3680 Exodi,
1008 3615 1370 3680 Psalmorum,
1406 3614 1769 3683 Epistolarum
1796 3615 1872 3665 he:
1901 3612 1933 3665 ti
1974 3611 2144 3677 Pauli,
2176 3621 2229 3666 et
2258 3627 2354 3665 ca-

772 3712 1125 3777 tholicarum,
1159 3726 1225 3765 ac
1264 3710 1501 3779 denique
1542 3709 1914 3765 Ecclesiastici
1945 3709 2350 3779 interpretatio.

774 3800 886 3854 Hoc
916 3802 1133 3855 interim
1167 3802 1372 3855 fatetur
1419 3801 1536 3870 ipse
1565 3800 1889 3871 discipulum
1922 3814 1984 3853 se
2021 3798 2191 3856 fuisse
2211 3799 2353 3855 Pan-

772 3896 919 3947 tmni.
953 3892 1059 3947 Sed
1094 3893 1162 3947 de
1195 3892 1616 3964 Hypotypou'bur
1650 3895 1940 3948 hactenus.

1514 3983 1628 4039 CX.

1127 4077 1380 4146 Ejusdem
1423 4075 1710 4145 Pwdagogi
1754 4077 1878 4128 libri
1913 4091 1996 4130 ιιι.

846 4169 967 4225 Jam
1007 4168 1341 4239 Pwdagogus
1388 4168 1562 4223 tribus
1620 4169 1773 4221 libris
1809 4167 1955 4237 δεῖν
1993 4170 2351 4237 conscriptus,

772 4266 937 4319 vitam
966 4280 1255 4332 moresque
1277 4262 1561 4328 informat;
1592 4264 1791 4331 quibus
1809 4272 1862 4313 et
1881 4263 2043 4313 alium
2064 4266 2351 4331 quemdam

773 4356 1083 4424 pra‘mittit,
1143 4352 1495 4423 adjnngitque
1545 4352 1871 4419 singularem
1946 4352 2181 4413 librum,
2247 4369 2354 4421 quo

774 4446 1013 4514 gentium
1042 4444 1236 4499 refellit
1263 4445 1592 4509 impietatem
1626 4442 1757 4510 (62).
1778 4440 1920 4494 Nihil
1948 4454 2128 4495 autem
2170 4444 2351 4499 simile

776 4535 974 4585 habent
1020 4533 1071 4585 hi
1130 4546 1322 4585 omnes
1364 4546 1483 4583 cum
1529 4528 1991 4598 Hypotyposibus,
2046 4531 2262 4597 quando
2298 4541 2352 4583 et

775 4622 986 4677 stolidis
1015 4623 1120 4676 illis
1147 4637 1210 4676 ac
1238 4622 1573 4690 blasphemis
1608 4622 1957 4689 OpitIiOItibus
1986 4622 2210 4674 omnino
2252 4637 2348 4673 va-

774 4726 922 4776 cant,
956 4725 1011 4768 et
1038 4715 1208 4769 dictio
1242 4715 1353 4781 ipsa
1384 4714 1437 4766 in
1486 4713 1570 4767 his
1611 4712 1855 4766 floridior
1886 4714 1951 4764 ad
1994 4722 2350 4780 temperatam

774 4806 1063 4873 quamdam
1092 4804 1409 4872 gravitatem
1440 4819 1544 4855 non
1580 4803 1695 4855 sine
1730 4801 2066 4869 jucunditate
2096 4805 2351 4871 assurgit,

773 4908 829 4951 et
858 4900 1005 4953 varia
1039 4899 1152 4963 illa,
1200 4913 1320 4969 quae
1364 4898 1417 4951 in
1445 4898 1512 4951 iis
1543 4906 1648 4961 est,
1688 4911 1869 4950 rerum
1923 4897 2183 4965 cognitio,
2220 4896 2351 4949 nihil

2458 3260 2585 3329 περὶ
2608 3259 2716 3310 τῶν
2738 3256 2921 3309 αὐτῶν
2948 3255 3234 3319 πολλάκις,
3276 3256 3372 3308 καὶ
3398 3255 3677 3325 σποράδην
3714 3254 3811 3308 καὶ
3849 3271 4045 3321 συγκε-

2456 3350 2710 3419 χυμένως
2764 3347 2895 3419 [288
2935 3344 3032 3419 8.]
3078 3348 3270 3417 ῶσπερ
3316 3346 3631 3416 ἔμπληκτος
3688 3348 3930 3415 παράγει
3975 3346 4045 3399 τὰ

2458 3440 2619 3511 ῥητά.
2676 3440 2734 3492 '0
2757 3439 2813 3491 δὲ
2842 3440 2963 3503 ὅλος
2996 3438 3197 3501 σκοπὸς
3231 3438 3436 3492 ὡσανεὶ
3499 3439 3789 3508 ἑρμηνεῖαι
3838 3439 4044 3507 τυγχά-

2458 3548 2611 3583 νουσι
2633 3531 2731 3599 τῆς
2761 3529 3054 3590 Γενέσεως,
3094 3528 3195 3598 τῆς
3241 3528 3475 3592 Ἐξόδου,
3497 3529 3607 3580 τῶν
3640 3528 3910 3596 Ψαλμῶν,
3945 3528 4041 3579 τοῦ

2456 3623 2603 3677 θείου
2620 3624 2663 3655 ³³
2697 3622 2912 3675 Παύλου
2935 3621 3044 3675 τῶν
3079 3619 3434 3683 Ἐπιστολῶν,
3458 3620 3676 3673 καὶτῶν
3695 3619 4041 3679 Καθολικῶν,

2455 3716 2669 3772 καὶτοῦ
2714 3713 3144 3785 Ἐκκλησιαστοῦ
3177 3713 3241 3769 ³⁸.
3280 3713 3546 3783 Μαθητὴς
3594 3713 3675 3775 δὲ,
3705 3713 3782 3777 ὡς
3821 3714 3918 3765 καὶ
3955 3715 4045 3767 αὺ-

2453 3807 2545 3869 τός
2594 3824 2750 3877 φησι,
2800 3806 2990 3874 γέγονε
3030 3805 3352 3859 Πανταινου.
3394 3803 3560 3859 ’Λλλὰ
3605 3804 3781 3858 ταῦτα
3838 3805 3943 3875 μὲν
3987 3805 4045 3859 αι

2470 3899 2484 3920 '
2496 3896 2863 3954 Υποτυπώσε
2870 3916 2943 3963 ις.

3168 3986 3280 4041 PI'.

2624 4081 2735 4136 Τοῦ
2773 4079 2961 4134 αὐτοῦ
2986 4081 3017 4133 ό
3059 4079 3444 4149 Παιδαγωγός
3488 4080 3559 4133 ἐν
3595 4081 3799 4149 τόμοις
3827 4078 3900 4148 τ’.

2540 4172 2598 4226 'U
2655 4171 2712 4224 δὲ
2743 4169 3124 4239 Παιδαγωγός
3152 4172 3210 4221 tv
3261 4171 3409 4239 τρισὶ
3459 4172 3645 4241 τόμοις
3684 4170 3835 4223 ἐστὶν
3888 4169 4039 4237 αὐτῷ

2455 4260 2965 4330 διαπεπονημένος,
3047 4258 3211 4329 ἤθους
3270 4260 3365 4313 καὶ
3424 4259 3541 4329 βίου
3611 4258 4037 4329 κατορθωτικὸς.

2461 4354 2613 4421 Ἔχει
2640 4353 2695 4403 δὲ
2728 4351 2936 4403 τούτων
2962 4352 3057 4402 καί
3092 4351 3503 4420 προηγούμενον
3543 4352 3635 4402 καὶ
3675 4351 4035 4417 συνταττόμε-

2457 4459 2545 4493 νον
2604 4441 2760 4507 λόγον
2799 4440 3003 4508 ἕτερον,
3080 4441 3136 4491 ὲν
3290 4440 3389 4509 τὴν
3452 4440 3720 4509 Ἑλλήνων
3772 4440 4041 4509 διελέγχει

2455 4532 2742 4600 ἀθεότητα.
2777 4530 2941 4581 Οὐδὲν
2968 4530 3021 4581 δὲ
3061 4532 3245 4597 ὅμοιον
3268 4529 3451 4598 ἔχουσι
3480 4529 3616 4599 πρὸς
3654 4530 3755 4591 τὰς
3788 4530 4043 4583 ’Υποτυο

2451 4622 2674 4685 πτώσεις
2715 4616 2864 4671 οὗτοι
2922 4620 2972 4671 οἱ
3009 4619 3194 4686 λόγοι·
3254 4621 3363 4671 τῶν
3397 4636 3455 4671 τε
3501 4621 3608 4687 γὰρ
3654 4619 3902 4689 ματαίων
3950 4621 4044 4671 καὶ

2454 4712 2664 4782 βλασφή
2676 4729 2789 4780 μων
2817 4710 3231 4779 ἀπηλλαγμένοι
3259 4710 3427 4773 δοξῶν
3464 4711 3857 4779 καθεστήκασι,
3879 4710 3975 4762 καὶ
4008 4712 4039 4778 ή

2454 4806 2655 4874 φράσις
2684 4802 2895 4871 ἀνθηρὰ
2924 4804 3016 4853 καὶ
3054 4802 3181 4872 [I55
3210 4800 3305 4872 IL]
3336 4802 3415 4865 εἰς
3449 4802 3614 4870 ὄγκον
3639 4802 3858 4870 ἠρμένη
3892 4802 4039 4870 σύμ-

2456 4911 2653 4965 μετρον
2680 4894 2818 4962 μετὰ
2856 4892 2949 4945 τοῦ
2999 4893 3175 4962 ήδὲος,
3230 4894 3326 4945 καὶ
3368 4895 3403 4963 ἡ
3448 4893 3790 4965 πολυμάθεια
3821 4892 4036 4964 ἐμπρὲ-

2060 5067 2293 5123 VARUE
2331 5066 2625 5123 LECTION
2635 5064 2732 5120 ES.

848 5222 869 5254 ⁸
897 5221 999 5275 δὲό
1022 5220 1172 5273 παιδ.
1207 5218 1251 5270 Λ
1323 5218 1344 5249 ⁹
1374 5218 1510 5288 τοῖς]
1541 5215 1723 5277 αὐτοῖς
1760 5216 1823 5268 Α.
1864 5287 1870 5288 γ
1908 5214 1949 5288 ξ’
1982 5213 2102 5285 οὐχ]
2137 5214 2199 5265 οὐ
2229 5212 2325 5288 νιξν
2349 5214 2455 5288 Α...
2494 5213 2536 5288 ξ¹
2568 5212 2826 5288 πειρᾶται
2860 5218 2982 5288 post
3009 5208 3172 5263 τινῶν
3208 5210 3361 5280 ponit
3392 5227 3452 5275 ς.
3532 5212 3576 5242 ⁸³
3609 5208 3927 5281 βλασφημεῖ
3948 5214 4043 5265 καὶ

778 5294 1010 5362 φλυαρεῖ
1040 5309 1103 5355 ς’.
1198 5291 1240 5322 ¹³
1269 5288 1362 5342 τοῦ
1396 5283 1542 5339 θείου
1574 5314 1643 5325 ——
1672 5286 1969 5338 ἐπιστολῶν
1996 5283 2106 5339 om.
2150 5300 2233 5353 pr.
2261 5283 2328 5337 A.

2424 5283 2467 5315 "
2497 5283 2957 5351 ὲκκλησιαστικοῡ
2992 5296 3053 5344 ς.

2287 5424 2522 5480 ΝΟΤᾸΞ.

873 5548 963 5631 ρο)
998 5547 1104 5631 ltro
1129 5546 1228 5631 οιξχ
1248 5543 1611 5631 lege.ob6t,eo
1630 5542 1773 5614 quod
1801 5542 1887 5595 hic
1922 5540 2302 5623 praecesserint
2333 5560 2348 5596 :

784 5617 983 5694 μᾶλλον
1005 5617 1074 5694 δὲ
1102 5617 1224 5694 ουδὲ
1256 5618 1491 5694 ἐκεῖνον.ἶ
1632 5686 1643 5694 _
1667 5685 1679 5694 _
1958 5682 1972 5694 Α
2007 5618 2036 5691 '_

855 5689 966 5759 (61)
996 5688 1150 5754 Quod
1183 5703 1308 5759 vero
1333 5686 1565 5759 similius
1596 5685 1843 5759 videatur
1884 5696 1901 5734 :
1947 5682 2177 5759 Arianos
2201 5682 2344 5759 enim

783 5752 1175 5831 pléruéqrielut
1211 5757 1448 5831 haeretici
1472 5757 1670 5831 solent)
1709 5752 2008 5831 (-jlemenrtis
2038 5752 2236 5831 scripta
2262 5753 2354 5831 in-

784 5820 1037 5902 quinasse
1066 5820 1223 5885 docet
1250 5825 1492 5883 Bullinus
1519 5825 1777 5896 Apologia
1801 5836 1898 5892 pro
1917 5820 2168 5891 Origene.
2195 5821 2346 5875 Adde

2460 5552 2515 5623 et
2563 5541 2778 5623 reliqua
2804 5541 2928 5613 ejus
2950 5541 3156 5613 scripta
3180 5554 3329 5596 sanae
3366 5549 3487 5593 esse
3527 5534 3788 5590 doctrina!
3843 5550 3907 5590 ac
3945 5552 4040 5605 pu-

2461 5611 2973 5806 :_lo(:i'°§)st:)yu:i.hodie
3002 5684 3218 5739 nomine
3254 5680 3572 5751 Promplici
3598 5678 3669 5731 ad
3699 5683 3905 5745 gum,
3940 5692 4036 5728 no-

2486 5769 2563 5806 IOI'
2587 5768 2682 5806 CXS
2710 5768 2740 5806 a
2772 5789 2788 5805 ο

2486 5769 2563 5808 1οΓ
2587 5766 2788 5808 CXSlal.
