4224 6442
140 399 228 464 389
1132 392 1654 455 BIBLIOTHECA.
1682 417 1751 435 ν-
1778 391 1996 452 CODD.
2037 388 2237 463 CXIV,
2268 387 2434 447 CXV.
3284 380 3393 446 390

138 514 234 574 λοίς
263 507 543 579 ἀποδοχῆς
582 504 790 577 ἠξιώθη
826 502 902 566 ὡς
933 505 1028 559 κα)⁸
1075 503 1313 576 δημοσίᾳ
1338 502 1710 571 ἀναγινώσκε-
1742 537 1750 556 .

1760 502 1786 556 λ
1815 514 1844 551 s
1883 498 2154 568 plerisque
2218 506 2370 550 tanto
2426 500 2478 547 ln
2529 490 2706 561 pretio
2753 500 2838 547 est
2885 490 3094 557 habita,
3147 490 3396 562 adeoque

142 604 277 654 σθαι.
317 600 385 653 Ἠ
430 599 487 652 δὲ
533 595 802 666 λεγομένη
827 596 1055 665 δευτέρα
1086 598 1223 665 πρὸς
1255 595 1382 659 τοὺς
1414 594 1610 654 αὐτοὺς
1635 593 1712 656 ώς

1818 590 2056 652 laudata,
2098 587 2341 641 utetiam
2393 583 2604 652 publice
2638 582 2738 652 legi
2789 581 3008 638 soleret.
3046 582 3257 651 Atque
3298 595 3391 636 se-

139 693 282 753 νόθος
335 687 825 758 ἀτιοδοκιμάζεται,
880 687 1068 756 ὥσπερ
1110 689 1138 739 ό
1175 688 1221 718 ’⁸
1276 686 1715 757 ἐπιγραφόμενος

1816 680 1993 732 cuuda
2025 677 2223 732 dicitur
2250 676 2318 731 ad
2348 676 2591 735 eosdem,
2617 688 2675 728 ut
2697 675 2878 744 spuria
2897 673 3164 742 rejicitur.
3193 672 3398 739 Quem-

141 782 215 835 ἐπ’
240 781 471 849 ὀνόματι
493 778 660 832 αὐτοῦ
690 778 901 847 Πέτρου
945 779 1040 830 καὶ
1064 776 1368 839 Ἀππίωνος
1392 774 1715 843 πολύστιχος

1817 770 2105 824 admodum
2140 778 2194 823 et
2222 769 2379 843 longa
2423 768 2510 820 illa
2542 766 2837 834 disputatio
2874 804 2890 827 .
2946 765 3092 819 beati
3152 764 3298 818 Petri
3338 772 3397 818 et

140 874 406 940 διάλογος.
433 872 635 926 Τοῦτόν
670 889 832 941 φασιν
849 873 898 924 oi.
931 872 1029 942 μὲν
1051 871 1302 942 δεύτερον
1328 872 1464 942 μετὰ
1513 872 1718 942 Πέτρον

1820 861 2084 931 Appionis
2130 876 2325 914 nomen
2384 859 2523 914 falso
2582 856 2895 925 praalerens.
2942 856 3097 910 Hunc
3146 856 3398 911 Clemen-

150 966 367 1033 Ῥώμης
418 964 791 1034 ἐπισκοπῆσαι
818 966 886 1027 ³⁸,
924 964 974 1016 oi
1019 963 1075 1017 δὲ
1095 965 1353 1033 τέταρτον
1375 980 1391 997 ο
1425 963 1583 1017 Λίνον
1612 964 1720 1031 γὰρ

1821 962 1926 1008 tem
1956 951 2070 1021 (75)
2108 951 2336 1005 alterum
2374 966 2401 1003 a
2436 950 2597 1004 Petro
2662 949 2810 1003 urbis
2869 948 3054 1003 Romae
3085 950 3397 1017 episcopum

144 1056 228 1107 καὶ
253 1053 592 1123 Ἀνάκλητον
612 1052 656 1083 ’τ
700 1050 903 1121 μεταξῦ
927 1050 1094 1104 αὑτοῦ
1128 1050 1226 1103 καὶ
1263 1048 1470 1119 Πέτρου
1502 1046 1721 1118 Ῥώμης

1824 1042 1990 1098 fuisse
2012 1044 2231 1111 quidam
2267 1050 2570 1104 autumant,
2600 1040 2689 1092 alii
2717 1054 2845 1094 vero
2872 1050 3149 1109 quartum.
3198 1037 3392 1092 Linum

146 1146 475 1206 ἐπισκόπους
502 1144 905 1212 διαγεγονέναι·
944 1142 1263 1212 τελευτῆσαι
1283 1140 1341 1194 δὲ
1369 1140 1532 1194 αὑτὸν
1554 1139 1724 1210 τρίτῳ

1823 1136 1965 1187 enim
2000 1143 2055 1188 et
2086 1132 2399 1186 Anacletum
2435 1133 2574 1185 inter
2600 1141 2883 1199 utrumque
2909 1132 3194 1197 pontifices
3229 1131 3398 1184 inter-

146 1237 244 1289 ἔτει
267 1234 567 1307 Τραϊανοῦ.

859 1409 996 1466 PIA'.

150 1506 403 1557 Λευκίου
453 1502 712 1567 Χαρίνου
761 1504 818 1554 al
864 1500 982 1554 τῶν
1024 1501 1386 1555 ἀποστόλων
1436 1500 1723 1567 Περίοδοι.

215 1594 347 1665 [292
389 1593 483 1665 R.]
526 1590 867 1661 Ἄνεγνώσθη
902 1593 1126 1662 βιϐλίον,
1172 1593 1225 1644 αἱ
1262 1591 1549 1659 λεγόμεναι
1608 1592 1729 1645 Τῶν

150 1687 513 1738 ἀποστόλων
564 1683 837 1751 Περίοδοι
859 1724 873 1746 ,
926 1685 983 1735 ὲν
1017 1677 1103 1745 αἷς
1135 1684 1472 1752 περιείχοντο
1503 1681 1731 1749 πράξεις

153 1779 381 1845 Πέτρου,
412 1776 685 1839 Ἰωάννου,
725 1774 995 1842 Ἀνδρέου,
1024 1774 1217 1840 Θωμᾶ,
1253 1773 1487 1827 Παύλου.
1522 1772 1726 1841 Γράφει

154 1870 203 1920 δὲ
226 1868 423 1928 αὑτάς,
458 1867 534 1928 ώς
563 1866 714 1935 δηλοῖ
737 1866 798 1917 τὸ
822 1864 953 1917 αὐτὸ
977 1864 1197 1933 βιϐλίον,
1224 1864 1446 1927 Λεύκιος
1472 1866 1722 1934 Χαρῖνος.

162 1960 216 2011 'H
248 1960 306 2011 δὲ
347 1958 553 2028 φράσις
582 1959 662 2019 είς
690 1957 752 2008 τὸ
789 1956 1047 2018 παντελὲς
1077 1956 1361 2026 ἀνώμαλός
1377 1973 1435 2009 τε
1460 1957 1551 2008 καὶ
1586 1972 1727 2025 παρ-

155 2050 471 2118 ηλλαγμένη
500 2064 515 2077 ·
561 2046 656 2098 καὶ
687 2044 971 2109 συντάξεσι
1004 2044 1113 2116 γὰρ
1144 2047 1235 2096 καὶ
1264 2044 1439 2109 λέξεσι
1467 2046 1729 2115 κέχρηται

154 2143 317 2193 ἐνίοτε
376 2140 480 2208 μὲν
522 2139 625 2190 οὐκ
668 2136 1063 2206 ὴμελημέναις,
1104 2137 1244 2188 κατὰ
1290 2136 1345 2188 δὲ
1387 2136 1446 2187 τὸ
1483 2136 1731 2187 πλεῖστον

153 2232 432 2301 ἀγοραίοις
477 2232 572 2282 καὶ
603 2230 1040 2298 πεπατημέναις,
1079 2228 1173 2280 καὶ
1210 2227 1362 2279 οὐδὲν
1396 2227 1494 2295 τῆς
1524 2227 1732 2294 ὁμαλῆς

158 2326 245 2375 καὶ
278 2322 641 2391 αὐτοσχεδίου
686 2322 939 2389 φράσεως
967 2323 1063 2372 καὶ
1099 2320 1198 2388 τῆς
1242 2319 1450 2371 ἐκεῖθεν
1488 2318 1729 2389 ἐμφύτου

155 2410 395 2487 χάριτος,
440 2414 587 2476 καθ’,
610 2414 675 2482 ἢν
702 2416 729 2465 ὀ
767 2412 1117 2480 εὑαγγελικός
1162 2430 1219 2465 τε
1258 2413 1352 2465 καὶ
1382 2412 1734 2474 ἀποστολικὸς

156 2510 610 2578 ὅιαμεμόρφωται
658 2506 835 2573 λόγος,
876 2506 985 2557 οὐδ’
1041 2507 1184 2573 ίχνος
1223 2506 1522 2573 ἐμφαίνων.
1569 2505 1735 2573 Γέμει

157 2599 207 2649 δὲ
240 2598 337 2649 καὶ
375 2596 593 2665 μωρίας
624 2594 824 2662 πολλῆς
846 2594 942 2645 καὶ
970 2597 1070 2663 τῆς
1098 2593 1232 2663 πρὸς
1262 2592 1451 2646 ἑαυτὸν
1467 2593 1513 2624 ³⁸
1558 2594 1736 2662 μάχης

159 2693 245 2742 καὶ
287 2686 691 2748 ἐναντιώσεως.
744 2686 883 2755 Φησὶ
936 2686 1044 2755 γὰρ
1088 2686 1250 2738 ἀλλον
1290 2682 1429 2737 εἶναι
1483 2686 1575 2736 τὸν
1630 2686 1737 2737 τῶν

172 2784 442 2834 Ἰουδαίων
474 2775 608 2831 Θεὸν
636 2779 730 2831 καὶ
763 2779 952 2842 κακὸν,
975 2770 1035 2830 οὗ
1064 2778 1162 2829 καὶ
1189 2778 1407 2845 Σίμωνα
1427 2779 1519 2829 τὸν
1550 2778 1737 2845 Μάγον

162 2875 442 2943 ὑπηρέτην
479 2870 831 2933 καθεστάναι,
864 2870 1020 2923 ἀλλον
1048 2870 1103 2921 δὲ
1130 2869 1221 2922 τὸν
1252 2868 1504 2938 Χριστὸν,
1539 2872 1596 2921 ὃν
1632 2886 1736 2938 φη-

162 2983 240 3014 σιν
262 2960 474 3030 ἀγαθόν
500 2978 515 2990 ·
546 2961 638 3011 καὶ
658 2959 844 3029 φύρων
865 2961 908 2990 ¹¹
950 2958 1164 3011 ἅπαντα
1193 2960 1287 3009 καὶ
1313 2958 1557 3026 συγχέων
1585 2958 1739 3009 καλεί

160 3054 317 3105 αὑτὸν
353 3053 452 3103 καὶ
482 3050 701 3119 Πατέρα
732 3048 827 3101 καὶ
862 3048 1009 3101 Υἱόν.
1039 3048 1200 3116 Λέγει
1222 3048 1277 3101 δὲ
1316 3050 1439 3119 μηδ’
1469 3050 1741 3120 ἐνανθρω-

162 3146 332 3211 πῆσαι
363 3141 604 3209 ἀληθῶς,
639 3140 775 3192 ἀλλά
811 3140 979 3205 δόξαι,
1013 3141 1107 3192 καὶ
1148 3140 1319 3192 πολλὰ
1346 3141 1602 3204 πολλάκις
1634 3159 1737 3209 φα-

161 3236 312 3303 νῆναι
340 3234 388 3263 ³ο
418 3234 533 3292 τοῖς
582 3232 871 3299 μαθηταῖς,
919 3231 1034 3280 νέον
1056 3231 1149 3281 καὶ
1198 3230 1510 3299 πρεσϐύτην
1554 3230 1739 3294 πάλιν,

162 3328 251 3377 καὶ
289 3324 462 3376 πάλιν
514 3322 700 3386 παῖδα,
752 3322 848 3373 καὶ
882 3321 1104 3390 μείζονα
1157 3323 1253 3373 καὶ
1294 3312 1421 3392 ῌόἵ
1453 3320 1545 3393 Η.]
1586 3322 1742 3374 ὲλάτ-

160 3436 285 3470 τονα
321 3416 421 3468 καὶ
467 3416 745 3484 μέγιστον,
799 3414 938 3466 ὥστε
981 3415 1081 3483 τὴν
1119 3415 1358 3483 κορυφὴν
1388 3415 1595 3483 διήκειν
1633 3415 1745 3467 ἐσθ’

161 3513 245 3563 ὅτε
276 3511 479 3579 μέχρις
502 3507 753 3578 οὐρανοῦ.
786 3506 990 3569 Πολλὰς
1021 3507 1194 3559 δὲκαὶ
1226 3509 1354 3575 περὶ
1384 3509 1474 3559 τοῦ
1512 3507 1744 3579 σταυροῦ

163 3603 481 3669 κενολογίας
501 3602 595 3653 καὶ
628 3600 859 3661 ἀτοπίας
890 3600 1242 3663 ἀναπλάττει,
1274 3603 1367 3653 καὶ
1396 3603 1487 3653 τὸν
1510 3602 1746 3671 Χριστὸν

166 3697 239 3765 μὴ
273 3692 683 3763 σταυρωθῆναι,
714 3692 829 3745 ἀλλ’
873 3692 1058 3762 ἓτερον
1085 3694 1197 3746 ἀντ’
1228 3693 1414 3759 αὑτοῦ,
1441 3696 1533 3747 καὶ
1573 3712 1745 3747 κατα-

162 3790 329 3858 γελᾷν
352 3786 446 3840 διὰ
468 3784 626 3837 τοῦτο
650 3786 757 3837 τῶν
786 3784 1178 3855 σταυρούντων.
1210 3786 1425 3855 Γάμους
1447 3805 1506 3838 τε
1524 3788 1566 3818 ³¹
1593 3787 1747 3857 νομί-

171 3898 302 3948 μους
337 3878 549 3940 ἀθετεῖ,
592 3878 687 3929 καὶ
716 3878 898 3928 πᾶσαν
928 3878 1144 3944 γένεσιν
1176 3879 1418 3947 πονηράν
1445 3896 1504 3931 τε
1531 3880 1626 3931 καὶ
1655 3879 1748 3931 τοῦ

168 3969 415 4041 πονηροῦ
464 3969 633 4036 λέγει.
669 3970 778 4022 Καὶ
828 3969 1075 4038 πλάστην
1114 3970 1223 4023 τῶν
1270 3970 1539 4039 δαιμόνων
1591 3972 1750 4025 ἄλλον

167 4066 398 4134 ἐκληρεί
431 4063 500 4115 ³³.
532 4061 758 4131 Νεκρῶν
783 4061 838 4113 δὲ
870 4061 1170 4130 ἀνθρώπων
1206 4062 1300 4113 καὶ
1339 4061 1476 4130 βοῶν
1503 4064 1595 4114 καὶ
1622 4080 1752 4132 κτη-

168 4160 271 4210 νών
293 4157 478 4213 ἀλλων
504 4154 549 4185 ³³
582 4154 1047 4224 παραλογωτάτας
1070 4156 1164 4206 καὶ
1190 4155 1569 4224 μειρακιώδεις
1592 4172 1752 4224 τερα-

163 4251 391 4302 τεύεται
445 4247 793 4309 ἀναστάσεις.
866 4250 1023 4298 Δοκεῖ
1075 4246 1131 4298 δὲ
1198 4247 1290 4297 καὶ
1356 4248 1473 4298 κατ’
1531 4246 1753 4299 εἰκόνων

166 4345 279 4403 τοῖς
326 4337 724 4406 Εἰκονομάχοις
765 4338 825 4389 ὲν
848 4340 967 4397 ταῖς
998 4336 1245 4390 Ἰωάννου
1276 4339 1515 4406 Πράξεσι
1554 4339 1755 4407 δογμα-

166 4434 363 4495 τίζειν.
392 4433 505 4485 Καὶ
529 4430 716 4492 ἁπλῶς
746 4429 883 4498 αὕτη
924 4430 957 4498 ἡ
992 4428 1167 4497 βίϐλος
1213 4429 1381 4497 μυρία
1413 4427 1752 4498 παιδαριώδη

1829 1228 2083 1289 cessisse,
2114 1240 2177 1277 ac
2211 1226 2373 1276 tertio
2404 1224 2619 1275 demum
2652 1220 2867 1289 Trajani
2896 1222 3240 1291 imperatoris
3258 1236 3403 1276 anno

1827 1318 1993 1369 vitam
2026 1315 2229 1368 [iniisse
2274 1314 2412 1384 (76).

2527 1403 2713 1459 CXIV.

2072 1497 2223 1551 Lucii
2272 1494 2491 1550 Charini
2541 1495 2752 1549 Periodi
2781 1496 3157 1564 apostolorum,

1906 1586 2105 1641 Lectus
2142 1587 2277 1640 liber
2297 1596 2383 1639 est
2411 1587 2511 1639 hoc
2536 1586 2688 1637 titulo
2721 1603 2735 1639 :
2774 1585 3144 1652 Apostolorum
3168 1583 3403 1637 Periodi.

1829 1677 2222 1746 Complectitur
2249 1678 2378 1730 Acta
2406 1675 2572 1739 Petri,
2604 1674 2849 1739 Joannis,
2878 1678 3129 1741 Andreae,
3163 1676 3403 1743 Thalnae,

1835 1780 1888 1822 et
1910 1768 2083 1832 Pauli,
2126 1779 2373 1830 auctore,
2408 1778 2465 1820 ut
2492 1767 2759 1835 Iiberipse
2784 1767 3043 1831 ostendit,
3072 1766 3238 1822 Lucio
3259 1768 3404 1823 Cha-

1760 1842 1801 1897 Β
1836 1859 1975 1912 riuo.
2038 1858 2213 1912 Dictio
2284 1856 2400 1922 ejus
2463 1856 2687 1909 omnino
2748 1856 3031 1924 inaequalis
3084 1873 3148 1912 ac
3196 1860 3339 1912 varia
3389 1876 3405 1912 :

1832 1948 2243 2004 constructione
2274 1963 2403 2001 vero
2428 1963 2491 2001 ac
2536 1947 2758 2001 vocibus
2788 1949 2961 2001 utitur
2994 1949 3260 2001 interdum
3289 1950 3409 2018 qui-

1837 2042 1961 2094 dem
1999 2055 2101 2093 non
2135 2039 2384 2109 abiectis,
2423 2048 2483 2093 ut
2532 2040 2823 2109 plurimum
2860 2049 3040 2094 tamen
3078 2040 3408 2108 forensibus,

1839 2148 1902 2187 ac
1928 2132 2179 2200 protritis
2211 2149 2225 2183 :
2261 2146 2361 2185 nec
2399 2132 2563 2184 ullum
2596 2132 2647 2185 in
2678 2147 2743 2186 eo
2775 2132 3021 2199 aequalis.
3055 2143 3110 2187 ct
3136 2134 3410 2187 subitaria:

1835 2224 2116 2287 dictionis,
2149 2238 2215 2278 ac
2239 2226 2455 2288 nativaz,
2492 2238 2610 2291 qua:
2654 2224 2778 2278 hinc
2801 2225 3065 2278 exsistere
3114 2226 3249 2279 solet
3293 2241 3411 2295 gra-

1836 2319 1924 2371 tia:
1982 2319 2111 2387 (quo
2169 2318 2327 2371 modo
2372 2317 2722 2386 evangelicus
2768 2327 2822 2371 et
2875 2319 3201 2387 apostolicus
3230 2335 3411 2374 sermo

1836 2412 2206 2467 conformatus
2250 2411 2355 2477 est)
2406 2410 2697 2478 vestigium
2762 2419 3007 2479 apparet.
3059 2410 3243 2464 Scatet
3281 2411 3408 2463 item

1837 2503 2046 2563 stultis,
2081 2512 2129 2555 et
2156 2516 2339 2555 secum
2382 2501 2741 2569 pugnantibus
2778 2502 3203 2555 narrationibus.
3232 2503 3409 2555 Alium

1842 2596 1993 2661 enim
2021 2593 2330 2647 Judmorum
2362 2595 2553 2658 Deum,
2592 2609 2822 2662 eumque
2850 2596 3051 2646 malum
3098 2609 3219 2648 eSse
3256 2610 3409 2647 asse-

1848 2687 1942 2747 rit,
1980 2686 2133 2751 cujus
2157 2686 2343 2737 Simon
2369 2685 2551 2752 Magus
2585 2685 2828 2738 minister
2876 2684 3057 2746 fuerit,
3100 2685 3262 2738 alium
3302 2702 3417 2738 rur-

1838 2790 1933 2829 sus
1968 2791 2089 2831 esse
2116 2776 2418 2840 Christum,
2457 2791 2614 2845 quem
2641 2777 2839 2830 bouum
2879 2776 3026 2829 facit.
3059 2776 3245 2831 Onmia
3284 2794 3414 2846 ergo

1841 2869 2133 2937 inquinans
2156 2882 2319 2938 atque
2353 2868 2712 2934 confundens,
2761 2870 3011 2923 eumdem
3042 2869 3191 2923 illum
3228 2880 3282 2923 et
3312 2868 3416 2923 Pa-

1842 2972 1980 3015 trem
2034 2974 2197 3015 vocat
2230 2973 2284 3015 et
2316 2960 2533 3015 Filium.
2574 2959 2747 3014 Jactat
2798 2976 2948 3028 vero,
3015 2976 3189 3031 neque
3226 2977 3413 3016 revera

1842 3054 2115 3108 hominem
2178 3054 2407 3117 laetum,
2464 3054 2555 3107 sed
2605 3063 2810 3106 tantum
2860 3055 3202 3121 apparuisse.
3258 3053 3413 3108 Varia

1845 3145 1971 3199 item
1997 3144 2169 3199 forma
2206 3160 2349 3213 saepe
2382 3144 2659 3213 discipulis
2689 3145 2882 3208 visum,
2953 3162 3092 3199 nunc
3136 3147 3415 3213 juvenem,

1847 3252 1967 3289 mox
1994 3236 2189 3290 iterum
2217 3252 2427 3298 senem,
2456 3251 2783 3303 rursumque
2806 3252 3031 3305 puerum
3054 3254 3067 3298 ς
3127 3254 3270 3292 nunc
3296 3254 3415 3291 ma-

1842 3328 2037 3398 jorem,
2077 3344 2221 3382 nunc
2256 3329 2543 3390 minorem,
2581 3330 2847 3382 interdum
2865 3340 2917 3381 et
2947 3330 3266 3393 maximum,
3293 3347 3415 3384 ver-

1846 3420 1950 3472 tice
1982 3420 2143 3472 etiam
2176 3420 2367 3473 (celum
2408 3420 2783 3487 attingentem.
2819 3420 3018 3474 Multas
3046 3422 3211 3473 etiam
3253 3436 3419 3491 super

1847 3524 2007 3564 cruce
2036 3525 2208 3578 nugas
2235 3512 2387 3580 lingit
2420 3521 2584 3579 atque
2621 3513 2872 3581 ineptias,
2926 3527 3104 3581 neque
3136 3513 3413 3566 Christum

1848 3601 2013 3656 fuisse
2042 3603 2189 3656 cruci
2228 3604 2471 3667 allixum,
2503 3605 2596 3657 sed
2618 3605 2782 3656 alium
2808 3619 2902 3672 pro
2924 3619 3011 3668 eo,
3041 3613 3094 3659 et
3120 3603 3245 3656 hinc
3272 3604 3418 3656 illum

1848 3709 1964 3757 eos,
1998 3696 2087 3763 qui
2138 3695 2189 3747 in
2222 3711 2436 3750 crucem
2465 3707 2708 3763 cgerant,
2756 3696 3068 3749 irridentem
3094 3696 3240 3748 facit.
3274 3694 3418 3749 Cou-

1844 3784 1990 3856 jugia
2027 3788 2248 3855 insuper
2300 3788 2535 3858 legitima
2573 3789 2769 3855 rejicit,
2807 3801 3133 3855 omnemque
3168 3787 3303 3840 adeo
3325 3801 3419 3855 ge-

1852 3878 2187 3933 nerationem
2248 3879 2441 3932 malum
2489 3894 2629 3941 esse,
2679 3878 2821 3947 91a
2855 3889 2909 3933 et
2949 3894 2976 3930 a
3018 3879 3159 3931 malo
3198 3879 3415 3943 asserit,

1851 3969 2121 4038 aliamque
2181 3971 2481 4024 daemonum
2529 3969 2907 4025 formationem
2954 3972 3414 4026 comminiscitur.

1854 4058 2190 4114 Mortuorum
2218 4061 2404 4114 adhaec
2423 4061 2723 4127 hominum,
2755 4064 2935 4127 bomn,
2968 4062 3417 4127 acjumentorum

1854 4154 2119 4206 absurdas
2190 4153 2535 4222 puerilesque
2616 4155 3053 4209 resurrectiones
3114 4155 3423 4223 prodigiose

1858 4244 2028 4313 lingit.
2075 4241 2130 4297 In
2180 4244 2330 4298 Actis
2378 4260 2596 4315 quoque
2658 4246 2801 4300 beati
2863 4246 3087 4301 Joannis
3127 4245 3420 4317 imaginum

1857 4350 2011 4388 usum
2070 4350 2189 4388 cum
2249 4335 2624 4391 lconomacbis
2679 4342 2987 4406 vituperare
3042 4338 3275 4392 videtur.
3329 4338 3422 4394 Vis

1856 4428 2023 4481 verbo
2063 4427 2278 4481 dicam?
2327 4438 2565 4497 quantus
2599 4438 2681 4482 est
2722 4428 2879 4494 liber,
2920 4428 3148 4497 puerilia
3181 4432 3424 4484 continet

170 4526 265 4577 καὶ
288 4523 537 4575 ἀπίθανα
592 4522 687 4573 καὶ
734 4518 1085 4572 κακόπλαστα
1125 4521 1220 4570 καὶ
1246 4518 1415 4587 ψευδῆ
1452 4520 1544 4570 καὶ
1594 4519 1750 4587 μωρὰ

1785 4539 1827 4591 ι)
1857 4517 1973 4571 sine
1994 4532 2240 4581 numero,
2277 4527 2329 4571 et
2355 4518 2649 4586 inapinata,
2676 4517 3016 4586 maligneque
3056 4520 3308 4585 conlicta,
3356 4534 3421 4573 ac

171 4617 267 4666 καί
298 4614 486 4674 ἄλλοις
520 4611 564 4641 ³⁸
606 4611 887 4679 μαχόμενα
929 4609 1023 4660 καὶ
1080 4606 1253 4676 ἀσεϐῆ
1308 4609 1403 4659 καὶ
1464 4607 1599 4659 ἄθεα
1658 4624 1753 4659 πε-

176 4707 379 4775 ριέχει·
440 4703 511 4772 ἢν
571 4702 739 4753 εἰπών
768 4717 852 4761 τις
906 4700 1086 4767 πάσης
1120 4699 1382 4767 αἱρέσεως
1434 4698 1614 4769 πηγὴν
1662 4700 1757 4751 καὶ

177 4796 397 4867 μητέρα
427 4794 529 4847 οὐκ
554 4792 620 4846 ἂν
641 4790 985 4861 ἀποσφαλείη
1008 4788 1101 4844 τοῦ
1132 4790 1355 4855 εἰκότος.

892 4972 1035 5029 PIE’.

176 5069 537 5135 ’Δνωνύμου
574 5066 725 5121 κατὰ
769 5066 1073 5120 Ἰουδαίων
1108 5064 1203 5117 καὶ
1240 5064 1752 5135 Τεσσαρεσιιαιδεέ

251 5133 512 5191 κατιτ-ὦν
540 5141 741 5204 λόγος.
769 5138 881 5188 Καὶ
907 5135 1297 5203 Μητροδώρου
1338 5135 1470 5201 περὶ
1513 5133 1623 5202 τῆς
1655 5134 1762 5188 τοῦ

250 5212 427 5277 ἁγίου
448 5208 663 5275 Πάσχα
687 5205 917 5274 ἑορτῆς.

271 5302 616 5372 Ἀνεγνώσθη
645 5299 851 5371 βιϐλίον
870 5298 1150 5369 ἀνώνυμον
1174 5336 1188 5359 ,
1221 5290 1282 5350 οὗ
1312 5298 1345 5367 ἠ
1377 5295 1619 5367 ὲπιγαφὴ
1651 5297 1763 5350 Λό-

1859 4608 2018 4671 lalsa,
2048 4610 2159 4661 imo
2188 4607 2371 4673 stulta,
2400 4620 2453 4663 et
2483 4610 2625 4664 inter
2652 4623 2712 4664 se
2738 4610 3053 4679 pugnantia,
3082 4609 3244 4681 impia
3267 4612 3421 4665 deni-

1868 4714 1976 4768 que
2022 4708 2076 4752 et
2104 4700 2419 4755 detestanda
2463 4711 2562 4766 tot,
2615 4709 2673 4753 ut
2701 4702 2791 4768 qui
2823 4716 2944 4754 eum
3002 4703 3177 4756 omnis
3207 4704 3425 4757 haeresis

1863 4791 2067 4846 fontem
2103 4803 2265 4862 atque
2293 4804 2568 4848 auctorem
2602 4793 2820 4861 dixerit,
2875 4808 2984 4848 non
3026 4794 3115 4849 ille
3141 4809 3170 4849 a
3200 4798 3426 4850 veritate

1862 4882 1946 4937 vel
1971 4884 2255 4938 minimum
2292 4884 2618 4939 discesserit.

2562 4973 2725 5030 CXV.

1863 5066 2019 5121 Liber
2040 5084 2330 5136 anonymus
2358 5078 2538 5121 contra
2573 5068 2789 5121 Juda'os
2813 5078 2861 5121 et
2895 5067 3422 5132 Quarladecimanos,

2068 5142 2289 5207 itemque
2324 5138 2609 5191 Metrodori
2631 5137 2878 5193 Calculus
2905 5138 3205 5192 Paschalis.

1930 5294 2058 5366 Legi
2090 5298 2279 5351 incerti
2304 5297 2541 5350 auctoris
2569 5296 2791 5362 librum,
2821 5294 3140 5367 quititulum
3167 5298 3382 5365 praal‘ert
3410 5312 3422 5345 :

1471 5410 1706 5466 VARIIE
1738 5410 2140 5466 LELTIONES.

252 5516 302 5547 ²¹
334 5517 364 5567 ὁ
395 5515 518 5566 add.
545 5514 614 5566 A.
688 5513 734 5545 “
771 5510 1132 5578 ὲπισκοπῆσαι
1176 5506 1394 5576 Ῥώμης
1420 5524 1480 5570 ς.

185 5588 453 5647 πῖλλάκις
477 5591 544 5636 Δ.
622 5585 663 5616 ³¹
705 5583 763 5636 δέ
801 5600 861 5646 ς.
956 5581 999 5611 ⁸³
1031 5581 1291 5649 ἐκκληρΟῖ
1322 5594 1382 5641 ς.

1580 5506 1621 5535 ³³
1654 5504 1980 5575 ἀνέγκλητον
2008 5504 2073 5559 Α.
2149 5503 2343 5575 νηὶ)ςί
2380 5504 2598 5575 ἑαυτήν.
2630 5574 2635 5575 ί
2672 5505 2716 5575 ’ξ

1479 5576 1522 5606 ⁸³
1554 5575 1728 5630 ἄλλων
1758 5571 1886 5628 add.
1911 5578 1975 5628 A.
2052 5575 2098 5606 “
2130 5571 2333 5645 ἄλλοις]
2368 5571 2541 5629 immo
2561 5571 2825 5644 ἀλλήλοις.

2756 5502 2941 5573 φυρῶν
2975 5520 3034 5568 ς.
3112 5503 3157 5534 ⁸⁸
3196 5501 3429 5571 φανῆναι

1688 5666 1919 5724 NOTAE.

258 5774 370 5842 (75)
401 5771 531 5826 Vide
555 5773 616 5827 D.
647 5770 850 5825 Baron.
883 5780 1015 5824 tom.
1045 5769 1085 5832 l,
1120 5767 1185 5842 ad
1222 5781 1419 5842 annum
1446 5764 1649 5842 Chriin
1672 5762 1761 5817 96.

256 5824 370 5914 (76)
399 5824 661 5917 Mair-tyrio
695 5824 1014 5898 coronatum
1059 5824 1119 5893 ut
1152 5840 1310 5894 docet
1336 5836 1396 5890 Ι).
1435 5838 1583 5890 card.
1615 5834 1809 5889 Baron.
1857 5842 1895 5889 t.
1931 5828 1995 5898 ll,
2028 5828 2088 5885 ad
2127 5842 2323 5885 annum
2357 5824 2559 5885 Christi
2592 5826 2715 5883 102.
