4224 6442
153 407 252 468 393

1237 399 1760 458 BIBIJOTIIEIIA.
1800 423 1865 432 -
1898 399 2062 458 COD.
2101 397 2328 460 CXVII.

3299 400 3404 464 394

153 511 838 580 ὀκτωκαιεικοσαετηρίὸος
862 509 1010 580 ἡλίου
1037 508 1135 560 καὶ
1157 509 1610 574 ἐννεακαιδεκατη
1621 507 1736 573 ρίου
1769 512 1810 565 Α

1733 530 1736 549 ι
1769 512 1810 565 Α
1839 520 1902 559 ac
1934 507 2223 569 solarihus,
2255 515 2308 559 et
2354 505 2638 558 neomenia
2666 505 2867 562 mensis
2895 520 3017 559 cum
3060 505 3262 559 lunaris
3293 519 3401 561 tum

159 611 388 677 σελήνης
415 648 429 668 ,
478 606 572 656 καὶ
617 605 716 672 τῆς
747 602 1348 671 τεσσαρεσκαιδεκάτης
1391 601 1594 666 αὐτῆς,
1645 600 1739 652 καὶ

158 702 282 766 περῖ
334 697 528 764 μηνῶν
599 693 932 762 σεληνιακῶν
976 694 1066 744 καὶ
1105 691 1288 761 μηνῶν
1331 690 1574 759 ἡλιακῶν
1599 729 1613 751 ,
1649 690 1741 740 καὶ

157 788 456 855 νουμηνίας
490 786 811 853 σεληνιακοῦ
854 785 1018 855 μηνὸς
1040 785 1086 815 ⁵³
1129 785 1224 835 καὶ
1271 783 1523 849 ἡλιακοῦ,
1576 782 1742 851 μηνός

161 899 216 933 τε
249 879 461 948 ὁμαλοῦ
496 881 594 947 τῆς
628 880 856 946 σελήνης
887 879 980 929 καὶ
1010 877 1175 945 μηνὸς
1198 876 1455 945 ἀκριϐοῦς
1476 917 1490 936 ,
1515 877 1606 926 καὶ
1641 877 1745 925 άπ-

159 974 517 1042 αριθμήσεως
541 969 649 1020 τῶν
673 969 807 1019 ἐτῶν
827 967 921 1019 τοῦ
939 968 983 998 ⁸⁸
1001 967 1225 1035 κόσμου.
1251 967 1389 1032 Φησὶ
1410 965 1466 1016 δέ
1490 957 1643 1026 οὗτος
1663 963 1744 1015 ὅτι.

160 1064 297 1114 κατὰ
333 1066 435 1131 μέν
455 1062 584 1120 τοὺς
608 1060 796 1121 ἄλλους
824 1059 923 1126 τῆς
950 1057 1250 1127 παρουσίας
1275 1056 1440 1108 αὐτοῦ
1464 1057 1747 1117 ἐνιαυτοὺς

161 1157 186 1204 ὁ
226 1154 435 1221 Κύριος
469 1150 564 1200 καὶ
615 1148 745 1208 Θεὸς
790 1147 946 1216 ἡμῶν
979 1148 1004 1197 ὁ
1034 1145 1266 1214 Χριστὸς
1314 1143 1373 1194 τὸ
1405 1142 1624 1210 νομικὸν
1651 1143 1748 1190 ἐπ-

163 1244 331 1294 ετέλει
361 1242 559 1305 Πάσχα
587 1279 598 1298 ,
633 1237 749 1290 καθ’
775 1238 834 1289 ὃν
861 1236 917 1287 δὲ
949 1236 1218 1304 παρεδόθη
1248 1232 1428 1284 οὐκέτι
1451 1249 1465 1261 °
1498 1231 1596 1283 καὶ
1626 1247 1749 1281 axo-

181 1338 296 1384 πείν
322 1335 456 1401 χρή.
499 1333 556 1382 Ὀ
585 1331 692 1397 γάρ
724 1329 1104 1397 Χρυσὸστομος
1135 1329 1224 1379 καὶ
1259 1328 1292 1395 ἡ
1340 1323 1633 1393 Ἐκκλησία
1657 1322 1751 1374 καὶ

167 1425 283 1472 τότε
317 1423 491 1486 φησιν
525 1419 686 1470 αὐτον
717 1417 1024 1469 ἐπιτελέσαι
1057 1417 1118 1468 τὸ
1151 1415 1372 1484 νομικὸν
1399 1414 1504 1483 πρὸ
1531 1412 1624 1464 τοῦ
1653 1429 1751 1480 μυ-

171 1514 354 1566 στικοῦ
393 1512 642 1563 δείπνου.

885 1596 1025 1649 ΡΙΖ’.

181 1690 713 1757 ’ΥπὲρὨριγένους
748 1689 844 1741 καὶ
880 1685 1204 1809 τὲξῖταὺτοῦ
1226 1682 1554 1752 δογμάτων,
1583 1683 1750 1747 τόμοι

865 1774 904 1808 ,τι
1015 1773 1062 1809 ε.

865 1773 1062 1810 πεντε.

1841 595 2052 658 solaris,
2088 598 2180 664 qui
2221 595 2396 647 lunari
2429 594 2497 646 sit
2539 609 2656 662 par,
2691 596 2861 662 deque
2901 611 3086 650 mense
3115 609 3306 651 exacto
3341 613 3405 653 ac

1839 688 1983 753 justo
2018 706 2033 743 :
2070 689 2137 742 de
2178 702 2442 741 annorum
2487 687 2720 756 denique
2761 690 2941 741 mundi
2993 693 3398 758 supputatione.

1845 781 2033 836 Refert
2101 782 2241 835 idem
2298 783 2590 836 secundum
2650 782 2768 836 illos
2819 783 2954 839 alios
3011 783 3274 838 adventus
3325 785 3409 837 sui

1844 891 2035 940 annos,
2069 875 2345 930 Christum
2392 875 2676 928 Dominum
2723 891 2784 929 ac
2818 874 2984 928 Deum
3015 885 3260 930 nostrum
3294 876 3411 944 lege

1847 970 2216 1037 praescriptum
2261 967 2465 1021 Pascha
2494 969 2796 1022 celebrasse
2817 1007 2832 1030 ,
2866 984 2970 1022 nou
3019 968 3148 1022 item
3190 984 3275 1033 eo,
3305 985 3414 1036 quo

1847 1062 2119 1128 proditum
2172 1068 2274 1113 est.
2317 1058 2470 1122 Quod
2517 1060 2953 1114 consideratione
2995 1073 3129 1113 sane
3167 1059 3411 1126 dignum,

1849 1165 1970 1203 cum
2005 1150 2422 1219 Cbrysostomus
2452 1158 2506 1202 et
2545 1148 2782 1202 Ecclesia
2820 1157 2944 1202 tunc
2979 1149 3154 1216 ipsum
3187 1150 3416 1200 doceant

1852 1237 2147 1308 legitimum
2194 1236 2396 1291 Pascha
2429 1234 2745 1304 perfecisse,
2792 1246 3078 1304 antequam
3135 1236 3415 1306 mysticam

1853 1329 2163 1384 institueret
2195 1345 2428 1383 ccenam.

2536 1597 2738 1652 CXVII.

1918 1689 2190 1756 Apologia:
2232 1690 2296 1742 de
2322 1689 2628 1758 0rigenc,et
2649 1691 2762 1758 ejus
2787 1691 3121 1758 dogmatibus
3154 1690 3279 1743 libri
3304 1708 3352 1744 ν.

251 1852 602 1921 Ἀνεγνὼσθη
630 1850 830 1919 βιϐλίον
852 1851 990 1919 ὑπὲρ
1021 1847 1328 1918 Ὠριγένους
1352 1844 1568 1898 καὶτῶν
1585 1843 1745 1896 αὑτοῦ
1781 1847 1824 1904 Β

1781 1847 1824 1904 Β
1922 1845 2173 1916 Legimus
2197 1846 2393 1899 librum
2423 1860 2519 1912 pro
2550 1843 2804 1912 Origene,
2833 1846 3055 1913 ejusque
3098 1843 3205 1898 Deo
3234 1845 3420 1899 invisis

175 1945 483 2010 θεοστυγὼν
497 1944 803 2011 δογμάτων,
820 1944 876 1992 ἐν
893 1941 1079 2010 τόμοις
1098 1946 1158 1990 ε’.
1177 1938 1574 2005 Ἀνεπίγραφον
1586 1936 1642 1986 δὲ
1660 1935 1756 2003 τήν

177 2038 482 2106 ὀνομασίαν
503 2037 764 2104 ἐτύγχανε
796 2034 888 2086 τοῦ
924 2031 1304 2099 συντεταχότος
1327 2071 1340 2092 ,
1367 2030 1464 2098 τὴν
1480 2028 1535 2080 δέ
1558 2028 1756 2095 φράσιν

175 2130 286 2180 οὗτε
315 2128 491 2194 «σαςὲς
525 2127 646 2179 οὔτε
681 2127 919 2194 καθαρὸν
941 2165 954 2186 ,
978 2122 1100 2175 οὔτε
1131 2127 1208 2183 εἰς
1243 2121 1370 2174 ἄλλο
1400 2137 1453 2171 τι
1484 2119 1757 2183 ἀξιόλογον

177 2222 495 2288 ἀνηγμένην
524 2220 568 2248 ⁵⁵
602 2219 743 2285 ἕχον.
792 2218 847 2269 '0
893 2217 948 2268 δὲ
981 2213 1072 2266 τοῦ
1105 2214 1534 2282 συγγράμματος
1576 2213 1758 2277 πατὴρ

181 2312 467 2379 μάρτυρας
502 2310 643 2378 ὑπὲρ
689 2309 996 2377 Ὠριγένους
1021 2324 1079 2358 τε
1114 2308 1209 2357 καὶ
1240 2301 1524 2355 τώναύτοῦ
1556 2302 1758 2369 δογμά-

177 2420 278 2453 των
302 2401 588 2452 Διονύσιον
621 2396 942 2468 προκομίζει
968 2398 1058 2448 τὸν
1095 2392 1501 2463 Ἀλεξανδρείας
1523 2432 1536 2456 ,
1573 2393 1757 2460 Δημή-

178 2493 321 2562 τριὸν
347 2509 410 2542 τε
439 2493 536 2541 καὶ
555 2477 847 2557 Κλήμεντά
866 2491 958 2539 καὶ
981 2488 1198 2556 ἐτέρους
1225 2486 1436 2546 πλείους
1459 2499 1472 2512 ·
1504 2483 1700 2552 μᾶλλον
1715 2482 1759 2512 ⁸⁸

188 2585 238 2635 δὲ
264 2585 376 2635 τῶν
409 2584 586 2636 ἄλλων
616 2584 869 2634 ἁπάντων
903 2580 1168 2650 Παμφίλῳ
1203 2596 1258 2630 τε
1283 2578 1359 2646 τῷ
1392 2577 1626 2646 μάρτυρι
1659 2577 1762 2625 ἐπ-

182 2677 442 2740 ερείδεται
474 2677 565 2726 καὶ
591 2674 666 2740 τῷ
700 2673 894 2725 Εὑσεϐί
917 2696 940 2738 μ
966 2715 978 2736 ,
1005 2673 1060 2735 ὃς
1088 2673 1184 2738 τῆς
1222 2672 1361 2722 κατά
1392 2669 1754 2737 Παλαιστίνην

195 2768 532 2836 Καισαρείας
562 2767 957 2832 ἐπεσκόπησεν.
979 2764 1116 2834 [⁸296
1140 2761 1243 2832 IL]
1274 2761 1336 2812 Ἡ
1361 2761 1413 2813 δέ
1434 2762 1570 2829 ὑπὲρ
1597 2761 1760 2812 αὑτοῦ

181 2858 449 2921 ἀπολογία
483 2857 590 2906 οὐκ
621 2855 734 2905 ἐστι
781 2854 930 2915 λύσις
966 2853 1074 2902 τῶν
1125 2851 1513 2920 ἐπικλημάτων
1549 2850 1621 2912 ὡς
1671 2849 1763 2900 ἐπὶ

185 2951 435 3001 πλεῖστον
453 2949 494 2977 δ’
523 2987 537 3008 ,
568 2947 700 2998 άλλά
725 2945 1021 3013 συνηγορία
1054 2945 1150 3010 τῆς
1196 2943 1556 3010 κατηγορίαςο
1592 2940 1762 3001 οὕτως

180 3041 282 3090 οὶῖ
317 3033 472 3094 οὗτος
496 3036 810 3103 ἀπήλλακτο
863 3034 969 3084 τῶν
1000 3034 1207 3084 ἐκείνου
1252 3032 1584 3100 βλασφήμων
1599 3029 1763 3093 δοξῶν

182 3129 425 3189 τελείως.
467 3126 666 3193 Τυχὼν
717 3141 775 3174 τε
816 3125 921 3192 γάρ
975 3125 1318 3193 προϋπαρξιν
1374 3123 1755 3192 συνομολογιιί⁹

184 3222 488 3288 Γραφικαῖς
531 3219 622 3269 καὶ
685 3219 981 3284 ΙΙατρικαῖς
1033 3221 1254 3284 φωναῖς,
1307 3215 1380 3276 ὡς
1428 3218 1628 3278 οἴεται,
1673 3218 1761 3268 τὸν

183 3314 349 3382 λῆρον
368 3309 562 3361 τοῦτον
591 3310 1025 3379 ἐπισυγκροτών,
1048 3311 1140 3359 καὶ
1170 3309 1435 3374 σωμάτων
1463 3307 1634 3360 ἄλλων
1655 3310 1762 3360 εἱσ-

184 3413 303 3474 αγει
336 3406 630 3474 ἀνάληψιν.
665 3406 798 3473 Περὶ
831 3404 1013 3472 μέντοι
1041 3404 1137 3471 τῆς
1163 3405 1322 3468 ἁγίας
1354 3404 1580 3471 Τριάδος
1612 3404 1763 3455 οὐδὲν

183 3497 334 3561 οὗτος
369 3499 476 3548 τῶν
516 3496 867 3564 ἐσφαλμένων
911 3495 1079 3560 λέγει’
1123 3497 1253 3560 φησί
1287 3493 1341 3545 δὲ
1374 3496 1463 3544 καὶ
1502 3495 1628 3563 περὶ
1666 3492 1760 3544 τοῦ

196 3588 510 3655 Ὡριγένους
550 3585 715 3650 μηδὲν
749 3583 907 3634 αὑτὸν
945 3583 1085 3633 κατὰ
1128 3584 1280 3645 δόξαν
1326 3583 1588 3650 ἐσφάλθαι
1638 3586 1766 3651 περί

185 3685 276 3747 τῆς
310 3679 550 3746 Τριάδος
571 3717 586 3739 ,
615 3676 1040 3743 άντιφερὸμενον
1067 3675 1122 3726 δέ
1156 3679 1217 3743 τῇ
1247 3675 1450 3744 αἱρέσει
1477 3675 1764 3728 Σαϐελλίου

184 3775 259 3832 εἰς
298 3771 446 3838 μέγα
471 3765 644 3818 κακοῦ
671 3767 882 3835 ἠρμένη
912 3767 1030 3817 τότε
1049 3809 1062 3829 ,
1092 3767 1184 3818 καὶ
1207 3768 1302 3834 τὴν
1333 3766 1439 3817 τῶν
1463 3766 1765 3834 προσώπων

185 3862 397 3930 Τριάδα.
432 3861 838 3928 ἐναργεστάτην
869 3861 962 3911 καὶ
999 3859 1208 3920 πολλοῖς
1233 3859 1451 3927 τρόποις
1475 3859 1762 3929 διαφέρου-

187 3973 284 4005 σαν
345 3952 752 4016 ἀγωνιζόμενον
805 3951 1185 4019 παραστῆσαι,
1227 3952 1368 4018 πέρα
1403 3950 1495 4002 τοῦ
1524 3948 1566 3979 ⁵⁸
1599 3969 1766 4019 προσ-

187 4054 414 4111 ἠκοντος
447 4047 541 4095 καὶ
576 4045 652 4102 εἰς
686 4043 995 4094 τούναντίον
1024 4041 1422 4110 ἀπενεχθῆναι,
1452 4043 1508 4107 ἐξ
1537 4035 1597 4094 οὗ
1620 4043 1766 4106 δόξαι

187 4140 279 4190 καὶ
334 4137 417 4204 τῷ
490 4135 754 4204 Ἀρειανῷ
822 4135 1214 4202 ἀρρωστήματι
1275 4133 1762 4200 προεαλωκέναι”.

201 4229 379 4295 ’Υπὲρ
417 4225 602 4294 μέντοι
649 4241 712 4290 γε
755 4223 862 4274 τῶν
890 4224 1061 4276 ἄλλων
1098 4221 1259 4273 αὐτοῦ
1300 4223 1599 4291 δογμάτων,
1623 4227 1767 4287 ὅσοις

189 4320 326 4385 μήτε
380 4313 886 4380 συγκαταθέσθαιδο
933 4313 1024 4364 τοῦ
1064 4313 1282 4383 θαρρεῖν
1339 4315 1605 4381 πρόφασιν
1656 4314 1767 4383 ἔχει

191 4409 329 4473 μήτε
363 4405 464 4473 τὴν
503 4405 904 4473 προειρημένην
945 4403 1118 4454 αἰτίαν
1171 4403 1496 4470 πορίσασθαι
1545 4405 1767 4457 δυνατὸν

1859 1941 2217 2007 dogmatibus.
2247 1938 2424 1992 Libris
2470 1939 2708 2006 quinque
2741 1952 2875 2005 opus
2917 1937 3235 2000 absolvitur,
3281 1939 3422 2006 quod

1861 2045 1959 2084 nec
1989 2031 2274 2099 scriptoris
2301 2045 2492 2082 nomen
2524 2030 2575 2082 in
2606 2029 2758 2081 titulo
2787 2031 3024 2082 exhibet.
3054 2030 3226 2084 Dictio
3256 2045 3427 2098 neque

1860 2122 2007 2175 clara
2052 2132 2154 2185 est,
2181 2137 2352 2188 neque
2390 2139 2545 2188 pura,
2583 2136 2678 2174 nec
2725 2120 3044 2174 laudandum
3079 2120 3208 2188 quid
3237 2121 3427 2188 praele-

1862 2229 2004 2268 rens.
2035 2214 2282 2282 Scriptor
2305 2227 2484 2266 autem
2511 2216 2622 2280 ipse
2652 2228 2747 2280 pro
2776 2213 3008 2282 Origene
3039 2212 3265 2280 ejusque
3311 2230 3428 2266 sen-

1861 2307 2045 2359 tentiis
2078 2305 2174 2358 hos
2201 2305 2314 2357 l'cre
2346 2315 2514 2357 testes
2545 2303 2742 2362 laudat,
2773 2301 3083 2371 Dionysium
3109 2301 3428 2354 Alexandri-

1863 2413 2012 2462 num,
2050 2396 2376 2450 Demetrium
2404 2410 2616 2464 quoque
2648 2406 2702 2448 et
2731 2393 3062 2447 Clementem
3094 2392 3228 2462 (80),
3267 2394 3428 2446 alios-

1863 2505 1966 2556 que
2009 2490 2288 2558 plurimos.
2331 2487 2447 2542 Prae
2481 2489 2692 2540 «cteris
2718 2503 2847 2540 Vero
2873 2487 3156 2554 Pamphilo
3206 2487 3426 2555 martyri

1864 2581 2132 2643 innititur,
2193 2589 2354 2648 atque
2400 2579 2627 2633 Eusebio
2669 2579 2927 2632 Caesirezc
2975 2579 3272 2634 Palaestinae
3314 2581 3429 2648 epi-

1868 2690 2056 2742 scopo.
2097 2673 2363 2727 Caeterum
2415 2675 2526 2725 ha-c
2559 2673 2818 2739 Apologia
2862 2689 2966 2725 non
3020 2673 3216 2725 solutio
3262 2684 3342 2725 est
3373 2683 3430 2727 ut

1866 2767 2152 2834 plurimum
2187 2782 2373 2820 eorum
2419 2782 2539 2832 qua:
2581 2763 2796 2831 Origeni
2829 2765 3183 2833 objiciuntur.
3218 2767 3310 2818 sed
3340 2782 3432 2819 ac-

1864 2860 2159 2912 cusationis
2192 2860 2368 2927 potius
2421 2858 2750 2922 astipulatio.
2799 2857 2941 2909 Adeo
2976 2858 3061 2909 hic
3097 2872 3124 2909 a
3175 2857 3430 2924 blasphe-

1865 2949 1968 3000 mis
1998 2949 2139 3001 illius
2165 2949 2510 3016 opinionibus
2538 2949 2674 3001 liber
2714 2950 2934 3001 omnino
2971 2963 3075 3002 non
3117 2958 3218 3001 est.
3247 2949 3430 3018 Itaque

1865 3050 1919 3091 et
1966 3040 2172 3092 animas
2231 3050 2357 3092 ante
2417 3054 2642 3107 corpora
2685 3039 2952 3091 exsistere
3003 3038 3220 3104 fatetur,
3258 3054 3429 3093 sacra:

1867 3147 2083 3200 quoque
2131 3133 2425 3198 Scriptura:
2471 3149 2533 3185 ac
2564 3141 2870 3186 sanctorum
2922 3131 3139 3185 Patrum
3184 3134 3427 3185 testimo—

1867 3226 1969 3276 niis
2004 3223 2069 3276 ad
2109 3224 2252 3277 hunc
2292 3237 2532 3276 errorem
2592 3223 2989 3286 stabiliendum,
3025 3235 3081 3277 ut
3129 3235 3298 3290 putat,
3335 3227 3430 3278 ad-

1867 3312 2098 3365 hibitis:
2140 3321 2193 3364 et
2224 3327 2508 3380 corporum
2545 3328 2758 3380 quoque
2809 3315 2970 3366 aliam
3026 3315 3175 3383 lingit
3221 3333 3430 3371 resum-

1865 3405 2123 3472 ptionem.
2176 3402 2372 3458 Verum
2435 3412 2500 3459 de
2552 3418 2734 3460 sancta
2790 3405 3053 3462 Triuitate
3107 3409 3248 3477 92a
3300 3411 3432 3464 nihil

1865 3509 2166 3550 erratoruni
2214 3496 2553 3562 allert.Quiu
2603 3499 2763 3551 etiam
2825 3500 2924 3551 hoc
2979 3501 3174 3552 asserit
3214 3503 3278 3551 de
3307 3501 3432 3554 Ori-

1875 3605 2031 3655 geue,
2069 3590 2202 3641 nihil
2240 3605 2384 3652 eum,
2408 3590 2550 3656 quod
2586 3591 2800 3657 quidem
2833 3591 2898 3643 ad
2932 3592 3122 3657 dogma
3154 3594 3216 3646 de
3245 3592 3429 3648 Trini-

1869 3690 1978 3734 tate
2006 3683 2218 3743 attinet,
2252 3697 2465 3734 errasse
2499 3695 2513 3732 :
2559 3693 2883 3750 pugnantem
2930 3692 3135 3735 tantum
3165 3699 3286 3738 cum
3329 3685 3431 3738 Sa-

1871 3771 2014 3823 bellii
2047 3771 2161 3840 (81)
2197 3772 2411 3833 Ineresi,
2445 3771 2599 3840 cujus
2637 3784 2745 3823 tum
2780 3771 3097 3837 improbitas
3117 3788 3435 3841 magnopere

1868 3879 1986 3916 sese
2015 3862 2294 3924 eﬂ'erebat,
2317 3873 2370 3916 et
2401 3878 2752 3925 personarum
2790 3861 3065 3928 Triatlem,
3089 3865 3432 3920 niauilcstam

1869 3953 2102 4006 maxime
2145 3953 2436 4020 multisque
2482 3952 2655 4004 modis
2681 3952 3040 4013 dill‘erentctn,
3067 3955 3437 4007 demonstrare

1868 4053 2176 4104 conantem,
2199 4059 2224 4093 a
2263 4051 2407 4095 recto
2431 4051 2592 4110 atque
2620 4042 2795 4096 ollicio
2824 4043 2985 4095 etiam
3014 4043 3065 4096 in
3101 4044 3434 4096 contrariam

1869 4144 2074 4200 partem
2128 4137 2410 4202 abreptum
2453 4133 2620 4187 fuisse
2674 4135 2962 4188 videretur.
2999 4135 3288 4189 Enimvero
3339 4151 3436 4204 pro

1869 4227 1990 4278 aliis
2017 4225 2135 4294 ejus
2162 4226 2523 4294 dogmatibus,
2559 4226 2755 4294 quibus
2806 4243 2978 4295 neque
3021 4229 3153 4281 satis
3196 4230 3436 4297 speciose

1871 4317 2128 4370 assentiri
2162 4316 2345 4380 audet,
2375 4333 2548 4386 neque
2583 4328 2736 4385 putat
2768 4334 2925 4386 posse
2952 4321 3260 4389 praedictam
3307 4337 3439 4375 cau-

1872 4423 1986 4459 sam
2024 4408 2223 4475 aptari,
2258 4422 2354 4474 pro
2394 4408 2718 4474 bujusmodi,
2776 4412 3016 4477 inquam,
3072 4413 3434 4477 dogmatibus,

186 4489 316 4559 οἶδε,
357 4497 563 4562 πολλὴν
595 4497 800 4560 εἰσάγει
829 4495 1061 4560 σπουδὴν
1085 4495 1435 4564 ἁποφῆναι,ῆ
1466 4499 1769 4565 γυμνασίας
1805 4514 1847 4566 D

1805 4514 1847 4566 ο
1878 4499 2100 4550 multam
2133 4497 2349 4550 adhibet
2396 4514 2638 4567 operam,
2669 4511 2726 4552 ttt
2758 4502 3110 4566 demonstret,
3158 4500 3238 4554 rel
3279 4517 3437 4556 exer—

188 4591 336 4657 αὐτῴ
379 4592 541 4656 χάριν
584 4588 856 4655 εἰρῆσθαι,
895 4587 926 4654 ἢ
965 4587 1068 4637 ὑπό
1102 4604 1261 4636 τινων
1308 4587 1635 4654 ἑτεροδόξων
1661 4592 1772 4650 τοῖς

188 4679 358 4732 αὐτοῦ
417 4678 816 4746 συγγράμμασι
858 4677 1359 4746 παρεμϐεὸλῆσθαι.
1400 4679 1506 4728 Καὶ
1543 4680 1769 4748 προάγει

189 4774 285 4823 καὶ
340 4771 506 4821 αὑτὸν
539 4771 742 4819 ἐκεῖνον
774 4768 932 4820 τοῦτο
965 4768 1170 4837 βοῶντα
1202 4768 1295 4819 καὶ
1340 4768 1733 4839 διατεινόμενον
1755 4788 1766 4799 ⁸

190 4864 447 4932 φωρᾶσαι
480 4861 590 4928 γάρ
616 4862 776 4912 αὐτόν
809 4878 940 4930 φησι
973 4864 1065 4912 καὶ
1095 4860 1174 4911 ἔτι
1206 4861 1383 4922 ζῶντα
1416 4861 1617 4931 ταύτην
1652 4865 1769 4916 κατ’

191 4953 357 5004 αᾶτοῦ
395 4953 496 5020 τὴν
545 4952 912 5020 ῥᾳδιουργίαν.
955 4951 1108 5002 ’Ἐστι
1157 4951 1211 5002 δὲ
1240 4991 1254 5012 ,
1301 4949 1334 5002 ά
1385 4951 1532 5018 λέγει
1591 4953 1764 5024 μάτην

192 5043 356 5097 αὑτοῦ
420 5041 910 5110 κατηγορηθῆναι.
987 5043 1256 5109 κεφάλαια
1329 5043 1767 5105 πεντεκαίδεκα,

193 5137 338 5208 [159
377 5135 442 5189 ΙΙ.
479 5133 499 5205 ]
541 5136 696 5186 ἅτινα
736 5133 833 5184 καὶ
884 5132 1144 5200 διελέγχει
1200 5132 1448 5194 διαϐολὰς
1502 5127 1674 5193 εἶναι,
1705 5136 1768 5187 ὲκ

1874 4589 2151 4642 citatiOnis
2174 4590 2434 4643 duntaxat
2459 4607 2620 4644 causa
2650 4593 2762 4646 haec
2795 4595 2860 4645 ab
2893 4608 2958 4646 eo
2993 4608 3113 4647 esse
3158 4595 3320 4656 dicta,
3355 4596 3436 4648 vel

1869 4691 2017 4733 certe
2053 4681 2120 4734 ab
2163 4681 2305 4747 aliis,
2332 4683 2420 4749 qui
2479 4685 2687 4735 diversa
2729 4687 3016 4745 sentirent,
3063 4683 3178 4752 ejus
3223 4688 3439 4753 scriptis

1871 4773 2073 4825 inserta
2101 4771 2288 4828 fuisse.
2329 4773 2542 4828 Testem
2568 4774 2724 4842 hujus
2756 4775 2938 4828 laudat
2967 4792 3087 4829 eum
3121 4779 3292 4844 ipsum
3327 4777 3436 4846 (82)

1870 4861 1970 4915 hoc
1989 4863 2308 4918 clamantem
2346 4877 2505 4932 atque
2538 4867 2982 4929 contendentem,
3015 4883 3137 4921 cum
3169 4869 3437 4923 viventem

1873 4953 2174 5007 etiamnum
2208 4956 2378 5023 ipsum
2415 4956 2573 5010 talem
2601 4958 3021 5026 deprehendisse
3052 4958 3318 5012 fallaciam
3356 4976 3435 5013 re-

1878 5045 2001 5100 fert.
2035 5048 2153 5116 Ipsa
2189 5049 2309 5102 dein
2338 5052 2534 5119 capita,
2569 5053 2636 5104 ob
2674 5068 2791 5120 quae
2828 5053 2963 5106 falso
2995 5054 3141 5106 illum
3193 5058 3434 5110 accusari

1878 5139 2093 5193 asserit.
2127 5142 2430 5210 quindecim
2473 5144 2524 5195 in
2559 5145 2864 5198 universum
2899 5158 3184 5212 numerat;
3221 5149 3440 5201 eadem-

1467 5268 1701 5324 γΑιιιίΕ
1745 5271 2152 5332 LECTIONES.

261 5370 307 5400 ⁸³
342 5365 662 5436 σεληνιακοῦ
703 5363 891 5437 μηνὸς]
925 5364 1247 5437 σεληνιακῆς
1271 5365 1338 5417 Λ.

1414 5365 1660 5448 “‘Lfoi‘ct
1696 5369 1828 5448 infra
1858 5372 1958 5448 καὶ.
1979 5384 2092 5437 post
2341 5376 2463 5427 add.
2494 5379 2536 5428 A
2611 5377 2656 5407 “
2686 5377 3058 5448 άνενηγμένην
3088 5397 3148 5442 ς.
3226 5380 3272 5410 ⁸⁸
3304 5381 3441 5448 μᾶλ-

192 5439 303 5513 λον]
347 5434 584 5509 μάλιστα
611 5441 677 5490 Α.
706 5434 714 5437 ⁷
750 5437 796 5469 ⁵⁷
826 5434 918 5488 ιτιι
946 5436 1008 5487 τὸ
1037 5436 1287 5487 πλεῖστον
1317 5451 1378 5498 ς.
1455 5434 1498 5466 ⁸⁸
1527 5436 1672 5506 πέρα
1692 5440 1734 5491 Α
1769 5459 1781 5491 :
1815 5434 2062 5510 παράς.
2139 5445 2184 5474 ⁸⁸
2216 5446 2512 5499 ἑαλωκέναι
2546 5465 2605 5511 ς.
2683 5448 2728 5478 ⁸⁰
2761 5434 3295 5515 Ιίῡίῖσυγίιαθέώω,

1702 5579 1933 5638 ΝΟΤᾹδ.

266 5698 375 5764 (80)
412 5695 713 5764 Utrumque
741 5696 903 5748 etiam
927 5695 1374 5751 Alexandrinum.

262 5770 376 5834 (81)
413 5770 542 5831 Quae
599 5781 954 5833 personarum
996 5768 1048 5821 in
1077 5767 1342 5821 Trinitatc
1364 5779 1651 5820 numerum
1699 5781 1761 5821 ac

195 5837 550 5892 didereutiam
575 5835 966 5890 confundebat.

477 5931 747 5990 Parnm.
789 5929 901 5989 Gn.
937 5930 1092 5994 Clll.

1869 5701 2056 5826 “15.833
2102 5701 2338 5774 Epistola
2389 5718 2549 5774 quant
2600 5702 2759 5760 alIert
2807 5701 2868 5757 Β.
2933 5701 3158 5758 Hieron.
3213 5701 3432 5769 Apolog.

3030 5923 3101 5984 13
