4224 6446
790 428 896 494 395

1954 423 2219 483 PHOTII
2258 421 2768 484 PATRIARCII/E
2806 420 2915 479 CP.

3946 423 4051 486 396

790 554 896 607 que
947 550 1126 590 meras
1174 548 1298 589 esse
1318 533 1652 599 .calumnias,
1701 548 1765 588 ex
1828 533 2106 601 ipsiusmet
2145 533 2366 602 scriptis
2395 539 2439 593 Α

2395 539 2439 593 Α
2469 532 2577 583 τῶν
2623 528 2789 582 αὑτοῦ
2825 528 3034 579 ἐκείνου
3080 526 3535 596 συγγραμμάτων
3564 528 3884 597 ποιούμενος
3918 537 4048 595 τοὺς

791 628 967 681 allatis
995 626 1352 695 argumentis,
1390 625 1528 678 libro
1560 635 1755 694 quarto
1789 625 2065 678 convincit
2099 640 2114 677 :
2151 626 2215 677 ad
2246 638 2365 690 qua:

793 720 917 771 item
950 716 1243 770 refellenda
1284 716 1371 768 ubi
1405 717 1470 770 ad
1501 717 1747 785 quintum
1774 717 1918 769 venit
1955 716 2173 775 librum,
2202 727 2365 769 ciete-

792 823 972 860 rorum
1009 822 1223 876 quoque
1256 822 1349 876 pro
1377 808 1495 876 ipso
1535 808 1690 861 aliert
1726 808 2055 862 testimonia.
2090 806 2204 874 Ipsa
2236 822 2366 860 vero

791 900 969 968 capita
1002 900 1115 952 haec
1152 909 1307 951 sunt:
1338 901 1483 951 aiunt
1508 899 1653 951 illmn
1685 900 1875 953 docere
1904 916 1917 951 :
1944 900 1996 952 1.
2025 899 2221 953 Filium
2259 914 2363 951 non

794 1004 915 1043 esse
955 990 1338 1043 invocandum.
1391 989 1446 1042 2.
1491 989 1674 1056 Neque
1725 1004 1844 1043 esse
1894 990 2067 1056 ipsum
2122 989 2367 1043 absolute

796 1083 1015 1134 bonum.
1080 1082 1135 1134 ὅ.
1170 1079 1355 1147 Neque
1390 1079 1601 1133 Patrem
1631 1095 1979 1149 cognoscere,
2005 1090 2061 1132 ut
2100 1082 2361 1148 seipsum.

794 1172 849 1225 4.
879 1171 1192 1225 Rationales
1216 1181 1434 1224 naturas
1467 1170 1518 1223 in
1552 1171 1835 1225 brutorum
1870 1187 2097 1239 corpora
2134 1173 2363 1239 ingredi.

882 1263 1013 1315 Esse
1040 1261 1092 1314 in
1122 1262 1363 1314 diversas
1390 1276 1673 1329 corporum
1716 1265 1923 1330 species
1952 1252 2357 1331 migrationem.

794 1354 848 1407 6.
885 1353 1085 1406 Christi
1147 1351 1449 1406 Servatoris
1513 1354 1750 1406 animam
1814 1370 1918 1407 non
1982 1356 2140 1408 aliam
2203 1372 2366 1427 quam

796 1446 1083 1512 ipsiusmet
1132 1443 1322 1496 Adami
1361 1441 1544 1497 fuisse.
1593 1445 1645 1497 7.
1688 1444 1803 1498 Non
1836 1460 1955 1498 esse
1991 1461 2208 1514 poenam
2237 1445 2371 1498 deli-

796 1546 1007 1587 ctorum
1046 1533 1457 1601 sempiternam.
1484 1533 1536 1587 8.
1568 1533 1751 1600 Neque
1787 1534 1969 1587 carnis
2013 1536 2372 1587 resurrectio-

795 1624 1230 1678 nem.9.Adba:c
1251 1622 1484 1686 magiam
1521 1623 1713 1675 malam
1750 1640 1854 1676 nou
1892 1639 2028 1678 esse.
2059 1624 2146 1680 10,
2180 1624 2373 1677 Astro-

798 1712 1031 1766 nomiam
1091 1727 1278 1765 eorum
1328 1727 1446 1778 quae
1502 1712 1633 1764 fiunt
1674 1728 1892 1767 causam
1928 1728 2066 1766 esse.
2127 1715 2212 1766 11.
2252 1711 2373 1768 Uni-

802 1806 1046 1875 genitum
1098 1815 1361 1872 prmterea
1432 1820 1653 1872 regnum
1710 1807 1914 1859 nullum
1965 1807 2231 1860 obtinere.
2283 1806 2370 1859 12.

2468 624 2725 690 ἐλέγχους
2755 625 2811 672 ἐν
2842 620 2925 689 τῷ
2946 618 3190 689 τετάρτῳ
3223 620 3408 688 τόμῳ,
3433 619 3573 671 κατὰ
3602 619 3657 671 δὲ
3681 620 3774 671 τὸν
3797 622 4055 690 πέμπτον

2468 716 2761 783 γενόμενος
2797 714 2889 765 καὶ
2921 713 3123 783 ἐτέρων
3153 711 3293 780 ὑπὲρ
3322 710 3486 763 αὑτοῦ
3518 712 3845 781 μαρτυρίαις
3875 717 4054 783 ἀποξη-

2469 809 2719 878 ραπίζων
2750 808 2944 860 ταῦτα.
2979 808 3058 858 Τὰ
3089 806 3145 856 δέ
3187 804 3458 869 κεφάλαιά
3484 807 3598 857 ἐστι
3639 806 3809 856 ταῦτα
3839 823 3854 837 ·
3882 807 4057 856 ducta

2466 903 2628 955 αὑτὸν
2662 899 3066 969 παραγγέλλειν
3092 900 3167 969 μὴ
3198 897 3597 967 προσεύχεσθαι
3616 897 3657 927 ⁸⁸
3683 898 3761 965 τῷ
3791 897 3905 965 Υἱῷ
3925 939 3937 956 ,
3959 898 4059 948 καὶ

2471 993 2547 1063 μὴ
2571 990 2706 1044 εἶναι
2728 992 2891 1043 αὐτὸν
2922 989 3345 1056 ἁπλῶςθάγαθδν
3367 1032 3380 1053 ,
3406 988 3500 1040 καὶ
3536 988 3609 1055 μὴ
3650 985 3941 1053 γινώσκειν
3962 986 4059 1037 τὸν

2470 1084 2689 1153 ΙΙατέρα
2722 1083 2797 1145 ὡς
2849 1082 3010 1134 αὑτὸν
3042 1081 3269 1144 ἐαυτὸν,
3303 1081 3395 1131 καὶ
3442 1079 3541 1141 τὰς
3588 1077 3815 1143 λογικὰς
3862 1078 4058 1145 φύσεις

2469 1181 2547 1239 εἰς
2583 1178 2794 1242 ἀλόγων
2828 1173 3199 1243 είσκρίνεσθαι
3253 1170 3508 1239 σώματα,
3546 1173 3639 1221 καὶ
3670 1165 3813 1221 εἶναι
3868 1185 4060 1235 μετενο

2472 1269 2793 1337 σωμάτωσιν
2811 1310 2824 1332 ,
2846 1268 2938 1319 καὶ
2954 1269 3035 1319 ὅτι
3059 1266 3091 1333 ἡ
3118 1264 3212 1317 τοῦ
3240 1265 3488 1332 Σωτῆρος
3518 1262 3665 1330 ψυχὴ
3687 1264 3719 1329 ἡ
3748 1261 3842 1312 τοῦ
3878 1260 4056 1326 Ἀδὰμ

2468 1356 2570 1430 ἦν,
2606 1360 2697 1412 καὶ
2726 1362 2808 1412 δτι
2855 1360 2954 1412 οὑκ
3006 1359 3151 1410 ἐστιν
3189 1356 3405 1418 αἰώνιος
3445 1354 3667 1413 κόλασις
3697 1354 3817 1405 οὐδὲ
3852 1352 4060 1420 σαρκὸς

2471 1454 2768 1514 ἀνάστασις
2794 1493 2808 1516 ,
2861 1452 2956 1503 καὶ
2986 1452 3067 1503 ὅτι
3112 1450 3173 1502 οὐ
3228 1449 3397 1501 κακὸν
3432 1449 3465 1517 ἡ
3503 1445 3761 1514 μαγεία⁵¹
3784 1487 3797 1508 ,
3831 1446 3926 1494 καὶ
3975 1445 4060 1496 δτι

2473 1546 2735 1614 ποιητικὴ
2792 1543 2901 1597 τῶν
2935 1546 3330 1613 πραττομένων
3360 1543 3392 1605 ἠ
3441 1538 3771 1607 ἀστρονομία
3794 1576 3807 1597 ,
3851 1536 3946 1587 καὶ
3975 1536 4060 1585 δτι

2475 1636 2713 1689 παύεται
2740 1636 2767 1687 ὁ
2790 1634 3103 1700 Μονογενὴς
3132 1633 3231 1698 τῆς
3261 1628 3669 1698 βασιλείας.καὶ
3698 1626 3777 1677 δτι
3800 1627 3861 1675 ἐκ
3889 1640 4062 1675 κατα-

2476 1724 2736 1786 πτώσεως
2787 1718 2950 1792 ἦλθον
2980 1722 3029 1773 οἱ
3063 1721 3208 1786 ἅγιοι
3241 1719 3319 1780 είς
3347 1718 3437 1769 τὸν
3482 1716 3709 1780 κόσμον,
3746 1713 3860 1763 ἀλλ’
3901 1712 3961 1762 οὺ
3991 1711 4060 1761 δι’

2476 1818 2679 1885 ἐτέρων
2712 1813 3014 1881 θεραπείαν
3041 1852 3055 1873 ,
3088 1812 3185 1863 καὶ
3212 1810 3291 1860 δτι
3321 1810 3348 1860 ὁ
3379 1806 3566 1874 Πατὴρ
3598 1805 3693 1855 καὶ
3716 1803 3793 1870 τῷ
3825 1799 3941 1868 Τίῷ
3967 1801 4063 1853 ἀό-

801 1897 1032 1951 Sanctos
1076 1895 1342 1968 [angelos]
1394 1896 1638 1964 delapsos
1704 1896 1755 1950 iu
1811 1898 2066 1950 mlllidllln
2140 1898 2371 1962 venisse,
2408 1890 2448 1943 Β

2408 1890 2448 1943 Β
2481 1924 2640 1976 ρατος
2660 1944 2675 1967 ,
2700 1904 2799 1957 καὶ
2830 1905 2911 1955 ὃτι
2943 1903 3012 1954 τὰ
3040 1899 3319 1969 Χερουϐὶμ
3351 1897 3585 1950 ἐπίνοιαι
3613 1892 3706 1945 τοῦ
3740 1890 3869 1943 Υἱοῦ
3897 1892 4059 1947 εἰσιν,

799 2004 902 2041 non
940 1988 1004 2040 ad
1039 1988 1269 2040 aliorum
1306 1989 1649 2053 obsequium.
1684 1988 1768 2041 1³5.
1800 1988 1963 2041 Deum
1998 1987 2210 2043 Patrem
2243 2005 2310 2042 ne
2340 2005 2369 2041 a

802 2081 939 2134 Filio
969 2082 1185 2147 quidem
1220 2079 1394 2132 videri
1444 2094 1621 2147 posse.
1657 2080 1743 2133 14.
1778 2080 2070 2133 Cherubim
2102 2080 2220 2133 Filii
2253 2095 2374 2135 esse

801 2173 1041 2241 cognita.
1086 2172 1175 2225 15.
1209 2174 1470 2235 Rursum,
1518 2171 1660 2237 quod
1712 2170 1803 2223 Dei
1852 2171 2050 2239 imago,
2099 2172 2263 2224 relata
2308 2171 2372 2223 ad

802 2265 949 2316 illum
982 2263 1139 2331 cujus
1174 2271 1257 2315 est
1290 2264 1486 2330 imago,
1521 2272 1790 2330 quatenus
1826 2273 1909 2316 est
1945 2262 2144 2330 imago,
2176 2265 2373 2316 veritas

805 2370 909 2408 non
946 2366 1047 2407 est.
1077 2355 1199 2408 Ibec
1236 2354 1347 2408 fere
1389 2355 1628 2422 depellit,
1666 2355 1743 2407 uti
1774 2354 2030 2419 diximus,
2063 2356 2216 2422 quasi
2243 2355 2379 2409 falso

803 2445 1023 2514 Origrni
1070 2447 1304 2514 objecta,
1358 2446 1616 2513 omnique
1655 2462 1755 2513 Ope
1802 2446 2229 2499 ecclesiasticum
2259 2460 2380 2499 esse

803 2539 977 2589 virum
1031 2546 1085 2587 et
1147 2536 1511 2587 orthodoxam
1556 2537 1842 2589 ostendere
1892 2538 2099 2589 nititur.
2147 2539 2215 2589 At
2247 2552 2380 2599 non,

803 2630 942 2683 bone
969 2628 1073 2690 vir,
1097 2628 1137 2679 si
1160 2627 1281 2693 quis
1315 2638 1570 2680 ostensus
1601 2638 1683 2680 est
1716 2627 1855 2680 haud
1879 2630 2131 2681 omnibus
2160 2629 2381 2681 omnino

806 2720 982 2771 modis
1026 2718 1225 2784 impius
1252 2732 1394 2777 esse.
1421 2733 1541 2770 mox
1577 2718 1740 2771 etiam
1770 2719 1822 2770 in
1853 2718 2049 2786 quibus
2082 2716 2382 2771 manifesta:

806 2810 1155 2877 blasphemia:
1190 2818 1423 2873 tenetur,
1458 2823 1671 2875 poenam
1705 2806 1941 2878 eli‘ugict.

1478 2895 1708 2950 CXVIII.

844 2993 1110 3064 Pamphili
1134 2990 1402 3064 martyris,
1432 2989 1587 3064 simul
1612 2999 1667 3064 et»
1695 2988 1926 3064 Eusebii,
1957 2988 2223 3055 Apologia:
2256 3000 2347 3045 pro

1359 3059 1583 3127 Origene
1612 3062 1732 3109 libri
1758 3074 1830 3111 tv.

876 3156 1022 3211 Lecti
1070 3165 1196 3208 sunt
1234 3152 1496 3218 Pamphili
1550 3152 1823 3219 martyris,
1874 3158 1929 3201 et
1980 3148 2120 3216 920
2171 3146 2384 3200 Eusebii

2476 2000 2571 2051 καὶ
2605 2000 2687 2051 ὅτι
2717 1998 2750 2065 ή
2790 1994 2952 2047 εἰκὼν
2975 1994 3069 2045 τοῦ
3099 1992 3235 2044 Θεοῦ
3268 1990 3343 2051 ὼς
3392 1989 3528 2057 πρὸς
3572 1990 3780 2039 ἐκεῖνον
3810 1980 3871 2038 οὗ
3911 1987 4063 2036 ἐστιν

2476 2089 2637 2143 εἰκὼν
2660 2132 2672 2152 ,
2708 2087 2828 2141 καθ’
2862 2087 2890 2139 ὃ
2913 2086 3073 2139 εἰκὼν
3094 2125 3109 2145 ,
3150 2085 3250 2136 οὐκ
3278 2083 3424 2135 ἐστιν
3460 2082 3700 2150 ἀλήθεια.
3738 2079 3923 2132 Ταῦτα
3957 2079 4065 2129 ἁπ-

2476 2181 2714 2249 ελέγχει,
2748 2179 2822 2241 ὡς
2844 2179 3167 2248 προείρηται
3186 2214 3201 2238 ,
3223 2173 3436 2243 ψευδῶς
3464 2172 3718 2242 εἰρῆσθαι
3748 2174 3889 2222 κατὰ
3923 2169 4065 2235 Ὠρι-

2478 2274 2666 2341 γένους
2687 2313 2701 2334 ,
2728 2273 2821 2324 καὶ
2851 2271 2910 2323 τό
2938 2288 3000 2338 γε
3030 2269 3122 2323 ἐπὶ
3145 2270 3209 2339 τῇ
3241 2266 3407 2319 αὐτοῦ
3440 2265 3645 2334 σπουδῇ
3674 2263 4064 2332 ἐκκλησιαστι-

2479 2368 2574 2420 κὸν
2597 2368 2691 2420 καὶ
2722 2366 2833 2419 τῶν
2866 2365 3168 2435 ὁρθοδόξων
3197 2362 3560 2430 ἀποφαίνεται
3582 2360 3673 2412 τὸν
3696 2359 3886 2427 ἄνδρα.
3916 2354 4065 2407 Ἀλλ’

2478 2461 2580 2513 οὐκ
2631 2460 2683 2512 εἴ
2711 2475 2795 2520 τις
2822 2499 2838 2522 ,
2886 2452 2931 2509 ὣ
2985 2457 3229 2526 βέλτιστε
3250 2496 3265 2519 ,
3295 2454 3369 2522 μὴ
3424 2452 3632 2512 πάντας
3662 2450 3784 2509 tcb;
3822 2448 4065 2516 τρόπους

2481 2551 2696 2620 ἐδείχθη
2718 2548 2998 2602 δυσσεδῶν
3016 2589 3031 2611 ,
3055 2546 3163 2600 οὐδ’
3197 2548 3255 2597 ἐν
3276 2545 3321 2575 ³⁸
3338 2538 3417 2606 οἷς
3436 2541 3728 2614 προφανῶς
3750 2538 4068 2611 βλασφημεῖ

2482 2649 2581 2713 τὴν
2612 2646 2769 2714 δίκην
2803 2641 3197 2711 διαδιδράσκων
3225 2638 3545 2707 ὀφθήσεται.

3189 2903 3341 2954 PIH’.

2486 2998 2805 3066 Παμφίλου
2832 2995 2937 3050 τοῦ
2962 2994 3266 3063 μάρτυρος
3296 2995 3391 3046 καὶ
3428 2993 3723 3048 Εὑσεϐἰου
3741 2992 3893 3061 ὑπὲρ
3920 2994 4070 3061 Ὠρι-

3019 3066 3232 3132 γένους
3258 3067 3426 3131 τόμοι
3458 3070 3532 3127 ς’.

2575 3158 2916 3226 Ἀνεγνώσθη
2944 3157 3231 3226 Παμφίλου
3257 3156 3349 3207 τοῦ
3381 3156 3653 3225 μάρτυρος
3674 3155 3769 3208 καὶ
3802 3156 4068 3208 Εὑσεὸίου

806 3268 899 3319 pro
929 3248 1150 3318 Origene
1176 3246 1296 3299 libri
1327 3260 1419 3297 sex
1446 3261 1460 3296 :
1493 3259 1720 3310 quorum
1750 3244 1985 3309 quinque
2012 3252 2136 3292 sunt
2165 3256 2193 3291 a
2228 3239 2385 3291 Pam-
2414 3226 2458 3283 C

2414 3226 2458 3283 Ο
2493 3253 2643 3319 ὑπὲρ
2670 3252 3025 3319 Ὠριγένονυς.
3056 3250 3222 3318 Τόμοι
3251 3249 3307 3300 δὲ
3332 3250 3393 3300 τὸ
3423 3248 3627 3317 pisum
3652 3256 3727 3313 ς’,
3754 3242 3827 3302 ὧν
3868 3252 3918 3302 οἱ
3970 3251 4070 3319 μὲν

809 3342 955 3411 philo
996 3342 1047 3394 in
1090 3352 1311 3393 carcere
1348 3337 1479 3403 (85).
1515 3345 1780 3403 praesente
1800 3335 1961 3387 etiam
1997 3332 2248 3395 Eusebio,
2277 3330 2386 3383 ela-

2490 3352 2531 3397 s'
2584 3343 2852 3411 Παμφίλῳ
2880 3342 2941 3394 τὸ
2985 3341 3360 3410 δεσμωτήριον
3404 3340 3642 3392 οἰκοῦντι
3690 3342 4071 3411 συμπαρόντος

810 3434 1021 3487 burati:
1056 3440 1241 3485 sextus
1274 3445 1422 3491 vero,
1461 3439 1747 3495 postquam
1803 3427 1916 3493 jam
1964 3435 2170 3493 martyr
2241 3424 2388 3475 ferro

2493 3434 2811 3488 Εὐσεόίου⁸³
2834 3432 3237 3501 ἐξεπονήθησαν
3258 3472 3271 3493 ,
3297 3432 3325 3481 ὁ
3356 3432 3409 3483 δὲ
3440 3431 3595 3493 ἕκτος
3614 3473 3627 3491 ,
3653 3432 3777 3483 ἐπεὶ
3804 3434 3831 3483 ὁ
3859 3434 4071 3501 μάρτυς

811 3525 1052 3594 privatus
1089 3523 1217 3583 vita,
1266 3522 1330 3570 ad
1376 3521 1534 3571 unice
1575 3517 1945 3570 desideratum
1981 3515 2147 3567 Deum
2185 3514 2385 3581 migra—

811 3631 914 3685 rat,
957 3620 1023 3671 ab
1050 3616 1282 3671 Eusebio
1330 3625 1413 3669 est
1455 3613 1753 3666 absolutus.
1789 3612 2106 3676 Quanquam
2136 3606 2224 3659 alii
2252 3620 2391 3673 quo-

2491 3528 2699 3593 ξίφειπ
2758 3524 2850 3577 τοῦ
2885 3525 2981 3594 ζῇν
3016 3522 3285 3591 ἀπαχθεὶς
3335 3522 3559 3573 ἀνέλυσε
3607 3522 3741 3590 πρὸς
3790 3521 3848 3573 ὃν
3884 3524 4070 3575 ἐπόθει

2490 3617 2621 3669 Θεὸν
2647 3656 2661 3679 ,
2709 3613 2953 3682 Εὑσεὸίῳ
2984 3613 3167 3665 λοιπὸν
3202 3613 3584 3680 ἀπαρτίζεται.
3630 3613 3769 3684 [297
3804 3615 3912 3686 IL]
3965 3618 4072 3667 Καὶ

811 3731 915 3783 que
962 3711 1182 3781 plurimi
1233 3723 1295 3761 eo
1345 3708 1460 3774 ipso
1507 3717 1746 3773 tempore
1796 3703 1973 3772 magni
2026 3700 2257 3753 nominis
2289 3696 2389 3749 viri

2492 3709 2642 3763 ἄλλοι
2672 3708 2729 3759 δὲ
2760 3706 3001 3758 πλεῖστοι
3051 3706 3169 3758 κατ’
3215 3706 3391 3757 ἐκεῖνο
3419 3703 3611 3774 καιροῦ
3645 3705 3738 3755 καὶ
3772 3706 4070 3773 ἀξιολογώ-

815 3804 1076 3873 apologiis
1175 3799 1464 3867 Origenem
1548 3795 1941 3849 delendcudum
2016 3800 2387 3859 susceperunt.

810 3896 977 3948 Aiunt
1032 3892 1195 3961 igitur
1229 3888 1513 3958 Origeuem
1572 3887 1757 3942 Severi
1809 3887 2153 3953 imperatoris
2211 3896 2391 3949 perse-

812 3991 1029 4045 cutione
1080 3987 1335 4040 Leonida:
1390 3985 1526 4052 patri
1582 3984 1844 4050 scriptum
1897 3982 2131 4042 misisse,
2186 3992 2293 4044 quo
2323 3976 2390 4029 ad

812 4078 1057 4149 martyrii
1115 4075 1441 4130 curriculum
1495 4089 1615 4126 eum
1662 4080 1952 4125 exacueret
1984 4086 1998 4124 :
2031 4079 2083 4120 et
2114 4082 2245 4121 sane
2280 4074 2392 4119 sla-

810 4172 957 4223 dium
1005 4170 1215 4223 fortiter
1254 4168 1547 4221 decurrens
1590 4164 1677 4217 ille
1719 4162 1961 4216 bravium
2011 4161 2217 4227 accvpit
2252 4159 2387 4227 (84).

2493 3817 2645 3852 τατοι
2690 3797 2984 3865 ἀπολογίας
3029 3798 3167 3866 ὑπὲρ
3216 3795 3378 3849 αὑτοῦ
3411 3797 3786 3861 συνετάξαντο.
3828 3799 3967 3851 Φασὶ
4016 3800 4072 3853 δὲ

2492 3890 2583 3943 τδν
2623 3891 2902 3960 Ὠριγένην
2925 3891 2981 3940 ἐν
3002 3891 3111 3950 τοῖς
3144 3888 3284 3941 κατὰ
3311 3888 3546 3957 Σεὸἦρον
3574 3889 3830 3957 διωγμοῖς
3864 3891 4071 3959 γράψαι

2500 3983 2744 4051 Λεωνίδῃ
2776 3981 2854 4051 τῷ
2867 3982 2911 4013 ⁵⁸
2939 3980 3107 4050 πατρῖ¹
3134 3981 3493 4047 ἐπαλείφοντα
3526 3982 3657 4050 πρὸς
3683 3983 3775 4032 τὸν
3800 3983 3896 4034 τοῦ
3933 4001 4071 4053 μαρ-

2492 4072 2678 4139 τυρίου
2716 4071 2914 4139 δρόμον
2934 4110 2946 4129 ,
2970 4071 3027 4121 ὃν
3057 4069 3149 4121 καὶ
3176 4069 3355 4130 καλῶς
3376 4070 3634 4139 δραμόντι
3662 4070 3770 4121 τῶν
3800 4071 4072 4139 βραδείων

2494 4165 2674 4232 τυχεῖν
2699 4161 2977 4229 ἐξεγένετο
2998 4203 3012 4227 ,
3039 4160 3133 4213 καὶ
3158 4161 3318 4213 αὑτὸν
3341 4161 3397 4213 δὲ
3426 4161 3794 4214 ἀποδύσασθαι
3820 4164 4073 4215 σπεύδειν

812 4262 1032 4315 Addunt
1085 4262 1371 4328 ipsummet
1439 4257 1723 4325 Urigenem
1770 4268 1984 4307 summo
2022 4253 2200 4305 studio
2251 4251 2389 4303 idem

2494 4255 2632 4324 πρὸς
2682 4254 2741 4305 τὸ
2786 4254 2893 4305 τῶν
2926 4254 3323 4321 ἀγωνισμάτων
3364 4252 3605 4313 στάδιον,
3637 4253 3733 4322 τὴν
3760 4253 3815 4305 δὲ
3859 4256 4072 4325 μητέρα

813 4365 1086 4407 certamen
1136 4350 1412 4417 suscipere
1465 4356 1716 4400 conatum
1756 4344 1921 4398 fuisse
1970 4343 2109 4415 (85),
2140 4340 2233 4396 sed
2279 4354 2392 4393 ma-

815 4455 948 4498 trem
1004 4445 1261 4511 impetum
1307 4439 1390 4493 vel
1443 4441 1558 4507 ipso
1617 4436 1786 4489 invito
1839 4435 2139 4489 refrcnasse
2184 4452 2197 4485 :

815 4537 987 4603 ipsqu
1022 4535 1149 4587 item
1186 4532 1410 4601 epistola
1461 4529 1693 4597 quadam
1728 4542 1823 4579 sua
1861 4536 2113 4578 testatum
2146 4522 2385 4589 reliquit.

814 4629 952 4693 Quin
988 4626 1300 4692 Pamphilus
1353 4633 1577 4690 martyr,
1631 4628 1685 4672 et
1736 4619 1824 4671 alii
1874 4633 1992 4670 cum
2043 4632 2108 4670 eo
2147 4614 2386 4683 plurimi,

814 4737 903 4775 res
940 4718 1191 4788 Origcuis
1227 4733 1292 4770 ex
1338 4715 1440 4767 illis
1477 4715 1628 4779 ipsis,
1673 4712 1762 4780 qui
1811 4711 2083 4763 hominem
2114 4709 2387 4768 viderant,

815 4814 1120 4867 accuratius
1162 4809 1507 4880 perscrutati,
1558 4814 1804 4867 narrant,
1857 4819 1977 4856 eum
2008 4802 2203 4855 celebri
2241 4814 2387 4853 mar-

816 4906 954 4975 tyrio
998 4915 1110 4956 tum
1160 4904 1269 4954 vita
1319 4899 1642 4961 decessisse,
1690 4911 1810 4948 cum
1874 4893 2137 4947 C:esareze
2192 4892 2388 4945 Decius

816 5013 964 5051 suam
1020 4998 1071 5048 iu
1120 4992 1462 5047 Christianos
1498 4988 1873 5042 crudelitatem
1904 4984 2201 5038 eﬂ'uuderet
2232 4982 2385 5052 (85').

814 5090 917 5143 Alii
948 5099 1126 5140 tamen
1164 5084 1348 5139 volunt
1379 5084 1443 5136 ad
1476 5081 1612 5137 Galli
1644 5096 1706 5133 ac
1746 5077 2026 5131 Volusiani
2059 5088 2231 5143 usque
2258 5083 2391 5124 tem-

817 5195 943 5248 pora
993 5177 1341 5247 perdurasse,
1394 5182 1449 5228 et
1519 5170 1917 5240 sexagesimum
1966 5180 2163 5219 nonum
2216 5161 2392 5216 aatatis

2495 4347 2589 4397 καὶ
2611 4346 2813 4397 ἄκοντα
2842 4343 3134 4411 δυνηθῆναι
3156 4344 3252 4409 τῆς
3279 4344 3453 4411 ὁρμῆς
3486 4345 3731 4411 ἐπισχεῖν
3757 4360 3770 4373 ·
3795 4346 3891 4396 καὶ
3918 4346 4074 4397 τοῦτο

2250 4433 2391 4499 quod
2496 4437 2589 4489 καὶ
2621 4436 2785 4497 αὐτὸς
2816 4437 2871 4485 ἐν
2903 4435 3159 4503 ἐπιστολῇ
3186 4435 3361 4503 οἰκείᾳ.
3387 4434 3831 4503 ἐπισημαίνεται.
3859 4437 3999 4489 Φασὶ
4017 4438 4073 4488 δὲ

2494 4528 2657 4579 αὑτὸν
2679 4528 2705 4579 ὅ
2727 4544 2786 4578 τε
2820 4527 3101 4595 Πάμφιλος
3138 4526 3345 4595 μάρτυς
3375 4527 3466 4576 καὶ
3492 4525 3667 4595 ἕτεροι
3696 4524 3972 4591 πλεῖστοι,
3993 4530 4074 4579 οἶ-

2493 4619 2638 4683 τινες
2668 4621 2762 4674 ἀπ’
2798 4620 2977 4673 αὐτῶν
3019 4620 3125 4671 τῶν
3156 4621 3477 4689 ἑωρακότων
3507 4621 3790 4692 Ὠριγένην
3829 4623 3898 4676 τὰ
3941 4627 4074 4693 περὶ

2491 4714 2585 4766 τοῦ
2622 4712 2815 4781 ἀνδρὸς
2850 4711 3266 4781 ἡκριὸώσαντο,
3317 4710 3583 4780 διαϐοήτῳ
3640 4715 3923 4784 μαρτυρίῳ
3979 4717 4072 4767 τοῦ

2496 4805 2611 4874 βίου
2643 4803 3014 4872 ἐξεληλυθέναι
3044 4802 3129 4853 ἐπ’
3164 4802 3335 4870 αὐτῆς
3366 4806 3463 4873 τῆς
3498 4805 3834 4874 Καισαρείας
3880 4808 4073 4859 Δεκίου

2494 4898 2591 4966 τὴν
2620 4895 2762 4948 κατὰ
2789 4895 2896 4946 τῶν
2927 4895 3266 4963 Χριστιανῶν
3297 4895 3553 4963 ὠμότητα
3602 4897 3876 4959 πνέοντος.
3929 4902 3993 4951 Ui
4017 4900 4073 4951 δέ

2497 5006 2659 5058 φασιν
2686 4988 2846 5039 αὑτὸν
2865 4987 2966 5048 ἕως
2986 4986 3186 5038 Γάλλου
3210 4987 3303 5038 καὶ
3322 4986 3675 5040 Βολουσιανοῦ
3704 4989 4076 5059 διαρκέσαντα

2499 5082 2593 5133 καὶ
2629 5080 2917 5149 ἑξηκοστὸν
2950 5078 3134 5131 ἔνατον
3169 5079 3284 5142 ἔτος
3307 5081 3348 5112 ⁵⁷
3380 5081 3477 5149 τῆς
3505 5082 3721 5150 ἡλικίας
3752 5084 3950 5149 ἄγοντα
3975 5126 3990 5146 ,
4018 5088 4078 5137 ἐν

2503 5167 2545 5217 Τ
2552 5168 2665 5235 ύρῳ
2710 5166 2803 5218 καὶ
2836 5165 3155 5236 τελευτῆσαι
3203 5167 3297 5218 καὶ
3322 5172 3466 5239 ταφῇ
3496 5170 3885 5240 παραδοθῆναι.
3919 5174 4076 5227 Ἐστι

2117 5319 2357 5378 νΑΒΙιΕ
2394 5318 2776 5373 LECTIONES

881 5454 923 5483 "
958 5450 1212 5521 εῠχεσθαι
1240 5467 1301 5514 ς.
1378 5451 1423 5481 ⁸¹
1456 5449 1631 5519 μαγία
1662 5466 1722 5511 ς.
1800 5446 1845 5477 ³³
1878 5448 1935 5497 ὲν
1959 5445 2080 5499 add.
2115 5444 2178 5495 A.
2255 5442 2301 5474 ⁵⁸
2332 5456 2505 5508 συμπ.
2547 5437 2639 5489 καὶ
2670 5436 2865 5489 Εὑσεϐ.
2902 5455 2961 5500 ς.
3034 5439 3079 5471 ⁸³
3108 5438 3250 5504 ξίφει
3275 5454 3383 5493 0m.
3416 5455 3495 5508 pr.
3526 5440 3591 5491 Α.
3670 5438 3716 5469 ⁵⁸
3742 5440 3820 5507 τῷ
3850 5439 3973 5491 add.
4011 5440 4073 5490 Λ.

2321 5578 2560 5634 NOTIE.

812 5523 854 5555 "
883 5523 998 5585 ἔτος
1026 5538 1133 5575 unt.
1169 5521 1232 5573 Α.

884 5705 1006 5772 (85)
1036 5704 1318 5757 Communi
1361 5718 1523 5770 opera
1577 5702 1946 5772 elucubr_atam
1991 5698 2130 5772 I_i_anc
2184 5696 2383 5772 Apolo-

814 5764 949 5894 giam
985 5764 1179 5827 asserit
1210 5774 1323 5839 ipse
1348 5764 1540 5825 Euseb.
1568 5773 1657 5824 lib.
1684 5787 1731 5822 νι
1768 5767 1949 5822 Ecclcs
1992 5767 2134 5852 Hi‘sl.
2158 5764 2388 5832 cap.20.

866 5846 948 5894 ide
979 5845 1128 5894 card.
1158 5844 1353 5894 Baron.
1389 5843 1581 5894 Annal.
1623 5853 1658 5894 ι.
1694 5841 1754 5894 ΙΙ.
1782 5843 1846 5894 ad
1880 5855 2009 5893 ann.
2036 5837 2168 5892 Chr.
2195 5835 2322 5889 256.

844 5844 948 5899 fide
979 5845 1128 5899 card.
1158 5835 1353 5899 Barou.
1389 5843 1581 5896 Annal.
1623 5853 1658 5896 t.
1694 5841 1754 5906 ll,
1782 5843 1846 5894 ad
1880 5855 2009 5893 ann.
2036 5837 2168 5892 Chr.
2195 5835 2322 5889 256.

2566 5691 2676 5753 (84)
2718 5690 2903 5757 Capite
2932 5700 3233 5750 truncatus,
3254 5701 3309 5741 ut
3335 5689 3497 5744 refert
3525 5690 3719 5746 Euseb.
3753 5690 3933 5752 lib.vr.
3954 5709 4001 5745 c.
4022 5692 4073 5746 1.

2568 5761 2683 5827 (85)
2715 5760 2842 5813 Ibid.
2884 5760 3078 5814 Euseb.
3121 5776 3239 5825 cap.
3277 5761 3311 5812 ὅ

2574 5830 2707 5899 (85')
2740 5830 2798 5884 S.
2835 5830 3053 5887 Hieron.
3095 5830 3166 5885 De
3198 5831 3399 5897 Script.
3449 5830 3644 5886 cccles.
3688 5846 3811 5891 can.
3848 5833 3936 5888 54.
