4224 6446
157 407 254 468 397

1254 404 1779 464 BIBLIOTHECA.
1819 431 1888 442 —
1926 406 2089 466 COD.
2131 405 2393 465 CXVIII.

3304 414 3411 478 398

155 518 206 568 δὲ
242 514 453 581 μᾶλλον
473 508 629 575 οὗτος
655 516 684 564 6
713 512 870 580 λόγος
905 513 1139 581 ἀληθὴς,
1170 512 1224 564 εἴ
1249 531 1311 580 γε
1342 514 1399 565 αἱ
1432 514 1732 583 φερόμεναι
1762 516 1813 575 Α

1762 516 1813 575 Α
1840 531 2039 567 annum
2076 526 2323 585 agentem
2353 514 2479 584 Tyri
2528 527 2819 581 mortuum,
2862 519 2914 572 in
2945 520 3242 593 eademque
3272 531 3405 583 urbe

155 606 313 657 αὑτοῦ
338 606 482 673 μετὰ
500 606 594 655 τὸν
610 606 796 655 Δεκίου
821 605 1057 672 διωγμὸν
1070 604 1417 656 ⁸1’ἐπιστολαὶ
1438 606 1535 654 οὐκ
1553 605 1734 673 ἔχουσι

154 699 208 747 τὸ
240 696 507 747 ττλαστόν.
546 694 751 755 Παντὸς
788 694 843 746 δὲ
894 693 1214 761 μαθήματος
1246 694 1390 745 ίδέαν
1426 695 1590 760 φασὶν
1639 696 1736 745 αὑ-

153 789 295 836 τὲν³⁹
323 788 422 837 καὶ
480 786 755 853 μετελθεῖν
779 787 821 815 ⁶⁰
850 788 941 837 καὶ
984 786 1275 839 διδάσκειν.
1309 786 1509 837 Τοῦτον
1554 788 1733 837 τοίνυν

152 878 236 928 τὸν
301 878 624 946 Ὠριγένην,
664 877 721 927 ὃν
767 878 861 929 καὶ
906 878 1256 944 Ἀδαμάντιον
1300 877 1732 943 ἐπονομάζεσῦαί

151 985 312 1031 φασιν
343 1010 354 1024 ,
386 970 471 1019 δτι
499 966 880 1035 ἀδαμαντίνοις
905 967 1119 1035 δεσμοῖς
1154 966 1394 1036 ἐῴκεσαν
1423 967 1515 1029 οὓς
1548 968 1613 1018 ἀν
1647 968 1734 1035 δή·

152 1076 257 1109 σειε
289 1059 492 1124 λόγους
511 1100 525 1120 ,
557 1058 832 1127 ἀκροατὴν
858 1060 949 1109 καὶ
975 1058 1215 1126 διάδοχον
1235 1059 1451 1124 λέγουσι
1478 1058 1731 1122 γενέσθαι

152 1152 470 1218 Κλήμεντος
500 1150 593 1202 τοῦ
628 1150 999 1219 Στρωματέως
1026 1155 1118 1202 καὶ
1150 1150 1247 1202 τοῦ
1282 1152 1419 1202 κατὰ
1452 1149 1469 1219 [
1494 1152 1597 1203 160
1622 1152 1687 1204 H.
1712 1150 1729 1221 ]

154 1246 241 1312 τὴν
308 1246 723 1313 Ἀλεξάνδρειαν
799 1244 1253 1312 ἐκκλησιαστικοῦ
1319 1246 1729 1297 διδασκαλείου*

154 1336 260 1400 ἰίλή
272 1353 450 1401 μέντα
476 1336 531 1386 δὲ
564 1335 864 1385 Πανταίνου
891 1336 1143 1400 γενέσθαι
1167 1335 1383 1399 λέγουσι
1408 1336 1501 1385 καὶ
1526 1335 1733 1402 ἀκροα-

149 1428 241 1494 τὴν
298 1428 395 1478 καὶ
436 1426 530 1478 τοῦ
575 1426 950 1478 διδασκαλείου
996 1426 1272 1493 διάδοχον,
1326 1426 1622 1477 Πάνταινον
1676 1426 1731 1477 δὲ

149 1519 249 1570 τῶν
281 1535 339 1569 τε
372 1520 502 1577 τοὺς
523 1519 854 1578 ἀποστόλους
888 1518 1209 1586 ἑωρακότων
1240 1516 1637 1584 ἀκροάσασθαι,
1665 1517 1726 1567 οὐ

152 1610 252 1679 μὴν
282 1610 427 1661 άλλά
453 1610 549 1661 καί
572 1626 734 1661 τινων
766 1610 945 1660 αὐτῶν
970 1608 1196 1660 ἐκείνων
1220 1608 1522 1659 διακοῦσαι.

1840 607 2126 673 sepultum.
2162 606 2290 671 Quae
2337 608 2553 674 quidem
2610 610 2789 660 verior
2850 615 3093 667 narratio
3155 628 3237 669 est
3282 636 3296 671 :
3359 620 3405 672 si

1841 700 1999 749 modo
2044 713 2311 764 germana:
2353 709 2501 758 sunt,
2530 716 2648 765 qua!
2697 701 2962 764 feruntur,
2991 706 3233 771 epistola:
3266 711 3409 765 illius

1840 798 1957 853 post
1988 787 2129 840 Decii
2164 791 2586 854 persecutionem
2612 797 2953 860 conscriptae.
2990 794 3193 851 Omnes
3228 812 3407 853 autem

1839 880 2060 931 omnino
2096 880 2409 946 disciplinas
2446 882 2616 947 ipsum
2662 894 2715 935 et
2762 887 3069 953 percepisse
3104 901 3156 941 et
3190 893 3407 944 docuis-

1838 984 1896 1022 se
1948 971 2150 1023 ferunt.
2230 970 2381 1024 llunc
2456 974 2582 1027 item
2651 973 2937 1043 Origenem
3002 983 3185 1046 (quem
3246 985 3406 1035 etiam

1834 1066 2211 1115 Ailamantium
2270 1065 2707 1133 cognominatum
2758 1082 2823 1119 ex
2885 1083 2949 1121 eo
2994 1072 3232 1133 tradunt,
3268 1075 3409 1139 quod

1835 1155 1947 1220 (86)
1981 1156 2236 1213 rationes,
2267 1169 2402 1221 quas
2448 1155 2747 1222 colligaret,
2789 1155 3157 1211 adamantinis
3184 1162 3410 1226 quibus-

1833 1247 1955 1297 dam
1980 1246 2131 1312 quasi
2165 1246 2399 1299 vinculis
2435 1261 2539 1298 non
2575 1246 2854 1299 absimiles
2884 1248 3217 1319 viderentur)
3252 1254 3409 1305 audi-

1834 1346 2005 1389 torem
2050 1335 2217 1388 fuisse
2246 1336 2538 1389 Clementis
2585 1337 2704 1404 ejus
2755 1338 2843 1405 qui
2878 1337 3205 1393 Stromateus
3233 1344 3408 1395 dictus

1838 1432 1940 1488 est,
1974 1425 2323 1493 ejusdemque
2359 1426 2409 1477 in
2450 1428 2779 1479 cateclietica
2817 1429 2997 1481 schola
3028 1446 3146 1497 quae
3176 1432 3411 1485 Alexan-

1838 1518 1968 1568 dria:
1996 1526 2134 1577 erat,
2164 1530 2558 1570 successorem.
2594 1516 2926 1571 Clementem
2962 1537 3123 1586 porro
3166 1522 3407 1577 Pantaeni

1834 1602 2002 1657 fuisse
2078 1605 2396 1673 discipulum
2476 1606 2778 1674 scholmque
2844 1624 3214 1665 successorem
3275 1631 3289 1666 :
3348 1624 3408 1667 et

149 1698 463 1749 Pultlamltttl
498 1713 709 1748 rursum
738 1697 803 1749 iis
841 1712 995 1751 usum
1033 1696 1329 1763 magistris,
1362 1696 1452 1761 qui
1487 1693 1758 1760 apostolos
1789 1693 2047 1745 vidissent
2081 1709 2093 1744 :
2130 1695 2256 1761 quin
2288 1705 2339 1747 et
2373 1695 2588 1747 illorum
2628 1699 2911 1751 nonnullos
2937 1703 3194 1757 audiisse.

210 1790 319 1849 Τὰς
353 1789 412 1840 δὲ
444 1790 585 1839 κατά
621 1789 927 1856 Ὠριγένους
960 1790 1205 1857 κινήσεις
1237 1787 1444 1840 ἐκεῖθεν
1473 1787 1721 1853 λέγουσιν
1758 1799 1796 1851 Β

1758 1799 1796 1851 Β
1896 1784 2161 1838 Caeterum
2222 1787 2345 1840 hinc
2396 1788 2447 1840 in
2504 1786 2793 1856 Origenem
2848 1794 3141 1847 excitatam
3184 1814 3402 1855 onmem

147 1884 432 1949 ἐκρυῆναι·
478 1882 786 1949 Δημήτριος
833 1879 1237 1951 Ἀλεξανδρείας
1286 1880 1615 1939 ἐπεσκόπει,
1668 1877 1726 1939 ὃς

160 1976 444 2043 Ὡριγένην
476 1974 543 2024 δι’
576 1975 814 2024 ἐπαίνων
854 1967 968 2041 εἶχε
1002 1976 1095 2025 καὶ
1144 1974 1201 2035 ὲς
1254 1973 1381 2033 τοὺς
1436 1971 1726 2038 φιλτάτους

150 2066 493 2119 συνέταττεν.
542 2066 680 2117 Ἀλλ’
740 2066 1020 2135 Ὠριγένης
1052 2066 1260 2134 μέλλων
1283 2064 1326 2095 ⁶¹
1359 2064 1615 2132 ἀπαίρειν
1647 2063 1727 2123 είς

160 2160 415 2227 Ἀθήνας,
448 2161 617 2228 χωρὶς
645 2160 745 2227 τῆς
777 2159 869 2211 τοῦ
895 2161 1093 2211 οἰκείου
1127 2156 1351 2226 γνώμης
1401 2154 1723 2215 ἐπισκόπου,

148 2255 223 2313 εἰς
254 2251 633 2320 πρεσϐύτερον
680 2254 738 2303 οὐ
783 2252 899 2303 δέον
917 2252 960 2282 ⁶¹
993 2249 1403 2312 ἀναϐιϐάζεται.
1434 2248 1725 2309 Θεότεκνος

146 2338 267 2409 δ’ἧν
292 2343 321 2392 6
355 2342 505 2393 κατὰ
534 2342 870 2409 Καισάρειαν
892 2342 987 2410 τὴν
1022 2342 1080 2393 ἐν
1107 2340 1439 2410 Παλαιστίνῃ
1466 2340 1557 2391 τὸν
1587 2341 1723 2407 ἁρχ-

148 2435 421 2501 ιερατικὸν
469 2434 725 2501 χειρίζων
761 2432 923 2501 νόμον
972 2435 1000 2485 6
1028 2434 1126 2502 τῆς
1163 2433 1465 2503 Ὦριγένους
1495 2432 1724 2500 αὐτουρ-

148 2524 238 2587 γὸς
260 2524 600 2591 χειροτονίας
623 2563 637 2582 ,
674 2524 809 2590 ἔχων
857 2523 1274 2575 συνευδοκοῦντα
1306 2525 1396 2575 καὶ
1429 2523 1519 2575 τὸν
1563 2521 1723 2589 Ἰερο-

148 2614 398 2681 σολύμων
435 2614 805 2683 Ἀλέξανδρον.
838 2614 1111 2681 Τρέπεται
1136 2616 1222 2666 διὰ
1252 2614 1408 2665 τοῦτο
1428 2612 1723 2681 Δημητρίῳ

146 2705 218 2762 εἰς
256 2706 418 2769 μῖσος
448 2703 510 2753 τὸ
535 2703 753 2770 φίλτρον
776 2704 871 2755 καὶ
898 2704 948 2753 οἱ
970 2703 1179 2755 ἔπαινοι
1202 2704 1334 2771 πρὸς
1354 2702 1478 2763 τοὺς
1498 2702 1721 2769 ψόγους,

145 2796 235 2845 καὶ
269 2794 494 2855 σύνοδος
527 2794 837 2861 ἁθροίζεται
857 2796 993 2846 κατά
1024 2794 1329 2864 Ὠριγένους
1345 2796 1386 2825 ⁵³
1410 2796 1721 2847 ἐπισκόπων

146 2882 233 2932 καί
257 2900 425 2933 τινων
457 2882 868 2951 πρεσϐυτέρων.
903 2883 967 2933 ’Π
990 2882 1044 2934 δὲ
1068 2924 1081 2945 ,
1103 2885 1177 2942 ὡς
1207 2885 1235 2934 6
1263 2882 1544 2950 Πάμφιλός
1567 2899 1720 2950 φησι,

143 2968 446 3036 ψηφίζεται
501 2970 834 3036 μεταστῆναι
872 2970 969 3037 μὲν
1020 2971 1128 3020 ἀπὸ
1166 2970 1586 3038 Ἀλεξανδρείας
1632 2970 1723 3021 τὸν

154 3064 443 3130 Ὠριγένην
469 3102 483 3123 ,
518 3063 610 3113 καὶ
644 3063 780 3130 μήτε
819 3062 1113 3131 διατρίϐειν
1142 3064 1199 3113 ὲν
1235 3064 1369 3130 αὑτῇ
1408 3064 1544 3131 μήτε
1573 3064 1718 3115 διδά-

1836 1886 2209 1946 teinpeSIatem
2250 1892 2694 1934 Commemoraut.
2730 1882 3030 1939 Demetrius
3062 1890 3402 1947 Alexandria:

1834 1969 2029 2035 prmsul
2072 1967 2358 2037 Origeuem
2406 1972 2632 2022 multum
2679 1971 2922 2038 laudans,
2962 1978 3014 2028 in
3050 1983 3235 2045 paucis
3265 1986 3398 2037 cha-

1834 2062 2107 2113 rissimum
2160 2061 2409 2114 habebat.
2446 2063 2514 2113 At
2545 2077 2665 2115 cum
2719 2065 2802 2119 hic
2840 2068 3044 2135 absque
3096 2075 3228 2125 bona
3283 2079 3394 2144 epi-

1832 2152 1978 2217 scopi
2013 2154 2164 2204 venia
2200 2150 2439 2207 Athenas
2472 2156 2811 2221 profecturus
2858 2173 3025 2225 esset,
3060 2163 3399 2225 Theotecnus

1833 2241 1945 2308 (87)
1982 2241 2240 2293 Caesarem
2280 2241 2579 2297 Palmstinaa
2626 2255 2736 2298 tum
2798 2252 3276 2320 archiepiscopus,
3310 2274 3399 2311 se-

1832 2349 1927 2386 Cus
1957 2348 2079 2385 eum
2124 2350 2282 2401 quam
2332 2348 2626 2403 oporteret,
2687 2342 3056 2408 presbyterum
3100 2348 3393 2412 ordinavit,

1832 2441 1937 2479 non
1970 2427 2309 2494 improbante
2362 2427 2557 2479 factum
2605 2430 2706 2482 hoc
2736 2432 3042 2487 Alexandro
3079 2434 3394 2508 Hierosoly-

1832 2532 2040 2570 morum
2091 2519 2366 2586 episcupo.
2432 2519 2573 2588 93a
2632 2520 2768 2576 llinc
2824 2525 3094 2579 Demetrio
3144 2544 3295 2581 anmr
3342 2532 3395 2583 in

1830 2610 2011 2662 odium
2060 2613 2242 2673 vertit,
2302 2612 2591 2681 laudesque
2647 2630 2767 2667 mox
2822 2632 2943 2669 cum
3004 2618 3397 2685 vituperatione

1830 2713 2195 2755 οοιιιιιιιιιιιιςε.
2238 2704 2486 2773 Synodns
2531 2707 2747 2771 insuper
2794 2708 3167 2777 episc0porum
3209 2726 3396 2768 coacta

1828 2800 1884 2843 et
1936 2793 2372 2859 presbyterorum
2428 2796 2783 2862 quorumdam
2829 2809 3014 2850 contra
3061 2799 3396 2869 Origenem:

1829 2898 1969 2950 quze,
2022 2893 2079 2936 ut
2118 2884 2433 2951 Pamphilus
2480 2886 2662 2948 refert,
2706 2890 2977 2942 decretum
3013 2892 3137 2945 fecit
3168 2895 3398 2949 Alexan-

1830 2976 1947 3027 dria
1995 2978 2209 3041 quidem
2269 2979 2573 3044 pellendum
2625 2979 2934 3047 Origenem,
2987 3002 3162 3052 neque
3225 2990 3276 3039 in
3334 3004 3397 3041 ea

1830 3068 2035 3118 versari
2087 3078 2179 3120 aut
2224 3068 2419 3122 docere
2479 3072 2932 3137 permittendum;
2980 3076 3265 3128 sacerdotii
3317 3089 3398 3131 ta-

144 3166 325 3213 σκειν,
376 3150 479 3217 τῆς
514 3151 693 3217 μέντοι
722 3150 815 3202 τοῦ
849 3153 1243 3220 πρεσϐυτερίου
1281 3152 1448 3220 τιμῆς
1477 3154 1725 3222 οὐδαμῶς
1754 3153 1799 3212 C

1754 3153 1799 3212 C
1832 3173 1951 3209 men
2002 3159 2266 3223 dignitate
2322 3175 2658 3227 nequaquam
2706 3164 3152 3220 submovendum.
3198 3166 3394 3220 Verum

142 3243 601 3309 ἀποκεκινῆσοαι.
646 3244 783 3295 Ἀλλ’
808 3246 835 3296 6
870 3261 927 3311 γε
956 3248 1263 3313 Δημήτριος
1291 3245 1405 3314 ἅμα
1428 3248 1569 3297 τισὶν
1601 3250 1722 3298 ἐπι-

145 3337 368 3397 σκόποις
426 3338 745 3401 Αίγυπτίοις
773 3338 866 3389 κα)⁵
911 3340 1008 3405 τῆς
1037 3339 1333 3407 ἱερωσύνης
1370 3340 1683 3409 ἀπεκήρυξε
1706 3379 1720 3401 ,

145 3431 686 3501 συνυπογραψάντων
718 3433 809 3482 καὶ
836 3434 897 3499 τῇ
936 3432 1204 3497 ἀποφάσει
1256 3430 1362 3482 τῶν
1416 3433 1723 3499 συμῴἠφων

144 3524 287 3590 αὐτῷ
336 3522 747 3591 γεγενημένων.
793 3522 1199 3588 ΦυγαδευΟέντα
1225 3523 1280 3573 δὲ
1313 3524 1411 3590 τῆς
1472 3523 1721 3584 Ἀλεξαν-

140 3616 325 3682 δρείας
387 3614 479 3665 τὸν
549 3615 829 3682 Ὠριγένην
852 3616 896 3650 ⁸⁸
943 3614 1232 3675 Θεὸτεκνος
1284 3617 1311 3665 6
1360 3614 1724 3683 Παλαιστίνης

142 3710 399 3775 ἀσμένως
424 3724 484 3757 τε
514 3708 723 3772 διάγειν
754 3710 809 3756 ὲν
842 3708 1147 3775 Καισαρείᾳ
1173 3708 1491 3770 ὑπεδέξατο,
1513 3708 1721 3759 καὶτοῦ

140 3800 420 3850 διδάσκειν
454 3800 635 3849 πᾶσαν
688 3797 933 3859 ἐξουσίαν
977 3799 1290 3865 ἐνεχείρισε.
1328 3800 1433 3849 Καὶ
1481 3801 1578 3860 τὰς
1622 3801 1722 3868 μὲν

141 3894 361 3954 αἰτίας,
395 3890 456 3953 ἐξ
504 3885 579 3941 ὧν
627 3890 821 3958 συνέϐη
866 3891 962 3953 τὰς
995 3890 1245 3950 διαϐολάς
1295 3891 1595 3959 ἐκραγῆναι
1644 3891 1721 3960 τῷ

153 3984 459 4053 Ὠριγένει,
511 3982 713 4042 ταύτας
752 3982 933 4049 φησίν.

206 4075 318 4141 ἰἠν
350 4073 409 4123 δὲ
444 4072 586 4139 ὑπὲρ
630 4073 933 4139 Ὡριγένους
965 4072 1278 4137 ἀπολογίαν,
1310 4074 1382 4135 ὠς
1416 4073 1647 4140 ἔφημεν,
1693 4075 1721 4125 6

144 4165 429 4232 Πάμφιλος
462 4164 558 4214 σὺν
591 4162 834 4230 Εὐσεϐίῳ
885 4164 1276 4231 καθειργμένος
1336 4164 1413 4231 τῷ
1458 4165 1718 4232 οἰκήματι

139 4255 547 4323 συνεγράψατο,
577 4256 670 4305 καὶ
704 4254 905 4323 ταύτην
937 4254 1069 4321 πρὸς
1094 4256 1219 4315 τοὺς
1257 4256 1313 4305 ἐν
1340 4256 1617 4320 μετάλλοις
1634 4256 1719 4308 διὰ

139 4350 376 4417 Χριστὸν
406 4346 955 4413 ταλαιπωρουμένους
983 4344 1109 4414 [500
1143 4345 1231 4416 IL]
1257 4346 1610 4415 διεπέμψατο,
1643 4341 1717 4400 ὧν

138 4436 201 4507 ἦν
228 4440 291 4490 τὸ
334 4438 649 4507 ἀκροθίνιον
690 4436 1114 4505 Πατερμούθιος,
1155 4440 1182 4489 6
1231 4438 1369 4505 μετά
1420 4439 1591 4508 βραχὺ
1618 4440 1715 4507 τῆς

1825 3248 2127 3303 Denietrlus
2162 3268 2262 3303 una
2297 3269 2417 3304 cum
2468 3252 2701 3321 zEgyptii
2749 3256 3017 3323 episcopis
3048 3258 3275 3327 aliquot,
3308 3276 3397 3312 sa-

1825 3344 2067 3397 cerdotio
2114 3359 2327 3411 quoque
2383 3345 2527 3396 illum
2577 3346 2869 3409 abjmlicat,
2925 3351 3395 3403 subscribentihus

1824 3433 1984 3484 etiam
2043 3434 2221 3485 edicto
2279 3435 2422 3497 huic,
2476 3446 2739 3502 quotquot
2800 3447 2957 3489 antea
3018 3439 3291 3507 sulfragati
3344 3442 3394 3494 ei

1826 3522 2072 3577 fuissent.
2118 3523 2192 3575 Ita
2233 3525 2390 3590 igitur
2436 3525 2759 3578 Alexandria
2811 3528 2861 3578 in
2899 3529 3149 3581 exsilium
3184 3531 3392 3598 pulsum

1824 3612 2133 3680 Origenein,
2168 3614 2506 3667 'l'heotecnus
2555 3615 2853 3669 Pala‘slina‘.
2907 3620 3191 3685 episcopus
3222 3619 3395 3674 liben-

1826 3714 1907 3757 ter
1936 3704 2196 3759 Ca'sareie
2236 3718 2289 3759 et
2329 3712 2523 3775 degere
2552 3709 2735 3775 jussit,
2770 3720 2823 3761 et
2867 3712 2931 3763 de
2960 3712 3241 3779 superiore
3276 3712 3393 3767 loco

1826 3796 2049 3847 docendi
2084 3805 2396 3862 potestatem
2435 3796 2580 3849 fecit.
2632 3798 2743 3851 Has
2774 3798 2860 3853 ille
2891 3814 3087 3854 causas
3128 3801 3301 3861 affert.
3325 3818 3389 3856 ex

1822 3886 2020 3955 quibus
2068 3902 2258 3941 omnes
2292 3888 2395 3941 illa:
2425 3889 2710 3943 calumnia:
2762 3890 2813 3942 in
2871 3890 3158 3961 Origenem
3198 3909 3391 3961 erupe-

1825 3981 1950 4031 rint.

1893 4067 2023 4136 Ejus
2075 4085 2236 4137 porro
2282 4070 2620 4139 Apologiam,
2666 4082 2723 4125 ut
2774 4074 3025 4137 diximus,
3077 4075 3393 4143 Pamphilus

1824 4175 1927 4213 una
1965 4176 2086 4213 cum
2138 4160 2391 4225 Eusebio,
2441 4165 2712 4215 communi
2745 4180 2966 4218 carcere
3018 4167 3229 4230 inclusi,
3260 4182 3391 4219 eon-

1823 4251 2178 4317 scripserunt,
2210 4253 2507 4319 eademque
2541 4254 2605 4303 ad
2635 4270 2747 4312 eos.
2791 4257 2879 4322 qui
2917 4273 3011 4323 pro
3056 4258 3255 4312 Christi
3290 4275 3388 4312 no-

1823 4344 1965 4395 mine
2010 4344 2074 4395 ad
2123 4344 2334 4396 metalla
2385 4347 2621 4399 damnati
2678 4349 3085 4413 exercebantur,
3137 4352 3390 4405 consola-

1823 4435 1955 4487 tioni
2014 4436 2296 4497 miserunt,
2354 4431 2584 4503 quorum
2637 4438 2889 4505 princeps
2942 4450 3060 4493 erat
3110 4441 3391 4494 Paterinu-

142 4530 429 4598 Παμφίλου
458 4528 767 4589 ἀναλύσεως
798 4528 882 4579 διὰ
914 4530 1084 4597 πυρὸς
1120 4530 1208 4581 καὶ
1238 4530 1397 4591 αὐτὸς
1441 4531 1539 4582 σὺν
1602 4532 1719 4583 ὲτέ-
1755 4512 1795 4564 D

1755 4512 1795 4564 Ι)
1824 4526 1966 4577 thius
1998 4524 2132 4593 (88),
2172 4528 2260 4592 qui
2299 4537 2415 4593 post
2449 4525 2714 4592 Pamphili
2762 4545 2854 4596 per
2903 4534 3217 4601 martyrium
3254 4535 3389 4587 emi-

140 4641 248 4690 ροις
278 4624 376 4672 τὸν
414 4621 529 4687 βίον
555 4619 883 4681 τελειωθείς.
916 4616 1023 4670 Ἦν
1052 4621 1109 4671 δὲ
1144 4621 1430 4688 Παμφίλου
1457 4620 1718 4674 διδάσκα-

138 4715 219 4775 λος
256 4716 284 4764 6
316 4712 558 4778 Πιέριος,
591 4710 681 4761 τοῦ
743 4713 797 4761 ἐν
838 4710 1212 4780 Ἀλεξανδρείᾳ
1244 4712 1337 4763 καὶ
1364 4712 1523 4773 αὐτὸς
1585 4730 1717 4780 προ-

139 4804 387 4871 εστηκὼς
406 4802 780 4855 διδασκαλείου
803 4818 817 4831 ·
854 4803 1061 4869 μάρτυς
1089 4802 1145 4853 δὲ
1178 4803 1271 4854 καὶ
1301 4804 1327 4853 6
1360 4804 1575 4872 Πιέριος
1600 4804 1718 4872 ἅμα

139 4899 211 4962 τῇ
268 4894 490 4961 ἀδελφῷ
546 4892 800 4961 Ἰσιδώρῳ
869 4893 977 4943 τῶν
1040 4892 1346 4959 ἀθλητικῶν
1400 4894 1718 4955 ἀξιωθέντες

139 4989 447 5056 στεφάνων,
483 4980 582 5046 οἷς,
630 4984 705 5046 ὣς
740 5001 889 5052 φασι,
960 4985 1052 5036 καὶ
1105 4983 1240 5045 νεὼς
1288 4986 1379 5037 καὶ
1426 4981 1562 5036 οἶκοι
1612 4986 1717 5037 ὑπὸ

1817 4615 2140 4681 grationem,
2193 4616 2339 4667 brevi
2392 4616 2673 4683 interjecto
2726 4628 2985 4685 tempore,
3042 4622 3274 4677 flammis
3335 4634 3390 4678 et

1819 4706 1931 4767 ipse
1963 4720 2083 4757 cum
2118 4706 2236 4759 aliis
2272 4708 2380 4757 vita
2435 4707 2624 4773 pulsus
2655 4717 2754 4759 est.
2790 4708 3052 4777 Pamphili
3089 4725 3389 4783 praeceptor

1814 4795 2023 4849 Pierius
2054 4798 2170 4861 fuit,
2208 4800 2316 4864 ipse
2362 4814 2575 4866 quoque
2622 4800 2817 4853 scholae
2866 4802 3242 4857 Alexandrinae
3274 4823 3386 4857 ma-

1818 4892 2003 4957 gister,
2058 4901 2365 4957 martyr-que
2412 4892 2574 4952 idem,
2621 4908 2723 4944 una
2779 4908 2901 4945 cum
2954 4894 3123 4947 fratre
3185 4897 3387 4950 Isidoro

1824 4981 2133 5033 certaminis
2187 4997 2436 5035 coronam
2494 4982 2723 5050 adeptus
2781 4996 2917 5037 est:
2978 4987 3172 5053 quibus
3222 4990 3385 5041 etiam

1488 5144 1525 5195 ν
1540 5142 1735 5197 AHIIE
1769 5140 2182 5197 LECTIONES.

205 5262 251 5291 ⁸⁸
278 5260 524 5328 διωγμὸν
557 5257 741 5309 Δεκίου
779 5275 837 5319 ς.
882 5326 912 5328 μ
934 5260 978 5289 ⁸⁸
1009 5255 1169 5308 αὐτόν
1202 5273 1333 5323 φασι
1362 5274 1419 5319 ς.

135 5333 251 5385 δέον
274 5346 402 5385 cum
432 5333 474 5382 Α
505 5332 659 5382 omisi
692 5328 766 5378 δν.

1521 5258 1564 5285 ⁸⁸
1598 5257 1691 5308 καὶ
1723 5267 1846 5308 ante
1870 5256 2146 5323 μετελθεῖν
2171 5272 2277 5308 om.
2318 5273 2395 5324 pr.
2422 5261 2484 5307 A.

875 5326 919 5357 ⁸³
946 5329 1085 5380 κατα
1133 5328 1433 5396 Ὠριγένους
1463 5338 1584 5395 post
1619 5326 2004 5395 πρεσϐυτέρων
2034 5328 2183 5394 ponit
2214 5344 2272 5389 ς.

2581 5256 2623 5287 ⁶¹
2650 5257 2857 5323 μέλλων
2888 5258 3011 5309 add.
3047 5258 3109 5309 Α.

2351 5328 2395 5357 ⁸³
2428 5327 2517 5379 τὸν
2560 5328 2731 5395 Ὠριγ.
2768 5329 2864 5395 τῆς
2905 5326 3075 5389 Ἀλέξ.
3107 5344 3168 5389 ς.

3186 5259 3229 5289 ⁸⁸
3263 5268 3382 5325 post

1638 5506 1871 5562 ΝΟΤᾹΞ.

208 5638 323 5706 (86)
359 5634 415 5688 S.
452 5633 715 5703 Epiphan.
752 5641 803 5685 et
830 5631 939 5684 alii.

206 5696 319 5775 (87)
355 5696 744 5775 Theoetistuur
762 5714 917 5775 vocat
1032 5699 1250 5775 Hieron.
1288 5696 1382 5752 lib.
1412 5696 1491 5775 De
1521 5700 1705 5775 script.

136 5768 321 5830 «aut
354 5790 476 5844 cap.
496 5773 593 5831 54;
626 5784 679 5827 ct
706 5771 904 5825 Euseb.
939 5772 1027 5826 lib.
1070 5787 1141 5834 γι,
1180 5768 1318 5823 "ist.
1352 5768 1536 5821 (celes.
1568 5785 1616 5821 c.
1654 5770 1702 5820 7.

1890 5625 2002 5693 (88)
2048 5624 2196 5678 Alius
2224 5625 2312 5696 hic
2350 5625 2584 5678 videtur.
2624 5623 3026 5696 Patermuthius
3069 5628 3136 5679 ab
3168 5642 3255 5687 eo.
3284 5629 3375 5696 qui

1815 5696 2207 5767 ianrwcorum
2245 5695 2539 5763 Menologio
2589 5704 2644 5748 ct
2691 5694 2841 5748 Rom.
2874 5694 3310 5767 AMartyrologiai
3341 5698 3375 5753 9

1808 5765 1931 5819 Julii
1964 5767 2062 5821 sub
2094 5764 2308 5821 Juliano
2339 5769 2597 5833 Apostata
2634 5780 2826 5834 passus
2856 5764 3073 5821 dicitur.
