4224 6446
224 425 334 493 405

920 540 1091 595 ΡΚΔ’.

377 636 489 690 Τοῦ
519 634 707 687 αὐτοῦ
746 632 901 704 [περὶ
933 636 1165 701 μέτρων
1204 635 1299 685 καὶ
1339 632 1666 705 σταθμῶν].

307 731 649 801 ’Δνεγνώσθη
678 729 769 781 τοῦ
800 727 959 780 αὑτοῦ
1009 728 1075 782 ⁸³.

968 908 1138 969 ΡΚΕ’.

228 1011 561 1066 ἰουστίνου
580 1006 687 1060 τοῦ
703 1006 1003 1075 μάρτυρος
1038 1006 1334 1074 ἀπολογΙα
1362 1006 1516 1072 ὑπὲρ
1539 1008 1811 1073 Χριστια-

544 1078 689 1142 νῶν,
730 1080 970 1144 ἀπορίαι
1000 1080 1096 1130 καὶ
1144 1075 1317 1143 ἕτερά
1342 1093 1497 1129 τινα.

315 1170 657 1239 ’Λνεγνῶσθη
702 1172 986 1221 Ἰουστίνου
1026 1168 1117 1221 τοῦ
1162 1170 1433 1238 μάρτυρος
1491 1168 1814 1235 ’Δπολογία

230 1267 387 1332 ὑπὲρ
443 1263 813 1332 Χριστιανῶν
862 1264 956 1313 καὶ
1009 1263 1147 1314 κατὰ
1195 1260 1465 1330 Ἑλλήνων
1532 1263 1627 1313 καὶ
1673 1262 1814 1313 κατὰ

244 1359 537 1421 Ἰουδαίων,
558 1358 650 1408 καὶ
669 1356 757 1407 αὲτι
786 1355 946 1424 ἑτέρα
968 1353 1130 1406 αὑτοῦ
1160 1352 1511 1421 πραγματεία
1534 1350 1683 1404 κατὰ
1707 1352 1811 1405 τοῦ

232 1447 472 1514 πρώτου
522 1446 618 1499 καὶ
669 1444 951 1510 δευτέρου
995 1441 1105 1509 τῆς
1149 1437 1412 1509 φυσικῆς
1446 1437 1808 1505 ἀκροάσεως.

232 1542 356 1610 ἦτοι
393 1540 536 1591 κατὰ
586 1537 757 1595 εἴδους
796 1537 891 1587 καὶ
918 1534 1049 1602 ὓλης
1079 1534 1172 1585 καὶ
1216 1533 1545 1601 στερήσεως.
1606 1532 1811 1597 ἐπιχει-

238 1630 541 1698 ρηματικαὶ
574 1627 669 1678 καὶ
716 1626 880 1694 βίαιοι
911 1624 1003 1676 καὶ
1031 1621 1311 1692 χρειώδεις
1340 1622 1511 1687 λόγοι,
1544 1620 1639 1672 καὶ
1666 1617 1814 1670 κατὰ

232 1724 348 1775 τοῦ
400 1721 672 1789 πέμπτου
717 1718 989 1789 σώματος
1038 1716 1291 1784 ὁμοίως,
1346 1715 1467 1780 xal‘,
1498 1712 1649 1765 κατὰ
1705 1710 1814 1776 τῆς

233 1815 434 1869 ἀιδίου
476 1812 806 1875 κινήσεως,
846 1812 909 1877 ἣν
958 1807 1331 1876 Ἀριστοτέλης
1365 1805 1627 1872 δεινότητι
1671 1803 1813 1868 λογι-

1156 429 1675 491 BlBLIOTlIECA.
1714 456 1783 467 -
1818 431 2033 492 CODD.
2057 432 2555 493 CXXII-CXXVI.

3379 428 3486 494 400

2588 542 2828 597 CXXIV.

2057 635 2312 705 Ejusdem
2342 638 2405 689 de
2441 640 2699 689 mensuris
2733 649 2780 688 et
2811 637 3120 702 ponderibus
3155 634 3297 689 liber.

1993 727 2241 796 Legimus
2266 728 2504 797 ejusdem
2536 730 2615 783 De
2636 732 2890 782 mensuris
2919 738 2964 781 et
2989 728 3303 793 ponderibus
3337 729 3485 783 libel—

1920 819 2027 871 lum
2059 820 2192 889 (ιο).

2597 933 2806 989 CXXV.

1919 1021 2119 1075 Justini
2144 1019 2397 1092 Martyris
2415 1024 2666 1091 Apologia
2684 1042 2775 1146 pio
2794 1025 3139 1091 Christianis,
3161 1026 3485 1092 Quwstiones

2588 1107 2636 1146 et
2690 1115 2718 1146 ιι
2747 1113 2821 1146 ta.

2588 1107 2636 1147 et
2690 1107 2821 1149 alta.

1983 1185 2147 1242 Lecta
2200 1198 2283 1243 est
2331 1189 2469 1258 (Η)
2514 1188 2710 1241 Justini
2784 1188 3031 1259 Martyris
3100 1188 3350 1255 Apologia
3397 1204 3489 1251 pro

1893 1279 2274 1345 Christianis,
2326 1298 2445 1334 cum
2506 1280 2768 1334 adversus
2798 1292 3014 1347 gentes,
3064 1291 3174 1333 tum
3230 1282 3488 1333 adversus

1919 1369 2151 1424 Judasos.
2202 1371 2269 1423 Et
2322 1384 2582 1440 praeterea
2632 1372 2769 1424 alter
2824 1372 2939 1439 ejus
2995 1378 3261 1424 tractatus
3309 1381 3488 1422 contra

1919 1464 2147 1529 primum
2180 1474 2225 1515 et
2279 1464 2563 1515 secundum
2595 1464 2786 1514 librum
2818 1464 3042 1531 physica
3064 1462 3487 1525 anscultationis,

1922 1553 2035 1606 sive
2059 1562 2245 1605 contra
2278 1553 2541 1615 formam,
2578 1555 2856 1607 materiam
2894 1562 2946 1605 et
2968 1555 3326 1621 privationem
3353 1596 3365 1617 ,
3405 1568 3490 1604 ra.

1921 1647 2155 1698 tionilms
2186 1646 2647 1712 epicherematicis
2673 1661 2732 1696 ac
2757 1646 3024 1708 violentis,
3043 1647 3183 1714 quod
3202 1661 3264 1697 ex
3290 1661 3386 1697 nsu
3409 1654 3491 1698 est

1921 1734 2157 1787 inferens
2188 1754 2201 1787 :
2236 1736 2524 1802 itidemque
2583 1734 2776 1787 Contra
2816 1738 3049 1804 quintum
3086 1735 3220 1786 illud
3264 1750 3449 1800 corpus
3474 1775 3488 1795 ,

1921 1836 2214 1889 motumque
2239 1827 2598 1888 sempiternum
2624 1867 2637 1885 ,
2688 1841 2843 1891 quem
2874 1826 3139 1877 rationum
3189 1840 3407 1877 suarum
3441 1825 3487 1874 vi

236 1909 393 1975 σμῶν
421 1907 769 1965 ὲναπέτεκεν,
808 1905 884 1955 ἔτι
914 1920 970 1953 τε
1004 1901 1289 1970 Ἀποριῶν
1319 1900 1467 1952 κατὰ
1500 1897 1607 1964 τῆς
1640 1899 1812 1951 εὐσε-

1924 1916 2247 1968 Aristoteles
2292 1918 2519 1984 peperit,
2590 1916 2951 1980 Qna'stionum
2999 1916 3233 1983 denique
3309 1928 3490 1967 contra

234 2003 401 2065 σείας
436 1998 858 2067 κεφαλαιώδεις
894 1996 1227 2059 ἐπιλύει-εις.

312 2094 473 2145 Ἔστι
509 2091 564 2142 δὲ
596 2089 912 2157 φιλοσοφίας
954 2089 1053 2157 μὲν
1084 2090 1112 2139 ὁ
1138 2086 1274 2155 ἀνὴρ
1304 2087 1401 2155 τῆς
1430 2102 1489 2138 τε
1518 2084 1640 2137 καθ’
1665 2086 1815 2153 ἡμᾶς

234 2187 334 2237 καὶ
364 2183 599 2253 μάλιστά
634 2198 693 2247 γε
730 2184 829 2250 τῆς
867 2179 1097 2248 θύραθεν
1137 2180 1217 2239 εἰς
1266 2178 1432 2245 ἄκρον
1483 2177 1813 2245 ἀνηγμένος,

235 2276 554 2345 πολυμαθία
573 2276 617 2305 ⁸⁸
634 2292 692 2327 τε
730 2275 823 2325 καὶ
849 2272 1099 2341 ἱστοριῶν
1125 2270 1552 2338 περιρρεόμενος
1579 2268 1810 2335 πλούτῳο

238 2372 563 2439 ῥητορικαῖς
596 2368 650 2419 δὲ
679 2367 893 2435 τέχναις
921 2366 1019 2418 οὐκ
1064 2365 1189 2432 ἔσχε
1232 2362 1464 2431 σπουδὴν
1510 2361 1815 2430 ἐπιχρῶσαι

237 2464 299 2514 τδ
332 2463 573 2529 ἔμφυτον
598 2460 763 2511 αὑτοῦ
794 2462 893 2523 τῆς
945 2455 1263 2524 φιλοσοφίας
1308 2455 1524 2517 κάλλος.
1580 2455 1671 2505 Διὸ
1723 2456 1816 2504 καὶ

218 2542 289 2607 ὀἱ
341 2555 489 2620 λόγοι
547 2551 709 2604 αὑτοῦ
736 2551 911 2611 ἄλλως
949 2550 1097 2611 ὄντες
1129 2550 1343 2601 δυνατοὶ
1384 2549 1477 2598 καὶ
1507 2546 1567 2598 τὸ
1592 2549 1817 2615 ἐπιστη-

245 2652 470 2721 μονικὸν
502 2649 878 2712 διασώζοντες,
911 2648 1018 2698 τῶν
1051 2644 1257 2697 ἐκεῖθεν
1290 2644 1388 2695 οὐκ
1410 2644 1548 2695 εἰσὶν
1576 2643 1817 2695 ἀποστά-

242 2745 431 2806 ζσντες
470 2740 597 2811 [163
628 2740 720 2809 IL]
754 2739 1102 2807 ἡδυσμάτων,
1133 2735 1252 2787 οὐδὲ
1310 2734 1387 2802 τῷ
1416 2735 1688 2802 ἐπαγωγῷ
1728 2735 1819 2785 καὶ

241 2833 552 2900 θελκτηρίῳ
581 2833 705 2892 τοὺς
739 2830 965 2889 πολλοας
996 2828 1103 2879 τῶν
1131 2825 1413 2895 ἀκροατῶν
1440 2824 1816 2892 ἐφελκόμενοι.

240 2924 531 2991 Τέσσαρας
562 2922 616 2972 δὲ
652 2919 1038 2988 πραγματείας
1070 2918 1217 2968 κατὰ
1256 2916 1362 2967 τῶν
1394 2914 1562 2966 ἐθνῶν
1593 2914 1817 2965 συνέτα-

243 3015 357 3077 ξεν,
390 3008 465 3065 ῶν
495 3014 591 3081 τὴν
631 3014 725 3080 μὲν
766 3009 987 3078 πρώτην
1028 3008 1327 3072 Ἀντωνίνῳ
1352 3006 1425 3073 τῷ
1456 3004 1682 3071 ἐπίκλην
1710 3005 1822 3072 Πίῳ

244 3107 484 3166 καὶτοῖς
519 3105 658 3154 υἱέσι
694 3106 758 3170 τῇ
789 3119 849 3152 τε
887 3100 1173 3169 συγκλήτῳ
1223 3100 1467 3150 ἐπέδωκε
1490 3099 1557 3159 ⁸⁷,
1618 3097 1714 3165 τὴν
1768 3096 1822 3147 δὲ

244 3197 506 3264 δευτέραν
539 3195 733 3262 ὁμοίως
772 3196 886 3255 τοῖς
934 3193 1140 3243 ἐκείνου
1195 3191 1476 3257 διαδόχοις,
1515 3190 1601 3240 Ἑν
1658 3188 1714 3240 δὲ
1756 3190 1820 3255 τῇ

245 3290 411 3359 τρίτη
452 3287 818 3355 περὶφύσεως
878 3286 1145 3354 δαιμόνων
1200 3284 1508 3335 διείλεκται.
1552 3282 1610 3333 Ὀ
1640 3282 1697 3333 δὲ
1740 3280 1825 3331 τέ-

245 3399 447 3449 ταρτος
476 3380 622 3447 αὑτῷ
655 3380 831 3443 λόγος,
870 3379 1067 3445 ὁμοίως
1104 3376 1244 3427 κατὰ
1272 3376 1377 3425 τῶν
1413 3373 1578 3425 ἐθνῶν
1611 3372 1825 3438 συγκεί-

252 3474 734 3540 μενος,”Ε.1εγχος
768 3468 1075 3539 ἐπιγραφὴν
1104 3468 1399 3535 ἔχει.”Εστι
1430 3467 1484 3517 δὲ
1516 3466 1663 3533 αὐτῷ
1688 3466 1780 3516 καὶ
1804 3466 1829 3515 ὁ

249 3566 389 3631 Περὶ
428 3564 574 3616 Θεοῦ
604 3563 956 3629 μοναρχίας,
1000 3562 1093 3612 καὶ
1121 3563 1148 3611 ὁ
1181 3559 1616 3626 ἐπιγραφόμενος
1667 3556 1830 3609 Ψάλ-

248 3673 382 3719 της,
400 3656 491 3705 καὶ
512 3656 615 3722 μὴν
632 3654 674 3683 ³⁸
692 3657 779 3704 καὶ
800 3652 959 3705 Κατὰ
976 3651 1340 3716 Μαρκίωνος,
1361 3651 1646 3714 ἀναγκαῖοι
1660 3647 1828 3714 λόγοι,

249 3747 395 3809 καὶὴ
417 3746 573 3797 Κατὰ
605 3743 817 3795 πασῶν
846 3743 1133 3810 αἱρέσεων
1152 3745 1417 3810 χρήσιμος
1454 3743 1826 3809 πραγματεία.

326 3830 495 3898 Οὗτος
526 3835 637 3894 υίὸς
671 3834 767 3902 μὲν
795 3833 893 3900 ἔφυ
924 3833 1160 3898 Πρίσκου
1193 3832 1477 3899 Βακχείου,
1505 3832 1737 3899 πατρίδα
1777 3832 1831 3881 δὲ

252 3921 369 3991 εἶχε
420 3923 690 3975 Νεάπολιν
724 3922 820 3991 τὴν
851 3923 955 3973 ὑπὸ
1000 3922 1098 3990 τὴν
1130 3923 1399 3991 ἐπαρχίαν
1426 3920 1685 3971 τελοῦσαν
1719 3922 1833 3971 Πα-

250 4013 558 4080 λαιστίνης,
592 4014 649 4062 ἐν
689 4010 873 4082 Ῥώμῃ
904 4010 959 4061 δὲ
991 4011 1087 4072 τὰς
1109 4009 1395 4079 διατριϐὰς
1426 4009 1570 4077 ἔσχε,
1618 4011 1833 4075 φιλοσο-

256 4107 377 4174 φῶν
425 4109 521 4157 καὶ
565 4106 677 4164 τοῖς
708 4103 888 4167 λόγοις
932 4103 1027 4154 καὶ
1074 4102 1148 4167 τῷ
1186 4102 1286 4169 βίῳ
1320 4103 1412 4153 καὶ
1457 4101 1532 4168 τῷ
1568 4102 1828 4170 σχήματι.

252 4196 533 4260 Διὰπυρος
554 4193 609 4245 δὲ
633 4194 732 4261 τῆς
757 4192 1034 4253 εὐσεϐείας
1054 4192 1129 4243 ῶν
1152 4193 1383 4259 ἐραστὴς
1417 4190 1542 4261 [505
1567 4190 1659 4261 R.]
1709 4191 1831 4259 ἔσχε

253 4285 511 4354 Κρίσκην
527 4284 571 4315 ⁸⁸
588 4283 683 4334 ἕνα
704 4284 823 4334 τινὰ
845 4283 953 4333 τῶν
985 4282 1335 4351 καλουμένων
1350 4282 1583 4333 κυνικῶν
1613 4284 1835 4333 ἀντιπο-

252 4376 606 4443 λιτευόμενοι]
636 4374 784 4442 αὐτῴ
815 4376 910 4425 καὶ
944 4373 1018 4442 τῷ
1054 4374 1153 4443 βίῳ
1181 4376 1274 4425 καὶ
1304 4376 1367 4442 τῇ
1402 4372 1831 4441 ορησκείᾳ.”Υφ⁹

252 4464 315 4520 οὗ
348 4468 443 4518 καὶ
480 4466 873 4527 συσκευασθείς
923 4466 1088 4528 ἀξίως
1129 4466 1225 4534 τῆς
1256 4466 1382 4535 ὅλης
1424 4466 1516 4517 τοῦ
1550 4466 1664 4535 βίου
1696 4482 1831 4535 προ-

1921 2004 2357 2078 [Christianam]
2396 2008 2695 2075 religionem
2726 2010 3029 2061 summariaz
3058 2009 3359 2062 solutiones.

1989 2097 2083 2151 Est
2112 2108 2289 2152 autem
2342 2101 2421 2153 vir
2476 2100 2562 2153 ille
2598 2101 2660 2151 ad
2722 2102 3070 2170 philosophia:
3116 2112 3223 2154 tum
3262 2113 3488 2163 nostra}.

1921 2198 2029 2241 tum
2069 2191 2406 2258 potissimum
2461 2192 2700 2259 profana:
2754 2208 3019 2245 summum
3067 2203 3286 2247 evectus
3341 2193 3493 2245 fasti-

1918 2281 2101 2349 gium,
2159 2282 2580 2351 multiplicisque
2630 2284 2946 2339 eruditionis
3012 2295 3066 2338 et
3138 2286 3489 2338 hismriarum

1918 2375 2073 2443 copia
2107 2374 2511 2429 circumﬂuens.
2568 2376 2671 2429 Sed
2735 2376 3003 2428 rhetorico
3048 2376 3280 2429 artiﬁcio
3350 2378 3489 2429 nati-

1921 2481 2042 2520 vam
2071 2467 2426 2536 philosophia!
2450 2482 2558 2520 suae
2593 2466 3043 2534 pulchritudinem
3080 2468 3321 2521 colorare
3351 2468 3493 2519 haud

1921 2559 2099 2613 studio
2128 2559 2334 2612 habuit.
2381 2557 2747 2624 Quamobrem
2778 2559 2938 2609 etiam
2974 2560 3153 2613 oratio
3177 2559 3297 2625 ejus
3320 2598 3337 2621 ,
3377 2559 3460 2626 pol
3482 2589 3495 2599 -

1922 2649 2039 2704 lens
2066 2649 2261 2717 alioqui
2299 2665 2363 2703 ac
2395 2651 2564 2701 valida
2596 2689 2609 2711 ,
2642 2650 3111 2716 scientiticumque
3135 2667 3357 2705 servans
3382 2664 3494 2721 sty-

1922 2740 2028 2793 lmn
2057 2778 2072 2800 ,
2111 2741 2393 2794 rhetorica:
2428 2742 2512 2793 illa
2548 2742 2889 2793 condimenta
2936 2758 3038 2793 non
3068 2744 3237 2809 spirat
3260 2784 3274 2806 ,
3310 2758 3406 2795 nec
3441 2744 3496 2795 il-

1925 2831 2152 2885 leCebris
2182 2842 2235 2885 et
2266 2833 2647 2885 blandimentis
2676 2831 2866 2899 vulgus
2907 2834 3213 2885 auditorum
3249 2834 3491 2886 attrahit.

1926 2923 2095 2975 Porro
2120 2936 2355 2991 quatuor
2373 2926 2630 2977 adversus
2654 2934 2838 2992 gentes
2868 2925 3170 2992 composuit
3196 2935 3491 2979 tractatus:

1926 3031 2153 3084 quorum
2200 3018 2426 3082 primum
2474 3018 2743 3069 Antonino
2813 3026 3171 3083 cognomento
3233 3016 3363 3077 Pio,
3429 3018 3490 3067 ﬁ-

1927 3106 2121 3173 liisque
2156 3106 2354 3172 ipsius,
2390 3122 2452 3159 ac
2483 3106 2690 3159 senatui
2730 3107 2942 3159 obtulit.
2973 3107 3213 3159 Alterum
3247 3107 3495 3161 similiter

1928 3196 2096 3263 ipsius
2130 3198 2533 3250 successoribus
2565 3197 2687 3261 (1'2)
2721 3215 2732 3249 :
2769 3198 2817 3248 in
2864 3199 3023 3250 tertio
3072 3209 3249 3250 autem
3279 3199 3343 3251 de
3387 3200 3495 3250 αα»-

1935 3301 2147 3337 mouum
2195 3300 2378 3337 natura
2445 3288 2719 3340 disseruit.
2765 3287 2999 3351 Quartus
3056 3288 3286 3355 denique
3340 3290 3494 3355 liber,

1928 3375 2071 3445 95a
2106 3386 2159 3428 et
2191 3378 2304 3445 ipse
2334 3389 2519 3429 contra
2552 3389 2735 3445 gentes
2760 3418 2773 3440 ,
2832 3380 3089 3431 litenc/tus
3135 3378 3288 3449 [sive
3332 3377 3495 3446 Refu-

1930 3466 2095 3537 tatio]
2129 3470 2463 3521 inseribitur.
2510 3470 2579 3521 [)e
2613 3470 2707 3521 Dei
2763 3472 2985 3537 insuper
3023 3472 3327 3522 nionnrcltia
3367 3486 3495 3523 c0n~

1933 3560 2167 3625 scriptus
2195 3562 2261 3611 ab
2288 3574 2349 3611 eo
2382 3562 2514 3612 liher
2552 3573 2667 3621 est,
2723 3572 2774 3611 et
2806 3563 2939 3613 alius
2963 3603 2976 3623 ,
3020 3563 3102 3612 cui
3142 3563 3327 3614 titulus
3351 3560 3499 3612 Psal-

1932 3662 2045 3715 tes;
2075 3662 2183 3703 tum
2217 3653 2378 3704 etiam
2428 3652 2625 3703 Contra
2680 3651 3009 3703 Marcionem
3042 3653 3161 3703 libri
3198 3664 3321 3703 sunt
3357 3653 3494 3705 lectu

1932 3745 2254 3807 necessarii,
2291 3755 2342 3796 et
2374 3746 2566 3795 Comm
2600 3760 2772 3795 omnes
2800 3744 3017 3795 ltmreses
3057 3744 3186 3795 utile
3210 3759 3363 3810 opus.

2004 3834 2127 3886 Fuit
2164 3836 2277 3901 ipse
2318 3836 2486 3889 Prisci
2540 3835 2755 3887 Baccltii
2811 3838 2949 3889 lilius
2977 3855 2989 3888 :
3022 3837 3358 3903 patriamque
3406 3838 3500 3887 ha-

1932 3928 2047 3980 huit
2076 3926 2398 3995 Neapolim,
2446 3927 2738 3979 Palaestinae
2804 3928 3112 3994 provinciae.
3167 3927 3349 3979 Roma:
3408 3942 3501 3977 au-

1936 4026 2040 4069 tem
2075 4026 2481 4077 commoratus,
2518 4015 2858 4068 sermonibus
2897 4014 3089 4066 ibidem
3125 4029 3187 4065 ac
3219 4015 3358 4077 vita,
3405 4030 3499 4079 pu-

1933 4110 2065 4160 riter
2116 4116 2173 4159 ut
2224 4108 2408 4159 habitu
2456 4106 2830 4173 philosophum
2862 4104 3221 4172 egit.:ltaqne
3274 4104 3499 4155 ferventi

1933 4214 2053 4250 cum
2089 4207 2235 4250 esset
2262 4197 2479 4264 pietatis
2524 4212 2709 4249 amore
2744 4212 2805 4247 ac
2853 4197 3027 4248 studio
3056 4198 3306 4248 incensus
3332 4234 3346 4256 ,
3378 4194 3502 4249 Cre-

1933 4297 2169 4341 scentem
2197 4291 2483 4354 quemdam
2517 4302 2579 4338 ex
2616 4287 2680 4338 iis
2706 4285 2795 4352 qui
2818 4285 3002 4352 Cynici
3038 4285 3361 4345 vocitantur,
3410 4284 3503 4334 ad-

1934 4379 2233 4431 versarium
2273 4379 2494 4437 habuit,
2546 4392 2665 4429 cum
2706 4378 2838 4443 ipsi,
2886 4388 2994 4428 tum
3049 4378 3168 4428 vita:
3228 4374 3502 4441 culmique

1933 4483 1996 4520 ac
2025 4467 2272 4534 religioni
2306 4466 2420 4530 ejus
2475 4465 2807 4518 obnitentem
2843 4483 2857 4515 :
2891 4482 2917 4517 a
2965 4482 3071 4534 quo
3113 4466 3327 4518 tandem
3376 4466 3505 4516 insi-

253 4560 522 4626 αιρέσεως
546 4559 639 4608 καὶ
661 4557 757 4626 ’τὴν
776 4557 1065 4625 ἐπιϐουλὴν
1087 4557 1403 4627 συνδιέθηκε
1422 4558 1467 4588 ὀ
1488 4574 1501 4586 ·
1524 4559 1815 4628 μαρτυρίοι

1893 4560 2083 4613 tdiose
2115 4566 2441 4622 accusatus,
2506 4560 2579 4610 ita
2635 4567 2690 4609 ut
2723 4567 2836 4609 toto
2883 4559 3048 4624 ipsius
3092 4559 3214 4608 vita:
3257 4556 3504 4608 instituto

255 4654 366 4717 γὰρ
400 4646 605 4713 ταύτην
654 4648 910 4698 ὑπόθεσιν
958 4646 1375 4716 ἐνστησάμενος,
1423 4647 1689 4717 λαμπρῶς
1738 4652 1830 4701 καὶ

254 4742 466 4811 χαίρων
492 4738 584 4789 τὸν
615 4738 753 4804 ὑπὲρ
778 4736 1015 4807 Χριστοῦ
1048 4738 1275 4791 θάνατον
1310 4736 1616 4802 ἀνεδέξατο.

965 4914 1150 4967 Ρκσκ

965 4918 1057 4966 PK
1119 4918 1150 4967 '.

253 5008 609 5075 Κλήμεντος
662 5006 978 5059 ἐπιστολαὶ
1042 4918 1189 5072 πῐὸς
1224 5010 1569 5075 Κορινθίους
1602 5012 1695 5072 ῥ’,
1737 5011 1832 5063 καὶ

330 5075 738 5143 [Ιολυκὰρπου
787 5076 1080 5140 ἐπιστολὴ
1115 5080 1263 5144 πρὸς
1294 5081 1759 5144 Φιλιππησίους.

344 5169 687 5237 Ἀνεγνώσθη
711 5166 1041 5238 βιϐλιδάριον
1065 5171 1121 5221 ἐν
1145 5163 1189 5236 ᾧ
1220 5171 1535 5240 Κλήμεντος
1566 5173 1831 5225 Ἐπιστο-

1938 4650 2154 4715 dignum
2186 4659 2335 4712 erat,
2390 4636 2613 4702 insidias
2644 4650 2775 4702 istas
2798 4651 3036 4715 pertulit.
3077 4648 3318 4716 Martyrii
3348 4664 3500 4699 nam-

1936 4754 2041 4807 que
2073 4739 2172 4790 hac
2234 4754 2361 4793 ausa
2419 4749 2665 4805 Captata,
2718 4739 2994 4805 splendide
3049 4738 3278 4806 la-tuque
3324 4740 3503 4791 animo

1940 4845 2035 4899 pro
2068 4830 2287 4883 Christo
2320 4840 2546 4882 mortem
2576 4831 2824 4894 oppetiit.

2618 4916 2854 4971 CXXVI.

1942 5010 2221 5064 Clementis
2254 5008 2508 5077 Epistolte
2536 5011 2602 5059 ad
2628 5008 2928 5061 Corinthios
2958 5009 3039 5069 ll,
3065 5020 3110 5060 et
3135 5008 3308 5061 sancti
3340 5006 3503 5075 Poly-

2252 5079 2400 5143 carpi
2440 5078 2684 5146 Epistula
2708 5082 2774 5129 ad
2807 5078 3188 5145 Philippenses.

2014 5172 2138 5240 Legi
2184 5170 2455 5234 libellum,
2511 5185 2616 5239 quo
2666 5170 2957 5224 Clementis
2990 5170 3241 5237 Episton
3277 5169 3395 5221 dua:
3430 5168 3497 5218 ad

1540 5310 1767 5365 νΑιιιιΕ
1803 5309 2209 5366 LECTIONES.

335 5400 383 5431 ⁸⁸
421 5399 515 5452 τοῦ
549 5399 711 5451 αὐτοῦ
750 5414 861 5471 om.
893 5416 975 5467 pr.
1007 5400 1068 5471 Α.
1102 5401 1293 5453 deinde
1345 5400 1535 5454 lacuna
1573 5404 1623 5455 in
1651 5405 1693 5455 Α
1735 5419 1988 5457 versuum
2016 5405 2052 5457 3
2076 5404 2197 5470 ΗΞ,
2232 5400 2282 5453 in
2316 5400 2358 5455 C
2392 5402 2414 5453 1
2455 5402 2574 5471 1/9..
2613 5403 2711 5457 Ed.
2747 5399 2907 5454 Roth.
2933 5400 3161 5471 [λείπει
3203 5399 3347 5471 ἴσως
3378 5400 3506 5468 περὶ

266 5471 485 5538 μέτρων
514 5472 608 5521 καὶ
636 5470 911 5539 σταθμῶν.
929 5482 940 5541 |

1040 5470 1087 5502 ⁸⁸
1122 5471 1461 5540 πολυμαθείᾳ
1494 5490 1551 5535 ς.

262 5542 309 5571 ’δ
344 5541 609 5609 συνέθηκε
641 5557 703 5603 ς.

1656 5474 1700 5503 ⁸⁷
1726 5474 1960 5544 ἐπέθηκε
1998 5492 2056 5538 ς’.

2162 5473 2208 5503 ⁸⁸
2242 5474 2335 5523 καὶ
2361 5470 2487 5542 post
2513 5476 2617 5543 μὴν
2644 5488 2752 5525 om.
2785 5474 2852 5526 Α.
2938 5470 2986 5502 ⁷⁸⁸
3020 5470 3235 5539 Κρισκῆ
3271 5485 3413 5522 corr.
3439 5475 3505 5523 Α.

1807 5612 2034 5670 NOTAE.

341 5702 483 5773 (10)
514 5703 677 5767 Cujus
715 5705 962 5770 quaedam
996 5704 1228 5759 illustrat
1256 5704 1453 5773 Georg.
1485 5706 1730 5773 Agricola
1781 5708 1830 5758 in

267 5790 369 5827 Suo
404 5774 476 5824 lle
511 5789 763 5825 mensuris
795 5789 977 5838 opere.

344 5844 443 5909 (il
472 5845 487 5901 l
518 5844 590 5896 De
614 5860 718 5911 quo
746 5849 871 5897 Vide
905 5843 963 5896 Β.
1009 5844 1229 5899 Hieron.
1285 5860 1402 5913 cap.
1442 5845 1508 5897 2i
1580 5846 1651 5898 De
1703 5862 1826 5897 scrt-

1940 5710 2175 5774 ptoribus
2200 5711 2408 5771 ecrles.,
2447 5716 2500 5759 et
2532 5706 2591 5757 D.
2628 5706 2821 5758 Baron.
2859 5705 3006 5774 card.
3044 5714 3080 5754 ι.
3113 5704 3126 5754 Ι
3164 5704 3358 5774 Annal.

2010 5778 2142 5843 (12)
2181 5778 2294 5831 Hoc
2323 5769 2406 5831 est
2436 5777 2503 5829 Μ.
2562 5777 2833 5827 Antonino
2891 5772 3031 5843 Vero
3076 5783 3127 5824 et
3166 5773 3226 5826 L.
3284 5769 3507 5826 Aurelio

1938 5842 2253 5914 Couimotlo,
2284 5850 2352 5902 ait
2386 5848 2444 5899 Β.
2478 5847 2835 5915 Hieronymus
2862 5846 2912 5897 in
2949 5842 3195 5912 Catalog.
