4224 6446
729 407 831 468 407

1893 407 2158 467 ΡΗΟἝΙΙ
2201 408 2711 468 PATRIARCH/‘E
2752 411 2860 469 (ΣΡ.

3888 416 4001 477 408

731 515 1037 573 Corinthios
1062 515 1643 586 continebantur(|3).
1679 514 1921 579 Quarum
1955 516 2128 582 prima
2160 516 2306 582 ipsos

2420 515 2511 568 Iul
2542 517 2691 583 πρὸς
2730 516 3082 583 Κορινθίους
3108 515 3151 585 β’
3178 517 3517 585 ἐνεφὲροντο,
3539 512 3613 570 ὧν
3645 521 3675 588 ἡ
3711 521 3902 591 πρώτη
3932 526 4000 575 δι’

729 620 972 673 accusat,
1038 609 1184 678 quod
1240 610 1637 672 seditionibus,
1693 608 1865 662 turbis
1938 622 1999 660 ac
2050 607 2311 661 schisma-

729 702 799 757 tis
856 700 1127 764 violarint,
1174 714 1337 766 quain
1392 700 1532 753 inter
1582 714 1677 753 eos
1719 697 1922 753 servari
1972 707 2308 765 oportuerat,

730 808 916 860 pacem
950 790 1412 856 concordiamque
1452 808 1463 841 :
1501 792 1862 857 hortaturque
1905 790 1974 843 ab
2026 793 2130 845 hoc
2168 790 2310 843 malo

731 896 1054 951 temperare.
1078 881 1316 950 Simplex
1346 881 1464 948 ejus
1493 885 1670 937 oratio
1705 892 1788 935 cst
1824 898 1887 936 ac
1910 885 2216 951 perspicua,
2243 884 2308 935 ad

729 976 1154 1030 ecclesiasticam
1227 987 1281 1028 et
1330 975 1719 1029 inelaboratam
1778 976 2046 1030 accedens
2094 976 2309 1030 dicendi

728 1069 989 1123 fortnam.
1043 1069 1424 1137 lieprehetulat
1482 1082 1613 1121 vero
1639 1067 1741 1121 hoc
1792 1068 1843 1119 in
1881 1068 1985 1120 illis
2015 1069 2306 1135 quispiam,

727 1161 872 1225 quod
917 1172 1070 1215 extra
1127 1160 1405 1215 Oceanum
1472 1162 1708 1215 mundos
1787 1161 1998 1229 aliquos
2052 1162 2305 1215 collocet.

729 1247 934 1301 Deinde
968 1250 1109 1303 forte
1144 1259 1195 1303 et
1228 1250 1391 1313 illud,
1440 1252 1581 1317 quod
1633 1252 1935 1317 phmnicem
1991 1268 2147 1306 avem
2191 1254 2329 1304 ttnio.

727 1355 846 1391 cam
869 1351 1122 1409 tanquam
1149 1357 1245 1408 pro
1266 1342 1551 1394 verissimo
1580 1342 1806 1394 adhibet
1832 1352 2151 1409 argumento
2172 1342 2307 1409 (14).

728 1434 937 1494 Tertio.
991 1436 1135 1501 quod
1188 1450 1460 1488 summum
1512 1434 1853 1487 sacerdotem
1910 1434 2311 1504 praesidemque

728 1527 1017 1581 Dominum
1052 1539 1298 1581 nostrum
1334 1525 1516 1580 Jesnm
1555 1527 1833 1579 Christum
1873 1527 2187 1594 appellans,
2245 1542 2312 1580 ne

728 1620 855 1673 illas
903 1621 1119 1688 quidem
1158 1621 1265 1672 Deo
1318 1620 1703 1672 convenientes
1759 1627 1815 1671 et
1858 1618 2203 1673 sublimiores
2245 1620 2311 1671 de

726 1728 794 1763 eo
820 1727 979 1765 voces
1025 1712 1361 1778 pronuntiet,
1404 1710 1625 1764 tametsi
1665 1724 1763 1763 nec
1793 1720 1979 1778 aperte
2019 1712 2197 1777 ipsum
2231 1710 2311 1763 ul-

727 1803 823 1855 Iibi
857 1802 908 1855 in
943 1802 1023 1855 his
1051 1802 1410 1870 blasphemet.
1462 1800 1643 1853 Altera
1675 1815 1801 1853 tero
1837 1800 2067 1867 epiStola
2110 1810 2164 1853 et
2193 1802 2305 1867 ipsa

731 1895 1131 1949 institutionem
1182 1892 1714 1959 admonitionemque
1757 1891 1882 1944 vita:
1909 1891 2153 1943 continet
2192 1907 2295 1944 me-

728 1982 923 2054 lioris:
958 1991 1125 2051 atque.
1159 1981 1277 2048 ipso
1325 1996 1444 2033 nios
1475 1982 1631 2035 initio
1659 1981 1937 2033 Christum
1983 1982 2150 2035 Deum
2179 1997 2316 2049 pra:-

728 2075 895 2135 dicat,
927 2074 1030 2126 eisi
1057 2076 1203 2126 dicta
1259 2074 1502 2139 qutedam
1556 2073 1840 2141 peregrina
1901 2074 2049 2126 velut
2094 2090 2125 2125 e
2162 2088 2316 2126 sacra

732 2166 1016 2234 Scriptura
1070 2165 1418 2228 subiuducit,
1478 2165 1680 2232 quibus
1743 2179 1811 2217 ne
1872 2165 2043 2231 prima
2092 2165 2316 2232 quidem

729 2256 961 2323 epistola
1012 2257 1236 2308 omnino
1286 2264 1466 2308 vacat.
1519 2254 2004 2322 Interpretationes
2052 2264 2318 2320 prmterea

730 2347 974 2401 locorum
990 2347 1351 2416 quorumdam
1371 2347 1660 2401 alieniores
1686 2345 2179 2417 proiert.Alioquin
2207 2349 2321 2417 ipsa

731 2457 853 2510 quae
888 2442 941 2494 in
978 2443 1062 2495 his
1093 2440 1340 2510 epistolis
1372 2441 1555 2493 insunt
1587 2454 1769 2499 sensa,
1803 2440 2046 2493 nonnihil
2090 2441 2322 2509 abjecta,

732 2534 1110 2587 continentem
1152 2547 1369 2601 quoque
1404 2532 1601 2586 seriem
1632 2545 1696 2584 ac
1729 2533 2183 2600 consequentiam
2216 2549 2324 2588 non

736 2633 973 2678 servant.

808 2717 1114 2785 Legebatur
1161 2727 1341 2770 autem
1378 2717 1429 2769 in
1480 2718 1669 2771 eodem
1722 2717 1905 2771 libello
1958 2726 2012 2771 et
2072 2718 2329 2787 Polycar-

742 2812 795 2881 pi
826 2811 941 2879 (15)
975 2810 1217 2879 Epistula
1247 2810 1313 2863 ad
1346 2809 1745 2878 Philippeuses.
1788 2810 1976 2863 multis
2001 2809 2199 2863 referta
2230 2812 2327 2864 ad—

739 2904 1155 2965 monitionibus,
1202 2918 1322 2955 cum
1387 2902 1774 2970 perspicuitate
1824 2916 1888 2953 ac
1936 2900 2326 2967 simplicitate,

741 2993 1108 3048 ecclesiastici
1160 3008 1311 3045 more
1338 2991 1669 3060 interpretis.
1696 2991 1882 3044 Refert
1925 3005 2139 3059 quoque
2186 2990 2328 3060 95b

744 3088 915 3140 divini
942 3085 1132 3156 Ignatii
1155 3086 1367 3139 litteras
1398 3084 1462 3137 ad
1487 3085 1609 3137 illos
1638 3085 1954 3148 seinisisse,
1984 3084 2327 3151 postulatque

2412 608 2593 670 αίτίας
2653 609 2850 670 αὐτοὺς
2925 611 3084 672 ἄγει,
3150 610 3375 662 στάσεσι
3428 612 3523 662 καὶ
3586 616 3851 680 ταραχαῖς
3902 620 4002 668 καὶ

2416 700 2678 765 σχίσμαπι
2734 700 2832 763 τὴν
2864 701 3187 766 πρέπουσαν
3220 701 3405 761 αὐτοῖς
3454 703 3679 771 εἰρήνην
3722 704 3816 755 καὶ
3860 707 4001 771 ὸμὸν

2413 804 2563 838 νοιαν
2594 788 3050 855 ἐμπολιτεύεσθαι
3092 788 3395 850 λύσαντας,
3434 793 3530 842 καὶ
3564 797 3822 859 παραινεί
3856 794 4001 845 παύ-

2417 880 2610 932 σασοαι
2637 880 2731 930 τοῦ
2760 880 2953 933 κακοῦ.
2999 879 3230 941 Ἀπλοῦς
3259 881 3312 933 δὲ
3350 882 3491 934 κατά
3520 883 3620 950 τὴν
3660 886 3861 952 φράσιν
3903 889 4001 937 καὶ

2416 972 2595 1035 σαφής
2629 971 2859 1021 ἐστικαὶ
2891 973 3058 1037 ἐγγὺς
3100 970 3195 1022 τοῦ
3234 972 3694 1040 ὲκκλησιαστικοῦ
3729 974 3824 1025 καὶ
3857 978 3999 1027 ἀπε-

2416 1062 2636 1131 ριέργου
2691 1064 3059 1131 χαρακτῆρος.
3105 1064 3415 1114 Αίτιάσοιτο
3454 1064 3497 1115 δ’
3525 1065 3590 1117 ἄν
3618 1082 3703 1126 τις
3734 1066 3899 1117 αὑτὸν
3944 1071 4002 1119 ἐν

2411 1156 2638 1217 ταύταις
2672 1157 2755 1209 ὃτι
2787 1173 2846 1208 τε
2872 1158 2965 1209 τοῦ
3007 1156 3264 1209 Ὠκεανοῦ
3287 1158 3389 1220 ἔξω
3416 1159 3653 1226 κόσμους
3682 1158 3833 1223 τινὰς
3864 1161 4003 1212 ὑπο-

2412 1248 2620 1300 τίθεται
2670 1241 2831 1311 εἶναι,
2874 1250 2965 1300 καὶ
3009 1248 3264 1317 δεύτερον
3299 1249 3432 1310 ἴσως
3476 1250 3556 1302 ὅτι
3586 1251 3661 1304 ὼε
3694 1253 4007 1322 παναληΟε-

2415 1342 2595 1408 στὰτῳ
2622 1341 2697 1409 τῷ
2728 1342 2869 1393 κατὰ
2895 1341 2987 1393 τὸν
3035 1342 3257 1408 φοίνικα
3296 1341 3355 1393 τὸ
3410 1342 3597 1410 ὀρνεον
3640 1344 4005 1412 ὑποδείγματι

2414 1433 2679 1501 κέχρηται
2712 1476 2724 1488 ,
2761 1435 2856 1485 καὶ
2891 1434 3072 1503 τρίτον
3122 1435 3203 1485 ὅτι
3245 1434 3508 1503 ἀρχιερέα
3549 1438 3644 1487 καὶ
3690 1439 4008 1504 προστάτην

2412 1528 2503 1577 τὴν
2535 1526 2740 1596 Κύριον
2770 1526 2926 1595 ἡμῶν
2962 1525 3170 1595 Ἰησοῦν
3200 1527 3437 1595 Χριστὸν
3462 1526 3833 1594 ἐξονομάζων,
3881 1530 4009 1580 οὐδὲ

2413 1620 2512 1679 τὰς
2550 1618 2878 1686 θεοπρεπεῖς
2910 1620 3005 1669 καὶ
3058 1618 3398 1687 ὑψηλοτέρας
3444 1620 3624 1688 ἀφῆκε
3658 1621 3786 1689 περὶ
3836 1619 4007 1672 αὐτοῦ

2415 1711 2597 1777 φωνάς
2620 1726 2633 1739 ·
2664 1712 2722 1761 οὗ
2756 1710 2861 1779 μὴν
2890 1711 3000 1763 οὐδ’
3032 1712 3521 1777 ἀπαρακαλύπτως
3577 1712 3741 1763 αὐτὸν
3791 1710 4007 1777 οὐδαμῆ

2416 1803 2474 1853 ὲν
2504 1802 2718 1861 τούτοις
2749 1802 3078 1873 βλασφημεῖ,
3118 1804 3185 1854 'H
3214 1804 3272 1855 δὲ
3317 1803 3546 1873 δευτέρα
3578 1804 3672 1855 καὶ
3700 1802 3839 1871 αὐτὴ
3881 1819 4008 1851 νου-

2418 1891 2604 1943 θεσίαν
2626 1893 2723 1944 καὶ
2748 1892 3077 1960 παραίνεσιν
3104 1892 3412 1960 κρείττονος
3437 1894 3647 1946 εἰσάγει
3669 1892 3807 1958 βίου,
3825 1892 3919 1942 καὶ
3952 1892 4012 1941 ἐν

2418 1985 2559 2053 ἀρχῇ
2594 1984 2727 2035 Θεὸν
2756 1984 2848 2036 τὸν
2879 1985 3113 2051 Χριστὸν
3134 1986 3177 2015 ’³
3212 1983 3481 2053 κηρύσσει
3511 2025 3527 2046 ,
3561 1985 3699 2053 πλὴν
3731 1985 3814 2035 ὅτι
3864 1984 4015 2053 ῥητά

2419 2095 2539 2129 τινα
2567 2077 2640 2138 ὡς
2667 2077 2775 2129 ἀπὸ
2796 2079 2894 2145 τῆς
2920 2076 3071 2139 Θείας
3095 2078 3315 2147 Γραφῆς
3343 2076 3624 2140 ξενίζοντα
3654 2078 4007 2145 παρεισάγει·

2420 2163 2495 2221 ὧν
2540 2169 2651 2220 οὐδ’
2683 2170 2714 2239 ἡ
2766 2169 2959 2239 πρώτη
3005 2169 3327 2235 ἀπήλλακτο
3358 2170 3658 2229 παντελῶς.
3690 2169 3800 2220 Καὶ
3838 2170 4016 2238 ἑρμη-

2423 2260 2571 2321 νεὶας
2602 2260 2658 2312 δὲ
2693 2262 2873 2330 ῥητῶν
2899 2278 3061 2313 τινων
3085 2260 3410 2321 ἀλλοκότους
3438 2262 3574 2328 ἔχει.
3612 2260 3821 2321 ’Ἄλλως
3863 2277 3922 2311 τε
3957 2260 4016 2310 δὲ

2424 2353 2520 2403 καὶ
2567 2350 2635 2403 τὰ
2678 2353 2736 2402 ὲν
2763 2352 2955 2413 αὐταῖς
3003 2353 3250 2420 νοήματα
3300 2352 3612 2422 ἐρριμμένα
3658 2369 3775 2413 πως
3821 2350 3920 2403 καὶ
3950 2351 4014 2402 οὐ

2429 2443 2628 2511 συνεχῆ
2654 2442 2754 2513 τὴν
2779 2442 3108 2495 ἀκολουίιίαν
3138 2443 3354 2513 ὑπῆρχε
3387 2443 3745 2511 φυλάττοντα.

2514 2732 2602 2783 Ἐν
2633 2730 2711 2799 τῷ
2750 2730 2898 2799 αὑτῷ
2926 2730 2983 2781 δὲ
3018 2727 3338 2797 βιϐλιδαρίῳ
3369 2724 3687 2794 ἀνεγνώσθη
3718 2725 3810 2775 καὶ
3842 2722 4023 2775 Πολυ-

2430 2824 2644 2894 κάρπου
2661 2820 2951 2889 Ἐπιστολὴ
2977 2820 3114 2890 πρὸς
3141 2819 3541 2887 Φιλιππησίους
3565 2857 3579 2881 ,
3616 2816 3866 2883 γέμουσα
3889 2814 4024 2864 πολ-

2428 2917 2527 2985 λῆς
2558 2916 2840 2976 νουϐεσίας
2891 2913 3028 2982 μετά
3086 2912 3386 2980 σαφηνείας
3420 2911 3515 2962 καὶ
3544 2909 3847 2973 ἁπλότητος
3877 2910 4025 2957 κατὰ.

2432 3010 2523 3061 τὸν
2575 3005 3036 3074 ἐκκλησιαστικὸν
3068 3005 3169 3069 τῆς
3208 3002 3504 3073 ἑρμηνείας
3545 3000 3735 3053 τύπον.
3786 2999 3951 3064 Λέτει
3976 3000 4024 3027 ⁸⁸

2432 3101 2487 3152 δὲ
2518 3101 2611 3151 καὶ
2646 3099 2743 3160 τὰς
2790 3097 3078 3157 ἐπιστολὰς
3109 3091 3294 3157 αὐτοῖς
3336 3092 3600 3159 Ἰγνατίου
3624 3093 3717 3143 τοῦ
3756 3090 4027 3157 Θεοςὸᾳυ

745 3181 946 3231 certior
970 3178 1211 3231 vicissim
1252 3176 1367 3229 ﬁeri
1396 3215 1411 3239 ,
1461 3175 1505 3228 si
1543 3176 1671 3243 quid
1705 3174 1844 3227 forte
1878 3178 1943 3227 de
1987 3190 2051 3227 eo
2084 3176 2321 3229 inaudie-

2434 3188 2875 3247 ἀπεσταλκέναι,
2911 3187 3004 3238 καί⁵
3032 3188 3275 3247 αἰτεῖται·
3309 3183 3726 3251 ἀναδιδαχθῆναι
3757 3180 3886 3249 παρ’
3923 3180 4029 3230 αὐ-

746 3270 879 3324 rint.

1410 3355 1667 3411 CXXVII.

785 3454 1004 3509 Eusebii
1040 3451 1309 3520 Pamphili
1339 3450 1416 3504 De
1455 3453 1561 3505 vita
1603 3451 1939 3505 Constantini
1964 3450 2041 3507 Μ.
2071 3452 2192 3504 libri
2225 3469 2298 3507 tv.

824 3612 1102 3681 Leguntur
1146 3610 1365 3664 Eusebii
1406 3608 1669 3677 Pamphili
1716 3606 1796 3660 De
1839 3612 1943 3660 vita
1999 3608 2336 3665 Constantini

753 3705 1188 3776 MagniAngnst.
1227 3705 1517 3759 laudatorii
1575 3706 1697 3759 libri
1755 3716 2007 3774 quatuor.
2041 3708 2337 3761 Contincut

750 3810 933 3854 autem
966 3801 1127 3869 hujus
1160 3799 1262 3852 viri
1312 3814 1434 3851 cum
1487 3809 1740 3851 atteram
1792 3800 2002 3855 vivendi
2057 3802 2328 3863 fortnam,

2437 3280 2546 3332 τῶν
2574 3279 2627 3330 εἴ
2656 3296 2711 3330 τι
2746 3278 2876 3349 περὶ
2913 3278 3123 3329 ἐκείνου
3155 3276 3523 3328 διακούσαιεν.

3147 3370 3319 3420 PKZ'.

2496 3462 2793 3519 Εὐσεϐίου
2831 3462 2936 3515 τοῦ
2964 3462 3283 3529 Παμφίλου
3318 3460 3355 3525 ἡ
3388 3462 3475 3524 εἷς
3509 3456 3973 3512 Κωνσταντῖνον

2697 3533 2807 3585 τὸν
2834 3533 3028 3602 μέγαν
3056 3532 3326 3594 βασιλέα
3357 3530 3754 3598 τετρὰϐιόλος.

2517 3622 2864 3688 ’Λνεγνώσθη
2895 3619 3156 3671 Εὐσεὸίου
3202 3619 3295 3671 τοῦ
3330 3618 3617 3686 Παμφίλου
3649 3620 3679 3685 ἡ
3718 3620 3824 3681 Εἰς
3858 3619 4029 3668 Κων-

2432 3714 2757 3766 σταντῐνον
2781 3712 2889 3765 τὸν
2910 3713 3104 3781 μέγαν
3127 3711 3395 3775 βασιλέα
3446 3709 3575 3781 [508
3605 3708 3697 3779 ιι.]
3739 3711 4018 3776 ἐγκωμια-

2443 3806 2601 3875 στικὴ
2638 3805 3093 3875 τετράὄισλος,ὲν
3188 3806 3507 3876 περιέχεται
3540 3805 3576 3873 ἦ
3614 3820 3674 3854 τε
3708 3801 3801 3854 τοῦ
3831 3802 4032 3871 ἀνδρὸς

2046 3942 2280 4001 VARUE
2322 3948 2737 4005 LECTIONES.

2280 4082 2512 4138 ΝΟΤᾸΞ.

822 4011 864 4041 ⁹¹
899 4012 1133 4079 Χριστὸν
1154 4010 1246 4063 τὸν
1279 4012 1413 4064 Θεὸν
1440 4030 1501 4076 ς,
1574 4013 1619 4042 ’⁸
1651 4013 1867 4077 λέγεται
1904 4012 1971 4065 Α.

825 4173 935 4243 (ιβ)
956 4174 1031 4225 De
1061 4172 1406 4243 quibussup.
1442 4187 1660 4240 quoque
1685 4170 1931 4224 Pholius.
1956 4186 2079 4239 cap.
2120 4172 2243 4235 115,
2265 4184 2321 4225 ει

755 4245 818 4297 Β.
835 4240 1073 4295 Hiero".
1106 4258 1225 4307 cap.
1265 4240 1353 4294 Η.

830 4312 1247 4380 (14)Α(11ιὶ1)ειιι
1292 4321 1474 4380 tamen
1531 4326 1630 4380 pro
1686 4312 1868 4363 Carnis
1924 4313 2334 4364 resurrectione

756 4378 976 4438 Patrum
1012 4382 1262 4448 plurimi:
1290 4378 1637 4434 Tertullflili.
1678 4380 1751 4431 De
1780 4393 2057 4432 resnrrect.
2087 4396 2207 4443 cap.
2245 4382 2333 4445 i3,

757 4456 845 4505 ubi
874 4452 1037 4503 etiam
1065 4450 1194 4502 iilud
1219 4450 1359 4502 Pstil.
1397 4452 1741 4519 ιαμ-δίκαιος
1772 4450 1846 4511 ὡς
1873 4451 2053 4514 Φοῖνιξ
2086 4451 2335 4519 ἀνθήσει,

761 4525 985 4575 reddere
1006 4537 1169 4573 ausus
1187 4532 1291 4582 est,
1321 4519 1469 4572 Velut
1498 4517 1723 4572 Phania:
1745 4522 1974 4582 ﬂorebit.
1998 4517 2337 4585 B.§Ambrus.

2436 4175 2677 4243 pltmttix,
2700 4177 2862 4226 etiam
2885 4173 3087 4225 animal
3122 4172 3213 4232 sit,
3241 4174 3462 4226 omnino
3491 4189 3715 4228 necesse
3743 4187 3846 4230 cst.
3872 4176 4032 4243 Quod

2432 4248 2474 4297 si
2511 4246 2717 4296 :tttimal
2745 4259 2865 4298 eam
2896 4257 3015 4297 esse
3044 4244 3297 4296 concedis
3320 4282 3335 4305 ,
3373 4246 3627 4309 primum,
3661 4260 3765 4298 nou
3798 4248 4031 4299 omnium

2437 4323 2614 4381 potest
2648 4315 2775 4365 illml
2806 4328 2926 4366 esse
2953 4313 3264 4378 singulare,
3294 4326 3559 4379 quantum
3593 4317 3785 4368 saltem
3819 4320 4032 4370 animal

2437 4396 2540 4447 est,
2575 4384 2778 4434 nullum
2806 4384 2951 4434 enim
2984 4385 3158 4433 solum
3186 4383 3408 4434 animal.
3460 4383 3685 4449 Deinde,
3725 4386 3768 4437 si
3820 4389 4028 4439 animal

2438 4466 2542 4517 est,
2576 4455 2764 4517 utique
2794 4468 3011 4519 corpus,
3045 4453 3343 4504 animatum
3383 4454 3544 4505 simul
3571 4466 3625 4508 et
3679 4470 3843 4508 sensu
3885 4474 4031 4522 piae-

2445 4526 2638 4575 ditum.
2674 4524 2790 4577 Jain
2830 4524 2872 4574 si
2915 4538 3111 4589 corpns
3144 4532 3227 4574 est
3260 4524 3555 4575 animatum
3595 4535 3648 4577 et
3680 4540 3840 4577 sensu
3886 4542 4029 4593 pra--

763 4597 853 4647 tib.
885 4608 937 4644 vt
972 4591 1023 4644 iu
1060 4579 1520 4671 [ingenia-fam
1558 4591 1650 4654 25,
1683 4579 1985 4671 iterumque
2132 4590 2206 4669 De
2238 4590 2342 4671 ﬁde
2376 4579 2417 4631 ι)
2450 4593 2646 4671 ditum,
2694 4602 2843 4645 certe
2871 4579 3035 4671 etiam
3090 4593 3422 4671 generationi
3473 4605 3635 4659 atque
3681 4579 4028 4661 corrupituni

761 4674 1039 4715 resnrrect.
1086 4661 1143 4713 ὃ.
1182 4660 1343 4725 Greg.
1389 4659 1646 4713 Nazianz.
1687 4659 1867 4714 Carm.
1915 4662 1982 4711 ad
2032 4659 2241 4727 Virgin.
2280 4662 2338 4712 S.

764 4733 1028 4801 I‘Lpiphan.
1094 4731 1365 4783 Ancorato
1424 4739 1650 4801 :jatque
1703 4746 1769 4801 ex
1795 4732 1995 4801 _ipsius
2054 4730 2115 4801 Bp.
2166 4730 2340 4784 Clem.

763 4798 989 4855 Cbnstit.
1028 4802 1124 4855 lib.
1158 4816 1210 4861 ν,
1258 4816 1305 4851 c.
1344 4801 1411 4861 6;
1447 4799 1507 4853 Β.
1549 4800 1735 4871 Cyrill.
1780 4798 2052 4871 thecjtesi
2084 4800 2171 4863 I8,
2234 4814 2345 4851 tne-

768 4874 1027 4939 miniique
1060 4870 1218 4938 hujus
1247 4871 1362 4922 avis
1398 4868 1718 4924 Eusehilib.
1739 4886 1790 4922 Iv
1821 4868 1891 4922 De
1916 4868 2188 4922 Constant.
2214 4871 2347 4932 vita;

766 4944 851 4993 ('III
880 4943 1014 4993 adde
1060 4940 1299 5002 gentium
1342 4944 1665 5007 scriptorum
1719 4940 1932 4992 turbam
1975 4956 1989 4991 :
2027 4939 2252 4993 Lucian.
2292 4941 2342 4991 iu

768 5014 958 5073 Sectis,
1016 5012 1151 5062 Plin.
1183 5010 1277 5061 lib.
1312 5026 1364 5071 χ,
1402 5026 1523 5071 cap.
1562 5011 1655 5069 il;
1712 5008 1978 5068 Tacitum,
2032 5011 2227 5062 Annal.
2267 5024 2343 5073 v;

765 5081 948 5133 Aurel.
967 5081 1167 5133 Victor.
1198 5080 1399 5132 Ilistor.
1418 5080 1653 5146 Augusta
1670 5096 1687 5138 ς
1705 5078 1890 5147 Pump.
1908 5077 2122 5139 Melam,
2144 5080 2237 5136 Iih.
2259 5094 2343 5141 ιιι,

766 5170 796 5205 ε
815 5170 885 5216 qi.
919 5153 980 5216 9;
1026 5152 1194 5203 Solin.
1235 5168 1353 5217 «τιν,
1373 5151 1475 5213 56;
1503 5149 1867 5213 Claudiau.'_et
1892 5150 2049 5202 Auct.
2078 5149 2258 5203 Carm.
2284 5152 2347 5201 de

770 5223 1033 5285 Phoenice,
1071 5224 1211 5284 apud
1240 5219 1490 5274 Lactant.
1517 5238 1530 5283 ;
1562 5231 1615 5272 et
1650 5221 1715 5270 tle
1745 5220 1950 5273 Graecis
1985 5219 2246 5287 Xiphilin.
2294 5221 2344 5269 in

775 5291 1023 5354 Tiberio;
1078 5290 1334 5342 Herotlot.
1371 5292 1463 5343 lib.
1500 5305 1574 5354 tt;
1633 5289 1887 5357 llorapol.
1920 5292 2009 5341 lib.
2044 5305 2080 5351 ι,
2126 5306 2245 5356 cap.
2280 5289 2349 5342 35

771 5374 825 5413 et
854 5363 1015 5420 alibi;
1063 5360 1264 5414 Ailian.
1314 5361 1387 5413 De
1415 5360 1637 5412 animal.
1688 5373 1799 5412 nat.
1846 5361 1939 5411 lih.
1979 5375 2053 5423 νι,
2088 5376 2209 5425 Cap.
2253 5360 2345 5413 58.

774 5432 887 5483 Etsi
921 5444 1048 5483 ante
1080 5431 1330 5483 Photiutn
1356 5431 1655 5483 dubitando
1674 5434 1738 5483 de
1764 5431 1863 5482 hac
1893 5446 1993 5482 ave
2022 5432 2180 5483 locuti
2215 5431 2346 5493 sint,

773 5501 833 5554 Β.
861 5502 1033 5556 Clem.
1070 5517 1253 5566 supra,
1306 5517 1426 5553 cum
1459 5501 1516 5553 Β.
1552 5500 1709 5568 Greg.
1751 5498 1883 5551 Naz.
1929 5512 2067 5553 orat.
2113 5504 2176 5552 de
2222 5501 2345 5567 Spi-

777 5575 882 5623 iitu
918 5585 1108 5625 sancio
1134 5587 1251 5638 qua:
1292 5573 1502 5629 est37;
1547 5571 1605 5623 Β.
1643 5586 1772 5623 vero
1830 5569 2095 5623 Maximus
2142 5584 2349 5639 martyr

775 5644 935 5693 etiam
973 5642 1141 5710 logica
1172 5643 1549 5694 dissertatione
1579 5643 1826 5694 eamdem
1886 5640 2197 5708 planissime
2254 5656 2349 5694 ne—

776 5713 958 5777 gavit,
993 5714 1061 5765 ibi
1098 5715 1164 5763 ad
1196 5711 1415 5763 I’etrutu
1456 5713 1719 5763 illustrem
1760 5724 1947 5763 contra
1998 5712 2183 5763 Severi
2252 5714 2349 5761 du-

778 5792 980 5845 guiata,
1007 5797 1166 5849 quem
1200 5783 1371 5847 ipsum
1408 5782 1493 5834 hic
1528 5783 1621 5834 tibi
1655 5782 1831 5833 locum
1862 5796 1892 5834 ε
1922 5778 2073 5833 Notis
2104 5780 2308 5835 Grrccis
2333 5820 2347 5841 .

778 5853 871 5907 sed
889 5850 1106 5917 Latine,
1134 5852 1439 5922 appendere
1468 5851 1685 5922 placuit.
1712 5853 1863 5917 Quod
1895 5853 1960 5919 si,
1992 5852 2089 5912 ait,
2121 5852 2237 5911 avis
2265 5860 2348 5908 cst

2448 4664 2741 4715 obnoxium
2761 4666 2885 4715 erit.
2916 4663 3083 4729 Ipsos.
3111 4662 3154 4714 si
3185 4662 3331 4725 libet,
3365 4666 3639 4730 sapientes
3668 4666 3912 4728 consule,
3946 4683 4033 4717 re-

2452 4749 2568 4784 rum
2600 4749 2718 4799 qua:
2751 4733 3019 4785 exsistunt
3070 4732 3408 4797 inspectores
3432 4771 3445 4793 ,
3491 4735 3680 4785 Iit-ritte
3715 4746 3909 4801 poss‘tl,
3970 4748 4033 4787 ιιι

2450 4803 2780 4870 generationi
2837 4804 2979 4869 quod
3014 4801 3308 4853 obnoxium
3338 4812 3419 4854 est
3482 4815 3644 4868 atque
3690 4807 4032 4870 corruptiusii

2450 4887 2669 4939 corpus,
2705 4874 3003 4924 animatum
3044 4874 3169 4922 item
3205 4885 3267 4922 ac
3295 4887 3453 4923 sensu
3488 4874 3795 4939 praeditum,
3840 4878 4035 4939 singu-

2449 4941 2580 4995 laris
2610 4958 2729 4995 esse
2755 4941 2963 4993 initura:
2988 4941 3073 5008 (ad
3098 4940 3470 4991 exsistentiam
3495 4945 3637 5009 quod
3663 4945 3881 5009 attinet)
3907 4961 4035 5009 pus-

2449 5012 2520 5065 sit
2556 5028 2568 5062 :
2606 5028 2726 5064 cum
2785 5013 3015 5062 aliorum
3072 5011 3125 5062 in
3165 5011 3247 5061 his
3293 5025 3358 5061 ex
3407 5011 3529 5063 aliis
3564 5013 3840 5065 successio
3868 5052 3882 5073 ,
3918 5017 4036 5066 evi—

2449 5082 2830 5135 dentissimum
2860 5082 2925 5132 sit
2953 5081 3248 5131 exsistendi
3274 5079 4035 5145 iudicium,certistiinusqut:

2451 5152 2735 5204 terminus.
2796 5150 3261 5215 Quemadmodum
3301 5151 3352 5201 in
3395 5149 3676 5217 Scriptura
3714 5153 3828 5216 ipsa
3871 5170 4031 5204 saera

2453 5232 2682 5274 testatur
2707 5224 2855 5288 justo
2888 5222 2960 5272 illi
2993 5218 3195 5271 Noemu
3223 5220 3381 5285 hujus
3413 5221 3487 5271 rei
3523 5223 3909 5274 certitudinem
3936 5239 4037 5275 ex-

2450 5292 2665 5354 hibens,
2691 5292 2777 5343 ubi
2814 5292 2951 5343 Cen.
2976 5305 3072 5351 νιι,
3098 5292 3212 5340 ait:
3239 5289 3521 5355 Ingredere
3549 5300 3603 5342 tu
3628 5303 3673 5343 et
3704 5293 3896 5351 omnis,
3924 5306 4033 5345 etc.

2449 5362 2694 5430 Itemque
2744 5378 2808 5414 ea;
2850 5361 3087 5413 omnibus
3141 5357 3622 5425 volatilibus,etc.,
3653 5360 3705 5413 in
3751 5362 3952 5426 quibus
3986 5365 4032 5415 si

2450 5433 2699 5500 phmnix,
2747 5438 2887 5499 qttod
2921 5432 3124 5482 alatum
3160 5430 3248 5481 ille
3278 5432 3351 5483 sit
3379 5430 3599 5489 animal,
3659 5434 4036 5484 numerandus

2450 5515 2553 5565 est,
2613 5518 2745 5556 sane
2779 5502 3091 5570 singularis,
3151 5504 3326 5565 quoad
3361 5501 3775 5563 exsistentiatn,
3824 5515 4035 5555 natura:

2452 5589 2557 5625 non
2586 5585 2692 5628 est.
2728 5583 2783 5623 ut
2819 5574 2959 5623 Deus
2996 5573 3109 5637 ipse
3136 5570 3531 5635 pronuntiavit.

2522 5644 2633 5713 (l5)
2668 5641 2856 5695 Exstat
2910 5657 2971 5695 ea
3005 5641 3185 5704 hodie,
3218 5642 3303 5713 vel
3339 5640 3817 5713 ex__tnc_indicatis
3862 5641 4035 5713 signis

2451 5709 2665 5774 nobilis,
2702 5713 2894 5764 Latine
2940 5726 3061 5764 cum
3092 5710 3353 5778 operibus
3403 5709 3461 5761 ll.
3516 5710 3816 5766 Clementis
3867 5709 4030 5766 Rom.

2449 5784 2703 5840 Coluuim'
2722 5797 2942 5838 excusa.
