4224 6446
186 387 299 452 409

1243 392 1772 456 BIBLIOTHECA.
1811 415 1882 427 -·-
1919 390 2083 454 COD.
2124 393 2408 456 CXXVII.

3337 396 3442 462 410

183 504 319 571 άλλη
353 503 600 557 πολιτεία
644 505 705 569 ἐξ
745 468 916 574 αύτῆς
950 504 1173 577 πρώτης
1216 506 1431 574 ἡλικίας
1461 507 1761 576 ἀρχομένη,
1789 503 1841 561 Α

1789 502 1969 571 Ajatu
2009 506 2132 560 inde
2183 522 2212 559 a
2278 509 2506 575 pueritia
2564 509 2887 578 inchoando,
2941 523 3056 569 tum
3109 530 3443 586 qumttnque

184 595 277 646 καὶ
297 596 424 647 ὅσαι
457 595 593 665 πρὸς
619 597 721 663 τὴν
750 596 1213 665 έκκλησιαστικὴν
1237 595 1364 668 [164
1394 595 1489 668 H.]
1522 597 1764 666 ἱστορίαν

184 685 507 738 συντελοῦσι
540 687 768 757 πράξεις
796 726 811 751 ,
869 689 1064 758 μέχρις
1097 683 1158 742 οὗ
1184 690 1276 741 τὸν
1315 690 1428 759 βίον
1471 690 1762 753 ἀπέλιπεν,

183 780 261 837 εἰς
317 778 619 846 ἑξηκοστὸν
669 778 766 831 καὶ
810 778 1072 848 τέταρτον
1120 779 1507 849 παραταθέντα
1546 780 1763 848 χρόνον.

187 870 346 921 Ἐστι
379 871 478 939 μὲν
512 869 605 922 οὖν
635 869 915 923 κάνταῦθα
958 872 1058 941 τὴν
1102 874 1304 942 φράσιν
1348 872 1529 941 ὅμοιος
1562 870 1763 939 ἑαυτῷ.

183 962 328 1028 πλὴν
388 962 587 1031 μικρόν
632 980 692 1015 τε
723 964 859 1033 πρὸς
901 963 962 1015 τὸ
999 962 1383 1034 λαμπρότερον
1412 962 1765 1015 έκόεδίασται

184 1052 337 1120 αὐτῷ
366 1056 395 1105 ὁ
414 1053 596 1118 λόγος,
622 1056 718 1107 καὶ
746 1054 917 1119 λέξεις
945 1058 1023 1117 εἰς
1051 1055 1112 1108 τὸ
1141 1055 1503 1125 ἀνθηρότερον
1545 1053 1765 1123 ἐνιαχοῦ

186 1138 649 1206 συνελήφθησαν·
722 1143 819 1211 τῆς
880 1143 1061 1211 μέντοι
1116 1144 1258 1196 κατὰ
1314 1143 1412 1212 τὴν
1469 1145 1768 1212 ἑρμηνείαν

186 1228 387 1298 ἡδονῆς
418 1233 515 1283 καὶ
542 1231 761 1300 χάριτος
792 1233 945 1285 οὐδὲν
982 1232 1125 1303 μέγα
1150 1274 1164 1297 ,
1192 1233 1382 1303 ὥσπερ
1416 1233 1537 1285 οὐδὲ
1569 1234 1626 1285 ἐν
1652 1236 1769 1295 τοῖς

188 1321 396 1386 ἄλλοις,
426 1324 775 1392 ἐμφαίνεται.
806 1327 1263 1393 Καταστρώννυσι
1291 1326 1347 1377 δὲ
1378 1328 1434 1378 ἐν
1464 1325 1638 1395 ταύτῃ
1671 1326 1770 1377 αύ-

186 1413 281 1463 τυύ
330 1417 397 1481 τῇ
435 1416 780 1485 τετραείδλῳ
827 1416 1119 1484 πάμπολλα
1164 1416 1341 1487 χωρία
1385 1416 1444 1481 ἐξ
1474 1418 1769 1487 ὁλοκλήρου

184 1504 287 1572 τῆς
329 1503 885 1574 Ἐκκλησιαστικῆς
917 1509 1081 1563 αὑτοῦ
1107 1510 1401 1575 δεκαλόγου
1434 1509 1722 1575 ἱστορίας.

260 1597 431 1661 Λέγει
462 1598 559 1665 μὲν
587 1598 679 1650 οὖν
711 1601 803 1651 καὶ⁸
836 1600 998 1662 αὐτὸς
1027 1602 1086 1652 ὲν
1112 1601 1451 1670 Νικομηδεῖς.
1472 1600 1563 1652 τὸν
1598 1602 1773 1669 μέγαν

188 1688 610 1742 Κωνσταντῖνον
664 1692 1059 1761 βαπτίσασθαι,
1112 1694 1274 1763 μέχρι
1308 1695 1429 1747 τότε
1460 1693 1518 1745 τὸ
1547 1694 1772 1763 λουτρὸν

188 1780 656 1851 ἀνασαλλόμενον,
690 1784 784 1837 ἆτε
827 1786 891 1854 δὴ
922 1787 980 1837 ἐν
1009 1786 1272 1857 ἐπιθυμίᾳ
1308 1786 1627 1853 ποιούμενον
1660 1787 1773 1845 τοῖς

202 1875 474 1945 Ἰορδάνου
522 1876 581 1929 τὸ
622 1878 843 1948 λουτρὸν
873 1879 1265 1943 ὑποδέξασθαιο
1302 1880 1384 1942 τίς
1410 1881 1466 1932 δὲ
1500 1881 1528 1932 ὁ
1580 1878 1771 1948 βαπτί-

191 1983 313 2029 σας,
362 1967 519 2019 οὐδὲν
564 1968 835 2037 διασαφεῖ.
874 1970 1011 2040 Περὶ
1048 1970 1231 2039 μέντοι
1258 1987 1320 2036 γε
1352 1970 1451 2037 τῆς
1489 1969 1773 2040 Ἀρειανῆς

190 2059 463 2129 αἱρέσεως
493 2062 647 2115 οὐδὲν
680 2063 844 2128 σαφὲς
880 2062 1243 2130 ἀπαγγέλλει,
1268 2062 1377 2117 οὐδ’
1403 2064 1452 2115 εί
1489 2064 1586 2132 τῆς
1617 2063 1774 2131 δόξης

193 2152 415 2220 ἐκείνης
444 2152 643 2219 εἴχετο,
676 2155 787 2206 οὐδ’
818 2156 895 2207 ὅτι
935 2154 1341 2223 μεταϐέϐληται
1365 2195 1380 2218 ,
1411 2155 1526 2207 ἀλλ’
1553 2155 1662 2207 οὐδ’
1692 2158 1774 2206 ὅτι

192 2244 420 2309 φαύλως
448 2246 477 2312 ἢ
509 2246 683 2313 ὀρθῶς
726 2247 973 2312 ἐδόξαζεν
1001 2248 1235 2317 Ἀρειος,
1297 2248 1499 2317 καίπερ
1530 2247 1775 2316 ἀνάγκην

193 2336 336 2404 ἔχων
369 2337 430 2388 ὲν
459 2340 650 2409 μνήμῃ
695 2337 867 2391 ταῦτα
897 2338 1248 2409 ποιήσασθαι,
1281 2337 1375 2392 ἆτε
1406 2339 1470 2408 δὴ
1508 2339 1649 2408 μέγα
1682 2340 1775 2407 μέ-

198 2445 289 2493 ρος
341 2428 653 2498 ἐπεχούσης
686 2429 782 2497 τῆς
820 2433 1038 2485 συνόδου
1064 2431 1172 2483 τῶν
1206 2430 1300 2483 τοῦ
1354 2431 1590 2500 μεγάλου
1630 2433 1774 2500 πρά⁶

195 2520 336 2583 ξεων
371 2522 789 2574 Κωνσταντίνου
818 2562 833 2585 ,
880 2521 1141 2591 κάκείνης
1184 2523 1346 2575 πάλιν
1378 2522 1775 2592 ὲξαπαιτούσης

192 2613 297 2679 τὴν
336 2614 467 2681 περὶ
495 2612 700 2665 τούτων
734 2612 1253 2684 λεπτομερεστάτην
1302 2616 1564 2682 ἱστορίαν.
1617 2615 1777 2668 Ἀλλὰ

196 2705 393 2758 στάσιν
440 2707 541 2775 μὲν
585 2709 848 2775 ἐμπεσεῖν
894 2708 1099 2776 μεταξὺ
1139 2708 1348 2777 Ἀρείου
1401 2708 1496 2761 καὶ
1533 2709 1779 2774 Ἀλεξάν-

192 2798 352 2866 ὅρου,
380 2798 478 2867 τὴν
509 2799 720 2868 αἵρεσιν
752 2798 895 2851 οὕτω
913 2800 958 2830 ⁹³
1007 2799 1181 2866 λέγων
1227 2800 1323 2850 καὶ⁵
1358 2799 1779 2871 ὐποκρυπτόμε-

194 2909 307 2953 τος,
339 2892 724 2958 ἀποφαίνεται,
758 2892 849 2943 ἐπί
880 2908 939 2943 τε
961 2895 1025 2961 τῇ
1060 2891 1247 2943 στάσει
1273 2890 1392 2943 λίαν
1425 2891 1660 2960 ἀλγῆσαι
1688 2891 1780 2944 τὸν

196 2982 427 3051 θεοφιλῆ
464 2982 709 3050 βασιλέα,
732 2984 823 3035 καὶ⁵
850 2983 1221 3051 ἀγωνίσασθαι
1248 2982 1336 3036 διά
1363 2998 1419 3035 τε
1454 2983 1778 3047 ἐπιστολῶν,

191 3075 286 3126 διά
320 3091 383 3126 τε
408 3073 503 3125 τοῦ
550 3075 753 3139 Ὀσίου,
786 3075 844 3137 ὃς
870 3074 1184 3143 Κουδρόὸης
1218 3074 1540 3137 ἐπεσκόπει,
1577 3076 1656 3137 είς
1688 3092 1779 3143 φι-

1866 598 1934 649 ad
1968 598 2393 653 ecclesiasticam
2428 601 2773 668 pertinentia
2807 606 3088 661 historiam
3131 608 3218 662 ille
3251 611 3442 677 gessit,

1866 690 1933 741 ad
1959 699 2262 743 extremum
2290 705 2461 759 usque
2492 691 2672 755 linem,
2696 694 2796 747 hoc
2816 706 2919 761 est,
2942 708 3176 767 quatuor
3202 710 3256 753 et
3282 715 3442 753 sexa-

1867 781 2016 848 ginta
2052 796 2317 835 annorum
2346 782 2540 850 spatio.
2571 780 2667 836 Est
2693 799 2855 851 porro
2884 789 3049 841 etiam
3085 789 3137 841 in
3183 789 3284 842 hoc
3313 805 3444 858 ope-

1872 888 1930 925 re
1952 873 2033 925 sui
2065 872 2198 926 satis
2229 873 2280 927 in
2310 875 2543 929 dictione
2568 876 2783 939 similis,
2812 878 2911 932 nisi
2938 879 3079 947 quod
3108 880 3351 933 nonnihil
3377 880 3445 933 ad

1868 963 2213 1032 splendorem
2243 967 2413 1035 magis
2444 970 2680 1022 trahitur
2702 969 2900 1032 oratio,
2934 986 3205 1037 vocesque
3246 971 3311 1023 ad
3347 970 3446 1024 llo-

1872 1055 2044 1108 ridum
2076 1056 2269 1111 alicubi
2302 1074 2469 1126 genus
2530 1062 2795 1113 tendunt:
2827 1062 2926 1114 etsi
2965 1061 3324 1127 iucunditatis
3395 1071 3451 1115 et

1870 1149 2059 1214 gratiae
2094 1147 2148 1200 in
2177 1148 2499 1214 explicando
2530 1151 2801 1204 modicmn
2832 1152 3112 1214 adhibere,
3154 1164 3214 1206 ut
3244 1154 3294 1206 in
3326 1154 3451 1207 aliis

1872 1251 2085 1304 quoque
2109 1236 2283 1301 libris,
2313 1240 2543 1292 videtur.
2595 1239 2913 1295 All’eruutnr
2946 1257 3081 1297 vero
3120 1242 3237 1295 loca
3272 1241 3445 1309 pluri-

1874 1344 1961 1382 ma
2011 1330 2061 1382 in
2104 1330 2188 1383 his
2214 1341 2445 1398 quatuor
2501 1332 2656 1385 libris
2699 1348 2766 1387 ex
2809 1335 3060 1390 universa
3107 1335 3225 1405 ejus
3266 1337 3450 1389 decem

1874 1420 2129 1474 librorum
2156 1420 2528 1476 Ecclesiaatt'ca
2554 1423 2817 1480 Historia.

1946 1599 2132 1653 Refert
2181 1615 2310 1669 ergo
2338 1600 2422 1652 hic
2448 1600 2780 1655 Nicomediae
2818 1602 3151 1671 baptizatum
3194 1618 3451 1672 magnum

1878 1690 2297 1744 Constantinum
2336 1692 2471 1760 (16),
2531 1693 2899 1761 hactenusque
2945 1695 3219 1748 lavacrum
3276 1694 3453 1748 distu-

1879 1782 2025 1845 lisse,
2055 1782 2196 1849 quod
2239 1782 2290 1834 itt
2325 1785 2461 1834 votis
2509 1783 2735 1836 haberet
2792 1785 2843 1836 in
2896 1783 3137 1839 Jordane
3173 1785 3450 1853 baptismo

1877 1874 2006 1942 tingi
2042 1891 2056 1927 :
2094 1874 2217 1942 quis
2260 1890 2386 1927 vero
2433 1876 2764 1942 baptizarit,
2810 1877 3030 1930 silentio
3077 1879 3337 1946 pratlerit.
3380 1878 3457 1932 De

1874 1966 2058 2018 Ariani
2091 1966 2308 2034 insuper
2331 1966 2520 2019 lneresi
2560 1982 2783 2035 prorsus
2808 1967 2940 2020 nihil
2968 1969 3257 2023 manifeste
3300 1984 3455 2022 com-

1882 2067 2172 2121 memorat,
2240 2073 2415 2127 neque
2471 2074 2537 2111 an
2593 2057 2981 2114 ConSIantinus
3043 2061 3114 2114 illi
3168 2062 3457 2129 aliquando

1877 2152 2193 2214 adhzcserit,
2240 2165 2412 2219 neque
2443 2165 2508 2203 an
2539 2166 2657 2203 eam
2690 2151 2984 2220 abjeecrit,
3047 2156 3140 2206 sed
3181 2168 3357 2221 neque
3388 2170 3454 2205 an

1877 2254 2045 2304 recte,
2074 2254 2167 2296 aut
2197 2257 2354 2296 secus
2384 2241 2623 2303 senserit
2658 2242 2822 2295 Arius
2853 2260 2866 2297 :
2902 2244 3115 2297 tametsi
3158 2245 3458 2297 necessitas

1876 2350 1999 2388 eum
2023 2335 2370 2401 compelleret
2394 2334 2588 2387 horum
2618 2336 2954 2398 meminisse,
2994 2337 3210 2403 quando
3252 2345 3306 2389 et
3352 2354 3459 2388 ma-

1878 2443 1981 2491 gna
2034 2443 2157 2495 pars
2207 2425 2305 2481 fuit
2362 2428 2599 2497 synodus
2647 2442 2825 2479 rerqu
2869 2444 2896 2480 a
2954 2443 3149 2497 magno
3182 2428 3455 2482 Constan-

1880 2519 1993 2573 tino
2021 2529 2317 2588 gestarum,
2357 2530 2409 2572 et
2436 2518 2674 2585 alioquin
2724 2517 2811 2571 illa
2847 2517 2958 2585 ipsa
2998 2518 3241 2571 vicissim
3273 2529 3459 2585 postu-

1880 2609 2016 2662 laret
2059 2607 2464 2661 esactissimam
2504 2608 2587 2660 his
2617 2606 2685 2660 de
2721 2608 2879 2660 rebus
2912 2608 3215 2659 historiam.
3273 2606 3460 2676 Itaque

1880 2701 2275 2756 dissensionem
2305 2700 2520 2769 quidem
2570 2711 2747 2753 ortam
2776 2702 2959 2754 Arium
2988 2699 3129 2754 inter
3152 2709 3205 2753 et
3224 2699 3459 2753 Alexan-

1881 2795 2037 2847 drum
2094 2802 2483 2846 commemorat
2532 2792 2648 2863 (sic
2694 2793 2943 2845 nimirum
2990 2792 3241 2844 haeresim
3278 2792 3459 2859 appel-

1882 2886 1997 2940 lare
2030 2901 2092 2939 ac
2126 2896 2303 2954 tegere
2326 2885 2580 2954 videtur),
2605 2899 2666 2937 ac
2692 2884 2900 2937 dissidii
2928 2883 3087 2949 hujus
3110 2886 3282 2950 gratia
3306 2884 3460 2938 valde

1884 2978 2211 3033 iudoleutem
2243 2978 2646 3043 pientissitnum
2690 2977 3070 3041 imperatorem
3106 2977 3456 3037 allahorasse,

1886 3086 2008 3123 cum
2045 3084 2142 3137 per
2192 3069 2506 3134 epistolam,
2547 3078 2657 3121 tum
2707 3083 2802 3135 per
2848 3067 3462 3122 IlosiutnCorduhensis

194 3167 320 3217 λίαν
350 3166 448 3217 καὶ
477 3166 732 3233 ὁμόνοιαν
769 3166 1024 3230 συζεῦξαι
1078 3165 1139 3218 τὸ
1188 3167 1478 3229 στασιάζον
1510 3166 1609 3234 τῆς
1642 3166 1781 3236 πρὸς
1806 3184 1851 3245 C

1806 3184 1851 3245 ρ
1886 3164 2139 3218 Ecclesiae
2163 3163 2497 3229 episcopum,
2526 3172 2604 3225 ut,
2650 3163 2814 3215 missa
2841 3162 3189 3215 contentione
3222 3162 3309 3214 illa
3343 3178 3458 3213 mll-

192 3257 469 3326 ἀλλήλους
515 3256 691 3326 ἔριδος
734 3257 1041 3325 ἀφεμένους
1074 3258 1170 3308 καὶ
1200 3255 1305 3307 τῶν
1330 3255 1587 3308 τοιούτων
1618 3256 1785 3326 ζητήο

196 3366 362 3401 σεων·
397 3348 475 3407 ὡς
509 3349 552 3399 δ’
580 3350 679 3401 οὐκ
710 3348 916 3410 ἔπειθεν,
953 3348 1169 3400 σύνοδον
1217 3348 1554 3417 πανταχόθεν
1600 3348 1784 3417 ἀθροῖ-

198 3460 293 3495 σαι
331 3443 430 3495 καὶ
459 3442 556 3510 τὴν
619 3440 968 3509 ἑμπεσοῦσαν
1005 3439 1121 3508 ἔριν
1165 3442 1244 3503 είς
1274 3440 1495 3509 εἰρήνην
1528 3438 1784 3491 διαλύσα-

198 3537 364 3588 σθαι*
405 3534 466 3585 ού
505 3535 613 3603 μὴν
648 3536 727 3595 εἰς
758 3531 820 3584 τὸ
853 3532 1077 3602 ἁκριδὲς
1104 3533 1197 3583 καί
1249 3532 1500 3601 ἐπίδηλον
1540 3531 1785 3598 ἀναγράο

196 3645 389 3695 φεται.
419 3620 587 3687 Οὗτος
616 3621 707 3677 οὖν
737 3625 926 3692 ὥσπερ
950 3622 1326 3692 αἰσχυνομένῳ
1359 3620 1550 3683 ἐοικὼς
1584 3621 1679 3672 καὶ
1710 3621 1783 3690 μὴ

199 3717 520 3787 βουλομένῳ
545 3715 888 3784 δημοσιεύειν
910 3715 1128 3784 Ἀρειον
1145 3714 1213 3745 ⁸³·
1230 3714 1329 3784 τήν
1350 3730 1409 3765 τε
1432 3712 1532 3781 τῆς
1563 3712 1784 3765 συνόδου

200 3806 643 3877 ἐξενηνεγμένην
674 3805 795 3858 κατ’
822 3803 986 3857 αὑτοῦ
1018 3802 1199 3872 ψῆφον
1230 3802 1326 3855 καὶ
1354 3800 1463 3854 τῶν
1491 3803 1786 3872 συνασεδη-

203 3899 424 3949 σάντων
474 3895 622 3964 αὐτῷ
659 3896 753 3947 καὶ
789 3892 1230 3957 συνεξωσοέντων
1263 3890 1359 3960 τὴν
1420 3890 1635 3944 δικαίαν
1670 3892 1775 3951 εἱσ-

200 3988 434 4058 πραξιν,
477 3988 537 4039 ού
592 3987 698 4055 μὴν
731 3985 843 4038 ἀλλ’
879 3986 989 4037 οὐδ’
1016 3985 1081 4054 ἢν
1112 3983 1298 4036 Θεόοεν
1340 3985 1447 4046 πᾶς
1506 3984 1785 4054 ὀφθαλμὸς

205 4076 351 4130 εἶδεν
403 4076 611 4128 ἔνδικον
653 4075 864 4144 Ἀρείου
913 4072 1323 4142 καταστροφὴν,
1378 4073 1531 4126 οὐδὲν
1582 4074 1785 4126 τούτων

202 4169 359 4233 ἄγων
395 4168 475 4227 εἰς
506 4164 642 4233 φῶς,
671 4166 770 4234 τήν
794 4181 853 4216 τε
883 4165 1012 4232 περὶ
1054 4164 1151 4231 τῆς
1182 4164 1401 4216 συνόδου
1458 4163 1553 4215 καὶ
1584 4164 1693 4216 τῶν
1730 4165 1787 4217 ἐν

203 4260 350 4327 αὐτῇ
388 4256 744 4327 πραχθέντων
776 4255 868 4307 καὶ
915 4256 1043 4325 περὶ
1069 4256 1241 4324 αὐτὴν
1265 4254 1315 4287 ⁸⁸
1364 4256 1607 4324 ἱστορίαν
1646 4272 1789 4327 παρ-

207 4351 442 4419 έδραμε.
475 4350 566 4399 Διὸ
594 4348 688 4399 καὶ
731 4348 861 4415 περὶ
890 4347 983 4398 τοῦ
1045 4347 1333 4398 θεσπεσίου
1369 4348 1668 4399 Εὑσταθίου
1707 4348 1787 4400 δι-

205 4440 469 4510 ηγεῖσθαι
522 4438 795 4508 μέλλων⁹⁸
836 4438 960 4491 οὕτε
1010 4439 1104 4490 τοῦ
1160 4438 1425 4507 ὀνόματος
1486 4440 1785 4508 μέμνηται,

1888 3267 1998 3317 tua,
2032 3264 2085 3307 et
2108 3254 2412 3323 huiusmodi
2442 3254 2856 3323 quaestionibus,
2907 3254 2971 3305 ad
2999 3254 3294 3306 amicitiam
3323 3268 3458 3307 cou-

1885 3348 2237 3413 cordiatnque
2291 3346 2619 3399 dissidentes
2654 3346 2895 3413 adigeret
2943 3363 2957 3398 :
3013 3353 3175 3412 atque
3208 3343 3294 3395 ubi
3352 3362 3455 3395 non

1886 3438 2157 3507 persuasit
2198 3438 2465 3506 synodum
2525 3437 2760 3504 undique
2815 3450 3149 3488 convocasse
3192 3446 3245 3487 et
3277 3444 3455 3486 natam

1885 3528 2289 3582 contentionem
2338 3542 2470 3596 pace
2497 3536 2860 3596 permutasse.
2908 3526 3037 3591 Qua:
3066 3537 3244 3578 tamen
3287 3539 3461 3593 neque

1886 3631 2141 3673 accurate
2172 3634 2343 3688 neque
2367 3620 2652 3687 perspicue
2715 3619 2783 3671 ab
2823 3633 2889 3671 eo
2933 3615 3462 3681 scribuntur.Quare

1886 3727 1997 3782 pra:
2023 3712 2226 3781 pudore
2252 3712 2464 3766 videtur
2495 3711 2581 3765 hic
2610 3712 2821 3773 Arium,
2846 3721 2901 3765 et
2938 3726 2966 3763 a
2997 3710 3209 3779 synodo
3252 3706 3451 3762 iactum

1886 3812 2075 3858 contra
2106 3802 2253 3857 illum
2293 3805 2594 3865 decretum,
2638 3802 2917 3872 publicare
2942 3818 3049 3855 non
3094 3801 3364 3861 voluisse,
3405 3811 3461 3853 ut

1888 3907 1990 3947 nec
2046 3892 2162 3959 ejus
2224 3894 2427 3947 erroris
2472 3894 2684 3957 socios,
2751 3902 2843 3945 aut
2906 3892 3066 3947 simul
3112 3893 3463 3961 expulsorum

1880 3987 2084 4054 justam
2114 3987 2391 4048 ultionem,
2420 3986 2549 4055 quin
2580 4001 2758 4055 neque
2781 3985 2949 4047 illam,
2988 3986 3133 4056 96a
3181 4000 3339 4053 quam
3376 3985 3459 4037 di-

1889 4078 2088 4132 vinitus
2111 4088 2380 4147 sumptam
2401 4078 2580 4131 omnis
2606 4077 2796 4130 oculus
2818 4078 2969 4141 vidit,
2989 4076 3193 4146 justam
3212 4076 3325 4129 Arii
3346 4075 3465 4127 viu-

1888 4170 2087 4223 dictam
2116 4168 2228 4239 (ΓΙ)
2269 4186 2283 4221 :
2325 4170 2542 4237 quando
2591 4169 2780 4222 horum
2838 4169 2969 4221 nihil
3026 4166 3081 4223 iu
3127 4166 3299 4220 lucem
3342 4182 3465 4233 pro-

1890 4261 2109 4325 ferens,
2166 4261 2359 4331 synodi
2409 4261 2579 4327 ipsius
2634 4276 2923 4327 rerumque
2968 4259 3023 4312 in
3082 4274 3144 4312 ea
3192 4266 3463 4327 gestarum

1888 4352 2171 4407 historiam
2207 4354 2381 4407 obiter
2422 4362 2627 4404 tantum
2677 4354 2949 4421 percurrit
2989 4350 3109 4415 Quo
3149 4350 3310 4403 etiam
3365 4349 3463 4411 lit,

1889 4454 1949 4496 ut
2005 4444 2072 4497 de
2118 4443 2301 4498 divino
2357 4442 2643 4497 Eustathio
2688 4441 2801 4510 (l8)
2852 4450 3213 4501 narraturus,
3258 4456 3323 4491 nc
3371 4456 3467 4491 uo-

207 4533 321 4584 οὐδ’
352 4533 457 4584 ὅσα
482 4532 611 4599 περὶ
642 4525 805 4582 αὐτὸν
835 4529 1107 4599 ἐτολμήθη
1154 4532 1248 4581 καὶ
1290 4533 1368 4591 εἰς
1397 4530 1560 4599 ἔργον
1587 4530 1786 4583 ἁποϐέ-
1822 4524 1865 4578 Ι)

1822 4524 1865 4578 Ι)
1894 4536 2051 4588 minis
2083 4535 2297 4602 quidem
2333 4535 2677 4619 meminerit;
2726 4544 2933 4587 tantum
2960 4535 3113 4588 abest
3143 4545 3201 4587 ut
3246 4549 3366 4601 quae
3413 4534 3469 4584 its

209 4626 416 4695 δηκεν·
472 4624 585 4676 ἀλλ’
636 4626 720 4685 εἰς
764 4623 952 4675 στάσιν
1002 4624 1096 4675 καὶ
1136 4623 1383 4692 ταραχὴν
1428 4625 1648 4689 ἀνάγων
1699 4626 1793 4677 καὶ

208 4715 413 4779 ταῦτα,
447 4714 708 4783 γαληνίας
766 4714 857 4765 καὶ
922 4712 1083 4765 πάλιν
1134 4714 1404 4778 ἐπιλέγει,
1474 4712 1794 4765 ἐπισκόπων

214 4804 361 4857 κατὰ
404 4805 505 4871 τὴν
543 4803 872 4870 Ἀντιόχειαν
904 4802 1426 4871 συνδεδραμηκότων
1455 4802 1660 4872 σπουδῇ
1695 4802 1794 4871 βα-

215 4898 414 4959 σιλέως
448 4897 541 4948 καὶ
574 4897 851 4965 συνεργίᾳ,
881 4897 974 4948 καὶ
1000 4898 1059 4947 τὸ
1092 4896 1382 4957 στασιάζον
1407 4898 1499 4948 καὶ
1530 4897 1793 4966 ταραττό-

214 5007 383 5057 μενον
415 4990 498 5049 είς
525 4990 586 5039 τὸ
617 4991 892 5057 εἰρηναῖον
931 4988 1438 5059 μεταόεὸληκότων.
1482 4990 1713 5059 ὐμοίως
1740 4990 1796 5043 δὲ

212 5082 311 5131 καὶ
352 5083 411 5132 ὲν
439 5075 520 5142 οἷς
545 5084 573 5132 ὁ
602 5081 899 5143 πολύαθλος
929 5080 1283 5150 ὲσκευωρήθη
1327 5080 1647 5144 Ἀθανάσιος
1672 5119 1686 5144 ,
1718 5082 1797 5142 εἰς

210 5172 391 5225 ταῦτα
418 5173 520 5243 τὴν
552 5174 791 5245 ἱστορίαν
819 5175 1067 5243 ὁρμήσας
1094 5174 1403 5240 ἐπαφεῖναι,
1432 5174 1671 5235 στάσεως
1697 5173 1795 5242 μὲν

1891 4626 2065 4693 ipsum
2096 4626 2456 4680 audacissime
2497 4627 2791 4679 machinati
2820 4636 2947 4679 sunt
2974 4627 3111 4695 (l9),
3158 4641 3322 4691 reque
3354 4625 3469 4691 ipsa

1892 4718 2279 4785 praestiterunt,
2315 4720 2669 4772 recensuerit.
2728 4717 2893 4787 Igitur
2945 4718 3009 4770 ad
3066 4716 3466 4770 dissensionem

1896 4812 2165 4863 duntaxat
2211 4818 2376 4878 atque
2436 4810 2724 4863 tumultum
2765 4824 2830 4863 ea
2862 4807 3133 4871 referens,
3169 4807 3470 4874 tranquilli-

1898 4908 2068 4951 tatem
2123 4913 2336 4951 rursum
2386 4905 2781 4950 commemorat
2832 4898 3209 4963 episcOporutn
3260 4909 3471 4957 eormn,

1899 4991 1989 5059 qui
2022 5006 2141 5043 cum
2178 4990 2520 5043 Antiochiam
2561 4989 2908 5055 imperatoris
2935 4988 3121 5042 studio
3149 4998 3308 5053 atque
3340 5001 3471 5054 ope-

1902 5096 1961 5133 ra
1990 5080 2399 5141 convenissent,
2431 5080 2755 5133 seditionem
2793 5080 3118 5145 turbamque
3149 5092 3278 5145 pace
3309 5090 3465 5129 com-

1903 5182 2200 5225 tnutaruut.
2244 5170 2509 5225 Similiter
2568 5169 2658 5223 ubi
2711 5171 3083 5223 narrationem
3118 5168 3357 5222 instituit
3404 5166 3470 5219 de

1484 5332 1712 5386 VABIAS
1759 5331 2160 5387 LECTIONES.

293 5444 345 5478 ”
374 5447 520 5500 οὕτω
556 5450 599 5502 Α
634 5468 647 5501 :
680 5449 723 5501 δ’
758 5447 901 5501 οὕτω
933 5466 993 5512 ς’.

1069 5448 1134 5478 ⁹³⁹
1174 5448 1383 5517 Ἀρείου
1413 5449 1480 5501 Α.
1557 5448 1602 5480 ⁸⁸
1640 5450 1735 5501 καὶ
1765 5450 1895 5519 περὶ
1920 5450 2088 5519 αὑτήν
2121 5450 2242 5504 add.
2270 5451 2333 5504 A.
2408 5450 2455 5482 ’⁵
2483 5448 2691 5519 μέλλων
2712 5444 3015 5517 διηγεῖσθαι
3056 5460 3117 5507 ς.

1731 5591 1964 5647 ΝΟΤΛΕ.

288 5684 407 5758 (t9)
447 5683 762 5758 _S_upr.Acod.
796 5684 885 5743 88.
918 5696 971 5737 et
1008 5684 1077 5758 ibi
1114 5683 1367 5758 Scholion
1403 5685 1453 5738 in
1485 5687 1611 5739 line.

287 5754 403 5821 (l7)
449 5754 578 5805 Eam
618 5756 765 5823 legas
793 5772 942 5821 stipr.
975 5756 1095 5807 cod.
1128 5756 1216 5816 83,
1253 5757 1394 5808 circa
1435 5758 1689 5809 medium.

290 5829 405 5889 (18)
438 5825 781 5881 Autiocheno
811 5827 979 5894 episc.
1013 5842 1120 5894 quo
1142 5828 1207 5880 de
1239 5823 1434 5880 Baron.
1459 5828 1613 5881 card.
1653 5837 1785 5880 tom.

1893 5685 1957 5739 Ill
1988 5690 2053 5739 ad
2078 5702 2205 5741 ann.
2237 5687 2366 5743 Chr.
2408 5686 2534 5741 540.

1966 5757 2494 5880 (l9ngheodoretus
2548 5773 2611 5812 ea
2657 5754 2822 5811 refert
2866 5752 2959 5807 lib.
3017 5766 3033 5805 ι
3073 5749 3222 5808 Hist.
3255 5747 3463 5809 εςιίεε..

1896 5843 2020 5897 cap.
2051 5867 2079 5881 -
2122 5864 2137 5881 .
