4224 6446
162 396 267 461 ιιξι

1046 407 1572 474 BIBLIOTHECA.
1611 439 1680 450 —
1717 412 1929 475 CODD.
1959 414 2253 479 CXXVIII
2287 418 2545 482 CXXXI.

3316 410 3418 476 414

162 512 275 571 τοῖς
300 511 607 582 διηγήμασι
635 517 941 584 τερατείαν,
976 519 1071 571 καὶ
1089 518 1166 582 ὼς
1193 520 1263 574 ἀν
1290 537 1373 583 τις
1400 522 1566 586 είποι,
1587 522 1744 587 ἄλλος

1868 540 1904 581 ιι
1924 528 2049 595 jure
2076 528 2280 583 dixeris
2300 529 2529 582 alterum
2562 541 2684 581 eum
2704 540 2824 582 esse
2850 525 3170 581 anisnum.
3202 524 3419 580 Prlores

163 600 283 653 ἐστὶ
313 605 638 667 Λουκιανός.
675 608 737 658 Oi
775 607 830 660 δε
857 626 920 675 γε
944 609 960 638 ¹
1008 610 1218 678 πρῶτοι
1256 612 1420 664 αὐτοῦ
1473 614 1565 665 δύο
1596 612 1746 681 λόγοι

166 692 332 758 μόνον
383 695 447 744 οὑ
498 698 920 767 μετεγράφησαν
966 702 1187 771 Λουκίῳ
1222 705 1285 755 ὲκ
1319 702 1414 755 τοῦ
1447 706 1747 759 Λουκιανοῦ

163 780 329 847 λόγου
360 784 421 847 ὃς
454 787 855 857 ἐπιγέγραπται
873 791 1092 858 Λοῦκις
1110 793 1147 861 ἣ
1174 793 1332 859 ὄνος,
1359 795 1470 864 ἢὲκ
1488 796 1599 848 τῶν
1618 800 1750 849 Λου-

164 874 285 925 κίου
312 876 333 905 ³
362 877 539 943 λόγων
565 880 871 949 Λουκιανῷ.
909 884 1092 937 Ἐοικε
1118 885 1176 937 δὲ
1222 888 1422 955 μᾶλλον
1459 888 1487 938 6
1514 890 1749 941 Λουκιαο

166 964 259 1025 νὸς
309 969 759 1037 μεταγράφοντι,
803 974 926 1027 ὅσον
978 976 1251 1040 εἰκάζειν·
1296 979 1379 1041 τίς
1427 980 1535 1050 γὰρ
1576 981 1753 1050 χρόνῳ

167 1058 556 1128 πρεσϐύτερος
577 1102 590 1124 ,
621 1062 773 1116 οὔπω
802 1065 998 1135 ἔχομεν
1026 1069 1256 1136 γνῶναι.
1292 1071 1401 1123 Καὶ
1428 1071 1535 1140 γὰρ
1564 1072 1753 1142 ὥσπερ

170 1147 285 1198 ἀπὸ
316 1150 558 1213 πλάτους
597 1154 706 1205 τῶν
735 1157 965 1211 Λουκίου
996 1158 1170 1226 λόγων
1202 1162 1231 1212 6
1272 1162 1570 1225 Λουκιανὸς
1616 1167 1754 1217 ἁπο-

172 1237 476 1306 λεπτύνας,
510 1245 603 1296 καί
641 1247 905 1315 περιελὼν
933 1251 1033 1302 ὅσα
1072 1251 1147 1321 μὴ
1202 1253 1378 1306 ἐδόκει
1426 1255 1574 1323 αὐτῷ
1621 1257 1756 1325 πρὸς

174 1330 268 1381 τὸν
322 1334 526 1385 οἰκεῖον
556 1338 803 1406 χρήσιμα
834 1342 1032 1393 σκοπὸν
1056 1383 1069 1405 ,
1122 1345 1313 1407 αὑταῖς
1358 1362 1417 1397 τε
1448 1347 1625 1411 λέξεσι
1665 1349 1759 1399 καὶ

178 1426 509 1486 συντάξεσιν
560 1429 639 1490 εἰς
687 1428 780 1480 ἕνα
827 1433 897 1483 τά
952 1432 1114 1485 λοιπά
1176 1436 1523 1505 συναρμόσας
1580 1438 1758 1504 λόγον,

174 1514 406 1579 Λοῦκις
447 1518 485 1582 ἢ
521 1518 661 1583 ὄνος
707 1522 982 1592 ἐπέγραψε
1030 1526 1089 1585 τὸ
1149 1527 1356 1579 ἐκεῖθεν
1401 1529 1755 1600 ὑποσυληθέν.

177 1602 311 1673 [512
341 1604 437 1676 IL]
471 1608 631 1675 Γέμει
665 1610 720 1663 δὲ
750 1614 777 1663 ό
810 1612 1071 1682 ἑκατέρου
1110 1614 1268 1681 λόγος
1301 1617 1636 1687 πλασμάτων
1665 1620 1761 1689 μὲν

179 1696 459 1764 μυθικῶν,
491 1700 886 1769 ἀρρητοποιίας
914 1702 970 1755 δὲ
999 1707 1250 1775 αἰσχρᾶς.
1282 1706 1429 1777 Πλὴν
1454 1710 1481 1759 6
1506 1710 1603 1777 μὲν
1621 1710 1761 1761 Λου-

176 1792 369 1853 κιανὸς
395 1791 526 1862 [166
560 1794 652 1867 Η.]
687 1797 956 1849 σκώπτων
1002 1802 1095 1851 καὶ
1125 1801 1396 1871 διασύρων
1434 1804 1533 1873 τὴν
1571 1803 1758 1872 Ἐλλη-

1845 630 1996 673 certe
2038 620 2145 673 duo
2175 620 2347 687 ipsius
2374 620 2519 682 libri,
2565 627 2772 671 tantum
2811 633 2917 672 non
2949 618 3207 687 descripti
3236 627 3362 671 sunt
3386 632 3416 668 ιι

1847 710 2015 765 Lucio
2042 726 2109 764 ex
2137 710 2362 765 Luciani
2389 711 2545 772 libro,
2599 712 2689 781 qui
2731 710 3018 777 inscriptus
3068 719 3154 763 est
3201 708 3421 770 Lucius,

1849 804 1926 855 uel
1950 804 2168 866 Asinus,
2224 802 2325 856 nisi
2377 813 2564 855 contra
2609 817 2674 856 ex
2703 801 2845 854 Lucii
2900 801 3054 854 libris
3106 816 3133 851 a
3186 800 3424 852 Luciano

1855 896 1943 948 ille
1967 896 2327 963 transcriptus
2365 906 2467 947 est.
2508 894 2585 946 Ac
2631 896 2674 947 si
2712 893 3019 961 t-onjertare
3064 890 3188 942 licet
3226 892 3422 956 (neque

1851 986 1995 1040 enim
2030 995 2148 1038 uter
2171 995 2412 1053 tempore
2434 984 2581 1052 prior
2607 984 2785 1048 fuerit,
2809 997 3134 1051 cognoscere
3163 982 3424 1033 hactenus

1855 1081 2024 1147 potui)
2062 1077 2334 1131 Lucianns
2362 1078 2537 1144 potius
2564 1077 2971 1141 transcripsisse
3001 1074 3235 1125 videtur.
3291 1070 3423 1121 Nam

1856 1173 2009 1238 quasi
2085 1169 2415 1236 copiosiores
2497 1167 2646 1221 Lucii
2720 1166 2924 1228 libros,
2994 1163 3249 1216 rcsecatis
3309 1175 3426 1226 quin

1857 1263 1925 1313 ad
1959 1261 2232 1327 proprium
2266 1260 2533 1326 pertinere
2563 1272 2780 1324 scopum
2818 1257 3037 1308 minime
3073 1253 3419 1313 videbantur,

1862 1352 2127 1407 Lucianus
2157 1353 2463 1413 accidisset,
2508 1350 2806 1413 iisdemque
2858 1346 3034 1399 verbis
3075 1354 3129 1397 et
3159 1344 3428 1408 coinpOsi-

1863 1446 2098 1498 tionibus
2133 1455 2323 1495 czetera
2380 1442 2469 1493 nni
2505 1451 2741 1506 aptasset
2791 1437 3122 1497 narrationi,
3186 1431 3426 1491 Lucium,

1860 1550 1951 1589 seu
1984 1534 2222 1596 Asinum,
2276 1546 2431 1599 quem
2484 1530 2608 1581 inde
2657 1531 2800 1580 furto
2846 1526 3181 1593 compilavit,
3234 1524 3426 1574 librum

1866 1627 2161 1693 inscripsit.
2186 1624 2575 1677 Fabulosarnm
2600 1632 2777 1672 autem
2806 1618 3082 1671 ﬁctionum
3113 1615 3223 1684 (23)
3254 1630 3315 1665 ac
3337 1628 3430 1664 ne-

1866 1717 2037 1771 fanda:
2067 1715 2413 1781 turpitudinis
2454 1712 2592 1779 pleni
2642 1719 2769 1763 sunt
2817 1710 3099 1772 utriusque
3130 1705 3272 1766 libri,
3329 1705 3431 1754 hoc

1866 1808 1981 1860 solo
2030 1805 2364 1863 discrimine,
2420 1802 2559 1868 quod
2610 1798 2899 1857 Lucianus,
2949 1804 3007 1847 ut
3047 1802 3273 1845 caeteros
3305 1802 3430 1841 suos

174 1883 339 1953 νικὴν
373 1885 818 1958 δεισιδαιμονίαν,
867 1890 1055 1962 ὥσπερ
1100 1894 1203 1945 κάν
1252 1897 1364 1957 τοῖς
1414 1893 1624 1959 ἄλλοις,
1666 1895 1761 1948 καὶ

1868 1900 2030 1951 libros
2061 1911 2272 1956 omnes,
2306 1894 2370 1947 ad
2406 1892 2735 1945 irridendum
2766 1896 2926 1954 atque
2956 1881 3431 1953 perstringendum

176 1975 375 2027 τοῦτον
408 1979 762 2032 συνέταττεν·
797 1984 826 2035 6
850 1984 906 2035 δὲ
936 1984 1164 2047 Λούκιος
1206 1986 1522 2048 σπουδάζων
1578 2004 1637 2040 τε
1670 1989 1763 2041 καὶ

176 2068 387 2174 πιστάς
420 2072 658 2141 νομίζων
682 2075 779 2136 τὰς
808 2074 867 2140 ἐξ
890 2077 1191 2147 ἀνθρώπων
1218 2081 1296 2141 είς
1321 2079 1581 2149 ἀλλήλους
1608 2100 1763 2152 μετα-

179 2166 504 2228 μορφώσεις
538 2166 637 2228 τάς
684 2183 745 2218 τε
785 2168 841 2233 ἐξ
886 2169 1093 2237 ἀλόγων
1151 2172 1229 2233 είς
1278 2172 1625 2238 ἀνθρώπους,
1670 2176 1765 2225 καὶ

176 2252 459 2307 ἀνάπαλιν
491 2256 708 2311 καὶτὸν
751 2259 909 2313 ἄλλον
953 2262 1062 2315 τῶν
1097 2262 1345 2316 παλαιῶν
1384 2266 1568 2334 μύθων
1607 2266 1764 2318 ὕθλον

178 2349 277 2453 καὶ
334 2349 647 2421 φλήναφον,
700 2357 884 2426 γραφῇ
928 2356 1218 2426 παρεδίδου
1271 2356 1440 2410 ταῦτα
1492 2361 1585 2411 καὶ
1635 2377 1763 2412 συν-

181 2457 438 2509 υφαινεν.

908 2541 1034 2595 PA'.

368 2631 716 2696 Δαμασκίου
744 2632 883 2700 Περὶ
924 2637 1279 2701 παραδόξων
1309 2637 1477 2706 λόγοι
1502 2638 1571 2692 δ’.

269 2720 723 2793 ’Δνεγνώσθησαν
769 2727 1083 2795 Δαμασκίου
1132 2729 1277 2796 λόγοι
1328 2729 1401 2792 δ’,
1453 2724 1529 2782 ὧν
1573 2731 1601 2782 6
1667 2730 1768 2800 μὲν

186 2813 408 2883 πρῶτος
436 2816 751 2885 ἐπιγραφὴν
771 2816 881 2887 ἔχει
902 2820 1040 2889 Περὶ
1056 2822 1411 2891 παραδόξων
1427 2822 1770 2891 ποιημάτων

188 2905 491 2971 κεφάλαια
514 2908 664 2970 τνβ,
684 2911 712 2960 6
734 2909 789 2962 δὲ
808 2910 1054 2979 δεύτερος
1072 2913 1432 2981 Παραδόξων
1451 2915 1582 2981 περὶ
1601 2915 1619 2945 ³
1640 2914 1767 2967 διιι-

182 2998 417 3064 μονίων
442 2998 818 3067 διηγημάτων
846 3002 1141 3070 κεφάλαια
1160 3003 1273 3068 νβ’,
1295 3005 1322 3055 ὁ
1345 3006 1400 3058 δὲ
1426 3006 1604 3071 τρίτος
1629 3006 1766 3074 Περὶ

187 3087 310 3140 τῶν
332 3090 488 3156 μετὰ
518 3089 777 3144 θάνατον
830 3093 1305 3163 ἐπιφαινομένων
1336 3098 1553 3165 ψυχῶν
1581 3112 1769 3165 παρα-

1865 1992 2102 2059 gentium
2132 1987 2565 2056 superstitiosum
2592 1983 2815 2037 deorum
2847 1978 3073 2038 cultum,
3123 1975 3264 2027 hunc
3297 1985 3433 2038 quo-

1867 2097 1971 2151 que
1998 2079 2364 2149 composuerit
2396 2094 2409 2143 ;
2451 2075 2651 2129 Lucius
2676 2088 2803 2126 vero
2838 2072 2978 2125 serio
3004 2083 3190 2137 agens,
3236 2075 3289 2116 et
3311 2078 3432 2115 cer-

1868 2187 1949 2228 tas
1984 2185 2131 2227 ratus
2183 2172 2458 2225 hominum
2510 2169 2562 2222 in
2629 2167 2763 2220 alios
2808 2162 3329 2222 transl‘ormationes,
3380 2164 3432 2208 et

1869 2270 2149 2323 brutorum
2185 2266 2410 2320 rationis
2447 2262 2749 2331 expertiuin
2800 2261 2851 2313 in
2909 2256 3175 2315 homines,
3214 2268 3277 2307 ac
3320 2253 3434 2303 vice

1868 2376 2047 2425 versa,
2084 2362 2324 2429 aliasque
2357 2359 2702 2423 antiquarum
2737 2354 3035 2407 fabularum
3093 2348 3323 2415 ineptias
3370 2362 3464 2398 ac'

1870 2468 2038 2523 nugas
2069 2453 2152 2507 bis
2175 2451 2371 2505 litteris
2398 2450 2691 2519 prodiderit
2727 2456 2887 2515 atque
2917 2439 3277 2497 contexuerit.

2554 2537 2768 2594 CXXX.

2170 2634 2441 2690 Damascii
2472 2630 2870 2687 Incredibilium
2902 2628 3021 2681 libri
3056 2642 3128 2679 Iv.

1945 2728 2092 2783 Lecti
2125 2736 2250 2782 sunt
2284 2725 2544 2778 Damascii
2575 2720 2686 2789 (τι)
2735 2720 2854 2772 libri
2907 2727 3160 2784 quatuor,
3205 2726 3435 2783 quorum

1874 2824 2087 2892 quidem
2138 2820 2342 2889 primus
2387 2818 2464 2869 sic
2505 2813 2859 2867 inscribitur:
2935 2810 3008 2862 De
3042 2806 3437 2860 incredibilibus

1876 2916 2171 2985 ﬁctionibus
2207 2914 2383 2980 capita
2421 2905 2685 2962 CCGLII.
2738 2904 2887 2958 Alter
2916 2901 3108 2956 deinde
3150 2918 3161 2952 :
3203 2897 3439 2950 Incredi-

1876 3010 2057 3063 bilittm
2093 3008 2155 3058 de
2191 3002 2462 3057 dwmoniis
2502 2998 2861 3067 narrationum
2911 2995 3083 3059 capita
3116 2988 3244 3043 LII.
3307 2989 3440 3041 Ter-

1879 3103 1983 3155 tius
2028 3112 2192 3167 porro
2224 3114 2238 3149 :
2270 3095 2344 3147 De
2395 3093 2582 3143 animis
2611 3107 2641 3141 a
2670 3098 2835 3140 morte
2863 3084 3236 3149 apparentibus
3274 3083 3442 3132 incre-

187 3178 389 3243 δόξων
418 3181 799 3251 διηγημάτων
828 3186 1119 3255 κεφάλαια
1140 3188 1175 3251 ξ
1182 3186 1247 3257 γ’,
1266 3190 1293 3241 6
1312 3190 1368 3241 δὲ
1384 3190 1640 3253 τέταρτος
1672 3192 1762 3244 καί

1874 3193 2118 3246 dibilium
2160 3187 2525 3241 narrationum
2578 3184 2752 3247 capita
2790 3176 3007 3231 LXIII.
3062 3179 3295 3241 Quartus
3325 3173 3439 3244 (:25)

190 3272 557 3339 παραδόξων
600 3277 845 3344 φύσεων
889 3281 1183 3346 κεφάλαια
1201 3288 1285 3349 ρε¹
1306 3298 1318 3311 ·
1351 3283 1408 3333 ἐν
1446 3276 1526 3344 οἷς
1567 3282 1771 3334 ἅπασιν

188 3363 287 3417 ιιι
301 3366 438 3417 οατά
454 3382 512 3417 τε
541 3369 633 3419 καὶ
651 3368 889 3423 ἀπίθανα
914 3372 1006 3423 καὶ
1034 3373 1387 3426 κακόπλαστα
1410 3391 1467 3426 τε
1476 3375 1772 3445 ρατολογή-

194 3475 342 3524 ματα
365 3458 462 3509 καὶ
483 3460 639 3527 μωρά
660 3461 753 3513 καὶ
768 3461 842 3523 ὠς
867 3462 1078 3532 ἀληθῶς
1097 3462 1223 3529 ἄξια
1244 3465 1343 3532 τῆς
1365 3464 1657 3535 ἀθεότητος
1681 3468 1773 3519 καὶ

188 3548 515 3611 δυσσεϐείας
534 3552 868 3619 Δαμασκίου,
888 3552 945 3617 ὃς
961 3555 1052 3607 καὶ
1072 3554 1164 3607 τοῦ
1182 3556 1357 3623 φωτὸς
1378 3560 1476 3626 τῆς
1492 3556 1774 3620 εὐσεϐείας

190 3640 285 3690 τὸν
308 3641 519 3708 κόσμον
542 3640 929 3710 πληρώσαντος
960 3645 1123 3706 αὐτὸς
1152 3646 1256 3697 ὑπὸ
1286 3646 1443 3713 βαθεῖ
1472 3648 1650 3715 σκότῳ
1676 3647 1774 3715 τῆς

192 3728 645 3801 εἰδωλολατρείας
672 3734 952 3787 ἐκάθευδε.
1010 3737 1407 3805 Κεφαλαιώδης
1438 3738 1493 3791 δὲ
1537 3738 1684 3809 αὐτῷ
1717 3740 1774 3791 ὲν

192 3821 412 3882 τούτοις
445 3824 473 3873 6
506 3823 684 3889 λόγος,
732 3826 825 3877 καὶ
871 3826 993 3879 οὕτε
1040 3827 1286 3897 ἄκομψος
1330 3828 1453 3882 οὔτε
1493 3829 1554 3881 τὸ
1607 3832 1777 3899 σαφὲς

192 3912 509 3984 ὑπερορῶν,
548 3916 624 3978 ὡς
649 3918 706 3969 ὲν
737 3917 1041 3988 διηγήμασι
1068 3920 1351 3984 τοιούτοις.

870 4182 1047 4236 PAA'.

207 4270 609 4340 Ἀμυντιανοῦ
660 4273 750 4335 είς
792 4272 1186 4358 ᾉλέξίινδρον
1219 4276 1327 4328 τὸν
1358 4275 1644 4339 βασιλέα,
1677 4276 1776 4329 καί

798 4359 971 4410 crepa
1009 4358 1161 4397 τινα.

280 4429 625 4502 Ἀνεγνὼσθη
643 4432 1000 4502 Ἀμυντιανοῦ
1029 4436 1132 4500 Εἰς
1160 4434 1578 4504 Ἀλέξανδρον·
1606 4454 1777 4507 προσ-

1873 3285 2107 3351 denique
2134 3299 2148 3335 :
2178 3278 2509 3333 Naturarum
2527 3276 2685 3327 etiam
2712 3269 3095 3324 incredibilium
3125 3268 3300 3329 capi'a
3320 3263 3356 3315 C
3375 3260 3434 3315 γ.

1875 3377 1930 3430 In
1966 3376 2161 3444 quibus
2208 3371 2456 3425 omnibus
2514 3366 2742 3435 plurima
2797 3362 3053 3429 reperies,
3103 3372 3222 3426 qua:
3269 3369 3440 3423 neque

1874 3469 1991 3524 ﬁeri
2033 3467 2177 3539 97a
2234 3477 2405 3533 neque
2466 3460 2611 3514 credi
2646 3456 2868 3523 possint,
2928 3452 3066 3505 male
3106 3448 3332 3503 conﬁcta
3386 3456 3441 3499 et

1875 3562 2037 3616 Stulta
2085 3557 2480 3613 mendaciorum
2533 3562 2799 3621 portenta,
2856 3547 3021 3611 impio
3072 3555 3234 3609 atque
3282 3539 3441 3592 atheo

1879 3652 2160 3706 Damascio
2210 3661 2334 3701 vere
2382 3645 2585 3713 digna:
2622 3642 2713 3709 qui
2767 3640 2891 3691 dum
2940 3635 3213 3699 Evangelii
3262 3634 3441 3685 lumen

1876 3745 2061 3799 orbem
2088 3752 2352 3795 terrarum
2385 3738 2681 3790 illustraret
2708 3732 3041 3790 universum,
3076 3728 3188 3792 ipse
3225 3726 3273 3776 in
3304 3726 3440 3775 tlen-

1878 3836 2089 3891 sissima
2116 3828 2430 3885 idololatriae
2460 3825 2691 3893 caligine
2719 3822 3004 3875 immersus
3033 3818 3224 3886 jacuit.
3257 3812 3443 3866 Brevis

1878 3942 1941 3980 ac
1970 3925 2111 3978 velut
2134 3918 2530 3989 compendiaria
2561 3918 2647 3969 hic
2679 3914 2797 3981 ejus
2838 3920 2919 3965 est
2959 3910 3155 3972 oratio,
3206 3922 3309 3960 non
3361 3906 3441 3956 in—

1878 4026 2090 4083 compta
2140 4023 2338 4073 taineu,
2381 4022 2554 4077 neque
2586 4003 3045 4073 perspicuitatem,
3092 4001 3221 4053 utin
3248 3996 3443 4049 talibus

1878 4104 2282 4161 narrationibus
2306 4100 2466 4165 solet,
2494 4097 2795 4165 negligens.

2541 4186 2777 4244 CXXXI.

1974 4289 2326 4360 Amyntianus
2359 4287 2412 4339 in
2437 4282 2795 4337 Alexandrum
2830 4276 3103 4346 Magnum,
3127 4284 3173 4327 et
3204 4271 3332 4324 alia.

1947 4448 2145 4505 Lectus
2219 4454 2307 4502 est
2368 4442 2678 4514 Amyntiani
2726 4439 2791 4492 ds
2853 4434 3141 4488 Alexandri
3200 4430 3446 4483 laudibus

194 4525 372 4588 φωνεῖ
425 4522 484 4575 δὲ
544 4525 637 4574 τὸν
690 4524 848 4591 λόγον
923 4525 1004 4594 τῷ
1061 4528 1423 4597 αὐτοκράτορι
1492 4528 1762 4597 Ῥωμαίωι

1882 4540 2028 4593 liber.
2094 4536 2320 4592 Dedicat
2362 4550 2483 4587 eum
2531 4530 2710 4584 Marco
2753 4526 3028 4580 Antonino
3079 4522 3446 4574 Romanorum

196 4612 440 4681 Μάρκῳ,
492 4614 586 4665 καὶ
634 4614 1027 4682 ἐπαγγέλλεται
1089 4618 1187 4686 μὲν
1238 4617 1398 4681 ἀξίως
1446 4621 1620 4671 εἰπεῖν
1665 4618 1773 4670 τῶν

210 4701 563 4772 Ἀλεξάνδρου
598 4706 871 4775 πράξεων,
903 4708 1112 4778 ἐδείχθη
1169 4709 1225 4761 δὲ
1264 4708 1469 4779 προῖὼν
1493 4710 1568 4773 ὡς
1600 4712 1779 4778 ἐπαγ-

197 4794 382 4862 γετλαι
411 4796 435 4824 ⁵
468 4795 566 4861 μέν
598 4797 746 4848 ἐστιν
801 4797 1063 4869 ἔνθερμος
1107 4802 1203 4853 καὶ
1230 4800 1528 4873 τολμητὴς,
1558 4802 1779 4872 πληρῶ.

200 4902 292 4937 σαι
322 4884 380 4935 δὲ
415 4885 515 4954 τὴν
554 4887 885 4954 ἐπαγγελίαν
914 4891 1119 4961 ψυχρὸς
1152 4895 1245 4944 καὶ
1274 4892 1475 4955 δειλός*
1506 4893 1643 4946 πολὺ
1670 4895 1779 4965 γὰρ

197 4977 629 5046 καταδεέστερον
681 4982 774 5033 καὶ
819 4982 924 5035 τῶν
948 4983 1256 5052 ἔμπροσθεν
1304 4987 1600 5057 εἰρηκότων
1631 4989 1777 5057 λέγει

1885 4629 2194 4698 imperatori
2228 4644 2243 4679 :
2275 4617 2639 4694 praédicatque
2669 4634 2727 4672 se
2750 4618 2889 4687 stylo
2914 4632 2999 4671 res
3034 4611 3323 4667 Alexandri
3352 4623 3447 4678 ge-

1885 4726 2000 4773 stas
2016 4727 2375 4786 mqnaturum.
2390 4720 2456 4766 At
2472 4711 2838 4780 deprehensus
2859 4716 2945 4761 est
2974 4706 3024 4758 in
3042 4702 3305 4757 orationis
3320 4714 3448 4766 pro-

1886 4826 2073 4879 gressu
2105 4808 2311 4863 calidus
2353 4806 2567 4873 quidem
2614 4810 2665 4855 et
2694 4800 2864 4852 audax
2898 4797 3213 4864 promissor,
3251 4793 3300 4842 in
3327 4805 3453 4857 pro-

1887 4902 2053 4954 misso
2100 4913 2227 4951 vero
2278 4893 2569 4963 implendo,
2629 4890 2853 4960 frigidus
2907 4898 3068 4953 atque
3131 4882 3449 4936 imbetillns.

1888 4992 2050 5046 Multo
2079 4990 2221 5045 enim
2254 4990 2307 5042 in
2339 4987 2561 5040 dicendo
2610 4984 2676 5037 iis
2722 4984 2880 5036 etiam
2934 4978 3156 5032 inferior
3208 4985 3307 5036 est,
3358 4973 3451 5039 qui

1473 5129 1706 5183 VARl/E
1758 5128 2165 5185 LECTIONES.

277 5210 387 5290 ‘_6é
418 5228 482 5278 γε
508 5228 573 5290 ap
607 5213 800 5290 habent
837 5218 882 5268 Α
913 5232 1015 5271 non
1040 5219 1225 5287 liquet.
1301 5220 1322 5250 ²
1350 5221 1549 5286 Δουκίς
1574 5240 1636 5288 ς,
1663 5225 1739 5277 sic
1770 5236 1823 5277 et
1854 5224 2015 5281 infra.
2093 5222 2114 5252 ⁸
2135 5220 2265 5290 περὶ
2288 5232 2397 5273 om.
2425 5216 2490 5270 A.
2567 5212 2589 5244 ⁸
2616 5206 2958 5279 ἐπαγγεῖλαιῖ
2990 5204 3189 5261 rectius
3216 5204 3447 5269 scripse-

204 5284 279 5337 ris
300 5283 752 5350 ἐπαγγείλασθαι.

1655 5379 1885 5434 NOTAE}.

280 5467 395 5533 (2'5)
436 5465 508 5520 Ut
537 5481 601 5520 ex
626 5466 865 5538 Luciano
903 5469 1142 5522 vicissim
1176 5469 1238 5522 Ι).
1285 5470 1541 5538 Apuleius
1572 5472 1787 5525 Madau-

205 5539 410 5660 rersis,
443 5539 637 5658 bibulas
664 5537 888 5593 Milesia:
929 5540 1147 5591 Asinum
1198 5555 1438 5595 aureum.
1501 5540 1634 5596 Vide
1672 5543 1786 5611 ejus

207 5624 260 5660 in
290 5624 452 5660 ernre
479 5622 556 5660 es.

207 5622 556 5673 interpretes.

283 5678 396 5757 {24)
444 5678 710 5757 llaiiiascii
744 5679 857 5731 sive
881 5678 1222 5757 lnijiis,_sive_
1260 5678 1501 5757 alterius,
1550 5680 1787 5757 philoso-

207 5748 629 5823 phica-qnmilam
662 5759 876 5823 cristam
904 5747 1189 5823 ’ᾼνέκδοτα
1209 5750 1263 5823 in
1288 5747 1538 5823 vaticana
1559 5750 1783 5823 Pontili-

206 5820 284 5873 (ιε
307 5819 659 5873 bibliotheca.
707 5818 883 5874 llabrs
914 5820 1037 5874 item
1078 5835 1143 5873 ex
1174 5819 1290 5887 ejus
1323 5819 1508 5875 lsidori
1544 5819 1659 5876 Vita
1687 5837 1781 5875 cx-

1887 5481 2069 5541 cerpta
2120 5470 2261 5525 infra
2296 5473 2471 5541 capita
2537 5471 2680 5534 “2,
2749 5478 2805 5524 et
2863 5467 2929 5521 de
2990 5464 3177 5518 eadem
3236 5459 3448 5530 κρίσεις

1885 5556 2001 5608 Cap.
2037 5542 2157 5596 181.
2191 5541 2353 5595 Plura
2384 5542 2603 5595 Suidas.

1957 5599 2065 5681 (25)
2099 5614 2151 5664 III
2203 5612 2390 5666 Graeco
2440 5616 2542 5682 leg.
2590 5608 3125 5682 napa665._6tqynp.
3185 5599 3450 5679 κεφάλαια

1882 5668 1982 5763 ξ’γξ
2032 5668 2173 5771 ’0,δὲ
2198 5668 2613 5753 τ.έταρτος,υ>ιαλ⁵
2652 5668 3241 5751 σξαραδόξων”ᾁῦσεων
3282 5668 3451 5737 κεφά-

1881 5770 2003 5805 ι.αια
2036 5770 2105 5823 ρε
2118 5793 2131 5807 .
