4224 6446
176 383 277 447 417

1008 381 1529 442 BIBLIOTHECA.
1560 406 1631 417 -
1666 380 1879 443 CODD.
1912 383 2587 450 CXXXII-CXXXVIII.

3319 387 3427 453 418

176 500 342 554 αὐτὸν
395 496 537 551 ἑτῶν
576 494 945 563 Ὀλυμπιάδας
1002 493 1356 562 κατατρῖψαι,
1420 494 1477 545 ὲν
1524 491 1752 560 οἰκίσκῳ
1783 494 1829 550 Α

1783 494 1829 550 Α
1857 494 2065 561 riendo,
2116 496 2310 550 multas
2348 512 2469 551 eum
2517 512 2780 552 annorum
2812 498 3160 570 Olympiadas
3185 502 3428 559 aedicula

176 588 371 642 ἑαυτὸν
397 585 813 657 καθειργνύντα,
861 584 953 635 καὶ
982 581 1267 648 λαθραῖαις
1301 582 1476 649 μίξεσι
1499 582 1559 633 τὸ
1588 596 1754 648 πονη-

178 681 269 747 ρὸν
291 681 475 730 ἐκεῖνο
506 677 672 746 τέρας
702 674 899 726 κύοντα
933 672 1083 741 μόλις
1116 672 1196 733 εις
1232 672 1345 738 φῶς
1386 671 1454 723 δι’
1478 672 1615 723 ἐτῶν
1645 672 1752 739 ἀμ-

175 770 497 837 ϐλωθρίδιον
532 767 826 837 ἐκτρῶσαι,
868 764 1089 818 θάλπειν
1118 780 1175 814 τε
1206 762 1437 827 ἐκεῖθεν,
1474 763 1567 816 καὶ⁵
1600 762 1752 831 μόλις

174 864 269 915 καὶ
299 863 489 922 αὐτοῖς
520 862 631 920 τοῖς
666 857 1010 926 συμμύσταις
1044 856 1408 909 ἐπιδεικνύναι
1436 856 1497 907 τὸ
1538 855 1749 924 κύημα,

173 953 387 1005 δεδιότα
423 952 656 1021 μάλιστα
702 949 777 1019 μή
806 966 922 1011 πως
977 950 1069 1001 καὶ
1102 948 1235 1001 αὐτὸ
1286 950 1408 1011 ταῖς
1471 948 1750 999 Βασιλείου

174 1045 333 1114 χερσὶ
370 1044 665 1112 περιπεσὺν
700 1043 739 1071 ¹¹
773 1042 901 1110 πρὶν
946 1042 979 1110 ἢ
1022 1041 1184 1107 πῆξιν
1232 1039 1417 1092 λαόεῖν
1444 1037 1749 1108 διασπασθῇ

176 1134 413 1202 καὶ,πρὸ
464 1131 557 1183 τοῦ
605 1130 838 1195 ἀνθῆσαι
891 1130 1130 1199 ξηρανθῆ
1188 1128 1364 1196 ἄωρον
1408 1126 1748 1196 ἀποφθαρὲν.

171 1226 379 1293 Διόπερ
410 1224 687 1292 ἐπιμελῶς
720 1224 811 1273 καὶ
836 1220 1022 1292 ῶσπερ
1055 1222 1083 1273 ό
1111 1220 1208 1273 τοῦ
1258 1220 1465 1291 Κρόνου
1501 1219 1667 1289 μῦθος
1692 1218 1753 1270 τὸ

174 1319 427 1385 γέννημα
491 1316 787 1368 καταπιὼν
849 1313 1085 1384 ἕκρυπτέ
1138 1332 1195 1365 τε
1234 1314 1326 1366 καὶ
1361 1313 1751 1373 συνεκάλυπτε,

177 1416 377 1482 μέχρις
417 1412 482 1463 ἀν
513 1414 546 1481 ἡ
578 1410 860 1462 Βασιλείου
892 1407 1005 1478 ζωὴ
1032 1407 1109 1477 τῷ
1142 1408 1393 1475 ὲπικήρῳ
1428 1422 1753 1475 παρατεινο-

178 1505 313 1573 μένη
368 1504 469 1571 βίῳ
497 1505 588 1553 τὸν
626 1502 788 1569 φόὸον
814 1502 1081 1553 ὲπέσειεν.
1112 1500 1267 1551 Ἐπεὶ
1290 1500 1344 1550 δὲ
1368 1502 1395 1551 ὁ
1431 1500 1573 1560 θεῖος
1612 1499 1754 1551 ἐκεῖ·

172 1612 263 1657 νος
293 1596 437 1663 ἀνὴρ
458 1596 553 1662 τὴν
584 1592 877 1662 παροικίαν
924 1590 1097 1642 λιπὼν
1140 1592 1220 1652 εἰς
1270 1591 1359 1642 τὸν
1418 1593 1616 1642 οἰκεῖον
1662 1590 1753 1642 καὶ

172 1688 437 1753 οὐράνιον
465 1684 664 1753 κλῆρον
697 1683 989 1752 ἀνέδραμε.
1007 1681 1100 1732 τοῦ
1121 1679 1316 1732 πολλοῦ
1338 1680 1587 1741 λυθέντος
1604 1679 1754 1741 δέους

173 1775 273 1842 ὀψὲ
306 1776 350 1805 ¹¹
378 1774 472 1825 τοῦ
526 1772 743 1841 καιροῦ,
794 1771 1136 1840 δημοσιεύειν
1174 1772 1216 1801 ¹³
1252 1772 1372 1823 οὐδὲ
1402 1772 1521 1823 τότε
1566 1773 1749 1835 πᾶσιν,

1861 587 2126 641 inclusum
2173 602 2285 641 suae
2321 589 2685 653 absumpsisse
2718 588 2933 653 ferunt;
2966 608 3029 646 ac
3074 594 3161 647 vix
3208 595 3423 648 tandem

1858 688 1979 747 post
2028 678 2321 731 multorum
2372 693 2633 732 annorum
2682 680 3058 745 intervallum,
3106 684 3427 737 abortiendo

1860 770 2162 837 improbum
2189 769 2337 823 illmn
2371 785 2433 822 ac
2463 770 2849 839 prodigiosum,
2877 788 3035 841 quem
3067 774 3279 828 furtivis
3294 789 3427 827 con-

1860 863 2133 931 gressibus
2180 872 2545 926 conceperat,
2611 862 2776 915 l’etum
2836 863 2887 917 in
2946 864 3119 917 lucem
3174 865 3425 931 ejecisse.

1858 954 1995 1020 Quin
2049 966 2174 1009 tunc
2215 954 2379 1009 etiam
2428 954 2683 1008 miserum
2726 954 2835 1008 illic
2876 954 3108 1009 fovendo
3170 966 3381 1024 partum
3407 994 3424 1017 .

1860 1050 1990 1117 ipsis
2016 1063 2227 1117 quoque
2270 1057 2433 1103 sectae
2477 1046 2697 1101 asseclia
2727 1062 2831 1100 non
2870 1055 3071 1101 temere
3092 1048 3428 1112 exhibuisse,

1860 1142 2086 1194 veritum
2118 1142 2369 1194 nimirum
2409 1138 2668 1202 maxime,
2706 1140 2988 1206 nequando
3033 1149 3087 1190 et
3132 1139 3234 1191 hoc
3290 1153 3427 1205 Opus

1862 1236 1912 1287 in
1944 1232 2124 1286 Basilii
2163 1248 2355 1287 manus
2400 1232 2551 1301 prius
2585 1232 2824 1294 veniens,
2865 1245 3025 1298 quam
3072 1230 3427 1292 coalesceret,

1860 1333 2217 1401 dissiparctur
2256 1371 2272 1394 ,
2328 1340 2382 1384 et
2445 1342 2732 1396 antequam
2786 1328 3044 1390 ﬂoreret,
3105 1336 3428 1395 praemature

1860 1432 2171 1489 corruptum
2222 1430 2602 1473 marcesceret.
2644 1417 2808 1487 [gitur
2839 1417 3101 1481 studiose,
3128 1415 3433 1470 velutalter

1863 1515 1913 1566 in
1949 1514 2141 1567 fabulis
2184 1513 2470 1575 Saturnus,
2515 1522 2695 1563 natnnt
2744 1509 3052 1561 devorando
3094 1510 3225 1561 texit
3268 1517 3431 1576 atque

1864 1604 2167 1666 abscondit,
2220 1605 2454 1673 quandiu
2516 1603 2730 1670 quidem
2788 1599 3016 1653 Basilius
3062 1598 3114 1651 in
3146 1598 3285 1651 lluxa
3323 1599 3427 1651 ista

1861 1695 1969 1745 vita
2011 1694 2210 1761 degens
2246 1701 2442 1745 metum
2487 1691 2774 1743 incuteret.
2819 1690 3107 1756 Postquam
3167 1704 3292 1742 vero
3348 1688 3433 1739 vir

1863 1783 1950 1835 ille
1983 1782 2220 1843 divinus,
2253 1780 2531 1849 peregrina
2560 1779 2888 1832 habitatione
2925 1778 3133 1838 relicta.
3174 1779 3225 1830 in
3248 1792 3428 1839 suam,

174 1867 312 1919 ἀλλά
349 1869 464 1927 τοῖς
481 1865 650 1930 φίλοις
676 1864 1003 1933 ἐθάρρησεν.
1040 1857 1110 1932 τῼ
1140 1863 1519 1931 περιτυχόντες
1551 1863 1757 1915 Θεόδω-
1793 1848 1833 1902 Β

1793 1848 1833 1902 Β
1876 1877 1977 1928 ltoc
2005 1884 2107 1937 est,
2147 1876 2197 1926 in
2231 1874 2501 1926 caelestem
2544 1872 2917 1939 commigravit
2954 1871 3342 1933 ltmreditatem,
3371 1878 3428 1923 et

176 1978 269 2029 PO;
298 1960 399 2010 καὶ
430 1958 728 2025 Γρηγόριος
757 1956 976 2024 Νύσσης
1003 1956 1097 2006 καὶ
1130 1954 1451 2023 Σωςρρόνιος,
1482 1948 1555 2006 ὧν
1586 1955 1755 2023 ἐμνή-

175 2053 391 2121 σθημεν
421 2049 649 2112 ἀνωθεν,
680 2049 899 2110 πολλαῖς
933 2050 1134 2111 αἰκίαις
1160 2050 1331 2116 λόγων
1381 2048 1756 2118 λωϐησάμενοι

171 2147 327 2197 οὐδὲν
359 2140 523 2214 ἧττον
552 2143 645 2195 τοῦ
683 2142 949 2212 προτέρου
985 2143 1176 2211 νεκρὸν
1210 2142 1303 2193 καὶ
1351 2140 1527 2209 πάσης
1556 2141 1756 2203 ἀπόζον

172 2240 521 2309 ἀκαθαρσίας
574 2237 651 2306 τῷ
710 2238 1067 2304 γεγεννηκότι
1136 2236 1464 2307 ἀπέρριψαν.
1524 2236 1603 2288 Τά
1658 2235 1755 2303 μὲν

171 2329 278 2382 οὖν’
291 2333 392 2398 τῆς
434 2327 688 2389 ἀσεϐείας
714 2326 884 2389 οὕτως
906 2328 1072 2380 ἔδωκε
1101 2327 1277 2397 δίκην,
1310 2329 1336 2380 ὁ
1358 2326 1413 2379 δὲ
1461 2325 1553 2378 τοῦ
1599 2326 1754 2393 λόγου

172 2422 470 2493 χαρακτὴρ
503 2422 720 2491 χάριτος
776 2422 873 2488 μὲν
907 2422 1001 2473 καὶ
1028 2421 1217 2489 ήδονῆς
1242 2418 1348 2471 οὐδ’
1374 2419 1426 2470 εῖ
1470 2436 1551 2481 τις
1608 2418 1755 2470 ἔστιν

168 2515 280 2568 οὐδ’
316 2514 361 2544 ⁸⁸
400 2516 570 2580 ἐγγὺς
600 2513 789 2580 γέγονε
828 2513 921 2563 τοῦ
948 2513 1165 2572 εἰδέναι,
1190 2513 1397 2579 κόμπον
1436 2510 1491 2562 δέ
1523 2528 1642 2562 τινα
1664 2527 1751 2561 τε-

173 2604 397 2676 ρατώδη
428 2606 523 2655 καῖ
575 2603 805 2672 δύσηχον
838 2598 969 2672 ἦχον
1009 2605 1371 2671 φιλοτιμεῖται
1419 2603 1610 2671 ψοφεῖν
1643 2605 1751 2657 τῶν

170 2715 229 2749 τε
259 2696 576 2765 συμφώνων
598 2699 664 2765 τῇ
694 2694 993 2765 ἐπαλληλίᾳ
1031 2694 1157 2765 [516
1184 2693 1273 2765 IL]
1310 2697 1402 2747 καὶ
1427 2697 1532 2747 τῶν
1557 2696 1753 2759 λέξεων

170 2797 291 2855 ταῖς
309 2784 748 2859 δυσεκφράέτοις
772 2792 864 2841 καὶ
889 2790 1333 2857 πολυσυμφώνοις
1357 2792 1451 2842 καὶ
1480 2792 1572 2843 τοῦ
1602 2809 1757 2860 ποιη-

171 2881 329 2933 τικοῦ
391 2880 587 2940 τύπου,
650 2880 683 2947 ἦ
725 2879 922 2946 μᾶλλον
969 2878 1358 2947 ἀκριϐέστερον
1417 2880 1610 2943 εἰπεῖν,
1661 2880 1753 2933 τοῦ

171 2970 576 3041 διθυραμϐικοῦ
606 2970 777 3031 εἴδους
808 2969 1226 3037 τυγχανούσαις.
1260 2970 1505 3037 Συνθήκη
1528 2988 1583 3022 τε
1608 2971 1754 3039 αὐτῷ

173 3064 586 3131 ἑκϐεὸιασμένη
617 3064 709 3114 καὶ
740 3061 1193 3129 συμπεπιεσμένη
1221 3062 1314 3113 καὶ
1362 3063 1640 3129 ἑκκροτος,
1680 3063 1755 3125 ὡς

1864 1965 2063 2030 ingenti
2091 1964 2179 2016 illo
2212 1974 2355 2017 metu
2388 1964 2650 2024 discusso,
2684 1964 2767 2014 vix
2804 1964 3017 2015 tandem
3066 1978 3189 2016 sero
3235 1962 3428 2014 edendi

1864 2056 2081 2109 advenit
2116 2055 2349 2118 occasio,
2378 2069 2443 2107 ne
2476 2064 2601 2107 tunc
2625 2053 2840 2122 quidem
2871 2053 3142 2116 omnibus,
3175 2053 3267 2107 sed
3289 2052 3427 2105 ami-

1863 2149 1941 2203 cis
1969 2151 2231 2201 duntaxat
2256 2145 2551 2218 [evulgare]
2586 2162 2745 2198 ausus
2778 2156 2877 2199 est.
2912 2144 2966 2197 lu
3005 2161 3161 2213 quem
3193 2146 3432 2199 int-iden—

1863 2252 1946 2295 tes
1988 2242 2305 2295 Theodorus
2341 2238 2455 2308 (30)
2500 2248 2555 2291 et
2604 2236 2894 2305 Gregorius
2939 2236 3230 2306 Nyssenus,
3269 2248 3434 2305 atque

1865 2334 2204 2403 Sophronias
2260 2336 2509 2402 (quorum
2565 2346 2725 2399 supra
2781 2330 2891 2399 (5i)
2928 2340 3010 2384 est
3048 2344 3076 2382 ει
3118 2346 3201 2383 me
3248 2331 3431 2384 habita

1864 2425 2110 2495 mentio),
2148 2425 2331 2477 multis
2371 2424 2656 2477 verborum
2696 2422 2887 2491 plagis,
2935 2438 3041 2474 non
3086 2437 3240 2475 secus
3267 2437 3427 2489 quam

1872 2521 2107 2588 priorem
2150 2515 2320 2588 [illum
2358 2515 2595 2582 ejusdem
2636 2512 2894 2584 libellum]
2930 2514 3202 2577 Basilius,
3262 2515 3431 2567 conli—

1864 2610 2403 2678 cientes,jngulatum
2436 2608 2545 2673 jam
2591 2617 2643 2661 et
2694 2622 2803 2676 pra:
2852 2607 3162 2674 impuritate
3204 2608 3429 2670 olidum,

1864 2704 1916 2757 in
1950 2713 2223 2756 auctorem
2256 2716 2409 2754 suum
2442 2699 2810 2765 ronjecerunt.
2840 2698 2945 2752 Has
2968 2700 3149 2768 itaque
3187 2708 3295 2751 tum
3325 2700 3429 2751 iut—

1864 2797 2039 2865 pietas
2062 2808 2252 2863 poenas
2285 2793 2451 2847 dedit.
2498 2792 2578 2845 Ad
2616 2792 2809 2861 stylum
2864 2793 3004 2857 quod
3065 2793 3277 2852 attinet,
3308 2799 3431 2844 tan-

1863 2897 1972 2939 tum
2012 2885 2057 2938 is
2108 2886 2174 2937 ab
2220 2883 2365 2937 omni
2404 2894 2454 2934 et
2485 2882 2657 2951 gratia
2707 2893 2759 2934 et
2802 2880 3141 2947 jucunditate
3193 2890 3433 2936 remotus

1862 2988 1965 3040 est,
1997 2986 2053 3029 ut
2083 2992 2148 3029 ne
2178 2976 2497 3044 cognovisse
2537 2975 2776 3042 quidem,
2826 2989 2891 3026 an
2936 2973 3039 3026 tale
3093 2974 3221 3041 quid
3250 2983 3432 3026 exsta-

1865 3081 1968 3134 ret,
2021 3069 2284 3122 videatur.
2341 3068 2661 3123 Jactantiam
2718 3065 3087 3118 l3!|l||lll“l0tl0
3146 3066 3431 3134 quamdam

174 3157 430 3223 ἀνάγκην
478 3149 616 3204 εῖναι
639 3152 715 3220 τῷ
738 3152 1163 3218 ἀναγινώσκοντι
1191 3154 1258 3203 τὰ
1290 3152 1497 3204 ἐκείνου
1532 3153 1754 3205 τύπτειν
1790 3200 1833 3257 C

1790 3200 1833 3257 ϐ
1868 3162 2169 3230 prodigiose
2214 3169 2472 3219 ostentat.
2517 3172 2814 3225 sonumque
2849 3157 3125 3210 dissonum
3158 3158 3435 3211 stridendo

176 3247 433 3315 σψοδρῶς
494 3245 585 3295 τὸν
629 3244 767 3313 ἀέρα
798 3248 908 3304 τοῖς
937 3243 1189 3312 χείλεσιν,
1229 3245 1276 3294 εὶ
1340 3245 1519 3311 μέλλοι
1554 3246 1763 3314 τρανῶς

174 3337 555 3405 ἀπαγγέλλειν
585 3337 620 3388 ἀ
652 3335 1063 3405 περιτραχύνων
1097 3337 1137 3368 ¹³
1161 3336 1255 3387 καὶ
1290 3336 1607 3405 συστρέςων
1634 3354 1762 3389 συν-

176 3432 383 3482 θλξϐων
452 3444 512 3479 τε
577 3428 673 3479 καὶ
722 3427 1119 3495 παρεμόἀλλων
1172 3429 1266 3480 καὶ
1322 3429 1755 3497 ἀκρωτηριάξων

176 3525 393 3581 ἐκεῖνος
435 3518 588 3586 μόλις
613 3518 922 3570 συνέταττε.
955 3518 1177 3585 Μακραὶ
1228 3534 1287 3569 τε
1320 3518 1490 3570 ὲνῖοτε
1522 3521 1601 3581 εἰς
1627 3520 1765 3588 ἀμε-

175 3614 337 3679 τρίαν
395 3608 635 3677 περίοδοι
683 3608 1079 3676 ὲκτεινόμεναι,
1142 3611 1236 3661 καὶ
1285 3610 1347 3661 τὸ
1401 3612 1671 3663 σκοτεινόν
1709 3628 1767 3663 τε

177 3703 275 3755 καί
304 3702 508 3769 ἄδηλον
562 3699 627 3751 δι’
655 3699 775 3750 ὅλου
833 3700 1134 3767 κεχυμένον
1168 3700 1260 3752 τοῦ
1315 3704 1765 3770 συγγράμματος,

178 3797 268 3847 ἵνα
303 3795 441 3862 δοκῇ
472 3809 531 3843 τε
563 3794 677 3854 τοῖς
718 3792 935 3853 πολλοῖς
985 3792 1215 3860 δυνάμει
1241 3793 1539 3861 δεινότητος
1568 3796 1767 3860 ἐκφεύ-

178 3904 301 3952 γειν
340 3884 524 3937 αὐτῶν
573 3884 672 3953 τὴν
711 3882 1037 3953 κατάληψιν,
1101 3885 1196 3935 καὶ
1229 3883 1351 3935 ὅσον
1402 3884 1621 3945 ἀσθενὲς
1660 3886 1766 3935 τῶν

178 3977 491 4047 νοηθέντων
520 3975 636 4043 (καὶ
673 3976 781 4044 γάρ
837 3977 953 4026 ἐστι
990 3974 1142 4042 πολὺ)
1170 3974 1247 4042 τῷ
1286 3977 1485 4043 ἀσαφεῖ
1524 3978 1617 4029 καὶ
1647 3977 1767 4027 δυσ-

180 4069 526 4137 καταλήπτῳ
587 4067 933 4129 ἐπισκιάζειν
965 4066 1068 4137 ἔχῃ
1102 4064 1230 4135 [168
1258 4063 1351 4135 IL]
1384 4066 1476 4117 xui.
1509 4067 1769 4134 κρύπτειν

180 4162 279 4227 τῆς
309 4156 551 4219 διανοίας
574 4158 641 4208 τα
668 4158 1101 4227 ἀρρωστήματα.
1152 4157 1310 4207 Δοκεῖ
1335 4155 1391 4207 δὲ
1415 4160 1507 4208 καὶ
1534 4160 1651 4209 ταῖς
1678 4157 1767 4208 λο-

179 4252 374 4317 γικαῖς
421 4247 799 4316 ὲπερείδεσθαι
846 4245 1109 4314 μεθόδοις,
1150 4244 1342 4306 ἄλλους
1383 4262 1441 4297 τε
1495 4246 1768 4319 διασύρων

180 4344 277 4394 ἐπὶ
306 4340 505 4409 τούτῳ,
534 4339 629 4392 καὶ
658 4338 819 4399 αὐτὸς
850 4336 1302 4406 προθυμούμενος
1336 4337 1433 4405 μὲν
1461 4340 1769 4409 ἁποκεχρῆ-

183 4434 313 4485 σθαι
342 4432 557 4493 τούτοις
578 4433 659 4483 ὅτι
696 4431 953 4499 μάλιστα,
1009 4428 1281 4497 ὀψιμαθὴς
1339 4428 1395 4479 δὲ
1429 4430 1531 4481 κάν
1560 4430 1769 4493 τούτοις

1866 3254 2029 3305 edere
2054 3252 2291 3315 aﬂ'ectat,
2324 3261 2433 3303 tum
2465 3250 2880 3303 consonantium
2920 3250 3122 3301 alterna
3156 3249 3433 3303 vicissitu-

1867 3344 2012 3404 dine,
2048 3354 2157 3395 tnm
2206 3341 2429 3395 vocibus
2474 3340 2819 3408 pronuntiatu
2864 3340 3187 3405 dillicilibns,
3227 3350 3281 3392 et
3314 3355 3434 3407 qua:

1868 3434 2051 3487 nmltis
2121 3432 2395 3484 abundent
2464 3429 2940 3493 consonantibus;
3003 3428 3165 3495 idque
3224 3430 3434 3497 poetico

1867 3540 2038 3587 more,
2075 3524 2179 3585 vel,
2231 3534 2288 3575 ut
2344 3523 2526 3574 verius
2560 3521 2771 3584 dicant,
2817 3520 3213 3595 ditliyratnbico
3256 3521 3433 3587 potius

1869 3617 1996 3668 ritu.
2021 3613 2353 3679 Compositio
2405 3612 2569 3678 ipsius
2591 3620 2778 3664 coacta
2810 3618 2913 3674 est,
2942 3619 2992 3662 ei
3018 3610 3065 3661 vi
3101 3624 3432 3677 compressa,

1865 3706 2009 3777 984
2056 3713 2219 3773 atque
2257 3712 2468 3767 extnsa,
2500 3711 2557 3754 nt
2597 3716 2819 3755 necesse
2851 3700 3204 3755 babeatillius
3233 3702 3434 3769 scripta

1869 3798 2069 3865 legens,
2102 3808 2278 3847 aerem
2311 3794 2657 3845 vehementer
2690 3791 2845 3846 labiis
2880 3793 3186 3852 verberare,
3207 3791 3249 3843 si
3278 3792 3437 3844 modo

1868 3896 2049 3954 aperte
2074 3884 2426 3954 pronuntiare
2449 3883 2596 3948 velit,
2618 3898 2735 3949 qua:
2759 3881 2896 3936 forte
2923 3882 3240 3935 nanciscens
3274 3890 3437 3949 atque

1868 3991 2258 4048 contorquens,
2295 3986 2386 4030 aut
2412 3976 2676 4031 collidens
2706 3976 2892 4037 etiam,
2928 3990 2990 4029 ac
3024 3985 3226 4027 temere
3265 3974 3434 4025 inter-

1868 4073 2081 4138 jiciens,
2110 4072 2219 4124 imo
2242 4079 2293 4120 et
2331 4078 2609 4133 truncans,
2640 4068 2727 4121 vix
2761 4067 2972 4120 tandem
3004 4065 3089 4119 ille
3130 4064 3433 4132 conjunxit.

1868 4162 2079 4229 Longas
2119 4173 2335 4227 quoque
2380 4158 2648 4211 interdum
2713 4165 2766 4209 et
2804 4154 3091 4207 immodice
3149 4153 3435 4221 productas

1868 4254 2115 4323 periodos
2144 4251 2271 4303 facit
2306 4248 2734 4303 :obscuritatem
2783 4248 3003 4311 insuper
3045 4254 3207 4312 atque
3253 4244 3433 4296 incer-

1870 4345 2151 4398 titudinem
2198 4356 2294 4407 per
2340 4354 2502 4393 onme
2537 4353 2670 4404 Opus
2711 4336 3162 4398 oll‘undens,cntn
3198 4334 3436 4401 utvulgu

1869 4434 2119 4487 videatur
2147 4430 2261 4497 ipsa
2292 4427 2753 4495 suat‘eloquentia:
2798 4426 2845 4478 vi
2876 4441 3064 4479 eorum
3114 4425 3270 4492 longe
3335 4439 3441 4477 ca-

179 4522 279 4573 xai.
314 4521 428 4573 οὐδ’
459 4523 536 4582 εἰς
569 4521 629 4572 τὸ
662 4515 824 4588 βλθος
866 4516 1046 4571 αὐτῶν
1090 4516 1259 4569 ἐλθὼν
1302 4518 1360 4568 ὲν
1401 4517 1611 4580 πολλοῖς
1636 4519 1765 4571 πολ·
1798 4538 1842 4591 ι)

1798 4538 1842 4591 ι)
1872 4532 2019 4590 ptum
2050 4520 2345 4584 excedere;
2378 4528 2486 4569 tum
2518 4527 2597 4581 ut,
2639 4518 2781 4583 quod
2834 4517 2883 4569 in
2931 4516 3045 4583 ejus
3075 4517 3249 4569 sensis
3271 4524 3440 4583 atque

178 4611 344 4671 λακις
372 4610 751 4678 ἐλεγχόμενος.

1866 4611 2115 4680 cogitatis
2140 4608 2464 4663 imbecillum
2506 4617 2588 4660 est
2616 4608 2695 4675 (ιιι
2721 4616 2803 4659 est
2833 4621 2960 4659 sane
2994 4606 3305 4673 plurimum)
3333 4608 3434 4659 bac

182 4710 300 4777 ipsa
337 4705 692 4769 obscuritate,
714 4713 767 4757 et
791 4702 1117 4772 intelligendi
1136 4701 1443 4757 dilﬁcultate
1468 4704 1741 4774 obtegere,
1793 4707 2179 4773 sententiaeque
2233 4705 2413 4757 celare
2467 4702 2658 4755 vitium
2718 4700 2912 4768 possit.
2956 4696 3179 4751 Videtur
3218 4712 3345 4751 vero
3381 4706 3435 4750 et

184 4798 386 4868 logicis
409 4795 565 4847 inniti
600 4794 951 4860 argumentis,
982 4793 1107 4844 dum
1136 4794 1328 4860 partim
1362 4792 1495 4847 alios
1523 4794 1626 4847 hoc
1664 4798 1879 4851 nomine
1908 4797 2230 4858 insectatur,
2290 4794 2482 4863 partim
2543 4794 2656 4859 ipse
2707 4790 3060 4843 libentissime
3111 4791 3175 4842 iis
3244 4790 3437 4851 utitur,

182 4888 405 4944 tametsi
441 4886 751 4953 frequenter
789 4896 941 4953 (cum
972 4899 1091 4938 sero
1120 4886 1220 4938 boc
1289 4885 1524 4939 studium
1583 4888 1892 4955 arripuerit.
1952 4903 2128 4957 neque
2182 4889 2245 4941 ad
2289 4886 2404 4952 ejus
2431 4885 2618 4938 intima
2650 4882 2966 4952 penetrarit)
2994 4884 3047 4936 in
3082 4884 3265 4937 multis
3293 4898 3440 4951 saepe

181 4981 390 5036 merito
426 4980 629 5030 erroris
657 4989 893 5032 notatur.

242 5069 712 5139 η’Δνεγνὼσθησαν
758 5069 814 5120 δὲ
863 5070 957 5121 καὶ
1001 5068 1351 5123 Ἐπιστολαὶ
1396 5066 1561 5121 αὐτοῦ
1618 5067 1767 5135 πρὸς

179 5163 540 5231 διαφόρους,
560 5161 720 5229 μέχρι
735 5176 899 5211 τεσσα
909 5160 1329 5229 ράκοντα.“Αλλά
1348 5162 1439 5212 καὶ
1460 5162 1515 5211 ὲν
1545 5160 1766 5220 ταύταις

179 5255 245 5307 τὸ
268 5253 402 5306 αὐτὸ
430 5253 540 5303 τῶν
569 5252 743 5319 λόγων
788 5246 922 5313 εἶδος
951 5252 1319 5322 λεπτουργῶν,
1376 5250 1650 5311 παντελῶς
1670 5249 1765 5301 τού

181 5345 295 5399 τῶν
331 5343 633 5398 ἐπιστολῶν
655 5345 999 5414 χαρακτῆρος
1046 5344 1168 5395 οὐδὲ
1205 5344 1329 5406 τοὺς
1362 5343 1556 5413 νόμους
1599 5341 1764 5395 ἀκού-

1943 5065 2196 5135 Ejusdem
2220 5079 2436 5133 quoque
2463 5061 2717 5129 Epistula:
2738 5064 2806 5113 ad
2831 5063 3001 5115 vatio:
3034 5062 3185 5116 lect:e
3210 5079 3440 5117 numero

1872 5158 2249 5225 quadraginta.
2284 5155 2350 5208 At
2382 5155 2505 5207 dum
2536 5156 2585 5205 in
2635 5154 2717 5207 his
2768 5154 2891 5206 item
2930 5155 3173 5207 eamdem
3220 5154 3435 5207 dicendi

1874 5248 2101 5302 fortnam
2131 5247 2398 5300 subtiliter
2416 5244 2653 5307 atl‘eCtat,
2673 5245 2761 5310 qui
2786 5244 3007 5297 omnino
3035 5245 3330 5312 epistolicm
3354 5245 3434 5296 di-

1871 5340 2067 5396 ctionis
2096 5355 2195 5394 nec
2222 5338 2366 5407 leges
2396 5338 2671 5391 audiverat
2702 5353 2958 5407 unquam,
2998 5352 3100 5392 nec
3147 5338 3200 5391 in
3244 5337 3435 5393 iisdem

1467 5480 1551 5532 VA
1563 5479 1703 5533 RIIE
1727 5476 2127 5533 LECTIONES.

257 5573 300 5605 "
333 5569 578 5640 ἐμπεσόν
607 5588 666 5633 ς’.
748 5572 790 5601 ⁸³
816 5570 912 5639 ὀψέ
940 5570 983 5623 Α
1010 5586 1024 5624 :
1056 5570 1143 5623 ὅτε
1176 5588 1236 5634 ς.

184 5645 230 5675 ⁸⁵
265 5642 687 5711 περιτυγχάνων
718 5657 781 5703 ς.

1315 5571 1357 5603 ¹³
1385 5570 1729 5641 δημοσιεύειν
1757 5571 1798 5624 A
1826 5588 1840 5625 :
1876 5569 1937 5621 τὸ
1972 5567 2315 5637 δημοσιεύειν
2344 5568 2587 5636 ὑπῆρχεν
2619 5583 2679 5631 ς.

2754 5566 2797 5597 ⁸⁵
2824 5564 3048 5620 alterum
3078 5562 3191 5617 οὐδ’
3220 5564 3341 5617 add.
3366 5564 3432 5617 Α.

1580 5706 1585 5711 ’
1659 5707 1892 5769 ΝΟΤΛΈ.

257 5783 377 5851 (50)
409 5781 790 5837 Antiocbcnus
818 5779 1069 5849 idemque
1101 5778 1435 5849 Mopsuestia:
1466 5779 1635 5847 episc.

1928 5777 2285 5849 (31)Cod.t,
2318 5778 2369 5842 5,
2406 5777 2458 5832 6.
