4224 6446
736 363 844 427 419

1830 358 2090 419 PHOTll
2130 353 2637 415 ΡΑΤΠΙΑΗΟΗᾸΞ
2671 352 2781 411 CP.

3879 346 3986 409 420

740 493 796 530 se
823 478 1163 535 exercuerat,
1196 470 1465 540 publicam
1502 486 1599 541 per
1636 485 1697 525 ea
1736 468 1972 522 infamia:
2008 476 2190 519 notam
2220 465 2302 516 iu-
2335 468 2379 523 Α

2335 468 2379 523 Α
2410 480 2506 525 σας
2534 464 2599 527 ¹⁶,
2633 462 2707 528 μή
2730 460 2782 510 τί
2807 475 2869 526 γε
2904 457 3110 528 τριόεὶς
3143 458 3200 508 ἐν
3233 456 3437 518 αὐτοῖς,
3468 457 3548 519 εἰς
3588 457 3653 510 τὸ
3704 458 3980 527 στηλιτευ-

742 572 934 625 currit.

1380 660 1663 714 CXXXIX.

743 756 897 808 Beati
929 754 1205 807 Athanasii
1249 756 1300 806 in
1354 753 1711 806 Ecclesiasten
1742 762 1786 801 et
1819 750 2038 803 Cantica
2072 750 2305 803 cantico-

1236 842 1347 873 runt
1376 823 1816 875 Commentarius.

818 978 942 1045 Legi
977 978 1153 1045 magni
1185 975 1464 1027 Athanasii
1504 976 1557 1026 in
1600 973 1949 1027 Ecclesiasten
2002 981 2049 1024 et
2095 970 2312 1023 Cantica

746 1071 1068 1119 canticorum
1121 1066 1587 1119 Commentarimn.
1638 1064 1880 1117 Dilucide
1936 1063 2088 1123 dicit,
2154 1072 2213 1113 ut
2263 1062 2313 1113 in

746 1160 1000 1212 Omnibus
1034 1160 1147 1211 suis
1189 1158 1427 1225 scriptis.
1476 1158 1552 1209 Ad
1589 1172 1779 1209 earum
1830 1165 2008 1208 tamen
2060 1154 2175 1223 (3‘2)
2204 1154 2319 1221 epi-

748 1251 1007 1303 stolarum
1034 1251 1258 1316 gratiam
1292 1259 1346 1301 ct
1398 1258 1769 1310 venustatem,
1807 1247 2001 1313 quibus
2045 1260 2316 1299 secessum

749 1354 973 1395 excusat
998 1358 1177 1403 suum,
1204 1356 1429 1409 qumque
1464 1342 1528 1393 ad
1562 1340 1811 1394 exsilium
1845 1340 2117 1406 pertinent
2153 1352 2321 1402 expo-

751 1436 853 1495 nit,
893 1449 1065 1502 neque
1098 1435 1183 1487 hic
1214 1435 1374 1497 liber,
1404 1448 1578 1501 neque
1608 1432 1749 1484 alius
1780 1432 1898 1501 ejus
1943 1430 2055 1502 (qui
2102 1431 2319 1499 quidem

752 1527 805 1580 in
839 1543 984 1581 meas
1012 1528 1261 1581 inciderit
1300 1527 1510 1595 manus)
1550 1526 1788 1593 attingit.

1463 1702 1620 1756 CXL.

1063 1795 1308 1864 Ejusdem
1361 1810 1549 1846 contra
1588 1794 1774 1845 Arium
1814 1792 1935 1845 libri
1969 1806 2021 1843 γ.

829 1953 978 2007 Lecti
1029 1963 1156 2005 sunt
1198 1952 1437 2018 ejusdem
1498 1952 1671 2005 sancti
1743 1950 1843 2003 viri
1911 1959 2092 2001 contra
2142 1946 2326 1999 Arium

757 2048 969 2115 ejusque
995 2048 1240 2113 dogmata
1270 2045 1390 2097 Iiltri
1428 2046 1692 2112 quinque.

834 2138 1002 2207 Hujus
1035 2141 1199 2192 dictio
1240 2138 1551 2207 perspicua,
1585 2148 1643 2190 ut
1676 2147 1727 2191 et
1754 2137 1803 2191 in
1844 2136 2055 2190 caeteris
2083 2135 2198 2201 ejus
2214 2147 2330 2186 om-

764 2232 942 2293 nibus,
968 2231 1147 2285 sobria
1180 2231 1307 2284 item
1343 2242 1395 2284 et
1421 2230 1671 2295 candida,
1695 2231 2095 2297 vehemensque
2122 2243 2184 2281 ac
2208 2240 2331 2296 pro-

762 2325 950 2387 funda,
997 2335 1052 2378 et
1102 2333 1420 2393 argumenta
1468 2324 1644 2377 Valide
1698 2335 1956 2392 torquens
1998 2340 2011 2375 :
2049 2321 2166 2389 ejus
2205 2333 2332 2373 vero

766 2417 983 2468 ubertas
1015 2416 1067 2468 in
1103 2416 1189 2468 liis
1238 2429 1300 2466 ac
1345 2414 1657 2467 fecunditas
1709 2414 2002 2467 admodum
2062 2426 2192 2464 sane
2235 2409 2335 2463 fuit

766 2508 1055 2560 mirabilis.
1092 2506 1402 2560 Dialecticis
1443 2507 1629 2559 adluec
1667 2519 1795 2558 usus
1843 2513 1926 2558 est
1979 2502 2333 2572 argumentis,

766 2614 871 2651 non
931 2599 1035 2651 illis
1093 2599 1238 2651 nude
1269 2599 1586 2667 propositis,
1618 2605 1673 2650 et
1718 2596 1961 2663 ipsismet
2008 2609 2073 2647 ex
2111 2609 2172 2648 ca
2220 2607 2336 2645 arte

768 2690 953 2757 petitis
999 2690 1221 2742 vocibus
1281 2688 1446 2757 (quod
1500 2689 1651 2756 pueri
1697 2688 2133 2753 recentioresque
2177 2685 2337 2738 disci-

767 2783 902 2849 puli,
946 2783 1260 2850 juveniliter
1292 2796 1411 2833 sese
1458 2796 1518 2833 ac
1567 2781 1801 2849 gloriose
1853 2788 2216 2839 ostentantes,
2254 2792 2341 2830 so-

770 2874 926 2940 lent),
958 2889 1143 2926 verum
1201 2873 1643 2941 philosophorum
1696 2884 1844 2923 more
1875 2909 1890 2933 ,
1951 2869 2342 2937 magniliceque

771 2966 1016 3034 prolatis,
1070 2981 1133 3018 ac
1173 2980 1269 3032 per
1322 2966 1495 3017 nudas
1544 2966 1807 3017 duntaxat
1852 2963 2123 3017 notiones.
2153 2969 2209 3013 et
2247 2961 2343 3011 has

772 3058 988 3123 quidem
1025 3058 1162 3109 bene
1195 3065 1442 3108 ornatas.
1466 3054 1647 3108 Sacrm
1682 3067 1895 3121 quoque
1930 3052 2223 3117 Scriptura:
2269 3060 2344 3102 te-

2404 554 2567 621 Οῆναι
2591 551 2861 602 διέπεσεν.

3116 640 3283 693 ΡΛΘ¹.

2420 734 2772 788 Ἀθανασίου
2801 732 2909 785 τοῦ
2932 732 3202 801 μεγάλου
3237 733 3561 798 ὑπόμνημα
3594 732 3821 801 είςίτὸν
3858 735 3991 785 Ἐκ-

2480 802 2868 870 κλησιαστὴν
2923 804 3021 855 καὶ
3066 805 3153 866 εἰς
3208 809 3278 854 τὰ
3335 805 3605 870 ’ᾼσματα
3644 800 3761 853 τῶν
3796 804 3991 870 ᾀσμά-

2480 891 2615 931 των,

2482 962 2825 1030 Ἀνεγνώσθη
2839 960 2930 1013 τοῦ
2952 960 3514 1029 μεγάλουἊΘανασίου
3534 963 3546 979 '
3562 965 3890 1031 Υπόμνημα
3908 966 3995 1027 εἰς

2415 1055 2520 1106 τὸν
2543 1054 3039 1120 Ἐκκλησιαστὴν
3061 1052 3157 1105 καὶ
3177 1056 3261 1116 είς
3285 1054 3357 1107 τὰ
3378 1055 3639 1122 ’ᾼσματα
3662 1055 3780 1106 τῶν
3802 1054 3999 1121 ᾀσμά-

2416 1147 2814 1216 των-,Σαφὴςιίτ
2854 1152 2955 1212 μέν
2985 1148 3155 1209 ἐστιν,
3182 1146 3369 1214 ὥσπερ
3401 1147 3670 1215 πανταχοῦ
3692 1148 3799 1198 τῶν
3826 1148 3999 1211 λόγων

2417 1237 2604 1301 αὑτοῦ,
2620 1240 2695 1299 εὶς
2722 1240 2904 1306 μέντοι
2931 1236 3028 1305 τὴν
3058 1238 3215 1305 χάριν
3233 1239 3327 1288 καὶ
3350 1238 3410 1289 τὸ
3428 1238 3620 1300 κάλλος
3644 1239 3751 1290 τῶν
3777 1241 3999 1289 ἐπιστο-

2419 1326 2547 1391 λῶν,
2583 1330 2639 1381 αἳ
2672 1330 2769 1394 τὴν
2802 1328 3097 1395 ἀπολογίαν
3136 1328 3282 1396 αὐτῷ
3304 1328 3405 1394 τῆς
3432 1332 3607 1399 φυγῆς
3653 1331 3749 1381 καὶ
3772 1332 3839 1381 τά
3871 1331 4003 1397 περὶ

2423 1418 2590 1487 αὐτὴν
2658 1419 3043 1488 ἐξεργάζονται
3078 1419 3143 1483 ⁸⁸,
3175 1418 3297 1471 οὕτε
3353 1419 3471 1470 τόδε
3509 1421 3569 1471 τὸ
3628 1422 3853 1489 βιῦλίον,
3887 1420 4001 1472 ἀλλ’

2423 1510 2531 1562 οὐδ’
2558 1510 2685 1563 ἄλλο
2715 1528 2788 1573 τι,
2827 1512 2928 1563 ὅσα
2950 1510 3051 1580 ἐμὲ
3083 1509 3192 1561 τῶν
3242 1509 3407 1562 αὑτοῦ
3440 1510 3660 1576 εἰδέναι,
3697 1513 3848 1564 οὐδὲν
3872 1514 4003 1563 ἁνα-

2426 1601 2652 1671 φέρεται
2690 1602 2757 1654 ’⁸.

3161 1696 3296 1747 ΡΜ’.

2362 1796 2406 1851 Β
2437 1784 2547 1838 Τοῦ
2601 1786 2787 1839 αὑτοῦ
2846 1785 2995 1839 κατὰ
3042 1784 3160 1838 τῶν
3212 1787 3316 1839 τοῦ
3340 1787 3566 1854 Ἀρείου
3624 1786 3937 1856 δογμάτων
3968 1789 4006 1856 ἠ

3016 1857 3429 1923 ππτὰϐιϐλος.

2498 1948 2840 2015 Ἀνεγνὼσθη
2874 1949 2967 2001 τοῦ
3001 1948 3167 2001 αὑτοῦ
3216 1951 3372 2016 ἁγίου
3396 1952 3429 2020 ἡ
3474 1951 3633 2003 Κατὰ
3661 1950 3880 2017 Ἀρείοι-
3909 1951 4008 2002 καί

2427 2041 2547 2095 τῶν
2562 2042 2749 2094 αὑτοῦ
2774 2041 3082 2111 δογμάτων
3106 2043 3597 2112 πεντάῶϐλοςἸὴν
3619 2046 3717 2112 μὲν
3734 2044 3779 2075 ¹⁰
3807 2044 4012 2112 φράσιν

2433 2135 2611 2203 σαφής
2642 2134 2703 2187 τέ
2732 2138 2900 2200 ἐστιν,
2928 2136 3003 2199 ὡς
3036 2138 3128 2188 καὶ
3154 2137 3211 2188 ὲν
3254 2138 3409 2200 πᾶσι,
3450 2138 3539 2188 καὶ
3593 2136 3885 2206 ἀπέριττος
3916 2137 4016 2188 καὶ

2431 2229 2659 2299 ἀφελὴς,
2693 2229 2891 2299 δριμὺς
2922 2231 2979 2284 δὲ
3011 2233 3050 2262 ²¹
3086 2231 3180 2283 καὶ
3234 2231 3399 2299 βαθὺς
3444 2232 3537 2283 καὶ
3575 2230 3695 2283 λίαν
3746 2233 3856 2293 τοῖς
3888 2232 4014 2281 ὲπι-

2433 2324 2763 2393 χειρήμαοιν
2818 2324 3053 2386 εὖτονος.
3092 2325 3199 2376 Καὶ
3230 2325 3290 2377 τὸ
3323 2324 3547 2394 γόνιμον
3578 2324 3635 2376 δὲ
3684 2325 3869 2385 αὐτοῖς
3901 2323 4013 2392 ἡλί-

2436 2433 2530 2467 κον
2600 2418 2721 2469 ὅσον
2788 2418 2883 2471 καὶ
2951 2417 3274 2487 θαυμάσιον.
3338 2419 3599 2485 Λογικαῖς
3653 2435 3712 2469 τε
3772 2415 4018 2484 μεθόδοις

2438 2505 2553 2558 οὔτι
2586 2508 2629 2537 ’⁸
2684 2508 2906 2576 γυμνῶς
2966 2511 3060 2561 καὶ
3108 2508 3215 2560 ἀπὸ
3277 2507 3385 2560 τῶν
3435 2508 3479 2537 ³³
3532 2506 3742 2559 ἐκεῖθεν
3792 2506 4017 2570 λέξεων,

2439 2599 2627 2668 ὥσπερ
2652 2601 2701 2651 οἱ
2738 2602 2927 2663 παῖδες
2953 2602 3044 2653 καὶ
3073 2602 3396 2671 ἁρτιμαοεῖς
3448 2600 3781 2671 μειρακιώδη
3809 2600 4021 2667 φιλοτι-

2446 2691 2570 2760 μίαν
2600 2690 3033 2761 ἐπιδεικνύμενοι
3090 2694 3446 2760 πράττουσιν,
3496 2692 3608 2744 ἀλλ’
3639 2691 4024 2759 ἐμφιλοσόφως

2440 2798 2498 2831 ’τε
2528 2783 2619 2832 καί
2652 2783 3082 2853 μεγαλοπρεπῶς
3114 2784 3208 2835 καὶ
3256 2786 3376 2844 ταῖς
3423 2783 3650 2844 ἐννοίαις
3688 2782 3896 2849 μόναις,
3926 2780 4025 2831 καὶ

2444 2871 2670 2934 ταύταις
2696 2874 3267 2944 διεσχηματισμέναις,
3287 2874 3683 2941 ἀποκέχρηται,
3714 2871 4021 2940 Γραφικαῖς

2447 2982 2503 3015 τε
2536 2966 2863 3033 μαρτυρίαις
2891 2966 2985 3017 καὶ
3016 2964 3354 3027 ἀποδείξεσιν
3384 2968 3464 3025 εἰς
3497 2964 3556 3014 τὸ
3589 2963 3857 3032 καρτερὸν
3887 2980 4025 3013 κατ-

2448 3057 2754 3125 ωχύρωναι.
2783 3058 2890 3108 Καὶ
2927 3057 3112 3118 ἁπλῶς
3155 3059 3315 3126 ἀρκεῖ
3361 3055 3421 3107 τὸ
3466 3055 3668 3124 βιϐλίον
3697 3054 3856 3106 τοῦτο
3883 3053 4029 3105 κατὰ

773 3149 1045 3203 stimoniis
1082 3164 1146 3201 ac
1188 3148 1330 3217 98b
1384 3146 1933 3199 demonstrationibus
1974 3145 2149 3197 valide
2196 3158 2342 3195 com-
2374 3137 2415 3193 C

2374 3137 2415 3193 C
2451 3147 2628 3215 πάσης
2657 3146 2940 3214 Ἀρειανῆς
2970 3147 3347 3216 παρατάξεως,
3378 3149 3487 3199 Καὶ
3517 3146 3668 3208 εἴτις
3700 3145 3792 3196 τὸν
3820 3144 4025 3195 Θεολό·

774 3243 1014 3293 munitur
1043 3262 1055 3295 ε
1089 3250 1142 3293 et
1175 3252 1232 3291 ut
1266 3256 1370 3292 uno
1398 3239 1562 3292 verbo
1592 3238 1890 3298 absolvam,
1918 3237 2064 3289 solus
2096 3236 2180 3287 bic
2209 3235 2345 3286 iiber

776 3333 842 3385 ad
902 3333 1266 3383 Arianismum
1320 3332 1629 3383 universum
1685 3328 2037 3381 refellendum
2102 3328 2347 3378 sullicere

774 3433 957 3489 queat.
997 3422 1107 3475 ltno
1141 3424 1230 3489 qui
1265 3422 1580 3489 Gregorium
1606 3419 1955 3486 Tbeolugum,
1996 3428 2349 3483 sanctumque

776 3512 1036 3565 Basiliqu
1086 3513 1285 3565 dixerit
1332 3527 1393 3564 ex
1454 3513 1553 3565 hoc
1618 3523 1872 3577 tanquam
1926 3507 2071 3560 fonte
2128 3508 2350 3560 haustos

776 3602 1023 3669 egregios
1066 3602 1184 3653 illos
1225 3610 1279 3653 et
1319 3601 1569 3669 limpidus
1612 3601 1870 3651 librorum
1928 3613 2153 3650 suorum
2201 3600 2349 3650 rivos

777 3701 967 3743 contra
1014 3693 1260 3743 euntdem
1287 3706 1531 3744 errorem
1581 3688 1910 3759 profudisse,
1942 3702 2075 3741 sane
2116 3704 2145 3740 a
2186 3702 2350 3756 scopo

781 3782 1000 3835 minime
1026 3782 1311 3833 abcrrarit.

1478 3873 1657 3929 CXLI.

1068 3959 1300 4012 Basiiius
1335 3959 1558 4029 Magnus
1598 3964 1651 4012 in
1686 3960 2070 4014 Hexaemeron.

853 4050 1105 4119 Legimus
1156 4052 1213 4105 Β.
1249 4052 1502 4105 Basilina:
1550 4056 1605 4105 in
1656 4070 1783 4115 opus
1833 4070 1924 4107 sex
1967 4056 2167 4107 dierum
2216 4053 2351 4122 (53),

783 4142 903 4214 [son
934 4146 997 4196 de
1030 4145 1209 4195 mutuli
1260 4144 1513 4215 fabrica].
1571 4145 2058 4198 Prwstantissimus
2100 4155 2181 4198 est
2212 4146 2262 4198 in
2293 4145 2353 4197 li-

787 4236 895 4287 bris
945 4236 1214 4288 omnibus.
1271 4235 1407 4287 Pura
1473 4237 1617 4288 enim
1678 4236 1933 4299 dictione,
1990 4237 2348 4305 signiﬁcante,

787 4327 1022 4392 propria,
1044 4336 1094 4378 ct
1114 4328 1334 4378 omnino
1357 4327 1497 4378 civili
1522 4342 1582 4379 ac
1608 4329 1952 4396 panegyrica,
1980 4329 2021 4381 si
2045 4330 2166 4393 quis
2192 4329 2350 4392 alius,

787 4416 859 4466 uti
893 4417 1035 4467 novit
1075 4435 1087 4469 :
1123 4432 1486 4483 sensuumque
1515 4419 1701 4469 ordine
1729 4434 1793 4471 ac
1816 4422 2044 4485 puritate
2061 4421 2351 4485 primus,et

787 4506 985 4557 netuini
1024 4507 1292 4558 secundus
1322 4517 1566 4573 apparet.
1594 4506 1713 4559 Jam
1751 4509 2105 4573 persuadendi
2138 4525 2351 4578 quoque

786 4598 915 4657 vim,
951 4597 1413 4665 acjucuuditatem
1439 4614 1559 4652 cum
1586 4600 2157 4667 perspicuitate’amat,
2193 4612 2353 4670 atque

789 4699 857 4739 .ta
895 4688 1007 4754 ejus
1035 4691 1148 4742 ﬂuit
1201 4693 1399 4753 oratio,
1446 4692 1600 4757 quasi
1641 4691 1802 4755 ultro,
1845 4700 2095 4760 tanquam
2141 4708 2171 4746 e
2209 4695 2354 4749 fonte

788 4781 1010 4844 rivulus,
1068 4782 1380 4833 scaturitet.
1440 4781 1918 4834 Verisimilitudine
1968 4794 2145 4836 autem
2187 4801 2355 4850 usque

787 4885 850 4920 eo
872 4882 951 4923 est
988 4887 1134 4931 usus.
1188 4875 1319 4925 utsi
1358 4874 1480 4941 quis
1524 4873 1642 4940 ejus
1690 4888 1965 4925 sermones
2025 4890 2120 4941 pro
2173 4875 2347 4927 civilis

787 4964 1046 5015 orationis
1084 4964 1327 5030 exemplo
1373 4965 1472 5017 sibi
1511 4964 1870 5030 proposuerit,
1914 4964 1964 5014 iu
2025 4966 2196 5031 iisque
2230 4980 2347 5019 sese

786 5054 1089 5107 exercuerit
1140 5054 1323 5121 (modo
1363 5068 1427 5105 ne
1475 5067 1683 5116 eorum,
1715 5067 1831 5119 qua:
1884 5053 1987 5106 huc
2042 5053 2344 5119 conferunt,

2447 3254 2540 3303 γον
2572 3238 2873 3307 Γρηγὸριον
2928 3239 3021 3290 καὶ
3062 3238 3153 3290 τὸν
3194 3240 3337 3291 θεῖον
3382 3238 3660 3289 Βασίλειον
3707 3239 3771 3288 ὲκ
3817 3234 4031 3303 ταύτης

2447 3329 2634 3399 ὥσπερ
2663 3331 2768 3381 ἀπὸ
2812 3330 2858 3360 ’⁸
2892 3331 3072 3399 πηγῆς
3104 3330 3481 3398 ἀρυσαμένους
3529 3328 3659 3397 φαίη
3708 3328 3806 3395 τῆς
3842 3327 4027 3395 βίϐλου

2449 3420 2574 3481 τοὺς
2603 3421 2801 3481 καλοὺς
2829 3421 3071 3482 ἐκείνους
3110 3420 3234 3491 [517
3274 3422 3367 3491 IL]
3394 3423 3485 3473 καὶ
3530 3422 3740 3484 διειδεῖς
3792 3422 3901 3472 τῶν
3946 3424 4029 3473 oi-

2450 3513 2611 3563 κείων
2638 3512 2808 3579 λόγων
2833 3513 2974 3564 κατὰ
2998 3514 3096 3583 τῆς
3129 3514 3337 3583 πλάνης
3366 3514 3555 3583 ῥεῦσαι
3582 3515 3887 3583 ποταμοὺς,
3925 3515 4029 3565 οὑκ

2450 3602 2540 3666 ἂν,
2569 3598 2746 3672 οἶμαι,
2779 3604 3010 3674 σφαλείη
3045 3603 3138 3656 τοῦ
3170 3604 3633 3675 παραδείγματος.

3146 3871 3327 3923 PMA'.

2522 3959 2844 4012 Βασιλείον
2877 3958 2985 4010 τοῦ
3010 3959 3279 4029 μεγάλου
3314 3963 3401 4025 εἰς
3430 3962 3542 4028 τὴν
3576 3963 3961 4031 Ἐξαήμερσν.

2536 4050 2874 4119 Ἀνεγνώσθη
2907 4050 3190 4102 Βασιλείου
3237 4051 3329 4102 τοῦ
3384 4052 3669 4105 θεσπεσίου
3697 4056 3765 4105 τά
3796 4059 3887 4119 εἰς
3916 4055 4033 4121 τὴν

2470 4140 2849 4209 Ἐξαήμερον.
2887 4142 3138 4210 ’Ἄριστος
3162 4142 3259 4209 μὲν
3278 4142 3321 4173 ⁸⁸
3355 4144 3411 4192 ἐν
3446 4145 3578 4197 πᾶσι
3610 4148 3722 4205 τοῖς
3747 4147 3913 4198 αὑτοῦ
3943 4147 4034 4197 λό-

2454 4248 2570 4297 γοις
2602 4235 2629 4283 ὁ
2672 4234 2843 4301 μέγας
2900 4232 3213 4293 Βασίλειος’
3248 4233 3390 4297 λέξει
3420 4252 3477 4286 τε
3539 4238 3645 4303 γάρ
3676 4238 3897 4307 καθαρᾷ
3937 4242 4031 4291 καὶ

2455 4325 2680 4393 εύσὴμῳ
2709 4326 2802 4376 καὶ
2839 4326 3003 4396 κυρίᾳ
3041 4328 3135 4379 καὶ
3170 4326 3307 4389 ὅλως
3358 4328 3604 4397 πολιτικῇ
3642 4332 3735 4381 καὶ
3776 4348 4030 4399 πανηγυ-

2456 4420 2582 4486 ρικῇ
2608 4417 2797 4479 δεινὸς,
2832 4418 2990 4481 εἴτις
3022 4419 3196 4482 ἄλλος,
3234 4421 3563 4488 χρήσασθαι,
3625 4425 3917 4492 νοημάτων
3972 4442 4031 4475 τε

2453 4507 2601 4570 τάξει
2638 4510 2729 4558 καὶ
2762 4510 3095 4579 καθαρότητι
3127 4513 3369 4580 πρῶτος,
3403 4514 3516 4565 ἀλλ’
3551 4516 3763 4577 οὐδενὸς
3779 4517 4031 4585 δεύτερος

2451 4599 2716 4669 ᾄδεται¹⁶¹
2739 4601 3096 4670 πιθανότητος
3123 4604 3179 4655 δὲ
3207 4605 3300 4655 καὶ
3331 4604 3659 4674 γλυκύτητος
3689 4608 3782 4658 καί
3804 4624 3869 4672 γε
3894 4609 4033 4677 λαμο

2452 4691 2723 4758 πρότητος
2750 4692 3005 4762 ἐραστὴς,
3038 4695 3129 4745 καὶ
3168 4696 3308 4763 ρἐν
3336 4695 3411 4765 τῷ
3438 4696 3600 4765 λόγῳ,
3629 4700 3722 4750 καὶ
3754 4698 3950 4770 ὥσπερ
3978 4703 4032 4766 ἐξ

2453 4781 2799 4849 αὐτοσχεδίου
2836 4784 3097 4849 πηγάζων
3153 4786 3211 4837 τὸ
3241 4789 3470 4855 ῥεῖθρον.
3523 4790 3629 4841 Καὶ
3681 4790 3756 4859 τῷ
3818 4794 4033 4860 πιθανῴ

2452 4873 2510 4924 δὲ
2555 4874 2596 4903 ’⁷
2634 4876 2724 4925 ἐπὶ
2754 4876 3004 4927 τοσοῦτον
3045 4872 3177 4945 ἧκεν
3227 4880 3697 4949 ἀποκεχρημένος,
3744 4885 3819 4941 ὡς
3868 4886 4032 4945 εἴτις

2459 4965 2739 5017 πολιτικοῦ
2795 4968 2953 5034 λόγου
3018 4969 3143 5032 τοὺς
3209 4972 3373 5024 αὐτοῦ
3432 4973 3622 5039 λόγους
3675 4976 4031 5044 παράδειγμα

2457 5060 2631 5127 ἑαυτῷ
2663 5060 2804 5129 θείη,
2861 5060 3050 5113 ἔπειτα
3103 5064 3323 5128 τούτους
3357 5064 3692 5136 ἐκμελετῲη,
3733 5069 3870 5137 μηδὲ
3926 5070 4032 5121 τῶν

2040 5171 2273 5224 νΑῐίιιιΕ
2319 5172 2721 5231 LECTIONES.

861 5267 901 5297 ’θ
930 5264 1157 5317 ἀκοῦσαι
1325 5335 1334 5341 _
1365 5265 1615 5341 "sugq;
1648 5266 1733 5341 Av:
1784 5264 1878 5315 καὶ
1904 5266 2087 5341 sufﬁt;
2112 5282 2181 5341 ις.
2230 5333 2242 5341 Δ
2286 5265 2327 5295 ¹⁸
2363 5265 2418 5341 ἀί
2441 5295 2511 5341 -—_-
2540 5268 2929 5341 ἐξεργάζονται
2954 5270 3029 5323 A:
3076 5267 3161 5333 αἷς
3193 5298 3256 5309 -
3294 5272 3647 5341 ἐξεργάζεται
3692 5292 3751 5337 ς.
3854 5274 3896 5304 ¹⁹
3927 5274 4029 5341 ἄρα

787 5337 1008 5416 φέρεται
1030 5338 1231 5416 ,φή-ὀ
1271 5335 1368 5403 μέν
1394 5339 1437 5387 Α
1459 5354 1500 5416 ~:~
1528 5337 1623 5402 μὲν
1645 5332 1855 5416 ούνις..
1903 5336 1941 5416 ἶ¹
1976 5334 2031 5385 δὲ
2060 5336 2179 5416 add.
2215 5333 2279 5386 Α.
2369 5336 2426 5416 ’ᾖ
2442 5332 2651 5416 obses;
2684 5332 2693 5334 “
2733 5340 2778 5369 ’³
2805 5341 2915 5392 τῶν
2945 5332 3165 5416 ειμι-Α.
3245 5344 3289 5375 ³³
3320 5332 3572 5399 ἀπὸᾎιιίύ.
3598 5345 3664 5397 Λ.
3700 5332 3717 5337 ⁷
3741 5344 3790 5375 ³⁵
3824 5343 3923 5413 μέν
3945 5332 4024 5397 Ᾱ;

785 5408 839 5459 δέ
875 5424 933 5469 ς.
1030 5408 1075 5436 ³⁸
1114 5406 1298 5477 ᾅδεται
1330 5423 1394 5458 an
1425 5407 1620 5458 εἴδεται
1672 5407 1862 5458 habeat.
1901 5407 1940 5456 A
1972 5420 2075 5457 non
2104 5406 2268 5474 liquet
2298 5421 2311 5456 :
2349 5406 2547 5458 εἴδεται
2575 5409 2614 5462 C
2644 5425 2658 5461 :
2692 5424 2801 5463 om.
2852 5428 2910 5473 ς.
3001 5411 3043 5441 ³⁷
3072 5412 3129 5464 δὲ
3162 5428 3271 5466 om.
3301 5413 3366 5465 A.

2271 5497 2499 5554 ΝΟΤιΕ.

858 5594 967 5664 (32)
997 5594 1173 5648 Lecta:
1202 5603 1323 5647 sunt
1356 5610 1476 5660 sup.
1512 5595 1684 5647 codic.
1708 5594 1795 5646 52.

858 5666 969 5733 (33)
1009 5666 1273 5718 Plutarchi
1311 5664 1579 5728 libellum,
1635 5664 1707 5716 De
1740 5665 2085 5715 animantium
2130 5673 2344 5725 natura,

793 5750 1035 5803 magnam
1056 5745 1260 5804 partem
1284 5735 1556 5789 aemulum.
1587 5733 1736 5789 Sicut
1763 5734 1999 5788 vicissim
2028 5735 2088 5785 Β.
2118 5735 2347 5787 Ambro-

2452 5597 2583 5719 Silis,
2612 5596 2688 5651 De
2716 5615 2869 5667 opere
2902 5613 2991 5653 sua:
3014 5600 3240 5666 dierum,
3285 5611 3574 5657 tractatum
3607 5604 3674 5658 ab
3707 5602 3809 5658 hoc
3838 5602 4033 5662 Basilio

2454 5683 2511 5719 es
2570 5680 2866 5719 mutuatus.

2454 5680 2537 5721 Csl
2570 5680 2866 5722 mutuatus.
