4224 6446
172 458 267 520 ιιι
1095 457 1620 518 BIBLIOTHECA.
1657 480 1729 494 --
1760 454 1975 515 CODD.
2006 454 2326 515 CXXXIX'
2346 454 2591 516 CXLVI.

3321 456 3427 520 49.2

172 577 248 635 εἰς
300 571 465 623 τοῦτο
519 570 923 624 συντελούντων
973 570 1223 639 δηλονότι
1276 572 1460 641 νόμων
1529 573 1755 641 ἄπειρος
1786 579 1829 631 Α

1786 579 1829 631 Α
1862 572 2285 639 prmceptiouum
2344 570 2495 623 rudis
2540 570 2655 638 sit),
2689 568 2892 623 nullum
2932 569 3095 625 alium
3144 584 3426 641 prmterea,

174 664 459 732 ὑπάρχων,
488 662 700 725 οὐδενὸς
730 662 776 695 ’⁸
829 663 990 716 αὐτὸν
1031 664 1220 735 ἐτέρου
1265 663 1555 733 δεήσεσθαι
1578 660 1754 734 οἶμαι,

177 755 295 807 οὔτε
328 754 615 817 Πλάτωνος
645 753 767 806 οὔτε
798 756 1193 825 Δημοσθένους,
1226 749 1307 819 οἷς
1335 756 1385 807 οἱ
1418 756 1635 808 παλαιοὶ
1675 758 1761 807 ἐν-

172 845 472 914 διατρίϐειν
513 846 933 914 προτρέπονται,
989 849 1069 907 εἰς
1101 844 1162 899 τὸ
1219 845 1493 899 πολιτικόν
1544 863 1604 899 τε
1661 846 1757 899 καὶ

175 938 551 1008 πανηγυρικὸν
582 930 790 1008 ῥήτορα
814 938 1087 1005 γενέσθαι.

886 1031 1041 1083 PMB’
1051 1070 1067 1085 .

566 1123 676 1176 Τοῦ
703 1122 891 1177 αὐτοῦ
942 1124 1162 1178 Ἠθικοὶ
1186 1124 1380 1192 λόγοι.

242 1217 373 1288 [I69
401 1215 497 1284 H.|
554 1216 1003 1286 Ἀνεγνώσθησαν
1047 1217 1213 1269 αὑτοῦ
1252 1216 1344 1268 καὶ
1374 1217 1423 1268 οἱ
1471 1215 1754 1287 λεγόμενοι

185 1311 412 1364 Ἠθικοὶ
444 1310 635 1376 λόγοι,
676 1311 734 1361 ἐν
770 1305 850 1371 οἷς
882 1310 1085 1362 ἅπασιν
1118 1311 1152 1379 ἡ
1177 1308 1551 1379 προειρημένη
1586 1309 1755 1378 ἀρετὴ

175 1404 279 1455 τῶν
313 1402 494 1469 λόγων
526 1400 760 1470 μάλιστα
785 1400 1146 1468 διαφαίνεται.

891 1495 1067 1548 ΡΜΡ.

606 1587 717 1643 Τοῦ
744 1586 931 1640 αὑτοῦ
974 1584 1347 1638 Ἐπιστολαί.

249 1681 663 1751 Ἀνεγνὼθησαν
682 1680 739 1732 δὲ
761 1679 925 1731 αὑτοῦ
943 1674 1421 1736 καὶἙπιστολαὶ,
1445 1674 1576 1727 αἵτε
1600 1689 1758 1725 κανο-

171 1778 322 1827 vniat
344 1777 444 1826 καὶ
475 1775 535 1825 τὸ
565 1773 694 1825 ἄλλο
727 1771 947 1841 πλῆθος,
992 1769 1057 1831 ἃς
1088 1770 1368 1838 διαφόροις
1401 1765 1717 1819 ἐπέστειλεν
1737 1780 1752 1795 ⁸

172 1868 230 1930 ἐξ
258 1860 337 1919 ὧν
365 1865 426 1917 τό
454 1882 515 1917 τε
549 1860 681 1935 ἦθός
710 1864 825 1915 ἐστι
853 1861 947 1915 τού
978 1860 1188 1931 ἀνδρὸς,
1213 1860 1397 1912 ὁποῖον
1425 1853 1492 1927 ἦν
1528 1856 1754 1923 ἀξιάγα-

1864 674 2123 731 quantum
2156 663 2373 732 quidem
2405 664 2682 724 existimo.
2727 664 3135 720 desideraturus
3181 684 3300 721 esse
3343 670 3428 723 νί-

1863 751 2092 814 deatur;
2139 767 2245 805 non
2284 753 2457 820 ipsum
2488 766 2703 819 quoque
2738 753 3036 819 Platonem,
3070 757 3182 808 sive
3238 755 3432 811 Demo-

1859 844 2271 911 stheuem,quos
2284 852 2461 896 tamen
2478 846 2767 898 versandos
2779 846 2981 915 antiqui
3001 847 3319 915 praecipiunt
3339 849 3426 916 iis,

1856 935 1948 1003 qui
1968 935 2020 987 in
2038 945 2283 991 oratores
2295 937 2481 991 civiles
2498 952 2558 990 ac
2575 937 2931 1007 panegyricos
2945 938 3174 993 evadere
3188 942 3426 1008 cupiant.

2539 1026 2743 1082 CXLII.

2254 1119 2505 1189 Ejusdem
2540 1119 2822 1174 Orationes
2851 1122 3059 1175 ethicis.

1925 1208 2179 1279 Legimus
2207 1211 2447 1280 ejusdem
2480 1223 2536 1265 et
2567 1212 2792 1265 murales
2816 1214 3080 1265 orationes
3108 1230 3126 1267 :
3156 1213 3206 1266 in
3232 1215 3431 1284 quibus

1855 1304 2110 1358 omnibus
2155 1303 2465 1373 supradicta
2515 1304 2729 1359 dicendi
2796 1306 2966 1359 virtus
3034 1308 3268 1362 maxime
3312 1308 3431 1363 elu-

1857 1396 2048 1449 cescit.

2536 1486 2761 1543 CXLIII.

2375 1578 2628 1647 Ejusdem
2660 1578 2934 1643 Epistolaz.

1930 1668 2206 1739 Leguntur
2234 1668 2481 1738 ejusdem
2533 1670 2791 1735 Epistohc
2839 1684 2962 1722 cum
2991 1670 3286 1734 canonicte,
3316 1678 3430 1726 tum

1860 1761 2098 1827 reliquae,
2137 1776 2267 1813 sane
2320 1761 2536 1821 multm.
2574 1762 2638 1812 ad
2674 1761 2853 1812 varios
2896 1762 3092 1814 missae.
3134 1761 3209 1813 Ex
3259 1761 3347 1815 IIIS
3378 1773 3434 1817 et

1861 1852 1960 1905 viri
2014 1868 2215 1917 mores,
2256 1868 2417 1921 quam
2454 1852 2757 1905 admirandi
2809 1851 3030 1915 fuerint,
3074 1851 3234 1905 facile
3264 1869 3433 1922 appa-

174 1976 317 2019 στον,
346 1931 780 2026 χαρακτηρίσαι,
841 1955 935 2006 καὶ
980 1954 1180 2005 κανόνα
1210 1950 1394 2004 λαϐεῖν
1422 1950 1488 2002 ἂν
1514 1948 1688 2011 ἄλλως
1711 1947 1756 1980 ν
1791 1931 1831 1980 Β

1791 1931 1831 1980 Β
1865 1956 1965 2007 ret,
1996 1955 2051 1998 et
2096 1961 2279 1997 norma
2334 1960 2453 1999 esse
2493 1956 2689 2013 queant
2722 1945 2787 2014 (si
2843 1944 2947 1998 alia
2985 1943 3131 1997 nulla
3158 1947 3432 2019 suppetat)

167 2068 253 2113 τις
286 2051 365 2120 μὴ
393 2048 518 2119 Em,
548 2046 955 2115 ὲπιστολιμαίου
991 2044 1335 2114 χαρακτῆρος
1364 2041 1433 2098 ³⁸.

878 2140 1051 2191 PMA'.

606 2228 717 2284 Τοῦ
748 2230 931 2281 αὐτοῦ
974 2227 1320 2293 Ἀσκητικά.

241 2322 597 2391 Ἀνεγνώσθη
622 2323 715 2373 καὶ
737 2320 804 2372 τὰ
831 2322 1175 2385 Ἀσκητικὰ,
1202 2322 1368 2390 ἤγουν
1386 2320 1429 2351 ⁸¹
1454 2320 1760 2392 ἀσκητικῆς

172 2418 458 2477 πολιτείας
486 2413 780 2482 ὑποθῆκαι,
811 2412 933 2463 καθ’
982 2412 1045 2473 Ei;
1068 2429 1151 2473 τις
1177 2412 1325 2481 βιοὺς
1364 2413 1464 2484 τὴν
1512 2415 1761 2485 οὐράνιον

170 2513 389 2578 οἰκήσει
419 2507 721 2578 βασιλείαν.
741 2506 836 2558 Ἐν
863 2506 1042 2573 μέντοι
1074 2506 1117 2535 ³³
1144 2506 1597 2576 παρηλλαγμένον
1615 2508 1762 2560 ἔστιν

176 2603 327 2665 ἰδεῖν,
361 2602 422 2651 τὸ
455 2596 761 2669 κεχρῆσθαι
793 2597 957 2650 αὐτὸν
984 2598 1289 2667 ἐμφάσεσιν
1337 2601 1394 2652 ὲν
1426 2600 1642 2662 πολλοῖς
1672 2618 1762 2654 κε-

174 2692 454 2763 φαλαίοις.

890 2784 1072 2836 PME'.

659 2872 973 2927 Ἐλλαδίου
1017 2871 1291 2936 Λεξικόν.

257 2964 608 3035 Ἀνεγνώσθη
627 2964 879 3028 Δεξικὸν
909 2965 1050 3017 κατὰ
1084 2966 1343 3032 στοιχεῖον
1360 2963 1655 3028 Ἑλλαδίου,
1685 2957 1761 3017 ὧν

177 3060 340 3127 ἴσμεν
372 3056 607 3121 λεξικῶν
662 3054 1152 3125 πολυστιχὼτατον.
1195 3056 1269 3107 Ού
1299 3055 1494 3118 λέξεων
1518 3056 1573 3107 δὲ
1602 3056 1762 3125 μόνον

173 3152 206 3218 ἡ
244 3148 574 3215 συναγωγὴ,
607 3146 719 3199 ἀλλ’
750 3148 916 3197 ἐνίοτε
967 3147 1060 3197 καὶ
1085 3146 1444 3214 κομματικῶν
1474 3164 1634 3199 τινων
1662 3165 1761 3216 χα-

1862 2039 2378 2093 conscribendarum
2413 2037 2788 2107 epistolarnm.

2528 2130 2755 2188 CXLIV.

2375 2220 2626 2290 Ejusdem
2660 2225 2915 2282 Ascetica.

1933 2312 2183 2379 Legimus
2211 2323 2265 2366 et
2292 2312 2526 2367 Ascetica
2556 2316 2688 2387 (54),
2743 2318 2842 2373 hoc
2866 2332 2947 2374 est
2972 2324 3282 2379 monasticae
3311 2326 3436 2381 vitae

1862 2408 2248 2475 praeceptioues
2300 2424 2314 2460 :
2370 2422 2433 2460 ex
2481 2424 2710 2477 quarum
2752 2412 2968 2479 quidem
3006 2426 3272 2485 przecepto
3340 2420 3433 2487 qui

1865 2500 2076 2557 vixerit.
2109 2499 2317 2552 cmlcsti
2345 2510 2492 2554 certe
2520 2517 2682 2570 regno
2709 2505 2998 2572 aliquando
3038 2510 3297 2576 potiatur.
3336 2512 3433 2569 Ilic

1864 2604 2026 2639 unum
2065 2588 2194 2639 illud
2231 2589 2507 2643 insolitum
2543 2593 2745 2653 videas,
2784 2600 2923 2663 quod
2957 2599 3008 2652 iu
3041 2599 3313 2668 plerisque
3339 2620 3434 2660 ca-

1862 2681 2063 2751 pitibus
2108 2684 2525 2738 indicationibus
2559 2685 2671 2753 (55)
2710 2688 2778 2739 sit
2810 2703 2958 2747 usos.

2545 2776 2749 2831 CXLV.

2395 2868 2627 2922 Helladii
2647 2870 2895 2926 Lexicou.

1933 2958 2061 3030 Legi
2096 2960 2325 3014 Lexicon
2354 2962 2487 3031 (ὅδ’)
2520 2962 2744 3017 Ilelladii
2798 2965 3065 3033 alpltabeti
3114 2970 3255 3022 serie
3298 2986 3432 3024 cou-

1864 3055 2150 3122 scriptum,
2208 3056 2499 3107 maximum
2532 3070 2717 3109 eorum
2762 3072 2878 3124 qum
2919 3060 3163 3112 novimus
3206 3060 3431 3117 Lexiroo

1866 3161 2002 3206 rum,
2037 3161 2142 3199 non
2181 3148 2466 3199 verborum
2499 3146 2759 3201 duntaxat
2790 3150 2838 3201 iu
2874 3164 2937 3202 eo
2959 3150 3101 3220 99a
3149 3152 3290 3206 facta
3322 3156 3432 3208 col-

178 3242 487 3311 ριεστὰτων
538 3238 712 3305 λόγων
743 3239 835 3288 καὶ
884 3240 963 3299 εἰς
996 3236 1169 3289 κώλου
1202 3238 1462 3301 πολλάκις
1514 3239 1760 3291 σύνθεσιν
1786 3261 1828 3317 C

1786 3261 1828 3317 (ς
1873 3237 2124 3301 lectione,
2154 3238 2249 3292 sed
2286 3238 2554 3293 interdum
2588 3241 2749 3293 etiam
2792 3243 3082 3296 incisormn
3122 3260 3282 3314 quam
3317 3247 3432 3302 ele-

176 3331 660 3401 ἁπαρτιζομένων.
692 3328 863 3391 Πεζοῦ
914 3329 972 3381 δὲ
1026 3328 1188 3395 λόγου
1231 3328 1348 3379 ἐστὶ
1398 3329 1458 3379 τὸ
1511 3329 1759 3382 πλεῖστον

177 3428 286 3477 τῶν
308 3426 538 3488 λέξεων,
562 3420 676 3473 ἀλλ’
700 3420 823 3488 οὐχὶ
856 3418 1159 3490 ποιητικοῦ,
1197 3418 1385 3487 ὥσπερ
1413 3420 1445 3488 ἡ
1480 3422 1759 3487 Διογενια-

177 3519 253 3588 νῷ
279 3514 653 3584 ἐκπονηοεῖσα
681 3512 913 3581 συλλογή
932 3529 945 3543 ·
977 3512 1097 3564 οὐδὲ
1122 3512 1263 3564 κατὰ
1292 3513 1472 3575 πάσας
1500 3513 1597 3574 τὰς
1632 3514 1759 3565 συλο

174 3609 354 3669 λαὸὰς
369 3608 475 3676 τὴν
503 3605 597 3657 τοῦ
624 3603 892 3672 στοιχείου
940 3602 1094 3666 τάξιν
1139 3603 1416 3670 φυλάττει,
1442 3603 1576 3655 ἀλλὰ
1622 3606 1764 3657 κατὰ

180 3703 355 3769 μόνην
371 3700 474 3766 τὴν
498 3698 792 3768 ἄρχουσαν.
820 3695 1147 3764 Πολύστιχος
1173 3695 1229 3746 δὲ
1247 3694 1418 3755 οὕτως
1446 3696 1478 3763 ἡ
1506 3694 1760 3765 συλλογὴ,

175 3793 324 3846 ὥστε
354 3789 479 3860 μηδ’
517 3790 595 3852 εἰς
625 3788 786 3841 πέντε
814 3787 1105 3856 σύμμετρα
1146 3786 1311 3855 τεύχη
1339 3787 1436 3856 τὴν
1463 3786 1591 3855 ὃλην
1624 3804 1765 3857 πρα-

178 3884 460 3953 γματείαν
500 3878 931 3948 ἀπαρτίζεσθαισ
973 3880 1135 3947 ἡμεῖς
1183 3878 1227 3929 δ’
1258 3881 1316 3929 ὲν
1352 3878 1491 3931 ἑπτὰ
1518 3878 1763 3947 τεύχεσιν

180 3978 324 4044 αὐτῇ
358 3972 704 4041 ἐνετύχομεν.
739 3969 865 4041 [3ἳο
902 3968 995 4040 IL]
1031 3970 1313 4037 Χρήσιμον
1363 3968 1420 4022 δὲ
1470 3970 1531 4021 τὺ
1560 3969 1763 4038 βιὸλιον

178 4070 294 4128 τοῖς
313 4083 378 4118 τε
410 4064 458 4097 ³⁸
499 4063 879 4131 συγγράφουσι
926 4063 1018 4112 καὶ
1048 4062 1159 4121 τοῖς
1213 4059 1386 4123 ἄλλως
1421 4060 1762 4129 πολυμαθίαν

178 4158 421 4229 τιμῶσιν
444 4172 460 4186 ’
493 4156 605 4223 ἔχει
636 4155 747 4225 γὰρ
789 4154 887 4206 καὶ
944 4152 1244 4222 μαρτυρίας
1293 4152 1537 4223 ρητόρων
1569 4170 1630 4205 τε
1669 4154 1763 4206 καὶ

179 4249 293 4303 τῶν
324 4251 407 4309 εἰς
442 4245 733 4315 ποιητικὴν
762 4246 904 4314 μέγα
928 4244 1077 4306 κλέος
1100 4245 1351 4314 ἐχόντων.

895 4510 1089 4579 PMC'.

526 4606 777 4670 Λεξικὸν
802 4604 914 4672 τῆς
948 4603 1210 4672 καθαρᾶς
1242 4604 1424 4669 ἰδέας.

269 4695 612 4765 ’Δνεγνώσθη
666 4695 920 4759 Λεξικὸν
977 4696 1119 4747 κατὰ
1175 4696 1436 4763 στοιχεῖον
1501 4693 1762 4762 καθαρᾶς

182 4785 373 4849 ἰδέας.
415 4785 575 4850 Μέγα
616 4782 714 4835 καὶ
750 4782 1070 4851 πολύστιχον
1100 4782 1160 4834 τὸ
1205 4781 1428 4851 βιϐλίον,
1461 4784 1659 4853 μᾶλλον
1705 4784 1762 4835 δὲ

180 4874 513 4937 Μλύόιὸλος
551 4876 584 4945 ή
628 4874 1001 4944 πραγματεία.
1051 4874 1161 4926 Καὶ
1192 4876 1481 4944 χρήσιμον,
1523 4878 1681 4945 εἰπερ
1710 4892 1763 4927 τι

181 4968 339 5031 ἄλλο,
400 4968 515 5029 τοῖς
557 4965 649 5018 τὸν
706 4964 1032 5035 χαρακτῆρα
1092 4967 1626 5038 μεταχειριζομένοις
1666 4967 1763 5036 τῆς

180 5057 446 5125 τοιαύτης
481 5057 644 5119 ἰδέας.

1790 4605 1839 4663 D

1864 3331 2339 3396 gnatis-simorum,
2399 3345 2517 3398 qua:
2580 3341 2634 3384 et
2688 3332 2923 3399 perfecta
2980 3336 3097 3388 cola
3152 3352 3258 3390 non
3309 3354 3433 3393 raro

1866 3421 2165 3488 adtequent.
2215 3419 2385 3476 Voces
2426 3430 2601 3476 autem
2652 3424 2778 3492 ipsa:
2827 3426 3114 3479 maximam
3162 3440 3364 3496 partem
3400 3446 3433 3486 ο

1866 3496 2042 3564 soluta
2091 3524 2216 3565 Sunt
2248 3516 2513 3578 oratione,
2553 3530 2659 3568 non
2710 3516 2920 3569 eVincla
2958 3521 3216 3583 numeris,
3247 3522 3434 3589 quales

1866 3604 2027 3658 habet
2059 3604 2371 3673 Diogeniaui
2403 3608 2522 3674 t56)
2559 3608 2824 3661 collectio.
2870 3608 2978 3664 Nec
3008 3611 3133 3664 item
3168 3614 3251 3665 hic
3282 3616 3431 3668 ordi-

1865 3712 1985 3749 nent
2012 3697 2283 3760 alpltabeti
2313 3714 2407 3767 per
2439 3700 2676 3767 singulas
2703 3702 2939 3753 servavit
2962 3701 3221 3771 syllabas,
3253 3705 3347 3758 sed
3378 3706 3430 3760 in

1866 3784 1981 3852 ipso
2035 3786 2293 3839 duntaxat
2351 3788 2594 3841 vocabuli
2644 3789 2928 3858 principio.
2998 3790 3052 3845 In
3107 3792 3430 3849 itmuensum

1865 3877 2021 3946 plane
2070 3882 2240 3931 crevit
2286 3880 2406 3943 haec
2438 3883 2738 3948 congeries,
2777 3891 2835 3935 ut
2876 3897 2973 3937 nec
3007 3882 3245 3952 quinque
3270 3887 3432 3955 justis

1865 3967 2229 4023 voluminibus
2282 3984 2417 4037 opus
2456 3970 2726 4038 integrum
2785 3974 3050 4028 contineri
3094 3986 3258 4044 queat
3286 3993 3433 4043 ;rnos

1866 4060 1994 4113 illud
2031 4061 2083 4113 in
2124 4071 2329 4129 septem
2359 4062 2589 4116 divisum
2633 4074 2813 4132 partes
2846 4066 2984 4118 nacti
3025 4081 3231 4122 sumus.
3282 4068 3433 4123 Scri-

1864 4152 2117 4205 bcntibus
2143 4167 2273 4205 sane
2314 4154 2560 4221 perutilis
2586 4153 2745 4217 liber,
2786 4154 2984 4225 quique
3015 4156 3219 4210 variam
3254 4174 3431 4213 rerum

1863 4238 2230 4308 cognitionem
2292 4254 2694 4297 causectantur.
2733 4243 2864 4297 Nam
2890 4253 2945 4297 et
2972 4256 3248 4299 oratorum
3281 4250 3435 4300 adbi-

1864 4333 1955 4386 bet
1986 4332 2315 4397 testimonia,
2358 4345 2407 4389 et
2457 4349 2643 4389 eorum
2692 4346 2985 4401 pneterea,
3018 4338 3108 4407 qui
3143 4342 3195 4392 in
3222 4340 3432 4407 poetica

1865 4438 2115 4493 magnam
2146 4433 2274 4477 sunt
2302 4424 2513 4497 laudem
2546 4427 2847 4481 consecuti.

2530 4514 2762 4568 CXLVI.

2338 4602 2565 4658 Lext'cou
2614 4624 2760 4674 pura:
2797 4608 2948 4664 idem.

1935 4693 2162 4747 Lexicou
2192 4695 2294 4761 legi
2334 4696 2467 4749 idea
2490 4712 2634 4764 pum
2655 4696 2955 4750 litterarum
2972 4699 3184 4753 ordine.
3209 4698 3431 4769 Magnus

1864 4796 1918 4839 et
1950 4787 2036 4839 hic
2068 4786 2226 4851 liber,
2258 4798 2318 4840 ut
2341 4788 2493 4841 multi
2522 4789 2719 4856 potius,
2748 4804 2906 4856 quam
2936 4807 3075 4844 unus
3100 4807 3222 4846 esse
3250 4794 3431 4847 videa-

1869 4889 1978 4932 tur.
2024 4877 2179 4932 Utilis
2233 4886 2434 4946 autem,
2466 4880 2509 4933 si
2544 4881 2666 4949 quis
2712 4880 2882 4946 alius,
2920 4881 2986 4936 iis
3028 4891 3136 4950 est,
3168 4884 3259 4953 qui
3292 4886 3433 4939 hanc

1866 4970 2041 5024 idcum
2070 4980 2323 5025 tractant.

1440 5173 1675 5229 VARIE
1709 5174 2114 5231 LECTIONES.

221 5273 269 5305 ⁸³
300 5271 517 5331 οὐδενος
540 5270 581 5322 Α
615 5286 629 5323 :
673 5269 767 5322 καὶ
798 5268 1010 5331 οὐδενός
1044 5285 1103 5332 ς’.

1185 5269 1465 5344 ²⁹λᾶλλως]
1500 5271 1657 5325 ἄλλον
1682 5270 2055 5344 Casaubonus.
2133 5272 2178 5303 ³⁸
2217 5272 2655 5344 επιστολιμαίους
2674 5270 3024 5344 χαρακτῆρας
3052 5287 3114 5336 ς.
3188 5272 3232 5303 ³⁸
3264 5272 3432 5342 ἤγουν

182 5361 296 5398 om.
325 5347 393 5396 Δ.
473 5341 519 5373 ⁸⁸
548 5340 606 5392 ἓν
638 5338 844 5411 μέντοι]
877 5342 933 5392 ἐν
963 5340 1060 5408 μὲν
1088 5341 1199 5402 τοῖς
1229 5340 1294 5394 Α.
1371 5342 1417 5373 ³³
1443 5338 1504 5395 τε
1531 5355 1584 5396 et
1615 5343 1752 5395 infra
1781 5343 1928 5394 ἐστιν
1957 5342 2082 5396 add.
2114 5344 2179 5399 A.

1727 5458 1957 5516 ΝΟΤᾸΞ.

256 5547 373 5625 (Si)
396 5548 583 5625 Qu_a:a
624 5548 805 5625 [multis
836 5550 1122 5625 Eustathio
1148 5553 1479 5625 Sebastiensi
1507 5555 1760 5623 episcopo
1859 5566 2090 5625 quatuor
2146 5567 2396 5623 excerpta
2465 5555 2629 5609 habes
2684 5552 2808 5609 iufr.
2868 5553 2987 5607 cod.
3053 5552 3202 5625 279.
3271 5569 3429 5625 quem

182 5619 350 5693 tribui
405 5618 573 5672 refert
624 5618 849 5693 Niceplt.
906 5621 1001 5676 lib.
1042 5637 1118 5686 ιι,
1174 5638 1294 5691 cap.
1325 5624 1426 5689 10,
1467 5618 1759 5681 σι’ῐυτευε
1858 5618 2175 5693 scriptorem
2206 5618 2432 5680 forsitan
2485 5628 2775 5678 iudicatum
2826 5625 2993 5678 voluit
3056 5618 3321 5691 Stephan.
3376 5623 3428 5677 iu

179 5692 280 5745 lib.
318 5704 441 5749 xm.
471 5704 590 5757 cap.
620 5689 712 5745 29.

258 5759 720 5827 (55)“Εμφάσεσι,
756 5776 873 5828 quae
902 5771 1113 5815 summa
1148 5764 1392 5830 quedam
1429 5766 1604 5832 capita
1632 5777 1758 5821 sunt

180 5832 546 5897 qmrstionum
583 5832 797 5884 brevius
825 5843 911 5883 aut
942 5832 1116 5885 fusius
1155 5834 1576 5889 tractaudarum.

1859 5697 2122 5765 Βηρυτὸς.
2159 5696 2313 5749 Plura
2351 5700 2416 5749 tle
2459 5711 2525 5749 eo
2560 5693 2776 5747 Suidas.

1926 5759 2038 5833 (56)
2070 5766 2261 5820 Libros
2292 5768 2412 5819 huic
2453 5765 2503 5827 5,
2550 5766 2782 5818 redactis
2829 5764 2878 5815 in
2916 5759 3429 5833 compendiumj‘wf)

1855 5848 1909 5889 et
1935 5829 1989 5899 5',
2018 5829 2281 5907 Pamphili
2314 5836 2596 5907 cujusdam
2624 5836 2690 5889 de
2717 5834 2992 5889 vocabulis
3016 5846 3202 5901 opere,
3236 5829 3425 5884 tribuit

259 5900 393 5967 (35⁸)
428 5899 679 5968 Ejusdem
729 5900 954 5957 IIclladii
986 5902 1452 5973 Χρηστομαθειῶν
1496 5906 1753 5961 librorum
1859 5907 2011 5962 Suid.
