  <div class='ocr_page' id='page_1' title='image "/cluster/home/n/w/nwhite01/storage/ocr_20150623/103/nnc1.0046979689/221.png"; bbox 0 0 4224 6446; ppageno 0'>
   <div class='ocr_carea' id='block_1_1' title="bbox 750 416 852 479">
    <p class='ocr_par' dir='ltr' id='par_1_1' title="bbox 750 416 852 479">
     <span class='ocr_line' id='line_1_1' title="bbox 750 416 852 479; baseline -0.01 0"><span class='ocrx_word' id='word_1_1' title='bbox 750 416 852 479; x_wconf 76' lang='grc' dir='ltr'><strong>42Ἱ</strong></span> 
     </span>
    </p>
   </div>
   <div class='ocr_carea' id='block_1_2' title="bbox 1924 409 2868 473">
    <p class='ocr_par' dir='ltr' id='par_1_2' title="bbox 1924 409 2868 473">
     <span class='ocr_line' id='line_1_2' title="bbox 1924 409 2868 473; baseline 0.003 -3"><span class='ocrx_word' id='word_1_2' title='bbox 1924 409 2187 471; x_wconf 77' lang='grc' dir='ltr'><strong>ΡΗΟΤΙΙ</strong></span> <span class='ocrx_word' id='word_1_3' title='bbox 2218 410 2493 471; x_wconf 70' lang='grc' dir='ltr'><strong>ΡΑΤΠΙΛ</strong></span> <span class='ocrx_word' id='word_1_4' title='bbox 2504 413 2722 472; x_wconf 75' lang='lat' dir='ltr'><strong>RCII/E</strong></span> <span class='ocrx_word' id='word_1_5' title='bbox 2761 414 2868 473; x_wconf 81' lang='lat' dir='ltr'><strong>CP.</strong></span> 
     </span>
    </p>
   </div>
   <div class='ocr_carea' id='block_1_3' title="bbox 3902 417 4013 482">
    <p class='ocr_par' dir='ltr' id='par_1_3' title="bbox 3902 417 4013 482">
     <span class='ocr_line' id='line_1_3' title="bbox 3902 417 4013 482; baseline 0.018 -1"><span class='ocrx_word' id='word_1_6' title='bbox 3902 417 4013 482; x_wconf 75' lang='grc'><strong>428</strong></span> 
     </span>
    </p>
   </div>
   <div class='ocr_carea' id='block_1_4' title="bbox 749 524 2336 599">
    <p class='ocr_par' dir='ltr' id='par_1_4' title="bbox 749 524 2325 596">
     <span class='ocr_line' id='line_1_4' title="bbox 749 524 2325 596; baseline -0.005 -11"><span class='ocrx_word' id='word_1_7' title='bbox 749 536 1142 596; x_wconf 76' lang='lat' dir='ltr'><strong>nuncupatum,</strong></span> <span class='ocrx_word' id='word_1_8' title='bbox 1196 525 1279 579; x_wconf 82' lang='lat' dir='ltr'><strong>cui</strong></span> <span class='ocrx_word' id='word_1_9' title='bbox 1333 524 1567 580; x_wconf 83' lang='lat' dir='ltr'><strong>titulus:</strong></span> <span class='ocrx_word' id='word_1_10' title='bbox 1604 524 1680 579; x_wconf 88' lang='lat' dir='ltr'><strong>De</strong></span> <span class='ocrx_word' id='word_1_11' title='bbox 1727 524 1901 579; x_wconf 77' lang='lat' dir='ltr'><strong>dubiis</strong></span> <span class='ocrx_word' id='word_1_12' title='bbox 1953 528 2095 591; x_wconf 76' lang='lat' dir='ltr'><strong>apud</strong></span> <span class='ocrx_word' id='word_1_13' title='bbox 2141 524 2325 578; x_wconf 85' lang='lat' dir='ltr'><strong>Plato—</strong></span> 
     </span>
    </p>
   </div>
   <div class='ocr_carea' id='block_1_5' title="bbox 2432 524 4014 599">
    <p class='ocr_par' dir='ltr' id='par_1_5' title="bbox 2432 527 4014 599">
     <span class='ocr_line' id='line_1_5' title="bbox 2432 527 4014 599; baseline 0.006 -24"><span class='ocrx_word' id='word_1_14' title='bbox 2432 527 2921 596; x_wconf 81' lang='grc' dir='ltr'><em>προσφωνούμενον</em></span> <span class='ocrx_word' id='word_1_15' title='bbox 2954 528 3412 597; x_wconf 76' lang='grc' dir='ltr'><em>σπουδασμάτιον,</em></span> <span class='ocrx_word' id='word_1_16' title='bbox 3458 528 3486 579; x_wconf 73' lang='grc' dir='ltr'><strong>ὃ</strong></span> <span class='ocrx_word' id='word_1_17' title='bbox 3536 530 3673 596; x_wconf 71' lang='grc' dir='ltr'><em>Περὶ</em></span> <span class='ocrx_word' id='word_1_18' title='bbox 3711 527 3829 583; x_wconf 82' lang='grc' dir='ltr'><em>τῶν</em></span> <span class='ocrx_word' id='word_1_19' title='bbox 3850 534 4014 599; x_wconf 74' lang='grc' dir='ltr'><em>παρὰ</em></span> 
     </span>
    </p>
   </div>
   <div class='ocr_carea' id='block_1_6' title="bbox 745 616 2319 685">
    <p class='ocr_par' dir='ltr' id='par_1_6' title="bbox 745 616 2319 685">
     <span class='ocr_line' id='line_1_6' title="bbox 745 616 2319 685; baseline -0.003 -12"><span class='ocrx_word' id='word_1_20' title='bbox 745 638 861 675; x_wconf 70' lang='lat' dir='ltr'><strong>nem</strong></span> <span class='ocrx_word' id='word_1_21' title='bbox 911 621 1140 674; x_wconf 74' lang='lat' dir='ltr'><strong>vocibus.</strong></span> <span class='ocrx_word' id='word_1_22' title='bbox 1195 617 1397 671; x_wconf 92' lang='lat' dir='ltr'><strong>llorum</strong></span> <span class='ocrx_word' id='word_1_23' title='bbox 1454 616 1755 672; x_wconf 91' lang='lat' dir='ltr'><strong>libellorum</strong></span> <span class='ocrx_word' id='word_1_24' title='bbox 1802 617 1845 670; x_wconf 92' lang='lat' dir='ltr'><strong>si</strong></span> <span class='ocrx_word' id='word_1_25' title='bbox 1896 617 2016 685; x_wconf 86' lang='lat' dir='ltr'><strong>quis</strong></span> <span class='ocrx_word' id='word_1_26' title='bbox 2059 617 2319 670; x_wconf 81' lang='lat' dir='ltr'><strong>vocabula</strong></span> 
     </span>
    </p>
   </div>
   <div class='ocr_carea' id='block_1_7' title="bbox 744 708 2319 778">
    <p class='ocr_par' dir='ltr' id='par_1_7' title="bbox 744 708 2319 778">
     <span class='ocr_line' id='line_1_7' title="bbox 744 708 2319 778; baseline -0.004 -13"><span class='ocrx_word' id='word_1_27' title='bbox 744 714 797 766; x_wconf 90' lang='lat' dir='ltr'><strong>in</strong></span> <span class='ocrx_word' id='word_1_28' title='bbox 848 727 1010 764; x_wconf 91' lang='lat' dir='ltr'><strong>unum</strong></span> <span class='ocrx_word' id='word_1_29' title='bbox 1062 709 1349 763; x_wconf 80' lang='lat' dir='ltr'><strong>conferens</strong></span> <span class='ocrx_word' id='word_1_30' title='bbox 1395 718 1709 778; x_wconf 90' lang='lat' dir='ltr'><strong>componat,</strong></span> <span class='ocrx_word' id='word_1_31' title='bbox 1746 710 2188 778; x_wconf 86' lang='lat' dir='ltr'><strong>compositasque</strong></span> <span class='ocrx_word' id='word_1_32' title='bbox 2224 708 2319 761; x_wconf 87' lang='lat' dir='ltr'><strong>Ti-</strong></span> 
     </span>
    </p>
   </div>
   <div class='ocr_carea' id='block_1_8' title="bbox 744 799 2321 870">
    <p class='ocr_par' dir='ltr' id='par_1_8' title="bbox 744 799 2321 870">
     <span class='ocr_line' id='line_1_8' title="bbox 744 799 2321 870; baseline -0.003 -15"><span class='ocrx_word' id='word_1_33' title='bbox 744 819 879 856; x_wconf 66' lang='lat' dir='ltr'><strong>ntteo</strong></span> <span class='ocrx_word' id='word_1_34' title='bbox 907 802 1196 863; x_wconf 90' lang='lat' dir='ltr'><strong>addiderit,</strong></span> <span class='ocrx_word' id='word_1_35' title='bbox 1224 800 1269 853; x_wconf 90' lang='lat' dir='ltr'><strong>is</strong></span> <span class='ocrx_word' id='word_1_36' title='bbox 1299 814 1432 853; x_wconf 83' lang='lat' dir='ltr'><strong>sane</strong></span> <span class='ocrx_word' id='word_1_37' title='bbox 1465 813 1715 870; x_wconf 75' lang='lat' dir='ltr'><strong>magnam</strong></span> <span class='ocrx_word' id='word_1_38' title='bbox 1750 799 1988 853; x_wconf 75' lang='lat' dir='ltr'><strong>Platonis</strong></span> <span class='ocrx_word' id='word_1_39' title='bbox 2029 799 2321 853; x_wconf 80' lang='lat' dir='ltr'><strong>lectoribus</strong></span> 
     </span>
    </p>
   </div>
   <div class='ocr_carea' id='block_1_9' title="bbox 744 894 1330 951">
    <p class='ocr_par' dir='ltr' id='par_1_9' title="bbox 744 894 1330 951">
     <span class='ocr_line' id='line_1_9' title="bbox 744 894 1330 951; baseline -0.002 -2"><span class='ocrx_word' id='word_1_40' title='bbox 744 898 1031 951; x_wconf 81' lang='lat' dir='ltr'><strong>utilitatem</strong></span> <span class='ocrx_word' id='word_1_41' title='bbox 1070 894 1330 950; x_wconf 86' lang='lat' dir='ltr'><strong>attulerit.</strong></span> 
     </span>
    </p>
   </div>
   <div class='ocr_carea' id='block_1_10' title="bbox 1452 1074 1628 1129">
    <p class='ocr_par' dir='ltr' id='par_1_10' title="bbox 1452 1074 1628 1129">
     <span class='ocr_line' id='line_1_10' title="bbox 1452 1074 1628 1129; baseline -0.006 0"><span class='ocrx_word' id='word_1_42' title='bbox 1452 1074 1628 1129; x_wconf 78' lang='lat' dir='ltr'><strong>CLVI.</strong></span> 
     </span>
    </p>
   </div>
   <div class='ocr_carea' id='block_1_11' title="bbox 815 1166 2251 1289">
    <p class='ocr_par' dir='ltr' id='par_1_11' title="bbox 815 1166 2251 1289">
     <span class='ocr_line' id='line_1_11' title="bbox 815 1166 2251 1289; baseline -0.003 -68"><span class='ocrx_word' id='word_1_43' title='bbox 815 1169 1063 1221; x_wconf 78' lang='lat' dir='ltr'><strong>Dorothci</strong></span> <span class='ocrx_word' id='word_1_44' title='bbox 1099 1170 1161 1221; x_wconf 85' lang='lat' dir='ltr'><strong>de</strong></span> <span class='ocrx_word' id='word_1_45' title='bbox 1199 1168 1770 1289; x_wconf 50' lang='lat' dir='ltr'><strong>vocibuslegtfrnorum</strong></span> <span class='ocrx_word' id='word_1_46' title='bbox 1805 1182 1949 1219; x_wconf 77' lang='lat' dir='ltr'><strong>more</strong></span> <span class='ocrx_word' id='word_1_47' title='bbox 1981 1166 2251 1233; x_wconf 76' lang='lat' dir='ltr'><strong>usurpatis</strong></span> 
     </span>
     <span class='ocr_line' id='line_1_12' title="bbox 1441 1241 1645 1289; baseline 0 0"><span class='ocrx_word' id='word_1_48' title='bbox 1441 1241 1455 1289; x_wconf 73' lang='grc' dir='ltr'><strong><em>ἱ</em></strong></span> <span class='ocrx_word' id='word_1_49' title='bbox 1493 1256 1518 1289; x_wconf 82' lang='grc' dir='ltr'><strong>ε</strong></span> <span class='ocrx_word' id='word_1_50' title='bbox 1544 1241 1645 1289; x_wconf 73' lang='grc' dir='ltr'><em>[ιιι.</em></span> 
     </span>
    </p>
   </div>
   <div class='ocr_carea' id='block_1_12' title="bbox 1441 1241 1645 1292">
    <p class='ocr_par' dir='ltr' id='par_1_12' title="bbox 1441 1241 1645 1292">
     <span class='ocr_line' id='line_1_13' title="bbox 1441 1241 1645 1292; baseline 0.015 -3"><span class='ocrx_word' id='word_1_51' title='bbox 1441 1241 1645 1292; x_wconf 82' lang='lat' dir='ltr'><strong>ibellm.</strong></span> 
     </span>
    </p>
   </div>
   <div class='ocr_carea' id='block_1_13' title="bbox 819 1329 2323 1386">
    <p class='ocr_par' dir='ltr' id='par_1_13' title="bbox 819 1329 2323 1386">
     <span class='ocr_line' id='line_1_14' title="bbox 819 1329 2323 1386; baseline -0.002 -1"><span class='ocrx_word' id='word_1_52' title='bbox 819 1333 1013 1386; x_wconf 87' lang='lat' dir='ltr'><strong>Lectus</strong></span> <span class='ocrx_word' id='word_1_53' title='bbox 1063 1332 1261 1386; x_wconf 86' lang='lat' dir='ltr'><strong>ibidem</strong></span> <span class='ocrx_word' id='word_1_54' title='bbox 1315 1329 1618 1383; x_wconf 79' lang='lat' dir='ltr'><strong>llorotheus</strong></span> <span class='ocrx_word' id='word_1_55' title='bbox 1664 1329 1741 1381; x_wconf 84' lang='lat' dir='ltr'><strong>De</strong></span> <span class='ocrx_word' id='word_1_56' title='bbox 1798 1339 2133 1383; x_wconf 73' lang='lat' dir='ltr'><strong>externorum</strong></span> <span class='ocrx_word' id='word_1_57' title='bbox 2180 1346 2323 1382; x_wconf 86' lang='lat' dir='ltr'><strong>more</strong></span> 
     </span>
    </p>
   </div>
   <div class='ocr_carea' id='block_1_14' title="bbox 745 1423 2320 1491">
    <p class='ocr_par' dir='ltr' id='par_1_14' title="bbox 745 1423 2320 1491">
     <span class='ocr_line' id='line_1_15' title="bbox 745 1423 2320 1491; baseline -0.003 -12"><span class='ocrx_word' id='word_1_58' title='bbox 745 1428 1014 1491; x_wconf 77' lang='lat' dir='ltr'><strong>usurpatis</strong></span> <span class='ocrx_word' id='word_1_59' title='bbox 1072 1426 1313 1486; x_wconf 77' lang='lat' dir='ltr'><strong>vocibus,</strong></span> <span class='ocrx_word' id='word_1_60' title='bbox 1372 1423 1641 1489; x_wconf 84' lang='lat' dir='ltr'><strong>alphabeti</strong></span> <span class='ocrx_word' id='word_1_61' title='bbox 1704 1423 1930 1485; x_wconf 86' lang='lat' dir='ltr'><strong>ordine;</strong></span> <span class='ocrx_word' id='word_1_62' title='bbox 1991 1425 2133 1491; x_wconf 91' lang='lat' dir='ltr'><strong>quod</strong></span> <span class='ocrx_word' id='word_1_63' title='bbox 2196 1426 2320 1477; x_wconf 89' lang='lat' dir='ltr'><strong>item</strong></span> 
     </span>
    </p>
   </div>
   <div class='ocr_carea' id='block_1_15' title="bbox 747 1513 1977 1582">
    <p class='ocr_par' dir='ltr' id='par_1_15' title="bbox 747 1513 1977 1582">
     <span class='ocr_line' id='line_1_16' title="bbox 747 1513 1977 1582; baseline -0.003 -13"><span class='ocrx_word' id='word_1_64' title='bbox 747 1517 1092 1570; x_wconf 84' lang='lat' dir='ltr'><strong>utilissimum</strong></span> <span class='ocrx_word' id='word_1_65' title='bbox 1122 1528 1245 1569; x_wconf 90' lang='lat' dir='ltr'><strong>esse</strong></span> <span class='ocrx_word' id='word_1_66' title='bbox 1271 1513 1532 1567; x_wconf 87' lang='lat' dir='ltr'><strong>studiosis</strong></span> <span class='ocrx_word' id='word_1_67' title='bbox 1563 1527 1698 1582; x_wconf 89' lang='lat' dir='ltr'><strong>opus</strong></span> <span class='ocrx_word' id='word_1_68' title='bbox 1732 1524 1977 1582; x_wconf 78' lang='lat' dir='ltr'><strong>apparet.</strong></span> 
     </span>
    </p>
   </div>
   <div class='ocr_carea' id='block_1_16' title="bbox 1415 1694 1617 1748">
    <p class='ocr_par' dir='ltr' id='par_1_16' title="bbox 1415 1694 1617 1748">
     <span class='ocr_line' id='line_1_17' title="bbox 1415 1694 1617 1748; baseline -0.01 0"><span class='ocrx_word' id='word_1_69' title='bbox 1415 1694 1617 1748; x_wconf 86' lang='lat' dir='ltr'><strong>CLVII.</strong></span> 
     </span>
    </p>
   </div>
   <div class='ocr_carea' id='block_1_17' title="bbox 1264 1785 1801 1841">
    <p class='ocr_par' dir='ltr' id='par_1_17' title="bbox 1264 1785 1801 1841">
     <span class='ocr_line' id='line_1_18' title="bbox 1264 1785 1801 1841; baseline 0.004 -2"><span class='ocrx_word' id='word_1_70' title='bbox 1264 1785 1499 1839; x_wconf 76' lang='lat' dir='ltr'><strong>Mmridis</strong></span> <span class='ocrx_word' id='word_1_71' title='bbox 1534 1787 1801 1841; x_wconf 78' lang='lat' dir='ltr'><strong>Atticista.</strong></span> 
     </span>
    </p>
   </div>
   <div class='ocr_carea' id='block_1_18' title="bbox 819 1878 2401 1949">
    <p class='ocr_par' dir='ltr' id='par_1_18' title="bbox 819 1878 2401 1949">
     <span class='ocr_line' id='line_1_19' title="bbox 819 1878 2401 1949; baseline 0.001 -17"><span class='ocrx_word' id='word_1_72' title='bbox 819 1878 1017 1932; x_wconf 89' lang='lat' dir='ltr'><strong>Lectus</strong></span> <span class='ocrx_word' id='word_1_73' title='bbox 1064 1879 1128 1930; x_wconf 90' lang='lat' dir='ltr'><strong>ad</strong></span> <span class='ocrx_word' id='word_1_74' title='bbox 1180 1881 1292 1931; x_wconf 71' lang='lat' dir='ltr'><strong>lure</strong></span> <span class='ocrx_word' id='word_1_75' title='bbox 1359 1879 1520 1931; x_wconf 87' lang='lat' dir='ltr'><strong>etiam</strong></span> <span class='ocrx_word' id='word_1_76' title='bbox 1582 1879 1823 1931; x_wconf 76' lang='lat' dir='ltr'><strong>Mteridis</strong></span> <span class='ocrx_word' id='word_1_77' title='bbox 1876 1878 1988 1947; x_wconf 72' lang='grc'><strong>(42)</strong></span> <span class='ocrx_word' id='word_1_78' title='bbox 2031 1880 2275 1933; x_wconf 79' lang='lat' dir='ltr'><strong>Atticista</strong></span> <span class='ocrx_word' id='word_1_79' title='bbox 2306 1894 2322 1933; x_wconf 90' lang='lat'><strong><em>:</em></strong></span> <span class='ocrx_word' id='word_1_80' title='bbox 2355 1890 2401 1949; x_wconf 75' lang='grc' dir='ltr'><strong>Β</strong></span> 
     </span>
    </p>
   </div>
   <div class='ocr_carea' id='block_1_19' title="bbox 747 1970 2130 2043">
    <p class='ocr_par' dir='ltr' id='par_1_19' title="bbox 747 1970 2130 2043">
     <span class='ocr_line' id='line_1_20' title="bbox 747 1970 2130 2043; baseline -0.001 -18"><span class='ocrx_word' id='word_1_81' title='bbox 747 1974 836 2043; x_wconf 86' lang='lat' dir='ltr'><strong>qui</strong></span> <span class='ocrx_word' id='word_1_82' title='bbox 874 1972 1088 2030; x_wconf 83' lang='lat' dir='ltr'><strong>libellus</strong></span> <span class='ocrx_word' id='word_1_83' title='bbox 1120 1984 1175 2025; x_wconf 89' lang='lat' dir='ltr'><strong>et</strong></span> <span class='ocrx_word' id='word_1_84' title='bbox 1211 1973 1323 2039; x_wconf 85' lang='lat' dir='ltr'><strong>ipse</strong></span> <span class='ocrx_word' id='word_1_85' title='bbox 1355 1970 1655 2022; x_wconf 88' lang='lat' dir='ltr'><strong>litterarum</strong></span> <span class='ocrx_word' id='word_1_86' title='bbox 1690 1971 1830 2025; x_wconf 90' lang='lat' dir='ltr'><strong>serie</strong></span> <span class='ocrx_word' id='word_1_87' title='bbox 1866 1971 2130 2024; x_wconf 82' lang='lat' dir='ltr'><strong>decurrit.</strong></span> 
     </span>
    </p>
   </div>
   <div class='ocr_carea' id='block_1_20' title="bbox 1419 2062 1650 2117">
    <p class='ocr_par' dir='ltr' id='par_1_20' title="bbox 1419 2062 1650 2117">
     <span class='ocr_line' id='line_1_21' title="bbox 1419 2062 1650 2117; baseline 0.009 -2"><span class='ocrx_word' id='word_1_88' title='bbox 1419 2062 1650 2117; x_wconf 79' lang='lat' dir='ltr'><strong>CLVIII.</strong></span> 
     </span>
    </p>
   </div>
   <div class='ocr_carea' id='block_1_21' title="bbox 822 2154 2255 2224">
    <p class='ocr_par' dir='ltr' id='par_1_21' title="bbox 822 2154 2255 2224">
     <span class='ocr_line' id='line_1_22' title="bbox 822 2154 2255 2224; baseline -0.001 -14"><span class='ocrx_word' id='word_1_89' title='bbox 822 2156 1111 2224; x_wconf 78' lang='lat' dir='ltr'><strong>Pliryniclti</strong></span> <span class='ocrx_word' id='word_1_90' title='bbox 1140 2154 1302 2207; x_wconf 74' lang='grc' dir='ltr'><em>Αιγιὺὶ</em></span> <span class='ocrx_word' id='word_1_91' title='bbox 1335 2156 1630 2220; x_wconf 80' lang='lat' dir='ltr'><strong>Apparatus</strong></span> <span class='ocrx_word' id='word_1_92' title='bbox 1662 2156 1885 2206; x_wconf 81' lang='lat' dir='ltr'><strong>oratorii</strong></span> <span class='ocrx_word' id='word_1_93' title='bbox 1916 2155 2035 2206; x_wconf 81' lang='lat' dir='ltr'><strong>libri</strong></span> <span class='ocrx_word' id='word_1_94' title='bbox 2069 2170 2255 2209; x_wconf 76' lang='lat' dir='ltr'><strong>xxxw.</strong></span> 
     </span>
    </p>
   </div>
   <div class='ocr_carea' id='block_1_22' title="bbox 820 2330 2332 2401">
    <p class='ocr_par' dir='ltr' id='par_1_22' title="bbox 820 2330 2332 2401">
     <span class='ocr_line' id='line_1_23' title="bbox 820 2330 2332 2401; baseline -0.001 -16"><span class='ocrx_word' id='word_1_95' title='bbox 820 2331 945 2401; x_wconf 76' lang='lat' dir='ltr'><strong>Legi</strong></span> <span class='ocrx_word' id='word_1_96' title='bbox 1002 2331 1298 2400; x_wconf 81' lang='lat' dir='ltr'><strong>Phrynichi</strong></span> <span class='ocrx_word' id='word_1_97' title='bbox 1356 2330 1470 2400; x_wconf 69' lang='grc'><strong>(43)</strong></span> <span class='ocrx_word' id='word_1_98' title='bbox 1526 2331 1711 2385; x_wconf 85' lang='lat' dir='ltr'><strong>Arabii</strong></span> <span class='ocrx_word' id='word_1_99' title='bbox 1764 2330 2007 2384; x_wconf 82' lang='lat' dir='ltr'><strong>Oratorit&#39;</strong></span> <span class='ocrx_word' id='word_1_100' title='bbox 2045 2342 2332 2400; x_wconf 77' lang='lat' dir='ltr'><strong>apparatus</strong></span> 
     </span>
    </p>
   </div>
   <div class='ocr_carea' id='block_1_23' title="bbox 751 2421 2333 2491">
    <p class='ocr_par' dir='ltr' id='par_1_23' title="bbox 751 2421 2333 2491">
     <span class='ocr_line' id='line_1_24' title="bbox 751 2421 2333 2491; baseline -0.001 -14"><span class='ocrx_word' id='word_1_101' title='bbox 751 2425 920 2477; x_wconf 84' lang='lat' dir='ltr'><strong>libros</strong></span> <span class='ocrx_word' id='word_1_102' title='bbox 961 2439 1055 2477; x_wconf 82' lang='lat' dir='ltr'><strong>sex</strong></span> <span class='ocrx_word' id='word_1_103' title='bbox 1102 2434 1156 2477; x_wconf 91' lang='lat' dir='ltr'><strong>et</strong></span> <span class='ocrx_word' id='word_1_104' title='bbox 1209 2423 1451 2491; x_wconf 77' lang='lat' dir='ltr'><strong>triginta.</strong></span> <span class='ocrx_word' id='word_1_105' title='bbox 1507 2421 1766 2477; x_wconf 89' lang='lat' dir='ltr'><strong>Collectio</strong></span> <span class='ocrx_word' id='word_1_106' title='bbox 1801 2432 1885 2475; x_wconf 90' lang='lat' dir='ltr'><strong>est</strong></span> <span class='ocrx_word' id='word_1_107' title='bbox 1928 2437 2119 2475; x_wconf 80' lang='lat' dir='ltr'><strong>vocum</strong></span> <span class='ocrx_word' id='word_1_108' title='bbox 2169 2435 2333 2490; x_wconf 86' lang='lat' dir='ltr'><strong>atque</strong></span> 
     </span>
    </p>
   </div>
   <div class='ocr_carea' id='block_1_24' title="bbox 754 2516 2333 2584">
    <p class='ocr_par' dir='ltr' id='par_1_24' title="bbox 754 2516 2333 2584">
     <span class='ocr_line' id='line_1_25' title="bbox 754 2516 2333 2584; baseline 0 -16"><span class='ocrx_word' id='word_1_109' title='bbox 754 2516 1077 2579; x_wconf 88' lang='lat' dir='ltr'><strong>mcisorum,</strong></span> <span class='ocrx_word' id='word_1_110' title='bbox 1131 2516 1233 2570; x_wconf 85' lang='lat' dir='ltr'><strong>etsi</strong></span> <span class='ocrx_word' id='word_1_111' title='bbox 1281 2531 1348 2568; x_wconf 78' lang='lat' dir='ltr'><strong>ex</strong></span> <span class='ocrx_word' id='word_1_112' title='bbox 1394 2516 1479 2569; x_wconf 77' lang='lat' dir='ltr'><strong>his</strong></span> <span class='ocrx_word' id='word_1_113' title='bbox 1528 2516 1731 2583; x_wconf 88' lang='lat' dir='ltr'><strong>aliqua,</strong></span> <span class='ocrx_word' id='word_1_114' title='bbox 1779 2530 1898 2584; x_wconf 63' lang='lat' dir='ltr'><strong>quae</strong></span> <span class='ocrx_word' id='word_1_115' title='bbox 1941 2517 2193 2569; x_wconf 91' lang='lat' dir='ltr'><strong>nimirum</strong></span> <span class='ocrx_word' id='word_1_116' title='bbox 2239 2531 2333 2568; x_wconf 78' lang='lat' dir='ltr'><strong>ve-</strong></span> 
     </span>
    </p>
   </div>
   <div class='ocr_carea' id='block_1_25' title="bbox 751 2608 2335 2675">
    <p class='ocr_par' dir='ltr' id='par_1_25' title="bbox 751 2608 2335 2675">
     <span class='ocr_line' id='line_1_26' title="bbox 751 2608 2335 2675; baseline 0 -15"><span class='ocrx_word' id='word_1_117' title='bbox 751 2616 931 2669; x_wconf 87' lang='lat' dir='ltr'><strong>nuste,</strong></span> <span class='ocrx_word' id='word_1_118' title='bbox 964 2618 1020 2660; x_wconf 90' lang='lat' dir='ltr'><strong>et</strong></span> <span class='ocrx_word' id='word_1_119' title='bbox 1061 2623 1186 2659; x_wconf 91' lang='lat' dir='ltr'><strong>cum</strong></span> <span class='ocrx_word' id='word_1_120' title='bbox 1226 2608 1468 2659; x_wconf 79' lang='lat' dir='ltr'><strong>novitate</strong></span> <span class='ocrx_word' id='word_1_121' title='bbox 1501 2622 1607 2659; x_wconf 90' lang='lat' dir='ltr'><strong>non</strong></span> <span class='ocrx_word' id='word_1_122' title='bbox 1643 2608 1958 2660; x_wconf 72' lang='lat' dir='ltr'><strong>indecenter</strong></span> <span class='ocrx_word' id='word_1_123' title='bbox 1992 2608 2132 2659; x_wconf 88' lang='lat' dir='ltr'><strong>dicta</strong></span> <span class='ocrx_word' id='word_1_124' title='bbox 2172 2617 2335 2675; x_wconf 89' lang='lat' dir='ltr'><strong>atque</strong></span> 
     </span>
    </p>
   </div>
   <div class='ocr_carea' id='block_1_26' title="bbox 751 2696 2334 2765">
    <p class='ocr_par' dir='ltr' id='par_1_26' title="bbox 751 2696 2334 2765">
     <span class='ocr_line' id='line_1_27' title="bbox 751 2696 2334 2765; baseline 0.001 -14"><span class='ocrx_word' id='word_1_125' title='bbox 751 2699 1047 2765; x_wconf 90' lang='lat' dir='ltr'><strong>composita</strong></span> <span class='ocrx_word' id='word_1_126' title='bbox 1096 2696 1268 2759; x_wconf 81' lang='lat' dir='ltr'><strong>fuere,</strong></span> <span class='ocrx_word' id='word_1_127' title='bbox 1305 2699 1371 2751; x_wconf 87' lang='lat' dir='ltr'><strong>ad</strong></span> <span class='ocrx_word' id='word_1_128' title='bbox 1414 2699 1655 2751; x_wconf 88' lang='lat' dir='ltr'><strong>membra</strong></span> <span class='ocrx_word' id='word_1_129' title='bbox 1695 2700 1858 2752; x_wconf 89' lang='lat' dir='ltr'><strong>etiam</strong></span> <span class='ocrx_word' id='word_1_130' title='bbox 1902 2699 2109 2764; x_wconf 79' lang='lat' dir='ltr'><strong>integra</strong></span> <span class='ocrx_word' id='word_1_131' title='bbox 2141 2711 2334 2753; x_wconf 80' lang='lat' dir='ltr'><strong>cxten-</strong></span> 
     </span>
    </p>
   </div>
   <div class='ocr_carea' id='block_1_27' title="bbox 752 2790 2337 2859">
    <p class='ocr_par' dir='ltr' id='par_1_27' title="bbox 752 2790 2337 2859">
     <span class='ocr_line' id='line_1_28' title="bbox 752 2790 2337 2859; baseline 0.002 -17"><span class='ocrx_word' id='word_1_132' title='bbox 752 2794 967 2843; x_wconf 90' lang='lat' dir='ltr'><strong>dantur.</strong></span> <span class='ocrx_word' id='word_1_133' title='bbox 1003 2790 1205 2844; x_wconf 80' lang='lat' dir='ltr'><strong>Horum</strong></span> <span class='ocrx_word' id='word_1_134' title='bbox 1239 2790 1495 2859; x_wconf 79' lang='lat' dir='ltr'><strong>pleraque</strong></span> <span class='ocrx_word' id='word_1_135' title='bbox 1530 2803 1583 2844; x_wconf 88' lang='lat' dir='ltr'><strong>et</strong></span> <span class='ocrx_word' id='word_1_136' title='bbox 1620 2792 1670 2843; x_wconf 92' lang='lat' dir='ltr'><strong>in</strong></span> <span class='ocrx_word' id='word_1_137' title='bbox 1710 2790 1936 2843; x_wconf 89' lang='lat' dir='ltr'><strong>IIelladii</strong></span> <span class='ocrx_word' id='word_1_138' title='bbox 1977 2790 2337 2845; x_wconf 85' lang='lat' dir='ltr'><strong>Collectaneis</strong></span> 
     </span>
    </p>
   </div>
   <div class='ocr_carea' id='block_1_28' title="bbox 752 2880 2336 2950">
    <p class='ocr_par' dir='ltr' id='par_1_28' title="bbox 752 2880 2336 2950">
     <span class='ocr_line' id='line_1_29' title="bbox 752 2880 2336 2950; baseline 0 -18"><span class='ocrx_word' id='word_1_139' title='bbox 752 2881 991 2949; x_wconf 82' lang='lat' dir='ltr'><strong>reperias</strong></span> <span class='ocrx_word' id='word_1_140' title='bbox 1028 2880 1190 2935; x_wconf 78' lang='lat' dir='ltr'><strong>licet:</strong></span> <span class='ocrx_word' id='word_1_141' title='bbox 1221 2883 1314 2932; x_wconf 88' lang='lat' dir='ltr'><strong>sed</strong></span> <span class='ocrx_word' id='word_1_142' title='bbox 1348 2896 1409 2933; x_wconf 86' lang='lat' dir='ltr'><strong>ea</strong></span> <span class='ocrx_word' id='word_1_143' title='bbox 1445 2882 1645 2950; x_wconf 90' lang='lat' dir='ltr'><strong>passim</strong></span> <span class='ocrx_word' id='word_1_144' title='bbox 1689 2882 1759 2934; x_wconf 89' lang='lat' dir='ltr'><strong>ibi</strong></span> <span class='ocrx_word' id='word_1_145' title='bbox 1800 2880 1851 2933; x_wconf 92' lang='lat' dir='ltr'><strong>in</strong></span> <span class='ocrx_word' id='word_1_146' title='bbox 1885 2890 2034 2932; x_wconf 83' lang='lat' dir='ltr'><strong>vasta</strong></span> <span class='ocrx_word' id='word_1_147' title='bbox 2079 2881 2163 2932; x_wconf 90' lang='lat' dir='ltr'><strong>illa</strong></span> <span class='ocrx_word' id='word_1_148' title='bbox 2206 2895 2336 2933; x_wconf 80' lang='lat' dir='ltr'><strong>con-</strong></span> 
     </span>
    </p>
   </div>
   <div class='ocr_carea' id='block_1_29' title="bbox 753 2974 2335 3043">
    <p class='ocr_par' dir='ltr' id='par_1_29' title="bbox 753 2974 2335 3043">
     <span class='ocr_line' id='line_1_30' title="bbox 753 2974 2335 3043; baseline -0.001 -17"><span class='ocrx_word' id='word_1_149' title='bbox 753 2977 898 3041; x_wconf 70' lang='lat' dir='ltr'><strong>gerie</strong></span> <span class='ocrx_word' id='word_1_150' title='bbox 940 2976 1181 3043; x_wconf 88' lang='lat' dir='ltr'><strong>dispersa</strong></span> <span class='ocrx_word' id='word_1_151' title='bbox 1209 2976 1411 3042; x_wconf 74' lang='lat' dir='ltr'><strong>iacent,</strong></span> <span class='ocrx_word' id='word_1_152' title='bbox 1448 2978 1533 3030; x_wconf 90' lang='lat' dir='ltr'><strong>hic</strong></span> <span class='ocrx_word' id='word_1_153' title='bbox 1575 2992 1703 3029; x_wconf 72' lang='lat' dir='ltr'><strong>vero</strong></span> <span class='ocrx_word' id='word_1_154' title='bbox 1742 2976 1898 3029; x_wconf 87' lang='lat' dir='ltr'><strong>simul</strong></span> <span class='ocrx_word' id='word_1_155' title='bbox 1936 2976 1983 3027; x_wconf 92' lang='lat' dir='ltr'><strong>id</strong></span> <span class='ocrx_word' id='word_1_156' title='bbox 2021 2990 2191 3042; x_wconf 78' lang='lat' dir='ltr'><strong>genus</strong></span> <span class='ocrx_word' id='word_1_157' title='bbox 2226 2974 2335 3027; x_wconf 86' lang='lat' dir='ltr'><strong>col-</strong></span> 
     </span>
    </p>
   </div>
   <div class='ocr_carea' id='block_1_30' title="bbox 753 3067 2334 3136">
    <p class='ocr_par' dir='ltr' id='par_1_30' title="bbox 753 3067 2334 3136">
     <span class='ocr_line' id='line_1_31' title="bbox 753 3067 2334 3136; baseline 0.002 -21"><span class='ocrx_word' id='word_1_158' title='bbox 753 3067 911 3122; x_wconf 82' lang='lat' dir='ltr'><strong>lecta.</strong></span> <span class='ocrx_word' id='word_1_159' title='bbox 949 3068 1177 3131; x_wconf 83' lang='lat' dir='ltr'><strong>Quando</strong></span> <span class='ocrx_word' id='word_1_160' title='bbox 1211 3078 1263 3120; x_wconf 90' lang='lat' dir='ltr'><strong>et</strong></span> <span class='ocrx_word' id='word_1_161' title='bbox 1299 3067 1603 3136; x_wconf 80' lang='lat' dir='ltr'><strong>Phrynicho</strong></span> <span class='ocrx_word' id='word_1_162' title='bbox 1639 3068 1760 3119; x_wconf 88' lang='lat' dir='ltr'><strong>talia</strong></span> <span class='ocrx_word' id='word_1_163' title='bbox 1799 3081 2092 3135; x_wconf 81' lang='lat' dir='ltr'><strong>congerere</strong></span> <span class='ocrx_word' id='word_1_164' title='bbox 2137 3081 2334 3134; x_wconf 88' lang='lat' dir='ltr'><strong>propo-</strong></span> 
     </span>
    </p>
   </div>
   <div class='ocr_carea' id='block_1_31' title="bbox 753 3156 2328 3225">
    <p class='ocr_par' dir='ltr' id='par_1_31' title="bbox 753 3156 2328 3225">
     <span class='ocr_line' id='line_1_32' title="bbox 753 3156 2328 3225; baseline -0.002 -16"><span class='ocrx_word' id='word_1_165' title='bbox 753 3158 914 3210; x_wconf 90' lang='lat' dir='ltr'><strong>situm</strong></span> <span class='ocrx_word' id='word_1_166' title='bbox 966 3156 1087 3218; x_wconf 82' lang='lat' dir='ltr'><strong>fuit,</strong></span> <span class='ocrx_word' id='word_1_167' title='bbox 1128 3168 1183 3209; x_wconf 92' lang='lat' dir='ltr'><strong>et</strong></span> <span class='ocrx_word' id='word_1_168' title='bbox 1232 3156 1527 3219; x_wconf 64' lang='lat' dir='ltr'><strong>llrlladius,</strong></span> <span class='ocrx_word' id='word_1_169' title='bbox 1570 3159 1611 3210; x_wconf 88' lang='lat' dir='ltr'><strong>si</strong></span> <span class='ocrx_word' id='word_1_170' title='bbox 1660 3158 1789 3225; x_wconf 91' lang='lat' dir='ltr'><strong>quid</strong></span> <span class='ocrx_word' id='word_1_171' title='bbox 1836 3156 2165 3222; x_wconf 72' lang='lat' dir='ltr'><strong>huiusmodi,</strong></span> <span class='ocrx_word' id='word_1_172' title='bbox 2204 3157 2328 3206; x_wconf 86' lang='lat' dir='ltr'><strong>dum</strong></span> 
     </span>
    </p>
   </div>
   <div class='ocr_carea' id='block_1_32' title="bbox 2435 618 4019 691">
    <p class='ocr_par' dir='ltr' id='par_1_32' title="bbox 2435 618 4019 691">
     <span class='ocr_line' id='line_1_33' title="bbox 2435 618 4019 691; baseline 0.003 -20"><span class='ocrx_word' id='word_1_173' title='bbox 2435 619 2705 671; x_wconf 69' lang='grc' dir='ltr'><em>Πλάτωνι</em></span> <span class='ocrx_word' id='word_1_174' title='bbox 2758 620 3188 689; x_wconf 82' lang='grc' dir='ltr'><strong>ἀπορουμένων</strong></span> <span class='ocrx_word' id='word_1_175' title='bbox 3222 622 3453 683; x_wconf 71' lang='grc' dir='ltr'><em>λέξεων</em></span> <span class='ocrx_word' id='word_1_176' title='bbox 3484 622 3801 691; x_wconf 74' lang='grc' dir='ltr'><strong>ἐπιγράφει.</strong></span> <span class='ocrx_word' id='word_1_177' title='bbox 3834 618 3934 676; x_wconf 81' lang='grc' dir='ltr'><em>Ὧν</em></span> <span class='ocrx_word' id='word_1_178' title='bbox 3961 626 4019 676; x_wconf 80' lang='grc' dir='ltr'><em>εἴ</em></span> 
     </span>
    </p>
   </div>
   <div class='ocr_carea' id='block_1_33' title="bbox 2429 710 4015 779">
    <p class='ocr_par' dir='ltr' id='par_1_33' title="bbox 2429 710 4015 779">
     <span class='ocr_line' id='line_1_34' title="bbox 2429 710 4015 779; baseline 0.004 -20"><span class='ocrx_word' id='word_1_179' title='bbox 2429 726 2511 771; x_wconf 82' lang='grc' dir='ltr'><strong>τις</strong></span> <span class='ocrx_word' id='word_1_180' title='bbox 2550 712 2648 771; x_wconf 73' lang='grc' dir='ltr'><em>τὰς</em></span> <span class='ocrx_word' id='word_1_181' title='bbox 2704 710 2877 773; x_wconf 81' lang='grc' dir='ltr'><strong>λέξεις</strong></span> <span class='ocrx_word' id='word_1_182' title='bbox 2926 713 3006 773; x_wconf 81' lang='grc' dir='ltr'><em>εἰς</em></span> <span class='ocrx_word' id='word_1_183' title='bbox 3040 712 3097 762; x_wconf 85' lang='grc' dir='ltr'><em>ἓν</em></span> <span class='ocrx_word' id='word_1_184' title='bbox 3134 712 3454 779; x_wconf 84' lang='grc' dir='ltr'><em>συναγάγοι,</em></span> <span class='ocrx_word' id='word_1_185' title='bbox 3508 715 3885 766; x_wconf 83' lang='grc' dir='ltr'><em>συνεντὰσσων</em></span> <span class='ocrx_word' id='word_1_186' title='bbox 3916 716 4015 766; x_wconf 73' lang='grc' dir='ltr'><strong>καὶ</strong></span> 
     </span>
    </p>
   </div>
   <div class='ocr_carea' id='block_1_34' title="bbox 2428 801 4015 873">
    <p class='ocr_par' dir='ltr' id='par_1_34' title="bbox 2428 801 4015 873">
     <span class='ocr_line' id='line_1_35' title="bbox 2428 801 4015 873; baseline 0.004 -23"><span class='ocrx_word' id='word_1_187' title='bbox 2428 801 2525 860; x_wconf 69' lang='grc' dir='ltr'><em>τὰς</em></span> <span class='ocrx_word' id='word_1_188' title='bbox 2554 802 2901 868; x_wconf 78' lang='grc' dir='ltr'><em>συνηγμένας</em></span> <span class='ocrx_word' id='word_1_189' title='bbox 2920 802 3583 873; x_wconf 79' lang='grc' dir='ltr'><em>Τιμαίῳ,ἀπηρτισμένην</em></span> <span class='ocrx_word' id='word_1_190' title='bbox 3619 804 3719 872; x_wconf 83' lang='grc' dir='ltr'><em>τὴν</em></span> <span class='ocrx_word' id='word_1_191' title='bbox 3747 805 4015 872; x_wconf 76' lang='grc' dir='ltr'><em>ὠφέλειαν</em></span> 
     </span>
    </p>
   </div>
   <div class='ocr_carea' id='block_1_35' title="bbox 2431 893 4013 962">
    <p class='ocr_par' dir='ltr' id='par_1_35' title="bbox 2431 893 4013 962">
     <span class='ocr_line' id='line_1_36' title="bbox 2431 893 4013 962; baseline 0.003 -19"><span class='ocrx_word' id='word_1_192' title='bbox 2431 893 2765 962; x_wconf 64' lang='grc' dir='ltr'><em>παράσχοιδθ</em></span> <span class='ocrx_word' id='word_1_193' title='bbox 2814 896 2928 957; x_wconf 83' lang='grc' dir='ltr'><em>τοῖς</em></span> <span class='ocrx_word' id='word_1_194' title='bbox 2980 897 3047 947; x_wconf 68' lang='grc' dir='ltr'><em>τὰ</em></span> <span class='ocrx_word' id='word_1_195' title='bbox 3103 894 3389 957; x_wconf 81' lang='grc' dir='ltr'><em>Πλάτωνος</em></span> <span class='ocrx_word' id='word_1_196' title='bbox 3446 896 3845 961; x_wconf 71' lang='grc' dir='ltr'><strong>ἀναγινώσκειν</strong></span> <span class='ocrx_word' id='word_1_197' title='bbox 3890 895 4013 948; x_wconf 76' lang='grc' dir='ltr'><em>ἐθέ-</em></span> 
     </span>
    </p>
   </div>
   <div class='ocr_carea' id='block_1_36' title="bbox 2432 985 2636 1039">
    <p class='ocr_par' dir='ltr' id='par_1_36' title="bbox 2432 985 2636 1039">
     <span class='ocr_line' id='line_1_37' title="bbox 2432 985 2636 1039; baseline 0.015 -3"><span class='ocrx_word' id='word_1_198' title='bbox 2432 985 2636 1039; x_wconf 84' lang='grc' dir='ltr'><em>λουσιν.</em></span> 
     </span>
    </p>
   </div>
   <div class='ocr_carea' id='block_1_37' title="bbox 3113 1080 3298 1148">
    <p class='ocr_par' dir='ltr' id='par_1_37' title="bbox 3113 1080 3298 1148">
     <span class='ocr_line' id='line_1_38' title="bbox 3113 1080 3298 1148; baseline 0.011 -15"><span class='ocrx_word' id='word_1_199' title='bbox 3113 1080 3298 1148; x_wconf 66' lang='lat' dir='ltr'><strong>mer.</strong></span> 
     </span>
    </p>
   </div>
   <div class='ocr_carea' id='block_1_38' title="bbox 2431 1172 4007 1244">
    <p class='ocr_par' dir='ltr' id='par_1_38' title="bbox 2431 1172 4007 1244">
     <span class='ocr_line' id='line_1_39' title="bbox 2431 1172 4007 1244; baseline 0.003 -20"><span class='ocrx_word' id='word_1_200' title='bbox 2431 1172 2729 1239; x_wconf 79' lang='grc' dir='ltr'><strong>Δωροθέου</strong></span> <span class='ocrx_word' id='word_1_201' title='bbox 2783 1174 2915 1242; x_wconf 76' lang='grc' dir='ltr'><em>περὶ</em></span> <span class='ocrx_word' id='word_1_202' title='bbox 2967 1174 3086 1228; x_wconf 82' lang='grc' dir='ltr'><em>τῶν</em></span> <span class='ocrx_word' id='word_1_203' title='bbox 3138 1175 3324 1240; x_wconf 80' lang='grc' dir='ltr'><em>ξένως</em></span> <span class='ocrx_word' id='word_1_204' title='bbox 3378 1173 3706 1244; x_wconf 71' lang='grc' dir='ltr'><strong>εἰρημένων</strong></span> <span class='ocrx_word' id='word_1_205' title='bbox 3756 1176 4007 1239; x_wconf 69' lang='grc' dir='ltr'><em>λέξεων.</em></span> 
     </span>
    </p>
   </div>
   <div class='ocr_carea' id='block_1_39' title="bbox 2512 1314 4013 1405">
    <p class='ocr_par' dir='ltr' id='par_1_39' title="bbox 2512 1314 4013 1405">
     <span class='ocr_line' id='line_1_40' title="bbox 2512 1314 4013 1405; baseline 0.005 -24"><span class='ocrx_word' id='word_1_206' title='bbox 2512 1328 2642 1399; x_wconf 64' lang='grc'>[524</span> <span class='ocrx_word' id='word_1_207' title='bbox 2676 1328 2766 1399; x_wconf 60' lang='lat' dir='ltr'><strong>IL]</strong></span> <span class='ocrx_word' id='word_1_208' title='bbox 2803 1314 3148 1400; x_wconf 70' lang='grc' dir='ltr'><em>Ἆνεγνὼσθη</em></span> <span class='ocrx_word' id='word_1_209' title='bbox 3185 1332 3241 1384; x_wconf 74' lang='grc' dir='ltr'>δὲ</span> <span class='ocrx_word' id='word_1_210' title='bbox 3274 1333 3330 1383; x_wconf 82' lang='grc' dir='ltr'><em>ὲν</em></span> <span class='ocrx_word' id='word_1_211' title='bbox 3376 1333 3455 1402; x_wconf 79' lang='grc' dir='ltr'><em>τῷ</em></span> <span class='ocrx_word' id='word_1_212' title='bbox 3502 1334 3650 1402; x_wconf 82' lang='grc' dir='ltr'><strong>αὑτῷ</strong></span> <span class='ocrx_word' id='word_1_213' title='bbox 3682 1352 3779 1386; x_wconf 74' lang='grc' dir='ltr'><em>και</em></span> <span class='ocrx_word' id='word_1_214' title='bbox 3828 1339 4013 1405; x_wconf 74' lang='grc' dir='ltr'><em>Δωροο</em></span> 
     </span>
    </p>
   </div>
   <div class='ocr_carea' id='block_1_40' title="bbox 2433 1420 4015 1493">
    <p class='ocr_par' dir='ltr' id='par_1_40' title="bbox 2433 1420 4015 1493">
     <span class='ocr_line' id='line_1_41' title="bbox 2433 1420 4015 1493; baseline 0.006 -21"><span class='ocrx_word' id='word_1_215' title='bbox 2433 1420 2557 1473; x_wconf 83' lang='grc' dir='ltr'><em>Οέου</em></span> <span class='ocrx_word' id='word_1_216' title='bbox 2578 1424 2715 1488; x_wconf 63' lang='grc' dir='ltr'><em>Περὶ</em></span> <span class='ocrx_word' id='word_1_217' title='bbox 2741 1422 2862 1475; x_wconf 80' lang='grc' dir='ltr'><em>τῶν</em></span> <span class='ocrx_word' id='word_1_218' title='bbox 2889 1425 3075 1489; x_wconf 74' lang='grc' dir='ltr'><em>ξένως</em></span> <span class='ocrx_word' id='word_1_219' title='bbox 3104 1425 3429 1493; x_wconf 76' lang='grc' dir='ltr'><em>εἰρημένων</em></span> <span class='ocrx_word' id='word_1_220' title='bbox 3444 1425 3670 1489; x_wconf 78' lang='grc' dir='ltr'><em>λέξεων</em></span> <span class='ocrx_word' id='word_1_221' title='bbox 3688 1429 3825 1479; x_wconf 81' lang='grc' dir='ltr'><strong>κατὰ</strong></span> <span class='ocrx_word' id='word_1_222' title='bbox 3866 1446 3980 1481; x_wconf 91' lang='grc' dir='ltr'><em>στοι</em></span> <span class='ocrx_word' id='word_1_223' title='bbox 4004 1460 4015 1469; x_wconf 91' lang='lat'><strong>-</strong></span> 
     </span>
    </p>
   </div>
   <div class='ocr_carea' id='block_1_41' title="bbox 2432 1516 4015 1588">
    <p class='ocr_par' dir='ltr' id='par_1_41' title="bbox 2432 1516 4015 1588">
     <span class='ocr_line' id='line_1_42' title="bbox 2432 1516 4015 1588; baseline 0.005 -22"><span class='ocrx_word' id='word_1_224' title='bbox 2432 1520 2595 1583; x_wconf 83' lang='grc' dir='ltr'><em>χεῐον.</em></span> <span class='ocrx_word' id='word_1_225' title='bbox 2632 1516 2799 1584; x_wconf 76' lang='grc' dir='ltr'><em>Δῆλον</em></span> <span class='ocrx_word' id='word_1_226' title='bbox 2824 1516 2881 1569; x_wconf 84' lang='grc' dir='ltr'><strong>δὲ</strong></span> <span class='ocrx_word' id='word_1_227' title='bbox 2912 1519 2986 1577; x_wconf 85' lang='grc' dir='ltr'><em>ὼς</em></span> <span class='ocrx_word' id='word_1_228' title='bbox 3015 1519 3115 1569; x_wconf 68' lang='grc' dir='ltr'><strong>οὐκ</strong></span> <span class='ocrx_word' id='word_1_229' title='bbox 3152 1520 3425 1588; x_wconf 81' lang='grc' dir='ltr'><em>ἄχρηστον</em></span> <span class='ocrx_word' id='word_1_230' title='bbox 3454 1521 3566 1581; x_wconf 83' lang='grc' dir='ltr'><em>τοῖς</em></span> <span class='ocrx_word' id='word_1_231' title='bbox 3600 1520 3911 1587; x_wconf 71' lang='grc' dir='ltr'><strong>φιλοπόνως</strong></span> <span class='ocrx_word' id='word_1_232' title='bbox 3950 1522 4015 1574; x_wconf 79' lang='grc' dir='ltr'><em>τὸ</em></span> 
     </span>
    </p>
   </div>
   <div class='ocr_carea' id='block_1_42' title="bbox 2433 1609 2739 1678">
    <p class='ocr_par' dir='ltr' id='par_1_42' title="bbox 2433 1609 2739 1678">
     <span class='ocr_line' id='line_1_43' title="bbox 2433 1609 2739 1678; baseline 0.003 -18"><span class='ocrx_word' id='word_1_233' title='bbox 2433 1609 2739 1678; x_wconf 81' lang='grc' dir='ltr'><em>σύνταγμα.</em></span> 
     </span>
    </p>
   </div>
   <div class='ocr_carea' id='block_1_43' title="bbox 3139 1702 3287 1755">
    <p class='ocr_par' dir='ltr' id='par_1_43' title="bbox 3139 1702 3287 1755">
     <span class='ocr_line' id='line_1_44' title="bbox 3139 1702 3287 1755; baseline 0.007 -1"><span class='ocrx_word' id='word_1_234' title='bbox 3139 1702 3287 1755; x_wconf 76' lang='lat' dir='ltr'><strong>PNZ&#39;</strong></span> 
     </span>
    </p>
   </div>
   <div class='ocr_carea' id='block_1_44' title="bbox 2886 1795 3561 1864">
    <p class='ocr_par' dir='ltr' id='par_1_44' title="bbox 2886 1795 3561 1864">
     <span class='ocr_line' id='line_1_45' title="bbox 2886 1795 3561 1864; baseline 0.001 -16"><span class='ocrx_word' id='word_1_235' title='bbox 2886 1797 3161 1863; x_wconf 79' lang='grc' dir='ltr'><em>Μοίριδος</em></span> <span class='ocrx_word' id='word_1_236' title='bbox 3192 1795 3561 1864; x_wconf 82' lang='grc' dir='ltr'><em>ἁττικιστής.</em></span> 
     </span>
    </p>
   </div>
   <div class='ocr_carea' id='block_1_45' title="bbox 2502 1886 4020 1960">
    <p class='ocr_par' dir='ltr' id='par_1_45' title="bbox 2502 1886 4020 1960">
     <span class='ocr_line' id='line_1_46' title="bbox 2502 1886 4020 1960; baseline 0.004 -23"><span class='ocrx_word' id='word_1_237' title='bbox 2502 1886 2625 1937; x_wconf 84' lang='grc' dir='ltr'><em>Ἔτι</em></span> <span class='ocrx_word' id='word_1_238' title='bbox 2651 1886 2707 1939; x_wconf 86' lang='grc' dir='ltr'><strong>δὲ</strong></span> <span class='ocrx_word' id='word_1_239' title='bbox 2739 1888 2834 1939; x_wconf 77' lang='grc' dir='ltr'><strong>καὶ</strong></span> <span class='ocrx_word' id='word_1_240' title='bbox 2858 1888 3113 1957; x_wconf 72' lang='grc' dir='ltr'><strong>Μοίριδος</strong></span> <span class='ocrx_word' id='word_1_241' title='bbox 3145 1888 3516 1955; x_wconf 83' lang='grc' dir='ltr'><em>Ἀττικιστής</em></span> <span class='ocrx_word' id='word_1_242' title='bbox 3535 1905 3548 1918; x_wconf 89' lang='grc'><strong>·</strong></span> <span class='ocrx_word' id='word_1_243' title='bbox 3580 1889 3722 1947; x_wconf 74' lang='grc' dir='ltr'><em>κατὰ</em></span> <span class='ocrx_word' id='word_1_244' title='bbox 3748 1892 4020 1960; x_wconf 79' lang='grc' dir='ltr'><em>στοιχεῖον</em></span> 
     </span>
    </p>
   </div>
   <div class='ocr_carea' id='block_1_46' title="bbox 2430 1974 3296 2048">
    <p class='ocr_par' dir='ltr' id='par_1_46' title="bbox 2430 1974 3296 2048">
     <span class='ocr_line' id='line_1_47' title="bbox 2430 1974 3296 2048; baseline 0.005 -21"><span class='ocrx_word' id='word_1_245' title='bbox 2430 1974 2486 2027; x_wconf 83' lang='grc' dir='ltr'><strong>δὲ</strong></span> <span class='ocrx_word' id='word_1_246' title='bbox 2520 1976 2618 2028; x_wconf 80' lang='grc' dir='ltr'><strong>καὶ</strong></span> <span class='ocrx_word' id='word_1_247' title='bbox 2651 1975 2808 2029; x_wconf 80' lang='grc' dir='ltr'><em>τοῦτο</em></span> <span class='ocrx_word' id='word_1_248' title='bbox 2839 1976 2902 2029; x_wconf 83' lang='grc' dir='ltr'><em>τὸ</em></span> <span class='ocrx_word' id='word_1_249' title='bbox 2938 1980 3296 2048; x_wconf 81' lang='grc' dir='ltr'><em>πονημάτιον.</em></span> 
     </span>
    </p>
   </div>
   <div class='ocr_carea' id='block_1_47' title="bbox 3144 2070 3320 2123">
    <p class='ocr_par' dir='ltr' id='par_1_47' title="bbox 3144 2070 3320 2123">
     <span class='ocr_line' id='line_1_48' title="bbox 3144 2070 3320 2123; baseline 0.011 -2"><span class='ocrx_word' id='word_1_250' title='bbox 3144 2070 3320 2123; x_wconf 82' lang='lat' dir='ltr'><strong>PNH&#39;.</strong></span> 
     </span>
    </p>
   </div>
   <div class='ocr_carea' id='block_1_48' title="bbox 2433 2161 4019 2287">
    <p class='ocr_par' dir='ltr' id='par_1_48' title="bbox 2433 2161 4019 2287">
     <span class='ocr_line' id='line_1_49' title="bbox 2433 2161 4019 2287; baseline 0.008 -76"><span class='ocrx_word' id='word_1_251' title='bbox 2433 2161 2734 2229; x_wconf 84' lang='grc' dir='ltr'><strong>Φρυνίχου</strong></span> <span class='ocrx_word' id='word_1_252' title='bbox 2803 2162 3147 2287; x_wconf 61' lang='grc' dir='ltr'><em>Ἀραϐίουλό</em></span> <span class='ocrx_word' id='word_1_253' title='bbox 3168 2165 3533 2286; x_wconf 45' lang='grc' dir='ltr'><em>σοῆιοςτικῆς</em></span> <span class='ocrx_word' id='word_1_254' title='bbox 3611 2164 4019 2236; x_wconf 83' lang='grc' dir='ltr'><em>Παρασκευῆς</em></span> 
     </span>
     <span class='ocr_line' id='line_1_50' title="bbox 3152 2252 3377 2287; baseline 0 0"><span class='ocrx_word' id='word_1_255' title='bbox 3152 2252 3239 2287; x_wconf 69' lang='lat' dir='ltr'><strong>rat</strong></span> <span class='ocrx_word' id='word_1_256' title='bbox 3303 2256 3377 2287; x_wconf 76' lang='grc' dir='ltr'><strong>ς’.</strong></span> 
     </span>
    </p>
   </div>
   <div class='ocr_carea' id='block_1_49' title="bbox 3152 2252 3377 2303">
    <p class='ocr_par' dir='ltr' id='par_1_49' title="bbox 3152 2252 3377 2303">
     <span class='ocr_line' id='line_1_51' title="bbox 3152 2252 3377 2303; baseline 0 -17"><span class='ocrx_word' id='word_1_257' title='bbox 3152 2252 3239 2303; x_wconf 76' lang='grc' dir='ltr'><strong>γοι</strong></span> <span class='ocrx_word' id='word_1_258' title='bbox 3270 2252 3347 2302; x_wconf 81' lang='grc' dir='ltr'><em>Λς</em></span> <span class='ocrx_word' id='word_1_259' title='bbox 3364 2276 3377 2291; x_wconf 92' lang='grc'>.</span> 
     </span>
    </p>
   </div>
   <div class='ocr_carea' id='block_1_50' title="bbox 2519 2325 4019 2401">
    <p class='ocr_par' dir='ltr' id='par_1_50' title="bbox 2519 2325 4019 2401">
     <span class='ocr_line' id='line_1_52' title="bbox 2519 2325 4019 2401; baseline 0.004 -21"><span class='ocrx_word' id='word_1_260' title='bbox 2519 2325 2969 2397; x_wconf 82' lang='grc' dir='ltr'><em>Ἀνεγνὼσθησαν</em></span> <span class='ocrx_word' id='word_1_261' title='bbox 3014 2330 3281 2399; x_wconf 81' lang='grc' dir='ltr'><em>Φρυνίχου</em></span> <span class='ocrx_word' id='word_1_262' title='bbox 3308 2330 3563 2401; x_wconf 80' lang='grc' dir='ltr'><em>Ἀραὸίου</em></span> <span class='ocrx_word' id='word_1_263' title='bbox 3576 2332 3621 2365; x_wconf 63' lang='grc' dir='ltr'><strong>δ’</strong></span> <span class='ocrx_word' id='word_1_264' title='bbox 3646 2332 4019 2400; x_wconf 60' lang='grc' dir='ltr'><em>σοφιστικῆς</em></span> 
     </span>
    </p>
   </div>
   <div class='ocr_carea' id='block_1_51' title="bbox 2434 2416 4019 2492">
    <p class='ocr_par' dir='ltr' id='par_1_51' title="bbox 2434 2416 4019 2492">
     <span class='ocr_line' id='line_1_53' title="bbox 2434 2416 4019 2492; baseline 0.003 -22"><span class='ocrx_word' id='word_1_265' title='bbox 2434 2416 2838 2485; x_wconf 74' lang='grc' dir='ltr'><em>Παρασκεινῆς</em></span> <span class='ocrx_word' id='word_1_266' title='bbox 2860 2419 3009 2486; x_wconf 90' lang='grc' dir='ltr'><em>λόγοι</em></span> <span class='ocrx_word' id='word_1_267' title='bbox 3032 2421 3139 2484; x_wconf 75' lang='grc' dir='ltr'><em>λς’·</em></span> <span class='ocrx_word' id='word_1_268' title='bbox 3176 2420 3291 2473; x_wconf 77' lang='grc' dir='ltr'><em>ἐστι</em></span> <span class='ocrx_word' id='word_1_269' title='bbox 3319 2421 3374 2474; x_wconf 80' lang='grc' dir='ltr'><strong>δὲ</strong></span> <span class='ocrx_word' id='word_1_270' title='bbox 3402 2422 3463 2475; x_wconf 76' lang='grc' dir='ltr'><em>τὸ</em></span> <span class='ocrx_word' id='word_1_271' title='bbox 3492 2422 3694 2492; x_wconf 78' lang='grc' dir='ltr'><em>βιὸλίον</em></span> <span class='ocrx_word' id='word_1_272' title='bbox 3723 2422 3922 2488; x_wconf 79' lang='grc' dir='ltr'><em>λέξεων</em></span> <span class='ocrx_word' id='word_1_273' title='bbox 3957 2440 4019 2475; x_wconf 84' lang='grc' dir='ltr'><strong>τε</strong></span> 
     </span>
    </p>
   </div>
   <div class='ocr_carea' id='block_1_52' title="bbox 2439 2510 4021 2581">
    <p class='ocr_par' dir='ltr' id='par_1_52' title="bbox 2439 2510 4021 2581">
     <span class='ocr_line' id='line_1_54' title="bbox 2439 2510 4021 2581; baseline 0.005 -22"><span class='ocrx_word' id='word_1_274' title='bbox 2439 2510 2737 2579; x_wconf 85' lang='grc' dir='ltr'><em>συναγωγὴ</em></span> <span class='ocrx_word' id='word_1_275' title='bbox 2774 2511 2867 2563; x_wconf 77' lang='grc' dir='ltr'><strong>καὶ</strong></span> <span class='ocrx_word' id='word_1_276' title='bbox 2895 2511 3072 2579; x_wconf 89' lang='grc' dir='ltr'><em>λόγων</em></span> <span class='ocrx_word' id='word_1_277' title='bbox 3104 2513 3489 2581; x_wconf 81' lang='grc' dir='ltr'><em>κομματικῶν,</em></span> <span class='ocrx_word' id='word_1_278' title='bbox 3524 2514 3685 2567; x_wconf 78' lang='grc' dir='ltr'><em>ἐνίων</em></span> <span class='ocrx_word' id='word_1_279' title='bbox 3722 2515 3777 2567; x_wconf 85' lang='grc' dir='ltr'><strong>δὲ</strong></span> <span class='ocrx_word' id='word_1_280' title='bbox 3810 2514 3905 2566; x_wconf 69' lang='grc' dir='ltr'><strong>καὶ</strong></span> <span class='ocrx_word' id='word_1_281' title='bbox 3938 2516 4021 2576; x_wconf 84' lang='grc' dir='ltr'><em>εἰς</em></span> 
     </span>
    </p>
   </div>
   <div class='ocr_carea' id='block_1_53' title="bbox 2439 2601 4019 2675">
    <p class='ocr_par' dir='ltr' id='par_1_53' title="bbox 2439 2601 4019 2675">
     <span class='ocr_line' id='line_1_55' title="bbox 2439 2601 4019 2675; baseline 0.003 -22"><span class='ocrx_word' id='word_1_282' title='bbox 2439 2601 2589 2653; x_wconf 84' lang='grc' dir='ltr'><em>κῶλα</em></span> <span class='ocrx_word' id='word_1_283' title='bbox 2618 2603 3099 2672; x_wconf 87' lang='grc' dir='ltr'><em>παρατεινομένων</em></span> <span class='ocrx_word' id='word_1_284' title='bbox 3128 2604 3238 2655; x_wconf 82' lang='grc' dir='ltr'><em>τῶν</em></span> <span class='ocrx_word' id='word_1_285' title='bbox 3272 2605 3569 2675; x_wconf 81' lang='grc' dir='ltr'><em>χαριέντως</em></span> <span class='ocrx_word' id='word_1_286' title='bbox 3617 2623 3679 2659; x_wconf 76' lang='grc' dir='ltr'><em>τι</em></span> <span class='ocrx_word' id='word_1_287' title='bbox 3708 2608 3801 2658; x_wconf 73' lang='grc' dir='ltr'><strong>καὶ</strong></span> <span class='ocrx_word' id='word_1_288' title='bbox 3829 2624 4019 2658; x_wconf 70' lang='grc' dir='ltr'><strong>κιιινο⁶</strong></span> 
     </span>
    </p>
   </div>
   <div class='ocr_carea' id='block_1_54' title="bbox 2438 2693 4019 2765">
    <p class='ocr_par' dir='ltr' id='par_1_54' title="bbox 2438 2693 4019 2765">
     <span class='ocr_line' id='line_1_56' title="bbox 2438 2693 4019 2765; baseline 0.005 -22"><span class='ocrx_word' id='word_1_289' title='bbox 2438 2693 2665 2761; x_wconf 77' lang='grc' dir='ltr'><em>πρεπῶς</em></span> <span class='ocrx_word' id='word_1_290' title='bbox 2697 2694 3005 2763; x_wconf 76' lang='grc' dir='ltr'><em>εἰρημένων</em></span> <span class='ocrx_word' id='word_1_291' title='bbox 3033 2712 3091 2746; x_wconf 86' lang='grc' dir='ltr'><strong>τε</strong></span> <span class='ocrx_word' id='word_1_292' title='bbox 3120 2695 3217 2748; x_wconf 72' lang='grc' dir='ltr'><strong>καὶ</strong></span> <span class='ocrx_word' id='word_1_293' title='bbox 3260 2697 3729 2765; x_wconf 85' lang='grc' dir='ltr'><em>συντεταγμένων.</em></span> <span class='ocrx_word' id='word_1_294' title='bbox 3760 2698 3939 2751; x_wconf 75' lang='grc' dir='ltr'><em>Πολλὰ</em></span> <span class='ocrx_word' id='word_1_295' title='bbox 3960 2698 4019 2750; x_wconf 80' lang='grc' dir='ltr'><strong>δὲ</strong></span> 
     </span>
    </p>
   </div>
   <div class='ocr_carea' id='block_1_55' title="bbox 2436 2786 4021 2859">
    <p class='ocr_par' dir='ltr' id='par_1_55' title="bbox 2436 2786 4021 2859">
     <span class='ocr_line' id='line_1_57' title="bbox 2436 2786 4021 2859; baseline 0.005 -24"><span class='ocrx_word' id='word_1_296' title='bbox 2436 2786 2617 2836; x_wconf 77' lang='grc' dir='ltr'><em>αὐτῶν</em></span> <span class='ocrx_word' id='word_1_297' title='bbox 2665 2787 2780 2838; x_wconf 76' lang='grc' dir='ltr'><em>ἐστι</em></span> <span class='ocrx_word' id='word_1_298' title='bbox 2830 2788 2925 2838; x_wconf 68' lang='grc' dir='ltr'><strong>καὶ</strong></span> <span class='ocrx_word' id='word_1_299' title='bbox 2958 2789 3014 2839; x_wconf 81' lang='grc' dir='ltr'><em>ὲν</em></span> <span class='ocrx_word' id='word_1_300' title='bbox 3046 2791 3114 2858; x_wconf 79' lang='grc' dir='ltr'><em>τῇ</em></span> <span class='ocrx_word' id='word_1_301' title='bbox 3154 2788 3429 2841; x_wconf 81' lang='grc' dir='ltr'><em>Ἐλλαδίου</em></span> <span class='ocrx_word' id='word_1_302' title='bbox 3463 2790 3572 2842; x_wconf 83' lang='grc' dir='ltr'><em>τῶν</em></span> <span class='ocrx_word' id='word_1_303' title='bbox 3607 2790 3805 2856; x_wconf 80' lang='grc' dir='ltr'><em>λέξεων</em></span> <span class='ocrx_word' id='word_1_304' title='bbox 3833 2791 4021 2859; x_wconf 84' lang='grc' dir='ltr'><strong>εὑρεῖν</strong></span> 
     </span>
    </p>
   </div>
   <div class='ocr_carea' id='block_1_56' title="bbox 2441 2878 4021 2952">
    <p class='ocr_par' dir='ltr' id='par_1_56' title="bbox 2441 2878 4021 2952">
     <span class='ocr_line' id='line_1_58' title="bbox 2441 2878 4021 2952; baseline 0.004 -23"><span class='ocrx_word' id='word_1_305' title='bbox 2441 2878 2699 2949; x_wconf 73' lang='grc' dir='ltr'><em>συλλογῇ,</em></span> <span class='ocrx_word' id='word_1_306' title='bbox 2745 2880 2859 2932; x_wconf 80' lang='grc' dir='ltr'><em>ἀλλ’</em></span> <span class='ocrx_word' id='word_1_307' title='bbox 2908 2882 3027 2932; x_wconf 78' lang='grc' dir='ltr'><strong>ἐκεῖ</strong></span> <span class='ocrx_word' id='word_1_308' title='bbox 3061 2882 3161 2948; x_wconf 86' lang='grc' dir='ltr'><em>μὲν</em></span> <span class='ocrx_word' id='word_1_309' title='bbox 3192 2880 3570 2952; x_wconf 80' lang='grc' dir='ltr'><em>διεσπαρμένα</em></span> <span class='ocrx_word' id='word_1_310' title='bbox 3603 2882 3662 2933; x_wconf 82' lang='grc' dir='ltr'><em>ἐν</em></span> <span class='ocrx_word' id='word_1_311' title='bbox 3701 2883 3780 2952; x_wconf 85' lang='grc' dir='ltr'><em>τῷ</em></span> <span class='ocrx_word' id='word_1_312' title='bbox 3818 2883 4021 2951; x_wconf 81' lang='grc' dir='ltr'><em>πλήθει</em></span> 
     </span>
    </p>
   </div>
   <div class='ocr_carea' id='block_1_57' title="bbox 2438 2971 4020 3039">
    <p class='ocr_par' dir='ltr' id='par_1_57' title="bbox 2438 2971 4020 3039">
     <span class='ocr_line' id='line_1_59' title="bbox 2438 2971 4020 3039; baseline 0.004 -20"><span class='ocrx_word' id='word_1_313' title='bbox 2438 2971 2532 3036; x_wconf 83' lang='grc' dir='ltr'><em>τῆς</em></span> <span class='ocrx_word' id='word_1_314' title='bbox 2570 2971 2918 3038; x_wconf 81' lang='grc' dir='ltr'><strong>συναγωγῆς,</strong></span> <span class='ocrx_word' id='word_1_315' title='bbox 2968 2971 3203 3024; x_wconf 78' lang='grc' dir='ltr'><em>ἐνταῦθα</em></span> <span class='ocrx_word' id='word_1_316' title='bbox 3231 2972 3287 3025; x_wconf 83' lang='grc' dir='ltr'>δὲ</span> <span class='ocrx_word' id='word_1_317' title='bbox 3321 2974 3455 3039; x_wconf 73' lang='grc' dir='ltr'><em>ὁμοῦ</em></span> <span class='ocrx_word' id='word_1_318' title='bbox 3499 2976 3565 3027; x_wconf 77' lang='grc' dir='ltr'><em>τὰ</em></span> <span class='ocrx_word' id='word_1_319' title='bbox 3611 2974 3834 3027; x_wconf 83' lang='grc' dir='ltr'><em>τοιαῦτα</em></span> <span class='ocrx_word' id='word_1_320' title='bbox 3886 2992 4020 3026; x_wconf 87' lang='grc' dir='ltr'><em>συν-</em></span> 
     </span>
    </p>
   </div>
   <div class='ocr_carea' id='block_1_58' title="bbox 2437 3059 4022 3131">
    <p class='ocr_par' dir='ltr' id='par_1_58' title="bbox 2437 3059 4022 3131">
     <span class='ocr_line' id='line_1_60' title="bbox 2437 3059 4022 3131; baseline 0.005 -23"><span class='ocrx_word' id='word_1_321' title='bbox 2437 3059 2674 3126; x_wconf 78' lang='grc' dir='ltr'><em>ηγμένα,</em></span> <span class='ocrx_word' id='word_1_322' title='bbox 2707 3061 2829 3111; x_wconf 77' lang='grc' dir='ltr'><strong>ἐπεὶ</strong></span> <span class='ocrx_word' id='word_1_323' title='bbox 2866 3061 2959 3112; x_wconf 68' lang='grc' dir='ltr'><strong>καὶ</strong></span> <span class='ocrx_word' id='word_1_324' title='bbox 2997 3061 3247 3131; x_wconf 78' lang='grc' dir='ltr'><em>Φρυνίχῳ</em></span> <span class='ocrx_word' id='word_1_325' title='bbox 3279 3063 3377 3129; x_wconf 83' lang='grc' dir='ltr'><em>μὲν</em></span> <span class='ocrx_word' id='word_1_326' title='bbox 3406 3063 3473 3114; x_wconf 81' lang='grc' dir='ltr'><em>τὰ</em></span> <span class='ocrx_word' id='word_1_327' title='bbox 3518 3064 3741 3115; x_wconf 76' lang='grc' dir='ltr'><em>τοιαῦτα</em></span> <span class='ocrx_word' id='word_1_328' title='bbox 3774 3081 4022 3129; x_wconf 76' lang='grc' dir='ltr'><em>συναγα-</em></span> 
     </span>
    </p>
   </div>
   <div class='ocr_carea' id='block_1_59' title="bbox 2438 3152 4020 3225">
    <p class='ocr_par' dir='ltr' id='par_1_59' title="bbox 2438 3152 4020 3225">
     <span class='ocr_line' id='line_1_61' title="bbox 2438 3152 4020 3225; baseline 0.005 -25"><span class='ocrx_word' id='word_1_329' title='bbox 2438 3153 2554 3216; x_wconf 81' lang='grc' dir='ltr'><em>γεῖν</em></span> <span class='ocrx_word' id='word_1_330' title='bbox 2588 3152 2781 3217; x_wconf 79' lang='grc' dir='ltr'><em>γέγονε</em></span> <span class='ocrx_word' id='word_1_331' title='bbox 2816 3152 3048 3215; x_wconf 80' lang='grc' dir='ltr'><em>σκοπὸς,</em></span> <span class='ocrx_word' id='word_1_332' title='bbox 3095 3152 3367 3216; x_wconf 79' lang='grc' dir='ltr'><em>Ἐλλάδιος</em></span> <span class='ocrx_word' id='word_1_333' title='bbox 3416 3155 3472 3206; x_wconf 81' lang='grc' dir='ltr'><strong>δὲ</strong></span> <span class='ocrx_word' id='word_1_334' title='bbox 3522 3155 3697 3218; x_wconf 78' lang='grc' dir='ltr'><em>λέξεις</em></span> <span class='ocrx_word' id='word_1_335' title='bbox 3744 3156 4020 3225; x_wconf 76' lang='grc' dir='ltr'><em>ἁθροίζων</em></span> 
     </span>
    </p>
   </div>
   <div class='ocr_carea' id='block_1_60' title="bbox 752 3239 2336 3318">
    <p class='ocr_par' dir='ltr' id='par_1_60' title="bbox 752 3249 2331 3318">
     <span class='ocr_line' id='line_1_62' title="bbox 752 3249 2331 3318; baseline -0.004 -15"><span class='ocrx_word' id='word_1_336' title='bbox 752 3251 1012 3303; x_wconf 84' lang='lat' dir='ltr'><strong>vocabula</strong></span> <span class='ocrx_word' id='word_1_337' title='bbox 1048 3249 1373 3317; x_wconf 82' lang='lat' dir='ltr'><strong>simpliciter</strong></span> <span class='ocrx_word' id='word_1_338' title='bbox 1403 3251 1723 3309; x_wconf 75' lang='lat' dir='ltr'><strong>accumulat,</strong></span> <span class='ocrx_word' id='word_1_339' title='bbox 1766 3251 1954 3318; x_wconf 76' lang='lat'><strong>10017</strong></span> <span class='ocrx_word' id='word_1_340' title='bbox 2006 3250 2057 3301; x_wconf 90' lang='lat' dir='ltr'><strong>in</strong></span> <span class='ocrx_word' id='word_1_341' title='bbox 2095 3264 2331 3301; x_wconf 84' lang='lat' dir='ltr'><strong>commu-</strong></span> 
     </span>
    </p>
   </div>
   <div class='ocr_carea' id='block_1_61' title="bbox 2432 3239 4021 3318">
    <p class='ocr_par' dir='ltr' id='par_1_61' title="bbox 2438 3243 4021 3317">
     <span class='ocr_line' id='line_1_63' title="bbox 2438 3243 4021 3317; baseline 0.004 -23"><span class='ocrx_word' id='word_1_342' title='bbox 2438 3243 2644 3305; x_wconf 81' lang='grc' dir='ltr'><em>ἁπλῶς,</em></span> <span class='ocrx_word' id='word_1_343' title='bbox 2692 3245 2786 3294; x_wconf 76' lang='grc' dir='ltr'><strong>καὶ</strong></span> <span class='ocrx_word' id='word_1_344' title='bbox 2833 3244 2885 3296; x_wconf 85' lang='grc' dir='ltr'><em>εῐ</em></span> <span class='ocrx_word' id='word_1_345' title='bbox 2916 3262 2970 3296; x_wconf 90' lang='grc' dir='ltr'><strong>τι</strong></span> <span class='ocrx_word' id='word_1_346' title='bbox 2996 3245 3106 3296; x_wconf 83' lang='grc' dir='ltr'><em>τῶν</em></span> <span class='ocrx_word' id='word_1_347' title='bbox 3138 3246 3396 3298; x_wconf 82' lang='grc' dir='ltr'><em>τοιούτων</em></span> <span class='ocrx_word' id='word_1_348' title='bbox 3432 3248 3710 3311; x_wconf 80' lang='grc' dir='ltr'><em>συνέταξε,</em></span> <span class='ocrx_word' id='word_1_349' title='bbox 3741 3247 3819 3316; x_wconf 84' lang='grc' dir='ltr'><em>τῷ</em></span> <span class='ocrx_word' id='word_1_350' title='bbox 3851 3248 4021 3317; x_wconf 78' lang='grc' dir='ltr'><em>κοινῷ</em></span> 
     </span>
    </p>
   </div>
   <div class='ocr_carea' id='block_1_62' title="bbox 753 3341 2327 3402">
    <p class='ocr_par' dir='ltr' id='par_1_62' title="bbox 753 3341 2327 3402">
     <span class='ocr_line' id='line_1_64' title="bbox 753 3341 2327 3402; baseline -0.003 -9"><span class='ocrx_word' id='word_1_351' title='bbox 753 3356 875 3394; x_wconf 90' lang='lat' dir='ltr'><strong>nem</strong></span> <span class='ocrx_word' id='word_1_352' title='bbox 919 3342 1304 3394; x_wconf 71' lang='lat' dir='ltr'><strong>vocabulorum</strong></span> <span class='ocrx_word' id='word_1_353' title='bbox 1363 3342 1556 3392; x_wconf 84' lang='lat' dir='ltr'><strong>librum</strong></span> <span class='ocrx_word' id='word_1_354' title='bbox 1608 3341 1807 3402; x_wconf 88' lang='lat' dir='ltr'><strong>retulit,</strong></span> <span class='ocrx_word' id='word_1_355' title='bbox 1846 3344 1894 3392; x_wconf 92' lang='lat' dir='ltr'><strong>id</strong></span> <span class='ocrx_word' id='word_1_356' title='bbox 1947 3351 2154 3393; x_wconf 87' lang='lat' dir='ltr'><strong>tantum</strong></span> <span class='ocrx_word' id='word_1_357' title='bbox 2204 3354 2327 3391; x_wconf 91' lang='lat' dir='ltr'><strong>cum</strong></span> 
     </span>
    </p>
   </div>
   <div class='ocr_carea' id='block_1_63' title="bbox 754 3430 2329 3500">
    <p class='ocr_par' dir='ltr' id='par_1_63' title="bbox 754 3430 2329 3500">
     <span class='ocr_line' id='line_1_65' title="bbox 754 3430 2329 3500; baseline 0.002 -17"><span class='ocrx_word' id='word_1_358' title='bbox 754 3430 964 3483; x_wconf 69' lang='lat' dir='ltr'><strong>caneris</strong></span> <span class='ocrx_word' id='word_1_359' title='bbox 1007 3446 1109 3481; x_wconf 92' lang='lat' dir='ltr'><strong>una</strong></span> <span class='ocrx_word' id='word_1_360' title='bbox 1162 3430 1451 3494; x_wconf 85' lang='lat' dir='ltr'><strong>inclusum,</strong></span> <span class='ocrx_word' id='word_1_361' title='bbox 1489 3432 1669 3500; x_wconf 86' lang='lat' dir='ltr'><strong>ibique</strong></span> <span class='ocrx_word' id='word_1_362' title='bbox 1721 3434 1965 3485; x_wconf 75' lang='lat' dir='ltr'><strong>relictum</strong></span> <span class='ocrx_word' id='word_1_363' title='bbox 2011 3434 2200 3486; x_wconf 86' lang='lat' dir='ltr'><strong>voluit.</strong></span> <span class='ocrx_word' id='word_1_364' title='bbox 2236 3435 2329 3486; x_wconf 85' lang='lat' dir='ltr'><strong>Al-</strong></span> 
     </span>
    </p>
   </div>
   <div class='ocr_carea' id='block_1_64' title="bbox 756 3522 2116 3593">
    <p class='ocr_par' dir='ltr' id='par_1_64' title="bbox 756 3522 2116 3593">
     <span class='ocr_line' id='line_1_66' title="bbox 756 3522 2116 3593; baseline 0.003 -18"><span class='ocrx_word' id='word_1_365' title='bbox 756 3522 968 3589; x_wconf 86' lang='lat' dir='ltr'><strong>phabeti</strong></span> <span class='ocrx_word' id='word_1_366' title='bbox 1002 3532 1181 3575; x_wconf 89' lang='lat' dir='ltr'><strong>autem</strong></span> <span class='ocrx_word' id='word_1_367' title='bbox 1221 3523 1334 3575; x_wconf 68' lang='lat' dir='ltr'><strong>haec</strong></span> <span class='ocrx_word' id='word_1_368' title='bbox 1363 3524 1522 3576; x_wconf 87' lang='lat' dir='ltr'><strong>etiam</strong></span> <span class='ocrx_word' id='word_1_369' title='bbox 1557 3526 1747 3577; x_wconf 84' lang='lat' dir='ltr'><strong>Ordine</strong></span> <span class='ocrx_word' id='word_1_370' title='bbox 1779 3526 2116 3593; x_wconf 84' lang='lat' dir='ltr'><strong>digeruntur.</strong></span> 
     </span>
    </p>
   </div>
   <div class='ocr_carea' id='block_1_65' title="bbox 830 3614 2329 3685">
    <p class='ocr_par' dir='ltr' id='par_1_65' title="bbox 830 3614 2329 3685">
     <span class='ocr_line' id='line_1_67' title="bbox 830 3614 2329 3685; baseline 0.005 -18"><span class='ocrx_word' id='word_1_371' title='bbox 830 3614 1035 3667; x_wconf 86' lang='lat' dir='ltr'><strong>Floruit</strong></span> <span class='ocrx_word' id='word_1_372' title='bbox 1090 3616 1177 3668; x_wconf 89' lang='lat' dir='ltr'><strong>hic</strong></span> <span class='ocrx_word' id='word_1_373' title='bbox 1235 3616 1489 3683; x_wconf 84' lang='lat' dir='ltr'><strong>scriptor,</strong></span> <span class='ocrx_word' id='word_1_374' title='bbox 1547 3618 1847 3685; x_wconf 87' lang='lat' dir='ltr'><strong>imperante</strong></span> <span class='ocrx_word' id='word_1_375' title='bbox 1905 3617 2089 3673; x_wconf 67' lang='lat' dir='ltr'><strong>Romae</strong></span> <span class='ocrx_word' id='word_1_376' title='bbox 2148 3620 2329 3674; x_wconf 83' lang='lat' dir='ltr'><strong>Marco</strong></span> 
     </span>
    </p>
   </div>
   <div class='ocr_carea' id='block_1_66' title="bbox 754 3705 2327 3779">
    <p class='ocr_par' dir='ltr' id='par_1_66' title="bbox 754 3705 2327 3779">
     <span class='ocr_line' id='line_1_68' title="bbox 754 3705 2327 3779; baseline 0.007 -24"><span class='ocrx_word' id='word_1_377' title='bbox 754 3705 1028 3758; x_wconf 84' lang='lat' dir='ltr'><strong>Antonino</strong></span> <span class='ocrx_word' id='word_1_378' title='bbox 1086 3709 1327 3773; x_wconf 76' lang='lat' dir='ltr'><strong>Angusto</strong></span> <span class='ocrx_word' id='word_1_379' title='bbox 1394 3709 1617 3775; x_wconf 82' lang='lat' dir='ltr'><strong>ejusque</strong></span> <span class='ocrx_word' id='word_1_380' title='bbox 1689 3710 1797 3761; x_wconf 92' lang='lat' dir='ltr'><strong>lilio</strong></span> <span class='ocrx_word' id='word_1_381' title='bbox 1859 3712 2185 3779; x_wconf 82' lang='lat' dir='ltr'><strong>Commodo,</strong></span> <span class='ocrx_word' id='word_1_382' title='bbox 2243 3714 2327 3766; x_wconf 73' lang='lat' dir='ltr'><strong>cui</strong></span> 
     </span>
    </p>
   </div>
   <div class='ocr_carea' id='block_1_67' title="bbox 754 3797 2329 3865">
    <p class='ocr_par' dir='ltr' id='par_1_67' title="bbox 754 3797 2329 3865">
     <span class='ocr_line' id='line_1_69' title="bbox 754 3797 2329 3865; baseline 0.006 -17"><span class='ocrx_word' id='word_1_383' title='bbox 754 3800 915 3849; x_wconf 92' lang='lat' dir='ltr'><strong>etiam</strong></span> <span class='ocrx_word' id='word_1_384' title='bbox 966 3798 1147 3865; x_wconf 88' lang='lat' dir='ltr'><strong>operis</strong></span> <span class='ocrx_word' id='word_1_385' title='bbox 1230 3797 1441 3851; x_wconf 91' lang='lat' dir='ltr'><strong>initium</strong></span> <span class='ocrx_word' id='word_1_386' title='bbox 1499 3800 1569 3853; x_wconf 91' lang='lat' dir='ltr'><strong>ita</strong></span> <span class='ocrx_word' id='word_1_387' title='bbox 1621 3800 1923 3855; x_wconf 81' lang='lat' dir='ltr'><strong>inscribit:</strong></span> <span class='ocrx_word' id='word_1_388' title='bbox 1966 3822 1983 3851; x_wconf 84' lang='grc'><strong>«</strong></span> <span class='ocrx_word' id='word_1_389' title='bbox 2032 3803 2329 3858; x_wconf 83' lang='lat' dir='ltr'><strong>Commodo</strong></span> 
     </span>
    </p>
   </div>
   <div class='ocr_carea' id='block_1_68' title="bbox 752 3888 2328 3963">
    <p class='ocr_par' dir='ltr' id='par_1_68' title="bbox 752 3888 2328 3963">
     <span class='ocr_line' id='line_1_70' title="bbox 752 3888 2328 3963; baseline 0.002 -19"><span class='ocrx_word' id='word_1_390' title='bbox 752 3888 951 3944; x_wconf 63' lang='lat' dir='ltr'><strong>Cmsari</strong></span> <span class='ocrx_word' id='word_1_391' title='bbox 1007 3888 1345 3959; x_wconf 88' lang='lat' dir='ltr'><strong>Phrynichus</strong></span> <span class='ocrx_word' id='word_1_392' title='bbox 1403 3889 1661 3943; x_wconf 80' lang='lat' dir='ltr'><strong>Salutem.</strong></span> <span class='ocrx_word' id='word_1_393' title='bbox 1716 3910 1735 3941; x_wconf 73' lang='grc' dir='ltr'><strong><em>ι</em></strong></span> <span class='ocrx_word' id='word_1_394' title='bbox 1792 3892 2089 3947; x_wconf 85' lang='lat' dir='ltr'><strong>Commodo</strong></span> <span class='ocrx_word' id='word_1_395' title='bbox 2148 3895 2328 3963; x_wconf 87' lang='lat' dir='ltr'><strong>itaque</strong></span> 
     </span>
    </p>
   </div>
   <div class='ocr_carea' id='block_1_69' title="bbox 754 3980 2328 4042">
    <p class='ocr_par' dir='ltr' id='par_1_69' title="bbox 754 3980 2328 4042">
     <span class='ocr_line' id='line_1_71' title="bbox 754 3980 2328 4042; baseline 0.005 -12"><span class='ocrx_word' id='word_1_396' title='bbox 754 3980 949 4031; x_wconf 80' lang='lat' dir='ltr'><strong>librum</strong></span> <span class='ocrx_word' id='word_1_397' title='bbox 1001 3982 1275 4042; x_wconf 84' lang='lat' dir='ltr'><strong>dedicans,</strong></span> <span class='ocrx_word' id='word_1_398' title='bbox 1310 3981 1433 4031; x_wconf 90' lang='lat' dir='ltr'><strong>dum</strong></span> <span class='ocrx_word' id='word_1_399' title='bbox 1482 3981 1531 4032; x_wconf 92' lang='lat' dir='ltr'><strong>in</strong></span> <span class='ocrx_word' id='word_1_400' title='bbox 1564 3988 1674 4033; x_wconf 81' lang='lat' dir='ltr'><strong>&#39;sua</strong></span> <span class='ocrx_word' id='word_1_401' title='bbox 1716 3983 1780 4035; x_wconf 93' lang='lat' dir='ltr'><strong>ad</strong></span> <span class='ocrx_word' id='word_1_402' title='bbox 1829 3998 1949 4035; x_wconf 92' lang='lat' dir='ltr'><strong>eum</strong></span> <span class='ocrx_word' id='word_1_403' title='bbox 2004 3982 2328 4038; x_wconf 69' lang='lat' dir='ltr'><strong>Prml‘atione</strong></span> 
     </span>
    </p>
   </div>
   <div class='ocr_carea' id='block_1_70' title="bbox 754 4071 2328 4139">
    <p class='ocr_par' dir='ltr' id='par_1_70' title="bbox 754 4071 2328 4139">
     <span class='ocr_line' id='line_1_72' title="bbox 754 4071 2328 4139; baseline 0.007 -20"><span class='ocrx_word' id='word_1_404' title='bbox 754 4072 819 4121; x_wconf 87' lang='lat' dir='ltr'><strong>ad</strong></span> <span class='ocrx_word' id='word_1_405' title='bbox 865 4071 1108 4122; x_wconf 85' lang='lat' dir='ltr'><strong>discendi</strong></span> <span class='ocrx_word' id='word_1_406' title='bbox 1152 4071 1389 4123; x_wconf 83' lang='lat' dir='ltr'><strong>studium</strong></span> <span class='ocrx_word' id='word_1_407' title='bbox 1436 4072 1705 4133; x_wconf 86' lang='lat' dir='ltr'><strong>hortatur,</strong></span> <span class='ocrx_word' id='word_1_408' title='bbox 1736 4082 1789 4125; x_wconf 89' lang='lat' dir='ltr'><strong>et</strong></span> <span class='ocrx_word' id='word_1_409' title='bbox 1827 4089 1961 4139; x_wconf 84' lang='lat' dir='ltr'><strong>opus</strong></span> <span class='ocrx_word' id='word_1_410' title='bbox 2005 4076 2103 4128; x_wconf 89' lang='lat' dir='ltr'><strong>hoc</strong></span> <span class='ocrx_word' id='word_1_411' title='bbox 2151 4077 2328 4130; x_wconf 83' lang='lat' dir='ltr'><strong>vet-his</strong></span> 
     </span>
    </p>
   </div>
   <div class='ocr_carea' id='block_1_71' title="bbox 752 4160 2324 4231">
    <p class='ocr_par' dir='ltr' id='par_1_71' title="bbox 752 4160 2324 4231">
     <span class='ocr_line' id='line_1_73' title="bbox 752 4160 2324 4231; baseline 0.004 -19"><span class='ocrx_word' id='word_1_412' title='bbox 752 4160 980 4221; x_wconf 78' lang='lat' dir='ltr'><strong>extollit,</strong></span> <span class='ocrx_word' id='word_1_413' title='bbox 1023 4170 1228 4227; x_wconf 77' lang='lat' dir='ltr'><strong>septem</strong></span> <span class='ocrx_word' id='word_1_414' title='bbox 1283 4174 1401 4212; x_wconf 84' lang='lat' dir='ltr'><strong>sese</strong></span> <span class='ocrx_word' id='word_1_415' title='bbox 1448 4161 1524 4211; x_wconf 82' lang='lat' dir='ltr'><strong>ait</strong></span> <span class='ocrx_word' id='word_1_416' title='bbox 1591 4176 1753 4227; x_wconf 83' lang='lat' dir='ltr'><strong>supra</strong></span> <span class='ocrx_word' id='word_1_417' title='bbox 1808 4164 2022 4231; x_wconf 76' lang='lat' dir='ltr'><strong>triginta</strong></span> <span class='ocrx_word' id='word_1_418' title='bbox 2078 4165 2129 4217; x_wconf 93' lang='lat' dir='ltr'><strong>in</strong></span> <span class='ocrx_word' id='word_1_419' title='bbox 2179 4166 2324 4219; x_wconf 92' lang='lat' dir='ltr'><strong>illum</strong></span> 
     </span>
    </p>
   </div>
   <div class='ocr_carea' id='block_1_72' title="bbox 753 4251 2325 4325">
    <p class='ocr_par' dir='ltr' id='par_1_72' title="bbox 753 4251 2325 4325">
     <span class='ocr_line' id='line_1_74' title="bbox 753 4251 2325 4325; baseline 0.009 -26"><span class='ocrx_word' id='word_1_420' title='bbox 753 4265 922 4316; x_wconf 87' lang='lat' dir='ltr'><strong>usque</strong></span> <span class='ocrx_word' id='word_1_421' title='bbox 951 4251 1093 4303; x_wconf 87' lang='lat' dir='ltr'><strong>diem</strong></span> <span class='ocrx_word' id='word_1_422' title='bbox 1128 4252 1499 4319; x_wconf 83' lang='lat' dir='ltr'><strong>composuisse</strong></span> <span class='ocrx_word' id='word_1_423' title='bbox 1533 4253 1718 4316; x_wconf 90' lang='lat' dir='ltr'><strong>libros,</strong></span> <span class='ocrx_word' id='word_1_424' title='bbox 1752 4269 1886 4321; x_wconf 84' lang='lat' dir='ltr'><strong>quos</strong></span> <span class='ocrx_word' id='word_1_425' title='bbox 1925 4267 1976 4308; x_wconf 93' lang='lat' dir='ltr'><strong>et</strong></span> <span class='ocrx_word' id='word_1_426' title='bbox 2014 4258 2325 4325; x_wconf 88' lang='lat' dir='ltr'><strong>imperatori</strong></span> 
     </span>
    </p>
   </div>
   <div class='ocr_carea' id='block_1_73' title="bbox 750 4342 2323 4412">
    <p class='ocr_par' dir='ltr' id='par_1_73' title="bbox 750 4342 2323 4412">
     <span class='ocr_line' id='line_1_75' title="bbox 750 4342 2323 4412; baseline 0.007 -21"><span class='ocrx_word' id='word_1_427' title='bbox 750 4342 1030 4404; x_wconf 84' lang='lat' dir='ltr'><strong>obtulerit,</strong></span> <span class='ocrx_word' id='word_1_428' title='bbox 1064 4356 1228 4409; x_wconf 83' lang='lat' dir='ltr'><strong>seque</strong></span> <span class='ocrx_word' id='word_1_429' title='bbox 1262 4344 1396 4394; x_wconf 87' lang='lat' dir='ltr'><strong>alios</strong></span> <span class='ocrx_word' id='word_1_430' title='bbox 1431 4345 1648 4395; x_wconf 85' lang='lat' dir='ltr'><strong>totidem</strong></span> <span class='ocrx_word' id='word_1_431' title='bbox 1691 4356 1895 4412; x_wconf 63' lang='lat' dir='ltr'><strong>praeter</strong></span> <span class='ocrx_word' id='word_1_432' title='bbox 1922 4347 2017 4400; x_wconf 89' lang='lat' dir='ltr'><strong>hos</strong></span> <span class='ocrx_word' id='word_1_433' title='bbox 2054 4350 2323 4403; x_wconf 90' lang='lat' dir='ltr'><strong>editurum</strong></span> 
     </span>
    </p>
   </div>
   <div class='ocr_carea' id='block_1_74' title="bbox 752 4433 2323 4499">
    <p class='ocr_par' dir='ltr' id='par_1_74' title="bbox 752 4433 2323 4499">
     <span class='ocr_line' id='line_1_76' title="bbox 752 4433 2323 4499; baseline 0.01 -18"><span class='ocrx_word' id='word_1_434' title='bbox 752 4433 1041 4498; x_wconf 77' lang='lat' dir='ltr'><strong>promittit,</strong></span> <span class='ocrx_word' id='word_1_435' title='bbox 1094 4434 1140 4486; x_wconf 91' lang='lat' dir='ltr'><strong>si</strong></span> <span class='ocrx_word' id='word_1_436' title='bbox 1196 4434 1404 4499; x_wconf 79' lang='lat' dir='ltr'><strong>longior</strong></span> <span class='ocrx_word' id='word_1_437' title='bbox 1453 4435 1571 4487; x_wconf 73' lang='lat' dir='ltr'><strong>vitae</strong></span> <span class='ocrx_word' id='word_1_438' title='bbox 1623 4451 1785 4488; x_wconf 86' lang='lat' dir='ltr'><strong>usura</strong></span> <span class='ocrx_word' id='word_1_439' title='bbox 1839 4437 2076 4492; x_wconf 86' lang='lat' dir='ltr'><strong>daretur.</strong></span> <span class='ocrx_word' id='word_1_440' title='bbox 2123 4440 2323 4496; x_wconf 85' lang='lat' dir='ltr'><strong>Ilortun</strong></span> 
     </span>
    </p>
   </div>
   <div class='ocr_carea' id='block_1_75' title="bbox 752 4531 2321 4599">
    <p class='ocr_par' dir='ltr' id='par_1_75' title="bbox 752 4531 2321 4599">
     <span class='ocr_line' id='line_1_77' title="bbox 752 4531 2321 4599; baseline 0.004 -21"><span class='ocrx_word' id='word_1_441' title='bbox 752 4542 849 4580; x_wconf 91' lang='lat' dir='ltr'><strong>nos</strong></span> <span class='ocrx_word' id='word_1_442' title='bbox 903 4541 995 4580; x_wconf 80' lang='lat' dir='ltr'><strong>sex</strong></span> <span class='ocrx_word' id='word_1_443' title='bbox 1050 4538 1257 4579; x_wconf 90' lang='lat' dir='ltr'><strong>tantum</strong></span> <span class='ocrx_word' id='word_1_444' title='bbox 1312 4538 1365 4579; x_wconf 82' lang='lat' dir='ltr'><strong>et</strong></span> <span class='ocrx_word' id='word_1_445' title='bbox 1419 4531 1635 4595; x_wconf 82' lang='lat' dir='ltr'><strong>triginta</strong></span> <span class='ocrx_word' id='word_1_446' title='bbox 1679 4532 1811 4599; x_wconf 73' lang='grc'><strong>(44),</strong></span> <span class='ocrx_word' id='word_1_447' title='bbox 1850 4533 1922 4585; x_wconf 84' lang='grc' dir='ltr'><em>ιιιί</em></span> <span class='ocrx_word' id='word_1_448' title='bbox 1972 4534 2171 4587; x_wconf 90' lang='lat' dir='ltr'><strong>dictum</strong></span> <span class='ocrx_word' id='word_1_449' title='bbox 2220 4546 2321 4597; x_wconf 88' lang='lat' dir='ltr'><strong>est,</strong></span> 
     </span>
    </p>
   </div>
   <div class='ocr_carea' id='block_1_76' title="bbox 751 4625 2322 4695">
    <p class='ocr_par' dir='ltr' id='par_1_76' title="bbox 751 4625 2322 4695">
     <span class='ocr_line' id='line_1_78' title="bbox 751 4625 2322 4695; baseline 0.003 -19"><span class='ocrx_word' id='word_1_450' title='bbox 751 4625 997 4693; x_wconf 81' lang='lat' dir='ltr'><strong>legimus,</strong></span> <span class='ocrx_word' id='word_1_451' title='bbox 1032 4641 1059 4679; x_wconf 95' lang='lat' dir='ltr'><strong>a</strong></span> <span class='ocrx_word' id='word_1_452' title='bbox 1096 4628 1271 4695; x_wconf 88' lang='lat' dir='ltr'><strong>prima</strong></span> <span class='ocrx_word' id='word_1_453' title='bbox 1325 4627 1501 4679; x_wconf 87' lang='lat' dir='ltr'><strong>littera</strong></span> <span class='ocrx_word' id='word_1_454' title='bbox 1558 4629 1620 4680; x_wconf 89' lang='lat' dir='ltr'><strong>ad</strong></span> <span class='ocrx_word' id='word_1_455' title='bbox 1664 4638 1960 4680; x_wconf 80' lang='lat' dir='ltr'><strong>extremam</strong></span> <span class='ocrx_word' id='word_1_456' title='bbox 2012 4641 2180 4694; x_wconf 93' lang='lat' dir='ltr'><strong>usque</strong></span> <span class='ocrx_word' id='word_1_457' title='bbox 2229 4628 2322 4680; x_wconf 59' lang='lat' dir='ltr'><strong>deL</strong></span> 
     </span>
    </p>
   </div>
   <div class='ocr_carea' id='block_1_77' title="bbox 749 4716 965 4769">
    <p class='ocr_par' dir='ltr' id='par_1_77' title="bbox 749 4716 965 4769">
     <span class='ocr_line' id='line_1_79' title="bbox 749 4716 965 4769; baseline 0.014 -3"><span class='ocrx_word' id='word_1_458' title='bbox 749 4716 965 4769; x_wconf 79' lang='lat' dir='ltr'><strong>ductos.</strong></span> 
     </span>
    </p>
   </div>
   <div class='ocr_carea' id='block_1_78' title="bbox 822 4898 2323 4965">
    <p class='ocr_par' dir='ltr' id='par_1_78' title="bbox 822 4898 2323 4965">
     <span class='ocr_line' id='line_1_80' title="bbox 822 4898 2323 4965; baseline -0.001 -12"><span class='ocrx_word' id='word_1_459' title='bbox 822 4901 933 4953; x_wconf 79' lang='lat' dir='ltr'><strong>Etsi</strong></span> <span class='ocrx_word' id='word_1_460' title='bbox 993 4916 1120 4951; x_wconf 63' lang='lat' dir='ltr'><strong>vero</strong></span> <span class='ocrx_word' id='word_1_461' title='bbox 1168 4900 1479 4965; x_wconf 74' lang='lat' dir='ltr'><strong>imperatori</strong></span> <span class='ocrx_word' id='word_1_462' title='bbox 1533 4914 1626 4949; x_wconf 80' lang='lat' dir='ltr'><strong>eos</strong></span> <span class='ocrx_word' id='word_1_463' title='bbox 1676 4898 1839 4950; x_wconf 85' lang='lat' dir='ltr'><strong>libros</strong></span> <span class='ocrx_word' id='word_1_464' title='bbox 1884 4914 1942 4951; x_wconf 89' lang='lat' dir='ltr'><strong>se</strong></span> <span class='ocrx_word' id='word_1_465' title='bbox 1990 4900 2184 4954; x_wconf 86' lang='lat' dir='ltr'><strong>ollerre</strong></span> <span class='ocrx_word' id='word_1_466' title='bbox 2226 4902 2323 4965; x_wconf 89' lang='lat' dir='ltr'><strong>ait,</strong></span> 
     </span>
    </p>
   </div>
   <div class='ocr_carea' id='block_1_79' title="bbox 747 4992 2322 5059">
    <p class='ocr_par' dir='ltr' id='par_1_79' title="bbox 747 4992 2322 5059">
     <span class='ocr_line' id='line_1_81' title="bbox 747 4992 2322 5059; baseline -0.001 -12"><span class='ocrx_word' id='word_1_467' title='bbox 747 4997 911 5048; x_wconf 84' lang='lat' dir='ltr'><strong>variis</strong></span> <span class='ocrx_word' id='word_1_468' title='bbox 975 5003 1154 5046; x_wconf 92' lang='lat' dir='ltr'><strong>tamen</strong></span> <span class='ocrx_word' id='word_1_469' title='bbox 1212 4992 1430 5043; x_wconf 82' lang='lat' dir='ltr'><strong>eosdem</strong></span> <span class='ocrx_word' id='word_1_470' title='bbox 1493 5004 1835 5059; x_wconf 89' lang='lat' dir='ltr'><strong>nuncupasse</strong></span> <span class='ocrx_word' id='word_1_471' title='bbox 1887 5002 2119 5045; x_wconf 88' lang='lat' dir='ltr'><strong>constat.</strong></span> <span class='ocrx_word' id='word_1_472' title='bbox 2179 4992 2322 5047; x_wconf 86' lang='lat' dir='ltr'><strong>Con-</strong></span> 
     </span>
    </p>
   </div>
   <div class='ocr_carea' id='block_1_80' title="bbox 747 5083 2315 5152">
    <p class='ocr_par' dir='ltr' id='par_1_80' title="bbox 747 5083 2315 5152">
     <span class='ocr_line' id='line_1_82' title="bbox 747 5083 2315 5152; baseline -0.001 -11"><span class='ocrx_word' id='word_1_473' title='bbox 747 5089 921 5141; x_wconf 65' lang='lat' dir='ltr'><strong>l‘estim</strong></span> <span class='ocrx_word' id='word_1_474' title='bbox 952 5087 1098 5139; x_wconf 89' lang='lat' dir='ltr'><strong>enim</strong></span> <span class='ocrx_word' id='word_1_475' title='bbox 1147 5085 1377 5152; x_wconf 92' lang='lat' dir='ltr'><strong>primum</strong></span> <span class='ocrx_word' id='word_1_476' title='bbox 1424 5084 1635 5135; x_wconf 89' lang='lat' dir='ltr'><strong>illorum</strong></span> <span class='ocrx_word' id='word_1_477' title='bbox 1666 5083 1912 5136; x_wconf 82' lang='lat' dir='ltr'><strong>Aristocli</strong></span> <span class='ocrx_word' id='word_1_478' title='bbox 1946 5086 2157 5138; x_wconf 89' lang='lat' dir='ltr'><strong>cuidam</strong></span> <span class='ocrx_word' id='word_1_479' title='bbox 2191 5088 2315 5139; x_wconf 91' lang='lat' dir='ltr'><strong>mit-</strong></span> 
     </span>
    </p>
   </div>
   <div class='ocr_carea' id='block_1_81' title="bbox 747 5174 2319 5247">
    <p class='ocr_par' dir='ltr' id='par_1_81' title="bbox 747 5174 2319 5247">
     <span class='ocr_line' id='line_1_83' title="bbox 747 5174 2319 5247; baseline -0.002 -14"><span class='ocrx_word' id='word_1_480' title='bbox 747 5181 832 5243; x_wconf 90' lang='lat' dir='ltr'><strong>tit,</strong></span> <span class='ocrx_word' id='word_1_481' title='bbox 874 5192 1106 5247; x_wconf 83' lang='lat' dir='ltr'><strong>cumque</strong></span> <span class='ocrx_word' id='word_1_482' title='bbox 1151 5176 1297 5229; x_wconf 84' lang='lat' dir='ltr'><strong>velut</strong></span> <span class='ocrx_word' id='word_1_483' title='bbox 1353 5174 1534 5228; x_wconf 89' lang='lat' dir='ltr'><strong>ludum</strong></span> <span class='ocrx_word' id='word_1_484' title='bbox 1588 5174 1871 5242; x_wconf 89' lang='lat' dir='ltr'><strong>quemdam</strong></span> <span class='ocrx_word' id='word_1_485' title='bbox 1914 5176 2077 5228; x_wconf 88' lang='lat' dir='ltr'><strong>natali</strong></span> <span class='ocrx_word' id='word_1_486' title='bbox 2114 5178 2319 5230; x_wconf 81' lang='lat' dir='ltr'><strong>Aristo-</strong></span> 
     </span>
    </p>
   </div>
   <div class='ocr_carea' id='block_1_82' title="bbox 2438 3337 4018 3410">
    <p class='ocr_par' dir='ltr' id='par_1_82' title="bbox 2438 3337 4018 3410">
     <span class='ocr_line' id='line_1_84' title="bbox 2438 3337 4018 3410; baseline 0.004 -22"><span class='ocrx_word' id='word_1_487' title='bbox 2438 3337 2580 3405; x_wconf 85' lang='grc' dir='ltr'><em>λόγῳ</em></span> <span class='ocrx_word' id='word_1_488' title='bbox 2607 3338 2713 3389; x_wconf 77' lang='grc' dir='ltr'><em>τῶν</em></span> <span class='ocrx_word' id='word_1_489' title='bbox 2749 3339 2946 3403; x_wconf 78' lang='grc' dir='ltr'><em>λέξεων</em></span> <span class='ocrx_word' id='word_1_490' title='bbox 2981 3341 3073 3392; x_wconf 75' lang='grc' dir='ltr'><strong>καὶ</strong></span> <span class='ocrx_word' id='word_1_491' title='bbox 3102 3340 3276 3391; x_wconf 80' lang='grc' dir='ltr'><em>ταῦτα</em></span> <span class='ocrx_word' id='word_1_492' title='bbox 3310 3341 3793 3410; x_wconf 77' lang='grc' dir='ltr'><em>συμπεριειληφὼς</em></span> <span class='ocrx_word' id='word_1_493' title='bbox 3842 3344 4018 3395; x_wconf 76' lang='grc' dir='ltr'><em>ἐναπ-</em></span> 
     </span>
    </p>
   </div>
   <div class='ocr_carea' id='block_1_83' title="bbox 2437 3429 3866 3503">
    <p class='ocr_par' dir='ltr' id='par_1_83' title="bbox 2437 3429 3866 3503">
     <span class='ocr_line' id='line_1_85' title="bbox 2437 3429 3866 3503; baseline 0.005 -24"><span class='ocrx_word' id='word_1_494' title='bbox 2437 3429 2611 3481; x_wconf 82' lang='grc' dir='ltr'><em>έθετο.</em></span> <span class='ocrx_word' id='word_1_495' title='bbox 2631 3431 2788 3483; x_wconf 82' lang='grc' dir='ltr'><strong>Κατὰ</strong></span> <span class='ocrx_word' id='word_1_496' title='bbox 2818 3435 3083 3501; x_wconf 84' lang='grc' dir='ltr'><em>στοιχεῖον</em></span> <span class='ocrx_word' id='word_1_497' title='bbox 3112 3432 3168 3484; x_wconf 83' lang='grc' dir='ltr'>δὲ</span> <span class='ocrx_word' id='word_1_498' title='bbox 3192 3433 3285 3485; x_wconf 82' lang='grc' dir='ltr'><strong>καὶ</strong></span> <span class='ocrx_word' id='word_1_499' title='bbox 3308 3433 3447 3502; x_wconf 75' lang='grc' dir='ltr'><em>αὕτη</em></span> <span class='ocrx_word' id='word_1_500' title='bbox 3483 3435 3517 3503; x_wconf 77' lang='grc' dir='ltr'>ἡ</span> <span class='ocrx_word' id='word_1_501' title='bbox 3552 3436 3866 3503; x_wconf 82' lang='grc' dir='ltr'><em>συναγωγή.</em></span> 
     </span>
    </p>
   </div>
   <div class='ocr_carea' id='block_1_84' title="bbox 2511 3614 4018 3688">
    <p class='ocr_par' dir='ltr' id='par_1_84' title="bbox 2511 3614 4018 3688">
     <span class='ocr_line' id='line_1_86' title="bbox 2511 3614 4018 3688; baseline 0.003 -22"><span class='ocrx_word' id='word_1_502' title='bbox 2511 3615 2768 3682; x_wconf 75' lang='grc' dir='ltr'><em>’ίίκμασε</em></span> <span class='ocrx_word' id='word_1_503' title='bbox 2801 3614 2858 3666; x_wconf 83' lang='grc' dir='ltr'><strong>δὲ</strong></span> <span class='ocrx_word' id='word_1_504' title='bbox 2886 3616 2914 3666; x_wconf 85' lang='grc' dir='ltr'><strong>ό</strong></span> <span class='ocrx_word' id='word_1_505' title='bbox 2942 3614 3082 3684; x_wconf 79' lang='grc' dir='ltr'><em>ἀνὴρ</em></span> <span class='ocrx_word' id='word_1_506' title='bbox 3120 3616 3175 3666; x_wconf 83' lang='grc' dir='ltr'><em>ὲν</em></span> <span class='ocrx_word' id='word_1_507' title='bbox 3200 3616 3313 3677; x_wconf 87' lang='grc' dir='ltr'><em>τοῖς</em></span> <span class='ocrx_word' id='word_1_508' title='bbox 3352 3615 3567 3683; x_wconf 80' lang='grc' dir='ltr'><em>χρόνοις</em></span> <span class='ocrx_word' id='word_1_509' title='bbox 3594 3617 3825 3688; x_wconf 68' lang='grc' dir='ltr'><em>Μάρκου</em></span> <span class='ocrx_word' id='word_1_510' title='bbox 3858 3619 4018 3686; x_wconf 84' lang='grc' dir='ltr'><em>βασι-</em></span> 
     </span>
    </p>
   </div>
   <div class='ocr_carea' id='block_1_85' title="bbox 2441 3705 4014 3779">
    <p class='ocr_par' dir='ltr' id='par_1_85' title="bbox 2441 3705 4014 3779">
     <span class='ocr_line' id='line_1_87' title="bbox 2441 3705 4014 3779; baseline 0.004 -23"><span class='ocrx_word' id='word_1_511' title='bbox 2441 3705 2578 3768; x_wconf 84' lang='grc' dir='ltr'><em>λέως</em></span> <span class='ocrx_word' id='word_1_512' title='bbox 2614 3706 2903 3774; x_wconf 86' lang='grc' dir='ltr'><em>Ῥωμαίων</em></span> <span class='ocrx_word' id='word_1_513' title='bbox 2946 3708 3040 3758; x_wconf 76' lang='grc' dir='ltr'><strong>καὶ</strong></span> <span class='ocrx_word' id='word_1_514' title='bbox 3086 3706 3182 3757; x_wconf 81' lang='grc' dir='ltr'><em>τοῦ</em></span> <span class='ocrx_word' id='word_1_515' title='bbox 3237 3707 3427 3769; x_wconf 82' lang='grc' dir='ltr'><em>παιδὸς</em></span> <span class='ocrx_word' id='word_1_516' title='bbox 3474 3708 3641 3761; x_wconf 82' lang='grc' dir='ltr'><em>αὑτοῦ</em></span> <span class='ocrx_word' id='word_1_517' title='bbox 3688 3711 4014 3779; x_wconf 80' lang='grc' dir='ltr'><em>Κομμόδου,</em></span> 
     </span>
    </p>
   </div>
   <div class='ocr_carea' id='block_1_86' title="bbox 2436 3797 4017 3871">
    <p class='ocr_par' dir='ltr' id='par_1_86' title="bbox 2436 3797 4017 3871">
     <span class='ocr_line' id='line_1_88' title="bbox 2436 3797 4017 3871; baseline 0.005 -23"><span class='ocrx_word' id='word_1_518' title='bbox 2436 3798 2573 3866; x_wconf 84' lang='grc' dir='ltr'><em>πρὸς</em></span> <span class='ocrx_word' id='word_1_519' title='bbox 2599 3797 2657 3849; x_wconf 85' lang='grc' dir='ltr'><em>ὃν</em></span> <span class='ocrx_word' id='word_1_520' title='bbox 2694 3798 2790 3850; x_wconf 75' lang='grc' dir='ltr'><strong>καὶ</strong></span> <span class='ocrx_word' id='word_1_521' title='bbox 2819 3799 2920 3869; x_wconf 82' lang='grc' dir='ltr'><em>τὴν</em></span> <span class='ocrx_word' id='word_1_522' title='bbox 2945 3799 3200 3868; x_wconf 83' lang='grc' dir='ltr'><em>ἀπαρχὴν</em></span> <span class='ocrx_word' id='word_1_523' title='bbox 3218 3799 3265 3830; x_wconf 76' lang='grc' dir='ltr'><strong>⁵ο</strong></span> <span class='ocrx_word' id='word_1_524' title='bbox 3297 3799 3393 3853; x_wconf 83' lang='grc' dir='ltr'><em>τοῦ</em></span> <span class='ocrx_word' id='word_1_525' title='bbox 3426 3802 3805 3871; x_wconf 75' lang='grc' dir='ltr'><em>συντάγματος</em></span> <span class='ocrx_word' id='word_1_526' title='bbox 3837 3810 4017 3857; x_wconf 81' lang='grc' dir='ltr'><em>ποιεῖ-</em></span> 
     </span>
    </p>
   </div>
   <div class='ocr_carea' id='block_1_87' title="bbox 2433 3890 4013 3965">
    <p class='ocr_par' dir='ltr' id='par_1_87' title="bbox 2433 3890 4013 3965">
     <span class='ocr_line' id='line_1_89' title="bbox 2433 3890 4013 3965; baseline 0.004 -25"><span class='ocrx_word' id='word_1_527' title='bbox 2433 3907 2521 3942; x_wconf 86' lang='grc' dir='ltr'><strong>ται</strong></span> <span class='ocrx_word' id='word_1_528' title='bbox 2551 3891 2878 3959; x_wconf 77' lang='grc' dir='ltr'><em>ἐπιγράφων</em></span> <span class='ocrx_word' id='word_1_529' title='bbox 2904 3907 2917 3919; x_wconf 90' lang='grc'><strong>·</strong></span> <span class='ocrx_word' id='word_1_530' title='bbox 2958 3908 2976 3940; x_wconf 72' lang='grc' dir='ltr'><strong>ι</strong></span> <span class='ocrx_word' id='word_1_531' title='bbox 3015 3890 3288 3961; x_wconf 83' lang='grc' dir='ltr'><em>Κομμόδῳ</em></span> <span class='ocrx_word' id='word_1_532' title='bbox 3314 3892 3556 3961; x_wconf 80' lang='grc' dir='ltr'><em>Καίσαρι</em></span> <span class='ocrx_word' id='word_1_533' title='bbox 3582 3894 3844 3964; x_wconf 83' lang='grc' dir='ltr'><em>Φρύνιχος</em></span> <span class='ocrx_word' id='word_1_534' title='bbox 3883 3900 4013 3965; x_wconf 65' lang='grc' dir='ltr'><em>χαί-</em></span> 
     </span>
    </p>
   </div>
   <div class='ocr_carea' id='block_1_88' title="bbox 2438 3982 4012 4056">
    <p class='ocr_par' dir='ltr' id='par_1_88' title="bbox 2438 3982 4012 4056">
     <span class='ocr_line' id='line_1_90' title="bbox 2438 3982 4012 4056; baseline 0.004 -22"><span class='ocrx_word' id='word_1_535' title='bbox 2438 4000 2573 4054; x_wconf 87' lang='grc' dir='ltr'><em>ρειν.</em></span> <span class='ocrx_word' id='word_1_536' title='bbox 2607 4002 2623 4034; x_wconf 68' lang='grc' dir='ltr'><strong>ι</strong></span> <span class='ocrx_word' id='word_1_537' title='bbox 2701 3982 2860 4035; x_wconf 80' lang='grc' dir='ltr'><em>Ἀλλὰ</em></span> <span class='ocrx_word' id='word_1_538' title='bbox 2920 3984 3194 4051; x_wconf 84' lang='grc' dir='ltr'><em>Κομμόδῳ</em></span> <span class='ocrx_word' id='word_1_539' title='bbox 3248 3983 3309 4035; x_wconf 83' lang='grc' dir='ltr'><em>τὸ</em></span> <span class='ocrx_word' id='word_1_540' title='bbox 3363 3983 3567 4053; x_wconf 79' lang='grc' dir='ltr'><em>βιϐλίον</em></span> <span class='ocrx_word' id='word_1_541' title='bbox 3629 3990 4012 4056; x_wconf 82' lang='grc' dir='ltr'><em>προσφωνῶν,</em></span> 
     </span>
    </p>
   </div>
   <div class='ocr_carea' id='block_1_89' title="bbox 2438 4073 4012 4150">
    <p class='ocr_par' dir='ltr' id='par_1_89' title="bbox 2438 4073 4012 4150">
     <span class='ocr_line' id='line_1_91' title="bbox 2438 4073 4012 4150; baseline 0.002 -22"><span class='ocrx_word' id='word_1_542' title='bbox 2438 4075 2677 4143; x_wconf 70' lang='grc' dir='ltr'><em>κάκείνῳ</em></span> <span class='ocrx_word' id='word_1_543' title='bbox 2712 4073 3224 4143; x_wconf 77' lang='grc' dir='ltr'><em>προοιμιαζόμενος,</em></span> <span class='ocrx_word' id='word_1_544' title='bbox 3281 4074 3376 4127; x_wconf 77' lang='grc' dir='ltr'><strong>καὶ</strong></span> <span class='ocrx_word' id='word_1_545' title='bbox 3421 4077 3743 4147; x_wconf 83' lang='grc' dir='ltr'><em>παραίνεσιν</em></span> <span class='ocrx_word' id='word_1_546' title='bbox 3770 4079 4012 4150; x_wconf 73' lang='grc' dir='ltr'><em>φιλομαο</em></span> 
     </span>
    </p>
   </div>
   <div class='ocr_carea' id='block_1_90' title="bbox 2435 4165 4016 4241">
    <p class='ocr_par' dir='ltr' id='par_1_90' title="bbox 2435 4165 4016 4241">
     <span class='ocr_line' id='line_1_92' title="bbox 2435 4165 4016 4241; baseline -0.002 -22"><span class='ocrx_word' id='word_1_547' title='bbox 2435 4167 2555 4228; x_wconf 84' lang='grc' dir='ltr'><em>θίας</em></span> <span class='ocrx_word' id='word_1_548' title='bbox 2577 4166 2617 4197; x_wconf 80' lang='grc'><strong>⁸⁸</strong></span> <span class='ocrx_word' id='word_1_549' title='bbox 2653 4166 3075 4234; x_wconf 74' lang='grc' dir='ltr'><em>κατατιθέμενος</em></span> <span class='ocrx_word' id='word_1_550' title='bbox 3101 4206 3114 4227; x_wconf 96' lang='grc'><strong>,</strong></span> <span class='ocrx_word' id='word_1_551' title='bbox 3150 4166 3246 4218; x_wconf 76' lang='grc' dir='ltr'><strong>καὶ</strong></span> <span class='ocrx_word' id='word_1_552' title='bbox 3273 4165 3503 4236; x_wconf 80' lang='grc' dir='ltr'><em>ἐξαίρων</em></span> <span class='ocrx_word' id='word_1_553' title='bbox 3531 4166 3609 4237; x_wconf 84' lang='grc' dir='ltr'><em>τῷ</em></span> <span class='ocrx_word' id='word_1_554' title='bbox 3643 4168 3786 4240; x_wconf 86' lang='grc' dir='ltr'><em>λόγῳ</em></span> <span class='ocrx_word' id='word_1_555' title='bbox 3824 4171 3887 4223; x_wconf 81' lang='grc' dir='ltr'><em>τὸ</em></span> <span class='ocrx_word' id='word_1_556' title='bbox 3930 4173 4016 4241; x_wconf 80' lang='grc' dir='ltr'><strong>βι..</strong></span> 
     </span>
    </p>
   </div>
   <div class='ocr_carea' id='block_1_91' title="bbox 2435 4255 4015 4327">
    <p class='ocr_par' dir='ltr' id='par_1_91' title="bbox 2435 4255 4015 4327">
     <span class='ocr_line' id='line_1_93' title="bbox 2435 4255 4015 4327; baseline 0.004 -17"><span class='ocrx_word' id='word_1_557' title='bbox 2435 4259 2602 4319; x_wconf 87' lang='grc' dir='ltr'><em>6λίον,</em></span> <span class='ocrx_word' id='word_1_558' title='bbox 2643 4259 2700 4310; x_wconf 87' lang='grc' dir='ltr'><em>ὲν</em></span> <span class='ocrx_word' id='word_1_559' title='bbox 2733 4255 2815 4319; x_wconf 80' lang='grc' dir='ltr'><em>οἷς</em></span> <span class='ocrx_word' id='word_1_560' title='bbox 2845 4258 2992 4324; x_wconf 85' lang='grc' dir='ltr'><em>λέγει</em></span> <span class='ocrx_word' id='word_1_561' title='bbox 3028 4257 3104 4320; x_wconf 75' lang='grc' dir='ltr'><strong>λζ’</strong></span> <span class='ocrx_word' id='word_1_562' title='bbox 3148 4258 3298 4327; x_wconf 76' lang='grc' dir='ltr'><strong>αὐτῷ</strong></span> <span class='ocrx_word' id='word_1_563' title='bbox 3331 4258 3494 4327; x_wconf 84' lang='grc' dir='ltr'><em>μέχρι</em></span> <span class='ocrx_word' id='word_1_564' title='bbox 3523 4260 3615 4312; x_wconf 76' lang='grc' dir='ltr'><em>τοῦ</em></span> <span class='ocrx_word' id='word_1_565' title='bbox 3636 4260 3681 4291; x_wconf 82' lang='grc'><strong>⁸⁸</strong></span> <span class='ocrx_word' id='word_1_566' title='bbox 3717 4262 3838 4315; x_wconf 88' lang='grc' dir='ltr'><em>τότε</em></span> <span class='ocrx_word' id='word_1_567' title='bbox 3886 4282 4015 4317; x_wconf 82' lang='grc' dir='ltr'><em>και-</em></span> 
     </span>
    </p>
   </div>
   <div class='ocr_carea' id='block_1_92' title="bbox 2437 4344 4016 4423">
    <p class='ocr_par' dir='ltr' id='par_1_92' title="bbox 2437 4344 4016 4423">
     <span class='ocr_line' id='line_1_94' title="bbox 2437 4344 4016 4423; baseline 0.006 -26"><span class='ocrx_word' id='word_1_568' title='bbox 2437 4346 2531 4415; x_wconf 78' lang='grc' dir='ltr'><em>ροῦ</em></span> <span class='ocrx_word' id='word_1_569' title='bbox 2570 4345 2926 4413; x_wconf 85' lang='grc' dir='ltr'><em>συντετάχθαι</em></span> <span class='ocrx_word' id='word_1_570' title='bbox 2955 4346 3167 4413; x_wconf 86' lang='grc' dir='ltr'><em>λόγους,</em></span> <span class='ocrx_word' id='word_1_571' title='bbox 3190 4344 3284 4407; x_wconf 82' lang='grc' dir='ltr'><em>οὓς</em></span> <span class='ocrx_word' id='word_1_572' title='bbox 3314 4347 3406 4398; x_wconf 80' lang='grc' dir='ltr'><strong>καὶ</strong></span> <span class='ocrx_word' id='word_1_573' title='bbox 3434 4348 3727 4402; x_wconf 83' lang='grc' dir='ltr'><em>ἀναθέσθαι</em></span> <span class='ocrx_word' id='word_1_574' title='bbox 3751 4351 3902 4417; x_wconf 85' lang='grc' dir='ltr'><em>λέγει</em></span> <span class='ocrx_word' id='word_1_575' title='bbox 3933 4354 4016 4423; x_wconf 84' lang='grc' dir='ltr'><em>τῷ</em></span> 
     </span>
    </p>
   </div>
   <div class='ocr_carea' id='block_1_93' title="bbox 2436 4436 4013 4509">
    <p class='ocr_par' dir='ltr' id='par_1_93' title="bbox 2436 4436 4013 4509">
     <span class='ocr_line' id='line_1_95' title="bbox 2436 4436 4013 4509; baseline 0.003 -20"><span class='ocrx_word' id='word_1_576' title='bbox 2436 4437 2667 4507; x_wconf 70' lang='grc' dir='ltr'><em>βασιλεῖ,</em></span> <span class='ocrx_word' id='word_1_577' title='bbox 2715 4436 3112 4504; x_wconf 75' lang='grc' dir='ltr'><em>ἐπαγγέλλεται</em></span> <span class='ocrx_word' id='word_1_578' title='bbox 3164 4437 3259 4489; x_wconf 75' lang='grc' dir='ltr'><strong>καὶ</strong></span> <span class='ocrx_word' id='word_1_579' title='bbox 3290 4437 3485 4500; x_wconf 76' lang='grc' dir='ltr'><em>ἄλλους</em></span> <span class='ocrx_word' id='word_1_580' title='bbox 3529 4438 3819 4504; x_wconf 74' lang='grc' dir='ltr'><em>τοσούτους</em></span> <span class='ocrx_word' id='word_1_581' title='bbox 3850 4441 4013 4509; x_wconf 80' lang='grc' dir='ltr'><em>φιλο-</em></span> 
     </span>
    </p>
   </div>
   <div class='ocr_carea' id='block_1_94' title="bbox 2434 4527 4014 4600">
    <p class='ocr_par' dir='ltr' id='par_1_94' title="bbox 2434 4527 4014 4600">
     <span class='ocr_line' id='line_1_96' title="bbox 2434 4527 4014 4600; baseline 0.003 -19"><span class='ocrx_word' id='word_1_582' title='bbox 2434 4528 2733 4600; x_wconf 86' lang='grc' dir='ltr'><em>πονήσεθαι</em></span> <span class='ocrx_word' id='word_1_583' title='bbox 2792 4529 2890 4597; x_wconf 78' lang='grc' dir='ltr'><em>τῆς</em></span> <span class='ocrx_word' id='word_1_584' title='bbox 2969 4527 3116 4595; x_wconf 82' lang='grc' dir='ltr'><em>ζωῆς</em></span> <span class='ocrx_word' id='word_1_585' title='bbox 3175 4528 3337 4580; x_wconf 79' lang='grc' dir='ltr'><em>αὑτὸν</em></span> <span class='ocrx_word' id='word_1_586' title='bbox 3383 4530 3546 4581; x_wconf 65' lang='lat' dir='ltr'><strong>oux”</strong></span> <span class='ocrx_word' id='word_1_587' title='bbox 3590 4531 4014 4599; x_wconf 79' lang='grc' dir='ltr'><em>ἀπολιμπανού-</em></span> 
     </span>
    </p>
   </div>
   <div class='ocr_carea' id='block_1_95' title="bbox 2432 4616 4011 4692">
    <p class='ocr_par' dir='ltr' id='par_1_95' title="bbox 2432 4616 4011 4692">
     <span class='ocr_line' id='line_1_97' title="bbox 2432 4616 4011 4692; baseline 0.001 -19"><span class='ocrx_word' id='word_1_588' title='bbox 2432 4639 2551 4691; x_wconf 88' lang='grc' dir='ltr'><em>σης.</em></span> <span class='ocrx_word' id='word_1_589' title='bbox 2599 4620 2791 4687; x_wconf 83' lang='grc' dir='ltr'><em>Ἡμεῖς</em></span> <span class='ocrx_word' id='word_1_590' title='bbox 2820 4618 2897 4683; x_wconf 83' lang='grc' dir='ltr'><strong>δὲ,</strong></span> <span class='ocrx_word' id='word_1_591' title='bbox 2944 4618 3019 4679; x_wconf 83' lang='grc' dir='ltr'><em>ὡς</em></span> <span class='ocrx_word' id='word_1_592' title='bbox 3065 4616 3302 4687; x_wconf 75' lang='grc' dir='ltr'><em>ἔφημεν,</em></span> <span class='ocrx_word' id='word_1_593' title='bbox 3354 4616 3411 4683; x_wconf 78' lang='grc' dir='ltr'>ἓξ</span> <span class='ocrx_word' id='word_1_594' title='bbox 3446 4619 3539 4671; x_wconf 76' lang='grc' dir='ltr'><strong>καὶ</strong></span> <span class='ocrx_word' id='word_1_595' title='bbox 3567 4621 3865 4689; x_wconf 73' lang='grc' dir='ltr'><em>τριάκοντα</em></span> <span class='ocrx_word' id='word_1_596' title='bbox 3906 4624 4011 4692; x_wconf 85' lang='grc' dir='ltr'><em>μό-</em></span> 
     </span>
    </p>
   </div>
   <div class='ocr_carea' id='block_1_96' title="bbox 2428 4709 4012 4786">
    <p class='ocr_par' dir='ltr' id='par_1_96' title="bbox 2428 4709 4012 4786">
     <span class='ocr_line' id='line_1_98' title="bbox 2428 4709 4012 4786; baseline 0.002 -20"><span class='ocrx_word' id='word_1_597' title='bbox 2428 4731 2555 4776; x_wconf 87' lang='grc' dir='ltr'><em>νους</em></span> <span class='ocrx_word' id='word_1_598' title='bbox 2587 4713 2926 4781; x_wconf 82' lang='grc' dir='ltr'><em>ἀνέγνωμεν,</em></span> <span class='ocrx_word' id='word_1_599' title='bbox 2960 4709 3068 4763; x_wconf 82' lang='grc' dir='ltr'><strong>ἀπὸ</strong></span> <span class='ocrx_word' id='word_1_600' title='bbox 3093 4709 3189 4762; x_wconf 82' lang='grc' dir='ltr'><em>τοῦ</em></span> <span class='ocrx_word' id='word_1_601' title='bbox 3216 4728 3252 4763; x_wconf 87' lang='grc' dir='ltr'><strong>α</strong></span> <span class='ocrx_word' id='word_1_602' title='bbox 3286 4710 3796 4781; x_wconf 75' lang='grc' dir='ltr'><em>περιλαμϐάνοντας</em></span> <span class='ocrx_word' id='word_1_603' title='bbox 3840 4716 4012 4786; x_wconf 80' lang='grc' dir='ltr'><em>μέχρι</em></span> 
     </span>
    </p>
   </div>
   <div class='ocr_carea' id='block_1_97' title="bbox 2428 4807 2622 4861">
    <p class='ocr_par' dir='ltr' id='par_1_97' title="bbox 2428 4807 2622 4861">
     <span class='ocr_line' id='line_1_99' title="bbox 2428 4807 2622 4861; baseline -0.01 -2"><span class='ocrx_word' id='word_1_604' title='bbox 2428 4807 2525 4861; x_wconf 77' lang='grc' dir='ltr'><em>τοῦ</em></span> <span class='ocrx_word' id='word_1_605' title='bbox 2557 4825 2622 4859; x_wconf 92' lang='grc' dir='ltr'><em>ω.</em></span> 
     </span>
    </p>
   </div>
   <div class='ocr_carea' id='block_1_98' title="bbox 2514 4893 4014 4967">
    <p class='ocr_par' dir='ltr' id='par_1_98' title="bbox 2514 4893 4014 4967">
     <span class='ocr_line' id='line_1_100' title="bbox 2514 4893 4014 4967; baseline 0.001 -16"><span class='ocrx_word' id='word_1_606' title='bbox 2514 4897 2655 4951; x_wconf 79' lang='grc' dir='ltr'><em>Ἀλλ’</em></span> <span class='ocrx_word' id='word_1_607' title='bbox 2684 4900 2731 4951; x_wconf 83' lang='grc' dir='ltr'><strong>εί</strong></span> <span class='ocrx_word' id='word_1_608' title='bbox 2758 4899 2852 4949; x_wconf 72' lang='grc' dir='ltr'><strong>καὶ</strong></span> <span class='ocrx_word' id='word_1_609' title='bbox 2890 4897 2968 4967; x_wconf 85' lang='grc' dir='ltr'><em>τῷ</em></span> <span class='ocrx_word' id='word_1_610' title='bbox 3003 4893 3209 4966; x_wconf 80' lang='grc' dir='ltr'><em>βασιλέι</em></span> <span class='ocrx_word' id='word_1_611' title='bbox 3242 4913 3375 4967; x_wconf 83' lang='grc' dir='ltr'><em>φησι</em></span> <span class='ocrx_word' id='word_1_612' title='bbox 3407 4898 3534 4959; x_wconf 83' lang='grc' dir='ltr'><em>τοὺς</em></span> <span class='ocrx_word' id='word_1_613' title='bbox 3570 4899 3759 4964; x_wconf 83' lang='grc' dir='ltr'><em>λόγους</em></span> <span class='ocrx_word' id='word_1_614' title='bbox 3787 4900 4014 4953; x_wconf 82' lang='grc' dir='ltr'><em>ἀναθεῐ-</em></span> 
     </span>
    </p>
   </div>
   <div class='ocr_carea' id='block_1_99' title="bbox 2428 4989 4008 5063">
    <p class='ocr_par' dir='ltr' id='par_1_99' title="bbox 2428 4989 4008 5063">
     <span class='ocr_line' id='line_1_101' title="bbox 2428 4989 4008 5063; baseline -0.003 -16"><span class='ocrx_word' id='word_1_615' title='bbox 2428 5011 2538 5055; x_wconf 90' lang='grc' dir='ltr'><em>ναι,</em></span> <span class='ocrx_word' id='word_1_616' title='bbox 2570 4993 2721 5060; x_wconf 84' lang='grc' dir='ltr'><em>ὅμως</em></span> <span class='ocrx_word' id='word_1_617' title='bbox 2754 4990 3033 5058; x_wconf 78' lang='grc' dir='ltr'><em>διαφόροις</em></span> <span class='ocrx_word' id='word_1_618' title='bbox 3060 4989 3255 5051; x_wconf 77' lang='grc' dir='ltr'><em>αὐτοὺς</em></span> <span class='ocrx_word' id='word_1_619' title='bbox 3306 4990 3559 5056; x_wconf 85' lang='grc' dir='ltr'><em>φαίνεται</em></span> <span class='ocrx_word' id='word_1_620' title='bbox 3593 5008 4008 5063; x_wconf 81' lang='grc' dir='ltr'><em>προσπεφωνη-</em></span> 
     </span>
    </p>
   </div>
   <div class='ocr_carea' id='block_1_100' title="bbox 2436 5080 4011 5153">
    <p class='ocr_par' dir='ltr' id='par_1_100' title="bbox 2436 5080 4011 5153">
     <span class='ocr_line' id='line_1_102' title="bbox 2436 5080 4011 5153; baseline -0.002 -16"><span class='ocrx_word' id='word_1_621' title='bbox 2436 5084 2571 5147; x_wconf 81' lang='grc' dir='ltr'><strong>κὼς.</strong></span> <span class='ocrx_word' id='word_1_622' title='bbox 2617 5083 2824 5135; x_wconf 82' lang='grc' dir='ltr'><em>Αὐτίκα</em></span> <span class='ocrx_word' id='word_1_623' title='bbox 2855 5082 2900 5113; x_wconf 68' lang='grc'><strong><em>⁸⁵</em></strong></span> <span class='ocrx_word' id='word_1_624' title='bbox 2932 5082 3022 5132; x_wconf 79' lang='grc' dir='ltr'><em>τὸν</em></span> <span class='ocrx_word' id='word_1_625' title='bbox 3068 5080 3285 5149; x_wconf 84' lang='grc' dir='ltr'><em>πρῶτον</em></span> <span class='ocrx_word' id='word_1_626' title='bbox 3328 5081 3491 5133; x_wconf 77' lang='grc' dir='ltr'><em>αὑτὸν</em></span> <span class='ocrx_word' id='word_1_627' title='bbox 3530 5081 3720 5133; x_wconf 85' lang='grc' dir='ltr'><em>τοῦτον</em></span> <span class='ocrx_word' id='word_1_628' title='bbox 3748 5084 3792 5113; x_wconf 85' lang='grc'><strong>⁵⁸</strong></span> <span class='ocrx_word' id='word_1_629' title='bbox 3842 5083 4011 5153; x_wconf 85' lang='grc' dir='ltr'><em>λόγον</em></span> 
     </span>
    </p>
   </div>
   <div class='ocr_carea' id='block_1_101' title="bbox 2449 5172 4008 5245">
    <p class='ocr_par' dir='ltr' id='par_1_101' title="bbox 2449 5172 4008 5245">
     <span class='ocr_line' id='line_1_103' title="bbox 2449 5172 4008 5245; baseline -0.003 -15"><span class='ocrx_word' id='word_1_630' title='bbox 2449 5175 2783 5244; x_wconf 80' lang='grc' dir='ltr'><em>Ἀριστοκλεί</em></span> <span class='ocrx_word' id='word_1_631' title='bbox 2816 5191 2919 5227; x_wconf 87' lang='grc' dir='ltr'><em>τινι</em></span> <span class='ocrx_word' id='word_1_632' title='bbox 2951 5174 3187 5241; x_wconf 81' lang='grc' dir='ltr'><em>γράφει,</em></span> <span class='ocrx_word' id='word_1_633' title='bbox 3218 5172 3435 5225; x_wconf 83' lang='grc' dir='ltr'><em>παιδιάν</em></span> <span class='ocrx_word' id='word_1_634' title='bbox 3470 5189 3591 5224; x_wconf 80' lang='grc' dir='ltr'><em>τινα</em></span> <span class='ocrx_word' id='word_1_635' title='bbox 3640 5175 3705 5242; x_wconf 77' lang='grc' dir='ltr'><em>τῇ</em></span> <span class='ocrx_word' id='word_1_636' title='bbox 3737 5176 4008 5245; x_wconf 80' lang='grc' dir='ltr'><em>γενεθλίῳ</em></span> 
     </span>
    </p>
   </div>
   <div class='ocr_carea' id='block_1_102' title="bbox 2018 5316 2693 5373">
    <p class='ocr_par' dir='ltr' id='par_1_102' title="bbox 2018 5316 2693 5373">
     <span class='ocr_line' id='line_1_104' title="bbox 2018 5316 2693 5373; baseline -0.003 0"><span class='ocrx_word' id='word_1_637' title='bbox 2018 5319 2101 5373; x_wconf 79' lang='lat' dir='ltr'><strong>VA</strong></span> <span class='ocrx_word' id='word_1_638' title='bbox 2114 5316 2177 5371; x_wconf 81' lang='lat' dir='ltr'><strong>III</strong></span> <span class='ocrx_word' id='word_1_639' title='bbox 2190 5318 2253 5371; x_wconf 67' lang='grc' dir='ltr'><strong>[Ε</strong></span> <span class='ocrx_word' id='word_1_640' title='bbox 2294 5316 2693 5373; x_wconf 80' lang='lat' dir='ltr'><strong>LECTIONES.</strong></span> 
     </span>
    </p>
   </div>
   <div class='ocr_carea' id='block_1_103' title="bbox 841 5413 1850 5489">
    <p class='ocr_par' dir='ltr' id='par_1_103' title="bbox 841 5413 1850 5489">
     <span class='ocr_line' id='line_1_105' title="bbox 841 5413 1850 5489; baseline -0.012 -15"><span class='ocrx_word' id='word_1_641' title='bbox 841 5420 883 5451; x_wconf 70' lang='grc'><strong>⁸⁸</strong></span> <span class='ocrx_word' id='word_1_642' title='bbox 924 5419 1263 5489; x_wconf 75' lang='grc' dir='ltr'><em>παράσχοιτο</em></span> <span class='ocrx_word' id='word_1_643' title='bbox 1312 5414 1410 5483; x_wconf 73' lang='grc' dir='ltr'><em>τὴν</em></span> <span class='ocrx_word' id='word_1_644' title='bbox 1455 5413 1755 5489; x_wconf 46' lang='grc' dir='ltr'><em>ᾡφέλειαν-</em></span> <span class='ocrx_word' id='word_1_645' title='bbox 1780 5432 1850 5478; x_wconf 78' lang='grc' dir='ltr'><strong>ς,</strong></span> 
     </span>
    </p>
   </div>
   <div class='ocr_carea' id='block_1_104' title="bbox 746 5484 2203 5560">
    <p class='ocr_par' dir='ltr' id='par_1_104' title="bbox 746 5484 2203 5560">
     <span class='ocr_line' id='line_1_106' title="bbox 746 5484 2203 5560; baseline -0.005 -18"><span class='ocrx_word' id='word_1_646' title='bbox 746 5484 1271 5560; x_wconf 67' lang='grc' dir='ltr'><em>καταλιμέτανούσης</em></span> <span class='ocrx_word' id='word_1_647' title='bbox 1305 5502 1363 5548; x_wconf 83' lang='grc' dir='ltr'><em>ς.</em></span> <span class='ocrx_word' id='word_1_648' title='bbox 1463 5485 1508 5514; x_wconf 66' lang='grc'><strong>⁵³</strong></span> <span class='ocrx_word' id='word_1_649' title='bbox 1536 5484 1758 5554; x_wconf 77' lang='grc' dir='ltr'><em>αὐτίκα]</em></span> <span class='ocrx_word' id='word_1_650' title='bbox 1789 5488 1878 5537; x_wconf 67' lang='grc' dir='ltr'><strong>καὶ</strong></span> <span class='ocrx_word' id='word_1_651' title='bbox 1918 5484 2113 5538; x_wconf 77' lang='grc' dir='ltr'><em>αὐτίκα</em></span> <span class='ocrx_word' id='word_1_652' title='bbox 2143 5505 2203 5549; x_wconf 78' lang='grc' dir='ltr'><em>ς.</em></span> 
     </span>
    </p>
   </div>
   <div class='ocr_carea' id='block_1_105' title="bbox 1939 5416 1981 5445">
    <p class='ocr_par' dir='ltr' id='par_1_105' title="bbox 1939 5416 1981 5445">
     <span class='ocr_line' id='line_1_107' title="bbox 1939 5416 1981 5445; baseline -0.024 0"><span class='ocrx_word' id='word_1_653' title='bbox 1939 5416 1981 5445; x_wconf 65' lang='grc' dir='ltr'><em>δν</em></span> 
     </span>
    </p>
   </div>
   <div class='ocr_carea' id='block_1_106' title="bbox 2011 5415 2867 5551">
    <p class='ocr_par' dir='ltr' id='par_1_106' title="bbox 2011 5415 2867 5551">
     <span class='ocr_line' id='line_1_108' title="bbox 2011 5415 2809 5485; baseline 0.001 -18"><span class='ocrx_word' id='word_1_654' title='bbox 2011 5415 2276 5485; x_wconf 74' lang='grc' dir='ltr'><em>ἀρῤαϐίου</em></span> <span class='ocrx_word' id='word_1_655' title='bbox 2310 5434 2367 5479; x_wconf 80' lang='grc' dir='ltr'><em>ς.</em></span> <span class='ocrx_word' id='word_1_656' title='bbox 2474 5418 2518 5448; x_wconf 79' lang='grc'><strong><em>⁵⁸</em></strong></span> <span class='ocrx_word' id='word_1_657' title='bbox 2549 5417 2721 5485; x_wconf 81' lang='grc' dir='ltr'><em>ἀρχὴν</em></span> <span class='ocrx_word' id='word_1_658' title='bbox 2751 5435 2809 5481; x_wconf 83' lang='grc' dir='ltr'><em>ς.</em></span> 
     </span>
     <span class='ocr_line' id='line_1_109' title="bbox 2011 5487 2867 5551; baseline 0.007 -16"><span class='ocrx_word' id='word_1_659' title='bbox 2011 5488 2113 5537; x_wconf 70' lang='lat' dir='ltr'><strong>rixa</strong></span> <span class='ocrx_word' id='word_1_660' title='bbox 2143 5505 2203 5549; x_wconf 79' lang='grc' dir='ltr'><em>ς.</em></span> <span class='ocrx_word' id='word_1_661' title='bbox 2293 5488 2336 5519; x_wconf 81' lang='grc'><strong>⁵⁸</strong></span> <span class='ocrx_word' id='word_1_662' title='bbox 2370 5487 2549 5540; x_wconf 71' lang='grc' dir='ltr'><em>αὐτῶν</em></span> <span class='ocrx_word' id='word_1_663' title='bbox 2576 5488 2777 5540; x_wconf 82' lang='grc' dir='ltr'><em>τούτων</em></span> <span class='ocrx_word' id='word_1_664' title='bbox 2807 5505 2867 5551; x_wconf 79' lang='grc' dir='ltr'><em>ς.</em></span> 
     </span>
    </p>
   </div>
   <div class='ocr_carea' id='block_1_107' title="bbox 2474 5409 4003 5498">
    <p class='ocr_par' dir='ltr' id='par_1_107' title="bbox 2474 5409 4003 5498">
     <span class='ocr_line' id='line_1_110' title="bbox 2474 5409 4003 5498; baseline 0.007 -42"><span class='ocrx_word' id='word_1_665' title='bbox 2474 5418 2518 5498; x_wconf 49' lang='lat'><strong>5-0</strong></span> <span class='ocrx_word' id='word_1_666' title='bbox 2549 5417 2721 5498; x_wconf 54' lang='grc' dir='ltr'><strong>ἀρχὴν</strong></span> <span class='ocrx_word' id='word_1_667' title='bbox 2751 5435 2809 5481; x_wconf 81' lang='grc' dir='ltr'><strong>ς,</strong></span> <span class='ocrx_word' id='word_1_668' title='bbox 2890 5416 2930 5446; x_wconf 73' lang='grc'>³³</span> <span class='ocrx_word' id='word_1_669' title='bbox 2968 5412 3318 5482; x_wconf 77' lang='grc' dir='ltr'><em>φιλομαθείας</em></span> <span class='ocrx_word' id='word_1_670' title='bbox 3349 5427 3406 5474; x_wconf 75' lang='grc' dir='ltr'><em>ς.</em></span> <span class='ocrx_word' id='word_1_671' title='bbox 3484 5411 3528 5441; x_wconf 75' lang='grc'><strong><em>⁵⁸</em></strong></span> <span class='ocrx_word' id='word_1_672' title='bbox 3560 5409 3655 5462; x_wconf 73' lang='grc' dir='ltr'><em>τοῦ</em></span> <span class='ocrx_word' id='word_1_673' title='bbox 3686 5426 3800 5470; x_wconf 91' lang='lat' dir='ltr'><strong>om.</strong></span> <span class='ocrx_word' id='word_1_674' title='bbox 3839 5414 3907 5467; x_wconf 78' lang='grc' dir='ltr'><strong>Α.</strong></span> <span class='ocrx_word' id='word_1_675' title='bbox 3941 5413 4003 5466; x_wconf 74' lang='grc' dir='ltr'><em>οὐ</em></span> 
     </span>
    </p>
   </div>
   <div class='ocr_carea' id='block_1_108' title="bbox 2270 5598 2498 5655">
    <p class='ocr_par' dir='ltr' id='par_1_108' title="bbox 2270 5598 2498 5655">
     <span class='ocr_line' id='line_1_111' title="bbox 2270 5598 2498 5655; baseline 0.009 -2"><span class='ocrx_word' id='word_1_676' title='bbox 2270 5598 2498 5655; x_wconf 70' lang='lat' dir='ltr'><strong>NOTAE.</strong></span> 
     </span>
    </p>
   </div>
   <div class='ocr_carea' id='block_1_109' title="bbox 780 5696 2312 5792">
    <p class='ocr_par' dir='ltr' id='par_1_109' title="bbox 780 5696 2312 5792">
     <span class='ocr_line' id='line_1_112' title="bbox 780 5696 2312 5792; baseline -0.003 -38"><span class='ocrx_word' id='word_1_677' title='bbox 780 5700 925 5792; x_wconf 53' lang='grc' dir='ltr'><strong>ιμᾷ)</strong></span> <span class='ocrx_word' id='word_1_678' title='bbox 971 5698 1199 5752; x_wconf 82' lang='lat' dir='ltr'><strong>Exstare</strong></span> <span class='ocrx_word' id='word_1_679' title='bbox 1259 5698 1432 5752; x_wconf 78' lang='lat' dir='ltr'><strong>fertur</strong></span> <span class='ocrx_word' id='word_1_680' title='bbox 1486 5699 1537 5751; x_wconf 93' lang='lat' dir='ltr'><strong>in</strong></span> <span class='ocrx_word' id='word_1_681' title='bbox 1590 5698 1847 5750; x_wconf 83' lang='lat' dir='ltr'><strong>Vaticana</strong></span> <span class='ocrx_word' id='word_1_682' title='bbox 1899 5696 2171 5765; x_wconf 88' lang='lat' dir='ltr'><strong>pontilicis</strong></span> <span class='ocrx_word' id='word_1_683' title='bbox 2220 5696 2312 5749; x_wconf 80' lang='lat' dir='ltr'><strong>Bi-</strong></span> 
     </span>
    </p>
   </div>
   <div class='ocr_carea' id='block_1_110' title="bbox 741 5772 2314 5909">
    <p class='ocr_par' dir='ltr' id='par_1_110' title="bbox 741 5772 2314 5909">
     <span class='ocr_line' id='line_1_113' title="bbox 741 5772 2314 5909; baseline 0.001 -20"><span class='ocrx_word' id='word_1_684' title='bbox 741 5772 1107 5909; x_wconf 42' lang='grc' dir='ltr'><strong>ὶηῗὶὲἷςίῖεεε</strong></span> <span class='ocrx_word' id='word_1_685' title='bbox 1134 5837 1277 5892; x_wconf 77' lang='lat' dir='ltr'><strong>I’elri</strong></span> <span class='ocrx_word' id='word_1_686' title='bbox 1309 5834 1563 5889; x_wconf 77' lang='lat' dir='ltr'><strong>Nunnesii</strong></span> <span class='ocrx_word' id='word_1_687' title='bbox 1594 5835 1805 5890; x_wconf 64' lang='lat' dir='ltr'><strong>I‘ra&#39;fat.</strong></span> <span class='ocrx_word' id='word_1_688' title='bbox 1841 5836 1904 5891; x_wconf 87' lang='lat' dir='ltr'><strong>ad</strong></span> <span class='ocrx_word' id='word_1_689' title='bbox 1936 5836 2183 5906; x_wconf 85' lang='lat' dir='ltr'><strong>Pliryuici</strong></span> <span class='ocrx_word' id='word_1_690' title='bbox 2219 5836 2314 5891; x_wconf 79' lang='grc' dir='ltr'><strong>Λι-</strong></span> 
     </span>
    </p>
   </div>
   <div class='ocr_carea' id='block_1_111' title="bbox 2424 5696 3221 5764">
    <p class='ocr_par' dir='ltr' id='par_1_111' title="bbox 2424 5696 3221 5764">
     <span class='ocr_line' id='line_1_114' title="bbox 2424 5696 3221 5764; baseline -0.003 -12"><span class='ocrx_word' id='word_1_691' title='bbox 2424 5699 2613 5752; x_wconf 72' lang='grc' dir='ltr'><em>ιὶεἰςιπι</em></span> <span class='ocrx_word' id='word_1_692' title='bbox 2646 5697 2949 5764; x_wconf 78' lang='lat' dir='ltr'><strong>Epitomen,</strong></span> <span class='ocrx_word' id='word_1_693' title='bbox 2981 5707 3032 5751; x_wconf 86' lang='lat' dir='ltr'><strong>et</strong></span> <span class='ocrx_word' id='word_1_694' title='bbox 3068 5696 3221 5752; x_wconf 77' lang='lat' dir='ltr'><strong>Snid.</strong></span> 
     </span>
    </p>
   </div>
   <div class='ocr_carea' id='block_1_112' title="bbox 2496 5766 4001 5839">
    <p class='ocr_par' dir='ltr' id='par_1_112' title="bbox 2496 5766 4001 5839">
     <span class='ocr_line' id='line_1_115' title="bbox 2496 5766 4001 5839; baseline -0.001 -18"><span class='ocrx_word' id='word_1_695' title='bbox 2496 5771 2605 5835; x_wconf 71' lang='lat' dir='ltr'><strong>Ml)</strong></span> <span class='ocrx_word' id='word_1_696' title='bbox 2650 5769 2848 5823; x_wconf 77' lang='lat' dir='ltr'><strong>Suidas</strong></span> <span class='ocrx_word' id='word_1_697' title='bbox 2924 5779 3127 5838; x_wconf 79' lang='lat' dir='ltr'><strong>septem</strong></span> <span class='ocrx_word' id='word_1_698' title='bbox 3186 5780 3239 5822; x_wconf 87' lang='lat' dir='ltr'><strong>et</strong></span> <span class='ocrx_word' id='word_1_699' title='bbox 3298 5766 3650 5839; x_wconf 73' lang='lat' dir='ltr'><strong>quadraginta</strong></span> <span class='ocrx_word' id='word_1_700' title='bbox 3723 5779 4001 5822; x_wconf 82' lang='lat' dir='ltr'><strong>numerat.</strong></span> 
     </span>
    </p>
   </div>
  </div>
