  <div class='ocr_page' id='page_1' title='image "/cluster/home/n/w/nwhite01/storage/ocr_20150623/103/nnc1.0046979689/222.png"; bbox 0 0 4224 6446; ppageno 0'>
   <div class='ocr_carea' id='block_1_1' title="bbox 204 405 308 468">
    <p class='ocr_par' dir='ltr' id='par_1_1' title="bbox 204 405 308 468">
     <span class='ocr_line' id='line_1_1' title="bbox 204 405 308 468; baseline 0.029 -3"><span class='ocrx_word' id='word_1_1' title='bbox 204 405 308 468; x_wconf 73' lang='grc'><strong>429</strong></span> 
     </span>
    </p>
   </div>
   <div class='ocr_carea' id='block_1_2' title="bbox 1166 400 2545 467">
    <p class='ocr_par' dir='ltr' id='par_1_2' title="bbox 1166 400 2545 467">
     <span class='ocr_line' id='line_1_2' title="bbox 1166 400 2545 467; baseline -0.005 -1"><span class='ocrx_word' id='word_1_2' title='bbox 1166 406 1686 467; x_wconf 80' lang='lat' dir='ltr'><strong>BIBLIOTHECA.</strong></span> <span class='ocrx_word' id='word_1_3' title='bbox 1727 430 1797 441; x_wconf 90' lang='lat'>—</span> <span class='ocrx_word' id='word_1_4' title='bbox 1833 403 2047 465; x_wconf 90' lang='lat' dir='ltr'><strong>CODD.</strong></span> <span class='ocrx_word' id='word_1_5' title='bbox 2087 400 2545 463; x_wconf 65' lang='lat' dir='ltr'><strong>CLVI’CLVIII.</strong></span> 
     </span>
    </p>
   </div>
   <div class='ocr_carea' id='block_1_3' title="bbox 3348 396 3455 462">
    <p class='ocr_par' dir='ltr' id='par_1_3' title="bbox 3348 396 3455 462">
     <span class='ocr_line' id='line_1_3' title="bbox 3348 396 3455 462; baseline 0 -2"><span class='ocrx_word' id='word_1_6' title='bbox 3348 396 3455 462; x_wconf 69' lang='lat'><strong>430</strong></span> 
     </span>
    </p>
   </div>
   <div class='ocr_carea' id='block_1_4' title="bbox 204 508 1872 586">
    <p class='ocr_par' dir='ltr' id='par_1_4' title="bbox 204 514 1855 586">
     <span class='ocr_line' id='line_1_4' title="bbox 204 514 1855 586; baseline 0 -19"><span class='ocrx_word' id='word_1_7' title='bbox 204 516 385 585; x_wconf 72' lang='grc' dir='ltr'>ἡμέρᾳ</span> <span class='ocrx_word' id='word_1_8' title='bbox 415 514 512 567; x_wconf 72' lang='grc' dir='ltr'>τοῦ</span> <span class='ocrx_word' id='word_1_9' title='bbox 549 514 959 586; x_wconf 76' lang='grc' dir='ltr'>’Δριστοκλέους</span> <span class='ocrx_word' id='word_1_10' title='bbox 990 516 1368 585; x_wconf 76' lang='grc' dir='ltr'><strong>ἁρμόττουσαν</strong></span> <span class='ocrx_word' id='word_1_11' title='bbox 1398 516 1783 585; x_wconf 83' lang='grc' dir='ltr'>φιλοτιμούμε-</span> <span class='ocrx_word' id='word_1_12' title='bbox 1811 524 1855 573; x_wconf 72' lang='grc' dir='ltr'><strong>Α</strong></span> 
     </span>
    </p>
   </div>
   <div class='ocr_carea' id='block_1_5' title="bbox 1788 508 3456 586">
    <p class='ocr_par' dir='ltr' id='par_1_5' title="bbox 1811 508 3456 582">
     <span class='ocr_line' id='line_1_5' title="bbox 1811 508 3456 582; baseline -0.002 -15"><span class='ocrx_word' id='word_1_13' title='bbox 1811 524 1855 573; x_wconf 71' lang='grc' dir='ltr'><strong>Α</strong></span> <span class='ocrx_word' id='word_1_14' title='bbox 1884 514 1985 567; x_wconf 88' lang='lat' dir='ltr'><strong>clis</strong></span> <span class='ocrx_word' id='word_1_15' title='bbox 2032 512 2145 582; x_wconf 65' lang='lat'><strong>(45)</strong></span> <span class='ocrx_word' id='word_1_16' title='bbox 2190 512 2278 566; x_wconf 89' lang='lat' dir='ltr'><strong>die</strong></span> <span class='ocrx_word' id='word_1_17' title='bbox 2328 510 2737 565; x_wconf 89' lang='lat' dir='ltr'><strong>accommodum</strong></span> <span class='ocrx_word' id='word_1_18' title='bbox 2783 508 2897 563; x_wconf 80' lang='lat' dir='ltr'><strong>ﬁeri</strong></span> <span class='ocrx_word' id='word_1_19' title='bbox 2946 518 3189 576; x_wconf 81' lang='lat' dir='ltr'><strong>exoptat,</strong></span> <span class='ocrx_word' id='word_1_20' title='bbox 3222 523 3330 579; x_wconf 91' lang='lat' dir='ltr'><strong>quo</strong></span> <span class='ocrx_word' id='word_1_21' title='bbox 3367 509 3456 566; x_wconf 83' lang='lat' dir='ltr'><strong>ille</strong></span> 
     </span>
    </p>
   </div>
   <div class='ocr_carea' id='block_1_6' title="bbox 202 607 1783 677">
    <p class='ocr_par' dir='ltr' id='par_1_6' title="bbox 202 607 1783 677">
     <span class='ocr_line' id='line_1_6' title="bbox 202 607 1783 677; baseline 0.001 -20"><span class='ocrx_word' id='word_1_22' title='bbox 202 628 285 670; x_wconf 83' lang='grc' dir='ltr'><strong>νος</strong></span> <span class='ocrx_word' id='word_1_23' title='bbox 316 608 578 676; x_wconf 83' lang='grc' dir='ltr'>γενέσθαι</span> <span class='ocrx_word' id='word_1_24' title='bbox 604 609 702 677; x_wconf 82' lang='grc' dir='ltr'><strong>τὴν</strong></span> <span class='ocrx_word' id='word_1_25' title='bbox 722 607 936 676; x_wconf 81' lang='grc' dir='ltr'>γραφὴν</span> <span class='ocrx_word' id='word_1_26' title='bbox 961 608 1055 660; x_wconf 76' lang='grc' dir='ltr'>καὶ</span> <span class='ocrx_word' id='word_1_27' title='bbox 1081 607 1429 675; x_wconf 87' lang='grc' dir='ltr'>συμπαίστην</span> <span class='ocrx_word' id='word_1_28' title='bbox 1454 609 1498 638; x_wconf 81' lang='grc'>⁸⁸</span> <span class='ocrx_word' id='word_1_29' title='bbox 1516 608 1783 677; x_wconf 73' lang='grc' dir='ltr'><strong>ὑπάρχειν</strong></span> 
     </span>
    </p>
   </div>
   <div class='ocr_carea' id='block_1_7' title="bbox 203 702 1783 773">
    <p class='ocr_par' dir='ltr' id='par_1_7' title="bbox 203 702 1783 773">
     <span class='ocr_line' id='line_1_7' title="bbox 203 702 1783 773; baseline 0.003 -23"><span class='ocrx_word' id='word_1_30' title='bbox 203 702 388 754; x_wconf 67' lang='grc' dir='ltr'>αὐτόν.</span> <span class='ocrx_word' id='word_1_31' title='bbox 441 702 716 764; x_wconf 83' lang='grc' dir='ltr'>Ὡσαύτως</span> <span class='ocrx_word' id='word_1_32' title='bbox 750 703 807 754; x_wconf 83' lang='grc' dir='ltr'>δὲ</span> <span class='ocrx_word' id='word_1_33' title='bbox 843 704 936 755; x_wconf 80' lang='grc' dir='ltr'>καὶ</span> <span class='ocrx_word' id='word_1_34' title='bbox 997 703 1088 755; x_wconf 76' lang='grc' dir='ltr'>τὸν</span> <span class='ocrx_word' id='word_1_35' title='bbox 1132 703 1386 771; x_wconf 86' lang='grc' dir='ltr'>δεύτερον</span> <span class='ocrx_word' id='word_1_36' title='bbox 1435 704 1593 769; x_wconf 88' lang='grc' dir='ltr'>λόγον</span> <span class='ocrx_word' id='word_1_37' title='bbox 1634 704 1783 773; x_wconf 76' lang='grc' dir='ltr'>αὐτῴ</span> 
     </span>
    </p>
   </div>
   <div class='ocr_carea' id='block_1_8' title="bbox 204 793 1783 864">
    <p class='ocr_par' dir='ltr' id='par_1_8' title="bbox 204 793 1783 864">
     <span class='ocr_line' id='line_1_8' title="bbox 204 793 1783 864; baseline 0.003 -23"><span class='ocrx_word' id='word_1_38' title='bbox 204 795 545 860; x_wconf 84' lang='grc' dir='ltr'>προσφωνεῖ,</span> <span class='ocrx_word' id='word_1_39' title='bbox 598 794 693 845; x_wconf 71' lang='grc' dir='ltr'>καὶ</span> <span class='ocrx_word' id='word_1_40' title='bbox 719 794 782 861; x_wconf 84' lang='grc' dir='ltr'>δὴ</span> <span class='ocrx_word' id='word_1_41' title='bbox 820 793 914 844; x_wconf 77' lang='grc' dir='ltr'>καὶ</span> <span class='ocrx_word' id='word_1_42' title='bbox 944 795 1035 845; x_wconf 79' lang='grc' dir='ltr'><strong>τὸν</strong></span> <span class='ocrx_word' id='word_1_43' title='bbox 1067 794 1270 861; x_wconf 90' lang='grc' dir='ltr'>τρίτον.</span> <span class='ocrx_word' id='word_1_44' title='bbox 1305 794 1410 846; x_wconf 83' lang='grc' dir='ltr'>Τὸν</span> <span class='ocrx_word' id='word_1_45' title='bbox 1438 795 1494 846; x_wconf 83' lang='grc' dir='ltr'><strong>δὲ</strong></span> <span class='ocrx_word' id='word_1_46' title='bbox 1523 796 1783 864; x_wconf 91' lang='grc' dir='ltr'>τέταρτον</span> 
     </span>
    </p>
   </div>
   <div class='ocr_carea' id='block_1_9' title="bbox 214 884 1783 954">
    <p class='ocr_par' dir='ltr' id='par_1_9' title="bbox 214 884 1783 954">
     <span class='ocr_line' id='line_1_9' title="bbox 214 884 1783 954; baseline -0.001 -17"><span class='ocrx_word' id='word_1_47' title='bbox 214 886 497 953; x_wconf 75' lang='grc' dir='ltr'>Ἰουλιανῷ</span> <span class='ocrx_word' id='word_1_48' title='bbox 526 902 631 936; x_wconf 88' lang='grc' dir='ltr'>τινι</span> <span class='ocrx_word' id='word_1_49' title='bbox 662 884 968 953; x_wconf 81' lang='grc' dir='ltr'>συμπολίτῃ</span> <span class='ocrx_word' id='word_1_50' title='bbox 1004 887 1098 937; x_wconf 79' lang='grc' dir='ltr'><strong>καὶ</strong></span> <span class='ocrx_word' id='word_1_51' title='bbox 1125 886 1264 954; x_wconf 81' lang='grc' dir='ltr'>φίλῳ</span> <span class='ocrx_word' id='word_1_52' title='bbox 1314 889 1646 954; x_wconf 74' lang='grc' dir='ltr'>προσφωνεῖ,</span> <span class='ocrx_word' id='word_1_53' title='bbox 1690 886 1783 938; x_wconf 88' lang='grc' dir='ltr'><strong>καί</strong></span> 
     </span>
    </p>
   </div>
   <div class='ocr_carea' id='block_1_10' title="bbox 204 976 1782 1047">
    <p class='ocr_par' dir='ltr' id='par_1_10' title="bbox 204 976 1782 1047">
     <span class='ocr_line' id='line_1_10' title="bbox 204 976 1782 1047; baseline 0.001 -19"><span class='ocrx_word' id='word_1_54' title='bbox 204 994 374 1047; x_wconf 83' lang='grc' dir='ltr'>φησιν</span> <span class='ocrx_word' id='word_1_55' title='bbox 407 977 493 1028; x_wconf 78' lang='grc' dir='ltr'>ὅτι</span> <span class='ocrx_word' id='word_1_56' title='bbox 535 976 869 1045; x_wconf 80' lang='grc' dir='ltr'>’Λριστοκλεῖ</span> <span class='ocrx_word' id='word_1_57' title='bbox 920 978 1018 1043; x_wconf 83' lang='grc' dir='ltr'><strong>μὲν</strong></span> <span class='ocrx_word' id='word_1_58' title='bbox 1044 976 1102 1041; x_wconf 73' lang='grc' dir='ltr'>ἐξ</span> <span class='ocrx_word' id='word_1_59' title='bbox 1136 979 1309 1046; x_wconf 77' lang='grc' dir='ltr'>ἀρχῆς</span> <span class='ocrx_word' id='word_1_60' title='bbox 1353 977 1554 1046; x_wconf 79' lang='grc' dir='ltr'>ὥριστο</span> <span class='ocrx_word' id='word_1_61' title='bbox 1585 980 1616 1045; x_wconf 80' lang='grc' dir='ltr'>ἡ</span> <span class='ocrx_word' id='word_1_62' title='bbox 1647 994 1782 1043; x_wconf 87' lang='grc' dir='ltr'>πρα-</span> 
     </span>
    </p>
   </div>
   <div class='ocr_carea' id='block_1_11' title="bbox 204 1066 1785 1137">
    <p class='ocr_par' dir='ltr' id='par_1_11' title="bbox 204 1066 1785 1137">
     <span class='ocr_line' id='line_1_11' title="bbox 204 1066 1785 1137; baseline -0.001 -17"><span class='ocrx_word' id='word_1_63' title='bbox 204 1068 450 1135; x_wconf 79' lang='grc' dir='ltr'>γματεία</span> <span class='ocrx_word' id='word_1_64' title='bbox 506 1066 926 1135; x_wconf 78' lang='grc' dir='ltr'>προσειρῆσθαι,</span> <span class='ocrx_word' id='word_1_65' title='bbox 974 1069 1096 1119; x_wconf 76' lang='grc' dir='ltr'>ἐπεὶ</span> <span class='ocrx_word' id='word_1_66' title='bbox 1158 1069 1214 1120; x_wconf 74' lang='grc' dir='ltr'><strong>δὲ</strong></span> <span class='ocrx_word' id='word_1_67' title='bbox 1263 1070 1469 1129; x_wconf 78' lang='grc' dir='ltr'>ἐκεῖνος</span> <span class='ocrx_word' id='word_1_68' title='bbox 1524 1069 1785 1137; x_wconf 81' lang='grc' dir='ltr'>βασιλικῷ</span> 
     </span>
    </p>
   </div>
   <div class='ocr_carea' id='block_1_12' title="bbox 202 1157 1779 1228">
    <p class='ocr_par' dir='ltr' id='par_1_12' title="bbox 202 1157 1779 1228">
     <span class='ocr_line' id='line_1_12' title="bbox 202 1157 1779 1228; baseline 0.002 -18"><span class='ocrx_word' id='word_1_69' title='bbox 202 1159 440 1227; x_wconf 76' lang='grc' dir='ltr'>δόγματι</span> <span class='ocrx_word' id='word_1_70' title='bbox 489 1160 589 1226; x_wconf 84' lang='grc' dir='ltr'><strong>τῆς</strong></span> <span class='ocrx_word' id='word_1_71' title='bbox 633 1159 688 1208; x_wconf 79' lang='grc' dir='ltr'><strong>ἐν</strong></span> <span class='ocrx_word' id='word_1_72' title='bbox 726 1157 911 1227; x_wconf 83' lang='grc' dir='ltr'>Ῥώμῃ</span> <span class='ocrx_word' id='word_1_73' title='bbox 958 1159 1200 1227; x_wconf 78' lang='grc' dir='ltr'><strong>μεγάλης</strong></span> <span class='ocrx_word' id='word_1_74' title='bbox 1252 1160 1448 1228; x_wconf 85' lang='grc' dir='ltr'>βουλῆς</span> <span class='ocrx_word' id='word_1_75' title='bbox 1494 1162 1717 1226; x_wconf 72' lang='grc' dir='ltr'>ἐγένετο</span> <span class='ocrx_word' id='word_1_76' title='bbox 1738 1162 1779 1193; x_wconf 83' lang='grc'><strong>⁵⁷</strong></span> 
     </span>
    </p>
   </div>
   <div class='ocr_carea' id='block_1_13' title="bbox 205 1249 1787 1319">
    <p class='ocr_par' dir='ltr' id='par_1_13' title="bbox 205 1249 1787 1319">
     <span class='ocr_line' id='line_1_13' title="bbox 205 1249 1787 1319; baseline 0.001 -17"><span class='ocrx_word' id='word_1_77' title='bbox 205 1251 488 1312; x_wconf 84' lang='grc' dir='ltr'>κοινωνὸς,</span> <span class='ocrx_word' id='word_1_78' title='bbox 533 1249 721 1302; x_wconf 70' lang='grc' dir='ltr'>τοῦτον</span> <span class='ocrx_word' id='word_1_79' title='bbox 766 1251 878 1302; x_wconf 83' lang='grc' dir='ltr'>ἀντ’</span> <span class='ocrx_word' id='word_1_80' title='bbox 914 1251 1123 1303; x_wconf 74' lang='grc' dir='ltr'>ἐκείνου</span> <span class='ocrx_word' id='word_1_81' title='bbox 1162 1252 1259 1304; x_wconf 76' lang='grc' dir='ltr'>καὶ</span> <span class='ocrx_word' id='word_1_82' title='bbox 1312 1252 1464 1319; x_wconf 82' lang='grc' dir='ltr'>φίλον</span> <span class='ocrx_word' id='word_1_83' title='bbox 1516 1255 1609 1305; x_wconf 71' lang='grc' dir='ltr'>καὶ</span> <span class='ocrx_word' id='word_1_84' title='bbox 1664 1271 1787 1305; x_wconf 81' lang='grc' dir='ltr'>συν-</span> 
     </span>
    </p>
   </div>
   <div class='ocr_carea' id='block_1_14' title="bbox 204 1342 1785 1412">
    <p class='ocr_par' dir='ltr' id='par_1_14' title="bbox 204 1342 1785 1412">
     <span class='ocr_line' id='line_1_14' title="bbox 204 1342 1785 1412; baseline 0.002 -19"><span class='ocrx_word' id='word_1_85' title='bbox 204 1344 503 1411; x_wconf 79' lang='grc' dir='ltr'>ουσιαστὴν</span> <span class='ocrx_word' id='word_1_86' title='bbox 526 1342 633 1393; x_wconf 84' lang='grc' dir='ltr'><strong>τῶν</strong></span> <span class='ocrx_word' id='word_1_87' title='bbox 657 1342 835 1394; x_wconf 81' lang='grc' dir='ltr'>καλῶν</span> <span class='ocrx_word' id='word_1_88' title='bbox 858 1342 1064 1404; x_wconf 67' lang='grc' dir='ltr'>λαϐεῖν,</span> <span class='ocrx_word' id='word_1_89' title='bbox 1084 1344 1178 1394; x_wconf 73' lang='grc' dir='ltr'><strong>καὶ</strong></span> <span class='ocrx_word' id='word_1_90' title='bbox 1212 1344 1360 1412; x_wconf 84' lang='grc' dir='ltr'>αὑτῴ</span> <span class='ocrx_word' id='word_1_91' title='bbox 1382 1346 1475 1396; x_wconf 80' lang='grc' dir='ltr'>καὶ</span> <span class='ocrx_word' id='word_1_92' title='bbox 1502 1350 1661 1412; x_wconf 84' lang='grc' dir='ltr'>κριτῇ</span> <span class='ocrx_word' id='word_1_93' title='bbox 1693 1349 1785 1397; x_wconf 78' lang='grc' dir='ltr'><strong>καὶ</strong></span> 
     </span>
    </p>
   </div>
   <div class='ocr_carea' id='block_1_15' title="bbox 205 1433 1783 1504">
    <p class='ocr_par' dir='ltr' id='par_1_15' title="bbox 205 1433 1783 1504">
     <span class='ocr_line' id='line_1_15' title="bbox 205 1433 1783 1504; baseline 0.001 -19"><span class='ocrx_word' id='word_1_94' title='bbox 205 1434 548 1501; x_wconf 79' lang='grc' dir='ltr'>ὲπιγνώμονι</span> <span class='ocrx_word' id='word_1_95' title='bbox 581 1433 813 1502; x_wconf 75' lang='grc' dir='ltr'>χρῆσθαι</span> <span class='ocrx_word' id='word_1_96' title='bbox 850 1434 958 1485; x_wconf 84' lang='grc' dir='ltr'>τῶν</span> <span class='ocrx_word' id='word_1_97' title='bbox 1003 1435 1491 1503; x_wconf 76' lang='grc' dir='ltr'>συγγραφομένων.</span> <span class='ocrx_word' id='word_1_98' title='bbox 1530 1434 1657 1504; x_wconf 75' lang='lat' dir='ltr'><strong>[I72</strong></span> <span class='ocrx_word' id='word_1_99' title='bbox 1694 1436 1783 1504; x_wconf 83' lang='lat' dir='ltr'><strong>IL]</strong></span> 
     </span>
    </p>
   </div>
   <div class='ocr_carea' id='block_1_16' title="bbox 218 1522 1785 1595">
    <p class='ocr_par' dir='ltr' id='par_1_16' title="bbox 218 1522 1785 1595">
     <span class='ocr_line' id='line_1_16' title="bbox 218 1522 1785 1595; baseline 0.002 -19"><span class='ocrx_word' id='word_1_100' title='bbox 218 1524 362 1576; x_wconf 78' lang='grc' dir='ltr'>Ἀλλ’</span> <span class='ocrx_word' id='word_1_101' title='bbox 406 1522 583 1586; x_wconf 80' lang='grc' dir='ltr'>οὕτως</span> <span class='ocrx_word' id='word_1_102' title='bbox 623 1525 794 1576; x_wconf 76' lang='grc' dir='ltr'>εἰπὼν</span> <span class='ocrx_word' id='word_1_103' title='bbox 843 1527 937 1577; x_wconf 76' lang='grc' dir='ltr'>καὶ</span> <span class='ocrx_word' id='word_1_104' title='bbox 983 1526 1355 1594; x_wconf 77' lang='grc' dir='ltr'>ὑποσχόμενος</span> <span class='ocrx_word' id='word_1_105' title='bbox 1398 1527 1489 1578; x_wconf 82' lang='grc' dir='ltr'><strong>τὸν</strong></span> <span class='ocrx_word' id='word_1_106' title='bbox 1536 1529 1785 1595; x_wconf 82' lang='grc' dir='ltr'>πέμπτον</span> 
     </span>
    </p>
   </div>
   <div class='ocr_carea' id='block_1_17' title="bbox 204 1616 1785 1686">
    <p class='ocr_par' dir='ltr' id='par_1_17' title="bbox 204 1616 1785 1686">
     <span class='ocr_line' id='line_1_17' title="bbox 204 1616 1785 1686; baseline 0.003 -20"><span class='ocrx_word' id='word_1_107' title='bbox 204 1618 360 1681; x_wconf 72' lang='grc' dir='ltr'>ὅμως</span> <span class='ocrx_word' id='word_1_108' title='bbox 400 1616 561 1682; x_wconf 89' lang='grc' dir='ltr'>λόγον</span> <span class='ocrx_word' id='word_1_109' title='bbox 592 1616 904 1686; x_wconf 78' lang='grc' dir='ltr'><strong>Μηνοδώρῳ</strong></span> <span class='ocrx_word' id='word_1_110' title='bbox 953 1620 1060 1668; x_wconf 79' lang='grc' dir='ltr'>τινὶ</span> <span class='ocrx_word' id='word_1_111' title='bbox 1092 1620 1229 1686; x_wconf 80' lang='grc' dir='ltr'>φίλῳ</span> <span class='ocrx_word' id='word_1_112' title='bbox 1265 1636 1325 1669; x_wconf 89' lang='grc' dir='ltr'><strong>τε</strong></span> <span class='ocrx_word' id='word_1_113' title='bbox 1360 1619 1455 1671; x_wconf 77' lang='grc' dir='ltr'>καὶ</span> <span class='ocrx_word' id='word_1_114' title='bbox 1491 1622 1785 1672; x_wconf 74' lang='grc' dir='ltr'>πεπαιδευ-</span> 
     </span>
    </p>
   </div>
   <div class='ocr_carea' id='block_1_18' title="bbox 210 1709 1785 1779">
    <p class='ocr_par' dir='ltr' id='par_1_18' title="bbox 210 1709 1785 1779">
     <span class='ocr_line' id='line_1_18' title="bbox 210 1709 1785 1779; baseline 0.003 -20"><span class='ocrx_word' id='word_1_115' title='bbox 210 1711 361 1775; x_wconf 82' lang='grc' dir='ltr'>μένῳ</span> <span class='ocrx_word' id='word_1_116' title='bbox 406 1709 566 1778; x_wconf 78' lang='grc' dir='ltr'>ἀνδρὶ</span> <span class='ocrx_word' id='word_1_117' title='bbox 615 1711 965 1776; x_wconf 84' lang='grc' dir='ltr'>προσφωνεῖ,</span> <span class='ocrx_word' id='word_1_118' title='bbox 1001 1709 1060 1770; x_wconf 87' lang='grc' dir='ltr'>ὃς</span> <span class='ocrx_word' id='word_1_119' title='bbox 1112 1712 1207 1761; x_wconf 73' lang='grc' dir='ltr'><strong>καὶ</strong></span> <span class='ocrx_word' id='word_1_120' title='bbox 1251 1710 1429 1763; x_wconf 79' lang='grc' dir='ltr'>αἰτίαν</span> <span class='ocrx_word' id='word_1_121' title='bbox 1480 1711 1785 1779; x_wconf 76' lang='grc' dir='ltr'>ἐπήνεγκεν</span> 
     </span>
    </p>
   </div>
   <div class='ocr_carea' id='block_1_19' title="bbox 207 1798 1785 1871">
    <p class='ocr_par' dir='ltr' id='par_1_19' title="bbox 207 1798 1785 1871">
     <span class='ocr_line' id='line_1_19' title="bbox 207 1798 1785 1871; baseline 0.001 -20"><span class='ocrx_word' id='word_1_122' title='bbox 207 1801 360 1870; x_wconf 71' lang='grc' dir='ltr'>αὐτῷ</span> <span class='ocrx_word' id='word_1_123' title='bbox 387 1798 485 1851; x_wconf 76' lang='grc' dir='ltr'>τοῦ</span> <span class='ocrx_word' id='word_1_124' title='bbox 524 1799 717 1863; x_wconf 79' lang='grc' dir='ltr'>ἐνδεῶς</span> <span class='ocrx_word' id='word_1_125' title='bbox 762 1800 1008 1869; x_wconf 79' lang='grc' dir='ltr'>εἰρῆσθαι</span> <span class='ocrx_word' id='word_1_126' title='bbox 1052 1802 1113 1853; x_wconf 84' lang='grc' dir='ltr'><strong>τὸ</strong></span> <span class='ocrx_word' id='word_1_127' title='bbox 1146 1802 1251 1869; x_wconf 76' lang='grc' dir='ltr'><strong>πρὸ</strong></span> <span class='ocrx_word' id='word_1_128' title='bbox 1278 1801 1467 1853; x_wconf 86' lang='grc' dir='ltr'>τούτου</span> <span class='ocrx_word' id='word_1_129' title='bbox 1496 1803 1624 1870; x_wconf 77' lang='grc' dir='ltr'>περὶ</span> <span class='ocrx_word' id='word_1_130' title='bbox 1666 1803 1785 1871; x_wconf 87' lang='grc' dir='ltr'>κρί-</span> 
     </span>
    </p>
   </div>
   <div class='ocr_carea' id='block_1_20' title="bbox 1884 600 3458 660">
    <p class='ocr_par' dir='ltr' id='par_1_20' title="bbox 1884 600 3458 660">
     <span class='ocr_line' id='line_1_20' title="bbox 1884 600 3458 660; baseline -0.002 -5"><span class='ocrx_word' id='word_1_131' title='bbox 1884 616 1944 655; x_wconf 85' lang='lat' dir='ltr'><strong>se</strong></span> <span class='ocrx_word' id='word_1_132' title='bbox 1992 603 2249 655; x_wconf 86' lang='lat' dir='ltr'><strong>oblectet.</strong></span> <span class='ocrx_word' id='word_1_133' title='bbox 2300 601 2562 655; x_wconf 73' lang='lat' dir='ltr'><strong>Similiter</strong></span> <span class='ocrx_word' id='word_1_134' title='bbox 2611 609 2665 653; x_wconf 88' lang='lat' dir='ltr'><strong>et</strong></span> <span class='ocrx_word' id='word_1_135' title='bbox 2711 602 2939 653; x_wconf 89' lang='lat' dir='ltr'><strong>alterum</strong></span> <span class='ocrx_word' id='word_1_136' title='bbox 2993 600 3206 660; x_wconf 89' lang='lat' dir='ltr'><strong>librum,</strong></span> <span class='ocrx_word' id='word_1_137' title='bbox 3244 601 3351 653; x_wconf 94' lang='lat' dir='ltr'><strong>imo</strong></span> <span class='ocrx_word' id='word_1_138' title='bbox 3400 609 3458 654; x_wconf 91' lang='lat' dir='ltr'><strong>et</strong></span> 
     </span>
    </p>
   </div>
   <div class='ocr_carea' id='block_1_21' title="bbox 1886 691 3457 759">
    <p class='ocr_par' dir='ltr' id='par_1_21' title="bbox 1886 691 3457 759">
     <span class='ocr_line' id='line_1_21' title="bbox 1886 691 3457 759; baseline -0.001 -11"><span class='ocrx_word' id='word_1_139' title='bbox 1886 698 2102 751; x_wconf 89' lang='lat' dir='ltr'><strong>tertium</strong></span> <span class='ocrx_word' id='word_1_140' title='bbox 2144 696 2318 750; x_wconf 89' lang='lat' dir='ltr'><strong>eidem</strong></span> <span class='ocrx_word' id='word_1_141' title='bbox 2344 694 2609 747; x_wconf 72' lang='lat' dir='ltr'><strong>inscribit.</strong></span> <span class='ocrx_word' id='word_1_142' title='bbox 2641 694 2901 759; x_wconf 88' lang='lat' dir='ltr'><strong>Quartum</strong></span> <span class='ocrx_word' id='word_1_143' title='bbox 2936 693 3056 747; x_wconf 81' lang='lat' dir='ltr'><strong>dein</strong></span> <span class='ocrx_word' id='word_1_144' title='bbox 3088 691 3304 745; x_wconf 86' lang='lat' dir='ltr'><strong>Juliano</strong></span> <span class='ocrx_word' id='word_1_145' title='bbox 3334 694 3457 747; x_wconf 90' lang='lat' dir='ltr'><strong>cui-</strong></span> 
     </span>
    </p>
   </div>
   <div class='ocr_carea' id='block_1_22' title="bbox 1884 784 3454 854">
    <p class='ocr_par' dir='ltr' id='par_1_22' title="bbox 1884 784 3454 854">
     <span class='ocr_line' id='line_1_22' title="bbox 1884 784 3454 854; baseline -0.003 -13"><span class='ocrx_word' id='word_1_146' title='bbox 1884 787 2006 841; x_wconf 88' lang='lat' dir='ltr'><strong>dam</strong></span> <span class='ocrx_word' id='word_1_147' title='bbox 2035 786 2140 839; x_wconf 86' lang='lat' dir='ltr'><strong>civi</strong></span> <span class='ocrx_word' id='word_1_148' title='bbox 2175 800 2293 851; x_wconf 90' lang='lat' dir='ltr'><strong>suo,</strong></span> <span class='ocrx_word' id='word_1_149' title='bbox 2325 796 2487 854; x_wconf 87' lang='lat' dir='ltr'><strong>atque</strong></span> <span class='ocrx_word' id='word_1_150' title='bbox 2521 788 2735 839; x_wconf 89' lang='lat' dir='ltr'><strong>amico:</strong></span> <span class='ocrx_word' id='word_1_151' title='bbox 2770 786 2971 839; x_wconf 80' lang='lat' dir='ltr'><strong>addens</strong></span> <span class='ocrx_word' id='word_1_152' title='bbox 3021 784 3071 837; x_wconf 90' lang='lat' dir='ltr'><strong>id</strong></span> <span class='ocrx_word' id='word_1_153' title='bbox 3114 800 3181 839; x_wconf 92' lang='lat' dir='ltr'><strong>eo</strong></span> <span class='ocrx_word' id='word_1_154' title='bbox 3230 784 3454 847; x_wconf 78' lang='lat' dir='ltr'><strong>factum,</strong></span> 
     </span>
    </p>
   </div>
   <div class='ocr_carea' id='block_1_23' title="bbox 1882 879 3461 947">
    <p class='ocr_par' dir='ltr' id='par_1_23' title="bbox 1882 879 3461 947">
     <span class='ocr_line' id='line_1_23' title="bbox 1882 879 3461 947; baseline 0.001 -18"><span class='ocrx_word' id='word_1_155' title='bbox 1882 881 2027 944; x_wconf 87' lang='lat' dir='ltr'><strong>quod</strong></span> <span class='ocrx_word' id='word_1_156' title='bbox 2090 879 2342 932; x_wconf 83' lang='lat' dir='ltr'><strong>Aristocli</strong></span> <span class='ocrx_word' id='word_1_157' title='bbox 2398 880 2611 947; x_wconf 86' lang='lat' dir='ltr'><strong>quidem</strong></span> <span class='ocrx_word' id='word_1_158' title='bbox 2676 879 2743 931; x_wconf 87' lang='lat' dir='ltr'><strong>ab</strong></span> <span class='ocrx_word' id='word_1_159' title='bbox 2798 879 2949 930; x_wconf 90' lang='lat' dir='ltr'><strong>initio</strong></span> <span class='ocrx_word' id='word_1_160' title='bbox 3003 892 3141 945; x_wconf 84' lang='lat' dir='ltr'><strong>Opus</strong></span> <span class='ocrx_word' id='word_1_161' title='bbox 3202 879 3461 931; x_wconf 87' lang='lat' dir='ltr'><strong>exhibere</strong></span> 
     </span>
    </p>
   </div>
   <div class='ocr_carea' id='block_1_24' title="bbox 1885 971 3460 1039">
    <p class='ocr_par' dir='ltr' id='par_1_24' title="bbox 1885 971 3460 1039">
     <span class='ocr_line' id='line_1_24' title="bbox 1885 971 3460 1039; baseline -0.001 -16"><span class='ocrx_word' id='word_1_162' title='bbox 1885 973 2241 1038; x_wconf 76' lang='lat' dir='ltr'><strong>destinasset;</strong></span> <span class='ocrx_word' id='word_1_163' title='bbox 2291 982 2346 1024; x_wconf 89' lang='lat' dir='ltr'><strong>at</strong></span> <span class='ocrx_word' id='word_1_164' title='bbox 2394 982 2677 1039; x_wconf 83' lang='lat' dir='ltr'><strong>postquam</strong></span> <span class='ocrx_word' id='word_1_165' title='bbox 2732 971 2962 1025; x_wconf 72' lang='lat' dir='ltr'><strong>Cazsaris</strong></span> <span class='ocrx_word' id='word_1_166' title='bbox 3006 972 3226 1025; x_wconf 88' lang='lat' dir='ltr'><strong>decreto</strong></span> <span class='ocrx_word' id='word_1_167' title='bbox 3276 971 3460 1023; x_wconf 75' lang='lat' dir='ltr'><strong>Itomae</strong></span> 
     </span>
    </p>
   </div>
   <div class='ocr_carea' id='block_1_25' title="bbox 1887 1062 3459 1129">
    <p class='ocr_par' dir='ltr' id='par_1_25' title="bbox 1887 1062 3459 1129">
     <span class='ocr_line' id='line_1_25' title="bbox 1887 1062 3459 1129; baseline 0.001 -14"><span class='ocrx_word' id='word_1_168' title='bbox 1887 1063 1938 1115; x_wconf 92' lang='lat' dir='ltr'><strong>in</strong></span> <span class='ocrx_word' id='word_1_169' title='bbox 1974 1064 2221 1116; x_wconf 91' lang='lat' dir='ltr'><strong>intimum</strong></span> <span class='ocrx_word' id='word_1_170' title='bbox 2266 1065 2551 1118; x_wconf 82' lang='lat' dir='ltr'><strong>consilium</strong></span> <span class='ocrx_word' id='word_1_171' title='bbox 2594 1065 2796 1117; x_wconf 89' lang='lat' dir='ltr'><strong>ascitus</strong></span> <span class='ocrx_word' id='word_1_172' title='bbox 2841 1073 3002 1127; x_wconf 86' lang='lat' dir='ltr'><strong>esset,</strong></span> <span class='ocrx_word' id='word_1_173' title='bbox 3041 1064 3183 1115; x_wconf 92' lang='lat' dir='ltr'><strong>hunc</strong></span> <span class='ocrx_word' id='word_1_174' title='bbox 3224 1062 3323 1115; x_wconf 86' lang='lat' dir='ltr'><strong>sibi</strong></span> <span class='ocrx_word' id='word_1_175' title='bbox 3361 1078 3459 1129; x_wconf 92' lang='lat' dir='ltr'><strong>pro</strong></span> 
     </span>
    </p>
   </div>
   <div class='ocr_carea' id='block_1_26' title="bbox 1887 1156 3456 1225">
    <p class='ocr_par' dir='ltr' id='par_1_26' title="bbox 1887 1156 3456 1225">
     <span class='ocr_line' id='line_1_26' title="bbox 1887 1156 3456 1225; baseline -0.001 -16"><span class='ocrx_word' id='word_1_176' title='bbox 1887 1157 1976 1210; x_wconf 89' lang='lat' dir='ltr'><strong>illo</strong></span> <span class='ocrx_word' id='word_1_177' title='bbox 2025 1159 2256 1211; x_wconf 81' lang='lat' dir='ltr'><strong>anticum</strong></span> <span class='ocrx_word' id='word_1_178' title='bbox 2300 1158 2615 1225; x_wconf 84' lang='lat' dir='ltr'><strong>sociumque</strong></span> <span class='ocrx_word' id='word_1_179' title='bbox 2658 1158 2867 1210; x_wconf 85' lang='lat' dir='ltr'><strong>honesti</strong></span> <span class='ocrx_word' id='word_1_180' title='bbox 2914 1156 3114 1209; x_wconf 90' lang='lat' dir='ltr'><strong>laboris</strong></span> <span class='ocrx_word' id='word_1_181' title='bbox 3150 1156 3456 1223; x_wconf 90' lang='lat' dir='ltr'><strong>adoptasse,</strong></span> 
     </span>
    </p>
   </div>
   <div class='ocr_carea' id='block_1_27' title="bbox 1885 1251 3455 1319">
    <p class='ocr_par' dir='ltr' id='par_1_27' title="bbox 1885 1251 3455 1319">
     <span class='ocr_line' id='line_1_27' title="bbox 1885 1251 3455 1319; baseline 0.002 -20"><span class='ocrx_word' id='word_1_182' title='bbox 1885 1266 1994 1316; x_wconf 87' lang='lat' dir='ltr'><strong>quo</strong></span> <span class='ocrx_word' id='word_1_183' title='bbox 2047 1262 2100 1303; x_wconf 90' lang='lat' dir='ltr'><strong>et</strong></span> <span class='ocrx_word' id='word_1_184' title='bbox 2154 1251 2366 1317; x_wconf 85' lang='lat' dir='ltr'><strong>judice,</strong></span> <span class='ocrx_word' id='word_1_185' title='bbox 2422 1259 2474 1303; x_wconf 85' lang='lat' dir='ltr'><strong>et</strong></span> <span class='ocrx_word' id='word_1_186' title='bbox 2526 1251 2803 1319; x_wconf 77' lang='lat' dir='ltr'><strong>cognitore</strong></span> <span class='ocrx_word' id='word_1_187' title='bbox 2852 1265 3070 1304; x_wconf 90' lang='lat' dir='ltr'><strong>suorum</strong></span> <span class='ocrx_word' id='word_1_188' title='bbox 3132 1251 3455 1317; x_wconf 79' lang='lat' dir='ltr'><strong>scriptorum</strong></span> 
     </span>
    </p>
   </div>
   <div class='ocr_carea' id='block_1_28' title="bbox 1886 1344 3455 1410">
    <p class='ocr_par' dir='ltr' id='par_1_28' title="bbox 1886 1344 3455 1410">
     <span class='ocr_line' id='line_1_28' title="bbox 1886 1344 3455 1410; baseline 0.003 -20"><span class='ocrx_word' id='word_1_189' title='bbox 1886 1352 2027 1394; x_wconf 72' lang='lat' dir='ltr'><strong>esset</strong></span> <span class='ocrx_word' id='word_1_190' title='bbox 2066 1359 2283 1397; x_wconf 89' lang='lat' dir='ltr'><strong>usurus.</strong></span> <span class='ocrx_word' id='word_1_191' title='bbox 2331 1344 2526 1395; x_wconf 80' lang='lat' dir='ltr'><strong>Verum</strong></span> <span class='ocrx_word' id='word_1_192' title='bbox 2566 1344 2662 1395; x_wconf 70' lang='lat' dir='ltr'><strong>ista</strong></span> <span class='ocrx_word' id='word_1_193' title='bbox 2710 1344 2936 1406; x_wconf 88' lang='lat' dir='ltr'><strong>locutus,</strong></span> <span class='ocrx_word' id='word_1_194' title='bbox 2974 1353 3133 1410; x_wconf 89' lang='lat' dir='ltr'><strong>atque</strong></span> <span class='ocrx_word' id='word_1_195' title='bbox 3167 1344 3455 1409; x_wconf 86' lang='lat' dir='ltr'><strong>pollicitus,</strong></span> 
     </span>
    </p>
   </div>
   <div class='ocr_carea' id='block_1_29' title="bbox 1886 1434 3455 1501">
    <p class='ocr_par' dir='ltr' id='par_1_29' title="bbox 1886 1434 3455 1501">
     <span class='ocr_line' id='line_1_29' title="bbox 1886 1434 3455 1501; baseline 0.003 -17"><span class='ocrx_word' id='word_1_196' title='bbox 1886 1436 2134 1501; x_wconf 85' lang='lat' dir='ltr'><strong>quintum</strong></span> <span class='ocrx_word' id='word_1_197' title='bbox 2186 1446 2359 1487; x_wconf 87' lang='lat' dir='ltr'><strong>tamen</strong></span> <span class='ocrx_word' id='word_1_198' title='bbox 2407 1434 2634 1488; x_wconf 76' lang='lat' dir='ltr'><strong>subinde</strong></span> <span class='ocrx_word' id='word_1_199' title='bbox 2682 1435 2874 1487; x_wconf 87' lang='lat' dir='ltr'><strong>librum</strong></span> <span class='ocrx_word' id='word_1_200' title='bbox 2912 1435 3201 1488; x_wconf 80' lang='lat' dir='ltr'><strong>Menodoro</strong></span> <span class='ocrx_word' id='word_1_201' title='bbox 3244 1436 3455 1489; x_wconf 88' lang='lat' dir='ltr'><strong>cuidam</strong></span> 
     </span>
    </p>
   </div>
   <div class='ocr_carea' id='block_1_30' title="bbox 1888 1528 3458 1594">
    <p class='ocr_par' dir='ltr' id='par_1_30' title="bbox 1888 1528 3458 1594">
     <span class='ocr_line' id='line_1_30' title="bbox 1888 1528 3458 1594; baseline -0.001 -16"><span class='ocrx_word' id='word_1_202' title='bbox 1888 1528 2085 1589; x_wconf 74' lang='lat' dir='ltr'><strong>amico,</strong></span> <span class='ocrx_word' id='word_1_203' title='bbox 2118 1536 2172 1579; x_wconf 90' lang='lat' dir='ltr'><strong>et</strong></span> <span class='ocrx_word' id='word_1_204' title='bbox 2214 1528 2425 1579; x_wconf 75' lang='lat' dir='ltr'><strong>erudito</strong></span> <span class='ocrx_word' id='word_1_205' title='bbox 2469 1529 2585 1580; x_wconf 91' lang='lat' dir='ltr'><strong>viro</strong></span> <span class='ocrx_word' id='word_1_206' title='bbox 2628 1530 2887 1580; x_wconf 69' lang='lat' dir='ltr'><strong>exhibet:</strong></span> <span class='ocrx_word' id='word_1_207' title='bbox 2926 1528 3014 1593; x_wconf 91' lang='lat' dir='ltr'><strong>qui</strong></span> <span class='ocrx_word' id='word_1_208' title='bbox 3060 1538 3116 1579; x_wconf 91' lang='lat' dir='ltr'><strong>et</strong></span> <span class='ocrx_word' id='word_1_209' title='bbox 3161 1528 3458 1594; x_wconf 83' lang='lat' dir='ltr'><strong>reprehen-</strong></span> 
     </span>
    </p>
   </div>
   <div class='ocr_carea' id='block_1_31' title="bbox 1887 1619 3455 1686">
    <p class='ocr_par' dir='ltr' id='par_1_31' title="bbox 1887 1619 3455 1686">
     <span class='ocr_line' id='line_1_31' title="bbox 1887 1619 3455 1686; baseline 0.001 -17"><span class='ocrx_word' id='word_1_210' title='bbox 1887 1619 2058 1679; x_wconf 87' lang='lat' dir='ltr'><strong>derat,</strong></span> <span class='ocrx_word' id='word_1_211' title='bbox 2093 1619 2235 1685; x_wconf 91' lang='lat' dir='ltr'><strong>quod</strong></span> <span class='ocrx_word' id='word_1_212' title='bbox 2280 1620 2492 1686; x_wconf 91' lang='lat' dir='ltr'><strong>parcius</strong></span> <span class='ocrx_word' id='word_1_213' title='bbox 2542 1630 2698 1671; x_wconf 87' lang='lat' dir='ltr'><strong>antea</strong></span> <span class='ocrx_word' id='word_1_214' title='bbox 2751 1620 2889 1670; x_wconf 81' lang='lat' dir='ltr'><strong>illam</strong></span> <span class='ocrx_word' id='word_1_215' title='bbox 2941 1620 3006 1671; x_wconf 90' lang='lat' dir='ltr'><strong>de</strong></span> <span class='ocrx_word' id='word_1_216' title='bbox 3052 1621 3325 1671; x_wconf 90' lang='lat' dir='ltr'><strong>nominum</strong></span> <span class='ocrx_word' id='word_1_217' title='bbox 3373 1621 3455 1670; x_wconf 94' lang='lat' dir='ltr'><strong>in-</strong></span> 
     </span>
    </p>
   </div>
   <div class='ocr_carea' id='block_1_32' title="bbox 1889 1708 3457 1777">
    <p class='ocr_par' dir='ltr' id='par_1_32' title="bbox 1889 1708 3457 1777">
     <span class='ocr_line' id='line_1_32' title="bbox 1889 1708 3457 1777; baseline 0.002 -18"><span class='ocrx_word' id='word_1_218' title='bbox 1889 1708 2119 1763; x_wconf 80' lang='lat' dir='ltr'><strong>ﬂexione</strong></span> <span class='ocrx_word' id='word_1_219' title='bbox 2155 1710 2505 1777; x_wconf 67' lang='lat' dir='ltr'><strong>quazstionem</strong></span> <span class='ocrx_word' id='word_1_220' title='bbox 2545 1712 2819 1776; x_wconf 80' lang='lat' dir='ltr'><strong>agitasset.</strong></span> <span class='ocrx_word' id='word_1_221' title='bbox 2852 1708 3083 1763; x_wconf 85' lang='lat' dir='ltr'><strong>Jubente</strong></span> <span class='ocrx_word' id='word_1_222' title='bbox 3118 1726 3245 1775; x_wconf 82' lang='lat' dir='ltr'><strong>ergo</strong></span> <span class='ocrx_word' id='word_1_223' title='bbox 3279 1711 3457 1763; x_wconf 77' lang='lat' dir='ltr'><strong>Meno-</strong></span> 
     </span>
    </p>
   </div>
   <div class='ocr_carea' id='block_1_33' title="bbox 1889 1802 3457 1865">
    <p class='ocr_par' dir='ltr' id='par_1_33' title="bbox 1889 1802 3457 1865">
     <span class='ocr_line' id='line_1_33' title="bbox 1889 1802 3457 1865; baseline 0.001 -13"><span class='ocrx_word' id='word_1_224' title='bbox 1889 1802 2021 1855; x_wconf 91' lang='lat' dir='ltr'><strong>doro</strong></span> <span class='ocrx_word' id='word_1_225' title='bbox 2075 1805 2396 1855; x_wconf 88' lang='lat' dir='ltr'><strong>sententiam</strong></span> <span class='ocrx_word' id='word_1_226' title='bbox 2447 1805 2648 1865; x_wconf 81' lang='lat' dir='ltr'><strong>dicere,</strong></span> <span class='ocrx_word' id='word_1_227' title='bbox 2685 1805 2825 1855; x_wconf 88' lang='lat' dir='ltr'><strong>lmuc</strong></span> <span class='ocrx_word' id='word_1_228' title='bbox 2870 1819 2929 1856; x_wconf 89' lang='lat' dir='ltr'><strong>se</strong></span> <span class='ocrx_word' id='word_1_229' title='bbox 2978 1806 3053 1856; x_wconf 86' lang='lat' dir='ltr'><strong>ait</strong></span> <span class='ocrx_word' id='word_1_230' title='bbox 3101 1804 3293 1855; x_wconf 87' lang='lat' dir='ltr'><strong>librum</strong></span> <span class='ocrx_word' id='word_1_231' title='bbox 3328 1820 3457 1857; x_wconf 80' lang='lat' dir='ltr'><strong>coa—</strong></span> 
     </span>
    </p>
   </div>
   <div class='ocr_carea' id='block_1_34' title="bbox 208 1877 1876 1964">
    <p class='ocr_par' dir='ltr' id='par_1_34' title="bbox 208 1877 1860 1964">
     <span class='ocr_line' id='line_1_34' title="bbox 208 1877 1860 1964; baseline 0.003 -21"><span class='ocrx_word' id='word_1_232' title='bbox 208 1909 349 1953; x_wconf 82' lang='grc' dir='ltr'>σεως</span> <span class='ocrx_word' id='word_1_233' title='bbox 370 1893 421 1922; x_wconf 86' lang='grc'><strong>³⁸</strong></span> <span class='ocrx_word' id='word_1_234' title='bbox 464 1891 746 1960; x_wconf 80' lang='grc' dir='ltr'>ὀνομάτων</span> <span class='ocrx_word' id='word_1_235' title='bbox 776 1892 1068 1962; x_wconf 75' lang='grc' dir='ltr'>πρόϐλημα</span> <span class='ocrx_word' id='word_1_236' title='bbox 1090 1912 1101 1923; x_wconf 90' lang='grc'>·</span> <span class='ocrx_word' id='word_1_237' title='bbox 1141 1892 1269 1964; x_wconf 68' lang='grc'><strong>[525</strong></span> <span class='ocrx_word' id='word_1_238' title='bbox 1294 1892 1384 1964; x_wconf 70' lang='grc'><strong>8.]</strong></span> <span class='ocrx_word' id='word_1_239' title='bbox 1427 1896 1782 1959; x_wconf 76' lang='grc' dir='ltr'>ἐπιτάξαντος</span> <span class='ocrx_word' id='word_1_240' title='bbox 1821 1877 1860 1933; x_wconf 69' lang='grc' dir='ltr'><strong>Β</strong></span> 
     </span>
    </p>
   </div>
   <div class='ocr_carea' id='block_1_35' title="bbox 1783 1877 3451 1964">
    <p class='ocr_par' dir='ltr' id='par_1_35' title="bbox 1821 1877 3451 1962">
     <span class='ocr_line' id='line_1_35' title="bbox 1821 1877 3451 1962; baseline 0.003 -19"><span class='ocrx_word' id='word_1_241' title='bbox 1821 1877 1860 1933; x_wconf 72' lang='grc' dir='ltr'><strong>Β</strong></span> <span class='ocrx_word' id='word_1_242' title='bbox 1890 1894 2194 1959; x_wconf 87' lang='lat' dir='ltr'><strong>scripsisse.</strong></span> <span class='ocrx_word' id='word_1_243' title='bbox 2237 1892 2421 1947; x_wconf 87' lang='lat' dir='ltr'><strong>Serius</strong></span> <span class='ocrx_word' id='word_1_244' title='bbox 2474 1906 2650 1946; x_wconf 90' lang='lat' dir='ltr'><strong>autem</strong></span> <span class='ocrx_word' id='word_1_245' title='bbox 2706 1896 2754 1945; x_wconf 91' lang='lat' dir='ltr'><strong>id</strong></span> <span class='ocrx_word' id='word_1_246' title='bbox 2814 1895 3149 1962; x_wconf 68' lang='lat' dir='ltr'><strong>praestitisse,</strong></span> <span class='ocrx_word' id='word_1_247' title='bbox 3205 1896 3343 1961; x_wconf 87' lang='lat' dir='ltr'><strong>quod</strong></span> <span class='ocrx_word' id='word_1_248' title='bbox 3400 1896 3451 1948; x_wconf 92' lang='lat' dir='ltr'><strong>in</strong></span> 
     </span>
    </p>
   </div>
   <div class='ocr_carea' id='block_1_36' title="bbox 202 1984 1781 2057">
    <p class='ocr_par' dir='ltr' id='par_1_36' title="bbox 202 1984 1781 2057">
     <span class='ocr_line' id='line_1_36' title="bbox 202 1984 1781 2057; baseline 0.003 -22"><span class='ocrx_word' id='word_1_249' title='bbox 202 1985 257 2035; x_wconf 75' lang='grc' dir='ltr'>δὲ</span> <span class='ocrx_word' id='word_1_250' title='bbox 287 1984 622 2053; x_wconf 81' lang='grc' dir='ltr'>Μηνοδώρου</span> <span class='ocrx_word' id='word_1_251' title='bbox 664 1985 811 2049; x_wconf 60' lang='grc' dir='ltr'>λέγει</span> <span class='ocrx_word' id='word_1_252' title='bbox 839 1985 930 2037; x_wconf 85' lang='grc' dir='ltr'><strong>τὸν</strong></span> <span class='ocrx_word' id='word_1_253' title='bbox 966 1986 1122 2051; x_wconf 80' lang='grc' dir='ltr'>λόγον</span> <span class='ocrx_word' id='word_1_254' title='bbox 1175 1986 1512 2047; x_wconf 82' lang='grc' dir='ltr'>συντάττειν,</span> <span class='ocrx_word' id='word_1_255' title='bbox 1548 1989 1781 2057; x_wconf 77' lang='grc' dir='ltr'>ὑστερῆ-</span> 
     </span>
    </p>
   </div>
   <div class='ocr_carea' id='block_1_37' title="bbox 208 2077 1777 2150">
    <p class='ocr_par' dir='ltr' id='par_1_37' title="bbox 208 2077 1777 2150">
     <span class='ocr_line' id='line_1_37' title="bbox 208 2077 1777 2150; baseline 0.003 -23"><span class='ocrx_word' id='word_1_256' title='bbox 208 2095 298 2129; x_wconf 85' lang='grc' dir='ltr'><strong>σαι</strong></span> <span class='ocrx_word' id='word_1_257' title='bbox 330 2078 412 2141; x_wconf 85' lang='grc' dir='ltr'><strong>δὲ,</strong></span> <span class='ocrx_word' id='word_1_258' title='bbox 438 2079 523 2129; x_wconf 87' lang='grc' dir='ltr'>ὃτι</span> <span class='ocrx_word' id='word_1_259' title='bbox 558 2077 687 2146; x_wconf 84' lang='grc' dir='ltr'>τρία</span> <span class='ocrx_word' id='word_1_260' title='bbox 723 2078 1008 2146; x_wconf 81' lang='grc' dir='ltr'>νοσήματα</span> <span class='ocrx_word' id='word_1_261' title='bbox 1038 2077 1187 2148; x_wconf 81' lang='grc' dir='ltr'>αὐτῷ</span> <span class='ocrx_word' id='word_1_262' title='bbox 1228 2082 1529 2149; x_wconf 84' lang='grc' dir='ltr'>συμπεσεῖν</span> <span class='ocrx_word' id='word_1_263' title='bbox 1554 2082 1777 2150; x_wconf 75' lang='grc' dir='ltr'>συνέϐη,</span> 
     </span>
    </p>
   </div>
   <div class='ocr_carea' id='block_1_38' title="bbox 204 2167 1782 2239">
    <p class='ocr_par' dir='ltr' id='par_1_38' title="bbox 204 2167 1782 2239">
     <span class='ocr_line' id='line_1_38' title="bbox 204 2167 1782 2239; baseline 0.004 -20"><span class='ocrx_word' id='word_1_264' title='bbox 204 2169 302 2237; x_wconf 80' lang='grc' dir='ltr'><strong>τὴν</strong></span> <span class='ocrx_word' id='word_1_265' title='bbox 327 2167 634 2236; x_wconf 80' lang='grc' dir='ltr'>σύντροφον</span> <span class='ocrx_word' id='word_1_266' title='bbox 663 2168 740 2237; x_wconf 86' lang='grc' dir='ltr'>τῷ</span> <span class='ocrx_word' id='word_1_267' title='bbox 775 2171 922 2238; x_wconf 70' lang='grc' dir='ltr'>γήρᾳ</span> <span class='ocrx_word' id='word_1_268' title='bbox 948 2172 1366 2239; x_wconf 80' lang='grc' dir='ltr'>στραγγουρίαν,</span> <span class='ocrx_word' id='word_1_269' title='bbox 1389 2172 1481 2223; x_wconf 71' lang='grc' dir='ltr'>καὶ</span> <span class='ocrx_word' id='word_1_270' title='bbox 1501 2172 1782 2239; x_wconf 80' lang='grc' dir='ltr'>διωλύγιόν</span> 
     </span>
    </p>
   </div>
   <div class='ocr_carea' id='block_1_39' title="bbox 204 2262 1782 2331">
    <p class='ocr_par' dir='ltr' id='par_1_39' title="bbox 204 2262 1782 2331">
     <span class='ocr_line' id='line_1_39' title="bbox 204 2262 1782 2331; baseline 0.001 -17"><span class='ocrx_word' id='word_1_271' title='bbox 204 2282 328 2314; x_wconf 83' lang='grc' dir='ltr'>τινα</span> <span class='ocrx_word' id='word_1_272' title='bbox 358 2264 459 2313; x_wconf 78' lang='grc' dir='ltr'><strong>καὶ</strong></span> <span class='ocrx_word' id='word_1_273' title='bbox 489 2262 707 2330; x_wconf 71' lang='grc' dir='ltr'>μακρὰν</span> <span class='ocrx_word' id='word_1_274' title='bbox 744 2266 1004 2330; x_wconf 77' lang='grc' dir='ltr'>φρενῖτιν,</span> <span class='ocrx_word' id='word_1_275' title='bbox 1036 2265 1127 2314; x_wconf 71' lang='grc' dir='ltr'><strong>καὶ</strong></span> <span class='ocrx_word' id='word_1_276' title='bbox 1161 2263 1246 2313; x_wconf 81' lang='grc' dir='ltr'><strong>δια</strong></span> <span class='ocrx_word' id='word_1_277' title='bbox 1281 2263 1512 2331; x_wconf 67' lang='grc' dir='ltr'>γαστρὸς</span> <span class='ocrx_word' id='word_1_278' title='bbox 1549 2265 1782 2331; x_wconf 74' lang='grc' dir='ltr'>αἵματος</span> 
     </span>
    </p>
   </div>
   <div class='ocr_carea' id='block_1_40' title="bbox 206 2352 1781 2427">
    <p class='ocr_par' dir='ltr' id='par_1_40' title="bbox 206 2352 1781 2427">
     <span class='ocr_line' id='line_1_40' title="bbox 206 2352 1781 2427; baseline 0.003 -22"><span class='ocrx_word' id='word_1_279' title='bbox 206 2358 387 2423; x_wconf 70' lang='grc' dir='ltr'>ῥύσιν,</span> <span class='ocrx_word' id='word_1_280' title='bbox 425 2354 519 2404; x_wconf 79' lang='grc' dir='ltr'><strong>καὶ</strong></span> <span class='ocrx_word' id='word_1_281' title='bbox 552 2353 631 2403; x_wconf 78' lang='grc' dir='ltr'>ἔτι</span> <span class='ocrx_word' id='word_1_282' title='bbox 665 2352 720 2403; x_wconf 82' lang='grc' dir='ltr'>δὲ</span> <span class='ocrx_word' id='word_1_283' title='bbox 770 2354 862 2403; x_wconf 74' lang='grc' dir='ltr'><strong>καὶ</strong></span> <span class='ocrx_word' id='word_1_284' title='bbox 907 2352 1069 2422; x_wconf 69' lang='grc' dir='ltr'>ἕτερα</span> <span class='ocrx_word' id='word_1_285' title='bbox 1100 2354 1325 2407; x_wconf 87' lang='grc' dir='ltr'>πλεῖστα</span> <span class='ocrx_word' id='word_1_286' title='bbox 1357 2356 1464 2406; x_wconf 78' lang='grc' dir='ltr'><strong>τῶν</strong></span> <span class='ocrx_word' id='word_1_287' title='bbox 1496 2357 1781 2427; x_wconf 71' lang='grc' dir='ltr'>ἀρρωστη-</span> 
     </span>
    </p>
   </div>
   <div class='ocr_carea' id='block_1_41' title="bbox 206 2444 1781 2515">
    <p class='ocr_par' dir='ltr' id='par_1_41' title="bbox 206 2444 1781 2515">
     <span class='ocr_line' id='line_1_41' title="bbox 206 2444 1781 2515; baseline 0.003 -18"><span class='ocrx_word' id='word_1_288' title='bbox 206 2446 425 2512; x_wconf 58' lang='grc' dir='ltr'>μάτων</span> <span class='ocrx_word' id='word_1_289' title='bbox 465 2445 531 2496; x_wconf 83' lang='grc' dir='ltr'>ἂν</span> <span class='ocrx_word' id='word_1_290' title='bbox 568 2444 749 2512; x_wconf 88' lang='grc' dir='ltr'>μέντοι</span> <span class='ocrx_word' id='word_1_291' title='bbox 792 2444 898 2494; x_wconf 82' lang='grc' dir='ltr'><strong>τῶν</strong></span> <span class='ocrx_word' id='word_1_292' title='bbox 934 2446 1258 2515; x_wconf 80' lang='grc' dir='ltr'>νοσημάτων</span> <span class='ocrx_word' id='word_1_293' title='bbox 1299 2449 1632 2514; x_wconf 71' lang='grc' dir='ltr'>ἀπαλλαγεὶς</span> <span class='ocrx_word' id='word_1_294' title='bbox 1662 2452 1781 2502; x_wconf 85' lang='grc' dir='ltr'>ἐπι-</span> 
     </span>
    </p>
   </div>
   <div class='ocr_carea' id='block_1_42' title="bbox 202 2534 1781 2607">
    <p class='ocr_par' dir='ltr' id='par_1_42' title="bbox 202 2534 1781 2607">
     <span class='ocr_line' id='line_1_42' title="bbox 202 2534 1781 2607; baseline 0.005 -21"><span class='ocrx_word' id='word_1_295' title='bbox 202 2536 365 2605; x_wconf 74' lang='grc' dir='ltr'>ϐιῴη,</span> <span class='ocrx_word' id='word_1_296' title='bbox 422 2536 607 2587; x_wconf 75' lang='grc' dir='ltr'>καὶτὸ</span> <span class='ocrx_word' id='word_1_297' title='bbox 636 2534 731 2586; x_wconf 73' lang='grc' dir='ltr'>νῦν</span> <span class='ocrx_word' id='word_1_298' title='bbox 786 2536 1065 2605; x_wconf 69' lang='grc' dir='ltr'>ἐπίταγμα</span> <span class='ocrx_word' id='word_1_299' title='bbox 1097 2539 1153 2599; x_wconf 78' lang='grc' dir='ltr'>ἐς</span> <span class='ocrx_word' id='word_1_300' title='bbox 1195 2540 1369 2607; x_wconf 80' lang='grc' dir='ltr'>πέρας</span> <span class='ocrx_word' id='word_1_301' title='bbox 1407 2542 1636 2606; x_wconf 86' lang='grc' dir='ltr'>ἀγαγεῖν</span> <span class='ocrx_word' id='word_1_302' title='bbox 1678 2544 1781 2594; x_wconf 86' lang='grc' dir='ltr'>ὑπ-</span> 
     </span>
    </p>
   </div>
   <div class='ocr_carea' id='block_1_43' title="bbox 204 2629 1781 2698">
    <p class='ocr_par' dir='ltr' id='par_1_43' title="bbox 204 2629 1781 2698">
     <span class='ocr_line' id='line_1_43' title="bbox 204 2629 1781 2698; baseline 0.004 -19"><span class='ocrx_word' id='word_1_303' title='bbox 204 2632 496 2696; x_wconf 83' lang='grc' dir='ltr'>ισχνεῖται,</span> <span class='ocrx_word' id='word_1_304' title='bbox 517 2630 609 2680; x_wconf 73' lang='grc' dir='ltr'><strong>καὶ</strong></span> <span class='ocrx_word' id='word_1_305' title='bbox 635 2630 755 2681; x_wconf 79' lang='grc' dir='ltr'>εἴτι</span> <span class='ocrx_word' id='word_1_306' title='bbox 778 2629 906 2681; x_wconf 80' lang='grc' dir='ltr'>ἄλλο</span> <span class='ocrx_word' id='word_1_307' title='bbox 924 2630 1247 2697; x_wconf 78' lang='grc' dir='ltr'>προστάττοι</span> <span class='ocrx_word' id='word_1_308' title='bbox 1273 2632 1588 2698; x_wconf 74' lang='grc' dir='ltr'>φιλοκαλίας</span> <span class='ocrx_word' id='word_1_309' title='bbox 1604 2651 1663 2685; x_wconf 89' lang='grc' dir='ltr'><strong>τε</strong></span> <span class='ocrx_word' id='word_1_310' title='bbox 1688 2636 1781 2686; x_wconf 76' lang='grc' dir='ltr'>καὶ</span> 
     </span>
    </p>
   </div>
   <div class='ocr_carea' id='block_1_44' title="bbox 201 2720 1777 2793">
    <p class='ocr_par' dir='ltr' id='par_1_44' title="bbox 201 2720 1777 2793">
     <span class='ocr_line' id='line_1_44' title="bbox 201 2720 1777 2793; baseline 0.004 -23"><span class='ocrx_word' id='word_1_311' title='bbox 201 2720 579 2789; x_wconf 77' lang='grc' dir='ltr'>πολυμαθείας</span> <span class='ocrx_word' id='word_1_312' title='bbox 607 2721 701 2772; x_wconf 80' lang='grc' dir='ltr'><strong>καὶ</strong></span> <span class='ocrx_word' id='word_1_313' title='bbox 740 2721 1055 2793; x_wconf 76' lang='grc' dir='ltr'>καινότητος</span> <span class='ocrx_word' id='word_1_314' title='bbox 1082 2722 1359 2792; x_wconf 79' lang='grc' dir='ltr'>ἐχόμενον.</span> <span class='ocrx_word' id='word_1_315' title='bbox 1378 2725 1535 2775; x_wconf 77' lang='grc' dir='ltr'>Ἀλλά</span> <span class='ocrx_word' id='word_1_316' title='bbox 1564 2726 1660 2776; x_wconf 76' lang='grc' dir='ltr'><strong>καὶ</strong></span> <span class='ocrx_word' id='word_1_317' title='bbox 1688 2727 1777 2777; x_wconf 77' lang='grc' dir='ltr'><strong>τὸν</strong></span> 
     </span>
    </p>
   </div>
   <div class='ocr_carea' id='block_1_45' title="bbox 200 2810 1781 2887">
    <p class='ocr_par' dir='ltr' id='par_1_45' title="bbox 200 2810 1781 2887">
     <span class='ocr_line' id='line_1_45' title="bbox 200 2810 1781 2887; baseline 0.003 -25"><span class='ocrx_word' id='word_1_318' title='bbox 200 2812 363 2862; x_wconf 78' lang='grc' dir='ltr'>’ἑκ-ιον</span> <span class='ocrx_word' id='word_1_319' title='bbox 423 2810 582 2877; x_wconf 85' lang='grc' dir='ltr'>λόγον</span> <span class='ocrx_word' id='word_1_320' title='bbox 641 2811 741 2879; x_wconf 88' lang='grc' dir='ltr'><strong>τῆς</strong></span> <span class='ocrx_word' id='word_1_321' title='bbox 794 2815 1111 2882; x_wconf 74' lang='grc' dir='ltr'>σοφιστικῆς</span> <span class='ocrx_word' id='word_1_322' title='bbox 1161 2812 1367 2881; x_wconf 84' lang='grc' dir='ltr'>ταύτης</span> <span class='ocrx_word' id='word_1_323' title='bbox 1427 2819 1781 2887; x_wconf 77' lang='grc' dir='ltr'>παρασκευῆς</span> 
     </span>
    </p>
   </div>
   <div class='ocr_carea' id='block_1_46' title="bbox 198 2902 1345 2972">
    <p class='ocr_par' dir='ltr' id='par_1_46' title="bbox 198 2902 1345 2972">
     <span class='ocr_line' id='line_1_46' title="bbox 198 2902 1345 2972; baseline 0 -17"><span class='ocrx_word' id='word_1_324' title='bbox 198 2902 345 2970; x_wconf 75' lang='grc' dir='ltr'>ἄλλῳ</span> <span class='ocrx_word' id='word_1_325' title='bbox 374 2902 487 2952; x_wconf 76' lang='grc' dir='ltr'>τινὶ</span> <span class='ocrx_word' id='word_1_326' title='bbox 518 2902 679 2953; x_wconf 82' lang='grc' dir='ltr'>πάλιν</span> <span class='ocrx_word' id='word_1_327' title='bbox 718 2902 982 2972; x_wconf 74' lang='grc' dir='ltr'>Τιϐερίνῳ</span> <span class='ocrx_word' id='word_1_328' title='bbox 1018 2905 1345 2971; x_wconf 84' lang='grc' dir='ltr'>προσφωνεῖ.</span> 
     </span>
    </p>
   </div>
   <div class='ocr_carea' id='block_1_47' title="bbox 266 2994 1777 3066">
    <p class='ocr_par' dir='ltr' id='par_1_47' title="bbox 266 2994 1777 3066">
     <span class='ocr_line' id='line_1_47' title="bbox 266 2994 1777 3066; baseline 0.005 -21"><span class='ocrx_word' id='word_1_329' title='bbox 266 2995 382 3046; x_wconf 81' lang='grc' dir='ltr'>Καὶ</span> <span class='ocrx_word' id='word_1_330' title='bbox 408 2994 475 3062; x_wconf 81' lang='grc' dir='ltr'><strong>δὴ</strong></span> <span class='ocrx_word' id='word_1_331' title='bbox 508 2994 601 3045; x_wconf 71' lang='grc' dir='ltr'><strong>καὶ</strong></span> <span class='ocrx_word' id='word_1_332' title='bbox 630 2995 721 3045; x_wconf 76' lang='grc' dir='ltr'><strong>τὸν</strong></span> <span class='ocrx_word' id='word_1_333' title='bbox 773 2995 1001 3063; x_wconf 76' lang='grc' dir='ltr'>’ἐῦδομον</span> <span class='ocrx_word' id='word_1_334' title='bbox 1032 2995 1202 3063; x_wconf 76' lang='grc' dir='ltr'>ἑτέρῳ</span> <span class='ocrx_word' id='word_1_335' title='bbox 1234 2996 1552 3066; x_wconf 73' lang='grc' dir='ltr'>Μηνοφίλῳ,</span> <span class='ocrx_word' id='word_1_336' title='bbox 1588 2999 1646 3050; x_wconf 82' lang='grc' dir='ltr'>ὃν</span> <span class='ocrx_word' id='word_1_337' title='bbox 1684 3001 1777 3052; x_wconf 85' lang='grc' dir='ltr'><strong>καί</strong></span> 
     </span>
    </p>
   </div>
   <div class='ocr_carea' id='block_1_48' title="bbox 198 3084 1780 3159">
    <p class='ocr_par' dir='ltr' id='par_1_48' title="bbox 198 3084 1780 3159">
     <span class='ocr_line' id='line_1_48' title="bbox 198 3084 1780 3159; baseline 0.003 -24"><span class='ocrx_word' id='word_1_338' title='bbox 198 3102 330 3152; x_wconf 83' lang='grc' dir='ltr'>φησι</span> <span class='ocrx_word' id='word_1_339' title='bbox 356 3084 609 3142; x_wconf 80' lang='grc' dir='ltr'>παιδείας</span> <span class='ocrx_word' id='word_1_340' title='bbox 639 3087 717 3146; x_wconf 87' lang='grc' dir='ltr'><strong>είς</strong></span> <span class='ocrx_word' id='word_1_341' title='bbox 745 3087 915 3153; x_wconf 78' lang='grc' dir='ltr'>ἄκρον</span> <span class='ocrx_word' id='word_1_342' title='bbox 950 3086 1151 3154; x_wconf 79' lang='grc' dir='ltr'>ἥκοντα</span> <span class='ocrx_word' id='word_1_343' title='bbox 1202 3090 1294 3138; x_wconf 78' lang='grc' dir='ltr'><strong>καὶ</strong></span> <span class='ocrx_word' id='word_1_344' title='bbox 1327 3090 1513 3157; x_wconf 73' lang='grc' dir='ltr'>ῥήσεις</span> <span class='ocrx_word' id='word_1_345' title='bbox 1554 3091 1780 3159; x_wconf 74' lang='grc' dir='ltr'>ὁλοκλή-</span> 
     </span>
    </p>
   </div>
   <div class='ocr_carea' id='block_1_49' title="bbox 199 3174 1777 3245">
    <p class='ocr_par' dir='ltr' id='par_1_49' title="bbox 199 3174 1777 3245">
     <span class='ocr_line' id='line_1_49' title="bbox 199 3174 1777 3245; baseline -0.001 -12"><span class='ocrx_word' id='word_1_346' title='bbox 199 3193 330 3245; x_wconf 73' lang='grc' dir='ltr'>ρους</span> <span class='ocrx_word' id='word_1_347' title='bbox 382 3174 523 3243; x_wconf 79' lang='grc' dir='ltr'>πρὸς</span> <span class='ocrx_word' id='word_1_348' title='bbox 572 3174 672 3237; x_wconf 75' lang='grc' dir='ltr'><strong>τὰς</strong></span> <span class='ocrx_word' id='word_1_349' title='bbox 715 3176 1017 3238; x_wconf 80' lang='grc' dir='ltr'>ἀποδείξεις</span> <span class='ocrx_word' id='word_1_350' title='bbox 1060 3177 1419 3241; x_wconf 78' lang='grc' dir='ltr'>συντελούσας</span> <span class='ocrx_word' id='word_1_351' title='bbox 1476 3181 1567 3232; x_wconf 72' lang='grc' dir='ltr'><strong>τοῦ</strong></span> <span class='ocrx_word' id='word_1_352' title='bbox 1620 3182 1777 3234; x_wconf 78' lang='grc' dir='ltr'>ἕκτου</span> 
     </span>
    </p>
   </div>
   <div class='ocr_carea' id='block_1_50' title="bbox 197 3267 1779 3342">
    <p class='ocr_par' dir='ltr' id='par_1_50' title="bbox 197 3267 1779 3342">
     <span class='ocr_line' id='line_1_50' title="bbox 197 3267 1779 3342; baseline 0.009 -26"><span class='ocrx_word' id='word_1_353' title='bbox 197 3268 359 3333; x_wconf 64' lang='grc' dir='ltr'>λόγου</span> <span class='ocrx_word' id='word_1_354' title='bbox 382 3267 486 3334; x_wconf 86' lang='grc' dir='ltr'><strong>τῆς</strong></span> <span class='ocrx_word' id='word_1_355' title='bbox 508 3267 878 3334; x_wconf 62' lang='grc' dir='ltr'>Σοφιστικῆς</span> <span class='ocrx_word' id='word_1_356' title='bbox 910 3270 1304 3337; x_wconf 80' lang='grc' dir='ltr'>Παρασκευῆς</span> <span class='ocrx_word' id='word_1_357' title='bbox 1323 3275 1663 3342; x_wconf 80' lang='grc' dir='ltr'>παραθεῖναι,</span> <span class='ocrx_word' id='word_1_358' title='bbox 1688 3281 1779 3331; x_wconf 79' lang='grc' dir='ltr'>καὶ</span> 
     </span>
    </p>
   </div>
   <div class='ocr_carea' id='block_1_51' title="bbox 194 3360 1779 3437">
    <p class='ocr_par' dir='ltr' id='par_1_51' title="bbox 194 3360 1779 3437">
     <span class='ocr_line' id='line_1_51' title="bbox 194 3360 1779 3437; baseline 0.008 -28"><span class='ocrx_word' id='word_1_359' title='bbox 194 3360 540 3428; x_wconf 79' lang='grc' dir='ltr'>προτρέπειν</span> <span class='ocrx_word' id='word_1_360' title='bbox 572 3360 665 3411; x_wconf 81' lang='grc' dir='ltr'><strong>καὶ</strong></span> <span class='ocrx_word' id='word_1_361' title='bbox 698 3360 859 3411; x_wconf 82' lang='grc' dir='ltr'>αὑτὸν</span> <span class='ocrx_word' id='word_1_362' title='bbox 888 3362 979 3411; x_wconf 77' lang='grc' dir='ltr'>ἐπὶ</span> <span class='ocrx_word' id='word_1_363' title='bbox 1001 3362 1252 3415; x_wconf 87' lang='grc' dir='ltr'>πλεῖστον</span> <span class='ocrx_word' id='word_1_364' title='bbox 1280 3366 1479 3427; x_wconf 88' lang='grc' dir='ltr'>ταύτας</span> <span class='ocrx_word' id='word_1_365' title='bbox 1506 3369 1779 3437; x_wconf 76' lang='grc' dir='ltr'>ἀθροίζειν</span> 
     </span>
    </p>
   </div>
   <div class='ocr_carea' id='block_1_52' title="bbox 192 3452 1775 3521">
    <p class='ocr_par' dir='ltr' id='par_1_52' title="bbox 192 3452 1775 3521">
     <span class='ocr_line' id='line_1_52' title="bbox 192 3452 1775 3521; baseline 0.008 -20"><span class='ocrx_word' id='word_1_366' title='bbox 192 3455 308 3512; x_wconf 85' lang='grc' dir='ltr'>τοῖς</span> <span class='ocrx_word' id='word_1_367' title='bbox 347 3452 769 3519; x_wconf 79' lang='grc' dir='ltr'>συγγράμμασι.</span> <span class='ocrx_word' id='word_1_368' title='bbox 800 3452 901 3502; x_wconf 80' lang='grc' dir='ltr'>Τὸν</span> <span class='ocrx_word' id='word_1_369' title='bbox 930 3453 1109 3518; x_wconf 85' lang='grc' dir='ltr'>μέντοι</span> <span class='ocrx_word' id='word_1_370' title='bbox 1133 3456 1317 3521; x_wconf 71' lang='grc' dir='ltr'>ὃγδοον</span> <span class='ocrx_word' id='word_1_371' title='bbox 1347 3459 1508 3509; x_wconf 82' lang='grc' dir='ltr'>πάλιν</span> <span class='ocrx_word' id='word_1_372' title='bbox 1555 3462 1775 3513; x_wconf 79' lang='grc' dir='ltr'>Ἰουλια-</span> 
     </span>
    </p>
   </div>
   <div class='ocr_carea' id='block_1_53' title="bbox 193 3543 1778 3615">
    <p class='ocr_par' dir='ltr' id='par_1_53' title="bbox 193 3543 1778 3615">
     <span class='ocr_line' id='line_1_53' title="bbox 193 3543 1778 3615; baseline 0.008 -22"><span class='ocrx_word' id='word_1_373' title='bbox 193 3543 271 3612; x_wconf 84' lang='grc' dir='ltr'>νῴ</span> <span class='ocrx_word' id='word_1_374' title='bbox 302 3544 622 3609; x_wconf 78' lang='grc' dir='ltr'>ἀνατίθησι,</span> <span class='ocrx_word' id='word_1_375' title='bbox 649 3543 745 3595; x_wconf 80' lang='grc' dir='ltr'><strong>καὶ</strong></span> <span class='ocrx_word' id='word_1_376' title='bbox 780 3545 1014 3596; x_wconf 84' lang='grc' dir='ltr'>αἰτεῖται</span> <span class='ocrx_word' id='word_1_377' title='bbox 1060 3548 1249 3610; x_wconf 75' lang='grc' dir='ltr'>αὑτὸν,</span> <span class='ocrx_word' id='word_1_378' title='bbox 1285 3551 1337 3601; x_wconf 84' lang='grc' dir='ltr'><strong>εῖ</strong></span> <span class='ocrx_word' id='word_1_379' title='bbox 1375 3569 1425 3602; x_wconf 93' lang='grc' dir='ltr'><strong>τι</strong></span> <span class='ocrx_word' id='word_1_380' title='bbox 1478 3554 1683 3615; x_wconf 81' lang='grc' dir='ltr'>ἀτελῶς</span> <span class='ocrx_word' id='word_1_381' title='bbox 1710 3556 1778 3606; x_wconf 82' lang='grc' dir='ltr'>εῖ-</span> 
     </span>
    </p>
   </div>
   <div class='ocr_carea' id='block_1_54' title="bbox 195 3634 1780 3709">
    <p class='ocr_par' dir='ltr' id='par_1_54' title="bbox 195 3634 1780 3709">
     <span class='ocr_line' id='line_1_54' title="bbox 195 3634 1780 3709; baseline 0.009 -25"><span class='ocrx_word' id='word_1_382' title='bbox 195 3652 386 3703; x_wconf 77' lang='grc' dir='ltr'>ρηται,</span> <span class='ocrx_word' id='word_1_383' title='bbox 425 3634 522 3687; x_wconf 84' lang='grc' dir='ltr'>ἆτε</span> <span class='ocrx_word' id='word_1_384' title='bbox 546 3635 609 3701; x_wconf 85' lang='grc' dir='ltr'>δὴ</span> <span class='ocrx_word' id='word_1_385' title='bbox 642 3638 735 3687; x_wconf 72' lang='grc' dir='ltr'><strong>καὶ</strong></span> <span class='ocrx_word' id='word_1_386' title='bbox 776 3636 917 3703; x_wconf 83' lang='grc' dir='ltr'>μετά</span> <span class='ocrx_word' id='word_1_387' title='bbox 964 3638 1121 3689; x_wconf 81' lang='grc' dir='ltr'>νόσον</span> <span class='ocrx_word' id='word_1_388' title='bbox 1152 3642 1434 3709; x_wconf 75' lang='grc' dir='ltr'>γράφοντι,</span> <span class='ocrx_word' id='word_1_389' title='bbox 1461 3646 1629 3697; x_wconf 77' lang='grc' dir='ltr'>ταῦτα</span> <span class='ocrx_word' id='word_1_390' title='bbox 1670 3649 1780 3699; x_wconf 88' lang='grc' dir='ltr'>δια-</span> 
     </span>
    </p>
   </div>
   <div class='ocr_carea' id='block_1_55' title="bbox 193 3727 1774 3807">
    <p class='ocr_par' dir='ltr' id='par_1_55' title="bbox 193 3727 1774 3807">
     <span class='ocr_line' id='line_1_55' title="bbox 193 3727 1774 3807; baseline 0.007 -28"><span class='ocrx_word' id='word_1_391' title='bbox 193 3732 372 3781; x_wconf 78' lang='grc' dir='ltr'>Οεῖναι</span> <span class='ocrx_word' id='word_1_392' title='bbox 433 3728 572 3794; x_wconf 64' lang='grc' dir='ltr'>πρὸς</span> <span class='ocrx_word' id='word_1_393' title='bbox 624 3727 933 3795; x_wconf 79' lang='grc' dir='ltr'>διόρθωσιν.</span> <span class='ocrx_word' id='word_1_394' title='bbox 990 3732 1095 3781; x_wconf 84' lang='grc' dir='ltr'>Τὸν</span> <span class='ocrx_word' id='word_1_395' title='bbox 1147 3733 1202 3783; x_wconf 81' lang='grc' dir='ltr'><strong>δὲ</strong></span> <span class='ocrx_word' id='word_1_396' title='bbox 1238 3734 1429 3786; x_wconf 78' lang='grc' dir='ltr'>ἔνατον</span> <span class='ocrx_word' id='word_1_397' title='bbox 1492 3738 1774 3807; x_wconf 72' lang='grc' dir='ltr'>Ῥουφίνῳ,</span> 
     </span>
    </p>
   </div>
   <div class='ocr_carea' id='block_1_56' title="bbox 192 3819 1779 3901">
    <p class='ocr_par' dir='ltr' id='par_1_56' title="bbox 192 3819 1779 3901">
     <span class='ocr_line' id='line_1_56' title="bbox 192 3819 1779 3901; baseline 0.008 -29"><span class='ocrx_word' id='word_1_398' title='bbox 192 3822 427 3888; x_wconf 63' lang='grc' dir='ltr'>φάσκων</span> <span class='ocrx_word' id='word_1_399' title='bbox 460 3819 633 3872; x_wconf 81' lang='grc' dir='ltr'>αἴτιον</span> <span class='ocrx_word' id='word_1_400' title='bbox 671 3822 769 3888; x_wconf 84' lang='grc' dir='ltr'><strong>μὲν</strong></span> <span class='ocrx_word' id='word_1_401' title='bbox 809 3823 901 3874; x_wconf 73' lang='grc' dir='ltr'>τοῦ</span> <span class='ocrx_word' id='word_1_402' title='bbox 930 3824 973 3855; x_wconf 74' lang='grc'><strong>⁸9</strong></span> <span class='ocrx_word' id='word_1_403' title='bbox 1004 3827 1353 3894; x_wconf 77' lang='grc' dir='ltr'>ἀπάρξασθαι</span> <span class='ocrx_word' id='word_1_404' title='bbox 1404 3831 1503 3897; x_wconf 79' lang='grc' dir='ltr'><strong>τῆς</strong></span> <span class='ocrx_word' id='word_1_405' title='bbox 1540 3850 1779 3901; x_wconf 81' lang='grc' dir='ltr'>συγγρα-</span> 
     </span>
    </p>
   </div>
   <div class='ocr_carea' id='block_1_57' title="bbox 192 3910 1777 3985">
    <p class='ocr_par' dir='ltr' id='par_1_57' title="bbox 192 3910 1777 3985">
     <span class='ocr_line' id='line_1_57' title="bbox 192 3910 1777 3985; baseline 0.006 -26"><span class='ocrx_word' id='word_1_406' title='bbox 192 3911 301 3977; x_wconf 81' lang='grc' dir='ltr'><strong>φῆς</strong></span> <span class='ocrx_word' id='word_1_407' title='bbox 362 3910 715 3976; x_wconf 70' lang='grc' dir='ltr'>Ἀριστοκλέα</span> <span class='ocrx_word' id='word_1_408' title='bbox 756 3910 1027 3975; x_wconf 79' lang='grc' dir='ltr'>γενέσθαι,</span> <span class='ocrx_word' id='word_1_409' title='bbox 1056 3914 1151 3965; x_wconf 81' lang='grc' dir='ltr'>τοῦ</span> <span class='ocrx_word' id='word_1_410' title='bbox 1190 3915 1245 3965; x_wconf 84' lang='grc' dir='ltr'>δὲ</span> <span class='ocrx_word' id='word_1_411' title='bbox 1269 3917 1360 3965; x_wconf 68' lang='grc' dir='ltr'>ἐπὶ</span> <span class='ocrx_word' id='word_1_412' title='bbox 1392 3919 1565 3985; x_wconf 83' lang='grc' dir='ltr'>πέρας</span> <span class='ocrx_word' id='word_1_413' title='bbox 1608 3918 1777 3969; x_wconf 76' lang='grc' dir='ltr'>ἐλθεῖν</span> 
     </span>
    </p>
   </div>
   <div class='ocr_carea' id='block_1_58' title="bbox 190 4002 1778 4080">
    <p class='ocr_par' dir='ltr' id='par_1_58' title="bbox 190 4002 1778 4080">
     <span class='ocr_line' id='line_1_58' title="bbox 190 4002 1778 4080; baseline 0.005 -25"><span class='ocrx_word' id='word_1_414' title='bbox 190 4005 361 4055; x_wconf 66' lang='grc' dir='ltr'>αὐτὸν</span> <span class='ocrx_word' id='word_1_415' title='bbox 393 4004 567 4053; x_wconf 85' lang='grc' dir='ltr'>αἴτιον</span> <span class='ocrx_word' id='word_1_416' title='bbox 582 4002 626 4032; x_wconf 73' lang='grc' dir='ltr'><strong>⁸ο</strong></span> <span class='ocrx_word' id='word_1_417' title='bbox 663 4002 902 4065; x_wconf 79' lang='grc' dir='ltr'>ἔσεσθαι,</span> <span class='ocrx_word' id='word_1_418' title='bbox 932 4006 1013 4057; x_wconf 86' lang='grc' dir='ltr'><strong>ὅτι</strong></span> <span class='ocrx_word' id='word_1_419' title='bbox 1045 4006 1283 4075; x_wconf 77' lang='grc' dir='ltr'>ἐντυχὼν</span> <span class='ocrx_word' id='word_1_420' title='bbox 1314 4012 1426 4070; x_wconf 86' lang='grc' dir='ltr'>τοῖς</span> <span class='ocrx_word' id='word_1_421' title='bbox 1458 4014 1778 4080; x_wconf 80' lang='grc' dir='ltr'>γεγραμμέ-</span> 
     </span>
    </p>
   </div>
   <div class='ocr_carea' id='block_1_59' title="bbox 190 4096 1775 4167">
    <p class='ocr_par' dir='ltr' id='par_1_59' title="bbox 190 4096 1775 4167">
     <span class='ocr_line' id='line_1_59' title="bbox 190 4096 1775 4167; baseline 0.009 -26"><span class='ocrx_word' id='word_1_422' title='bbox 190 4113 305 4155; x_wconf 59' lang='grc' dir='ltr'>νοις</span> <span class='ocrx_word' id='word_1_423' title='bbox 334 4096 394 4145; x_wconf 84' lang='grc' dir='ltr'><strong>τό</strong></span> <span class='ocrx_word' id='word_1_424' title='bbox 420 4111 481 4144; x_wconf 91' lang='grc' dir='ltr'><strong>τε</strong></span> <span class='ocrx_word' id='word_1_425' title='bbox 512 4096 783 4162; x_wconf 74' lang='grc' dir='ltr'>χρήσιμον</span> <span class='ocrx_word' id='word_1_426' title='bbox 804 4098 1034 4147; x_wconf 87' lang='grc' dir='ltr'>συνιδεῖν</span> <span class='ocrx_word' id='word_1_427' title='bbox 1064 4098 1195 4167; x_wconf 77' lang='grc' dir='ltr'>ἔσχε</span> <span class='ocrx_word' id='word_1_428' title='bbox 1226 4102 1319 4152; x_wconf 56' lang='grc' dir='ltr'><strong>καὶ⁸</strong></span> <span class='ocrx_word' id='word_1_429' title='bbox 1349 4103 1653 4155; x_wconf 70' lang='grc' dir='ltr'>ἐπαινέσειε</span> <span class='ocrx_word' id='word_1_430' title='bbox 1688 4105 1775 4155; x_wconf 77' lang='grc' dir='ltr'><strong>τὸν</strong></span> 
     </span>
    </p>
   </div>
   <div class='ocr_carea' id='block_1_60' title="bbox 190 4182 1775 4261">
    <p class='ocr_par' dir='ltr' id='par_1_60' title="bbox 190 4182 1775 4261">
     <span class='ocr_line' id='line_1_60' title="bbox 190 4182 1775 4261; baseline 0.006 -28"><span class='ocrx_word' id='word_1_431' title='bbox 190 4184 380 4236; x_wconf 67' lang='grc' dir='ltr'>τόνον.</span> <span class='ocrx_word' id='word_1_432' title='bbox 411 4183 515 4233; x_wconf 78' lang='grc' dir='ltr'>Τὸν</span> <span class='ocrx_word' id='word_1_433' title='bbox 559 4182 612 4233; x_wconf 73' lang='grc' dir='ltr'>δὲ</span> <span class='ocrx_word' id='word_1_434' title='bbox 644 4184 868 4233; x_wconf 78' lang='grc' dir='ltr'>δέκατον</span> <span class='ocrx_word' id='word_1_435' title='bbox 920 4186 1083 4237; x_wconf 85' lang='grc' dir='ltr'>πάλιν</span> <span class='ocrx_word' id='word_1_436' title='bbox 1142 4190 1583 4258; x_wconf 68' lang='grc' dir='ltr'>ἐπαναστραφεὶς</span> <span class='ocrx_word' id='word_1_437' title='bbox 1640 4193 1775 4261; x_wconf 72' lang='grc' dir='ltr'>πρὸς</span> 
     </span>
    </p>
   </div>
   <div class='ocr_carea' id='block_1_61' title="bbox 202 4276 1775 4354">
    <p class='ocr_par' dir='ltr' id='par_1_61' title="bbox 202 4276 1775 4354">
     <span class='ocr_line' id='line_1_61' title="bbox 202 4276 1775 4354; baseline 0.006 -27"><span class='ocrx_word' id='word_1_438' title='bbox 202 4276 571 4343; x_wconf 79' lang='grc' dir='ltr'>Ἀριστοκλέα</span> <span class='ocrx_word' id='word_1_439' title='bbox 621 4276 929 4330; x_wconf 78' lang='grc' dir='ltr'>συντάττει.</span> <span class='ocrx_word' id='word_1_440' title='bbox 978 4278 1034 4327; x_wconf 84' lang='lat'><strong>&#39;0</strong></span> <span class='ocrx_word' id='word_1_441' title='bbox 1090 4280 1143 4330; x_wconf 74' lang='grc' dir='ltr'>δὲ</span> <span class='ocrx_word' id='word_1_442' title='bbox 1206 4282 1405 4349; x_wconf 77' lang='grc' dir='ltr'>ἑφεξῆς</span> <span class='ocrx_word' id='word_1_443' title='bbox 1463 4285 1775 4354; x_wconf 77' lang='grc' dir='ltr'>Μηνοδώρῳ</span> 
     </span>
    </p>
   </div>
   <div class='ocr_carea' id='block_1_62' title="bbox 189 4364 1771 4440">
    <p class='ocr_par' dir='ltr' id='par_1_62' title="bbox 189 4364 1771 4440">
     <span class='ocr_line' id='line_1_62' title="bbox 189 4364 1771 4440; baseline 0.006 -23"><span class='ocrx_word' id='word_1_444' title='bbox 189 4366 663 4436; x_wconf 70' lang='grc' dir='ltr'>προσπεφώνηται</span> <span class='ocrx_word' id='word_1_445' title='bbox 714 4369 898 4429; x_wconf 81' lang='grc' dir='ltr'>πάλιν,</span> <span class='ocrx_word' id='word_1_446' title='bbox 951 4370 1007 4419; x_wconf 84' lang='grc' dir='ltr'>ὲν</span> <span class='ocrx_word' id='word_1_447' title='bbox 1128 4372 1221 4421; x_wconf 78' lang='grc' dir='ltr'><strong>καὶ</strong></span> <span class='ocrx_word' id='word_1_448' title='bbox 1287 4372 1620 4440; x_wconf 78' lang='grc' dir='ltr'>Ἀριστείδου</span> <span class='ocrx_word' id='word_1_449' title='bbox 1664 4380 1771 4439; x_wconf 85' lang='grc' dir='ltr'>τοῖς</span> 
     </span>
    </p>
   </div>
   <div class='ocr_carea' id='block_1_63' title="bbox 184 4458 1771 4533">
    <p class='ocr_par' dir='ltr' id='par_1_63' title="bbox 184 4458 1771 4533">
     <span class='ocr_line' id='line_1_63' title="bbox 184 4458 1771 4533; baseline 0.008 -26"><span class='ocrx_word' id='word_1_450' title='bbox 184 4461 373 4525; x_wconf 65' lang='grc' dir='ltr'>λόγοις</span> <span class='ocrx_word' id='word_1_451' title='bbox 406 4458 505 4526; x_wconf 79' lang='grc' dir='ltr'><strong>(ὥς</strong></span> <span class='ocrx_word' id='word_1_452' title='bbox 538 4463 726 4527; x_wconf 82' lang='grc' dir='ltr'>φησιν)</span> <span class='ocrx_word' id='word_1_453' title='bbox 772 4460 1009 4530; x_wconf 84' lang='grc' dir='ltr'>ἐντυχὼν</span> <span class='ocrx_word' id='word_1_454' title='bbox 1060 4464 1202 4532; x_wconf 76' lang='grc' dir='ltr'>ἄρτι,</span> <span class='ocrx_word' id='word_1_455' title='bbox 1255 4466 1375 4517; x_wconf 83' lang='grc' dir='ltr'>τότε</span> <span class='ocrx_word' id='word_1_456' title='bbox 1412 4468 1771 4533; x_wconf 74' lang='grc' dir='ltr'>ἀκμάζοντος,</span> 
     </span>
    </p>
   </div>
   <div class='ocr_carea' id='block_1_64' title="bbox 1810 3218 1850 3269">
    <p class='ocr_par' dir='ltr' id='par_1_64' title="bbox 1810 3218 1850 3269">
     <span class='ocr_line' id='line_1_64' title="bbox 1810 3218 1850 3269; baseline 0 -44"><span class='ocrx_word' id='word_1_457' title='bbox 1810 3218 1850 3269; x_wconf 61' lang='lat' dir='ltr'><strong><em>C</em></strong></span> 
     </span>
    </p>
   </div>
   <div class='ocr_carea' id='block_1_65' title="bbox 1887 1984 3456 2054">
    <p class='ocr_par' dir='ltr' id='par_1_65' title="bbox 1887 1984 3456 2054">
     <span class='ocr_line' id='line_1_65' title="bbox 1887 1984 3456 2054; baseline 0.004 -20"><span class='ocrx_word' id='word_1_458' title='bbox 1887 1984 1987 2035; x_wconf 89' lang='lat' dir='ltr'><strong>tria</strong></span> <span class='ocrx_word' id='word_1_459' title='bbox 2036 1988 2341 2037; x_wconf 79' lang='lat' dir='ltr'><strong>morborum</strong></span> <span class='ocrx_word' id='word_1_460' title='bbox 2394 2002 2589 2054; x_wconf 84' lang='lat' dir='ltr'><strong>genera</strong></span> <span class='ocrx_word' id='word_1_461' title='bbox 2651 1986 2945 2047; x_wconf 82' lang='lat' dir='ltr'><strong>incidisset,</strong></span> <span class='ocrx_word' id='word_1_462' title='bbox 2986 1986 3035 2039; x_wconf 92' lang='lat' dir='ltr'><strong>in</strong></span> <span class='ocrx_word' id='word_1_463' title='bbox 3080 1986 3245 2039; x_wconf 70' lang='lat' dir='ltr'><strong>urina:</strong></span> <span class='ocrx_word' id='word_1_464' title='bbox 3293 1988 3456 2041; x_wconf 52' lang='lat' dir='ltr'><strong>nimi-</strong></span> 
     </span>
    </p>
   </div>
   <div class='ocr_carea' id='block_1_66' title="bbox 1885 2075 3451 2141">
    <p class='ocr_par' dir='ltr' id='par_1_66' title="bbox 1885 2075 3451 2141">
     <span class='ocr_line' id='line_1_66' title="bbox 1885 2075 3451 2141; baseline 0.003 -16"><span class='ocrx_word' id='word_1_465' title='bbox 1885 2090 2002 2125; x_wconf 91' lang='lat' dir='ltr'><strong>rum</strong></span> <span class='ocrx_word' id='word_1_466' title='bbox 2034 2075 2388 2141; x_wconf 84' lang='lat' dir='ltr'><strong>stillicidium,</strong></span> <span class='ocrx_word' id='word_1_467' title='bbox 2421 2079 2713 2130; x_wconf 81' lang='lat' dir='ltr'><strong>Senectutis</strong></span> <span class='ocrx_word' id='word_1_468' title='bbox 2744 2078 3016 2141; x_wconf 87' lang='lat' dir='ltr'><strong>comitem,</strong></span> <span class='ocrx_word' id='word_1_469' title='bbox 3050 2077 3101 2128; x_wconf 94' lang='lat' dir='ltr'><strong>in</strong></span> <span class='ocrx_word' id='word_1_470' title='bbox 3137 2077 3451 2130; x_wconf 89' lang='lat' dir='ltr'><strong>diuturnum</strong></span> 
     </span>
    </p>
   </div>
   <div class='ocr_carea' id='block_1_67' title="bbox 1886 2168 3456 2235">
    <p class='ocr_par' dir='ltr' id='par_1_67' title="bbox 1886 2168 3456 2235">
     <span class='ocr_line' id='line_1_67' title="bbox 1886 2168 3456 2235; baseline 0.002 -19"><span class='ocrx_word' id='word_1_471' title='bbox 1886 2180 2153 2234; x_wconf 76' lang='lat' dir='ltr'><strong>graveque</strong></span> <span class='ocrx_word' id='word_1_472' title='bbox 2212 2168 2413 2221; x_wconf 90' lang='lat' dir='ltr'><strong>mentis</strong></span> <span class='ocrx_word' id='word_1_473' title='bbox 2443 2168 2723 2231; x_wconf 72' lang='lat' dir='ltr'><strong>delirium;</strong></span> <span class='ocrx_word' id='word_1_474' title='bbox 2760 2179 2812 2221; x_wconf 90' lang='lat' dir='ltr'><strong>et</strong></span> <span class='ocrx_word' id='word_1_475' title='bbox 2845 2169 3126 2235; x_wconf 80' lang='lat' dir='ltr'><strong>sanguinis</strong></span> <span class='ocrx_word' id='word_1_476' title='bbox 3182 2184 3210 2220; x_wconf 90' lang='lat' dir='ltr'><strong>e</strong></span> <span class='ocrx_word' id='word_1_477' title='bbox 3266 2179 3456 2220; x_wconf 75' lang='lat' dir='ltr'><strong>ventre</strong></span> 
     </span>
    </p>
   </div>
   <div class='ocr_carea' id='block_1_68' title="bbox 1884 2257 3449 2329">
    <p class='ocr_par' dir='ltr' id='par_1_68' title="bbox 1884 2257 3449 2329">
     <span class='ocr_line' id='line_1_68' title="bbox 1884 2257 3449 2329; baseline 0.003 -19"><span class='ocrx_word' id='word_1_478' title='bbox 1884 2257 2109 2323; x_wconf 76' lang='lat' dir='ltr'><strong>ﬂuxunt,</strong></span> <span class='ocrx_word' id='word_1_479' title='bbox 2168 2266 2487 2329; x_wconf 77' lang='lat' dir='ltr'><strong>morbosque</strong></span> <span class='ocrx_word' id='word_1_480' title='bbox 2522 2261 2654 2313; x_wconf 89' lang='lat' dir='ltr'><strong>alios</strong></span> <span class='ocrx_word' id='word_1_481' title='bbox 2689 2262 3136 2329; x_wconf 85' lang='lat' dir='ltr'><strong>quamplurimos.</strong></span> <span class='ocrx_word' id='word_1_482' title='bbox 3176 2264 3449 2329; x_wconf 73' lang='lat' dir='ltr'><strong>Siquidem</strong></span> 
     </span>
    </p>
   </div>
   <div class='ocr_carea' id='block_1_69' title="bbox 1887 2352 3453 2421">
    <p class='ocr_par' dir='ltr' id='par_1_69' title="bbox 1887 2352 3453 2421">
     <span class='ocr_line' id='line_1_69' title="bbox 1887 2352 3453 2421; baseline 0.007 -21"><span class='ocrx_word' id='word_1_483' title='bbox 1887 2361 2064 2403; x_wconf 86' lang='lat' dir='ltr'><strong>autent</strong></span> <span class='ocrx_word' id='word_1_484' title='bbox 2118 2352 2200 2403; x_wconf 89' lang='lat' dir='ltr'><strong>his</strong></span> <span class='ocrx_word' id='word_1_485' title='bbox 2251 2353 2543 2419; x_wconf 80' lang='lat' dir='ltr'><strong>aliquando</strong></span> <span class='ocrx_word' id='word_1_486' title='bbox 2584 2353 2843 2407; x_wconf 79' lang='lat' dir='ltr'><strong>liberatus</strong></span> <span class='ocrx_word' id='word_1_487' title='bbox 2887 2366 3215 2421; x_wconf 85' lang='lat' dir='ltr'><strong>superesset,</strong></span> <span class='ocrx_word' id='word_1_488' title='bbox 3254 2367 3307 2410; x_wconf 90' lang='lat' dir='ltr'><strong>et</strong></span> <span class='ocrx_word' id='word_1_489' title='bbox 3354 2360 3453 2411; x_wconf 84' lang='lat' dir='ltr'><strong>hoc</strong></span> 
     </span>
    </p>
   </div>
   <div class='ocr_carea' id='block_1_70' title="bbox 1883 2442 3449 2516">
    <p class='ocr_par' dir='ltr' id='par_1_70' title="bbox 1883 2442 3449 2516">
     <span class='ocr_line' id='line_1_70' title="bbox 1883 2442 3449 2516; baseline 0.01 -27"><span class='ocrx_word' id='word_1_490' title='bbox 1883 2455 2017 2507; x_wconf 90' lang='lat' dir='ltr'><strong>opus</strong></span> <span class='ocrx_word' id='word_1_491' title='bbox 2063 2442 2127 2494; x_wconf 88' lang='lat' dir='ltr'><strong>ad</strong></span> <span class='ocrx_word' id='word_1_492' title='bbox 2188 2444 2389 2495; x_wconf 69' lang='lat' dir='ltr'><strong>exitum</strong></span> <span class='ocrx_word' id='word_1_493' title='bbox 2437 2447 2788 2497; x_wconf 87' lang='lat' dir='ltr'><strong>adducturum</strong></span> <span class='ocrx_word' id='word_1_494' title='bbox 2840 2462 2896 2501; x_wconf 87' lang='lat' dir='ltr'><strong>se</strong></span> <span class='ocrx_word' id='word_1_495' title='bbox 2946 2450 3247 2516; x_wconf 83' lang='lat' dir='ltr'><strong>pollicetur,</strong></span> <span class='ocrx_word' id='word_1_496' title='bbox 3306 2462 3358 2505; x_wconf 90' lang='lat' dir='ltr'><strong>et</strong></span> <span class='ocrx_word' id='word_1_497' title='bbox 3407 2453 3449 2504; x_wconf 89' lang='lat' dir='ltr'><strong>si</strong></span> 
     </span>
    </p>
   </div>
   <div class='ocr_carea' id='block_1_71' title="bbox 1883 2530 3453 2608">
    <p class='ocr_par' dir='ltr' id='par_1_71' title="bbox 1883 2530 3453 2608">
     <span class='ocr_line' id='line_1_71' title="bbox 1883 2530 3453 2608; baseline 0.009 -27"><span class='ocrx_word' id='word_1_498' title='bbox 1883 2531 2009 2597; x_wconf 87' lang='lat' dir='ltr'><strong>quid</strong></span> <span class='ocrx_word' id='word_1_499' title='bbox 2055 2530 2192 2584; x_wconf 74' lang='lat' dir='ltr'><strong>l&#39;orte</strong></span> <span class='ocrx_word' id='word_1_500' title='bbox 2221 2532 2361 2583; x_wconf 84' lang='lat' dir='ltr'><strong>aliud</strong></span> <span class='ocrx_word' id='word_1_501' title='bbox 2422 2532 2745 2600; x_wconf 86' lang='lat' dir='ltr'><strong>ipsejuheat</strong></span> <span class='ocrx_word' id='word_1_502' title='bbox 2802 2535 2869 2587; x_wconf 89' lang='lat' dir='ltr'><strong>ab</strong></span> <span class='ocrx_word' id='word_1_503' title='bbox 2927 2536 3150 2591; x_wconf 86' lang='lat' dir='ltr'><strong>honesta</strong></span> <span class='ocrx_word' id='word_1_504' title='bbox 3189 2539 3453 2608; x_wconf 90' lang='lat' dir='ltr'><strong>doctaque</strong></span> 
     </span>
    </p>
   </div>
   <div class='ocr_carea' id='block_1_72' title="bbox 1885 2620 3453 2694">
    <p class='ocr_par' dir='ltr' id='par_1_72' title="bbox 1885 2620 3453 2694">
     <span class='ocr_line' id='line_1_72' title="bbox 1885 2620 3453 2694; baseline 0.01 -23"><span class='ocrx_word' id='word_1_505' title='bbox 1885 2620 2120 2675; x_wconf 80' lang='lat' dir='ltr'><strong>novitate</strong></span> <span class='ocrx_word' id='word_1_506' title='bbox 2162 2638 2265 2675; x_wconf 91' lang='lat' dir='ltr'><strong>non</strong></span> <span class='ocrx_word' id='word_1_507' title='bbox 2316 2626 2568 2677; x_wconf 86' lang='lat' dir='ltr'><strong>alienum.</strong></span> <span class='ocrx_word' id='word_1_508' title='bbox 2644 2626 2836 2694; x_wconf 79' lang='lat' dir='ltr'><strong>101a</strong></span> <span class='ocrx_word' id='word_1_509' title='bbox 2888 2627 2956 2680; x_wconf 84' lang='lat' dir='ltr'><strong>At</strong></span> <span class='ocrx_word' id='word_1_510' title='bbox 2986 2640 3197 2682; x_wconf 83' lang='lat' dir='ltr'><strong>sextum</strong></span> <span class='ocrx_word' id='word_1_511' title='bbox 3254 2633 3453 2686; x_wconf 89' lang='lat' dir='ltr'><strong>nihilo-</strong></span> 
     </span>
    </p>
   </div>
   <div class='ocr_carea' id='block_1_73' title="bbox 1886 2713 3449 2789">
    <p class='ocr_par' dir='ltr' id='par_1_73' title="bbox 1886 2713 3449 2789">
     <span class='ocr_line' id='line_1_73' title="bbox 1886 2713 3449 2789; baseline 0.009 -25"><span class='ocrx_word' id='word_1_512' title='bbox 1886 2713 2061 2767; x_wconf 88' lang='lat' dir='ltr'><strong>minus</strong></span> <span class='ocrx_word' id='word_1_513' title='bbox 2117 2714 2308 2768; x_wconf 89' lang='lat' dir='ltr'><strong>librum</strong></span> <span class='ocrx_word' id='word_1_514' title='bbox 2362 2718 2618 2771; x_wconf 87' lang='lat' dir='ltr'><strong>rhetorici</strong></span> <span class='ocrx_word' id='word_1_515' title='bbox 2674 2721 2828 2785; x_wconf 74' lang='lat' dir='ltr'><strong>Inuus</strong></span> <span class='ocrx_word' id='word_1_516' title='bbox 2886 2731 3214 2789; x_wconf 85' lang='lat' dir='ltr'><strong>apparatus,</strong></span> <span class='ocrx_word' id='word_1_517' title='bbox 3256 2725 3449 2779; x_wconf 90' lang='lat' dir='ltr'><strong>iterum</strong></span> 
     </span>
    </p>
   </div>
   <div class='ocr_carea' id='block_1_74' title="bbox 1884 2806 2781 2866">
    <p class='ocr_par' dir='ltr' id='par_1_74' title="bbox 1884 2806 2781 2866">
     <span class='ocr_line' id='line_1_74' title="bbox 1884 2806 2781 2866; baseline 0.01 -9"><span class='ocrx_word' id='word_1_518' title='bbox 1884 2806 1971 2859; x_wconf 88' lang='lat' dir='ltr'><strong>alii</strong></span> <span class='ocrx_word' id='word_1_519' title='bbox 2008 2808 2220 2861; x_wconf 86' lang='lat' dir='ltr'><strong>cuidam</strong></span> <span class='ocrx_word' id='word_1_520' title='bbox 2259 2809 2515 2865; x_wconf 87' lang='lat' dir='ltr'><strong>Tiberino</strong></span> <span class='ocrx_word' id='word_1_521' title='bbox 2555 2813 2781 2866; x_wconf 80' lang='lat' dir='ltr'><strong>dedicat.</strong></span> 
     </span>
    </p>
   </div>
   <div class='ocr_carea' id='block_1_75' title="bbox 1954 2992 3456 3068">
    <p class='ocr_par' dir='ltr' id='par_1_75' title="bbox 1954 2992 3456 3068">
     <span class='ocr_line' id='line_1_75' title="bbox 1954 2992 3456 3068; baseline 0.007 -21"><span class='ocrx_word' id='word_1_522' title='bbox 1954 2992 2025 3047; x_wconf 90' lang='lat' dir='ltr'><strong>Ut</strong></span> <span class='ocrx_word' id='word_1_523' title='bbox 2072 3004 2126 3047; x_wconf 90' lang='lat' dir='ltr'><strong>et</strong></span> <span class='ocrx_word' id='word_1_524' title='bbox 2155 2994 2439 3061; x_wconf 81' lang='lat' dir='ltr'><strong>septimum</strong></span> <span class='ocrx_word' id='word_1_525' title='bbox 2480 2996 2630 3050; x_wconf 84' lang='lat' dir='ltr'><strong>alteri</strong></span> <span class='ocrx_word' id='word_1_526' title='bbox 2666 2996 2993 3066; x_wconf 82' lang='lat' dir='ltr'><strong>Menophilo,</strong></span> <span class='ocrx_word' id='word_1_527' title='bbox 3024 3015 3181 3068; x_wconf 85' lang='lat' dir='ltr'><strong>quem</strong></span> <span class='ocrx_word' id='word_1_528' title='bbox 3212 3004 3277 3055; x_wconf 91' lang='lat' dir='ltr'><strong>ad</strong></span> <span class='ocrx_word' id='word_1_529' title='bbox 3309 3019 3456 3057; x_wconf 88' lang='lat' dir='ltr'><strong>sum-</strong></span> 
     </span>
    </p>
   </div>
   <div class='ocr_carea' id='block_1_76' title="bbox 1886 3086 3456 3158">
    <p class='ocr_par' dir='ltr' id='par_1_76' title="bbox 1886 3086 3456 3158">
     <span class='ocr_line' id='line_1_76' title="bbox 1886 3086 3456 3158; baseline 0.01 -24"><span class='ocrx_word' id='word_1_530' title='bbox 1886 3099 2026 3135; x_wconf 91' lang='lat' dir='ltr'><strong>mum</strong></span> <span class='ocrx_word' id='word_1_531' title='bbox 2068 3086 2389 3137; x_wconf 90' lang='lat' dir='ltr'><strong>eruditionis</strong></span> <span class='ocrx_word' id='word_1_532' title='bbox 2416 3086 2625 3139; x_wconf 89' lang='lat' dir='ltr'><strong>culmen</strong></span> <span class='ocrx_word' id='word_1_533' title='bbox 2675 3090 2983 3155; x_wconf 79' lang='lat' dir='ltr'><strong>pervenisse</strong></span> <span class='ocrx_word' id='word_1_534' title='bbox 3010 3091 3102 3155; x_wconf 88' lang='lat' dir='ltr'><strong>ait,</strong></span> <span class='ocrx_word' id='word_1_535' title='bbox 3137 3102 3189 3146; x_wconf 89' lang='lat' dir='ltr'><strong>et</strong></span> <span class='ocrx_word' id='word_1_536' title='bbox 3220 3094 3456 3158; x_wconf 67' lang='lat' dir='ltr'><strong>integras</strong></span> 
     </span>
    </p>
   </div>
   <div class='ocr_carea' id='block_1_77' title="bbox 1884 3175 3453 3253">
    <p class='ocr_par' dir='ltr' id='par_1_77' title="bbox 1884 3175 3453 3253">
     <span class='ocr_line' id='line_1_77' title="bbox 1884 3175 3453 3253; baseline 0.009 -27"><span class='ocrx_word' id='word_1_537' title='bbox 1884 3175 2043 3226; x_wconf 91' lang='lat' dir='ltr'><strong>etiam</strong></span> <span class='ocrx_word' id='word_1_538' title='bbox 2088 3175 2335 3243; x_wconf 86' lang='lat' dir='ltr'><strong>loquendi</strong></span> <span class='ocrx_word' id='word_1_539' title='bbox 2382 3177 2641 3231; x_wconf 76' lang='lat' dir='ltr'><strong>formulas</strong></span> <span class='ocrx_word' id='word_1_540' title='bbox 2682 3182 3068 3247; x_wconf 85' lang='lat' dir='ltr'><strong>suppeditasse,</strong></span> <span class='ocrx_word' id='word_1_541' title='bbox 3122 3199 3224 3237; x_wconf 91' lang='lat' dir='ltr'><strong>non</strong></span> <span class='ocrx_word' id='word_1_542' title='bbox 3268 3201 3453 3253; x_wconf 87' lang='lat' dir='ltr'><strong>parum</strong></span> 
     </span>
    </p>
   </div>
   <div class='ocr_carea' id='block_1_78' title="bbox 1885 3268 3455 3346">
    <p class='ocr_par' dir='ltr' id='par_1_78' title="bbox 1885 3268 3455 3346">
     <span class='ocr_line' id='line_1_78' title="bbox 1885 3268 3455 3346; baseline 0.007 -26"><span class='ocrx_word' id='word_1_543' title='bbox 1885 3268 2194 3334; x_wconf 82' lang='lat' dir='ltr'><strong>profuturas</strong></span> <span class='ocrx_word' id='word_1_544' title='bbox 2244 3271 2309 3322; x_wconf 91' lang='lat' dir='ltr'><strong>ad</strong></span> <span class='ocrx_word' id='word_1_545' title='bbox 2360 3285 2420 3321; x_wconf 87' lang='lat' dir='ltr'><strong>ea</strong></span> <span class='ocrx_word' id='word_1_546' title='bbox 2477 3273 2895 3337; x_wconf 83' lang='lat' dir='ltr'><strong>comprobanda,</strong></span> <span class='ocrx_word' id='word_1_547' title='bbox 2946 3288 3064 3341; x_wconf 72' lang='lat' dir='ltr'><strong>qua:</strong></span> <span class='ocrx_word' id='word_1_548' title='bbox 3106 3288 3259 3331; x_wconf 79' lang='lat' dir='ltr'><strong>sexto</strong></span> <span class='ocrx_word' id='word_1_549' title='bbox 3299 3278 3455 3346; x_wconf 88' lang='lat' dir='ltr'><strong>hujus</strong></span> 
     </span>
    </p>
   </div>
   <div class='ocr_carea' id='block_1_79' title="bbox 1884 3358 3457 3441">
    <p class='ocr_par' dir='ltr' id='par_1_79' title="bbox 1884 3358 3457 3441">
     <span class='ocr_line' id='line_1_79' title="bbox 1884 3358 3457 3441; baseline 0.007 -28"><span class='ocrx_word' id='word_1_550' title='bbox 1884 3358 2120 3413; x_wconf 77' lang='lat' dir='ltr'><strong>Oratorii</strong></span> <span class='ocrx_word' id='word_1_551' title='bbox 2159 3364 2453 3427; x_wconf 73' lang='lat' dir='ltr'><strong>Apparatus</strong></span> <span class='ocrx_word' id='word_1_552' title='bbox 2480 3363 2614 3414; x_wconf 89' lang='lat' dir='ltr'><strong>libro</strong></span> <span class='ocrx_word' id='word_1_553' title='bbox 2644 3366 2942 3417; x_wconf 90' lang='lat' dir='ltr'><strong>traduntur.</strong></span> <span class='ocrx_word' id='word_1_554' title='bbox 2996 3366 3277 3421; x_wconf 79' lang='lat' dir='ltr'><strong>Exhortari</strong></span> <span class='ocrx_word' id='word_1_555' title='bbox 3329 3386 3457 3441; x_wconf 79' lang='lat' dir='ltr'><strong>ergo</strong></span> 
     </span>
    </p>
   </div>
   <div class='ocr_carea' id='block_1_80' title="bbox 1878 3453 3455 3526">
    <p class='ocr_par' dir='ltr' id='par_1_80' title="bbox 1878 3453 3455 3526">
     <span class='ocr_line' id='line_1_80' title="bbox 1878 3453 3455 3526; baseline 0.008 -22"><span class='ocrx_word' id='word_1_556' title='bbox 1878 3455 2037 3504; x_wconf 89' lang='lat' dir='ltr'><strong>etiam</strong></span> <span class='ocrx_word' id='word_1_557' title='bbox 2066 3453 2203 3503; x_wconf 77' lang='lat' dir='ltr'><strong>hunc</strong></span> <span class='ocrx_word' id='word_1_558' title='bbox 2236 3455 2299 3505; x_wconf 86' lang='lat' dir='ltr'><strong>ad</strong></span> <span class='ocrx_word' id='word_1_559' title='bbox 2332 3471 2485 3507; x_wconf 68' lang='lat' dir='ltr'><strong>Voces</strong></span> <span class='ocrx_word' id='word_1_560' title='bbox 2521 3454 2816 3521; x_wconf 73' lang='lat' dir='ltr'><strong>huiusmodi</strong></span> <span class='ocrx_word' id='word_1_561' title='bbox 2845 3460 3265 3526; x_wconf 85' lang='lat' dir='ltr'><strong>quamplurimas</strong></span> <span class='ocrx_word' id='word_1_562' title='bbox 3318 3466 3455 3516; x_wconf 72' lang='lat' dir='ltr'><strong>scri-</strong></span> 
     </span>
    </p>
   </div>
   <div class='ocr_carea' id='block_1_81' title="bbox 1881 3543 3451 3615">
    <p class='ocr_par' dir='ltr' id='par_1_81' title="bbox 1881 3543 3451 3615">
     <span class='ocr_line' id='line_1_81' title="bbox 1881 3543 3451 3615; baseline 0.01 -24"><span class='ocrx_word' id='word_1_563' title='bbox 1881 3543 1987 3609; x_wconf 90' lang='lat' dir='ltr'><strong>ptis</strong></span> <span class='ocrx_word' id='word_1_564' title='bbox 2013 3543 2435 3609; x_wconf 79' lang='lat' dir='ltr'><strong>atnplilicandas.</strong></span> <span class='ocrx_word' id='word_1_565' title='bbox 2458 3546 2718 3595; x_wconf 72' lang='lat' dir='ltr'><strong>Uctatum</strong></span> <span class='ocrx_word' id='word_1_566' title='bbox 2748 3562 2956 3599; x_wconf 84' lang='lat' dir='ltr'><strong>rursum</strong></span> <span class='ocrx_word' id='word_1_567' title='bbox 2982 3549 3194 3602; x_wconf 81' lang='lat' dir='ltr'><strong>Juliano</strong></span> <span class='ocrx_word' id='word_1_568' title='bbox 3222 3554 3451 3615; x_wconf 78' lang='lat' dir='ltr'><strong>dedicat,</strong></span> 
     </span>
    </p>
   </div>
   <div class='ocr_carea' id='block_1_82' title="bbox 1882 3633 3457 3702">
    <p class='ocr_par' dir='ltr' id='par_1_82' title="bbox 1882 3633 3457 3702">
     <span class='ocr_line' id='line_1_82' title="bbox 1882 3633 3457 3702; baseline 0.01 -19"><span class='ocrx_word' id='word_1_569' title='bbox 1882 3642 2143 3699; x_wconf 81' lang='lat' dir='ltr'><strong>rogatque</strong></span> <span class='ocrx_word' id='word_1_570' title='bbox 2178 3633 2221 3684; x_wconf 90' lang='lat' dir='ltr'><strong>si</strong></span> <span class='ocrx_word' id='word_1_571' title='bbox 2262 3636 2386 3699; x_wconf 85' lang='lat' dir='ltr'><strong>quid</strong></span> <span class='ocrx_word' id='word_1_572' title='bbox 2430 3636 2602 3685; x_wconf 82' lang='lat' dir='ltr'><strong>minus</strong></span> <span class='ocrx_word' id='word_1_573' title='bbox 2648 3639 2942 3702; x_wconf 80' lang='lat' dir='ltr'><strong>perlectum</strong></span> <span class='ocrx_word' id='word_1_574' title='bbox 2972 3641 3233 3694; x_wconf 80' lang='lat' dir='ltr'><strong>exciderit</strong></span> <span class='ocrx_word' id='word_1_575' title='bbox 3269 3646 3457 3698; x_wconf 87' lang='lat' dir='ltr'><strong>morbo</strong></span> 
     </span>
    </p>
   </div>
   <div class='ocr_carea' id='block_1_83' title="bbox 1883 3724 3456 3795">
    <p class='ocr_par' dir='ltr' id='par_1_83' title="bbox 1883 3724 3456 3795">
     <span class='ocr_line' id='line_1_83' title="bbox 1883 3724 3456 3795; baseline 0.012 -21"><span class='ocrx_word' id='word_1_576' title='bbox 1883 3724 2170 3786; x_wconf 79' lang='lat' dir='ltr'><strong>laboranti,</strong></span> <span class='ocrx_word' id='word_1_577' title='bbox 2224 3729 2497 3791; x_wconf 71' lang='lat' dir='ltr'><strong>corrigere</strong></span> <span class='ocrx_word' id='word_1_578' title='bbox 2549 3744 2614 3780; x_wconf 91' lang='lat' dir='ltr'><strong>ne</strong></span> <span class='ocrx_word' id='word_1_579' title='bbox 2669 3741 2934 3795; x_wconf 74' lang='lat' dir='ltr'><strong>gravetur.</strong></span> <span class='ocrx_word' id='word_1_580' title='bbox 2992 3732 3200 3787; x_wconf 82' lang='lat' dir='ltr'><strong>Nouum</strong></span> <span class='ocrx_word' id='word_1_581' title='bbox 3245 3736 3456 3793; x_wconf 79' lang='lat' dir='ltr'><strong>Rutiin</strong></span> 
     </span>
    </p>
   </div>
   <div class='ocr_carea' id='block_1_84' title="bbox 1881 3815 3453 3896">
    <p class='ocr_par' dir='ltr' id='par_1_84' title="bbox 1881 3815 3453 3896">
     <span class='ocr_line' id='line_1_84' title="bbox 1881 3815 3453 3896; baseline 0.011 -31"><span class='ocrx_word' id='word_1_582' title='bbox 1881 3815 2205 3879; x_wconf 84' lang='lat' dir='ltr'><strong>inscribens,</strong></span> <span class='ocrx_word' id='word_1_583' title='bbox 2254 3819 2569 3871; x_wconf 82' lang='lat' dir='ltr'><strong>Aristoclem</strong></span> <span class='ocrx_word' id='word_1_584' title='bbox 2603 3822 2677 3871; x_wconf 89' lang='lat' dir='ltr'><strong>ait</strong></span> <span class='ocrx_word' id='word_1_585' title='bbox 2730 3822 2850 3875; x_wconf 92' lang='lat' dir='ltr'><strong>huic</strong></span> <span class='ocrx_word' id='word_1_586' title='bbox 2908 3837 3123 3875; x_wconf 91' lang='lat' dir='ltr'><strong>causam</strong></span> <span class='ocrx_word' id='word_1_587' title='bbox 3175 3828 3453 3896; x_wconf 89' lang='lat' dir='ltr'><strong>scriptioui</strong></span> 
     </span>
    </p>
   </div>
   <div class='ocr_carea' id='block_1_85' title="bbox 1881 3910 3451 3985">
    <p class='ocr_par' dir='ltr' id='par_1_85' title="bbox 1881 3910 3451 3985">
     <span class='ocr_line' id='line_1_85' title="bbox 1881 3910 3451 3985; baseline 0.008 -25"><span class='ocrx_word' id='word_1_588' title='bbox 1881 3910 2087 3961; x_wconf 59' lang='grc' dir='ltr'>ιίριίίεδθ</span> <span class='ocrx_word' id='word_1_589' title='bbox 2121 3930 2135 3974; x_wconf 82' lang='grc'><strong>;</strong></span> <span class='ocrx_word' id='word_1_590' title='bbox 2177 3912 2316 3978; x_wconf 89' lang='lat' dir='ltr'><strong>quod</strong></span> <span class='ocrx_word' id='word_1_591' title='bbox 2348 3922 2523 3963; x_wconf 89' lang='lat' dir='ltr'><strong>autem</strong></span> <span class='ocrx_word' id='word_1_592' title='bbox 2558 3915 2621 3965; x_wconf 91' lang='lat' dir='ltr'><strong>ad</strong></span> <span class='ocrx_word' id='word_1_593' title='bbox 2663 3916 2821 3967; x_wconf 83' lang='lat' dir='ltr'><strong>ﬁnem</strong></span> <span class='ocrx_word' id='word_1_594' title='bbox 2857 3916 3041 3968; x_wconf 91' lang='lat' dir='ltr'><strong>eadem</strong></span> <span class='ocrx_word' id='word_1_595' title='bbox 3090 3918 3316 3973; x_wconf 90' lang='lat' dir='ltr'><strong>deducta</strong></span> <span class='ocrx_word' id='word_1_596' title='bbox 3362 3924 3451 3985; x_wconf 90' lang='lat' dir='ltr'><strong>sit,</strong></span> 
     </span>
    </p>
   </div>
   <div class='ocr_carea' id='block_1_86' title="bbox 1880 4001 3453 4077">
    <p class='ocr_par' dir='ltr' id='par_1_86' title="bbox 1880 4001 3453 4077">
     <span class='ocr_line' id='line_1_86' title="bbox 1880 4001 3453 4077; baseline 0.008 -26"><span class='ocrx_word' id='word_1_597' title='bbox 1880 4001 2050 4065; x_wconf 87' lang='lat' dir='ltr'><strong>ipsum</strong></span> <span class='ocrx_word' id='word_1_598' title='bbox 2108 4014 2379 4054; x_wconf 77' lang='lat' dir='ltr'><strong>unctorem</strong></span> <span class='ocrx_word' id='word_1_599' title='bbox 2425 4003 2709 4067; x_wconf 75' lang='lat' dir='ltr'><strong>futurum;</strong></span> <span class='ocrx_word' id='word_1_600' title='bbox 2764 4016 3042 4074; x_wconf 83' lang='lat' dir='ltr'><strong>propterea</strong></span> <span class='ocrx_word' id='word_1_601' title='bbox 3091 4012 3230 4077; x_wconf 89' lang='lat' dir='ltr'><strong>quod</strong></span> <span class='ocrx_word' id='word_1_602' title='bbox 3268 4023 3453 4064; x_wconf 68' lang='lat' dir='ltr'><strong>nat-tus</strong></span> 
     </span>
    </p>
   </div>
   <div class='ocr_carea' id='block_1_87' title="bbox 1878 4097 3451 4159">
    <p class='ocr_par' dir='ltr' id='par_1_87' title="bbox 1878 4097 3451 4159">
     <span class='ocr_line' id='line_1_87' title="bbox 1878 4097 3451 4159; baseline 0.008 -15"><span class='ocrx_word' id='word_1_603' title='bbox 1878 4107 1938 4144; x_wconf 91' lang='lat' dir='ltr'><strong>ea</strong></span> <span class='ocrx_word' id='word_1_604' title='bbox 1974 4110 2090 4159; x_wconf 75' lang='lat' dir='ltr'><strong>qum</strong></span> <span class='ocrx_word' id='word_1_605' title='bbox 2131 4097 2389 4148; x_wconf 75' lang='lat' dir='ltr'><strong>hactenus</strong></span> <span class='ocrx_word' id='word_1_606' title='bbox 2428 4109 2582 4149; x_wconf 89' lang='lat' dir='ltr'><strong>erant</strong></span> <span class='ocrx_word' id='word_1_607' title='bbox 2622 4099 2787 4158; x_wconf 87' lang='lat' dir='ltr'><strong>edita,</strong></span> <span class='ocrx_word' id='word_1_608' title='bbox 2821 4109 2874 4152; x_wconf 91' lang='lat' dir='ltr'><strong>et</strong></span> <span class='ocrx_word' id='word_1_609' title='bbox 2928 4102 3213 4154; x_wconf 80' lang='lat' dir='ltr'><strong>utilitatem</strong></span> <span class='ocrx_word' id='word_1_610' title='bbox 3267 4121 3451 4157; x_wconf 88' lang='lat' dir='ltr'><strong>eorum</strong></span> 
     </span>
    </p>
   </div>
   <div class='ocr_carea' id='block_1_88' title="bbox 1881 4188 3449 4265">
    <p class='ocr_par' dir='ltr' id='par_1_88' title="bbox 1881 4188 3449 4265">
     <span class='ocr_line' id='line_1_88' title="bbox 1881 4188 3449 4265; baseline 0.01 -30"><span class='ocrx_word' id='word_1_611' title='bbox 1881 4188 2177 4251; x_wconf 81' lang='lat' dir='ltr'><strong>agnoverit.</strong></span> <span class='ocrx_word' id='word_1_612' title='bbox 2211 4196 2261 4239; x_wconf 89' lang='lat' dir='ltr'><strong>et</strong></span> <span class='ocrx_word' id='word_1_613' title='bbox 2294 4188 2529 4241; x_wconf 83' lang='lat' dir='ltr'><strong>laborem</strong></span> <span class='ocrx_word' id='word_1_614' title='bbox 2575 4192 2895 4256; x_wconf 86' lang='lat' dir='ltr'><strong>probaverit.</strong></span> <span class='ocrx_word' id='word_1_615' title='bbox 2937 4192 3210 4247; x_wconf 85' lang='lat' dir='ltr'><strong>Decimum</strong></span> <span class='ocrx_word' id='word_1_616' title='bbox 3267 4213 3449 4265; x_wconf 90' lang='lat' dir='ltr'><strong>porro,</strong></span> 
     </span>
    </p>
   </div>
   <div class='ocr_carea' id='block_1_89' title="bbox 1879 4278 3453 4356">
    <p class='ocr_par' dir='ltr' id='par_1_89' title="bbox 1879 4278 3453 4356">
     <span class='ocr_line' id='line_1_89' title="bbox 1879 4278 3453 4356; baseline 0.013 -31"><span class='ocrx_word' id='word_1_617' title='bbox 1879 4278 2041 4343; x_wconf 67' lang='lat' dir='ltr'><strong>gradu</strong></span> <span class='ocrx_word' id='word_1_618' title='bbox 2080 4278 2267 4329; x_wconf 90' lang='lat' dir='ltr'><strong>iterum</strong></span> <span class='ocrx_word' id='word_1_619' title='bbox 2301 4281 2538 4341; x_wconf 84' lang='lat' dir='ltr'><strong>reducto,</strong></span> <span class='ocrx_word' id='word_1_620' title='bbox 2560 4284 2956 4337; x_wconf 73' lang='lat' dir='ltr'><strong>adAristoclem</strong></span> <span class='ocrx_word' id='word_1_621' title='bbox 2988 4288 3165 4339; x_wconf 78' lang='lat' dir='ltr'><strong>refert.</strong></span> <span class='ocrx_word' id='word_1_622' title='bbox 3208 4288 3453 4356; x_wconf 76' lang='lat' dir='ltr'><strong>Sequens</strong></span> 
     </span>
    </p>
   </div>
   <div class='ocr_carea' id='block_1_90' title="bbox 1877 4368 3451 4437">
    <p class='ocr_par' dir='ltr' id='par_1_90' title="bbox 1877 4368 3451 4437">
     <span class='ocr_line' id='line_1_90' title="bbox 1877 4368 3451 4437; baseline 0.014 -22"><span class='ocrx_word' id='word_1_623' title='bbox 1877 4383 2090 4434; x_wconf 87' lang='lat' dir='ltr'><strong>quoque</strong></span> <span class='ocrx_word' id='word_1_624' title='bbox 2127 4368 2412 4424; x_wconf 70' lang='lat' dir='ltr'><strong>Metrodoro</strong></span> <span class='ocrx_word' id='word_1_625' title='bbox 2450 4389 2660 4426; x_wconf 91' lang='lat' dir='ltr'><strong>rursum</strong></span> <span class='ocrx_word' id='word_1_626' title='bbox 2717 4376 2939 4428; x_wconf 68' lang='lat' dir='ltr'><strong>oth-rtur</strong></span> <span class='ocrx_word' id='word_1_627' title='bbox 2970 4397 2981 4430; x_wconf 95' lang='lat'><strong>:</strong></span> <span class='ocrx_word' id='word_1_628' title='bbox 3039 4381 3123 4432; x_wconf 88' lang='lat' dir='ltr'><strong>ubi</strong></span> <span class='ocrx_word' id='word_1_629' title='bbox 3160 4392 3210 4435; x_wconf 71' lang='lat' dir='ltr'><strong>ct</strong></span> <span class='ocrx_word' id='word_1_630' title='bbox 3245 4384 3293 4435; x_wconf 93' lang='lat' dir='ltr'><strong>iu</strong></span> <span class='ocrx_word' id='word_1_631' title='bbox 3331 4387 3451 4437; x_wconf 77' lang='lat' dir='ltr'><strong>Ari—</strong></span> 
     </span>
    </p>
   </div>
   <div class='ocr_carea' id='block_1_91' title="bbox 1877 4440 3452 4537">
    <p class='ocr_par' dir='ltr' id='par_1_91' title="bbox 1877 4440 3452 4537">
     <span class='ocr_line' id='line_1_91' title="bbox 1877 4440 3452 4537; baseline 0.013 -25"><span class='ocrx_word' id='word_1_632' title='bbox 1877 4462 2028 4513; x_wconf 56' lang='lat' dir='ltr'><strong>stula!</strong></span> <span class='ocrx_word' id='word_1_633' title='bbox 2052 4463 2211 4513; x_wconf 89' lang='lat' dir='ltr'><strong>etiam</strong></span> <span class='ocrx_word' id='word_1_634' title='bbox 2243 4473 2350 4515; x_wconf 93' lang='lat' dir='ltr'><strong>tum</strong></span> <span class='ocrx_word' id='word_1_635' title='bbox 2378 4440 2604 4532; x_wconf 60' lang='lat' dir='ltr'><strong>vigentis</strong></span> <span class='ocrx_word' id='word_1_636' title='bbox 2627 4469 2894 4521; x_wconf 90' lang='lat' dir='ltr'><strong>orationes</strong></span> <span class='ocrx_word' id='word_1_637' title='bbox 2919 4468 3033 4537; x_wconf 65' lang='grc'>(46)</span> <span class='ocrx_word' id='word_1_638' title='bbox 3054 4488 3173 4525; x_wconf 78' lang='lat' dir='ltr'><strong>sese</strong></span> <span class='ocrx_word' id='word_1_639' title='bbox 3200 4476 3452 4531; x_wconf 84' lang='lat' dir='ltr'><strong>incidisse</strong></span> 
     </span>
    </p>
   </div>
   <div class='ocr_carea' id='block_1_92' title="bbox 182 4550 1850 4628">
    <p class='ocr_par' dir='ltr' id='par_1_92' title="bbox 182 4550 1846 4628">
     <span class='ocr_line' id='line_1_92' title="bbox 182 4550 1846 4628; baseline 0.007 -27"><span class='ocrx_word' id='word_1_640' title='bbox 182 4553 362 4603; x_wconf 76' lang='grc' dir='ltr'>πολὺν</span> <span class='ocrx_word' id='word_1_641' title='bbox 385 4550 481 4602; x_wconf 82' lang='grc' dir='ltr'>τοῦ</span> <span class='ocrx_word' id='word_1_642' title='bbox 507 4552 697 4620; x_wconf 71' lang='grc' dir='ltr'>ἀνδρὸς</span> <span class='ocrx_word' id='word_1_643' title='bbox 728 4553 951 4604; x_wconf 80' lang='grc' dir='ltr'>ἔπαινον</span> <span class='ocrx_word' id='word_1_644' title='bbox 1006 4558 1267 4616; x_wconf 82' lang='grc' dir='ltr'>ποιεῖται,</span> <span class='ocrx_word' id='word_1_645' title='bbox 1306 4560 1399 4609; x_wconf 76' lang='grc' dir='ltr'><strong>καὶ</strong></span> <span class='ocrx_word' id='word_1_646' title='bbox 1453 4560 1770 4628; x_wconf 83' lang='grc' dir='ltr'>Μαρκιανόν</span> <span class='ocrx_word' id='word_1_647' title='bbox 1806 4561 1846 4613; x_wconf 92' lang='lat' dir='ltr'>D</span> 
     </span>
    </p>
   </div>
   <div class='ocr_carea' id='block_1_93' title="bbox 1785 4550 3453 4628">
    <p class='ocr_par' dir='ltr' id='par_1_93' title="bbox 1806 4553 3453 4625">
     <span class='ocr_line' id='line_1_93' title="bbox 1806 4553 3453 4625; baseline 0.013 -22"><span class='ocrx_word' id='word_1_648' title='bbox 1806 4561 1846 4613; x_wconf 85' lang='grc' dir='ltr'><strong>ι)</strong></span> <span class='ocrx_word' id='word_1_649' title='bbox 1877 4553 2123 4615; x_wconf 83' lang='lat' dir='ltr'><strong>allirmat,</strong></span> <span class='ocrx_word' id='word_1_650' title='bbox 2156 4570 2216 4608; x_wconf 89' lang='lat' dir='ltr'><strong>ac</strong></span> <span class='ocrx_word' id='word_1_651' title='bbox 2243 4556 2413 4608; x_wconf 85' lang='lat' dir='ltr'><strong>virum</strong></span> <span class='ocrx_word' id='word_1_652' title='bbox 2457 4558 2701 4611; x_wconf 90' lang='lat' dir='ltr'><strong>laudibus</strong></span> <span class='ocrx_word' id='word_1_653' title='bbox 2733 4560 2783 4611; x_wconf 90' lang='lat' dir='ltr'><strong>in</strong></span> <span class='ocrx_word' id='word_1_654' title='bbox 2826 4563 3017 4617; x_wconf 75' lang='lat' dir='ltr'><strong>cmlum</strong></span> <span class='ocrx_word' id='word_1_655' title='bbox 3067 4568 3222 4622; x_wconf 89' lang='lat' dir='ltr'><strong>tollit.</strong></span> <span class='ocrx_word' id='word_1_656' title='bbox 3272 4571 3453 4625; x_wconf 66' lang='lat' dir='ltr'><strong>lielert</strong></span> 
     </span>
    </p>
   </div>
   <div class='ocr_carea' id='block_1_94' title="bbox 184 4638 1770 4715">
    <p class='ocr_par' dir='ltr' id='par_1_94' title="bbox 184 4638 1770 4715">
     <span class='ocr_line' id='line_1_94' title="bbox 184 4638 1770 4715; baseline 0.009 -31"><span class='ocrx_word' id='word_1_657' title='bbox 184 4654 325 4705; x_wconf 76' lang='grc' dir='ltr'>φησι</span> <span class='ocrx_word' id='word_1_658' title='bbox 366 4638 462 4687; x_wconf 69' lang='grc' dir='ltr'><strong>τὸν</strong></span> <span class='ocrx_word' id='word_1_659' title='bbox 490 4638 794 4705; x_wconf 76' lang='grc' dir='ltr'>κριτικὸν⁶¹</span> <span class='ocrx_word' id='word_1_660' title='bbox 828 4643 1145 4711; x_wconf 83' lang='grc' dir='ltr'>συγγραφέα</span> <span class='ocrx_word' id='word_1_661' title='bbox 1178 4645 1451 4715; x_wconf 82' lang='grc' dir='ltr'>ὑπερορᾷν</span> <span class='ocrx_word' id='word_1_662' title='bbox 1491 4648 1591 4715; x_wconf 86' lang='grc' dir='ltr'>μὲν</span> <span class='ocrx_word' id='word_1_663' title='bbox 1632 4649 1770 4701; x_wconf 84' lang='grc' dir='ltr'>Πλά-</span> 
     </span>
    </p>
   </div>
   <div class='ocr_carea' id='block_1_95' title="bbox 180 4729 1769 4805">
    <p class='ocr_par' dir='ltr' id='par_1_95' title="bbox 180 4729 1769 4805">
     <span class='ocr_line' id='line_1_95' title="bbox 180 4729 1769 4805; baseline 0.008 -27"><span class='ocrx_word' id='word_1_664' title='bbox 180 4746 354 4790; x_wconf 83' lang='grc' dir='ltr'>τωνος</span> <span class='ocrx_word' id='word_1_665' title='bbox 388 4729 484 4779; x_wconf 69' lang='grc' dir='ltr'><strong>καὶ</strong></span> <span class='ocrx_word' id='word_1_666' title='bbox 514 4730 912 4796; x_wconf 76' lang='grc' dir='ltr'>Δημοσθένους,</span> <span class='ocrx_word' id='word_1_667' title='bbox 950 4736 1046 4794; x_wconf 79' lang='grc' dir='ltr'>τὰς</span> <span class='ocrx_word' id='word_1_668' title='bbox 1075 4735 1131 4786; x_wconf 83' lang='grc' dir='ltr'>δὲ</span> <span class='ocrx_word' id='word_1_669' title='bbox 1164 4735 1401 4805; x_wconf 84' lang='grc' dir='ltr'>Βρούτου</span> <span class='ocrx_word' id='word_1_670' title='bbox 1429 4739 1521 4789; x_wconf 75' lang='grc' dir='ltr'>τοῦ</span> <span class='ocrx_word' id='word_1_671' title='bbox 1568 4740 1769 4791; x_wconf 77' lang='grc' dir='ltr'>Ἰταλοῦ</span> 
     </span>
    </p>
   </div>
   <div class='ocr_carea' id='block_1_96' title="bbox 182 4818 1769 4898">
    <p class='ocr_par' dir='ltr' id='par_1_96' title="bbox 182 4818 1769 4898">
     <span class='ocr_line' id='line_1_96' title="bbox 182 4818 1769 4898; baseline 0.008 -29"><span class='ocrx_word' id='word_1_672' title='bbox 182 4818 489 4878; x_wconf 70' lang='grc' dir='ltr'>ἐπιστολὰς</span> <span class='ocrx_word' id='word_1_673' title='bbox 522 4822 843 4887; x_wconf 77' lang='grc' dir='ltr'>προκρίνειν</span> <span class='ocrx_word' id='word_1_674' title='bbox 864 4824 957 4873; x_wconf 77' lang='grc' dir='ltr'><strong>καὶ</strong></span> <span class='ocrx_word' id='word_1_675' title='bbox 990 4826 1191 4876; x_wconf 81' lang='grc' dir='ltr'>κανόνα</span> <span class='ocrx_word' id='word_1_676' title='bbox 1226 4828 1323 4891; x_wconf 80' lang='grc' dir='ltr'><strong>τῆς</strong></span> <span class='ocrx_word' id='word_1_677' title='bbox 1349 4829 1406 4878; x_wconf 82' lang='grc' dir='ltr'><strong>ἐν</strong></span> <span class='ocrx_word' id='word_1_678' title='bbox 1458 4828 1601 4898; x_wconf 81' lang='grc' dir='ltr'>λόγῳ</span> <span class='ocrx_word' id='word_1_679' title='bbox 1636 4831 1769 4898; x_wconf 80' lang='grc' dir='ltr'>ἀρε-</span> 
     </span>
    </p>
   </div>
   <div class='ocr_carea' id='block_1_97' title="bbox 178 4910 1769 4990">
    <p class='ocr_par' dir='ltr' id='par_1_97' title="bbox 178 4910 1769 4990">
     <span class='ocr_line' id='line_1_97' title="bbox 178 4910 1769 4990; baseline 0.008 -29"><span class='ocrx_word' id='word_1_680' title='bbox 178 4912 281 4978; x_wconf 89' lang='grc' dir='ltr'><strong>τῆς</strong></span> <span class='ocrx_word' id='word_1_681' title='bbox 298 4913 651 4978; x_wconf 84' lang='grc' dir='ltr'>ἀποφαίνειν.</span> <span class='ocrx_word' id='word_1_682' title='bbox 678 4913 862 4965; x_wconf 75' lang='grc' dir='ltr'>Ταῦτα</span> <span class='ocrx_word' id='word_1_683' title='bbox 887 4915 941 4966; x_wconf 83' lang='grc' dir='ltr'><strong>δὲ</strong></span> <span class='ocrx_word' id='word_1_684' title='bbox 960 4910 1115 4979; x_wconf 73' lang='grc' dir='ltr'>οὗτός</span> <span class='ocrx_word' id='word_1_685' title='bbox 1140 4936 1303 4987; x_wconf 86' lang='grc' dir='ltr'>φησιν</span> <span class='ocrx_word' id='word_1_686' title='bbox 1326 4921 1447 4990; x_wconf 76' lang='grc' dir='ltr'>οὐχὶ</span> <span class='ocrx_word' id='word_1_687' title='bbox 1476 4926 1571 4990; x_wconf 79' lang='grc' dir='ltr'><strong>τὴν</strong></span> <span class='ocrx_word' id='word_1_688' title='bbox 1588 4925 1769 4977; x_wconf 82' lang='grc' dir='ltr'>τοιαύ-</span> 
     </span>
    </p>
   </div>
   <div class='ocr_carea' id='block_1_98' title="bbox 178 5004 1767 5083">
    <p class='ocr_par' dir='ltr' id='par_1_98' title="bbox 178 5004 1767 5083">
     <span class='ocr_line' id='line_1_98' title="bbox 178 5004 1767 5083; baseline 0.007 -30"><span class='ocrx_word' id='word_1_689' title='bbox 178 5023 281 5072; x_wconf 80' lang='grc' dir='ltr'><strong>την</strong></span> <span class='ocrx_word' id='word_1_690' title='bbox 325 5004 512 5072; x_wconf 87' lang='grc' dir='ltr'>κρίσιν</span> <span class='ocrx_word' id='word_1_691' title='bbox 538 5006 963 5075; x_wconf 83' lang='grc' dir='ltr'>ἀποδεχόμενος,</span> <span class='ocrx_word' id='word_1_692' title='bbox 1002 5010 1116 5061; x_wconf 82' lang='grc' dir='ltr'>ἀλλ’</span> <span class='ocrx_word' id='word_1_693' title='bbox 1142 5014 1221 5073; x_wconf 84' lang='grc' dir='ltr'><strong>είς</strong></span> <span class='ocrx_word' id='word_1_694' title='bbox 1256 5014 1318 5064; x_wconf 84' lang='grc' dir='ltr'><strong>τὸ</strong></span> <span class='ocrx_word' id='word_1_695' title='bbox 1364 5015 1438 5083; x_wconf 85' lang='grc' dir='ltr'>μὴ</span> <span class='ocrx_word' id='word_1_696' title='bbox 1469 5016 1767 5080; x_wconf 66' lang='grc' dir='ltr'>Θαυμάζειε.</span> 
     </span>
    </p>
   </div>
   <div class='ocr_carea' id='block_1_99' title="bbox 177 5096 1765 5174">
    <p class='ocr_par' dir='ltr' id='par_1_99' title="bbox 177 5096 1765 5174">
     <span class='ocr_line' id='line_1_99' title="bbox 177 5096 1765 5174; baseline 0.009 -28"><span class='ocrx_word' id='word_1_697' title='bbox 177 5098 233 5147; x_wconf 76' lang='grc' dir='ltr'>εἴ</span> <span class='ocrx_word' id='word_1_698' title='bbox 253 5113 403 5157; x_wconf 84' lang='grc' dir='ltr'>τινες</span> <span class='ocrx_word' id='word_1_699' title='bbox 435 5096 531 5147; x_wconf 79' lang='grc' dir='ltr'><strong>καὶ</strong></span> <span class='ocrx_word' id='word_1_700' title='bbox 559 5098 655 5165; x_wconf 85' lang='grc' dir='ltr'><strong>τῆς</strong></span> <span class='ocrx_word' id='word_1_701' title='bbox 682 5098 1015 5167; x_wconf 80' lang='grc' dir='ltr'>Ἀριστείδου</span> <span class='ocrx_word' id='word_1_702' title='bbox 1044 5104 1203 5174; x_wconf 80' lang='grc' dir='ltr'>δόξης</span> <span class='ocrx_word' id='word_1_703' title='bbox 1236 5106 1495 5159; x_wconf 81' lang='grc' dir='ltr'>ἐλάττονα</span> <span class='ocrx_word' id='word_1_704' title='bbox 1549 5110 1638 5159; x_wconf 86' lang='grc' dir='ltr'><strong>τὸν</strong></span> <span class='ocrx_word' id='word_1_705' title='bbox 1674 5111 1765 5160; x_wconf 82' lang='grc' dir='ltr'><strong>ἄν·</strong></span> 
     </span>
    </p>
   </div>
   <div class='ocr_carea' id='block_1_100' title="bbox 1879 4646 3453 4727">
    <p class='ocr_par' dir='ltr' id='par_1_100' title="bbox 1879 4646 3453 4727">
     <span class='ocr_line' id='line_1_100' title="bbox 1879 4646 3453 4727; baseline 0.015 -31"><span class='ocrx_word' id='word_1_706' title='bbox 1879 4656 1932 4697; x_wconf 89' lang='lat' dir='ltr'><strong>et</strong></span> <span class='ocrx_word' id='word_1_707' title='bbox 1976 4646 2299 4700; x_wconf 74' lang='lat' dir='ltr'><strong>Maicianum</strong></span> <span class='ocrx_word' id='word_1_708' title='bbox 2336 4663 2457 4701; x_wconf 91' lang='lat' dir='ltr'><strong>eum</strong></span> <span class='ocrx_word' id='word_1_709' title='bbox 2488 4652 2575 4715; x_wconf 83' lang='lat' dir='ltr'><strong>qui</strong></span> <span class='ocrx_word' id='word_1_710' title='bbox 2614 4650 2810 4705; x_wconf 83' lang='lat' dir='ltr'><strong>Crilica</strong></span> <span class='ocrx_word' id='word_1_711' title='bbox 2856 4660 3198 4727; x_wconf 79' lang='lat' dir='ltr'><strong>conscripsit,</strong></span> <span class='ocrx_word' id='word_1_712' title='bbox 3233 4663 3453 4721; x_wconf 82' lang='lat' dir='ltr'><strong>Platone</strong></span> 
     </span>
    </p>
   </div>
   <div class='ocr_carea' id='block_1_101' title="bbox 1881 4740 3450 4823">
    <p class='ocr_par' dir='ltr' id='par_1_101' title="bbox 1881 4740 3450 4823">
     <span class='ocr_line' id='line_1_101' title="bbox 1881 4740 3450 4823; baseline 0.015 -35"><span class='ocrx_word' id='word_1_713' title='bbox 1881 4748 2039 4804; x_wconf 87' lang='lat' dir='ltr'><strong>atque</strong></span> <span class='ocrx_word' id='word_1_714' title='bbox 2089 4740 2445 4795; x_wconf 83' lang='lat' dir='ltr'><strong>Demosdiene</strong></span> <span class='ocrx_word' id='word_1_715' title='bbox 2500 4743 2773 4809; x_wconf 86' lang='lat' dir='ltr'><strong>despecto,</strong></span> <span class='ocrx_word' id='word_1_716' title='bbox 2809 4746 2955 4801; x_wconf 90' lang='lat' dir='ltr'><strong>Bruti</strong></span> <span class='ocrx_word' id='word_1_717' title='bbox 2983 4750 3208 4807; x_wconf 79' lang='lat' dir='ltr'><strong>Romani</strong></span> <span class='ocrx_word' id='word_1_718' title='bbox 3246 4761 3450 4823; x_wconf 75' lang='lat' dir='ltr'><strong>t&#39;piSIO-</strong></span> 
     </span>
    </p>
   </div>
   <div class='ocr_carea' id='block_1_102' title="bbox 1880 4830 3449 4914">
    <p class='ocr_par' dir='ltr' id='par_1_102' title="bbox 1880 4830 3449 4914">
     <span class='ocr_line' id='line_1_102' title="bbox 1880 4830 3449 4914; baseline 0.015 -33"><span class='ocrx_word' id='word_1_719' title='bbox 1880 4830 1955 4883; x_wconf 92' lang='lat' dir='ltr'><strong>las</strong></span> <span class='ocrx_word' id='word_1_720' title='bbox 1978 4833 2087 4899; x_wconf 72' lang='grc'>(47)</span> <span class='ocrx_word' id='word_1_721' title='bbox 2123 4836 2331 4887; x_wconf 68' lang='lat' dir='ltr'><strong>caeteris</strong></span> <span class='ocrx_word' id='word_1_722' title='bbox 2369 4846 2715 4904; x_wconf 87' lang='lat' dir='ltr'><strong>anteponere,</strong></span> <span class='ocrx_word' id='word_1_723' title='bbox 2760 4852 2921 4908; x_wconf 89' lang='lat' dir='ltr'><strong>atque</strong></span> <span class='ocrx_word' id='word_1_724' title='bbox 2956 4844 3096 4899; x_wconf 89' lang='lat' dir='ltr'><strong>hunc</strong></span> <span class='ocrx_word' id='word_1_725' title='bbox 3132 4864 3227 4914; x_wconf 88' lang='lat' dir='ltr'><strong>pro</strong></span> <span class='ocrx_word' id='word_1_726' title='bbox 3264 4868 3449 4905; x_wconf 89' lang='lat' dir='ltr'><strong>norma</strong></span> 
     </span>
    </p>
   </div>
   <div class='ocr_carea' id='block_1_103' title="bbox 1880 4927 3448 5008">
    <p class='ocr_par' dir='ltr' id='par_1_103' title="bbox 1880 4927 3448 5008">
     <span class='ocr_line' id='line_1_103' title="bbox 1880 4927 3448 5008; baseline 0.016 -34"><span class='ocrx_word' id='word_1_727' title='bbox 1880 4927 2055 4977; x_wconf 86' lang='lat' dir='ltr'><strong>omnis</strong></span> <span class='ocrx_word' id='word_1_728' title='bbox 2094 4928 2143 4976; x_wconf 92' lang='lat' dir='ltr'><strong>in</strong></span> <span class='ocrx_word' id='word_1_729' title='bbox 2177 4928 2405 4980; x_wconf 90' lang='lat' dir='ltr'><strong>dicendo</strong></span> <span class='ocrx_word' id='word_1_730' title='bbox 2455 4930 2670 4983; x_wconf 75' lang='lat' dir='ltr'><strong>virtutis</strong></span> <span class='ocrx_word' id='word_1_731' title='bbox 2702 4942 2957 4987; x_wconf 85' lang='lat' dir='ltr'><strong>statuere.</strong></span> <span class='ocrx_word' id='word_1_732' title='bbox 3012 4939 3140 5001; x_wconf 64' lang='lat' dir='ltr'><strong>Quae</strong></span> <span class='ocrx_word' id='word_1_733' title='bbox 3174 4944 3390 5008; x_wconf 79' lang='lat' dir='ltr'><strong>quidem</strong></span> <span class='ocrx_word' id='word_1_734' title='bbox 3420 4965 3448 4999; x_wconf 83' lang='lat' dir='ltr'><strong>a</strong></span> 
     </span>
    </p>
   </div>
   <div class='ocr_carea' id='block_1_104' title="bbox 1877 5014 3451 5103">
    <p class='ocr_par' dir='ltr' id='par_1_104' title="bbox 1877 5014 3451 5103">
     <span class='ocr_line' id='line_1_104' title="bbox 1877 5014 3451 5103; baseline 0.013 -35"><span class='ocrx_word' id='word_1_735' title='bbox 1877 5014 2187 5085; x_wconf 84' lang='lat' dir='ltr'><strong>Phrynicho</strong></span> <span class='ocrx_word' id='word_1_736' title='bbox 2221 5020 2379 5071; x_wconf 87' lang='lat' dir='ltr'><strong>allata</strong></span> <span class='ocrx_word' id='word_1_737' title='bbox 2412 5032 2554 5080; x_wconf 91' lang='lat' dir='ltr'><strong>sunt,</strong></span> <span class='ocrx_word' id='word_1_738' title='bbox 2596 5039 2697 5074; x_wconf 91' lang='lat' dir='ltr'><strong>non</strong></span> <span class='ocrx_word' id='word_1_739' title='bbox 2730 5026 2871 5091; x_wconf 91' lang='lat' dir='ltr'><strong>quod</strong></span> <span class='ocrx_word' id='word_1_740' title='bbox 2903 5028 3001 5080; x_wconf 91' lang='lat' dir='ltr'><strong>hoc</strong></span> <span class='ocrx_word' id='word_1_741' title='bbox 3027 5030 3287 5097; x_wconf 86' lang='lat' dir='ltr'><strong>judicium</strong></span> <span class='ocrx_word' id='word_1_742' title='bbox 3342 5039 3451 5103; x_wconf 77' lang='lat' dir='ltr'><strong>ipse</strong></span> 
     </span>
    </p>
   </div>
   <div class='ocr_carea' id='block_1_105' title="bbox 1874 5112 3451 5189">
    <p class='ocr_par' dir='ltr' id='par_1_105' title="bbox 1874 5112 3451 5189">
     <span class='ocr_line' id='line_1_105' title="bbox 1874 5112 3451 5189; baseline 0.016 -30"><span class='ocrx_word' id='word_1_743' title='bbox 1874 5112 2127 5175; x_wconf 77' lang='lat' dir='ltr'><strong>probaret</strong></span> <span class='ocrx_word' id='word_1_744' title='bbox 2168 5129 2179 5173; x_wconf 88' lang='lat'>;</span> <span class='ocrx_word' id='word_1_745' title='bbox 2222 5122 2275 5163; x_wconf 91' lang='lat' dir='ltr'><strong>at</strong></span> <span class='ocrx_word' id='word_1_746' title='bbox 2307 5128 2372 5164; x_wconf 89' lang='lat' dir='ltr'><strong>ne</strong></span> <span class='ocrx_word' id='word_1_747' title='bbox 2408 5114 2526 5180; x_wconf 87' lang='lat' dir='ltr'><strong>quis</strong></span> <span class='ocrx_word' id='word_1_748' title='bbox 2575 5116 2815 5183; x_wconf 90' lang='lat' dir='ltr'><strong>miretur,</strong></span> <span class='ocrx_word' id='word_1_749' title='bbox 2851 5119 2895 5171; x_wconf 91' lang='lat' dir='ltr'><strong>si</strong></span> <span class='ocrx_word' id='word_1_750' title='bbox 2938 5122 3153 5189; x_wconf 81' lang='lat' dir='ltr'><strong>quidam</strong></span> <span class='ocrx_word' id='word_1_751' title='bbox 3199 5128 3451 5184; x_wconf 79' lang='lat' dir='ltr'><strong>Aristidis</strong></span> 
     </span>
    </p>
   </div>
   <div class='ocr_carea' id='block_1_106' title="bbox 1497 5222 2198 5278">
    <p class='ocr_par' dir='ltr' id='par_1_106' title="bbox 1497 5222 2198 5278">
     <span class='ocr_line' id='line_1_106' title="bbox 1497 5222 2198 5278; baseline 0.004 -4"><span class='ocrx_word' id='word_1_752' title='bbox 1497 5222 1733 5275; x_wconf 73' lang='lat' dir='ltr'><strong>VARUE</strong></span> <span class='ocrx_word' id='word_1_753' title='bbox 1796 5223 2198 5278; x_wconf 74' lang='lat' dir='ltr'><strong>LECTIONES.</strong></span> 
     </span>
    </p>
   </div>
   <div class='ocr_carea' id='block_1_107' title="bbox 250 5304 779 5373">
    <p class='ocr_par' dir='ltr' id='par_1_107' title="bbox 250 5304 779 5373">
     <span class='ocr_line' id='line_1_107' title="bbox 250 5304 779 5373; baseline 0.013 -19"><span class='ocrx_word' id='word_1_754' title='bbox 250 5304 297 5334; x_wconf 85' lang='lat'>“</span> <span class='ocrx_word' id='word_1_755' title='bbox 334 5320 397 5355; x_wconf 90' lang='grc' dir='ltr'><strong>συ</strong></span> <span class='ocrx_word' id='word_1_756' title='bbox 408 5305 690 5373; x_wconf 87' lang='grc' dir='ltr'>μπαίκτης</span> <span class='ocrx_word' id='word_1_757' title='bbox 719 5326 779 5370; x_wconf 83' lang='grc' dir='ltr'>ς.</span> 
     </span>
    </p>
   </div>
   <div class='ocr_carea' id='block_1_108' title="bbox 179 5444 700 5501">
    <p class='ocr_par' dir='ltr' id='par_1_108' title="bbox 179 5444 700 5501">
     <span class='ocr_line' id='line_1_108' title="bbox 179 5444 700 5501; baseline 0.013 -8"><span class='ocrx_word' id='word_1_758' title='bbox 179 5444 357 5495; x_wconf 74' lang='grc' dir='ltr'>τικῶν</span> <span class='ocrx_word' id='word_1_759' title='bbox 396 5444 700 5501; x_wconf 79' lang='lat' dir='ltr'><strong>Fabricius.</strong></span> 
     </span>
    </p>
   </div>
   <div class='ocr_carea' id='block_1_109' title="bbox 859 5312 1930 5383">
    <p class='ocr_par' dir='ltr' id='par_1_109' title="bbox 859 5312 1930 5383">
     <span class='ocr_line' id='line_1_109' title="bbox 859 5312 1930 5383; baseline 0.009 -21"><span class='ocrx_word' id='word_1_760' title='bbox 859 5312 904 5342; x_wconf 76' lang='grc'><strong>⁸⁷</strong></span> <span class='ocrx_word' id='word_1_761' title='bbox 930 5313 1141 5379; x_wconf 82' lang='grc' dir='ltr'>ἐγίνετο</span> <span class='ocrx_word' id='word_1_762' title='bbox 1174 5331 1233 5376; x_wconf 76' lang='grc' dir='ltr'>ς.</span> <span class='ocrx_word' id='word_1_763' title='bbox 1263 5315 1355 5365; x_wconf 76' lang='grc' dir='ltr'><strong>καὶ</strong></span> <span class='ocrx_word' id='word_1_764' title='bbox 1388 5326 1511 5368; x_wconf 85' lang='lat' dir='ltr'><strong>ante</strong></span> <span class='ocrx_word' id='word_1_765' title='bbox 1539 5319 1692 5383; x_wconf 86' lang='grc' dir='ltr'>φίλον</span> <span class='ocrx_word' id='word_1_766' title='bbox 1716 5320 1838 5371; x_wconf 89' lang='lat' dir='ltr'><strong>add.</strong></span> <span class='ocrx_word' id='word_1_767' title='bbox 1868 5320 1930 5372; x_wconf 83' lang='lat' dir='ltr'><strong>A.</strong></span> 
     </span>
    </p>
   </div>
   <div class='ocr_carea' id='block_1_110' title="bbox 179 5375 1973 5456">
    <p class='ocr_par' dir='ltr' id='par_1_110' title="bbox 179 5375 1973 5456">
     <span class='ocr_line' id='line_1_110' title="bbox 179 5375 1973 5456; baseline 0.004 -21"><span class='ocrx_word' id='word_1_768' title='bbox 179 5375 355 5453; x_wconf 49' lang='lat'><strong>8971;-5</strong></span> <span class='ocrx_word' id='word_1_769' title='bbox 392 5376 521 5456; x_wconf 43' lang='lat' dir='ltr'><strong>inﬁgi</strong></span> <span class='ocrx_word' id='word_1_770' title='bbox 548 5407 622 5456; x_wconf 41' lang='lat'><strong>.—_</strong></span> <span class='ocrx_word' id='word_1_771' title='bbox 650 5380 867 5450; x_wconf 81' lang='grc' dir='ltr'>γραφῆς</span> <span class='ocrx_word' id='word_1_772' title='bbox 910 5375 982 5445; x_wconf 50' lang='grc' dir='ltr'>ς(</span> <span class='ocrx_word' id='word_1_773' title='bbox 1048 5384 1092 5413; x_wconf 82' lang='grc'><strong>⁶⁰</strong></span> <span class='ocrx_word' id='word_1_774' title='bbox 1123 5375 1293 5436; x_wconf 83' lang='grc' dir='ltr'>αῖτιον</span> <span class='ocrx_word' id='word_1_775' title='bbox 1327 5375 1568 5455; x_wconf 76' lang='lat' dir='ltr'><strong>Scaliger</strong></span> <span class='ocrx_word' id='word_1_776' title='bbox 1599 5408 1610 5441; x_wconf 92' lang='lat'><strong>:</strong></span> <span class='ocrx_word' id='word_1_777' title='bbox 1655 5391 1773 5443; x_wconf 90' lang='lat' dir='ltr'><strong>libri</strong></span> <span class='ocrx_word' id='word_1_778' title='bbox 1805 5391 1973 5455; x_wconf 80' lang='grc' dir='ltr'>ἄξιον.</span> 
     </span>
    </p>
   </div>
   <div class='ocr_carea' id='block_1_111' title="bbox 2010 5320 3448 5408">
    <p class='ocr_par' dir='ltr' id='par_1_111' title="bbox 2010 5320 3448 5408">
     <span class='ocr_line' id='line_1_111' title="bbox 2010 5320 3448 5408; baseline 0.008 -39"><span class='ocrx_word' id='word_1_779' title='bbox 2010 5320 2321 5408; x_wconf 41' lang='grc' dir='ltr'>σθακρίσεως</span> <span class='ocrx_word' id='word_1_780' title='bbox 2350 5322 2441 5408; x_wconf 54' lang='lat' dir='ltr'><strong>‘AC</strong></span> <span class='ocrx_word' id='word_1_781' title='bbox 2472 5341 2482 5375; x_wconf 91' lang='lat'><strong>:</strong></span> <span class='ocrx_word' id='word_1_782' title='bbox 2525 5328 2780 5408; x_wconf 65' lang='grc' dir='ltr'>κινῄσιως</span> <span class='ocrx_word' id='word_1_783' title='bbox 2808 5347 2865 5392; x_wconf 73' lang='grc' dir='ltr'>ς.</span> <span class='ocrx_word' id='word_1_784' title='bbox 2900 5399 2923 5408; x_wconf 80' lang='lat'><em>_</em></span> <span class='ocrx_word' id='word_1_785' title='bbox 2945 5330 2988 5361; x_wconf 76' lang='grc'><strong><em>⁸⁸</em></strong></span> <span class='ocrx_word' id='word_1_786' title='bbox 3009 5330 3113 5408; x_wconf 51' lang='grc' dir='ltr'>τοῦ</span> <span class='ocrx_word' id='word_1_787' title='bbox 3142 5364 3209 5371; x_wconf 94' lang='grc'><strong>-</strong></span> <span class='ocrx_word' id='word_1_788' title='bbox 3246 5355 3448 5408; x_wconf 87' lang='grc' dir='ltr'>συγρα-</span> 
     </span>
    </p>
   </div>
   <div class='ocr_carea' id='block_1_112' title="bbox 2068 5392 3444 5479">
    <p class='ocr_par' dir='ltr' id='par_1_112' title="bbox 2068 5392 3444 5479">
     <span class='ocr_line' id='line_1_112' title="bbox 2068 5392 3444 5479; baseline 0.016 -39"><span class='ocrx_word' id='word_1_789' title='bbox 2068 5393 2108 5420; x_wconf 72' lang='grc' dir='ltr'><strong>δι</strong></span> <span class='ocrx_word' id='word_1_790' title='bbox 2146 5392 2404 5460; x_wconf 83' lang='grc' dir='ltr'>κρητικὸν</span> <span class='ocrx_word' id='word_1_791' title='bbox 2433 5411 2575 5447; x_wconf 86' lang='lat' dir='ltr'><strong>corr.</strong></span> <span class='ocrx_word' id='word_1_792' title='bbox 2606 5399 2667 5449; x_wconf 85' lang='lat' dir='ltr'><strong>A.</strong></span> <span class='ocrx_word' id='word_1_793' title='bbox 2704 5399 2963 5465; x_wconf 79' lang='grc' dir='ltr'>κριτικῶν</span> <span class='ocrx_word' id='word_1_794' title='bbox 3006 5402 3281 5470; x_wconf 85' lang='lat' dir='ltr'><strong>Schottus,</strong></span> <span class='ocrx_word' id='word_1_795' title='bbox 3312 5392 3444 5479; x_wconf 74' lang='grc' dir='ltr'>κρη-</span> 
     </span>
    </p>
   </div>
   <div class='ocr_carea' id='block_1_113' title="bbox 1737 5549 1969 5604">
    <p class='ocr_par' dir='ltr' id='par_1_113' title="bbox 1737 5549 1969 5604">
     <span class='ocr_line' id='line_1_113' title="bbox 1737 5549 1969 5604; baseline 0.004 -3"><span class='ocrx_word' id='word_1_796' title='bbox 1737 5549 1969 5604; x_wconf 67' lang='lat' dir='ltr'><strong>NOTAE.</strong></span> 
     </span>
    </p>
   </div>
   <div class='ocr_carea' id='block_1_114' title="bbox 252 5630 1766 5697">
    <p class='ocr_par' dir='ltr' id='par_1_114' title="bbox 252 5630 1766 5697">
     <span class='ocr_line' id='line_1_114' title="bbox 252 5630 1766 5697; baseline 0.014 -21"><span class='ocrx_word' id='word_1_797' title='bbox 252 5630 369 5697; x_wconf 67' lang='lat'><strong>(.55)</strong></span> <span class='ocrx_word' id='word_1_798' title='bbox 424 5630 543 5694; x_wconf 84' lang='lat' dir='ltr'><strong>Quo</strong></span> <span class='ocrx_word' id='word_1_799' title='bbox 594 5634 656 5683; x_wconf 80' lang='lat' dir='ltr'><strong>de</strong></span> <span class='ocrx_word' id='word_1_800' title='bbox 705 5635 1088 5692; x_wconf 87' lang='lat' dir='ltr'><strong>mittemlornm</strong></span> <span class='ocrx_word' id='word_1_801' title='bbox 1139 5658 1421 5695; x_wconf 88' lang='lat' dir='ltr'><strong>munerum</strong></span> <span class='ocrx_word' id='word_1_802' title='bbox 1472 5645 1635 5695; x_wconf 87' lang='lat' dir='ltr'><strong>natali</strong></span> <span class='ocrx_word' id='word_1_803' title='bbox 1679 5646 1766 5697; x_wconf 88' lang='lat' dir='ltr'><strong>die</strong></span> 
     </span>
    </p>
   </div>
   <div class='ocr_carea' id='block_1_115' title="bbox 175 5702 1760 5774">
    <p class='ocr_par' dir='ltr' id='par_1_115' title="bbox 175 5702 1760 5774">
     <span class='ocr_line' id='line_1_115' title="bbox 175 5702 1760 5774; baseline 0.011 -26"><span class='ocrx_word' id='word_1_804' title='bbox 175 5702 449 5774; x_wconf 42' lang='lat' dir='ltr'><strong>alexand.</strong></span> <span class='ocrx_word' id='word_1_805' title='bbox 504 5702 757 5774; x_wconf 61' lang='lat' dir='ltr'><strong>aerlet.</strong></span> <span class='ocrx_word' id='word_1_806' title='bbox 803 5708 894 5758; x_wconf 91' lang='lat' dir='ltr'><strong>lib.</strong></span> <span class='ocrx_word' id='word_1_807' title='bbox 949 5727 980 5762; x_wconf 94' lang='lat' dir='ltr'><strong>Il</strong></span> <span class='ocrx_word' id='word_1_808' title='bbox 1031 5710 1237 5765; x_wconf 65' lang='grc' dir='ltr'><strong>(ἐσπᾶσι.</strong></span> <span class='ocrx_word' id='word_1_809' title='bbox 1292 5728 1407 5774; x_wconf 80' lang='lat' dir='ltr'><strong>cap.</strong></span> <span class='ocrx_word' id='word_1_810' title='bbox 1454 5712 1559 5772; x_wconf 68' lang='lat'><strong>‘22;</strong></span> <span class='ocrx_word' id='word_1_811' title='bbox 1600 5726 1647 5764; x_wconf 78' lang='lat' dir='ltr'><strong>et</strong></span> <span class='ocrx_word' id='word_1_812' title='bbox 1692 5716 1760 5765; x_wconf 92' lang='lat' dir='ltr'><strong>ibi</strong></span> 
     </span>
    </p>
   </div>
   <div class='ocr_carea' id='block_1_116' title="bbox 174 5770 1759 5850">
    <p class='ocr_par' dir='ltr' id='par_1_116' title="bbox 174 5770 1759 5850">
     <span class='ocr_line' id='line_1_116' title="bbox 174 5770 1759 5850; baseline 0.009 -29"><span class='ocrx_word' id='word_1_813' title='bbox 174 5770 457 5850; x_wconf 54' lang='lat' dir='ltr'><strong>Tiraquql:</strong></span> <span class='ocrx_word' id='word_1_814' title='bbox 498 5770 619 5850; x_wconf 59' lang='lat' dir='ltr'><strong>Gul,</strong></span> <span class='ocrx_word' id='word_1_815' title='bbox 661 5774 937 5850; x_wconf 51' lang='lat' dir='ltr'><strong>Stati-hius,</strong></span> <span class='ocrx_word' id='word_1_816' title='bbox 980 5780 1069 5833; x_wconf 87' lang='lat' dir='ltr'><strong>lib.</strong></span> <span class='ocrx_word' id='word_1_817' title='bbox 1109 5798 1119 5831; x_wconf 95' lang='lat' dir='ltr'>l</span> <span class='ocrx_word' id='word_1_818' title='bbox 1157 5770 1447 5833; x_wconf 62' lang='lat' dir='ltr'><strong>(Ionririnl.</strong></span> <span class='ocrx_word' id='word_1_819' title='bbox 1501 5770 1616 5850; x_wconf 70' lang='lat' dir='ltr'><strong>cap.</strong></span> <span class='ocrx_word' id='word_1_820' title='bbox 1676 5785 1759 5846; x_wconf 67' lang='lat' dir='ltr'><strong>1L3,</strong></span> 
     </span>
    </p>
   </div>
   <div class='ocr_carea' id='block_1_117' title="bbox 174 5840 1513 5920">
    <p class='ocr_par' dir='ltr' id='par_1_117' title="bbox 174 5840 1513 5920">
     <span class='ocr_line' id='line_1_117' title="bbox 174 5840 1513 5920; baseline 0.007 -27"><span class='ocrx_word' id='word_1_821' title='bbox 174 5854 363 5895; x_wconf 83' lang='lat' dir='ltr'><strong>uoster</strong></span> <span class='ocrx_word' id='word_1_822' title='bbox 402 5840 556 5894; x_wconf 76' lang='lat' dir='ltr'><strong>Mart.</strong></span> <span class='ocrx_word' id='word_1_823' title='bbox 587 5843 652 5897; x_wconf 89' lang='lat' dir='ltr'><strong>de</strong></span> <span class='ocrx_word' id='word_1_824' title='bbox 690 5844 799 5898; x_wconf 68' lang='lat' dir='ltr'><strong>ltoa</strong></span> <span class='ocrx_word' id='word_1_825' title='bbox 835 5848 995 5903; x_wconf 78' lang='lat' dir='ltr'><strong>Cord.</strong></span> <span class='ocrx_word' id='word_1_826' title='bbox 1028 5853 1281 5920; x_wconf 71' lang='lat' dir='ltr'><strong>singulari</strong></span> <span class='ocrx_word' id='word_1_827' title='bbox 1317 5853 1513 5906; x_wconf 85' lang='lat' dir='ltr'><strong>libello.</strong></span> 
     </span>
    </p>
   </div>
   <div class='ocr_carea' id='block_1_118' title="bbox 1949 5647 3104 5725">
    <p class='ocr_par' dir='ltr' id='par_1_118' title="bbox 1949 5647 3104 5725">
     <span class='ocr_line' id='line_1_118' title="bbox 1949 5647 3104 5725; baseline 0.015 -31"><span class='ocrx_word' id='word_1_828' title='bbox 2084 5647 2167 5725; x_wconf 64' lang='lat' dir='ltr'><strong>De</strong></span> <span class='ocrx_word' id='word_1_829' title='bbox 2200 5650 2389 5725; x_wconf 79' lang='lat' dir='ltr'><strong>quibus</strong></span> <span class='ocrx_word' id='word_1_830' title='bbox 2424 5652 2549 5703; x_wconf 83' lang='lat' dir='ltr'><strong>inlr.</strong></span> <span class='ocrx_word' id='word_1_831' title='bbox 2580 5654 2698 5706; x_wconf 86' lang='lat' dir='ltr'><strong>cod.</strong></span> <span class='ocrx_word' id='word_1_832' title='bbox 2732 5655 2855 5709; x_wconf 70' lang='grc'><strong>246.</strong></span> <span class='ocrx_word' id='word_1_833' title='bbox 2892 5668 2943 5709; x_wconf 88' lang='lat' dir='ltr'><strong>et</strong></span> <span class='ocrx_word' id='word_1_834' title='bbox 2992 5676 3104 5725; x_wconf 81' lang='lat' dir='ltr'><strong>seq.</strong></span> 
     </span>
    </p>
   </div>
   <div class='ocr_carea' id='block_1_119' title="bbox 1944 5717 3437 5789">
    <p class='ocr_par' dir='ltr' id='par_1_119' title="bbox 1944 5717 3437 5789">
     <span class='ocr_line' id='line_1_119' title="bbox 1944 5717 3437 5789; baseline 0.017 -26"><span class='ocrx_word' id='word_1_835' title='bbox 1944 5717 2053 5789; x_wconf 70' lang='grc'>(47)</span> <span class='ocrx_word' id='word_1_836' title='bbox 2076 5721 2218 5789; x_wconf 58' lang='grc' dir='ltr'>ρυλε</span> <span class='ocrx_word' id='word_1_837' title='bbox 2236 5738 2258 5768; x_wconf 87' lang='lat' dir='ltr'><strong>:l</strong></span> <span class='ocrx_word' id='word_1_838' title='bbox 2284 5722 2543 5773; x_wconf 78' lang='lat' dir='ltr'><strong>brevitate</strong></span> <span class='ocrx_word' id='word_1_839' title='bbox 2562 5729 2959 5779; x_wconf 75' lang='lat' dir='ltr'><strong>commendatas</strong></span> <span class='ocrx_word' id='word_1_840' title='bbox 2981 5717 3145 5783; x_wconf 64' lang='lat' dir='ltr'><strong>refert</strong></span> <span class='ocrx_word' id='word_1_841' title='bbox 3164 5731 3437 5789; x_wconf 80' lang='lat' dir='ltr'><strong>Plutarch.</strong></span> 
     </span>
    </p>
   </div>
   <div class='ocr_carea' id='block_1_120' title="bbox 1871 5785 3440 5857">
    <p class='ocr_par' dir='ltr' id='par_1_120' title="bbox 1871 5785 3440 5857">
     <span class='ocr_line' id='line_1_120' title="bbox 1871 5785 3440 5857; baseline 0.013 -20"><span class='ocrx_word' id='word_1_842' title='bbox 1871 5786 1921 5837; x_wconf 91' lang='lat' dir='ltr'><strong>in</strong></span> <span class='ocrx_word' id='word_1_843' title='bbox 1945 5788 2057 5850; x_wconf 73' lang='lat' dir='ltr'><strong>ejus</strong></span> <span class='ocrx_word' id='word_1_844' title='bbox 2082 5785 2197 5840; x_wconf 83' lang='lat' dir='ltr'><strong>Vita</strong></span> <span class='ocrx_word' id='word_1_845' title='bbox 2235 5789 2350 5841; x_wconf 92' lang='lat' dir='ltr'><strong>iuit.</strong></span> <span class='ocrx_word' id='word_1_846' title='bbox 2378 5801 2695 5857; x_wconf 62' lang='grc' dir='ltr'>οκδιςιιιῑψιω</span> <span class='ocrx_word' id='word_1_847' title='bbox 2716 5794 2781 5847; x_wconf 77' lang='grc'><strong>70</strong></span> <span class='ocrx_word' id='word_1_848' title='bbox 2817 5812 2843 5846; x_wconf 90' lang='lat' dir='ltr'><strong>a</strong></span> <span class='ocrx_word' id='word_1_849' title='bbox 2864 5796 3173 5854; x_wconf 81' lang='lat' dir='ltr'><strong>Mithridate</strong></span> <span class='ocrx_word' id='word_1_850' title='bbox 3191 5805 3315 5855; x_wconf 87' lang='lat' dir='ltr'><strong>olim</strong></span> <span class='ocrx_word' id='word_1_851' title='bbox 3337 5785 3440 5857; x_wconf 67' lang='grc' dir='ltr'>(τόἰί</span> 
     </span>
    </p>
   </div>
   <div class='ocr_carea' id='block_1_121' title="bbox 1867 5857 3433 5937">
    <p class='ocr_par' dir='ltr' id='par_1_121' title="bbox 1867 5857 3433 5937">
     <span class='ocr_line' id='line_1_121' title="bbox 1867 5857 3433 5937; baseline 0.013 -28"><span class='ocrx_word' id='word_1_852' title='bbox 1867 5857 2017 5910; x_wconf 77' lang='lat' dir='ltr'><strong>lecta:</strong></span> <span class='ocrx_word' id='word_1_853' title='bbox 2034 5867 2085 5911; x_wconf 85' lang='lat' dir='ltr'><strong>et</strong></span> <span class='ocrx_word' id='word_1_854' title='bbox 2104 5874 2272 5928; x_wconf 86' lang='lat' dir='ltr'><strong>nuper</strong></span> <span class='ocrx_word' id='word_1_855' title='bbox 2293 5858 2476 5915; x_wconf 79' lang='lat' dir='ltr'><strong>Graece</strong></span> <span class='ocrx_word' id='word_1_856' title='bbox 2495 5878 2555 5915; x_wconf 83' lang='lat' dir='ltr'><strong>ac</strong></span> <span class='ocrx_word' id='word_1_857' title='bbox 2576 5864 2762 5918; x_wconf 86' lang='lat' dir='ltr'><strong>Latine</strong></span> <span class='ocrx_word' id='word_1_858' title='bbox 2781 5868 3037 5937; x_wconf 76' lang='lat' dir='ltr'><strong>evulgata:</strong></span> <span class='ocrx_word' id='word_1_859' title='bbox 3057 5872 3106 5923; x_wconf 91' lang='lat' dir='ltr'><strong>iu</strong></span> <span class='ocrx_word' id='word_1_860' title='bbox 3126 5871 3433 5933; x_wconf 85' lang='lat' dir='ltr'><strong>Germania.</strong></span> 
     </span>
    </p>
   </div>
  </div>
