4224 6446
780 382 882 449 431

1937 384 2204 446 PHOTII
2242 384 2754 447 PATRIARCH/E
2788 386 2898 447 CP.

3938 392 4046 457 432

779 499 947 566 gloria
995 504 1307 566 superatum
1351 493 1661 551 existimem
1700 497 1844 550 hunc
1893 496 2069 550 virum
2097 536 2113 559 ,
2161 497 2250 564 qui
2296 495 2361 549 ad

2397 498 2440 556 Α
2464 497 2567 567 δρα
2591 498 2927 567 νομίζουσιν,
2953 498 3099 552 οὕτω
3122 498 3313 563 κλέους
3342 499 3437 553 τοῦ
3464 500 3524 553 ἐν
3544 502 3723 571 λόγοις
3752 506 3831 567 εἰς
3872 505 4047 577 ἄκρον

776 606 1046 645 summum
1093 591 1146 643 in
1178 588 1516 641 orationibus
1564 589 1747 657 gloria:
1799 588 1965 642 decus
2002 591 2360 652 pervenisset-

779 680 940 733 Laesit
995 680 1139 733 enim
1203 679 1581 731 nonnullorum
1659 678 1857 731 invidia
1916 678 2089 745 ipsum
2148 694 2364 747 quoque

778 771 1091 832 Aristidem,
1124 779 1186 823 ut
1214 778 1267 823 et
1292 769 1426 822 alios
1463 768 1726 836 plurimos
1755 770 2003 823 doctrina
2031 770 2365 823 excellentes

779 866 945 916 viros.
981 864 1310 918 Uudeciums
1354 877 1571 929 quoque
1605 863 1745 916 idem
1792 862 2002 916 dicatur
2043 861 2363 915 Menodoro.

783 954 1135 1024 Sequentium
1176 970 1305 1007 vero
1338 954 1427 1024 (ne
1458 965 1512 1009 et
1543 970 1639 1008 nos
1672 954 1758 1008 hic
1798 953 2140 1020 loquacitatis
2179 953 2367 1006 nimia:

780 1061 901 1100 eum
955 1047 1045 1099 illo
1094 1046 1442 1115 incusemur)
1486 1046 1623 1098 alius
1671 1047 1886 1115 quidem
1935 1045 2071 1098 liber
2112 1044 2367 1113 Rhigiuo,

780 1140 918 1193 alius
957 1140 1233 1204 Aristocli,
1288 1155 1498 1192 rursum
1550 1137 1688 1192 alius
1738 1138 1973 1190 Basididl
2015 1137 2221 1191 Milesio
2264 1135 2366 1189 So-

782 1232 973 1299 pbistae
1021 1240 1363 1300 nuncupatur
1401 1248 1413 1285 :
1466 1231 1517 1283 in
1548 1246 1653 1299 quo
1694 1231 1794 1291 ait,
1842 1229 2000 1281 simul
2037 1240 2091 1280 ut
2122 1244 2148 1280 a
2182 1227 2369 1280 morbo

784 1332 1059 1377 recreatus
1082 1335 1243 1388 esset,
1282 1325 1422 1376 hunc
1456 1338 1513 1377 se
1553 1326 1617 1375 ad
1650 1324 1795 1376 illum
1829 1321 2108 1388 scripsisse
2139 1338 2153 1373 :
2187 1330 2369 1387 postu-

782 1398 964 1484 latque
1002 1426 1205 1477 errata,
1237 1430 1355 1482 quae
1407 1415 1574 1467 morbi
1608 1416 1757 1474 vitio,
1789 1423 1847 1467 ut
1896 1414 1973 1476 lit,
2025 1412 2368 1476 accidissent,

784 1508 905 1560 lima
938 1523 1031 1561 sua
1057 1509 1323 1561 emendet.
1362 1506 1613 1574 Reliquos
1649 1522 1836 1558 omnes
1867 1506 2053 1564 libros,
2090 1518 2225 1568 quos
2251 1502 2369 1568 qui-

784 1601 903 1653 dem
949 1615 1045 1654 nos
1096 1601 1348 1665 vidimus,
1407 1599 1710 1668 Menophilo
1754 1614 1968 1651 rursum
2023 1612 2193 1665 usque
2219 1596 2283 1648 ad
2326 1594 2368 1647 0

785 1694 1001 1748 obtulit.

857 1782 998 1837 Utile
1051 1797 1179 1835 sane
1211 1782 1310 1835 hoc
1356 1796 1489 1848 opus
1517 1794 1637 1834 esse
1671 1787 1905 1841 constat,
1948 1791 2065 1831 cum
2094 1776 2365 1831 scribendi

783 1885 895 1927 tum
943 1874 1077 1927 bene
1109 1874 1317 1927 dicendi
1349 1873 1623 1926 studiosis.
1679 1870 1948 1925 Collectas
1998 1880 2174 1923 autem
2223 1883 2252 1921 a
2306 1884 2366 1923 se

780 1979 942 2017 voces
977 1964 1165 2032 101b
1202 1964 1267 2016 ad
1324 1964 1464 2017 hunc
1500 1964 1713 2016 modum
1746 1965 2053 2016 discernere
2085 1977 2143 2015 se
2183 1962 2276 2026 ait,
2309 1972 2368 2013 ut

782 2054 902 2106 ali:e
942 2055 1246 2107 oratoribus
1281 2054 1608 2116 tribuantur,
1649 2052 1767 2105 alia:
1803 2052 2074 2105 historicis
2103 2052 2365 2105 addicun-

784 2154 891 2208 tur,
913 2145 1029 2197 alize
1052 2145 1303 2198 familiari
1334 2155 1587 2212 aptentur
1605 2146 1841 2199 sermoni
1870 2162 1884 2207 ;
1916 2145 2170 2197 nonnulla
2202 2143 2363 2197 etiam

782 2238 1041 2291 vocabula
1074 2238 1327 2291 comitiis
1378 2238 1742 2299 subserviant,
1779 2238 1843 2289 ad
1877 2238 1991 2289 haec
2039 2244 2092 2289 et
2136 2236 2187 2288 iu
2222 2250 2367 2286 ama-

784 2330 936 2383 toriis
969 2329 1345 2382 adhibeantur.
1379 2327 1588 2382 Sinceri
1617 2330 1808 2383 deinde
1858 2340 1909 2383 et
1968 2332 2083 2399 puri
2117 2339 2170 2383 et
2202 2328 2364 2382 Attici

781 2422 1049 2475 sermonis
1088 2421 1353 2488 regulam,
1394 2436 1635 2473 normam
1687 2431 1849 2489 atque
1896 2420 2201 2489 exemplum
2247 2433 2368 2474 esse

780 2513 1287 2583 praestantissimum
1330 2514 1465 2574 vult,
1516 2510 1794 2565 Platonem
1843 2522 2007 2580 atque
2047 2512 2366 2565 Demosthe-

782 2622 926 2669 nem,
967 2620 1088 2659 cum
1128 2605 1334 2673 reliquo
1369 2620 1555 2657 novent
1596 2604 1817 2658 Graeciae
1850 2615 2122 2657 oratorum
2175 2606 2364 2667 choro,

780 2697 1147 2768 Thucydidem
1201 2712 1414 2766 quoque
1463 2708 1517 2749 et
1572 2696 2007 2765 XenOphontem,
2050 2705 2102 2749 et
2154 2694 2368 2747 Aischi-

780 2807 903 2846 nem
923 2790 1034 2857 (48)
1059 2790 1204 2842 illum
1229 2788 1449 2858 Lysauii
1472 2788 1636 2841 liliqu
1663 2788 1997 2842 Socraticum
2022 2786 2363 2855 appellatum.

778 2880 1003 2935 Critiam
1052 2882 1181 2934 item
1216 2880 1505 2933 Calacschri
1563 2880 1728 2933 lilium
1761 2890 1815 2933 et
1845 2878 2217 2933 Autistbenem
2245 2892 2365 2928 cum

780 2973 1051 3042 germanis
1083 2971 1200 3037 ejus
1230 2971 1565 3024 orationibus
1600 2972 1806 3025 duabus
1830 2971 1897 3025 de
1929 2969 2054 3038 Cyri
2084 2978 2137 3021 et
2163 2966 2366 3037 Ulyssis

779 3064 1046 3117 laudibus.
1092 3063 1134 3115 Ε
1168 3062 1414 3125 comicis,
1445 3064 1857 3131 Aristophanem
1910 3076 2029 3112 cum
2082 3060 2195 3112 suis
2226 3058 2361 3125 (49).

782 3156 869 3209 ubi
889 3156 1104 3224 quidem
1122 3156 1331 3210 Atticos
1355 3156 1656 3209 imitentur.
1684 3155 1757 3208 De
1780 3153 2019 3220 tragicis,
2044 3150 2362 3220 Escbylum

778 3247 926 3301 illum
960 3249 1191 3301 maxime
1220 3247 1628 3315 grandiloquum
1659 3262 1723 3300 ac
1763 3245 2085 3314 Sophoclem
2118 3258 2360 3305 suavem,

777 3351 827 3393 et
860 3355 1248 3407 usquequaque
1302 3340 1599 3407 sapientem
1659 3340 1990 3406 Euripidem.
2025 3338 2132 3391 Hos
2154 3336 2364 3389 cazteris

778 3433 1029 3485 omnibus
1075 3433 1354 3497 anteponit
1388 3433 1501 3485 sive
1547 3433 1873 3495 oratoribus,
1926 3431 2039 3484 sive
2090 3430 2363 3483 historicis

776 3521 891 3574 sive
938 3526 1128 3589 poetis.
1181 3521 1255 3574 Ex
1290 3520 1375 3574 his
1418 3531 1591 3573 tamen
1627 3536 1838 3574 rursum
1868 3520 2079 3573 caeteris
2122 3516 2361 3587 praefert,

776 3629 931 3678 quos,
956 3613 1050 3675 ait,
1080 3628 1144 3665 ne
1174 3613 1288 3679 ipse
1317 3613 1533 3681 quidem
1566 3614 1771 3666 Momus
1802 3611 2227 3679 reprehenderit,
2264 3621 2355 3663 aut

775 3704 997 3757 omnino
1046 3704 1336 3758 accesserit
1366 3720 1380 3768 ;
1413 3718 1516 3757 non
1556 3706 1721 3757 etiam
1752 3705 1796 3757 si
1829 3704 2057 3756 maxime
2089 3703 2217 3755 deus
2254 3701 2357 3763 ille,

776 3816 934 3867 quem
966 3800 1277 3869 Corycmum
1306 3800 1418 3867 (50)
1451 3798 1642 3853 fabula:
1669 3801 1977 3870 indigitant,
2017 3799 2119 3851 illis
2153 3798 2360 3851 inhias-

774 3902 877 3945 set.
895 3890 1170 3945 Platonem
1196 3892 1415 3955 indicat,
1434 3892 1863 3954 DemOsthenem,
1879 3902 1932 3944 et
1957 3890 2171 3960 Lysauii
2193 3890 2355 3943 lilium

776 3982 1115 4047 Eschim-m,
1148 3995 1369 4053 propter
1417 3984 1573 4053 hujus
1612 3996 1815 4051 septem
1868 3983 2214 4049 Dialogorum
2244 3980 2355 4047 (51)

772 4076 1143 4128 excellentiam
1196 4093 1210 4129 :
1268 4090 1405 4143 quos
1465 4078 1626 4129 etiam
1679 4076 1896 4144 quidam
1959 4073 2177 4141 scriptis
2242 4069 2357 4138 ejus

773 4168 1094 4233 exitnentes,
1136 4168 1204 4221 ad
1238 4166 1519 4223 Socratem
1547 4168 1810 4223 referunt.
1857 4165 1963 4219 Sed
2010 4166 2123 4218 haac
2172 4164 2357 4217 hacte-

774 4274 892 4313 nus.

842 4348 1087 4417 Scriptor
1133 4349 1243 4411 hic,
1280 4349 1323 4403 si
1358 4349 1477 4417 quis
1510 4350 1669 4413 alius,
1704 4348 1853 4401 varia
1900 4347 2097 4400 tinctus
2129 4353 2212 4399 est
2259 4347 2353 4398 do-

770 4439 961 4503 ctrina,
1000 4440 1257 4494 verbosus
1284 4440 1503 4507 alioqui,
1559 4452 1611 4493 et
1664 4443 1877 4494 modum
1921 4440 2229 4493 excedendo
2277 4454 2354 4493 re-

2470 591 2741 643 ἐλάσαντα
2770 607 2783 618 ·
2818 591 2993 660 ἥψατο
3017 592 3126 662 γὰρ
3154 594 3182 644 ό
3205 592 3401 659 φθόνος
3432 594 3524 647 ὑπ’
3567 597 3727 648 ἐνίων
3748 598 4045 668 πεμπόμε-

2467 698 2559 742 νος
2594 681 2690 732 καὶ
2733 680 3088 746 Ἀριστείδου,
3117 682 3304 752 ῶσπερ
3336 686 3431 736 καὶ
3454 683 3631 737 ἄλλων
3662 687 3875 739 πολλῶν
3908 706 4045 741 πα..-

2468 772 2584 842 δείᾳ
2614 773 3026 839 διενεγκόντων.
3073 774 3214 825 Ἀλλ’
3247 776 3276 825 ὁ
3312 775 3412 842 μὲν
3429 775 3712 838 ἑνδέκατος
3731 779 4046 849 Μηνοδώρῳ

2471 864 2905 932 ἐπιπετρώνηται·
2929 864 3038 916 τῶν
3058 865 3113 917 δὲ
3136 864 3352 934 ἐφεξῇς,
3393 867 3480 918 ἵνα
3507 867 3581 936 μὴ
3611 868 3705 919 καὶ
3734 870 3896 936 ἡμεῖς
3920 870 4047 921 κατ’

2470 956 2674 1007 ἐκεῖνον
2699 955 3022 1022 πολυλογίας
3042 957 3221 1009 αἰτίαν
3242 957 3567 1026 λάϐοιμεν,ό
3587 960 3684 1026 μὲν
3716 960 3951 1028 Ῥηγίνῳ
3976 962 4043 1024 ⁸⁸,

2470 1049 2497 1098 ό
2523 1047 2578 1099 δέ
2610 1048 2771 1100 πάλιν
2815 1047 3175 1116 Ἀριστοκλεῖ,
3208 1051 3235 1099 ό
3267 1049 3323 1100 δὲ
3358 1049 3640 1120 Βασιλείδῃ
3671 1051 3750 1119 τῷ
3791 1052 4048 1121 Μιλησίῳ

2473 1142 2698 1206 σοφιστῇ
2774 1139 3173 1209 προσεςςωνήθη
3204 1139 3269 1201 ⁸³,
3300 1142 3357 1192 ἐν
3407 1133 3450 1206 ᾧ
3482 1158 3648 1209 φησιν
3702 1142 3900 1194 αὐτίκα
3947 1144 4046 1195 τοῦ

2470 1229 2744 1296 ἀνακύψαι
2763 1230 2861 1297 τῆς
2888 1230 3045 1282 νόσου
3068 1230 3399 1298 ποιήσασθαι
3422 1232 3521 1300 τὴν
3549 1233 3683 1301 πρὸς
3714 1235 3875 1286 αὑτὸν
3908 1252 4050 1303 γρα-

2473 1322 2601 1390 φὴν,
2636 1322 2729 1373 καὶ
2754 1323 2986 1375 αἰτεῖται
3017 1323 3127 1375 τῶν
3153 1324 3242 1375 διὰ
3277 1323 3374 1393 τὴν
3396 1324 3551 1375 νόσον
3580 1325 3677 1392 (ὡς
3698 1325 3865 1394 εἰκός)
3894 1325 4048 1393 αύτῷ

2470 1414 2529 1465 ἐν
2579 1413 2657 1483 τῷ
2711 1415 3000 1484 γράμματι
3064 1416 3535 1484 παρασφαλέντων
3607 1416 3875 1469 ἐπιθεῖναι
3947 1417 4049 1485 τὴν

2470 1503 2778 1573 διόρθωσιν.
2820 1506 2881 1557 Οί
2908 1505 2965 1558 δέ
2992 1504 3169 1558 λοιποὶ
3201 1505 3517 1572 σύμπαντες
3544 1505 3715 1572 λόγοι,
3752 1504 3845 1567 οὓς
3881 1506 4047 1573 ἡμεῖς

2468 1597 2808 1665 ἀνέγνωμεν,
2841 1596 2918 1667 τῷ
2945 1598 3242 1667 Μηνοφίλῳ
3261 1596 3423 1649 πάλιν
3455 1596 3616 1667 μέχρι
3652 1596 3795 1649 τοῦω
3851 1596 4050 1649 ἀνετὲ-

2471 1687 2668 1756 θησαν.

2544 1782 2829 1851 Χρήσιμον
2857 1781 2913 1833 δέ
2942 1781 3183 1850 δηλονότι
3210 1781 3271 1833 τὸ
3304 1780 3506 1851 βιὸλίον
3538 1784 3651 1844 τοῖς
3692 1800 3750 1835 τε
3795 1784 4046 1853 συγγρά-

2397 1853 2438 1909 B
2470 1890 2591 1942 φειν
2620 1875 2716 1925 καὶ
2753 1873 3071 1945 ῥητορεύειν
3102 1874 3396 1928 ἐθέλουσιν.
3452 1874 3581 1945 [175
3630 1874 3723 1946 Η.]
3760 1877 3927 1937 Αὐτὸς
3988 1877 4047 1929 δὲ

2466 1965 2840 2033 διακρίνεσθαί
2873 1982 3006 2034 φησι
3040 1966 3140 2029 τὰς
3184 1966 3609 2036 συνειλεγμένας
3662 1966 3809 2036 αὐτῷ
3856 1969 4046 2035 φωνάς

2466 2056 2657 2108 τοῦτον
2687 2055 2778 2108 τὸν
2824 2057 3028 2126 τρόπον
3061 2072 3075 2087 ο
3140 2056 3239 2119 τὰς
3275 2057 3375 2127 μὲν
3407 2058 3515 2128 γὰρ
3557 2058 3737 2111 αὐτῶν
3783 2060 4044 2128 ῥήτορσιν

2468 2150 2843 2214 ἀποδεδόσθαι,
2907 2151 3007 2213 τὰς
3050 2151 3105 2203 δὲ
3152 2154 3267 2213 τοῖς
3322 2154 3696 2221 συγγράφουσι
3718 2154 3783 2213 ⁸⁵,
3836 2154 3937 2213 τὰς
3984 2153 4041 2205 δέ

2470 2243 2777 2306 συνουσίαις
2806 2245 3160 2312 ἐφαρμόζειν,
3194 2244 3340 2306 ἐνίας
3369 2246 3423 2297 δὲ
3476 2246 3570 2297 καὶ
3608 2247 3687 2307 εἱς
3743 2245 3840 2306 τὰς
3893 2262 4043 2296 σκω-

2468 2334 2667 2394 mixti;
2695 2333 3005 2400 ὑπάγεσθαι
3030 2334 3240 2396 λαλιὰς,
3260 2334 3292 2403 ἢ
3316 2335 3410 2387 καὶ
3439 2336 3517 2396 εἰς
3542 2336 4045 2403 τοὺςθιέρωτικοὺς

2468 2422 2795 2492 ἐκφέρεσθαι
2818 2423 3075 2493 τρόπους.
3110 2424 3451 2493 Εἰλικρινοῦς
3473 2425 3641 2477 δὲκαὶ
3670 2424 3914 2493 καθαροῦ
3947 2425 4045 2477 καὶ

2483 2516 2735 2567 Ἀττικοῦ
2768 2516 2927 2581 λόγου
2960 2517 3192 2578 κανόνας
3240 2516 3336 2568 καὶ
3372 2517 3621 2585 στάθμας
3652 2517 3747 2569 καὶ
3779 2517 4047 2585 παράδει-

2468 2609 2583 2676 γμά
2612 2625 2776 2677 φησιν
2803 2608 3023 2676 ἄριστον
3037 2609 3301 2661 Πλάτωνά
3321 2624 3377 2659 τε
3399 2608 3492 2661 καὶ
3522 2608 3869 2677 Δημοσθένην
3902 2607 4045 2677 μετά

2469 2700 2562 2751 τοῦ
2598 2700 2889 2771 ῥητορικοῦ
2922 2700 3030 2752 τῶν
3081 2699 3237 2752 ἐννέα
3264 2700 3451 2770 χοροῦ,
3500 2700 3828 2769 Θουκυδίδην
3859 2718 3916 2752 τε
3949 2701 4044 2754 καὶ

2468 2792 2789 2859 Ξενοφῶντα
2817 2792 2911 2843 καὶ
2946 2790 3205 2860 Αἰσχίνην
3236 2791 3329 2842 τὸν
3362 2791 3629 2844 Λυσανίου
3664 2792 3755 2843 τὸν
3810 2791 4045 2859 Σωκρα-

2467 2883 2639 2945 τικὸν,
2679 2882 2808 2953 [528
2830 2881 2922 2952 IL]
2956 2881 3184 2951 Κριτίαν
3219 2898 3277 2933 τε
3320 2881 3410 2932 τὸν
3449 2882 3828 2951 Καλλαίσχρου
3863 2882 3907 2913 ⁸⁸
3944 2882 4044 2934 καὶ

2480 2973 2827 3040 Ἀντισθένην
2863 2973 3000 3042 μετὰ
3018 2973 3125 3024 τῶν
3147 2973 3391 3042 γνησίων
3418 2972 3581 3025 αὐτοῦ
3599 2974 3690 3025 δύο
3718 2975 3912 3041 λόγων,
3944 2975 4042 3025 τοῦ

2469 3066 2595 3133 περὶ
2623 3062 2808 3132 Κύρου
2834 3065 2929 3115 καὶ
2958 3065 3051 3116 τοῦ
3077 3065 3204 3134 περὶ
3254 3064 3567 3127 Ὀδυσσείας
3595 3066 3661 3097 ⁸⁷·
3697 3065 3808 3117 τῶν
3858 3065 4044 3134 μέντοι

2470 3155 2748 3224 κωμῳδῶν
2798 3156 3191 3225 Ἀριστοφάνην
3245 3157 3383 3225 μετὰ
3435 3156 3531 3208 τοῦ
3580 3157 3802 3218 οἰκείου,
3850 3157 3906 3208 ἐν
3959 3152 4045 3220 οἷς

2466 3249 2825 3311 ἀττικίζουσι,
2862 3248 3045 3317 χοροῦ,
3066 3248 3161 3299 καὶ
3196 3249 3303 3299 τῶν
3332 3247 3614 3315 τραγικῶν
3652 3248 3917 3315 Αἰσχύλον
3949 3248 4044 3299 τὸν

2468 3338 2981 3407 μεγαλοφωνότατον
3016 3340 3106 3391 καὶ
3134 3338 3407 3406 Σοφοκλέα
3447 3340 3537 3390 τὸν
3588 3339 3792 3405 γλυκὺν
3823 3341 3916 3391 καὶ
3948 3340 4043 3391 τὸν

2464 3432 2736 3499 πάνσοφον
2768 3431 3085 3501 Εὐριπίδην.
3120 3432 3357 3493 Τούτους
3390 3431 3700 3498 προκρίνων
3724 3430 3830 3481 τῶν
3861 3429 4042 3482 ἄλλων

2462 3524 2719 3576 ἁπάντων
2745 3523 2841 3575 καὶ
2863 3523 3109 3594 ρητόρων
3137 3523 3233 3575 καὶ⁸
3268 3522 3629 3591 συγγραφέων
3650 3523 3743 3573 καὶ
3776 3522 4039 3589 ποιητῶν,

2462 3616 2520 3680 ἐξ
2545 3617 2724 3669 αὐτῶν
2773 3617 2935 3668 πάλιν
2970 3617 3281 3686 προτάττει,
3316 3613 3409 3676 οὓς
3442 3614 3528 3677 ἂν,
3566 3614 3751 3683 φησιν,
3780 3613 3888 3665 οὐδ’
3939 3614 4042 3666 αύ-

2461 3711 2549 3773 τὸς
2578 3710 2605 3762 ό
2636 3709 2844 3779 Μῶμος
2878 3708 3325 3777 καταμέμψαιτο,
3381 3707 3488 3759 οὐδ’
3520 3708 3570 3758 εί
3612 3723 3695 3768 τις
3750 3706 3961 3775 δαίμων
4010 3707 4042 3759 ό

2464 3800 2923 3871 μυθολογούμενος
2978 3801 3301 3869 Κωρυκαῖος
3356 3800 3405 3849 εἰ
3461 3799 3776 3866 ἐπεγχάνοι,
3834 3799 4041 3869 χαιρή-

2463 3909 2605 3943 σειεν
2633 3891 2677 3923 ⁵⁸
2708 3908 2723 3922 ο
2759 3883 2903 3943 οὗτοι
2936 3890 2981 3942 δ’
3011 3890 3117 3943 εἰσὶ
3147 3889 3371 3941 Πλάτων
3427 3888 3520 3939 καὶ
3553 3887 3901 3955 Δημοσθένης
3938 3888 4037 3939 καὶ

2457 3984 2485 4034 ὁ
2511 3983 2604 4035 τοῦ
2637 3982 2905 4035 Λυσανίου
2936 3980 3197 4049 Αἰσχίνης
3224 3979 3291 4030 δι’
3331 3978 3528 4047 ἀρετὴν
3565 3978 3673 4029 τῶν
3725 3977 3864 4029 ἐπτά
3904 3979 4037 4029 Δια-

2459 4075 2651 4141 λόγων,
2684 4074 2719 4127 ἃ
2754 4074 2848 4125 καὶ
2877 4071 3267 4140 ἀφαιρούμενοί
3326 4086 3469 4129 τινες
3505 4069 3614 4121 τῶν
3665 4070 4039 4136 συγγραμμά-

2457 4183 2565 4217 των
2600 4166 2881 4235 Σωκράτει
2904 4163 3327 4234 προσνέμουσιν.
3364 4160 3506 4212 Ἀλλ’
3537 4164 3593 4213 ἐν
3614 4159 3853 4229 τοσούτῳ
3903 4162 4039 4229 περὶ

2456 4255 2679 4309 τούτων.

2532 4349 2691 4401 Ἐστι
2724 4345 2783 4398 δὲ
2829 4347 2856 4397 ό
2891 4343 3260 4414 συγγραφεὺς,
3296 4344 3349 4395 εῖ
3394 4360 3500 4406 τις,
3531 4340 4033 4410 πολυμαθέστατος,

2456 4440 2629 4500 ἄλλως
2660 4438 2716 4489 δέ
2762 4436 2920 4495 λάλος
2960 4435 3054 4487 καὶ
3082 4435 3335 4503 περιττός
3368 4449 3382 4464 ·
3415 4434 3509 4486 καὶ
3552 4432 3658 4500 γὰρ
3694 4432 3785 4483 καὶ
3822 4429 4034 4499 ταύτην

770 4530 1031 4583 dundans.
1071 4531 1358 4584 Enimvero
1395 4532 1564 4599 ipsum
1599 4532 1699 4586 hoc
1732 4546 1886 4600 opus,
1924 4533 2056 4585 nihil
2099 4546 2352 4584 necessa-

2397 4550 2429 4602 υ
2458 4536 2555 4601 τὴν
2595 4529 3003 4599 πραγματείαν,
3071 4527 3208 4595 μετὰ
3256 4526 3351 4577 τοῦ
3385 4525 3550 4595 μηδὲν
3575 4526 3681 4576 τῶν
3713 4522 4033 4589 ἀναγκαίων

770 4621 970 4672 riorum
997 4623 1316 4687 omittendo,
1349 4626 1533 4692 quinta
1586 4626 1747 4677 totius
1776 4634 1929 4692 parte
1969 4626 2141 4691 potuit
2171 4624 2349 4678 absol-

767 4714 931 4775 visse,
958 4728 1077 4768 cum
1114 4717 1330 4770 interim
1365 4718 1497 4784 ipse,
1525 4718 1896 4786 intempestiva
1933 4732 2027 4771 sua
2056 4717 2345 4771 verborum

766 4808 1100 4875 profusione,
1140 4811 1380 4864 inutilem
1439 4813 1743 4865 extenderit
1794 4812 1845 4863 in
1899 4813 2223 4865 vastitatem.
2266 4810 2344 4863 lla

766 4899 892 4952 dum
944 4901 1209 4972 elegantis
1279 4918 1342 4957 ac
1371 4914 1608 4958 venusta:
1661 4905 1923 4958 orationis
1979 4904 2167 4957 silvam
2224 4903 2346 4957 aliis

2460 4624 2808 4693 παραλιπεῖν,
2862 4621 2980 4672 ἐνὸν
3049 4619 3166 4689 μηδ’
3210 4619 3291 4679 εἰς
3338 4617 3585 4685 πέμπτον
3611 4616 3654 4647 θ’
3711 4616 3874 4683 μέρος
3935 4612 4031 4664 τοῦ

2453 4716 2575 4767 ὅλου
2606 4714 3036 4783 συγγράμματος
3065 4711 3385 4780 ἀπαρτίσαι,
3428 4708 3591 4770 αὐτὸς
3652 4704 4031 4775 ἀκαιρολογῶν

2456 4810 2534 4869 είς
2596 4805 2801 4873 πλῆθος
2854 4804 3083 4867 ἐξέτεινε
3145 4801 3501 4869 δύσχρηστον,
3564 4801 3657 4850 καὶ
3702 4796 3868 4849 καλοῦ
3934 4797 4028 4848 καὶ

2456 4900 2656 4971 ὡραίου
2730 4898 2891 4966 λόγου
2947 4897 3078 4967 ὓλην
3160 4894 3339 4956 ἄλλοις
3418 4890 3786 4961 συναθροίζων
3864 4889 4029 4951 αὐτὸς

2043 5057 2278 5114 VARUE
2306 5055 2688 5112 LECTIONES
2729 5091 2747 5109 .

885 5150 929 5180 "
1001 5148 1219 5219 Ῥιγίνῳ
1274 5169 1334 5214 ς.
1407 5151 1477 5205 cf.
1536 5150 1715 5205 Vales.
1783 5152 1907 5205 add.

761 5219 894 5288 νήθη
936 5237 991 5282 ς.
1090 5223 1133 5251 ⁸⁵
1162 5221 1535 5290 συγγραφεῦσι
1599 5223 1859 5288 Scaliger.

761 5290 804 5318 ⁸⁸
846 5292 1226 5359 χαιρήσειενΑ
1292 5304 1504 5345 eteorr.
1541 5293 1600 5348 C.
1645 5294 1732 5359 (ιυὶ
1777 5308 1857 5357 Ι¹Γο
1889 5292 2219 5359 Χαρῤήσειεν
2268 5309 2278 5342 ³

757 5376 844 5412 νοι
873 5378 940 5415 ει.

1986 5149 2036 5202 iu
2110 5161 2298 5202 annot.
2352 5150 2418 5203 ad
2470 5148 2679 5202 Socrat.
2732 5163 2787 5216 ι).
2832 5146 2919 5199 44.

1969 5221 2010 5251 ⁵⁵
2043 5220 2167 5276 τοὺς
2198 5221 2320 5273 add.
2350 5221 2415 5271 Α.

2336 5292 2635 5359 χωρήσειεν
2672 5307 2729 5352 ς.
2768 5276 3014 5340 Leicbius
3045 5285 3349 5355 χωρίσειεν,
3386 5276 3589 5335 omisso
3614 5276 3758 5349 (ante
3785 5276 4023 5344 ἐπεγχά-

1037 5362 1079 5392 ⁶⁹
1112 5361 1385 5430 πέμπτον⁰
1412 5362 1468 5413 ἒν
1506 5347 2065 5430 εοττ.Ἀ,’(ιυ1“ιιῖιίι1’
2092 5376 2173 5428 pr.
2212 5347 2487 5422 habuerit,
2508 5376 2614 5412 non
2661 5347 2844 5427 liquet.

3002 5144 3064 5199 C.
3114 5146 3200 5197 ed.
3258 5145 3429 5195 Amst.
3556 5140 3602 5171 "
3660 5154 4025 5208 προσεπεφω-

2524 5220 2568 5249 ⁸⁸
2596 5207 2938 5286 Καλάίσχρου
2973 5234 3032 5279 ς.
3134 5216 3179 5286 ⁶ῗ
3208 5214 3405 5281 ὀδυσσῆ
3449 5210 3538 5286 sfw
3566 5239 3637 5286 --ς
3661 5207 3925 5286 κωμωδον
3959 5223 4022 5286 ςς.

2308 5474 2541 5528 ΝΟῚίιΕ.

828 5565 938 5626 (48)
973 5566 1043 5617 [le
1067 5581 1172 5633 quo
1204 5566 1329 5618 item
1362 5582 1510 5635 supr.
1540 5572 1657 5622 cod.
1685 5569 1772 5621 61.

829 5635 939 5697 (49)
974 5635 1183 5688 Veteris
1220 5643 1496 5688 contu-diae
1526 5640 1899 5701 scriptoribus.

828 5705 939 5769 (50)
970 5706 1099 5758 V'itle
1135 5707 1353 5758 Suidam
1379 5718 1431 5758 ct
1462 5710 1682 5774 Adngia.

825 5774 938 5845 (5i)
965 5774 1111 5839 Quos
1150 5775 1202 5828 in
1229 5776 1343 5845 ejus
1381 5776 1496 5831 Vita
1528 5778 1707 5834 Lat-rt.
1738 5780 1997 5849 Diogenes
2030 5785 2333 5831 enumerat.

2449 5569 2501 5619 In
2544 5567 2735 5633 quibus
2761 5576 2812 5617 et
2843 5566 3133 5618 Axioehus.
3165 5578 3256 5615 seu
3286 5563 3357 5616 De
3386 5571 3579 5633 morte,
3618 5560 3688 5633 ab
3720 5556 4021 5633 Harpocra-

2444 5626 2586 5687 tione
2612 5650 2826 5702 quoque
2861 5640 3032 5687 eidem
3066 5635 3295 5685 tributus
3326 5651 3336 5684 :
3366 5632 3462 5684 etsi
3530 5630 3705 5702 bodiy,
3736 5628 3827 5702 sed
3862 5626 4019 5681 ΙυΙδον

2441 5695 2648 5761 Platoni
2678 5695 3021 5760 adscribitur.
3054 5703 3186 5759 Vide
3224 5715 3272 5757 et
3307 5702 3523 5755 Suidam
3554 5704 3603 5753 in
3628 5695 3913 5752 Alscltiuc.
