4224 6446
1295 409 1817 478 BIBLIOTHECA.
1845 437 1914 455 ·-
1949 416 2163 481 CODD.
2193 418 2389 482 CLIX.

3377 425 3475 492 ω

222 520 281 572 οὑ
345 518 468 571 λίαν
519 515 748 588 τοιούτῳ
801 517 929 588 περὶ
974 516 1152 572 αὐτῶν
1214 518 1570 590 ἀπαγγέλλων
1632 525 1799 596 ἐχρή-
1827 526 1880 587 Α

1827 526 2228 596 Aaccumutat,
2294 545 2360 584 ne
2409 528 2498 584 illa
2543 529 2761 599 quidem
2815 531 2952 602 ipsa,
3005 535 3070 592 de
3117 550 3222 606 qua
3267 543 3473 600 casteria

213 411 319 476 433

217 632 347 667 σατο
367 614 435 670 ⁷⁸.

931 706 1103 764 ΡΝΘ’.

228 797 613 866 Ἰσοκράτους
637 796 742 852 τοῦ
767 797 1025 921 ῥήτορορ
1041 799 1237 922 adoro:
1280 805 1393 863 xa',
1423 799 1521 853 καὶ
1549 799 1797 855 ἐπιστο-

941 887 980 921 α
1096 910 1107 922 .

284 963 682 1034 Ἀνεγνὼσοητί
702 963 1040 1034 Ἰσοκράτους
1057 963 1150 1016 τοῦ
1175 965 1401 1034 ῥήτορος
1414 969 1592 1038 Λόγοι
1609 966 1692 1023 κα¹
1708 971 1799 1021 καὶ⁸

217 1054 538 1109 Ἐπιστολαὶ
570 1053 633 1111 θ’.
655 1056 1112 1125 Συμϐουλευτικοὶ
1148 1058 1245 1125 μὲν
1273 1058 1380 1110 τῶν
1410 1060 1574 1113 αὑτοῦ
1626 1061 1798 1128 λόγων

216 1149 354 1198 εἰσιν
403 1149 433 1200 ὅ
487 1166 546 1200 τε
602 1149 738 1216 πρὸς
771 1148 1075 1218 Δημόνικον
1125 1150 1222 1201 xal.
1272 1151 1463 1220 όπρὸς
1501 1152 1793 1216 Νικοκλέα,

217 1240 529 1308 χρησίμους
570 1241 918 1307 παραινέσεις
961 1242 1328 1310 περιέχοντες,
1361 1244 1452 1295 καὶ
1483 1242 1560 1295 ἔτι
1598 1246 1626 1296 6
1681 1245 1800 1297 δεύ-

216 1347 373 1399 τερος
407 1333 547 1400 πρὸς
583 1333 855 1384 Νικοκλέα
881 1333 974 1384 καὶ
995 1335 1023 1386 6
1042 1335 1083 1363 ⁷¹
1116 1334 1252 1400 Περὶ
1287 1333 1390 1399 τῆς
1406 1335 1669 1402 εἰρήνης.
1692 1337 1797 1388 Kal.

215 1419 683 1487 6ﬂarnrvptx6¢
709 1422 764 1474 δὲ
789 1421 989 1474 σκοπὸν
1020 1422 1166 1492 ἔχειν
1203 1425 1511 1480 ὑποτίθεται
1539 1427 1637 1494 τὴν
1664 1444 1798 1497 συμ-

218 1509 445 1580 ϐουλὴν,
475 1513 543 1563 δι’
563 1507 629 1582 ἦς
653 1515 881 1581 ὁμόνοιά
898 1533 957 1567 τε
986 1517 1121 1584 πρὸς
1143 1517 1408 1587 ἀλλήλους
1430 1519 1542 1579 τοῖς
1574 1519 1796 1588 Ἕλλησι

215 1605 310 1657 καὶ
345 1606 529 1668 κοινὸς
579 1607 608 1658 6
643 1607 777 1676 πρὸς
833 1608 960 1670 τοὺς
1011 1608 1328 1678 βαρϐάρους
1381 1611 1795 1681 καταπραχθείη

212 1696 457 1766 πόλεμος
490 1714 504 1726 ·
546 1698 606 1749 τὸ
664 1698 720 1750 δὲ
766 1699 1018 1754 πλεῖστον
1089 1700 1184 1753 τοῦ
1224 1701 1384 1769 λόγου
1435 1704 1514 1762 είς
1565 1702 1634 1754 τὰ
1688 1703 1796 1754 τῶν

222 1787 531 1856 Ἀθηναίων
563 1789 813 1860 ἐγκώμια
840 1792 1247 1861 κατατρίϐεται.
1297 1794 1407 1845 Kal.
1451 1795 1479 1845 6
1524 1797 1794 1860 Ἀρεοπα-

1898 629 2166 689 praecepta
2201 619 2382 684 tradit,
2413 628 2561 676 recte
2596 623 2730 675 satis
2767 619 3109 695 Phrynichus
3136 636 3220 682 est
3253 645 3403 686 usus.

2071 797 2327 855 Isocratis
2367 711 2800 858 Oratioustlei.
2847 814 2895 858 ct
2929 803 3190 874 Epistolas
3221 823 3299 867 ix,

1969 952 2220 1022 Legimus
2269 956 2520 1010 Isocratis
2578 959 2810 1014 oratoris
2859 977 3015 1013 unam
3074 980 3238 1030 supra
3294 967 3475 1033 viginti

1899 1047 2200 1113 Orationes,
2240 1060 2288 1102 et
2325 1048 2592 1118 Epistolas
2637 1068 2834 1107 norem.
2883 1052 3224 1109 Deliberatiri
3258 1059 3472 1125 quidem

1898 1140 2112 1206 generis
2133 1140 2408 1194 orationes
2437 1143 2596 1194 habet
2635 1143 2703 1196 ad
2737 1143 3081 1198 Demouicum
3109 1157 3161 1198 et
3199 1150 3264 1199 ad
3319 1147 3478 1203 Nico-

1897 1232 2057 1295 clem,
2119 1249 2237 1302 quae
2286 1234 2682 1288 admonitiones
2730 1237 3005 1290 continent
3064 1241 3361 1307 perutiles;
3423 1253 3477 1296 et

1898 1322 2121 1376 alteram
2175 1323 2300 1378 item
2342 1326 2407 1378 ad
2453 1325 2749 1390 Nicoclem,
2782 1343 3051 1396 unamque
3086 1328 3196 1398 (52)
3232 1329 3305 1382 De
3327 1348 3473 1397 pace.

1898 1412 2226 1485 Panegyrico
2249 1427 2424 1470 autem
2449 1417 2650 1471 etsiilla
2670 1420 2938 1488 proposita
2961 1420 3279 1475 deliberatio
3299 1424 3478 1476 videa-

1899 1517 2004 1572 tur,
2036 1524 2138 1576 qua
2183 1507 2409 1575 Grtecis,
2433 1511 2725 1564 concordia
2760 1511 2900 1565 inter
2931 1513 3074 1580 ipsos
3104 1515 3256 1581 inita,
3289 1516 3473 1570 sociali

1898 1601 2038 1654 bello
2093 1599 2360 1655 Barbaros
2415 1617 2535 1655 esse
2594 1604 2983 1671 oppugnandos
3039 1606 3470 1674 persoadeatur,

1901 1691 2094 1759 102a
2121 1693 2274 1760 longe
2329 1702 2500 1745 tamen
2531 1694 2764 1746 maxima
2797 1695 2936 1748 illius
2973 1697 3234 1750 orationis
3261 1713 3385 1764 pars
3419 1699 3472 1753 in

1895 1783 2302 1836 Atheniensium
2331 1782 2575 1837 laudibus
2631 1785 2973 1838 recensendis
3008 1797 3328 1854 consumpta
3365 1796 3468 1840 est.

209 1879 442 1946 τιτηιὸς
504 1879 558 1930 δὲ
588 1879 696 1936 τῶν
745 1881 1219 1950 συμϐουλευτικῶν
1276 1883 1412 1944 ἐστὶ,
1467 1884 1792 1954 προτρέπων
1822 1920 1866 1978 Β

1822 1874 2283 1978 BArwpagiticus
2362 1888 2576 1942 quoque
2639 1873 2689 1926 in
2763 1877 3126 1928 suasoriarum
3198 1890 3469 1944 numero,

207 1971 335 2032 τοὺς
380 1969 699 2039 Ἀθηναίους
728 1972 814 2023 ἐπ’
844 1973 1045 2042 ἀρετὴν
1066 1973 1124 2038 ἐξ
1149 1974 1371 2026 ἐπαίνου
1409 1975 1509 2044 μὲν
1532 1977 1640 2030 τῶν
1661 1994 1793 2047 προ-

206 2063 541 2128 γεγονότων,
580 2065 932 2133 καταδρομῆς
958 2066 1014 2118 δὲ
1041 2065 1148 2117 τῶν
1181 2065 1259 2118 ἔτι
1288 2068 1365 2137 τῷ
1390 2068 1546 2137 gap”
1581 2070 1792 2140 περιόν-

205 2171 335 2206 των.
375 2156 488 2208 Kal.
508 2159 534 2208 6
551 2159 888 2223 Πλαταϊκός
921 2159 976 2210 δὲ
1002 2160 1454 2226 συμϐουλευτικός
1479 2162 1612 2214 ὲστι.
1636 2164 1744 2215 Kal.
1763 2165 1791 2216 6

204 2249 655 2317 ἐπιγραφόμενος
685 2252 740 2303 δὲ
760 2253 1115 2321 Ἀρχίδαμος
1154 2254 1608 2322 συμϐουλευτικός
1629 2259 1742 2309 ἐστι
1773 2272 1787 2286 ·

203 2343 582 2411 ’παρακαλεῖτί⁵
615 2344 1074 2413 Λακεδαιμονίους
1103 2345 1197 2397 ἐπὶ
1228 2345 1318 2396 τὸν
1338 2343 1457 2396 κατ’
1493 2345 1790 2414 Ἀθηναίων

201 2437 446 2505 πόλεμον
473 2436 614 2506 ὑπὲρ
632 2436 966 2505 Μεσσηνίων
988 2439 1052 2489 ⁷⁵.
1100 2437 1157 2489 '0
1186 2438 1242 2490 δὲ
1277 2437 1436 2492 Κατὰ
1462 2436 1581 2490 τῶν
1611 2442 1788 2508 Σοφι-

201 2527 368 2581 στῶν
399 2528 847 2596 ἐπιγραφόμενος
874 2529 1176 2598 κατηγορία
1222 2528 1331 2580 τῶν
1383 2529 1789 2582 ἀντιπολιτευο-

205 2617 389 2685 μένων
422 2615 577 2684 αὺτῷ
597 2617 713 2667 ἐστὶ
746 2616 1034 2684 σοφιστῶν.
1080 2618 1136 2668 Ὀ
1159 2617 1213 2668 δὲ
1247 2616 1445 2687 ἑφεξῆς
1468 2617 1625 2685 λόγος
1651 2618 1786 2671 Βου-

202 2710 410 2780 σίριδος
442 2709 603 2783 αὐτῷ,
627 2710 776 2762 ἐστὶν
799 2709 1094 2778 ἐγκώμιον,
1139 2710 1326 2779 ὥσπερ
1356 2711 1448 2763 καὶ
1489 2713 1792 2780 ἐπιγέγρα-

200 2819 356 2855 πται.
379 2801 438 2854 Ὀ
461 2801 518 2852 δὲ
553 2802 836 2863 ἑνδέκατος
851 2802 1100 2868 Ἑλένης
1137 2801 1444 2869 ἐγκώμιον.
1477 2804 1586 2854 Kal.
1620 2806 1646 2855 6
1686 2803 1789 2855 δω-

199 2895 432 2956 δέκατος
469 2892 748 2962 Εὐαγόρου
783 2893 1076 2961 ἐγκώμιον,
1107 2892 1166 2953 ὃς
1194 2894 1502 2962 Εὐαγόρας
1550 2894 1787 2964 ἐπιγρά-

200 3001 384 3050 φεται,
420 2985 959 3053 προσπεφωνημένος
1009 2983 1266 3037 Νικοκλεῖ
1328 2983 1407 3054 τῷ
1450 2986 1576 3038 υἱεῖ.
1618 2986 1676 3038 Ὀ
1731 2987 1787 3039 δὲ

201 3078 654 3146 ἐπιγραφόμενος
683 3077 977 3142 Φίλιππος
1026 3077 1482 3145 συμϐουλευτικός
1531 3078 1669 3140 ἐστι,
1699 3078 1790 3130 Φι-

203 3165 395 3235 λίππῳ
429 3166 819 3234 συμϐουλεύων
876 3167 972 3235 τῆς
1003 3183 1060 3218 τε
1092 3166 1197 3218 τῶν
1246 3166 1514 3235 Ἑλλήνων
1564 3169 1784 3236 φροντί-

1892 1967 2251 2021 Athenienses
2295 1971 2359 2020 ad
2401 1970 2651 2021 virtutem
2703 1968 2913 2034 incitat,
2960 1985 3082 2023 cum
3131 1985 3160 2022 a
3207 1970 3469 2037 majorum

1895 2059 2159 2123 laudibus,
2215 2070 2324 2112 tum
2398 2076 2584 2112 eorum
2636 2064 3099 2129 reprehensione,
3149 2064 3239 2131 qui
3294 2062 3470 2118 adhuc

1891 2156 2210 2220 superstites
2243 2162 2438 2206 essent.
2492 2152 2769 2206 Plataicus
2828 2155 2952 2208 item
3003 2154 3314 2208 deliberatio
3360 2165 3466 2219 est,

1894 2246 1967 2296 uti
2018 2254 2070 2297 et
2119 2245 2466 2297 Archidamus
2510 2249 2598 2312 qui
2654 2246 2983 2310 inscribitur,
3030 2245 3468 2303 Lacedtemonios

1891 2335 1958 2390 ad
1992 2337 2188 2390 bellum
2234 2354 2353 2391 cum
2385 2340 2804 2393 Atheniensibus
2834 2341 2944 2411 (55)
2978 2356 3139 2410 super
3183 2341 3465 2397 Messeniis

1891 2429 2181 2499 gerendum
2217 2432 2480 2486 hortatur.
2511 2433 2579 2486 At
2615 2436 2789 2487 oratio
2835 2435 2920 2486 illa
2953 2431 3150 2487 Contra
3192 2435 3466 2500 SOphistaa

1891 2521 2168 2589 inscripta,
2199 2523 2414 2577 eosdem
2450 2539 2477 2574 a
2507 2539 2564 2576 se
2597 2524 2919 2577 dissidentes
2951 2533 3194 2578 accusat.
3221 2523 3468 2594 Sequens

1887 2612 2102 2677 deinde,
2164 2615 2303 2682 quod
2335 2615 2516 2669 titulus
2583 2616 2696 2683 ipse
2747 2615 2981 2683 prteferl,
3031 2615 3317 2670 Busiriden
3353 2617 3466 2686 (54)

1893 2705 2096 2759 laudat.
2134 2704 2430 2760 Undecima
2485 2708 2778 2759 encomium
2808 2718 2891 2762 est
2926 2705 3162 2761 Helenae.
3203 2707 3468 2762 Duodeci-

1890 2813 1974 2850 ma
2005 2813 2132 2850 vero
2176 2796 2430 2867 Evagorze
2462 2799 2595 2861 laus,
2632 2800 2774 2852 umle
2804 2809 2858 2852 et
2906 2797 3178 2866 Evagoras
3209 2798 3465 2854 inscribi-

1892 2898 1993 2946 tur.
2030 2885 2230 2941 Nieocli
2274 2887 2512 2956 ejusdem
2548 2889 2657 2942 filio
2679 2888 2943 2946 dedicata.
2982 2887 3169 2944 Oratio
3206 2904 3464 2959 sequens,

1889 2980 1972 3032 cui
2025 2977 2252 3048 Philippi
2291 2979 2475 3034 titulus
2525 2991 2630 3044 cst,
2678 2982 2906 3035 suasorii
2959 2977 3173 3034 rursum
3226 2985 3462 3052 generis,

1892 3071 2192 3139 Philippum
2223 3073 2562 3136 adhortatur,
2592 3083 2651 3125 ut
2677 3083 2732 3126 et
2762 3071 3074 3126 Gra'corum
3099 3075 3311 3127 studeat
3334 3091 3464 3129 con-

1888 3165 2105 3227 cordiae,
2151 3173 2206 3217 et
2257 3167 2321 3218 de
2374 3165 2644 3218 communi
2702 3165 2961 3220 adversus
3011 3165 3273 3220 barbaras
3320 3166 3463 3221 Asia:

200 3259 312 3320 ζειν
332 3259 743 3328 ὁμονοίαςμῖί
775 3257 874 3328 Η.]
916 3259 1006 3310 καὶ
1061 3259 1159 3326 τῆς
1216 3259 1359 3310 κατὰ
1381 3258 1490 3310 τῶν
1535 3261 1592 3311 ὲν
1631 3258 1851 3331 Ἀσίᾳο

1807 3258 1851 3320 C
1887 3267 2072 3322 gentes
2087 3256 2429 3323 expeditione
2457 3256 2753 3322 adjuvanda
2790 3260 3006 3326 cogitet.
3037 3256 3460 3313 Panathenaicus

201 3349 502 3416 βαρϐάρων
535 3352 913 3416 συστρατείας.
963 3349 1020 3399 '0
1043 3349 1097 3400 δὲ
1128 3349 1583 3414 Παγαθηναΐκΰς
1608 3349 1784 3417 ἐγκώ-

201 3445 325 3508 μιόν
351 3441 587 3506 ἐστιτῆς
629 3440 924 3509 Ἀθηναίων
961 3442 1176 3502 πόλεως
1211 3442 1306 3492 καὶ
1329 3441 1438 3491 τῶν
1477 3442 1782 3510 προγόνων,

196 3533 254 3583 ὃν
277 3531 639 3600 ὰπᾶρξασοαι
679 3531 776 3600 μέν
806 3549 938 3601 φησι
975 3533 1317 3600 συγγράφειν
1345 3533 1667 3600 ἐνενήκοντα
1691 3532 1785 3585 καὶ

196 3625 487 3689 τεττάρων
521 3623 656 3673 ἐτῶν
687 3624 835 3690 ἄγων
861 3624 1096 3693 ἡλικίαν,
1129 3626 1282 3675 νόσου
1310 3625 1364 3676 δὲ
1391 3624 1637 3692 χαλεπῆς
1668 3643 1784 3694 τρι-

197 3715 351 3766 ετίαν
383 3713 772 3782 κατασχούσης
802 3716 858 3765 ἐν
887 3714 961 3784 τῷ
992 3715 1330 3785 ἐνενηκοστῷ
1361 3715 1573 3784 ἑϐδόμῳ
1596 3719 1674 3777 εἰς
1695 3719 1785 3768 πέ-

201 3824 300 3874 ρας
327 3807 563 3870 ἀγαγεῖν
595 3805 685 3856 τὸν
717 3807 892 3871 λόγον.
934 3807 992 3857 Ὀ
1019 3808 1075 3858 δὲ
1105 3808 1241 3872 Περὶ
1277 3806 1386 3873 τῆς
1419 3807 1782 3873 ἀντιδόσεως

199 3896 650 3964 ἐπιγραφόμενος
695 3897 852 3964 λόγος
891 3898 1168 3959 δικανικός
1192 3916 1272 3960 τις
1318 3895 1455 3950 εἶναι
1488 3900 1653 3963 δοκεῖ,
1690 3902 1782 3952 καὶ

198 3987 505 4051 ἀπολογίαν
534 3987 670 4054 ἔχων
697 3982 770 4040 ὧν
790 3989 1106 4057 Λυσίμαχος
1136 3990 1318 4053 κακῶς
1346 3987 1498 4041 εἶπεν
1539 3992 1780 4056 Ἰσοκρά-

195 4094 324 4148 την.
349 4077 485 4148 [5ἓ9
506 4075 596 4148 3.]
620 4079 724 4130 Δύο
759 4079 812 4130 δὲ
843 4082 932 4132 καὶ
953 4081 1280 4150 ὀγδοήκοντα
1313 4082 1452 4134 ἐτῶν
1486 4082 1600 4134 ὄντι
1627 4077 1782 4145 οὗτος

197 4169 349 4237 αὐτῷ
373 4170 417 4198 ⁷⁸
446 4169 698 4236 μέγιστος
742 4169 814 4221 ὢν
848 4171 955 4221 τῶν
1006 4172 1180 4224 ἄλλων
1226 4175 1252 4224 6
1286 4172 1440 4239 λόγος
1485 4175 1777 4240 συνετάγη,

194 4262 310 4312 ἔστι
342 4261 388 4312 δ’
421 4263 450 4311 6
473 4261 628 4327 λόγος
656 4263 700 4291 ⁷⁷
738 4262 1044 4331 σύμμικτος
1074 4265 1165 4314 καὶ
1204 4264 1456 4326 ποικίλος.
1505 4265 1707 4333 μᾶλλον
1744 4265 1776 4335 ἢ

193 4355 240 4404 οἱ
272 4353 427 4406 ἄλλοι
459 4369 471 4382 ·
510 4353 870 4420 παρατίθεται
908 4354 964 4405 δὲ
997 4356 1087 4407 καὶ
1125 4355 1231 4406 τῶν
1261 4355 1434 4408 ἄλλων
1486 4356 1650 4408 αὑτοῦ
1691 4357 1779 4408 λόο

193 4462 311 4510 γων
338 4447 646 4515 περικοπὰς
680 4463 851 4507 τινας,
887 4445 942 4510 ἐξ
970 4441 1043 4497 ὧν
1072 4447 1132 4498 οὐ
1165 4446 1404 4515 φθείρειν
1434 4447 1562 4510 τοὺς
1623 4446 1777 4510 νέους

190 4539 308 4591 ἀλλ’
334 4539 567 4606 ὠφελεῖν
601 4540 660 4588 τὸ
679 4540 856 4590 κοινὸν
888 4537 1255 4590 ἐπιδείκνυσιν
1290 4539 1504 4591 ἑαυτόν.
1555 4543 1773 4592 Δικανιο

191 4629 287 4690 κὸς
318 4629 373 4681 δὲ
401 4629 496 4680 καὶ
520 4630 546 4678 ὀ
566 4631 719 4694 Πρθς
746 4631 1134 4696 Καλλίμαχον
1156 4645 1168 4657 ο
1193 4630 1394 4697 ὁμοίως
1431 4630 1486 4681 δὲ
1517 4631 1606 4682 καὶ
1625 4632 1652 4682 6
1672 4632 1772 4683 Al-

190 4720 500 4787 γινητικὸς
522 4721 563 4748 ⁷⁸
597 4721 737 4787 ὑπὲρ
769 4721 968 4788 κλήρου
995 4721 1419 4788 ἀγωνιζόμενος.
1463 4720 1583 4773 Τῶν
1617 4721 1770 4774 δικα-

189 4809 358 4859 νικῶν
379 4808 434 4860 δὲ
463 4811 557 4860 καὶ
585 4812 610 4860 ὀ
644 4809 794 4874 Πρὸς
816 4811 1128 4861 Εὐθύνουν
1166 4809 1318 4876 ὑπὲρ
1356 4811 1585 4872 Νικίου,
1620 4814 1713 4862 καὶ
1743 4813 1770 4862 6

195 4899 624 4964 Τραπεᾷτικῦς,
647 4903 736 4951 καὶ
760 4901 786 4950 6
815 4899 1255 4969 ΙιρὸςΛοχίτην,
1280 4900 1491 4970 ὕϐρεως
1517 4905 1610 4953 κα).
1630 4902 1767 4973 πλη-

189 4990 301 5055 γῶν
321 4990 477 5057 δίκην
508 4991 772 5042 ἁπαιτῶν.
811 4990 965 5043 Οὖτω
1000 4991 1095 5060 μὲν
1130 4991 1222 5042 καὶ
1253 4990 1540 5053 τοσούτους
1594 4992 1763 5058 ἔγνων

1887 3347 2122 3401 laudatio
2177 3359 2255 3402 est
2306 3349 2454 3402 urbis
2507 3350 2860 3414 Athenarum,
2918 3351 3290 3420 maiorumque
3344 3352 3461 3420 ejus

1887 3439 2172 3492 illustrium
2220 3457 2235 3492 :
2292 3457 2448 3508 qnam
2513 3456 2570 3493 se
2623 3444 2859 3497 scribere
2919 3443 3030 3513 (55')
3081 3445 3309 3512 ctepisse
3362 3445 3458 3506 ait,

1885 3545 2056 3583 annos
2107 3528 2217 3596 jam
2267 3542 2446 3582 natum
2498 3545 2730 3598 quatuor
2773 3547 2826 3588 et
2870 3537 3210 3605 nonaginta;
3269 3540 3458 3592 morbo

1886 3631 2063 3672 autem
2104 3623 2250 3688 gravi
2287 3624 2571 3675 triennium
2611 3611 2859 3689 vexante,
2894 3628 3052 3680 tertio
3088 3628 3304 3682 demum
3332 3638 3457 3683 ante

1884 3714 2232 3766 centesimum
2253 3715 2427 3767 :etatis
2448 3731 2648 3768 annum
2680 3717 2744 3770 ad
2768 3719 2969 3772 exitum
2991 3734 3110 3773 eain
3141 3722 3450 3777 adduxisse.

1883 3801 2067 3857 Oratio
2107 3819 2254 3864 vero.
2307 3807 2391 3858 cui
2427 3804 2501 3858 De
2529 3809 2906 3874 permutatione
2948 3811 3156 3874 titulus,
3184 3811 3456 3879 judicialis

1883 3909 2002 3947 esse
2045 3894 2274 3956 videtur,
2299 3897 2642 3966 eontinetque
2678 3903 3044 3966 purgationem
3091 3919 3304 3965 eorum,
3334 3904 3457 3972 qui-

1885 3989 1982 4039 bus
2012 3985 2294 4040 lsocratem
2321 3987 2674 4058 Lysimachus
2705 3999 2846 4042 esset
2887 3991 3271 4045 calumniatus.
3307 3993 3454 4046 lianc

1882 4095 2024 4132 anno
2064 4079 2236 4131 relatis
2281 4080 2609 4147 octogesimo
2655 4082 2889 4133 secundo
2917 4121 2930 4146 ,
2979 4084 3284 4136 orationum
3339 4085 3452 4154 (56)

1881 4180 2192 4222 ett-terarum
2246 4172 2536 4223 maximam
2583 4177 2926 4239 conscripsit,
2962 4186 3016 4228 et
3065 4177 3277 4228 mistam
3329 4177 3452 4244 qui-

1881 4265 1998 4314 dem
2027 4277 2144 4314 eam
2176 4265 2448 4332 magisque
2476 4267 2706 4327 variam,
2732 4283 2892 4335 quam
2929 4282 2959 4320 e
2991 4269 3209 4336 reliquis
3265 4270 3448 4334 ullam,

1880 4352 2096 4405 insertis
2146 4355 2362 4423 insuper
2394 4356 2618 4410 aliarum
2647 4358 2760 4424 ejus
2808 4362 3115 4412 orationum
3155 4367 3450 4429 segmentis

1880 4442 2030 4511 (57).
2075 4445 2268 4512 quibus
2323 4463 2424 4498 non
2475 4463 2822 4518 corrmupere
2861 4466 2919 4503 se
2951 4450 3304 4513 juventutem,
3354 4457 3445 4507 sed

1881 4553 1988 4589 rem
2023 4537 2212 4602 juvare
2248 4540 2514 4608 publicam
2559 4544 2817 4595 ostendit.
2873 4543 3125 4598 Forensis
3176 4564 3324 4612 :eqttc
3365 4555 3447 4600 est

1881 4635 1932 4677 et
1965 4626 2049 4679 illa
2099 4625 2298 4679 Contra
2323 4627 2704 4682 Callimachum
2731 4646 2749 4693 ;
2781 4633 3029 4683 similiter
3059 4642 3112 4683 et
3143 4631 3446 4700 nginetica

1877 4715 1943 4768 de
1972 4716 2282 4771 haereditate
2324 4720 2671 4772 contendens.
2691 4717 3024 4774 iudiciorum
3045 4737 3263 4790 quoque
3295 4736 3442 4784 Sunt,

1878 4807 2050 4860 oratio
2087 4809 2197 4875 (58)
2225 4809 2481 4861 Adversus
2508 4808 2828 4878 Eni/ignium
2856 4827 2950 4880 pro
2982 4812 3138 4866 Nicia
3167 4825 3220 4867 et
3252 4813 3449 4883 Trape-

1875 4899 2054 4962 zitica,
2090 4908 2144 4952 et
2170 4901 2428 4952 Adversus
2467 4900 2751 4966 Lochitem,
2795 4905 3114 4972 injuriarum
3145 4905 3441 4974 plagarum-

1874 5004 1974 5056 que
2021 5005 2233 5057 poenam
2269 5005 2573 5060 reposcens.
2626 4994 2730 5048 llas
2761 4995 2976 5063 quidem
3022 4997 3275 5051 (socratis
3322 5012 3448 5051 ora—

1460 5085 1689 5140 νΛΙὶΙίΕ
1733 5083 2136 5139 LECTlONES.

256 5177 314 5248 ’_'_
332 5173 629 5248 ἐχρήσατο]
652 5177 789 5248 add.
835 5195 893 5240 ς.
919 5179 946 5230 ό
977 5179 1258 5248 Φρύνιχος.

185 5245 230 5276 ’³
262 5245 365 5314 βίῳ
417 5251 502 5298 At
560 5245 746 5315 βιϐλίῳ
796 5265 853 5310 ς.

185 5319 312 5368 add.
342 5317 412 5369 A.
491 5316 536 5345 "
570 5317 724 5385 λόγος
759 5317 853 5371 καὶ
884 5319 1060 5390 σύμμ.
1097 5319 1190 5373 xal.
1230 5322 1293 5371 Α.

1401 5179 1442 5210 "
1494 5178 1937 5248 Ἀνεγνὼσθησαν
1957 5177 2141 5232 Coraes
2170 5176 2392 5232 lsocrat.
2418 5180 2474 5240 2.
2501 5196 2551 5248 p.
2590 5179 2695 5248 μζ’.

955 5251 1003 5279 ⁷⁵
1035 5251 1340 5316 παρακαλεί
1392 5249 1478 5301 AC
1513 5267 1525 5301 :
1581 5252 1670 5302 καὶ
1699 5247 2004 5316 παρακαλεῖ
2033 5266 2096 5312 ςο

1369 5320 1414 5350 ⁷⁸
1437 5321 1698 5387 αίγινικὸς
1729 5324 1792 5370 Α.

2772 5181 2817 5212 ⁷³
2851 5182 2879 5230 6
2904 5192 3028 5233 ante
3053 5183 3180 5249 περ).
3220 5183 3344 5237 add.
3377 5183 3443 5237 Α.

2195 5249 2243 5280 ’⁵
2269 5250 2542 5318 μεσηνίων
2581 5255 2646 5306 Α.
2741 5251 2790 5282 ’⁸
2817 5251 2967 5321 αὐτῷ
2998 5254 3081 5308 A:
3116 5253 3280 5317 αὐτὸς
3324 5272 3381 5318 ς.
3419 5260 3444 5307 ό

1739 5411 1974 5466 NOTAE.

256 5500 370 5567 (52)
402 5498 572 5567 Hujus
619 5517 721 5552 non
747 5516 867 5554 esse
897 5501 1036 5556 hanc
1061 5500 1386 5563 Parzcnesiu,
1421 5501 1512 5554 sed
1544 5502 1764 5557 alterius

183 5568 800 5650 cujusdam"isocratis,
837 5573 1074 5641 disputat
1119 5575 1189 5625 M.
1241 5575 1363 5624 Ant.
1401 5570 1638 5627 Muretus
1669 5575 1760 5628 lib.

184 5642 310 5692 lcet.
360 5653 411 5689 ιιι
448 5642 555 5692 alii.

259 5710 372 5775 (55)
407 5711 515 5762 lino
551 5710 843 5776 Thebanis,
869 5727 1004 5779 pene
1035 5711 1175 5765 nulla
1200 5712 1508 5766 Cra-corum
1537 5714 1766 5766 elemen-

186 5788 364 5850 torum
402 5782 723 5843 mutatione,
763 5785 900 5834 κατὰ
930 5781 1202 5850 Θηϐαίων.
1236 5783 1320 5835 hic
1366 5785 1721 5838 it-SIitueudo.

260 5848 375 5918 (54)
421 5850 491 5906 De
539 5869 646 5920 quo
688 5853 942 5908 videndus
976 5848 1127 5910 Diod.
1179 5853 1392 5909 Siculus
1429 5853 1516 5909 lib.
1572 5869 1608 5916 ι,
1642 5871 1759 5924 i-ap.

1870 5503 1905 5556 9.
1930 5515 2188 5560 extremo.

2090 5578 2201 5650 llic.
2236 5577 2309 5650 De
2337 5587 2631 5640 senectute,
2661 5589 2714 5630 et
2751 5579 2880 5633 Luc.
2924 5583 2981 5633 ἐν
3016 5580 3345 5650 Μακρόϐιος.

1945 5647 2056 5708 (56)
2092 5645 2330 5718 Intellige
2358 5650 2712 5714 judicialium.
2764 5651 3016 5718 Alioquin
3049 5645 3290 5704 omnium
3328 5656 3410 5705 lon

1873 5715 2107 5790 gissiiuat
2131 5715 2552 5790 Pstltaiiteltﬁlt'a,
2585 5731 2636 5770 et
2670 5721 2793 5771 hinc
2822 5715 3177 5790 Panegyrico.

1943 5785 2052 5858 (57)
2079 5786 2380 5839 l’ra-sertiin
2410 5785 2772 5856 Panegyiit-ze,
2801 5803 2854 5842 et
2890 5791 2956 5844 de
2976 5785 3133 5858 pace.

1942 5857 2054 5924 (58)
2095 5858 2222 5924 Qua:
2254 5867 2304 5911 et
2353 5858 2690 5928 ’Λμαρτυρος
2723 5861 2882 5930 vulgo
2913 5857 3244 5917 inscribitur.
