4224 6446
206 401 307 465 437

1317 404 1840 467 BIBLIOTHECA.
1878 427 1950 439 —
1986 406 2151 466 COD.
2216 406 2409 466 CLIX.

3350 394 3455 459 438

206 514 335 581 ὑμῖν
360 513 770 582 πεπραγμένων
808 513 1078 578 τοσαύτας
1107 514 1172 568 ἂν
1197 517 1293 569 καὶ
1319 516 1574 578 τοιαύτας
1600 518 1770 586 ἀφορ-
1802 522 1847 580 Α

1802 522 1847 580 Α
1878 531 1997 571 cum
2038 527 2219 571 tamen
2253 518 2477 569 virtutes
2512 523 2720 568 vestras
2762 512 2980 566 laudare
3013 528 3118 565 non
3153 514 3226 567 ita
3256 525 3448 580 magna

208 602 314 672 μίας
347 604 561 661 έλαϐον.
594 604 735 657 ὥστε
759 605 859 668 τὰς
887 608 1143 677 περὶτῶν
1170 607 1345 663 ἄλλων
1371 610 1622 678 εὐλογίας
1652 614 1789 682 μηδὲ

205 697 352 748 κατὰ
384 697 582 764 μικρὸν
609 697 932 765 ἐναμίλλους
970 699 1228 765 γενέσθσι
1251 702 1317 771 τῇ
1343 701 1471 767 περὶ⁴
1503 702 1647 772 ὑμᾶς
1694 706 1790 773 ρη-

206 785 389 856 θείσ-ῃ.
414 790 541 850 Πῶς
564 788 673 858 γὰρ
695 787 761 840 ἄν
786 805 871 851 τις
902 788 935 859 ἢ
960 790 1061 859 τὴν
1082 790 1361 857 εὐγένειαν
1391 793 1789 862 ὑπερεϐάλλετο

204 877 316 929 τῶν
358 879 665 944 γεγονότων
697 879 793 947 ἀφ’
834 880 1166 949 Ἡρακλέους
1202 882 1295 934 καὶ
1327 882 1468 949 Διὸς,
1492 884 1557 953 ἢν
1589 885 1789 947 πάντες

209 968 362 1020 ῐσασι
389 968 574 1037 μόνοις
599 971 725 1038 ὑμῖν
752 969 1197 1040 ὁμολογουμένως
1223 973 1575 1044 ὑπάρχουσαν
1594 994 1605 1005 ·
1633 976 1664 1045 ἢ
1687 976 1789 1046 τὴν

206 1060 421 1129 ἀρετὴν
449 1060 558 1112 τῶν
590 1062 647 1113 ἐν
680 1061 1037 1133 Πελοπονήσῳ
1071 1062 1169 1127 τὰς
1193 1064 1429 1133 δωρικὰς
1456 1066 1638 1129 πόλεις
1671 1084 1788 1119 κτι-

211 1151 448 1213 σάντων,
516 1151 611 1203 καὶ
671 1152 771 1219 τὴν
846 1152 1029 1221 χώραν
1088 1153 1291 1220 ταύτην
1355 1157 1735 1225 κατασχόντων
1770 1171 1785 1185 ⁸

209 1239 240 1307 ἢ
308 1242 375 1291 τὸ
444 1241 651 1306 πλῆθος
717 1241 824 1294 τῶν
888 1243 1149 1296 κινδύνων
1201 1246 1441 1298 καὶτῶν
1489 1248 1786 1317 τροπαίων,

207 1330 319 1379 τῶν
420 1331 512 1383 διὰ
594 1333 693 1401 τὴν
764 1332 1035 1401 ὑμετέραν
1107 1334 1406 1403 ἡγεμονίαν
1467 1338 1564 1390 καὶ
1632 1339 1785 1406 βασι-

210 1423 363 1475 λείαν
414 1425 717 1479 σταθέντων
747 1445 760 1490 ;
799 1430 882 1491 τίς
907 1430 951 1482 δ’
983 1430 1049 1482 ἂν
1096 1431 1344 1499 ἠπόρησε
1377 1430 1627 1493 διεξιέναι
1666 1430 1787 1499 βου-

210 1513 404 1583 ληθεὶς
427 1518 529 1585 τὴν
560 1518 814 1588 ἀνδρείαν
849 1520 979 1589 ὃλην
1011 1522 1108 1587 τῆς
1140 1522 1345 1583 πόλεως
1379 1522 1472 1573 καὶ
1506 1522 1788 1593 σωφροσύο

210 1623 310 1674 νην
340 1608 439 1659 καὶ
471 1608 743 1662 πολιτείαν
771 1610 870 1679 τὴν
915 1612 1020 1664 ὑπὸ
1051 1613 1330 1682 προγόνων
1358 1611 1468 1663 τῶν
1513 1613 1789 1681 ὑμετέρων

213 1696 613 1765 συνταχθεῖσαν
638 1716 654 1763 ;
688 1700 823 1770 πρὸς
850 1699 930 1763 οἷς
958 1701 1003 1753 δ’
1036 1702 1102 1754 ἂν
1126 1702 1305 1769 λόγοις
1339 1701 1614 1769 ἐξεγένετο
1647 1704 1785 1772 χρή-

214 1789 416 1840 σασθαι
459 1792 584 1860 περὶ
614 1791 713 1861 τὴν
749 1792 1007 1861 φρόνησιν
1039 1793 1133 1846 τοῦ
1168 1794 1260 1845 σού
1296 1793 1519 1863 πατρὸς,
1548 1798 1643 1847 καὶ⁵
1688 1794 1787 1863 τὴν

1891 623 2011 662 cum
2045 606 2357 661 diﬂicultate
2399 607 2713 673 potuissem.
2742 602 2927 670 Neque
2956 604 3099 656 enim
3143 605 3205 657 de
3238 616 3356 655 meo
3385 601 3455 655 af-

1891 698 2054 761 ferre,
2087 715 2206 767 qua
2232 699 2296 751 de
2330 697 2412 750 his
2442 698 2773 759 dicerentur,
2812 708 2947 765 opus
2978 692 3210 747 fuisset:
3241 693 3460 762 quando

1890 806 1955 845 ex
1994 791 2125 859 ipsis
2165 805 2258 859 per
2297 804 2389 842 vos
2423 791 2589 856 gestis
2626 788 2811 851 rebus,
2867 787 2989 839 talis
3026 786 3156 838 mihi
3198 800 3262 838 ac
3308 793 3458 836 tanta

1892 882 2119 937 dabatur
2156 881 2407 935 laudandi
2453 880 2703 941 facultas.
2753 890 2810 932 ιιι
2849 893 2966 945 qua:
3008 877 3077 929 de
3119 878 3239 929 aliis
3267 876 3460 942 prandi-

1892 983 2087 1027 cantur
2141 973 2349 1033 laudes,
2402 987 2469 1024 ne
2522 972 2601 1025 vel
2652 970 2915 1023 tantillum
2962 984 3084 1022 cum
3130 984 3191 1019 ea
3224 965 3457 1019 conferri

1891 1064 2122 1134 possint,
2146 1078 2251 1131 qua
2280 1078 2372 1116 vos
2399 1061 2656 1116 celebrati
2702 1063 2855 1115 estis.
2890 1061 3148 1127 Quisnam
3180 1060 3324 1112 enim
3358 1057 3456 1107 ati-

1892 1152 2109 1221 quando
2141 1152 2223 1205 vel
2262 1153 2328 1205 ab
2362 1151 2594 1205 Hercule
2629 1149 2870 1218 Joveque
2917 1150 3031 1216 ipso
3062 1162 3229 1215 genus
3262 1149 3462 1197 ducen-

1893 1244 2025 1297 tium
2066 1241 2401 1295 nobilitatem
2438 1248 2676 1307 superet,
2722 1254 2881 1307 quam
2915 1252 3107 1291 omnes
3154 1252 3303 1304 a-que
3334 1252 3464 1285 rou-

1891 1334 2133 1388 sentiunt
2164 1333 2215 1385 in
2267 1332 2420 1385 vobis
2467 1332 2600 1383 solis
2631 1330 2859 1383 inveniri
2891 1347 2905 1382 :
2954 1331 3037 1381 vel
3086 1329 3337 1379 virtutem
3366 1342 3462 1377 eo-

1892 1440 2033 1483 rum.
2064 1425 2157 1492 qui
2190 1425 2409 1476 Doricas
2438 1423 2490 1475 in
2524 1420 2857 1488 Peloponneso
2893 1420 3055 1472 urbes
3081 1418 3460 1477 condiderunt,

1890 1526 2053 1580 atque
2103 1514 2241 1566 hanc
2292 1514 2565 1577 regionem
2638 1510 2946 1562 universam
3002 1516 3339 1560 tenuerunt:
3383 1508 3464 1555 vel

1891 1606 2033 1659 illam
2070 1604 2373 1670 praeliorum
2405 1612 2839 1668 troiaeorumqne
2901 1598 3319 1657 multitudinem,
3348 1613 3466 1663 quae

1889 1706 2068 1749 vestro
2103 1697 2262 1748 ductu
2295 1703 2452 1761 atque
2483 1692 2738 1759 auspiciis
2772 1691 2911 1744 facta
2944 1698 3259 1756 statutaque
3285 1699 3410 1741 sont
3442 1689 3466 1739 ?

1889 1788 2117 1853 Quinam
2150 1788 2311 1839 ctiam
2361 1785 2571 1837 dicendi
2629 1784 2850 1836 materia
2904 1784 3091 1836 deesse
3154 1781 3322 1847 possit
3389 1782 3462 1839 ei,

214 1879 273 1929 ἐν
306 1882 429 1941 ταῖς
465 1884 773 1950 συμφοραῖς
811 1882 1097 1952 διοίκησιν,
1130 1886 1223 1937 καὶ
1252 1884 1348 1953 τὴν
1380 1885 1559 1953 μάχην
1594 1884 1692 1953 τὴν
1730 1886 1789 1935 ἐν
1821 1864 1865 1922 Β

1821 1864 1865 1922 Β
1892 1876 1981 1943 qui
2026 1875 2151 1927 velit
2180 1889 2299 1927 cum
2334 1872 2702 1925 fortitudinem
2738 1885 2800 1924 ac
2840 1872 3249 1937 temperantiam
3299 1870 3464 1920 totius

213 1972 279 2038 τῇ
320 1970 480 2022 πόλει
510 1973 839 2041 γενομένην;
868 1967 973 2035 Ἧς
1013 1975 1104 2028 καὶ
1150 1974 1370 2043 ἡγεμὼν
1400 1976 1463 2027 σὺ
1496 1975 1789 2039 καταστὰς,

215 2061 312 2114 καὶ
347 2062 471 2130 μετ’
506 2063 702 2130 ὀλίγων
729 2065 863 2134 πρὸς
896 2064 1120 2127 πολλοὺς
1161 2064 1530 2127 κινδυνεύσας,
1552 2067 1645 2117 καὶ
1669 2066 1795 2118 πάν-

212 2168 328 2205 των
376 2153 695 2224 διενεγκὼν,
735 2158 904 2220 αῖτιος
952 2157 1138 2226 ἐγένου
1180 2160 1243 2228 τῇ
1288 2158 1438 2209 πόλει
1479 2158 1575 2224 τῆς
1616 2175 1793 2226 σωτη-

218 2245 367 2315 ρίας,
413 2238 477 2298 οὗ
525 2248 746 2300 κάλλιον
791 2251 950 2318 ἔργον
976 2249 1150 2311 οὐδεὶς
1180 2249 1245 2301 ἂν
1292 2248 1624 2312 ἐπιδείξειεν.
1660 2246 1796 2300 Ούτε

213 2336 325 2407 γὰρ
362 2336 551 2399 πόλεις
565 2338 725 2403 ἑλεῖν,
747 2337 869 2391 οὗτε
896 2340 1122 2402 πολλοὺς
1153 2340 1469 2392 ἀποκτεῖναι
1488 2339 1598 2390 τῶν
1636 2338 1794 2389 πολε-

214 2431 532 2498 μίων,οὓτω
564 2432 706 2501 μέγα
735 2434 829 2485 καὶ
854 2433 1047 2503 σεμνόν
1070 2436 1239 2499 ἐστιν,
1268 2431 1343 2495 ὡς
1365 2430 1472 2500 εἴη,
1498 2431 1606 2482 τῶν
1624 2429 1793 2483 τοιού-

212 2538 323 2573 των
354 2521 620 2573 κινδύνων
667 2522 840 2574 σῶσαι
871 2524 968 2592 τὴν
994 2523 1225 2593 πατρίδα
1255 2524 1329 2592 μὴ
1374 2522 1472 2592 τὴν
1498 2520 1791 2589 τυχοῦσαν,

212 2614 354 2666 ἀλλὰ
383 2614 484 2683 τὴν
514 2614 770 2667 τοσοῦτον
803 2618 888 2667 ἐπ’
916 2618 1079 2685 ἀρετῇ
1115 2614 1520 2681 διενεγκοῦσαν.
1555 2615 1689 2682 Περὶ
1719 2606 1793 2665 ὧν

216 2706 292 2775 μὴ
352 2705 603 2780 κομψῶς,
663 2706 778 2758 ἀλλ’
833 2706 1015 2768 ἁπλῶς
1065 2706 1285 2759 διελθών
1317 2722 1331 2738 ·
1370 2704 1504 2775 μηδὲ
1548 2707 1614 2773 τῇ
1657 2702 1797 2767 λέξει

213 2797 505 2865 κοσμήσας
532 2798 713 2866 μόνον,
740 2797 850 2849 ἀλλ’
886 2798 1255 2868 ἐξαριθμήσας
1279 2798 1371 2849 καὶ
1396 2798 1558 2867 χύδην
1586 2793 1755 2848 εἰπὼν
1780 2833 1795 2857 ,

212 2890 392 2950 οὐδεὶς
456 2890 607 2951 ὅστις
662 2891 761 2941 οὐκ
820 2890 887 2943 ἂν
935 2892 1370 2959 εὐδοκιμήσειεν.

1890 1968 2146 2031 civitatis,
2176 1974 2285 2019 tum
2322 1981 2350 2018 a
2378 1965 2573 2016 vestris
2596 1963 2890 2029 majoribus
2936 1962 3242 2015 iustitntmn
3282 1960 3465 2026 reipu-

1894 2059 2045 2114 bliea:
2071 2068 2269 2112 statum
2313 2053 2672 2124 percensere?
2704 2054 2871 2117 Quam
2906 2053 3030 2105 item
3076 2067 3178 2103 non
3223 2051 3466 2105 licuiSSet

1895 2150 2153 2203 adhibere
2198 2147 2499 2200 oralionem
2556 2146 2621 2197 ad
2652 2142 3029 2211 explicandam
3078 2157 3197 2195 cum
3232 2142 3468 2211 parentis

1898 2243 1972 2295 tui
2028 2241 2394 2311 prudentiam,
2432 2248 2540 2289 tum
2574 2238 2691 2304 ejus
2729 2236 2779 2288 in
2835 2236 3079 2287 adversis
3112 2234 3187 2285 rei
3223 2235 3470 2299 gerenda:

1901 2332 2192 2396 rationem,
2224 2340 2337 2383 tum
2374 2328 2527 2389 illud,
2556 2328 2697 2395 quod
2728 2340 2793 2377 eo
2828 2333 3087 2391 regnante
3124 2323 3175 2374 in
3205 2323 3313 2389 ipsa
3339 2325 3471 2374 urbe

1900 2424 2251 2478 commissum
2292 2427 2373 2473 est
2409 2418 2695 2487 prtelium?
2724 2417 2776 2469 In
2801 2432 2906 2483 quo
2936 2424 3061 2467 tunc
3088 2414 3303 2482 quidem
3331 2428 3473 2480 prce-

1902 2515 1994 2579 lio,
2027 2525 2305 2583 postquam
2342 2512 2445 2563 dux
2491 2521 2544 2561 tu
2593 2510 2709 2575 ipse
2755 2517 2971 2561 creatus
3006 2521 3128 2559 cum
3161 2505 3343 2573 paucis
3381 2504 3476 2556 ad-

1901 2623 2088 2660 versus
2128 2605 2323 2657 multos
2360 2603 2643 2670 pugnando
2691 2600 2942 2652 omnibus
2965 2596 3348 2657 antecellnisti,
3383 2610 3475 2647 ur-

1901 2701 2021 2754 bem
2060 2698 2215 2751 siuml
2258 2698 2427 2763 ipsam
2468 2696 2713 2747 servasti.
2744 2690 2861 2756 Quo
2895 2691 3021 2757 quid
3064 2706 3188 2758 prter
3210 2688 3377 2741 larius
3409 2688 3477 2739 ab

1903 2791 2011 2844 ullo
2048 2788 2225 2842 aﬂ‘erri
2278 2786 2495 2856 possit?
2542 2784 2725 2852 Neque
2777 2784 2919 2835 enim
2961 2782 3044 2835 vel
3097 2782 3257 2833 urbes
3306 2795 3476 2845 expu—

1904 2896 2090 2951 gnare,
2128 2878 2209 2931 vel
2267 2877 2498 2931 hostiqu
2548 2889 2800 2941 magnum
2849 2887 3130 2926 numerum
3168 2870 3477 2923 interimere

215 2997 477 3051 magnum
506 2985 641 3037 adeo
662 2996 767 3049 est,
806 2992 898 3035 aut
927 2982 1306 3045 honorificum,
1339 2990 1394 3033 ut
1434 2978 1532 3031 fuit
1582 2994 1612 3033 e
1652 2976 1812 3030 tantis
1871 2973 2127 3041 periculis
2182 2970 2410 3022 liberare
2464 2966 2713 3036 patriam,
2748 2980 2851 3019 non
2888 2963 3030 3018 illam
3077 2962 3350 3030 vulgarem
3382 2960 3477 3011 ali-

213 3092 408 3148 quam,
458 3077 552 3129 sed
585 3091 704 3142 quze
737 3085 1015 3142 tantopere
1042 3073 1257 3125 virtutis
1311 3086 1473 3125 causa
1516 3069 1799 3122 emineret.
1848 3063 1924 3119 De
1972 3061 2166 3133 quibus
2217 3074 2372 3113 nemo
2417 3074 2519 3109 non
2588 3056 2708 3110 dico
2773 3071 2896 3109 cum
2948 3054 3330 3112 ostentatione.
3385 3060 3478 3109 sed

214 3168 375 3234 plene
432 3168 706 3219 narrando
762 3164 1098 3228 disseruerit,
1156 3178 1256 3217 nec
1320 3177 1441 3215 cum
1508 3160 1795 3213 verborum
1850 3164 2064 3214 ornatu,
2132 3153 2223 3205 sed
2272 3150 2644 3203 enumerando
2706 3148 2987 3210 duntaxat,
3023 3160 3075 3198 et
3115 3147 3232 3197 sine
3285 3145 3482 3198 discri-

216 3262 359 3314 mine
398 3258 617 3326 quidvis
671 3256 992 3310 ell'undendo
1045 3256 1279 3316 dixerit,
1337 3253 1428 3321 qui
1472 3268 1576 3304 non
1626 3266 1688 3303 ev
1719 3264 1782 3301 eo
1812 3261 2061 3313 magnam
2094 3245 2193 3297 sibi
2226 3242 2435 3294 laudem
2465 3241 2752 3307 paraverit.

304 3350 431 3415 Εγὼ
462 3347 641 3399 τοίνυν
662 3347 907 3416 δυνηθεὶς
935 3346 999 3398 ἂν
1018 3346 1108 3397 καὶ
1128 3344 1258 3413 περὶ
1284 3342 1488 3395 τούτων
1504 3340 1793 3410 ἐξαρκούν-
1832 3342 1874 3398 C

1832 3342 1874 3398 C
1982 3334 2093 3404 Ego
2126 3336 2327 3401 itaque,
2369 3332 2460 3400 qui
2503 3330 2582 3383 vel
2616 3332 2680 3382 de
2732 3331 2813 3383 his
2858 3340 3096 3397 poleram
3149 3330 3281 3383 satis
3313 3332 3478 3381 multa

214 3460 322 3502 τως
363 3439 737 3509 διαλεχθῆναι,
767 3440 984 3491 κακεῖνο
1020 3437 1269 3504 γινώσκω
1291 3452 1303 3465 ’
1338 3435 1549 3504 πρῶτον
1581 3435 1700 3503 μὲν,
1722 3435 1802 3483 δτι

219 3536 349 3604 ῥᾷόν
375 3533 629 3602 ἐστιπερὶ
660 3531 769 3583 τῶν
798 3530 1178 3599 γεγενημένων
1202 3527 1799 3597 εὐπόρωςέπιδραμείν,

218 3629 253 3696 ἢ
286 3628 419 3695 περὶ
450 3626 558 3677 τῶν
584 3624 887 3694 μελλόντων
912 3621 1327 3689 νουνεχούντως,
1359 3618 1801 3679 εἰπεῖν.Ἕπειθ’,

217 3720 300 3772 ὅτι
337 3719 541 3778 πάντες
580 3716 856 3785 ἄνθρωποι
900 3715 1065 3765 πλείω
1117 3715 1275 3782 χάριν
1307 3712 1485 3782 έχουσι
1512 3714 1620 3773 τοῖς
1646 3712 1803 3762 ἔπαιε

219 3812 429 3873 νοῦσιν,
473 3810 652 3879 ἢτοῖς
709 3807 1157 3876 συμϐουλεύουσι.
1212 3805 1349 3866 Τοὺς
1412 3804 1509 3873 μὲν
1568 3804 1676 3870 γὰρ
1728 3803 1802 3864 ὡς

221 3904 414 3964 εῡνους
480 3901 831 3969 ἀποδέχονται
861 3916 873 3929 ·
932 3901 1057 3960 τοὺς
1099 3898 1142 3949 δ’
1189 3898 1254 3950 ἂν
1311 3895 1387 3967 μὴ
1424 3893 1804 3958 κελευσθέντες

223 3993 595 4065 παραινῶσιν,
634 3992 869 4061 ἐνοχλεῖν
897 3992 1225 4060 νομίζουσιν.

314 4086 462 4137 Ἀλλ’
480 4087 628 4154 ὅμως
658 4083 873 4136 ἅπαντα
901 4084 1071 4135 ταῦτα
1102 4080 1512 4152 προειδὼς,τῶν
1546 4082 1645 4151 μὲν
1669 4081 1805 4151 πρὸς

224 4180 387 4247 χάριν
419 4176 485 4229 ἂν
512 4175 897 4245 ῥηθησομένων
946 4175 1285 4243 ἀπεσχόμην
1318 4176 1445 4241 περὶ
1467 4174 1523 4225 δὲ
1547 4172 1805 4224 τοιούτων

227 4266 415 4334 μέλλω
476 4264 676 4331 λέγειν,
702 4265 829 4333 περ).
872 4257 946 4315 ὧν
988 4264 1159 4325 οὐδεὶς
1176 4262 1241 4316 ἂν
1277 4263 1431 4325 ἄλλος
1462 4263 1802 4333 τολμήσειεν*

223 4357 534 4426 ἡγούμενος
577 4356 685 4407 δεῖν
724 4356 847 4416 τοὺς
897 4354 1094 4427 [περὶ]
1139 4356 1437 4419 ἐπιεικείας
1471 4358 1566 4408 καὶ
1607 4356 1808 4425 φρονή-

227 4464 370 4510 σεως
396 4447 896 4514 ἁμφισὸητοῦντας,
919 4448 992 4515 μὴ
1022 4448 1147 4509 τοὺς
1166 4449 1397 4517 ρᾴστους
1428 4446 1807 4517 προαιρεῖσθαι

226 4538 339 4589 τῶν
381 4538 576 4603 λόγων,
618 4537 751 4589 ἀλλὰ
779 4540 901 4600 τοὺς
934 4540 1371 4608 ἐργωδεστόπους
1396 4557 1408 4568 ·
1454 4540 1589 4611 μηδέ
1623 4541 1747 4601 τοὺς
1774 4542 1807 4609 ἡ

225 4633 443 4693 δίστους
475 4635 586 4694 τοῖς
641 4634 946 4697 ἀκούουσιν,
973 4635 1087 4689 ἀλλ’
1131 4635 1190 4697 ἐξ
1224 4629 1298 4688 ὧν
1335 4635 1676 4704 ὠφελήσουσι
1712 4638 1809 4689 καὶ

1910 3428 2114 3482 dicere.
2150 3426 2276 3477 illud
2310 3437 2524 3491 quoque
2574 3423 2771 3482 sentio,
2827 3420 3036 3472 facilius
3066 3422 3115 3471 itt
3150 3421 3335 3487 primis
3361 3437 3483 3473 esse

1910 3520 1975 3572 de
2020 3517 2305 3586 praeteritis
2355 3515 2571 3582 copiose
2627 3516 2912 3574 disserere,
2963 3528 3122 3579 quam
3166 3514 3230 3564 de
3289 3513 3481 3565 futuris

1912 3610 2272 3670 admonendo,
2313 3610 2475 3661 verba
2522 3607 2721 3658 facere.
2762 3604 2963 3657 Omnes
3008 3606 3201 3659 deinde
3235 3606 3481 3658 homines

1913 3702 2170 3766 majorem
2206 3700 2403 3753 habere
2446 3698 2677 3767 gratiam
2714 3700 2826 3750 suis
2877 3698 3268 3758 laudatoribus,
3322 3713 3481 3764 quam

1913 3791 2133 3846 consilia
2185 3790 2616 3858 suggerentibus,
2674 3788 2890 3856 quando
2963 3788 3082 3840 illos
3133 3798 3191 3839 ιιι
3229 3789 3311 3841 sui
3369 3801 3484 3841 stu-

1913 3884 2095 3937 diosos
2127 3882 2355 3934 libenter
2388 3880 2681 3946 excipiunt,
2716 3880 2811 3931 hos
2852 3894 2995 3941 vero,
3030 3880 3073 3932 si
3116 3878 3255 3933 forte
3296 3882 3480 3949 iujussi

1913 3976 2225 4038 admonent,
2252 3988 2346 4042 pro
2381 3972 2749 4025 turbatoribus
2788 3971 3009 4024 habent.

1983 4067 2111 4129 Qua:
2149 4064 2250 4117 etsi
2288 4063 2489 4125 omnia,
2518 4064 2653 4114 satis
2703 4061 2905 4128 providi
2956 4071 3134 4121 antea,
3182 4060 3349 4114 nihilo
3408 4072 3482 4113 ta-

1915 4172 2036 4212 men
2076 4157 2254 4210 secius
2296 4155 2362 4207 ob
2396 4154 2505 4219 his,
2550 4168 2668 4221 quae
2714 4154 2778 4205 ad
2814 4155 3042 4220 gratiam
3077 4154 3365 4205 ineundattt
3400 4154 3484 4205 di-

1914 4249 2079 4303 cenda
2124 4256 2328 4309 essent,
2382 4246 2653 4297 abstinuere
2686 4245 2828 4297 volui
2857 4262 2871 4307 ;
2897 4245 2962 4299 de
3000 4246 3063 4298 iis
3113 4248 3483 4298 tantummodo

1915 4342 2177 4401 dicturus,
2209 4356 2327 4408 qua:
2364 4354 2520 4391 nemo
2576 4339 2709 4391 alios
2744 4338 2917 4390 ausit:
2955 4347 3101 4390 ratus
3142 4339 3335 4391 decere
3370 4354 3484 4400 eos,

1914 4434 2005 4503 qui
2058 4434 2122 4487 de
2165 4434 2418 4501 aequitate
2475 4441 2637 4499 atque
2680 4430 2961 4496 prudentia
3010 4445 3133 4482 cum
3190 4429 3486 4498 aequalibus

1914 4532 2143 4587 certant,
2179 4537 2514 4591 nequaquam
2562 4522 2647 4574 illa
2680 4522 2781 4575 sibi
2814 4522 3071 4589 deligere,
3122 4536 3239 4589 qua:
3269 4522 3367 4589 ipsi
3404 4521 3485 4571 fa-

1915 4616 2114 4670 cillime
2143 4616 2387 4668 oratione
2432 4614 2681 4682 persequi
2719 4614 2945 4682 possint,
2992 4612 3088 4668 sed
3116 4629 3233 4681 qua:
3262 4614 3485 4666 dillicili-

226 4726 330 4786 τὰς
367 4723 553 4787 πόλεις
599 4724 699 4787 τὰς
766 4726 963 4789 αὐτῶν,
998 4726 1094 4779 καὶ
1142 4728 1269 4788 τοὺς
1316 4694 1516 4790 ἄλλους.
1557 4727 1809 4797 ἒλληνας,
1843 4694 1886 4749 D

1843 4694 1886 4749 D
1916 4724 2001 4763 me
2050 4707 2361 4778 persuaderi
2402 4716 2638 4775 queant:
2675 4721 2849 4773 neque
2896 4722 3107 4760 rursum
3148 4721 3208 4759 ea
3243 4721 3362 4774 qua:
3390 4722 3484 4757 au-

230 4814 319 4883 ὲφ*
345 4809 544 4885 οἷσπερ
569 4815 679 4881 ἐγὼ
714 4816 968 4885 τυγχάνω
990 4815 1085 4869 νῦν
1141 4817 1478 4886 ἐφεστηκὼς.

298 5056 584 5126 Θαυμὰζω
630 5057 687 5109 δὲ
736 5058 830 5109 καὶ
877 5057 984 5109 τῶν
1050 5058 1224 5112 ἄλλων
1289 5060 1397 5111 τῶν
1458 5060 1714 5131 πράττειν
1769 5062 1802 5131 ἢ

226 5150 415 5217 λέγειν
482 5148 828 5217 δυναμένων,
888 5151 936 5203 εί
997 5150 1132 5220 μηδὲ
1201 5150 1412 5203 πώποτ’
1463 5153 1646 5215 αὐτοῖς
1714 5154 1809 5204 ἐπ-

228 5241 399 5311 ῆλθεν
430 5238 819 5309 ἐνθυμηθῆναι,
863 5241 992 5311 περὶ
1040 5242 1148 5293 τῶν
1202 5242 1396 5294 κοινῶν
1438 5248 1805 5313 πραγμάτων,

232 5334 363 5406 μηδ’
408 5332 627 5403 ἐλεῆσαι
676 5337 773 5396 τὰς
823 5335 924 5403 τῆς
974 5335 1190 5400 ἐλλὰδος
1242 5336 1578 5407 δυσπραξίας
1636 5338 1807 5400 οὕτως

230 5425 477 5494 αἰσχρῶς
500 5425 591 5477 καὶ
633 5425 821 5489 δεινῶς
857 5427 1258 5498 διατιθεμένης,
1290 5425 1399 5491 Ἦς
1422 5430 1596 5492 οὐδεὶς
1628 5448 1807 5500 παρα-

231 5516 514 5567 λέλειπται
545 5517 728 5580 τόπος,
768 5517 826 5580 ὃς
868 5518 929 5571 οὐ
964 5519 1124 5588 γέμει
1152 5520 1245 5572 καὶ
1284 5521 1480 5588 μεστός
1508 5521 1623 5573 ἐστι
1649 5522 1809 5574 πολέ-

236 5626 342 5678 μου
369 5610 465 5661 καὶ
489 5610 735 5664 στάσεων
766 5613 860 5663 καὶ
898 5613 1121 5679 σφαγῶν
1167 5614 1263 5665 καὶ
1292 5612 1479 5667 κακῶν
1503 5614 1695 5682 ἀναριο
1706 5615 1811 5683 μή-

234 5717 367 5753 των.
394 5694 493 5753 Ὠν
520 5702 773 5755 πλεῖστον
803 5703 967 5773 μέρος
993 5705 1389 5773 μετειλήφασιν
1416 5707 1464 5756 οἱ
1487 5705 1582 5773 τῆς
1628 5706 1806 5767 Ἀσίας

238 5792 339 5860 τὴν
398 5793 672 5861 παραλίαν
726 5795 1021 5859 οἰκοῦντες.
1074 5795 1180 5859 Οὓς
1234 5798 1291 5849 ἐν
1340 5798 1458 5859 ταῖς
1523 5798 1815 5867 συνθήκαις

1912 4802 2024 4855 dittt
2070 4800 2180 4853 sint
2219 4798 2637 4866 iucundissima,
2690 4799 2785 4851 sed
2806 4813 2871 4850 ex
2906 4798 3103 4865 quibus
3132 4798 3483 4850 emolumenti

1913 4890 2200 4959 plurimunt
2226 4888 2614 4953 aﬂeraut,cum
2648 4889 2960 4942 civitatibus
2989 4891 3125 4950 suis,
3148 4899 3256 4941 tum
3284 4888 3487 4943 Graecis

1915 4981 2187 5045 omnibus,
2233 4994 2464 5048 quorum
2493 4994 2593 5047 ego
2623 4980 2782 5031 modo
2822 4994 2984 5032 causa
3023 4980 3088 5030 ad
3142 4989 3193 5030 te
3252 4982 3483 5031 accessi.

1984 5070 2229 5140 Magnam
2261 5080 2437 5124 autem
2476 5070 2563 5121 hic
2600 5069 2725 5121 mihi
2762 5068 3172 5120 admirationem
3211 5070 3483 5121 concitant

1914 5164 2118 5227 caeteri,
2170 5161 2366 5230 quibus
2416 5162 2496 5212 vel
2548 5160 2738 5229 agendi
2787 5168 2891 5221 est,
2942 5161 3022 5211 vel
3060 5160 3272 5211 dicendi
3305 5160 3484 5225 aliqua

1920 5252 2167 5315 facultas,
2196 5253 2336 5319 quod
2370 5253 2510 5304 nulla
2548 5267 2782 5318 unquam
2831 5252 2893 5303 de
2916 5251 3293 5303 communibus
3328 5253 3486 5300 rebus

1916 5348 2126 5399 illorum
2183 5348 2391 5399 animos
2444 5345 2700 5412 cogitatio
2750 5346 2960 5405 subeat,
3016 5358 3188 5410 neque
3252 5342 3486 5394 inlelit'is

1916 5437 2137 5492 Cra-riae
2170 5433 2642 5489 commiseratione
2690 5434 2973 5492 dttCantur,
3030 5428 3319 5496 rujusjant
3373 5440 3481 5479 sta-

1927 5541 2010 5580 tus
2037 5526 2404 5581 miserandum
2455 5526 2504 5575 in
2540 5525 2753 5575 modum
2788 5524 2920 5575 adeo
2952 5522 3283 5571 deformatus
3317 5527 3396 5569 est
3430 5528 3485 5568 ut

1916 5618 2144 5684 angulus
2178 5620 2229 5670 in
2260 5633 2321 5672 ea
2356 5616 2531 5667 nullus
2572 5615 2892 5678 reperiatur,
2923 5612 3010 5680 qui
3063 5628 3166 5662 non
3200 5610 3482 5669 bellorum,

1913 5710 2263 5771 seditionum,
2314 5709 2564 5765 ωιιίἰιιιιι.
2596 5714 2648 5758 ιιι
2692 5706 3021 5756 ittfinilorum
3074 5704 3336 5755 malorum
3374 5703 3485 5767 ple-

1911 5816 2009 5853 nus
2058 5799 2144 5853 sit.
2180 5799 2416 5864 Quorum
2460 5801 2675 5865 quidem
2729 5805 2932 5863 partem
2984 5796 3137 5862 longe
3192 5794 3481 5846 maximam
