4224 6446
728 394 837 459 ιεθ

1923 402 2187 463 ῬΗΟΤΙΙ
2225 400 2727 463 ΡΛΤΒΙΑΠΟΗᾹΞ
2765 402 2873 461 CP.

3905 401 4016 463 ΜΟ

738 506 1010 559 sustinent
1040 506 1071 557 ii
1104 505 1193 575 qui
1226 506 1367 561 Asiae
1406 508 1678 562 maritima
1732 509 1995 572 incolunt.
2024 522 2077 565 et
2106 529 2132 563 a
2166 511 2324 565 nobis

2440 509 2666 569 ὶπαντες
2695 509 3086 577 ἐκδεδὼκειμεν
3110 510 3172 561 οὑ
3200 508 3361 579 μόνον
3379 510 3491 571 τοῖς
3520 507 3835 577 βαράρὸοις,
3868 507 4015 561 ἀλλὰ

736 597 987 651 omnibus
1019 596 1315 652 foederibus
1362 599 1588 663 exclusi,
1646 614 1753 655 non
1801 601 2045 655 barbaris
2080 612 2319 654 tantum-

740 696 900 740 modo
955 688 1202 758 gentibus
1244 690 1496 757 permissi
1524 700 1670 756 sunt,
1703 691 1796 745 sed
1839 692 1904 745 iis
1931 693 2059 746 item
2094 692 2321 755 Graecis,

736 780 826 849 qui
859 781 959 835 etsi
997 781 1170 851 lingua
1192 780 1475 834 nobiscum
1506 792 1732 836 utantur
1768 785 1984 846 eadem,
2022 800 2051 837 a
2081 787 2321 839 moribus

738 881 886 924 certe
920 872 1278 927 Barbarorunt
1330 874 1465 927 nihil
1512 875 1843 944 discrepant.
1874 876 2020 941 Quos
2048 880 2321 944 equidem,

738 964 782 1015 si
840 965 1134 1034 quidquam
1187 965 1237 1019 in
1286 966 1441 1019 ttobis
1475 980 1622 1021 esset
1656 968 1852 1021 mentis
1899 969 2188 1037 reliqttnnt,
2224 986 2324 1021 ne-

740 1072 1009 1122 quaquam
1054 1056 1359 1111 sinerentus
1403 1074 1497 1126 per
1530 1070 1735 1111 tantam
1764 1068 2003 1112 nostram
2040 1062 2321 1129 negligen-

740 1146 871 1197 tiam
924 1146 1093 1208 coire,
1156 1148 1499 1213 aquibusvis
1562 1150 1613 1201 in
1684 1150 2085 1218 expeditiOnem
2143 1150 2321 1212 educi,

744 1234 1054 1304 maioraque
1080 1247 1133 1292 et
1164 1240 1422 1292 validinra
1448 1242 1626 1309 colligi
1656 1242 1870 1310 agmina
1897 1257 1926 1294 c
1958 1243 2127 1309 vagis,
2160 1259 2323 1311 quam

743 1328 982 1397 legitimo
1039 1330 1265 1398 imperio
1319 1333 1636 1401 gubernatis
1694 1334 2027 1387 hominibus.
2062 1334 2317 1399 Quicum

741 1422 988 1485 exiguam
1024 1423 1313 1476 admodum
1356 1426 1595 1492 regionis
1634 1425 1749 1493 ejus
1794 1436 2025 1492 partem,
2060 1442 2180 1494 quae
2212 1426 2323 1494 regi

747 1520 919 1581 paret,
976 1514 1174 1567 datnne
1232 1514 1486 1579 alliciant,
1546 1515 1768 1570 Graecas
1819 1520 2018 1585 potius,
2062 1520 2125 1571 ad
2162 1535 2327 1587 quas-

744 1621 958 1672 t'ttnqtte
1005 1607 1338 1660 accesserint
1398 1609 1673 1671 civitates,
1733 1611 2039 1672 devastant,
2099 1614 2225 1665 dum
2273 1612 2324 1665 in

748 1700 831 1750 bis
874 1699 1009 1751 alios
1076 1699 1435 1763 interlicinnt,
1486 1700 1620 1753 alios
1668 1700 1780 1752 suis
1828 1703 2045 1755 sedibus
2100 1703 2324 1770 pellttut,

748 1790 883 1842 alios
916 1790 1071 1843 bonis
1111 1801 1334 1841 exuunt.
1375 1788 1558 1845 Taceo
1600 1807 1889 1860 puerorum
1935 1810 1997 1845 ac
2034 1794 2324 1847 mulierum

2429 600 2522 651 καὶ
2551 598 2659 650 τῶν
2704 598 2942 666 ὲλλήνων
2974 600 3085 659 τοῖς
3115 598 3214 665 τῆς
3239 598 3339 667 μὲν
3378 600 3562 665 φωνῆς
3588 600 3687 665 τῆς
3730 597 4016 665 ἡμετέρας

2428 690 2769 753 κοινωνοῦσι,
2802 690 2880 757 τῷ
2909 690 2965 743 δὲ
2998 691 3189 758 τρόπῳ
3218 690 3298 758 τῷ
3321 689 3432 740 τῶν
3461 688 3749 757 βαρδάρων
3792 690 4019 754 χρωμέ-

2430 801 2563 846 νοις.
2598 782 2726 845 Οὓς,
2756 784 2802 833 εἰ
2826 782 2951 834 νοῦν
2976 784 3213 850 εἴχομεν.
3236 784 3336 833 οὐκ
3368 782 3432 833 ἀν
3453 780 3799 850 περιορῶμεν
3822 780 4016 847 ἀθροι-

2432 879 2715 944 ζομένους,
2753 878 2861 928 ουδ’
2905 878 3009 928 ὑπὸ
3042 877 3150 929 τῶν
3178 877 3451 944 τυχόντων
3478 877 4016 943 στρατηγουμένων,

2427 969 2546 1019 οὐδὲ
2598 969 2815 1037 μείζους
2860 968 2953 1019 καὶ
2983 968 3262 1038 κρείττους
3300 967 3579 1030 συντάξεις
3631 967 4020 1035 στρατοπέδων

2426 1060 2758 1127 γιγνομένας
2779 1064 2842 1112 ἐκ
2865 1059 2974 1112 τῶν
3006 1060 3375 1127 πλανωμένων
3406 1060 3438 1128 ἢ
3468 1060 3925 1127 πολιτευομένων.
3952 1057 4018 1109 Οἵ

2427 1151 2527 1219 τῆς
2565 1153 2663 1219 μὲν
2702 1151 2966 1218 βασιλέως
2999 1152 3180 1220 χώρας
3209 1152 3405 1219 μικρὸν
3439 1152 3601 1219 μέρος
3635 1150 4019 1218 λυμαίνονται,

2430 1243 2528 1304 τὰς
2575 1244 2631 1295 δὲ
2682 1244 2862 1305 πόλεις
2908 1245 3002 1305 τὰς
3039 1243 3321 1311 ἑλληνίδας
3355 1246 3433 1305 εἰς
3460 1244 3526 1311 ἣν
3567 1243 3632 1295 ἂν
3675 1241 4022 1306 εἰσέλθωσιν,

2429 1337 2762 1399 ἀναστάτους
2791 1338 3065 1399 ποιοῦσιν,
3104 1340 3230 1401 τοὺς
3268 1339 3364 1406 μὲν
3408 1338 3844 1398 ἀποκτείνοντες,
3890 1336 4025 1398 τοὺς

2428 1429 2486 1480 δὲ
2523 1430 2941 1497 φυγαδεύοντες,
2985 1430 3093 1481 τῶν
3126 1431 3181 1482 δὲ
3223 1433 3321 1492 τὰς
3371 1431 3559 1492 οὐσίας
3602 1430 4020 1499 διαρπάζοντες.

2436 1520 2557 1573 Ἔτι
2598 1522 2653 1573 δὲ
2685 1522 2882 1583 παῖδας
2932 1522 3026 1574 καὶ
3072 1524 3338 1589 γυναῖκας
3385 1522 3696 1590 ὑϐρίζοντες
3734 1536 3748 1549 ·
3793 1524 3889 1573 καὶ
3921 1524 4025 1583 τὰς

2436 1614 2535 1680 μὲν
2565 1612 3019 1681 εὐπρεπεστάτας
3042 1613 3517 1680 καταισχύνοντες,
3554 1613 3662 1663 τῶν
3688 1612 3732 1663 δ’
3758 1613 3959 1675 ἄλλων,
3987 1612 4026 1664 ἃ.

2432 1703 2559 1772 περὶ
2603 1706 2715 1765 τοῖς
2764 1702 3019 1771 σώμασιν
3059 1704 3242 1773 ἔχουσι
3292 1704 3688 1773 περισπῶντες,
3744 1703 3907 1766 ὥστε,
3955 1704 4023 1766 ἃς

2432 1797 2699 1865 πρότερον
2735 1796 2855 1847 οὐδὲ
2882 1797 3302 1863 κεκοσμημένας
3323 1793 3389 1865 ἦν
3424 1796 3549 1848 ἰδεῖν
3574 1799 3685 1856 τοῖς
3717 1795 4025 1863 ἀλλοτρίοις

747 1882 978 1948 injurias
1004 1899 1017 1945 ;
1044 1892 1099 1935 et
1128 1883 1298 1934 fortua
1322 1882 1371 1935 itt
1402 1883 1485 1937 bis
1507 1885 1740 1937 maxime
1765 1896 2086 1954 praestantes
2112 1886 2320 1949 violari,

2440 1886 2634 1947 ταύτας
2662 1885 2766 1937 ὑπὸ
2795 1886 3003 1937 πολλῶν
3025 1886 3255 1955 ὁρᾶσθαι
3297 1888 3507 1955 γυμνάς
3528 1904 3541 1916 ·
3576 1886 3718 1947 ἐνίας
3748 1886 3792 1937 δ’
3839 1885 4027 1937 αὐτῶν

746 1987 973 2029 cmteras
1001 1976 1164 2029 etiam
1198 1976 1266 2029 iis
1315 1976 1515 2042 quibus
1555 1992 1782 2046 corpora
1814 1994 1910 2031 sua
1949 1988 2153 2047 tegunt,
2178 1980 2323 2042 exui,

749 2079 807 2120 ιιι
839 2067 1122 2132 nndtejatn
1158 2084 1185 2120 a
1239 2067 1421 2121 multis
1453 2070 1888 2135 conspiciantur,
1922 2086 2055 2136 quas
2088 2071 2139 2123 in
2170 2087 2325 2138 pere-

751 2160 910 2226 grina
963 2170 1118 2213 veste
1169 2170 1326 2212 antea
1383 2176 1659 2230 nunquam
1729 2177 1796 2214 ne
1844 2172 2069 2216 ornatus
2111 2164 2328 2231 quidem

752 2252 923 2321 gratia
956 2252 1210 2317 vidisses,
1248 2263 1610 2320 praaterquatn
1644 2255 1785 2322 quod
1834 2254 2028 2321 aliqua:
2060 2255 2109 2307 in
2137 2255 2333 2308 vilibus

753 2359 863 2410 prae
911 2344 1090 2412 iunpia
1146 2345 1339 2413 pannis
1412 2357 1702 2412 pereuntes
1762 2345 1981 2398 obeant.
2028 2344 2159 2410 Quae
2210 2362 2331 2398 cum

755 2443 906 2489 tanto
930 2434 1193 2489 hactenus
1235 2445 1477 2502 tempore
1522 2436 1662 2487 mala
1706 2436 1936 2499 durent;
1972 2437 2116 2488 nulla
2152 2446 2331 2491 tamen

754 2530 869 2582 btec
898 2527 977 2579 vel
1007 2528 1200 2581 civitas
1253 2542 1317 2580 ex
1347 2528 1412 2579 iis
1466 2542 1585 2595 qua:
1627 2527 1846 2581 Graecos
1888 2528 2027 2580 inter
2058 2529 2331 2597 principa-

756 2631 868 2675 tum
895 2620 1123 2684 obtinet,
1156 2620 1237 2673 vel
1274 2620 1356 2671 vir
1390 2620 1454 2671 de
1490 2620 1822 2687 principibus
1842 2621 2036 2689 aliquis
2058 2622 2339 2675 molestius

757 2712 877 2763 tulit
910 2728 922 2763 :
954 2728 1126 2765 unum.
1166 2710 1381 2778 excipio
1438 2721 1715 2777 parentem
1758 2721 1929 2762 tttttttt.
1989 2710 2147 2763 Solus
2194 2712 2337 2763 enim

757 2804 1073 2870 Agesilaus,
1132 2803 1275 2870 quod
1342 2802 1686 2861 noverimus,
1751 2802 1802 2853 in
1866 2817 2059 2869 magno
2126 2816 2345 2869 semper

760 2895 894 2947 vixit
921 2894 1209 2955 desiderio,
1253 2903 1363 2943 tum
1423 2889 1640 2943 Graecos
1694 2891 1744 2941 itt
1802 2890 2103 2942 libertatein
2166 2889 2343 2941 vindi—

759 2981 941 3042 cattdi,
978 2990 1088 3033 ttttn
1136 2980 1259 3033 belli
1316 2978 1573 3035 Barbaris
1623 2978 1910 3030 inferendi.
1958 2977 2056 3041 Qui
2090 2988 2269 3029 tattten
2292 2987 2347 3031 et

761 3073 878 3137 ipse
916 3087 1018 3123 una
1071 3071 1259 3124 saltem
1306 3071 1483 3123 adhuc
1518 3070 1570 3122 iu
1608 3086 1665 3121 re
1706 3068 1991 3121 aberrasse
2046 3070 2192 3122 visus
2237 3079 2340 3121 est.

762 3163 948 3230 Neque
986 3164 1199 3216 mireris
1233 3162 1415 3223 velim,
1442 3161 1485 3215 si
1517 3172 1694 3215 tecum
1728 3174 1827 3227 ego
1859 3158 2157 3225 disserens,
2192 3178 2341 3213 men-

764 3257 963 3310 tionem
997 3257 1191 3309 faciam
1216 3271 1427 3318 eorum,
1462 3271 1582 3323 qua:
1625 3255 1804 3308 minus
1837 3254 1926 3306 ille
1960 3264 2106 3307 recte
2146 3257 2334 3307 sensit.

2434 1982 2489 2030 ὲν
2508 1979 2641 2045 ράκε
2653 1994 2699 2029 σι
2720 1978 3235 2046 περιφθειρομένας,
3256 1979 3322 2031 δι’
3342 1980 3545 2032 ἔνδειαν
3560 1978 3669 2029 τῶν
3680 1978 4024 2043 ἀναγκαίων.

2444 2068 2613 2137 ’Υπὲρ
2644 2060 2720 2119 ὧν
2761 2069 2929 2119 πολὺν
2972 2067 3088 2135 ἧόηξ
3115 2069 3302 2137 χρόνον
3340 2068 3677 2136 γιγνομένων
3716 2066 3838 2117 οὔτε
3869 2067 4029 2128 πόλις

2432 2161 2656 2230 οὐδεμία
2700 2160 2809 2213 τῶν
2840 2162 3139 2231 προστῆναι
3165 2161 3272 2212 τῶν
3312 2161 3547 2229 ἑλλήνων
3579 2159 3847 2224 ἀξιουσῶν
3887 2161 4027 2224 ἠγα-

2434 2254 2703 2323 νάκτησεν
2731 2271 2745 2284 ·
2793 2252 2907 2307 οὔτ’
2939 2254 3077 2324 ἀνὴρ
3123 2254 3232 2305 τῶν
3276 2254 3665 2323 πρωτευόντων
3711 2254 3889 2313 οὐδεὶς
3923 2252 4025 2319 βα-

2436 2347 2576 2417 ρέως
2602 2348 2829 2416 ἤνεγκε.
2874 2347 3021 2417 Πλὴν
3055 2350 3082 2399 ὁ
3129 2347 3219 2409 σὸς
3257 2348 3459 2417 πατήρ.
3496 2346 3672 2407 Μόνος
3706 2346 3813 2415 γὰρ
3852 2346 4022 2413 Ἀγη-

2441 2440 2646 2504 σίλαος,
2672 2433 2746 2491 ῶν
2773 2442 2936 2509 ἡμεῖς
2959 2440 3138 2509 ἴσμεν,
3166 2439 3451 2508 ἐπιθυμῶν
3482 2440 3699 2491 ἅπαντα
3720 2440 3812 2490 τὸν
3833 2440 4030 2506 χρόνον

2440 2531 2708 2583 διετέλεσε
2754 2534 2884 2593 τοὺς
2925 2533 3023 2601 μὲν
3068 2533 3293 2600 ’έλληνας
3339 2530 3740 2597 ἐλευθερῶσαι,
3785 2529 3924 2597 πρὸς
3972 2530 4032 2580 δὲ

2437 2622 2563 2683 τοὺς
2604 2620 2913 2689 βαρὸἀρους
2972 2622 3207 2687 πόλεμον
3258 2620 3565 2685 ἐξενεγκεῖν
3590 2636 3604 2649 ο
3646 2619 3707 2669 ού
3757 2624 3863 2685 μὴν
3891 2618 4033 2668 ἀλλα

2442 2716 2697 2776 κάκεῖνος
2720 2716 2835 2777 ἑνὸς
2868 2714 3193 2783 πράγματος
3224 2714 3491 2782 διήμαρτε
3523 2726 3540 2743 ο
3582 2712 3676 2762 καὶ
3710 2708 3783 2777 μὴ
3813 2708 4034 2776 θαυμα-

2446 2822 2618 2868 σειας,
2665 2806 2712 2856 εἰ
2764 2805 2900 2873 πρός
2949 2822 3009 2856 σε
3051 2804 3430 2872 διαλεγόμενος
3488 2801 3872 2871 μνησθήσομαι
3922 2800 4038 2850 τῶν

2445 2897 2543 2948 οὐκ
2574 2895 2748 2963 ὀρθῶς
2788 2897 2877 2946 ὑπ’
2909 2895 3073 2948 αὐτοῦ
3104 2896 3456 2961 γνωσθέντων
3480 2910 3494 2923 ο
3534 2891 3777 2959 εἶθισμαί
3822 2904 3883 2940 τε
3923 2890 4038 2955 γὰρ

2449 2986 2587 3053 μετά
2616 2985 2933 3053 παρρησίας
2961 2986 3048 3037 ἀεὶ
3086 2984 3355 3037 ποιεῖσθαι
3384 2984 3512 3043 τοὺς
3539 2980 3751 3047 λόγους.
3794 2978 3903 3030 Καὶ
3932 2977 4039 3028 δε·-

2446 3076 2647 3144 ξαίμην
2672 3076 2737 3127 ἂν
2762 3076 2988 3137 δικαίως
3018 3076 3353 3143 ἐπιτιμήσας
3380 3072 3719 3141 ἀπέχθεσθαι
3749 3068 3973 3138 μᾶλλον,
4001 3068 4037 3136 ἢ

2446 3168 2600 3235 παρὰ
2622 3167 2683 3219 τὸ
2707 3168 2987 3238 προσῆκον
3010 3168 3302 3229 ἐπαινέσας
3331 3164 3680 3236 χαρίσασθαι.
3707 3162 3782 3215 Τὸ
3809 3161 3910 3231 μὲν
3941 3157 4043 3213 οὖν

2451 3261 2582 3327 ἐμὸν
2629 3259 2802 3321 οὕτως
2840 3262 2962 3329 ἕχον
3007 3263 3174 3314 ἐστίν.

762 3348 897 3401 Nam
943 3358 997 3399 et
1053 3347 1219 3399 libere
1262 3361 1475 3413 semper
1534 3346 1696 3398 animi
1758 3361 1912 3397 sensa
1974 3345 2219 3409 proferre
2268 3349 2454 3412 soleo,
2507 3362 2561 3405 et
2619 3354 2799 3405 malim
2866 3356 2936 3407 ob
2980 3354 3183 3422 justam
3242 3355 3720 3420 reprehensionem
3770 3347 4040 3402 invidiam

764 3441 1054 3504 sustinere,
1084 3454 1244 3507 quant
1276 3453 1371 3505 per
1415 3439 1742 3491 immeritam
1780 3438 1990 3489 laudem
2017 3439 2335 3505 gratiﬁcari.
2372 3440 2451 3493 Me
2486 3442 2647 3510 igitur
2680 3461 2798 3511 qua:
2834 3446 3125 3513 attingunt,
3156 3447 3251 3497 buc
3279 3461 3399 3497 sese
3426 3447 3583 3498 modo
3619 3444 3838 3497 habent.

837 3534 1033 3589 Verum
1084 3533 1197 3594 ille,
1235 3532 1324 3600 qui
1365 3531 1417 3585 in
1451 3532 1664 3586 czcteris
1714 3532 1849 3585 alios
1890 3533 2179 3599 superabat
2220 3550 2334 3585 οιιι-
2364 3541 2406 3595 c

765 3644 879 3692 nes,
915 3642 1040 3681 cuin
1070 3634 1217 3679 esset
1247 3624 1481 3677 maxime
1516 3635 1844 3692 temperans,
1880 3624 2126 3691 idemque
2152 3624 2338 3692 justis-

763 3723 956 3781 simus,
991 3734 1054 3773 ac
1092 3716 1399 3785 reipublica:
1442 3715 1893 3780 studiosissimus,
1927 3715 2194 3783 duplicent
2231 3730 2339 3781 pne

765 3828 824 3865 se
851 3811 970 3865 tulit
996 3811 1367 3879 cupiditatem,
1396 3808 1705 3876 praeclaram
1732 3807 1873 3859 illam
1897 3808 2108 3874 quidem
2141 3818 2338 3858 utram-

765 3919 870 3972 que
900 3919 993 3972 per
1023 3920 1102 3966 se,
1145 3912 1203 3954 ut
1233 3901 1558 3968 apparebat;
1586 3899 1675 3952 sed
1710 3899 1781 3950 ita
1812 3897 2043 3949 invicem
2076 3897 2342 3949 dissiden-

770 4007 869 4059 tes,
907 4010 1179 4062 nunquam
1214 4004 1269 4045 ut
1303 3992 1463 4045 simul
1515 3994 1685 4043 amba:
1728 3990 1915 4043 conﬁci
1964 4001 2199 4058 possent.
2237 3988 2344 4041 Cn-

771 4090 948 4156 piebat
988 4088 1168 4153 itaque
1209 4096 1262 4138 et
1293 4100 1413 4137 cum
1464 4099 1587 4152 rege
1634 4082 1968 4154 [Persarum]
2018 4083 2213 4135 bellum
2255 4096 2346 4149 ge-

768 4193 909 4241 rere,
944 4188 997 4231 et
1021 4179 1249 4240 amicos,
1282 4175 1371 4243 qui
1406 4174 1471 4227 ad
1501 4189 1560 4229 se
1592 4174 1986 4241 confugissent,
2014 4174 2065 4225 in
2099 4173 2344 4225 civitates

768 4287 896 4326 suas
919 4272 1198 4332 reducere,
1236 4284 1299 4323 ac
1328 4268 1555 4336 negotiis
1588 4268 1661 4320 ibi
1715 4267 1946 4334 publicis
1971 4282 2181 4319 summa
2223 4281 2344 4317 cum

771 4370 1036 4431 potestate
1061 4361 1353 4429 praeﬁcere.
1401 4358 1541 4427 Ergo
1584 4358 1713 4410 illud
1761 4358 1883 4410 inde
1909 4359 2256 4424 sequebatur,
2293 4365 2349 4408 ut

772 4464 825 4505 et
852 4453 919 4506 ob
950 4454 1187 4506 studium
1220 4466 1346 4519 erga
1382 4451 1539 4512 alios,
1579 4452 1629 4502 itt
1678 4451 1829 4503 bellis
1855 4466 1916 4501 ac
1949 4450 2349 4503 ealatnitatibns

772 4543 945 4597 διειδεῖ
982 4554 1352 4603 versarentur,
1396 4550 1450 4593 et
1481 4552 1699 4607 propter
1736 4553 1978 4593 exortatn
2014 4542 2135 4595 inde
2170 4558 2347 4595 rerum

776 4635 1260 4703 perturbationem,
1301 4648 1478 4698 neque
1512 4634 1605 4685 otii
1660 4632 1813 4695 satis,
1848 4649 2019 4699 neque
2054 4634 2245 4685 virium
2285 4634 2350 4684 atl

779 4727 1118 4780 lacessemlos
1165 4726 1305 4779 bello
1354 4725 1624 4781 Barbarus
1686 4725 2005 4777 invenirent.
2052 4725 2228 4789 Quare
2271 4724 2351 4778 vel

778 4836 841 4875 ex
895 4822 959 4874 iis
1011 4835 1129 4887 qua:
1176 4829 1302 4871 tunc
1362 4816 1623 4886 temporis
1686 4817 2046 4884 contigerunt,
2114 4834 2218 4871 non
2272 4829 2353 4871 est

780 4912 993 4966 difficile
1025 4910 1344 4975 intelligere,
1380 4922 1484 4959 non
1524 4908 1777 4975 expedire
1810 4907 1826 4975 (
1860 4910 1945 4960 ubi
1986 4920 2129 4962 recta
2164 4911 2351 4962 Saltem

780 5004 1061 5059 obtineant
1098 4999 1360 5067 consilia)
1400 4999 1593 5051 bellum
1623 4998 1822 5052 inferre
1852 5000 1961 5068 regi
1994 5000 2157 5066 prius.
2193 5018 2352 5067 qnatu

782 5096 1000 5149 Cra-cos
1042 5094 1309 5163 quispiam
1353 5092 1491 5146 inter
1539 5107 1597 5145 se
1635 5092 1955 5146 conciliatos
1990 5094 2055 5145 ab
2092 5094 2191 5146 line
2221 5110 2353 5147 con-

786 5189 1037 5242 tendendi
1073 5192 1253 5239 lurore
1285 5185 1597 5240 abduxerit.
1632 5186 1748 5249 Qua
1781 5186 1845 5236 de
1880 5200 1954 5249 re,
1993 5197 2049 5238 ιιι
2072 5187 2209 5238 alias
2242 5190 2353 5240 dis-

783 5287 950 5345 serui,
1019 5284 1089 5335 ita
1174 5294 1348 5346 neque
1414 5278 1573 5329 modo
1650 5278 2035 5344 snpersedebo.
2120 5277 2355 5333 Tametsi

784 5378 1017 5430 maxime
1056 5373 1275 5443 quidam
1334 5388 1397 5424 ex
1449 5371 1513 5424 iis
1548 5373 1635 5439 qui
1691 5370 1823 5422 alios
1874 5372 2067 5424 ducere
2100 5387 2156 5424 se
2204 5389 2360 5440 posse

785 5469 1123 5537 pollicentur,
1153 5482 1274 5520 cutn
1302 5466 1409 5516 sint
1455 5465 1552 5530 ipsi
1585 5465 1843 5516 doctrina:
1879 5465 2056 5516 munis
2088 5476 2359 5531 expertes,

786 5572 840 5631 et
874 5575 988 5612 mea
1036 5574 1259 5625 carpere
1300 5557 1523 5620 audent,
1560 5572 1677 5623 qua:
1713 5566 1887 5607 tamen
1920 5556 2119 5617 imitati
2150 5557 2363 5609 deside-

790 5659 929 5710 rant,
962 5650 1191 5702 amentis
1220 5647 1443 5700 forsitan
1478 5662 1595 5701 esse
1624 5648 1829 5709 dicant,
1863 5649 2005 5715 quod
2034 5646 2254 5701 Cra‘cite
2281 5662 2366 5701 tne

791 5740 1154 5795 calamitatum
1208 5754 1336 5790 cura
1395 5747 1579 5807 tangat
1627 5737 1827 5804 aliqua,
1874 5737 2025 5805 quasi
2068 5755 2184 5791 mea
2240 5753 2365 5791 ora-

791 5832 935 5885 tione
965 5831 1149 5885 tnciius
1186 5846 1309 5885 cum
1356 5830 1443 5884 illa
1479 5829 1561 5899 agi
1613 5831 1862 5900 deiuu‘ps
1904 5832 2073 5900 pos;it
2097 5842 2186 5886 aut
2219 5834 2360 5888 dttc-

2520 3538 2757 3599 Ἐκεῖνος
2782 3538 2824 3589 δ’
2842 3539 2899 3589 ὲν
2923 3537 3094 3591 ἅπασι
3121 3542 3233 3597 τοῖς
3264 3539 3442 3601 ἄλλοις
3480 3536 3795 3604 διενεγκὼν,
3827 3537 3923 3589 καὶ
3947 3552 4044 3602 γε-

2445 3630 2669 3697 νόμενος
2693 3631 3144 3699 ἐγκρατέστατος,
3173 3632 3265 3682 καὶ
3292 3631 3649 3691 δικαιότατος,
3670 3632 3764 3682 καὶ
3793 3629 3997 3695 πολεμι
4018 3657 4040 3667 ο

2443 3718 2704 3779 κώτατος,
2732 3719 2913 3780 διττὰς
2950 3719 3104 3787 ἔσχεν
3127 3719 3443 3785 ἐπιθυμίας.
3496 3720 3677 3788 Χωρ“ις
3710 3719 3806 3785 μὲν
3840 3717 4041 3769 ἑκατέ-

2444 3826 2544 3878 ραν
2566 3808 2732 3877 καλὴν
2748 3805 2885 3861 εἶναι
2906 3809 3184 3867 δοκοῦσαν.
3200 3812 3260 3861 ού
3283 3809 3572 3877 συμφωνού
3582 3827 3675 3869 σας
3691 3809 3735 3859 δ’
3750 3808 4043 3877 ἀλλήλαις,

2443 3901 2549 3952 οὐδ’
2568 3900 2683 3968 ἅμα
2702 3903 3036 3970 πράττεσθαι
3055 3901 3359 3969 δυναμένας
3380 3919 3393 3931 ·
3422 3900 3680 3969 ἠϐούλετο
3704 3900 3812 3967 γὰρ
3828 3898 4041 3966 βασιλεῖ

2444 4010 2504 4044 τε
2546 3992 2825 4061 πολεμεῖν,
2861 3994 2955 4045 καὶ
2986 3992 3094 4043 τῶν
3124 3992 3295 4060 φίλων
3328 3993 3455 4054 τοὺς
3490 3993 3793 4060 φεύγοντας
3823 3992 3906 4053 εἰς
3942 3992 4044 4051 τὰς

2446 4083 2633 4144 πόλεις
2692 4085 3047 4149 καταγαγεῖν,
3102 4083 3196 4133 καὶ
3244 4084 3470 4152 κυρίους
3531 4074 3873 4148 καταστῆσαι
3929 4079 4041 4131 τῶν

2448 4173 2813 4244 πραγμάτων.
2866 4174 3186 4225 Συνέϐαινεν
3229 4170 3321 4225 οὖν
3373 4176 3435 4225 lx
3490 4174 3589 4240 μὲν
3632 4173 3731 4241 τῆς
3779 4189 4046 4240 πραγμα-

2449 4266 2620 4328 τείας,
2658 4269 2755 4334 τῆς
2790 4267 2931 4335 ὑπὲρ
2954 4266 3059 4317 τῶν
3083 4266 3306 4333 ἑτέρων,
3339 4270 3396 4317 ὲν
3426 4268 3615 4327 κακοῖς
3644 4265 3736 4317 καὶ
3761 4264 4041 4326 κινδύνοις

2452 4354 2593 4410 εἶναι
2632 4358 2756 4419 τοὺς
2788 4357 3012 4427 ἑλληνας
3034 4374 3047 4387 ·
3095 4358 3181 4409 διὰ
3214 4357 3269 4408 δὲ
3298 4360 3397 4427 τὴν
3425 4356 3691 4425 ταραχὴν,
3721 4355 3821 4425 τὴν
3847 4355 4043 4409 ἐνθάδε

2451 4450 2800 4518 γιγνομένην,
2838 4450 2910 4517 μὴ
2950 4449 3143 4517 σχολὴν
3172 4448 3327 4513 ἄγειν
3349 4489 3361 4507 ,
3416 4448 3551 4515 μηδὲ
3580 4446 3842 4498 δύνασθαι
3875 4448 4044 4499 πολε-

2456 4541 2578 4607 μεῖν
2604 4541 2715 4598 τοῖς
2751 4539 3064 4609 βαρϐάροις.
3109 4540 3260 4590 Ὠστ’
3294 4541 3358 4590 ἐκ
3398 4537 3508 4588 τῶν
3550 4536 3666 4587 κατ’
3697 4536 3910 4587 ἐκεῖνον
3950 4537 4042 4588 τὸν

2456 4632 2647 4700 χρόνον
2678 4633 2859 4701 ῥᾴδιον
2910 4630 3266 4697 καταμαθεῖν,
3318 4631 3397 4681 ὅτι
3433 4628 3515 4681 δεῖ
3539 4629 3667 4690 τοὺς
3696 4627 3876 4696 ὀρθῶς
3919 4628 4044 4697 βου-

2456 4723 2783 4788 λευομένους
2832 4724 2905 4791 μὴ
2944 4724 3207 4793 πρότερον
3235 4722 3488 4791 ἐκφέρειν
3513 4722 3647 4792 πρὸς
3677 4721 3906 4789 βασιλέά
3942 4721 4047 4772 πό-

2457 4816 2642 4883 λεμον,
2673 4815 2799 4882 πρὶν
2825 4815 2888 4866 ἂν
2918 4814 3171 4884 διαλλάξῃ
3196 4831 3277 4875 τις
3306 4815 3429 4875 τοὺς
3458 4812 3703 4881 ἒλληνας.
3741 4812 3832 4863 καὶ
3853 4810 4046 4882 παύσῃ

2462 4909 2559 4977 τῆς
2593 4908 2785 4973 μανίας
2824 4908 2919 4958 καὶ
2952 4907 3050 4973 τῆς
3077 4905 3436 4973 φιλονεικείας
3461 4906 3630 4971 ἡμᾶς.
3666 4904 3799 4971 Περὶ
3828 4898 3898 4971 ἧς
3932 4904 4046 4969 ἐγὼ

2464 5002 2854 5071 καὶπρότερον
2911 5002 3128 5070 εἴρηκα,
3176 4999 3271 5049 καὶ
3316 4997 3411 5048 νῦν
3443 4999 3743 5065 ποιήσομαι
3786 4995 3916 5055 τοὺς
3960 4994 4045 5045 λδ⁹

2463 5110 2612 5160 γους.
2676 5092 2783 5145 Καί
2830 5092 2912 5143 τοί
2968 5106 3112 5151 τινες
3168 5088 3275 5139 τῶν
3332 5088 3596 5157 μηδεμιᾶς
3662 5086 3762 5155 μὲν
3791 5084 4046 5145 παιδείας

2466 5182 2902 5253 μετεσχηκότων,
2953 5179 3211 5233 δύνασθαι
3261 5180 3317 5231 δὲ
3362 5177 3637 5231 παιδεύειν
3677 5176 3804 5238 τοὺς
3847 5174 4044 5237 ἄλλους

2468 5274 2908 5343 ὑπισχνουμένων
2928 5312 2943 5335 ,
2983 5274 3069 5323 λαὶ
3098 5271 3284 5339 ψέγειν
3326 5270 3423 5338 μὲν
3454 5271 3521 5320 τὰ
3543 5268 3651 5335 ἐμὰ
3684 5265 4042 5335 τολμώντων,

2470 5366 2753 5437 μιμεῖσθαι
2798 5365 2853 5417 δὲ
2904 5364 3241 5434 γλιχομένων
3274 5379 3287 5392 ·
3341 5362 3481 5430 τάχα
3548 5361 3612 5413 ἂν
3664 5360 3862 5429 μανίαν
3905 5354 4044 5409 εἶναι

2468 5462 2697 5530 φήσαιεν
2731 5458 2792 5510 τὸ
2827 5458 3010 5529 μέλειν
3044 5458 3166 5525 ἐμοὶ
3193 5456 3302 5507 τῶν
3332 5455 3429 5523 τῆς
3471 5453 3685 5514 ὲλλάδος
3721 5450 4041 5519 συμςορῶν,

2467 5554 2654 5623 ὥσπερ
2680 5554 2834 5621 παρὰ
2860 5552 2985 5615 τοὺς
3044 5551 3210 5617 ἐμοὺς
3240 5550 3431 5616 λόγους
3488 5548 3519 5617 ἢ
3555 5547 3759 5613 βέλτιον
3797 5544 3828 5614 ἦ
3866 5548 4047 5613 χεῖρον

2468 5647 2637 5714 αὐτὴν
2674 5642 2985 5715 πράξουσαν
3016 5659 3028 5671 ·
3074 5636 3149 5694 ῶν
3196 5642 3418 5703 δικαίως
3458 5640 3523 5692 ἂν
3559 5639 3795 5700 ἅπαντες
3843 5636 4048 5703 πολλὴν

2472 5737 2761 5808 ἀνανδρίαν
2809 5736 2902 5789 καὶ
2946 5734 3316 5805 μικροψυχίαν
3371 5733 3689 5799 καταγνοῖεν
3738 5730 3820 5781 ὅτι
3877 5744 4047 5797 προσ-

2479 5831 2787 5901 ποιούμενοι
2833 5829 3172 5897 φιλοσοφεῖν,
3207 5827 3356 5879 αὑτοὶ
3383 5825 3479 5896 μὲν
3512 5826 3603 5877 in".
3648 5824 3867 5892 μικροῖς
3895 5818 4040 5888 χηλο-
