4224 6446
194 384 293 450 441

1332 386 1850 447 BIBLIOTIIECA.
1888 410 1960 423 -
1996 388 2161 451 COD.
2195 390 2360 451 CLX-

3342 383 3451 447 442

194 498 478 568 τιμοῦνται
519 514 535 529 ·
566 498 694 559 τοὺς
731 496 789 548 δέ
832 494 1158 564 δυναμένους
1193 498 1320 565 περὶ
1356 496 1462 549 τῶν
1494 499 1763 566 μεγίστων
1794 500 1843 555 Α

1794 500 1843 555 Α
1875 497 2008 552 rius.
2066 499 2211 564 Quos
2270 499 2467 553 merito
2520 513 2652 553 sano
2694 498 2869 567 pusilli
2924 497 3109 563 nimis,
3148 510 3211 552 ac
3258 512 3445 565 parum

196 583 587 656 συμϐουλεύειν
624 582 944 651 φθονοῦντες
972 582 1325 636 διατελοῦσιν.
1364 578 1522 638 Οὗτοι
1549 585 1645 653 μὲν
1672 580 1764 637 οὖν

197 675 522 745 βοηθοῦντες
572 677 692 737 ταῖς
735 672 913 726 αὐτῶν
953 671 1277 734 ἀσθενείαις,
1326 673 1419 725 καὶ
1470 673 1765 743 ῥᾳθυμίαις

197 768 325 827 ἴσως
363 764 572 818 τοιαῦτ’
626 762 859 832 ἐροῦσιν.
908 762 1048 829 Ἐγὼ
1093 762 1148 815 δὲ
1192 761 1364 817 οὕτως
1418 763 1504 814 ἐπ’
1543 763 1767 834 ἐμαυτῷ

199 860 341 926 μέγα
385 856 587 926 φρονῶ,
625 856 825 925 καίπερ
863 856 955 924 ἐτη
991 854 1226 923 γεγονὼς
1265 856 1622 923 ὀγδοήκοντα,
1676 858 1769 907 καὶ

194 949 547 1001 παντάπασιν
594 944 950 1015 ἀπειρηκὼς,
1030 944 1170 997 ὥστε
1232 939 1384 1012 οἶμαι
1446 946 1539 995 καὶ
1593 944 1769 1009 λέγειν

194 1039 319 1107 ἐμοὶ
373 1038 671 1105 προσήκειν
720 1035 954 1103 μάλιστα
1007 1034 1135 1103 περὶ
1184 1034 1409 1097 τούτων,
1455 1035 1546 1085 καὶ
1591 1034 1771 1095 καλῶς

197 1128 589 1198 βεδουλεῦσθαι
627 1130 761 1197 πρὸς
795 1128 853 1179 σὲ
886 1126 1205 1195 ποιούμενον
1250 1126 1374 1183 τοὺς
1405 1126 1593 1193 λόγους
1621 1143 1633 1155 ·
1680 1128 1772 1178 καὶ

194 1224 357 1292 τυχὸν
390 1221 484 1273 ὑπ’
513 1221 691 1273 αὐτῶν
714 1217 1042 1287 γενήσεσθαί
1068 1234 1118 1269 τι
1142 1217 1249 1273 τῶν
1280 1217 1526 1271 δεόντων.
1581 1216 1773 1282 Ἡγοῦ-

199 1330 296 1378 μαι
334 1311 393 1364 δὲ
427 1313 519 1363 καὶ
547 1313 672 1372 τοὺς
703 1309 896 1370 ἄλλους
926 1308 1175 1376 ἓλληνας,
1221 1309 1266 1359 εἰ
1301 1307 1537 1375 δεήσειεν
1579 1308 1773 1369 αὐτοὺς

195 1403 253 1468 ἐξ
302 1404 564 1456 ἁπάντων
622 1400 937 1463 ἐκλέξασθαι
978 1400 1069 1451 τόν
1116 1416 1174 1451 τε
1219 1399 1468 1467 τῷλόγῳ
1516 1398 1775 1451 κάλλιστα

192 1496 497 1564 δυνηθέντα
543 1492 924 1562 παρακαλέσαι
957 1491 1083 1552 τοὺς
1132 1490 1359 1559 ἑλληνας
1403 1492 1493 1543 ἐπὶ
1540 1490 1636 1559 τὴν
1668 1490 1776 1541 τῶν

196 1586 495 1655 βαρὸἀρων
536 1584 848 1653 στρατείαν,
894 1582 1098 1634 καὶτὸν
1133 1583 1360 1649 τάχιστα
1392 1582 1651 1649 μέλλοντα
1680 1580 1778 1643 τὰς

196 1678 433 1745 πράξεις
494 1676 763 1727 ἐπιτελεῖν
835 1674 933 1735 τὰς
999 1674 1300 1741 συμ·,;ἐρειν
1354 1672 1627 1735 δοξασας,
1678 1670 1778 1722 οὐκ

193 1772 258 1823 ἂν
286 1771 489 1831 ἄλλους
519 1768 635 1821 ἀνθ’
672 1767 828 1837 ἡμῶν
857 1766 1239 1837 προκριθῆναι.
1276 1765 1382 1817 Καί
1416 1781 1495 1815 τοι
1537 1764 1653 1827 πῶς
1680 1764 1778 1816 οὐκ

1870 588 2044 642 virilis
2076 589 2239 641 animi
2286 604 2476 643 omnes
2520 604 2673 658 aeque
2714 600 3006 654 censeant;
3058 591 3201 658 quod
3228 604 3288 642 se
3319 588 3443 657 phi-

1869 679 2121 747 losophos
2146 680 2479 746 jactitantes,
2517 698 2621 734 non
2654 682 2825 735 solum
2881 682 2978 750 ipsi
3009 681 3187 749 parvis
3221 694 3251 733 ο
3285 678 3447 732 rebus

1869 770 2147 839 gloriolam
2181 772 2414 841 aliquam
2452 782 2740 836 venentur,
2772 774 2862 825 sed
2916 773 3037 825 aliis
3077 786 3313 840 quoque,
3354 769 3447 837 qui

1868 861 1936 915 de
1986 862 2279 928 majoribus
2305 864 2529 917 consilia
2570 879 2860 933 suggerere
2888 864 3117 932 possint,
3153 879 3257 914 non
3294 862 3445 915 desi-

1872 964 2001 1006 nant
2046 954 2304 1009 invidere.
2351 955 2525 1023 Atque
2570 956 2645 1008 illi
2695 956 2929 1023 quidem,
2980 954 3334 1008 imbecillitati
3394 964 3450 1007 et

1876 1045 2102 1114 ignavia:
2129 1049 2492 1111 obsequentes
2520 1062 2628 1100 suae
2674 1046 2803 1099 talia
2843 1045 3023 1099 forsan
3058 1045 3250 1097 dicturi
3284 1052 3447 1098 sunt:

1871 1151 1970 1204 ego
2007 1152 2156 1201 vero,
2205 1152 2511 1205 quanquam
2562 1137 2952 1204 octogesimum
2999 1136 3108 1204 jam
3168 1144 3324 1187 natus
3355 1149 3453 1186 an-

1875 1242 2001 1279 nmn
2046 1226 2259 1296 penitus
2308 1228 2498 1293 deieci,
2539 1227 2823 1295 magniﬁce
2875 1236 3051 1279 tamen
3094 1225 3229 1278 adeo
3261 1226 3327 1277 de
3358 1240 3444 1277 me

1873 1314 2049 1366 adhuc
2077 1315 2269 1374 sentio,
2301 1324 2356 1365 ut
2386 1323 2566 1382 putem
2598 1327 2702 1365 non
2746 1323 2950 1365 tantum
3003 1312 3105 1365 mei
3141 1312 3222 1365 vel
3254 1312 3306 1363 in
3338 1310 3453 1378 pri-

1876 1406 1979 1459 tnis
2010 1406 2179 1459 fuisse
2219 1407 2459 1459 muneris
2488 1408 2553 1460 de
2591 1407 2673 1459 his
2705 1406 2907 1465 dicere.
2938 1408 3031 1457 sed
3062 1404 3224 1457 etiam
3267 1411 3449 1457 tecum

1878 1498 2083 1566 agendo
2130 1497 2385 1563 praeclara
2434 1496 2767 1565 suggessisse
2820 1495 3070 1554 consilia.
3121 1510 3183 1547 ac
3221 1492 3453 1547 fortasse

1878 1602 1974 1654 per
2006 1589 2115 1640 haec
2144 1588 2323 1656 aliqua
2360 1599 2503 1641 recte
2529 1604 2650 1641 esse
2688 1588 2941 1654 gerenda.
2981 1586 3120 1651 Quin
3146 1597 3196 1637 et
3224 1596 3454 1638 cmteros

1878 1690 1977 1743 ego
2003 1674 2219 1729 Graecos
2264 1677 2535 1739 existimo,
2581 1676 2626 1729 si
2680 1691 2743 1728 ex
2792 1678 2935 1727 omni
2966 1691 3190 1728 suorum
3225 1688 3454 1726 numero

1881 1767 2143 1832 deligendi
2173 1768 2302 1835 ipsis
2332 1778 2663 1830 cssent,cutn
2685 1768 2774 1835 qui
2799 1765 3015 1821 Graecos
3045 1774 3224 1834 posset
3250 1766 3455 1833 ομιίιιιιι

194 1865 261 1913 ἂν
314 1861 549 1929 αἰσχρὸν
587 1862 936 1927 ποιήσαιμεν,
989 1855 1160 1919 οὕτως
1203 1855 1439 1923 ἐντίμων
1478 1855 1668 1916 ὄντων,
1707 1847 1781 1908 ὧν
1814 1851 1853 1905 Β

1814 1851 1853 1905 Β
1884 1857 2129 1909 oratione
2152 1872 2246 1909 sua
2284 1858 2511 1911 incitare
2537 1858 2601 1910 ad
2635 1859 2960 1912 invadendos
2985 1858 3123 1911 bello
3156 1856 3450 1921 Barbaros,

195 1954 440 2015 ἅπαντες
470 1951 536 2003 ἂν
570 1952 715 2018 ἡμᾶς
736 1949 1055 2015 ἀξιώσειαν;
1093 1949 1154 2000 τὸ
1198 1948 1294 2016 μὲν
1341 1944 1436 1999 οὖν
1470 1948 1600 2015 ἐμὸν
1629 1949 1782 1999 ἐλατ-

192 2046 284 2097 τόν
319 2049 476 2096 ἐστιν
504 2059 519 2072 ⁸
560 2042 940 2111 ἀποφήνασθαι
966 2042 1074 2110 γὰρ
1102 2040 1137 2094 ἃ
1168 2041 1425 2107 γινώσκει
1459 2059 1563 2105 τις,
1593 2041 1653 2092 οὐ
1682 2042 1784 2093 πά-

194 2154 256 2185 νυ
298 2135 412 2185 τῶν
461 2130 717 2200 χαλεπῶν
768 2131 1000 2197 πέφυκε.
1046 2131 1137 2181 Σοὶ
1174 2130 1230 2181 δὲ
1296 2131 1563 2197 προσήκει
1614 2148 1781 2199 προσ-

194 2225 374 2293 έχοντι
398 2223 491 2274 τὸν
516 2221 639 2273 νοῦν
659 2223 770 2283 τοῖς
795 2218 1033 2288 ὑπ’ἐμοῦ
1058 2219 1369 2287 λεγομένοις
1396 2218 1783 2287 βουλεύσασθαι

194 2313 437 2380 πότερον
485 2308 851 2378 ὀλιγωρητέον
893 2308 1010 2358 ἐστὶ
1052 2305 1161 2357 τῶν
1192 2305 1489 2373 ἑλληνικῶν
1525 2308 1786 2375 πραγμά-

194 2423 327 2464 των,
364 2403 617 2469 γεγονότι
658 2401 756 2469 μὲν
788 2398 975 2468 ὧσπερ
1006 2398 1172 2467 ὀλίγῳ
1208 2398 1470 2467 πρότερον
1507 2397 1616 2465 ἐγὼ
1639 2398 1787 2467 διῆλ-

197 2498 286 2549 θον
319 2513 334 2527 ·
391 2494 624 2563 ἡγεμόνι
650 2481 721 2544 ’δὲ
772 2490 1203 2559 λακεδαιμονίων
1252 2490 1367 2541 ὄντι
1406 2504 1419 2516 ·
1476 2488 1685 2557 βασιλεῖ
1730 2488 1787 2541 δὲ

198 2586 735 2655 προσαγορευομένῳ
770 2599 785 2614 ⁸
829 2582 1093 2651 μεγίστην
1124 2582 1181 2635 δέ
1213 2579 1321 2633 τῶν
1348 2581 1584 2650 ἐλλήνων
1611 2580 1787 2649 ἔχοντι

195 2678 355 2741 δόξαν
386 2693 402 2706 ·
459 2677 492 2747 ἢ
534 2676 642 2728 τῶν
676 2676 776 2743 μὶν
833 2671 1145 2726 ἐνεστώτων
1229 2673 1569 2741 πραγμάτιον
1621 2673 1789 2743 ὑπερ-

196 2770 416 2830 οπτέον,
458 2768 670 2836 μείζοσι
701 2765 745 2817 δ’
776 2766 1172 2836 ἐπιχειρητέον.
1204 2762 1344 2828 Ἐγὼ
1388 2763 1485 2831 μὲν
1513 2763 1621 2830 γάρ
1647 2780 1787 2830 φημι

198 2854 401 2924 χρῆναι
436 2870 495 2905 σε
524 2854 742 2905 πάντων
771 2854 1043 2921 ἀφέμενον
1070 2851 1178 2903 τῶν
1201 2851 1394 2913 ἄλλων,
1417 2851 1561 2902 δυοῖν
1580 2851 1789 2903 τούτοιν

200 2946 498 3014 προσέχειν
526 2946 616 2996 τὸν
660 2945 783 2997 νοῦν
822 2961 834 2973 ·
866 2945 1012 3004 ὅπως
1050 2945 1177 3004 τοὺς
1226 2942 1324 3010 μὲν
1356 2941 1586 3011 ἓλληνας
1618 2943 1790 2995 ἀπαλο

198 3036 369 3103 λάξῃς
432 3036 544 3087 τῶν
602 3036 875 3103 πολέμων,
922 3033 1018 3086 καλ⁵
1056 3034 1165 3085 τῶν
1205 3034 1379 3085 ἄλλων
1425 3033 1633 3093 κακῶν.
1684 3034 1791 3085 τῶν

200 3129 296 3180 νῦν
325 3130 519 3188 αὐτοῖς
580 3129 864 3196 παρόντων
892 3143 906 3157 ·
955 3127 1080 3189 τοὺς
1124 3126 1179 3178 δὲ
1225 3125 1531 3195 βαρϐάρους
1575 3127 1789 3196 παύσῃς

1885 1957 1995 1998 tum
2056 1947 2147 2012 qui
2206 1948 2489 2003 celerrime
2570 1950 2835 2003 conﬁcere
2880 1959 3092 2016 posset,
3156 1963 3274 2016 qua
3354 1950 3455 1999 nti-

1882 2036 2005 2091 liter
2036 2044 2265 2108 gerenda
2294 2042 2620 2105 viderentur,
2671 2042 2843 2094 nullos
2876 2042 3097 2094 omnino
3132 2041 3266 2092 alios
3300 2040 3454 2092 nobis

1882 2134 2283 2200 pneposituros.
2326 2134 2388 2187 Et
2435 2149 2562 2187 vero
2600 2136 2865 2203 qttntllodo
2898 2149 3003 2186 non
3067 2132 3269 2201 alioqui
3335 2140 3454 2183 tur-

1885 2240 2001 2292 pem
2033 2238 2254 2291 prorsus
2290 2240 2400 2279 rem
2445 2228 2919 2287 connnittetemus,
2981 2240 3104 2278 cum
3158 2222 3455 2276 honorilica

1887 2318 2063 2371 lorcnt
2098 2320 2231 2370 adeo
2264 2318 2374 2381 illa,
2430 2319 2630 2387 quibus
2671 2334 2766 2371 nos
2791 2320 3029 2371 omnium
3054 2316 3260 2385 judicio
3290 2330 3456 2367 orna—

1888 2410 2110 2460 remur?
2158 2410 2267 2462 Etsi
2318 2429 2346 2462 a
2392 2426 2474 2463 tne
2514 2411 2656 2479 quod
2692 2411 2958 2479 prolicisci
2997 2420 3193 2479 potest,
3230 2407 3459 2461 minoris

1887 2499 1940 2553 id
1967 2517 2098 2553 sane
2122 2502 2378 2555 momenti
2421 2514 2529 2567 est;
2565 2518 2685 2555 cum
2723 2519 2835 2557 non
2868 2504 2939 2556 ita
2969 2503 3140 2556 soleat
3187 2516 3307 2555 esse
3368 2514 3460 2553 ar-

1886 2593 2071 2654 duum,
2104 2606 2253 2644 Suam
2310 2594 2373 2645 de
2425 2609 2480 2647 re
2529 2593 2777 2661 quapiam
2822 2595 3150 2648 sententiam
3194 2592 3459 2660 proferre.

1887 2680 2021 2733 Cum
2066 2690 2214 2733 tuum
2252 2683 2321 2734 sit
2373 2685 2438 2734 ad
2475 2697 2534 2735 ea
2556 2686 2815 2747 animum,
2841 2700 2959 2752 qua:
2990 2683 3146 2737 modo
3204 2680 3465 2735 indicavi-

1890 2784 2029 2831 Inus,
2096 2772 2460 2825 advertentem
2531 2773 2813 2839 dispicere,
2865 2773 3157 2827 Grteciaane
3224 2787 3313 2826 res
3366 2785 3465 2825 ne-

1889 2860 2146 2928 gligenda:
2195 2862 2285 2915 tibi
2331 2864 2546 2927 sint,eo
2587 2867 2728 2933 quod
2775 2864 2931 2933 paulo
2955 2874 3080 2917 ante
3124 2863 3232 2917 dixi
3266 2874 3469 2930 genere

1895 2964 2041 3015 nato,
2069 2952 2594 3008 Lacedzemoniorum
2620 2955 2760 3017 duci,
2793 2956 2899 3026 regi
2932 2971 3142 3023 quoque
3170 2955 3469 3017 declarato,

1891 3051 1943 3093 et
1996 3044 2288 3095 maximum
2342 3045 2481 3097 inter
2532 3044 2745 3099 ϐτιιιςοε
2780 3061 2971 3099 nomen
3028 3044 3339 3107 sustinenti,
3400 3058 3469 3094 au

1897 3130 2073 3198 potius
2126 3136 2409 3199 pnes-entia
2462 3135 2571 3187 sint
2620 3136 2914 3188 omittenda
2965 3136 3343 3202 negotia,quo
3378 3132 3467 3186 his

200 3219 554 3288 ὑῦρέζοντας,
602 3191 770 3269 πλείω
805 3217 1175 3285 κεκτημένους
1226 3191 1417 3282 ἀγαθά-
1468 3213 1564 3267 τοῦ
1622 3191 1790 3284 προσ-
1820 3191 1862 3247 c

1820 3191 1862 3247 ϐ
1902 3221 2104 3288 majora
2134 3226 2417 3293 suspicias.
2453 3224 2531 3277 De
2560 3227 2756 3293 quibus
2779 3240 2913 3279 sane
2939 3241 3038 3295 ego
3065 3226 3196 3278 illud
3265 3222 3463 3282 sentio.

202 3315 457 3379 ἠκοντος.
506 3311 596 3371 Ὠς
619 3310 665 3362 δ’
701 3310 817 3363 ἐστὶ
854 3308 1027 3361 ταῦτα
1059 3308 1278 3369 δυνατὰ,
1304 3308 1435 3377 ἐμὸν
1463 3306 1621 3378 ἔργον
1649 3308 1789 3361 διδά-

205 3400 293 3462 ξαι
321 3401 455 3469 περὶ
484 3400 663 3452 αὐτῶν
693 3401 861 3453 ἐστίν.

1899 3311 1951 3364 in
1978 3312 2089 3366 hinc
2124 3315 2228 3368 duo
2259 3317 2618 3383 potissimum,
2642 3318 2851 3371 caeteris
2865 3318 3117 3371 omnibus
3138 3316 3473 3385 praetermis-

1899 3405 1992 3465 sis,
2067 3419 2187 3459 esse
2238 3408 2333 3460 tibi
2416 3409 2858 3476 incumbendum,
2920 3420 2977 3463 ut
3037 3408 3253 3463 Graecos
3324 3406 3478 3459 hisce

204 3493 384 3556 bellis,
441 3508 505 3546 ac
558 3492 813 3554 miseriis,
858 3495 1176 3560 quibuscum
1227 3494 1385 3547 hodie
1427 3494 1830 3558 conﬂictantur,
1890 3497 2083 3551 liberes
2122 3517 2136 3553 ι
2182 3509 2342 3563 utque
2376 3500 2725 3555 barbarorum
2789 3517 3044 3556 coerceas
3109 3500 3476 3561 insolentiam.

205 3589 293 3653 qui
327 3587 443 3655 jam
499 3585 766 3653 pluribus,
814 3601 974 3653 quam
1020 3600 1112 3653 par
1157 3586 1247 3651 sit,
1293 3584 1449 3640 bonis
1488 3585 1782 3639 abundant.
1817 3584 1870 3641 Id
1904 3602 2083 3642 autem
2116 3592 2337 3645 conlieri
2376 3607 2553 3661 posse,
2592 3608 2739 3648 meas
2787 3606 2968 3664 partes
2996 3592 3127 3647 duxi
3162 3604 3479 3647 commone-

204 3679 410 3733 facere.

919 3768 1039 3822 PE’.

207 3864 492 3929 Χορικιου
519 3860 817 3928 Σοφιστοῦ
833 3863 1002 3928 λόγοι
1023 3860 1317 3929 διάφοροι,
1342 3861 1438 3913 καὶ
1463 3864 1802 3929 Προκοπίου

281 3931 587 3999 σοφιστοῦ
633 3930 827 3996 Γάζης
868 3932 1097 3998 στίχων
1136 3930 1458 3999 Ὁμηρικῶν
1495 3934 1805 4001 Μεταφρὰ-

279 4019 439 4064 σεις.

279 4093 414 4165 [356
448 4091 540 4163 8.]
560 4092 899 4163 Ἀνεγνώσθη
919 4095 1175 4165 Χορικίου
1201 4094 1455 4163 σοφιστοῦ
1478 4095 1657 4162 Γάζης
1680 4099 1794 4149 M8-

207 4188 381 4238 λέται
406 4184 505 4237 καὶ
526 4184 853 4251 Συντάξεις
872 4186 1070 4254 λόγων
1097 4187 1387 4255 διάφοροι.
1422 4182 1589 4250 Οὗτος
1622 4187 1800 4257 χαίρει

214 4277 318 4343 μὲν
344 4276 630 4344 εὐκρινεὶα
672 4279 766 4328 καὶ
802 4276 1157 4347 καθαρότητι,
1193 4282 1271 4341 εἰς
1315 4280 1377 4330 τὸ
1428 4281 1699 4349 χρήσιμον
1746 4279 1801 4331 δὲ

213 4368 313 4418 καὶ
357 4369 427 4433 τῇ
476 4367 736 4437 περιὸολῇ
782 4368 1119 4437 κεχρημένος
1162 4369 1241 4438 τῷ
1302 4387 1360 4421 τε
1422 4372 1667 4439 εὐκαίρῳ
1707 4372 1801 4422 καὶ

212 4457 293 4526 τῷ
313 4457 361 4487 ⁸³
401 4456 478 4526 μὴ
508 4460 586 4520 εἰς
609 4458 784 4527 μῆκος
817 4460 1065 4529 περιόδου
1102 4462 1306 4527 ταύτην
1334 4463 1689 4529 παρατείνειν
1712 4462 1801 4513 οὐ·
1838 4479 1881 4531 ο
1914 4468 2017 4520 tur,

213 4550 302 4602 ὁὲν
354 4552 422 4618 τῇ
460 4549 730 4619 σαφηνείᾳ.
788 4550 1126 4620 λυμαίνεται,
1168 4552 1287 4622 ἤθει
1336 4569 1393 4603 τε
1439 4552 1534 4605 καὶ
1579 4551 1805 4621 ἀληθείᾳ

217 4641 632 4711 συγκέκραται,
680 4641 800 4693 οὐδὲ
858 4642 956 4709 τῆς
1016 4642 1427 4711 γνωμολογικῆς
1474 4640 1519 4674 ⁸⁵
1571 4640 1805 4708 σπουδῆς

216 4733 491 4802 ἀποχῶν.
511 4732 573 4784 Ἡ
604 4733 660 4785 δέ
691 4749 754 4799 γε
790 4732 928 4796 λέξις
958 4733 1105 4801 αὐτῷ
1137 4734 1246 4784 τῶν
1280 4732 1518 4798 λογάδων
1542 4732 1676 4803 [175
1709 4731 1751 4784 Η
1785 4729 1801 4801 ]

215 4824 356 4875 οὖσα
390 4825 451 4874 ἐν
490 4822 703 4884 πολλοῖς
733 4823 833 4873 οὐκ
861 4824 947 4874 ἀεὶ
980 4823 1038 4874 τὺ
1066 4824 1284 4892 γνήσιον
1306 4821 1492 4873 διώκει
1526 4839 1541 4852 ·
1568 4822 1682 4873 ἔσθ’
1711 4822 1799 4873 ὅτε

217 4916 329 4985 γὰρ
358 4915 449 4967 διὰ
496 4914 595 4983 τὴν
643 4915 880 4983 ἄκρατον
910 4913 1009 4981 τῆς
1052 4914 1261 4982 τροπῆς
1304 4914 1351 4944 ⁸⁸
1402 4912 1679 4982 ἐκτροπὴν
1720 4915 1807 4973 εἰς

216 5006 589 5077 ψυχρολογίαν
612 5006 887 5060 ἐκπίπτει.
920 5007 1026 5058 Καὶ
1056 5005 1186 5073 πρὸς
1214 5006 1273 5057 τὸ
1299 5005 1725 5075 ποιητικώτερον
1753 5004 1808 5056 δὲ

219 5100 372 5151 ἔστιν
422 5090 483 5149 οὗ
542 5097 945 5167 παρασύρεται.
999 5098 1285 5165 Χρήσιμος
1336 5096 1392 5147 δέ
1444 5098 1593 5147 ἐστιν
1647 5095 1809 5156 αὐτὸς

220 5188 421 5243 ἐαυτοῦ
468 5190 666 5257 μᾶλλον
725 5190 1022 5255 ἐκφράσεις
1071 5188 1166 5238 καὶ
1220 5187 1471 5256 ἐγκώμια
1523 5186 1808 5255 διερχόμε-

220 5302 312 5345 νος
341 5284 410 5336 ".
450 5284 602 5334 Ἐστι
630 5282 685 5335 δὲ
709 5282 802 5334 καὶ
830 5282 925 5349 τῆς
955 5282 1239 5343 εὐσεϐείας
1274 5282 1531 5351 ἐραστὴς,
1575 5282 1640 5330 τὰ
1672 5280 1809 5346 Χρι-

221 5374 461 5429 στιανῶν
519 5374 683 5445 ὄργια
741 5375 835 5427 καὶ⁸
884 5373 1090 5443 τεμένη
1138 5372 1313 5443 τιμῶν
1344 5388 1358 5401 ·
1411 5372 1551 5441 πλὴν
1586 5371 1685 5423 οὐκ
1714 5364 1809 5422 οἷδ’

2618 3770 2775 3828 CLX.

1902 3858 2133 3915 Cltoricii
2166 3861 2425 3932 Sophiste
2461 3861 2866 3916 declamationes
2914 3864 3095 3932 paritr,
3148 3874 3197 3917 et
3235 3863 3483 3931 Procopii

2045 3932 2222 3985 (ἱαωὶ
2254 3932 2655 3986 ΙΙοηιηὶεοι-ιιηι
2688 3950 2926 3985 versuum
2955 3931 3336 4001 Metupltrases.

1972 4088 2150 4146 Lectae
2173 4100 2303 4144 sunt
2335 4089 2575 4143 Choricii
2610 4089 2881 4158 Sophisttn
2908 4090 3089 4144 Gazmi
3124 4090 3482 4145 Declamatio-

1910 4200 1997 4236 nes
2057 4183 2467 4251 Orationumque
2514 4182 2709 4236 claues
2768 4184 2929 4235 varia:
2976 4183 3111 4253 (63).
3158 4182 3367 4237 Gaudet
3396 4186 3483 4239 hic

1910 4282 2164 4328 accurata
2188 4275 2531 4328 distinctione
2575 4282 2736 4341 atque
2770 4275 3013 4340 puritate
3048 4290 3060 4326 :
3096 4290 3158 4327 ac
3192 4276 3235 4327 si
3266 4276 3483 4342 quando

1913 4366 2160 4418 utilitatis
2198 4367 2424 4432 alicujus
2470 4366 2641 4432 gratia
2668 4366 2830 4417 etiam
2870 4366 3345 4419 circutnductione
3379 4366 3485 4417 uti-

2098 4466 2205 4508 tam
2269 4472 2389 4509 eam
2468 4466 2768 4523 opportune
2841 4455 3083 4520 adhibet,
3146 4456 3198 4507 iu
3272 4456 3481 4524 periodi

1913 4546 2301 4614 longitudinem
2339 4561 2678 4614 nequaquam
2710 4548 3068 4608 excurrendo,
3098 4548 3230 4599 nihil
3266 4556 3322 4599 ιιι
3356 4562 3482 4615 per-

1906 4638 2243 4705 spicuitatem
2282 4637 2456 4689 laniat.
2492 4636 2670 4689 Mitior
2700 4638 2825 4690 item
2878 4636 3105 4690 alie-etus
3132 4639 3273 4705 apud
3309 4641 3482 4704 ipsum

1906 4730 2123 4797 egregio
2167 4732 2404 4782 candore
2455 4739 2807 4796 temperatur,
2845 4745 3017 4795 neque
3071 4741 3247 4781 tamen
3282 4730 3401 4781 ideo
3451 4748 3480 4780 ιι

1908 4823 2062 4873 docta
2103 4821 2301 4873 recedit
2336 4820 2637 4887 diligentia.
2690 4818 2915 4872 Selectis
2954 4822 3124 4871 utitur
3170 4820 3486 4886 plerumque

1914 4912 2155 4975 vocibus,
2182 4911 2284 4963 etsi
2332 4927 2436 4962 non
2468 4926 2682 4976 semper
2711 4910 2999 4977 genuinum
3049 4909 3150 4961 illa:
3181 4924 3335 4961 snuin
3371 4924 3493 4961 seta.

1916 5014 2041 5055 vent
2089 5019 2263 5055 usum.
2318 5000 2586 5054 Interdum
2624 5002 2765 5053 enim
2816 5003 2884 5053 ob
2944 5002 3140 5052 nudant
3196 5001 3494 5068 ﬁgurarum

1915 5094 2265 5147 dellexioncm
2312 5095 2363 5145 in
2417 5092 2667 5156 frigidam
2715 5093 2899 5144 incidit
2948 5092 3275 5144 dictionem:
3328 5100 3382 5145 et
3408 5102 3495 5147 est

1918 5187 2007 5239 ubi
2058 5186 2123 5239 ad
2184 5186 2451 5252 poeticum
2498 5186 2676 5251 potius
2720 5185 2917 5252 stylum
2971 5182 3262 5235 delabitur.
3316 5180 3493 5235 Vincit

1917 5286 2095 5328 autem
2132 5277 2390 5342 soipsum,
2428 5275 2870 5343 praestantiorqne
2904 5287 3010 5336 est,
3040 5278 3164 5327 dum
3208 5277 3256 5327 iu
3286 5277 3491 5329 descri-

1924 5368 2201 5437 ptionibus
2232 5384 2295 5422 ac
2324 5366 2725 5422 laudationibus
2745 5378 3008 5425 versatur.
3036 5367 3329 5438 Religionis
3361 5368 3489 5429 item

1549 5510 1783 5567 VAllIE
1824 5509 2223 5565 LECTIUNES.

293 5607 346 5644 ⁸⁸
374 5607 454 5680 τῷ
484 5618 603 5678 post
625 5608 722 5660 καὶ
749 5622 859 5662 om.
884 5612 947 5663 Α.
1024 5607 1070 5640 ⁸⁸
1099 5602 1444 5677 γνωμονικῆς
1466 5606 1505 5658 C
1530 5620 1591 5667 ς.
1665 5602 1711 5635 ⁸⁸
1735 5600 2046 5671 προτροπῆς
2073 5616 2132 5666 ς’.
2210 5600 2253 5634 ⁸⁷
2285 5598 2687 5671 διεξερχόμενος
2722 5616 2783 5664 ς.

1711 5712 1944 5768 ΝυΤιίΕ.

300 5816 411 5884 (63)
468 5815 759 5879 invdia;
790 5815 971 5884 quales
1009 5829 1126 5868 mox
1159 5826 1395 5882 quinque
1430 5820 1799 5865 quaerantur.
