4224 6446
730 438 835 499 με

1856 436 2117 496 ΡΙΙΟΤΙΙ
2152 433 2651 496 PATRIARCIle
2684 433 2789 492 (ΖΡ.

3852 426 3959 491 444

734 558 943 604 amans,
992 542 1419 596 Christianorum
1466 558 1617 595 sacra
1668 544 1910 609 ritusque
1967 554 2297 596 veneratur:
2335 548 2373 601 Α

2335 548 2373 601 Α
2406 542 2551 602 ὅπως
2596 540 2873 607 ὀλιγώρως
2920 540 3013 591 xui
3066 538 3207 608 λόγῳ
3244 538 3340 591 σὺν
3393 539 3568 593 οὐδενὶ
3619 538 3820 609 μύθους
3874 543 3975 596 καὶ

736 635 837 686 nisi
874 634 1014 695 quod
1051 634 1234 685 nescio
1257 650 1358 701 qua
1382 634 1719 701 negligentia,
1754 646 1803 687 et
1836 635 1951 687 sine
1985 635 2086 685 ulla
2120 648 2302 695 causa,

734 739 858 778 cum
913 723 1130 776 minime
1178 723 1353 785 decet,
1382 723 1585 777 fabulas
1635 725 1995 790 histuriasque
2023 723 2303 790 gentilium

739 814 954 879 sutriptis
1008 812 1120 863 suis
1163 811 1460 864 admisceat
1497 829 1508 862 :
1555 812 1819 863 interdum
1870 810 2031 862 etiam
2076 824 2196 860 eum
2242 810 2308 859 tle

741 906 900 955 rebus
954 902 1123 955 sacris
1163 903 1400 955 disserit.
1448 901 1604 953 Varia
1648 912 1824 953 autem
1865 900 2203 968 plurimaque
2242 898 2309 949 ab

742 997 836 1048 illo
901 996 1205 1047 litterarum
1260 996 1618 1046 monumentis
1678 992 1885 1059 prodita
1962 991 2011 1041 itt
2062 988 2309 1040 manibus

744 1096 1047 1139 versantur.
1092 1085 1350 1152 Reperias
1390 1086 1531 1136 enim
1564 1084 1678 1150 ejus
1726 1081 1971 1133 lictorum
2006 1078 2118 1145 (64)
2151 1092 2308 1145 argu-

745 1189 1045 1232 mentorum
1078 1179 1348 1229 orationes
1377 1178 1725 1244 pattegyt-icas
1754 1172 1886 1241 (65),
1918 1170 2310 1229 lamentabiles,

746 1268 1030 1332 nuptiales,
1091 1266 1477 1327 refutationes,
1516 1277 1567 1316 et
1604 1265 1653 1316 id
1701 1278 1870 1331 genus
1900 1262 2021 1313 alia.
2063 1259 2312 1327 Aiqualis

748 1359 848 1408 fuit
893 1356 1183 1409 Justiniani
1240 1358 1490 1424 Augusti,
1544 1356 1837 1420 discipulus
1884 1368 2009 1404 vero
2066 1350 2311 1412 Procopii

750 1447 981 1498 rhetoris
1032 1450 1158 1512 (non
1198 1444 1338 1495 illitts
1388 1443 1495 1512 (66)
1526 1443 1871 1495 Ctesariettsis
1906 1440 2316 1508 tatueti)]_03a

752 1536 911 1587 unius
953 1552 982 1588 e
1022 1536 1246 1588 summis
1290 1535 1415 1587 viris
1453 1552 1465 1587 :
1513 1535 1599 1599 qui
1652 1534 1976 1599 temporibus
2010 1533 2114 1583 illis
2154 1532 2317 1581 multa

751 1635 805 1678 et
871 1626 1018 1676 tttilia
1084 1626 1406 1687 scribendo,
1467 1633 1777 1691 perpetuam
1848 1625 1928 1674 sui
2003 1622 2317 1673 memoriam

755 1714 1062 1767 hominibus
1113 1714 1384 1781 paululum
1431 1713 1590 1765 modo
1633 1710 2041 1764 humanioribus
2082 1711 2317 1777 reliquit.

756 1803 941 1856 Altero
971 1804 1082 1869 (67)
1130 1804 1253 1854 item
1288 1804 1339 1853 in
1370 1818 1431 1853 ea
1466 1803 1573 1867 ipsa
1618 1817 1711 1854 sua
1747 1802 1917 1867 patria
1943 1801 2161 1851 doctore
2192 1813 2320 1849 usus

2410 631 2647 699 ἱστορίας
2694 630 3028 697 Ἑλληνικὰς,
3059 632 3117 681 ού
3151 630 3269 681 δέον
3314 631 3379 690 ⁸⁸,
3407 630 3838 697 ὲγκαταμίγνυσι
3862 634 3975 692 τοῖς

2407 720 2599 773 ἑαυτοῦ
2637 721 3064 789 συγγράμμασιν
3106 722 3229 791 (557
3268 721 3362 792 IL]
3406 722 3549 772 ἔστιν
3581 723 3668 773 ὅτε
3701 723 3794 772 xui
3834 723 3975 790 ἱερο-

2408 814 2601 879 λογῶν.
2628 813 2851 863 Ποικίλα
2874 812 2929 863 δὲ
2952 812 3114 864 αὐτοῦ
3138 814 3230 864 xui
3255 812 3426 865 πολλὰ
3451 812 3857 880 συγγράμματα
3884 812 3979 878 φέ-

2412 921 2564 973 ρεται
2593 919 2606 932 ·
2631 904 3029 972 πλασματικοῖς
3062 920 3120 954 τε
3162 903 3267 972 γὰρ
3310 903 3403 955 xui
3444 906 3837 973 πανηγυρικοῖς
3882 904 3980 954 xui

2414 992 2701 1062 μονῳδίαις
2730 994 2821 1043 xui
2852 992 3233 1061 ὲπιοαλαμῖοις
3264 995 3357 1044 καί
3382 995 3787 1062 άντιρρητικοῖς
3830 992 3980 1043 ἔστιν

2412 1083 2572 1135 αὑτοῦ
2602 1083 2779 1150 λόγοις
2810 1084 3045 1151 ἐντυχεῖν
3074 1086 3165 1136 xui
3189 1083 3447 1143 τοιούτοις
3476 1085 3699 1153 ἑτέροις.
3724 1084 3980 1150 Ἤκμασε

2413 1175 2466 1226 δὲ
2500 1177 2555 1226 ἐν
2580 1178 2690 1235 τοῖς
2730 1176 3106 1227 ’1ουστινιανοῦ
3148 1177 3377 1244 χρόνοις.
3417 1178 3607 1244 Γέγονε
3642 1177 3698 1228 δὲ
3732 1177 3983 1245 μαθητὴς

2416 1264 2720 1331 Προκοπίου
2759 1266 3002 1334 ῥήτορος,
3035 1266 3153 1326 ἑνὸς
3182 1267 3290 1317 τῶν
3343 1268 3602 1335 ἀρίστων,
3630 1269 3691 1319 οὐ
3730 1266 3822 1318 τοῦ
3846 1268 3987 1318 Και-

2418 1356 2624 1421 σαρὲως
2649 1354 2723 1415 δὲ,
2756 1354 2811 1415 ὃς
2836 1357 2915 1414 εἱς
2950 1356 3089 1424 μέγα
3121 1358 3307 1425 κτῆμα
3333 1358 3425 1409 καὶ
3448 1358 3637 1425 ὄφελος
3660 1358 3780 1410 κατ’
3810 1360 3987 1410 ἐκεῖνο

2417 1444 2609 1512 καιροῦ
2633 1446 2727 1506 τὰς
2762 1448 3038 1514 ἱστορικὰς
3060 1448 3102 1476 ⁸⁸
3132 1447 3350 1515 γραφὰς
3378 1448 3637 1513 συντάξας
3654 1449 3987 1519 ἀείμνηστον

2418 1534 2581 1586 αὑτοῦ
2617 1536 2769 1597 κλέος
2794 1538 2903 1597 τοῖς
2938 1537 3373 1606 σπουδαιοτέροις
3406 1538 3795 1591 καταλέλοιπεν
3829 1556 3843 1569 ·
3871 1542 3991 1591 ἐτέ-

2421 1646 2497 1696 ρῳ
2524 1628 2579 1679 δέ
2633 1645 2739 1678 τινι
2790 1629 3205 1697 προσωμίλησεν
3254 1631 3309 1681 ὲν
3339 1632 3405 1698 τῇ
3438 1631 3572 1699 αὐτῇ
3630 1630 3853 1699 πατρίδι
3895 1633 3990 1683 καὶ

2421 1718 2567 1787 αὺτῴ
2605 1718 2818 1785 λαχόντι
2854 1721 3215 1785 σοφιστεύειν,
3250 1722 3309 1783 ὂς
3338 1722 3431 1772 xu‘t
3462 1725 3539 1783 εἱς
3569 1723 3743 1791 γῆρας
3788 1722 3989 1784 ὲλάσας

2423 1809 2594 1876 ἡδέως
2636 1805 2782 1877 εἶχεν
2812 1812 2943 1879 ὁρᾷν
2974 1810 3088 1861 ἀνθ’
3122 1811 3313 1862 ἑαυτοῦ
3334 1814 3424 1863 τὸν
3458 1812 3720 1881 ὁμιλητὴν
3746 1813 3844 1881 τῆς
3872 1830 3994 1880 σχο-

754 1906 858 1957 est,
892 1896 1114 1961 perinde
1147 1896 1377 1955 rhetore,
1419 1898 1501 1945 cui
1526 1896 1634 1960 jam
1674 1902 1831 1945 aetate
1863 1890 2051 1944 all‘ecta
2080 1892 2321 1956 gratissi-
2354 1873 2395 1924 Β

2354 1873 2395 1924 Β
2427 1900 2523 1967 λῆς
2559 1899 2937 1968 ἐξηγούμενον.
2965 1901 3167 1952 Τούτου
3197 1898 3343 1967 λόγοι
3372 1902 3552 1954 πολλοί
3571 1904 3614 1933 ὀ
3634 1920 3693 1954 τε
3722 1904 3816 1955 xui
3851 1920 3995 1953 παν-

757 2004 900 2041 tnutn
957 1989 1151 2041 accidit
1197 1986 1517 2053 discipulum
1557 2003 1711 2037 suum
1754 1986 1939 2036 videre
1975 1986 2194 2037 docendi
2225 1998 2321 2049 pro

756 2096 816 2134 se
870 2096 1063 2133 ttttttttts
1108 2090 1480 2145 occupantem.
1531 2077 1699 2143 liuius
1744 2091 1958 2144 quoque
2012 2075 2129 2127 libri
2171 2072 2322 2126 tnulti

758 2174 869 2241 ((38)
904 2173 1171 2240 varia-que
1196 2172 1455 2223 doctrinae
1484 2168 1963 2229 circumferuntur,
1993 2167 2127 2219 lecltt
2157 2176 2323 2234 atque

761 2266 1059 2318 imitatione
1090 2264 1254 2330 digni.
1296 2264 1387 2315 Est
1424 2264 1548 2313 item
1581 2262 1713 2311 liber
1749 2260 1861 2327 ejus
1896 2261 2103 2324 integer
2140 2258 2335 2312 Home-

762 2358 989 2408 ricorum
1045 2370 1284 2408 versuum
1342 2352 1698 2419 Memphrases
1732 2350 1866 2417 (69).
1908 2350 2073 2401 variis
2121 2349 2333 2401 dicendi

763 2446 953 2501 formis
984 2455 1349 2507 commutatae,
1385 2461 1501 2508 qum
1529 2458 1796 2495 summam
1840 2442 1937 2493 viri
1968 2456 2091 2493 cum
2123 2441 2334 2493 dicendi

764 2537 1099 2600 facultatem,
1165 2546 1273 2588 tum
1332 2532 1713 2585 declamitandi
1769 2533 1873 2583 vim
1933 2532 2068 2584 satis
2128 2548 2222 2599 per
2279 2546 2339 2585 se

763 2637 966 2695 queant
1007 2628 1311 2688 ostendere,
1361 2640 1521 2692 quam
1584 2626 1857 2681 virtutem.
1920 2624 2091 2689 quoad
2140 2624 2254 2692 ejus
2302 2638 2330 2675 a

766 2718 1030 2784 discipulo
1060 2717 1173 2771 lieri
1220 2724 1413 2785 potest,
1456 2716 1507 2766 in
1542 2714 1891 2767 Orationibus
1921 2714 2205 2767 Choricitts
2238 2730 2334 2767 ex-

768 2811 985 2878 pressit.
1022 2809 1261 2877 Uterque
1297 2809 1419 2875 pius
1450 2817 1551 2870 est,
1593 2820 1656 2857 ac
1696 2820 2061 2870 swpcuumero
2112 2805 2163 2855 iu
2222 2805 2335 2857 suis

769 2900 1129 2964 orationibus,
1179 2915 1351 2967 neque
1399 2899 1493 2952 abs
1547 2915 1621 2959 re,
1674 2897 1739 2950 de
1780 2910 1935 2947 sacro
1972 2896 2333 2949 faciendarum

2427 1990 2650 2041 τοδαποὶ
2678 1991 2954 2059 φέρονται,
2978 1990 3124 2054 ἄξιον
3147 1991 3313 2060 ζήλου
3344 1994 3437 2043 xui
3468 1995 3748 2063 μιμήσεως
3781 1994 3995 2062 χρῆμα,

2430 2083 2521 2133 καὶ
2554 2082 2616 2149 δὴ
2644 2083 2733 2133 xui
2768 2081 2968 2150 βιϐλίον
3006 2083 3146 2147 ὅλον,
3188 2084 3414 2151 στίχων
3456 2083 3784 2151 Ὁμηρικῶν
3811 2087 4000 2137 Μετα-

2430 2172 2682 2241 φράσεις
2715 2174 2792 2231 εἰς
2828 2174 3074 2235 ποικίλας
3108 2174 3282 2240 λόγων
3320 2174 3462 2237 ἰδέας
3499 2176 3999 2244 ἐκμεμορφωμὲναι

2432 2264 2486 2314 αἳ
2518 2262 2749 2330 μάλιστα
2780 2262 2875 2330 τὴν
2904 2262 2996 2313 τοῦ
3038 2263 3227 2331 ἀνδρὸς
3272 2263 3405 2331 περὶ
3439 2262 3731 2332 ῥητορικὴν
3769 2262 4002 2329 δύναμιν

2435 2355 2531 2406 xu‘t
2567 2354 2795 2422 μελέτην
2833 2355 3015 2405 ἱκαναὶ
3052 2355 3354 2421 πεφύκασιν
3381 2355 3744 2423 ἀπαγγέλλειν
3775 2373 3787 2386 ·
3821 2349 3882 2407 οἶδ
3918 2372 4002 2406 τι-

2436 2462 2543 2507 νος,
2571 2445 2643 2506 ὡς
2666 2444 2778 2495 ἔστι
2799 2445 3018 2496 δυνατὸν
3052 2446 3287 2514 μαθητῇ,
3313 2446 3563 2514 Χορίκιος
3593 2446 3834 2513 μιμητὴς
3862 2446 4005 2496 κατὰ

2436 2538 2561 2599 τοὺς
2591 2536 2778 2602 λόγους
2799 2537 3039 2603 γέγονεν.
3077 2538 3277 2604 ’Ἄμφω
3296 2538 3351 2589 δὲ
3379 2538 3546 2607 ἤστην
3581 2537 3879 2597 εὐσεόἑε⁹¹,
3909 2538 4004 2587 xui

2441 2628 2707 2696 πολλαχοῦ
2738 2631 2849 2690 τοῖς
2896 2629 3070 2695 λόγοις
3116 2629 3316 2689 αὐτῶν,
3366 2630 3486 2681 οὐδὲ
3518 2630 3831 2698 παρέργως,
3877 2628 4006 2692 περὶ

2437 2719 2534 2786 τῆς
2570 2720 2721 2786 ἱερᾶς
2767 2718 3139 2789 εἱκονουργίας
3188 2719 3663 2788 διαλαμὸάνουσιν.
3720 2720 3913 2785 Γέγονε
3952 2718 4010 2769 δὲ

2437 2810 2678 2879 Χορικίῳ
2730 2811 2825 2863 xui
2876 2812 2908 2881 ἡ
2956 2809 3052 2862 τοῦ
3086 2810 3410 2864 διδασκάλου
3460 2812 3685 2882 τελευτὴ
3718 2810 4011 2878 ἐπιταφίου

2440 2901 2717 2964 ὑπόθεσις.

773 2995 1061 3061 imaginum
1142 3009 1237 3045 usu
1276 2994 1569 3045 disserunt.
1623 2991 1701 3044 Ex
1748 2988 1999 3058 Procopii
2051 3006 2177 3043 vero
2224 2997 2569 3062 praceptoris
2651 2997 2804 3051 obitu
2856 2999 3117 3068 epitaphii
3201 3005 3575 3066 argumentum
3629 2993 3882 3048 Choricio
3930 3004 4013 3048 est

770 3088 1031 3142 oblatum.

1453 3174 1635 3230 CLXI.

947 3272 1163 3340 Sopatri
1200 3271 1575 3332 Excerptorum
1611 3269 1873 3321 variorum
1904 3266 2024 3318 libri
2057 3283 2152 3319 xu.

846 3367 1025 3419 Lectae
1053 3374 1178 3416 sunt
1222 3360 1429 3428 Etlogw
1471 3362 1627 3412 variae
1670 3360 1923 3409 doctrina:
1959 3358 2110 3409 libris
2140 3357 2344 3409 duode-

777 3458 882 3512 cim
937 3454 1155 3523 Sopatri
1226 3452 1480 3521 sophistze
1535 3450 1666 3519 (70).
1733 3450 1958 3517 Collegit
2016 3459 2193 3501 autem
2248 3450 2347 3500 hoc

779 3565 915 3619 Opus
944 3565 973 3601 e
1006 3547 1187 3600 multis
1225 3554 1276 3597 et
1320 3542 1551 3595 diversis
1593 3542 1887 3603 historicis,
1920 3555 2077 3608 atque
2116 3543 2345 3607 scripto-

781 3644 947 3694 ribus.
982 3640 1193 3690 Primus
1225 3638 1405 3703 itaque
1434 3635 1568 3687 liber
1598 3637 1661 3686 de
1690 3633 1945 3685 fabulosis
1975 3633 2208 3693 gentium
2248 3630 2350 3682 diis

782 3733 914 3797 agit.
969 3730 1145 3781 Electa
1206 3728 1319 3779 hau:
1369 3742 1431 3777 ex
1487 3725 1791 3791 Apollodori
1838 3723 1947 3789 (7|)
2006 3722 2140 3773 lihro
2194 3722 2349 3773 tertio

786 3823 860 3875 De
903 3821 1028 3879 diis,
1064 3818 1153 3885 qui
1207 3817 1379 3885 patria
1426 3814 1770 3866 Atheniensis
1823 3812 2223 3877 grammaticam
2259 3813 2352 3863 do-

783 3913 915 3968 Cttil.
949 3910 1059 3964 Nec
1098 3925 1224 3960 Vero
1254 3924 1281 3960 e
1325 3907 1486 3959 tertio
1528 3907 1788 3957 duntaxat
1820 3904 1954 3955 libro
1987 3903 2097 3956 haec
2132 3901 2349 3971 selegil;

785 4008 878 4061 sed
921 4016 975 4059 et
1003 4021 1034 4059 e
1075 4016 1293 4073 quarto,
1326 4003 1535 4069 quinto,
1575 4016 1637 4053 ac
1686 4016 1848 4053 nono.
1898 3998 2026 4050 lleut
2076 4013 2105 4051 e
2156 3998 2349 4065 primo,

786 4097 1126 4159 duodecimo,
1161 4095 1371 4149 decimo
1395 4094 1602 4161 quinto,
1634 4103 1686 4145 et
1733 4092 1942 4143 decimo
1982 4101 2154 4149 sexto.
2188 4104 2355 4156 usque

787 4190 854 4241 ad
908 4197 1156 4255 quartum
1213 4194 1266 4239 et
1320 4162 1651 4237 vicesimum.
1701 4181 1908 4246 Quibus
1975 4181 2353 4245 collectaueis,

789 4294 909 4346 quze
940 4277 1007 4330 de
1038 4277 1137 4330 diis
1182 4274 1424 4327 fabulose
1468 4274 1587 4325 [icta
1642 4281 1790 4333 sunt,
1833 4285 2058 4338 quaeque
2103 4270 2357 4323 historice

790 4378 1104 4428 narrantur,
1130 4364 1504 4432 complectitur
1532 4364 1802 4425 universa,
1831 4371 1887 4412 ut
1912 4370 1966 4413 et
1994 4360 2058 4412 de
2084 4361 2353 4423 heroibus,

791 4473 856 4512 ac
902 4457 1177 4509 Dioscuris
1227 4454 1376 4523 (72),
1420 4454 1484 4507 de
1534 4455 1597 4505 iis
1644 4455 1791 4514 item,
1840 4452 1926 4518 qtti
1973 4451 2108 4516 apud
2159 4450 2358 4503 inferos

3089 3177 3242 3232 ΡΞΑ.

2519 3269 2839 3337 Σωπάτρου
2868 3271 3141 3339 Ἐκλοταὶ
3175 3269 3446 3338 διάφοροι
3469 3270 3540 3321 ἐν
3562 3268 3825 3332 βιϐλίοις
3852 3287 3867 3319 ι
3869 3270 3948 3330 β’.

2529 3360 2970 3433 Ἀνεγνώσοησαν
3012 3363 3287 3430 Ἐκλογαὶ
3310 3361 3580 3429 διάφοροι
3613 3363 3670 3411 ὲν
3705 3361 3932 3425 βιϐλίοις
3960 3364 4004 3391 ’⁸

2451 3452 2514 3520 ιβ’
2577 3455 2872 3523 Σωπάτρου
2928 3454 3205 3521 σοφιστοῦ.
3265 3453 3612 3505 Συνείλεκται
3662 3454 3718 3504 δὲ
3769 3452 3922 3520 αὐτῷ
3965 3452 4021 3502 τδ

2452 3544 2652 3613 βιϐλίον
2707 3546 2770 3595 ἐκ
2832 3544 3039 3597 πολλῶν
3104 3546 3199 3597 xui
3276 3544 3547 3613 διαφόρων
3619 3542 3869 3611 ἱστοριῶν
3931 3544 4025 3593 xui

2450 3634 2813 3702 γραμμάτων.
2844 3634 2917 3685 Τὸ
2949 3634 3045 3701 μὲν
3070 3630 3161 3685 οὗν
3192 3635 3407 3703 πρῶτον
3433 3634 3560 3700 περὶ
3612 3632 3720 3683 τῶν
3775 3633 3909 3699 παρ’
3939 3632 4026 3682 ἓ).-

2451 3725 2573 3791 λησι
2617 3724 3097 3792 μυθολογουμένων
3150 3724 3300 3776 Θεῶν
3348 3724 3703 3791 διαλαμϐάνει
3732 3740 3745 3752 ’
3782 3722 3809 3773 ὃ
3849 3723 4029 3773 συνεί-

2452 3817 2637 3867 λεκται
2669 3818 2729 3866 ἐκ
2759 3816 2864 3867 τῶν
2908 3814 3308 3883 Ἀπολλοδώρου
3372 3816 3508 3881 Περὶ
3570 3810 3729 3867 Θεῶν
3785 3812 3833 3880 γ’
3871 3814 4031 3879 λόγου

2456 3910 2768 3977 (Ἀθηναῖος
2796 3908 2851 3959 δὲ
2886 3910 2912 3958 ὁ
2956 3907 3372 3974 Ἀπολλὸδῶρος,
3402 3908 3494 3957 xui
3524 3905 3909 3975 γραμματικὸς
3932 3906 4034 3972 τὴν

2453 4000 2690 4068 τέχνην).
2715 4001 2827 4051 Οὐκ
2851 4001 2912 4050 ὲκ
2951 3998 3043 4050 τοῦ
3072 4002 3255 4068 τρίτου
3289 3999 3344 4049 δὲ
3376 3999 3589 4067 μόνονή
3622 3997 3844 4063 διαλογὴ
3882 3998 4033 4063 αὐτῷ

2459 4091 2769 4159 πεποίηται,
2806 4090 2941 4141 ἀλλὰ
2990 4090 3052 4157 δὴ
3088 4092 3179 4141 xui
3210 4090 3271 4140 ἐκ
3294 4087 3334 4141 δ’
3365 4091 3456 4139 xui
3482 4095 3519 4137 ε’
3557 4089 3651 4137 xui
3679 4086 3744 4148 ϐ’,
3771 4085 3868 4136 τοῦ
3900 4103 3955 4136 τε
3992 4086 4034 4113 ⁹³

2456 4180 2504 4231 α’
2534 4178 2693 4231 πάλιν
2728 4182 2819 4229 καὶ
2857 4180 2919 4247 ιβ’
2950 4186 3009 4229 ιε’
3044 4180 3089 4207 ’⁸
3118 4195 3174 4229 τε
3205 4179 3298 4229 xui
3337 4183 3409 4240 ις’
3444 4176 3487 4207 ⁸⁸
3506 4177 3598 4226 xui
3621 4174 3780 4242 μέχρι
3804 4173 3900 4223 τοῦ
3926 4174 4032 4226 κδ’.

2470 4268 2556 4318 Ἐν
2659 4266 2887 4336 συλλογῇ
2930 4267 2998 4318 τά
3036 4284 3093 4317 τε
3154 4265 3396 4335 μυθικῶς
3440 4266 3566 4328 περὶ
3608 4264 3743 4315 Θεῶν
3771 4262 3816 4293 ’⁵
3849 4263 4039 4313 διαπεο

2460 4358 2764 4425 πλασμένα,
2806 4360 2897 4409 xui
2927 4358 2980 4409 εἴ
3029 4375 3080 4408 τι
3126 4357 3247 4408 καθ’
3282 4354 3523 4423 ἱστορίαν
3552 4354 3786 4423 εἴρηται,
3823 4355 4037 4421 περιεί-

2458 4448 2619 4516 ληφε,
2655 4449 2780 4517 περί
2810 4467 2865 4500 τε
2900 4450 3006 4499 τῶν
3036 4450 3164 4516 παρ’
3194 4448 3379 4508 αὐτοῖς
3414 4446 3609 4515 ἡρώων
3654 4447 3748 4496 xui
3779 4444 4034 4495 Διοσκού-

791 4549 1020 4617 degunt,
1082 4546 1291 4611 aliaque
1350 4544 1401 4595 id
1456 4557 1621 4611 genus
1678 4542 1925 4607 plurima.
1976 4540 2194 4604 Colligit.
2248 4541 2357 4592 inec
2392 4558 2432 4610 ι)

2392 4558 2432 4610 D
2464 4555 2571 4604 ρων
2592 4575 2605 4596 ,
2643 4539 2736 4588 xui
2790 4540 2917 4606 περὶ
2951 4539 3057 4588 τῶν
3092 4540 3149 4588 ὲν
3178 4538 3348 4600 ἀῖδου,
3381 4538 3471 4588 xui
3513 4537 3610 4587 ὅσα
3652 4534 4036 4603 παραπλήσια.

793 4652 1009 4706 quoque
1058 4652 1088 4691 e
1126 4636 1361 4691 secundo
1414 4635 1551 4687 libro
1597 4632 1745 4685 Juba:
1784 4631 1895 4699 (75)
1933 4630 2005 4700 ος
2046 4631 2272 4698 pictura,
2306 4640 2359 4681 et

2473 4629 2589 4679 Ἔτι
2620 4630 2676 4680 δὲ
2728 4631 2821 4681 xui
2872 4630 3207 4682 συνείλεκται
3240 4629 3390 4698 αὐτῷ
3417 4631 3449 4698 ή
3501 4628 3679 4697 βίϐλος
3729 4627 3823 4679 xui
3852 4629 3918 4678 ὲκ
3947 4627 4041 4678 τοῦ

2094 4784 2324 4838 VARle
2364 4784 2763 4838 LECTIONES.

872 4890 918 4919 ⁸⁸
945 4888 1061 4940 δέον
1084 4886 1140 4937 δν
1170 4886 1289 4951 ὲγκ.
1324 4900 1383 4945 ς.
1462 4881 1506 4913 ⁶⁹
1542 4880 1816 4948 ἱστορικὰς
1842 4878 1960 4951 add.
1994 4879 2057 4931 Α.

800 4958 951 5009 σε6ἐε
982 4973 1122 5008 corr.
1157 4950 1218 5007 Α.
1321 4955 1365 4983 ’³
1412 4950 1613 5021 βίϐλοις
1658 4953 1722 5003 Α.

795 5030 840 5059 ⁹⁶
870 5026 1027 5097 θεῶν]
1048 5026 1247 5077 αὐτῶν.
1291 5024 1329 5075 Α
1342 5060 1356 5075 .

2138 4878 2182 4907 ⁸⁸
2212 4876 2357 4941 λόγοι
2394 4876 2599 4946 πολλοί]
2630 4879 2737 4931 vid.
2778 4878 3094 4929 Boissnuatl.
3129 4877 3191 4927 ad
3226 4874 3419 4926 Marin.
3452 4889 3501 4941 p.
3531 4874 3616 4926 76.

1831 4949 1874 4980 ⁸³
1900 4965 1958 5000 τε
1996 4956 2113 5017 post
2143 4946 2235 4998 τοῦ
2264 4962 2375 5001 οιιι.
2412 4948 2473 4999 Α.

3697 4875 3737 4905 9'
3779 4890 3833 4922 εε
3869 4873 3921 4923 in
3954 4872 4043 4921 εὑ-

2578 4942 2623 4979 “
2657 4965 2711 4999 νε
2741 4950 2779 4999 Α
2820 4966 2830 4997 :
2866 4950 2957 4999 xu".
2995 4954 3057 4999 ιε’
3094 4965 3153 5010 ς.
3253 4946 3298 4975 ’⁵
3334 4946 3427 4997 xui
3459 4954 3581 4997 ante
3626 4942 3787 5012 μέχρι
3816 4942 3944 4993 add.
3980 4942 4041 4991 Λ.

2296 5148 2529 5203 NOTAE.

872 5254 981 5323 (64)
1017 5249 1316 5323 Μονῳδίας,
1348 5262 1481 5314 quas
1515 5244 1766 5323 describit
1793 5243 2006 5323 Suidas,
2036 5242 2251 5310 aliique.

871 5314 984 5393 (65)
1018 5314 1189 5393 Quem
1236 5320 1493 5393 Illurstrem
1530 5317 1723 5393 Sit-idos
1757 5314 2017 5393 nominat.

872 5382 1084 5460 (ϐϐῖιῖι
1139 5392 1493 5443 Historiarum
1560 5386 1760 5449 libros,
1813 5385 1880 5438 de
1940 5382 2134 5452 quibus
2217 5396 2363 5450 supr.

797 5467 923 5520 cod.
961 5464 1048 5517 65.

882 5536 993 5603 (67)
1029 5529 1291 5603 Procopio
1326 5527 1535 5603 Gauro,
1568 5523 1808 5603 erManx;
1842 5522 2097 5603 Margunii
2141 5522 2365 5575 scltolio.

877 5594 989 5675 (68)
1022 5606 1164 5675 Quos
1196 5594 1514 5675 ltubestn-fr.
1551 5597 1669 5675 cod.
1698 5594 1889 5675 ⁸206ςει
1921 5594 2043 5669 207.

880 5661 991 5743 (69)
1027 5661 1245 5736 Qualem
1278 5668 1558 5743 scripsisse
1587 5668 1868 5743 Doriottem
1898 5664 2138 5743 meminit
2162 5661 2366 5713 Seneca

811 5734 997 5798 rhetor
1053 5734 1275 5797 Suaser.
1329 5752 1365 5799 ι,
1414 5738 1479 5790 ad
1540 5752 1696 5803 quem
1749 5734 1921 5788 locum
1981 5734 2159 5801 plures
2217 5740 2371 5783 nota-

814 5830 1003 5871 \'lﬂ|ll$.

2547 5236 2657 5305 (70)
2698 5236 2864 5300 Quem
2910 5233 3061 5287 Suid.
3110 5234 3520 5299 Apatneeuscm,
3560 5230 3674 5283 sive
3715 5228 4046 5281 Alexandri-

2474 5324 2599 5362 num
2640 5310 2814 5372 potius
2851 5317 3019 5372 putat.

2546 5368 2658 5445 (71)
2702 5380 2791 5428 list
2838 5368 2992 5440 hujus
3025 5374 3225 5427 mentio
3262 5372 3389 5445 iullfi‘.
3426 5370 3543 5445 cod.
3575 5368 3699 5445 .186,
3743 5368 3796 5419 in
3837 5368 3963 5445 line.
3999 5382 4049 5421 et

2477 5439 2963 5509 in‘Prolegotneuis
2998 5446 3195 5499 Bened.
3240 5442 3382 5509 ngii
3430 5444 3493 5493 ad
3540 5440 3779 5507 ejusdem
3825 5439 4047 5505 Apollo-

2475 5520 2589 5574 dori
2626 5517 3029 5569 Bibliotltecatn.

2549 5589 2659 5655 (72)
2698 5586 2943 5645 Castore,
2976 5596 3029 5636 ct
3062 5583 3291 5655 Polluce.

2548 5648 2658 5726 (75)
2695 5655 2833 5723 Legi:
2895 5656 3113 5707 Suidam
3164 5656 3229 5726 de
3259 5654 3386 5726 hoc
3419 5662 3601 5726 regum
3636 5648 3971 5726 doctissimo
4005 5656 4051 5700 et

2480 5718 2661 5785 multis
2692 5718 3055 5781 eruditissime
3088 5723 3301 5789 scriptis
3338 5720 3485 5774 libris
3516 5718 3846 5771 clarissimo.
