4224 6446
200 413 305 477 445

1298 410 1820 473 BIBLIOTHECA.
1850 436 1921 449 -·
1950 413 2116 476 COD.
2152 414 2350 477 CLXI.

3344 409 3451 473 448

201 521 455 590 δευτέρου
485 520 645 587 λόγου
664 519 772 573 τῶν
793 519 839 550 ⁸⁷
872 517 1007 586 Περὶ
1044 516 1339 587 γραφικῆς
1368 518 1527 578 Ἰόϐα.
1557 519 1652 572 καὶ
1678 518 1783 589 μὴν
1814 526 1857 580 Α

1814 526 1857 580 A
1888 537 2015 577 vero
2045 525 2210 578 etiam
2250 539 2314 577 ex
2347 520 2590 577 Athentei
2624 521 2949 575 Naucratitze
2974 520 3069 574 filii
3103 519 3451 588 Dipuowphi-

206 615 297 665 καὶ
327 613 375 644 ⁸³
407 612 474 665 ὲκ
502 612 614 665 τῶν
653 611 942 681 Ἀθηναίου
988 610 1083 663 τοῦ
1122 611 1503 682 Ναυκρατίτου
1549 614 1785 665 Δειπνο-

1784 646 1785 649 η
1885 617 1999 669 uia.
2046 615 2112 670 Et
2152 632 2217 669 ex
2257 617 2339 669 bis
2387 614 2604 683 quidem
2661 615 2869 680 primus
2914 614 3050 667 liber
3098 614 3452 681 cmltpOsillts,

209 704 548 773 σοφιστῶν.
574 704 685 756 Καὶ
706 706 734 756 ὁ
769 704 866 773 μὲν
888 703 1102 773 πρῶτος
1124 702 1280 769 λόγος
1301 704 1363 755 ὲκ
1382 704 1586 757 τούτων
1602 704 1787 775 ἡθροί-

207 798 304 865 σθη
338 798 439 849 καὶ
472 796 598 849 τάδε
630 796 1049 865 περιλαμϐάνει.

287 889 349 940 Ὀ
408 888 468 940 δὲ
511 888 762 957 δεύτερος
816 888 879 941 ἔκ
930 906 987 941 τε
1033 887 1140 941 τῶν
1174 887 1455 957 Σωτηρίδα
1496 888 1788 956 Παμφίλης

215 979 556 1046 Ἐπιτομῶν
588 979 803 1049 πρώτου
855 979 1013 1046 λόγου
1070 983 1162 1033 καὶ
1214 980 1448 1048 καθεξῆς
1482 980 1643 1048 μέχρι
1694 979 1788 1031 τοῦ

204 1071 463 1134 δεκάτου,
485 1072 577 1122 καὶ
596 1069 643 1141 [1
659 1070 725 1124 76
750 1068 818 1141 Η]
845 1072 908 1123 ὲκ
936 1070 1046 1122 τῶν
1071 1071 1412 1139 ’Δρτέμωνος
1434 1069 1527 1121 τοῦ
1564 1070 1791 1138 Μάγνη-

207 1180 299 1224 τος
341 1162 469 1214 Τῶν
492 1162 620 1214 κατ’
651 1161 872 1229 ἀρετὴν
903 1163 1139 1229 γυναιξὶ
1170 1162 1791 1229 πεπραγματευμένον

209 1253 615 1321 διηγημάτων,
640 1252 722 1304 ἔτι
740 1252 794 1305 δὲ
828 1252 923 1305 καὶ
955 1253 1019 1304 ἐκ
1044 1252 1153 1305 τῶν
1178 1253 1460 1319 Διογένους
1489 1250 1582 1304 τοῦ
1625 1252 1791 1303 Κυνι-

211 1345 311 1396 κοῦ
354 1344 875 1413 Ἀκοςρθεγμὰτωη
912 1345 1010 1396 καὶ
1048 1343 1154 1413 μὴν
1188 1344 1284 1396 καὶ
1317 1342 1377 1406 ἐξ
1403 1342 1579 1396 ἄλλων
1604 1342 1795 1411 διαφό-

217 1455 345 1505 ρων,
381 1436 519 1489 ἀλλὰ
550 1453 612 1501 γε
646 1437 739 1488 καὶ
762 1436 868 1488 ἀπὸ
891 1435 1074 1503 ὀγδόου
1096 1436 1258 1503 λόγου
1292 1437 1337 1467 ³⁸
1367 1434 1468 1503 τῆς
1497 1432 1753 1502 Σαπφοῦς
1775 1449 1791 1464 ·

213 1531 270 1581 ἐν
298 1524 380 1591 οἷς
411 1528 510 1580 καὶ
535 1529 568 1597 ὴ
610 1527 840 1597 δευτέρα
873 1526 1055 1596 βίϐλος
1084 1526 1193 1579 τῶν
1222 1524 1515 1592 συλλόγων.

297 1711 359 1763 ’0
391 1711 453 1763 δὲ
484 1710 668 1781 τρίτος
706 1710 863 1774 λόγος
899 1708 1215 1777 συλλέγεται
1259 1707 1408 1777 αὑτῷ
1438 1710 1501 1761 ἐκ
1550 1707 1647 1775 τῆς
1689 1707 1796 1759 Φα-

216 1802 453 1871 ϐωρίνου
486 1801 881 1868 Παντοδαπῆς
902 1803 1084 1866 Ὕλης
1112 1802 1152 1864 ί,
1188 1800 1252 1852 ἔκ
1284 1818 1341 1852 τε
1376 1800 1469 1852 τοῦ
1495 1818 1522 1851 ν
1556 1800 1650 1852 καὶ
1665 1798 1796 1851 τοὺ¹¹

218 1894 369 1957 Exul.
430 1892 683 1964 καθεξῆς.
717 1893 853 1964 πλὴν
901 1893 995 1946 τοῦ
1027 1911 1077 1957 τ,
1130 1893 1292 1963 μέχρι
1352 1891 1447 1945 τοῦ
1484 1910 1548 1956 ω,
1602 1895 1659 1945 ἐν
1712 1888 1792 1955 οἷς

215 1985 470 2053 διάφοροι
501 1985 732 2053 ἱστορίαι
762 1986 857 2038 καὶ
890 1986 1000 2037 τῶν
1032 1986 1172 2039 κατὰ
1205 1986 1274 2037 τὰ
1322 1984 1562 2054 ὀνόματα
1596 1985 1800 2038 θέσεων

218 2074 545 2143 αἰτιολογίαι
582 2078 675 2128 καὶ
726 2076 951 2129 τοιαῦτα
995 2076 1160 2147 ἕτερα
1186 2093 1200 2107 ’
1243 2079 1322 2139 εἰς
1354 2076 1389 2130 ἃ.
1416 2077 1509 2130 καλ⁸
1548 2078 1576 2127 ό
1617 2077 1803 2145 τρίτος

216 2166 367 2235 αὑτῷ
396 2168 826 2237 συμπεραίνεται
859 2168 1033 2235 λόγος.

299 2256 365 2309 Ὀ
394 2257 453 2309 δὲ
482 2256 742 2327 τέταρτος
772 2258 920 2327 αὑτῷ
946 2258 1101 2325 λόγος
1136 2259 1199 2311 ἐκ
1228 2275 1286 2311 τε
1309 2258 1684 2327 ἀνεπιγράφου
1710 2258 1805 2311 αὑ·-

216 2350 295 2419 τῷ
330 2350 542 2420 βιϐλίου
573 2352 933 2421 συνηθροίσθη
964 2353 1312 2420 (Θαυμὰτων
1345 2353 1405 2405 δὲ
1460 2352 1621 2421 μόνον
1678 2354 1803 2405 ἐπι-

218 2446 499 2513 γράφεται
527 2444 927 2513 tura-Impure
955 2443 1083 2516 [340
1116 2443 1209 2515 R.]
1242 2444 1466 2516 βιϐλίον)
1491 2446 1584 2497 καὶ
1605 2446 1669 2496 ὲκ
1700 2446 1808 2496 τῶν

218 2536 315 2586 τοῦ
363 2537 736 2604 ’Λριστοξένου
790 2538 1143 2605 Συμμίκτων
1202 2538 1681 2605 ὑπομνημάτων,
1709 2537 1809 2589 οὐκ

222 2632 285 2681 ὲκ
323 2630 548 2681 πάντων
586 2631 664 2694 δὲ,
706 2630 821 2682 ἀλλ’
852 2631 914 2682 ἐκ
962 2646 1025 2697 γε
1071 2630 1166 2682 τοῦ
1218 2630 1604 2683 ἑκκαιδεκάτου
1652 2629 1808 2696 λόγου

226 2722 419 2789 μόνου,
451 2722 545 2774 καὶ
576 2723 638 2797 εκ
669 2722 763 2774 τοῦ
792 2722 976 2790 ὀγδόου
1005 2723 1162 2789 λόγου
1195 2723 1295 2791 τῆς
1329 2721 1350 2752 ⁸
1394 2722 1627 2791 Ῥούφου
1660 2726 1802 2789 Δρα-

219 2814 487 2883 ματικῆς
546 2817 851 2881 ἱστορίας·
885 2812 966 2877 οἷς
1013 2814 1295 2885 παράδοξά.
1341 2831 1400 2867 τε
1434 2817 1529 2868 καὶ
1572 2816 1813 2869 ἀπίθανα

227 2907 469 2970 μάλιστα
494 2905 701 2957 ἔνεστιν
722 2906 743 2936 ⁵
771 2906 972 2975 εὑρεῖν,
1003 2906 1096 2957 καὶ⁵
1140 2905 1434 2976 τραγῳδῶν
1469 2906 1563 2959 καὶ
1607 2923 1808 2974 κωμῳ-

223 2996 331 3049 δῶν
384 2997 720 3065 διαφόρους·
777 2997 1001 3067 πράξεις
1063 3014 1123 3049 τε
1174 2999 1269 3050 καὶ
1299 2997 1489 3063 λόγους
1524 2998 1627 3049 καὶ
1688 3000 1815 3049 ἐπι-

224 3089 566 3158 τηδεύματα,
597 3089 691 3141 καὶ
740 3088 945 3142 τοιαῦθ’
974 3089 1160 3159 ἕτερα.
1208 3087 1347 3140 Ἀλλ’
1381 3090 1440 3141 ιν
1470 3088 1679 3149 τούτοις
1717 3087 1815 3157 μὲν

226 3180 323 3234 καὶ
379 3182 411 3232 ὀ
454 3179 735 3248 τέταρτος.

314 3270 375 3323 '0
414 3271 474 3321 δὲ
526 3271 779 3338 πέμπτος
823 3268 1111 3334 σύγκειται
1139 3266 1290 3338 αὑτῷ
1322 3267 1386 3321 ἐκ
1421 3284 1481 3320 τε
1512 3268 1612 3336 τῆς
1656 3265 1810 3319 Ῥού-

229 3379 333 3428 φου
370 3358 685 3427 Ἆουσικῆς
736 3360 1033 3427 Ἱστορίας
1074 3358 1295 3428 πρώτου
1324 3360 1417 3411 καὶ
1440 3359 1693 3427 δευτέρου
1717 3358 1814 3410 καὶ

230 3452 423 3521 τρίτου
459 3451 663 3519 βιϐλίου
683 3445 728 3519 ᾧ
756 3452 1035 3520 τραγικῶν
1068 3468 1129 3503 τε
1155 3453 1248 3503 καὶ
1269 3452 1533 3519 κωμικῶν
1558 3451 1811 3519 ποικίλην

232 3542 482 3610 ἱστορίαν
506 3542 758 3610 εὑρήσεις
779 3558 791 3569 ·
816 3542 877 3592 οὐ
910 3541 1069 3609 μόνον
1093 3542 1112 3570 ⁶
1141 3541 1218 3603 δὲ,
1251 3541 1385 3594 ἀλλὰ
1415 3543 1507 3593 καὶ
1550 3540 1815 3609 διθυραμ-

230 3631 479 3685 ϐοποιῶν
524 3648 583 3683 τε
622 3632 716 3684 καὶ
762 3631 1011 3701 αὐλητῶν
1046 3634 1141 3685 καὶ
1166 3633 1486 3703 κιθαρῳδῶν
1510 3675 1524 3696 ,
1551 3634 1815 3687 ἐπιθαλα-

233 3724 377 3793 μίων
429 3740 487 3775 τε
526 3722 680 3791 ᾠδῶν
706 3723 801 3775 καὶ
832 3724 1107 3791 ὑμεναίων
1136 3726 1230 3776 καὶ
1264 3725 1665 3795 ὑποχρημάτων
1708 3728 1814 3794 ἀφ-

230 3816 461 3881 ήγησιν,
488 3812 619 3881 περί
647 3830 705 3864 τε
729 3815 1011 3883 ὀρχηστῶν
1032 3816 1126 3867 καὶ
1146 3815 1255 3868 τῶν
1284 3815 1458 3870 ἄλλων
1482 3817 1592 3869 τῶν
1618 3820 1675 3869 ὲν
1705 3820 1817 3883 τοῖς

244 3907 587 3975 Ἑλληνικοῖς
631 3906 882 3975 θεάτροις
940 3906 1380 3974 ἀγωνιζομένων,
1434 3909 1556 3961 ὅθεν
1620 3926 1679 3962 τε
1721 3908 1817 3963 καὶ

231 3998 387 4061 ὅπως
430 3998 482 4049 οἱ
538 3997 743 4049 τούτων
777 3997 869 4049 ἐπὶ
924 3998 1069 4066 μέγα
1125 3998 1283 4060 κλέος
1313 4000 1444 4068 παρ’
1473 4000 1659 4061 αὐτοῖς
1690 4001 1819 4053 ἀνα-

234 4086 545 4155 δραμόντες
587 4088 897 4152 γεγόνασιν,
922 4088 1031 4139 εἴτε
1064 4087 1292 4158 ἄρρενες
1320 4088 1430 4141 είτε
1455 4091 1550 4143 καὶ
1578 4092 1677 4159 τὴν
1724 4091 1818 4161 θή-

233 4179 389 4230 λειαν
418 4177 585 4244 φύσιν
641 4176 1116 4247 διεκληρώσαντοο
1181 4179 1325 4242 τίνες
1374 4198 1434 4233 τε
1500 4183 1659 4236 τίνων
1699 4186 1818 4236 ἐπι-

233 4268 599 4337 τηδευμάτων
625 4267 767 4336 ἁρχὴ
804 4267 1230 4338 διεγνὼσθησαν,
1268 4270 1362 4322 καὶ
1390 4270 1595 4323 τούτων
1620 4271 1677 4324 δὲ
1732 4273 1815 4324 τί-

234 4374 327 4419 νες
353 4358 634 4425 τυράννων
662 4358 693 4425 ἢ
727 4358 988 4425 βασιλέων
1019 4361 1248 4427 ἐρασταὶ
1279 4361 1372 4412 καὶ
1411 4361 1555 4429 φίλοι
1586 4363 1814 4429 γεγόνα-

236 4460 327 4496 σιν
359 4460 375 4473 ·
417 4444 479 4495 οὑ
514 4446 621 4513 μὴν
651 4444 785 4497 ἀλλὰ
817 4447 912 4497 καὶ
962 4448 1108 4511 τίνες
1138 4464 1198 4500 τε
1220 4451 1268 4500 oi
1293 4450 1503 4515 ἀγῶνες
1538 4452 1632 4502 καὶ
1661 4451 1813 4515 ὅθεν,

1836 3205 1883 3267 C

1889 709 2332 775 tantumdemque
2364 707 2789 776 comprehendit.

1959 890 2129 944 Aliter
2155 889 2348 943 deinde
2382 888 2519 943 liber
2550 905 2581 944 e
2616 888 2918 957 Pamphiles
2938 887 3049 956 (⁵14)
3072 887 3335 943 Soteridze
3360 888 3454 943 ﬁlii

1892 981 2257 1051 Epitomarum
2282 981 2422 1035 libro
2468 981 2664 1047 primo,
2697 996 2759 1033 ac
2784 980 3039 1046 deinceps
3082 981 3149 1032 ad
3190 982 3455 1033 decimum

1892 1090 2083 1143 usque,
2100 1084 2155 1129 et
2179 1091 2243 1129 ex
2273 1075 2579 1128 Artemonis
2630 1074 2893 1138 Magnetis
2922 1074 3015 1126 lilii
3048 1072 3459 1125 Narrationibus

1893 1169 1956 1219 de
1989 1178 2123 1219 recte
2160 1166 2315 1232 factis
2354 1166 2650 1219 mulierum.
2686 1167 2763 1219 Ad
2808 1166 2918 1217 haec
2952 1165 3116 1217 etiam
3150 1179 3179 1216 e
3215 1163 3463 1229 Diogenis

1894 1260 2082 1329 Cynici
2114 1257 2848 1326 Apophthegmatis,aliisque
2874 1257 3122 1310 diversis.
3146 1256 3285 1322 Quin
3313 1264 3367 1309 et
3396 1269 3464 1307 ex

1894 1364 2086 1407 octavo
2108 1353 2246 1407 libro
2270 1351 2538 1421 Sappbus.
2562 1351 2691 1417 Qua:
2720 1351 2937 1405 secundi
2970 1349 3093 1403 libri
3136 1348 3465 1402 collectanea

1898 1454 2042 1500 sont.

1974 1709 2161 1780 1030
2201 1708 2417 1763 Tertius
2467 1717 2576 1760 tum
2628 1704 2763 1760 liber
2829 1705 3026 1772 legitur
3076 1718 3144 1757 ex
3174 1702 3465 1772 Omuigena

1904 1801 2150 1855 Favorini
2184 1799 2333 1853 Silva
2371 1798 2504 1868 (75),
2539 1811 2604 1852 ex
2645 1798 2782 1865 ejus,
2815 1798 3056 1862 inquam,
3086 1794 3152 1855 N,
3180 1794 3241 1856 Ξ,
3284 1807 3337 1848 et
3380 1810 3467 1847 0r-

1903 1894 2024 1947 dine
2077 1893 2461 1960 sequentibus,
2518 1903 2626 1943 uno
2675 1898 2900 1954 excepto
2953 1886 3019 1949 'l‘,
3068 1900 3239 1955 usque
3290 1886 3355 1939 ad
3405 1886 3467 1936 Ω.

1903 1987 2074 2040 Variae
2116 1990 2202 2040 liic
2229 1984 2525 2039 afferuntur
2571 1985 2831 2045 histor-im,
2872 1992 2926 2035 et
2963 1982 3339 2047 impositorum
3373 1995 3472 2033 no-

1904 2083 2108 2135 minum
2149 2081 2413 2143 rationes,
2446 2090 2609 2146 atque
2648 2076 2699 2130 id
2745 2092 2910 2143 genus
2953 2077 3080 2139 alia,
3111 2075 3162 2127 in
3194 2088 3313 2142 quae
3348 2081 3472 2125 ter-

1907 2177 2011 2230 tius
2039 2174 2243 2228 desinit
2274 2175 2427 2226 liber.

1976 2266 2215 2331 Quartus
2245 2276 2424 2317 autem
2468 2278 2534 2316 ex
2567 2262 2756 2314 incerti
2812 2259 3049 2313 anetoris
3088 2256 3224 2310 libro
3257 2255 3473 2310 concin-

1907 2370 2085 2423 natus,
2114 2359 2267 2423 cujus
2293 2354 2480 2410 titulns
2504 2363 2586 2407 est.
2612 2371 2625 2405 :
2652 2352 3097 2405 Admirandorum
3122 2348 3473 2412 Collectanea,

1907 2464 1961 2507 et
1986 2468 2051 2507 ex
2083 2451 2393 2506 Aristoxeni
2430 2447 2543 2517 (76)
2577 2445 3031 2499 Miscellaneorum
3062 2442 3474 2502 commentariis,

1909 2560 1972 2598 ac
2030 2560 2095 2597 nc
2138 2544 2215 2597 iis
2273 2542 2490 2610 quidem
2548 2538 2818 2596 omnibus.
2863 2538 2953 2589 setl
3003 2550 3033 2588 a
3078 2535 3286 2587 decimo
3322 2545 3476 2586 scxto

1908 2639 2170 2691 duntaxat
2219 2636 2377 2699 libro,
2420 2642 2583 2698 atque
2632 2645 2696 2684 ex
2749 2640 2937 2683 octavo
2984 2627 3123 2680 libro
3159 2624 3302 2688 Ruli,
3339 2622 3477 2676 Dra-

1910 2730 2116 2783 matica:
2160 2726 2435 2779 Historim.
2483 2722 2582 2776 llic
2628 2720 2959 2774 incredibilia
2998 2729 3161 2786 atque
3202 2717 3474 2785 inopinata

1912 2819 2144 2872 maxime
2185 2816 2445 2884 reperias,
2478 2823 2671 2865 etcum
2715 2812 3101 2879 tragcedorum,
3132 2818 3242 2860 tum
3279 2822 3477 2861 conne-

1912 2911 2102 2963 dornm
2144 2909 2289 2960 varia
2325 2916 2501 2973 gesta,
2531 2917 2830 2965 sermones,
2866 2902 3097 2968 vitzeque
3133 2900 3395 2958 instituta,
3426 2908 3479 2949 et

1912 2998 2130 3060 similia,
2165 3014 2229 3052 ex
2265 2996 2461 3067 quibus
2495 3002 2723 3063 quartus
2757 2993 2890 3047 liber
2924 2991 3230 3045 coniicitur.

1985 3260 2218 3327 Quintus
2260 3273 2390 3313 vero
2432 3256 2694 3313 collectus
2736 3270 2768 3308 c
2816 3252 2936 3307 Ruﬁ
2984 3250 3207 3306 Musirte
3253 3252 3483 3303 historia:

1914 3354 2068 3408 libris
2120 3352 2316 3420 primo,
2363 3348 2625 3411 secundo,
2669 3355 2725 3401 et
2767 3346 2946 3409 tertio,
2995 3344 3084 3397 ubi
3134 3345 3481 3412 tragicorum,

1913 3460 1975 3497 ac
2004 3446 2338 3498 comicorum
2387 3443 2590 3496 variam
2634 3441 2873 3494 invenies
2915 3436 3217 3491 bismriam.
3252 3436 3387 3501 Quin
3430 3442 3485 3488 ct

1914 3538 2286 3608 dithyrambos
2317 3536 2671 3590 scribentium
2695 3574 2710 3599 ,
2741 3543 2795 3586 et
2834 3532 3173 3585 aulaadorum
3213 3544 3275 3583 ac
3310 3529 3483 3583 citba-

1916 3634 2212 3694 rtndormn,
2246 3626 2825 3698 epitlialamiorumque
2856 3624 3179 3686 carminum,
3208 3632 3262 3676 et
3300 3623 3485 3691 hyme-

1916 3738 2179 3787 tneorum,
2215 3731 2374 3789 atque
2420 3718 2811 3773 cantilenarum
2861 3717 2911 3769 in
2952 3715 3149 3769 chorea
3194 3726 3480 3767 enumera-

1915 3817 2136 3868 tionem.
2168 3811 2296 3865 Item
2328 3811 2395 3863 de
2422 3807 2790 3869 saltatoribus,
2823 3806 3053 3873 aliisque
3089 3805 3139 3857 in
3170 3802 3481 3858 ϐνωοοιίιηι

1918 3908 2148 3963 theatris
2188 3906 2403 3958 usitatis
2438 3899 2849 3956 certaminibus.
2891 3898 3041 3953 Unde
3080 3898 3230 3960 item,
3276 3906 3329 3949 et
3378 3910 3485 3961 quo

1916 4013 2115 4069 genere
2140 3998 2248 4051 nati
2276 3994 2497 4059 fuerint,
2520 3994 2609 4061 qui
2641 3992 2780 4060 apud
2811 3990 2955 4059 ipsos
2978 3988 3075 4041 viri
3104 3989 3215 4041 sive
3248 3986 3481 4049 feininte,

1916 4094 1980 4147 ad
2000 4106 2272 4146 summum
2305 4090 2357 4143 in
2392 4088 2475 4142 lns
2495 4088 2659 4142 decus
2681 4080 3299 4154 pervenerunt.Quinam
3322 4079 3483 4132 etiam

1915 4182 2248 4250 singulorum
2297 4189 2549 4234 auctores
2589 4191 2652 4231 ac
2689 4175 2959 4245 principes
2995 4173 3293 4227 studiorum
3319 4171 3485 4224 exsti.

1917 4275 2082 4328 terint
2113 4288 2128 4328 :
2164 4282 2216 4326 et
2259 4271 2350 4339 qui
2387 4270 2579 4323 horum
2616 4267 2831 4336 regibus
2859 4276 2950 4319 aut
2982 4264 3395 4333 imperatoribus
3428 4262 3478 4313 in

1917 4365 2143 4427 deliciis,
2174 4374 2229 4417 et
2259 4362 2420 4415 amici
2456 4359 2678 4413 fuerint.
2712 4358 2824 4412 lioc
2866 4357 3114 4425 amplius,
3144 4357 3233 4423 qui
3269 4354 3398 4415 ludi,
3424 4362 3478 4404 et

1921 4454 2085 4516 unde,
2124 4451 2175 4503 in
2211 4451 2404 4519 quibus
2438 4457 2608 4503 artem
2651 4450 2881 4517 quisque
2918 4460 3070 4499 suam
3110 4446 3365 4499 ostendit.
3414 4444 3486 4496 De

234 4536 295 4586 ἑν
325 4528 409 4597 οἷς
438 4534 671 4597 ἕκαστος
694 4535 762 4587 τὰ
792 4536 892 4605 τῆς
926 4539 1122 4608 τέχνης
1148 4540 1511 4593 ἐπεδείκνυτο.
1542 4542 1654 4596 Καὶ
1682 4545 1812 4613 περ)⁸
1848 4557 1892 4612 ι)

1848 4557 1892 4612 ι)
1924 4547 2078 4599 festis
2104 4558 2319 4612 quoque
2343 4543 2556 4603 diebus,
2587 4541 2679 4609 qui
2726 4556 2754 4590 a
2802 4548 2910 4591 toto
2943 4536 3253 4589 Atheniensi
3290 4535 3484 4602 populo

234 4626 447 4693 ἑορτῶν
470 4626 549 4689 δὲ,
573 4628 693 4679 ὅσαι
717 4630 888 4700 πάνδη
898 4648 987 4697 μοι
1029 4635 1141 4693 τοῖς
1181 4633 1503 4700 ’Δθηναίοις.
1542 4634 1724 4687 Ταῦτα
1748 4637 1812 4706 δὴ

236 4718 444 4779 πάντα,
478 4719 570 4769 καὶ
622 4717 674 4769 ετ
706 4737 757 4771 τι
795 4720 999 4789 ὅμοιον,
1029 4724 1057 4775 ό
1084 4722 1331 4793 πέμπτος
1381 4726 1813 4795 ἀναγινώσκοντι

235 4825 322 4860 σοι
344 4809 690 4878 παραστήσει
710 4810 888 4877 λόγος,

319 4899 381 4952 ’0
412 4899 471 4950 δὲ
507 4898 663 4962 ἕκτος
708 4902 858 4972 αὑτῷ
922 4904 1183 4975 συνελέγη
1215 4906 1370 4974 λόγος
1396 4907 1459 4961 ἐκ
1504 4925 1564 4961 τε
1599 4910 1769 4979 αὐτῆς
1792 4914 1812 4943 ν

244 4988 483 5060 Ῥούφου
516 4994 831 5062 Μουσικῆς
859 4997 1083 5059 βίϐλου
1116 5000 1373 5070 πέμπτης
1398 5001 1492 5052 καὶ
1526 5004 1814 5073 τετάρτης,

211 5083 492 5153 ναὺλητῶν
519 5085 575 5137 δὲ
606 5089 698 5138 καὶ
745 5088 1078 5157 αὐλημάτων
1126 5092 1407 5161 ἀφήγησιν
1465 5093 1599 5162 ἔχει,
1627 5096 1819 5165 ἄνδρες

232 5192 293 5229 τε
324 5176 429 5229 ὅσα
460 5176 704 5248 ηὔλησαν
742 5181 834 5233 καὶ
871 5182 936 5253 δη
966 5184 1059 5234 καὶ
1108 5185 1383 5249 γυναῖκες.
1418 5186 1529 5237 Καὶ
1566 5186 1815 5255 Ὅμηρος

1921 4638 2286 4691 celebrantur.
2327 4634 2451 4688 Hmc
2494 4635 2653 4702 igitur
2678 4633 2879 4693 omnia,
2909 4640 2963 4684 et
2995 4631 3039 4682 si
3075 4629 3201 4697 quid
3236 4627 3321 4681 his
3350 4628 3486 4682 forte

1918 4729 2116 4797 simile,
2145 4729 2443 4797 legentibus
2477 4729 2696 4795 quintus
2724 4724 2880 4787 liber,
2932 4724 3167 4779 exhibet.

1990 4910 2187 4964 Sextus
2228 4910 2295 4962 ab
2334 4906 2429 4963 illo
2461 4908 2719 4962 collectus
2762 4907 2921 4969 liber,
2953 4921 3018 4960 ex
3068 4905 3308 4974 ejusdem
3364 4904 3482 4957 ltnti

1919 5001 2141 5056 Mus-ica:
2176 5002 2410 5054 historia:
2445 5001 2584 5054 libro
2614 5009 2828 5067 quarto,
2860 5006 2914 5051 et
2940 4998 3149 5064 quinto.
3185 4995 3484 5049 Tibicinmn

1918 5107 2067 5156 vero,
2103 5102 2156 5146 et
2181 5092 2505 5155 carminum,
2536 5105 2653 5158 quae
2689 5088 2770 5141 vel
2804 5104 2833 5140 a
2874 5088 3030 5147 viris,
3069 5086 3150 5140 vel
3196 5101 3224 5138 a
3273 5084 3486 5139 fetniuis

1919 5187 1984 5238 ad
2019 5184 2204 5239 tibiam
2233 5192 2447 5237 cantata
2482 5183 2654 5245 fuere,
2682 5180 2921 5233 narratio
2950 5179 3273 5233 instituitur.
3300 5176 3483 5232 Home.

1524 5318 1758 5374 VARIIE
1796 5316 2178 5373 LECTIONES
2222 5356 2236 5371 .

340 5404 387 5436 "
584 5403 678 5457 τοῦ
710 5406 775 5459 Α.

237 5475 260 5507 ⁸
291 5475 391 5540 τῆς
424 5474 518 5526 τοῦ
544 5474 647 5529 ῨῬ.
676 5495 735 5541 ς.

235 5544 405 5598 αὑτοῦ
434 5546 499 5602 Δ.

876 5408 922 5438 ’⁸
957 5409 1051 5459 καὶ
1082 5419 1203 5463 ante
1239 5412 1302 5461 ἐκ
1347 5425 1457 5463 om.
1487 5413 1551 5464 A.
1634 5413 1679 5444 ⁹⁹
1712 5413 1869 5477 λόγου
1905 5412 1993 5465 AC
2026 5430 2037 5463 :
2090 5410 2270 5477 βίϐλου
2304 5425 2363 5471 ς.

854 5477 873 5506 ⁸
907 5479 1144 5548 μάλιστα
1210 5479 1419 5533 ἔνεστιν
1448 5484 1487 5533 Α
1528 5500 1541 5535 :
1576 5481 1725 5534 ἔστιν
1756 5500 1818 5547 ς.
1892 5483 1912 5513 ¹
1943 5477 2227 5551 διαφόρους
2258 5481 2381 5535 add.
2417 5477 2484 5531 Α.

2451 5408 2467 5437 ¹
2508 5406 2678 5476 πύλης
2704 5404 2765 5459 C.
2854 5406 2875 5436 ⁸
2905 5405 2997 5458 τοῦ
3040 5412 3168 5460 ante
3201 5404 3229 5471 ξ
3264 5409 3388 5460 add.
3428 5414 3460 5459 Α

2588 5479 2607 5509 ⁸
2642 5477 2800 5546 μόνον
2831 5476 2875 5530 A
2908 5495 2923 5531 :
2959 5476 3067 5547 μὴν
3101 5476 3164 5531 τί.
3243 5477 3264 5509 ⁷
3298 5479 3463 5538 αὐτῇ

1766 5668 1995 5725 NOTAE.

307 5753 423 5820 (74)
461 5753 535 5807 De
567 5770 675 5822 quo
710 5755 873 5807 etiam
910 5755 1031 5808 infr.
1068 5756 1188 5810 rod.
1223 5754 1307 5816 75,
1341 5766 1393 5809 et
1434 5755 1583 5811 Suid.

311 5823 425 5894 (75)
470 5824 748 5879 Videndus
792 5824 861 5880 de
907 5826 1006 5880 hoc
1048 5827 1263 5888 Suidas,
1301 5836 1353 5879 et
1409 5827 1657 5895 [tequens
1698 5830 1811 5898 opus

1918 5763 2057 5830 apud
2095 5762 2241 5830 Agel.
2278 5762 2496 5817 mentio.

1992 5832 2104 5900 (76)
2139 5833 2308 5898 Quem
2340 5835 2420 5888 vel
2449 5847 2518 5888 ex
2549 5831 2713 5889 Suida
2747 5832 2976 5887 noveris.
