  <div class='ocr_page' id='page_1' title='image "/cluster/home/n/w/nwhite01/storage/ocr_20150623/103/nnc1.0046979689/233.png"; bbox 0 0 4224 6446; ppageno 0'>
   <div class='ocr_carea' id='block_1_1' title="bbox 726 391 822 456">
    <p class='ocr_par' dir='ltr' id='par_1_1' title="bbox 726 391 822 456">
     <span class='ocr_line' id='line_1_1' title="bbox 726 391 822 456; baseline 0 0"><span class='ocrx_word' id='word_1_1' title='bbox 726 391 822 456; x_wconf 73' lang='grc'><strong>451</strong></span> 
     </span>
    </p>
   </div>
   <div class='ocr_carea' id='block_1_2' title="bbox 1854 383 2818 450">
    <p class='ocr_par' dir='ltr' id='par_1_2' title="bbox 1854 383 2818 450">
     <span class='ocr_line' id='line_1_2' title="bbox 1854 383 2818 450; baseline 0.005 -5"><span class='ocrx_word' id='word_1_2' title='bbox 1854 383 2116 446; x_wconf 82' lang='grc' dir='ltr'><strong>ΡΙΙΟΤΙΙ</strong></span> <span class='ocrx_word' id='word_1_3' title='bbox 2153 384 2666 449; x_wconf 65' lang='grc' dir='ltr'><strong>ΡΛΤΗῘΑΒΟΗΕ</strong></span> <span class='ocrx_word' id='word_1_4' title='bbox 2709 389 2818 450; x_wconf 90' lang='lat' dir='ltr'><strong>CP.</strong></span> 
     </span>
    </p>
   </div>
   <div class='ocr_carea' id='block_1_3' title="bbox 3891 395 3998 460">
    <p class='ocr_par' dir='ltr' id='par_1_3' title="bbox 3891 395 3998 460">
     <span class='ocr_line' id='line_1_3' title="bbox 3891 395 3998 460; baseline 0.019 -2"><span class='ocrx_word' id='word_1_5' title='bbox 3891 395 3998 460; x_wconf 72' lang='grc'><strong>452</strong></span> 
     </span>
    </p>
   </div>
   <div class='ocr_carea' id='block_1_4' title="bbox 801 495 2315 574">
    <p class='ocr_par' dir='ltr' id='par_1_4' title="bbox 801 495 2308 570">
     <span class='ocr_line' id='line_1_4' title="bbox 801 495 2308 570; baseline -0.003 -15"><span class='ocrx_word' id='word_1_6' title='bbox 801 502 1044 570; x_wconf 79' lang='lat' dir='ltr'><strong>Magnam</strong></span> <span class='ocrx_word' id='word_1_7' title='bbox 1091 514 1222 555; x_wconf 84' lang='lat' dir='ltr'><strong>sane</strong></span> <span class='ocrx_word' id='word_1_8' title='bbox 1255 499 1540 553; x_wconf 87' lang='lat' dir='ltr'><strong>utilitatem</strong></span> <span class='ocrx_word' id='word_1_9' title='bbox 1575 498 1690 552; x_wconf 71' lang='lat' dir='ltr'><strong>tunc</strong></span> <span class='ocrx_word' id='word_1_10' title='bbox 1721 495 2024 565; x_wconf 74' lang='lat' dir='ltr'><strong>legentibus</strong></span> <span class='ocrx_word' id='word_1_11' title='bbox 2057 497 2308 551; x_wconf 81' lang='lat' dir='ltr'><strong>lucubra-</strong></span> 
     </span>
    </p>
   </div>
   <div class='ocr_carea' id='block_1_5' title="bbox 2411 495 3991 574">
    <p class='ocr_par' dir='ltr' id='par_1_5' title="bbox 2483 499 3991 574">
     <span class='ocr_line' id='line_1_5' title="bbox 2483 499 3991 574; baseline 0.004 -21"><span class='ocrx_word' id='word_1_12' title='bbox 2483 501 2689 571; x_wconf 77' lang='grc' dir='ltr'>Πολλὴν</span> <span class='ocrx_word' id='word_1_13' title='bbox 2716 501 2773 554; x_wconf 86' lang='grc' dir='ltr'><strong>δέ</strong></span> <span class='ocrx_word' id='word_1_14' title='bbox 2796 505 2894 571; x_wconf 80' lang='grc' dir='ltr'>τὴν</span> <span class='ocrx_word' id='word_1_15' title='bbox 2915 499 3106 570; x_wconf 79' lang='grc' dir='ltr'><strong>χρείαν</strong></span> <span class='ocrx_word' id='word_1_16' title='bbox 3134 501 3295 554; x_wconf 78' lang='grc' dir='ltr'>τοῦτο</span> <span class='ocrx_word' id='word_1_17' title='bbox 3321 501 3387 572; x_wconf 81' lang='grc' dir='ltr'>δὴ</span> <span class='ocrx_word' id='word_1_18' title='bbox 3410 501 3471 555; x_wconf 79' lang='grc' dir='ltr'>τὸ</span> <span class='ocrx_word' id='word_1_19' title='bbox 3505 502 3769 573; x_wconf 83' lang='grc' dir='ltr'>φιλοπόνη</span> <span class='ocrx_word' id='word_1_20' title='bbox 3779 521 3855 574; x_wconf 87' lang='grc' dir='ltr'><strong>μα</strong></span> <span class='ocrx_word' id='word_1_21' title='bbox 3877 509 3991 569; x_wconf 85' lang='grc' dir='ltr'>τοῖς</span> 
     </span>
    </p>
   </div>
   <div class='ocr_carea' id='block_1_6' title="bbox 729 588 2304 658">
    <p class='ocr_par' dir='ltr' id='par_1_6' title="bbox 729 588 2304 658">
     <span class='ocr_line' id='line_1_6' title="bbox 729 588 2304 658; baseline -0.004 -8"><span class='ocrx_word' id='word_1_22' title='bbox 729 599 804 650; x_wconf 89' lang='lat' dir='ltr'><strong>tio</strong></span> <span class='ocrx_word' id='word_1_23' title='bbox 847 596 1023 649; x_wconf 82' lang='lat' dir='ltr'><strong>aﬂ‘ert.</strong></span> <span class='ocrx_word' id='word_1_24' title='bbox 1053 594 1164 647; x_wconf 78' lang='lat' dir='ltr'><strong>Etsi</strong></span> <span class='ocrx_word' id='word_1_25' title='bbox 1194 592 1335 645; x_wconf 87' lang='lat' dir='ltr'><strong>enim</strong></span> <span class='ocrx_word' id='word_1_26' title='bbox 1373 589 1569 644; x_wconf 77' lang='lat' dir='ltr'><strong>fabulis</strong></span> <span class='ocrx_word' id='word_1_27' title='bbox 1590 629 1605 655; x_wconf 96' lang='lat'><strong>,</strong></span> <span class='ocrx_word' id='word_1_28' title='bbox 1639 588 1900 658; x_wconf 81' lang='lat' dir='ltr'><strong>prodigiis</strong></span> <span class='ocrx_word' id='word_1_29' title='bbox 1922 627 1937 651; x_wconf 93' lang='lat'><strong>,</strong></span> <span class='ocrx_word' id='word_1_30' title='bbox 1967 590 2264 644; x_wconf 85' lang='lat' dir='ltr'><strong>mendaciis</strong></span> <span class='ocrx_word' id='word_1_31' title='bbox 2289 630 2304 654; x_wconf 94' lang='lat'><strong>,</strong></span> 
     </span>
    </p>
   </div>
   <div class='ocr_carea' id='block_1_7' title="bbox 731 681 2306 756">
    <p class='ocr_par' dir='ltr' id='par_1_7' title="bbox 731 681 2306 756">
     <span class='ocr_line' id='line_1_7' title="bbox 731 681 2306 756; baseline -0.004 -15"><span class='ocrx_word' id='word_1_32' title='bbox 731 701 895 756; x_wconf 75' lang='lat' dir='ltr'><strong>anque</strong></span> <span class='ocrx_word' id='word_1_33' title='bbox 919 683 1322 738; x_wconf 89' lang='lat' dir='ltr'><strong>incredibilibus</strong></span> <span class='ocrx_word' id='word_1_34' title='bbox 1352 721 1367 744; x_wconf 95' lang='lat'><strong>,</strong></span> <span class='ocrx_word' id='word_1_35' title='bbox 1399 691 1456 734; x_wconf 93' lang='lat' dir='ltr'><strong>ut</strong></span> <span class='ocrx_word' id='word_1_36' title='bbox 1480 682 1674 749; x_wconf 60' lang='lat' dir='ltr'><strong>saepius</strong></span> <span class='ocrx_word' id='word_1_37' title='bbox 1704 697 1732 733; x_wconf 86' lang='lat' dir='ltr'><strong>a</strong></span> <span class='ocrx_word' id='word_1_38' title='bbox 1779 695 1864 734; x_wconf 89' lang='lat' dir='ltr'><strong>me</strong></span> <span class='ocrx_word' id='word_1_39' title='bbox 1907 681 2143 744; x_wconf 85' lang='lat' dir='ltr'><strong>dictum,</strong></span> <span class='ocrx_word' id='word_1_40' title='bbox 2201 696 2306 734; x_wconf 93' lang='lat' dir='ltr'><strong>non</strong></span> 
     </span>
    </p>
   </div>
   <div class='ocr_carea' id='block_1_8' title="bbox 725 771 2311 841">
    <p class='ocr_par' dir='ltr' id='par_1_8' title="bbox 725 771 2311 841">
     <span class='ocr_line' id='line_1_8' title="bbox 725 771 2311 841; baseline -0.001 -12"><span class='ocrx_word' id='word_1_41' title='bbox 725 788 894 839; x_wconf 78' lang='lat' dir='ltr'><strong>caret,</strong></span> <span class='ocrx_word' id='word_1_42' title='bbox 932 791 1000 828; x_wconf 78' lang='lat' dir='ltr'><strong>ex</strong></span> <span class='ocrx_word' id='word_1_43' title='bbox 1052 774 1135 828; x_wconf 88' lang='lat' dir='ltr'><strong>his</strong></span> <span class='ocrx_word' id='word_1_44' title='bbox 1168 774 1294 841; x_wconf 86' lang='lat' dir='ltr'><strong>ipsis</strong></span> <span class='ocrx_word' id='word_1_45' title='bbox 1316 781 1492 826; x_wconf 87' lang='lat' dir='ltr'><strong>tamen</strong></span> <span class='ocrx_word' id='word_1_46' title='bbox 1520 811 1535 833; x_wconf 93' lang='lat'><strong>,</strong></span> <span class='ocrx_word' id='word_1_47' title='bbox 1581 787 1702 840; x_wconf 69' lang='lat' dir='ltr'><strong>qua:</strong></span> <span class='ocrx_word' id='word_1_48' title='bbox 1732 771 1797 825; x_wconf 87' lang='lat' dir='ltr'><strong>ad</strong></span> <span class='ocrx_word' id='word_1_49' title='bbox 1840 772 2042 824; x_wconf 90' lang='lat' dir='ltr'><strong>variam</strong></span> <span class='ocrx_word' id='word_1_50' title='bbox 2076 772 2238 825; x_wconf 91' lang='lat' dir='ltr'><strong>veluti</strong></span> <span class='ocrx_word' id='word_1_51' title='bbox 2279 787 2311 827; x_wconf 89' lang='lat' dir='ltr'><strong>e</strong></span> 
     </span>
    </p>
   </div>
   <div class='ocr_carea' id='block_1_9' title="bbox 727 864 2306 937">
    <p class='ocr_par' dir='ltr' id='par_1_9' title="bbox 727 864 2306 937">
     <span class='ocr_line' id='line_1_9' title="bbox 727 864 2306 937; baseline -0.001 -18"><span class='ocrx_word' id='word_1_52' title='bbox 727 885 866 937; x_wconf 88' lang='lat' dir='ltr'><strong>penu</strong></span> <span class='ocrx_word' id='word_1_53' title='bbox 891 869 1071 937; x_wconf 92' lang='lat' dir='ltr'><strong>aliquo</strong></span> <span class='ocrx_word' id='word_1_54' title='bbox 1127 865 1475 934; x_wconf 82' lang='lat' dir='ltr'><strong>premendam</strong></span> <span class='ocrx_word' id='word_1_55' title='bbox 1511 865 1809 918; x_wconf 82' lang='lat' dir='ltr'><strong>doctrinam</strong></span> <span class='ocrx_word' id='word_1_56' title='bbox 1867 864 2108 929; x_wconf 83' lang='lat' dir='ltr'><strong>faciunt,</strong></span> <span class='ocrx_word' id='word_1_57' title='bbox 2144 867 2306 918; x_wconf 88' lang='lat' dir='ltr'><strong>etiam</strong></span> 
     </span>
    </p>
   </div>
   <div class='ocr_carea' id='block_1_10' title="bbox 727 954 2308 1025">
    <p class='ocr_par' dir='ltr' id='par_1_10' title="bbox 727 954 2308 1025">
     <span class='ocr_line' id='line_1_10' title="bbox 727 954 2308 1025; baseline 0.001 -15"><span class='ocrx_word' id='word_1_58' title='bbox 727 961 794 1012; x_wconf 83' lang='lat' dir='ltr'><strong>ad</strong></span> <span class='ocrx_word' id='word_1_59' title='bbox 824 961 1076 1012; x_wconf 88' lang='lat' dir='ltr'><strong>virtutem</strong></span> <span class='ocrx_word' id='word_1_60' title='bbox 1109 969 1268 1025; x_wconf 86' lang='lat' dir='ltr'><strong>atque</strong></span> <span class='ocrx_word' id='word_1_61' title='bbox 1301 958 1639 1009; x_wconf 76' lang='lat' dir='ltr'><strong>hoaestatem</strong></span> <span class='ocrx_word' id='word_1_62' title='bbox 1700 954 1953 1009; x_wconf 69' lang='lat' dir='ltr'><strong>facientia</strong></span> <span class='ocrx_word' id='word_1_63' title='bbox 2018 955 2308 1025; x_wconf 74' lang='lat' dir='ltr'><strong>decerpere</strong></span> 
     </span>
    </p>
   </div>
   <div class='ocr_carea' id='block_1_11' title="bbox 725 1047 2307 1118">
    <p class='ocr_par' dir='ltr' id='par_1_11' title="bbox 725 1047 2307 1118">
     <span class='ocr_line' id='line_1_11' title="bbox 725 1047 2307 1118; baseline 0.001 -18"><span class='ocrx_word' id='word_1_64' title='bbox 725 1065 884 1117; x_wconf 86' lang='lat' dir='ltr'><strong>quam</strong></span> <span class='ocrx_word' id='word_1_65' title='bbox 906 1048 1130 1118; x_wconf 88' lang='lat' dir='ltr'><strong>plurima</strong></span> <span class='ocrx_word' id='word_1_66' title='bbox 1154 1048 1294 1101; x_wconf 89' lang='lat' dir='ltr'><strong>licet.</strong></span> <span class='ocrx_word' id='word_1_67' title='bbox 1315 1049 1395 1099; x_wconf 77' lang='lat' dir='ltr'><strong>Ad</strong></span> <span class='ocrx_word' id='word_1_68' title='bbox 1424 1051 1558 1100; x_wconf 89' lang='lat' dir='ltr'><strong>bene</strong></span> <span class='ocrx_word' id='word_1_69' title='bbox 1585 1048 1794 1102; x_wconf 85' lang='lat' dir='ltr'><strong>dicendi</strong></span> <span class='ocrx_word' id='word_1_70' title='bbox 1826 1063 1952 1101; x_wconf 87' lang='lat' dir='ltr'><strong>vero</strong></span> <span class='ocrx_word' id='word_1_71' title='bbox 1973 1047 2307 1112; x_wconf 77' lang='lat' dir='ltr'><strong>facultatem,</strong></span> 
     </span>
    </p>
   </div>
   <div class='ocr_carea' id='block_1_12' title="bbox 727 1140 2304 1210">
    <p class='ocr_par' dir='ltr' id='par_1_12' title="bbox 727 1140 2304 1210">
     <span class='ocr_line' id='line_1_12' title="bbox 727 1140 2304 1210; baseline 0.001 -16"><span class='ocrx_word' id='word_1_72' title='bbox 727 1151 786 1194; x_wconf 87' lang='lat' dir='ltr'><strong>ttt</strong></span> <span class='ocrx_word' id='word_1_73' title='bbox 818 1141 1044 1210; x_wconf 85' lang='lat' dir='ltr'><strong>ipsemet</strong></span> <span class='ocrx_word' id='word_1_74' title='bbox 1080 1142 1146 1194; x_wconf 87' lang='lat' dir='ltr'><strong>ad</strong></span> <span class='ocrx_word' id='word_1_75' title='bbox 1181 1142 1387 1193; x_wconf 90' lang='lat' dir='ltr'><strong>amicos</strong></span> <span class='ocrx_word' id='word_1_76' title='bbox 1428 1140 1711 1205; x_wconf 70' lang='lat' dir='ltr'><strong>praefatur,</strong></span> <span class='ocrx_word' id='word_1_77' title='bbox 1759 1155 1862 1192; x_wconf 90' lang='lat' dir='ltr'><strong>non</strong></span> <span class='ocrx_word' id='word_1_78' title='bbox 1898 1142 2168 1194; x_wconf 91' lang='lat' dir='ltr'><strong>modicum</strong></span> <span class='ocrx_word' id='word_1_79' title='bbox 2217 1156 2304 1195; x_wconf 83' lang='lat' dir='ltr'><strong>ea-</strong></span> 
     </span>
    </p>
   </div>
   <div class='ocr_carea' id='block_1_13' title="bbox 726 1231 2308 1300">
    <p class='ocr_par' dir='ltr' id='par_1_13' title="bbox 726 1231 2308 1300">
     <span class='ocr_line' id='line_1_13' title="bbox 726 1231 2308 1300; baseline -0.001 -13"><span class='ocrx_word' id='word_1_80' title='bbox 726 1235 848 1287; x_wconf 85' lang='lat' dir='ltr'><strong>dem</strong></span> <span class='ocrx_word' id='word_1_81' title='bbox 905 1231 1138 1287; x_wconf 78' lang='lat' dir='ltr'><strong>aﬂ’erunt</strong></span> <span class='ocrx_word' id='word_1_82' title='bbox 1188 1232 1648 1298; x_wconf 81' lang='lat' dir='ltr'><strong>emolumentum,</strong></span> <span class='ocrx_word' id='word_1_83' title='bbox 1682 1233 2056 1300; x_wconf 76' lang='lat' dir='ltr'><strong>insignemque</strong></span> <span class='ocrx_word' id='word_1_84' title='bbox 2104 1233 2308 1286; x_wconf 87' lang='lat' dir='ltr'><strong>utilita-</strong></span> 
     </span>
    </p>
   </div>
   <div class='ocr_carea' id='block_1_14' title="bbox 729 1323 2303 1394">
    <p class='ocr_par' dir='ltr' id='par_1_14' title="bbox 729 1323 2303 1394">
     <span class='ocr_line' id='line_1_14' title="bbox 729 1323 2303 1394; baseline -0.003 -15"><span class='ocrx_word' id='word_1_85' title='bbox 729 1337 835 1379; x_wconf 87' lang='lat' dir='ltr'><strong>tem</strong></span> <span class='ocrx_word' id='word_1_86' title='bbox 873 1324 1067 1394; x_wconf 80' lang='lat' dir='ltr'><strong>legenti</strong></span> <span class='ocrx_word' id='word_1_87' title='bbox 1095 1323 1331 1392; x_wconf 89' lang='lat' dir='ltr'><strong>pariunt.</strong></span> <span class='ocrx_word' id='word_1_88' title='bbox 1365 1323 1535 1375; x_wconf 84' lang='lat' dir='ltr'><strong>Dictio</strong></span> <span class='ocrx_word' id='word_1_89' title='bbox 1562 1324 1677 1391; x_wconf 85' lang='lat' dir='ltr'><strong>ejus</strong></span> <span class='ocrx_word' id='word_1_90' title='bbox 1718 1324 1864 1375; x_wconf 90' lang='lat' dir='ltr'><strong>varia</strong></span> <span class='ocrx_word' id='word_1_91' title='bbox 1893 1362 1907 1386; x_wconf 93' lang='lat'><strong>,</strong></span> <span class='ocrx_word' id='word_1_92' title='bbox 1935 1338 2108 1392; x_wconf 82' lang='lat' dir='ltr'><strong>neque</strong></span> <span class='ocrx_word' id='word_1_93' title='bbox 2143 1323 2303 1375; x_wconf 90' lang='lat' dir='ltr'><strong>unius</strong></span> 
     </span>
    </p>
   </div>
   <div class='ocr_carea' id='block_1_15' title="bbox 729 1411 2303 1482">
    <p class='ocr_par' dir='ltr' id='par_1_15' title="bbox 729 1411 2303 1482">
     <span class='ocr_line' id='line_1_15' title="bbox 729 1411 2303 1482; baseline -0.001 -14"><span class='ocrx_word' id='word_1_94' title='bbox 729 1420 949 1480; x_wconf 78' lang='lat' dir='ltr'><strong>t&#39;orma:,</strong></span> <span class='ocrx_word' id='word_1_95' title='bbox 983 1415 1191 1468; x_wconf 83' lang='lat' dir='ltr'><strong>tametsi</strong></span> <span class='ocrx_word' id='word_1_96' title='bbox 1227 1414 1667 1482; x_wconf 73' lang='lat' dir='ltr'><strong>perspicuitatem</strong></span> <span class='ocrx_word' id='word_1_97' title='bbox 1696 1414 1747 1466; x_wconf 93' lang='lat' dir='ltr'><strong>in</strong></span> <span class='ocrx_word' id='word_1_98' title='bbox 1780 1411 2028 1466; x_wconf 85' lang='lat' dir='ltr'><strong>omnibus</strong></span> <span class='ocrx_word' id='word_1_99' title='bbox 2050 1413 2303 1467; x_wconf 90' lang='lat' dir='ltr'><strong>servarit.</strong></span> 
     </span>
    </p>
   </div>
   <div class='ocr_carea' id='block_1_16' title="bbox 1462 1527 1665 1584">
    <p class='ocr_par' dir='ltr' id='par_1_16' title="bbox 1462 1527 1665 1584">
     <span class='ocr_line' id='line_1_16' title="bbox 1462 1527 1665 1584; baseline 0.005 -2"><span class='ocrx_word' id='word_1_100' title='bbox 1462 1527 1665 1584; x_wconf 77' lang='lat' dir='ltr'><strong>CLXII.</strong></span> 
     </span>
    </p>
   </div>
   <div class='ocr_carea' id='block_1_17' title="bbox 725 1621 2300 1691">
    <p class='ocr_par' dir='ltr' id='par_1_17' title="bbox 725 1621 2300 1691">
     <span class='ocr_line' id='line_1_17' title="bbox 725 1621 2300 1691; baseline -0.002 -17"><span class='ocrx_word' id='word_1_101' title='bbox 725 1623 938 1676; x_wconf 75' lang='lat' dir='ltr'><strong>Eusebii</strong></span> <span class='ocrx_word' id='word_1_102' title='bbox 994 1621 1217 1691; x_wconf 79' lang='lat' dir='ltr'><strong>episcopi</strong></span> <span class='ocrx_word' id='word_1_103' title='bbox 1257 1621 1275 1691; x_wconf 91' lang='lat'>(</span> <span class='ocrx_word' id='word_1_104' title='bbox 1310 1621 1736 1690; x_wconf 75' lang='lat' dir='ltr'><strong>Thessalonicm)</strong></span> <span class='ocrx_word' id='word_1_105' title='bbox 1785 1636 1967 1674; x_wconf 86' lang='lat' dir='ltr'><strong>contra</strong></span> <span class='ocrx_word' id='word_1_106' title='bbox 2029 1621 2300 1675; x_wconf 79' lang='lat' dir='ltr'><strong>Andream</strong></span> 
     </span>
    </p>
   </div>
   <div class='ocr_carea' id='block_1_18' title="bbox 1258 1693 1782 1761">
    <p class='ocr_par' dir='ltr' id='par_1_18' title="bbox 1258 1693 1782 1761">
     <span class='ocr_line' id='line_1_18' title="bbox 1258 1693 1782 1761; baseline 0.004 -19"><span class='ocrx_word' id='word_1_107' title='bbox 1258 1698 1534 1761; x_wconf 81' lang='lat' dir='ltr'><strong>quemdam</strong></span> <span class='ocrx_word' id='word_1_108' title='bbox 1572 1693 1694 1745; x_wconf 78' lang='lat' dir='ltr'><strong>libri</strong></span> <span class='ocrx_word' id='word_1_109' title='bbox 1731 1708 1782 1744; x_wconf 72' lang='grc' dir='ltr'>χ.</span> 
     </span>
    </p>
   </div>
   <div class='ocr_carea' id='block_1_19' title="bbox 798 1803 2384 1894">
    <p class='ocr_par' dir='ltr' id='par_1_19' title="bbox 798 1803 2384 1894">
     <span class='ocr_line' id='line_1_19' title="bbox 798 1803 2384 1894; baseline -0.006 -31"><span class='ocrx_word' id='word_1_110' title='bbox 798 1809 946 1864; x_wconf 87' lang='lat' dir='ltr'><strong>Lecti</strong></span> <span class='ocrx_word' id='word_1_111' title='bbox 996 1819 1118 1864; x_wconf 90' lang='lat' dir='ltr'><strong>sunt</strong></span> <span class='ocrx_word' id='word_1_112' title='bbox 1151 1808 1367 1862; x_wconf 89' lang='lat' dir='ltr'><strong>Eusebii</strong></span> <span class='ocrx_word' id='word_1_113' title='bbox 1416 1808 1726 1875; x_wconf 84' lang='lat' dir='ltr'><strong>cujusdam,</strong></span> <span class='ocrx_word' id='word_1_114' title='bbox 1782 1814 1841 1858; x_wconf 90' lang='lat' dir='ltr'><strong>ttt</strong></span> <span class='ocrx_word' id='word_1_115' title='bbox 1893 1805 2150 1875; x_wconf 81' lang='lat' dir='ltr'><strong>dignitate</strong></span> <span class='ocrx_word' id='word_1_116' title='bbox 2185 1803 2302 1874; x_wconf 90' lang='lat' dir='ltr'><strong>epi-</strong></span> <span class='ocrx_word' id='word_1_117' title='bbox 2337 1835 2384 1894; x_wconf 72' lang='grc' dir='ltr'><strong>Β</strong></span> 
     </span>
    </p>
   </div>
   <div class='ocr_carea' id='block_1_20' title="bbox 725 1894 2308 1970">
    <p class='ocr_par' dir='ltr' id='par_1_20' title="bbox 725 1894 2308 1970">
     <span class='ocr_line' id='line_1_20' title="bbox 725 1894 2308 1970; baseline -0.005 -16"><span class='ocrx_word' id='word_1_118' title='bbox 725 1903 867 1969; x_wconf 80' lang='lat' dir='ltr'><strong>scOpi</strong></span> <span class='ocrx_word' id='word_1_119' title='bbox 894 1900 1026 1970; x_wconf 75' lang='grc' dir='ltr'>(ὃὸ),</span> <span class='ocrx_word' id='word_1_120' title='bbox 1051 1901 1130 1952; x_wconf 91' lang='lat' dir='ltr'><strong>sic</strong></span> <span class='ocrx_word' id='word_1_121' title='bbox 1151 1911 1203 1952; x_wconf 94' lang='lat' dir='ltr'><strong>et</strong></span> <span class='ocrx_word' id='word_1_122' title='bbox 1226 1899 1328 1951; x_wconf 84' lang='lat' dir='ltr'><strong>ﬁde</strong></span> <span class='ocrx_word' id='word_1_123' title='bbox 1359 1897 1664 1961; x_wconf 77' lang='lat' dir='ltr'><strong>orthodoxi,</strong></span> <span class='ocrx_word' id='word_1_124' title='bbox 1690 1897 1871 1949; x_wconf 86' lang='lat' dir='ltr'><strong>decem</strong></span> <span class='ocrx_word' id='word_1_125' title='bbox 1909 1894 2027 1948; x_wconf 91' lang='lat' dir='ltr'><strong>libri</strong></span> <span class='ocrx_word' id='word_1_126' title='bbox 2052 1895 2308 1947; x_wconf 88' lang='lat' dir='ltr'><strong>adversus</strong></span> 
     </span>
    </p>
   </div>
   <div class='ocr_carea' id='block_1_21' title="bbox 725 1987 2309 2063">
    <p class='ocr_par' dir='ltr' id='par_1_21' title="bbox 725 1987 2309 2063">
     <span class='ocr_line' id='line_1_21' title="bbox 725 1987 2309 2063; baseline -0.005 -15"><span class='ocrx_word' id='word_1_127' title='bbox 725 1997 993 2049; x_wconf 79' lang='lat' dir='ltr'><strong>Andream</strong></span> <span class='ocrx_word' id='word_1_128' title='bbox 1022 1995 1308 2063; x_wconf 81' lang='lat' dir='ltr'><strong>quemdam</strong></span> <span class='ocrx_word' id='word_1_129' title='bbox 1374 1990 1773 2060; x_wconf 85' lang='lat' dir='ltr'><strong>inclttsum(87)</strong></span> <span class='ocrx_word' id='word_1_130' title='bbox 1802 2032 1816 2054; x_wconf 90' lang='lat'><strong>,</strong></span> <span class='ocrx_word' id='word_1_131' title='bbox 1874 1990 1963 2058; x_wconf 90' lang='lat' dir='ltr'><strong>qui</strong></span> <span class='ocrx_word' id='word_1_132' title='bbox 2014 1989 2202 2041; x_wconf 92' lang='lat' dir='ltr'><strong>horum</strong></span> <span class='ocrx_word' id='word_1_133' title='bbox 2236 1987 2309 2040; x_wconf 89' lang='lat' dir='ltr'><strong>illi</strong></span> 
     </span>
    </p>
   </div>
   <div class='ocr_carea' id='block_1_22' title="bbox 725 2079 2312 2151">
    <p class='ocr_par' dir='ltr' id='par_1_22' title="bbox 725 2079 2312 2151">
     <span class='ocr_line' id='line_1_22' title="bbox 725 2079 2312 2151; baseline -0.005 -12"><span class='ocrx_word' id='word_1_134' title='bbox 725 2089 1130 2142; x_wconf 68' lang='lat' dir='ltr'><strong>scribendorum</strong></span> <span class='ocrx_word' id='word_1_135' title='bbox 1179 2100 1400 2138; x_wconf 87' lang='lat' dir='ltr'><strong>causam</strong></span> <span class='ocrx_word' id='word_1_136' title='bbox 1447 2083 1613 2137; x_wconf 88' lang='lat' dir='ltr'><strong>dedit.</strong></span> <span class='ocrx_word' id='word_1_137' title='bbox 1655 2083 1958 2151; x_wconf 89' lang='lat' dir='ltr'><strong>Scripserat</strong></span> <span class='ocrx_word' id='word_1_138' title='bbox 2017 2082 2158 2133; x_wconf 91' lang='lat' dir='ltr'><strong>enim</strong></span> <span class='ocrx_word' id='word_1_139' title='bbox 2225 2079 2312 2132; x_wconf 89' lang='lat' dir='ltr'><strong>hie</strong></span> 
     </span>
    </p>
   </div>
   <div class='ocr_carea' id='block_1_23' title="bbox 727 2171 2313 2248">
    <p class='ocr_par' dir='ltr' id='par_1_23' title="bbox 727 2171 2313 2248">
     <span class='ocr_line' id='line_1_23' title="bbox 727 2171 2313 2248; baseline -0.004 -15"><span class='ocrx_word' id='word_1_140' title='bbox 727 2183 792 2235; x_wconf 89' lang='lat' dir='ltr'><strong>ad</strong></span> <span class='ocrx_word' id='word_1_141' title='bbox 831 2180 1114 2233; x_wconf 82' lang='lat' dir='ltr'><strong>Eusebium</strong></span> <span class='ocrx_word' id='word_1_142' title='bbox 1188 2175 1509 2248; x_wconf 81' lang='lat' dir='ltr'><strong>epistolam,</strong></span> <span class='ocrx_word' id='word_1_143' title='bbox 1567 2189 1723 2242; x_wconf 87' lang='lat' dir='ltr'><strong>quam</strong></span> <span class='ocrx_word' id='word_1_144' title='bbox 1793 2171 2313 2243; x_wconf 74' lang='grc' dir='ltr'>παραναγνωστικὺν</span> 
     </span>
    </p>
   </div>
   <div class='ocr_carea' id='block_1_24' title="bbox 728 2264 2311 2338">
    <p class='ocr_par' dir='ltr' id='par_1_24' title="bbox 728 2264 2311 2338">
     <span class='ocr_line' id='line_1_24' title="bbox 728 2264 2311 2338; baseline -0.005 -14"><span class='ocrx_word' id='word_1_145' title='bbox 728 2272 1030 2325; x_wconf 88' lang='lat' dir='ltr'><strong>nominarat</strong></span> <span class='ocrx_word' id='word_1_146' title='bbox 1063 2268 1209 2338; x_wconf 85' lang='lat'><strong>(88),</strong></span> <span class='ocrx_word' id='word_1_147' title='bbox 1272 2265 1629 2337; x_wconf 85' lang='lat' dir='ltr'><strong>jurejurando</strong></span> <span class='ocrx_word' id='word_1_148' title='bbox 1684 2267 1857 2336; x_wconf 88' lang='lat' dir='ltr'><strong>ipsunt</strong></span> <span class='ocrx_word' id='word_1_149' title='bbox 1927 2268 1993 2319; x_wconf 86' lang='lat' dir='ltr'><strong>ad</strong></span> <span class='ocrx_word' id='word_1_150' title='bbox 2053 2281 2172 2320; x_wconf 89' lang='lat' dir='ltr'><strong>eam</strong></span> <span class='ocrx_word' id='word_1_151' title='bbox 2235 2264 2311 2317; x_wconf 65' lang='grc' dir='ltr'><strong>Ιο-</strong></span> 
     </span>
    </p>
   </div>
   <div class='ocr_carea' id='block_1_25' title="bbox 726 2358 2310 2431">
    <p class='ocr_par' dir='ltr' id='par_1_25' title="bbox 726 2358 2310 2431">
     <span class='ocr_line' id='line_1_25' title="bbox 726 2358 2310 2431; baseline -0.003 -16"><span class='ocrx_word' id='word_1_152' title='bbox 726 2363 951 2431; x_wconf 74' lang='lat' dir='ltr'><strong>gendum</strong></span> <span class='ocrx_word' id='word_1_153' title='bbox 1010 2362 1253 2428; x_wconf 81' lang='lat' dir='ltr'><strong>adigens.</strong></span> <span class='ocrx_word' id='word_1_154' title='bbox 1312 2358 1428 2424; x_wconf 86' lang='lat' dir='ltr'><strong>Qua</strong></span> <span class='ocrx_word' id='word_1_155' title='bbox 1491 2359 1671 2421; x_wconf 86' lang='lat' dir='ltr'><strong>lecta,</strong></span> <span class='ocrx_word' id='word_1_156' title='bbox 1747 2359 2013 2413; x_wconf 84' lang='lat' dir='ltr'><strong>Eusebius</strong></span> <span class='ocrx_word' id='word_1_157' title='bbox 2080 2360 2310 2426; x_wconf 90' lang='lat' dir='ltr'><strong>primum</strong></span> 
     </span>
    </p>
   </div>
   <div class='ocr_carea' id='block_1_26' title="bbox 727 2449 2315 2522">
    <p class='ocr_par' dir='ltr' id='par_1_26' title="bbox 727 2449 2315 2522">
     <span class='ocr_line' id='line_1_26' title="bbox 727 2449 2315 2522; baseline 0 -19"><span class='ocrx_word' id='word_1_158' title='bbox 727 2453 938 2522; x_wconf 82' lang='lat' dir='ltr'><strong>quidem</strong></span> <span class='ocrx_word' id='word_1_159' title='bbox 969 2453 1239 2506; x_wconf 90' lang='lat' dir='ltr'><strong>hominem</strong></span> <span class='ocrx_word' id='word_1_160' title='bbox 1288 2451 1568 2520; x_wconf 75' lang='lat' dir='ltr'><strong>increpat,</strong></span> <span class='ocrx_word' id='word_1_161' title='bbox 1621 2450 1942 2519; x_wconf 84' lang='lat' dir='ltr'><strong>imperitiam</strong></span> <span class='ocrx_word' id='word_1_162' title='bbox 1991 2449 2139 2502; x_wconf 80' lang='lat' dir='ltr'><strong>iuxta</strong></span> <span class='ocrx_word' id='word_1_163' title='bbox 2199 2450 2315 2518; x_wconf 85' lang='lat' dir='ltr'><strong>ejus</strong></span> 
     </span>
    </p>
   </div>
   <div class='ocr_carea' id='block_1_27' title="bbox 726 2543 2316 2614">
    <p class='ocr_par' dir='ltr' id='par_1_27' title="bbox 726 2543 2316 2614">
     <span class='ocr_line' id='line_1_27' title="bbox 726 2543 2316 2614; baseline -0.003 -14"><span class='ocrx_word' id='word_1_164' title='bbox 726 2544 876 2614; x_wconf 77' lang='lat'><strong>(89&#39;),</strong></span> <span class='ocrx_word' id='word_1_165' title='bbox 929 2560 1090 2614; x_wconf 90' lang='lat' dir='ltr'><strong>atque</strong></span> <span class='ocrx_word' id='word_1_166' title='bbox 1160 2544 1440 2597; x_wconf 88' lang='lat' dir='ltr'><strong>audaciam</strong></span> <span class='ocrx_word' id='word_1_167' title='bbox 1495 2544 1920 2612; x_wconf 89' lang='lat' dir='ltr'><strong>reprehendens,</strong></span> <span class='ocrx_word' id='word_1_168' title='bbox 1983 2543 2316 2596; x_wconf 87' lang='lat' dir='ltr'><strong>ostendendo</strong></span> 
     </span>
    </p>
   </div>
   <div class='ocr_carea' id='block_1_28' title="bbox 723 2631 2315 2703">
    <p class='ocr_par' dir='ltr' id='par_1_28' title="bbox 723 2631 2315 2703">
     <span class='ocr_line' id='line_1_28' title="bbox 723 2631 2315 2703; baseline -0.001 -15"><span class='ocrx_word' id='word_1_169' title='bbox 723 2631 779 2691; x_wconf 73' lang='lat' dir='ltr'><strong>in</strong></span> <span class='ocrx_word' id='word_1_170' title='bbox 809 2637 938 2702; x_wconf 89' lang='lat' dir='ltr'><strong>ipsis</strong></span> <span class='ocrx_word' id='word_1_171' title='bbox 965 2639 1124 2690; x_wconf 85' lang='lat' dir='ltr'><strong>etiam</strong></span> <span class='ocrx_word' id='word_1_172' title='bbox 1146 2637 1361 2703; x_wconf 88' lang='lat' dir='ltr'><strong>syllabis</strong></span> <span class='ocrx_word' id='word_1_173' title='bbox 1388 2635 1591 2702; x_wconf 86' lang='lat' dir='ltr'><strong>lapsum</strong></span> <span class='ocrx_word' id='word_1_174' title='bbox 1618 2652 1632 2701; x_wconf 91' lang='lat'><strong>;</strong></span> <span class='ocrx_word' id='word_1_175' title='bbox 1659 2645 1711 2688; x_wconf 91' lang='lat' dir='ltr'><strong>et</strong></span> <span class='ocrx_word' id='word_1_176' title='bbox 1733 2650 1852 2688; x_wconf 92' lang='lat' dir='ltr'><strong>cum</strong></span> <span class='ocrx_word' id='word_1_177' title='bbox 1868 2649 2083 2687; x_wconf 88' lang='lat' dir='ltr'><strong>versum</strong></span> <span class='ocrx_word' id='word_1_178' title='bbox 2108 2635 2315 2686; x_wconf 91' lang='lat' dir='ltr'><strong>nullum</strong></span> 
     </span>
    </p>
   </div>
   <div class='ocr_carea' id='block_1_29' title="bbox 728 2726 2313 2798">
    <p class='ocr_par' dir='ltr' id='par_1_29' title="bbox 728 2726 2313 2798">
     <span class='ocr_line' id='line_1_29' title="bbox 728 2726 2313 2798; baseline -0.003 -16"><span class='ocrx_word' id='word_1_179' title='bbox 728 2729 961 2798; x_wconf 84' lang='lat' dir='ltr'><strong>potuerit</strong></span> <span class='ocrx_word' id='word_1_180' title='bbox 980 2731 1095 2783; x_wconf 89' lang='lat' dir='ltr'><strong>sine</strong></span> <span class='ocrx_word' id='word_1_181' title='bbox 1117 2727 1421 2781; x_wconf 70' lang='lat' dir='ltr'><strong>solmcismo</strong></span> <span class='ocrx_word' id='word_1_182' title='bbox 1441 2726 1636 2790; x_wconf 83' lang='lat' dir='ltr'><strong>facere,</strong></span> <span class='ocrx_word' id='word_1_183' title='bbox 1659 2726 1724 2778; x_wconf 90' lang='lat' dir='ltr'><strong>ad</strong></span> <span class='ocrx_word' id='word_1_184' title='bbox 1760 2726 2100 2779; x_wconf 88' lang='lat' dir='ltr'><strong>scribendum</strong></span> <span class='ocrx_word' id='word_1_185' title='bbox 2134 2736 2313 2778; x_wconf 92' lang='lat' dir='ltr'><strong>tamen</strong></span> 
     </span>
    </p>
   </div>
   <div class='ocr_carea' id='block_1_30' title="bbox 726 2816 2314 2884">
    <p class='ocr_par' dir='ltr' id='par_1_30' title="bbox 726 2816 2314 2884">
     <span class='ocr_line' id='line_1_30' title="bbox 726 2816 2314 2884; baseline -0.004 -8"><span class='ocrx_word' id='word_1_186' title='bbox 726 2838 846 2876; x_wconf 89' lang='lat' dir='ltr'><strong>sese</strong></span> <span class='ocrx_word' id='word_1_187' title='bbox 869 2821 1128 2875; x_wconf 72' lang='lat' dir='ltr'><strong>extulisse</strong></span> <span class='ocrx_word' id='word_1_188' title='bbox 1149 2859 1163 2884; x_wconf 90' lang='lat'><strong>,</strong></span> <span class='ocrx_word' id='word_1_189' title='bbox 1198 2816 1428 2871; x_wconf 92' lang='lat' dir='ltr'><strong>instituti</strong></span> <span class='ocrx_word' id='word_1_190' title='bbox 1457 2816 1559 2879; x_wconf 92' lang='lat' dir='ltr'><strong>sui,</strong></span> <span class='ocrx_word' id='word_1_191' title='bbox 1585 2816 1814 2870; x_wconf 91' lang='lat' dir='ltr'><strong>simulet</strong></span> <span class='ocrx_word' id='word_1_192' title='bbox 1845 2816 2041 2884; x_wconf 82' lang='lat' dir='ltr'><strong>quietis</strong></span> <span class='ocrx_word' id='word_1_193' title='bbox 2069 2817 2314 2870; x_wconf 87' lang='lat' dir='ltr'><strong>oblitum.</strong></span> 
     </span>
    </p>
   </div>
   <div class='ocr_carea' id='block_1_31' title="bbox 729 2908 2317 2977">
    <p class='ocr_par' dir='ltr' id='par_1_31' title="bbox 729 2908 2317 2977">
     <span class='ocr_line' id='line_1_31' title="bbox 729 2908 2317 2977; baseline -0.003 -12"><span class='ocrx_word' id='word_1_194' title='bbox 729 2912 1047 2967; x_wconf 69' lang='lat' dir='ltr'><strong>Ilzereticam</strong></span> <span class='ocrx_word' id='word_1_195' title='bbox 1105 2910 1227 2964; x_wconf 91' lang='lat' dir='ltr'><strong>dein</strong></span> <span class='ocrx_word' id='word_1_196' title='bbox 1278 2909 1421 2962; x_wconf 92' lang='lat' dir='ltr'><strong>illius</strong></span> <span class='ocrx_word' id='word_1_197' title='bbox 1488 2909 1811 2963; x_wconf 87' lang='lat' dir='ltr'><strong>sententiam</strong></span> <span class='ocrx_word' id='word_1_198' title='bbox 1867 2908 2107 2977; x_wconf 91' lang='lat' dir='ltr'><strong>pluribus</strong></span> <span class='ocrx_word' id='word_1_199' title='bbox 2155 2908 2317 2963; x_wconf 80' lang='lat' dir='ltr'><strong>refel-</strong></span> 
     </span>
    </p>
   </div>
   <div class='ocr_carea' id='block_1_32' title="bbox 728 3001 2314 3074">
    <p class='ocr_par' dir='ltr' id='par_1_32' title="bbox 728 3001 2314 3074">
     <span class='ocr_line' id='line_1_32' title="bbox 728 3001 2314 3074; baseline -0.003 -14"><span class='ocrx_word' id='word_1_200' title='bbox 728 3008 836 3060; x_wconf 89' lang='lat' dir='ltr'><strong>lere</strong></span> <span class='ocrx_word' id='word_1_201' title='bbox 868 3005 1198 3074; x_wconf 74' lang='lat' dir='ltr'><strong>aggreditur.</strong></span> <span class='ocrx_word' id='word_1_202' title='bbox 1243 3001 1374 3054; x_wconf 87' lang='lat' dir='ltr'><strong>Erat</strong></span> <span class='ocrx_word' id='word_1_203' title='bbox 1397 3001 1539 3054; x_wconf 90' lang='lat' dir='ltr'><strong>enim</strong></span> <span class='ocrx_word' id='word_1_204' title='bbox 1589 3001 1677 3054; x_wconf 86' lang='lat' dir='ltr'><strong>ille</strong></span> <span class='ocrx_word' id='word_1_205' title='bbox 1711 3016 1776 3054; x_wconf 82' lang='lat' dir='ltr'><strong>ex</strong></span> <span class='ocrx_word' id='word_1_206' title='bbox 1821 3015 2008 3053; x_wconf 91' lang='lat' dir='ltr'><strong>eorum</strong></span> <span class='ocrx_word' id='word_1_207' title='bbox 2055 3016 2314 3066; x_wconf 88' lang='lat' dir='ltr'><strong>numero,</strong></span> 
     </span>
    </p>
   </div>
   <div class='ocr_carea' id='block_1_33' title="bbox 723 3091 2318 3169">
    <p class='ocr_par' dir='ltr' id='par_1_33' title="bbox 723 3091 2318 3169">
     <span class='ocr_line' id='line_1_33' title="bbox 723 3091 2318 3169; baseline -0.007 -17"><span class='ocrx_word' id='word_1_208' title='bbox 723 3101 812 3169; x_wconf 89' lang='lat' dir='ltr'><strong>qui</strong></span> <span class='ocrx_word' id='word_1_209' title='bbox 841 3099 907 3151; x_wconf 87' lang='lat' dir='ltr'><strong>ab</strong></span> <span class='ocrx_word' id='word_1_210' title='bbox 934 3097 1173 3163; x_wconf 83' lang='lat' dir='ltr'><strong>improba</strong></span> <span class='ocrx_word' id='word_1_211' title='bbox 1192 3109 1353 3162; x_wconf 88' lang='lat' dir='ltr'><strong>quam</strong></span> <span class='ocrx_word' id='word_1_212' title='bbox 1389 3093 1639 3145; x_wconf 85' lang='lat' dir='ltr'><strong>tenebant</strong></span> <span class='ocrx_word' id='word_1_213' title='bbox 1659 3091 1911 3158; x_wconf 89' lang='lat' dir='ltr'><strong>opinione</strong></span> <span class='ocrx_word' id='word_1_214' title='bbox 1932 3131 1946 3153; x_wconf 95' lang='lat'><strong>,</strong></span> <span class='ocrx_word' id='word_1_215' title='bbox 1992 3092 2318 3158; x_wconf 67' lang='lat' dir='ltr'><strong>Apin/tario.</strong></span> 
     </span>
    </p>
   </div>
   <div class='ocr_carea' id='block_1_34' title="bbox 2408 591 3998 662">
    <p class='ocr_par' dir='ltr' id='par_1_34' title="bbox 2408 591 3998 662">
     <span class='ocr_line' id='line_1_34' title="bbox 2408 591 3998 662; baseline 0.004 -20"><span class='ocrx_word' id='word_1_216' title='bbox 2408 591 2849 658; x_wconf 81' lang='grc' dir='ltr'><strong>ἀναγινώσκουσι</strong></span> <span class='ocrx_word' id='word_1_217' title='bbox 2884 592 3221 659; x_wconf 74' lang='grc' dir='ltr'>παρέχεταιο</span> <span class='ocrx_word' id='word_1_218' title='bbox 3273 594 3321 644; x_wconf 86' lang='grc' dir='ltr'><strong>εί</strong></span> <span class='ocrx_word' id='word_1_219' title='bbox 3359 593 3470 662; x_wconf 83' lang='grc' dir='ltr'>γὰρ</span> <span class='ocrx_word' id='word_1_220' title='bbox 3519 593 3614 645; x_wconf 81' lang='grc' dir='ltr'>καὶ</span> <span class='ocrx_word' id='word_1_221' title='bbox 3665 593 3853 662; x_wconf 81' lang='grc' dir='ltr'><strong>μύθων</strong></span> <span class='ocrx_word' id='word_1_222' title='bbox 3900 597 3998 648; x_wconf 80' lang='grc' dir='ltr'><strong>καὶ</strong></span> 
     </span>
    </p>
   </div>
   <div class='ocr_carea' id='block_1_35' title="bbox 2408 683 3996 755">
    <p class='ocr_par' dir='ltr' id='par_1_35' title="bbox 2408 683 3996 755">
     <span class='ocr_line' id='line_1_35' title="bbox 2408 683 3996 755; baseline 0.003 -21"><span class='ocrx_word' id='word_1_223' title='bbox 2408 684 2656 752; x_wconf 81' lang='grc' dir='ltr'><strong>τεράτων</strong></span> <span class='ocrx_word' id='word_1_224' title='bbox 2687 683 2902 752; x_wconf 78' lang='grc' dir='ltr'>ψευδῶν</span> <span class='ocrx_word' id='word_1_225' title='bbox 2929 701 2987 735; x_wconf 91' lang='grc' dir='ltr'><strong>τε</strong></span> <span class='ocrx_word' id='word_1_226' title='bbox 3021 684 3116 736; x_wconf 77' lang='grc' dir='ltr'>καὶ</span> <span class='ocrx_word' id='word_1_227' title='bbox 3154 684 3457 748; x_wconf 83' lang='grc' dir='ltr'><strong>ἀπιθάνων,</strong></span> <span class='ocrx_word' id='word_1_228' title='bbox 3499 684 3575 748; x_wconf 84' lang='grc' dir='ltr'>ὥς</span> <span class='ocrx_word' id='word_1_229' title='bbox 3609 703 3701 755; x_wconf 89' lang='grc' dir='ltr'><strong>μοι</strong></span> <span class='ocrx_word' id='word_1_230' title='bbox 3733 687 3996 749; x_wconf 74' lang='grc' dir='ltr'><strong>πολλάκις</strong></span> 
     </span>
    </p>
   </div>
   <div class='ocr_carea' id='block_1_36' title="bbox 2409 773 3998 844">
    <p class='ocr_par' dir='ltr' id='par_1_36' title="bbox 2409 773 3998 844">
     <span class='ocr_line' id='line_1_36' title="bbox 2409 773 3998 844; baseline 0.003 -19"><span class='ocrx_word' id='word_1_231' title='bbox 2409 773 2649 844; x_wconf 85' lang='grc' dir='ltr'>είρηται,</span> <span class='ocrx_word' id='word_1_232' title='bbox 2672 776 2733 827; x_wconf 88' lang='grc' dir='ltr'><strong>ού</strong></span> <span class='ocrx_word' id='word_1_233' title='bbox 2768 775 3086 844; x_wconf 77' lang='grc' dir='ltr'>καθαρεύει,</span> <span class='ocrx_word' id='word_1_234' title='bbox 3132 777 3247 830; x_wconf 81' lang='grc' dir='ltr'>ἀλλ’</span> <span class='ocrx_word' id='word_1_235' title='bbox 3277 773 3371 827; x_wconf 76' lang='grc' dir='ltr'><strong>οὖν</strong></span> <span class='ocrx_word' id='word_1_236' title='bbox 3403 778 3462 828; x_wconf 89' lang='grc' dir='ltr'><strong>ἐν</strong></span> <span class='ocrx_word' id='word_1_237' title='bbox 3490 775 3573 838; x_wconf 79' lang='grc' dir='ltr'>οἷς</span> <span class='ocrx_word' id='word_1_238' title='bbox 3610 794 3671 829; x_wconf 83' lang='grc' dir='ltr'><strong>τε</strong></span> <span class='ocrx_word' id='word_1_239' title='bbox 3718 779 3799 838; x_wconf 89' lang='grc' dir='ltr'><strong>είς</strong></span> <span class='ocrx_word' id='word_1_240' title='bbox 3828 777 3998 830; x_wconf 80' lang='grc' dir='ltr'>πολυ-</span> 
     </span>
    </p>
   </div>
   <div class='ocr_carea' id='block_1_37' title="bbox 2413 869 3991 942">
    <p class='ocr_par' dir='ltr' id='par_1_37' title="bbox 2413 869 3991 942">
     <span class='ocr_line' id='line_1_37' title="bbox 2413 869 3991 942; baseline 0.004 -23"><span class='ocrx_word' id='word_1_241' title='bbox 2413 869 2644 934; x_wconf 86' lang='grc' dir='ltr'>μάθειαν</span> <span class='ocrx_word' id='word_1_242' title='bbox 2675 870 2738 921; x_wconf 89' lang='grc' dir='ltr'><strong>ἐκ</strong></span> <span class='ocrx_word' id='word_1_243' title='bbox 2786 869 2878 921; x_wconf 85' lang='grc' dir='ltr'>τοῦ</span> <span class='ocrx_word' id='word_1_244' title='bbox 2919 871 3137 938; x_wconf 79' lang='grc' dir='ltr'>ἑτοίμου</span> <span class='ocrx_word' id='word_1_245' title='bbox 3190 871 3453 933; x_wconf 80' lang='grc' dir='ltr'>συντελεῖ,</span> <span class='ocrx_word' id='word_1_246' title='bbox 3490 873 3583 923; x_wconf 74' lang='grc' dir='ltr'><strong>καὶ</strong></span> <span class='ocrx_word' id='word_1_247' title='bbox 3619 872 3756 942; x_wconf 69' lang='grc' dir='ltr'>πρὸς</span> <span class='ocrx_word' id='word_1_248' title='bbox 3786 872 3991 940; x_wconf 84' lang='grc' dir='ltr'>ἀρετὴν</span> 
     </span>
    </p>
   </div>
   <div class='ocr_carea' id='block_1_38' title="bbox 2411 959 3996 1026">
    <p class='ocr_par' dir='ltr' id='par_1_38' title="bbox 2411 959 3996 1026">
     <span class='ocr_line' id='line_1_38' title="bbox 2411 959 3996 1026; baseline 0.004 -16"><span class='ocrx_word' id='word_1_249' title='bbox 2411 961 2505 1011; x_wconf 70' lang='grc' dir='ltr'>καὶ</span> <span class='ocrx_word' id='word_1_250' title='bbox 2553 959 2962 1026; x_wconf 83' lang='grc' dir='ltr'>καλοκάγαθίαν</span> <span class='ocrx_word' id='word_1_251' title='bbox 2996 961 3226 1014; x_wconf 85' lang='grc' dir='ltr'>πλεῖστα</span> <span class='ocrx_word' id='word_1_252' title='bbox 3267 961 3414 1014; x_wconf 75' lang='grc' dir='ltr'>ἔστιν</span> <span class='ocrx_word' id='word_1_253' title='bbox 3456 963 3640 1015; x_wconf 80' lang='grc' dir='ltr'>αὐτῶν</span> <span class='ocrx_word' id='word_1_254' title='bbox 3688 964 3996 1016; x_wconf 79' lang='grc' dir='ltr'>ἀπανθίσα-</span> 
     </span>
    </p>
   </div>
   <div class='ocr_carea' id='block_1_39' title="bbox 2411 1052 3996 1125">
    <p class='ocr_par' dir='ltr' id='par_1_39' title="bbox 2411 1052 3996 1125">
     <span class='ocr_line' id='line_1_39' title="bbox 2411 1052 3996 1125; baseline 0.003 -22"><span class='ocrx_word' id='word_1_255' title='bbox 2411 1052 2579 1114; x_wconf 84' lang='grc' dir='ltr'>σθαι,</span> <span class='ocrx_word' id='word_1_256' title='bbox 2614 1052 2751 1119; x_wconf 86' lang='grc' dir='ltr'>πρός</span> <span class='ocrx_word' id='word_1_257' title='bbox 2797 1068 2856 1103; x_wconf 88' lang='grc' dir='ltr'><strong>τε</strong></span> <span class='ocrx_word' id='word_1_258' title='bbox 2895 1052 2955 1104; x_wconf 85' lang='grc' dir='ltr'><strong>τδ</strong></span> <span class='ocrx_word' id='word_1_259' title='bbox 3007 1054 3327 1122; x_wconf 76' lang='grc' dir='ltr'>ῥητορεύειν</span> <span class='ocrx_word' id='word_1_260' title='bbox 3362 1054 3454 1106; x_wconf 66' lang='grc' dir='ltr'><strong>καὶ</strong></span> <span class='ocrx_word' id='word_1_261' title='bbox 3505 1056 3846 1122; x_wconf 78' lang='grc' dir='ltr'>σοφιστεύειν</span> <span class='ocrx_word' id='word_1_262' title='bbox 3898 1057 3996 1125; x_wconf 80' lang='grc' dir='ltr'>(ὡς</span> 
     </span>
    </p>
   </div>
   <div class='ocr_carea' id='block_1_40' title="bbox 2409 1143 3996 1216">
    <p class='ocr_par' dir='ltr' id='par_1_40' title="bbox 2409 1143 3996 1216">
     <span class='ocr_line' id='line_1_40' title="bbox 2409 1143 3996 1216; baseline 0.003 -21"><span class='ocrx_word' id='word_1_263' title='bbox 2409 1145 2504 1196; x_wconf 72' lang='grc' dir='ltr'><strong>καὶ</strong></span> <span class='ocrx_word' id='word_1_264' title='bbox 2531 1143 2694 1204; x_wconf 81' lang='grc' dir='ltr'>αὐτὸς</span> <span class='ocrx_word' id='word_1_265' title='bbox 2718 1146 2830 1206; x_wconf 79' lang='grc' dir='ltr'>τοῖς</span> <span class='ocrx_word' id='word_1_266' title='bbox 2858 1145 3097 1212; x_wconf 80' lang='grc' dir='ltr'>ἑταίροις</span> <span class='ocrx_word' id='word_1_267' title='bbox 3114 1146 3158 1176; x_wconf 74' lang='grc'><strong>’⁸</strong></span> <span class='ocrx_word' id='word_1_268' title='bbox 3177 1145 3403 1214; x_wconf 68' lang='grc' dir='ltr'>γράφων</span> <span class='ocrx_word' id='word_1_269' title='bbox 3433 1147 3872 1216; x_wconf 75' lang='grc' dir='ltr'>προοιμιάζεται)</span> <span class='ocrx_word' id='word_1_270' title='bbox 3897 1149 3996 1200; x_wconf 79' lang='grc' dir='ltr'><strong>οὐκ</strong></span> 
     </span>
    </p>
   </div>
   <div class='ocr_carea' id='block_1_41' title="bbox 2409 1237 3996 1311">
    <p class='ocr_par' dir='ltr' id='par_1_41' title="bbox 2409 1237 3996 1311">
     <span class='ocr_line' id='line_1_41' title="bbox 2409 1237 3996 1311; baseline 0.003 -22"><span class='ocrx_word' id='word_1_271' title='bbox 2409 1237 2700 1307; x_wconf 76' lang='grc' dir='ltr'>ἐλαχίστην</span> <span class='ocrx_word' id='word_1_272' title='bbox 2749 1239 2904 1308; x_wconf 78' lang='grc' dir='ltr'>φέρει</span> <span class='ocrx_word' id='word_1_273' title='bbox 2963 1240 3218 1309; x_wconf 78' lang='grc' dir='ltr'>ροπὴν²⁶,</span> <span class='ocrx_word' id='word_1_274' title='bbox 3259 1239 3441 1291; x_wconf 85' lang='grc' dir='ltr'>ἱκανὸν</span> <span class='ocrx_word' id='word_1_275' title='bbox 3502 1243 3582 1303; x_wconf 86' lang='grc' dir='ltr'><strong>είς</strong></span> <span class='ocrx_word' id='word_1_276' title='bbox 3625 1242 3818 1311; x_wconf 80' lang='grc' dir='ltr'>χρείαν</span> <span class='ocrx_word' id='word_1_277' title='bbox 3867 1242 3996 1294; x_wconf 75' lang='grc' dir='ltr'>καθ-</span> 
     </span>
    </p>
   </div>
   <div class='ocr_carea' id='block_1_42' title="bbox 2410 1331 3994 1404">
    <p class='ocr_par' dir='ltr' id='par_1_42' title="bbox 2410 1331 3994 1404">
     <span class='ocr_line' id='line_1_42' title="bbox 2410 1331 3994 1404; baseline 0.002 -22"><span class='ocrx_word' id='word_1_278' title='bbox 2410 1332 2661 1400; x_wconf 82' lang='grc' dir='ltr'>έστηκεν.</span> <span class='ocrx_word' id='word_1_279' title='bbox 2693 1332 2759 1382; x_wconf 80' lang='grc' dir='ltr'><strong>Ἠ</strong></span> <span class='ocrx_word' id='word_1_280' title='bbox 2792 1331 2845 1382; x_wconf 82' lang='grc' dir='ltr'><strong>δὲ</strong></span> <span class='ocrx_word' id='word_1_281' title='bbox 2879 1331 3079 1400; x_wconf 83' lang='grc' dir='ltr'>φράσις</span> <span class='ocrx_word' id='word_1_282' title='bbox 3117 1331 3266 1400; x_wconf 84' lang='grc' dir='ltr'>αὐτῷ</span> <span class='ocrx_word' id='word_1_283' title='bbox 3301 1333 3519 1401; x_wconf 78' lang='grc' dir='ltr'>ποικίλη</span> <span class='ocrx_word' id='word_1_284' title='bbox 3559 1337 3650 1384; x_wconf 69' lang='grc' dir='ltr'>καὶ</span> <span class='ocrx_word' id='word_1_285' title='bbox 3679 1333 3738 1384; x_wconf 85' lang='grc' dir='ltr'><strong>ού</strong></span> <span class='ocrx_word' id='word_1_286' title='bbox 3774 1332 3873 1402; x_wconf 85' lang='grc' dir='ltr'><strong>μία</strong></span> <span class='ocrx_word' id='word_1_287' title='bbox 3894 1334 3994 1404; x_wconf 79' lang='grc' dir='ltr'>τὴν</span> 
     </span>
    </p>
   </div>
   <div class='ocr_carea' id='block_1_43' title="bbox 2415 1423 3668 1492">
    <p class='ocr_par' dir='ltr' id='par_1_43' title="bbox 2415 1423 3668 1492">
     <span class='ocr_line' id='line_1_43' title="bbox 2415 1423 3668 1492; baseline 0.002 -17"><span class='ocrx_word' id='word_1_288' title='bbox 2415 1423 2581 1487; x_wconf 87' lang='grc' dir='ltr'>ίδέαν,</span> <span class='ocrx_word' id='word_1_289' title='bbox 2611 1425 2657 1475; x_wconf 90' lang='grc' dir='ltr'>εἰ</span> <span class='ocrx_word' id='word_1_290' title='bbox 2682 1424 2776 1475; x_wconf 78' lang='grc' dir='ltr'>καὶ</span> <span class='ocrx_word' id='word_1_291' title='bbox 2812 1423 2899 1474; x_wconf 71' lang='grc' dir='ltr'><strong>διὰ</strong></span> <span class='ocrx_word' id='word_1_292' title='bbox 2934 1425 3114 1492; x_wconf 84' lang='grc' dir='ltr'>πάσης</span> <span class='ocrx_word' id='word_1_293' title='bbox 3147 1423 3207 1475; x_wconf 81' lang='grc' dir='ltr'>τὸ</span> <span class='ocrx_word' id='word_1_294' title='bbox 3244 1425 3415 1491; x_wconf 64' lang='grc' dir='ltr'>σαφὲς</span> <span class='ocrx_word' id='word_1_295' title='bbox 3445 1424 3668 1478; x_wconf 82' lang='grc' dir='ltr'>ὥδευεν.</span> 
     </span>
    </p>
   </div>
   <div class='ocr_carea' id='block_1_44' title="bbox 3119 1535 3279 1601">
    <p class='ocr_par' dir='ltr' id='par_1_44' title="bbox 3119 1535 3279 1601">
     <span class='ocr_line' id='line_1_44' title="bbox 3119 1535 3279 1601; baseline -0.013 -13"><span class='ocrx_word' id='word_1_296' title='bbox 3119 1535 3279 1601; x_wconf 82' lang='lat' dir='ltr'>PEB&#39;,</span> 
     </span>
    </p>
   </div>
   <div class='ocr_carea' id='block_1_45' title="bbox 2409 1627 3991 1697">
    <p class='ocr_par' dir='ltr' id='par_1_45' title="bbox 2409 1627 3991 1697">
     <span class='ocr_line' id='line_1_45' title="bbox 2409 1627 3991 1697; baseline 0.001 -14"><span class='ocrx_word' id='word_1_297' title='bbox 2409 1631 2705 1683; x_wconf 81' lang='grc' dir='ltr'>Εὑσεϐίου</span> <span class='ocrx_word' id='word_1_298' title='bbox 2755 1629 3088 1682; x_wconf 80' lang='grc' dir='ltr'>ἐπισκόπου</span> <span class='ocrx_word' id='word_1_299' title='bbox 3121 1628 3272 1681; x_wconf 85' lang='grc' dir='ltr'><strong>κατά</strong></span> <span class='ocrx_word' id='word_1_300' title='bbox 3333 1627 3613 1697; x_wconf 81' lang='grc' dir='ltr'>Ἀνδρέου</span> <span class='ocrx_word' id='word_1_301' title='bbox 3672 1629 3837 1696; x_wconf 83' lang='grc' dir='ltr'>τινὸς</span> <span class='ocrx_word' id='word_1_302' title='bbox 3883 1631 3991 1685; x_wconf 67' lang='grc' dir='ltr'><strong>,ἱό-</strong></span> 
     </span>
    </p>
   </div>
   <div class='ocr_carea' id='block_1_46' title="bbox 3100 1706 3282 1768">
    <p class='ocr_par' dir='ltr' id='par_1_46' title="bbox 3100 1706 3282 1768">
     <span class='ocr_line' id='line_1_46' title="bbox 3100 1706 3282 1768; baseline 0 -16"><span class='ocrx_word' id='word_1_303' title='bbox 3100 1717 3191 1768; x_wconf 83' lang='grc' dir='ltr'>τοι</span> <span class='ocrx_word' id='word_1_304' title='bbox 3229 1706 3282 1752; x_wconf 88' lang='grc' dir='ltr'><strong>ι’.</strong></span> 
     </span>
    </p>
   </div>
   <div class='ocr_carea' id='block_1_47' title="bbox 2495 1808 3993 1884">
    <p class='ocr_par' dir='ltr' id='par_1_47' title="bbox 2495 1808 3993 1884">
     <span class='ocr_line' id='line_1_47' title="bbox 2495 1808 3993 1884; baseline 0.001 -20"><span class='ocrx_word' id='word_1_305' title='bbox 2495 1811 2939 1884; x_wconf 76' lang='grc' dir='ltr'>’Λνεγνὼσθησαν</span> <span class='ocrx_word' id='word_1_306' title='bbox 2971 1811 3230 1864; x_wconf 87' lang='grc' dir='ltr'>Εὖσεϐίου</span> <span class='ocrx_word' id='word_1_307' title='bbox 3260 1811 3405 1875; x_wconf 70' lang='grc' dir='ltr'>τινος</span> <span class='ocrx_word' id='word_1_308' title='bbox 3426 1811 3744 1883; x_wconf 88' lang='grc' dir='ltr'>(ἐπίσκοπος</span> <span class='ocrx_word' id='word_1_309' title='bbox 3772 1808 3841 1882; x_wconf 80' lang='grc' dir='ltr'>ἦν</span> <span class='ocrx_word' id='word_1_310' title='bbox 3865 1813 3910 1844; x_wconf 78' lang='grc'><strong>⁸⁷</strong></span> <span class='ocrx_word' id='word_1_311' title='bbox 3930 1814 3993 1866; x_wconf 83' lang='grc' dir='ltr'><strong>τὸ</strong></span> 
     </span>
    </p>
   </div>
   <div class='ocr_carea' id='block_1_48' title="bbox 2412 1904 3993 1976">
    <p class='ocr_par' dir='ltr' id='par_1_48' title="bbox 2412 1904 3993 1976">
     <span class='ocr_line' id='line_1_48' title="bbox 2412 1904 3993 1976; baseline 0.002 -19"><span class='ocrx_word' id='word_1_312' title='bbox 2412 1907 2629 1976; x_wconf 79' lang='grc' dir='ltr'>ἀξίωμα</span> <span class='ocrx_word' id='word_1_313' title='bbox 2679 1905 2776 1957; x_wconf 78' lang='grc' dir='ltr'>καὶ</span> <span class='ocrx_word' id='word_1_314' title='bbox 2830 1905 2927 1973; x_wconf 80' lang='grc' dir='ltr'><strong>τὴν</strong></span> <span class='ocrx_word' id='word_1_315' title='bbox 2978 1905 3159 1957; x_wconf 87' lang='grc' dir='ltr'>πίστιν</span> <span class='ocrx_word' id='word_1_316' title='bbox 3209 1904 3534 1974; x_wconf 81' lang='grc' dir='ltr'>ὀρθόδοξος)·</span> <span class='ocrx_word' id='word_1_317' title='bbox 3565 1907 3738 1976; x_wconf 84' lang='grc' dir='ltr'>τούτῳ</span> <span class='ocrx_word' id='word_1_318' title='bbox 3777 1906 3928 1974; x_wconf 80' lang='grc' dir='ltr'>λόγοι</span> <span class='ocrx_word' id='word_1_319' title='bbox 3962 1913 3993 1959; x_wconf 86' lang='grc' dir='ltr'>ι’</span> 
     </span>
    </p>
   </div>
   <div class='ocr_carea' id='block_1_49' title="bbox 2412 1997 3993 2070">
    <p class='ocr_par' dir='ltr' id='par_1_49' title="bbox 2412 1997 3993 2070">
     <span class='ocr_line' id='line_1_49' title="bbox 2412 1997 3993 2070; baseline 0.001 -19"><span class='ocrx_word' id='word_1_320' title='bbox 2412 2002 2553 2051; x_wconf 70' lang='grc' dir='ltr'>κατὰ</span> <span class='ocrx_word' id='word_1_321' title='bbox 2593 1997 2840 2067; x_wconf 79' lang='grc' dir='ltr'>Ἀνδρέου</span> <span class='ocrx_word' id='word_1_322' title='bbox 2875 1997 3019 2058; x_wconf 77' lang='grc' dir='ltr'>τινος</span> <span class='ocrx_word' id='word_1_323' title='bbox 3073 1997 3392 2064; x_wconf 85' lang='grc' dir='ltr'>ἐγκλειστοῦ</span> <span class='ocrx_word' id='word_1_324' title='bbox 3423 1999 3862 2068; x_wconf 71' lang='grc' dir='ltr'>συνεγράξρησαν,</span> <span class='ocrx_word' id='word_1_325' title='bbox 3893 1998 3993 2070; x_wconf 77' lang='grc' dir='ltr'>τὴν</span> 
     </span>
    </p>
   </div>
   <div class='ocr_carea' id='block_1_50' title="bbox 2414 2081 3994 2156">
    <p class='ocr_par' dir='ltr' id='par_1_50' title="bbox 2414 2081 3994 2156">
     <span class='ocr_line' id='line_1_50' title="bbox 2414 2081 3994 2156; baseline 0.001 -16"><span class='ocrx_word' id='word_1_326' title='bbox 2414 2088 2597 2142; x_wconf 83' lang='grc' dir='ltr'>αἰτίαν</span> <span class='ocrx_word' id='word_1_327' title='bbox 2632 2086 2888 2148; x_wconf 88' lang='grc' dir='ltr'>λαϐόντες</span> <span class='ocrx_word' id='word_1_328' title='bbox 2921 2088 2984 2139; x_wconf 82' lang='grc' dir='ltr'><strong>ἐκ</strong></span> <span class='ocrx_word' id='word_1_329' title='bbox 3009 2086 3102 2139; x_wconf 81' lang='grc' dir='ltr'>τοῦ</span> <span class='ocrx_word' id='word_1_330' title='bbox 3138 2088 3429 2156; x_wconf 77' lang='grc' dir='ltr'>εἰρημένου</span> <span class='ocrx_word' id='word_1_331' title='bbox 3457 2087 3796 2156; x_wconf 84' lang='grc' dir='ltr'>ἐγκλειστοῦ.</span> <span class='ocrx_word' id='word_1_332' title='bbox 3820 2081 3994 2152; x_wconf 77' lang='grc' dir='ltr'>Οὗτος</span> 
     </span>
    </p>
   </div>
   <div class='ocr_carea' id='block_1_51' title="bbox 2414 2177 3991 2251">
    <p class='ocr_par' dir='ltr' id='par_1_51' title="bbox 2414 2177 3991 2251">
     <span class='ocr_line' id='line_1_51' title="bbox 2414 2177 3991 2251; baseline 0.003 -21"><span class='ocrx_word' id='word_1_333' title='bbox 2414 2180 2522 2248; x_wconf 83' lang='grc' dir='ltr'><strong>γὰρ</strong></span> <span class='ocrx_word' id='word_1_334' title='bbox 2556 2178 2795 2248; x_wconf 67' lang='grc' dir='ltr'>ἔγραψεν</span> <span class='ocrx_word' id='word_1_335' title='bbox 2827 2178 3118 2247; x_wconf 82' lang='grc' dir='ltr'>ἐπιστολὴν</span> <span class='ocrx_word' id='word_1_336' title='bbox 3150 2177 3396 2248; x_wconf 86' lang='grc' dir='ltr'>Εὑσεϐίῳ</span> <span class='ocrx_word' id='word_1_337' title='bbox 3442 2181 3991 2251; x_wconf 81' lang='grc' dir='ltr'>(παραναγνωστικὸν</span> 
     </span>
    </p>
   </div>
   <div class='ocr_carea' id='block_1_52' title="bbox 2413 2269 3990 2343">
    <p class='ocr_par' dir='ltr' id='par_1_52' title="bbox 2413 2269 3990 2343">
     <span class='ocr_line' id='line_1_52' title="bbox 2413 2269 3990 2343; baseline 0.002 -20"><span class='ocrx_word' id='word_1_338' title='bbox 2413 2271 2471 2323; x_wconf 88' lang='grc' dir='ltr'><strong>δέ</strong></span> <span class='ocrx_word' id='word_1_339' title='bbox 2505 2271 2660 2323; x_wconf 88' lang='grc' dir='ltr'>καλεί</span> <span class='ocrx_word' id='word_1_340' title='bbox 2680 2272 2778 2340; x_wconf 84' lang='grc' dir='ltr'><strong>τὴν</strong></span> <span class='ocrx_word' id='word_1_341' title='bbox 2812 2269 3162 2340; x_wconf 81' lang='grc' dir='ltr'>ἐπιστολὴν),</span> <span class='ocrx_word' id='word_1_342' title='bbox 3199 2271 3385 2340; x_wconf 85' lang='grc' dir='ltr'>ὅρκοις</span> <span class='ocrx_word' id='word_1_343' title='bbox 3415 2271 3576 2325; x_wconf 82' lang='grc' dir='ltr'>αὑτὸν</span> <span class='ocrx_word' id='word_1_344' title='bbox 3611 2273 3691 2336; x_wconf 88' lang='grc' dir='ltr'><strong>είς</strong></span> <span class='ocrx_word' id='word_1_345' title='bbox 3722 2272 3822 2343; x_wconf 81' lang='grc' dir='ltr'><strong>τὴν</strong></span> <span class='ocrx_word' id='word_1_346' title='bbox 3858 2273 3990 2326; x_wconf 86' lang='grc' dir='ltr'>ταύ-</span> 
     </span>
    </p>
   </div>
   <div class='ocr_carea' id='block_1_53' title="bbox 2413 2362 3995 2434">
    <p class='ocr_par' dir='ltr' id='par_1_53' title="bbox 2413 2362 3995 2434">
     <span class='ocr_line' id='line_1_53' title="bbox 2413 2362 3995 2434; baseline 0 -17"><span class='ocrx_word' id='word_1_347' title='bbox 2413 2382 2512 2434; x_wconf 86' lang='grc' dir='ltr'><strong>της</strong></span> <span class='ocrx_word' id='word_1_348' title='bbox 2549 2364 2854 2432; x_wconf 81' lang='grc' dir='ltr'>ἀνάγνωσιν</span> <span class='ocrx_word' id='word_1_349' title='bbox 2884 2362 3287 2431; x_wconf 73' lang='grc' dir='ltr'>ἐκκαλούμενος</span> <span class='ocrx_word' id='word_1_350' title='bbox 3308 2378 3322 2392; x_wconf 81' lang='lat'><strong>&#39;</strong></span> <span class='ocrx_word' id='word_1_351' title='bbox 3351 2363 3418 2432; x_wconf 83' lang='grc' dir='ltr'>ἢν</span> <span class='ocrx_word' id='word_1_352' title='bbox 3443 2363 3700 2426; x_wconf 82' lang='grc' dir='ltr'>Εὐσέϐιος</span> <span class='ocrx_word' id='word_1_353' title='bbox 3722 2365 3995 2432; x_wconf 74' lang='grc' dir='ltr'>ἀναγνοὺς</span> 
     </span>
    </p>
   </div>
   <div class='ocr_carea' id='block_1_54' title="bbox 2416 2455 3992 2528">
    <p class='ocr_par' dir='ltr' id='par_1_54' title="bbox 2416 2455 3992 2528">
     <span class='ocr_line' id='line_1_54' title="bbox 2416 2455 3992 2528; baseline 0 -19"><span class='ocrx_word' id='word_1_354' title='bbox 2416 2458 2630 2526; x_wconf 80' lang='grc' dir='ltr'>πρῶτον</span> <span class='ocrx_word' id='word_1_355' title='bbox 2668 2458 2766 2525; x_wconf 79' lang='grc' dir='ltr'><strong>μὲν</strong></span> <span class='ocrx_word' id='word_1_356' title='bbox 2806 2457 2897 2509; x_wconf 84' lang='grc' dir='ltr'><strong>τὸν</strong></span> <span class='ocrx_word' id='word_1_357' title='bbox 2949 2457 3233 2528; x_wconf 83' lang='grc' dir='ltr'>ἄνθρωπον</span> <span class='ocrx_word' id='word_1_358' title='bbox 3276 2457 3542 2526; x_wconf 74' lang='grc' dir='ltr'>ἐπιτιμᾷ,</span> <span class='ocrx_word' id='word_1_359' title='bbox 3585 2455 3831 2526; x_wconf 78' lang='grc' dir='ltr'>ἀμαθίαν</span> <span class='ocrx_word' id='word_1_360' title='bbox 3873 2458 3992 2526; x_wconf 75' lang='grc' dir='ltr'><strong>ἅμα</strong></span> 
     </span>
    </p>
   </div>
   <div class='ocr_carea' id='block_1_55' title="bbox 2417 2543 3994 2616">
    <p class='ocr_par' dir='ltr' id='par_1_55' title="bbox 2417 2543 3994 2616">
     <span class='ocr_line' id='line_1_55' title="bbox 2417 2543 3994 2616; baseline -0.003 -16"><span class='ocrx_word' id='word_1_361' title='bbox 2417 2551 2509 2600; x_wconf 82' lang='grc' dir='ltr'><strong>καὶ</strong></span> <span class='ocrx_word' id='word_1_362' title='bbox 2558 2548 2755 2616; x_wconf 77' lang='grc' dir='ltr'>Θράσος</span> <span class='ocrx_word' id='word_1_363' title='bbox 2789 2545 3082 2609; x_wconf 80' lang='grc' dir='ltr'>ἐπικαλῶν,</span> <span class='ocrx_word' id='word_1_364' title='bbox 3139 2545 3232 2597; x_wconf 78' lang='grc' dir='ltr'><strong>καὶ</strong></span> <span class='ocrx_word' id='word_1_365' title='bbox 3263 2543 3480 2606; x_wconf 82' lang='grc' dir='ltr'>δεικνὺς</span> <span class='ocrx_word' id='word_1_366' title='bbox 3523 2543 3619 2596; x_wconf 69' lang='grc' dir='ltr'>καὶ</span> <span class='ocrx_word' id='word_1_367' title='bbox 3653 2543 3782 2613; x_wconf 68' lang='grc' dir='ltr'>περὶ</span> <span class='ocrx_word' id='word_1_368' title='bbox 3820 2544 3994 2605; x_wconf 82' lang='grc' dir='ltr'>αύτάς</span> 
     </span>
    </p>
   </div>
   <div class='ocr_carea' id='block_1_56' title="bbox 2417 2634 3994 2706">
    <p class='ocr_par' dir='ltr' id='par_1_56' title="bbox 2417 2634 3994 2706">
     <span class='ocr_line' id='line_1_56' title="bbox 2417 2634 3994 2706; baseline -0.004 -13"><span class='ocrx_word' id='word_1_369' title='bbox 2417 2641 2680 2693; x_wconf 85' lang='grc' dir='ltr'>πταίοντα</span> <span class='ocrx_word' id='word_1_370' title='bbox 2721 2638 2817 2700; x_wconf 81' lang='grc' dir='ltr'>τὰς</span> <span class='ocrx_word' id='word_1_371' title='bbox 2851 2636 3143 2700; x_wconf 71' lang='grc' dir='ltr'>συλλαϐὰς,</span> <span class='ocrx_word' id='word_1_372' title='bbox 3182 2637 3278 2688; x_wconf 69' lang='grc' dir='ltr'><strong>καὶ</strong></span> <span class='ocrx_word' id='word_1_373' title='bbox 3309 2637 3390 2688; x_wconf 87' lang='grc' dir='ltr'><strong>ὃτι</strong></span> <span class='ocrx_word' id='word_1_374' title='bbox 3420 2634 3622 2706; x_wconf 82' lang='grc' dir='ltr'>μηδένα</span> <span class='ocrx_word' id='word_1_375' title='bbox 3657 2636 3837 2703; x_wconf 87' lang='grc' dir='ltr'>στίχον</span> <span class='ocrx_word' id='word_1_376' title='bbox 3863 2637 3994 2688; x_wconf 88' lang='grc' dir='ltr'><strong>ἀσὸ-</strong></span> 
     </span>
    </p>
   </div>
   <div class='ocr_carea' id='block_1_57' title="bbox 2417 2725 3996 2798">
    <p class='ocr_par' dir='ltr' id='par_1_57' title="bbox 2417 2725 3996 2798">
     <span class='ocr_line' id='line_1_57' title="bbox 2417 2725 3996 2798; baseline -0.006 -12"><span class='ocrx_word' id='word_1_377' title='bbox 2417 2733 2597 2786; x_wconf 79' lang='grc' dir='ltr'>λοικον</span> <span class='ocrx_word' id='word_1_378' title='bbox 2628 2733 2803 2784; x_wconf 79' lang='grc' dir='ltr'>εἰπεῖν</span> <span class='ocrx_word' id='word_1_379' title='bbox 2832 2729 3211 2798; x_wconf 86' lang='grc' dir='ltr'>δεδυνημένος,</span> <span class='ocrx_word' id='word_1_380' title='bbox 3244 2729 3271 2780; x_wconf 85' lang='grc' dir='ltr'>ὁ</span> <span class='ocrx_word' id='word_1_381' title='bbox 3301 2727 3356 2780; x_wconf 80' lang='grc' dir='ltr'>δὲ</span> <span class='ocrx_word' id='word_1_382' title='bbox 3385 2726 3480 2779; x_wconf 79' lang='grc' dir='ltr'>καὶ</span> <span class='ocrx_word' id='word_1_383' title='bbox 3515 2727 3606 2778; x_wconf 75' lang='grc' dir='ltr'><strong>ἐπὶ</strong></span> <span class='ocrx_word' id='word_1_384' title='bbox 3636 2725 3697 2778; x_wconf 84' lang='grc' dir='ltr'><strong>τὸ</strong></span> <span class='ocrx_word' id='word_1_385' title='bbox 3750 2727 3996 2795; x_wconf 86' lang='grc' dir='ltr'>συγγρά-</span> 
     </span>
    </p>
   </div>
   <div class='ocr_carea' id='block_1_58' title="bbox 2417 2816 3994 2893">
    <p class='ocr_par' dir='ltr' id='par_1_58' title="bbox 2417 2816 3994 2893">
     <span class='ocr_line' id='line_1_58' title="bbox 2417 2816 3994 2893; baseline -0.006 -17"><span class='ocrx_word' id='word_1_386' title='bbox 2417 2842 2536 2893; x_wconf 80' lang='grc' dir='ltr'>φειν</span> <span class='ocrx_word' id='word_1_387' title='bbox 2572 2822 2736 2893; x_wconf 68' lang='grc' dir='ltr'>ἤρθη,</span> <span class='ocrx_word' id='word_1_388' title='bbox 2773 2820 2865 2872; x_wconf 84' lang='grc' dir='ltr'>τοῦ</span> <span class='ocrx_word' id='word_1_389' title='bbox 2915 2818 3334 2886; x_wconf 76' lang='grc' dir='ltr'>ἐπαγγέλματος</span> <span class='ocrx_word' id='word_1_390' title='bbox 3381 2816 3605 2884; x_wconf 75' lang='grc' dir='ltr'>καὶτῆς</span> <span class='ocrx_word' id='word_1_391' title='bbox 3655 2816 3712 2866; x_wconf 89' lang='grc' dir='ltr'><strong>ἐν</strong></span> <span class='ocrx_word' id='word_1_392' title='bbox 3759 2816 3994 2885; x_wconf 80' lang='grc' dir='ltr'>ἀσκήσει</span> 
     </span>
    </p>
   </div>
   <div class='ocr_carea' id='block_1_59' title="bbox 2418 2905 3994 2986">
    <p class='ocr_par' dir='ltr' id='par_1_59' title="bbox 2418 2905 3994 2986">
     <span class='ocr_line' id='line_1_59' title="bbox 2418 2905 3994 2986; baseline -0.006 -19"><span class='ocrx_word' id='word_1_393' title='bbox 2418 2917 2649 2986; x_wconf 76' lang='grc' dir='ltr'>ήσυγίας</span> <span class='ocrx_word' id='word_1_394' title='bbox 2696 2911 3161 2979; x_wconf 80' lang='grc' dir='ltr'>ἐπιλελησμένος·</span> <span class='ocrx_word' id='word_1_395' title='bbox 3226 2905 3344 2961; x_wconf 85' lang='grc' dir='ltr'>εἶτα</span> <span class='ocrx_word' id='word_1_396' title='bbox 3393 2907 3454 2960; x_wconf 88' lang='grc' dir='ltr'><strong>τὸ</strong></span> <span class='ocrx_word' id='word_1_397' title='bbox 3502 2907 3779 2977; x_wconf 80' lang='grc' dir='ltr'>αἱρετικὸν</span> <span class='ocrx_word' id='word_1_398' title='bbox 3827 2906 3994 2960; x_wconf 80' lang='grc' dir='ltr'>αὐτοῦ</span> 
     </span>
    </p>
   </div>
   <div class='ocr_carea' id='block_1_60' title="bbox 2420 2995 3997 3076">
    <p class='ocr_par' dir='ltr' id='par_1_60' title="bbox 2420 2995 3997 3076">
     <span class='ocr_line' id='line_1_60' title="bbox 2420 2995 3997 3076; baseline -0.004 -19"><span class='ocrx_word' id='word_1_399' title='bbox 2420 3009 2678 3076; x_wconf 64' lang='grc' dir='ltr'>φρόνημα</span> <span class='ocrx_word' id='word_1_400' title='bbox 2707 3006 2792 3056; x_wconf 73' lang='grc' dir='ltr'>διὰ</span> <span class='ocrx_word' id='word_1_401' title='bbox 2822 3003 3034 3054; x_wconf 82' lang='grc' dir='ltr'>πολλῶν</span> <span class='ocrx_word' id='word_1_402' title='bbox 3062 3001 3382 3069; x_wconf 83' lang='grc' dir='ltr'>ἀπελέγχει.</span> <span class='ocrx_word' id='word_1_403' title='bbox 3408 2995 3517 3052; x_wconf 86' lang='grc' dir='ltr'>Ἦν</span> <span class='ocrx_word' id='word_1_404' title='bbox 3547 2999 3604 3051; x_wconf 85' lang='grc' dir='ltr'>δὲ</span> <span class='ocrx_word' id='word_1_405' title='bbox 3634 2999 3743 3068; x_wconf 82' lang='grc' dir='ltr'><strong>ἀρα</strong></span> <span class='ocrx_word' id='word_1_406' title='bbox 3774 2999 3884 3050; x_wconf 76' lang='grc' dir='ltr'><strong>τῶν</strong></span> <span class='ocrx_word' id='word_1_407' title='bbox 3910 2998 3997 3051; x_wconf 89' lang='grc' dir='ltr'>λε-</span> 
     </span>
    </p>
   </div>
   <div class='ocr_carea' id='block_1_61' title="bbox 2418 3091 3999 3166">
    <p class='ocr_par' dir='ltr' id='par_1_61' title="bbox 2418 3091 3999 3166">
     <span class='ocr_line' id='line_1_61' title="bbox 2418 3091 3999 3166; baseline -0.004 -16"><span class='ocrx_word' id='word_1_408' title='bbox 2418 3100 2666 3166; x_wconf 86' lang='grc' dir='ltr'>γομένων</span> <span class='ocrx_word' id='word_1_409' title='bbox 2697 3096 2804 3151; x_wconf 82' lang='grc' dir='ltr'><strong>ἀπὸ</strong></span> <span class='ocrx_word' id='word_1_410' title='bbox 2826 3096 2924 3165; x_wconf 77' lang='grc' dir='ltr'>τῆς</span> <span class='ocrx_word' id='word_1_411' title='bbox 2956 3094 3166 3162; x_wconf 86' lang='grc' dir='ltr'>φαύλης</span> <span class='ocrx_word' id='word_1_412' title='bbox 3186 3093 3344 3162; x_wconf 78' lang='grc' dir='ltr'>δόξης</span> <span class='ocrx_word' id='word_1_413' title='bbox 3370 3093 3476 3144; x_wconf 83' lang='grc' dir='ltr'><strong>τῶν</strong></span> <span class='ocrx_word' id='word_1_414' title='bbox 3506 3093 3739 3163; x_wconf 87' lang='grc' dir='ltr'>ἐχόντων</span> <span class='ocrx_word' id='word_1_415' title='bbox 3751 3091 3999 3158; x_wconf 76' lang='grc' dir='ltr'>Ἀερθαρ-</span> 
     </span>
    </p>
   </div>
   <div class='ocr_carea' id='block_1_62' title="bbox 723 3179 2315 3257">
    <p class='ocr_par' dir='ltr' id='par_1_62' title="bbox 723 3179 2310 3255">
     <span class='ocr_line' id='line_1_62' title="bbox 723 3179 2310 3255; baseline -0.008 -12"><span class='ocrx_word' id='word_1_416' title='bbox 723 3195 918 3245; x_wconf 76' lang='grc' dir='ltr'>άοεειιε</span> <span class='ocrx_word' id='word_1_417' title='bbox 941 3187 1064 3255; x_wconf 90' lang='grc'><strong>(90)</strong></span> <span class='ocrx_word' id='word_1_418' title='bbox 1103 3194 1231 3240; x_wconf 89' lang='lat' dir='ltr'><strong>sunt</strong></span> <span class='ocrx_word' id='word_1_419' title='bbox 1283 3185 1432 3237; x_wconf 88' lang='lat' dir='ltr'><strong>dicti.</strong></span> <span class='ocrx_word' id='word_1_420' title='bbox 1489 3183 1728 3236; x_wconf 88' lang='lat' dir='ltr'><strong>Primum</strong></span> <span class='ocrx_word' id='word_1_421' title='bbox 1763 3182 1943 3248; x_wconf 86' lang='lat' dir='ltr'><strong>itaque</strong></span> <span class='ocrx_word' id='word_1_422' title='bbox 1972 3184 2206 3235; x_wconf 88' lang='lat' dir='ltr'><strong>ostendit</strong></span> <span class='ocrx_word' id='word_1_423' title='bbox 2237 3179 2310 3235; x_wconf 89' lang='lat' dir='ltr'><strong>illi</strong></span> 
     </span>
    </p>
   </div>
   <div class='ocr_carea' id='block_1_63' title="bbox 2411 3179 3998 3257">
    <p class='ocr_par' dir='ltr' id='par_1_63' title="bbox 2415 3183 3998 3257">
     <span class='ocr_line' id='line_1_63' title="bbox 2415 3183 3998 3257; baseline -0.006 -13"><span class='ocrx_word' id='word_1_424' title='bbox 2415 3188 2774 3256; x_wconf 77' lang='grc' dir='ltr'>τοὸοκητῶν.</span> <span class='ocrx_word' id='word_1_425' title='bbox 2793 3189 2898 3240; x_wconf 79' lang='grc' dir='ltr'><strong>Καὶ</strong></span> <span class='ocrx_word' id='word_1_426' title='bbox 2923 3187 3137 3257; x_wconf 84' lang='grc' dir='ltr'>πρῶτον</span> <span class='ocrx_word' id='word_1_427' title='bbox 3164 3186 3263 3255; x_wconf 83' lang='grc' dir='ltr'><strong>μὲν</strong></span> <span class='ocrx_word' id='word_1_428' title='bbox 3285 3185 3556 3238; x_wconf 80' lang='grc' dir='ltr'>δείκνυσιν</span> <span class='ocrx_word' id='word_1_429' title='bbox 3579 3184 3741 3237; x_wconf 81' lang='grc' dir='ltr'>αὑτὸν</span> <span class='ocrx_word' id='word_1_430' title='bbox 3765 3183 3998 3245; x_wconf 79' lang='grc' dir='ltr'>εὐθύνας</span> 
     </span>
    </p>
   </div>
   <div class='ocr_carea' id='block_1_64' title="bbox 723 3274 2313 3341">
    <p class='ocr_par' dir='ltr' id='par_1_64' title="bbox 723 3274 2313 3341">
     <span class='ocr_line' id='line_1_64' title="bbox 723 3274 2313 3341; baseline -0.007 -3"><span class='ocrx_word' id='word_1_431' title='bbox 723 3283 988 3338; x_wconf 89' lang='lat' dir='ltr'><strong>rationem</strong></span> <span class='ocrx_word' id='word_1_432' title='bbox 1012 3294 1133 3333; x_wconf 89' lang='lat' dir='ltr'><strong>esse</strong></span> <span class='ocrx_word' id='word_1_433' title='bbox 1166 3277 1535 3341; x_wconf 86' lang='lat' dir='ltr'><strong>reddendam,</strong></span> <span class='ocrx_word' id='word_1_434' title='bbox 1590 3291 1686 3327; x_wconf 91' lang='lat' dir='ltr'><strong>cur</strong></span> <span class='ocrx_word' id='word_1_435' title='bbox 1733 3274 1783 3326; x_wconf 94' lang='lat' dir='ltr'><strong>in</strong></span> <span class='ocrx_word' id='word_1_436' title='bbox 1823 3289 1924 3325; x_wconf 92' lang='lat' dir='ltr'><strong>una</strong></span> <span class='ocrx_word' id='word_1_437' title='bbox 1960 3274 2219 3326; x_wconf 76' lang='lat' dir='ltr'><strong>duntaxat</strong></span> <span class='ocrx_word' id='word_1_438' title='bbox 2244 3275 2313 3327; x_wconf 87' lang='lat' dir='ltr'><strong>si-</strong></span> 
     </span>
    </p>
   </div>
   <div class='ocr_carea' id='block_1_65' title="bbox 723 3365 2312 3445">
    <p class='ocr_par' dir='ltr' id='par_1_65' title="bbox 723 3365 2312 3445">
     <span class='ocr_line' id='line_1_65' title="bbox 723 3365 2312 3445; baseline -0.006 -17"><span class='ocrx_word' id='word_1_439' title='bbox 723 3375 1074 3445; x_wconf 76' lang='lat' dir='ltr'><strong>gniﬁcatione</strong></span> <span class='ocrx_word' id='word_1_440' title='bbox 1103 3368 1455 3436; x_wconf 77' lang='lat' dir='ltr'><strong>corruptionis</strong></span> <span class='ocrx_word' id='word_1_441' title='bbox 1495 3365 1753 3420; x_wconf 88' lang='lat' dir='ltr'><strong>vocabulo</strong></span> <span class='ocrx_word' id='word_1_442' title='bbox 1803 3375 2056 3432; x_wconf 83' lang='lat' dir='ltr'><strong>accepto,</strong></span> <span class='ocrx_word' id='word_1_443' title='bbox 2095 3366 2159 3416; x_wconf 88' lang='lat' dir='ltr'><strong>de</strong></span> <span class='ocrx_word' id='word_1_444' title='bbox 2198 3365 2312 3418; x_wconf 88' lang='lat' dir='ltr'><strong>solo</strong></span> 
     </span>
    </p>
   </div>
   <div class='ocr_carea' id='block_1_66' title="bbox 728 3458 2310 3537">
    <p class='ocr_par' dir='ltr' id='par_1_66' title="bbox 728 3458 2310 3537">
     <span class='ocr_line' id='line_1_66' title="bbox 728 3458 2310 3537; baseline -0.008 -17"><span class='ocrx_word' id='word_1_445' title='bbox 728 3470 780 3521; x_wconf 90' lang='lat' dir='ltr'><strong>id</strong></span> <span class='ocrx_word' id='word_1_446' title='bbox 821 3473 1042 3537; x_wconf 76' lang='lat' dir='ltr'><strong>peccato</strong></span> <span class='ocrx_word' id='word_1_447' title='bbox 1091 3463 1194 3517; x_wconf 87' lang='lat' dir='ltr'><strong>dici</strong></span> <span class='ocrx_word' id='word_1_448' title='bbox 1228 3459 1524 3514; x_wconf 86' lang='lat' dir='ltr'><strong>arbitretur</strong></span> <span class='ocrx_word' id='word_1_449' title='bbox 1581 3477 1594 3512; x_wconf 87' lang='lat'><strong>:</strong></span> <span class='ocrx_word' id='word_1_450' title='bbox 1630 3474 1749 3510; x_wconf 90' lang='lat' dir='ltr'><strong>cum</strong></span> <span class='ocrx_word' id='word_1_451' title='bbox 1788 3473 1886 3510; x_wconf 87' lang='lat' dir='ltr'><strong>suo</strong></span> <span class='ocrx_word' id='word_1_452' title='bbox 1923 3458 2310 3509; x_wconf 73' lang='lat' dir='ltr'><strong>vocabulorum</strong></span> 
     </span>
    </p>
   </div>
   <div class='ocr_carea' id='block_1_67' title="bbox 726 3549 2313 3613">
    <p class='ocr_par' dir='ltr' id='par_1_67' title="bbox 726 3549 2313 3613">
     <span class='ocr_line' id='line_1_67' title="bbox 726 3549 2313 3613; baseline -0.006 -1"><span class='ocrx_word' id='word_1_453' title='bbox 726 3575 821 3613; x_wconf 87' lang='lat' dir='ltr'><strong>usu</strong></span> <span class='ocrx_word' id='word_1_454' title='bbox 851 3557 1018 3612; x_wconf 85' lang='lat' dir='ltr'><strong>sancti</strong></span> <span class='ocrx_word' id='word_1_455' title='bbox 1047 3554 1234 3608; x_wconf 83' lang='lat' dir='ltr'><strong>Patres</strong></span> <span class='ocrx_word' id='word_1_456' title='bbox 1265 3549 1617 3612; x_wconf 87' lang='lat' dir='ltr'><strong>tradiderint,</strong></span> <span class='ocrx_word' id='word_1_457' title='bbox 1648 3549 1713 3602; x_wconf 90' lang='lat' dir='ltr'><strong>ad</strong></span> <span class='ocrx_word' id='word_1_458' title='bbox 1749 3553 1922 3601; x_wconf 74' lang='lat' dir='ltr'><strong>varias</strong></span> <span class='ocrx_word' id='word_1_459' title='bbox 1979 3552 2198 3602; x_wconf 89' lang='lat' dir='ltr'><strong>omnino</strong></span> <span class='ocrx_word' id='word_1_460' title='bbox 2227 3565 2313 3603; x_wconf 89' lang='lat' dir='ltr'><strong>res</strong></span> 
     </span>
    </p>
   </div>
   <div class='ocr_carea' id='block_1_68' title="bbox 725 3641 2312 3709">
    <p class='ocr_par' dir='ltr' id='par_1_68' title="bbox 725 3641 2312 3709">
     <span class='ocr_line' id='line_1_68' title="bbox 725 3641 2312 3709; baseline -0.006 -5"><span class='ocrx_word' id='word_1_461' title='bbox 725 3654 863 3704; x_wconf 88' lang='lat' dir='ltr'><strong>hanc</strong></span> <span class='ocrx_word' id='word_1_462' title='bbox 886 3664 1068 3702; x_wconf 84' lang='lat' dir='ltr'><strong>vocem</strong></span> <span class='ocrx_word' id='word_1_463' title='bbox 1092 3645 1327 3700; x_wconf 77' lang='lat' dir='ltr'><strong>extendi.</strong></span> <span class='ocrx_word' id='word_1_464' title='bbox 1365 3641 1634 3706; x_wconf 83' lang='lat' dir='ltr'><strong>Secundo,</strong></span> <span class='ocrx_word' id='word_1_465' title='bbox 1676 3642 1816 3709; x_wconf 89' lang='lat' dir='ltr'><strong>quod</strong></span> <span class='ocrx_word' id='word_1_466' title='bbox 1884 3642 2220 3704; x_wconf 86' lang='lat' dir='ltr'><strong>immortale,</strong></span> <span class='ocrx_word' id='word_1_467' title='bbox 2259 3649 2312 3694; x_wconf 86' lang='lat' dir='ltr'><strong>et</strong></span> 
     </span>
    </p>
   </div>
   <div class='ocr_carea' id='block_1_69' title="bbox 728 3734 2314 3812">
    <p class='ocr_par' dir='ltr' id='par_1_69' title="bbox 728 3734 2314 3812">
     <span class='ocr_line' id='line_1_69' title="bbox 728 3734 2314 3812; baseline -0.007 -15"><span class='ocrx_word' id='word_1_468' title='bbox 728 3741 1050 3812; x_wconf 87' lang='lat' dir='ltr'><strong>impatihilc.</strong></span> <span class='ocrx_word' id='word_1_469' title='bbox 1082 3748 1134 3792; x_wconf 91' lang='lat' dir='ltr'><strong>et</strong></span> <span class='ocrx_word' id='word_1_470' title='bbox 1166 3734 1573 3804; x_wconf 87' lang='lat' dir='ltr'><strong>incorruptibile</strong></span> <span class='ocrx_word' id='word_1_471' title='bbox 1601 3749 1665 3785; x_wconf 82' lang='lat' dir='ltr'><strong>ex</strong></span> <span class='ocrx_word' id='word_1_472' title='bbox 1690 3735 1805 3800; x_wconf 87' lang='lat' dir='ltr'><strong>ipsa</strong></span> <span class='ocrx_word' id='word_1_473' title='bbox 1833 3734 2078 3787; x_wconf 91' lang='lat' dir='ltr'><strong>unitione</strong></span> <span class='ocrx_word' id='word_1_474' title='bbox 2113 3747 2314 3800; x_wconf 87' lang='lat' dir='ltr'><strong>corpus</strong></span> 
     </span>
    </p>
   </div>
   <div class='ocr_carea' id='block_1_70' title="bbox 725 3823 2312 3893">
    <p class='ocr_par' dir='ltr' id='par_1_70' title="bbox 725 3823 2312 3893">
     <span class='ocr_line' id='line_1_70' title="bbox 725 3823 2312 3893; baseline -0.006 -5"><span class='ocrx_word' id='word_1_475' title='bbox 725 3833 922 3888; x_wconf 75' lang='lat' dir='ltr'><strong>Christi</strong></span> <span class='ocrx_word' id='word_1_476' title='bbox 958 3830 1167 3885; x_wconf 89' lang='lat' dir='ltr'><strong>Domini</strong></span> <span class='ocrx_word' id='word_1_477' title='bbox 1205 3827 1437 3889; x_wconf 82' lang='lat' dir='ltr'><strong>dixerit,</strong></span> <span class='ocrx_word' id='word_1_478' title='bbox 1470 3825 1923 3893; x_wconf 86' lang='lat' dir='ltr'><strong>quemadmodum</strong></span> <span class='ocrx_word' id='word_1_479' title='bbox 1979 3833 2025 3877; x_wconf 90' lang='lat' dir='ltr'><strong>et</strong></span> <span class='ocrx_word' id='word_1_480' title='bbox 2068 3823 2312 3879; x_wconf 77' lang='lat' dir='ltr'><strong>Julianus</strong></span> 
     </span>
    </p>
   </div>
   <div class='ocr_carea' id='block_1_71' title="bbox 727 3916 2312 3993">
    <p class='ocr_par' dir='ltr' id='par_1_71' title="bbox 727 3916 2312 3993">
     <span class='ocr_line' id='line_1_71' title="bbox 727 3916 2312 3993; baseline -0.004 -17"><span class='ocrx_word' id='word_1_481' title='bbox 727 3940 890 3978; x_wconf 86' lang='lat' dir='ltr'><strong>ausus</strong></span> <span class='ocrx_word' id='word_1_482' title='bbox 910 3923 1021 3993; x_wconf 79' lang='lat'><strong>(9|)</strong></span> <span class='ocrx_word' id='word_1_483' title='bbox 1045 3931 1127 3975; x_wconf 85' lang='lat' dir='ltr'><strong>est</strong></span> <span class='ocrx_word' id='word_1_484' title='bbox 1143 3931 1410 3979; x_wconf 83' lang='lat' dir='ltr'><strong>asserere,</strong></span> <span class='ocrx_word' id='word_1_485' title='bbox 1429 3930 1550 3970; x_wconf 79' lang='lat' dir='ltr'><strong>Cum</strong></span> <span class='ocrx_word' id='word_1_486' title='bbox 1566 3925 1742 3968; x_wconf 86' lang='lat' dir='ltr'><strong>tamen</strong></span> <span class='ocrx_word' id='word_1_487' title='bbox 1760 3919 1810 3968; x_wconf 89' lang='lat' dir='ltr'><strong>in</strong></span> <span class='ocrx_word' id='word_1_488' title='bbox 1835 3917 2017 3970; x_wconf 88' lang='lat' dir='ltr'><strong>eadem</strong></span> <span class='ocrx_word' id='word_1_489' title='bbox 2047 3917 2144 3969; x_wconf 89' lang='lat' dir='ltr'><strong>hac</strong></span> <span class='ocrx_word' id='word_1_490' title='bbox 2165 3916 2312 3970; x_wconf 77' lang='lat' dir='ltr'><strong>alﬁr-</strong></span> 
     </span>
    </p>
   </div>
   <div class='ocr_carea' id='block_1_72' title="bbox 728 4007 2312 4084">
    <p class='ocr_par' dir='ltr' id='par_1_72' title="bbox 728 4007 2312 4084">
     <span class='ocr_line' id='line_1_72' title="bbox 728 4007 2312 4084; baseline -0.005 -14"><span class='ocrx_word' id='word_1_491' title='bbox 728 4027 836 4070; x_wconf 88' lang='lat' dir='ltr'><strong>met</strong></span> <span class='ocrx_word' id='word_1_492' title='bbox 863 4013 1088 4084; x_wconf 88' lang='lat' dir='ltr'><strong>epistola</strong></span> <span class='ocrx_word' id='word_1_493' title='bbox 1118 4022 1306 4066; x_wconf 89' lang='lat' dir='ltr'><strong>contra</strong></span> <span class='ocrx_word' id='word_1_494' title='bbox 1351 4011 1607 4064; x_wconf 86' lang='lat' dir='ltr'><strong>Severum</strong></span> <span class='ocrx_word' id='word_1_495' title='bbox 1633 4007 1967 4062; x_wconf 81' lang='lat' dir='ltr'><strong>etJulianuin</strong></span> <span class='ocrx_word' id='word_1_496' title='bbox 1992 4049 2006 4071; x_wconf 91' lang='lat'><strong>,</strong></span> <span class='ocrx_word' id='word_1_497' title='bbox 2032 4009 2172 4060; x_wconf 93' lang='lat' dir='ltr'><strong>hunc</strong></span> <span class='ocrx_word' id='word_1_498' title='bbox 2194 4023 2221 4060; x_wconf 90' lang='lat' dir='ltr'><strong>a</strong></span> <span class='ocrx_word' id='word_1_499' title='bbox 2254 4023 2312 4062; x_wconf 90' lang='lat' dir='ltr'><strong>se</strong></span> 
     </span>
    </p>
   </div>
   <div class='ocr_carea' id='block_1_73' title="bbox 726 4095 2312 4171">
    <p class='ocr_par' dir='ltr' id='par_1_73' title="bbox 726 4095 2312 4171">
     <span class='ocr_line' id='line_1_73' title="bbox 726 4095 2312 4171; baseline -0.006 -13"><span class='ocrx_word' id='word_1_500' title='bbox 726 4113 1034 4171; x_wconf 87' lang='lat' dir='ltr'><strong>susceptum</strong></span> <span class='ocrx_word' id='word_1_501' title='bbox 1073 4114 1194 4154; x_wconf 90' lang='lat' dir='ltr'><strong>esse</strong></span> <span class='ocrx_word' id='word_1_502' title='bbox 1248 4097 1522 4161; x_wconf 88' lang='lat' dir='ltr'><strong>laborem,</strong></span> <span class='ocrx_word' id='word_1_503' title='bbox 1571 4106 1627 4148; x_wconf 94' lang='lat' dir='ltr'><strong>ut</strong></span> <span class='ocrx_word' id='word_1_504' title='bbox 1657 4097 1744 4163; x_wconf 91' lang='lat' dir='ltr'><strong>qui</strong></span> <span class='ocrx_word' id='word_1_505' title='bbox 1780 4097 1910 4149; x_wconf 87' lang='lat' dir='ltr'><strong>duas</strong></span> <span class='ocrx_word' id='word_1_506' title='bbox 1946 4106 2166 4149; x_wconf 88' lang='lat' dir='ltr'><strong>naturas</strong></span> <span class='ocrx_word' id='word_1_507' title='bbox 2189 4138 2204 4161; x_wconf 93' lang='lat'><strong>,</strong></span> <span class='ocrx_word' id='word_1_508' title='bbox 2229 4095 2312 4149; x_wconf 85' lang='lat' dir='ltr'><strong>vel</strong></span> 
     </span>
    </p>
   </div>
   <div class='ocr_carea' id='block_1_74' title="bbox 725 4189 2308 4251">
    <p class='ocr_par' dir='ltr' id='par_1_74' title="bbox 725 4189 2308 4251">
     <span class='ocr_line' id='line_1_74' title="bbox 725 4189 2308 4251; baseline -0.007 -1"><span class='ocrx_word' id='word_1_509' title='bbox 725 4195 1058 4250; x_wconf 84' lang='lat' dir='ltr'><strong>substantias</strong></span> <span class='ocrx_word' id='word_1_510' title='bbox 1108 4193 1241 4244; x_wconf 89' lang='lat' dir='ltr'><strong>duas</strong></span> <span class='ocrx_word' id='word_1_511' title='bbox 1267 4190 1319 4241; x_wconf 93' lang='lat' dir='ltr'><strong>in</strong></span> <span class='ocrx_word' id='word_1_512' title='bbox 1349 4189 1563 4243; x_wconf 82' lang='lat' dir='ltr'><strong>Christo</strong></span> <span class='ocrx_word' id='word_1_513' title='bbox 1608 4189 1790 4243; x_wconf 88' lang='lat' dir='ltr'><strong>dicere</strong></span> <span class='ocrx_word' id='word_1_514' title='bbox 1843 4203 1944 4240; x_wconf 88' lang='lat' dir='ltr'><strong>non</strong></span> <span class='ocrx_word' id='word_1_515' title='bbox 1978 4189 2308 4251; x_wconf 87' lang='lat' dir='ltr'><strong>sustineant,</strong></span> 
     </span>
    </p>
   </div>
   <div class='ocr_carea' id='block_1_75' title="bbox 726 4277 2312 4356">
    <p class='ocr_par' dir='ltr' id='par_1_75' title="bbox 726 4277 2312 4356">
     <span class='ocr_line' id='line_1_75' title="bbox 726 4277 2312 4356; baseline -0.007 -15"><span class='ocrx_word' id='word_1_516' title='bbox 726 4303 899 4356; x_wconf 79' lang='lat' dir='ltr'><strong>neque</strong></span> <span class='ocrx_word' id='word_1_517' title='bbox 945 4287 1076 4340; x_wconf 92' lang='lat' dir='ltr'><strong>duas</strong></span> <span class='ocrx_word' id='word_1_518' title='bbox 1121 4286 1498 4354; x_wconf 86' lang='lat' dir='ltr'><strong>proprietates,</strong></span> <span class='ocrx_word' id='word_1_519' title='bbox 1522 4297 1694 4350; x_wconf 87' lang='lat' dir='ltr'><strong>neque</strong></span> <span class='ocrx_word' id='word_1_520' title='bbox 1728 4281 1967 4334; x_wconf 88' lang='lat' dir='ltr'><strong>actiones</strong></span> <span class='ocrx_word' id='word_1_521' title='bbox 1999 4279 2153 4332; x_wconf 82' lang='lat' dir='ltr'><strong>duas.</strong></span> <span class='ocrx_word' id='word_1_522' title='bbox 2175 4277 2312 4331; x_wconf 88' lang='lat' dir='ltr'><strong>Ter-</strong></span> 
     </span>
    </p>
   </div>
   <div class='ocr_carea' id='block_1_76' title="bbox 727 4374 2311 4450">
    <p class='ocr_par' dir='ltr' id='par_1_76' title="bbox 727 4374 2311 4450">
     <span class='ocr_line' id='line_1_76' title="bbox 727 4374 2311 4450; baseline -0.005 -17"><span class='ocrx_word' id='word_1_523' title='bbox 727 4386 801 4434; x_wconf 87' lang='lat' dir='ltr'><strong>tio</strong></span> <span class='ocrx_word' id='word_1_524' title='bbox 830 4382 969 4450; x_wconf 87' lang='lat' dir='ltr'><strong>quod</strong></span> <span class='ocrx_word' id='word_1_525' title='bbox 993 4380 1179 4433; x_wconf 85' lang='lat' dir='ltr'><strong>Adami</strong></span> <span class='ocrx_word' id='word_1_526' title='bbox 1211 4393 1408 4446; x_wconf 90' lang='lat' dir='ltr'><strong>corpus</strong></span> <span class='ocrx_word' id='word_1_527' title='bbox 1459 4385 1665 4429; x_wconf 80' lang='lat' dir='ltr'><strong>asserat</strong></span> <span class='ocrx_word' id='word_1_528' title='bbox 1696 4385 1820 4427; x_wconf 90' lang='lat' dir='ltr'><strong>ante</strong></span> <span class='ocrx_word' id='word_1_529' title='bbox 1860 4374 2063 4440; x_wconf 88' lang='lat' dir='ltr'><strong>lapsum</strong></span> <span class='ocrx_word' id='word_1_530' title='bbox 2092 4414 2107 4437; x_wconf 85' lang='lat'><strong>,</strong></span> <span class='ocrx_word' id='word_1_531' title='bbox 2137 4385 2311 4439; x_wconf 82' lang='lat' dir='ltr'><strong>neque</strong></span> 
     </span>
    </p>
   </div>
   <div class='ocr_carea' id='block_1_77' title="bbox 729 4469 2307 4544">
    <p class='ocr_par' dir='ltr' id='par_1_77' title="bbox 729 4469 2307 4544">
     <span class='ocr_line' id='line_1_77' title="bbox 729 4469 2307 4544; baseline -0.008 -17"><span class='ocrx_word' id='word_1_532' title='bbox 729 4474 928 4544; x_wconf 77' lang='lat' dir='ltr'><strong>lOSb</strong></span> <span class='ocrx_word' id='word_1_533' title='bbox 963 4471 1192 4525; x_wconf 90' lang='lat' dir='ltr'><strong>mortale</strong></span> <span class='ocrx_word' id='word_1_534' title='bbox 1213 4485 1333 4523; x_wconf 87' lang='lat' dir='ltr'><strong>esse</strong></span> <span class='ocrx_word' id='word_1_535' title='bbox 1362 4469 1657 4528; x_wconf 89' lang='lat' dir='ltr'><strong>conditum,</strong></span> <span class='ocrx_word' id='word_1_536' title='bbox 1691 4481 1863 4533; x_wconf 91' lang='lat' dir='ltr'><strong>neque</strong></span> <span class='ocrx_word' id='word_1_537' title='bbox 1897 4476 2083 4532; x_wconf 86' lang='lat' dir='ltr'><strong>suapte</strong></span> <span class='ocrx_word' id='word_1_538' title='bbox 2118 4474 2307 4516; x_wconf 85' lang='lat' dir='ltr'><strong>natura</strong></span> 
     </span>
    </p>
   </div>
   <div class='ocr_carea' id='block_1_78' title="bbox 725 4555 2302 4634">
    <p class='ocr_par' dir='ltr' id='par_1_78' title="bbox 725 4555 2302 4634">
     <span class='ocr_line' id='line_1_78' title="bbox 725 4555 2302 4634; baseline -0.006 -15"><span class='ocrx_word' id='word_1_539' title='bbox 725 4567 1109 4634; x_wconf 86' lang='lat' dir='ltr'><strong>corruptibile,</strong></span> <span class='ocrx_word' id='word_1_540' title='bbox 1144 4575 1201 4617; x_wconf 93' lang='lat' dir='ltr'><strong>ut</strong></span> <span class='ocrx_word' id='word_1_541' title='bbox 1240 4562 1492 4615; x_wconf 89' lang='lat' dir='ltr'><strong>nimirum</strong></span> <span class='ocrx_word' id='word_1_542' title='bbox 1524 4575 1586 4614; x_wconf 85' lang='lat' dir='ltr'><strong>ex</strong></span> <span class='ocrx_word' id='word_1_543' title='bbox 1624 4561 1744 4622; x_wconf 87' lang='lat' dir='ltr'><strong>hoc,</strong></span> <span class='ocrx_word' id='word_1_544' title='bbox 1771 4573 1866 4625; x_wconf 91' lang='lat' dir='ltr'><strong>pro</strong></span> <span class='ocrx_word' id='word_1_545' title='bbox 1899 4558 2069 4624; x_wconf 88' lang='lat' dir='ltr'><strong>ipsius</strong></span> <span class='ocrx_word' id='word_1_546' title='bbox 2097 4555 2302 4623; x_wconf 89' lang='lat' dir='ltr'><strong>opinio-</strong></span> 
     </span>
    </p>
   </div>
   <div class='ocr_carea' id='block_1_79' title="bbox 725 4647 2302 4720">
    <p class='ocr_par' dir='ltr' id='par_1_79' title="bbox 725 4647 2302 4720">
     <span class='ocr_line' id='line_1_79' title="bbox 725 4647 2302 4720; baseline -0.006 -12"><span class='ocrx_word' id='word_1_547' title='bbox 725 4670 793 4709; x_wconf 92' lang='lat' dir='ltr'><strong>ne</strong></span> <span class='ocrx_word' id='word_1_548' title='bbox 818 4696 832 4720; x_wconf 93' lang='lat'><strong>,</strong></span> <span class='ocrx_word' id='word_1_549' title='bbox 869 4656 995 4708; x_wconf 90' lang='lat' dir='ltr'><strong>illud</strong></span> <span class='ocrx_word' id='word_1_550' title='bbox 1031 4656 1154 4706; x_wconf 90' lang='lat' dir='ltr'><strong>item</strong></span> <span class='ocrx_word' id='word_1_551' title='bbox 1190 4660 1544 4720; x_wconf 86' lang='lat' dir='ltr'><strong>sequeretur,</strong></span> <span class='ocrx_word' id='word_1_552' title='bbox 1599 4648 1874 4701; x_wconf 88' lang='lat' dir='ltr'><strong>Christum</strong></span> <span class='ocrx_word' id='word_1_553' title='bbox 1907 4647 2185 4699; x_wconf 85' lang='lat' dir='ltr'><strong>Dominum</strong></span> <span class='ocrx_word' id='word_1_554' title='bbox 2237 4661 2302 4698; x_wconf 80' lang='lat' dir='ltr'><strong>ex</strong></span> 
     </span>
    </p>
   </div>
   <div class='ocr_carea' id='block_1_80' title="bbox 727 4740 2302 4818">
    <p class='ocr_par' dir='ltr' id='par_1_80' title="bbox 727 4740 2302 4818">
     <span class='ocr_line' id='line_1_80' title="bbox 727 4740 2302 4818; baseline -0.009 -15"><span class='ocrx_word' id='word_1_555' title='bbox 727 4752 839 4815; x_wconf 85' lang='lat' dir='ltr'><strong>ipsa</strong></span> <span class='ocrx_word' id='word_1_556' title='bbox 868 4749 1252 4818; x_wconf 82' lang='lat' dir='ltr'><strong>conjunctione</strong></span> <span class='ocrx_word' id='word_1_557' title='bbox 1286 4740 1694 4812; x_wconf 87' lang='lat' dir='ltr'><strong>incorruptibile</strong></span> <span class='ocrx_word' id='word_1_558' title='bbox 1734 4754 1931 4808; x_wconf 88' lang='lat' dir='ltr'><strong>corpus</strong></span> <span class='ocrx_word' id='word_1_559' title='bbox 1957 4780 1970 4805; x_wconf 93' lang='lat'><strong>,</strong></span> <span class='ocrx_word' id='word_1_560' title='bbox 2009 4749 2169 4807; x_wconf 84' lang='lat' dir='ltr'><strong>atque</strong></span> <span class='ocrx_word' id='word_1_561' title='bbox 2203 4740 2302 4792; x_wconf 91' lang='lat' dir='ltr'><strong>im-</strong></span> 
     </span>
    </p>
   </div>
   <div class='ocr_carea' id='block_1_81' title="bbox 2416 3274 3998 3350">
    <p class='ocr_par' dir='ltr' id='par_1_81' title="bbox 2416 3274 3998 3350">
     <span class='ocr_line' id='line_1_81' title="bbox 2416 3274 3998 3350; baseline -0.006 -16"><span class='ocrx_word' id='word_1_562' title='bbox 2416 3284 2684 3350; x_wconf 77' lang='grc' dir='ltr'>ύπέχοντα</span> <span class='ocrx_word' id='word_1_563' title='bbox 2710 3322 2725 3345; x_wconf 89' lang='grc'><strong>,</strong></span> <span class='ocrx_word' id='word_1_564' title='bbox 2759 3281 2841 3332; x_wconf 85' lang='grc' dir='ltr'><strong>ὅτι</strong></span> <span class='ocrx_word' id='word_1_565' title='bbox 2882 3279 3080 3349; x_wconf 82' lang='grc' dir='ltr'>μονοσή</span> <span class='ocrx_word' id='word_1_566' title='bbox 3093 3293 3294 3347; x_wconf 90' lang='grc' dir='ltr'>μαντον</span> <span class='ocrx_word' id='word_1_567' title='bbox 3326 3276 3386 3328; x_wconf 87' lang='grc' dir='ltr'><strong>τὸ</strong></span> <span class='ocrx_word' id='word_1_568' title='bbox 3418 3277 3519 3344; x_wconf 82' lang='grc' dir='ltr'><strong>τῆς</strong></span> <span class='ocrx_word' id='word_1_569' title='bbox 3555 3275 3760 3344; x_wconf 75' lang='grc' dir='ltr'>φθορᾶς</span> <span class='ocrx_word' id='word_1_570' title='bbox 3787 3274 3998 3342; x_wconf 82' lang='grc' dir='ltr'>ἐξειλη-</span> 
     </span>
    </p>
   </div>
   <div class='ocr_carea' id='block_1_82' title="bbox 2416 3368 3995 3442">
    <p class='ocr_par' dir='ltr' id='par_1_82' title="bbox 2416 3368 3995 3442">
     <span class='ocr_line' id='line_1_82' title="bbox 2416 3368 3995 3442; baseline -0.003 -18"><span class='ocrx_word' id='word_1_571' title='bbox 2416 3374 2530 3442; x_wconf 75' lang='grc' dir='ltr'>φὼς</span> <span class='ocrx_word' id='word_1_572' title='bbox 2572 3373 2743 3441; x_wconf 81' lang='grc' dir='ltr'>δνομα</span> <span class='ocrx_word' id='word_1_573' title='bbox 2792 3373 2885 3423; x_wconf 70' lang='grc' dir='ltr'>ἐπὶ</span> <span class='ocrx_word' id='word_1_574' title='bbox 2936 3372 3103 3440; x_wconf 83' lang='grc' dir='ltr'>μόνης</span> <span class='ocrx_word' id='word_1_575' title='bbox 3134 3369 3411 3439; x_wconf 80' lang='grc' dir='ltr'>ἁμαρτίας</span> <span class='ocrx_word' id='word_1_576' title='bbox 3461 3370 3631 3421; x_wconf 83' lang='grc' dir='ltr'>οἴεται</span> <span class='ocrx_word' id='word_1_577' title='bbox 3677 3368 3995 3428; x_wconf 82' lang='grc' dir='ltr'>τάττεσθαι.</span> 
     </span>
    </p>
   </div>
   <div class='ocr_carea' id='block_1_83' title="bbox 2413 3453 3996 3530">
    <p class='ocr_par' dir='ltr' id='par_1_83' title="bbox 2413 3453 3996 3530">
     <span class='ocr_line' id='line_1_83' title="bbox 2413 3453 3996 3530; baseline -0.002 -17"><span class='ocrx_word' id='word_1_578' title='bbox 2413 3463 2522 3513; x_wconf 80' lang='grc' dir='ltr'>τῶν</span> <span class='ocrx_word' id='word_1_579' title='bbox 2555 3463 2723 3528; x_wconf 87' lang='grc' dir='ltr'>ἁγίων</span> <span class='ocrx_word' id='word_1_580' title='bbox 2753 3461 3011 3530; x_wconf 84' lang='grc' dir='ltr'>Πατέρων</span> <span class='ocrx_word' id='word_1_581' title='bbox 3037 3460 3214 3530; x_wconf 77' lang='grc' dir='ltr'>ἡμῶν,</span> <span class='ocrx_word' id='word_1_582' title='bbox 3264 3459 3330 3511; x_wconf 87' lang='grc' dir='ltr'>δι’</span> <span class='ocrx_word' id='word_1_583' title='bbox 3371 3453 3446 3512; x_wconf 83' lang='grc' dir='ltr'>ὧν</span> <span class='ocrx_word' id='word_1_584' title='bbox 3493 3463 3614 3521; x_wconf 87' lang='grc' dir='ltr'>ταῖς</span> <span class='ocrx_word' id='word_1_585' title='bbox 3646 3461 3852 3527; x_wconf 76' lang='grc' dir='ltr'>φωναῖς</span> <span class='ocrx_word' id='word_1_586' title='bbox 3886 3460 3996 3511; x_wconf 85' lang='grc' dir='ltr'>ἀπ-</span> 
     </span>
    </p>
   </div>
   <div class='ocr_carea' id='block_1_84' title="bbox 2415 3549 3994 3623">
    <p class='ocr_par' dir='ltr' id='par_1_84' title="bbox 2415 3549 3994 3623">
     <span class='ocr_line' id='line_1_84' title="bbox 2415 3549 3994 3623; baseline -0.001 -19"><span class='ocrx_word' id='word_1_587' title='bbox 2415 3555 2743 3623; x_wconf 78' lang='grc' dir='ltr'>εχρήσαντο,</span> <span class='ocrx_word' id='word_1_588' title='bbox 2803 3551 2946 3604; x_wconf 87' lang='grc' dir='ltr'><strong>κατά</strong></span> <span class='ocrx_word' id='word_1_589' title='bbox 2998 3552 3273 3621; x_wconf 77' lang='grc' dir='ltr'>διαφόρων</span> <span class='ocrx_word' id='word_1_590' title='bbox 3330 3551 3672 3619; x_wconf 83' lang='grc' dir='ltr'>πραγμάτων</span> <span class='ocrx_word' id='word_1_591' title='bbox 3727 3549 3854 3621; x_wconf 73' lang='grc'><strong>[179</strong></span> <span class='ocrx_word' id='word_1_592' title='bbox 3900 3549 3994 3621; x_wconf 83' lang='grc' dir='ltr'><strong>Η.]</strong></span> 
     </span>
    </p>
   </div>
   <div class='ocr_carea' id='block_1_85' title="bbox 2413 3643 3997 3714">
    <p class='ocr_par' dir='ltr' id='par_1_85' title="bbox 2413 3643 3997 3714">
     <span class='ocr_line' id='line_1_85' title="bbox 2413 3643 3997 3714; baseline -0.002 -17"><span class='ocrx_word' id='word_1_593' title='bbox 2413 3645 2572 3698; x_wconf 75' lang='grc' dir='ltr'>τοῦτο</span> <span class='ocrx_word' id='word_1_594' title='bbox 2616 3645 2676 3696; x_wconf 84' lang='grc' dir='ltr'><strong>τὸ</strong></span> <span class='ocrx_word' id='word_1_595' title='bbox 2723 3644 2894 3714; x_wconf 78' lang='grc' dir='ltr'>ὄνομα</span> <span class='ocrx_word' id='word_1_596' title='bbox 2926 3644 3190 3714; x_wconf 80' lang='grc' dir='ltr'>φέρεσθαι</span> <span class='ocrx_word' id='word_1_597' title='bbox 3246 3643 3733 3712; x_wconf 79' lang='grc' dir='ltr'>παραδεδωκότων.</span> <span class='ocrx_word' id='word_1_598' title='bbox 3763 3643 3817 3694; x_wconf 87' lang='lat' dir='ltr'><strong>B&#39;</strong></span> <span class='ocrx_word' id='word_1_599' title='bbox 3849 3644 3997 3695; x_wconf 72' lang='lat' dir='ltr'><strong>an”</strong></span> 
     </span>
    </p>
   </div>
   <div class='ocr_carea' id='block_1_86' title="bbox 2414 3734 3999 3804">
    <p class='ocr_par' dir='ltr' id='par_1_86' title="bbox 2414 3734 3999 3804">
     <span class='ocr_line' id='line_1_86' title="bbox 2414 3734 3999 3804; baseline -0.002 -15"><span class='ocrx_word' id='word_1_600' title='bbox 2414 3735 2686 3789; x_wconf 84' lang='grc' dir='ltr'>ἀθάνατον</span> <span class='ocrx_word' id='word_1_601' title='bbox 2716 3737 2814 3788; x_wconf 58' lang='grc' dir='ltr'><strong>καὶ⁵</strong></span> <span class='ocrx_word' id='word_1_602' title='bbox 2840 3737 3050 3798; x_wconf 77' lang='grc' dir='ltr'>ἀπαθὲς</span> <span class='ocrx_word' id='word_1_603' title='bbox 3103 3735 3197 3788; x_wconf 74' lang='grc' dir='ltr'><strong>καὶ</strong></span> <span class='ocrx_word' id='word_1_604' title='bbox 3239 3734 3516 3804; x_wconf 72' lang='grc' dir='ltr'>ἄφθαρτον</span> <span class='ocrx_word' id='word_1_605' title='bbox 3563 3735 3621 3800; x_wconf 80' lang='grc' dir='ltr'>ἐξ</span> <span class='ocrx_word' id='word_1_606' title='bbox 3687 3735 3861 3803; x_wconf 79' lang='grc' dir='ltr'>αὐτῆς</span> <span class='ocrx_word' id='word_1_607' title='bbox 3912 3736 3999 3788; x_wconf 79' lang='grc' dir='ltr'>ἐν·</span> 
     </span>
    </p>
   </div>
   <div class='ocr_carea' id='block_1_87' title="bbox 2413 3825 3998 3896">
    <p class='ocr_par' dir='ltr' id='par_1_87' title="bbox 2413 3825 3998 3896">
     <span class='ocr_line' id='line_1_87' title="bbox 2413 3825 3998 3896; baseline -0.001 -17"><span class='ocrx_word' id='word_1_608' title='bbox 2413 3829 2599 3889; x_wconf 83' lang='grc' dir='ltr'>ώσεως</span> <span class='ocrx_word' id='word_1_609' title='bbox 2634 3827 2693 3878; x_wconf 74' lang='grc' dir='ltr'>τὸ</span> <span class='ocrx_word' id='word_1_610' title='bbox 2735 3827 2892 3896; x_wconf 84' lang='grc' dir='ltr'>σῶμα</span> <span class='ocrx_word' id='word_1_611' title='bbox 2926 3827 3016 3878; x_wconf 85' lang='grc' dir='ltr'>τοῦ</span> <span class='ocrx_word' id='word_1_612' title='bbox 3051 3825 3288 3895; x_wconf 77' lang='grc' dir='ltr'>Κυρίου,</span> <span class='ocrx_word' id='word_1_613' title='bbox 3317 3827 3504 3895; x_wconf 82' lang='grc' dir='ltr'>ὥσπερ</span> <span class='ocrx_word' id='word_1_614' title='bbox 3523 3827 3566 3857; x_wconf 81' lang='grc'><strong>¹⁹</strong></span> <span class='ocrx_word' id='word_1_615' title='bbox 3614 3827 3643 3877; x_wconf 86' lang='grc' dir='ltr'>ὁ</span> <span class='ocrx_word' id='word_1_616' title='bbox 3686 3825 3998 3891; x_wconf 80' lang='grc' dir='ltr'>Ἰουλιανὸς,</span> 
     </span>
    </p>
   </div>
   <div class='ocr_carea' id='block_1_88' title="bbox 2415 3915 3998 3985">
    <p class='ocr_par' dir='ltr' id='par_1_88' title="bbox 2415 3915 3998 3985">
     <span class='ocr_line' id='line_1_88' title="bbox 2415 3915 3998 3985; baseline -0.004 -14"><span class='ocrx_word' id='word_1_617' title='bbox 2415 3918 2715 3985; x_wconf 81' lang='grc' dir='ltr'>ἐτόλμησεν</span> <span class='ocrx_word' id='word_1_618' title='bbox 2767 3915 3172 3985; x_wconf 73' lang='grc' dir='ltr'>ἀποφήνασθαι,</span> <span class='ocrx_word' id='word_1_619' title='bbox 3220 3916 3397 3968; x_wconf 82' lang='grc' dir='ltr'>καίτοι</span> <span class='ocrx_word' id='word_1_620' title='bbox 3418 3916 3460 3946; x_wconf 76' lang='grc'><strong>³⁸</strong></span> <span class='ocrx_word' id='word_1_621' title='bbox 3500 3915 3903 3982; x_wconf 84' lang='grc' dir='ltr'>διατεινόμενος</span> <span class='ocrx_word' id='word_1_622' title='bbox 3938 3916 3998 3965; x_wconf 80' lang='grc' dir='ltr'><strong>ἐν</strong></span> 
     </span>
    </p>
   </div>
   <div class='ocr_carea' id='block_1_89' title="bbox 2414 4005 3997 4077">
    <p class='ocr_par' dir='ltr' id='par_1_89' title="bbox 2414 4005 3997 4077">
     <span class='ocr_line' id='line_1_89' title="bbox 2414 4005 3997 4077; baseline -0.003 -16"><span class='ocrx_word' id='word_1_623' title='bbox 2414 4009 2564 4077; x_wconf 80' lang='grc' dir='ltr'>αὐτῷ</span> <span class='ocrx_word' id='word_1_624' title='bbox 2719 4009 3006 4077; x_wconf 83' lang='grc' dir='ltr'>γράμματι</span> <span class='ocrx_word' id='word_1_625' title='bbox 3037 4008 3175 4060; x_wconf 73' lang='grc' dir='ltr'>κατὰ</span> <span class='ocrx_word' id='word_1_626' title='bbox 3213 4006 3455 4077; x_wconf 89' lang='grc' dir='ltr'>Σεϐήρου</span> <span class='ocrx_word' id='word_1_627' title='bbox 3472 4007 3510 4037; x_wconf 89' lang='grc'><strong>³¹</strong></span> <span class='ocrx_word' id='word_1_628' title='bbox 3566 4007 3660 4057; x_wconf 79' lang='grc' dir='ltr'><strong>καὶ</strong></span> <span class='ocrx_word' id='word_1_629' title='bbox 3701 4005 3997 4057; x_wconf 81' lang='grc' dir='ltr'>Ἰουλιανοῦ</span> 
     </span>
    </p>
   </div>
   <div class='ocr_carea' id='block_1_90' title="bbox 2413 4095 3998 4166">
    <p class='ocr_par' dir='ltr' id='par_1_90' title="bbox 2413 4095 3998 4166">
     <span class='ocr_line' id='line_1_90' title="bbox 2413 4095 3998 4166; baseline -0.003 -15"><span class='ocrx_word' id='word_1_630' title='bbox 2413 4099 2505 4152; x_wconf 77' lang='grc' dir='ltr'><strong>τὸν</strong></span> <span class='ocrx_word' id='word_1_631' title='bbox 2543 4098 2786 4150; x_wconf 85' lang='grc' dir='ltr'>τοιοῦτον</span> <span class='ocrx_word' id='word_1_632' title='bbox 2846 4098 2993 4166; x_wconf 80' lang='grc' dir='ltr'>αὐτῷ</span> <span class='ocrx_word' id='word_1_633' title='bbox 3045 4096 3479 4164; x_wconf 80' lang='grc' dir='ltr'>διαπεπονῆσθαι</span> <span class='ocrx_word' id='word_1_634' title='bbox 3524 4095 3703 4156; x_wconf 84' lang='grc' dir='ltr'>πόνον,</span> <span class='ocrx_word' id='word_1_635' title='bbox 3758 4095 3855 4147; x_wconf 75' lang='grc' dir='ltr'><strong>ἅτε</strong></span> <span class='ocrx_word' id='word_1_636' title='bbox 3902 4095 3998 4147; x_wconf 83' lang='grc' dir='ltr'><strong>δύο</strong></span> 
     </span>
    </p>
   </div>
   <div class='ocr_carea' id='block_1_91' title="bbox 2415 4187 3998 4260">
    <p class='ocr_par' dir='ltr' id='par_1_91' title="bbox 2415 4187 3998 4260">
     <span class='ocr_line' id='line_1_91' title="bbox 2415 4187 3998 4260; baseline -0.003 -17"><span class='ocrx_word' id='word_1_637' title='bbox 2415 4191 2658 4260; x_wconf 74' lang='grc' dir='ltr'>φύσειςῆ</span> <span class='ocrx_word' id='word_1_638' title='bbox 2691 4190 2784 4243; x_wconf 90' lang='grc' dir='ltr'><strong>δύο</strong></span> <span class='ocrx_word' id='word_1_639' title='bbox 2818 4191 3006 4251; x_wconf 77' lang='grc' dir='ltr'>οὐσίας</span> <span class='ocrx_word' id='word_1_640' title='bbox 3038 4190 3131 4240; x_wconf 81' lang='grc' dir='ltr'><strong>ἐπὶ</strong></span> <span class='ocrx_word' id='word_1_641' title='bbox 3161 4187 3398 4256; x_wconf 80' lang='grc' dir='ltr'>Χριστοῦ</span> <span class='ocrx_word' id='word_1_642' title='bbox 3429 4189 3602 4240; x_wconf 84' lang='grc' dir='ltr'>εἰπεῖν</span> <span class='ocrx_word' id='word_1_643' title='bbox 3637 4188 3866 4238; x_wconf 78' lang='grc' dir='ltr'>ἐκείνων</span> <span class='ocrx_word' id='word_1_644' title='bbox 3895 4189 3998 4239; x_wconf 81' lang='grc' dir='ltr'>οὐκ</span> 
     </span>
    </p>
   </div>
   <div class='ocr_carea' id='block_1_92' title="bbox 2413 4276 3996 4350">
    <p class='ocr_par' dir='ltr' id='par_1_92' title="bbox 2413 4276 3996 4350">
     <span class='ocr_line' id='line_1_92' title="bbox 2413 4276 3996 4350; baseline -0.001 -17"><span class='ocrx_word' id='word_1_645' title='bbox 2413 4281 2780 4350; x_wconf 82' lang='grc' dir='ltr'>ἀνεχομένων,</span> <span class='ocrx_word' id='word_1_646' title='bbox 2813 4280 2933 4331; x_wconf 76' lang='grc' dir='ltr'>οὐδὲ</span> <span class='ocrx_word' id='word_1_647' title='bbox 2964 4279 3056 4331; x_wconf 85' lang='grc' dir='ltr'><strong>δύο</strong></span> <span class='ocrx_word' id='word_1_648' title='bbox 3092 4279 3385 4347; x_wconf 76' lang='grc' dir='ltr'>ἰδιότητας,</span> <span class='ocrx_word' id='word_1_649' title='bbox 3414 4279 3534 4330; x_wconf 82' lang='grc' dir='ltr'><strong>ούδέ</strong></span> <span class='ocrx_word' id='word_1_650' title='bbox 3566 4276 3659 4329; x_wconf 89' lang='grc' dir='ltr'><strong>δύο</strong></span> <span class='ocrx_word' id='word_1_651' title='bbox 3693 4276 3996 4346; x_wconf 79' lang='grc' dir='ltr'>ἐνεργείας.</span> 
     </span>
    </p>
   </div>
   <div class='ocr_carea' id='block_1_93' title="bbox 2413 4368 3998 4440">
    <p class='ocr_par' dir='ltr' id='par_1_93' title="bbox 2413 4368 3998 4440">
     <span class='ocr_line' id='line_1_93' title="bbox 2413 4368 3998 4440; baseline -0.003 -17"><span class='ocrx_word' id='word_1_652' title='bbox 2413 4372 2466 4423; x_wconf 87' lang='grc' dir='ltr'><strong>Γ¹</strong></span> <span class='ocrx_word' id='word_1_653' title='bbox 2494 4372 2576 4423; x_wconf 84' lang='grc' dir='ltr'><strong>ὅτι</strong></span> <span class='ocrx_word' id='word_1_654' title='bbox 2604 4372 2710 4440; x_wconf 72' lang='grc' dir='ltr'><strong>πρὸ</strong></span> <span class='ocrx_word' id='word_1_655' title='bbox 2737 4371 2832 4438; x_wconf 87' lang='grc' dir='ltr'><strong>τῆς</strong></span> <span class='ocrx_word' id='word_1_656' title='bbox 2864 4369 3234 4438; x_wconf 80' lang='grc' dir='ltr'>παραϐάσεως</span> <span class='ocrx_word' id='word_1_657' title='bbox 3263 4369 3323 4420; x_wconf 76' lang='grc' dir='ltr'>τὸ</span> <span class='ocrx_word' id='word_1_658' title='bbox 3347 4368 3439 4421; x_wconf 80' lang='grc' dir='ltr'>τοῦ</span> <span class='ocrx_word' id='word_1_659' title='bbox 3471 4369 3645 4437; x_wconf 77' lang='grc' dir='ltr'>’Λδὰμ</span> <span class='ocrx_word' id='word_1_660' title='bbox 3677 4369 3839 4436; x_wconf 81' lang='grc' dir='ltr'>σῶμα</span> <span class='ocrx_word' id='word_1_661' title='bbox 3874 4369 3998 4420; x_wconf 75' lang='grc' dir='ltr'>οὔτε</span> 
     </span>
    </p>
   </div>
   <div class='ocr_carea' id='block_1_94' title="bbox 2415 4460 3998 4532">
    <p class='ocr_par' dir='ltr' id='par_1_94' title="bbox 2415 4460 3998 4532">
     <span class='ocr_line' id='line_1_94' title="bbox 2415 4460 3998 4532; baseline -0.003 -16"><span class='ocrx_word' id='word_1_662' title='bbox 2415 4464 2606 4532; x_wconf 70' lang='grc' dir='ltr'>θνητὸν</span> <span class='ocrx_word' id='word_1_663' title='bbox 2635 4463 2784 4529; x_wconf 78' lang='grc' dir='ltr'>λέγει</span> <span class='ocrx_word' id='word_1_664' title='bbox 2839 4462 3239 4515; x_wconf 83' lang='grc' dir='ltr'>διαπεπλὰσθαι</span> <span class='ocrx_word' id='word_1_665' title='bbox 3270 4460 3393 4514; x_wconf 77' lang='grc' dir='ltr'>οὔτε</span> <span class='ocrx_word' id='word_1_666' title='bbox 3430 4461 3667 4530; x_wconf 79' lang='grc' dir='ltr'>φθαρτὸν</span> <span class='ocrx_word' id='word_1_667' title='bbox 3697 4460 3882 4530; x_wconf 82' lang='grc' dir='ltr'>φύσει,</span> <span class='ocrx_word' id='word_1_668' title='bbox 3931 4461 3998 4512; x_wconf 79' lang='grc' dir='ltr'><strong>ἶν’</strong></span> 
     </span>
    </p>
   </div>
   <div class='ocr_carea' id='block_1_95' title="bbox 2413 4554 4001 4625">
    <p class='ocr_par' dir='ltr' id='par_1_95' title="bbox 2413 4554 4001 4625">
     <span class='ocr_line' id='line_1_95' title="bbox 2413 4554 4001 4625; baseline -0.001 -19"><span class='ocrx_word' id='word_1_669' title='bbox 2413 4557 2478 4608; x_wconf 82' lang='grc' dir='ltr'><strong>ἐκ</strong></span> <span class='ocrx_word' id='word_1_670' title='bbox 2512 4555 2702 4607; x_wconf 83' lang='grc' dir='ltr'>τούτου</span> <span class='ocrx_word' id='word_1_671' title='bbox 2749 4555 2869 4606; x_wconf 84' lang='grc' dir='ltr'>καθ’</span> <span class='ocrx_word' id='word_1_672' title='bbox 2899 4555 3017 4606; x_wconf 76' lang='grc' dir='ltr'>ὁδὸν</span> <span class='ocrx_word' id='word_1_673' title='bbox 3047 4554 3254 4623; x_wconf 49' lang='lat' dir='ltr'><strong>arb-up&quot;</strong></span> <span class='ocrx_word' id='word_1_674' title='bbox 3290 4554 3515 4625; x_wconf 79' lang='grc' dir='ltr'>χωρήσῃ</span> <span class='ocrx_word' id='word_1_675' title='bbox 3544 4554 3605 4604; x_wconf 85' lang='grc' dir='ltr'><strong>τὸ</strong></span> <span class='ocrx_word' id='word_1_676' title='bbox 3632 4554 3725 4605; x_wconf 77' lang='grc' dir='ltr'>καὶ</span> <span class='ocrx_word' id='word_1_677' title='bbox 3751 4555 3840 4605; x_wconf 81' lang='grc' dir='ltr'><strong>τὸν</strong></span> <span class='ocrx_word' id='word_1_678' title='bbox 3870 4555 4001 4624; x_wconf 82' lang='grc' dir='ltr'>Χρι-</span> 
     </span>
    </p>
   </div>
   <div class='ocr_carea' id='block_1_96' title="bbox 2416 4643 4000 4715">
    <p class='ocr_par' dir='ltr' id='par_1_96' title="bbox 2416 4643 4000 4715">
     <span class='ocr_line' id='line_1_96' title="bbox 2416 4643 4000 4715; baseline 0.002 -19"><span class='ocrx_word' id='word_1_679' title='bbox 2416 4646 2539 4696; x_wconf 79' lang='grc' dir='ltr'>στὸν</span> <span class='ocrx_word' id='word_1_680' title='bbox 2575 4645 2633 4708; x_wconf 79' lang='grc' dir='ltr'>ἐξ</span> <span class='ocrx_word' id='word_1_681' title='bbox 2660 4646 2831 4712; x_wconf 73' lang='grc' dir='ltr'>αὐτῆς</span> <span class='ocrx_word' id='word_1_682' title='bbox 2868 4645 3114 4704; x_wconf 84' lang='grc' dir='ltr'>ἐνώσεως</span> <span class='ocrx_word' id='word_1_683' title='bbox 3149 4645 3308 4711; x_wconf 82' lang='grc' dir='ltr'>σῶμα</span> <span class='ocrx_word' id='word_1_684' title='bbox 3340 4643 3617 4713; x_wconf 75' lang='grc' dir='ltr'>ἄφθαρτον</span> <span class='ocrx_word' id='word_1_685' title='bbox 3647 4644 4000 4715; x_wconf 73' lang='grc' dir='ltr'>ἀνειληφέναι</span> 
     </span>
    </p>
   </div>
   <div class='ocr_carea' id='block_1_97' title="bbox 2412 4736 3998 4804">
    <p class='ocr_par' dir='ltr' id='par_1_97' title="bbox 2412 4736 3998 4804">
     <span class='ocr_line' id='line_1_97' title="bbox 2412 4736 3998 4804; baseline 0.001 -17"><span class='ocrx_word' id='word_1_686' title='bbox 2412 4741 2504 4788; x_wconf 76' lang='grc' dir='ltr'><strong>καὶ</strong></span> <span class='ocrx_word' id='word_1_687' title='bbox 2552 4738 2786 4800; x_wconf 82' lang='grc' dir='ltr'>ἀπαθὲς,</span> <span class='ocrx_word' id='word_1_688' title='bbox 2842 4737 2959 4788; x_wconf 81' lang='grc' dir='ltr'>δέον</span> <span class='ocrx_word' id='word_1_689' title='bbox 3015 4737 3107 4788; x_wconf 71' lang='grc' dir='ltr'><strong>καὶ</strong></span> <span class='ocrx_word' id='word_1_690' title='bbox 3165 4739 3306 4788; x_wconf 87' lang='grc' dir='ltr'>νοεῖν</span> <span class='ocrx_word' id='word_1_691' title='bbox 3352 4737 3448 4788; x_wconf 76' lang='grc' dir='ltr'>καὶ</span> <span class='ocrx_word' id='word_1_692' title='bbox 3482 4736 3660 4804; x_wconf 80' lang='grc' dir='ltr'>λέγειν</span> <span class='ocrx_word' id='word_1_693' title='bbox 3699 4737 3777 4799; x_wconf 84' lang='grc' dir='ltr'><strong>ὡς</strong></span> <span class='ocrx_word' id='word_1_694' title='bbox 3807 4738 3869 4789; x_wconf 83' lang='grc' dir='ltr'><strong>τὸ</strong></span> <span class='ocrx_word' id='word_1_695' title='bbox 3902 4736 3998 4788; x_wconf 79' lang='grc' dir='ltr'>τοῦ</span> 
     </span>
    </p>
   </div>
   <div class='ocr_carea' id='block_1_98' title="bbox 2013 4897 2706 4954">
    <p class='ocr_par' dir='ltr' id='par_1_98' title="bbox 2013 4897 2706 4954">
     <span class='ocr_line' id='line_1_98' title="bbox 2013 4897 2706 4954; baseline 0.001 -3"><span class='ocrx_word' id='word_1_696' title='bbox 2013 4897 2248 4952; x_wconf 68' lang='grc' dir='ltr'><strong>ΥΔΒΙᾹΞ</strong></span> <span class='ocrx_word' id='word_1_697' title='bbox 2300 4898 2706 4954; x_wconf 83' lang='lat' dir='ltr'><strong>LECTIONES.</strong></span> 
     </span>
    </p>
   </div>
   <div class='ocr_carea' id='block_1_99' title="bbox 796 5011 1924 5090">
    <p class='ocr_par' dir='ltr' id='par_1_99' title="bbox 796 5011 1924 5090">
     <span class='ocr_line' id='line_1_99' title="bbox 796 5011 1924 5090; baseline -0.014 -14"><span class='ocrx_word' id='word_1_698' title='bbox 796 5026 838 5055; x_wconf 82' lang='grc'><strong>²⁶</strong></span> <span class='ocrx_word' id='word_1_699' title='bbox 870 5021 1077 5090; x_wconf 81' lang='grc' dir='ltr'>ἑτέροις</span> <span class='ocrx_word' id='word_1_700' title='bbox 1107 5037 1169 5090; x_wconf 55' lang='grc' dir='ltr'><strong>ςἲ</strong></span> <span class='ocrx_word' id='word_1_701' title='bbox 1248 5015 1296 5090; x_wconf 58' lang='grc' dir='ltr'><strong><em>’ξ</em></strong></span> <span class='ocrx_word' id='word_1_702' title='bbox 1310 5012 1500 5090; x_wconf 64' lang='grc' dir='ltr'>ῥοπὴν</span> <span class='ocrx_word' id='word_1_703' title='bbox 1529 5011 1623 5090; x_wconf 68' lang='grc' dir='ltr'><strong>καὶ</strong></span> <span class='ocrx_word' id='word_1_704' title='bbox 1654 5012 1836 5064; x_wconf 71' lang='grc' dir='ltr'>ἱκανὸν</span> <span class='ocrx_word' id='word_1_705' title='bbox 1865 5028 1924 5090; x_wconf 41' lang='grc' dir='ltr'>ςί</span> 
     </span>
    </p>
   </div>
   <div class='ocr_carea' id='block_1_100' title="bbox 727 5083 1795 5160">
    <p class='ocr_par' dir='ltr' id='par_1_100' title="bbox 727 5083 1795 5160">
     <span class='ocr_line' id='line_1_100' title="bbox 727 5083 1795 5160; baseline 0 -22"><span class='ocrx_word' id='word_1_706' title='bbox 727 5094 869 5156; x_wconf 74' lang='grc' dir='ltr'>σεύς,</span> <span class='ocrx_word' id='word_1_707' title='bbox 963 5083 1014 5122; x_wconf 76' lang='grc'><em>’³³</em></span> <span class='ocrx_word' id='word_1_708' title='bbox 1044 5087 1233 5160; x_wconf 85' lang='grc' dir='ltr'>κυρίου</span> <span class='ocrx_word' id='word_1_709' title='bbox 1272 5085 1487 5150; x_wconf 81' lang='grc' dir='ltr'>ἐξεῖπεν</span> <span class='ocrx_word' id='word_1_710' title='bbox 1517 5083 1706 5151; x_wconf 81' lang='grc' dir='ltr'>ὥσπερ</span> <span class='ocrx_word' id='word_1_711' title='bbox 1735 5100 1795 5146; x_wconf 83' lang='grc' dir='ltr'><strong>ς.</strong></span> 
     </span>
    </p>
   </div>
   <div class='ocr_carea' id='block_1_101' title="bbox 2005 5004 2629 5081">
    <p class='ocr_par' dir='ltr' id='par_1_101' title="bbox 2005 5004 2629 5081">
     <span class='ocr_line' id='line_1_101' title="bbox 2005 5004 2629 5081; baseline 0.003 -18"><span class='ocrx_word' id='word_1_712' title='bbox 2005 5012 2049 5042; x_wconf 81' lang='grc'><strong>’⁷</strong></span> <span class='ocrx_word' id='word_1_713' title='bbox 2080 5007 2149 5081; x_wconf 83' lang='grc' dir='ltr'>ἦν</span> <span class='ocrx_word' id='word_1_714' title='bbox 2185 5013 2223 5064; x_wconf 83' lang='grc' dir='ltr'><strong>Α</strong></span> <span class='ocrx_word' id='word_1_715' title='bbox 2255 5032 2266 5065; x_wconf 92' lang='lat'>:</span> <span class='ocrx_word' id='word_1_716' title='bbox 2298 5004 2450 5074; x_wconf 76' lang='grc' dir='ltr'>οὗτος</span> <span class='ocrx_word' id='word_1_717' title='bbox 2477 5008 2543 5080; x_wconf 77' lang='grc' dir='ltr'>ἦν</span> <span class='ocrx_word' id='word_1_718' title='bbox 2571 5031 2629 5076; x_wconf 81' lang='grc' dir='ltr'>ς’.</span> 
     </span>
    </p>
   </div>
   <div class='ocr_carea' id='block_1_102' title="bbox 1899 5081 2398 5136">
    <p class='ocr_par' dir='ltr' id='par_1_102' title="bbox 1899 5081 2398 5136">
     <span class='ocr_line' id='line_1_102' title="bbox 1899 5081 2398 5136; baseline 0.004 -3"><span class='ocrx_word' id='word_1_719' title='bbox 1899 5082 1942 5112; x_wconf 84' lang='grc'><em>³⁰</em></span> <span class='ocrx_word' id='word_1_720' title='bbox 1973 5081 2150 5134; x_wconf 88' lang='grc' dir='ltr'>καίτοι</span> <span class='ocrx_word' id='word_1_721' title='bbox 2178 5084 2302 5136; x_wconf 80' lang='lat' dir='ltr'><strong>add.</strong></span> <span class='ocrx_word' id='word_1_722' title='bbox 2333 5084 2398 5135; x_wconf 74' lang='grc' dir='ltr'>Δ.</span> 
     </span>
    </p>
   </div>
   <div class='ocr_carea' id='block_1_103' title="bbox 2721 5009 4001 5080">
    <p class='ocr_par' dir='ltr' id='par_1_103' title="bbox 2721 5009 4001 5080">
     <span class='ocr_line' id='line_1_103' title="bbox 2721 5009 4001 5080; baseline 0.001 -18"><span class='ocrx_word' id='word_1_723' title='bbox 2721 5012 2752 5040; x_wconf 73' lang='grc'><strong>’⁵⁸</strong></span> <span class='ocrx_word' id='word_1_724' title='bbox 2777 5009 2881 5080; x_wconf 79' lang='grc' dir='ltr'>ὅτι]</span> <span class='ocrx_word' id='word_1_725' title='bbox 2915 5009 2985 5063; x_wconf 79' lang='lat' dir='ltr'><strong>cl‘.</strong></span> <span class='ocrx_word' id='word_1_726' title='bbox 3022 5009 3212 5061; x_wconf 73' lang='lat' dir='ltr'><strong>Suidas</strong></span> <span class='ocrx_word' id='word_1_727' title='bbox 3236 5024 3286 5063; x_wconf 85' lang='grc' dir='ltr'><strong>ν.</strong></span> <span class='ocrx_word' id='word_1_728' title='bbox 3321 5009 3608 5072; x_wconf 84' lang='grc' dir='ltr'>Ἰουλιανὸς</span> <span class='ocrx_word' id='word_1_729' title='bbox 3641 5009 4001 5080; x_wconf 81' lang='grc' dir='ltr'>Ἀλικαρνασ’</span> 
     </span>
    </p>
   </div>
   <div class='ocr_carea' id='block_1_104' title="bbox 2476 5080 3296 5152">
    <p class='ocr_par' dir='ltr' id='par_1_104' title="bbox 2476 5080 3296 5152">
     <span class='ocr_line' id='line_1_104' title="bbox 2476 5080 3296 5152; baseline -0.004 -17"><span class='ocrx_word' id='word_1_730' title='bbox 2476 5084 2515 5114; x_wconf 83' lang='grc'><strong>³¹</strong></span> <span class='ocrx_word' id='word_1_731' title='bbox 2547 5084 2786 5152; x_wconf 69' lang='grc' dir='ltr'>Σευῆρου</span> <span class='ocrx_word' id='word_1_732' title='bbox 2829 5098 2890 5144; x_wconf 83' lang='grc' dir='ltr'><strong>ς.</strong></span> <span class='ocrx_word' id='word_1_733' title='bbox 2971 5081 3012 5110; x_wconf 74' lang='grc'><strong>³⁵</strong></span> <span class='ocrx_word' id='word_1_734' title='bbox 3042 5080 3205 5132; x_wconf 80' lang='grc' dir='ltr'>αὑτοῦ</span> <span class='ocrx_word' id='word_1_735' title='bbox 3234 5099 3296 5144; x_wconf 80' lang='grc' dir='ltr'>ς.</span> 
     </span>
    </p>
   </div>
   <div class='ocr_carea' id='block_1_105' title="bbox 2217 5217 2459 5273">
    <p class='ocr_par' dir='ltr' id='par_1_105' title="bbox 2217 5217 2459 5273">
     <span class='ocr_line' id='line_1_105' title="bbox 2217 5217 2459 5273; baseline 0.004 -2"><span class='ocrx_word' id='word_1_736' title='bbox 2217 5217 2459 5273; x_wconf 68' lang='lat' dir='ltr'><strong>NOTAE.</strong></span> 
     </span>
    </p>
   </div>
   <div class='ocr_carea' id='block_1_106' title="bbox 796 5333 2301 5434">
    <p class='ocr_par' dir='ltr' id='par_1_106' title="bbox 796 5333 2301 5434">
     <span class='ocr_line' id='line_1_106' title="bbox 796 5333 2301 5434; baseline -0.011 -29"><span class='ocrx_word' id='word_1_737' title='bbox 796 5351 884 5418; x_wconf 82' lang='lat'><strong>(86</strong></span> <span class='ocrx_word' id='word_1_738' title='bbox 901 5342 1347 5434; x_wconf 39' lang='lat' dir='ltr'><strong>)n&#39;llIhessalpnica:</strong></span> <span class='ocrx_word' id='word_1_739' title='bbox 1368 5378 1383 5405; x_wconf 86' lang='lat'><strong>,</strong></span> <span class='ocrx_word' id='word_1_740' title='bbox 1411 5347 1471 5394; x_wconf 90' lang='lat' dir='ltr'><strong>ut</strong></span> <span class='ocrx_word' id='word_1_741' title='bbox 1499 5348 1549 5393; x_wconf 89' lang='lat' dir='ltr'><strong>te</strong></span> <span class='ocrx_word' id='word_1_742' title='bbox 1574 5337 1790 5392; x_wconf 90' lang='lat' dir='ltr'><strong>docebit</strong></span> <span class='ocrx_word' id='word_1_743' title='bbox 1817 5335 1880 5388; x_wconf 89' lang='lat' dir='ltr'><strong>B.</strong></span> <span class='ocrx_word' id='word_1_744' title='bbox 1911 5335 2137 5404; x_wconf 79' lang='lat' dir='ltr'><strong>Grcgor.</strong></span> <span class='ocrx_word' id='word_1_745' title='bbox 2161 5333 2301 5402; x_wconf 62' lang='grc' dir='ltr'>Μίδα.</span> 
     </span>
    </p>
   </div>
   <div class='ocr_carea' id='block_1_107' title="bbox 724 5415 2301 5560">
    <p class='ocr_par' dir='ltr' id='par_1_107' title="bbox 724 5415 2301 5560">
     <span class='ocr_line' id='line_1_107' title="bbox 724 5415 2185 5494; baseline -0.027 -14"><span class='ocrx_word' id='word_1_746' title='bbox 724 5415 882 5494; x_wconf 56' lang='grc' dir='ltr'>ενὶκι.</span> <span class='ocrx_word' id='word_1_747' title='bbox 904 5415 987 5473; x_wconf 14' lang='lat'><strong>769</strong></span> <span class='ocrx_word' id='word_1_748' title='bbox 1009 5457 1023 5479; x_wconf 91' lang='lat'><strong>,</strong></span> <span class='ocrx_word' id='word_1_749' title='bbox 1050 5418 1141 5469; x_wconf 87' lang='lat' dir='ltr'><strong>lib.</strong></span> <span class='ocrx_word' id='word_1_750' title='bbox 1173 5415 1226 5468; x_wconf 89' lang='lat'><strong>9.</strong></span> <span class='ocrx_word' id='word_1_751' title='bbox 2116 5475 2127 5486; x_wconf 49' lang='lat'><em>.</em></span> <span class='ocrx_word' id='word_1_752' title='bbox 2174 5477 2185 5486; x_wconf 30' lang='grc' dir='ltr'>θ</span> 
     </span>
     <span class='ocr_line' id='line_1_108' title="bbox 798 5472 2301 5560; baseline -0.016 -11"><span class='ocrx_word' id='word_1_753' title='bbox 798 5494 896 5560; x_wconf 62' lang='grc'><strong>(87</strong></span> <span class='ocrx_word' id='word_1_754' title='bbox 919 5488 1264 5560; x_wconf 75' lang='lat' dir='ltr'><strong>)Monachum</strong></span> <span class='ocrx_word' id='word_1_755' title='bbox 1291 5481 1376 5537; x_wconf 86' lang='lat' dir='ltr'><strong>ad.</strong></span> <span class='ocrx_word' id='word_1_756' title='bbox 1407 5479 1464 5535; x_wconf 88' lang='lat' dir='ltr'><strong>S.</strong></span> <span class='ocrx_word' id='word_1_757' title='bbox 1486 5479 1710 5534; x_wconf 86' lang='lat' dir='ltr'><strong>Paulum</strong></span> <span class='ocrx_word' id='word_1_758' title='bbox 1765 5477 1981 5542; x_wconf 62' lang='lat' dir='ltr'><strong>Roma,</strong></span> <span class='ocrx_word' id='word_1_759' title='bbox 2008 5485 2065 5529; x_wconf 91' lang='lat' dir='ltr'><strong>ttt</strong></span> <span class='ocrx_word' id='word_1_760' title='bbox 2117 5477 2186 5530; x_wconf 83' lang='lat' dir='ltr'><strong>ibt</strong></span> <span class='ocrx_word' id='word_1_761' title='bbox 2240 5472 2301 5526; x_wconf 86' lang='grc' dir='ltr'>Β.</span> 
     </span>
    </p>
   </div>
   <div class='ocr_carea' id='block_1_108' title="bbox 723 5567 2303 5701">
    <p class='ocr_par' dir='ltr' id='par_1_108' title="bbox 723 5567 2303 5701">
     <span class='ocr_line' id='line_1_109' title="bbox 723 5567 2303 5701; baseline -0.013 -12"><span class='ocrx_word' id='word_1_762' title='bbox 723 5567 907 5701; x_wconf 48' lang='lat' dir='ltr'><strong>(Irng)</strong></span> <span class='ocrx_word' id='word_1_763' title='bbox 937 5627 1265 5701; x_wconf 49' lang='lat' dir='ltr'><strong>Quasijugta</strong></span> <span class='ocrx_word' id='word_1_764' title='bbox 1283 5623 1564 5691; x_wconf 82' lang='lat' dir='ltr'><strong>legendum</strong></span> <span class='ocrx_word' id='word_1_765' title='bbox 1587 5624 1845 5701; x_wconf 78' lang='lat' dir='ltr'><strong>scriptum</strong></span> <span class='ocrx_word' id='word_1_766' title='bbox 1869 5618 2044 5701; x_wconf 68' lang='lat' dir='ltr'><strong>dicas,</strong></span> <span class='ocrx_word' id='word_1_767' title='bbox 2067 5615 2214 5701; x_wconf 64' lang='lat' dir='ltr'><strong>quod</strong></span> <span class='ocrx_word' id='word_1_768' title='bbox 2236 5631 2303 5668; x_wconf 81' lang='lat' dir='ltr'><strong>ex</strong></span> 
     </span>
    </p>
   </div>
   <div class='ocr_carea' id='block_1_109' title="bbox 725 5687 2296 5758">
    <p class='ocr_par' dir='ltr' id='par_1_109' title="bbox 725 5687 2296 5758">
     <span class='ocr_line' id='line_1_110' title="bbox 725 5687 2296 5758; baseline -0.014 0"><span class='ocrx_word' id='word_1_769' title='bbox 725 5687 938 5758; x_wconf 72' lang='lat' dir='ltr'><strong>diverso</strong></span> <span class='ocrx_word' id='word_1_770' title='bbox 952 5687 1035 5751; x_wconf 45' lang='lat' dir='ltr'><strong>‘et</strong></span> <span class='ocrx_word' id='word_1_771' title='bbox 1075 5687 1398 5750; x_wconf 75' lang='lat' dir='ltr'><strong>altrinsecus</strong></span> <span class='ocrx_word' id='word_1_772' title='bbox 1425 5709 1544 5745; x_wconf 89' lang='lat' dir='ltr'><strong>cum</strong></span> <span class='ocrx_word' id='word_1_773' title='bbox 1573 5694 1799 5745; x_wconf 89' lang='lat' dir='ltr'><strong>aliorum</strong></span> <span class='ocrx_word' id='word_1_774' title='bbox 1826 5689 2046 5756; x_wconf 86' lang='lat' dir='ltr'><strong>scriptis</strong></span> <span class='ocrx_word' id='word_1_775' title='bbox 2067 5687 2296 5754; x_wconf 79' lang='lat' dir='ltr'><strong>legatur,</strong></span> 
     </span>
    </p>
   </div>
   <div class='ocr_carea' id='block_1_110' title="bbox 726 5774 1578 5830">
    <p class='ocr_par' dir='ltr' id='par_1_110' title="bbox 726 5774 1578 5830">
     <span class='ocr_line' id='line_1_111' title="bbox 726 5774 1578 5830; baseline -0.016 -1"><span class='ocrx_word' id='word_1_776' title='bbox 726 5785 781 5828; x_wconf 91' lang='lat' dir='ltr'><strong>ut</strong></span> <span class='ocrx_word' id='word_1_777' title='bbox 815 5789 874 5826; x_wconf 87' lang='lat' dir='ltr'><strong>ea</strong></span> <span class='ocrx_word' id='word_1_778' title='bbox 906 5774 1042 5823; x_wconf 85' lang='lat' dir='ltr'><strong>inter</strong></span> <span class='ocrx_word' id='word_1_779' title='bbox 1081 5782 1142 5820; x_wconf 90' lang='lat' dir='ltr'><strong>se</strong></span> <span class='ocrx_word' id='word_1_780' title='bbox 1167 5775 1578 5830; x_wconf 86' lang='lat' dir='ltr'><strong>componantur.</strong></span> 
     </span>
    </p>
   </div>
   <div class='ocr_carea' id='block_1_111' title="bbox 800 5826 2303 5915">
    <p class='ocr_par' dir='ltr' id='par_1_111' title="bbox 800 5826 2303 5915">
     <span class='ocr_line' id='line_1_112' title="bbox 800 5826 2303 5915; baseline -0.011 -17"><span class='ocrx_word' id='word_1_781' title='bbox 800 5843 903 5915; x_wconf 80' lang='lat'><strong>(89</strong></span> <span class='ocrx_word' id='word_1_782' title='bbox 930 5842 949 5913; x_wconf 82' lang='lat'>)</span> <span class='ocrx_word' id='word_1_783' title='bbox 992 5826 1305 5909; x_wconf 77' lang='lat' dir='ltr'><strong>lmperituui</strong></span> <span class='ocrx_word' id='word_1_784' title='bbox 1334 5835 1667 5899; x_wconf 83' lang='lat' dir='ltr'><strong>litterarum,</strong></span> <span class='ocrx_word' id='word_1_785' title='bbox 1699 5843 1750 5888; x_wconf 92' lang='lat' dir='ltr'><strong>et</strong></span> <span class='ocrx_word' id='word_1_786' title='bbox 1786 5828 1979 5886; x_wconf 68' lang='lat' dir='ltr'><strong>divinae</strong></span> <span class='ocrx_word' id='word_1_787' title='bbox 2009 5826 2303 5897; x_wconf 72' lang='lat' dir='ltr'><strong>Scriptura:</strong></span> 
     </span>
    </p>
   </div>
   <div class='ocr_carea' id='block_1_112' title="bbox 2413 5333 3356 5400">
    <p class='ocr_par' dir='ltr' id='par_1_112' title="bbox 2413 5333 3356 5400">
     <span class='ocr_line' id='line_1_113' title="bbox 2413 5333 3356 5400; baseline -0.004 -14"><span class='ocrx_word' id='word_1_788' title='bbox 2413 5333 2651 5387; x_wconf 89' lang='lat' dir='ltr'><strong>nescium</strong></span> <span class='ocrx_word' id='word_1_789' title='bbox 2687 5333 3002 5400; x_wconf 88' lang='lat' dir='ltr'><strong>appellatB.</strong></span> <span class='ocrx_word' id='word_1_790' title='bbox 3040 5333 3203 5399; x_wconf 73' lang='lat' dir='ltr'><strong>Greg.</strong></span> <span class='ocrx_word' id='word_1_791' title='bbox 3241 5347 3356 5398; x_wconf 89' lang='lat' dir='ltr'><strong>sup.</strong></span> 
     </span>
    </p>
   </div>
   <div class='ocr_carea' id='block_1_113' title="bbox 2485 5403 3992 5469">
    <p class='ocr_par' dir='ltr' id='par_1_113' title="bbox 2485 5403 3992 5469">
     <span class='ocr_line' id='line_1_114' title="bbox 2485 5403 3992 5469; baseline -0.002 -10"><span class='ocrx_word' id='word_1_792' title='bbox 2485 5404 2594 5464; x_wconf 85' lang='lat'><strong>(90</strong></span> <span class='ocrx_word' id='word_1_793' title='bbox 2626 5406 2642 5469; x_wconf 96' lang='lat'><strong>)</strong></span> <span class='ocrx_word' id='word_1_794' title='bbox 2691 5406 2852 5468; x_wconf 79' lang='lat' dir='ltr'><strong>Quasi</strong></span> <span class='ocrx_word' id='word_1_795' title='bbox 2885 5404 3033 5456; x_wconf 68' lang='lat' dir='ltr'><strong>diczis</strong></span> <span class='ocrx_word' id='word_1_796' title='bbox 3069 5404 3476 5468; x_wconf 73' lang='lat' dir='ltr'><strong>incvrruptiom’s</strong></span> <span class='ocrx_word' id='word_1_797' title='bbox 3534 5411 3840 5455; x_wconf 73' lang='lat' dir='ltr'><strong>assertores.</strong></span> <span class='ocrx_word' id='word_1_798' title='bbox 3916 5403 3992 5456; x_wconf 86' lang='lat' dir='ltr'><strong>De</strong></span> 
     </span>
    </p>
   </div>
   <div class='ocr_carea' id='block_1_114' title="bbox 2411 5472 3706 5542">
    <p class='ocr_par' dir='ltr' id='par_1_114' title="bbox 2411 5472 3706 5542">
     <span class='ocr_line' id='line_1_115' title="bbox 2411 5472 3706 5542; baseline 0 -17"><span class='ocrx_word' id='word_1_799' title='bbox 2411 5475 2605 5542; x_wconf 90' lang='lat' dir='ltr'><strong>quibus</strong></span> <span class='ocrx_word' id='word_1_800' title='bbox 2627 5475 2882 5542; x_wconf 74' lang='lat' dir='ltr'><strong>legendus</strong></span> <span class='ocrx_word' id='word_1_801' title='bbox 2910 5473 3135 5541; x_wconf 82' lang='lat' dir='ltr'><strong>Niceplt.</strong></span> <span class='ocrx_word' id='word_1_802' title='bbox 3166 5472 3264 5525; x_wconf 91' lang='lat' dir='ltr'><strong>lib.</strong></span> <span class='ocrx_word' id='word_1_803' title='bbox 3295 5487 3403 5525; x_wconf 66' lang='lat' dir='ltr'><strong>XVII</strong></span> <span class='ocrx_word' id='word_1_804' title='bbox 3427 5488 3585 5540; x_wconf 83' lang='lat' dir='ltr'><strong>,cap.</strong></span> <span class='ocrx_word' id='word_1_805' title='bbox 3616 5472 3706 5525; x_wconf 74' lang='grc'><strong>29.</strong></span> 
     </span>
    </p>
   </div>
   <div class='ocr_carea' id='block_1_115' title="bbox 2481 5541 3992 5612">
    <p class='ocr_par' dir='ltr' id='par_1_115' title="bbox 2481 5541 3992 5612">
     <span class='ocr_line' id='line_1_116' title="bbox 2481 5541 3992 5612; baseline -0.003 -15"><span class='ocrx_word' id='word_1_806' title='bbox 2481 5544 2577 5608; x_wconf 80' lang='lat'><strong>(9|</strong></span> <span class='ocrx_word' id='word_1_807' title='bbox 2615 5547 2630 5612; x_wconf 95' lang='lat'><strong>)</strong></span> <span class='ocrx_word' id='word_1_808' title='bbox 2683 5541 2863 5610; x_wconf 77' lang='lat' dir='ltr'><strong>Episc.</strong></span> <span class='ocrx_word' id='word_1_809' title='bbox 2914 5544 3443 5606; x_wconf 83' lang='lat' dir='ltr'><strong>llalicarnassensis,</strong></span> <span class='ocrx_word' id='word_1_810' title='bbox 3480 5545 3570 5611; x_wconf 90' lang='lat' dir='ltr'><strong>qui</strong></span> <span class='ocrx_word' id='word_1_811' title='bbox 3610 5558 3734 5595; x_wconf 89' lang='lat' dir='ltr'><strong>cum</strong></span> <span class='ocrx_word' id='word_1_812' title='bbox 3786 5541 3992 5596; x_wconf 80' lang='lat' dir='ltr'><strong>Severo</strong></span> 
     </span>
    </p>
   </div>
   <div class='ocr_carea' id='block_1_116' title="bbox 2407 5613 3990 5680">
    <p class='ocr_par' dir='ltr' id='par_1_116' title="bbox 2407 5613 3990 5680">
     <span class='ocr_line' id='line_1_117' title="bbox 2407 5613 3990 5680; baseline -0.002 -13"><span class='ocrx_word' id='word_1_813' title='bbox 2407 5613 2846 5668; x_wconf 82' lang='lat' dir='ltr'><strong>Chalcedonense</strong></span> <span class='ocrx_word' id='word_1_814' title='bbox 2879 5616 3164 5670; x_wconf 88' lang='lat' dir='ltr'><strong>concilium</strong></span> <span class='ocrx_word' id='word_1_815' title='bbox 3199 5616 3494 5680; x_wconf 67' lang='lat' dir='ltr'><strong>praedicare</strong></span> <span class='ocrx_word' id='word_1_816' title='bbox 3522 5615 3766 5665; x_wconf 86' lang='lat' dir='ltr'><strong>abnuens</strong></span> <span class='ocrx_word' id='word_1_817' title='bbox 3787 5653 3802 5676; x_wconf 93' lang='lat'><strong>,</strong></span> <span class='ocrx_word' id='word_1_818' title='bbox 3825 5630 3855 5666; x_wconf 92' lang='lat' dir='ltr'><strong>a</strong></span> <span class='ocrx_word' id='word_1_819' title='bbox 3894 5613 3990 5666; x_wconf 81' lang='lat' dir='ltr'><strong>.lu-</strong></span> 
     </span>
    </p>
   </div>
   <div class='ocr_carea' id='block_1_117' title="bbox 2409 5681 3992 5752">
    <p class='ocr_par' dir='ltr' id='par_1_117' title="bbox 2409 5681 3992 5752">
     <span class='ocr_line' id='line_1_118' title="bbox 2409 5681 3992 5752; baseline 0 -17"><span class='ocrx_word' id='word_1_820' title='bbox 2409 5686 2642 5736; x_wconf 85' lang='lat' dir='ltr'><strong>stiniano</strong></span> <span class='ocrx_word' id='word_1_821' title='bbox 2678 5687 2802 5751; x_wconf 89' lang='lat' dir='ltr'><strong>imp.</strong></span> <span class='ocrx_word' id='word_1_822' title='bbox 2843 5689 2969 5740; x_wconf 86' lang='lat' dir='ltr'><strong>sede</strong></span> <span class='ocrx_word' id='word_1_823' title='bbox 3005 5685 3188 5752; x_wconf 90' lang='lat' dir='ltr'><strong>pulsus</strong></span> <span class='ocrx_word' id='word_1_824' title='bbox 3240 5692 3358 5749; x_wconf 86' lang='lat' dir='ltr'><strong>est,</strong></span> <span class='ocrx_word' id='word_1_825' title='bbox 3389 5693 3446 5737; x_wconf 93' lang='lat' dir='ltr'><strong>ut</strong></span> <span class='ocrx_word' id='word_1_826' title='bbox 3504 5682 3578 5737; x_wconf 87' lang='lat' dir='ltr'><strong>ait</strong></span> <span class='ocrx_word' id='word_1_827' title='bbox 3603 5681 3887 5737; x_wconf 81' lang='lat' dir='ltr'><strong>Liberatus</strong></span> <span class='ocrx_word' id='word_1_828' title='bbox 3938 5684 3992 5736; x_wconf 90' lang='lat' dir='ltr'><strong>in</strong></span> 
     </span>
    </p>
   </div>
   <div class='ocr_carea' id='block_1_118' title="bbox 2408 5753 3003 5824">
    <p class='ocr_par' dir='ltr' id='par_1_118' title="bbox 2408 5753 3003 5824">
     <span class='ocr_line' id='line_1_119' title="bbox 2408 5753 3003 5824; baseline 0.003 -17"><span class='ocrx_word' id='word_1_829' title='bbox 2408 5753 2683 5811; x_wconf 79' lang='lat' dir='ltr'><strong>Breviario</strong></span> <span class='ocrx_word' id='word_1_830' title='bbox 2698 5795 2712 5821; x_wconf 94' lang='lat'><strong>,</strong></span> <span class='ocrx_word' id='word_1_831' title='bbox 2765 5770 2885 5824; x_wconf 88' lang='lat' dir='ltr'><strong>cap.</strong></span> <span class='ocrx_word' id='word_1_832' title='bbox 2918 5755 3003 5810; x_wconf 78' lang='grc'><strong>19.</strong></span> 
     </span>
    </p>
   </div>
  </div>
