4224 6446
196 410 303 475 453

1322 418 1841 483 BlBLIOTIIECA.
1883 424 2043 486 COD.
2096 426 2325 491 CLXII.

3334 444 3441 511 454

211 517 383 587 ’Λδὶμ
411 517 572 587 σῶμα
605 517 799 587 θνητὸν
823 514 892 589 ἦν
929 520 1089 588 φύσει
1122 523 1218 576 καὶ
1261 525 1525 596 παθητὸν,
1562 528 1684 599 θείᾳ
1711 530 1767 582 δὲ
1799 538 1824 593 Α

1749 531 1767 582 t
1799 538 1841 593 Α
1874 533 2095 600 patihile
2128 538 2501 604 assumpsisse.
2538 539 2638 597 Ubi
2707 545 3046 602 sentiendum
3082 550 3182 619 ipsi
3232 553 3438 610 fuerat.

197 609 379 676 χάριτι
413 608 680 662 ἀθάνατον
732 609 1111 679 διεφυλάττετο
1159 614 1255 666 καὶ
1304 616 1536 681 ἀπαθὲς,
1573 620 1765 689 μέχρις

196 699 260 750 ἂν
289 698 490 768 αὐτδή
542 699 854 768 παράϐασις
900 702 999 771 τῆς
1046 704 1297 773 φυλακῆς
1333 706 1760 776 ἀπεγύμνωσενο

195 789 337 841 οὕτω
401 792 512 860 γὰρ
574 794 669 843 καὶ
721 794 749 844 ὁ
792 793 899 844 τῶν
946 794 1118 861 ἁγίων
1175 797 1333 865 χορὸς
1381 799 1760 867 ἀποφαίνεται.

180 843 245 932 ¹Δ⁹
273 884 357 934 ὅτι
385 843 492 935 τὸν.
507 883 750 949 παρόντα
781 886 981 953 κόσμον
995 843 1286 956 ⁶ἄφθαέτιζν
1333 890 1427 943 καὶ
1461 843 1764 962 ἀνώλεθρον

195 974 363 1041 λέγει,
394 975 516 1027 δέον
547 976 749 1028 εἰδέναι
793 977 872 1029 ὅτι
914 977 1149 1048 φθαρτός
1186 982 1301 1032 ἐστι
1337 983 1429 1034 καὶ
1456 983 1761 1045 ἁλλοιωτός.

197 1067 303 1118 Καὶ
330 1065 376 1095 ³³
437 1064 597 1132 ἔτερα
630 1065 687 1116 δὲ
738 1067 833 1118 σὺν
889 1068 1096 1129 τούτοις
1144 1071 1413 1136 κεφάλαια
1466 1074 1607 1124 κατὰ
1663 1072 1765 1143 τὴν

197 1155 422 1225 πρώτην
450 1157 790 1225 ἀντιγραφὴν
817 1158 845 1209 6
873 1159 1190 1223 ἐπίσκοπος,
1214 1162 1278 1213 τὰ
1301 1161 1399 1229 μὲν
1426 1163 1671 1229 ἀσαφῶς,
1697 1163 1766 1215 τὰ

194 1247 247 1297 δὲ
280 1246 325 1276 ³⁸
379 1246 721 1314 βλασφήμως
774 1245 1081 1314 ἀπελέγξας
1138 1249 1352 1318 ἔχοντα,
1405 1252 1762 1323 διορθωθῆναι

196 1338 631 1405 παρηγγυήσατο
650 1335 695 1367 ⁸⁵
727 1336 817 1388 τὸν
857 1337 1132 1409 Ἀνδρέαν.

262 1589 398 1661 [345
435 1591 526 1663 IL]
571 1592 628 1646 Ὀ
657 1593 715 1646 δὲ
765 1593 1055 1662 δεξάμενος
1090 1596 1187 1665 τὴν
1232 1598 1324 1650 ἐπὶ
1374 1602 1436 1668 τῇ
1482 1600 1762 1670 διορθώσει

194 1683 522 1750 παραίνεσιν
574 1685 666 1735 ἐπὶ
718 1684 776 1736 τὸ
828 1687 1007 1755 χεῖρον
1057 1688 1312 1739 ἀπέκλινε
1342 1730 1356 1753 ,
1412 1692 1505 1742 καὶ
1559 1693 1763 1761 βιϐλίον

189 1775 445 1844 δεύτερον
492 1775 814 1840 συνέταξεν,
861 1778 918 1829 ὲν
951 1772 995 1845 ᾧ
1034 1780 1128 1831 καὶ
1176 1781 1243 1832 τὰ
1295 1788 1761 1854 προγεγραμμένα

190 1868 340 1937 αὐτῷ
359 1869 406 1899 ³⁸
435 1867 767 1937 πλατύτερον
794 1870 888 1921 καὶ
919 1870 1014 1939 (ὡς
1047 1871 1240 1941 οἴεται)
1270 1874 1338 1925 δι’
1366 1877 1694 1942 ἀποδείξεων
1721 1879 1759 1908 ³⁷
1798 1888 1840 1943 Β
1868 1910 1929 1949 ea

188 1963 506 2028 συγκροτεῖ.
532 1960 670 2013 Καθ’
705 1957 765 2012 οὐ
791 1960 854 2032 δὴ
884 1964 977 2014 καὶ
1002 1963 1099 2033 τὴν
1134 1966 1432 2035 εἰρημένην
1467 1969 1759 2037 δεκὰλογον

184 2052 209 2101 6
242 2050 481 2120 εὐσεϐὴς
512 2051 767 2111 Εὐσέϐιος
800 2054 1102 2119 συντάττει,
1151 2056 1217 2108 δι’
1251 2052 1316 2127 ἦς
1346 2059 1557 2130 ἐλέγχει
1583 2063 1625 2093 ³⁸
1660 2063 1757 2132 μὲν

185 2141 351 2193 αὐτὸν
382 2141 460 2203 ὡς
492 2141 564 2211 μὴ
597 2142 892 2211 ἀρεσθέντα
922 2150 1001 2215 τῷ
1035 2147 1133 2215 τῆς
1175 2149 1411 2214 πίστεως
1444 2153 1573 2222 ὅρῳ,
1604 2154 1663 2205 ὃν
1704 2157 1758 2207 αἱ

183 2234 339 2298 ἆγιαι
404 2234 650 2295 ἐξέθεντο
699 2235 939 2301 σύνοδοι,
994 2238 1131 2291 ίδίαν
1178 2240 1234 2293 δέ
1290 2259 1410 2295 τινα
1470 2246 1759 2316 τολμηρῶς

184 2324 597 2392 συνταξάμενον
652 2325 865 2381 ἔκθεσιν
915 2329 1186 2392 πίστεως·
1246 2329 1362 2386 εἶτα
1414 2336 1469 2389 δὲ
1527 2339 1620 2391 καὶ
1676 2342 1757 2394 ὅτι

181 2417 358 2469 πολλὰ
389 2417 501 2468 τῶν
547 2419 717 2485 ἁγίων
738 2422 781 2452 ³⁸
828 2422 1224 2494 ἀποσπαράξας
1262 2428 1401 2496 ῥητὰ
1452 2432 1544 2483 καὶ
1578 2450 1756 2502 παρα-

182 2504 558 2573 πιησάμενος
601 2508 680 2570 είς
725 2508 824 2578 τὴν
878 2511 1011 2563 ἰδίαν
1056 2514 1323 2584 ὑπόληψιν
1354 2518 1670 2581 ἐξεϐιάσατο
1688 2524 1754 2588 ⁸⁸,

183 2598 278 2647 καὶ
306 2597 392 2647 ὅτι
431 2597 770 2651 ἐναντιοῦται
815 2603 878 2671 τῇ
912 2619 970 2654 τε
1009 2604 1102 2674 νέα
1143 2608 1234 2657 καί
1264 2609 1527 2681 παλαιᾷ⁶¹
1565 2614 1753 2686 Γραφῇ

184 2686 429 2745 καὶτοῖς
475 2688 651 2753 ἁγίοις
684 2690 840 2758 ἡμῶν
890 2693 1165 2762 Πατράσιν
1208 2697 1484 2769 ἄφθαρτον
1518 2705 1609 2754 καὶ
1664 2707 1757 2757 ἀν-

180 2777 425 2846 ώλεθρον
455 2777 549 2830 τὸν
581 2779 783 2848 κόσμον
810 2781 1201 2847 δοξάζων.⁹Ετι
1224 2788 1277 2838 δὲ
1308 2792 1401 2840 καὶ
1428 2792 1508 2843 ὃτι
1536 2793 1635 2862 τὴν
1657 2796 1754 2846 ἀλ-

181 2867 403 2919 λοίωσιν
437 2868 529 2919 καὶ
558 2875 1035 2940 μεταστοιχεῐωσιν
1088 2876 1181 2928 καὶ
1212 2878 1395 2946 ρεῦσιν
1430 2882 1754 2954 εὐδιάϐλητα

183 2952 322 3008 εἶναι
352 2956 506 3023 λέγει
541 2957 728 3026 ῶσπερ
759 2962 829 3012 τὰ
856 2963 963 3015 ἀπὸ
1002 2965 1199 3027 κακίας
1228 2968 1372 3038 πάθη
1396 3010 1410 3032 ,
1444 2972 1537 3023 καὶ
1566 2973 1631 3044 δὴ
1662 2952 1755 3028 καὶ

181 3048 269 3098 διὰ
313 3047 479 3099 τοῦτο
510 3048 601 3100 τὸν
620 3050 664 3079 ⁵⁸
700 3050 907 3121 Κύριον
958 3054 1116 3122 ἡμῶν
1155 3057 1361 3126 Ἰησοῦν
1393 3061 1627 3129 Χριστὸν
1657 3066 1754 3117 ἀν-

180 3137 479 3189 αλλοίωτον
509 3140 604 3190 καὶ
642 3141 851 3203 ἀπαθὲς
884 3144 977 3195 καὶ
1027 3144 1301 3212 ἄφθαρτον
1330 3151 1423 3202 καὶ
1456 3153 1754 3223 ἄρῤευστον

180 3228 478 3278 ἀναλαΰεῢ
510 3229 688 3299 σῶμα.
711 3231 820 3283 Καὶ
842 3232 1007 3284 πάλιν
1036 3236 1258 3289 εἰπόντα
1291 3238 1557 3309 διελέγχει
1587 3244 1758 3299 ἁῖδιον
1782 3222 1826 3284 C

180 3321 275 3371 καὶ
307 3320 592 3387 ἄφθαρτον
642 3322 738 3374 καὶ
790 3325 1057 3394 ἀγένητον
1087 3329 1178 3381 τὸν
1208 3330 1430 3399 κόσμον,
1459 3335 1558 3401 τὴν
1583 3336 1638 3389 δὲ
1670 3338 1755 3390 λε-

179 3413 429 3480 γομένην
462 3412 598 3481 πρὸς
628 3412 689 3464 τὸ
718 3414 889 3467 ἀΐδιον
934 3417 1100 3471 αὐτοῦ
1149 3425 1631 3493 μεταστοιχείωσιν
1678 3430 1753 3498 μὴ

181 3501 635 3569 παραδεχόμενον
657 3542 671 3565 ,
717 3503 811 3555 ἆτε
842 3506 936 3558 καὶ
979 3509 1150 3577 αὐτῆς
1184 3511 1294 3563 τῶν
1322 3515 1688 3583 εὐδιαὸλήτων
1707 3521 1753 3552 ⁸³

184 3594 377 3646 παθῶν
402 3596 531 3663 παρ’
555 3595 703 3665 αὐτῷ
729 3596 1208 3669 δογματιξομένης.
1230 3604 1339 3657 Καὶ
1368 3606 1447 3659 ὅτι
1474 3608 1567 3659 τοῦ
1585 3610 1754 3679 Ἀδὰμ

183 3684 469 3752 ἄφθαρτον
525 3686 619 3739 καὶ
672 3686 939 3741 ἀθάνατον
987 3691 1125 3745 κατὰ
1170 3693 1331 3761 φύσιν
1392 3698 1486 3750 καὶ
1545 3702 1753 3765 ἀπαθὲς

177 3775 582 3843 διαπλασθῆναι
625 3776 771 3843 λέγει
803 3779 862 3831 τὸ
911 3780 1090 3851 σῶμα,
1146 3785 1240 3836 καὶ
1286 3787 1345 3838 οὐ
1381 3788 1536 3842 τοῦτο
1569 3792 1747 3860 μόνον,

180 3867 296 3920 ἀλλ’
348 3868 433 3920 ὅτι
477 3868 572 3919 καὶ
624 3869 785 3933 αὐτὸς
829 3873 857 3924 ὁ
902 3872 1031 3942 χοῦς
1078 3874 1355 3947 ἄφθαρτος
1382 3876 1469 3951 ἦν,
1507 3883 1563 3949 ἐξ
1602 3878 1663 3939 οὗ
1691 3887 1750 3938 τὸ

181 3958 344 4027 σῶμα
377 3958 699 4029 διεπλάσθη.
732 3962 901 4014 Πάλιν
931 3964 1144 4034 ἐλέγχει
1192 3968 1353 4021 αὐτὸν
1404 3976 1749 4044 μονοσήμαν-
1776 4016 1781 4026 .

177 4066 270 4099 τον
304 4050 368 4099 τὸ
387 4048 498 4115 τῆς
534 4048 758 4117 φθορᾶς
783 4052 950 4121 ὄνομα
980 4054 1319 4125 ὲξειληφότα,
1345 4061 1402 4111 ὲν
1434 4056 1477 4130 ᾧ
1510 4067 1601 4117 καὶ
1638 4067 1747 4119 δεί-

178 4157 374 4191 κνυσιν
408 4140 491 4192 ὅτι
512 4140 636 4192 οὕτε
680 4142 887 4211 φθορᾶς
913 4143 1035 4198 οὔτε
1062 4146 1291 4203 θανάτου
1325 4152 1445 4205 οὐτε
1472 4155 1565 4207 τοῦ
1604 4160 1743 4210 κατὰ

175 4230 376 4282 κακίαν
425 4229 631 4293 πάθους
656 4271 671 4295 ,
718 4233 834 4284 ἀλλ’
876 4236 995 4287 οὐδὲ
1026 4237 1134 4288 τῶν
1162 4239 1553 4310 ἀμαρτητικῶν
1588 4247 1743 4313 λογι-

177 4322 335 4390 σμῶν
378 4322 593 4384 οὐδενὸς
640 4324 846 4377 τούτων
880 4326 1210 4395 δημιουργὸς
1270 4333 1503 4402 ὑπάρχει
1535 4338 1562 4388 6
1590 4337 1739 4401 θεὸς,

174 4409 224 4459 εἰ
260 4408 357 4459 καὶ
380 4408 491 4459 τῶν
526 4408 781 4478 φθαρτῶν
830 4413 920 4464 καὶ
946 4414 1052 4465 τῶν
1070 4414 1116 4445 ’⁵⁵
1147 4416 1354 4487 θνητῶν
1387 4423 1583 4475 οὐσιῶν
1611 4426 1742 4478 καθ-

174 4500 376 4568 έστηκε
423 4497 784 4568 δημιουργός·
833 4503 1015 4555 ἐκεῖνα
1048 4506 1155 4575 γὰρ
1197 4506 1321 4579 [180
1371 4509 1462 4582 H.]
1496 4514 1605 4567 τῶν
1652 4518 1741 4568 ἀν-

172 4590 476 4657 υπὰρκτων
491 4589 536 4619 ⁸⁸
569 4591 686 4642 ἐστὶ
715 4592 813 4643 καὶ
844 4594 964 4645 καθ’
1009 4596 1176 4650 ἑαυτὰ
1218 4600 1291 4668 μὴ
1340 4603 1572 4669 ἐχόντων
1611 4606 1743 4661 ὐπό-
1772 4596 1824 4654 Ῑ)

174 4694 389 4731 στασιν.
424 4676 544 4729 Ἔτι
586 4678 644 4730 δὲ
672 4680 934 4750 διελέγχει
968 4686 1130 4737 αὐτὸν
1178 4689 1239 4740 τὸ
1292 4694 1553 4756 κυριακὸν
1584 4697 1742 4767 σῶμα

171 4768 233 4832 ἐξ
264 4768 445 4835 αὐτῆς
488 4768 734 4832 ἐνὼσεως
788 4773 996 4836 ἀπαθὲς
1032 4779 1125 4828 καὶ
1159 4777 1436 4849 ἄφθαρτον
1463 4788 1555 4837 καὶ
1584 4790 1742 4841 ἀναλ-

170 4857 397 4911 λοίωτον
428 4858 859 4930 ἀποφαινόμενον
882 4882 893 4895 ·
924 4866 1061 4934 ὅπερ
1104 4867 1188 4919 ἵνα
1217 4873 1477 4945 συστήσῃ,
1520 4877 1594 4940 ὡς
1628 4881 1739 4932 ὲνό.

172 4966 320 5016 μισε,
368 4948 642 5003 δείκνυσιν
684 4953 843 5006 αὐτὸν
875 4957 967 5007 καὶ
1006 4958 1105 5028 τὴν
1141 4959 1308 5030 ἄλλην
1347 4962 1578 5019 ἀτοπίαν
1610 4973 1735 5041 περί

167 5054 224 5089 τε
254 5036 353 5088 τοῦ
393 5039 600 5106 κόσμου
652 5042 744 5092 καὶ
773 5043 866 5094 τοῦ
905 5044 1074 5113 Ἀδὰμ
1109 5049 1579 5117 ἀποφθέγξασθαι.

168 5136 327 5179 κνυσι
358 5128 417 5181 δὲ
447 5130 506 5180 ἐν
533 5131 715 5201 ταύτῷ
741 5134 768 5186 6
792 5134 1045 5199 Εὐσέϐιος
1076 5139 1167 5195 καὶ
1205 5140 1265 5191 τὸ
1290 5142 1386 5210 τῆς
1413 5145 1616 5219 φθορᾶς
1647 5152 1739 5203 καὶ

1872 633 2036 691 atque
2085 626 2370 680 dicendum
2413 630 2606 685 Adami
2640 647 2832 703 corpus
2850 640 3075 693 mortale
3104 643 3318 711 quidem
3338 661 3439 700 na-

1873 722 1990 766 tura
2034 730 2131 769 sua
2168 716 2368 783 fuisse,
2405 734 2468 774 ac
2518 723 2772 790 patibile,
2805 742 2989 783 verum
3033 732 3212 787 divina
3262 737 3438 805 gratia

1871 803 2172 858 immortale
2207 818 2367 876 atque
2396 811 2463 862 im
2480 815 2695 880 patiliile
2727 822 3070 886 custoditum,
3106 826 3277 879 donec
3312 841 3435 881 eum

1870 898 2240 961 praevaricatio
2261 904 2501 957 custodia
2537 905 2624 957 illa
2666 910 2913 975 privavit.
2946 912 3072 967 Hac
3127 917 3269 969 enim
3304 932 3436 971 con-

1869 997 1991 1037 cors
2027 998 2110 1040 est
2131 1001 2438 1045 sanctorum
2476 993 2690 1050 Patrum
2709 1004 2991 1055 sententia.
3024 1004 3257 1071 Quarto,
3291 1012 3435 1076 quod

1870 1074 2012 1131 hunc
2042 1082 2295 1134 mundum
2339 1084 2817 1156 incorruptibilem,
2852 1092 3208 1163 interitusque
3236 1113 3433 1168 exper-

1872 1175 1976 1220 tem
2013 1181 2255 1239 asserat,
2297 1189 2416 1228 cum
2454 1180 2747 1232 tenendum
2783 1183 2852 1236 sit
2885 1188 3289 1254 corruptibilem
3309 1205 3433 1243 eum

1870 1274 2013 1324 esse,
2060 1273 2220 1331 atque
2271 1269 2601 1323 mutabilem.
2634 1269 2791 1325 Plura
2817 1274 2867 1326 id
2899 1291 3066 1345 genus
3094 1279 3195 1332 alia
3226 1283 3434 1349 capita,

1872 1353 2045 1417 prima
2079 1354 2177 1407 hac
2204 1361 2554 1425 responsione
2583 1362 2892 1432 episcopus,
2930 1368 3123 1435 partim
3171 1372 3397 1427 obscure
3417 1415 3433 1438 ,

1871 1445 2063 1509 partim
2093 1445 2401 1515 blaspheme
2429 1451 2569 1504 dicta
2592 1456 3015 1525 reprehendens,
3035 1462 3305 1532 corrigere
3324 1466 3436 1520 haec

1870 1536 2055 1585 eadem
2090 1535 2357 1591 Andream
2398 1542 2707 1597 cohortatus
2736 1557 2839 1600 est.

1948 1619 2136 1675 Verum
2179 1626 2283 1688 ille,
2315 1639 2531 1697 accepta
2565 1632 2627 1684 de
2668 1637 3018 1689 emendandis
3044 1640 3155 1693 Suis
3186 1641 3434 1695 admoni-

1872 1712 2032 1774 tione,
2072 1716 2121 1765 in
2177 1718 2447 1771 sinistram
2485 1721 2779 1789 inclinavit,
2810 1738 2862 1779 et
2904 1723 3172 1782 deteriora
3208 1732 3437 1796 arripuit

1869 1804 1998 1870 (92).
2027 1806 2266 1858 Alterum
2291 1812 2429 1862 enim
2460 1827 2578 1865 mox
2615 1814 2806 1869 lihrutn
2833 1822 3069 1888 scripsit,
3093 1838 3198 1890 quo
3225 1824 3435 1891 planius

1980 1913 2099 1962 qua:
2132 1902 2278 1967 prius
2314 1915 2635 1972 asseruerat,
2663 1917 2717 1961 et
2755 1916 2833 1970 (ut
2862 1913 3176 1984 arbitratur)
3215 1916 3435 1972 demon-

1860 1992 2121 2045 stratione
2172 1995 2400 2059 quadam
2451 2001 2663 2054 astruit.
2700 2003 2752 2056 lu
2802 2020 2959 2071 quem
3014 2007 3205 2063 librum
3246 2012 3431 2068 decem

1861 2081 1983 2144 hos,
2044 2084 2118 2136 uti
2163 2086 2423 2153 diximus,
2481 2093 2599 2159 pius
2644 2095 2731 2147 ille
2760 2094 3018 2154 Eusebius
3064 2102 3430 2172 conscripsit:

1860 2173 2053 2241 quibus
2104 2178 2291 2243 probat
2324 2180 2495 2249 ipsum
2548 2200 2651 2236 non
2684 2197 2992 2243 contentum
3029 2192 3133 2245 illis
3169 2194 3288 2248 ﬁdei
3323 2205 3431 2250 ter-

1861 2266 2038 2325 minis.
2076 2284 2209 2337 quos
2256 2287 2410 2326 sacra
2454 2278 2682 2330 concilia
2724 2282 3058 2349 statuissent,
3105 2288 3429 2354 peculiarem

1860 2358 2141 2421 quamdam
2171 2358 2289 2413 ﬁdei
2329 2365 2718 2429 expositionem
2745 2373 2999 2428 audacter
3025 2380 3387 2446 composuisse
3411 2398 3426 2435 :

1861 2445 2023 2498 multa
2077 2464 2290 2518 quoque
2351 2466 2660 2511 sanctorum
2719 2460 2935 2517 Patrum
2990 2469 3127 2522 dicta
3180 2471 3429 2540 decerpta

1860 2544 2020 2603 atque
2055 2542 2373 2609 adulterata,
2415 2548 2463 2599 vi
2506 2551 2555 2601 in
2592 2567 2739 2606 snam
2768 2554 3057 2615 detersisse
3086 2567 3429 2620 sententiam.

1860 2622 2037 2679 Veteri
2064 2631 2127 2679 ad
2153 2630 2281 2695 lure,
2303 2646 2355 2687 et
2380 2635 2524 2691 Novo
2555 2638 2916 2711 Testamento,
2942 2654 3146 2705 sanctis
3174 2651 3425 2709 Patrihus

1858 2730 1978 2768 eum
2028 2720 2319 2787 adversari,
2376 2728 2499 2781 dum
2532 2730 2992 2803 incorruptibilem
3046 2753 3102 2795 et
3152 2754 3428 2814 expertem

1859 2807 2106 2862 interitus
2162 2816 2416 2870 mundum
2483 2824 2693 2879 asserit.
2751 2826 3102 2887 Mutationem
3170 2847 3425 2903 praeterea

1858 2896 2028 2962 illum,
2062 2905 2608 2978 transformationem,
2640 2932 2703 2970 ac
2736 2918 2957 2984 ﬂuxum,
2991 2928 3426 2994 reprehendenda

1797 3038 1801 3042 .
1856 3002 1974 3043 esse
2004 2993 2201 3060 dicere,
2229 3012 2331 3050 non
2366 3002 2543 3056 minus
2568 3020 2727 3073 quam
2761 3010 2860 3063 illae
2890 3028 3008 3081 qua:
3034 3030 3101 3069 ex
3134 3019 3428 3077 vitiositate

1858 3089 2033 3133 artum
2062 3084 2258 3139 habent
2294 3094 2662 3157 perpessiones
2696 3115 2798 3161 ;ac
2835 3101 3107 3159 Christum
3147 3122 3425 3179 propterea

1864 3165 2142 3224 Dominum
2176 3186 2415 3230 nostrum
2476 3180 2804 3243 immutabile
2856 3207 3069 3262 corpus,
3117 3208 3275 3267 atque
3323 3203 3426 3256 im-

1860 3259 2097 3326 patihile.
2129 3276 2181 3315 et
2209 3266 2601 3339 incorruptum,
2640 3281 2963 3352 minimeque
2988 3287 3182 3342 ﬂuxum
3211 3307 3421 3348 assum-

1863 3349 2052 3417 psisse.
2090 3352 2323 3411 Rursum
2356 3374 2533 3417 autem
2576 3382 2696 3422 cum
2729 3349 3088 3440 reprehendit.
3126 3384 3248 3437 dum
3282 3386 3426 3442 auir-

1862 3448 1974 3492 mat
2005 3446 2257 3500 mundum
2293 3448 2430 3504 hunc
2457 3465 2714 3513 azternum
2755 3476 2892 3530 esse,
2918 3478 2974 3521 et
3006 3471 3419 3541 ingenerabilem

1861 3540 2023 3599 atque
2072 3534 2529 3607 incorruptibilem
2572 3564 2587 3612 ;
2622 3565 2795 3619 neque
2828 3565 3002 3614 tamen
3034 3564 3419 3625 elementorunt

1862 3622 2003 3676 illam
2034 3635 2531 3690 transmutationem
2571 3644 2779 3714 recipit,
2811 3665 2929 3715 quae
2971 3656 3037 3707 ad
3069 3660 3417 3717 mteruitatem

1861 3712 2001 3767 illius
2025 3720 2455 3777 constituendam
2479 3712 2716 3800 aii‘crtur,
2745 3749 2923 3806 utpote
2946 3749 3085 3811 quod
3112 3748 3223 3803 haec
3256 3753 3416 3807 etiam

1860 3802 1999 3859 inter
2038 3807 2154 3864 illas
2207 3817 2481 3879 passiones
2506 3822 2608 3886 sit,
2638 3841 2769 3893 quas
2818 3837 3263 3900 reprehensibiles
3316 3846 3417 3902 illa:

1856 3911 1974 3951 esse
1999 3911 2146 3955 certo
2180 3905 2350 3961 docet.
2393 3912 2591 3970 Deinde
2624 3925 2762 3988 quod
2800 3926 3063 3983 Adamnm
3108 3935 3417 4007 incorrupto

1856 3997 1909 4041 et
1948 3988 2236 4048 immortali
2291 4013 2478 4069 suapte
2523 4008 2593 4070 vi,
2627 4020 2680 4063 et
2714 4014 2989 4083 impetibili
3034 4037 3265 4093 corpore
3304 3988 3415 4084 erili-

1853 4086 1997 4131 ctum
2051 4082 2245 4139 dicat:
2299 4090 2397 4143 hoc
2449 4099 2677 4164 amplius
2724 4105 2937 4172 addito,
2989 4082 3160 4180 ipsum
3204 4082 3414 4190 quoque

2924 4170 2931 4172 ν
3010 4170 3022 4180 .
3214 4170 3413 4190 1"1“

1856 4173 2011 4223 terra:
2038 4170 2227 4238 ltttum,
2268 4195 2332 4233 ex
2365 4196 2471 4249 quo
2503 4186 2783 4246 formatum
2829 4212 3023 4267 corpus
3055 4215 3187 4273 erat,
3223 4226 3413 4267 corru-

1852 4257 2050 4323 ptionis
2087 4279 2278 4332 expers
2322 4271 2507 4329 fuisse.
2542 4276 2903 4347 Reprehendit
2941 4257 3187 4352 eutndeui
3217 4302 3411 4359 iterum

1850 4348 1990 4411 quod
2026 4357 2378 4421 corruptionis
2434 4368 2710 4434 vocabulo,
2743 4377 2949 4431 unicam
2988 4381 3249 4443 duntaxat
3283 4396 3416 4447 suh-

1849 4451 1966 4491 esse
2020 4446 2289 4502 notionem
2325 4461 2637 4514 asserncrit.
2675 4461 2772 4519 Ubi
2822 4471 2982 4525 etiam
3022 4475 3147 4532 illud
3188 4482 3413 4539 demon-

1848 4534 2005 4591 strat,
2062 4547 2232 4601 neque
2290 4546 2669 4613 corruptionis,
2725 4554 2882 4626 106
2927 4576 2959 4611 α
3006 4579 3175 4631 neque
3223 4577 3412 4628 mortis

1853 4633 2025 4686 neque
2051 4624 2254 4681 vitiosa:
2282 4630 2508 4698 alicujus
2542 4643 2823 4709 passionis,
2858 4652 2950 4703 sed
2988 4669 3162 4723 neque
3186 4662 3409 4729 culpan-

1853 4706 1977 4729 ,μη
2002 4727 2030 4729 μ
2168 4717 2178 4728 .
2205 4718 2216 4729 .
2450 4728 2453 4729 ν

2814 4706 2818 4709 ,
3034 4706 3044 4707 κ
3076 4706 3159 4723 ,η
3189 4706 3405 4729 -...,.....~

1849 4706 2037 4764 darum
2092 4717 2303 4781 quidem
2346 4728 2720 4792 cogitationum
2751 4751 3020 4797 auctorem
3067 4763 3185 4804 esse
3220 4752 3405 4822 Deum,

1849 4803 2057 4822 ιΑ...-.-ι
2106 4820 2174 4822 ,νίν
2302 4812 2351 4822 νει
2378 4815 2425 4822 .-.

1848 4803 2057 4854 tametsi
2097 4812 2520 4877 corruptibilium
2560 4835 2621 4874 ae
2656 4830 2956 4885 mortalium
2981 4803 3406 4903 substantiaruni

1846 4898 2032 4943 auctor
2059 4897 2283 4952 exsistat
2313 4920 2327 4956 :
2377 4910 2516 4972 quod
2550 4911 2631 4964 illa
2675 4916 2739 4968 de
2770 4934 2870 4974 non
2899 4927 3268 4988 exsistentinm
3302 4954 3405 4991 nu-

1844 4993 1990 5080 mero
2030 4984 2158 5050 sint,
2193 4999 2246 5039 et
2277 5007 2370 5058 per
2400 5011 2457 5047 se
2491 5000 2598 5065 ipsa
2631 5004 3034 5068 subsistentiam
3078 5020 3274 5076 nullam
3304 5026 3403 5080 ha-

1701 5062 1740 5112 ῐ-
1838 5064 2017 5125 beant.
2055 5071 2239 5143 Carpit
2275 5081 2397 5134 item
2437 5062 2738 5156 Andream,
2783 5062 3401 5172 quod—thri'siiugoniiiti

1840 5172 2035 5228 corpus
2075 5180 2141 5219 ex
2179 5171 2290 5238 ipsa
2329 5175 2485 5230 Verbi
2528 5184 2768 5242 unitione
2811 5192 3122 5265 impatibile,
3152 5202 3400 5262 incorru-

1506 5303 1749 5363 VARIE
1798 5310 2194 5378 LECTIONES.

230 5375 535 5452 “fabam.
562 5376 627 5430 Α.
704 5378 859 5452 ³δᾲδὲ]
883 5381 936 5433 δὲ
968 5387 1061 5438 καὶ
1084 5405 1143 5452 ς,

163 5462 242 5511 χει
273 5448 315 5499 Α
356 5464 370 5499 :
406 5446 651 5525 λέγει-ςζ
689 5450 797 5525 ___"
828 5446 997 5517 ἇγίων
1023 5446 1110 5509 ΑΞ
1146 5458 1289 5512 ἰδίων
1325 5480 1383 5525 ς.

148 5718 330 5842 ϐυωὲ)
380 5720 565 5788 Quare

1250 5391 1294 5422 ³⁸
1327 5400 1753 5464 παρεγγυήσατο
1779 5403 1843 5459 Α.

2205 5465 2304 5471 ν..--
2352 5465 2414 5477 ιιι
2446 5465 2511 5480 ιι.
2677 5465 2809 5489 αηυυ

1461 5465 1506 5497 ⁸ο
1537 5472 1908 5568 πᾶρεθιάσατο
2073 5465 2358 5568 Sardinia
2383 5498 2475 5546 καὶ
2501 5498 2593 5568 νέᾳ
2624 5520 2681 5565 ς.
2770 5508 2811 5539 ⁸¹

158 5517 528 5571 bouus:libri
561 5517 901 5589 ὲνδιάὄλητα.
980 5525 1025 5556 ιι
1052 5527 1163 5599 τὸν]
1196 5532 1288 5583 και
1314 5517 1404 5585 {by
1428 5533 1492 5589 Α.
1546 5517 2004 5602 ⁷ίίσὲὦῖἆςῖὰἶίἶ
2072 5552 2114 5586 ιιι

1947 5410 1991 5441 ³⁸
2018 5412 2166 5484 αὐτῷ
2199 5432 2304 5471 om.
2334 5437 2414 5488 pr.
2446 5427 2511 5480 Α.
2610 5432 2653 5461 ³⁷
2677 5434 2993 5507 ἀποδείξεως
3012 5466 3069 5512 ςι,
3164 5455 3206 5486 Ia
3242 5458 3396 5527 ἐλέγ-

1947 5497 2004 5527 ς-
2080 5486 2122 5515 δι
2153 5488 2356 5527 σπηλαιῆ
2383 5498 2471 5527 ..-ι
2501 5498 2591 5527 ..x-
2628 5520 2661 5527 _
2771 5508 2811 5527 t.
2876 5514 2927 5527 ...
2968 5517 3037 5527 ,,..
3218 5526 3223 5527 ,

2838 5514 3157 5591 εὐδιάϐλητα
3194 5514 3396 5582 Casau-

2138 5571 2226 5610 an.
2248 5558 2385 5617 forte
2413 5558 2803 5640 ἐνυπᾶρκτωνῖ
