4224 6446
135 370 238 434 ιε’]

1200 374 1719 439 BIBLIOTHECA.
1753 404 1812 416 -
1854 380 2022 444 COD.
2060 379 2321 445 CLXIII.

3256 379 3358 443 458

133 503 224 545 τας
285 484 383 535 καὶ
438 483 693 548 λέγοντας
726 483 902 552 θνητῷ
952 486 1043 537 καὶ
1099 485 1327 556 παθητῷ
1360 486 1572 555 σώματι
1605 489 1697 539 τὸν
1727 492 1771 547 Α

1727 492 1771 547 Α
1801 502 2070 543 versatum
2125 493 2177 544 in
2234 491 2395 545 terris
2427 491 2697 543 Christum
2743 489 3045 555 Dominum,
3087 506 3207 545 cum
3254 494 3366 561 ipse

134 575 343 643 Κύριον
372 575 531 642 ἡμῶν
570 573 779 641 Ἰησοῦν
810 574 1043 644 Χριστὸν
1076 576 1133 627 ὲν
1161 577 1239 646 τῷ
1298 579 1487 645 κόσμῳ
1549 579 1702 630 πολι-

132 667 456 725 τεύσασθαι.
491 666 651 728 αὐτὸς
700 667 798 719 οὐκ
832 666 1098 736 ἐρυθριῶν
1150 668 1286 734 μετὰ
1312 669 1465 737 νίκην
1517 671 1703 723 παθῶν

135 760 227 809 xui.
259 759 502 810 θανάτου
534 757 623 809 καὶ
675 756 879 826 φθορᾶς
924 758 1203 823 ἀναίρεσιν
1252 759 1490 827 παθητὸν
1519 760 1582 811 τὸ
1613 780 1704 813 xu-

140 851 329 917 ριακὸν
353 849 745 915 τερατεύεσθαι
790 849 969 917 σῶμα,
1022 850 1115 901 καὶ
1157 850 1185 898 ὁ
1213 851 1258 880 ⁸⁸
1293 850 1703 919 φθαρτολάτρας

136 940 446 1009 ἐνυϐρίζων
474 942 600 1001 τοὺς
622 940 928 1009 ὀρθοδόξους
946 940 1170 1009 λέληθεν
1203 940 1365 994 αὐτὸν
1386 940 1503 1018 [181
1526 942 1616 1012 Η.]
1639 944 1703 995 δι’

136 1024 209 1082 ὧν
242 1033 402 1097 λέγει
432 1032 844 1101 παθητολάτρης
875 1032 1088 1100 ἀληθῶς
1113 1034 1566 1102 ἀπελεγχὸμενος.
1587 1036 1702 1087 Ἐν-

138 1121 327 1172 τεῦθέν
358 1139 422 1173 τε
450 1124 783 1191 παρατίθησι
819 1123 979 1176 πάλιν
1008 1125 1191 1190 φωνὰς
1208 1127 1251 1156 ⁸³
1284 1129 1577 1195 πατρικὰς,
1611 1134 1705 1180 καὶ

136 1214 444 1281 παρίστησι
496 1214 737 1282 παθητὸν
786 1216 879 1265 καὶ
930 1214 1122 1281 θνητὸν
1180 1217 1277 1267 καὶ
1336 1216 1477 1268 κατά
1540 1217 1703 1269 τοῦτο

138 1302 382 1369 φθαρτὸν
409 1303 471 1353 τὸ
506 1306 767 1370 κυριακὸν
808 1304 965 1372 σῶμα
1014 1304 1117 1362 ἕως
1171 1306 1267 1374 τῆς
1300 1307 1463 1358 αὐτοῦ
1495 1308 1705 1371 ἐνδόξου

138 1393 517 1455 ἀναστάσεως,
560 1395 771 1447 ἐκεῖθεν
815 1395 871 1447 δὲ
920 1396 989 1447 δι’
1032 1396 1203 1462 αὐτῆς
1256 1398 1590 1465 μεταϐληθὲν
1629 1402 1708 1461 είς

138 1483 448 1535 ἀθανασίαν
481 1487 574 1535 xui.
603 1485 891 1537 ἀπάθειαν.
925 1488 1085 1551 Λέγει
1139 1488 1194 1539 δὲ
1244 1489 1319 1549 ὼς
1364 1490 1711 1556 ματαιολογεῖ

142 1574 562 1642 φθαρτολάτρας
590 1576 618 1625 ὁ
666 1575 918 1642 ’Δνδρέας
949 1577 1297 1643 ἐπιφημίζων
1328 1580 1449 1639 τοὺς
1490 1578 1707 1647 696066-

140 1666 289 1726 ξ’»υς⁸
340 1665 541 1732 ’Λρείῳ
566 1664 674 1733 γὰρ
704 1665 802 1717 καὶ
837 1666 1022 1733 Ἀετίῳ
1050 1669 1143 1719 καὶ
1174 1669 1440 1737 Εὐνομίῳ,
1471 1671 1709 1722 ’Δπολλι-

137 1755 309 1823 ναρίῳ
345 1772 408 1806 τε
448 1758 538 1807 καὶ
570 1756 870 1827 Νεστορίῳ,
903 1757 1016 1808 ἀλλ’
1047 1758 1105 1809 οὐ
1151 1760 1263 1821 τοῖς
1286 1760 1530 1813 εὐσεϐέσι
1575 1779 1707 1813 κατ-

1805 581 2288 643 nonerubesceret,
2320 584 2480 633 etiam
2510 591 2631 648 post
2668 591 2944 648 superatos
2982 585 3283 648 cruciatus,
3311 595 3368 639 et

1806 679 2030 720 mortem
2077 684 2141 723 ac
2174 670 2569 733 corruptionem
2628 669 2913 731 sublatam,
2976 672 3193 737 patibile
3248 682 3370 723 esse

1807 759 2016 812 Domini
2057 774 2252 828 corpus
2283 761 2587 829 prodigioso
2625 762 2906 815 mendacio
2932 776 3200 826 asserere,
3236 764 3368 814 nihil

1805 848 2019 903 interim
2082 853 2406 915 advertens,
2468 853 2591 903 dum
2651 853 2981 905 orthodoxos
3030 851 3371 906 Phthartola-

1806 950 1913 993 tras
1934 940 2043 1009 (97)
2071 942 2435 1009 periniurium
2469 942 2719 1010 appellat,
2738 946 2847 996 suis
2871 944 3040 1011 ipsum
3070 946 3247 997 verbis
3274 946 3372 997 Pa-

1806 1031 2345 1099 tbetolatram(98)se
2372 1047 2557 1087 revera
2586 1036 3004 1101 probare.Addit
3027 1038 3147 1089 dein
3178 1039 3370 1088 iterum

1805 1132 2113 1174 sanctorum
2137 1121 2353 1175 Patrum
2377 1125 3052 1189 sententias,ostenditque
3078 1127 3373 1189 patibileac

1808 1210 2057 1273 mortale,
2094 1222 2146 1264 et
2180 1213 2320 1279 quod
2350 1213 2473 1266 hinc
2505 1216 2769 1278 sequitur.
2795 1217 3141 1279 corruptibile
3172 1217 3371 1269 Christi

1807 1318 1999 1368 corpus
2032 1302 2219 1365 fuisse,
2250 1319 2416 1371 usque
2443 1305 2507 1356 ad
2545 1304 2831 1371 gloriosam
2865 1306 2981 1373 ejus
3018 1310 3375 1360 resurrectio-

1809 1412 1928 1449 nem
1972 1414 1983 1447 :
2044 1396 2165 1448 inde
2205 1410 2330 1447 vero
2366 1396 2667 1449 immortale
2713 1411 2873 1464 atque
2926 1400 3221 1463 impatiltile
3282 1414 3376 1465 pt-r

1810 1487 1978 1555 ipsam
2020 1500 2137 1538 esse
2178 1487 2462 1540 redditum.
2518 1486 2719 1538 Vanum
2776 1490 2899 1537 item
2945 1503 3063 1539 esse
3108 1486 3374 1540 Andream

1812 1577 2033 1639 indicat,
2061 1577 2148 1645 qui
2172 1576 2484 1628 orthodoxis
2512 1577 2825 1642 probrosum
2854 1576 3372 1631 I'hthartolatrarum

1810 1667 2028 1730 objicial
2071 1675 2522 1732 cognomentum;
2575 1666 2623 1715 in
2677 1667 2857 1716 Arium
2916 1668 3081 1728 enim,
3142 1668 3374 1730 Aetium,

1815 1759 2155 1821 Eunumium,
2199 1758 2585 1825 Apollinarium
2624 1767 2781 1823 atque
2814 1757 3142 1818 Nestorium,
3177 1775 3280 1811 non
3323 1760 3375 1811 in

138 1846 369 1913 ἀλληλος
408 1848 500 1897 καὶ
530 1848 708 1899 οἰκεία
743 1850 775 1917 ἡ
806 1848 1029 1915 τοιαύτη
1062 1850 1271 1917 κλῆσις.
1306 1851 1631 1918 Δογματίζει
1657 1852 1711 1903 δὲ
1745 1834 1789 1891 Β

1745 1834 1789 1891 Β
1820 1855 1959 1919 pios,
2018 1852 2154 1904 hanc
2205 1852 2472 1917 quadrare
2514 1850 2942 1916 appellationem.
2990 1850 3120 1903 lllud
3168 1867 3379 1919 quoque

140 1939 229 1988 καὶ
262 1936 450 2000 τοῦτο,
480 1938 556 1998 ώς
591 1941 617 1990 ὁ
653 1939 853 2009 Κύριος
884 1943 975 1992 καὶ
1023 1941 1154 2002 Θεὸς
1208 1943 1362 2009 ἡμῶν
1406 1944 1471 1995 τὰ
1504 1947 1707 2011 φυσικὰ

141 2030 237 2095 μὲν
266 2031 366 2081 xui.
398 2029 695 2099 ἀδιάϐλητα
726 2031 871 2099 πάθη
897 2032 971 2093 ώς
1004 2031 1102 2100 τῆς
1127 2032 1342 2099 φύσεως
1371 2036 1711 2105 Δημιουργὸς

139 2120 435 2182 ἀνεδέξατο
464 2120 519 2188 (ἃ.
544 2122 665 2173 οὐδὲ
694 2122 895 2190 κυρίως
928 2122 1229 2190 «demam
1257 2123 1390 2193 ἔργα
1421 2124 1487 2176 ἂν
1520 2126 1711 2177 οἰκειό-

137 2230 294 2280 τερον
326 2212 548 2263 καλοῖτο
578 2214 675 2279 τῆς
705 2211 916 2279 φύσεως
943 2220 958 2280 )
984 2255 999 2275 ,
1030 2216 1139 2267 τῶν
1178 2216 1232 2267 δὲ
1261 2216 1463 2282 κυρίως
1503 2218 1711 2279 παθῶν,

139 2303 254 2367 ἤτοι
284 2301 403 2352 τῶν
434 2301 542 2353 ἀπὸ
572 2302 789 2363 κακίας,
820 2302 1099 2364 παντελῶς
1125 2302 1473 2365 ἀνεπίδεκτος
1499 2300 1585 2372 ἦν·
1619 2306 1712 2356 καὶ

139 2394 215 2444 ὅτι
242 2394 368 2461 οὐχ,
419 2392 494 2453 ὡς
544 2394 649 2461 πρὸ
680 2392 778 2453 τῆς
808 2394 1153 2456 ἀναστάσεως
1182 2393 1335 2463 ἦσθιε
1371 2398 1464 2447 xui.
1506 2396 1709 2458 ἔπινεν,

140 2484 285 2536 οὕτω
321 2483 423 2535 καὶ
450 2483 588 2553 μετὰ
613 2476 709 2553 τὴν
742 2484 1337 2556 ἀνάστασιν-συνέφαγε
1368 2487 1461 2540 xui
1493 2488 1713 2541 συνέπιε

140 2579 252 2636 τοῖς
292 2577 589 2645 μαθηταῖς,
649 2578 784 2629 ἀλλὰ
807 2580 865 2630 τὸ
896 2580 995 2647 μὲν
1024 2580 1261 2648 ἔπραττε
1292 2582 1441 2649 νόμῳ
1480 2582 1713 2648 φύσεως,

140 2672 239 2738 τὴν
291 2670 527 2738 ῥέουσαν
560 2670 736 2737 σάρκα
786 2671 983 2740 βρώσει
1032 2673 1125 2725 καὶ
1174 2674 1329 2725 πόσει
1377 2673 1451 2735 ὼς
1504 2674 1716 2741 ἀληθῶς

143 2760 541 2827 ἀνακτώμενος
568 2765 663 2814 καὶ
698 2764 1063 2834 περικρατῶν.
1095 2765 1156 2817 τὸ
1184 2764 1241 2816 δὲ
1266 2766 1511 2817 ἐτέλεσεν
1549 2767 1715 2833 ὑπερο

147 2856 302 2918 gub:
338 2856 408 2905 δι’
444 2855 774 2922 οἰκονομίαν,
808 2856 890 2907 ἵνα
916 2859 1024 2918 τοῖς
1058 2857 1323 2926 μαθηταῖς
1355 2857 1713 2927 πιστώσηται,

142 2947 237 2995 καὶ
260 2945 331 2997 δι’
357 2946 539 2997 αὐτῶν
565 2946 694 2997 πᾶσι
727 2948 956 3009 πιστοῖς,
984 2946 1057 3007 ὡς
1088 2947 1218 2999 αὐτὸ
1242 2948 1302 2999 τὸ
1334 2950 1597 3010 πεπονθὸς
1625 2951 1717 3000 xui.

145 3037 469 3104 σταυρωθὲν
515 3037 712 3104 ἀνέστη
784 3038 962 3105 σῶμα,
1015 3038 1131 3089 ἀλλ’
1196 3039 1291 3107 οὐχ
1336 3039 1520 3108 ἕτερον
1585 3040 1714 3107 παρ’

144 3129 326 3178 ἐκεῖνο
350 3169 363 3189 ,
403 3129 451 3177 εἰ
485 3128 577 3178 καὶ
622 3125 755 3195 πρὸς
811 3126 1117 3197 ἀφθαρσίαν
1147 3129 1238 3181 xui.
1276 3127 1543 3181 ἀπάθειαν
1585 3148 1713 3198 μετ-

144 3218 529 3285 εστοιχειὼθη.
589 3217 775 3270 Ταῦτα
847 3219 1104 3286 φιλοθέως
1159 3220 1713 3291 ἐπιδογματισάμενος

144 3309 301 3371 τέλος
338 3310 616 3379 ἐπιτίθησι
660 3312 726 3377 τῇ
782 3310 1076 3378 δεκαλόγῳ.
1113 3313 1267 3363 Ἐστι
1309 3312 1365 3365 δὲ
1410 3314 1586 3384 σαφὴς
1624 3316 1717 3367 καὶ

1814 1945 1969 1996 docet
2017 1941 2301 2004 Eusebius,
2351 1942 2627 1993 Dominum
2688 1940 2959 2009 Deumque
3015 1952 3278 2004 nostrum,
3324 1951 3382 1995 ut

1815 2034 2109 2095 naturales,
2135 2035 2462 2099 minimeque
2488 2032 2954 2097 reprehendendas
2984 2036 3377 2101 perpessiones,

1813 2136 2063 2193 tanquam
2091 2136 2293 2179 natura:
2326 2126 2499 2191 opifex
2530 2136 2688 2191 atque
2716 2126 3042 2177 architectus
3093 2127 3383 2193 assumpsit

1815 2216 1953 2283 (quite
1985 2229 2087 2267 non
2120 2214 2396 2280 passiones
2424 2214 2533 2283 (99)
2570 2216 2802 2281 proprie,
2841 2215 2931 2268 sed
2965 2230 3130 2282 opera
3176 2228 3379 2268 natura!

1814 2306 1981 2373 magis
2014 2306 2228 2372 proprie
2275 2304 2651 2372 appellentur),
2683 2308 2761 2358 sic
2814 2308 3024 2373 proprie
3055 2307 3225 2359 dictas
3259 2324 3382 2375 pas-

1813 2397 2014 2457 siones,
2065 2398 2228 2450 sivea
2285 2398 2575 2450 vitiositate
2626 2399 2912 2463 prolectas,
2949 2398 3172 2451 omnino
3205 2400 3381 2451 susci-

1814 2504 1941 2557 pere
1976 2504 2079 2542 non
2116 2490 2353 2557 potuiSse
2380 2506 2392 2540 :
2424 2506 2527 2541 non
2570 2489 2692 2542 item
2731 2504 2837 2559 quo
2874 2498 2999 2543 ante
3033 2495 3385 2543 resurrectio-

1815 2596 1935 2633 nem
1985 2581 2171 2633 ederat
2211 2596 2276 2635 ac
2320 2580 2531 2632 biberat
2563 2582 2737 2644 modo,
2782 2581 2941 2633 etiam
2981 2590 3101 2649 post
3145 2597 3387 2633 resurre-

1814 2674 2048 2725 ctionem
2100 2688 2220 2726 cum
2264 2674 2539 2741 discipulis
2567 2689 2670 2725 una
2708 2673 2882 2725 edisse
2925 2688 2985 2725 ac
3020 2673 3262 2734 bibisse,
3296 2675 3385 2723 sed

1816 2764 1963 2831 prius
1994 2762 2115 2814 illttd
2139 2763 2352 2829 quidem
2393 2779 2458 2815 ex
2491 2772 2698 2815 naturae
2725 2762 2925 2831 legibus
2958 2760 3166 2823 fecisse,
3191 2758 3385 2813 ﬂuxam

1815 2867 2031 2904 carnem
2116 2853 2239 2907 cibo
2300 2868 2363 2905 ac
2410 2864 2538 2920 potu
2595 2867 2779 2905 revera
2860 2852 3160 2917 reparando
3229 2863 3390 2918 atque

1814 2944 2244 3007 corroborando,
2299 2944 2397 2995 huc
2460 2958 2587 2996 vero
2646 2958 2805 3010 supra
2863 2953 3069 2994 natura:
3137 2942 3387 2994 ordinem

1814 3034 2162 3101 procurandae
2207 3032 2391 3084 salutis
2422 3044 2619 3084 nostra:
2650 3034 2818 3099 gratia
2861 3032 3111 3098 gessisse,
3144 3040 3199 3082 ut
3232 3030 3390 3083 disci-

1819 3125 1927 3193 puli
1985 3128 2287 3184 crederent,
2340 3136 2395 3176 et
2443 3138 2537 3191 per
2582 3122 2700 3175 illos
2758 3123 2939 3175 ﬁdeles
2984 3138 3195 3182 omnes,
3249 3123 3388 3176 idem

1823 3216 2046 3270 omnino
2099 3227 2315 3280 corpus,
2360 3214 2500 3281 quod
2548 3211 2874 3266 cruciatibus
2924 3210 3388 3275 excarniﬁcatum,

1821 3322 1980 3376 atque
2001 3307 2052 3359 in
2094 3322 2305 3358 crucem
2326 3317 2504 3359 actum
2528 3305 2731 3370 fuisset,
2757 3321 2782 3357 a
2809 3307 3032 3358 mortuis
3056 3305 3384 3357 surrexisse:

146 3400 357 3458 ἁπλοῦς
391 3400 493 3468 τὴν
542 3400 761 3465 φράσιν.
810 3399 1138 3471 καθαρότητι
1182 3402 1483 3473 χρώμενος,
1542 3406 1633 3457 καὶ
1670 3406 1721 3456 εί

1718 3406 1721 3418 ’
1822 3411 1997 3463 neque
2046 3396 2187 3448 aliud
2226 3410 2346 3448 esse
2394 3397 2461 3447 ab
2508 3397 2616 3458 illo,
2649 3397 2993 3465 quantmnvis
3050 3397 3159 3462 jatn
3192 3396 3259 3448 ad
3304 3396 3386 3447 iu-

144 3510 249 3543 που
277 3492 411 3549 δέοι.
438 3490 531 3542 xui.
556 3491 851 3558 εὐκρινεὲα.

1822 3488 2221 3553 corruptionem
2265 3496 2319 3538 et
2352 3487 2695 3538 indolentiam
2744 3485 3181 3539 transformamur
3217 3500 3377 3542 esset.

146 3583 275 3635 llgec
314 3583 404 3631 ubi
456 3582 717 3635 Eusebius
772 3580 950 3633 divine
986 3578 1188 3642 docuit,
1214 3581 1477 3635 decimum
1515 3583 1728 3635 tandem
1762 3581 1955 3633 librum
2005 3577 2257 3630 absolvit.
2335 3578 2516 3646 Stylus
2568 3579 2615 3630 ei
2670 3578 2847 3631 clarus
2894 3591 2999 3642 est,
3049 3590 3104 3631 et
3164 3579 3384 3647 simplex

145 3687 398 3742 pttl’mlue
430 3673 639 3725 dicendi
674 3686 868 3741 genere
904 3674 1089 3734 utitur,
1122 3682 1305 3739 atque,
1338 3674 1425 3725 ubi
1462 3689 1599 3745 opus
1633 3684 1737 3739 est,
1769 3673 1931 3727 etiam
1958 3670 2093 3721 bene
2121 3667 2392 3722 distincto.

905 3760 1064 3815 P31".

149 3849 512 3921 Obtraarlop
537 3849 884 3921 Ἀνατοειίου
912 3849 1177 3921 Βηρυτοῦ
1209 3850 1527 3919 Συνατωτὴ
1556 3868 1726 3921 γεωρ-

352 3918 540 3987 τικῶγ
562 3918 1040 3985 ἐπιτηδευμάτων
1073 3920 1143 3970 ἐν
1175 3922 1375 3985 τόμοις
1406 3923 1504 3983 ιβ’.

219 4013 353 4084 [549
386 4008 836 4080 Β.]’Δνεγνώσθη
868 4010 1179 4060 υὺινδανίου
1216 4010 1517 4063 Ἀνατολίου
1545 4012 1717 4081 Βηρί)-

146 4119 244 4155 του
276 4103 323 4132 ⁸⁸
357 4098 683 4167 Συναγωγή
707 4096 1033 4165 γεωγρικῶν
1053 4098 1563 4167 ἐπιτηδευμάτων·
1585 4119 1712 4153 συν-

147 4196 442 4263 ήθροισται
473 4194 529 4243 δὲ
555 4192 702 4259 αὐτῷ
725 4191 784 4242 τὸ
824 4190 1028 4258 βιϐλίον
1059 4191 1121 4241 ἐκ
1148 4208 1206 4241 τε
1240 4192 1347 4242 τῶν
1376 4194 1713 4261 Δημοκρίτου

159 4283 495 4355 Ἀφρικανοῦ
526 4300 584 4334 τε
616 4283 710 4333 xui.
758 4283 1088 4348 Ταραντίνου
1129 4284 1222 4333 καὶ
1265 4282 1584 4352 Ἀπουληῖου
1623 4286 1717 4335 xui.

143 4375 491 4445 Φλωρεπίου
543 4374 637 4424 καὶ
680 4373 975 4433 Οὐάλεντος
1005 4374 1100 4424 καὶ
1127 4373 1348 4432 Λέοντος
1376 4376 1469 4423 καὶ
1501 4374 1719 4441 Παμφί-

146 4472 263 4527 λου,
290 4468 389 4519 καὶ
421 4467 481 4532 δὴ
508 4467 601 4517 καὶ
619 4468 680 4515 ὲκ
709 4464 814 4514 τῶν
842 4464 1134 4530 Διοφάνους
1159 4463 1534 4530 Παραδοεων·
1563 4468 1718 4534 τόμοι

145 4562 203 4611 δέ
229 4561 337 4610 εἰσι
361 4558 425 4608 τὸ
457 4555 660 4624 βιϐλίον
690 4554 777 4622 ιβ’.
804 4556 1085 4622 Χρήσιμον
1114 4555 1170 4605 δὲ
1194 4555 1253 4605 τὸ
1284 4554 1597 4623 βιϐλίον,ώς
1628 4559 1721 4610 xui.

146 4652 236 4702 διὰ
265 4650 466 4716 πείρας
492 4648 659 4715 αὐτῆς
681 4647 773 4697 ἐπὶ
809 4646 1017 4697 πολλῶν
1044 4645 1278 4713 εἴδομεν,
1307 4646 1441 4715 πρὸς
1465 4648 1561 4709 τὰς
1582 4651 1721 4702 κατά

147 4744 255 4808 γῆν
290 4739 555 4810 ἐργασίας
584 4742 674 4789 xui.
704 4740 829 4798 τοὺς
855 4740 1195 4805 γεωργικοὺς
1222 4738 1409 4800 πόνους
1429 4778 1442 4799 ,
1470 4740 1563 4790 καὶ
1596 4758 1719 4808 σχε-

149 4833 237 4881 δόν
262 4847 314 4880 τι
347 4827 767 4897 χρησιμώτερον
799 4828 907 4877 τῶν
937 4826 1131 4888 ἄλλων,
1161 4827 1274 4878 ὅσοι
1305 4828 1401 4895 τῆς
1427 4830 1597 4895 αὐτῆς
1624 4832 1720 4880 αὐ-

147 4921 228 4987 τῷ
276 4920 667 4987 πραγματείας
727 4918 953 4985 ἥψαντο.
984 4917 1137 4984 Ἔχει
1182 4915 1226 4967 δ’
1270 4917 1419 4985 ὅμως
1460 4918 1576 4969 ἔνια
1625 4919 1719 4970 καὶ

148 5010 310 5060 τοῦτο
357 5010 421 5058 τὸ
480 5007 683 5074 βιϐλίον
742 5004 1022 5075 τερατώδη
1084 5005 1180 5057 xui.
1235 5006 1436 5057 ἄπιστα
1476 5008 1568 5059 xui.
1618 5008 1716 5073 τῆς

165 5098 489 5167 Ἑλληνικῆς
539 5097 744 5164 πλάνης
777 5098 1022 5148 ὑπόπλεα
1048 5136 1063 5160 ,
1100 5096 1135 5149 ἂ
1163 5097 1242 5148 δεῖ
1265 5099 1355 5149 τὸν
1384 5098 1580 5167 εὐσεϐῆ
1622 5116 1721 5166 γη-

151 5194 314 5243 πὸνον
346 5189 750 5258 ἐκτρεπόμενον
784 5186 892 5238 τῶν
923 5187 1146 5249 λοιπῶν,
1182 5188 1458 5254 συλλέγειν
1484 5190 1551 5240 τὰ
1582 5191 1717 5258 χρή-

2500 3758 2726 3813 CLXIII.

1839 3855 2084 3909 Viudanii
2108 3854 2343 3906 Anatolii
2390 3851 2567 3919 Beryti
2595 3853 3041 3924 Collectnneorttm
3073 3855 3135 3906 de
3155 3854 3385 3924 agricul-

2238 3936 2369 3975 tura:
2416 3923 2691 3988 discipltnu
2724 3924 2841 3973 libri
2876 3939 2968 3974 ιιι.

1890 4016 2012 4083 Legi
2049 4013 2297 4067 Vindanii
2329 4012 2561 4065 Anatolii
2593 4011 2771 4079 Beryti
2827 4009 2900 4063 De
2939 4012 3270 4080 agricultura?
3303 4014 3384 4065 di-

1814 4106 2038 4171 sciplina
2069 4104 2403 4155 collectanea.
2446 4100 2638 4169 107a
2680 4098 2952 4151 Conﬂatus
2994 4109 3171 4152 autem
3204 4099 3288 4152 hic
3320 4103 3385 4152 ab

1816 4213 1883 4249 eo
1914 4196 2047 4249 liber
2072 4203 2155 4248 est
2186 4208 2215 4245 e
2238 4193 2521 4245 Democriti
2554 4202 2608 4243 et
2638 4190 2873 4241 Alrirani
2922 4199 3082 4256 atque
3109 4185 3383 4240 Tarantini

1816 4287 2058 4353 scriptis,
2119 4284 2327 4352 Apuleii
2398 4297 2607 4349 quoque
2662 4291 2714 4333 et
2771 4279 3047 4342 Florentii,
3114 4280 3374 4342 Valentis,

1817 4377 2012 4429 Leonis
2041 4373 2299 4441 Pamphili
2331 4373 2562 4441 (l);tum
2598 4372 2675 4424 vel
2720 4373 2952 4422 maxime
2991 4385 3055 4422 ex
3094 4369 3383 4435 Diophanis

1828 4465 2151 4519 Paradozis.
2186 4462 2331 4530 Opus
2362 4463 2640 4515 duodecim
2692 4461 2988 4512 absolvitur
3034 4459 3207 4519 libris,
3257 4460 3387 4511 utile

1826 4571 1979 4617 sane,
2024 4564 2079 4608 ut
2113 4556 2224 4623 ipsa
2261 4568 2357 4606 nos
2390 4551 2714 4618 experientia
2748 4553 2798 4603 in
2849 4551 3029 4603 multis
3076 4550 3281 4609 docuit,
3318 4550 3383 4601 ad

1828 4657 2023 4697 terram
2062 4642 2429 4702 excolendam,
2458 4640 2775 4703 laboresque
2817 4639 3067 4702 rusticus;
3105 4637 3242 4702 Quin
3274 4637 3386 4689 fere

1826 4735 2036 4788 caeteris
2066 4734 2247 4785 utilior
2280 4732 2366 4784 hic
2400 4730 2554 4793 liber,
2589 4738 2852 4796 quotquot
2878 4730 2929 4780 in
2956 4744 3017 4780 ea
3055 4730 3167 4796 ipsa
3191 4744 3247 4781 re
3273 4729 3384 4781 ela-

1828 4828 2109 4881 borarunt.
2136 4826 2387 4879 Continet
2410 4835 2586 4877 tamen
2610 4822 2860 4876 nonnulla
2884 4821 3140 4889 prodigiis
3164 4822 3381 4883 similia,

1827 4921 2093 4986 [idemque
2118 4918 2454 4979 excedentia,
2489 4926 2542 4969 et
2572 4916 2771 4970 Graecis
2802 4914 2996 4967 referta
3026 4914 3239 4975 fabulis,
3266 4931 3384 4981 qua:

1826 5014 2099 5081 praeterire
2154 5013 2297 5081 pium
2324 5011 2479 5065 decet
2504 5010 2829 5079 agricolam,
2860 5018 3053 5061 caetera
3089 5022 3208 5076 qua;
3264 5007 3379 5058 usui

1833 5101 2010 5155 futura
2051 5102 2182 5164 sint,
2214 5102 2580 5170 arripientem.
2606 5100 2668 5153 Et
2695 5114 2822 5152 vero
2845 5099 2933 5150 alii
2964 5113 3175 5158 omnes,
3204 5099 3293 5165 qui
3321 5099 3385 5150 de

1824 5207 1886 5246 re
1921 5192 2123 5246 rustica
2146 5192 2497 5262 scripserunt,
2527 5192 2711 5246 eadem
2743 5190 2853 5245 fere
2882 5191 2946 5244 de
2975 5191 3183 5253 iisdem,
3212 5204 3382 5257 quan-

1440 5324 1521 5377 VA
1534 5325 1668 5378 “le
1746 5327 2145 5384 LECTIONES.

221 5424 269 5457 ⁸⁸
293 5425 323 5475 ὁ
355 5422 483 5474 add.
524 5419 632 5471 AC.
729 5418 771 5447 "
808 5416 968 5469 πάλιν
996 5417 1322 5487 παρατίθησι
1361 5436 1417 5481 ς.

1510 5422 1553 5451 ⁶⁰
1582 5423 1855 5491 Βηρύττου
1887 5426 1951 5481 Α.

1650 5538 1883 5596 NOTAE.

222 5611 336 5677 (97)
370 5605 553 5677 Quasi
576 5605 722 5655 diras
740 5602 1266 5677 >Corrttptibilicolas.

221 5673 337 5747 (93)
374 5678 497 5729 l’ari
530 5676 703 5747 Iui'itta
738 5673 1127 5747 Patibiliculant
1162 5674 1377 5747 dixeris.

224 5742 341 5817 (οὐ)
370 5744 628 5809 Ἰἰωυιυεί
661 5745 827 5793 nostri
861 5746 909 5793 iii
938 5742 1137 5792 st-hnlis
1165 5743 1320 5795 hodie
1346 5744 1724 5811 l’rnpassiones

489 5840 755 5897 Parnm.
800 5835 917 5892 (in.
956 5833 1110 5890 t‘.lll.

1827 5623 2141 5750 "Oi'iiniliés
2192 5683 2313 5736 huic
2352 5680 2717 5750 Ceorgicorttm
2750 5680 2912 5730 libros
2949 5677 3132 5727 tribuit
3161 5673 3372 5728 Suidaa.

2974 5840 3038 5895 l3
