4224 6446
809 420 913 483 459

1973 411 2237 474 ΡΠΟΤΙΙ
2276 411 2548 471 PATRIA
2558 410 2781 472 RCHE
2818 410 2921 470 CP.

3952 397 4059 462 460

812 541 922 581 tum
958 527 1137 580 videre
1162 522 1728 594 p0tni,prodiderunt,
1756 536 1929 589 neque
1957 522 2007 574 in
2042 522 2225 575 multis
2248 522 2383 573 adeo
2410 531 2458 589 Α

2410 531 2458 589 Α
2487 540 2640 591 σιμα.
2674 522 2783 575 Καὶ
2817 523 2865 573 οί
2897 520 3045 573 ἄλλοι
3078 520 3134 571 ὁὶ
3167 518 3274 571 τῶν
3305 518 3403 579 τὰς
3448 514 3759 585 γεωργικὰς
3793 529 4062 583 πραγμα·

811 621 1154 677 dissentiunt.
1196 618 1401 683 Quibus
1430 625 1605 669 autem
1638 616 1781 669 inter
1811 630 1868 667 se
1894 614 2178 676 dissident,
2209 614 2259 666 in
2297 612 2381 666 bis

812 713 1009 767 Leonis
1036 710 1408 780 experimenta
1437 709 1647 761 caeteris
1673 716 2075 773 anteponuntur
2105 706 2377 759 omnibus.

1489 978 1712 1033 CLXIV.

1160 1072 1387 1126 Galenus
1417 1070 1490 1124 De
1521 1072 1669 1124 sectis
1702 1068 2040 1122 medicorum.

886 1170 1141 1239 Legimus
1186 1165 1374 1221 Galeni
1409 1164 1602 1216 librum
1638 1160 1713 1213 De
1743 1159 1913 1213 sectis.
1946 1158 2173 1211 Disserit
2203 1164 2381 1208 autem

811 1266 876 1317 ile
903 1263 1066 1317 sectis
1093 1274 1214 1329 qua:
1244 1258 1296 1310 in
1330 1264 1455 1309 arte
1481 1253 1685 1307 medica
1729 1254 1866 1305 inter
1889 1266 1945 1303 se
1972 1250 2379 1316 conspirarunt.

810 1356 912 1410 Eas
942 1364 1051 1408 tres
1076 1354 1149 1405 ait
1182 1364 1300 1405 esse
1333 1346 1663 1416 potissimas.
1717 1343 1890 1398 Unam
1930 1342 2153 1408 logicum
2187 1338 2369 1408 appel—

809 1447 993 1505 latum,
1030 1456 1193 1512 quam
1230 1448 1283 1492 et
1314 1437 1665 1507 dogmaticam
1711 1433 2042 1500 agnominat,
2095 1440 2151 1483 et
2197 1429 2383 1482 analo-

810 1537 1072 1601 qisticam.
1133 1532 1372 1586 Alteram
1431 1542 1560 1581 vero
1592 1525 1893 1593 empiricam
1941 1524 2185 1575 dictant:
2246 1520 2383 1573 hanc

811 1630 1207 1683 observatricem
1267 1634 1482 1692 quoque
1562 1634 1623 1673 ac
1674 1616 2025 1670 memorialem
2090 1615 2380 1668 nominat.

811 1721 1047 1776 Tertiam
1094 1716 1327 1784 denique
1356 1711 1721 1765 met/todicant.
1756 1706 2015 1759 Diﬂ'erunt
2040 1715 2216 1757 autem
2244 1704 2385 1754 inter

810 1832 865 1866 se
898 1826 1020 1866 cum
1059 1808 1179 1862 aliis
1211 1805 1393 1866 rebus,
1427 1813 1537 1855 tum
1566 1798 1893 1855 inventionis
1940 1799 2118 1850 modo.
2148 1794 2381 1862 Dogma-

2487 617 2639 677 τείας
2675 613 3150 685 συγγραψαμένων
3180 612 3364 680 σχεδόν
3408 628 3461 662 τι
3504 610 3572 661 τὰ
3599 609 3740 667 αὐτά
3782 607 3913 675 περὶ
3951 606 4066 657 τῶν

2486 709 2684 769 αὐτῶν,
2718 710 2818 760 ὅσα
2852 709 2949 775 ἐμὲ
2978 706 3193 763 είόέναι.
3230 703 3641 770 ἀποφαίνονται,
3675 701 3775 752 οὐκ
3804 700 3897 751 ἐπὶ
3931 699 4066 748 πολ-

2490 803 2600 861 λοῖς
2633 801 2686 852 δὲ
2724 799 3106 869 διαφωνοῦσιν.
3158 798 3245 849 Ἑν
3274 793 3354 856 οἷς
3384 796 3438 847 δὲ
3479 794 3989 861 διαπεφωνήκασιν,
4032 791 4065 858 ἠ

2486 894 2577 946 τοῦ
2610 894 2833 952 Λέοντος
2868 892 2973 943 τῶν
3010 890 3182 942 ἄλλων
3212 887 3562 956 προκρίνεται
3596 887 3779 955 πεῖρα.

3161 978 3311 1032 PEA'.

2873 1073 3159 1140 Γαληνοῦ
3193 1073 3324 1139 περὶ
3360 1072 3672 1139 αἱρέσεων.

2569 1167 2905 1237 Ἀνεγνὼσθη
2959 1165 3198 1235 Γαληνοῦ
3236 1164 3373 1231 Περὶ
3417 1164 3725 1231 αἱρέσεων.
3755 1163 3891 1231 Περὶ
3914 1163 4068 1229 αίρέο

2489 1280 2623 1313 σεων
2654 1261 2709 1313 δὲ
2742 1260 2849 1312 τῶν
2875 1258 3017 1311 κατὰ
3048 1256 3145 1327 τὴν
3184 1255 3435 1325 ίατρικὴν
3465 1257 3563 1325 τὴν
3602 1254 3865 1305 σύστασιν
3898 1255 4068 1319 top;-

2488 1352 2656 1405 κυιῶν
2676 1352 3055 1419 διαλαμϐάνει,
3079 1349 3172 1402 καί
3193 1366 3325 1417 φησι
3342 1349 3488 1417 τρεῖς
3511 1346 3631 1399 κατ’
3656 1346 3912 1415 ίατρικὴν
3938 1345 4069 1396 κατθ-

2486 1444 2669 1504 οὶικὰς
2684 1442 2921 1511 αἱρέσεις
2937 1458 2999 1492 συ
3009 1440 3217 1507 στῆναι,
3230 1439 3329 1507 τήν
3345 1456 3399 1489 τε
3421 1436 3765 1506 καλουμένην
3782 1434 4067 1502 λογικὴν,

2485 1539 2549 1608 ἦν
2576 1538 2665 1589 καὶ
2686 1535 3050 1605 (Scutarith
3070 1534 3416 1601 ἐπονομάζει,
3438 1534 3517 1585 ἔτι
3560 1533 3615 1584 δὲ
3664 1532 3756 1583 καὶ
3782 1532 4067 1597 ἀναλογι-

2486 1630 2722 1696 στικήν·
2758 1629 3016 1698 δευτέραν
3070 1629 3129 1680 δὲ
3170 1628 3269 1697 τὴν
3316 1626 3657 1696 καλουμένην
3686 1622 4066 1693 ἐμπειρικὴν,

2484 1725 2603 1793 ἥτις
2640 1720 2731 1775 καὶ
2765 1721 3048 1788 τηρητικὴ
3084 1720 3179 1771 καὶ
3211 1717 3660 1787 μνημονευτικὴ
3696 1716 4066 1769 ἐπικαλεῖταισ

2484 1813 2671 1881 τρίτην
2695 1811 2821 1882 [182
2840 1810 2931 1880 H.]
2949 1810 3003 1861 δὲ
3037 1810 3134 1879 τὴν
3160 1807 3509 1877 μεθοδικὴν.
3536 1806 3862 1875 Διαφέρουσι
3892 1806 3949 1857 δὲ
3974 1805 4069 1856 ἀλ-

811 1907 948 1958 ticus
978 1903 1121 1957 enim
1151 1897 1413 1957 medicus,
1456 1909 1523 1947 ex
1568 1907 1634 1947 eo
1686 1891 1828 1958 quod
1882 1887 2253 1943 ratiocinzmdo
2284 1900 2378 1938 cn-
2416 1894 2453 1945 [ι

2416 1894 2453 1945 Β
2484 1906 2658 1975 ἰήλω)
2694 1899 2855 1957 αὗται
2885 1902 3064 1964 ἄλλοις
3088 1919 3145 1953 τε
3179 1902 3273 1953 καὶ
3302 1900 3378 1970 τῷ
3411 1899 3601 1970 τρόπῳ
3621 1898 3720 1966 τῆς
3752 1899 4061 1966 εὑρέσεως·

813 1994 965 2047 randi
1026 1989 1307 2045 methodos
1360 1984 1615 2053 reperiat,
1652 1993 1824 2036 artem
1872 1997 2023 2035 suam
2070 1979 2380 2033 constituit.

811 2086 852 2141 Ε
878 2084 1115 2154 iipiricus
1131 2094 1257 2133 vero
1277 2092 1379 2131 non
1406 2075 1841 2138 ratiocinatione,
1869 2072 1961 2125 sed
2010 2070 2384 2139 experimento

814 2191 975 2247 atque
1000 2172 1381 2230 observatione
1414 2177 1585 2220 artem
1614 2164 1840 2232 colligit.
1876 2160 1993 2216 Jam
2022 2159 2379 2223 methodicns,

814 2274 903 2342 qui
938 2283 991 2326 et
1020 2269 1231 2324 ratione
1280 2277 1436 2318 usum
1469 2274 1551 2322 se,
1577 2268 1631 2313 et
1660 2257 2029 2327 experimento
2076 2253 2382 2321 proﬁtetur,

815 2366 913 2419 etsi
946 2365 1135 2416 horum
1189 2366 1381 2411 neutro
1412 2353 1546 2406 satis
1595 2357 1849 2403 accurate
1886 2354 2087 2409 utatur,
2128 2344 2193 2396 ab
2226 2344 2386 2395 utris-

815 2473 918 2527 que
951 2455 1057 2507 illis
1091 2451 1282 2503 merito
1314 2447 1598 2500 distinctus
1629 2440 1960 2495 censebitur.

889 2548 1051 2602 Liber
1074 2545 1161 2597 hic
1193 2552 1301 2595 tres
1336 2541 1385 2593 in
1422 2546 1606 2606 partes
1635 2542 1851 2588 secatur
1888 2550 1901 2585 :
1936 2544 2162 2599 quarum
2192 2529 2243 2581 in
2278 2536 2385 2596 prt-

817 2657 899 2692 nut
933 2637 1145 2705 quidem
1176 2630 1491 2698 empiricam
1526 2638 1685 2694 atque
1735 2622 2092 2690 dogtnaticam
2129 2618 2385 2688 graphice

818 2730 1078 2785 describit
1112 2742 1125 2779 :
1163 2725 1251 2777 ubi
1302 2722 1489 2781 etiam,
1534 2716 1710 2786 qualis
1750 2717 2034 2780 utriusque
2066 2722 2257 2763 natura
2292 2709 2380 2771 sit,

816 2820 1070 2873 ostendit.
1107 2815 1286 2869 Altera
1347 2825 1476 2863 vero
1530 2816 1682 2877 parte
1737 2806 1869 2859 duas
1932 2801 2160 2854 invicem
2211 2807 2385 2853 sectas

818 2914 971 2965 \‘nltlc
1002 2906 1410 2962 contendentes,
1443 2911 1497 2953 et
1524 2900 1589 2953 de
1608 2896 1910 2967 principatu
1935 2901 2210 2945 certantes
2240 2904 2387 2943 com-

818 3006 987 3075 ponit.
1024 3000 1208 3052 Tertia
1244 2994 1476 3060 denique
1510 2989 1869 3043 methodicam
1900 2982 2165 3053 producit,
2199 2990 2253 3034 et
2279 2980 2390 3050 qni-

820 3100 939 3149 dcm
974 3108 1094 3147 cum
1149 3090 1268 3141 aliis
1319 3082 1705 3152 suprascriptis
1758 3078 1963 3131 duabus
2020 3082 2387 3143 pugnantem,

821 3188 1060 3260 quaiibel
1085 3200 1113 3238 e
1141 3183 1311 3236 tribus
1336 3179 1504 3233 sectis
1537 3191 1631 3230 sua
1666 3174 1784 3242 jura
1821 3168 2152 3240 proferente,
2185 3176 2240 3221 et
2267 3165 2393 3219 reli-

822 3258 953 3352 quis
1004 3279 1223 3333 vincere
1256 3282 1553 3340 satagente.
1584 3268 1761 3335 Atque
1799 3264 1884 3316 hic
1916 3261 2060 3316 tertii
2095 3260 2217 3314 libri
2272 3258 2394 3311 ﬁnis

822 3386 923 3427 νει.
953 3371 1083 3424 lllud
1126 3368 1352 3427 clarum,
1386 3376 1518 3429 opus
1549 3360 1653 3413 hoc
1699 3359 1842 3410 inter
1874 3366 2068 3408 Ctetera
2109 3352 2242 3405 artis
2284 3364 2395 3403 me-

823 3466 953 3516 diae
985 3460 1181 3527 scripta
1219 3455 1470 3508 omnibus
1505 3447 1748 3518 ιιι-πίετιὶ
1800 3456 2073 3513 oportere.
2119 3442 2392 3509 Siquidem

825 3558 1034 3608 discere
1057 3547 1329 3607 convenit,
1360 3558 1479 3613 qua!
1508 3549 1651 3595 secta
1686 3539 1829 3592 inter
1861 3550 2049 3589 omnes
2075 3534 2275 3602 optima
2302 3534 2392 3595 sit,

826 3659 879 3697 nt
911 3659 1028 3698 eam
1054 3639 1246 3694 deinde
1280 3636 1525 3689 secteris.
1562 3633 1788 3687 Videtur
1821 3639 1999 3682 autem
2038 3641 2143 3679 non
2180 3623 2397 3693 proprie

828 3736 1065 3789 medicus
1088 3728 1367 3784 habendus
1393 3725 1527 3777 liber
1547 3723 1653 3786 hic,
1682 3721 1773 3774 sed
1804 3716 2049 3789 prooemii
2070 3717 2239 3767 vicem
2263 3728 2398 3780 pra!-

825 3831 997 3886 lere,
1062 3832 1221 3889 atque
1270 3818 1333 3869 ad
1387 3812 1782 3883 philosophiam
1857 3810 2035 3878 potius
2102 3808 2393 3874 pertinere.

829 3917 1016 3987 107!)
1058 3913 1276 3966 Certum
1312 3910 1439 3961 item
1485 3905 1635 3967 illud,
1668 3904 1734 3955 ad
1779 3901 2073 3955 dictionem
2100 3897 2241 3966 quod
2275 3895 2397 3947 aui-

828 4024 935 4073 net,
984 4018 1150 4073 atque
1200 3998 1666 4069 compositionem,
1728 4009 1920 4063 purum
1957 4005 2078 4043 eum
2137 4002 2279 4049 esse,
2336 4000 2397 4039 ac

826 4109 1135 4153 vermstum.
1174 4094 1373 4147 Harum
1404 4090 1547 4143 enim
1578 4088 1778 4155 ubique
1802 4082 2097 4136 formarunt
2122 4079 2396 4133 studiosus

829 4189 1094 4258 imprimis
1144 4184 1381 4239 Galenus
1438 4179 1667 4244 exstitit,
1718 4174 1930 4229 tametsi
2005 4172 2057 4225 in
2126 4170 2397 4237 plerisque

827 4278 1047 4347 St‘l‘lpliS
1076 4271 1471 4339 intempestivis
1499 4270 1612 4323 suis
1636 4265 1976 4321 sermonibus
2013 4276 2076 4315 ac
2100 4259 2395 4330 digressio-

827 4373 1005 4434 nibus,
1042 4366 1435 4437 praelongisque
1476 4362 1709 4431 periodis
1758 4373 1863 4410 non
1898 4356 2017 4410 sine
2048 4352 2291 4407 molestia
2332 4350 2397 4403 li-

828 4469 953 4519 bros
1001 4460 1373 4520 commisceat,
1437 4457 1705 4509 dictorum
1734 4464 1953 4504 sensum
2018 4447 2291 4508 obscuret,
2344 4451 2397 4496 et

2484 1998 2511 2048 ό
2544 1995 2641 2063 μὲν
2662 1996 2770 2063 γὰρ
2785 1993 3109 2062 δογματικὸς
3132 1992 3276 2061 λόγῳ
3309 1990 3644 2060 κεχρημένος
3666 1988 3761 2041 καὶ
3798 1987 3899 2049 τὰς
3930 1987 4066 2054 μεθ·

2485 2086 2634 2148 ὁδους
2691 2085 2791 2154 τῆς
2839 2085 3081 2153 ἰατρείας
3120 2084 3386 2154 εὑρίσκων
3431 2081 3526 2151 τὴν
3576 2082 3773 2149 τέχνην
3809 2078 4066 2147 συνίστη-

2488 2194 2589 2239 σιν,
2621 2177 2647 2226 ὁ
2672 2177 2726 2229 δὲ
2762 2175 3080 2245 ἐμπειρικὸς
3105 2174 3287 2226 οὐκέτι
3317 2170 3394 2241 τῷ
3440 2172 3604 2241 λόγῳ,
3643 2171 3779 2223 ἀλλὰ
3801 2172 3869 2239 τῇ
3898 2169 4068 2237 πείρα

2488 2270 2580 2321 καὶ
2606 2272 2671 2339 τῇ
2704 2270 2933 2339 τηρήσει
2954 2285 2967 2297 ·
3002 2269 3029 2321 ὁ
3056 2268 3110 2320 δὲ
3140 2266 3415 2336 μεθοδικδς
3464 2262 3940 2332 ἐπαγγελλόμενος
3972 2263 4068 2313 καὶ

2487 2360 2630 2429 λόγῳ
2660 2362 2753 2412 καὶ
2802 2362 2966 2430 πείρᾳ
3013 2357 3332 2429 κεχρῆσθαι,
3381 2356 3624 2427 ἀκριϐῶς
3672 2355 3728 2406 δὲ
3782 2352 4069 2423 μηδετέρῳ

2488 2453 2790 2523 χρώμενος,
2821 2452 3047 2513 εἰκότως
3079 2452 3278 2519 ἀμφοῖν
3305 2449 3519 2501 διοίσει.

2563 2546 2653 2605 Ei;
2678 2550 2721 2611 γ’
2742 2545 2797 2595 δὲ
2821 2545 3083 2613 τμήματα
3107 2543 3395 2612 διαιρεῖται
3418 2544 3477 2593 τὸ
3505 2542 3678 2610 παρὸν
3705 2541 3932 2609 βιϐλίον.
3955 2542 4064 2593 Καὶ

2495 2640 2551 2688 ὲν
2598 2636 2695 2704 μὲν
2723 2635 2797 2703 τῷ
2844 2634 3041 2705 πρώτῳ
3070 2635 3167 2702 τὴν
3196 2635 3453 2685 σύστασιν
3482 2635 3579 2703 τῆς
3607 2633 3939 2702 ἐμπειρικῆς
3973 2632 4067 2683 καὶ

2494 2726 2828 2795 δογματίκῆἶ
2890 2726 3215 2795 ἀναγράφει,
3256 2725 3314 2776 ὲν
3354 2718 3399 2791 ᾧ
3430 2726 3525 2777 καὶ
3554 2726 3711 2777 ὁποία
3742 2726 3775 2794 ἡ
3828 2726 4068 2791 ἑκάστης

2496 2817 2939 2900 ουσίαδιδάσκειο
2972 2818 3027 2868 ὲν
3057 2816 3112 2868 δὲ
3145 2815 3222 2885 τῷ
3269 2816 3507 2886 δευτέρῳ
3570 2816 3780 2883 εἰσάγει
3829 2816 3931 2875 τὰς
3980 2815 4069 2866 δό

2497 2907 2992 2975 διαφιλονεικούσας
3027 2908 3269 2979 αἱρέσεις
3300 2908 3556 2978 ἀλλήλαις
3587 2906 3808 2960 καὶτῶν
3840 2908 3883 2936 ⁸⁸
3916 2924 4072 2977 πρω-

2496 3000 2653 3051 τείων
2686 3000 3161 3069 ἁμφισϐητούσας·
3189 3002 3246 3052 ὲν
3272 3001 3328 3053 δὲ
3355 3001 3435 3071 τῷ
3459 3007 3505 3068 γ’
3553 3002 3801 3069 τμήματι
3830 3002 3935 3071 τὴν
3970 3020 4070 3053 κλ-

2496 3088 2766 3155 λουμένην
2841 3089 3052 3156 είσάγει
3112 3088 3404 3159 μεθοδικὴν
3460 3095 3581 3152 ταῖς
3641 3092 4070 3161 προειρημέναις

2497 3178 2616 3230 δυσὶ
2654 3180 2988 3249 μαχομένην,
3018 3182 3277 3239 κάκείνας
3309 3183 3353 3213 ⁸⁸
3388 3184 3523 3252 πρὸς
3549 3184 3772 3252 ταύτην,
3830 3186 4072 3253 ἑκάστης

2496 3270 2602 3324 τῶν
2628 3273 2792 3340 τριῶν
2824 3274 2890 3327 τὰ
2913 3275 3085 3325 οίκεῖα
3106 3274 3551 3345 προϐαλλομένης
3575 3277 3757 3329 δίκαια
3784 3278 3879 3330 καὶ
3906 3295 4075 3329 σπε-ι-

2495 3364 2689 3432 δούσης
2734 3368 2812 3428 εἰς
2843 3366 2941 3437 τὴν
2973 3368 3111 3419 κατὰ
3142 3368 3250 3420 τῶν
3296 3368 3604 3420 ὑπολοίπων
3643 3370 3823 3439 νίκην.
3872 3370 3964 3422 Ἐν
3997 3366 4073 3422 οτι

2496 3456 2588 3505 καὶ
2620 3456 2678 3506 τὸ
2707 3458 2888 3525 τρίτον
2931 3458 3296 3528 ἀπαρτίζεται
3346 3460 3561 3527 τμῆμα.
3598 3460 3768 3527 Δῆλον
3821 3459 3867 3511 δ’
3898 3462 3983 3511 ὅτι
4019 3463 4075 3511 εδ

2499 3546 2699 3615 βιϐλίον
2751 3548 2909 3601 τοῦτο
2938 3548 3047 3602 τῶν
3084 3551 3223 3603 κατὰ
3255 3550 3353 3618 τὴν
3414 3551 3664 3618 ἰατρικὴν
3710 3552 4070 3620 ἀναγνωσμὰ-

2498 3656 2605 3691 των
2634 3642 2852 3692 πάντων
2891 3641 3288 3711 προτάττεσθαι
3324 3642 3551 3708 ὀφείλει,
3582 3645 3743 3713 είπερ
3775 3643 3857 3694 δεῖ
3883 3645 4075 3711 μαθεῖν

2502 3731 2624 3783 ποία
2668 3731 2857 3784 πασῶν
2886 3732 3081 3801 ἀρίστη
3142 3734 3373 3801 αἵρεσις,
3410 3734 3511 3785 είθ’
3572 3734 3715 3787 οὕτω
3773 3736 3950 3806 ταύτῃ
3981 3753 4073 3786 κε-

2500 3822 2755 3889 χρῆσθαι.
2797 3822 2893 3893 Εἵη
2925 3823 2971 3876 δ’
3001 3822 3066 3875 ἂν
3095 3824 3216 3876 οὐδὲ
3244 3826 3446 3893 κυρίως
3488 3826 3733 3895 ἰατρικὸν
3758 3826 3817 3878 τὸ
3842 3826 4071 3895 βιϐλίον,

2498 3914 2632 3966 ἀλλὰ
2675 3916 2962 3984 προοιμίου
2991 3918 3154 3967 τόπον
3202 3916 3395 3985 ἐπέχον
3422 3919 3518 3970 καὶ
3546 3919 3835 3988 φιλοσοφίᾳ
3874 3920 4074 3984 μᾶλλον

2498 4005 2878 4073 ἀνακείμενον.
2926 4006 3093 4075 Δῆλον
3126 4007 3182 4060 δὲ
3225 4007 3328 4067 ὅτι,
3353 4008 3453 4060 ὅσα
3500 4025 3562 4075 γε
3589 4010 3679 4061 tu!
3713 4026 3773 4061 τε
3796 4008 3940 4074 λέξει
3982 4014 4076 4063 κιὶ

2502 4097 2774 4161 συντάξει.
2821 4098 3059 4168 καθαρόν
3099 4100 3216 4151 ἐστι
3254 4101 3344 4152 καὶ⁵
3386 4100 3635 4168 εὑκρινές
3659 4118 3673 4131 ·
3723 4100 3934 4153 τούτων
3968 4105 4073 4169 γάρ

2498 4190 2645 4239 ἐστιν
2670 4191 2727 4240 ὲν
2758 4191 2921 4241 πᾶσιν
2944 4193 2971 4243 ὁ
2994 4190 3229 4259 Γαληνὸς
3269 4191 3617 4260 φροντιστὴς,
3654 4193 3702 4242 εί
3737 4193 3829 4244 καὶ
3856 4193 3915 4243 ὲν
3943 4194 4071 4244 πολ-

2500 4277 2609 4340 λοῖς
2664 4278 2827 4331 αὐτοῦ
2870 4279 2976 4331 τῶν
3031 4283 3478 4348 συγγραμμάτων
3514 4280 3928 4350 ἀκαιρολογίαις
3982 4281 4076 4331 καὶ

2502 4372 2919 4437 παρεκτροπαῖς
2944 4369 3070 4440 [352
3103 4370 3196 4441 IL]
3230 4372 3321 4423 καὶ
3354 4370 3432 4440 τῷ
3463 4371 3573 4423 τῶν
3603 4370 3874 4439 περιόδων
3930 4388 4077 4439 σχοι-

2502 4463 2707 4512 νοτενεῖ
2727 4462 2997 4529 φορτίζων
3024 4462 3068 4491 ⁸³
3101 4462 3169 4514 τὰ
3220 4461 3395 4531 βιϐλία
3424 4464 3615 4530 συγχεῖ
3641 4463 3735 4513 καὶ
3761 4464 3948 4514 σκοτοῖ
3972 4463 4077 4514 τῶν

826 4553 1087 4610 orationis
1121 4550 1317 4605 seriem
1349 4542 1746 4615 quodammodo
1794 4542 2101 4606 abrumpat,
2133 4536 2390 4589 lectorem
2422 4562 2476 4621 D

2422 4562 2476 4621 D
2503 4552 2905 4620 γεγραμμένων
2929 4551 3020 4603 τὸν
3042 4552 3191 4613 νοῦν,
3220 4554 3322 4618 τήν
3346 4570 3398 4604 τε
3428 4554 3743 4622 σύμφρασιν
3775 4554 3943 4605 οἱονεὶ
3972 4554 4076 4605 δια-

830 4648 992 4699 ctiam
1029 4644 1201 4711 ipsum
1245 4636 1581 4707 longioribus
1602 4635 1753 4687 hisce
1796 4630 2159 4684 deliramentis
2212 4626 2266 4679 in
2302 4638 2395 4677 ne-

829 4736 1136 4805 gligentiam
1186 4730 1461 4785 abducens
1495 4745 1509 4782 :
1542 4726 1740 4795 quibus
1798 4722 1989 4777 saltem
2038 4719 2182 4773 vitiis
2245 4723 2401 4769 vacat

831 4830 931 4882 hoc
966 4827 1032 4881 de
1070 4825 1238 4881 sectis
1281 4836 1437 4891 opus.

1515 4909 1720 4965 CLXV.

1110 5004 1335 5060 Htmerii
1384 5002 1629 5069 sophista:
1671 4998 2117 5052 Declamationes.

903 5097 1080 5150 Lecta
1102 5104 1227 5149 sunt
1255 5092 1477 5146 Himerii
1502 5091 1577 5159 (ἓ)
1596 5089 1851 5157 sOphistae
1882 5084 2297 5137 Declamationes
2328 5082 2404 5152 (5)

832 5206 925 5245 seu
947 5189 1221 5242 Orationes
1254 5186 1439 5240 varice.
1469 5182 1739 5237 Suasorize
1773 5181 1919 5239 dna},
1946 5177 2230 5245 iudiciales
2258 5188 2401 5229 tres:

833 5296 1061 5350 quarum
1108 5282 1269 5331 etiam
1302 5276 1415 5329 edit
1466 5281 1780 5342 argumenta
1810 5268 1910 5337 (4).
1944 5267 2009 5321 Ει
2033 5268 2396 5322 suasoriarum

2501 4639 2736 4700 κόπτων,
2769 4640 2862 4691 καὶ
2880 4641 2955 4701 είς
2980 4640 3209 4709 ἀκηδίαν
3236 4641 3385 4709 ἄγων
3418 4641 3506 4693 διὰ
3540 4640 3631 4693 τοῦ
3669 4640 3885 4710 μακροῦ
3908 4640 4075 4710 λήρου

2499 4730 2590 4781 τὸν
2632 4731 2935 4800 ἀκροατήν·
2992 4725 3067 4785 ὧν
3096 4732 3232 4794 τέως
3263 4733 3322 4784 τὸ
3356 4731 3529 4802 παρὸν
3580 4731 3788 4801 βιϐλίον
3831 4733 4080 4800 ἀπήλλα-

2504 4838 2646 4873 κται.

3132 4911 3290 4965 ΡΞΕ’.

2733 5001 2986 5070 Ἰμερίου
3010 5002 3311 5071 σοφιστοῦ
3347 5007 3525 5073 Λόγοι
3553 5005 3851 5073 διάφοροι.

2595 5089 3036 5159 ’Λνεγνώσθησαν
3099 5091 3329 5160 Ἱμερίου
3396 5092 3651 5161 σοφιστοῦ
3684 5093 4084 5156 Μελέται,κα“ι

2510 5181 2685 5244 ἄλλως
2739 5183 2912 5251 Λόγοι
2959 5183 3249 5251 διάφοροι,
3278 5177 3354 5237 ὧν
3392 5184 3438 5216 ⁸⁸
3472 5184 3932 5254 συμϐουλευτικαί
3990 5188 4084 5255 μὲν

2508 5271 2621 5335 δύο,
2643 5273 2917 5327 δικανικαί
2938 5274 2995 5327 δὲ
3024 5275 3243 5345 μελέται
3266 5278 3444 5347 τρεῑςο
3483 5276 3687 5329 τούτων
3722 5278 3781 5331 δὲ
3814 5279 3914 5331 καὶ
3950 5297 4083 5349 προ·

2113 5384 2347 5439 VARIAE
2389 5386 2791 5447 LECTIONES.

900 5490 940 5517 ‘”
979 5490 1071 5539 καὶ
1098 5487 1202 5539 τῶν
1229 5484 1314 5537 AC
1345 5502 1356 5537 :
1380 5482 1624 5549 καὶπερὶ
1650 5480 1755 5531 τιῖιν
1788 5498 1846 5544 ς,
1954 5480 1996 5508 ⁸³
2022 5478 2278 5547 κάκείνην
2309 5496 2368 5542 ς.

2466 5483 2511 5512 ⁸³
2546 5482 2846 5553 φροντίζων
2878 5504 2939 5549 ς.

3039 5488 3085 5519 ⁸⁸
3113 5481 3186 5541 ὧν
3252 5489 3377 5541 add.
3418 5490 3482 5540 A.

2345 5597 2577 5655 ΝΟΤίἘ.

914 5698 986 5763 (τὶ)
1018 5696 1149 5748 Vide
1189 5694 1429 5746 Sttiilaut.

909 5760 984 5845 (Si;
1021 5767 1218 5819 Earum
1266 5773 1515 5831 excerpta
1567 5762 1812 5829 quaedam
1864 5760 1959 5815 inf.
2012 5760 2252 5829 reperies
2284 5761 2405 5814 cod.

836 5835 961 5890 245.

2520 5695 3076 5821 ὧέἑληῖἷροθεωρίας,
3116 5697 3270 5768 quasi
3328 5697 3671 5767 praefationes
3718 5702 3785 5753 ad
3840 5718 3903 5756 ea
3972 5718 4088 5771 qua
