  <div class='ocr_page' id='page_1' title='image "/cluster/home/n/w/nwhite01/storage/ocr_20150623/103/nnc1.0046979689/238.png"; bbox 0 0 4224 6446; ppageno 0'>
   <div class='ocr_carea' id='block_1_1' title="bbox 150 391 233 458">
    <p class='ocr_par' dir='ltr' id='par_1_1' title="bbox 150 391 233 458">
     <span class='ocr_line' id='line_1_1' title="bbox 150 391 233 458; baseline 0.036 -3"><span class='ocrx_word' id='word_1_1' title='bbox 150 391 233 458; x_wconf 72' lang='grc'><strong>461</strong></span> 
     </span>
    </p>
   </div>
   <div class='ocr_carea' id='block_1_2' title="bbox 1058 393 2422 468">
    <p class='ocr_par' dir='ltr' id='par_1_2' title="bbox 1058 393 2422 468">
     <span class='ocr_line' id='line_1_2' title="bbox 1058 393 2422 468; baseline -0.002 -14"><span class='ocrx_word' id='word_1_2' title='bbox 1058 395 1580 455; x_wconf 73' lang='lat' dir='ltr'><strong>BIBLIOTHECA.</strong></span> <span class='ocrx_word' id='word_1_3' title='bbox 1600 419 1666 429; x_wconf 86' lang='grc'><strong><em>-</em></strong></span> <span class='ocrx_word' id='word_1_4' title='bbox 1703 394 1918 453; x_wconf 84' lang='lat' dir='ltr'><strong>CODD.</strong></span> <span class='ocrx_word' id='word_1_5' title='bbox 1941 393 2186 468; x_wconf 78' lang='lat' dir='ltr'><strong>CLXIV,</strong></span> <span class='ocrx_word' id='word_1_6' title='bbox 2213 394 2422 454; x_wconf 78' lang='lat' dir='ltr'><strong>CLXV.</strong></span> 
     </span>
    </p>
   </div>
   <div class='ocr_carea' id='block_1_3' title="bbox 3268 392 3376 456">
    <p class='ocr_par' dir='ltr' id='par_1_3' title="bbox 3268 392 3376 456">
     <span class='ocr_line' id='line_1_3' title="bbox 3268 392 3376 456; baseline 0.019 -2"><span class='ocrx_word' id='word_1_7' title='bbox 3268 392 3376 456; x_wconf 73' lang='grc'><strong>462</strong></span> 
     </span>
    </p>
   </div>
   <div class='ocr_carea' id='block_1_4' title="bbox 152 498 1820 574">
    <p class='ocr_par' dir='ltr' id='par_1_4' title="bbox 152 503 1820 574">
     <span class='ocr_line' id='line_1_4' title="bbox 152 503 1820 574; baseline -0.004 -14"><span class='ocrx_word' id='word_1_8' title='bbox 152 507 369 574; x_wconf 80' lang='grc' dir='ltr'><strong>Θεωρίας</strong></span> <span class='ocrx_word' id='word_1_9' title='bbox 417 505 708 558; x_wconf 74' lang='grc' dir='ltr'>ἐκτίθεται.</span> <span class='ocrx_word' id='word_1_10' title='bbox 763 506 874 558; x_wconf 77' lang='grc' dir='ltr'><strong>Καὶ</strong></span> <span class='ocrx_word' id='word_1_11' title='bbox 933 505 1042 558; x_wconf 85' lang='grc' dir='ltr'><strong>τῶν</strong></span> <span class='ocrx_word' id='word_1_12' title='bbox 1089 505 1562 574; x_wconf 70' lang='grc' dir='ltr'>ωμὸουλευτικῶν</span> <span class='ocrx_word' id='word_1_13' title='bbox 1619 503 1717 572; x_wconf 84' lang='grc' dir='ltr'><strong>μὲν</strong></span> <span class='ocrx_word' id='word_1_14' title='bbox 1745 511 1820 565; x_wconf 43' lang='lat' dir='ltr'><strong>At</strong></span> 
     </span>
    </p>
   </div>
   <div class='ocr_carea' id='block_1_5' title="bbox 1709 498 3377 574">
    <p class='ocr_par' dir='ltr' id='par_1_5' title="bbox 1709 498 3377 570">
     <span class='ocr_line' id='line_1_5' title="bbox 1709 498 3377 570; baseline 0.004 -21"><span class='ocrx_word' id='word_1_15' title='bbox 1709 520 1717 549; x_wconf 80' lang='grc' dir='ltr'><strong>ι</strong></span> <span class='ocrx_word' id='word_1_16' title='bbox 1745 511 1788 565; x_wconf 76' lang='grc' dir='ltr'><strong>Α</strong></span> <span class='ocrx_word' id='word_1_17' title='bbox 1819 501 2034 568; x_wconf 81' lang='lat' dir='ltr'><strong>quidem</strong></span> <span class='ocrx_word' id='word_1_18' title='bbox 2073 503 2305 570; x_wconf 82' lang='lat' dir='ltr'><strong>primam</strong></span> <span class='ocrx_word' id='word_1_19' title='bbox 2338 499 2593 570; x_wconf 85' lang='lat' dir='ltr'><strong>llyperidi</strong></span> <span class='ocrx_word' id='word_1_20' title='bbox 2629 498 2830 569; x_wconf 78' lang='lat' dir='ltr'><strong>aﬂingit</strong></span> <span class='ocrx_word' id='word_1_21' title='bbox 2853 541 2867 561; x_wconf 88' lang='lat'><strong>.</strong></span> <span class='ocrx_word' id='word_1_22' title='bbox 2896 501 3046 568; x_wconf 86' lang='lat' dir='ltr'><strong>quasi</strong></span> <span class='ocrx_word' id='word_1_23' title='bbox 3084 517 3242 569; x_wconf 82' lang='lat' dir='ltr'><strong>super</strong></span> <span class='ocrx_word' id='word_1_24' title='bbox 3276 504 3377 556; x_wconf 84' lang='lat' dir='ltr'><strong>De-</strong></span> 
     </span>
    </p>
   </div>
   <div class='ocr_carea' id='block_1_6' title="bbox 151 597 1714 668">
    <p class='ocr_par' dir='ltr' id='par_1_6' title="bbox 151 597 1714 668">
     <span class='ocr_line' id='line_1_6' title="bbox 151 597 1714 668; baseline 0 -20"><span class='ocrx_word' id='word_1_25' title='bbox 151 601 234 667; x_wconf 68' lang='grc' dir='ltr'>τὴν</span> <span class='ocrx_word' id='word_1_26' title='bbox 268 597 502 668; x_wconf 81' lang='grc' dir='ltr'>πρώτην</span> <span class='ocrx_word' id='word_1_27' title='bbox 547 599 626 659; x_wconf 89' lang='grc' dir='ltr'><strong>εἰς</strong></span> <span class='ocrx_word' id='word_1_28' title='bbox 671 597 960 667; x_wconf 86' lang='grc' dir='ltr'>Ὑπερίδην</span> <span class='ocrx_word' id='word_1_29' title='bbox 1012 597 1259 650; x_wconf 88' lang='grc' dir='ltr'>διατυποῖ</span> <span class='ocrx_word' id='word_1_30' title='bbox 1281 597 1325 628; x_wconf 85' lang='grc'>⁸³</span> <span class='ocrx_word' id='word_1_31' title='bbox 1373 597 1532 665; x_wconf 76' lang='grc' dir='ltr'>δῆθεν</span> <span class='ocrx_word' id='word_1_32' title='bbox 1576 597 1714 666; x_wconf 81' lang='grc' dir='ltr'>ὑπὲρ</span> 
     </span>
    </p>
   </div>
   <div class='ocr_carea' id='block_1_7' title="bbox 153 687 1714 760">
    <p class='ocr_par' dir='ltr' id='par_1_7' title="bbox 153 687 1714 760">
     <span class='ocr_line' id='line_1_7' title="bbox 153 687 1714 760; baseline -0.001 -19"><span class='ocrx_word' id='word_1_33' title='bbox 153 689 521 758; x_wconf 68' lang='grc' dir='ltr'>Δημοσθένους</span> <span class='ocrx_word' id='word_1_34' title='bbox 551 689 1045 758; x_wconf 80' lang='grc' dir='ltr'>συμὸουλεύουσαν,</span> <span class='ocrx_word' id='word_1_35' title='bbox 1071 687 1170 760; x_wconf 79' lang='grc' dir='ltr'><strong>τὴν</strong></span> <span class='ocrx_word' id='word_1_36' title='bbox 1219 689 1275 740; x_wconf 84' lang='grc' dir='ltr'>δὲ</span> <span class='ocrx_word' id='word_1_37' title='bbox 1334 690 1412 751; x_wconf 89' lang='grc' dir='ltr'><strong>εἰς</strong></span> <span class='ocrx_word' id='word_1_38' title='bbox 1437 688 1714 756; x_wconf 80' lang='grc' dir='ltr'>Δημοσθέ-</span> 
     </span>
    </p>
   </div>
   <div class='ocr_carea' id='block_1_8' title="bbox 154 779 1717 850">
    <p class='ocr_par' dir='ltr' id='par_1_8' title="bbox 154 779 1717 850">
     <span class='ocr_line' id='line_1_8' title="bbox 154 779 1717 850; baseline -0.001 -20"><span class='ocrx_word' id='word_1_39' title='bbox 154 800 235 849; x_wconf 77' lang='grc' dir='ltr'><strong>νην</strong></span> <span class='ocrx_word' id='word_1_40' title='bbox 270 781 441 832; x_wconf 75' lang='grc' dir='ltr'>αὑτὸν</span> <span class='ocrx_word' id='word_1_41' title='bbox 477 779 617 848; x_wconf 84' lang='grc' dir='ltr'>ὑπὲρ</span> <span class='ocrx_word' id='word_1_42' title='bbox 666 781 917 848; x_wconf 72' lang='grc' dir='ltr'><strong>Αἰσχίνου</strong></span> <span class='ocrx_word' id='word_1_43' title='bbox 946 779 1043 848; x_wconf 82' lang='grc' dir='ltr'>τὴν</span> <span class='ocrx_word' id='word_1_44' title='bbox 1102 779 1408 850; x_wconf 78' lang='grc' dir='ltr'>συμϐουλὴν</span> <span class='ocrx_word' id='word_1_45' title='bbox 1454 779 1717 848; x_wconf 80' lang='grc' dir='ltr'>σχηματί-</span> 
     </span>
    </p>
   </div>
   <div class='ocr_carea' id='block_1_9' title="bbox 157 868 1716 938">
    <p class='ocr_par' dir='ltr' id='par_1_9' title="bbox 157 868 1716 938">
     <span class='ocr_line' id='line_1_9' title="bbox 157 868 1716 938; baseline -0.001 -18"><span class='ocrx_word' id='word_1_46' title='bbox 157 872 323 932; x_wconf 75' lang='grc' dir='ltr'>ζοντα.</span> <span class='ocrx_word' id='word_1_47' title='bbox 372 870 438 922; x_wconf 84' lang='grc' dir='ltr'><strong>Οἱ</strong></span> <span class='ocrx_word' id='word_1_48' title='bbox 491 868 548 921; x_wconf 77' lang='grc' dir='ltr'>δὲ</span> <span class='ocrx_word' id='word_1_49' title='bbox 582 871 757 921; x_wconf 81' lang='grc' dir='ltr'>λοιποὶ</span> <span class='ocrx_word' id='word_1_50' title='bbox 806 872 970 938; x_wconf 82' lang='grc' dir='ltr'><strong>τρεῖς,</strong></span> <span class='ocrx_word' id='word_1_51' title='bbox 1005 872 1032 921; x_wconf 90' lang='grc' dir='ltr'><strong>ό</strong></span> <span class='ocrx_word' id='word_1_52' title='bbox 1077 870 1175 938; x_wconf 88' lang='grc' dir='ltr'><strong>μὲν</strong></span> <span class='ocrx_word' id='word_1_53' title='bbox 1221 872 1343 922; x_wconf 83' lang='grc' dir='ltr'>κατ’</span> <span class='ocrx_word' id='word_1_54' title='bbox 1392 868 1716 938; x_wconf 84' lang='grc' dir='ltr'>Ἐπικούρου</span> 
     </span>
    </p>
   </div>
   <div class='ocr_carea' id='block_1_10' title="bbox 156 959 1720 1031">
    <p class='ocr_par' dir='ltr' id='par_1_10' title="bbox 156 959 1720 1031">
     <span class='ocr_line' id='line_1_10' title="bbox 156 959 1720 1031; baseline 0.001 -21"><span class='ocrx_word' id='word_1_55' title='bbox 156 959 538 1014; x_wconf 76' lang='grc' dir='ltr'>διαπλάττεται</span> <span class='ocrx_word' id='word_1_56' title='bbox 595 963 848 1024; x_wconf 74' lang='grc' dir='ltr'>ἀσεῦείας</span> <span class='ocrx_word' id='word_1_57' title='bbox 871 961 1086 1031; x_wconf 86' lang='grc' dir='ltr'>γραφὴν</span> <span class='ocrx_word' id='word_1_58' title='bbox 1133 963 1333 1014; x_wconf 76' lang='grc' dir='ltr'>ὡσανεὶ</span> <span class='ocrx_word' id='word_1_59' title='bbox 1355 961 1668 1028; x_wconf 76' lang='grc' dir='ltr'>φεύγοντος,</span> <span class='ocrx_word' id='word_1_60' title='bbox 1693 962 1720 1011; x_wconf 87' lang='grc' dir='ltr'><strong>ό</strong></span> 
     </span>
    </p>
   </div>
   <div class='ocr_carea' id='block_1_11' title="bbox 155 1052 1721 1124">
    <p class='ocr_par' dir='ltr' id='par_1_11' title="bbox 155 1052 1721 1124">
     <span class='ocr_line' id='line_1_11' title="bbox 155 1052 1721 1124; baseline 0 -23"><span class='ocrx_word' id='word_1_61' title='bbox 155 1052 200 1103; x_wconf 79' lang='grc' dir='ltr'><strong>δὲ</strong></span> <span class='ocrx_word' id='word_1_62' title='bbox 227 1053 372 1104; x_wconf 72' lang='grc' dir='ltr'>κατὰ.</span> <span class='ocrx_word' id='word_1_63' title='bbox 414 1053 694 1116; x_wconf 78' lang='grc' dir='ltr'>πλουσίου,</span> <span class='ocrx_word' id='word_1_64' title='bbox 749 1054 980 1124; x_wconf 76' lang='grc' dir='ltr'><strong>πένητος</strong></span> <span class='ocrx_word' id='word_1_65' title='bbox 1031 1053 1223 1120; x_wconf 71' lang='grc' dir='ltr'>ἀνδρὸς</span> <span class='ocrx_word' id='word_1_66' title='bbox 1252 1054 1428 1106; x_wconf 89' lang='grc' dir='ltr'>οἰκίαν</span> <span class='ocrx_word' id='word_1_67' title='bbox 1453 1055 1580 1120; x_wconf 82' lang='grc' dir='ltr'>ὃλην</span> <span class='ocrx_word' id='word_1_68' title='bbox 1617 1069 1721 1120; x_wconf 87' lang='grc' dir='ltr'>μυ-</span> 
     </span>
    </p>
   </div>
   <div class='ocr_carea' id='block_1_12' title="bbox 159 1142 1724 1213">
    <p class='ocr_par' dir='ltr' id='par_1_12' title="bbox 159 1142 1724 1213">
     <span class='ocr_line' id='line_1_12' title="bbox 159 1142 1724 1213; baseline 0 -22"><span class='ocrx_word' id='word_1_69' title='bbox 159 1145 332 1208; x_wconf 84' lang='grc' dir='ltr'>σαροῖς</span> <span class='ocrx_word' id='word_1_70' title='bbox 366 1142 709 1204; x_wconf 78' lang='grc' dir='ltr'>κενώσαντος</span> <span class='ocrx_word' id='word_1_71' title='bbox 764 1145 1028 1213; x_wconf 85' lang='grc' dir='ltr'>δράμασι,</span> <span class='ocrx_word' id='word_1_72' title='bbox 1079 1144 1173 1195; x_wconf 76' lang='grc' dir='ltr'><strong>καὶ</strong></span> <span class='ocrx_word' id='word_1_73' title='bbox 1199 1143 1361 1195; x_wconf 82' lang='grc' dir='ltr'>αὑτὸν</span> <span class='ocrx_word' id='word_1_74' title='bbox 1392 1143 1600 1208; x_wconf 72' lang='grc' dir='ltr'>εἰσάγει</span> <span class='ocrx_word' id='word_1_75' title='bbox 1635 1142 1724 1194; x_wconf 75' lang='grc' dir='ltr'>τὸν</span> 
     </span>
    </p>
   </div>
   <div class='ocr_carea' id='block_1_13' title="bbox 157 1233 1726 1304">
    <p class='ocr_par' dir='ltr' id='par_1_13' title="bbox 157 1233 1726 1304">
     <span class='ocr_line' id='line_1_13' title="bbox 157 1233 1726 1304; baseline -0.001 -19"><span class='ocrx_word' id='word_1_76' title='bbox 157 1241 358 1302; x_wconf 68' lang='grc' dir='ltr'>πένητα</span> <span class='ocrx_word' id='word_1_77' title='bbox 407 1235 892 1304; x_wconf 74' lang='grc' dir='ltr'><strong>διαγωνιζόμενον·</strong></span> <span class='ocrx_word' id='word_1_78' title='bbox 942 1237 970 1288; x_wconf 88' lang='grc' dir='ltr'><strong>ό</strong></span> <span class='ocrx_word' id='word_1_79' title='bbox 1014 1237 1068 1288; x_wconf 80' lang='grc' dir='ltr'>δὲ</span> <span class='ocrx_word' id='word_1_80' title='bbox 1124 1235 1306 1304; x_wconf 79' lang='grc' dir='ltr'><strong>τρίτος</strong></span> <span class='ocrx_word' id='word_1_81' title='bbox 1359 1233 1726 1303; x_wconf 74' lang='grc' dir='ltr'><strong>Θεμιστοκλέα</strong></span> 
     </span>
    </p>
   </div>
   <div class='ocr_carea' id='block_1_14' title="bbox 159 1327 1730 1396">
    <p class='ocr_par' dir='ltr' id='par_1_14' title="bbox 159 1327 1730 1396">
     <span class='ocr_line' id='line_1_14' title="bbox 159 1327 1730 1396; baseline 0 -19"><span class='ocrx_word' id='word_1_82' title='bbox 159 1329 391 1396; x_wconf 78' lang='grc' dir='ltr'>παράγει</span> <span class='ocrx_word' id='word_1_83' title='bbox 425 1327 635 1395; x_wconf 79' lang='grc' dir='ltr'>βασιλεῖ</span> <span class='ocrx_word' id='word_1_84' title='bbox 668 1327 890 1395; x_wconf 81' lang='grc' dir='ltr'>Περσῶν</span> <span class='ocrx_word' id='word_1_85' title='bbox 930 1328 1299 1395; x_wconf 78' lang='grc' dir='ltr'><strong>ἀντιλέγοντα,</strong></span> <span class='ocrx_word' id='word_1_86' title='bbox 1356 1328 1572 1378; x_wconf 71' lang='grc' dir='ltr'>ἐπειδάν</span> <span class='ocrx_word' id='word_1_87' title='bbox 1600 1328 1730 1377; x_wconf 83' lang='grc' dir='ltr'>ὑπο-</span> 
     </span>
    </p>
   </div>
   <div class='ocr_carea' id='block_1_15' title="bbox 160 1415 1729 1488">
    <p class='ocr_par' dir='ltr' id='par_1_15' title="bbox 160 1415 1729 1488">
     <span class='ocr_line' id='line_1_15' title="bbox 160 1415 1729 1488; baseline -0.001 -20"><span class='ocrx_word' id='word_1_88' title='bbox 160 1421 365 1486; x_wconf 76' lang='grc' dir='ltr'>σχέσεις</span> <span class='ocrx_word' id='word_1_89' title='bbox 397 1420 606 1480; x_wconf 83' lang='grc' dir='ltr'>ὲκεῖνος</span> <span class='ocrx_word' id='word_1_90' title='bbox 638 1418 959 1488; x_wconf 76' lang='grc' dir='ltr'>προύτεινεν</span> <span class='ocrx_word' id='word_1_91' title='bbox 990 1418 1033 1449; x_wconf 93' lang='grc'><strong>⁸⁸</strong></span> <span class='ocrx_word' id='word_1_92' title='bbox 1062 1420 1201 1488; x_wconf 80' lang='grc' dir='ltr'>ὑπὲρ</span> <span class='ocrx_word' id='word_1_93' title='bbox 1242 1418 1342 1486; x_wconf 80' lang='grc' dir='ltr'>τῆς</span> <span class='ocrx_word' id='word_1_94' title='bbox 1365 1415 1458 1470; x_wconf 84' lang='grc' dir='ltr'>τοῦ</span> <span class='ocrx_word' id='word_1_95' title='bbox 1493 1416 1729 1486; x_wconf 78' lang='grc' dir='ltr'>πολέμου</span> 
     </span>
    </p>
   </div>
   <div class='ocr_carea' id='block_1_16' title="bbox 160 1508 528 1570">
    <p class='ocr_par' dir='ltr' id='par_1_16' title="bbox 160 1508 528 1570">
     <span class='ocr_line' id='line_1_16' title="bbox 160 1508 528 1570; baseline 0.005 -12"><span class='ocrx_word' id='word_1_96' title='bbox 160 1508 528 1570; x_wconf 80' lang='grc' dir='ltr'>καταλύσεως.</span> 
     </span>
    </p>
   </div>
   <div class='ocr_carea' id='block_1_17' title="bbox 224 1597 1733 1670">
    <p class='ocr_par' dir='ltr' id='par_1_17' title="bbox 224 1597 1733 1670">
     <span class='ocr_line' id='line_1_17' title="bbox 224 1597 1733 1670; baseline 0 -19"><span class='ocrx_word' id='word_1_97' title='bbox 224 1597 386 1653; x_wconf 69' lang='grc' dir='ltr'>Οὗτοι</span> <span class='ocrx_word' id='word_1_98' title='bbox 424 1600 488 1670; x_wconf 82' lang='grc' dir='ltr'>δὴ</span> <span class='ocrx_word' id='word_1_99' title='bbox 544 1599 693 1669; x_wconf 86' lang='grc' dir='ltr'>αὑτῷ</span> <span class='ocrx_word' id='word_1_100' title='bbox 739 1601 788 1652; x_wconf 89' lang='grc' dir='ltr'><strong>οἰ</strong></span> <span class='ocrx_word' id='word_1_101' title='bbox 819 1599 964 1668; x_wconf 80' lang='grc' dir='ltr'>λόγοι</span> <span class='ocrx_word' id='word_1_102' title='bbox 1005 1601 1104 1670; x_wconf 82' lang='grc' dir='ltr'>τήν</span> <span class='ocrx_word' id='word_1_103' title='bbox 1158 1617 1215 1651; x_wconf 92' lang='grc' dir='ltr'>τε</span> <span class='ocrx_word' id='word_1_104' title='bbox 1242 1603 1296 1652; x_wconf 80' lang='grc' dir='ltr'>ὲν</span> <span class='ocrx_word' id='word_1_105' title='bbox 1326 1598 1502 1666; x_wconf 82' lang='grc' dir='ltr'>λόγοις</span> <span class='ocrx_word' id='word_1_106' title='bbox 1535 1600 1733 1670; x_wconf 80' lang='grc' dir='ltr'>ἀρετὴν</span> 
     </span>
    </p>
   </div>
   <div class='ocr_carea' id='block_1_18' title="bbox 161 1689 1736 1762">
    <p class='ocr_par' dir='ltr' id='par_1_18' title="bbox 161 1689 1736 1762">
     <span class='ocr_line' id='line_1_18' title="bbox 161 1689 1736 1762; baseline 0.001 -20"><span class='ocrx_word' id='word_1_107' title='bbox 161 1693 320 1744; x_wconf 77' lang='grc' dir='ltr'>αὑτοῦ</span> <span class='ocrx_word' id='word_1_108' title='bbox 368 1694 466 1744; x_wconf 79' lang='grc' dir='ltr'><strong>καὶ</strong></span> <span class='ocrx_word' id='word_1_109' title='bbox 500 1693 608 1744; x_wconf 81' lang='grc' dir='ltr'><strong>τῶν</strong></span> <span class='ocrx_word' id='word_1_110' title='bbox 667 1694 955 1761; x_wconf 78' lang='grc' dir='ltr'>νοημάτων</span> <span class='ocrx_word' id='word_1_111' title='bbox 998 1692 1059 1743; x_wconf 81' lang='grc' dir='ltr'><strong>τὸ</strong></span> <span class='ocrx_word' id='word_1_112' title='bbox 1093 1691 1326 1760; x_wconf 76' lang='grc' dir='ltr'>ἀνθηρὸν</span> <span class='ocrx_word' id='word_1_113' title='bbox 1370 1694 1463 1744; x_wconf 77' lang='grc' dir='ltr'><strong>καὶ</strong></span> <span class='ocrx_word' id='word_1_114' title='bbox 1492 1689 1625 1762; x_wconf 81' lang='grc' dir='ltr'>ἦκον</span> <span class='ocrx_word' id='word_1_115' title='bbox 1657 1693 1736 1750; x_wconf 84' lang='grc' dir='ltr'><strong>εἰς</strong></span> 
     </span>
    </p>
   </div>
   <div class='ocr_carea' id='block_1_19' title="bbox 160 1782 1732 1851">
    <p class='ocr_par' dir='ltr' id='par_1_19' title="bbox 160 1782 1732 1851">
     <span class='ocr_line' id='line_1_19' title="bbox 160 1782 1732 1851; baseline -0.001 -17"><span class='ocrx_word' id='word_1_116' title='bbox 160 1783 385 1850; x_wconf 75' lang='grc' dir='ltr'>δύναμιν</span> <span class='ocrx_word' id='word_1_117' title='bbox 438 1782 640 1851; x_wconf 61' lang='grc' dir='ltr'>μᾶλλον</span> <span class='ocrx_word' id='word_1_118' title='bbox 674 1783 781 1834; x_wconf 81' lang='grc' dir='ltr'>τῶν</span> <span class='ocrx_word' id='word_1_119' title='bbox 832 1782 1009 1836; x_wconf 75' lang='grc' dir='ltr'>ἄλλων</span> <span class='ocrx_word' id='word_1_120' title='bbox 1064 1782 1332 1835; x_wconf 81' lang='grc' dir='ltr'>δεικνύειν</span> <span class='ocrx_word' id='word_1_121' title='bbox 1366 1799 1483 1844; x_wconf 88' lang='grc' dir='ltr'><strong>πως</strong></span> <span class='ocrx_word' id='word_1_122' title='bbox 1538 1782 1732 1851; x_wconf 82' lang='grc' dir='ltr'>ὲμελε-</span> 
     </span>
    </p>
   </div>
   <div class='ocr_carea' id='block_1_20' title="bbox 1819 593 3381 662">
    <p class='ocr_par' dir='ltr' id='par_1_20' title="bbox 1819 593 3381 662">
     <span class='ocr_line' id='line_1_20' title="bbox 1819 593 3381 662; baseline 0.001 -18"><span class='ocrx_word' id='word_1_123' title='bbox 1819 594 2099 646; x_wconf 90' lang='lat' dir='ltr'><strong>mosthene</strong></span> <span class='ocrx_word' id='word_1_124' title='bbox 2158 593 2476 646; x_wconf 88' lang='lat' dir='ltr'><strong>deliberatio</strong></span> <span class='ocrx_word' id='word_1_125' title='bbox 2524 593 2616 644; x_wconf 91' lang='lat' dir='ltr'><strong>sit.</strong></span> <span class='ocrx_word' id='word_1_126' title='bbox 2665 593 2903 645; x_wconf 82' lang='lat' dir='ltr'><strong>Alteram</strong></span> <span class='ocrx_word' id='word_1_127' title='bbox 2962 608 3090 645; x_wconf 87' lang='lat' dir='ltr'><strong>vero</strong></span> <span class='ocrx_word' id='word_1_128' title='bbox 3126 595 3224 662; x_wconf 80' lang='lat' dir='ltr'><strong>ipsi</strong></span> <span class='ocrx_word' id='word_1_129' title='bbox 3283 593 3381 645; x_wconf 89' lang='lat' dir='ltr'><strong>De-</strong></span> 
     </span>
    </p>
   </div>
   <div class='ocr_carea' id='block_1_21' title="bbox 1825 684 3382 752">
    <p class='ocr_par' dir='ltr' id='par_1_21' title="bbox 1825 684 3382 752">
     <span class='ocr_line' id='line_1_21' title="bbox 1825 684 3382 752; baseline 0.001 -16"><span class='ocrx_word' id='word_1_130' title='bbox 1825 685 2134 746; x_wconf 76' lang='lat' dir='ltr'><strong>mostheni,</strong></span> <span class='ocrx_word' id='word_1_131' title='bbox 2194 684 2640 738; x_wconf 72' lang='lat' dir='ltr'><strong>consultationem</strong></span> <span class='ocrx_word' id='word_1_132' title='bbox 2693 700 2852 752; x_wconf 89' lang='lat' dir='ltr'><strong>super</strong></span> <span class='ocrx_word' id='word_1_133' title='bbox 2910 684 3167 739; x_wconf 64' lang='lat' dir='ltr'><strong>E~cliine</strong></span> <span class='ocrx_word' id='word_1_134' title='bbox 3221 685 3382 740; x_wconf 75' lang='lat' dir='ltr'><strong>effor-</strong></span> 
     </span>
    </p>
   </div>
   <div class='ocr_carea' id='block_1_22' title="bbox 1823 776 3383 844">
    <p class='ocr_par' dir='ltr' id='par_1_22' title="bbox 1823 776 3383 844">
     <span class='ocr_line' id='line_1_22' title="bbox 1823 776 3383 844; baseline -0.001 -14"><span class='ocrx_word' id='word_1_135' title='bbox 1823 778 2010 830; x_wconf 87' lang='lat' dir='ltr'><strong>manti.</strong></span> <span class='ocrx_word' id='word_1_136' title='bbox 2035 776 2219 830; x_wconf 85' lang='lat' dir='ltr'><strong>Trium</strong></span> <span class='ocrx_word' id='word_1_137' title='bbox 2256 776 2582 843; x_wconf 87' lang='lat' dir='ltr'><strong>reliquarum</strong></span> <span class='ocrx_word' id='word_1_138' title='bbox 2629 777 2802 843; x_wconf 86' lang='lat' dir='ltr'><strong>prima</strong></span> <span class='ocrx_word' id='word_1_139' title='bbox 2838 791 3022 829; x_wconf 83' lang='lat' dir='ltr'><strong>contra</strong></span> <span class='ocrx_word' id='word_1_140' title='bbox 3073 777 3383 844; x_wconf 83' lang='lat' dir='ltr'><strong>Epicurum,</strong></span> 
     </span>
    </p>
   </div>
   <div class='ocr_carea' id='block_1_23' title="bbox 1827 869 3386 934">
    <p class='ocr_par' dir='ltr' id='par_1_23' title="bbox 1827 869 3386 934">
     <span class='ocr_line' id='line_1_23' title="bbox 1827 869 3386 934; baseline 0 -15"><span class='ocrx_word' id='word_1_141' title='bbox 1827 869 1972 922; x_wconf 75' lang='lat' dir='ltr'><strong>velut</strong></span> <span class='ocrx_word' id='word_1_142' title='bbox 2005 869 2294 934; x_wconf 74' lang='lat' dir='ltr'><strong>impietatis</strong></span> <span class='ocrx_word' id='word_1_143' title='bbox 2329 881 2478 920; x_wconf 81' lang='lat' dir='ltr'><strong>reum</strong></span> <span class='ocrx_word' id='word_1_144' title='bbox 2527 869 2846 923; x_wconf 74' lang='lat' dir='ltr'><strong>instituitur.</strong></span> <span class='ocrx_word' id='word_1_145' title='bbox 2889 869 3073 921; x_wconf 84' lang='lat' dir='ltr'><strong>Altera</strong></span> <span class='ocrx_word' id='word_1_146' title='bbox 3129 870 3386 922; x_wconf 75' lang='lat' dir='ltr'><strong>adversus</strong></span> 
     </span>
    </p>
   </div>
   <div class='ocr_carea' id='block_1_24' title="bbox 1825 960 3392 1029">
    <p class='ocr_par' dir='ltr' id='par_1_24' title="bbox 1825 960 3392 1029">
     <span class='ocr_line' id='line_1_24' title="bbox 1825 960 3392 1029; baseline 0.001 -17"><span class='ocrx_word' id='word_1_147' title='bbox 1825 960 2069 1021; x_wconf 75' lang='lat' dir='ltr'><strong>divitem,</strong></span> <span class='ocrx_word' id='word_1_148' title='bbox 2131 961 2222 1028; x_wconf 87' lang='lat' dir='ltr'><strong>qui</strong></span> <span class='ocrx_word' id='word_1_149' title='bbox 2275 960 2526 1028; x_wconf 85' lang='lat' dir='ltr'><strong>pauperis</strong></span> <span class='ocrx_word' id='word_1_150' title='bbox 2584 961 2845 1029; x_wconf 71' lang='lat' dir='ltr'><strong>integrann</strong></span> <span class='ocrx_word' id='word_1_151' title='bbox 2888 961 3105 1013; x_wconf 91' lang='lat' dir='ltr'><strong>domum</strong></span> <span class='ocrx_word' id='word_1_152' title='bbox 3146 961 3392 1014; x_wconf 74' lang='lat' dir='ltr'><strong>scelestis</strong></span> 
     </span>
    </p>
   </div>
   <div class='ocr_carea' id='block_1_25' title="bbox 1827 1051 3389 1119">
    <p class='ocr_par' dir='ltr' id='par_1_25' title="bbox 1827 1051 3389 1119">
     <span class='ocr_line' id='line_1_25' title="bbox 1827 1051 3389 1119; baseline -0.001 -15"><span class='ocrx_word' id='word_1_153' title='bbox 1827 1053 1942 1104; x_wconf 86' lang='lat' dir='ltr'><strong>suis</strong></span> <span class='ocrx_word' id='word_1_154' title='bbox 1974 1051 2302 1105; x_wconf 83' lang='lat' dir='ltr'><strong>facinoribus</strong></span> <span class='ocrx_word' id='word_1_155' title='bbox 2325 1052 2671 1114; x_wconf 78' lang='lat' dir='ltr'><strong>exhauserat,</strong></span> <span class='ocrx_word' id='word_1_156' title='bbox 2702 1053 2982 1119; x_wconf 85' lang='lat' dir='ltr'><strong>ipsumque</strong></span> <span class='ocrx_word' id='word_1_157' title='bbox 3025 1053 3160 1105; x_wconf 87' lang='lat' dir='ltr'><strong>adeo</strong></span> <span class='ocrx_word' id='word_1_158' title='bbox 3193 1067 3389 1118; x_wconf 85' lang='lat' dir='ltr'><strong>paupe-</strong></span> 
     </span>
    </p>
   </div>
   <div class='ocr_carea' id='block_1_26' title="bbox 1835 1144 3392 1211">
    <p class='ocr_par' dir='ltr' id='par_1_26' title="bbox 1835 1144 3392 1211">
     <span class='ocr_line' id='line_1_26' title="bbox 1835 1144 3392 1211; baseline -0.001 -17"><span class='ocrx_word' id='word_1_159' title='bbox 1835 1159 1945 1196; x_wconf 89' lang='lat' dir='ltr'><strong>rem</strong></span> <span class='ocrx_word' id='word_1_160' title='bbox 1983 1144 2188 1196; x_wconf 90' lang='lat' dir='ltr'><strong>inducit</strong></span> <span class='ocrx_word' id='word_1_161' title='bbox 2219 1158 2436 1196; x_wconf 78' lang='lat' dir='ltr'><strong>causam</strong></span> <span class='ocrx_word' id='word_1_162' title='bbox 2466 1145 2601 1196; x_wconf 90' lang='lat' dir='ltr'><strong>hanc</strong></span> <span class='ocrx_word' id='word_1_163' title='bbox 2639 1155 3001 1211; x_wconf 83' lang='lat' dir='ltr'><strong>permantem.</strong></span> <span class='ocrx_word' id='word_1_164' title='bbox 3037 1144 3217 1196; x_wconf 85' lang='lat' dir='ltr'><strong>Tertia</strong></span> <span class='ocrx_word' id='word_1_165' title='bbox 3253 1145 3392 1195; x_wconf 73' lang='grc' dir='ltr'>Τιιιι-</span> 
     </span>
    </p>
   </div>
   <div class='ocr_carea' id='block_1_27' title="bbox 1833 1235 3393 1304">
    <p class='ocr_par' dir='ltr' id='par_1_27' title="bbox 1833 1235 3393 1304">
     <span class='ocr_line' id='line_1_27' title="bbox 1833 1235 3393 1304; baseline 0 -18"><span class='ocrx_word' id='word_1_166' title='bbox 1833 1236 2128 1288; x_wconf 88' lang='lat' dir='ltr'><strong>mistoclem</strong></span> <span class='ocrx_word' id='word_1_167' title='bbox 2159 1236 2284 1290; x_wconf 90' lang='lat' dir='ltr'><strong>facit</strong></span> <span class='ocrx_word' id='word_1_168' title='bbox 2299 1237 2554 1289; x_wconf 82' lang='lat' dir='ltr'><strong>adversus</strong></span> <span class='ocrx_word' id='word_1_169' title='bbox 2573 1235 2854 1290; x_wconf 76' lang='lat' dir='ltr'><strong>Persarum</strong></span> <span class='ocrx_word' id='word_1_170' title='bbox 2877 1251 3056 1304; x_wconf 80' lang='lat' dir='ltr'><strong>regem</strong></span> <span class='ocrx_word' id='word_1_171' title='bbox 3074 1237 3393 1290; x_wconf 86' lang='lat' dir='ltr'><strong>sententiam</strong></span> 
     </span>
    </p>
   </div>
   <div class='ocr_carea' id='block_1_28' title="bbox 1832 1326 3398 1395">
    <p class='ocr_par' dir='ltr' id='par_1_28' title="bbox 1832 1326 3398 1395">
     <span class='ocr_line' id='line_1_28' title="bbox 1832 1326 3398 1395; baseline -0.001 -17"><span class='ocrx_word' id='word_1_172' title='bbox 1832 1328 2120 1390; x_wconf 77' lang='lat' dir='ltr'><strong>dicentem,</strong></span> <span class='ocrx_word' id='word_1_173' title='bbox 2151 1329 2368 1395; x_wconf 81' lang='lat' dir='ltr'><strong>quando</strong></span> <span class='ocrx_word' id='word_1_174' title='bbox 2398 1328 2483 1380; x_wconf 91' lang='lat' dir='ltr'><strong>hic</strong></span> <span class='ocrx_word' id='word_1_175' title='bbox 2526 1329 2590 1380; x_wconf 91' lang='lat' dir='ltr'><strong>ad</strong></span> <span class='ocrx_word' id='word_1_176' title='bbox 2623 1326 2984 1380; x_wconf 81' lang='lat' dir='ltr'><strong>amoliendum</strong></span> <span class='ocrx_word' id='word_1_177' title='bbox 3032 1327 3228 1380; x_wconf 89' lang='lat' dir='ltr'><strong>bellum</strong></span> <span class='ocrx_word' id='word_1_178' title='bbox 3273 1341 3398 1394; x_wconf 89' lang='lat' dir='ltr'><strong>pro-</strong></span> 
     </span>
    </p>
   </div>
   <div class='ocr_carea' id='block_1_29' title="bbox 1836 1418 2491 1483">
    <p class='ocr_par' dir='ltr' id='par_1_29' title="bbox 1836 1418 2491 1483">
     <span class='ocr_line' id='line_1_29' title="bbox 1836 1418 2491 1483; baseline -0.002 -14"><span class='ocrx_word' id='word_1_179' title='bbox 1836 1419 1996 1472; x_wconf 86' lang='lat' dir='ltr'><strong>missa</strong></span> <span class='ocrx_word' id='word_1_180' title='bbox 2032 1419 2179 1483; x_wconf 84' lang='lat' dir='ltr'><strong>pacis</strong></span> <span class='ocrx_word' id='word_1_181' title='bbox 2213 1418 2491 1472; x_wconf 77' lang='lat' dir='ltr'><strong>alferebat.</strong></span> 
     </span>
    </p>
   </div>
   <div class='ocr_carea' id='block_1_30' title="bbox 1915 1599 3403 1665">
    <p class='ocr_par' dir='ltr' id='par_1_30' title="bbox 1915 1599 3403 1665">
     <span class='ocr_line' id='line_1_30' title="bbox 1915 1599 3403 1665; baseline -0.001 -13"><span class='ocrx_word' id='word_1_182' title='bbox 1915 1600 2007 1652; x_wconf 71' lang='lat' dir='ltr'><strong>lla:</strong></span> <span class='ocrx_word' id='word_1_183' title='bbox 2071 1607 2247 1653; x_wconf 87' lang='lat' dir='ltr'><strong>autem</strong></span> <span class='ocrx_word' id='word_1_184' title='bbox 2292 1599 2360 1651; x_wconf 85' lang='lat' dir='ltr'><strong>ab</strong></span> <span class='ocrx_word' id='word_1_185' title='bbox 2389 1613 2454 1652; x_wconf 88' lang='lat' dir='ltr'><strong>eo</strong></span> <span class='ocrx_word' id='word_1_186' title='bbox 2497 1607 2623 1651; x_wconf 87' lang='lat' dir='ltr'><strong>sunt</strong></span> <span class='ocrx_word' id='word_1_187' title='bbox 2670 1599 2944 1652; x_wconf 84' lang='lat' dir='ltr'><strong>orationes</strong></span> <span class='ocrx_word' id='word_1_188' title='bbox 2973 1599 3311 1665; x_wconf 62' lang='lat' dir='ltr'><strong>conscriptae.</strong></span> <span class='ocrx_word' id='word_1_189' title='bbox 3346 1611 3403 1651; x_wconf 97' lang='grc' dir='ltr'><strong>ιιι</strong></span> 
     </span>
    </p>
   </div>
   <div class='ocr_carea' id='block_1_31' title="bbox 1839 1691 3401 1760">
    <p class='ocr_par' dir='ltr' id='par_1_31' title="bbox 1839 1691 3401 1760">
     <span class='ocr_line' id='line_1_31' title="bbox 1839 1691 3401 1760; baseline -0.001 -15"><span class='ocrx_word' id='word_1_190' title='bbox 1839 1693 1892 1745; x_wconf 82' lang='grc' dir='ltr'>ἱιι</span> <span class='ocrx_word' id='word_1_191' title='bbox 1927 1694 1991 1746; x_wconf 90' lang='lat' dir='ltr'><strong>iis</strong></span> <span class='ocrx_word' id='word_1_192' title='bbox 2035 1692 2454 1759; x_wconf 81' lang='lat' dir='ltr'><strong>quodammodo,</strong></span> <span class='ocrx_word' id='word_1_193' title='bbox 2488 1692 2608 1758; x_wconf 91' lang='lat' dir='ltr'><strong>plus</strong></span> <span class='ocrx_word' id='word_1_194' title='bbox 2635 1706 2796 1760; x_wconf 81' lang='lat' dir='ltr'><strong>quam</strong></span> <span class='ocrx_word' id='word_1_195' title='bbox 2844 1691 2894 1742; x_wconf 93' lang='lat' dir='ltr'><strong>in</strong></span> <span class='ocrx_word' id='word_1_196' title='bbox 2928 1692 3158 1748; x_wconf 70' lang='lat' dir='ltr'><strong>caeteris.</strong></span> <span class='ocrx_word' id='word_1_197' title='bbox 3189 1692 3401 1744; x_wconf 86' lang='lat' dir='ltr'><strong>dicendi</strong></span> 
     </span>
    </p>
   </div>
   <div class='ocr_carea' id='block_1_32' title="bbox 1838 1783 3405 1850">
    <p class='ocr_par' dir='ltr' id='par_1_32' title="bbox 1838 1783 3405 1850">
     <span class='ocr_line' id='line_1_32' title="bbox 1838 1783 3405 1850; baseline 0.001 -15"><span class='ocrx_word' id='word_1_198' title='bbox 1838 1787 1944 1836; x_wconf 85' lang='lat' dir='ltr'><strong>vim</strong></span> <span class='ocrx_word' id='word_1_199' title='bbox 1971 1800 2146 1845; x_wconf 85' lang='lat' dir='ltr'><strong>suam,</strong></span> <span class='ocrx_word' id='word_1_200' title='bbox 2175 1785 2674 1849; x_wconf 79' lang='lat' dir='ltr'><strong>sententiarumque</strong></span> <span class='ocrx_word' id='word_1_201' title='bbox 2716 1783 2899 1835; x_wconf 86' lang='lat' dir='ltr'><strong>tlorem</strong></span> <span class='ocrx_word' id='word_1_202' title='bbox 2940 1798 3037 1850; x_wconf 93' lang='lat' dir='ltr'><strong>pro</strong></span> <span class='ocrx_word' id='word_1_203' title='bbox 3074 1783 3279 1836; x_wconf 79' lang='lat' dir='ltr'><strong>viribus</strong></span> <span class='ocrx_word' id='word_1_204' title='bbox 3312 1801 3405 1836; x_wconf 79' lang='lat' dir='ltr'><strong>cx-</strong></span> 
     </span>
    </p>
   </div>
   <div class='ocr_carea' id='block_1_33' title="bbox 159 1855 1827 1943">
    <p class='ocr_par' dir='ltr' id='par_1_33' title="bbox 159 1855 1807 1943">
     <span class='ocr_line' id='line_1_33' title="bbox 159 1855 1807 1943; baseline 0.001 -21"><span class='ocrx_word' id='word_1_205' title='bbox 159 1875 439 1943; x_wconf 81' lang='grc' dir='ltr'>τήοησαν·</span> <span class='ocrx_word' id='word_1_206' title='bbox 493 1875 803 1943; x_wconf 69' lang='grc' dir='ltr'>περιϐολαῖς</span> <span class='ocrx_word' id='word_1_207' title='bbox 831 1891 889 1925; x_wconf 91' lang='grc' dir='ltr'><strong>τε</strong></span> <span class='ocrx_word' id='word_1_208' title='bbox 922 1875 1030 1943; x_wconf 85' lang='grc' dir='ltr'>γὰρ</span> <span class='ocrx_word' id='word_1_209' title='bbox 1075 1875 1214 1927; x_wconf 80' lang='grc' dir='ltr'>κατὰ</span> <span class='ocrx_word' id='word_1_210' title='bbox 1253 1875 1415 1942; x_wconf 79' lang='grc' dir='ltr'>ζῆλον</span> <span class='ocrx_word' id='word_1_211' title='bbox 1460 1874 1734 1943; x_wconf 84' lang='grc' dir='ltr'>Δημοσθέ-</span> <span class='ocrx_word' id='word_1_212' title='bbox 1762 1855 1807 1911; x_wconf 75' lang='grc' dir='ltr'><strong>Β</strong></span> 
     </span>
    </p>
   </div>
   <div class='ocr_carea' id='block_1_34' title="bbox 1736 1855 3404 1943">
    <p class='ocr_par' dir='ltr' id='par_1_34' title="bbox 1762 1855 3404 1930">
     <span class='ocr_line' id='line_1_34' title="bbox 1762 1855 3404 1930; baseline -0.002 0"><span class='ocrx_word' id='word_1_213' title='bbox 1762 1855 1807 1911; x_wconf 73' lang='grc' dir='ltr'><strong>Β</strong></span> <span class='ocrx_word' id='word_1_214' title='bbox 1838 1877 2064 1930; x_wconf 87' lang='lat' dir='ltr'><strong>hiberet.</strong></span> <span class='ocrx_word' id='word_1_215' title='bbox 2096 1876 2173 1928; x_wconf 87' lang='lat' dir='ltr'><strong>Ad</strong></span> <span class='ocrx_word' id='word_1_216' title='bbox 2213 1876 2565 1927; x_wconf 85' lang='lat' dir='ltr'><strong>imitationem</strong></span> <span class='ocrx_word' id='word_1_217' title='bbox 2598 1875 2738 1926; x_wconf 89' lang='lat' dir='ltr'><strong>enim</strong></span> <span class='ocrx_word' id='word_1_218' title='bbox 2776 1875 3152 1928; x_wconf 85' lang='lat' dir='ltr'><strong>Demosthenis</strong></span> <span class='ocrx_word' id='word_1_219' title='bbox 3170 1876 3404 1929; x_wconf 53' lang='lat' dir='ltr'><strong>circum-</strong></span> 
     </span>
    </p>
   </div>
   <div class='ocr_carea' id='block_1_35' title="bbox 161 1966 1734 2038">
    <p class='ocr_par' dir='ltr' id='par_1_35' title="bbox 161 1966 1734 2038">
     <span class='ocr_line' id='line_1_35' title="bbox 161 1966 1734 2038; baseline 0 -21"><span class='ocrx_word' id='word_1_220' title='bbox 161 1983 279 2028; x_wconf 79' lang='grc' dir='ltr'>νους</span> <span class='ocrx_word' id='word_1_221' title='bbox 313 1966 631 2029; x_wconf 73' lang='grc' dir='ltr'>πλεονάζει,</span> <span class='ocrx_word' id='word_1_222' title='bbox 667 1969 758 2018; x_wconf 74' lang='grc' dir='ltr'><strong>καὶ</strong></span> <span class='ocrx_word' id='word_1_223' title='bbox 792 1967 869 2035; x_wconf 80' lang='grc' dir='ltr'><strong>τῷ</strong></span> <span class='ocrx_word' id='word_1_224' title='bbox 923 1968 1416 2038; x_wconf 80' lang='grc' dir='ltr'>πολυσχηματίστῳ</span> <span class='ocrx_word' id='word_1_225' title='bbox 1463 1967 1734 2020; x_wconf 74' lang='grc' dir='ltr'>ποικίλλε-</span> 
     </span>
    </p>
   </div>
   <div class='ocr_carea' id='block_1_36' title="bbox 161 2058 1733 2128">
    <p class='ocr_par' dir='ltr' id='par_1_36' title="bbox 161 2058 1733 2128">
     <span class='ocr_line' id='line_1_36' title="bbox 161 2058 1733 2128; baseline 0.001 -19"><span class='ocrx_word' id='word_1_226' title='bbox 161 2076 264 2121; x_wconf 74' lang='grc' dir='ltr'>ται,</span> <span class='ocrx_word' id='word_1_227' title='bbox 309 2059 409 2110; x_wconf 72' lang='grc' dir='ltr'><strong>καὶ</strong></span> <span class='ocrx_word' id='word_1_228' title='bbox 438 2059 556 2118; x_wconf 86' lang='grc' dir='ltr'>ταῖς</span> <span class='ocrx_word' id='word_1_229' title='bbox 603 2059 772 2120; x_wconf 86' lang='grc' dir='ltr'>ἰδέαις</span> <span class='ocrx_word' id='word_1_230' title='bbox 803 2058 982 2122; x_wconf 83' lang='grc' dir='ltr'>καλῶς</span> <span class='ocrx_word' id='word_1_231' title='bbox 1012 2059 1139 2122; x_wconf 81' lang='grc' dir='ltr'>τοὺς</span> <span class='ocrx_word' id='word_1_232' title='bbox 1187 2059 1378 2126; x_wconf 77' lang='grc' dir='ltr'>λόγους</span> <span class='ocrx_word' id='word_1_233' title='bbox 1419 2061 1733 2128; x_wconf 86' lang='grc' dir='ltr'>κεράννυσι,</span> 
     </span>
    </p>
   </div>
   <div class='ocr_carea' id='block_1_37' title="bbox 161 2151 1736 2222">
    <p class='ocr_par' dir='ltr' id='par_1_37' title="bbox 161 2151 1736 2222">
     <span class='ocr_line' id='line_1_37' title="bbox 161 2151 1736 2222; baseline -0.006 -11"><span class='ocrx_word' id='word_1_234' title='bbox 161 2153 234 2222; x_wconf 79' lang='grc' dir='ltr'><strong>τῷ</strong></span> <span class='ocrx_word' id='word_1_235' title='bbox 269 2152 499 2222; x_wconf 80' lang='grc' dir='ltr'>μεγάλῳ</span> <span class='ocrx_word' id='word_1_236' title='bbox 533 2151 575 2182; x_wconf 84' lang='grc'>⁸⁷</span> <span class='ocrx_word' id='word_1_237' title='bbox 607 2152 804 2220; x_wconf 78' lang='grc' dir='ltr'>μᾶλλον</span> <span class='ocrx_word' id='word_1_238' title='bbox 834 2151 1160 2220; x_wconf 73' lang='grc' dir='ltr'>ὑψούμενος’</span> <span class='ocrx_word' id='word_1_239' title='bbox 1217 2154 1310 2204; x_wconf 73' lang='grc' dir='ltr'><strong>καὶ</strong></span> <span class='ocrx_word' id='word_1_240' title='bbox 1334 2152 1476 2214; x_wconf 80' lang='grc' dir='ltr'>λέξει</span> <span class='ocrx_word' id='word_1_241' title='bbox 1511 2153 1566 2204; x_wconf 83' lang='grc' dir='ltr'>δὲ</span> <span class='ocrx_word' id='word_1_242' title='bbox 1597 2152 1736 2220; x_wconf 74' lang='grc' dir='ltr'><strong>χρῆ-</strong></span> 
     </span>
    </p>
   </div>
   <div class='ocr_carea' id='block_1_38' title="bbox 163 2242 1738 2314">
    <p class='ocr_par' dir='ltr' id='par_1_38' title="bbox 163 2242 1738 2314">
     <span class='ocr_line' id='line_1_38' title="bbox 163 2242 1738 2314; baseline -0.001 -19"><span class='ocrx_word' id='word_1_243' title='bbox 163 2262 271 2306; x_wconf 83' lang='grc' dir='ltr'>ται,</span> <span class='ocrx_word' id='word_1_244' title='bbox 305 2245 436 2295; x_wconf 80' lang='grc' dir='ltr'>ὅσον</span> <span class='ocrx_word' id='word_1_245' title='bbox 471 2242 570 2311; x_wconf 77' lang='grc' dir='ltr'>μὲν</span> <span class='ocrx_word' id='word_1_246' title='bbox 598 2245 678 2305; x_wconf 88' lang='grc' dir='ltr'><strong>εἰς</strong></span> <span class='ocrx_word' id='word_1_247' title='bbox 701 2243 870 2295; x_wconf 81' lang='grc' dir='ltr'>τύπον</span> <span class='ocrx_word' id='word_1_248' title='bbox 901 2242 1030 2314; x_wconf 75' lang='grc'><strong>[185</strong></span> <span class='ocrx_word' id='word_1_249' title='bbox 1061 2242 1154 2314; x_wconf 75' lang='grc'><strong>11.]</strong></span> <span class='ocrx_word' id='word_1_250' title='bbox 1175 2245 1268 2296; x_wconf 77' lang='grc' dir='ltr'>καὶ</span> <span class='ocrx_word' id='word_1_251' title='bbox 1293 2245 1356 2313; x_wconf 80' lang='grc' dir='ltr'><strong>τῇ</strong></span> <span class='ocrx_word' id='word_1_252' title='bbox 1394 2243 1516 2295; x_wconf 71' lang='grc' dir='ltr'>καθ’</span> <span class='ocrx_word' id='word_1_253' title='bbox 1541 2243 1738 2312; x_wconf 79' lang='grc' dir='ltr'>ἑαυτὴν</span> 
     </span>
    </p>
   </div>
   <div class='ocr_carea' id='block_1_39' title="bbox 168 2334 1741 2404">
    <p class='ocr_par' dir='ltr' id='par_1_39' title="bbox 168 2334 1741 2404">
     <span class='ocr_line' id='line_1_39' title="bbox 168 2334 1741 2404; baseline -0.001 -17"><span class='ocrx_word' id='word_1_254' title='bbox 168 2335 416 2404; x_wconf 79' lang='grc' dir='ltr'>σημασίᾳ.</span> <span class='ocrx_word' id='word_1_255' title='bbox 445 2336 542 2387; x_wconf 72' lang='grc' dir='ltr'>καὶ</span> <span class='ocrx_word' id='word_1_256' title='bbox 570 2335 825 2404; x_wconf 79' lang='grc' dir='ltr'>ἐμφάσει,</span> <span class='ocrx_word' id='word_1_257' title='bbox 855 2335 1004 2389; x_wconf 73' lang='grc' dir='ltr'>οὐδὲν</span> <span class='ocrx_word' id='word_1_258' title='bbox 1029 2335 1073 2366; x_wconf 83' lang='grc'><strong>⁸⁸</strong></span> <span class='ocrx_word' id='word_1_259' title='bbox 1100 2334 1194 2387; x_wconf 82' lang='grc' dir='ltr'><strong>τοῦ</strong></span> <span class='ocrx_word' id='word_1_260' title='bbox 1229 2334 1432 2403; x_wconf 82' lang='grc' dir='ltr'><strong>σαφοῦς</strong></span> <span class='ocrx_word' id='word_1_261' title='bbox 1490 2334 1741 2404; x_wconf 85' lang='grc' dir='ltr'>λειπομέ-</span> 
     </span>
    </p>
   </div>
   <div class='ocr_carea' id='block_1_40' title="bbox 165 2425 1741 2499">
    <p class='ocr_par' dir='ltr' id='par_1_40' title="bbox 165 2425 1741 2499">
     <span class='ocr_line' id='line_1_40' title="bbox 165 2425 1741 2499; baseline -0.002 -20"><span class='ocrx_word' id='word_1_262' title='bbox 165 2443 258 2499; x_wconf 73' lang='grc' dir='ltr'><strong>νηο</strong></span> <span class='ocrx_word' id='word_1_263' title='bbox 293 2427 354 2479; x_wconf 73' lang='grc' dir='ltr'>τὸ</span> <span class='ocrx_word' id='word_1_264' title='bbox 385 2427 443 2478; x_wconf 81' lang='grc' dir='ltr'>δὲ</span> <span class='ocrx_word' id='word_1_265' title='bbox 471 2425 652 2490; x_wconf 77' lang='grc' dir='ltr'>λύσεις</span> <span class='ocrx_word' id='word_1_266' title='bbox 683 2426 851 2489; x_wconf 78' lang='grc' dir='ltr'>αὐτάς</span> <span class='ocrx_word' id='word_1_267' title='bbox 882 2427 1161 2494; x_wconf 72' lang='grc' dir='ltr'>ὀνομάτων</span> <span class='ocrx_word' id='word_1_268' title='bbox 1188 2426 1262 2488; x_wconf 85' lang='grc' dir='ltr'>ὼς</span> <span class='ocrx_word' id='word_1_269' title='bbox 1293 2426 1384 2478; x_wconf 73' lang='grc' dir='ltr'>ἐπὶ</span> <span class='ocrx_word' id='word_1_270' title='bbox 1409 2425 1469 2478; x_wconf 81' lang='grc' dir='ltr'>τὸ</span> <span class='ocrx_word' id='word_1_271' title='bbox 1494 2425 1741 2477; x_wconf 77' lang='grc' dir='ltr'>πλεῖστον</span> 
     </span>
    </p>
   </div>
   <div class='ocr_carea' id='block_1_41' title="bbox 168 2515 1742 2587">
    <p class='ocr_par' dir='ltr' id='par_1_41' title="bbox 168 2515 1742 2587">
     <span class='ocr_line' id='line_1_41' title="bbox 168 2515 1742 2587; baseline 0 -18"><span class='ocrx_word' id='word_1_272' title='bbox 168 2515 305 2569; x_wconf 79' lang='grc' dir='ltr'>εἶναι</span> <span class='ocrx_word' id='word_1_273' title='bbox 335 2518 536 2581; x_wconf 77' lang='grc' dir='ltr'>ξενίζει</span> <span class='ocrx_word' id='word_1_274' title='bbox 563 2519 660 2586; x_wconf 84' lang='grc' dir='ltr'>μὲν</span> <span class='ocrx_word' id='word_1_275' title='bbox 701 2517 836 2576; x_wconf 82' lang='grc' dir='ltr'>μετὰ</span> <span class='ocrx_word' id='word_1_276' title='bbox 883 2518 976 2570; x_wconf 75' lang='grc' dir='ltr'>τοῦ</span> <span class='ocrx_word' id='word_1_277' title='bbox 1004 2518 1155 2587; x_wconf 82' lang='grc' dir='ltr'>ἡδέος</span> <span class='ocrx_word' id='word_1_278' title='bbox 1182 2518 1279 2586; x_wconf 80' lang='grc' dir='ltr'>τὴν</span> <span class='ocrx_word' id='word_1_279' title='bbox 1303 2518 1492 2587; x_wconf 84' lang='grc' dir='ltr'>ἀκοὴν,</span> <span class='ocrx_word' id='word_1_280' title='bbox 1517 2519 1578 2569; x_wconf 77' lang='grc' dir='ltr'><strong>οὐ</strong></span> <span class='ocrx_word' id='word_1_281' title='bbox 1615 2519 1742 2586; x_wconf 82' lang='grc' dir='ltr'>μέν·</span> 
     </span>
    </p>
   </div>
   <div class='ocr_carea' id='block_1_42' title="bbox 169 2605 1737 2677">
    <p class='ocr_par' dir='ltr' id='par_1_42' title="bbox 169 2605 1737 2677">
     <span class='ocr_line' id='line_1_42' title="bbox 169 2605 1737 2677; baseline -0.003 -20"><span class='ocrx_word' id='word_1_282' title='bbox 169 2625 247 2657; x_wconf 90' lang='grc' dir='ltr'><strong>τοι</strong></span> <span class='ocrx_word' id='word_1_283' title='bbox 299 2609 413 2666; x_wconf 92' lang='grc' dir='ltr'>τοῖς</span> <span class='ocrx_word' id='word_1_284' title='bbox 451 2605 665 2668; x_wconf 80' lang='grc' dir='ltr'>πολλοῖς</span> <span class='ocrx_word' id='word_1_285' title='bbox 698 2607 783 2656; x_wconf 78' lang='grc' dir='ltr'><strong>ἐπ’</strong></span> <span class='ocrx_word' id='word_1_286' title='bbox 819 2607 937 2675; x_wconf 82' lang='grc' dir='ltr'>ἷσης</span> <span class='ocrx_word' id='word_1_287' title='bbox 971 2607 1269 2676; x_wconf 81' lang='grc' dir='ltr'>παρέχεται</span> <span class='ocrx_word' id='word_1_288' title='bbox 1292 2607 1389 2677; x_wconf 81' lang='grc' dir='ltr'><strong>τὴν</strong></span> <span class='ocrx_word' id='word_1_289' title='bbox 1417 2608 1737 2676; x_wconf 68' lang='grc' dir='ltr'>κατάληψιν,</span> 
     </span>
    </p>
   </div>
   <div class='ocr_carea' id='block_1_43' title="bbox 169 2696 1746 2770">
    <p class='ocr_par' dir='ltr' id='par_1_43' title="bbox 169 2696 1746 2770">
     <span class='ocr_line' id='line_1_43' title="bbox 169 2696 1746 2770; baseline 0.003 -23"><span class='ocrx_word' id='word_1_290' title='bbox 169 2696 356 2766; x_wconf 71' lang='grc' dir='ltr'>Σαφὴς</span> <span class='ocrx_word' id='word_1_291' title='bbox 395 2697 455 2749; x_wconf 85' lang='grc' dir='ltr'>δὲ</span> <span class='ocrx_word' id='word_1_292' title='bbox 486 2696 712 2760; x_wconf 79' lang='grc' dir='ltr'>καὶτοῖς</span> <span class='ocrx_word' id='word_1_293' title='bbox 741 2699 837 2767; x_wconf 76' lang='grc' dir='ltr'>τῆς</span> <span class='ocrx_word' id='word_1_294' title='bbox 865 2699 1172 2768; x_wconf 80' lang='grc' dir='ltr'>εὐκρινείας</span> <span class='ocrx_word' id='word_1_295' title='bbox 1207 2698 1482 2769; x_wconf 85' lang='grc' dir='ltr'>ἰδιώμασι.</span> <span class='ocrx_word' id='word_1_296' title='bbox 1516 2700 1746 2770; x_wconf 85' lang='grc' dir='ltr'>Χρώμε-</span> 
     </span>
    </p>
   </div>
   <div class='ocr_carea' id='block_1_44' title="bbox 170 2787 1748 2858">
    <p class='ocr_par' dir='ltr' id='par_1_44' title="bbox 170 2787 1748 2858">
     <span class='ocr_line' id='line_1_44' title="bbox 170 2787 1748 2858; baseline 0.001 -18"><span class='ocrx_word' id='word_1_297' title='bbox 170 2806 258 2849; x_wconf 89' lang='grc' dir='ltr'><strong>νος</strong></span> <span class='ocrx_word' id='word_1_298' title='bbox 319 2788 392 2849; x_wconf 77' lang='grc' dir='ltr'>δ’,</span> <span class='ocrx_word' id='word_1_299' title='bbox 417 2787 491 2848; x_wconf 85' lang='grc' dir='ltr'>ὡς</span> <span class='ocrx_word' id='word_1_300' title='bbox 515 2789 668 2856; x_wconf 77' lang='grc' dir='ltr'>ἔφην,</span> <span class='ocrx_word' id='word_1_301' title='bbox 705 2789 960 2858; x_wconf 73' lang='grc' dir='ltr'>περιϐολῇ</span> <span class='ocrx_word' id='word_1_302' title='bbox 983 2792 1048 2858; x_wconf 81' lang='grc' dir='ltr'>τῇ</span> <span class='ocrx_word' id='word_1_303' title='bbox 1078 2806 1135 2840; x_wconf 90' lang='grc' dir='ltr'><strong>τε</strong></span> <span class='ocrx_word' id='word_1_304' title='bbox 1157 2790 1273 2840; x_wconf 78' lang='grc' dir='ltr'>κατ’</span> <span class='ocrx_word' id='word_1_305' title='bbox 1302 2790 1629 2856; x_wconf 75' lang='grc' dir='ltr'>αἰτιολογίαν</span> <span class='ocrx_word' id='word_1_306' title='bbox 1655 2792 1748 2842; x_wconf 75' lang='grc' dir='ltr'><strong>καὶ</strong></span> 
     </span>
    </p>
   </div>
   <div class='ocr_carea' id='block_1_45' title="bbox 171 2878 1748 2952">
    <p class='ocr_par' dir='ltr' id='par_1_45' title="bbox 171 2878 1748 2952">
     <span class='ocr_line' id='line_1_45' title="bbox 171 2878 1748 2952; baseline 0.003 -24"><span class='ocrx_word' id='word_1_307' title='bbox 171 2881 348 2942; x_wconf 71' lang='grc' dir='ltr'>ᾰὶλως</span> <span class='ocrx_word' id='word_1_308' title='bbox 420 2878 782 2951; x_wconf 73' lang='grc' dir='ltr'>[κεχρημένος</span> <span class='ocrx_word' id='word_1_309' title='bbox 825 2881 892 2952; x_wconf 78' lang='grc'>⁸⁸]</span> <span class='ocrx_word' id='word_1_310' title='bbox 954 2882 1242 2948; x_wconf 75' lang='grc' dir='ltr'>φαίνεται·</span> <span class='ocrx_word' id='word_1_311' title='bbox 1303 2885 1521 2949; x_wconf 85' lang='grc' dir='ltr'>γοργοῖς</span> <span class='ocrx_word' id='word_1_312' title='bbox 1567 2881 1748 2951; x_wconf 85' lang='grc' dir='ltr'>μέντοι</span> 
     </span>
    </p>
   </div>
   <div class='ocr_carea' id='block_1_46' title="bbox 171 2973 1751 3043">
    <p class='ocr_par' dir='ltr' id='par_1_46' title="bbox 171 2973 1751 3043">
     <span class='ocr_line' id='line_1_46' title="bbox 171 2973 1751 3043; baseline -0.001 -17"><span class='ocrx_word' id='word_1_313' title='bbox 171 2979 287 3038; x_wconf 72' lang='grc' dir='ltr'>τοῖς</span> <span class='ocrx_word' id='word_1_314' title='bbox 341 2976 620 3043; x_wconf 81' lang='grc' dir='ltr'>σχήμασιν</span> <span class='ocrx_word' id='word_1_315' title='bbox 667 2975 952 3035; x_wconf 83' lang='grc' dir='ltr'>ἀποδιδοὺς</span> <span class='ocrx_word' id='word_1_316' title='bbox 981 2975 1078 3043; x_wconf 82' lang='grc' dir='ltr'><strong>τὴν</strong></span> <span class='ocrx_word' id='word_1_317' title='bbox 1112 2973 1158 3003; x_wconf 79' lang='grc'>⁷⁸</span> <span class='ocrx_word' id='word_1_318' title='bbox 1195 2973 1444 3025; x_wconf 75' lang='grc' dir='ltr'>ἐντεῦθεν</span> <span class='ocrx_word' id='word_1_319' title='bbox 1484 2976 1751 3038; x_wconf 81' lang='grc' dir='ltr'>ἀσάφειαν</span> 
     </span>
    </p>
   </div>
   <div class='ocr_carea' id='block_1_47' title="bbox 173 3061 1750 3137">
    <p class='ocr_par' dir='ltr' id='par_1_47' title="bbox 173 3061 1750 3137">
     <span class='ocr_line' id='line_1_47' title="bbox 173 3061 1750 3137; baseline 0 -19"><span class='ocrx_word' id='word_1_320' title='bbox 173 3061 520 3135; x_wconf 75' lang='grc' dir='ltr'>ἐκκαθαίρει.</span> <span class='ocrx_word' id='word_1_321' title='bbox 554 3067 661 3118; x_wconf 70' lang='grc' dir='ltr'><strong>Καὶ</strong></span> <span class='ocrx_word' id='word_1_322' title='bbox 697 3066 988 3136; x_wconf 81' lang='grc' dir='ltr'>ύπερϐατῷ</span> <span class='ocrx_word' id='word_1_323' title='bbox 1021 3067 1077 3118; x_wconf 83' lang='grc' dir='ltr'>δὲ</span> <span class='ocrx_word' id='word_1_324' title='bbox 1106 3068 1199 3119; x_wconf 80' lang='grc' dir='ltr'><strong>καὶ</strong></span> <span class='ocrx_word' id='word_1_325' title='bbox 1234 3069 1430 3137; x_wconf 82' lang='grc' dir='ltr'>τροπῇ,</span> <span class='ocrx_word' id='word_1_326' title='bbox 1463 3067 1514 3118; x_wconf 87' lang='grc' dir='ltr'><strong>εἰ</strong></span> <span class='ocrx_word' id='word_1_327' title='bbox 1537 3068 1626 3118; x_wconf 77' lang='grc' dir='ltr'><strong>καὶ</strong></span> <span class='ocrx_word' id='word_1_328' title='bbox 1648 3069 1750 3133; x_wconf 84' lang='grc' dir='ltr'><strong>τῆς</strong></span> 
     </span>
    </p>
   </div>
   <div class='ocr_carea' id='block_1_48' title="bbox 175 3155 1753 3225">
    <p class='ocr_par' dir='ltr' id='par_1_48' title="bbox 175 3155 1753 3225">
     <span class='ocr_line' id='line_1_48' title="bbox 175 3155 1753 3225; baseline 0.002 -19"><span class='ocrx_word' id='word_1_329' title='bbox 175 3155 476 3224; x_wconf 71' lang='grc' dir='ltr'>περιϐολῆς</span> <span class='ocrx_word' id='word_1_330' title='bbox 502 3155 588 3205; x_wconf 75' lang='grc' dir='ltr'><strong>ἐπ’</strong></span> <span class='ocrx_word' id='word_1_331' title='bbox 618 3155 859 3220; x_wconf 78' lang='grc' dir='ltr'>ἔλαττον,</span> <span class='ocrx_word' id='word_1_332' title='bbox 892 3156 1040 3225; x_wconf 84' lang='grc' dir='ltr'>ὅμως</span> <span class='ocrx_word' id='word_1_333' title='bbox 1075 3155 1307 3208; x_wconf 79' lang='grc' dir='ltr'>ἐνταῦοα</span> <span class='ocrx_word' id='word_1_334' title='bbox 1341 3155 1509 3225; x_wconf 77' lang='grc' dir='ltr'>πολλῇ</span> <span class='ocrx_word' id='word_1_335' title='bbox 1546 3159 1638 3209; x_wconf 79' lang='grc' dir='ltr'><strong>καί</strong></span> <span class='ocrx_word' id='word_1_336' title='bbox 1665 3159 1753 3209; x_wconf 80' lang='grc' dir='ltr'>εύ-</span> 
     </span>
    </p>
   </div>
   <div class='ocr_carea' id='block_1_49' title="bbox 177 3247 1749 3318">
    <p class='ocr_par' dir='ltr' id='par_1_49' title="bbox 177 3247 1749 3318">
     <span class='ocr_line' id='line_1_49' title="bbox 177 3247 1749 3318; baseline 0.001 -20"><span class='ocrx_word' id='word_1_337' title='bbox 177 3249 332 3314; x_wconf 79' lang='grc' dir='ltr'>φυῶς</span> <span class='ocrx_word' id='word_1_338' title='bbox 365 3248 587 3315; x_wconf 81' lang='grc' dir='ltr'>χρῆται.</span> <span class='ocrx_word' id='word_1_339' title='bbox 623 3248 732 3299; x_wconf 76' lang='grc' dir='ltr'>Κοιί</span> <span class='ocrx_word' id='word_1_340' title='bbox 774 3247 1024 3308; x_wconf 81' lang='grc' dir='ltr'>σύντονος</span> <span class='ocrx_word' id='word_1_341' title='bbox 1068 3249 1125 3298; x_wconf 83' lang='grc' dir='ltr'><strong>ἐν</strong></span> <span class='ocrx_word' id='word_1_342' title='bbox 1159 3248 1367 3309; x_wconf 88' lang='grc' dir='ltr'>τούτοις</span> <span class='ocrx_word' id='word_1_343' title='bbox 1398 3251 1491 3300; x_wconf 71' lang='grc' dir='ltr'><strong>καὶ</strong></span> <span class='ocrx_word' id='word_1_344' title='bbox 1530 3250 1749 3318; x_wconf 79' lang='grc' dir='ltr'>γοργὸς,</span> 
     </span>
    </p>
   </div>
   <div class='ocr_carea' id='block_1_50' title="bbox 173 3333 1755 3408">
    <p class='ocr_par' dir='ltr' id='par_1_50' title="bbox 173 3333 1755 3408">
     <span class='ocr_line' id='line_1_50' title="bbox 173 3333 1755 3408; baseline 0.003 -20"><span class='ocrx_word' id='word_1_345' title='bbox 173 3339 311 3388; x_wconf 74' lang='grc' dir='ltr'>ὅπου</span> <span class='ocrx_word' id='word_1_346' title='bbox 343 3336 547 3406; x_wconf 80' lang='grc' dir='ltr'>δεήσοι.</span> <span class='ocrx_word' id='word_1_347' title='bbox 584 3333 725 3388; x_wconf 78' lang='grc' dir='ltr'>Ἀλλ’</span> <span class='ocrx_word' id='word_1_348' title='bbox 749 3340 806 3388; x_wconf 85' lang='grc' dir='ltr'>ὲν</span> <span class='ocrx_word' id='word_1_349' title='bbox 840 3335 938 3406; x_wconf 83' lang='grc' dir='ltr'><strong>μὲν</strong></span> <span class='ocrx_word' id='word_1_350' title='bbox 962 3339 1073 3398; x_wconf 84' lang='grc' dir='ltr'>τοῖς</span> <span class='ocrx_word' id='word_1_351' title='bbox 1099 3339 1408 3408; x_wconf 71' lang='grc' dir='ltr'>εἰρημένοις</span> <span class='ocrx_word' id='word_1_352' title='bbox 1435 3338 1614 3408; x_wconf 88' lang='grc' dir='ltr'>λόγοις</span> <span class='ocrx_word' id='word_1_353' title='bbox 1647 3357 1755 3392; x_wconf 88' lang='grc' dir='ltr'>τοι-</span> 
     </span>
    </p>
   </div>
   <div class='ocr_carea' id='block_1_51' title="bbox 175 3425 1606 3490">
    <p class='ocr_par' dir='ltr' id='par_1_51' title="bbox 175 3425 1606 3490">
     <span class='ocr_line' id='line_1_51' title="bbox 175 3425 1606 3490; baseline -0.001 -10"><span class='ocrx_word' id='word_1_354' title='bbox 175 3429 358 3490; x_wconf 67' lang='grc' dir='ltr'>οῦτος.</span> <span class='ocrx_word' id='word_1_355' title='bbox 1590 3425 1606 3444; x_wconf 80' lang='grc'><strong>⁸</strong></span> 
     </span>
    </p>
   </div>
   <div class='ocr_carea' id='block_1_52' title="bbox 1837 1969 3408 2039">
    <p class='ocr_par' dir='ltr' id='par_1_52' title="bbox 1837 1969 3408 2039">
     <span class='ocr_line' id='line_1_52' title="bbox 1837 1969 3408 2039; baseline 0.001 -17"><span class='ocrx_word' id='word_1_356' title='bbox 1837 1970 2264 2039; x_wconf 81' lang='lat' dir='ltr'><strong>ductionibus(5)</strong></span> <span class='ocrx_word' id='word_1_357' title='bbox 2289 1969 2546 2030; x_wconf 83' lang='lat' dir='ltr'><strong>abundat,</strong></span> <span class='ocrx_word' id='word_1_358' title='bbox 2566 1985 2628 2022; x_wconf 90' lang='lat' dir='ltr'><strong>ac</strong></span> <span class='ocrx_word' id='word_1_359' title='bbox 2660 1969 2840 2022; x_wconf 90' lang='lat' dir='ltr'><strong>nmltis</strong></span> <span class='ocrx_word' id='word_1_360' title='bbox 2865 1970 3231 2024; x_wconf 82' lang='lat' dir='ltr'><strong>schematibus</strong></span> <span class='ocrx_word' id='word_1_361' title='bbox 3260 1972 3408 2023; x_wconf 83' lang='lat' dir='ltr'><strong>varie</strong></span> 
     </span>
    </p>
   </div>
   <div class='ocr_carea' id='block_1_53' title="bbox 1839 2060 3405 2127">
    <p class='ocr_par' dir='ltr' id='par_1_53' title="bbox 1839 2060 3405 2127">
     <span class='ocr_line' id='line_1_53' title="bbox 1839 2060 3405 2127; baseline -0.001 -15"><span class='ocrx_word' id='word_1_362' title='bbox 1839 2060 2202 2126; x_wconf 73' lang='lat' dir='ltr'><strong>distinguitur.</strong></span> <span class='ocrx_word' id='word_1_363' title='bbox 2227 2060 2363 2113; x_wconf 88' lang='lat' dir='ltr'><strong>ldeis</strong></span> <span class='ocrx_word' id='word_1_364' title='bbox 2399 2061 2526 2112; x_wconf 89' lang='lat' dir='ltr'><strong>item</strong></span> <span class='ocrx_word' id='word_1_365' title='bbox 2560 2060 2784 2127; x_wconf 76' lang='lat' dir='ltr'><strong>pulchre</strong></span> <span class='ocrx_word' id='word_1_366' title='bbox 2808 2061 3085 2113; x_wconf 89' lang='lat' dir='ltr'><strong>orationes</strong></span> <span class='ocrx_word' id='word_1_367' title='bbox 3118 2071 3405 2126; x_wconf 81' lang='lat' dir='ltr'><strong>temperat.</strong></span> 
     </span>
    </p>
   </div>
   <div class='ocr_carea' id='block_1_54' title="bbox 1840 2149 3410 2218">
    <p class='ocr_par' dir='ltr' id='par_1_54' title="bbox 1840 2149 3410 2218">
     <span class='ocr_line' id='line_1_54' title="bbox 1840 2149 3410 2218; baseline -0.003 -12"><span class='ocrx_word' id='word_1_368' title='bbox 1840 2151 2055 2206; x_wconf 84' lang='lat' dir='ltr'><strong>sublimi</strong></span> <span class='ocrx_word' id='word_1_369' title='bbox 2091 2167 2148 2203; x_wconf 89' lang='lat' dir='ltr'><strong>se</strong></span> <span class='ocrx_word' id='word_1_370' title='bbox 2189 2150 2398 2203; x_wconf 85' lang='lat' dir='ltr'><strong>dicendi</strong></span> <span class='ocrx_word' id='word_1_371' title='bbox 2459 2166 2657 2218; x_wconf 76' lang='lat' dir='ltr'><strong>genere</strong></span> <span class='ocrx_word' id='word_1_372' title='bbox 2693 2153 2862 2218; x_wconf 76' lang='lat' dir='ltr'><strong>magis</strong></span> <span class='ocrx_word' id='word_1_373' title='bbox 2911 2149 3162 2204; x_wconf 70' lang='lat' dir='ltr'><strong>efferens.</strong></span> <span class='ocrx_word' id='word_1_374' title='bbox 3223 2149 3410 2203; x_wconf 80' lang='lat' dir='ltr'><strong>Verbis</strong></span> 
     </span>
    </p>
   </div>
   <div class='ocr_carea' id='block_1_55' title="bbox 1841 2242 3410 2311">
    <p class='ocr_par' dir='ltr' id='par_1_55' title="bbox 1841 2242 3410 2311">
     <span class='ocr_line' id='line_1_55' title="bbox 1841 2242 3410 2311; baseline -0.001 -16"><span class='ocrx_word' id='word_1_375' title='bbox 1841 2245 1906 2296; x_wconf 90' lang='lat' dir='ltr'><strong>ad</strong></span> <span class='ocrx_word' id='word_1_376' title='bbox 1935 2245 2046 2297; x_wconf 69' lang='lat' dir='ltr'><strong>[NEC</strong></span> <span class='ocrx_word' id='word_1_377' title='bbox 2079 2244 2266 2308; x_wconf 92' lang='lat' dir='ltr'><strong>utitur,</strong></span> <span class='ocrx_word' id='word_1_378' title='bbox 2307 2258 2426 2310; x_wconf 73' lang='lat' dir='ltr'><strong>qua:</strong></span> <span class='ocrx_word' id='word_1_379' title='bbox 2467 2245 2555 2311; x_wconf 88' lang='lat' dir='ltr'><strong>(ad</strong></span> <span class='ocrx_word' id='word_1_380' title='bbox 2605 2242 2830 2296; x_wconf 85' lang='lat' dir='ltr'><strong>formam</strong></span> <span class='ocrx_word' id='word_1_381' title='bbox 2867 2243 3056 2296; x_wconf 82' lang='lat' dir='ltr'><strong>saltem</strong></span> <span class='ocrx_word' id='word_1_382' title='bbox 3108 2243 3250 2310; x_wconf 89' lang='lat' dir='ltr'><strong>quod</strong></span> <span class='ocrx_word' id='word_1_383' title='bbox 3282 2245 3410 2294; x_wconf 81' lang='lat' dir='ltr'><strong>atti-</strong></span> 
     </span>
    </p>
   </div>
   <div class='ocr_carea' id='block_1_56' title="bbox 1845 2335 3412 2405">
    <p class='ocr_par' dir='ltr' id='par_1_56' title="bbox 1845 2335 3412 2405">
     <span class='ocr_line' id='line_1_56' title="bbox 1845 2335 3412 2405; baseline -0.001 -17"><span class='ocrx_word' id='word_1_384' title='bbox 1845 2337 1956 2404; x_wconf 86' lang='lat' dir='ltr'><strong>net)</strong></span> <span class='ocrx_word' id='word_1_385' title='bbox 1996 2352 2170 2405; x_wconf 86' lang='lat' dir='ltr'><strong>neque</strong></span> <span class='ocrx_word' id='word_1_386' title='bbox 2201 2336 2269 2390; x_wconf 91' lang='lat' dir='ltr'><strong>ob</strong></span> <span class='ocrx_word' id='word_1_387' title='bbox 2299 2335 2575 2405; x_wconf 85' lang='lat' dir='ltr'><strong>propriam</strong></span> <span class='ocrx_word' id='word_1_388' title='bbox 2606 2351 2758 2388; x_wconf 85' lang='lat' dir='ltr'><strong>suam</strong></span> <span class='ocrx_word' id='word_1_389' title='bbox 2796 2336 3094 2398; x_wconf 89' lang='lat' dir='ltr'><strong>notionem,</strong></span> <span class='ocrx_word' id='word_1_390' title='bbox 3138 2351 3313 2394; x_wconf 81' lang='lat' dir='ltr'><strong>neque</strong></span> <span class='ocrx_word' id='word_1_391' title='bbox 3343 2337 3412 2386; x_wconf 90' lang='lat' dir='ltr'><strong>ob</strong></span> 
     </span>
    </p>
   </div>
   <div class='ocr_carea' id='block_1_57' title="bbox 1844 2427 3409 2495">
    <p class='ocr_par' dir='ltr' id='par_1_57' title="bbox 1844 2427 3409 2495">
     <span class='ocr_line' id='line_1_57' title="bbox 1844 2427 3409 2495; baseline 0.001 -18"><span class='ocrx_word' id='word_1_392' title='bbox 1844 2427 2142 2495; x_wconf 86' lang='lat' dir='ltr'><strong>emphasim</strong></span> <span class='ocrx_word' id='word_1_393' title='bbox 2203 2442 2231 2480; x_wconf 93' lang='lat' dir='ltr'><strong>a</strong></span> <span class='ocrx_word' id='word_1_394' title='bbox 2289 2427 2676 2495; x_wconf 82' lang='lat' dir='ltr'><strong>perspicuitate</strong></span> <span class='ocrx_word' id='word_1_395' title='bbox 2739 2427 3048 2480; x_wconf 84' lang='lat' dir='ltr'><strong>recedunt:</strong></span> <span class='ocrx_word' id='word_1_396' title='bbox 3086 2428 3231 2488; x_wconf 85' lang='lat' dir='ltr'><strong>etsi,</strong></span> <span class='ocrx_word' id='word_1_397' title='bbox 3283 2429 3409 2494; x_wconf 84' lang='lat' dir='ltr'><strong>quia</strong></span> 
     </span>
    </p>
   </div>
   <div class='ocr_carea' id='block_1_58' title="bbox 1849 2518 3406 2587">
    <p class='ocr_par' dir='ltr' id='par_1_58' title="bbox 1849 2518 3406 2587">
     <span class='ocr_line' id='line_1_58' title="bbox 1849 2518 3406 2587; baseline 0.001 -18"><span class='ocrx_word' id='word_1_398' title='bbox 1849 2520 2118 2570; x_wconf 90' lang='lat' dir='ltr'><strong>nominum</strong></span> <span class='ocrx_word' id='word_1_399' title='bbox 2199 2519 2580 2572; x_wconf 87' lang='lat' dir='ltr'><strong>dissolutioues</strong></span> <span class='ocrx_word' id='word_1_400' title='bbox 2635 2518 2710 2587; x_wconf 83' lang='grc'><strong>(6)</strong></span> <span class='ocrx_word' id='word_1_401' title='bbox 2783 2531 2840 2570; x_wconf 81' lang='grc' dir='ltr'><strong>ιιι</strong></span> <span class='ocrx_word' id='word_1_402' title='bbox 2902 2518 3193 2586; x_wconf 89' lang='lat' dir='ltr'><strong>plurimum</strong></span> <span class='ocrx_word' id='word_1_403' title='bbox 3259 2529 3406 2577; x_wconf 88' lang='lat' dir='ltr'><strong>sunt.</strong></span> 
     </span>
    </p>
   </div>
   <div class='ocr_carea' id='block_1_59' title="bbox 1849 2607 3416 2676">
    <p class='ocr_par' dir='ltr' id='par_1_59' title="bbox 1849 2607 3416 2676">
     <span class='ocr_line' id='line_1_59' title="bbox 1849 2607 3416 2676; baseline -0.003 -18"><span class='ocrx_word' id='word_1_404' title='bbox 1849 2622 2007 2660; x_wconf 89' lang='lat' dir='ltr'><strong>aures</strong></span> <span class='ocrx_word' id='word_1_405' title='bbox 2079 2610 2294 2675; x_wconf 88' lang='lat' dir='ltr'><strong>quidem</strong></span> <span class='ocrx_word' id='word_1_406' title='bbox 2368 2623 2490 2661; x_wconf 91' lang='lat' dir='ltr'><strong>cum</strong></span> <span class='ocrx_word' id='word_1_407' title='bbox 2542 2607 2885 2676; x_wconf 86' lang='lat' dir='ltr'><strong>jucuuditate</strong></span> <span class='ocrx_word' id='word_1_408' title='bbox 2959 2609 3244 2675; x_wconf 82' lang='lat' dir='ltr'><strong>peregrino</strong></span> <span class='ocrx_word' id='word_1_409' title='bbox 3318 2623 3416 2659; x_wconf 83' lang='lat' dir='ltr'><strong>Slm</strong></span> 
     </span>
    </p>
   </div>
   <div class='ocr_carea' id='block_1_60' title="bbox 1849 2699 3416 2769">
    <p class='ocr_par' dir='ltr' id='par_1_60' title="bbox 1849 2699 3416 2769">
     <span class='ocr_line' id='line_1_60' title="bbox 1849 2699 3416 2769; baseline -0.001 -17"><span class='ocrx_word' id='word_1_410' title='bbox 1849 2714 1982 2754; x_wconf 88' lang='lat' dir='ltr'><strong>sono</strong></span> <span class='ocrx_word' id='word_1_411' title='bbox 2030 2699 2226 2754; x_wconf 89' lang='lat' dir='ltr'><strong>feriunt</strong></span> <span class='ocrx_word' id='word_1_412' title='bbox 2285 2719 2299 2754; x_wconf 91' lang='lat'><strong>:</strong></span> <span class='ocrx_word' id='word_1_413' title='bbox 2359 2703 2453 2754; x_wconf 86' lang='lat' dir='ltr'><strong>sed</strong></span> <span class='ocrx_word' id='word_1_414' title='bbox 2522 2716 2627 2752; x_wconf 91' lang='lat' dir='ltr'><strong>non</strong></span> <span class='ocrx_word' id='word_1_415' title='bbox 2685 2715 2836 2768; x_wconf 80' lang='lat' dir='ltr'><strong>:cque</strong></span> <span class='ocrx_word' id='word_1_416' title='bbox 2897 2715 2926 2752; x_wconf 89' lang='lat' dir='ltr'><strong>a</strong></span> <span class='ocrx_word' id='word_1_417' title='bbox 3018 2703 3178 2769; x_wconf 80' lang='lat' dir='ltr'><strong>vhlgo</strong></span> <span class='ocrx_word' id='word_1_418' title='bbox 3222 2699 3416 2752; x_wconf 74' lang='lat' dir='ltr'><strong>inteilv-</strong></span> 
     </span>
    </p>
   </div>
   <div class='ocr_carea' id='block_1_61' title="bbox 1849 2792 3420 2860">
    <p class='ocr_par' dir='ltr' id='par_1_61' title="bbox 1849 2792 3420 2860">
     <span class='ocr_line' id='line_1_61' title="bbox 1849 2792 3420 2860; baseline 0.003 -17"><span class='ocrx_word' id='word_1_419' title='bbox 1849 2801 2064 2860; x_wconf 75' lang='lat' dir='ltr'><strong>guntur.</strong></span> <span class='ocrx_word' id='word_1_420' title='bbox 2129 2792 2320 2846; x_wconf 86' lang='lat' dir='ltr'><strong>Clarus</strong></span> <span class='ocrx_word' id='word_1_421' title='bbox 2402 2808 2614 2858; x_wconf 89' lang='lat' dir='ltr'><strong>quoque</strong></span> <span class='ocrx_word' id='word_1_422' title='bbox 2664 2801 2746 2845; x_wconf 89' lang='lat' dir='ltr'><strong>est</strong></span> <span class='ocrx_word' id='word_1_423' title='bbox 2815 2809 2998 2846; x_wconf 86' lang='lat' dir='ltr'><strong>earum</strong></span> <span class='ocrx_word' id='word_1_424' title='bbox 3071 2809 3250 2846; x_wconf 90' lang='lat' dir='ltr'><strong>rerum</strong></span> <span class='ocrx_word' id='word_1_425' title='bbox 3321 2794 3420 2848; x_wconf 75' lang='lat' dir='ltr'><strong>ob-</strong></span> 
     </span>
    </p>
   </div>
   <div class='ocr_carea' id='block_1_62' title="bbox 1852 2883 3421 2953">
    <p class='ocr_par' dir='ltr' id='par_1_62' title="bbox 1852 2883 3421 2953">
     <span class='ocr_line' id='line_1_62' title="bbox 1852 2883 3421 2953; baseline 0.003 -19"><span class='ocrx_word' id='word_1_426' title='bbox 1852 2885 2181 2945; x_wconf 82' lang='lat' dir='ltr'><strong>servatione,</strong></span> <span class='ocrx_word' id='word_1_427' title='bbox 2216 2898 2334 2950; x_wconf 67' lang='lat' dir='ltr'><strong>quae</strong></span> <span class='ocrx_word' id='word_1_428' title='bbox 2388 2883 2456 2934; x_wconf 87' lang='lat' dir='ltr'><strong>ad</strong></span> <span class='ocrx_word' id='word_1_429' title='bbox 2503 2884 2812 2936; x_wconf 90' lang='lat' dir='ltr'><strong>distinctam</strong></span> <span class='ocrx_word' id='word_1_430' title='bbox 2862 2886 3160 2937; x_wconf 84' lang='lat' dir='ltr'><strong>orationem</strong></span> <span class='ocrx_word' id='word_1_431' title='bbox 3206 2885 3421 2953; x_wconf 72' lang='lat' dir='ltr'><strong>prolirie</strong></span> 
     </span>
    </p>
   </div>
   <div class='ocr_carea' id='block_1_63' title="bbox 1854 2973 3423 3044">
    <p class='ocr_par' dir='ltr' id='par_1_63' title="bbox 1854 2973 3423 3044">
     <span class='ocr_line' id='line_1_63' title="bbox 1854 2973 3423 3044; baseline 0.001 -17"><span class='ocrx_word' id='word_1_432' title='bbox 1854 2976 2143 3042; x_wconf 88' lang='lat' dir='ltr'><strong>pertinent.</strong></span> <span class='ocrx_word' id='word_1_433' title='bbox 2185 2973 2364 3028; x_wconf 86' lang='lat' dir='ltr'><strong>Utitur</strong></span> <span class='ocrx_word' id='word_1_434' title='bbox 2400 2978 2590 3034; x_wconf 89' lang='lat' dir='ltr'><strong>etiam,</strong></span> <span class='ocrx_word' id='word_1_435' title='bbox 2648 2985 2703 3026; x_wconf 92' lang='lat' dir='ltr'><strong>ut</strong></span> <span class='ocrx_word' id='word_1_436' title='bbox 2752 2975 3011 3038; x_wconf 79' lang='lat' dir='ltr'><strong>diximus,</strong></span> <span class='ocrx_word' id='word_1_437' title='bbox 3046 2977 3423 3044; x_wconf 80' lang='lat' dir='ltr'><strong>complexione</strong></span> 
     </span>
    </p>
   </div>
   <div class='ocr_carea' id='block_1_64' title="bbox 1854 3061 3418 3126">
    <p class='ocr_par' dir='ltr' id='par_1_64' title="bbox 1854 3061 3418 3126">
     <span class='ocr_line' id='line_1_64' title="bbox 1854 3061 3418 3126; baseline 0 -14"><span class='ocrx_word' id='word_1_438' title='bbox 1854 3079 1974 3116; x_wconf 72' lang='lat' dir='ltr'><strong>cum</strong></span> <span class='ocrx_word' id='word_1_439' title='bbox 2005 3063 2153 3125; x_wconf 86' lang='lat' dir='ltr'><strong>alibi,</strong></span> <span class='ocrx_word' id='word_1_440' title='bbox 2193 3071 2303 3115; x_wconf 89' lang='lat' dir='ltr'><strong>tum</strong></span> <span class='ocrx_word' id='word_1_441' title='bbox 2360 3062 2447 3114; x_wconf 90' lang='lat' dir='ltr'><strong>ubi</strong></span> <span class='ocrx_word' id='word_1_442' title='bbox 2498 3063 2574 3114; x_wconf 84' lang='lat' dir='ltr'><strong>rei</strong></span> <span class='ocrx_word' id='word_1_443' title='bbox 2635 3061 2865 3126; x_wconf 81' lang='lat' dir='ltr'><strong>alicujus</strong></span> <span class='ocrx_word' id='word_1_444' title='bbox 2917 3063 3180 3114; x_wconf 88' lang='lat' dir='ltr'><strong>rationem</strong></span> <span class='ocrx_word' id='word_1_445' title='bbox 3227 3063 3418 3113; x_wconf 87' lang='lat' dir='ltr'><strong>reddit.</strong></span> 
     </span>
    </p>
   </div>
   <div class='ocr_carea' id='block_1_65' title="bbox 1858 3151 3420 3206">
    <p class='ocr_par' dir='ltr' id='par_1_65' title="bbox 1858 3151 3420 3206">
     <span class='ocr_line' id='line_1_65' title="bbox 1858 3151 3420 3206; baseline 0.001 -4"><span class='ocrx_word' id='word_1_446' title='bbox 1858 3151 1992 3206; x_wconf 89' lang='lat' dir='ltr'><strong>Dum</strong></span> <span class='ocrx_word' id='word_1_447' title='bbox 2054 3169 2181 3206; x_wconf 86' lang='lat' dir='ltr'><strong>vero</strong></span> <span class='ocrx_word' id='word_1_448' title='bbox 2257 3153 2496 3205; x_wconf 85' lang='lat' dir='ltr'><strong>incitatis</strong></span> <span class='ocrx_word' id='word_1_449' title='bbox 2548 3153 2914 3205; x_wconf 87' lang='lat' dir='ltr'><strong>schematibus</strong></span> <span class='ocrx_word' id='word_1_450' title='bbox 2958 3167 3111 3204; x_wconf 89' lang='lat' dir='ltr'><strong>suam</strong></span> <span class='ocrx_word' id='word_1_451' title='bbox 3164 3152 3420 3205; x_wconf 91' lang='lat' dir='ltr'><strong>redditio-</strong></span> 
     </span>
    </p>
   </div>
   <div class='ocr_carea' id='block_1_66' title="bbox 1859 3244 3422 3312">
    <p class='ocr_par' dir='ltr' id='par_1_66' title="bbox 1859 3244 3422 3312">
     <span class='ocr_line' id='line_1_66' title="bbox 1859 3244 3422 3312; baseline -0.001 -14"><span class='ocrx_word' id='word_1_452' title='bbox 1859 3262 1977 3300; x_wconf 90' lang='lat' dir='ltr'><strong>nem</strong></span> <span class='ocrx_word' id='word_1_453' title='bbox 2010 3245 2252 3312; x_wconf 84' lang='lat' dir='ltr'><strong>apponit.</strong></span> <span class='ocrx_word' id='word_1_454' title='bbox 2279 3247 2439 3298; x_wconf 91' lang='lat' dir='ltr'><strong>simul</strong></span> <span class='ocrx_word' id='word_1_455' title='bbox 2461 3248 2622 3298; x_wconf 85' lang='lat' dir='ltr'><strong>etiam</strong></span> <span class='ocrx_word' id='word_1_456' title='bbox 2653 3259 2888 3307; x_wconf 70' lang='lat' dir='ltr'><strong>omnem,</strong></span> <span class='ocrx_word' id='word_1_457' title='bbox 2917 3258 3036 3312; x_wconf 71' lang='lat' dir='ltr'><strong>qua:</strong></span> <span class='ocrx_word' id='word_1_458' title='bbox 3061 3258 3128 3297; x_wconf 80' lang='lat' dir='ltr'><strong>ex</strong></span> <span class='ocrx_word' id='word_1_459' title='bbox 3173 3244 3276 3297; x_wconf 86' lang='lat' dir='ltr'><strong>illis</strong></span> <span class='ocrx_word' id='word_1_460' title='bbox 3303 3254 3422 3297; x_wconf 87' lang='lat' dir='ltr'><strong>orta</strong></span> 
     </span>
    </p>
   </div>
   <div class='ocr_carea' id='block_1_67' title="bbox 1860 3335 3424 3404">
    <p class='ocr_par' dir='ltr' id='par_1_67' title="bbox 1860 3335 3424 3404">
     <span class='ocr_line' id='line_1_67' title="bbox 1860 3335 3424 3404; baseline -0.001 -13"><span class='ocrx_word' id='word_1_461' title='bbox 1860 3336 2055 3402; x_wconf 81' lang='lat' dir='ltr'><strong>fuerat,</strong></span> <span class='ocrx_word' id='word_1_462' title='bbox 2094 3337 2475 3390; x_wconf 81' lang='lat' dir='ltr'><strong>obscuritatem</strong></span> <span class='ocrx_word' id='word_1_463' title='bbox 2520 3336 2675 3388; x_wconf 89' lang='lat' dir='ltr'><strong>tollit.</strong></span> <span class='ocrx_word' id='word_1_464' title='bbox 2727 3335 3092 3404; x_wconf 83' lang='lat' dir='ltr'><strong>Hyperbatum</strong></span> <span class='ocrx_word' id='word_1_465' title='bbox 3143 3346 3424 3402; x_wconf 74' lang='lat' dir='ltr'><strong>praeterea,</strong></span> 
     </span>
    </p>
   </div>
   <div class='ocr_carea' id='block_1_68' title="bbox 1861 3430 3422 3500">
    <p class='ocr_par' dir='ltr' id='par_1_68' title="bbox 1861 3430 3422 3500">
     <span class='ocr_line' id='line_1_68' title="bbox 1861 3430 3422 3500; baseline -0.001 -16"><span class='ocrx_word' id='word_1_466' title='bbox 1861 3446 1923 3485; x_wconf 83' lang='lat' dir='ltr'><strong>ac</strong></span> <span class='ocrx_word' id='word_1_467' title='bbox 1951 3441 2181 3500; x_wconf 88' lang='lat' dir='ltr'><strong>tropum,</strong></span> <span class='ocrx_word' id='word_1_468' title='bbox 2217 3431 2416 3498; x_wconf 76' lang='lat' dir='ltr'><strong>108a</strong></span> <span class='ocrx_word' id='word_1_469' title='bbox 2461 3430 2558 3482; x_wconf 86' lang='lat' dir='ltr'><strong>etsi</strong></span> <span class='ocrx_word' id='word_1_470' title='bbox 2593 3431 2766 3485; x_wconf 90' lang='lat' dir='ltr'><strong>rarius</strong></span> <span class='ocrx_word' id='word_1_471' title='bbox 2789 3447 2949 3499; x_wconf 87' lang='lat' dir='ltr'><strong>quam</strong></span> <span class='ocrx_word' id='word_1_472' title='bbox 2973 3431 3422 3500; x_wconf 78' lang='lat' dir='ltr'><strong>complexionem,</strong></span> 
     </span>
    </p>
   </div>
   <div class='ocr_carea' id='block_1_69' title="bbox 181 3522 3427 3595">
    <p class='ocr_par' dir='ltr' id='par_1_69' title="bbox 181 3522 3427 3595">
     <span class='ocr_line' id='line_1_69' title="bbox 181 3522 3427 3595; baseline 0 -17"><span class='ocrx_word' id='word_1_473' title='bbox 181 3529 500 3593; x_wconf 76' lang='lat' dir='ltr'><strong>frequenter</strong></span> <span class='ocrx_word' id='word_1_474' title='bbox 538 3534 712 3577; x_wconf 86' lang='lat' dir='ltr'><strong>tamen</strong></span> <span class='ocrx_word' id='word_1_475' title='bbox 746 3522 836 3577; x_wconf 90' lang='lat' dir='ltr'><strong>hic</strong></span> <span class='ocrx_word' id='word_1_476' title='bbox 876 3532 929 3576; x_wconf 88' lang='lat' dir='ltr'><strong>et</strong></span> <span class='ocrx_word' id='word_1_477' title='bbox 982 3523 1116 3577; x_wconf 89' lang='lat' dir='ltr'><strong>scite</strong></span> <span class='ocrx_word' id='word_1_478' title='bbox 1173 3524 1416 3587; x_wconf 87' lang='lat' dir='ltr'><strong>adhibet,</strong></span> <span class='ocrx_word' id='word_1_479' title='bbox 1479 3539 1584 3580; x_wconf 90' lang='lat' dir='ltr'><strong>non</strong></span> <span class='ocrx_word' id='word_1_480' title='bbox 1639 3523 1753 3577; x_wconf 88' lang='lat' dir='ltr'><strong>sine</strong></span> <span class='ocrx_word' id='word_1_481' title='bbox 1791 3526 2138 3579; x_wconf 81' lang='lat' dir='ltr'><strong>contentione</strong></span> <span class='ocrx_word' id='word_1_482' title='bbox 2167 3535 2326 3593; x_wconf 87' lang='lat' dir='ltr'><strong>atque</strong></span> <span class='ocrx_word' id='word_1_483' title='bbox 2357 3525 2662 3586; x_wconf 82' lang='lat' dir='ltr'><strong>velocitate,</strong></span> <span class='ocrx_word' id='word_1_484' title='bbox 2716 3542 2837 3579; x_wconf 92' lang='lat' dir='ltr'><strong>cum</strong></span> <span class='ocrx_word' id='word_1_485' title='bbox 2873 3527 3092 3594; x_wconf 89' lang='lat' dir='ltr'><strong>quidem</strong></span> <span class='ocrx_word' id='word_1_486' title='bbox 3157 3526 3229 3579; x_wconf 87' lang='lat' dir='ltr'><strong>ita</strong></span> <span class='ocrx_word' id='word_1_487' title='bbox 3290 3542 3427 3595; x_wconf 83' lang='lat' dir='ltr'><strong>opus</strong></span> 
     </span>
    </p>
   </div>
   <div class='ocr_carea' id='block_1_70' title="bbox 181 3613 2196 3682">
    <p class='ocr_par' dir='ltr' id='par_1_70' title="bbox 181 3613 2196 3682">
     <span class='ocr_line' id='line_1_70' title="bbox 181 3613 2196 3682; baseline 0 -15"><span class='ocrx_word' id='word_1_488' title='bbox 181 3627 286 3669; x_wconf 76' lang='lat' dir='ltr'><strong>est.</strong></span> <span class='ocrx_word' id='word_1_489' title='bbox 329 3613 516 3666; x_wconf 80' lang='lat' dir='ltr'><strong>Talem</strong></span> <span class='ocrx_word' id='word_1_490' title='bbox 553 3615 716 3682; x_wconf 78' lang='lat' dir='ltr'><strong>igitur</strong></span> <span class='ocrx_word' id='word_1_491' title='bbox 744 3631 800 3667; x_wconf 89' lang='lat' dir='ltr'><strong>se</strong></span> <span class='ocrx_word' id='word_1_492' title='bbox 831 3615 881 3666; x_wconf 92' lang='lat' dir='ltr'><strong>in</strong></span> <span class='ocrx_word' id='word_1_493' title='bbox 915 3615 996 3675; x_wconf 90' lang='lat' dir='ltr'><strong>iis,</strong></span> <span class='ocrx_word' id='word_1_494' title='bbox 1029 3630 1166 3680; x_wconf 88' lang='lat' dir='ltr'><strong>quas</strong></span> <span class='ocrx_word' id='word_1_495' title='bbox 1211 3617 1544 3677; x_wconf 80' lang='lat' dir='ltr'><strong>enumeravi,</strong></span> <span class='ocrx_word' id='word_1_496' title='bbox 1587 3618 1927 3668; x_wconf 81' lang='lat' dir='ltr'><strong>oratiombus</strong></span> <span class='ocrx_word' id='word_1_497' title='bbox 1955 3615 2196 3669; x_wconf 78' lang='lat' dir='ltr'><strong>exhibet.</strong></span> 
     </span>
    </p>
   </div>
   <div class='ocr_carea' id='block_1_71' title="bbox 266 3705 1764 3774">
    <p class='ocr_par' dir='ltr' id='par_1_71' title="bbox 266 3705 1764 3774">
     <span class='ocr_line' id='line_1_71' title="bbox 266 3705 1764 3774; baseline -0.002 -15"><span class='ocrx_word' id='word_1_498' title='bbox 266 3705 501 3774; x_wconf 75' lang='grc' dir='ltr'>Ἐφεξῆς</span> <span class='ocrx_word' id='word_1_499' title='bbox 553 3707 608 3757; x_wconf 80' lang='grc' dir='ltr'>δὲ</span> <span class='ocrx_word' id='word_1_500' title='bbox 635 3705 837 3757; x_wconf 84' lang='grc' dir='ltr'>τούτων</span> <span class='ocrx_word' id='word_1_501' title='bbox 893 3705 1076 3756; x_wconf 80' lang='grc' dir='ltr'>τάττει</span> <span class='ocrx_word' id='word_1_502' title='bbox 1124 3706 1214 3755; x_wconf 77' lang='grc' dir='ltr'><strong>τὸν</strong></span> <span class='ocrx_word' id='word_1_503' title='bbox 1243 3705 1674 3773; x_wconf 76' lang='grc' dir='ltr'>Πολεμάρχικὸν,</span> <span class='ocrx_word' id='word_1_504' title='bbox 1705 3705 1764 3768; x_wconf 84' lang='grc' dir='ltr'>ὂς</span> 
     </span>
    </p>
   </div>
   <div class='ocr_carea' id='block_1_72' title="bbox 186 3797 1763 3867">
    <p class='ocr_par' dir='ltr' id='par_1_72' title="bbox 186 3797 1763 3867">
     <span class='ocr_line' id='line_1_72' title="bbox 186 3797 1763 3867; baseline -0.003 -15"><span class='ocrx_word' id='word_1_505' title='bbox 186 3801 465 3867; x_wconf 75' lang='grc' dir='ltr'>ἐγκώμιόν</span> <span class='ocrx_word' id='word_1_506' title='bbox 500 3801 614 3851; x_wconf 75' lang='grc' dir='ltr'>ἐστι</span> <span class='ocrx_word' id='word_1_507' title='bbox 647 3798 754 3850; x_wconf 87' lang='grc' dir='ltr'>τῶν</span> <span class='ocrx_word' id='word_1_508' title='bbox 790 3797 927 3866; x_wconf 81' lang='grc' dir='ltr'>ὑπὲρ</span> <span class='ocrx_word' id='word_1_509' title='bbox 961 3797 1270 3865; x_wconf 71' lang='grc' dir='ltr'>ἐλευθερίας</span> <span class='ocrx_word' id='word_1_510' title='bbox 1301 3798 1434 3866; x_wconf 71' lang='grc' dir='ltr'>πρὸς</span> <span class='ocrx_word' id='word_1_511' title='bbox 1460 3799 1672 3866; x_wconf 78' lang='grc' dir='ltr'>Πέρσας</span> <span class='ocrx_word' id='word_1_512' title='bbox 1710 3801 1763 3848; x_wconf 80' lang='grc' dir='ltr'>ἐν</span> 
     </span>
    </p>
   </div>
   <div class='ocr_carea' id='block_1_73' title="bbox 193 3889 1764 3962">
    <p class='ocr_par' dir='ltr' id='par_1_73' title="bbox 193 3889 1764 3962">
     <span class='ocr_line' id='line_1_73' title="bbox 193 3889 1764 3962; baseline -0.004 -19"><span class='ocrx_word' id='word_1_513' title='bbox 193 3897 342 3962; x_wconf 68' lang='grc' dir='ltr'>μάχη</span> <span class='ocrx_word' id='word_1_514' title='bbox 377 3891 653 3942; x_wconf 83' lang='grc' dir='ltr'>πεσόντων</span> <span class='ocrx_word' id='word_1_515' title='bbox 690 3891 784 3941; x_wconf 73' lang='grc' dir='ltr'><strong>καὶ</strong></span> <span class='ocrx_word' id='word_1_516' title='bbox 823 3889 1057 3956; x_wconf 85' lang='grc' dir='ltr'>πολέμου</span> <span class='ocrx_word' id='word_1_517' title='bbox 1092 3889 1334 3948; x_wconf 72' lang='grc' dir='ltr'>ἔπαινος.</span> <span class='ocrx_word' id='word_1_518' title='bbox 1367 3889 1502 3940; x_wconf 77' lang='grc' dir='ltr'>Μεθ’</span> <span class='ocrx_word' id='word_1_519' title='bbox 1529 3890 1585 3940; x_wconf 78' lang='grc' dir='ltr'><strong>ὃν</strong></span> <span class='ocrx_word' id='word_1_520' title='bbox 1619 3891 1764 3939; x_wconf 74' lang='grc' dir='ltr'>ἐστιν</span> 
     </span>
    </p>
   </div>
   <div class='ocr_carea' id='block_1_74' title="bbox 190 3973 1765 4048">
    <p class='ocr_par' dir='ltr' id='par_1_74' title="bbox 190 3973 1765 4048">
     <span class='ocr_line' id='line_1_74' title="bbox 190 3973 1765 4048; baseline -0.006 -14"><span class='ocrx_word' id='word_1_521' title='bbox 190 3986 218 4034; x_wconf 82' lang='grc' dir='ltr'>ὁ</span> <span class='ocrx_word' id='word_1_522' title='bbox 257 3981 704 4048; x_wconf 81' lang='grc' dir='ltr'>Ἀρεοπαγιτικὸς</span> <span class='ocrx_word' id='word_1_523' title='bbox 738 3976 768 4047; x_wconf 75' lang='grc' dir='ltr'>ἢ</span> <span class='ocrx_word' id='word_1_524' title='bbox 796 3979 886 4029; x_wconf 73' lang='grc' dir='ltr'><strong>καὶ</strong></span> <span class='ocrx_word' id='word_1_525' title='bbox 911 3976 1333 4047; x_wconf 79' lang='grc' dir='ltr'>ὲλευῢερωτικὸς</span> <span class='ocrx_word' id='word_1_526' title='bbox 1371 3974 1650 4041; x_wconf 82' lang='grc' dir='ltr'>Ῥουφίνου</span> <span class='ocrx_word' id='word_1_527' title='bbox 1671 3973 1765 4026; x_wconf 77' lang='grc' dir='ltr'>τοῦ</span> 
     </span>
    </p>
   </div>
   <div class='ocr_carea' id='block_1_75' title="bbox 188 4065 1762 4137">
    <p class='ocr_par' dir='ltr' id='par_1_75' title="bbox 188 4065 1762 4137">
     <span class='ocr_line' id='line_1_75' title="bbox 188 4065 1762 4137; baseline -0.006 -11"><span class='ocrx_word' id='word_1_528' title='bbox 188 4073 394 4126; x_wconf 80' lang='grc' dir='ltr'>οἰκείου</span> <span class='ocrx_word' id='word_1_529' title='bbox 430 4069 567 4122; x_wconf 83' lang='grc' dir='ltr'><strong>υίοῦ.</strong></span> <span class='ocrx_word' id='word_1_530' title='bbox 592 4065 759 4130; x_wconf 74' lang='grc' dir='ltr'>Οὗτος</span> <span class='ocrx_word' id='word_1_531' title='bbox 785 4071 845 4122; x_wconf 78' lang='grc' dir='ltr'><strong>ού</strong></span> <span class='ocrx_word' id='word_1_532' title='bbox 869 4069 912 4099; x_wconf 77' lang='grc'>⁷⁸</span> <span class='ocrx_word' id='word_1_533' title='bbox 938 4068 1334 4137; x_wconf 85' lang='grc' dir='ltr'>πλασματικὸς,</span> <span class='ocrx_word' id='word_1_534' title='bbox 1361 4067 1467 4119; x_wconf 74' lang='grc' dir='ltr'>οὐδ’</span> <span class='ocrx_word' id='word_1_535' title='bbox 1494 4067 1521 4117; x_wconf 86' lang='grc' dir='ltr'>ὁ</span> <span class='ocrx_word' id='word_1_536' title='bbox 1543 4069 1762 4135; x_wconf 72' lang='grc' dir='ltr'>ἑφεξῆς,</span> 
     </span>
    </p>
   </div>
   <div class='ocr_carea' id='block_1_76' title="bbox 192 4155 1764 4232">
    <p class='ocr_par' dir='ltr' id='par_1_76' title="bbox 192 4155 1764 4232">
     <span class='ocr_line' id='line_1_76' title="bbox 192 4155 1764 4232; baseline -0.004 -17"><span class='ocrx_word' id='word_1_537' title='bbox 192 4167 224 4232; x_wconf 78' lang='grc' dir='ltr'>ἡ</span> <span class='ocrx_word' id='word_1_538' title='bbox 255 4167 337 4223; x_wconf 81' lang='grc' dir='ltr'><strong>εἰς</strong></span> <span class='ocrx_word' id='word_1_539' title='bbox 383 4164 478 4214; x_wconf 73' lang='grc' dir='ltr'><strong>τὸν</strong></span> <span class='ocrx_word' id='word_1_540' title='bbox 514 4161 676 4214; x_wconf 82' lang='grc' dir='ltr'>αὐτὸν</span> <span class='ocrx_word' id='word_1_541' title='bbox 722 4162 833 4211; x_wconf 88' lang='grc' dir='ltr'>υἱὸν</span> <span class='ocrx_word' id='word_1_542' title='bbox 883 4159 1283 4228; x_wconf 81' lang='grc' dir='ltr'>τελευτήσαντα</span> <span class='ocrx_word' id='word_1_543' title='bbox 1336 4159 1590 4228; x_wconf 81' lang='grc' dir='ltr'>μονῳδία.</span> <span class='ocrx_word' id='word_1_544' title='bbox 1628 4155 1764 4210; x_wconf 75' lang='grc' dir='ltr'>Εἶτα</span> 
     </span>
    </p>
   </div>
   <div class='ocr_carea' id='block_1_77' title="bbox 191 4247 1763 4320">
    <p class='ocr_par' dir='ltr' id='par_1_77' title="bbox 191 4247 1763 4320">
     <span class='ocr_line' id='line_1_77' title="bbox 191 4247 1763 4320; baseline -0.003 -14"><span class='ocrx_word' id='word_1_545' title='bbox 191 4253 554 4320; x_wconf 76' lang='grc' dir='ltr'>ἐπιθαλάμιος</span> <span class='ocrx_word' id='word_1_546' title='bbox 574 4255 650 4313; x_wconf 86' lang='grc' dir='ltr'><strong>εἰς</strong></span> <span class='ocrx_word' id='word_1_547' title='bbox 672 4255 884 4320; x_wconf 75' lang='grc' dir='ltr'>ἑταῖρον</span> <span class='ocrx_word' id='word_1_548' title='bbox 907 4250 1144 4320; x_wconf 75' lang='grc' dir='ltr'>Σεϐἧρον</span> <span class='ocrx_word' id='word_1_549' title='bbox 1161 4267 1176 4282; x_wconf 79' lang='grc' dir='ltr'><strong>ο</strong></span> <span class='ocrx_word' id='word_1_550' title='bbox 1211 4252 1316 4302; x_wconf 78' lang='grc' dir='ltr'>οὐδ’</span> <span class='ocrx_word' id='word_1_551' title='bbox 1348 4253 1390 4282; x_wconf 78' lang='grc'>⁷²</span> <span class='ocrx_word' id='word_1_552' title='bbox 1409 4247 1560 4312; x_wconf 71' lang='grc' dir='ltr'>οὗτος</span> <span class='ocrx_word' id='word_1_553' title='bbox 1585 4251 1642 4302; x_wconf 80' lang='grc' dir='ltr'><strong>δὲ</strong></span> <span class='ocrx_word' id='word_1_554' title='bbox 1669 4252 1763 4317; x_wconf 78' lang='grc' dir='ltr'>δη-</span> 
     </span>
    </p>
   </div>
   <div class='ocr_carea' id='block_1_78' title="bbox 192 4340 1767 4409">
    <p class='ocr_par' dir='ltr' id='par_1_78' title="bbox 192 4340 1767 4409">
     <span class='ocr_line' id='line_1_78' title="bbox 192 4340 1767 4409; baseline -0.003 -12"><span class='ocrx_word' id='word_1_555' title='bbox 192 4346 367 4397; x_wconf 75' lang='grc' dir='ltr'>λονότι</span> <span class='ocrx_word' id='word_1_556' title='bbox 413 4344 524 4394; x_wconf 81' lang='grc' dir='ltr'>τῶν</span> <span class='ocrx_word' id='word_1_557' title='bbox 559 4344 605 4372; x_wconf 82' lang='grc'><strong>⁷³</strong></span> <span class='ocrx_word' id='word_1_558' title='bbox 634 4341 1051 4409; x_wconf 79' lang='grc' dir='ltr'>πλασματικῷν.</span> <span class='ocrx_word' id='word_1_559' title='bbox 1106 4340 1306 4392; x_wconf 79' lang='grc' dir='ltr'>Τούτου</span> <span class='ocrx_word' id='word_1_560' title='bbox 1348 4342 1402 4392; x_wconf 84' lang='grc' dir='ltr'>δὲ</span> <span class='ocrx_word' id='word_1_561' title='bbox 1452 4343 1610 4392; x_wconf 83' lang='grc' dir='ltr'>πάλιν</span> <span class='ocrx_word' id='word_1_562' title='bbox 1675 4342 1767 4393; x_wconf 79' lang='grc' dir='ltr'>καὶ</span> 
     </span>
    </p>
   </div>
   <div class='ocr_carea' id='block_1_79' title="bbox 193 4428 1763 4504">
    <p class='ocr_par' dir='ltr' id='par_1_79' title="bbox 193 4428 1763 4504">
     <span class='ocr_line' id='line_1_79' title="bbox 193 4428 1763 4504; baseline -0.002 -15"><span class='ocrx_word' id='word_1_563' title='bbox 193 4436 432 4504; x_wconf 80' lang='grc' dir='ltr'>Θεωρίαν</span> <span class='ocrx_word' id='word_1_564' title='bbox 489 4434 938 4503; x_wconf 77' lang='grc' dir='ltr'>προκαθίσιησιν.</span> <span class='ocrx_word' id='word_1_565' title='bbox 983 4433 1095 4500; x_wconf 77' lang='grc' dir='ltr'><strong>Ἐφ’</strong></span> <span class='ocrx_word' id='word_1_566' title='bbox 1128 4428 1206 4494; x_wconf 77' lang='grc' dir='ltr'>οἷς</span> <span class='ocrx_word' id='word_1_567' title='bbox 1265 4437 1522 4502; x_wconf 83' lang='grc' dir='ltr'>Διογένης</span> <span class='ocrx_word' id='word_1_568' title='bbox 1559 4435 1590 4502; x_wconf 78' lang='grc' dir='ltr'>ἦ</span> <span class='ocrx_word' id='word_1_569' title='bbox 1630 4452 1763 4501; x_wconf 83' lang='grc' dir='ltr'>προ-</span> 
     </span>
    </p>
   </div>
   <div class='ocr_carea' id='block_1_80' title="bbox 195 4519 1768 4596">
    <p class='ocr_par' dir='ltr' id='par_1_80' title="bbox 195 4519 1768 4596">
     <span class='ocr_line' id='line_1_80' title="bbox 195 4519 1768 4596; baseline -0.001 -17"><span class='ocrx_word' id='word_1_570' title='bbox 195 4528 505 4596; x_wconf 81' lang='grc' dir='ltr'>πεμπτικός</span> <span class='ocrx_word' id='word_1_571' title='bbox 531 4545 542 4556; x_wconf 95' lang='grc'>·</span> <span class='ocrx_word' id='word_1_572' title='bbox 579 4525 901 4593; x_wconf 87' lang='grc' dir='ltr'>σεμνύνεται</span> <span class='ocrx_word' id='word_1_573' title='bbox 934 4527 988 4577; x_wconf 81' lang='grc' dir='ltr'>δὲ</span> <span class='ocrx_word' id='word_1_574' title='bbox 1020 4527 1111 4577; x_wconf 84' lang='grc' dir='ltr'><strong>καί</strong></span> <span class='ocrx_word' id='word_1_575' title='bbox 1132 4519 1284 4587; x_wconf 70' lang='grc' dir='ltr'>οὗτος</span> <span class='ocrx_word' id='word_1_576' title='bbox 1315 4526 1641 4596; x_wconf 77' lang='grc' dir='ltr'>προθεωρίᾳ,</span> <span class='ocrx_word' id='word_1_577' title='bbox 1677 4529 1768 4578; x_wconf 85' lang='grc' dir='ltr'><strong>καί</strong></span> 
     </span>
    </p>
   </div>
   <div class='ocr_carea' id='block_1_81' title="bbox 1938 3704 3426 3779">
    <p class='ocr_par' dir='ltr' id='par_1_81' title="bbox 1938 3704 3426 3779">
     <span class='ocr_line' id='line_1_81' title="bbox 1938 3704 3426 3779; baseline 0.003 -20"><span class='ocrx_word' id='word_1_578' title='bbox 1938 3705 2168 3774; x_wconf 84' lang='lat' dir='ltr'><strong>Suhjicit</strong></span> <span class='ocrx_word' id='word_1_579' title='bbox 2201 3706 2265 3759; x_wconf 87' lang='lat' dir='ltr'><strong>iis</strong></span> <span class='ocrx_word' id='word_1_580' title='bbox 2296 3704 2761 3758; x_wconf 80' lang='lat' dir='ltr'><strong>Polemarchicum</strong></span> <span class='ocrx_word' id='word_1_581' title='bbox 2793 3705 2878 3776; x_wconf 89' lang='lat' dir='ltr'><strong>[ut</strong></span> <span class='ocrx_word' id='word_1_582' title='bbox 2909 3707 3084 3778; x_wconf 79' lang='lat' dir='ltr'><strong>vocat]</strong></span> <span class='ocrx_word' id='word_1_583' title='bbox 3120 3727 3134 3764; x_wconf 92' lang='lat'>:</span> <span class='ocrx_word' id='word_1_584' title='bbox 3168 3723 3287 3776; x_wconf 69' lang='lat' dir='ltr'><strong>qua:</strong></span> <span class='ocrx_word' id='word_1_585' title='bbox 3309 3713 3426 3779; x_wconf 90' lang='lat' dir='ltr'><strong>qui-</strong></span> 
     </span>
    </p>
   </div>
   <div class='ocr_carea' id='block_1_82' title="bbox 1863 3799 3429 3866">
    <p class='ocr_par' dir='ltr' id='par_1_82' title="bbox 1863 3799 3429 3866">
     <span class='ocr_line' id='line_1_82' title="bbox 1863 3799 3429 3866; baseline 0.004 -18"><span class='ocrx_word' id='word_1_586' title='bbox 1863 3800 1980 3849; x_wconf 87' lang='lat' dir='ltr'><strong>dem</strong></span> <span class='ocrx_word' id='word_1_587' title='bbox 2006 3800 2178 3851; x_wconf 84' lang='lat' dir='ltr'><strong>oratio</strong></span> <span class='ocrx_word' id='word_1_588' title='bbox 2210 3814 2394 3851; x_wconf 90' lang='lat' dir='ltr'><strong>eorum</strong></span> <span class='ocrx_word' id='word_1_589' title='bbox 2425 3800 2513 3863; x_wconf 88' lang='lat' dir='ltr'><strong>qui</strong></span> <span class='ocrx_word' id='word_1_590' title='bbox 2545 3807 2645 3863; x_wconf 79' lang='lat' dir='ltr'><strong>prd</strong></span> <span class='ocrx_word' id='word_1_591' title='bbox 2669 3800 2854 3866; x_wconf 66' lang='lat' dir='ltr'><strong>patriae</strong></span> <span class='ocrx_word' id='word_1_592' title='bbox 2876 3799 3126 3853; x_wconf 85' lang='lat' dir='ltr'><strong>libertate</strong></span> <span class='ocrx_word' id='word_1_593' title='bbox 3152 3815 3272 3854; x_wconf 84' lang='lat' dir='ltr'><strong>cum</strong></span> <span class='ocrx_word' id='word_1_594' title='bbox 3302 3803 3429 3856; x_wconf 81' lang='lat' dir='ltr'><strong>Per-</strong></span> 
     </span>
    </p>
   </div>
   <div class='ocr_carea' id='block_1_83' title="bbox 1863 3888 3422 3960">
    <p class='ocr_par' dir='ltr' id='par_1_83' title="bbox 1863 3888 3422 3960">
     <span class='ocr_line' id='line_1_83' title="bbox 1863 3888 3422 3960; baseline 0.002 -18"><span class='ocrx_word' id='word_1_595' title='bbox 1863 3890 1938 3942; x_wconf 85' lang='lat' dir='ltr'><strong>sis</strong></span> <span class='ocrx_word' id='word_1_596' title='bbox 1971 3888 2184 3941; x_wconf 80' lang='lat' dir='ltr'><strong>fortitcr</strong></span> <span class='ocrx_word' id='word_1_597' title='bbox 2223 3892 2505 3959; x_wconf 74' lang='lat' dir='ltr'><strong>pugnando</strong></span> <span class='ocrx_word' id='word_1_598' title='bbox 2547 3892 2878 3953; x_wconf 83' lang='lat' dir='ltr'><strong>ceciderunt,</strong></span> <span class='ocrx_word' id='word_1_599' title='bbox 2936 3893 3175 3945; x_wconf 84' lang='lat' dir='ltr'><strong>laudatio</strong></span> <span class='ocrx_word' id='word_1_600' title='bbox 3222 3905 3323 3960; x_wconf 79' lang='lat' dir='ltr'><strong>est,</strong></span> <span class='ocrx_word' id='word_1_601' title='bbox 3376 3909 3422 3946; x_wconf 81' lang='lat' dir='ltr'><strong>et</strong></span> 
     </span>
    </p>
   </div>
   <div class='ocr_carea' id='block_1_84' title="bbox 1866 3981 3431 4055">
    <p class='ocr_par' dir='ltr' id='par_1_84' title="bbox 1866 3981 3431 4055">
     <span class='ocr_line' id='line_1_84' title="bbox 1866 3981 3431 4055; baseline 0.004 -22"><span class='ocrx_word' id='word_1_602' title='bbox 1866 3981 1987 4033; x_wconf 84' lang='lat' dir='ltr'><strong>belli</strong></span> <span class='ocrx_word' id='word_1_603' title='bbox 2017 3981 2173 4034; x_wconf 89' lang='lat' dir='ltr'><strong>simul</strong></span> <span class='ocrx_word' id='word_1_604' title='bbox 2228 3983 2443 4033; x_wconf 83' lang='lat' dir='ltr'><strong>brevem</strong></span> <span class='ocrx_word' id='word_1_605' title='bbox 2499 3982 2709 4034; x_wconf 75' lang='lat' dir='ltr'><strong>landum</strong></span> <span class='ocrx_word' id='word_1_606' title='bbox 2742 3986 3006 4036; x_wconf 83' lang='lat' dir='ltr'><strong>continet.</strong></span> <span class='ocrx_word' id='word_1_607' title='bbox 3046 3985 3193 4038; x_wconf 83' lang='lat' dir='ltr'><strong>llanc</strong></span> <span class='ocrx_word' id='word_1_608' title='bbox 3229 3989 3431 4055; x_wconf 81' lang='lat' dir='ltr'><strong>excipit</strong></span> 
     </span>
    </p>
   </div>
   <div class='ocr_carea' id='block_1_85' title="bbox 1871 4074 3430 4148">
    <p class='ocr_par' dir='ltr' id='par_1_85' title="bbox 1871 4074 3430 4148">
     <span class='ocr_line' id='line_1_85' title="bbox 1871 4074 3430 4148; baseline 0.003 -24"><span class='ocrx_word' id='word_1_609' title='bbox 1871 4075 2268 4141; x_wconf 73' lang='lat' dir='ltr'><strong>Areopagitica,</strong></span> <span class='ocrx_word' id='word_1_610' title='bbox 2309 4074 2423 4126; x_wconf 84' lang='lat' dir='ltr'><strong>sive</strong></span> <span class='ocrx_word' id='word_1_611' title='bbox 2474 4089 2570 4141; x_wconf 81' lang='lat' dir='ltr'><strong>pro</strong></span> <span class='ocrx_word' id='word_1_612' title='bbox 2615 4075 2862 4128; x_wconf 83' lang='lat' dir='ltr'><strong>libertate</strong></span> <span class='ocrx_word' id='word_1_613' title='bbox 2914 4077 3088 4129; x_wconf 81' lang='lat' dir='ltr'><strong>Rufini</strong></span> <span class='ocrx_word' id='word_1_614' title='bbox 3145 4078 3260 4138; x_wconf 83' lang='lat' dir='ltr'><strong>ﬁlii,</strong></span> <span class='ocrx_word' id='word_1_615' title='bbox 3313 4095 3430 4148; x_wconf 76' lang='lat' dir='ltr'><strong>th&#39;.</strong></span> 
     </span>
    </p>
   </div>
   <div class='ocr_carea' id='block_1_86' title="bbox 1873 4167 3432 4235">
    <p class='ocr_par' dir='ltr' id='par_1_86' title="bbox 1873 4167 3432 4235">
     <span class='ocr_line' id='line_1_86' title="bbox 1873 4167 3432 4235; baseline 0.004 -19"><span class='ocrx_word' id='word_1_616' title='bbox 1873 4167 2056 4219; x_wconf 84' lang='lat' dir='ltr'><strong>liclitia</strong></span> <span class='ocrx_word' id='word_1_617' title='bbox 2087 4182 2189 4218; x_wconf 90' lang='lat' dir='ltr'><strong>non</strong></span> <span class='ocrx_word' id='word_1_618' title='bbox 2226 4176 2324 4227; x_wconf 84' lang='lat' dir='ltr'><strong>est,</strong></span> <span class='ocrx_word' id='word_1_619' title='bbox 2375 4176 2431 4218; x_wconf 93' lang='lat' dir='ltr'><strong>ut</strong></span> <span class='ocrx_word' id='word_1_620' title='bbox 2486 4182 2656 4235; x_wconf 82' lang='lat' dir='ltr'><strong>neque</strong></span> <span class='ocrx_word' id='word_1_621' title='bbox 2705 4184 2932 4234; x_wconf 71' lang='lat' dir='ltr'><strong>Sequens</strong></span> <span class='ocrx_word' id='word_1_622' title='bbox 2980 4172 3028 4222; x_wconf 90' lang='lat' dir='ltr'><strong>in</strong></span> <span class='ocrx_word' id='word_1_623' title='bbox 3082 4174 3330 4224; x_wconf 90' lang='lat' dir='ltr'><strong>eumdem</strong></span> <span class='ocrx_word' id='word_1_624' title='bbox 3372 4177 3432 4223; x_wconf 91' lang='lat' dir='ltr'><strong>li-</strong></span> 
     </span>
    </p>
   </div>
   <div class='ocr_carea' id='block_1_87' title="bbox 1875 4255 3432 4329">
    <p class='ocr_par' dir='ltr' id='par_1_87' title="bbox 1875 4255 3432 4329">
     <span class='ocr_line' id='line_1_87' title="bbox 1875 4255 3432 4329; baseline 0.001 -21"><span class='ocrx_word' id='word_1_625' title='bbox 1875 4255 2002 4308; x_wconf 88' lang='lat' dir='ltr'><strong>lium</strong></span> <span class='ocrx_word' id='word_1_626' title='bbox 2039 4272 2227 4311; x_wconf 88' lang='lat' dir='ltr'><strong>recens</strong></span> <span class='ocrx_word' id='word_1_627' title='bbox 2255 4260 2356 4310; x_wconf 87' lang='lat' dir='ltr'><strong>vita</strong></span> <span class='ocrx_word' id='word_1_628' title='bbox 2393 4258 2631 4310; x_wconf 86' lang='lat' dir='ltr'><strong>functum</strong></span> <span class='ocrx_word' id='word_1_629' title='bbox 2671 4263 2937 4312; x_wconf 79' lang='lat' dir='ltr'><strong>mouodia.</strong></span> <span class='ocrx_word' id='word_1_630' title='bbox 2985 4261 3188 4314; x_wconf 69' lang='lat' dir='ltr'><strong>Dehinc</strong></span> <span class='ocrx_word' id='word_1_631' title='bbox 3227 4263 3432 4329; x_wconf 66' lang='lat' dir='ltr'><strong>epitha-</strong></span> 
     </span>
    </p>
   </div>
   <div class='ocr_carea' id='block_1_88' title="bbox 1876 4353 3426 4424">
    <p class='ocr_par' dir='ltr' id='par_1_88' title="bbox 1876 4353 3426 4424">
     <span class='ocr_line' id='line_1_88' title="bbox 1876 4353 3426 4424; baseline 0.002 -22"><span class='ocrx_word' id='word_1_632' title='bbox 1876 4353 2068 4404; x_wconf 88' lang='lat' dir='ltr'><strong>lamius</strong></span> <span class='ocrx_word' id='word_1_633' title='bbox 2125 4366 2301 4404; x_wconf 89' lang='lat' dir='ltr'><strong>sermo</strong></span> <span class='ocrx_word' id='word_1_634' title='bbox 2353 4355 2403 4404; x_wconf 89' lang='lat' dir='ltr'><strong>iu</strong></span> <span class='ocrx_word' id='word_1_635' title='bbox 2438 4353 2693 4406; x_wconf 88' lang='lat' dir='ltr'><strong>Severum</strong></span> <span class='ocrx_word' id='word_1_636' title='bbox 2737 4356 2974 4413; x_wconf 84' lang='lat' dir='ltr'><strong>socium,</strong></span> <span class='ocrx_word' id='word_1_637' title='bbox 3032 4356 3120 4420; x_wconf 86' lang='lat' dir='ltr'><strong>qui</strong></span> <span class='ocrx_word' id='word_1_638' title='bbox 3185 4372 3281 4409; x_wconf 90' lang='lat' dir='ltr'><strong>nec</strong></span> <span class='ocrx_word' id='word_1_639' title='bbox 3315 4357 3426 4424; x_wconf 73' lang='lat' dir='ltr'><strong>ipsi-</strong></span> 
     </span>
    </p>
   </div>
   <div class='ocr_carea' id='block_1_89' title="bbox 1878 4443 3429 4514">
    <p class='ocr_par' dir='ltr' id='par_1_89' title="bbox 1878 4443 3429 4514">
     <span class='ocr_line' id='line_1_89' title="bbox 1878 4443 3429 4514; baseline 0.006 -23"><span class='ocrx_word' id='word_1_640' title='bbox 1878 4443 2097 4495; x_wconf 76' lang='lat' dir='ltr'><strong>fit-titius</strong></span> <span class='ocrx_word' id='word_1_641' title='bbox 2123 4456 2226 4504; x_wconf 81' lang='lat' dir='ltr'><strong>est,</strong></span> <span class='ocrx_word' id='word_1_642' title='bbox 2252 4455 2304 4496; x_wconf 90' lang='lat' dir='ltr'><strong>et</strong></span> <span class='ocrx_word' id='word_1_643' title='bbox 2325 4445 2516 4496; x_wconf 88' lang='lat' dir='ltr'><strong>iterum</strong></span> <span class='ocrx_word' id='word_1_644' title='bbox 2547 4458 2917 4511; x_wconf 76' lang='lat' dir='ltr'><strong>argumentum</strong></span> <span class='ocrx_word' id='word_1_645' title='bbox 2941 4447 3218 4514; x_wconf 63' lang='lat' dir='ltr'><strong>praefixum</strong></span> <span class='ocrx_word' id='word_1_646' title='bbox 3253 4448 3429 4501; x_wconf 58' lang='lat' dir='ltr'><strong>habet.</strong></span> 
     </span>
    </p>
   </div>
   <div class='ocr_carea' id='block_1_90' title="bbox 1880 4534 3432 4606">
    <p class='ocr_par' dir='ltr' id='par_1_90' title="bbox 1880 4534 3432 4606">
     <span class='ocr_line' id='line_1_90' title="bbox 1880 4534 3432 4606; baseline 0.003 -22"><span class='ocrx_word' id='word_1_647' title='bbox 1880 4534 2136 4600; x_wconf 87' lang='lat' dir='ltr'><strong>Deinceps</strong></span> <span class='ocrx_word' id='word_1_648' title='bbox 2171 4536 2559 4604; x_wconf 77' lang='lat' dir='ltr'><strong>Diogenes,seu</strong></span> <span class='ocrx_word' id='word_1_649' title='bbox 2585 4535 2990 4604; x_wconf 80' lang='lat' dir='ltr'><strong>Propempticus</strong></span> <span class='ocrx_word' id='word_1_650' title='bbox 3013 4539 3109 4606; x_wconf 62' lang='lat' dir='ltr'><strong>t7).</strong></span> <span class='ocrx_word' id='word_1_651' title='bbox 3146 4539 3266 4591; x_wconf 65' lang='lat' dir='ltr'><strong>Haec</strong></span> <span class='ocrx_word' id='word_1_652' title='bbox 3298 4556 3432 4606; x_wconf 86' lang='lat' dir='ltr'><strong>quo-</strong></span> 
     </span>
    </p>
   </div>
   <div class='ocr_carea' id='block_1_91' title="bbox 195 4613 1863 4697">
    <p class='ocr_par' dir='ltr' id='par_1_91' title="bbox 195 4613 1850 4687">
     <span class='ocr_line' id='line_1_91' title="bbox 195 4613 1850 4687; baseline -0.001 -16"><span class='ocrx_word' id='word_1_653' title='bbox 195 4635 258 4685; x_wconf 76' lang='grc' dir='ltr'><strong>γε</strong></span> <span class='ocrx_word' id='word_1_654' title='bbox 290 4620 386 4671; x_wconf 71' lang='grc' dir='ltr'>καὶ</span> <span class='ocrx_word' id='word_1_655' title='bbox 419 4619 494 4678; x_wconf 84' lang='grc' dir='ltr'>ὡς</span> <span class='ocrx_word' id='word_1_656' title='bbox 527 4618 760 4686; x_wconf 79' lang='grc' dir='ltr'>διαλόγῳ</span> <span class='ocrx_word' id='word_1_657' title='bbox 789 4618 1051 4670; x_wconf 79' lang='grc' dir='ltr'>τυποῦται</span> <span class='ocrx_word' id='word_1_658' title='bbox 1073 4618 1458 4684; x_wconf 85' lang='grc' dir='ltr'>πλαττόμενος.</span> <span class='ocrx_word' id='word_1_659' title='bbox 1490 4613 1619 4670; x_wconf 80' lang='grc' dir='ltr'>Εἶτα</span> <span class='ocrx_word' id='word_1_660' title='bbox 1641 4619 1772 4687; x_wconf 82' lang='grc' dir='ltr'>πρὸς</span> <span class='ocrx_word' id='word_1_661' title='bbox 1806 4615 1850 4670; x_wconf 85' lang='lat' dir='ltr'><strong>D</strong></span> 
     </span>
    </p>
   </div>
   <div class='ocr_carea' id='block_1_92' title="bbox 1768 4613 3436 4697">
    <p class='ocr_par' dir='ltr' id='par_1_92' title="bbox 1768 4615 3436 4697">
     <span class='ocr_line' id='line_1_92' title="bbox 1768 4615 3436 4697; baseline 0.004 -23"><span class='ocrx_word' id='word_1_662' title='bbox 1768 4637 1772 4674; x_wconf 81' lang='lat'><strong><em>:</em></strong></span> <span class='ocrx_word' id='word_1_663' title='bbox 1806 4615 1850 4670; x_wconf 87' lang='lat' dir='ltr'><strong>D</strong></span> <span class='ocrx_word' id='word_1_664' title='bbox 1878 4640 1980 4690; x_wconf 89' lang='lat' dir='ltr'><strong>que</strong></span> <span class='ocrx_word' id='word_1_665' title='bbox 2020 4636 2340 4693; x_wconf 80' lang='lat' dir='ltr'><strong>argumento</strong></span> <span class='ocrx_word' id='word_1_666' title='bbox 2372 4637 2600 4678; x_wconf 89' lang='lat' dir='ltr'><strong>ornatur</strong></span> <span class='ocrx_word' id='word_1_667' title='bbox 2643 4643 2704 4679; x_wconf 89' lang='lat' dir='ltr'><strong>ac</strong></span> <span class='ocrx_word' id='word_1_668' title='bbox 2732 4628 3064 4697; x_wconf 74' lang='lat' dir='ltr'><strong>dialogorum</strong></span> <span class='ocrx_word' id='word_1_669' title='bbox 3104 4644 3255 4682; x_wconf 90' lang='lat' dir='ltr'><strong>more</strong></span> <span class='ocrx_word' id='word_1_670' title='bbox 3299 4630 3436 4681; x_wconf 78' lang='lat' dir='ltr'><strong>fictis</strong></span> 
     </span>
    </p>
   </div>
   <div class='ocr_carea' id='block_1_93' title="bbox 195 4708 1763 4778">
    <p class='ocr_par' dir='ltr' id='par_1_93' title="bbox 195 4708 1763 4778">
     <span class='ocr_line' id='line_1_93' title="bbox 195 4708 1763 4778; baseline 0.001 -19"><span class='ocrx_word' id='word_1_671' title='bbox 195 4711 318 4770; x_wconf 76' lang='grc' dir='ltr'>τοὺς</span> <span class='ocrx_word' id='word_1_672' title='bbox 339 4709 592 4776; x_wconf 82' lang='grc' dir='ltr'>ἑταίρους</span> <span class='ocrx_word' id='word_1_673' title='bbox 619 4711 1029 4778; x_wconf 79' lang='grc' dir='ltr'>συντακτήριος,</span> <span class='ocrx_word' id='word_1_674' title='bbox 1063 4710 1149 4760; x_wconf 83' lang='grc' dir='ltr'><strong>ὅτε</strong></span> <span class='ocrx_word' id='word_1_675' title='bbox 1185 4708 1328 4777; x_wconf 70' lang='grc' dir='ltr'>ἐξῄει</span> <span class='ocrx_word' id='word_1_676' title='bbox 1371 4711 1449 4770; x_wconf 91' lang='grc' dir='ltr'><strong>εἰς</strong></span> <span class='ocrx_word' id='word_1_677' title='bbox 1484 4709 1763 4778; x_wconf 79' lang='grc' dir='ltr'>Κόρινθον.</span> 
     </span>
    </p>
   </div>
   <div class='ocr_carea' id='block_1_94' title="bbox 199 4796 1770 4868">
    <p class='ocr_par' dir='ltr' id='par_1_94' title="bbox 199 4796 1770 4868">
     <span class='ocr_line' id='line_1_94' title="bbox 199 4796 1770 4868; baseline 0.001 -19"><span class='ocrx_word' id='word_1_678' title='bbox 199 4798 366 4852; x_wconf 76' lang='grc' dir='ltr'>Πάλιν</span> <span class='ocrx_word' id='word_1_679' title='bbox 417 4801 498 4860; x_wconf 72' lang='grc' dir='ltr'><strong>είς</strong></span> <span class='ocrx_word' id='word_1_680' title='bbox 550 4796 843 4848; x_wconf 75' lang='grc' dir='ltr'>Φλαὸιανὸν</span> <span class='ocrx_word' id='word_1_681' title='bbox 901 4800 1374 4868; x_wconf 82' lang='grc' dir='ltr'>προπεμπτήριος,</span> <span class='ocrx_word' id='word_1_682' title='bbox 1430 4799 1770 4867; x_wconf 76' lang='grc' dir='ltr'>προαχθέντα</span> 
     </span>
    </p>
   </div>
   <div class='ocr_carea' id='block_1_95' title="bbox 1876 4716 3439 4789">
    <p class='ocr_par' dir='ltr' id='par_1_95' title="bbox 1876 4716 3439 4789">
     <span class='ocr_line' id='line_1_95' title="bbox 1876 4716 3439 4789; baseline 0.003 -23"><span class='ocrx_word' id='word_1_683' title='bbox 1876 4716 2121 4780; x_wconf 87' lang='lat' dir='ltr'><strong>personis</strong></span> <span class='ocrx_word' id='word_1_684' title='bbox 2154 4717 2486 4769; x_wconf 85' lang='lat' dir='ltr'><strong>conformata</strong></span> <span class='ocrx_word' id='word_1_685' title='bbox 2521 4728 2621 4771; x_wconf 91' lang='lat' dir='ltr'><strong>est.</strong></span> <span class='ocrx_word' id='word_1_686' title='bbox 2662 4717 2794 4771; x_wconf 88' lang='lat' dir='ltr'><strong>Hinc</strong></span> <span class='ocrx_word' id='word_1_687' title='bbox 2831 4721 2896 4771; x_wconf 83' lang='lat' dir='ltr'><strong>ad</strong></span> <span class='ocrx_word' id='word_1_688' title='bbox 2940 4721 3129 4784; x_wconf 73' lang='lat' dir='ltr'><strong>socios:</strong></span> <span class='ocrx_word' id='word_1_689' title='bbox 3158 4719 3439 4789; x_wconf 81' lang='lat' dir='ltr'><strong>Syutacte-</strong></span> 
     </span>
    </p>
   </div>
   <div class='ocr_carea' id='block_1_96' title="bbox 1877 4805 3436 4877">
    <p class='ocr_par' dir='ltr' id='par_1_96' title="bbox 1877 4805 3436 4877">
     <span class='ocr_line' id='line_1_96' title="bbox 1877 4805 3436 4877; baseline 0.005 -22"><span class='ocrx_word' id='word_1_690' title='bbox 1877 4805 1989 4856; x_wconf 91' lang='lat' dir='ltr'><strong>rius</strong></span> <span class='ocrx_word' id='word_1_691' title='bbox 2027 4808 2125 4874; x_wconf 86' lang='lat'><strong>(8),</strong></span> <span class='ocrx_word' id='word_1_692' title='bbox 2163 4807 2382 4875; x_wconf 88' lang='lat' dir='ltr'><strong>quando</strong></span> <span class='ocrx_word' id='word_1_693' title='bbox 2434 4808 2751 4862; x_wconf 80' lang='lat' dir='ltr'><strong>Corinthum</strong></span> <span class='ocrx_word' id='word_1_694' title='bbox 2788 4810 3246 4877; x_wconf 83' lang='lat' dir='ltr'><strong>proﬁciscebatur.</strong></span> <span class='ocrx_word' id='word_1_695' title='bbox 3300 4810 3436 4863; x_wconf 86' lang='lat' dir='ltr'><strong>Pro-</strong></span> 
     </span>
    </p>
   </div>
   <div class='ocr_carea' id='block_1_97' title="bbox 1499 4912 2168 4970">
    <p class='ocr_par' dir='ltr' id='par_1_97' title="bbox 1499 4912 2168 4970">
     <span class='ocr_line' id='line_1_97' title="bbox 1499 4912 2168 4970; baseline 0.01 -7"><span class='ocrx_word' id='word_1_696' title='bbox 1499 4912 1730 4965; x_wconf 68' lang='lat' dir='ltr'><strong>VARl/E</strong></span> <span class='ocrx_word' id='word_1_697' title='bbox 1768 4913 2168 4970; x_wconf 84' lang='lat' dir='ltr'><strong>LECTIONES.</strong></span> 
     </span>
    </p>
   </div>
   <div class='ocr_carea' id='block_1_98' title="bbox 263 5029 661 5092">
    <p class='ocr_par' dir='ltr' id='par_1_98' title="bbox 263 5029 661 5092">
     <span class='ocr_line' id='line_1_98' title="bbox 263 5029 661 5092; baseline -0.015 -10"><span class='ocrx_word' id='word_1_698' title='bbox 263 5034 309 5064; x_wconf 78' lang='lat'>&quot;</span> <span class='ocrx_word' id='word_1_699' title='bbox 343 5029 572 5082; x_wconf 77' lang='grc' dir='ltr'>ἐκτυποῖ</span> <span class='ocrx_word' id='word_1_700' title='bbox 602 5047 661 5092; x_wconf 83' lang='grc' dir='ltr'>ς’.</span> 
     </span>
    </p>
   </div>
   <div class='ocr_carea' id='block_1_99' title="bbox 738 5023 1735 5094">
    <p class='ocr_par' dir='ltr' id='par_1_99' title="bbox 738 5023 1735 5094">
     <span class='ocr_line' id='line_1_99' title="bbox 738 5023 1735 5094; baseline 0.003 -19"><span class='ocrx_word' id='word_1_701' title='bbox 738 5025 780 5055; x_wconf 75' lang='grc'><strong>⁸⁸</strong></span> <span class='ocrx_word' id='word_1_702' title='bbox 813 5023 1140 5094; x_wconf 70' lang='grc' dir='ltr'>προτείνειεν</span> <span class='ocrx_word' id='word_1_703' title='bbox 1167 5040 1224 5094; x_wconf 78' lang='grc' dir='ltr'>ς’.</span> <span class='ocrx_word' id='word_1_704' title='bbox 1301 5023 1342 5094; x_wconf 81' lang='grc'>⁸⁷</span> <span class='ocrx_word' id='word_1_705' title='bbox 1377 5025 1644 5094; x_wconf 83' lang='grc' dir='ltr'>μεγαλείῳ</span> <span class='ocrx_word' id='word_1_706' title='bbox 1677 5044 1735 5088; x_wconf 76' lang='grc' dir='ltr'><strong>ς.</strong></span> 
     </span>
    </p>
   </div>
   <div class='ocr_carea' id='block_1_100' title="bbox 199 5095 968 5166">
    <p class='ocr_par' dir='ltr' id='par_1_100' title="bbox 199 5095 968 5166">
     <span class='ocr_line' id='line_1_100' title="bbox 199 5095 968 5166; baseline -0.01 -10"><span class='ocrx_word' id='word_1_707' title='bbox 199 5121 256 5156; x_wconf 83' lang='grc' dir='ltr'><strong>τε</strong></span> <span class='ocrx_word' id='word_1_708' title='bbox 291 5120 352 5166; x_wconf 81' lang='grc' dir='ltr'><strong>ς.</strong></span> <span class='ocrx_word' id='word_1_709' title='bbox 401 5098 746 5166; x_wconf 80' lang='lat' dir='ltr'><strong>Stephanus:</strong></span> <span class='ocrx_word' id='word_1_710' title='bbox 777 5095 894 5147; x_wconf 88' lang='lat' dir='ltr'><strong>libri</strong></span> <span class='ocrx_word' id='word_1_711' title='bbox 922 5097 968 5148; x_wconf 85' lang='grc' dir='ltr'>ὁ.</span> 
     </span>
    </p>
   </div>
   <div class='ocr_carea' id='block_1_101' title="bbox 1045 5092 1463 5145">
    <p class='ocr_par' dir='ltr' id='par_1_101' title="bbox 1045 5092 1463 5145">
     <span class='ocr_line' id='line_1_101' title="bbox 1045 5092 1463 5145; baseline 0.002 -1"><span class='ocrx_word' id='word_1_712' title='bbox 1045 5094 1088 5123; x_wconf 82' lang='grc'>⁷⁸</span> <span class='ocrx_word' id='word_1_713' title='bbox 1119 5092 1226 5144; x_wconf 80' lang='grc' dir='ltr'>οὐδ’</span> <span class='ocrx_word' id='word_1_714' title='bbox 1248 5093 1368 5145; x_wconf 87' lang='lat' dir='ltr'><strong>add.</strong></span> <span class='ocrx_word' id='word_1_715' title='bbox 1399 5092 1463 5145; x_wconf 84' lang='lat' dir='ltr'><strong>A.</strong></span> 
     </span>
    </p>
   </div>
   <div class='ocr_carea' id='block_1_102' title="bbox 1647 5027 2891 5106">
    <p class='ocr_par' dir='ltr' id='par_1_102' title="bbox 1647 5027 2891 5106">
     <span class='ocr_line' id='line_1_102' title="bbox 1647 5027 2891 5106; baseline 0.007 -28"><span class='ocrx_word' id='word_1_716' title='bbox 1647 5044 1735 5106; x_wconf 28' lang='lat' dir='ltr'><strong>ig.</strong></span> <span class='ocrx_word' id='word_1_717' title='bbox 1812 5029 1856 5058; x_wconf 81' lang='grc'><strong>⁸⁸</strong></span> <span class='ocrx_word' id='word_1_718' title='bbox 1886 5027 2003 5106; x_wconf 68' lang='grc' dir='ltr'>οὐδὲ</span> <span class='ocrx_word' id='word_1_719' title='bbox 2030 5047 2088 5093; x_wconf 79' lang='grc' dir='ltr'><strong>ς.</strong></span> <span class='ocrx_word' id='word_1_720' title='bbox 2151 5030 2193 5061; x_wconf 89' lang='grc'>⁸⁹</span> <span class='ocrx_word' id='word_1_721' title='bbox 2229 5031 2561 5101; x_wconf 85' lang='grc' dir='ltr'>κεχρημένος</span> <span class='ocrx_word' id='word_1_722' title='bbox 2582 5047 2690 5088; x_wconf 86' lang='grc' dir='ltr'>οιη.</span> <span class='ocrx_word' id='word_1_723' title='bbox 2725 5048 2807 5102; x_wconf 88' lang='lat' dir='ltr'><strong>pr.</strong></span> <span class='ocrx_word' id='word_1_724' title='bbox 2831 5033 2891 5087; x_wconf 89' lang='lat' dir='ltr'><strong>C.</strong></span> 
     </span>
    </p>
   </div>
   <div class='ocr_carea' id='block_1_103' title="bbox 1539 5094 1943 5151">
    <p class='ocr_par' dir='ltr' id='par_1_103' title="bbox 1539 5094 1943 5151">
     <span class='ocr_line' id='line_1_103' title="bbox 1539 5094 1943 5151; baseline 0.015 -6"><span class='ocrx_word' id='word_1_725' title='bbox 1539 5094 1581 5123; x_wconf 90' lang='grc'><strong>⁷³</strong></span> <span class='ocrx_word' id='word_1_726' title='bbox 1605 5096 1710 5147; x_wconf 84' lang='grc' dir='ltr'><strong>τῶν</strong></span> <span class='ocrx_word' id='word_1_727' title='bbox 1737 5114 1842 5150; x_wconf 87' lang='lat' dir='ltr'><strong>om.</strong></span> <span class='ocrx_word' id='word_1_728' title='bbox 1879 5102 1943 5151; x_wconf 78' lang='grc' dir='ltr'>Α.</span> 
     </span>
    </p>
   </div>
   <div class='ocr_carea' id='block_1_104' title="bbox 2999 5034 3437 5104">
    <p class='ocr_par' dir='ltr' id='par_1_104' title="bbox 2999 5034 3437 5104">
     <span class='ocr_line' id='line_1_104' title="bbox 2999 5034 3437 5104; baseline -0.002 -18"><span class='ocrx_word' id='word_1_729' title='bbox 2999 5037 3042 5066; x_wconf 80' lang='grc'>⁷⁸</span> <span class='ocrx_word' id='word_1_730' title='bbox 3068 5035 3162 5104; x_wconf 83' lang='grc' dir='ltr'>τὴν</span> <span class='ocrx_word' id='word_1_731' title='bbox 3207 5034 3287 5086; x_wconf 82' lang='lat' dir='ltr'><strong>A:</strong></span> <span class='ocrx_word' id='word_1_732' title='bbox 3342 5038 3437 5103; x_wconf 77' lang='grc' dir='ltr'><strong>τήν</strong></span> 
     </span>
    </p>
   </div>
   <div class='ocr_carea' id='block_1_105' title="bbox 1737 5217 1964 5275">
    <p class='ocr_par' dir='ltr' id='par_1_105' title="bbox 1737 5217 1964 5275">
     <span class='ocr_line' id='line_1_105' title="bbox 1737 5217 1964 5275; baseline 0.026 -6"><span class='ocrx_word' id='word_1_733' title='bbox 1737 5217 1964 5275; x_wconf 51' lang='grc' dir='ltr'><strong>ΝΟΤᾸΕ.</strong></span> 
     </span>
    </p>
   </div>
   <div class='ocr_carea' id='block_1_106' title="bbox 270 5305 1776 5378">
    <p class='ocr_par' dir='ltr' id='par_1_106' title="bbox 270 5305 1776 5378">
     <span class='ocr_line' id='line_1_106' title="bbox 270 5305 1776 5378; baseline 0 -14"><span class='ocrx_word' id='word_1_734' title='bbox 270 5312 348 5376; x_wconf 87' lang='grc'><strong>(5)</strong></span> <span class='ocrx_word' id='word_1_735' title='bbox 380 5306 716 5377; x_wconf 76' lang='grc' dir='ltr'>περιὸολαῖς.</span> <span class='ocrx_word' id='word_1_736' title='bbox 773 5306 847 5360; x_wconf 91' lang='lat' dir='ltr'><strong>De</strong></span> <span class='ocrx_word' id='word_1_737' title='bbox 925 5306 1122 5374; x_wconf 81' lang='lat' dir='ltr'><strong>quibus</strong></span> <span class='ocrx_word' id='word_1_738' title='bbox 1182 5305 1564 5378; x_wconf 78' lang='lat' dir='ltr'><strong>Hermogenes,</strong></span> <span class='ocrx_word' id='word_1_739' title='bbox 1618 5311 1711 5365; x_wconf 90' lang='lat' dir='ltr'><strong>lih.</strong></span> <span class='ocrx_word' id='word_1_740' title='bbox 1760 5327 1776 5364; x_wconf 96' lang='grc' dir='ltr'><strong>ι</strong></span> 
     </span>
    </p>
   </div>
   <div class='ocr_carea' id='block_1_107' title="bbox 203 5382 470 5434">
    <p class='ocr_par' dir='ltr' id='par_1_107' title="bbox 203 5382 470 5434">
     <span class='ocr_line' id='line_1_107' title="bbox 203 5382 470 5434; baseline -0.019 0"><span class='ocrx_word' id='word_1_741' title='bbox 203 5382 470 5434; x_wconf 78' lang='lat' dir='ltr'><strong>ldenrum.</strong></span> 
     </span>
    </p>
   </div>
   <div class='ocr_carea' id='block_1_108' title="bbox 263 5447 1777 5519">
    <p class='ocr_par' dir='ltr' id='par_1_108' title="bbox 263 5447 1777 5519">
     <span class='ocr_line' id='line_1_108' title="bbox 263 5447 1777 5519; baseline 0.001 -16"><span class='ocrx_word' id='word_1_742' title='bbox 263 5454 339 5519; x_wconf 82' lang='grc'><strong>(6)</strong></span> <span class='ocrx_word' id='word_1_743' title='bbox 377 5451 580 5509; x_wconf 85' lang='grc' dir='ltr'>Λύσεις</span> <span class='ocrx_word' id='word_1_744' title='bbox 607 5447 908 5519; x_wconf 67' lang='grc' dir='ltr'>ονομάτων.</span> <span class='ocrx_word' id='word_1_745' title='bbox 966 5463 1100 5519; x_wconf 81' lang='lat' dir='ltr'><strong>quas</strong></span> <span class='ocrx_word' id='word_1_746' title='bbox 1155 5447 1454 5502; x_wconf 78' lang='lat' dir='ltr'><strong>Demetrius</strong></span> <span class='ocrx_word' id='word_1_747' title='bbox 1484 5450 1777 5519; x_wconf 70' lang='lat' dir='ltr'><strong>ijlareus</strong></span> 
     </span>
    </p>
   </div>
   <div class='ocr_carea' id='block_1_109' title="bbox 203 5515 1776 5586">
    <p class='ocr_par' dir='ltr' id='par_1_109' title="bbox 203 5515 1776 5586">
     <span class='ocr_line' id='line_1_109' title="bbox 203 5515 1776 5586; baseline 0.002 -15"><span class='ocrx_word' id='word_1_748' title='bbox 203 5515 578 5586; x_wconf 45' lang='lat' dir='ltr'><strong>fieri&#39;scripsit</strong></span> <span class='ocrx_word' id='word_1_749' title='bbox 607 5518 856 5578; x_wconf 85' lang='grc' dir='ltr'>λυθέντος</span> <span class='ocrx_word' id='word_1_750' title='bbox 890 5517 1152 5585; x_wconf 79' lang='grc' dir='ltr'>ὀνόματος</span> <span class='ocrx_word' id='word_1_751' title='bbox 1181 5521 1262 5586; x_wconf 78' lang='grc' dir='ltr'><strong>είς</strong></span> <span class='ocrx_word' id='word_1_752' title='bbox 1295 5519 1449 5586; x_wconf 84' lang='grc' dir='ltr'>λόγον</span> <span class='ocrx_word' id='word_1_753' title='bbox 1484 5515 1594 5573; x_wconf 74' lang='grc' dir='ltr'>οἷον</span> <span class='ocrx_word' id='word_1_754' title='bbox 1630 5525 1776 5574; x_wconf 82' lang='grc' dir='ltr'>σίτου</span> 
     </span>
    </p>
   </div>
   <div class='ocr_carea' id='block_1_110' title="bbox 200 5585 1774 5657">
    <p class='ocr_par' dir='ltr' id='par_1_110' title="bbox 200 5585 1774 5657">
     <span class='ocr_line' id='line_1_110' title="bbox 200 5585 1774 5657; baseline 0.003 -17"><span class='ocrx_word' id='word_1_755' title='bbox 200 5592 434 5657; x_wconf 79' lang='grc' dir='ltr'>πομπὴ,</span> <span class='ocrx_word' id='word_1_756' title='bbox 478 5585 481 5586; x_wconf 17' lang='grc' dir='ltr'><em>ν</em></span> <span class='ocrx_word' id='word_1_757' title='bbox 518 5589 638 5640; x_wconf 78' lang='grc' dir='ltr'>ἀντὶ</span> <span class='ocrx_word' id='word_1_758' title='bbox 727 5588 1141 5656; x_wconf 79' lang='grc' dir='ltr'>σιτουπομπίας.</span> <span class='ocrx_word' id='word_1_759' title='bbox 1223 5585 1373 5657; x_wconf 70' lang='lat' dir='ltr'><strong>Vide</strong></span> <span class='ocrx_word' id='word_1_760' title='bbox 1425 5592 1492 5642; x_wconf 90' lang='lat' dir='ltr'><strong>ibi</strong></span> <span class='ocrx_word' id='word_1_761' title='bbox 1553 5597 1774 5646; x_wconf 73' lang='lat' dir='ltr'><strong>doctiss.</strong></span> 
     </span>
    </p>
   </div>
   <div class='ocr_carea' id='block_1_111' title="bbox 203 5656 1683 5715">
    <p class='ocr_par' dir='ltr' id='par_1_111' title="bbox 203 5656 1683 5715">
     <span class='ocr_line' id='line_1_111' title="bbox 203 5656 1683 5715; baseline 0.001 -2"><span class='ocrx_word' id='word_1_762' title='bbox 203 5660 258 5713; x_wconf 76' lang='grc' dir='ltr'><strong>Ι).</strong></span> <span class='ocrx_word' id='word_1_763' title='bbox 281 5656 512 5711; x_wconf 74' lang='lat' dir='ltr'><strong>Victorii</strong></span> <span class='ocrx_word' id='word_1_764' title='bbox 545 5657 837 5710; x_wconf 81' lang='lat' dir='ltr'><strong>Comment.</strong></span> <span class='ocrx_word' id='word_1_765' title='bbox 875 5670 926 5708; x_wconf 90' lang='lat' dir='ltr'><strong>et</strong></span> <span class='ocrx_word' id='word_1_766' title='bbox 960 5659 1183 5709; x_wconf 80' lang='lat' dir='ltr'><strong>Aristot.</strong></span> <span class='ocrx_word' id='word_1_767' title='bbox 1221 5656 1429 5711; x_wconf 59' lang='lat' dir='ltr'><strong>&quot;lictor.</strong></span> <span class='ocrx_word' id='word_1_768' title='bbox 1476 5662 1564 5713; x_wconf 89' lang='lat' dir='ltr'><strong>lib.</strong></span> <span class='ocrx_word' id='word_1_769' title='bbox 1600 5678 1683 5715; x_wconf 86' lang='lat' dir='ltr'><strong>tu.</strong></span> 
     </span>
    </p>
   </div>
   <div class='ocr_carea' id='block_1_112' title="bbox 268 5728 1773 5794">
    <p class='ocr_par' dir='ltr' id='par_1_112' title="bbox 268 5728 1773 5794">
     <span class='ocr_line' id='line_1_112' title="bbox 268 5728 1773 5794; baseline 0.002 -14"><span class='ocrx_word' id='word_1_770' title='bbox 268 5731 345 5794; x_wconf 80' lang='grc'><strong>(7)</strong></span> <span class='ocrx_word' id='word_1_771' title='bbox 380 5730 483 5794; x_wconf 89' lang='lat' dir='ltr'><strong>Qui</strong></span> <span class='ocrx_word' id='word_1_772' title='bbox 541 5729 698 5794; x_wconf 85' lang='lat' dir='ltr'><strong>fausti</strong></span> <span class='ocrx_word' id='word_1_773' title='bbox 774 5728 971 5781; x_wconf 91' lang='lat' dir='ltr'><strong>ominis</strong></span> <span class='ocrx_word' id='word_1_774' title='bbox 1004 5742 1163 5781; x_wconf 85' lang='lat' dir='ltr'><strong>causa</strong></span> <span class='ocrx_word' id='word_1_775' title='bbox 1213 5729 1279 5781; x_wconf 86' lang='lat' dir='ltr'><strong>ad</strong></span> <span class='ocrx_word' id='word_1_776' title='bbox 1337 5729 1606 5784; x_wconf 89' lang='lat' dir='ltr'><strong>hominem</strong></span> <span class='ocrx_word' id='word_1_777' title='bbox 1654 5747 1773 5784; x_wconf 80' lang='lat' dir='ltr'><strong>mox</strong></span> 
     </span>
    </p>
   </div>
   <div class='ocr_carea' id='block_1_113' title="bbox 199 5797 857 5862">
    <p class='ocr_par' dir='ltr' id='par_1_113' title="bbox 199 5797 857 5862">
     <span class='ocr_line' id='line_1_113' title="bbox 199 5797 857 5862; baseline 0 -13"><span class='ocrx_word' id='word_1_778' title='bbox 199 5800 578 5862; x_wconf 81' lang='lat' dir='ltr'><strong>profecturum</strong></span> <span class='ocrx_word' id='word_1_779' title='bbox 612 5797 857 5850; x_wconf 74' lang='lat' dir='ltr'><strong>habetur.</strong></span> 
     </span>
    </p>
   </div>
   <div class='ocr_carea' id='block_1_114' title="bbox 1960 5314 3440 5385">
    <p class='ocr_par' dir='ltr' id='par_1_114' title="bbox 1960 5314 3440 5385">
     <span class='ocr_line' id='line_1_114' title="bbox 1960 5314 3440 5385; baseline -0.002 -17"><span class='ocrx_word' id='word_1_780' title='bbox 1960 5316 2032 5383; x_wconf 92' lang='lat'><strong>(8)</strong></span> <span class='ocrx_word' id='word_1_781' title='bbox 2075 5315 2218 5369; x_wconf 81' lang='lat' dir='ltr'><strong>Idem</strong></span> <span class='ocrx_word' id='word_1_782' title='bbox 2250 5315 2341 5385; x_wconf 88' lang='lat' dir='ltr'><strong>qui</strong></span> <span class='ocrx_word' id='word_1_783' title='bbox 2373 5317 2789 5385; x_wconf 79' lang='grc' dir='ltr'>άποτακτήριος,</span> <span class='ocrx_word' id='word_1_784' title='bbox 2817 5325 2874 5368; x_wconf 88' lang='lat' dir='ltr'><strong>ut</strong></span> <span class='ocrx_word' id='word_1_785' title='bbox 2903 5316 3057 5368; x_wconf 85' lang='lat' dir='ltr'><strong>docet</strong></span> <span class='ocrx_word' id='word_1_786' title='bbox 3084 5316 3301 5367; x_wconf 84' lang='lat' dir='ltr'><strong>doctiss.</strong></span> <span class='ocrx_word' id='word_1_787' title='bbox 3331 5314 3440 5366; x_wconf 87' lang='lat' dir='ltr'><strong>Bil-</strong></span> 
     </span>
    </p>
   </div>
   <div class='ocr_carea' id='block_1_115' title="bbox 1887 5385 3434 5451">
    <p class='ocr_par' dir='ltr' id='par_1_115' title="bbox 1887 5385 3434 5451">
     <span class='ocr_line' id='line_1_115' title="bbox 1887 5385 3434 5451; baseline -0.001 -15"><span class='ocrx_word' id='word_1_788' title='bbox 1887 5385 1991 5440; x_wconf 86' lang='lat' dir='ltr'><strong>lius</strong></span> <span class='ocrx_word' id='word_1_789' title='bbox 2021 5389 2084 5438; x_wconf 84' lang='lat' dir='ltr'><strong>ad</strong></span> <span class='ocrx_word' id='word_1_790' title='bbox 2113 5387 2327 5440; x_wconf 80' lang='lat' dir='ltr'><strong>SJoan.</strong></span> <span class='ocrx_word' id='word_1_791' title='bbox 2352 5386 2664 5439; x_wconf 83' lang='lat' dir='ltr'><strong>Datnasceni</strong></span> <span class='ocrx_word' id='word_1_792' title='bbox 2690 5397 2829 5439; x_wconf 87' lang='lat' dir='ltr'><strong>orat.</strong></span> <span class='ocrx_word' id='word_1_793' title='bbox 2851 5385 2922 5437; x_wconf 82' lang='lat' dir='ltr'><strong>De</strong></span> <span class='ocrx_word' id='word_1_794' title='bbox 2969 5386 3167 5451; x_wconf 74' lang='lat' dir='ltr'><strong>ﬁdeltb.</strong></span> <span class='ocrx_word' id='word_1_795' title='bbox 3201 5387 3434 5448; x_wconf 74' lang='lat' dir='ltr'><strong>defunct.</strong></span> 
     </span>
    </p>
   </div>
   <div class='ocr_carea' id='block_1_116' title="bbox 1885 5455 3433 5525">
    <p class='ocr_par' dir='ltr' id='par_1_116' title="bbox 1885 5455 3433 5525">
     <span class='ocr_line' id='line_1_116' title="bbox 1885 5455 3433 5525; baseline -0.001 -18"><span class='ocrx_word' id='word_1_796' title='bbox 1885 5457 2051 5507; x_wconf 71' lang='lat' dir='ltr'><strong>Schol.</strong></span> <span class='ocrx_word' id='word_1_797' title='bbox 2083 5457 2172 5514; x_wconf 65' lang='grc'><strong>48.</strong></span> <span class='ocrx_word' id='word_1_798' title='bbox 2205 5468 2256 5509; x_wconf 86' lang='lat' dir='ltr'><strong>et</strong></span> <span class='ocrx_word' id='word_1_799' title='bbox 2287 5456 2339 5509; x_wconf 89' lang='lat' dir='ltr'><strong>S.</strong></span> <span class='ocrx_word' id='word_1_800' title='bbox 2367 5456 2525 5525; x_wconf 79' lang='lat' dir='ltr'><strong>Greg.</strong></span> <span class='ocrx_word' id='word_1_801' title='bbox 2562 5457 2778 5508; x_wconf 76' lang='lat' dir='ltr'><strong>Nazian.</strong></span> <span class='ocrx_word' id='word_1_802' title='bbox 2816 5468 2954 5509; x_wconf 85' lang='lat' dir='ltr'><strong>orat.</strong></span> <span class='ocrx_word' id='word_1_803' title='bbox 2986 5457 3052 5508; x_wconf 72' lang='grc'>52</span> <span class='ocrx_word' id='word_1_804' title='bbox 3082 5455 3433 5507; x_wconf 84' lang='lat' dir='ltr'><strong>describitur:</strong></span> 
     </span>
    </p>
   </div>
   <div class='ocr_carea' id='block_1_117' title="bbox 1898 5525 3440 5593">
    <p class='ocr_par' dir='ltr' id='par_1_117' title="bbox 1898 5525 3440 5593">
     <span class='ocr_line' id='line_1_117' title="bbox 1898 5525 3440 5593; baseline -0.003 -16"><span class='ocrx_word' id='word_1_805' title='bbox 1898 5527 1956 5577; x_wconf 83' lang='lat'><strong>&#39;0</strong></span> <span class='ocrx_word' id='word_1_806' title='bbox 1992 5529 2047 5577; x_wconf 83' lang='grc' dir='ltr'><strong>ὲν</strong></span> <span class='ocrx_word' id='word_1_807' title='bbox 2089 5527 2287 5590; x_wconf 81' lang='grc' dir='ltr'>ἐξόδοις</span> <span class='ocrx_word' id='word_1_808' title='bbox 2318 5528 2423 5576; x_wconf 80' lang='grc' dir='ltr'>τῶν</span> <span class='ocrx_word' id='word_1_809' title='bbox 2458 5528 2664 5578; x_wconf 83' lang='grc' dir='ltr'>πόλεων</span> <span class='ocrx_word' id='word_1_810' title='bbox 2715 5528 2806 5578; x_wconf 77' lang='grc' dir='ltr'>ἐπὶ</span> <span class='ocrx_word' id='word_1_811' title='bbox 2843 5525 2947 5577; x_wconf 79' lang='grc' dir='ltr'><strong>τῶν</strong></span> <span class='ocrx_word' id='word_1_812' title='bbox 2981 5526 3254 5593; x_wconf 80' lang='grc' dir='ltr'>ἀρχόντων</span> <span class='ocrx_word' id='word_1_813' title='bbox 3301 5526 3440 5577; x_wconf 75' lang='grc' dir='ltr'>ἁπο-</span> 
     </span>
    </p>
   </div>
   <div class='ocr_carea' id='block_1_118' title="bbox 1890 5594 3436 5666">
    <p class='ocr_par' dir='ltr' id='par_1_118' title="bbox 1890 5594 3436 5666">
     <span class='ocr_line' id='line_1_118' title="bbox 1890 5594 3436 5666; baseline -0.003 -19"><span class='ocrx_word' id='word_1_814' title='bbox 1890 5599 2257 5666; x_wconf 85' lang='grc' dir='ltr'>χαιρετισμός.</span> <span class='ocrx_word' id='word_1_815' title='bbox 2286 5595 2420 5649; x_wconf 80' lang='lat' dir='ltr'><strong>Vide</strong></span> <span class='ocrx_word' id='word_1_816' title='bbox 2459 5600 2519 5647; x_wconf 75' lang='lat' dir='ltr'><strong>de</strong></span> <span class='ocrx_word' id='word_1_817' title='bbox 2546 5599 2664 5655; x_wconf 86' lang='lat' dir='ltr'><strong>hoc.</strong></span> <span class='ocrx_word' id='word_1_818' title='bbox 2695 5598 2917 5663; x_wconf 83' lang='lat' dir='ltr'><strong>aliisque</strong></span> <span class='ocrx_word' id='word_1_819' title='bbox 2969 5601 3106 5663; x_wconf 88' lang='lat' dir='ltr'><strong>apud</strong></span> <span class='ocrx_word' id='word_1_820' title='bbox 3144 5594 3436 5648; x_wconf 45' lang='lat' dir='ltr'><strong>l&#39;litneriuin</strong></span> 
     </span>
    </p>
   </div>
   <div class='ocr_carea' id='block_1_119' title="bbox 1887 5667 3437 5732">
    <p class='ocr_par' dir='ltr' id='par_1_119' title="bbox 1887 5667 3437 5732">
     <span class='ocr_line' id='line_1_119' title="bbox 1887 5667 3437 5732; baseline -0.001 -18"><span class='ocrx_word' id='word_1_821' title='bbox 1887 5670 2192 5718; x_wconf 80' lang='lat' dir='ltr'><strong>orationum</strong></span> <span class='ocrx_word' id='word_1_822' title='bbox 2251 5669 2577 5732; x_wconf 70' lang='lat' dir='ltr'><strong>getict&#39;bus.</strong></span> <span class='ocrx_word' id='word_1_823' title='bbox 2639 5668 2981 5718; x_wconf 77' lang='lat' dir='ltr'><strong>Menandrum</strong></span> <span class='ocrx_word' id='word_1_824' title='bbox 3040 5667 3333 5731; x_wconf 78' lang='lat' dir='ltr'><strong>sophistam</strong></span> <span class='ocrx_word' id='word_1_825' title='bbox 3389 5681 3437 5712; x_wconf 89' lang='grc' dir='ltr'><strong>ιιι</strong></span> 
     </span>
    </p>
   </div>
   <div class='ocr_carea' id='block_1_120' title="bbox 1889 5735 2224 5799">
    <p class='ocr_par' dir='ltr' id='par_1_120' title="bbox 1889 5735 2224 5799">
     <span class='ocr_line' id='line_1_120' title="bbox 1889 5735 2224 5799; baseline 0.003 -14"><span class='ocrx_word' id='word_1_826' title='bbox 1889 5735 2224 5799; x_wconf 69' lang='lat' dir='ltr'><strong>Epidicticis.</strong></span> 
     </span>
    </p>
   </div>
  </div>
