4224 6446
797 423 903 485 463

1883 417 2147 478 ΡΙΙΟΤῙΙ
2192 415 2700 477 ΡᾹΤΒΙΑΚΕΗᾹΞ
2729 416 2837 475 CP.

3933 403 4041 468 ια

798 532 1122 599 pumpierius
1193 538 1326 579 :uter
1389 526 1453 579 ad
1514 526 1829 579 Flavianum
1890 526 2031 579 Asiae
2092 525 2418 582 consulem}

2489 525 2566 593 τῆς
2596 524 2777 586 Ἀσίας
2812 523 3034 575 ὕπατον.
3073 519 3299 589 Ἐιξεξῆς
3328 522 3407 583 είς
3451 522 3576 582 τοὺς
3630 520 3758 588 περὶ
3790 519 4040 571 Πείσωνα

802 631 1022 679 tactum.
1058 620 1258 674 Deinde
1288 620 1338 672 in
1370 616 1617 673 Pisonem
1675 620 1932 671 advenam
2004 616 2103 686 (9).
2138 616 2371 668 Rursum

817 717 1137 783 Protreptira
1169 752 1182 774 ,
1237 728 1357 781 quze
1413 720 1467 763 et
1547 711 1795 779 Diogenes
1849 709 2179 763 inscribitur.
2239 706 2374 759 llinc

801 807 1076 860 Schedium
1105 802 1215 872 (10)
1234 842 1249 864 ,
1270 801 1340 855 ob
1372 800 1768 854 contentionem
1800 799 1853 851 in
1897 798 2079 851 schola
2106 806 2372 850 exortam.

802 903 854 953 In
888 901 1181 971 Cyprorum
1214 899 1520 950 adventum.
1558 894 1610 947 In
1648 894 1875 962 primum
1899 906 2054 945 suum
2084 906 2114 944 e
2166 890 2375 957 Cappa-

798 992 953 1043 docia
1010 990 1329 1042 auditorem.
1392 987 1518 1039 Mox
1577 985 1778 1053 ingenii
1870 982 2142 1052 quoddam
2204 979 2378 1049 Speci-

801 1095 946 1140 men,
986 1078 1204 1147 quando
1233 1086 1289 1129 ut
1313 1076 1519 1129 diceret
1567 1083 1789 1143 rogatus
1814 1072 2081 1125 recusavit
2110 1072 2371 1140 primum:

800 1172 866 1223 de
891 1185 997 1238 quo
1035 1180 1211 1220 tamen
1248 1168 1362 1233 ipso
1390 1179 1569 1231 postea
1604 1166 1859 1219 disseruit
1890 1204 1904 1227 ,
1937 1163 2165 1216 Pulchra
2197 1165 2376 1215 omnia

800 1265 961 1311 etiam
1003 1275 1122 1312 esse
1156 1275 1299 1310 rara.
1330 1256 1382 1310 In
1418 1257 1719 1311 Musonium
1752 1257 1861 1325 (tl)
1898 1256 2120 1309 Graeciae
2151 1268 2379 1323 procon-

802 1351 1003 1411 sulem;
1038 1352 1088 1401 in
1124 1348 1384 1403 Severum
1430 1364 1640 1417 quoque
1675 1350 1961 1407 advenam,
2006 1343 2379 1412 Symplegada:

802 1441 1137 1510 praefectum.
1194 1439 1329 1492 lliuc
1397 1440 1780 1492 sermocinatio
1814 1440 1956 1507 (12);
2010 1440 2060 1490 in
2095 1439 2377 1492 Ursacium

802 1535 1089 1597 comitem;
1126 1534 1179 1585 in
1212 1531 1471 1585 Severum
1504 1531 1777 1594 sodalem;
1811 1532 1860 1583 in
1898 1531 2201 1601 Sc'ylacium
2231 1528 2379 1583 Gne-

803 1629 899 1677 riaa
931 1628 1345 1692 proconsulem;
1374 1625 1424 1675 in
1453 1623 1710 1691 Ephesios
1760 1624 2023 1689 hospites,
2054 1637 2115 1674 ac
2172 1620 2370 1691 Mysos,

803 1718 1104 1785 Leonisque
1126 1717 1304 1779 cives;
1352 1716 1404 1767 in
1440 1714 1651 1767 sodales
1676 1729 1705 1767 e
1736 1716 1941 1783 patria;
1978 1714 2029 1765 in
2067 1714 2378 1765 Athena-unt
2408 1710 2418 1722 ’

803 1811 1091 1870 comitem;
1148 1808 1199 1860 in
1244 1807 1520 1859 l'rivatum
1597 1805 1939 1866 Romanum,
2007 1806 2097 1872 qui
2151 1804 2376 1871 Ampelzi

2476 616 2753 683 νεήλυδας.
2817 614 2983 667 Πάλιν
3018 613 3431 683 προπεμπτικὸς
3458 613 3504 643 ’⁸
3530 613 3562 678 ἦ
3598 611 3899 677 Διογένης.
3932 611 4039 663 Καὶ

2478 710 2683 777 σχέδιον
2733 708 2929 777 ἐφεξῆς
2967 708 3060 759 ἑπὶ
3086 710 3152 773 τῇ
3202 706 3464 775 γενομένῃ
3492 707 3677 757 στάσει
3710 706 3766 755 ἑν
3796 703 3926 773 [353
3952 700 4046 771 Ri

2475 804 2540 871 τῇ
2560 801 2829 869 διατριϐῇ,
2852 800 2931 863 εἷς
2961 818 3019 852 τε
3049 800 3146 870 τὴν
3174 800 3282 851 τῶν
3307 798 3567 867 Κυπρίων
3603 796 3919 865 ἐπιδημίαν,
3952 794 4047 845 καὶ

2479 896 2555 954 εἰς
2572 893 2662 943 τὸν
2688 893 2903 961 πρῶτον
2942 893 3003 944 ἑκ
3032 891 3422 953 Καππαδοκίας
3475 888 3639 942 αὑτοῦ
3690 888 4048 957 ἀκροασάμε-

2478 1004 2583 1038 νον.
2612 982 2741 1037 Εἷτα
2767 985 3042 1050 ἐπίδειξις,
3063 985 3183 1038 ὅστε
3206 984 3638 1051 ἀναὸαλλόμενος
3668 982 3841 1033 εἰπεῖν
3870 979 4049 1043 ἀξιού-

2482 1094 2637 1146 μενος
2663 1080 2740 1139 εῖς
2758 1076 2887 1129 αὐτὸ
2915 1078 3071 1130 τοῦτο
3091 1077 3401 1137 διείλεκται,
3421 1077 3501 1129 δτι
3537 1075 3745 1127 Σπάνια
3770 1075 3837 1125 τά
3881 1072 4047 1125 καλά.

2481 1172 2589 1223 Καὶ
2618 1172 2695 1231 είς
2741 1169 3057 1222 Μουσώνιον
3091 1169 3146 1221 δὲ
3187 1171 3277 1221 τὸν
3313 1168 3617 1221 ἀνθύπατον
3654 1167 3923 1229 Ἑλλάδος,
3961 1167 4053 1217 καὶ

2479 1266 2554 1326 εἰς
2589 1264 2826 1331 Σεὸἦρον
2859 1263 3047 1332 νέηλυν
3068 1263 3364 1314 ἐπιστάντα
3402 1259 3766 1327 συμπληγάδι.
3804 1253 3936 1309 Εἶτα
3962 1257 4055 1308 λα-

2479 1357 2587 1421 λιά,
2616 1358 2706 1409 καὶ
2742 1358 2821 1418 είς
2848 1356 2939 1407 τὸν
2969 1355 3181 1424 κόμητα
3217 1354 3543 1421 Ούρσάκιον.
3580 1354 3672 1405 καὶ
3700 1354 3781 1413 εἰς
3810 1350 4055 1418 Σεὸἧρον

2480 1448 2754 1517 ἓτερονη,
2808 1447 2902 1498 καὶ
2954 1448 3033 1505 είς
3082 1444 3378 1497 Σκυλάκιον
3438 1442 3742 1495 ἀνθύπατον
3778 1440 4053 1503 Ἑλλάδος,

2482 1541 2574 1592 καὶ
2599 1543 2677 1600 είς
2698 1537 2961 1607 ’νεήλυδας
3003 1537 3284 1605 Ἐφεσίους
3326 1537 3419 1587 καὶ
3446 1537 3663 1597 Μυσοὺς
3694 1535 3787 1586 καὶ
3828 1534 4056 1594 πολίτας

2481 1630 2572 1681 τοῦ
2596 1630 2837 1687 Λέοντος.
2870 1623 3001 1679 Εἶτα
3026 1630 3103 1687 είς
3132 1629 3256 1688 τοὺς
3281 1629 3344 1678 ἑκ
3376 1627 3632 1695 πατρίδος
3660 1627 3932 1693 ἑταίρους,
3965 1630 4058 1678 καὶ

2483 1723 2560 1782 εἰς
2603 1720 2883 1789 Ἀθήναιον
2911 1720 3146 1788 κὸμητα,
3188 1720 3284 1769 xa.i.
3336 1720 3414 1779 εἰς
3474 1718 3746 1787 Πριὸἄτον
3784 1717 4059 1785 Ῥωμαῖον

2484 1812 2807 1863 παιδεύοντα
2861 1810 2950 1861 τὸν
2987 1810 3151 1862 παῖδα
3210 1809 3502 1875 Ἀμπελίου
3566 1809 3657 1860 τοῦ
3719 1810 4059 1871 ἀνθυπάτου,

804 1900 1141 1970 proconsulis
1163 1898 1327 1950 lilium
1352 1897 1696 1959 instituebat;
1730 1898 1779 1947 in
1808 1896 2037 1949 reditum
2091 1895 2373 1957 Corintho;
2412 1876 2418 1928 Ῑ

2489 1904 2573 1955 καὶ
2595 1903 2656 1970 δὴ
2692 1902 2783 1953 καὶ
2812 1904 2890 1963 εἰς
2910 1901 3007 1966 τὴν
3028 1902 3133 1952 ἀπὸ
3157 1898 3425 1969 Κορίνθου
3456 1900 3734 1959 ἐπάνοδον,
3756 1902 3851 1951 καὶ
3872 1902 3956 1962 είς
3972 1901 4061 1951 τὸν

804 1997 855 2047 in
890 1992 1150 2046 thbum
1183 1990 1475 2043 Alexandri
1512 1988 1848 2056 proconsulis
1884 1987 2081 2039 tilium:
2120 1987 2171 2037 in
2215 1987 2369 2039 Area.

802 2088 949 2139 dium
985 2084 1255 2138 medicum
1307 2092 1361 2135 et
1415 2082 1691 2135 comitem.
1755 2078 1945 2133 Oratio
2001 2096 2214 2149 quoque
2251 2095 2374 2147 pro!

804 2181 1069 2247 pemptiea
1123 2179 1173 2231 iu
1226 2176 1455 2237 amicos,
1502 2177 1589 2243 qui
1651 2190 1820 2241 nuper
1874 2184 2162 2238 venerant;
2211 2172 2377 2223 altera

806 2276 930 2326 item
966 2274 1017 2324 in
1053 2270 1400 2333 Flavianum;
1439 2266 1867 2335 Epithalamium
1911 2279 2126 2332 quoque
2178 2266 2378 2316 dictum

806 2368 857 2418 in
898 2365 1341 2417 Panathenmum.
1376 2359 1509 2411 lline
1557 2358 1938 2411 sermocinatio
1968 2370 2071 2408 una
2099 2396 2113 2418 ,
2162 2365 2217 2405 et
2253 2356 2377 2405 item

808 2458 997 2510 altera.
1054 2454 1359 2523 Disputatio
1422 2452 1599 2504 habita
1636 2450 1917 2518 Philippis,
1973 2466 2091 2500 cum
2124 2458 2380 2501 emeatus

807 2569 837 2604 a
872 2549 1083 2604 Juliano
1111 2548 1441 2615 imperatore
1478 2544 1579 2595 iter
1612 2544 1735 2596 illae
1768 2545 2011 2596 haberet.
2052 2540 2179 2593 Post
2208 2540 2381 2592 oratiu

808 2642 992 2697 habita
1022 2640 1073 2692 iu
1119 2639 1272 2700 urbe,
1307 2638 1359 2688 in
1396 2634 1565 2703 ipsius
1602 2632 2101 2697 Const:intiimpolis
2146 2632 2379 2690 laudem,

809 2750 871 2787 ac
906 2731 1106 2785 Juliaui
1151 2730 1401 2783 Czesaris.
1467 2726 1521 2778 lu
1579 2725 1905 2779 sacriﬁcium
1960 2723 2190 2792 Mythra:
2242 2722 2375 2789 (l5).

810 2824 1129 2879 Dissertatio
1172 2821 1222 2873 in
1261 2819 1578 2871 Sallustium
1616 2816 1949 2885 prmfeetum,
2001 2816 2085 2867 cui
2118 2824 2170 2866 et
2218 2828 2383 2880 argu-

809 2926 1045 2969 mentum
1098 2926 1408 2972 annexum;
1451 2908 1645 2960 iterum
1683 2908 1732 2959 in
1789 2905 2103 2957 Flavianum
2149 2920 2383 2972 procon-

812 3012 1015 3073 sulem;
1045 3010 1095 3061 in
1126 3007 1327 3060 sodalis
1362 3006 1444 3059 sui
1493 3006 1725 3057 natalem
1779 3005 1937 3057 diem.
1995 3002 2385 3055 Sermoriuatio

813 3113 1027 3168 quoque
1058 3099 1108 3148 in
1141 3098 1430 3148 sanitatem
1466 3094 1630 3153 socii;
1678 3092 1729 3145 in
1772 3090 2130 3151 insidiantes;
2177 3087 2383 3155 1080

2493 1994 2841 2060 Ἀλεξάνδρου
2894 1992 2987 2044 τοῦ
3021 1993 3330 2045 ἀνθυπάτου
3384 1994 3549 2045 παῖδα
3608 1992 3819 2053 Φοῖϐον,
3850 1994 3945 2044 καὶ
3985 1993 4063 2053 είς

2493 2085 2774 2155 ’Λρκάδιον
2804 2085 2893 2137 τὸν
2920 2084 3102 2154 ἰατρὸν
3142 2086 3236 2136 καὶ
3266 2085 3502 2153 κόμητα.
3542 2084 3651 2135 Καὶ⁵
3685 2086 4062 2152 προπεμπτή-

2485 2196 2597 2249 ριος
2626 2180 2703 2239 είς
2726 2179 2848 2239 τοὺς
2900 2177 3297 2246 προσελθόντας
3338 2176 3607 2244 ἑταίρους,
3640 2177 4064 2243 προπεμπτικός

2479 2287 2538 2320 τε
2573 2271 2651 2331 εἰς
2686 2268 3001 2332 Φλαὸιανὸν,
3030 2270 3121 2321 καὶ
3150 2267 3511 2336 ἐπιθαλάμιος
3546 2267 3729 2336 ῥηθεὶς
3784 2268 3864 2327 είς
3900 2267 4064 2317 Πάν-ι

2481 2361 2760 2429 αθήναιον.
2800 2356 2929 2413 Εἶτα
2963 2360 3143 2421 λαλιά,
3207 2360 3369 2427 ἑτέρα
3406 2358 3696 2423 λαλιά,κα“ι
3729 2358 3970 2423 διάλεξις
4009 2360 4067 2409 ἑν

2481 2454 2789 2516 Φιλίπποις.
2816 2454 2901 2504 ὅτε
2923 2451 3087 2521 ἀπῄει
3120 2450 3271 2520 παρὰ
3318 2449 3606 2503 Ἰουλιανοῦ
3656 2448 3927 2518 βασιλέως
3968 2468 4067 2501 κα-

2483 2547 2763 2615 λούμενος,
2812 2541 2929 2598 εἶτα
2980 2546 3166 2614 ῥηθεὶς
3214 2547 3271 2595 ἑν
3300 2544 3874 2595 Κωνσταντινουπόλει
3904 2542 3952 2572 ⁷⁸
3988 2545 4065 2604 είς

2485 2641 2654 2708 αὑτήν
2694 2658 2749 2691 τε
2775 2640 2873 2709 τὴν
2900 2639 3053 2691 πόλιν
3085 2639 3128 2667 ⁷⁷
3165 2638 3261 2689 καὶ
3292 2637 3337 2667 ⁷⁸
3374 2637 3656 2689 Ἰουλιανὸν
3692 2635 3781 2687 τὸν
3816 2635 4065 2700 βασιλέα.

2486 2733 2580 2782 καὶ
2614 2733 2691 2790 εἰς
2722 2730 2820 2799 τὴν
2860 2728 3069 2797 Μίθρου
3091 2728 3335 2795 τελετήν.
3362 2727 3605 2791 Διάλεξις
3636 2729 3713 2787 εἰς
3739 2725 4068 2777 Σαλούστιον

2487 2824 2746 2890 ἔπαρχον,
2801 2818 2867 2891 ἦς
2896 2824 3012 2873 ἑστι
3059 2822 3152 2873 καὶ
3185 2820 3409 2889 θεωρία.
3439 2821 3531 2881 El;
3567 2819 3869 2872 Φλαϐιανὸν
3900 2820 4068 2871 πάλιν

2486 2914 2576 2965 τὸν
2604 2914 2930 2975 ἀνθύπατον,
2988 2912 3077 2963 καὶ
3105 2915 3182 2972 εἱς
3214 2914 3311 2981 τὴν
3366 2911 3639 2979 γενέθλιον
3689 2910 3784 2962 τοῦ
3822 2911 4068 2977 ἑταίρου.

2489 3008 2595 3058 Καὶ
2626 3007 2783 3057 λα).ιᾶ
2826 3008 2904 3066 εἰς
2934 3006 2992 3057 τὸ
3043 3006 3307 3071 ὑγιαίνειν
3361 3004 3452 3056 τὸν
3479 3006 3716 3073 ἑταῖρον.
3755 3005 3877 3055 Ἔτι
3904 3003 3963 3053 δὲ
3993 3006 4071 3064 εἰς

2488 3100 2614 3159 τοὺς
2642 3096 3111 3159 ἐπιϐουλεύοντας,
3146 3098 3243 3148 καὶ
3287 3098 3366 3158 εἰς
3412 3096 3503 3147 τὸν
3548 3096 3853 3148 ἀνθύπατον
3906 3094 4073 3145 Βασί-

813 3193 867 3246 in
912 3190 1165 3243 Basilium
1201 3183 1610 3254 proconsulem;
1654 3183 1705 3233 in
1755 3178 2003 3231 eumdem
2040 3192 2290 3240 rursum;
2333 3177 2383 3225 in

2498 3191 2658 3251 λειον,
2687 3192 2780 3241 καὶ
2805 3190 2966 3241 πάλιν
2997 3190 3075 3250 εἰς
3124 3189 3214 3240 τὸν
3240 3188 3402 3240 αὑτὸν
3440 3187 3741 3241 Βασίλειον.
3802 3188 3894 3247 El;
3948 3184 4072 3254 'Ep-

816 3285 1206 3349 Hermogenem
1264 3277 1488 3343 pariter,
1527 3276 1616 3341 qui
1679 3273 1900 3326 Gramina
1951 3269 2385 3337 proconsulatun.

814 3375 1033 3443 gerebat
1058 3390 1071 3435 ;
1096 3372 1147 3423 in
1180 3369 1485 3421 Plotianum
1521 3365 1703 3418 itidem
1728 3361 2141 3432 proconsulem;
2176 3361 2395 3410 iterum-

817 3481 920 3535 que
950 3466 1001 3517 in
1030 3462 1328 3529 Ampelium
1350 3457 1460 3527 (M)
1490 3456 1899 3527 proconsulem;
1940 3454 1994 3506 in
2026 3452 2249 3506 Graecia:
2275 3465 2395 3515 pro-

818 3558 1089 3611 consulem
1122 3555 1532 3613 Przetcxtatum,
1568 3560 1728 3619 atque
1766 3548 1999 3601 sodales.
2034 3546 2169 3599 Iline
2200 3544 2264 3597 ad
2300 3542 2392 3595 Ju-

818 3650 1019 3701 Iiauum
1081 3646 1461 3711 imperatorem
1497 3642 1795 3693 discessum
1831 3639 2122 3691 adornatis.
2193 3636 2395 3687 Deinde

820 3737 1148 3791 Nicomedia:
1208 3734 1391 3787 habita
1449 3733 1621 3785 oratio
1671 3731 1896 3783 hortatu
1946 3731 2191 3797 praetoris
2240 3726 2397 3779 Pont-

819 3828 1020 3898 peiani.
1078 3825 1195 3879 Mox
1256 3825 1307 3876 in
1368 3810 1638 3887 advenas';
1700 3835 1911 3873 rursum
1972 3821 2022 3871 in
2094 3819 2391 3881 advenam;

822 3918 1016 3971 deinde
1044 3916 1095 3968 in
1124 3915 1398 3967 Zenonem
1445 3913 1680 3973 socium;
1707 3919 1757 3961 et
1819 3910 1871 3960 in
1904 3906 2243 3974 Aphobinum
2303 3904 2392 3956 ad.

821 4022 1050 4069 vetant;
1091 4006 1143 4058 in
1176 4018 1297 4056 eum
1335 4001 1428 4070 qui
1459 4016 1487 4053 a
1520 3997 1750 4067 Neptuni
1790 3998 2011 4050 oraculo
2062 4004 2393 4056 reverterat;

822 4094 875 4146 in
905 4108 999 4146 eos
1034 4092 1240 4159 pariter
1301 4090 1391 4155 qui
1424 4102 1486 4141 ex
1524 4088 1669 4139 lonia
1704 4086 2122 4147 adventassent;
2157 4086 2207 4134 in
2243 4080 2396 4134 Ionas

824 4185 1083 4253 hospites.
1131 4181 1207 4233 Ex
1241 4192 1485 4246 tempore
1518 4194 1730 4245 quoque
1783 4177 1833 4228 iu
1879 4177 2149 4229 sociorum
2183 4175 2393 4225 laudent

820 4278 1127 4330 recitatum.
1162 4272 1373 4334 Oratio,
1397 4286 1559 4339 quam
1598 4270 1775 4321 amico
1795 4266 2395 4333 Constantinopolitano

824 4368 1062 4422 tradidit.
1112 4364 1303 4418 Sermo
1343 4376 1558 4430 quoque
1594 4360 1738 4412 inter
1764 4359 1968 4411 amicos
2013 4368 2133 4423 post
2166 4357 2393 4410 reditum

819 4477 852 4514 e
884 4460 1078 4527 patria.
1108 4456 1180 4509 De
1212 4470 1309 4507 suo
1344 4452 1568 4507 docendi
1605 4464 1827 4503 munere
1859 4448 2246 4515 extemporalis
2287 4448 2397 4499 dis-

2502 3281 2734 3349 μογένην
2789 3298 2847 3331 τε
2876 3280 2967 3331 τὸν
3020 3281 3116 3347 τῆς
3159 3279 3407 3341 Ἑλλάδος
3467 3279 3793 3340 ἀνθύπατον,
3847 3278 3944 3330 καὶ
3995 3280 4073 3340 είς

2490 3371 2793 3441 Ἠλοιςιανδν
2821 3370 2910 3422 τὸν
2949 3371 3278 3423 ἀνθύπατον.
3325 3368 3493 3421 Πάλιν
3530 3371 3608 3431 είς
3653 3368 3951 3435 Ἀμπὲλιον
3985 3369 4075 3420 τὸν

2499 3462 2825 3519 ἀνθύπατον,
2872 3459 2966 3511 καὶ
3030 3460 3106 3521 είς
3170 3459 3258 3510 τὸν
3316 3456 3625 3511 ἀνθύπατον
3683 3457 3781 3523 τῆς
3823 3454 4077 3517 Ἑλλάδος

2500 3550 2623 3622 [ISi
2658 3550 2749 3621 11.]
2780 3551 3215 3618 Πραιτεκστάτον
3251 3549 3341 3600 καὶ
3394 3548 3519 3611 τοὺς
3550 3548 3797 3615 ἑταίρους
3832 3548 3897 3599 ⁷⁸.
3941 3542 4077 3599 Εἶτα

2498 3645 2630 3709 πρὸς
2663 3646 2752 3694 τὸν
2790 3642 3010 3710 βασιλέα
3058 3642 3342 3693 Ἰουλιανὸν
3366 3640 3622 3710 ἀπαίρειν
3651 3640 3881 3708 μέλλων.
3945 3635 4079 3690 Εἶτα

2499 3737 2553 3785 ἑν
2578 3734 2937 3803 Νικομηδεία,
2968 3735 3307 3802 προτραπεὶς
3346 3734 3450 3785 ὑπὸ
3472 3732 3565 3784 τοῦ
3603 3734 3779 3784 ἐκεῖσε
3810 3732 4079 3799 ἄρχοντος

2498 3825 2877 3895 Πεμπηῖανοῦ.
2916 3825 3049 3878 Μεθ’
3088 3826 3146 3877 ὃν
3169 3827 3297 3888 ὀείς
3327 3826 3609 3894 νεήλυδας.
3642 3822 3771 3877 Εἶτα
3819 3825 3899 3887 είς
3950 3826 4081 3892 νέη-

2496 3920 2614 3969 λυν.
2657 3919 2781 3969 Ἐπὶ
2808 3917 3019 3981 τούτοις
3048 3917 3075 3969 ὁ
3095 3920 3175 3979 είς
3210 3919 3432 3986 Ζήνωνα
3458 3918 3549 3969 τὸν
3572 3919 3805 3985 ἑταῖρον,
3836 3917 3933 3968 καὶ
3961 3916 4081 3983 μετ’

2497 4010 2659 4062 αὑτὸν
2686 4012 2729 4040 ⁸ο
2762 4012 2840 4073 είς
2856 4011 3135 4077 Ἀφοὸἶνον
3158 4009 3375 4077 νέηλυν,
3398 4009 3494 4061 καὶ
3538 4009 3616 4071 είς
3634 4008 3723 4060 τὸν
3746 4009 3811 4059 ἐκ
3836 4007 3931 4059 τοῦ
3947 4025 4082 4076 χρη-

2499 4102 2636 4168 σμοῦ
2654 4101 2747 4153 τοῦ
2766 4102 3089 4163 Ποσειδῶνος
3109 4102 3461 4169 φοιτήσαντα,
3487 4099 3567 4161 εἵς
3588 4116 3646 4151 τε
3669 4100 3793 4159 τοὺς
3810 4099 3919 4149 ἀπὸ
3938 4100 4083 4149 Ἰων-

2501 4192 2581 4253 ίας
2595 4193 3051 4260 ἐπιδημήσαντας,
3074 4192 3165 4242 καὶ
3196 4192 3273 4252 εἰς
3298 4191 3424 4253 τοὺς
3444 4191 3633 4248 Ἴωνας
3668 4188 3850 4250 ξένους
3868 4189 3935 4240 ⁸⁸.
3970 4187 4082 4239 Καὶ

2500 4285 2578 4344 εἰς
2609 4285 2732 4343 τοὺς
2784 4284 3030 4351 ἑταίρους
3058 4284 3264 4351 σχέδιον
3312 4280 3497 4348 ῥηθέν.
3538 4280 3647 4331 Καὶ
3681 4280 3747 4349 ἢν
3812 4280 4083 4343 ἐξέδωκεν

2498 4375 2701 4441 ἑταίρῳ
2730 4372 3353 4439 Κωνσταντινουπολίτῃ.
3379 4370 3621 4433 Διάλεξίς
3635 4386 3693 4421 τε
3720 4371 3904 4424 ἐντοῖς
3930 4370 4084 4421 ἑταί-

2503 4479 2615 4529 ροις
2652 4462 2787 4529 μετά
2840 4460 2935 4529 τὴν
2968 4461 3074 4512 ἀπὸ
3121 4460 3221 4527 τῆς
3256 4459 3515 4529 πατρίδος
3561 4458 3844 4521 ὲπάνοδον,
3877 4460 3975 4509 καὶ
4002 4461 4082 4521 εἰς

824 4553 1049 4619 putatio.
1083 4548 1398 4618 Objurgatio
1434 4560 1620 4598 eorum
1670 4543 1769 4610 qui.
1806 4542 2143 4609 negligenter
2195 4540 2394 4593 oratio-

2500 4554 2597 4623 τὴν
2632 4552 2797 4605 αὑτοῦ
2834 4552 3116 4621 διατριόὴν
3168 4551 3228 4614 ἑξ
3280 4550 3628 4619 αὐτοσχεδίου
3676 4549 3936 4614 διάλεξις.
3969 4550 4083 4601 Καὶ

821 4657 916 4695 nes
949 4642 1218 4695 audirent.
1273 4637 1569 4692 Sehedium
1628 4636 1682 4687 in
1721 4636 1980 4701 quosdam
2016 4632 2080 4685 ad
2117 4647 2174 4685 se
2230 4631 2403 4683 venti-

826 4735 1001 4787 lantes
1060 4730 1372 4799 discipulos,
1407 4732 1498 4795 qui
1558 4742 1813 4795 respuere
1848 4725 2031 4779 frenos
2062 4724 2401 4778 videbantur.

821 4827 875 4878 lu
914 4824 1200 4894 Cytianum
1243 4837 1365 4874 cum
1412 4822 1594 4881 sociis,
1629 4820 1717 4886 qui
1774 4833 1895 4871 eum
1933 4816 2229 4885 petulantia
2278 4829 2402 4867 eum

820 4917 1126 4979 audierant,
1164 4917 1290 4966 dum
1319 4913 1602 4967 schedium
1628 4926 1785 4965 suum
1825 4912 2099 4963 recitaret.
2128 4910 2403 4961 Adhorta-

2504 4647 2794 4715 ἐπίπληξις
2854 4649 2964 4709 τοῖς
3009 4647 3274 4717 ῥᾳθύμως
3328 4646 3699 4715 ἀκροωμένοις
3725 4645 3833 4697 τῶν
3879 4646 4082 4710 λόγων,

2506 4738 2596 4787 καὶ
2625 4738 2831 4805 σχέδιον
2857 4738 2935 4799 εἷς
2962 4756 3113 4800 τινας
3168 4737 3275 4788 τῶν
3300 4737 3609 4803 φοιτώντων
3636 4732 3896 4799 δόξαντας
3937 4738 4085 4804 ἀφη-

2504 4825 2729 4889 νιάζειν,
2763 4828 2857 4879 καὶ
2891 4830 2969 4889 εἱς
3000 4830 3125 4888 τοὺς
3155 4828 3283 4897 περὶ
3310 4826 3575 4879 Κυτιανὸν
3618 4826 3869 4886 ἀτάκτως
3911 4825 4085 4877 ἀκού-

2509 4935 2732 4981 σαντας,
2766 4920 2853 4971 ὅτε
2884 4921 2944 4972 τὸ
2979 4920 3184 4988 σχέδιον
3215 4915 3357 4971 εἷπε.
3393 4920 3502 4971 Καὶ
3532 4918 3813 4988 προτροπὴ
3855 4918 3994 4985 πρὸς
4025 4918 4086 4967 τὸ

2100 5067 2338 5122 VARIA‘J
2386 5069 2787 5127 LECTIONES.

893 5192 939 5222 "
970 5188 1366 5259 προτρεπτικὸς
1400 5204 1459 5259 ς.
1566 5186 1609 5217 ⁷³
1642 5188 1856 5259 ἑταῖρον
1886 5201 1944 5259 ς.

821 5263 865 5293 ⁷⁸
891 5262 984 5313 τὸν
1009 5254 1133 5313 ante
1177 5258 1455 5311 Ἰουλιανὸν
1488 5259 1637 5325 ponit
1668 5258 1729 5307 Α.
1809 5254 1851 5284 ⁷⁸
1881 5254 2100 5321 ἑτέρους
2130 5270 2191 5315 ς.

2054 5183 2100 5212 ⁷⁸
2127 5184 2539 5257 Κωνσταντίνου
2579 5190 2619 5237 Α
2675 5206 2686 5238 :
2736 5186 2801 5257 τῄ
2860 5206 2900 5251 ς

3023 5189 3066 5218 ⁷⁷
3095 5187 3244 5239 πόλιν
3287 5185 3325 5237 Α
3369 5205 3381 5238 :
3416 5182 3988 5236 Κωνσταντινούπολιν
4024 5197 4086 5242 ς’.

2298 5254 2343 5283 ⁸ο
2372 5257 2511 5322 μετά
2537 5256 2723 5308 τοῦτον
2751 5254 2812 5320 ς’.
2887 5258 2930 5287 ⁸⁸
2966 5255 3150 5320 ξένους
3184 5257 3379 5318 Ἴωνας
3410 5273 3471 5319 ς.

2335 5367 2569 5423 NOTAE.

897 5468 971 5535 (9)
1007 5467 1128 5519 lla-c
1164 5466 1249 5535 illa
1304 5462 1526 5516 forsitan
1553 5472 1670 5535 est,_
1695 5476 1812 5535 qua;
1842 5461 1984 5535 inter
2022 5468 2300 5535 excerpta.
2331 5459 2394 5511 In

822 5530 1075 5593 adi/eitum
1108 5534 1419 5603 1Egyptium
1452 5532 1766 5585 inscribitur
1797 5532 1893 5603 rinl'.
1915 5531 2054 5603 _eod.
2090 5530 2214 5582 245.

897 5608 1007 5675 (10)
1047 5608 1127 5659 Ea:
1176 5600 1404 5669 lie—utpore
1446 5604 1639 5653 dictum
1678 5602 1853 5653 reddit
1904 5600 2153 5652 Glussar.
2197 5610 2349 5653 vetus
2390 5644 2402 5663 ,

826 5682 924 5733 iul.
960 5676 1307 5741 αὐτοσχέδιον
1342 5681 1519 5725 vorat.

900 5747 1022 5808 ill)
1056 5747 1124 5795 De
1162 5759 1267 5809 quo
1299 5744 1493 5794 Suidus
1515 5779 1529 5793 .

897 5807 1213 5885 (12)>.αλιά,
1250 5814 1313 5864 de
1361 5828 1460 5879 qua
1506 5810 1665 5862 multa
1712 5811 1856 5874 legas
1889 5809 2027 5876 apud
2060 5807 2406 5859 Menanlrum

2500 5464 2718 5531 Sopliist
2766 5464 2819 5516 in
2864 5463 3195 5530 Epidicticis.

2574 5526 2685 5603 (15)
2730 5526 2920 5599 Quenr
2970 5533 3183 5603 Persae,
3228 5531 3394 5585 solem
3454 5538 3662 5598 putant.
3726 5526 3869 5603 Lege
3903 5526 4085 5603 Sui-L,

2506 5599 2747 5685 Brissun.
2780 5616 2833 5657 et
2861 5604 2994 5657 alios
3032 5621 3045 5655 :
3100 5602 3189 5671 qui
3231 5604 3369 5655 hanc
3419 5616 3602 5653 vueem
3638 5614 3733 5665 per
3785 5599 3922 5651 ἰῶτα
3976 5600 4087 5650 lere

2511 5684 2866 5737 scripserunt.

2584 5744 2696 5811 (14)
2734 5744 3102 5812 t’rOpemptiea
3136 5743 3202 5794 ad
3260 5741 3561 5807 Ampeliuin
3595 5737 3687 5791 inf.
