4224 6446
170 413 271 474 465

1188 412 1710 473 BIBLIOTHECA.
1750 436 1818 447 —
1854 412 2018 474 COD.
2048 413 2293 474 CLXVI-

3296 415 3399 479 466

173 530 364 595 χρῆναι
386 523 491 593 τὴν
516 524 573 574 ὲν
602 526 721 584 τοῖς
746 524 790 555 ⁸⁸
818 522 999 590 λόγοις
1050 524 1326 577 ποικιλίαν
1371 524 1737 588 ἀσπάζεσθαι.
1766 528 1814 585 Α

1731 564 1737 578 .
1766 528 1814 585 Α
1843 524 1918 580 ιίο
1948 540 2164 594 quoque
2194 527 2261 578 ad
2291 539 2469 578 rerum
2498 524 2813 578 varietatem
2842 524 2895 577 in
2925 523 3153 577 dicendo
3183 533 3399 578 sectan-

176 618 325 684 Καὶὴ
358 614 506 683 μετὰ
528 613 627 680 τὴν
653 613 748 665 τοῦ
799 612 1113 684 τραύματος
1160 614 1456 683 θεραπείαν
1478 616 1736 680 διάλεξις.

177 704 301 759 Elea
338 709 368 758 ὁ
403 704 544 774 μετὰ
570 706 672 771 τὴν
707 705 816 757 ἀπὸ
847 706 1114 773 Κορίνθου
1170 708 1448 772 ἐπάνοδον,
1474 710 1552 771 εἷς
1592 727 1653 762 τε
1680 710 1742 762 τὺ

174 800 438 865 γραφεῖον
467 795 563 847 καὶ
596 796 719 858 τοὺς
754 796 1023 865 ἑταίρους,
1079 797 1173 849 καὶ
1210 800 1290 860 είς
1316 799 1418 868 τὴν
1467 801 1741 854 Λακεδαι-

178 890 374 957 μονίων
432 888 609 951 πόλιν,
660 888 749 940 ὅτε
779 888 1018 958 ὀνείρατι
1070 890 1392 959 πειθόμενος
1430 893 1510 961 τῷ
1574 894 1743 963 Ἀμυ-

177 980 343 1047 κλαίῳ
372 980 485 1048 θεῷ
501 979 783 1047 ἐφοίτησεν
807 978 1084 1042 εὔξασθαι.
1106 983 1213 1033 Καὶ
1231 983 1311 1035 ὃτι
1334 985 1395 1035 ού
1414 984 1495 1036 δεῖ
1523 986 1742 1047 πάντως

175 1071 407 1139 ῑημοσία
455 1072 554 1132 τὰς
578 1072 864 1140 ἀκροάσεις
889 1075 1273 1141 ἀπαγγέλλειν.
1310 1076 1419 1128 Καὶ
1444 1076 1601 1130 λαλιὰ
1660 1078 1741 1129 ὅτι

176 1163 251 1213 δεῖ
270 1165 328 1213 ἐν
348 1164 678 1230 γυμνασίοις
709 1159 869 1218 εἶναι.
900 1167 1009 1218 Καὶ
1047 1167 1205 1219 λαλιά
1226 1169 1285 1219 ὲν
1314 1168 1562 1239 Κορίνθῳ
1583 1170 1739 1220 ὲκδε-

176 1253 399 1321 ὅτιμὲν-η.

242 1346 487 1404 Τούτους
516 1340 671 1412 οἶμαι
706 1346 829 1407 τοὺς
856 1345 1044 1413 λόγους
1076 1348 1268 1416 μόνους
1300 1348 1345 1379 ⁸³
1368 1348 1461 1399 τοῦ
1492 1352 1745 1416 σοφιστοῦ

186 1433 450 1501 Ίμερίου,
498 1436 623 1503 περί
656 1453 758 1488 που
790 1436 830 1487 ο⁹
865 1438 1045 1500 ὄντας,
1088 1441 1229 1491 κατὰ
1256 1443 1545 1508 πρόσωπον
1591 1442 1747 1510 ἡμῶν

176 1529 271 1594 τὴν
302 1530 406 1594 σὴν
439 1529 756 1594 φιλοπονίαν
810 1530 1198 1596 ἀνεγνωκέναι.
1240 1534 1329 1585 Ἐν
1358 1528 1439 1595 οἷς
1463 1536 1580 1587 ἐστὶ
1612 1537 1747 1587 πᾶσι

177 1623 265 1670 τὺν
303 1624 407 1688 μὲν
457 1622 558 1688 τῆς
586 1622 783 1686 λέξεως
808 1623 977 1677 τύπον
1006 1626 1099 1677 καὶ
1132 1626 1193 1679 τὸ
1237 1628 1367 1679 αὐτὸ
1401 1630 1587 1697 σχῆμα
1645 1648 1749 1698 φυ-

178 1708 413 1771 λάττων,
447 1716 512 1781 τῇ
546 1730 605 1764 τε
638 1714 894 1784 περιϐολῇ
928 1716 1023 1768 καὶ
1045 1720 1110 1785 τῇ
1158 1721 1331 1786 τροπῇ
1358 1718 1659 1787 χρώμενος,
1702 1721 1751 1772 εί

1841 615 1991 669 dam.
2018 615 2337 669 Dissertatio
2368 625 2485 681 post
2514 615 2751 668 vulneris
2774 615 3054 668 medelam.
3074 614 3204 668 Dein
3222 618 3401 669 oratio

1842 717 1962 776 post
2004 709 2231 760 reditum
2286 706 2563 760 Corintho.
2624 704 2680 759 ltt
2718 706 2941 777 Stylum‘
2982 722 3045 761 ac
3094 709 3290 760 socios.
3348 708 3399 758 lu

1842 801 2027 854 urbem
2046 801 2595 863 Lacedaemoniorum,
2615 803 2828 868 quando
2848 803 3058 854 somnio
3076 802 3401 866 obsequens,

1842 891 2153 944 Amiclaeutn
2191 892 2301 960 (l5)
2357 893 2514 945 deum
2548 901 2863 958 precaturus
2893 894 3129 945 accessit
3161 911 3174 945 :
3206 902 3261 945 et
3298 908 3403 943 non

1842 988 2094 1047 oportere
2124 982 2485 1046 ,recitationes
2531 997 2720 1037 omnes
2766 984 2974 1049 publice
3028 982 3401 1048 pronuntiare.

1847 1071 2260 1138 Sermocinatio,
2292 1084 2540 1142 oportere
2564 1076 2619 1129 in
2660 1075 2936 1144 gymnasio
2975 1076 3202 1128 versari.
3224 1076 3404 1127 Altera

1844 1164 2089 1217 Corinthi
2118 1166 2283 1219 edita.

1920 1348 2048 1409 Has,
2104 1358 2251 1415 puto,
2314 1365 2412 1402 nec
2463 1350 2642 1417 plures
2692 1350 2967 1405 orationes
3038 1350 3261 1403 Himerii
3320 1365 3411 1403 so-

1850 1439 2042 1506 phista
2112 1438 2223 1492 fere
2274 1443 2607 1507 septuaginta
2651 1439 2763 1507 (l6)
2790 1477 2806 1500 ,
2837 1457 2919 1493 me
2959 1451 3249 1505 prasente,
3303 1453 3412 1493 stu-

1850 1530 2001 1582 diose
2046 1528 2219 1597 legisti
2268 1528 2403 1598 (l7).
2442 1529 2495 1581 ln
2546 1530 2750 1595 quibus
2800 1530 3050 1582 omnibus
3096 1532 3282 1583 eadem
3333 1532 3413 1583 di-

1848 1621 2044 1674 ctionis
2104 1618 2301 1682 forma,
2333 1620 2627 1685 eademque
2680 1619 2847 1685 ﬁgura
2890 1628 3134 1683 servata;
3185 1620 3415 1673 circum—

1851 1714 2154 1765 ductionem
2217 1714 2288 1764 ita
2348 1725 2413 1763 ac
2462 1718 2671 1778 tropum
2732 1712 2983 1774 adhibet,
3057 1712 3268 1764 taedium
3356 1722 3415 1764 ut

179 1801 273 1852 καὶ
300 1803 397 1853 τὸν
430 1802 592 1871 κόρον
620 1804 719 1854 οὐκ
740 1804 925 1858 ἔτεκεν
955 1808 987 1876 ἡ
1020 1809 1135 1875 μετ’
1164 1808 1391 1874 εὐφυΐας
1440 1811 1633 1878 χρῆσις
1655 1812 1750 1862 καὶ
1784 1868 1819 1878 _

1746 1850 1750 1861 ,
1784 1868 1819 1878 _
1854 1804 2053 1856 nullum
2090 1804 2265 1871 pariat
2312 1805 2620 1872 ingeniosus
2666 1813 2722 1855 et
2771 1806 2925 1872 quasi
2983 1803 3261 1857 familiaris
3297 1808 3414 1856 reit-

177 1893 460 1953 οίκείωσις
491 1868 592 1961 τῆς
620 1896 857 1966 τροπῆς·
888 1868 987 1950 καὶ.
1008 1868 1148 1952 κατά
1196 1868 1259 1967 γε
1310 1868 1629 1973 ἐμῆς-[πθ
1654 1901 1747 1974 IL]
1784 1868 1823 1921 Β

1745 1868 1823 1972 ιθ
1854 1894 1996 1947 ditus
2052 1902 2324 1961 troporum
2371 1910 2519 1948 usus.
2586 1896 2694 1945 lmu
2748 1908 2906 1947 nemo
2964 1894 3245 1954 hactenus,
3298 1908 3413 1944 mea

178 1984 388 2050 εἴδησιν
413 1985 590 2048 οὐδεὶς
623 1987 795 2049 οὕτως
825 1988 871 2019 ⁸⁵
900 1985 1097 2058 (οἶμαι)
1122 1992 1463 2060 χρησάμενος
1482 1996 1548 2061 τῇ
1571 1997 1749 2064 τροπῇ

179 2076 365 2139 καλῶς
410 2077 555 2131 οὕτω
589 2080 679 2132 καὶ
707 2082 877 2151 ἡδέως
905 2083 1203 2152 ἀπήλλαξε.
1256 2086 1667 2157 ῐΙαραδείγμασι
1693 2090 1751 2143 δὲ

180 2168 237 2232 ἐξ
271 2168 521 2237 ἱστορίας
543 2187 601 2222 τε
624 2175 716 2223 καὶ
734 2173 798 2224 ὲκ
830 2172 1014 2240 μύθων
1052 2176 1407 2229 παντοδαπῶν
1451 2180 1625 2247 μεστά
1650 2181 1749 2232 αὺ-

180 2260 270 2313 τοῦ
306 2262 567 2329 τυγχάνει
603 2263 671 2315 τὰ
702 2265 1074 2336 γράμματα,ἢ
1096 2268 1231 2337 πρὸς
1255 2269 1532 2333 ἀπόδειξιν
1564 2271 1597 2339 ἢ
1621 2272 1755 2341 πρὸς

179 2349 480 2420 ὁμοιότητα
519 2352 706 2421 ῆπρὸς
735 2354 925 2424 ἡδονὴν
954 2358 1049 2409 καὶ
1088 2358 1285 2421 κάλλος
1316 2351 1393 2412 ὦν
1436 2360 1605 2427 λέγει,
1638 2362 1755 2414 τού-

180 2458 293 2503 τοις
324 2442 652 2501 ἀπευθύνων
680 2444 772 2497 τὸν
827 2446 981 2514 λόγον
1033 2448 1127 2501 καὶ
1157 2451 1587 2519 ποικιλλόμενος.
1644 2454 1755 2507 Καὶ

182 2534 249 2585 τά
265 2536 538 2603 προοίμια
563 2536 734 2589 δὲκαὶ
760 2539 809 2589 οί
842 2539 1103 2607 ἐπίλογοι,
1132 2541 1248 2593 ἐστι
1276 2542 1331 2594 δὲ
1360 2539 1421 2597 οὗ
1444 2546 1537 2596 καὶ
1566 2546 1613 2596 οί
1643 2540 1755 2599 οἷον

183 2626 398 2690 ἀγῶνες
424 2626 533 2678 ἀπὸ
564 2628 769 2679 τούτων
812 2630 960 2698 αὐτῷ
990 2631 1459 2695 διασκευάζονται.
1493 2637 1667 2707 [Ιολλῇ
1698 2639 1755 2692 δὲ

187 2716 457 2783 κέχρηται
508 2718 603 2769 καὶ
652 2722 719 2787 τῇ
742 2719 1196 2788 προδιατυπὼσει.
1241 2724 1399 2777 Ἀλλά
1428 2726 1661 2789 τοιοῦτος
1679 2727 1755 2781 ὢν

185 2807 241 2859 ἑν
262 2810 374 2868 τοῖς
401 2808 579 2873 λόγοις
610 2810 808 2879 ἀσεὸὴς
838 2812 932 2879 (ὡς
961 2812 1140 2881 δῆλον)
1160 2815 1276 2866 ἐστὶ
1306 2816 1403 2883 τὴν
1436 2816 1755 2886 θρησκείαν,

186 2899 234 2948 εί
260 2900 356 2949 καί
375 2899 505 2961 τοὺς
528 2899 816 2969 λαθραίους
838 2905 1085 2970 μιμεῖται
1117 2907 1225 2957 τῶν
1258 2907 1435 2959 κυνῶν
1458 2908 1583 2960 καθ’
1600 2910 1756 2977 ἡμῶν

188 2989 461 3042 ὑλακτῶν.
500 2991 753 3059 Ἦκμασε
780 2994 837 3045 δὲ
869 2995 960 3047 ἐπὶ
989 2997 1363 3052 Κωνσταντίου
1396 3002 1491 3054 καὶ
1516 3004 1609 3056 τοῦ
1637 3006 1761 3056 δυσ-

190 3080 520 3132 σεϐεστάτου
564 3083 877 3147 Ὶουλιανοῦ,
927 3087 1017 3138 καί⁵
1058 3088 1151 3141 τοῦ
1194 3092 1252 3143 ἐν
1298 3092 1554 3165 Ἀθήνῃσι
1615 3097 1755 3151 κατὰ

188 3174 484 3239 ῥητορείαν
513 3174 753 3243 προῦσττ
778 3176 1165 3234 διδασκαλείου.

896 3446 1079 3513 Ρεσυ.

199 3524 517 3583 Ἀντωνιου
546 3532 859 3612 Διογένους
888 3536 1007 3612 tth
1032 3542 1181 3607 ὑπὲρ
1208 3544 1445 3612 Θούλην
1475 3546 1761 3603 ’Δπίστωγ

738 3607 909 3673 λόγοι
940 3606 988 3658 δ’
1019 3612 1113 3661 καί
1146 3606 1219 3664 κ’.

258 3689 710 3761 ’Λνεγνὼσθησαν
781 3696 1062 3752 ’Λντωνίου
1121 3704 1401 3769 Διογένους
1453 3706 1572 3759 Τῶν
1609 3710 1761 3777 ὑπὲρ

193 3783 443 3848 Θούλην
470 3785 769 3838 Ἀπίστων
800 3790 971 3856 λόγοι
1000 3791 1107 3846 κδ’.
1138 3797 1481 3864 Δραματικὸν
1512 3802 1558 3851 οἱ
1592 3802 1761 3869 λόγοι,

192 3875 371 3944 σαφὴς
394 3879 427 3945 ἡ
458 3878 677 3947 φράσις,
730 3882 822 3933 καὶ
866 3883 1009 3937 οὕτω
1074 3888 1284 3956 καθαρά
1315 3890 1387 3952 ὡς
1428 3894 1513 3943 ἐπ’
1544 3895 1764 3948 ἔλαττον

192 3968 501 4036 εὐκρινείας
528 3970 752 4037 δεῖσθαι,
784 3976 878 4027 καὶ
899 3977 1019 4028 τότε
1052 3980 1193 4031 κατά
1220 3982 1315 4041 τὰς
1350 3985 1621 4054 ἐκτροπάς
1652 3989 1759 4041 τῶν

190 4057 352 4127 cunt,
362 4060 567 4127 μάτων.
625 4063 756 4127 Ταῖς
781 4066 836 4118 δὲ
857 4067 901 4098 ⁸⁵
936 4068 1193 4132 διανοίαις
1224 4074 1472 4129 πλεῖστον
1536 4079 1646 4147 ἔχει
1667 4082 1759 4134 τοῦ

193 4151 368 4217 ἡδέος,
404 4151 499 4205 ἇτε
536 4155 719 4221 μύθων
746 4160 909 4226 ἐγγὺς
943 4164 1032 4213 καὶ
1060 4165 1302 4217 ἀπίστων
1332 4169 1389 4219 ἐν
1419 4170 1761 4248 πιθανωτάτῃ

193 4244 393 4296 πλάσει
445 4247 537 4298 καὶ
560 4248 815 4321 διασκευῇ
844 4253 971 4323 ὅλην
1007 4256 1170 4326 ἑαυτῇ
1202 4257 1555 4329 διηγημάτων
1589 4244 1765 4317 ποιουξ

195 4336 356 4403 μένηο

266 4429 563 4496 Είσάγεται
613 4434 793 4487 τοίνυν
845 4438 1015 4506 ὄνομα
1062 4442 1271 4503 Δεινίας
1328 4446 1466 4498 κατὰ
1535 4448 1762 4519 ζήτησιν

1853 1986 2068 2052 quidem
2127 1986 2418 2047 sententia,
2477 1994 2570 2037 aut
2626 1985 2916 2045 venustius,
2981 1993 3075 2035 aut
3124 1984 3416 2050 jucundius

1856 2078 2024 2146 tropis
2067 2092 2194 2131 usus
2223 2086 2334 2132 est.
2368 2076 2641 2143 Exemplis
2665 2091 2825 2143 porro
2863 2091 2927 2129 ex
2957 2076 3203 2137 historia,
3262 2075 3416 2128 fabu-

1854 2169 2025 2239 lisque
2048 2171 2347 2239 omnigenis
2379 2171 2578 2235 scripta
2606 2171 2722 2235 ejus
2764 2169 2958 2224 referta
3017 2180 3160 2231 sunt,
3214 2170 3293 2221 vel
3352 2170 3415 2221 ad

1854 2263 2389 2324 demonstrationem,
2430 2263 2511 2315 vel
2559 2263 2993 2326 similitudinem,
3052 2262 3133 2315 vel
3172 2262 3419 2327 \‘Olupla-

1856 2366 1982 2415 tem.
2034 2366 2088 2409 et
2134 2355 2578 2423 pulchritudinem
2607 2356 2705 2415 rei,
2736 2355 2799 2407 de
2825 2368 2926 2421 qua
2973 2353 3190 2420 agitur:
3227 2354 3415 2419 quibus

1855 2447 2150 2500 orationem
2203 2462 2354 2501 suam
2404 2456 2459 2498 et
2488 2449 2906 2500 emendatiorem
2966 2446 3151 2511 elﬁcit,
3184 2456 3235 2500 et
3277 2448 3419 2499 varie

1856 2548 2103 2591 exornat.
2149 2537 2286 2603 Quin
2334 2546 2386 2592 et
2443 2539 2660 2591 exordia
2718 2540 2987 2591 interdum
3052 2541 3193 2606 ipsa,
3258 2550 3420 2605 atque

1856 2629 2069 2697 epilogi,
2094 2638 2147 2682 et
2176 2644 2293 2698 qua:
2322 2631 2471 2698 quasi
2504 2630 2874 2684 contentiones
2902 2630 3015 2697 (l8)
3051 2631 3313 2697 (σκέπη.)
3337 2631 3421 2682 liis

1858 2720 1925 2772 ab
1971 2736 2036 2773 eo
2078 2722 2237 2773 rebus
2288 2731 2616 2773 exornantur
2668 2737 2680 2771 ε
2732 2736 2835 2774 non
2899 2737 3019 2775 raro
3081 2722 3297 2788 insuper
3355 2721 3422 2774 iis

1858 2822 2012 2865 antea
2055 2812 2334 2865 delineatis
2382 2828 2501 2881 qua:
2547 2824 2664 2881 post
2709 2824 3036 2868 tractaturus
3066 2824 3168 2868 est.
3224 2814 3419 2868 Verum

1861 2905 1911 2956 iti
1968 2904 2197 2955 dicendo
2276 2904 2396 2956 talis
2458 2914 2745 2972 tantusque
2809 2921 2927 2959 cum
2986 2917 3129 2959 esset
3184 2905 3419 2975 1090.

1860 2996 2021 3063 impie
2060 3005 2235 3048 tamen
2270 2998 2333 3049 de
2365 2997 2623 3065 religione
2653 2999 2885 3052 sensisse
2923 3002 3265 3067 perspicuum
3315 3012 3420 3065 est,

1870 3088 2213 3154 latenterque
2245 3092 2553 3143 mordentes
2612 3089 2849 3143 imitatus
2910 3105 3095 3153 canes,
3154 3090 3421 3144 Christia-

1786 3202 1829 3260 ο
1864 3196 1961 3235 nos
2011 3181 2292 3234 allatravit.
2345 3181 2485 3234 Vixit
2533 3181 2849 3235 Constantio
2904 3194 2959 3237 et
2991 3184 3308 3251 impiissimo
3330 3182 3426 3237 Ju-

1863 3271 2005 3324 liano
2033 3273 2464 3339 imperatoribus,
2509 3283 2669 3341 atque
2710 3274 2933 3327 Athenis
2953 3274 3271 3341 eloquentia:
3299 3273 3425 3326 ludo

1862 3362 2053 3417 doctor
2104 3362 2241 3431 prazf
2242 3365 2334 3416 uit.

2516 3458 2741 3511 CLXVI.

1862 3552 2073 3604 Antonii
2144 3549 2391 3616 Diogenis
2450 3549 2841 3671 lliici'edibilium
2905 3554 2968 3603 de
3028 3550 3191 3604 Thule
3248 3552 3425 3605 insula

2494 3630 2588 3671 tbrt
2623 3637 2742 3671 ntv
2764 3661 2777 3671 .

2494 3630 2588 3673 tbrt
2623 3637 2742 3673 xxiv
2764 3661 2777 3673 .

1936 3716 2081 3771 Lecti
2141 3727 2267 3772 sunt
2320 3716 2536 3769 Antonii
2598 3715 2849 3784 Diogenis
2906 3712 3307 3767 lncredibilium
3360 3717 3427 3768 de

1870 3808 2030 3862 Thule
2054 3810 2163 3878 (l9)
2188 3809 2361 3862 insula
2401 3810 2520 3860 libri
2567 3818 2794 3875 quatuor
2838 3816 2883 3859 et
2938 3808 3143 3875 riginti.
3200 3805 3425 3859 Drama-

1867 3903 1955 3955 tici
1989 3912 2133 3963 sunt,
2163 3910 2218 3954 et
2250 3901 2414 3954 dictio
2445 3901 2555 3968 ipsa
2587 3900 2659 3952 ita
2689 3900 2854 3959 clara,
2905 3898 2976 3950 ita
3027 3914 3181 3967 pura,
3232 3908 3291 3949 ut
3327 3899 3427 3949 mi-

1864 4010 1963 4048 nus
1992 4004 2146 4061 egeat
2174 3994 2575 4061 perspicuitate.
2642 3992 2743 4045 Per
2782 3991 3153 4043 narrationum
3209 4004 3424 4057 quoque

1865 4088 2179 4139 diverticula
2239 4086 2595 4152 iucunditatis
2662 4085 2950 4152 plurimum
3017 4084 3193 4137 sensis
3252 4085 3422 4136 inest:

1863 4178 2078 4245 quando
2131 4189 2183 4232 et
2208 4180 2274 4233 ad
2322 4178 2528 4231 fabulas
2560 4176 2780 4246 pronius
2821 4175 3030 4229 accedit
3089 4176 3343 4236 elocutio,
3373 4184 3429 4227 et

1867 4270 2256 4323 incredibilium
2291 4272 2659 4323 narrationum
2718 4269 2930 4329 silvam,
2963 4282 3084 4319 cum
3146 4267 3425 4320 verisimili

1866 4370 2044 4415 tamen
2106 4362 2320 4415 fictione
2378 4371 2541 4429 atque
2602 4370 2859 4429 apparatu
2910 4360 3012 4413 sibi
3086 4359 3425 4427 suppeditat.

1934 4451 2207 4504 lnducitur
2257 4452 2437 4520 itaque
2472 4452 2653 4505 Dinias
2684 4452 2898 4520 quidam
2929 4452 3165 4512 nomine,
3205 4461 3263 4502 ut
3313 4450 3430 4501 exi-

194 4520 439 4588 ἱστορίας
497 4523 612 4589 ἅμα
652 4525 728 4595 τῷ
764 4528 911 4580 παιδὶ
957 4532 1251 4605 Δημοχάρη
1312 4535 1438 4605 [185
1467 4536 1557 4608 IL]
1622 4541 1757 4593 άττο-
1786 4543 1837 4602 Ι)

1786 4543 2023 4611 Dgebat
2088 4543 2334 4605 historia,
2368 4558 2471 4595 una
2529 4556 2651 4595 cum
2701 4541 2807 4594 filio
2852 4539 3183 4593 Demochare
3251 4541 3426 4608 patria

193 4611 492 4680 πλανηθεὶς
520 4616 615 4681 τῆς
645 4618 920 4686 πατρίδος,
950 4624 1041 4672 καὶ
1069 4624 1156 4675 διὰ
1180 4625 1270 4675 τοῦ
1296 4626 1495 4679 Πόντου
1528 4631 1623 4681 καὶ
1651 4632 1761 4683 άπὸ

192 4700 290 4767 τῆς
320 4704 465 4755 κατά
494 4704 744 4758 Κασπίαν
770 4711 860 4759 καὶ
905 4710 1192 4775 Ὑρκανίαν
1224 4714 1494 4785 θαλάσσης
1536 4720 1668 4787 πρὸς
1694 4722 1762 4773 τά

206 4793 431 4845 Ῥιπαῖα
487 4796 793 4866 καλούμενα
837 4801 935 4871 ὅρη
978 4806 1067 4855 καὶ
1102 4806 1194 4857 τοῦ
1230 4807 1487 4870 Τανάϊδος
1518 4813 1761 4880 ποταμοῦ

190 4887 286 4946 τὰς
312 4887 547 4949 ἐκδολάς
580 4891 887 4960 ἀφιγμένοι,
919 4889 1035 4947 εἶτα
1067 4896 1152 4948 δια
1184 4899 1244 4949 τὸ
1281 4900 1412 4951 πολὺ
1442 4902 1532 4953 τοῦ
1562 4903 1765 4973 ψύχους

192 4978 285 5026 ἐπὶ
326 4978 421 5029 τὸν
466 4979 729 5033 Σκυθικὸν
784 4984 1208 5054 ἐπιστραφέντες
1263 4989 1523 5056 ὠκεανὸν,
1581 4995 1671 5045 καί
1699 4996 1761 5065 δὴ

1860 4634 2134 4702 profugus,
2162 4636 2251 4701 qui
2276 4649 2369 4701 per
2396 4635 2646 4694 Pontum,
2672 4643 2726 4685 et
2752 4648 2780 4684 a
2805 4633 3001 4699 Caspio
3029 4641 3191 4699 atque
3221 4628 3423 4701 Hyrca'

1863 4728 1951 4779 nio
2015 4727 2148 4779 mari
2208 4727 2274 4779 ad
2334 4718 2606 4793 Riphaeos,
2644 4737 2703 4778 ut
2758 4736 3039 4787 vocantur,
3090 4736 3323 4783 montes.
3375 4732 3431 4777 et

1862 4816 2057 4870 Tanais
2120 4816 2353 4870 ﬂuminis
2406 4818 2545 4870 ostia
2600 4820 2828 4883 primum
2886 4815 3090 4869 delati:
3124 4816 3429 4883 ingentibus

1863 4908 2055 4960 deinde
2111 4909 2287 4962 adacti
2354 4908 2619 4977 rigoribus
2679 4907 2744 4960 ad
2795 4907 3108 4976 Scythicum
3176 4908 3429 4960 conversi

1870 4996 2161 5058 Oceanum,
2193 5008 2352 5066 atque
2381 4998 2506 5051 hinc
2535 4999 2600 5052 ad
2648 4996 2975 5053 Orientalem
3028 4999 3330 5062 tendentes,
3364 5000 3430 5051 ad

1464 5127 1697 5183 VARIE
1735 5127 2135 5189 LECTIONES.

253 5209 299 5236 "
330 5210 450 5269 τοῖς
477 5210 600 5263 add.
636 5213 699 5266 A.
766 5212 812 5244 ⁸³
843 5213 1033 5283 μόνους
1061 5231 1171 5269 om.
1195 5216 1255 5271 C.
1330 5218 1377 5249 “
1405 5217 1585 5283 οὔπως
1626 5237 1685 5284 ς.
1759 5221 1803 5251 ⁸⁸
1828 5221 1885 5273 δὲ
1914 5224 2035 5277 add.
2063 5226 2129 5278 A.

1700 5311 1932 5371 ΝΟΤκΕ.

261 5394 378 5459 (15)
414 5394 726 5468 Apollinem
751 5397 838 5468 qui
874 5398 1108 5468 Amyclis
1141 5399 1424 5456 Laconicis
1456 5404 1757 5461 colebatur.

192 5462 323 5541 illam
367 5478 491 5529 quae
520 5465 804 5531 proverbio
833 5462 1176 5523 cvlebrantur
1227 5473 1481 5541 Amyclae,
1532 5474 1585 5527 in
1617 5474 1769 5529 Latio

189 5533 428 5587 fuerunt.

261 5606 376 5669 (l6)
411 5602 578 5656 Unam
610 5619 769 5679 supra
830 5610 1165 5679 septuaginta
1222 5612 1305 5665 liic
1354 5628 1597 5669 numero.
1674 5615 1769 5666 Ex-

188 5686 549 5749 cerptavero
581 5677 821 5749 duarum
841 5681 1002 5749 ,λιιοε
1030 5677 1155 5733 loco
1206 5686 1624 5749 prmteritaruni,
1672 5686 1769 5739 inf.

187 5748 309 5820 rint.
340 5743 482 5820 243,
513 5742 723 5808 colligo,
758 5762 822 5801 ex
869 5742 1265 5820 Protiemptico,
1311 5764 1363 5807 ct
1404 5769 1467 5807 cx
1524 5742 1764 5809 orationi.-

189 5832 240 5867 ιιι
267 5815 581 5869 Anatolium
611 5830 759 5871 cons.

1940 5410 2049 5483 (Π)
2089 5410 2374 5483 :I’arasium
2418 5412 2635 5467 fratrem
2678 5414 2984 5483 alloquitur.

1942 5481 2049 5545 (18)
2088 5481 2254 5550 Vulgo
2280 5482 2723 5550 Con/irritationem

1942 5551 2052 5618 (I9)
2082 5552 2178 5605 Adi
2208 5556 2536 5620 geOgraphos
2563 5554 2627 5605 tle
2662 5555 2757 5607 hac
2782 5556 2989 5609 veriora
3020 5564 3351 5617 narraturus,
3378 5570 3432 5609 et

1873 5620 1923 5671 iu
1980 5622 2164 5687 primis
2214 5622 2439 5689 l’rocop.
2510 5624 2845 5676 Gothicorum
2906 5641 2979 5688 tt;
3027 5624 3211 5678 Ortelii
3252 5624 3429 5677 Islan—

1872 5691 2106 5764 (llt'ant’in
2147 5691 2401 5764 theatro;
2433 5693 2703 5746 Ριιιῐιιτριι.
2740 5696 2828 5747 lib.
2871 5710 2955 5757 ιιι,
3014 5697 3172 5764 epist.
3215 5696 3421 5753 i:Gui.

1874 5759 2132 5824 Catudeu,
2158 5762 2229 5814 De
2249 5765 2431 5815 insulis
2465 5764 2645 5814 Uritth
2693 5777 2737 5815 et
2775 5767 2930 5817 alios.
