4224 6446
783 402 887 463 467

1865 391 2125 451 ΡΗΟἹῚῙ
2164 387 2664 449 ΡΑΤΒῘΑΒΟΙΙΕ
2692 390 2798 447 Cl’.

3904 396 4015 460 468

786 516 916 567 solis
943 509 1167 565 orientis
1201 518 1383 575 partes
1415 517 1695 571 venerunt;
1726 506 1867 559 unde
1924 506 2129 559 circulo
2179 505 2340 567 facto,
2374 509 2417 561 Α
2447 523 2454 555 -.

2374 509 2417 561 Α
2447 503 2540 556 καὶ
2566 505 2644 565 είς
2670 502 2757 554 τὸν
2791 500 2924 570 ἑῷον
2960 500 3289 569 ἐμϐαλόντες
3312 502 3405 557 καὶ
3440 504 3573 572 πρδς
3597 509 3715 567 ταῖς
3736 506 3829 558 τοῦ
3859 509 4010 576 ἡλίου

784 606 1025 660 exterius
1056 619 1205 657 mare
1236 604 1393 671 longo
1439 612 1699 669 tempore,
1754 602 2029 669 variisque
2065 598 2345 653 erroribus

786 699 1127 752 circumiere.
1197 699 1452 751 Errorunt
1500 696 1629 750 socii
1680 695 1809 747 liunt
1858 691 2173 753 Carmanes,
2231 688 2346 741 Me-

785 792 964 843 niscus
1014 800 1065 843 et
1092 788 1308 842 Aznlis:
1364 797 1522 855 atque
1578 787 1629 840 in
1667 785 1836 839 Thule
1886 784 2113 850 denique
2173 781 2343 834 insula

782 883 1068 933 stationem
1138 880 1351 933 interim
1400 893 1643 931 errorum
1704 876 1988 945 quamdam
2040 874 2342 927 constitue-

786 981 926 1023 rttnt.
974 970 1028 1024 In
1101 973 1199 1025 hac
1256 973 1367 1037 ipsa
1408 971 1575 1022 insula
1619 984 1738 1022 cum
1778 966 2073 1036 Dercyllide
2111 964 2342 1034 quadam

787 1062 966 1115 Dinias
1019 1063 1459 1116 consuetudinem
1503 1062 1714 1115 habuit:
1766 1075 1883 1126 qua:
1918 1073 2111 1126 genere
2158 1056 2341 1125 Tyria.

782 1164 835 1204 et
859 1154 1015 1206 claris
1058 1157 1107 1206 in
1140 1170 1200 1206 ea
1253 1155 1384 1207 urbe
1413 1154 1678 1205 natalibus
1716 1164 1854 1213 orta,
1895 1168 2012 1204 cum
2046 1150 2211 1203 fratre
2230 1148 2343 1215 (20)

786 1243 1038 1296 Mantinia
1070 1245 1173 1297 hoc
1210 1246 1258 1296 in
1296 1244 1414 1297 loco
1446 1246 1779 1297 versabatur.
1842 1243 1974 1297 Cum
2029 1244 2114 1295 illa
2186 1242 2345 1309 igitur

784 1335 966 1389 Dinias
989 1351 1365 1399 consuescens,
1385 1338 1501 1405 ejus
1521 1338 1669 1390 audit
1692 1336 1978 1403 fratrisque
2002 1335 2342 1404 jactationes,

780 1436 835 1480 et
887 1438 1085 1495 quanta
1147 1429 1283 1483 mala
1351 1428 1991 1498 Paastius(2l)qnidam,
2056 1425 2343 1496 Arigyptins

779 1521 1134 1585 sacrificulus,
1189 1523 1445 1576 intulerit.
1498 1524 1592 1576 llic
1638 1524 1779 1575 enim
1817 1536 1937 1573 cum
1974 1531 2179 1573 vastata
2227 1520 2344 1586 ejus

780 1613 975 1679 patria,
1032 1612 1230 1682 Tyrum
1279 1614 1589 1682 migrasset,
1633 1622 1686 1666 et
1734 1613 1964 1679 hospitio
2015 1621 2267 1678 acceptus
2312 1624 2340 1661 a

779 1703 1089 1768 parentibus
1145 1704 1331 1755 horum
1395 1702 1642 1765 fratrum,
1696 1702 1965 1755 Mantinite
2014 1712 2176 1770 atque
2215 1701 2344 1754 Der-

779 1794 1012 1861 cyllidis,
1048 1795 1338 1848 benevolus
1367 1797 1596 1863 primum
1630 1795 1681 1847 itt
1718 1796 1852 1848 bene
1886 1794 1952 1847 de
1981 1810 2039 1848 se
2092 1797 2339 1855 meritos,

2450 597 2729 657 ἀνατολαῖς
2765 596 3065 661 γεγονότες,
3116 595 3366 648 ἐντεῦθέν
3390 614 3445 648 τε
3485 598 3666 666 κύκλῳ
3714 599 3812 667 τὴν
3852 600 4013 661 tua;

2448 688 2819 757 περιελθόντες
2875 687 3148 741 Θάλασσαν
3180 692 3238 740 ὲν
3265 690 3475 757 χρόνοις
3510 694 3733 759 μακροῖς
3767 691 3860 742 καὶ
3887 708 4010 741 ποι-

2447 782 2621 841 κίλαις
2674 781 2903 843 πλάναις
2941 797 2955 812 ·
3019 776 3101 842 οἷς
3157 783 3583 847 συνεφάπτονται
3640 782 3738 849 τῆς
3803 781 4012 848 πλάνης

2447 874 2749 942 Καρμάνης
2774 875 2864 926 καὶ
2887 874 3161 941 Μηνίσκος
3181 876 3273 925 καί
3294 873 3557 938 Ἀζουλις.
3577 874 3815 925 Γίνονται
3840 872 3896 923 δὲ
3916 873 4011 923 καὶ

2446 968 2503 1017 ἐν
2532 964 2704 1034 Θούλῃ
2753 968 2817 1035 τῇ
2864 968 3030 1034 νήσῳ,
3089 966 3318 1017 ἐνταῦθα
3377 967 3512 1022 τέως
3552 965 3645 1017 καὶ
3705 962 3942 1029 σταθμὸν
3965 962 4011 993 ⁸⁸

2446 1058 2750 1127 ὥσπερτῆς
2791 1060 2999 1127 πλάνης
3058 1058 3180 1110 τινὰ
3234 1056 3563 1124 ποιούμενοι.
3621 1058 3710 1110 Ἐν
3737 1056 3908 1121 ταύτῃ
3941 1055 4010 1120 τῇ

2446 1153 2617 1220 eam
2673 1151 2883 1210 Δεινίας
2925 1150 3042 1202 κατ’
3074 1150 3275 1219 ἔρωτος
3304 1150 3463 1219 νόμον
3492 1148 3666 1217 ὁμιλεῖ
3696 1144 4011 1214 Δερκυλλίδι

2444 1247 2549 1296 τινὶ
2590 1245 2919 1314 καλουμένῃ,
2967 1246 3087 1313 ἥτις
3136 1244 3281 1309 γένει
3320 1244 3417 1311 μὲν
3448 1242 3654 1309 ὑπῆρχε
3710 1239 3878 1307 Τυρία
3903 1235 4011 1288 τῶν

2447 1337 2587 1389 κατά
2619 1338 2715 1403 τὴν
2748 1338 2899 1388 πόλιν
2924 1335 3281 1403 εὐπατριδῶν,
3310 1335 3522 1403 ἀδελφῷ
3544 1336 3584 1364 ⁸⁷
3610 1334 3663 1384 δὲ
3696 1332 3859 1398 συνῆν
3889 1330 4013 1380 ὅνο-

2449 1447 2524 1497 μα
2575 1428 2859 1497 Μαντινίᾳ.
2925 1427 3107 1495 Ταύτῃ
3158 1426 3366 1487 Δεινίας
3413 1425 3611 1493 ὁμιλῶν
3645 1421 4011 1488 ἀναμανθάνει

2444 1524 2544 1590 τήν
2581 1539 2638 1572 τε
2674 1522 2783 1572 τῶν
2812 1520 3055 1587 ἀδελφῶν
3144 1519 3338 1587 τλάνην,
3369 1518 3462 1570 καὶ
3495 1519 3592 1570 ὃσα
3632 1515 3903 1574 Παάπις⁸⁴
3929 1531 4012 1573 τις

2449 1617 2623 1680 ἱερεὺς
2653 1614 2966 1680 Αἰγύπτιος,
2990 1613 3086 1681 τῆς
3116 1611 3368 1679 πατρίδος
3406 1609 3567 1663 αὑτοῦ
3586 1607 4013 1675 λεηλατηθείσης

2446 1708 2540 1759 καὶ
2602 1706 2939 1771 παροικήσας
2996 1703 3172 1772 Τύρον
3229 1703 3323 1753 καὶ
3373 1698 3736 1767 φιλοξενηθεὶς
3766 1697 3869 1749 ὑπὸ
3902 1696 4012 1745 τῶν

2444 1797 2710 1848 τεκόντων
2756 1795 2880 1854 τοὺς
2908 1792 3169 1859 ἀδελφοὺς
3196 1789 3522 1859 Δερκυλλίδα
3560 1791 3652 1839 καὶ
3687 1785 4013 1845 Μαντινίαν,

780 1884 1142 1952 familiamque
1192 1885 1324 1939 adeo
1383 1886 1683 1938 universam
1738 1900 1859 1939 esse
1906 1886 2211 1938 videretur:
2265 1885 2341 1936 in-
2374 1885 2448 1938 Β·

2374 1885 2415 1938 Β
2446 1891 2536 1940 καὶ
2562 1888 2716 1951 δόξας
2742 1887 2806 1939 τὰ
2828 1886 3015 1955 πρῶτα
3044 1885 3229 1945 εὔνους
3258 1880 3394 1935 εἶναι
3421 1884 3531 1943 τοῖς
3564 1880 3877 1948 εὐεργέταις
3916 1878 4009 1927 καὶ

778 1976 1026 2041 gentibus
1084 1986 1267 2043 postea
1314 1975 1470 2029 malis
1501 1980 1735 2039 domnnt,
1786 1978 1991 2043 hosque
2043 1985 2097 2029 et
2149 1992 2336 2030 eorum

779 2077 1027 2133 parentes
1071 2067 1274 2121 affecit.
1326 2066 1513 2121 Refert
1560 2069 1750 2121 deinde
1804 2071 2070 2136 quomodo
2119 2069 2343 2123 inRho-

778 2164 924 2222 ιΙιιιιι,
970 2173 1088 2228 post
1147 2172 1322 2215 tantas
1374 2163 1586 2215 familiae
1654 2162 2012 2225 calamitates,
2066 2179 2183 2215 cum
2235 2164 2343 2216 fra-

782 2264 860 2305 tre
887 2254 1115 2306 abducta
1143 2254 1471 2321 sit,indeqne
1499 2254 1548 2306 in
1572 2253 1783 2307 Cretam
1811 2270 1997 2309 errore
2023 2256 2197 2308 delata
2228 2258 2343 2310 fne-

778 2346 866 2407 rit,
921 2359 1039 2397 mox
1072 2345 1135 2397 ad
1181 2344 1489 2414 Tyrrhenos
1526 2354 1579 2399 ct
1619 2362 1829 2399 rursum
1862 2346 1985 2399 inde
2015 2348 2079 2399 ad
2107 2348 2343 2401 Cimme-

779 2439 906 2498 rios,
980 2452 1118 2505 quos
1178 2439 1491 2499 nominant,
1550 2452 1711 2505 utque
1788 2442 1925 2507 apud
1983 2441 2082 2493 hos
2139 2442 2340 2495 inferos

777 2530 1054 2593 spectarit,
1086 2537 1139 2580 et
1166 2544 1351 2580 eorum
1383 2530 1567 2593 multa,
1600 2546 1719 2598 qua!
1769 2532 1964 2584 ibidem
2022 2543 2166 2598 sunt,
2200 2535 2339 2587 ditii-

775 2624 960 2675 cerit:
1011 2622 1181 2693 Myrto
1233 2623 1484 2690 magistra
1535 2639 1654 2687 usa,
1725 2625 1911 2693 1091)
1964 2641 2057 2679 sua
2110 2627 2339 2695 quadam

776 2717 1086 2784 pedisequa,
1152 2732 1270 2786 quae
1343 2717 1470 2770 olim
1532 2717 1640 2769 vita
1694 2719 1920 2783 abierat,
1975 2728 2027 2771 et
2076 2734 2105 2771 a
2166 2730 2341 2773 morte

777 2809 1048 2859 dominam
1082 2808 1327 2861 docebat.

849 2894 975 2950 Haec
1006 2898 1185 2965 itaque
1218 2914 1441 2953 narrare
1474 2900 1656 2970 incipit
1684 2900 1866 2955 Dinias
1895 2900 2109 2971 Cymba:
2124 2902 2336 2957 cuidam

782 2988 1018 3051 nomine,
1049 2990 1207 3042 domo
1251 2993 1498 3056 Arcadia,
1553 3008 1711 3060 quem
1736 3008 2019 3046 commune
2066 2994 2335 3047 Arcadum

774 3077 1009 3146 legatum
1060 3082 1282 3133 miserat
1319 3082 1541 3150 Tyrum,
1582 3083 1791 3135 Diniam
1838 3084 1909 3136 ibi
1958 3097 2229 3149 rOgantes,
2281 3098 2336 3137 nt

2443 1982 2545 2050 ὅλῳ
2567 1980 2644 2048 τῷ
2671 1980 2823 2048 οἴκῳ,
2853 1978 2988 2046 μετά
3014 1975 3184 2029 ταῦτα
3211 1976 3308 2026 ὅσα
3336 1974 3480 2025 κακά
3511 1974 3599 2023 τόν
3623 1988 3678 2021 τε
3716 1964 3861 2021 οἷκον
3915 1970 4009 2019 καὶ

2442 2072 2636 2132 αὐτοὺς
2666 2071 2757 2121 καὶ
2781 2069 2971 2121 αὑτῶν¹
3003 2067 3195 2134 γονέας
3225 2066 3518 2134 εἰργάσατο
3538 2076 3549 2087 ·
3586 2063 3734 2122 ὅπως
3765 2061 3848 2121 εἰς
3887 2060 4003 2110 Ῥό-

2441 2166 2528 2217 δον
2558 2164 2662 2217 an);
2682 2163 2780 2231 τῆς
2802 2160 2943 2213 γ’στά
2971 2160 3062 2209 τὸν
3099 2153 3248 2209 οἷκον
3297 2155 3579 2222 συμφορᾶς
3620 2154 3714 2205 σὺν
3744 2153 3823 2220 τῷ
3848 2150 4005 2243 affair

2441 2260 2525 2327 φῷ
2556 2257 2793 2325 ἀπήχθη,
2863 2254 3109 2307 κάκεῖθεν
3158 2251 3238 2312 είς
3291 2250 3511 2319 Κρήτην
3560 2243 4007 2315 έπλανήθη,εἶτα

2441 2355 2517 2413 εἰς
2548 2350 2883 2421 Τυρρηνοὺς,
2937 2345 3229 2399 κάντεῦθεν
3259 2348 3337 2405 εἰς
3361 2343 3699 2411 Κιμμερίους
3726 2341 3869 2393 οὕτω
3902 2357 4006 2391 κα-

2438 2446 2729 2513 λουμένους
2750 2461 2763 2474 ·
2798 2443 2891 2495 καί.
2915 2442 2988 2504 ὡς
3016 2441 3083 2492 τὰ
3103 2441 3161 2492 ὲν
3206 2439 3367 2507 ’ᾼδου
3415 2438 3543 2506 παρ’
3574 2438 3756 2497 αὐτοῖς
3785 2437 3882 2487 ἴδοι
3913 2435 4006 2485 καὶ

2440 2540 2608 2593 πολλά
2644 2538 2750 2588 τῶν
2776 2537 2951 2589 ἐκεῖσε
2987 2533 3165 2601 μάθοι,
3191 2531 3493 2600 διδασκάλῳ
3538 2530 3793 2600 χρωμένη
3853 2527 4005 2593 Μύρ-

2438 2632 2569 2701 τῳ⁶¹⁹
2624 2627 2963 2699 θεραπαινίδι
3010 2627 3215 2694 οἰκείᾳ,
3268 2624 3434 2676 πάλαι
3486 2624 3579 2675 τὸν
3628 2622 3739 2690 βίον
3805 2622 4015 2689 ἀπολιον

2440 2724 2613 2793 πούσῃ
2657 2726 2750 2775 καὶ
2781 2722 2842 2773 ὲκ
2866 2721 2974 2773 τῶν
3034 2718 3243 2789 νεκρῶν
3300 2719 3397 2787 τὴν
3434 2715 3719 2767 δέσποιναν
3756 2713 4007 2766 ἀναδιδα-

2440 2816 2659 2885 σκούση.

2509 2908 2631 2977 [357
2655 2905 2742 2977 8.]
2794 2904 2977 2958 Ταῦτα
3006 2904 3186 2957 τοίνυν
3224 2903 3527 2970 άπάρχεται
3558 2898 3768 2959 Δεινίας
3800 2898 4007 2965 διηγεῖ-

2440 3000 2559 3051 σθαι
2607 2998 2808 3064 Κύμὸα
2835 2999 2942 3048 τινὶ
2968 2997 3187 3061 ὀνόματι
3221 2994 3277 3057 ἐξ
3305 2990 3595 3060 Ἀρκαδίας
3630 2989 3912 3058 πατρίδος,
3945 2988 4003 3037 ὃν

2438 3089 2657 3141 στείλειε
2686 3088 2744 3138 τὸ
2781 3087 2956 3138 κοινὸν
3013 3085 3120 3136 τῶν
3159 3082 3434 3150 Ἀρκάδων
3467 3082 3522 3142 ἐς
3578 3079 3775 3147 Τύρον,
3820 3076 4005 3129 αἰτού-

773 3174 836 3223 ad
859 3176 1001 3237 ipsos
1036 3173 1086 3224 in
1108 3176 1336 3237 patriam
1391 3190 1540 3227 suam
1592 3176 1812 3230 rediret.
1856 3178 1925 3231 At
1966 3179 2216 3245 quoniam
2253 3181 2333 3247 ip-
2360 3224 2402 3281 ο

2360 3224 2402 3281 c
2441 3197 2589 3250 μενοι
2622 3180 2831 3230 Δεινίαν
2870 3177 3002 3241 πρὸς
3042 3174 3237 3235 αὐτούς
3267 3191 3324 3225 τε
3355 3173 3448 3225 καὶ
3504 3172 3736 3241 πατρίδα
3795 3171 4003 3221 ἐπανα-

2444 3272 2468 3281 ι.
2504 3272 2559 3281 --
2689 3270 2741 3281 ..α
2818 3271 2827 3281 ι
2862 3269 2902 3281 με
2991 3270 3002 3281 ι
3049 3267 3061 3281 ι
3166 3266 3179 3281 ι
3218 3266 3273 3281 nr
3469 3262 3493 3272 "
3570 3264 3581 3280 Ι
3696 3280 3704 3281 κ
3743 3262 3977 3281 !,A,",._,,

771 3274 888 3311 sum
918 3260 1028 3326 jam
1054 3263 1236 3329 gravis
1263 3265 1397 3316 senii
1431 3276 1561 3318 mtas
1601 3268 1939 3333 prohibebat,
1995 3271 2213 3338 fingitur
2246 3272 2332 3325 hic

775 3349 993 3413 referre,
1026 3362 1134 3405 tum
1185 3368 1245 3406 ea
1284 3369 1401 3421 qure
1434 3356 1657 3421 ipsemet
1688 3359 2219 3426 erroribttsjactatus
2241 3363 2335 3413 vi-

767 3444 941 3505 derat,
976 3453 1085 3495 tum
1116 3458 1235 3512 qua:
1267 3446 1333 3499 ab
1368 3446 1488 3498 aliis
1535 3459 1821 3516 conspecta
1850 3462 2153 3517 acceperat,
2186 3468 2331 3518 qua:-

766 3549 870 3599 qne
899 3551 926 3585 a
961 3533 1263 3605 Dercyllide
1310 3537 1361 3588 in
1397 3536 1569 3591 Thule
1622 3551 1835 3593 narrata
1890 3542 2150 3597 didicerat
2188 3560 2199 3594 :
2238 3559 2331 3595 sn-

767 3628 1090 3691 pradictum,
1129 3630 1371 3694 inquam,
1397 3629 1513 3695 ejus
1538 3645 1801 3692 errorem,
1845 3643 2008 3699 utque
2034 3644 2153 3701 post
2171 3650 2327 3687 suum

766 3716 852 3767 illa
874 3718 1103 3771 reditum
1141 3720 1208 3773 ab
1242 3720 1452 3783 inferis,
1494 3737 1611 3775 cum
1644 3721 1853 3793 Ceryllo
1876 3735 1927 3777 et
1961 3727 2169 3779 Λειτωο
2198 3726 2326 3795 (jam

764 3808 911 3859 enim
949 3822 976 3859 a
1004 3809 1170 3863 fratre
1194 3825 1470 3879 segregata
1502 3816 1640 3883 erat)
1666 3819 1730 3868 ad
1768 3817 1983 3869 Sirenes
2011 3822 2215 3872 venerit
2236 3836 2324 3874 se-

765 3898 1043 3965 pulcrum;
1084 3911 1137 3953 et
1195 3918 1314 3969 qua.-
1356 3920 1563 3957 rursum
1594 3907 1704 3975 ipsa
1741 3923 1802 3961 ex
1844 3910 2034 3964 Astraei
2080 3926 2327 3965 sermone

763 3988 1075 4052 cognoverit
1101 3990 1165 4041 de
1197 3988 1523 4057 Pythagora,
1556 4003 1609 4045 et
1641 3993 1957 4050 Mnesarcho
1989 4016 2002 4051 :
2038 3998 2219 4067 qualia
2245 4000 2325 4051 vi-

760 4073 943 4125 cissim
970 4074 1215 4129 Astraeus
1244 4093 1306 4130 ex
1352 4078 1617 4135 Philotide
1656 4084 1925 4142 didicerit.
1962 4097 2017 4141 et
2069 4091 2118 4141 in
2157 4090 2326 4143 oculis

763 4165 933 4231 ipsius
989 4179 1283 4234 spectrnm,
1338 4174 1615 4240 visumque
1657 4176 1810 4241 plane
1872 4177 2165 4232 fabulosum
2210 4198 2223 4233 :
2274 4191 2327 4235 et

760 4272 1114 4326 quascunque
1147 4277 1359 4314 rursum
1393 4264 1652 4334 Dercyllis
1682 4268 1747 4318 ad
1780 4283 1905 4321 suos
1930 4285 2140 4323 reversa
2172 4287 2326 4325 erro-

760 4359 847 4399 res
880 4349 1080 4411 retulit,
1127 4360 1183 4401 nt
1232 4353 1283 4403 in
1337 4352 1615 4407 hominum
1666 4356 1940 4410 civitatem
1988 4360 2239 4413 inciderit
2271 4361 2323 4413 in

756 4436 954 4504 Iberia,
984 4444 1073 4509 qni
1097 4452 1253 4496 noctu
1278 4444 1492 4511 quidem
1524 4448 1773 4501 viderent
1807 4466 1819 4501 :
1851 4449 2085 4503 interdiu
2142 4462 2319 4506 autem

2438 3272 2641 3335 ζεῦξαι.
2689 3270 2838 3320 Ἐπεὶ
2858 3269 2913 3320 δὲ
2945 3267 3104 3321 αὑτὸν
3132 3266 3191 3317 τί)
3217 3266 3377 3335 βάρος
3403 3262 3496 3315 τοῦ
3522 3264 3705 3330 γήρως
3740 3262 4001 3324 ἐκώλυεν,

2436 3365 2713 3429 εἰσάγεται
2765 3362 3116 3430 διηγούμενος
3190 3360 3331 3427 άπερ
3371 3375 3427 3409 τε
3486 3357 3646 3418 αὐτὸς
3701 3354 3843 3406 κατά
3902 3354 4003 3422 τὴν

2434 3455 2641 3521 πλάνην
2683 3452 2988 3520 θεάσοιτοῆ
3031 3451 3124 3503 καὶ
3180 3450 3352 3504 ἄλλων
3379 3448 3728 3515 θεασαμένων
3770 3448 4000 3513 ἀκήκοε,

2432 3546 2525 3597 καὶ
2568 3544 2603 3596 ἃ
2658 3541 3007 3611 Δερκυλλίδος
3029 3542 3087 3592 ἐν
3116 3540 3294 3609 Θούλῃ
3319 3536 3682 3608 διηγουμένης
3739 3534 4002 3601 ἀνέμαθει

2431 3636 2571 3699 λέγω
2609 3635 2671 3705 δὴ
2706 3636 2804 3703 τήν
2834 3650 2891 3685 τε
2916 3633 2961 3663 ’⁸
2995 3630 3398 3700 προειρημένην
3430 3629 3639 3697 πλάνην
3666 3627 3858 3692 αὐτῆς,
3912 3626 4004 3676 καὶ

2436 3728 2585 3788 ὅπως
2623 3726 2760 3794 μετά
2790 3726 2887 3792 τὴν
2909 3724 2966 3787 ἐξ
2998 3723 3161 3793 ’ᾍδου
3184 3722 3348 3791 αὐτῆς
3382 3718 3725 3788 ἀναχώρησιν
3760 3718 3855 3769 σὺν
3884 3717 4001 3784 Κηο

2433 3818 2608 3888 ρύλλῳ
2667 3816 2761 3868 καὶ
2815 3816 3105 3883 Ἀστραίῳ,
3166 3814 3265 3883 ἤδη
3292 3811 3383 3863 τοῦ
3403 3813 3445 3842 ⁹¹
3482 3808 3711 3876 ἀδελφοῦ
3761 3808 4001 3860 διασπα-

2431 3907 2637 3968 σθεῖσα,
2662 3907 2754 3959 ἐπὶ
2784 3906 2873 3958 τὸν
2907 3906 3174 3973 Σειρήνης
3200 3902 3511 3967 ἀφίκοντο⁹¹
3545 3901 3714 3966 τάφον
3734 3914 3745 3925 ’
3783 3896 3879 3949 καὶ
3905 3897 4007 3947 ὅσα

2430 3999 2588 4051 πάλιν
2640 3998 2775 4066 αὑτὴ
2804 3996 2860 4061 ἐξ
2898 3994 3179 4062 Ἀστραίου
3235 3993 3479 4058 λέγοντος
3519 3991 3740 4059 ἤκουσε,
3776 3986 3907 4054 περί
3942 4003 4003 4036 τε

2429 4089 2744 4155 Πυθαγόρου
2795 4087 2935 4155 φημὶ
2974 4085 3063 4136 καὶ
3108 4083 3439 4151 Μνησάρχου
3462 4097 3475 4109 ’
3512 4076 3599 4133 οἷά
3627 4096 3685 4130 τε
3708 4077 4002 4137 Φιλώτιδος

2427 4181 2586 4241 αὐτὸς
2614 4180 2894 4247 Ἀστραῖος
2932 4176 3153 4245 ἢκουσε,
3207 4173 3301 4224 καὶ
3334 4172 3393 4224 τὸ
3418 4170 3560 4222 κατὰ
3610 4172 3733 4229 τοὺς
3791 4167 3999 4235 ὀφθαλ-

2431 4274 2561 4340 μοὺς
2582 4272 2627 4302 ’³
2660 4268 2824 4321 αὐτοῦ
2888 4266 3131 4337 μυθῶδες
3184 4264 3364 4332 θέαμα
3385 4279 3396 4290 ·
3425 4262 3517 4313 καὶ
3546 4262 3644 4312 ὅσα
3686 4256 3844 4319 αὖθις
3870 4264 4003 4328 Δερ-

2428 4362 2613 4422 κυλλὶς
2641 4361 2734 4412 ἐπὶ
2757 4361 2852 4429 τὴν
2886 4358 3093 4409 οἰκείαν
3131 4353 3427 4406 ἐπανιοῦσα
3464 4352 3672 4417 πλάνην
3713 4350 4003 4419 ἀπηγγελ-

2428 4455 2540 4523 λεν,
2558 4454 2632 4515 ὡς
2649 4450 2930 4520 περιπέσοι
2956 4446 3255 4518 ἀνθρώπων
3281 4444 3432 4495 πόλει
3450 4443 3586 4495 κατά
3617 4443 3714 4511 τὴν
3737 4441 3848 4510 ’16η
3859 4443 4003 4511 ρίαν,

755 4531 995 4595 quotidie
1025 4534 1358 4586 caecutireut.
1408 4534 1536 4599 Qua:
1595 4538 1719 4589 item
1773 4537 1843 4592 ibi
1892 4538 2134 4594 Astrarus
2185 4542 2315 4595 tibia
2350 4552 2400 4609 1)

2350 4552 2400 4609 D
2427 4546 2474 4597 οἳ
2499 4544 2683 4612 ἐώρων
2710 4542 2805 4611 μὲν
2835 4543 2892 4593 ὲν
2917 4539 3090 4601 νυκτὶ,
3110 4538 3297 4605 τυφλοὶ
3319 4538 3375 4590 δὲ
3399 4536 3501 4589 ὑπὸ
3529 4536 3706 4604 ἡμέρα
3731 4534 3942 4604 ἑκάστη
3961 4536 4005 4565 ’⁵

755 4636 975 4684 canens,
1036 4624 1278 4677 hostibus
1328 4641 1512 4677 eorum
1549 4626 1760 4691 fecerit,
1840 4638 2003 4696 utque
2074 4632 2319 4685 benevoli

758 4711 880 4765 inde
907 4714 1111 4766 dimissi
1138 4715 1189 4766 in
1214 4715 1392 4768 Celtas
1428 4700 1733 4781 inciderint,
1793 4732 2003 4783 gentem
2032 4722 2319 4775 immanem

755 4817 817 4853 at:
842 4803 1115 4866 stolidam,
1175 4820 1311 4872 quos
1340 4806 1391 4858 in
1416 4811 1568 4874 equis
1599 4810 1695 4876 ipsi
1740 4810 2047 4879 effugerint,
2096 4828 2322 4881 quaeque

756 4892 805 4945 in
839 4904 1042 4948 mutato
1077 4912 1335 4964 equorum
1369 4900 1547 4953 colore
1590 4902 1927 4956 acciderint:
1960 4913 2017 4957 ut
2072 4905 2196 4959 hinc
2252 4906 2317 4957 ad

750 4988 1052 5056 Aquitanos
1080 4992 1434 5055 penetrarint,
1473 5003 1809 5061 quantosque
1844 4996 2074 5050 honores
2104 4998 2174 5050 ibi
2196 4998 2318 5050 ade-

750 5080 824 5147 pti
882 5081 990 5134 sint
1018 5083 1278 5150 Dercyllis
1310 5096 1470 5153 atque
1503 5086 1782 5156 Ceryllus;
1837 5098 1889 5140 et
1939 5088 2041 5142 hoc
2088 5090 2318 5158 amplius

749 5170 1013 5235 Astraeus,
1077 5177 1217 5245 quod
1266 5178 1541 5232 oculorum
1594 5194 1814 5233 suorum
1868 5181 2202 5236 incremento
2234 5193 2314 5235 at-

2423 4637 2717 4703 έτύγχανον
2734 4649 2747 4661 ·
2799 4633 2891 4683 καὶ
2915 4632 3013 4683 ὅσα
3062 4632 3179 4680 ἐκεῖ
3205 4631 3487 4697 Ἀστραῖος
3505 4626 3682 4678 αὐλῶν
3704 4629 3817 4687 τοῖς
3843 4626 4005 4676 πολε-

2426 4727 2568 4795 μίοις
2615 4724 2837 4775 ἐκείνων
2901 4721 3216 4789 εἰργάσατο.
3271 4720 3381 4771 Καὶ
3403 4720 3477 4781 ὡς
3517 4718 3809 4784 ἀφεθέντες
3839 4718 4005 4785 εὐμε-

2421 4819 2525 4879 νῶς
2551 4816 2760 4869 ἐκεῖθεν
2811 4811 3267 4882 περιπεπτώκασι
3318 4813 3430 4873 τοῖς
3480 4810 3700 4871 Κελτοῖς
3724 4810 3795 4869 ’⁵,
3861 4809 4005 4859 ἔθνει

2421 4908 2554 4977 ὠμῷ
2585 4910 2675 4960 καὶ
2698 4906 2909 4975 ἠλιθίῳ,
2937 4907 3119 4965 ἵπποις
3142 4921 3200 4955 τε
3227 4905 3423 4966 αὐτοὺς
3464 4903 3743 4967 ἐξέφυγον,
3780 4901 3877 4952 καὶ
3907 4902 4006 4952 ὅσα

2427 5002 2609 5061 αὐτοῖς
2637 4999 2764 5067 περὶ
2796 4999 2890 5067 τῆς
2926 4997 3064 5050 κατά
3102 4996 3198 5065 τὴν
3229 4996 3393 5063 χρόαν
3429 4994 3534 5044 τῶν
3568 4992 3749 5043 ἵππων
3774 4994 4003 5045 ἐναλλα-

2426 5092 2529 5159 γῆς
2585 5091 2847 5157 ἐγεγόνει.
2899 5090 3086 5149 Ὀπως
3108 5104 3166 5139 τε
3200 5087 3337 5139 κατὰ
3360 5086 3486 5147 τοὺς
3521 5085 3853 5147 Ἀκυτανοὺς
3885 5084 4004 5150 ἐγέ-

2427 5199 2598 5242 νοντο,
2663 5183 2755 5232 καὶ
2807 5181 2921 5241 οἵας
2980 5181 3099 5231 ὲκεί
3150 5178 3314 5248 τιμῆς
3369 5174 3618 5248 [18611]
3675 5176 4002 5245 ἀπήλαυσαν

2045 5316 2277 5371 VARI/15
2318 5315 2717 5370 LECTIONES.

840 5427 890 5503 sit
917 5431 1012 5503 κᾳχ
1053 5430 1383 5503 σταθμδνᾷ-ξ-
1417 5434 1723 5503 ποιούμενοι
1753 5437 1794 5497 Α

748 5499 1010 5573 παάστιός
1046 5516 1106 5573 ς.
1183 5502 1226 5530 ⁸⁸
1260 5501 1465 5571 Μύρθῳ
1493 5522 1528 5566 ς
1561 5499 1586 5555 τ’
1615 5506 1853 5573 Scaliger
1895 5499 2123 5571 Μυρτοῖ.

745 5569 908 5637 pltani
940 5588 951 5621 :
980 5570 1259 5637 ἀφίκοιντο
1286 5589 1345 5634 ς.

1844 5453 1855 5487 :
1894 5436 2152 5505 σταθμίον
2191 5468 2258 5476 -
2292 5436 2590 5503 ποιούμενα
2616 5452 2673 5499 ς.

2200 5508 2243 5540 ⁸ο
2271 5524 2326 5557 τε
2359 5508 2479 5559 add.
2512 5507 2575 5557 Α.

1422 5574 1467 5604 ’³
1498 5576 1807 5644 ὀφθαλμοὺς
1834 5581 1876 5630 Α
1904 5595 1917 5630 :
1947 5578 2204 5645 ἀδελφοὺς
2234 5577 2273 5630 C
2303 5596 2360 5640 ς.

2802 5434 2844 5462 ⁸⁷
2879 5433 3076 5501 ἀδελφῇ
3110 5449 3168 5495 ς.
3270 5429 3313 5459 ⁸⁸
3345 5427 3579 5497 Παάπις]
3632 5427 3950 5501 ΠαάπιὸςλΑ
3979 5448 3992 5480 :

3127 5503 3171 5532 ”
3198 5501 3455 5564 ἀφίκοντο
3475 5514 3671 5567 apugt‘a
3682 5503 3849 5564 phum
3880 5497 3996 5550 Stu-

3156 5571 3199 5602 9'
3233 5570 3434 5639 βελτοίς
3467 5572 3530 5621 Α.

2652 5506 2693 5535 ⁹¹
2727 5503 2817 5553 τοῦ
2844 5522 2950 5554 nni.
2988 5504 3048 5553 Α.

2438 5577 2483 5607 ⁸⁸
2516 5575 2727 5645 ἡμέραν
2759 5574 2991 5643 ἑκάστην
3019 5590 3078 5635 ς.

2215 5691 2444 5745 ΝΟΤΛΕ.

826 5800 934 5870 ('20)
972 5804 1184 5873 ἀδελφῷ
1240 5806 1518 5874 legendum
1583 5807 1773 5861 docent
1818 5814 2111 5877 sequentia.

2498 5806 2606 5874 (2|)
2657 5807 2754 5872 Qui
2805 5807 2995 5875 Paupr.»
3044 5808 3295 5878 deinceps
3346 5817 3604 5878 perpetuo
3658 5806 3993 5861 nominatur.
