4224 6446
195 419 295 481 469

1221 404 1745 466 BlBLlOTHECA.
1781 424 1853 438 -
1877 402 2041 463 COD.
2074 403 2317 464 CLXVI.

3328 396 3435 465 ΠΟ

193 536 254 582 Δε
264 524 487 597 ρκυλλίς
515 539 575 574 τε
591 521 689 575 καὶ
713 518 800 587 Kh
812 515 1021 586 ρυλλος,
1038 512 1134 567 καὶ
1152 511 1231 565 ἔτι
1253 513 1451 583 μᾶλλον
1479 510 1769 581 Ἀστραῖος

1875 524 1977 577 que
2016 513 2381 575 decrementa,
2421 512 2561 567 luna:
2589 524 2802 583 quoque
2846 512 3153 581 designaret
3197 512 3435 566 alterna-

190 623 253 689 τῇ
289 618 423 685 περὶ
485 615 611 675 τοὺς
663 609 895 670 οἰκείους
931 606 1245 675 ὀφθαλμοὺς
1275 603 1636 672 αὐξομειὼσει
1673 600 1771 662 τὰς

195 706 523 777 σεληνιακάς
553 701 833 770 σημαίνων
862 695 1279 765 αύξομειώσεις.
1310 695 1405 746 καὶ
1429 693 1576 745 λύων
1595 692 1773 759 ἔριδος

192 800 313 860 τοὺς
366 799 550 849 ἐκεῖσε
586 792 713 859 περὶ
751 790 850 857 τῆς
904 787 1077 859 ἀρχῆς
1108 786 1370 855 βασιλεῖς,
1405 784 1455 836 οἳ
1493 784 1585 835 δύο
1620 782 1773 845 ὄντες

195 890 331 941 κατά
363 889 433 939 τὰ
466 883 689 937 τοιαῦτα
710 883 807 947 τῆς
835 879 1062 948 σελήνης
1081 876 1496 947 πάθηιάλλήλων
1524 874 1776 928 ἀντικαθι-

198 981 415 1030 ίσταντο
446 975 716 1041 διάδοχοι·
741 971 810 1024 δι’
844 971 879 1023 ἃ
906 971 1000 1022 καὶ
1021 971 1050 1021 ὁ
1082 970 1265 1023 ἐκεῖσε
1297 967 1465 1038 δῆμος
1489 968 1603 1027 τοῖς
1645 965 1774 1033 περὶ

206 1077 491 1145 Ἀστραῖον
519 1072 757 1140 ἔχαιρον.

271 1163 561 1217 Ἐντεῦθεν
600 1162 690 1213 ἐπι
701 1157 991 1226 μυθεύεται
1013 1157 1161 1218 ὅπως
1185 1155 1257 1207 τά
1284 1171 1344 1207 τε
1372 1153 1510 1206 ἀλλα
1532 1151 1773 1221 Δερκυλ-

194 1259 269 1318 λὶς
290 1254 403 1309 εἷδέ
429 1274 485 1309 τε
512 1254 604 1305 καὶ
634 1252 932 1320 ὑπήνεγκε,
967 1248 1061 1300 καὶ
1084 1247 1160 1309 ὡς
1182 1236 1591 1315 ὲνθἋρτάὅροις
1611 1243 1776 1313 ἤχθη,

194 1346 251 1404 οὗ
276 1351 543 1416 γυναῖκες
601 1346 700 1413 μὲν
756 1340 1103 1410 πολεμοῦσιν,
1153 1340 1344 1409 ἄνδρες
1375 1337 1430 1390 δὲ
1469 1335 1778 1403 οίκουροῦσι

195 1444 283 1494 καὶ
310 1441 385 1492 τὰ
408 1437 679 1506 γυναικῶν
702 1432 1108 1501 ἐπιμελοῦνται.
1136 1431 1262 1482 Ἐπὶ
1287 1428 1499 1485 τούτοις
1527 1419 1616 1478 οἷα
1634 1425 1779 1477 κατὰ

192 1533 314 1593 τοὺς
348 1529 649 1597 Ἀστύρους
669 1527 729 1578 τὸ
752 1525 904 1586 ἔθνος
927 1523 1062 1591 αὑτῇ
1099 1537 1159 1573 τε
1190 1521 1285 1573 καὶ
1313 1517 1582 1589 Κηρύλλῳ
1649 1533 1776 1568 συν-

193 1623 463 1691 εκύρησε,
519 1618 613 1672 καί
665 1617 746 1669 ἔτι
786 1617 885 1668 ὅσα
928 1614 1070 1675 ίδίως
1115 1613 1386 1681 Ἀστραίῳ
1442 1612 1771 1681 συνηνέχθη,

194 1712 284 1761 καὶ
315 1710 399 1771 ὡς
448 1706 579 1777 παρ’
642 1706 865 1766 ἐλπίδας
912 1704 1091 1765 πάσας
1141 1703 1267 1763 τοὺς
1292 1704 1349 1753 ὲν
1370 1700 1652 1770 Ἀστύροις
1688 1717 1779 1752 συ-

192 1798 353 1866 χνοὺς
378 1796 659 1857 κινδύνους
692 1794 1091 1860 ἐκπεφευγότες
1114 1791 1398 1860 Κήρυλλος
1422 1792 1517 1842 σὺν
1536 1790 1775 1859 Δερκυλ-

1873 604 2071 668 tiones,
2098 606 2348 674 quodque
2364 606 2766 659 contentionem
2802 604 3099 669 dirimeret,
3138 604 3270 659 duos
3296 605 3435 656 inter

1876 707 2028 763 reges
2078 697 2144 747 de
2182 694 2483 763 principatu
2518 695 2928 759 contendentes,
2975 695 3063 763 qui
3105 694 3256 763 juxta
3299 693 3434 745 tales

1875 784 2014 839 luna
2041 784 2445 840 vicissitudines
2499 785 2731 839 invicem
2788 785 3155 840 succedebant
3183 785 3233 838 in
3266 785 3435 851 impe-

1875 877 1976 939 rio,
2028 877 2177 929 utob
2204 878 2304 930 ista
2349 876 2511 931 etiam
2569 877 2769 947 pepulo
2832 877 2907 932 illi
2952 879 3191 932 Astreus
3239 874 3477 929 charus‘

1875 976 2237 1037 acceptusque
2260 968 2441 1023 fuerit.

1945 1146 2147 1201 Narrat
2180 1158 2373 1215 printer
2423 1150 2534 1203 hac
2578 1150 2783 1216 Dinias,
2835 1151 3132 1223 Dercyllida
3177 1167 3297 1204 enm
3334 1152 3435 1201 alia

1879 1237 2078 1293 vidisse
2138 1248 2302 1308 atque
2352 1242 2658 1309 pertulisse,
2710 1250 2821 1295 tum
2848 1244 2991 1297 utad
3037 1244 3438 1312 Artabrostiﬂ)

1878 1332 2209 1397 pervenerit,
2252 1330 2339 1385 ubi
2375 1331 2589 1386 feminas
2639 1333 2776 1388 bella
2835 1344 3051 1404 gerunt,
3114 1336 3215 1387 viri
3260 1346 3438 1388 autem

1878 1419 2096 1473 domum
2145 1423 2475 1493 custodiunt,
2533 1440 2596 1478 ac
2648 1426 2928 1479 muliebria
2986 1442 3209 1497 quaeque
3241 1430 3442 1481 obeunt

1879 1510 2053 1564 ofﬁcia
2080 1529 2092 1565 :
2128 1527 2245 1579 qua!
2275 1513 2401 1567 item
2426 1515 2564 1583 apud
2588 1516 2839 1568 Asturum
2874 1527 3085 1585 gentem
3121 1518 3219 1587 ipsi
3251 1519 3440 1587 Ceryl-

1879 1602 2045 1670 loque
2087 1606 2436 1674 contigerint,
2466 1615 2518 1660 et
2548 1620 2667 1673 qua:
2693 1608 2899 1663 Astraeo
2926 1625 3142 1679 quoque
3187 1611 3440 1677 privatim

1879 1694 2181 1749 acciderint
2210 1712 2224 1748 :
2259 1708 2423 1763 utque
2452 1706 2645 1764 praeter
2693 1712 2906 1751 omnem
2957 1716 3105 1767 spem
3140 1700 3439 1769 frequentia

1879 1787 2016 1853 apud
2039 1786 2265 1841 Astures
2282 1788 2518 1855 pericula
2550 1803 2671 1843 cum
2705 1788 3017 1859 effugissent
3056 1791 3440 1857 Cerylluscum

192 1848 289 1941 λίδι
318 1848 425 1956 ⁴τὴν
478 1848 1294 1956 δίκηνέμωςίῆνάδωίήμὲος
1329 1848 1557 1934 παλαιοῦ
1592 1848 1776 1949 ωφλη-

1882 1848 2200 1951 D‘erryllide,
2258 1848 3074 1951 pmnamtamenille:110n
3122 1848 3281 1951 quam
3336 1884 3441 1935 im-

195 1981 304 2042 κὼς
362 1978 683 2046 ἐτύγχανεν,
726 1978 824 2029 οὐκ
864 1977 1174 2041 ἀπέφυγεν,
1200 1973 1337 2026 ἀλλὰ
1367 1972 1517 2042 παρά
1558 1972 1712 2036 δόξαν
1732 1974 1777 2005 ⁹⁶

195 2073 380 2124 πᾶσαν
413 2069 491 2131 ὡς
513 2068 690 2135 ἐσώθη
736 2067 845 2119 τῶν
884 2064 1166 2129 κινδύνων,
1202 2064 1345 2116 οὕτω
1390 2066 1485 2117 καὶ
1512 2065 1774 2132 ὲκρεουρ-

195 2162 361 2231 γήθη.
400 2160 558 2213 Μετά
619 2159 794 2211 ταῦτα
836 2152 925 2210 οἷα
954 2159 1092 2209 κατά
1123 2157 1219 2225 τὴν
1247 2154 1475 2208 Ἰταλίαν
1501 2156 1594 2206 καὶ
1621 2156 1777 2206 Σικε-

195 2253 314 2305 λίαν
374 2250 703 2319 πλανωμένη
770 2247 1052 2309 ἐθεάσατο,
1104 2247 1199 2299 καὶ
1224 2247 1300 2310 ὡς
1349 2248 1406 2298 ὲν
1444 2246 1639 2316 Ἔρυκι
1690 2263 1779 2313 γε·

196 2345 404 2413 νομένη
455 2343 608 2396 πόλει
671 2340 925 2403 Σικελίας
990 2339 1427 2409 συλλαμϐάνεται
1491 2338 1586 2392 καὶ
1645 2340 1781 2409 πρὸς

196 2434 570 2503 Αίνησίδημον
587 2434 631 2482 ’ἵ
665 2434 968 2502 (ἐτυράννει
988 2431 1043 2484 δὲ
1073 2431 1196 2483 τότε
1242 2431 1538 2483 Λεοντίνων
1604 2424 1779 2495 οὗτος)

198 2527 502 2591 ἀπάγεται.
560 2516 719 2590 Ἐνῷ
749 2524 911 2576 πάλιν
967 2522 1204 2576 [Ιαάπιδι
1254 2520 1330 2591 τῷ
1380 2522 1779 2592 τρισαλιτηρίφ

199 2616 527 2686 περιπίπτει
552 2614 628 2684 τῷ
649 2614 1003 2685 τυραννοῦντι
1058 2614 1293 2675 συνόντι,
1327 2613 1539 2682 καὶτῆς
1568 2616 1777 2682 ἀπροσ-

199 2708 435 2776 δοκήτου
464 2708 747 2776 συμφορᾶς
777 2706 1103 2759 ἀνέλπιστον
1127 2705 1372 2773 εὑρίσκει
1427 2705 1782 2775 παραμυθίαν

198 2802 288 2850 τδν
335 2782 934 2865 ἀδελφὸνλΜαντινίαν,
997 2797 1056 2860 ὃς
1097 2796 1265 2849 πολλά
1310 2797 1626 2865 πλανηθεὶς,
1692 2796 1785 2849 καὶ

200 2888 419 2940 πολλῶν
468 2889 848 2941 ἀπιστοτάτων
904 2887 1194 2955 θεαμάτων
1224 2886 1352 2957 περί
1374 2904 1432 2939 τε
1462 2886 1784 2956 ἀνθρώπους

201 2980 298 3031 καὶ
322 2979 491 3047 ἕτερα
520 2976 635 3039 ζῶα
668 2978 797 3047 περί
830 2995 889 3029 τε
918 2978 1079 3030 αύτδν
1103 2978 1258 3046 ἣλιον
1286 2976 1380 3029 καὶ
1419 2977 1649 3047 σελήνην
1692 2978 1786 3029 καὶ

201 3071 349 3139 φυτά
402 3071 497 3121 καὶ
519 3070 713 3138 νήσους
753 3070 989 3137 μάλιστα
1014 3067 1285 3137 ἐξηγητὴς
1312 3067 1448 3136 αὐτῇ
1482 3069 1779 3132 καταστὰς,

1878 1969 2162 2037 probitatis
2190 1971 2320 2024 olim
2347 1986 2509 2025 causa
2559 1974 2908 2027 commeritus
2960 1983 3123 2039 esset,
3181 1989 3287 2026 non
3317 1972 3443 2026 etfu-

1878 2062 2054 2129 gerit,
2093 2063 2187 2115 sed
2217 2074 2273 2116 ttt
2312 2065 2592 2133 inopinato
2614 2065 2851 2133 pericula
2913 2066 3025 2120 haec
3069 2065 3325 2128 evaserit,
3367 2065 3440 2117 ita

1877 2153 2038 2206 etiam
2078 2155 2290 2208 tandem
2346 2156 2801 2225 excarnificatum}
2828 2156 3013 2211 fuisse.
3040 2156 3227 2212 Refert
3256 2166 3437 2226 postea

1878 2255 2126 2309 quaenam
2158 2256 2253 2311 per
2286 2242 2493 2297 ltaliaru
2547 2242 2893 2313 Siciliamque
2936 2247 3196 2300 oberrans
3247 2246 3331 2298 illa
3366 2247 3440 2297 vi—

1880 2333 2039 2387 derit.
2096 2332 2164 2388 Ut
2225 2334 2276 2387 in
2336 2333 2509 2402 Eryce
2540 2332 2739 2389 Sicilia:
2762 2336 2979 2390 civitate
3030 2338 3437 2404 comprehensa,

1880 2425 1947 2478 ad
1969 2425 2407 2489 Saenisidemum,
2464 2427 2556 2496 qui
2616 2437 2743 2481 tunc
2789 2426 3064 2482 Leontinis
3116 2429 3438 2495 imperabat,

1881 2516 2114 2569 adducta
2147 2516 2307 2572 fuerit
2339 2536 2354 2572 :
2388 2518 2476 2573 ubi
2498 2532 2708 2572 rursum
2728 2519 2781 2572 in
2804 2518 3113 2588 Paapitlem,
3144 2518 3442 2573 sceleratis-

1884 2606 2077 2660 simum
2110 2608 2257 2661 illum
2284 2611 2577 2671 hominem,
2634 2612 2773 2679 apud
2814 2626 2989 2680 regem
3017 2620 3262 2679 agentem
3311 2612 3444 2664 inci-

1883 2699 1985 2761 dit,
2012 2700 2319 2768 reperitque
2342 2716 2438 2755 nec
2455 2704 2674 2769 opinato
2691 2702 3011 2756 calamitatis
3038 2701 3271 2771 ingentis
3298 2702 3442 2755 sola-

1887 2787 2054 2853 tium,
2117 2788 2427 2843 Mantiniam
2490 2789 2751 2854 fratrem,
2802 2795 2891 2859 qui
2956 2792 3043 2845 diu
3108 2793 3445 2861 multumque

1881 2876 2138 2945 iactatus,
2154 2880 2302 2933 varia
2324 2896 2535 2949 quoque
2551 2889 2602 2935 et
2621 2882 2974 2945 incredibilia,
2993 2896 3113 2947 quas
3134 2898 3256 2937 cum
3279 2884 3330 2937 in
3358 2885 3449 2936 lto-

1887 2970 2124 3025 minibtts
2172 2986 2236 3025 ac
2289 2973 2504 3027 caeteris
2525 2973 2907 3039 animantibus,
2934 2984 3041 3027 tum
3073 2975 3219 3029 eirca
3278 2976 3445 3029 solem

1890 3060 2062 3128 ipsum
2099 3072 2152 3116 et
2202 3063 2399 3125 lunam,
2463 3066 2800 3132 plantasque,
2864 3076 2916 3118 et
2961 3066 3168 3120 insulas
3226 3066 3447 3134 potissi-

201 3165 339 3230 ὓλην
360 3162 596 3231 ἄφθονον
619 3160 863 3229 παρέσχε
896 3159 1213 3229 μυθοποιίας
1229 3159 1591 3226 ἀπαγγέλλειν
1623 3160 1777 3213 ὓστε-

1890 3171 2034 3208 mum
2067 3166 2355 3224 spectarat,
2386 3160 2555 3211 sorori
2606 3160 3073 3225 commemoravit,
3120 3161 3449 3227 uberemqne

778 3252 922 3320 ἅπερ
975 3250 1135 3312 αὐτὸς
1200 3251 1465 3321 συνείρων
1506 3252 1780 3319 εἰσάγεται

200 3346 567 3416 διηγούμενος
590 3345 665 3414 τῷ
702 3343 933 3413 Ἀρκάδι
970 3342 1195 3413 Κύμὸᾳ.

204 3274 300 3324 ρον
356 3255 438 3323 τῷ
486 3252 668 3322 Δεινίᾳ.
705 3268 721 3283 ο

281 3526 522 3577 Ἔπειτα
559 3521 633 3584 ὡς
686 3520 941 3581 λαϐόντες
1004 3519 1304 3581 Μαντινίας
1352 3520 1445 3571 καὶ
1495 3518 1787 3585 Δερκυλλὶς

204 3619 271 3670 ἐκ
305 3615 610 3668 Λεοντίνων
632 3614 676 3644 ’⁸
697 3614 757 3665 τὸ
797 3610 1070 3673 Παάπιδος
1110 3612 1357 3680 πηρίδιον
1415 3612 1551 3679 μετά
1595 3612 1703 3663 τῶν
1728 3614 1785 3664 ἐν

205 3708 364 3777 αὑτῷ
403 3706 643 3777 βιϐλίων,
669 3703 891 3758 καὶτῶν
926 3703 1162 3771 βοτανῶν
1223 3702 1347 3774 [560
1399 3701 1492 3774 IL]
1540 3702 1600 3754 τὸ
1633 3702 1791 3756 κιϐώ-

202 3819 347 3864 τιον,
380 3799 708 3867 ἀπαίρουσιν
747 3798 828 3857 εἰς
862 3797 1077 3865 Ῥήγιον
1102 3796 1354 3847 κάκεῖθεν
1394 3797 1473 3855 εἰς
1506 3796 1791 3847 Μεταπόυο

204 3912 347 3955 τιον,
378 3883 512 3957 ὲνζῷ
539 3890 735 3951 αὐτοὺς
779 3890 1062 3957 ’Λστραῖος
1126 3888 1541 3941 ὲπικαταλαϐὼν
1598 3889 1791 3957 μηνύει

207 3984 356 4037 κατά
398 3983 565 4042 πόδας
595 3980 809 4033 διώκειν
842 3980 1079 4032 Παάπιν.
1119 3980 1228 4031 Καὶ
1262 3979 1335 4040 ὡς
1363 3981 1793 4047 συναπαίρουσιν

205 4072 364 4141 αἰγεῷ
419 4071 512 4124 ἐπὶ
564 4071 781 4141 Θρᾷκας
808 4072 902 4122 καὶ
938 4070 1385 4136 Μασσαγέτας⁹⁹,
1418 4067 1552 4138 πρὸς
1586 4069 1795 4136 Ζάμολ-

206 4167 295 4226 ξιν
329 4163 425 4214 τὸν
454 4163 667 4229 ἑταῖρον
707 4160 873 4212 αὐτοῦ
901 4160 1132 4214 ἀπιόντι.
1165 4161 1305 4211 Ὂσα
1336 4176 1395 4211 τε
1420 4160 1559 4212 κατά
1590 4160 1794 4227 ταύτην

204 4256 331 4324 τὴνΔ
358 4254 672 4323 ὁδοιπορίαν
725 4254 884 4305 ἴδοιεν
903 4254 917 4283 ⁸
952 4253 1046 4304 καὶ
1096 4253 1242 4314 ὅπως
1270 4251 1482 4321 ἐντύχοι
1511 4252 1789 4323 ’Δστραῖος

207 4344 505 4415 Ζαμόλξιδι
550 4344 701 4412 παρὰ
748 4344 939 4405 Γέταις
964 4358 978 4372 ·
1005 4343 1105 4412 ήδη
1153 4342 1272 4408 Θεῷ
1296 4342 1639 4412 νομιζομένῳ
1659 4361 1670 4372 ·
1701 4344 1793 4394 καὶ

206 4440 314 4490 ξσα
366 4437 543 4490 εἰπεῖν
590 4435 739 4503 αὑτῷ
789 4435 887 4487 καὶ
953 4433 1210 4503 δεηθῆναι
1267 4433 1556 4503 Δερκυλλίς
1595 4450 1654 4485 τε
1700 4433 1793 4485 καὶ

1889 3246 2176 3299 admodum
2210 3248 2435 3314 praebuit
2472 3248 2771 3301 fabularum
2798 3250 3100 3315 materiam,
3168 3263 3303 3319 quas
3356 3250 3448 3303 Di.

1888 3336 1991 3391 nite
2023 3339 2361 3405 postmodum
2389 3339 2474 3391 illa
2504 3338 2746 3403 referret,
2804 3355 2922 3408 quae
2975 3341 3061 3395 hic
3116 3341 3292 3395 omnia
3338 3342 3449 3411 ipse

1890 3431 2271 3495 connexuisse,
2299 3442 2352 3483 et
2386 3431 2605 3501 Cymbaa
2637 3434 2831 3485 Arcadi
2860 3434 3107 3488 retulisse
3138 3434 3374 3502 fingitttr.

1961 3522 2123 3575 Addit
2149 3521 2365 3585 dehinc,
2389 3534 2447 3577 ut
2471 3524 2755 3577 Mantinias
2788 3540 2911 3578 cum
2956 3524 3259 3597 Dercyllide
3291 3526 3448 3596 (Pan-

1893 3610 2031 3678 pidis
2052 3627 2177 3677 pera
2197 3628 2317 3666 cum
2358 3615 2530 3678 libris,
2557 3614 2952 3684 herbarumque
3001 3617 3184 3671 arcula
3215 3618 3450 3686 sublata)

1893 3700 2158 3770 Rhegium
2187 3718 2218 3757 e
2248 3702 2523 3759 Leontinis
2557 3706 2883 3771 trajecerint,
2909 3709 3141 3779 indeque
3179 3708 3453 3779 Metapon-

1895 3794 2051 3857 tiunt,
2088 3794 2175 3848 ubi
2202 3810 2297 3849 eos
2350 3797 2588 3850 Astraeus
2636 3811 2935 3864 assecutus,
2974 3800 3172 3869 Paapin
3228 3804 3451 3870 vestigia

1892 3898 2079 3937 eorum
2119 3886 2371 3953 subsequi
2427 3887 2762 3955 significaril,
2796 3900 2959 3958 utque
3012 3893 3278 3946 Astraeum
3308 3892 3360 3945 hi
3394 3893 3445 3944 in

1894 3974 2201 4043 Thraciam,
2235 3988 2284 4030 et
2318 3978 2639 4048 Massagetas
2669 3982 2734 4033 ad
2766 3980 3042 4037 Zatnolxin
3100 3984 3212 4054 (23)
3249 3986 3452 4037 socium

1894 4068 2322 4132 proﬁciscentem
2381 4070 2547 4122 secuti
2581 4070 2709 4122 sint.
2757 4070 2895 4135 Quid
2955 4073 3081 4125 item
3142 4075 3230 4126 ille
3263 4075 3363 4127 hac
3404 4075 3454 4125 in

1894 4157 2224 4223 profectione
2256 4161 2619 4228 conspexerit,
2657 4176 2719 4216 ac
2758 4165 3026 4231 quomodo
3060 4165 3111 4217 in
3146 4163 3455 4218 Zamolxitla

1895 4248 2162 4310 inciderit,
2198 4252 2337 4319 apud
2387 4249 2550 4306 Getas
2584 4252 2701 4323 jam
2765 4263 2873 4307 tum
2904 4270 2998 4320 pro
3056 4255 3157 4309 deo
3210 4256 3455 4309 cultum:

1894 4352 2121 4406 quaeque
2150 4341 2350 4405 dicere,
2392 4356 2454 4395 ac
2482 4342 2753 4407 postulare
2783 4358 2880 4410 pro
2907 4358 2966 4397 se
2998 4344 3263 4397 Astraeum
3286 4345 3461 4412 jusse-

1896 4432 2017 4485 rint.
2049 4432 2308 4500 Dercyllis
2355 4443 2513 4501 atque
2567 4433 2899 4500 Mantinias;
2961 4444 3018 4487 ut
3060 4435 3133 4489 ibi
3182 4435 3459 4489 oraculum

208 4528 516 4589 Μαντινίας
550 4529 831 4596 Ἀστραῖον
885 4527 1023 4595 ὑπὲρ
1052 4526 1229 4578 αὐτῶν
1259 4525 1495 4595 ἠξίωσαν
1522 4541 1534 4553 ·
1581 4526 1673 4578 καὶ
1718 4527 1787 4588 ὡς

1898 4522 2004 4577 illis
2051 4524 2231 4578 datmn
2301 4526 2393 4588 sit,
2436 4527 2488 4579 in
2536 4524 2743 4579 Thulen
2795 4526 3022 4579 insulam
3082 4526 3280 4580 deferri
3338 4527 3461 4580 fatis

206 4620 467 4689 χρησμὸς
510 4619 690 4679 αὐτοῖς
745 4618 953 4670 ἐκεῖθεν
982 4616 1238 4681 ἐξέπεσεν
1279 4617 1374 4668 ἐπὶ
1402 4616 1612 4685 Θούλην
1652 4612 1790 4669 εἶναι

204 4708 577 4778 πεπρωμένον
631 4709 824 4770 ἐλθεῖν,
868 4708 961 4760 καὶ
992 4707 1066 4768 ὡς
1092 4708 1149 4769 ἐς
1180 4706 1405 4777 ὕστερον
1431 4707 1524 4758 καὶ
1558 4708 1790 4775 πατρίδα

204 4803 456 4867 ἰ-ᾠονται,
518 4799 779 4868 πρότερον
824 4800 957 4852 ἄλλα
983 4816 1042 4851 τε
1074 4796 1608 4867 ἐνταλαιπωροῧντες
1634 4838 1651 4862 ,
1694 4803 1788 4851 καὶ

202 4893 367 4959 δίκην
404 4890 503 4957 τῆς
528 4891 586 4951 ἐς
612 4892 734 4952 τοὺς
761 4891 952 4951 τοκέας
981 4891 1323 4958 ἀνοσιότητος
1347 4890 1417 4957 (εί
1444 4891 1536 4941 καὶ
1569 4890 1792 4955 ἄκοντες

206 4984 486 5050 ἥμαρτον)
528 4981 799 5044 τιννύντες
824 4981 901 5051 τῷ
926 4982 1016 5033 τὸν
1045 4981 1158 5049 βίον
1189 4981 1371 5042 αὐτοῖς
1400 4982 1477 5042 είς
1518 4980 1661 5049 ζωὴν
1696 4986 1789 5035 καὶ

190 5076 449 5125 θάνατον
495 5075 935 5145 διαμερισθῆναι,
988 5076 1084 5127 καὶ
1120 5074 1218 5144 ζῇν
1272 5076 1371 5143 μὲν
1403 5076 1460 5126 ὲν
1484 5075 1662 5140 νυκτὶ,
1698 5094 1787 5127 νεο

1899 4632 2017 4671 esse
2041 4616 2369 4672 destinatum
2404 4637 2417 4671 :
2457 4620 2672 4671 tandem
2704 4629 2879 4673 tamen
2936 4619 2989 4671 in
3038 4622 3266 4685 patriam
3316 4621 3461 4672 relli-

1900 4719 2066 4770 turos,
2122 4708 2215 4762 sed
2269 4725 2390 4763 cum
2426 4708 2527 4761 alia
2558 4709 2707 4778 prius
2746 4711 2970 4764 adversa
3015 4724 3294 4779 passuros,
3347 4720 3457 4763 tum

1899 4800 2189 4867 impietatis
2236 4802 2288 4853 in
2348 4811 2597 4869 parentes
2627 4802 2864 4870 (tametsi
2901 4802 3258 4870 deliquissent
3285 4803 3461 4859 ἱηνίιι)

1898 4905 2085 4958 poenas
2124 4892 2387 4946 daturos:
2424 4893 2584 4946 vitam
2644 4893 2894 4946 nimirum
2949 4893 3079 4961 ipsis
3125 4908 3246 4946 cum
3289 4905 3466 4946 morte

1897 4984 2119 5037 alternis
2178 4986 2380 5039 vicibus
2407 4996 2793 5039 commutatum
2846 4987 2933 5049 iri,
2963 4995 3017 5040 et
3058 4995 3215 5040 noctu
3246 4986 3462 5054 quidem

1896 5076 2131 5129 victuros
2166 5076 2303 5145 (25),
2347 5077 2578 5131 interdiu
2633 5092 2758 5131 vero
2814 5092 3029 5146 semper
3077 5088 3318 5131 mortuos
3374 5076 3461 5127 fu-

1503 5187 1586 5239 VA
1598 5186 1733 5241 ΒΙΑΣ
1777 5189 1814 5241 L
1828 5187 2181 5243 ECTIONES.

300 5278 352 5354 ’ξ
379 5278 510 5345 περὶ
537 5295 597 5341 ς’.
655 5278 1107 5354 ῘᾍΑίνησίδᾴημον
1149 5278 1397 5333 Leicltitts
1432 5294 1484 5347 p.
1517 5294 1569 5332 lx
1594 5296 1605 5330 :
1633 5283 1787 5332 αἰνισι

1875 5300 1973 5351 μον
2004 5284 2044 5335 Α
2072 5303 2082 5337 :
2118 5284 2486 5354 σαινισίδημον
2509 5284 2549 5337 C
2581 5302 2641 5348 ς.
2720 5286 2765 5317 ’⁸
2796 5285 3117 5339 Δεοντιόνων
3144 5303 3206 5348 ς.

209 5349 460 5416 σαγέτας
488 5365 552 5411 ς.
653 5350 668 5379 ⁸
698 5349 879 5413 ἴδοις.
956 5350 976 5378 ⁸
1009 5350 1177 5411 Γέτας
1212 5367 1272 5413 ς’.

3284 5287 3327 5319 ⁹⁹
3345 5289 3465 5340 Mx-

1662 5439 1891 5498 ΝΟΤᾹΞ.

288 5529 778 5599 (2?.lHodie,Cabu
819 5533 883 5585 de
939 5530 1227 5599 Finistera,
1286 5542 1570 5587 nautarum
1632 5532 1789 5599 vulgo

213 5605 357 5721 :Ipilnl
399 5602 571 5720 Until.
613 5602 665 5654 in
710 5600 999 5656 Thesauro.
1030 5605 1326 5660 Meminere
1359 5604 1520 5666 Plin.,
1568 5601 1785 5664 Strabo,

271 5692 297 5711 ι’
326 5690 353 5720 ιι
389 5681 441 5721 et
468 5686 495 5720 ει
526 5687 579 5721 ιι.

212 5672 712 5812 ωιίιὲὖῖιιῆλῖιίὲ-ιιβ
744 5742 844 5795 hoc
877 5745 1016 5812 apud
1065 5746 1241 5801 Strab.
1284 5745 1374 5799 lib.
1430 5760 1522 5810 vn,
1563 5741 1780 5796 Suidntt.

216 5820 271 5862 rt
310 5810 568 5863 Ilcrudut.
604 5810 946 5878 Melpomene.

1962 5538 2072 5595 (21)
2111 5538 2185 5591 De
2206 5553 2308 5605 qna
2335 5552 2447 5602 seq.
2484 5554 2602 5604 pug.

1971 5608 2085 5675 (25)
2118 5610 2230 5671 Qua
2260 5609 2466 5660 ratione
2492 5617 2676 5660 noctes
2705 5607 2904 5660 vixisse
2938 5606 3005 5658 60
3062 5624 3220 5675 supra
3253 5608 3458 5671 septin-

1895 5694 2082 5743 gentas
2120 5677 2453 5743 sepulcrales
2497 5677 2766 5731 docebunt
2813 5677 3193 5745 inscriptiones
3264 5678 3357 5730 int'.
3401 5679 3454 5730 ir.

1897 5751 1999 5801 line
2027 5747 2181 5814 hujus
2203 5747 2421 5801 codicis.
