4224 6446
758 434 855 501 ΠΙ

1879 433 2137 491 ΙἮΟΤΙΙ
2207 432 2710 493 ΡΑΤΒΙΛΒΟΗΕ
2750 436 2855 494 (1P.

3892 424 4001 491 472

763 564 930 605 turos.
973 549 1158 603 Refert
1186 547 1428 612 insuper,
1457 556 1513 595 ut
1544 546 1645 596 hoc
1669 543 1848 595 audito
1878 543 2155 605 vaticinio,
2194 542 2319 595 inde
2350 549 2394 602 Α
2423 562 2431 596 :

2350 549 2394 602 Α
2423 546 2588 614 κροὺς
2625 544 2680 595 δὲ
2725 548 2781 597 ὲν
2807 546 3008 615 ἑκάστῃ
3037 538 3175 595 εἷναι
3203 540 3412 611 ἡμέρα·
3449 536 3568 591 εἶτα
3610 538 3685 599 ὡς
3726 535 4004 596 τοιούτους

763 641 1133 701 discesserint,
1188 641 1395 691 Astraeo
1442 652 1561 688 cunt
1592 633 1906 687 Zamolxide
1946 647 2158 686 summa
2184 634 2326 698 apud

764 736 929 789 Getas
962 734 1012 785 in
1044 732 1445 783 existimatione
1503 729 1736 781 relictis:
1779 741 1898 793 quae
1950 726 2077 778 itcm
2125 726 2190 776 ad
2226 722 2329 775 Bo-

767 842 912 881 ream
952 826 1137 878 videre
1188 822 1502 876 admiranda
1564 831 1728 890 atque
1779 820 1969 873 audire
2020 819 2151 887 ipsis
2197 831 2328 870 con-

768 919 970 986 tigerit.

842 1007 963 1059 Haec
987 1021 1107 1059 cum
1140 1003 1324 1057 omnia
1365 1001 1549 1055 Dinias
1586 1000 1637 1053 in
1669 998 1839 1052 Thule
1869 996 2173 1067 Dereyllide
2207 1012 2335 1049 nar-

774 1106 924 1150 rante
954 1098 1210 1158 audisset,
1242 1098 1427 1148 eadem
1480 1110 1621 1147 nunc
1651 1094 1853 1147 referre
1907 1072 2079 1160 pergii
2118 1092 2335 1161 Cymhze

771 1189 986 1240 Arcadi.
1009 1188 1085 1239 Ad
1107 1190 1217 1239 haec
1234 1187 1418 1249 etiam,
1444 1194 1501 1237 ιιι
1528 1184 1738 1253 Paapis,
1769 1183 2085 1252 Dercyllidis
2115 1182 2336 1248 vestigia

775 1277 1070 1337 insecutus.
1109 1277 1159 1328 in
1211 1292 1272 1329 ea
1309 1276 1500 1342 1,ιοὺ
1552 1272 1727 1326 insula
1775 1273 1905 1340 ipsis
1938 1271 2336 1339 supervenerit,

772 1376 823 1419 et
852 1377 970 1420 arte
997 1383 1090 1420 sua
1119 1367 1324 1443 magica
1365 1367 1463 1417 hoc
1502 1362 1764 1425 effecerit,
1791 1374 1848 1413 ut
1891 1362 2122 1413 interdiu
2162 1375 2339 1411 inore—

776 1456 983 1519 re‘ntnr,
1036 1468 1192 1510 nocte
1250 1472 1377 1509 vero
1436 1457 1725 1508 accedente
1785 1454 2193 1514 reviviscerent,
2240 1450 2341 1502 hoc

778 1560 981 1601 tantum
1012 1549 1113 1601 ritu
1150 1549 1215 1601 ad
1244 1548 1371 1599 illud
1408 1548 1740 1600 eliiciendutn
1774 1560 1923 1605 usus,
1953 1544 2092 1612 quod
2133 1542 2343 1610 publice

776 1642 829 1694 in
864 1641 1076 1694 illorum
1112 1641 1303 1693 facient
1366 1649 1709 1706 conspueret.
1769 1637 2146 1690 Thrttscanum
2212 1635 2342 1686 item

776 1734 1084 1800 quemdam,
1147 1730 1320 1784 Thule
1382 1730 1694 1790 oriundum,
1772 1728 2088 1796 Dt-rcyllidis
2161 1738 2345 1777 amore

779 1836 1013 1890 raptum,
1060 1825 1173 1877 viso
1208 1832 1441 1873 amatam
1468 1838 1615 1874 suam
1646 1820 1894 1888 Paapidis
1929 1820 2082 1872 malis
2135 1817 2344 1870 artibus

2427 638 2710 707 χρησμοὺς
2736 637 2989 698 λαϐόντες
3016 637 3335 703 ἀπαίρουσιν
3353 630 3583 693 ἐκεῖθεν,
3604 630 3696 681 τὸν
3719 628 4008 694 Ἀστραῖον

2429 728 2526 779 σὺν
2589 727 2821 796 Ζαμόλξι
2882 727 3203 787 λείποντες⁸
3257 725 3361 776 ὑπὸ
3395 722 3575 775 Γετῶν
3623 720 4009 785 δοξαζόμενον·

2428 819 2523 870 καὶ
2574 819 2673 869 ὅσα
2733 818 2860 885 περὶ
2918 818 3129 887 Βορρᾶν
3168 813 3350 875 αὐτοῖς
3403 811 3663 880 τεράστια
3729 808 3855 858 ἰδεῖν
3914 806 4013 855 καὶ

2428 907 2660 959 ἀκοῦσαι
2691 906 3009 975 συνηνέχθη.

2498 999 2685 1052 Ταῦτα
2714 1001 2889 1051 πάντα
2915 997 3127 1059 Δεινίας
3162 994 3304 1047 κατὰ
3326 991 3453 1063 [187
3486 988 3583 1059 IL]
3609 988 3817 1056 Θούλην
3843 986 4011 1038 ἁκούυ

2437 1113 2533 1158 σας
2595 1092 2957 1161 διηγουμένης
2993 1085 3342 1159 Δερκυλλίδος
3389 1082 3668 1149 εἰσάγεται
3698 1079 3791 1130 νῦν
3821 1080 4008 1143 ἀπαγ-

2435 1187 2639 1253 γέλλων
2685 1181 2760 1251 τῷ
2816 1179 3039 1249 Ἀρκάδι
3088 1174 3308 1243 Κιόμὸᾳ.
3359 1172 3483 1225 Ἐπί
3529 1169 3739 1230 τούτοις
3785 1167 3880 1219 καὶ
3938 1165 4015 1223 ὡς

2437 1279 2655 1336 Παάπις
2702 1274 2909 1325 διώκων
2975 1268 3090 1339 μετ’
3147 1268 3290 1334 ἴχνια
3344 1266 3472 1325 τοὺς
3523 1263 3653 1330 περὶ
3685 1257 4019 1328 Δερκυλλίδα

2439 1370 2641 1435 ἐπέστη
2691 1367 2872 1421 αὐτοῖς
2900 1366 2957 1413 ὲν
3001 1363 3066 1428 τῇ
3115 1362 3263 1427 νήσῳ
3289 1396 3303 1420 ,
3342 1356 3438 1406 καὶ
3482 1355 3544 1406 τὸ
3596 1352 3767 1412 πάθος
3810 1352 4018 1408 ἐκεῖνος

2441 1462 2603 1528 τέχνῃ
2642 1459 2848 1525 μαγικῇ
2894 1453 3150 1520 ἐπέθηκε,
3184 1450 3436 1518 θνήσκειν
3482 1447 3577 1515 μὲν
3612 1445 3846 1513 ἡμέρας,
3882 1445 4021 1493 ἁνα-

2443 1552 2695 1604 6ιώσκειν
2751 1547 2808 1598 δὲ
2860 1544 3050 1605 νυκτὸς
3099 1539 3501 1607 ἐπιγινομένης.
3567 1537 3676 1588 Καὶ
3731 1534 3791 1584 τὸ
3847 1532 4022 1589 πάθος

2444 1644 2629 1705 αὐτοῖς
2658 1641 2915 1709 ἐνέθηκεν
2962 1635 3246 1705 έμπτύσας
3289 1630 3469 1683 αὐτῶν
3524 1627 3665 1679 κατὰ
3690 1625 3748 1676 τὸ
3776 1625 4022 1691 ἐμφανὲς

2446 1738 2559 1788 τοῖν
2608 1732 2919 1803 προσώποιν
2938 1728 2977 1779 ⁸.
3014 1727 3121 1779 Καὶ
3150 1724 3224 1785 ὡς
3258 1721 3599 1791 Θρουσκανός
3627 1736 3707 1777 τις
3733 1715 4021 1781 Θουλίτης,

2447 1826 2681 1897 ἐραστὴς
2732 1823 2993 1889 διάπυρος
3042 1815 3414 1887 Δερκυλλίδος,
3482 1813 3601 1865 ἰδὼν
3632 1809 3906 1862 πεσοῦσαν
3946 1804 4025 1871 τῷ

785 1917 837 1967 iu
867 1931 987 1967 eum
1025 1915 1270 1968 morbum
1331 1914 1606 1975 incidisse,
1663 1913 1933 1981 ingentem
1986 1917 2119 1964 adeo
2167 1924 2230 1963 ex
2283 1924 2346 1960 eo
2378 1894 2420 1946 Β

2378 1894 2420 1946 Β
2456 1894 2519 1971 ὲκ
2545 1916 2819 1976 Παάπιδος
2853 1913 3014 1965 πάθει
3050 1911 3146 1977 τὴν
3175 1906 3456 1976 ἐρωμένην
3487 1904 3580 1954 καὶ
3607 1899 4020 1970 ὑπεραλγήσας,

786 2008 992 2073 cepisse
1015 2007 1277 2068 dolorem,
1319 2017 1376 2057 ut
1411 2005 1585 2058 subito
1617 2004 1850 2072 Paapida
1888 2004 2149 2055 invadens
2173 1999 2353 2069 gladio

791 2101 1137 2165 percusserit,
1199 2109 1361 2166 atque
1408 2098 1759 2152 interfecerit.
1798 2096 1949 2149 Hunc
2000 2096 2086 2147 vix
2142 2093 2354 2146 tandem

792 2190 984 2259 Tyiios
1022 2192 1282 2242 malorum
1309 2190 1571 2256 reperisse
1603 2189 1825 2240 exitum.
1868 2185 2244 2239 Thruscanum
2281 2192 2361 2234 ta-

798 2296 915 2332 uen
958 2292 1239 2347 postquam
1281 2278 1576 2345 Dercyllida
1629 2287 1856 2331 mortuae
1909 2276 2138 2329 similem
2177 2273 2360 2341 jacere

797 2374 1095 2436 ronspexii,
1130 2382 1355 2424 mortem
1390 2371 1489 2423 sibi
1548 2385 1760 2439 quoque
1826 2369 2178 2421 conscivisse.
2241 2364 2363 2417 llaec

800 2467 961 2534 igitur
986 2466 1189 2527 munia,
1222 2476 1276 2516 et
1316 2465 1420 2515 alia
1467 2463 1518 2516 id
1574 2479 1742 2533 genus
1777 2463 2024 2530 plurima,
2069 2471 2130 2514 ut
2176 2472 2363 2512 eorum

801 2557 1151 2624 sepulturam,
1183 2567 1235 2609 et
1260 2572 1290 2608 ο
1326 2555 1527 2607 tumulo
1559 2556 2038 2619 reditum,amores
2074 2549 2366 2611 Mantiniae,

804 2665 1029 2717 qumque
1068 2650 1191 2701 hinc
1226 2648 1329 2699 illis
1366 2647 1698 2710 acciderunt,
1728 2654 1781 2699 et
1808 2644 1926 2711 ejus
1981 2642 2171 2695 farina:
2200 2640 2368 2691 multa

806 2756 928 2792 cum
966 2740 1147 2791 Dinias
1178 2739 1229 2790 in
1271 2736 1443 2789 Thule
1486 2736 1683 2798 insula,
1735 2733 2037 2803 Dercyllide
2072 2731 2370 2793 referente,

809 2830 1168 2897 cognovisset,
1204 2828 1479 2880 inducitur
1536 2840 1675 2879 nunc
1716 2825 1904 2878 eadem
1929 2821 2149 2892 Cymbae
2177 2820 2372 2873 Arcadi

811 2933 1261 2973 commemorans.
1299 2917 1474 2983 Atque
1506 2917 1594 2968 hic
1631 2917 1847 2968 tandem
1909 2914 2031 2966 linis
2084 2921 2165 2964 est
2229 2909 2374 2963 tertii

812 3022 865 3065 et
888 3010 1125 3064 vicesimi
1153 3009 1295 3073 libri,
1337 3008 1553 3060 Antonii
1591 3006 1843 3076 Diogenis
1866 3002 2270 3057 Incredibilia»:
2316 3002 2379 3051 de

821 3101 984 3155 Thule
1009 3101 1276 3167 inscripti,
1301 3115 1423 3153 cum
1458 3099 1586 3151 nihil
1629 3113 1786 3167 pene,
1818 3111 1880 3149 ac
1921 3096 2020 3148 nisi
2054 3108 2224 3161 pauca
2260 3103 2378 3144 tan-

817 3206 927 3247 tum
971 3196 1040 3248 ab
1079 3195 1232 3247 initio
1266 3194 1421 3262 hujus
1452 3197 1629 3261 operis
1671 3196 1736 3247 de
1768 3193 1867 3246 hac
1904 3191 2077 3243 insula
2104 3186 2378 3241 memoriae

816 3288 1137 3350 prodiderit.

891 3381 1125 3445 Quartus
1157 3395 1286 3432 vero
1315 3389 1369 3432 et
1418 3378 1706 3429 vicesimus
1751 3373 1890 3426 liber
1944 3370 2153 3424 inducit
2192 3365 2385 3419 Azulin

825 3484 1154 3534 narrantem,
1210 3481 1371 3539 atque
1422 3470 1545 3522 inde
1568 3469 1733 3519 etiam
1765 3466 1972 3517 Diniam
2024 3463 2089 3514 ad
2135 3476 2197 3515 ea
2271 3473 2390 3524 qua:

827 3574 980 3615 antea
1006 3563 1222 3631 Cytnbaa
1250 3562 1540 3621 retulisset,
1568 3558 1810 3611 Azulidis
1832 3567 1979 3624 gesta
2002 3553 2387 3607 cutuulantetn.

828 3656 1105 3719 Quomodo
1136 3654 1387 3707 nimirum
1423 3651 1815 3719 pnesngiaruin
1856 3647 2064 3699 illarum
2123 3644 2388 3697 rationein

828 3746 1264 3815 deprehenderit,
1295 3744 1491 3811 quibus
1547 3740 1741 3806 Paapis
1797 3737 2095 3807 Dercyllida
2146 3746 2200 3787 et
2242 3731 2393 3785 Matt-

831 3838 1017 3889 tiniam
1050 3836 1371 3896 ludilicarat,
1411 3844 1566 3885 nocte
1590 3832 1806 3899 quidem
1841 3836 1899 3879 ut
1952 3827 2196 3878 viventes
2227 3838 2396 3890 appa-

832 3938 1033 3989 rerent,
1076 3927 1310 3979 interdiu
1364 3941 1495 3979 vero
1528 3922 1767 3976 mortui:
1801 3930 1967 3988 utque
2020 3917 2219 3971 malum
2268 3914 2398 3966 illud

834 4020 1120 4087 depulerit,
1155 4033 1277 4071 cum
1320 4015 1534 4068 modum
1571 4028 1634 4065 ac
1680 4011 1944 4064 rationein
1983 4007 2141 4075 hujus
2191 4004 2401 4058 crucia-

838 4124 943 4173 tus,
973 4112 1195 4179 ejusque
1224 4108 1447 4162 curandi
1480 4107 1619 4157 viam
1658 4102 1934 4156 didicisset
1968 4114 2032 4152 ex
2063 4097 2247 4166 perula
2275 4096 2405 4146 Pau-

844 4203 1001 4269 pidis,
1030 4215 1190 4267 quam
1232 4212 1418 4251 secum
1463 4194 1753 4248 Mantinias
1781 4202 1940 4259 atque
1974 4188 2231 4257 Dereyllis
2265 4196 2407 4238 attn-

840 4297 1034 4346 leraut.
1101 4291 1285 4358 Neque
1333 4291 1432 4342 hoc
1477 4289 1670 4349 solum,
1713 4284 1806 4338 sed
1855 4294 1908 4335 et
1967 4282 2098 4333 illud
2176 4277 2405 4346 reperit,

842 4386 1114 4453 quomodo
1146 4380 1409 4449 Dercyllis
1449 4386 1505 4430 et
1548 4376 1831 4428 Mantinias
1875 4381 2124 4439 parentes
2164 4367 2410 4434 jucentes

846 4476 1047 4545 ingenti
1109 4475 1248 4525 tnan
1287 4471 1520 4523 liberare
1570 4474 1806 4537 possent.
1860 4463 1969 4516 Hos
2017 4461 2161 4515 enim
2223 4459 2297 4511 illi
2344 4473 2410 4509 ex

2457 2012 2650 2081 ἁθρόον
2671 2009 2769 2060 τε⁵
2823 2004 3071 2065 ἐπιστὰς,
3137 2002 3285 2052 παίει
3328 2000 3469 2064 ξίφει
3518 2000 3578 2047 ἐκ
3616 1993 3709 2045 τοῦ
3752 1990 4025 2057 αἰψνιδίου

2456 2104 2546 2157 τὸν
2579 2102 2793 2154 Παάπιν
2829 2098 2920 2149 καὶ
2948 2095 3177 2161 ἀναιρεῖ,
3244 2089 3404 2141 τοῦτο
3452 2088 3602 2157 μόλις
3654 2085 3762 2136 τῶν
3815 2081 4027 2150 μυρίων

2458 2194 2681 2248 κακῶν⁶
2730 2190 2880 2251 τέλος
2930 2187 3247 2255 εὑράμενοι).
3282 2184 3390 2234 Καὶ
3411 2182 3482 2241 ὡς
3514 2174 3877 2245 θρουσκανος,
3904 2170 4032 2221 ἐπεὶ

2460 2284 2753 2355 Δερκυλλὶς
2799 2282 2975 2333 ἔκειτο
3009 2277 3241 2332 δοκοῦσα
3292 2274 3481 2343 νεκρὰ,
3519 2270 3707 2323 ἑαυτὸν
3762 2270 4033 2318 ἐπικατα-

2464 2380 2710 2446 σφάττει.
2738 2373 2923 2427 Ταῦτα
2949 2373 3125 2424 πάντα
3155 2369 3249 2420 καὶ
3280 2366 3484 2417 τούτων
3518 2363 3683 2429 ἕτερα
3716 2358 3883 2409 πολλὰ
3923 2374 4037 2406 πα-

2467 2472 2761 2543 ραπλήσια,
2814 2466 2912 2534 τήν
2966 2481 3023 2514 τε
3076 2461 3249 2527 ταφὴν
3297 2455 3475 2509 αὐτῶν
3527 2454 3623 2506 καὶ
3674 2451 3771 2519 τὴν
3822 2447 4038 2501 ἐκεῖθεν

2468 2560 2889 2629 ὑπαναχώρησιν
2919 2552 3156 2612 καὶτοὺς
3191 2550 3397 2619 ἔρωτας
3432 2543 3724 2599 Μαντινίου
3743 2542 3785 2603 ⁷,
3815 2540 3909 2591 καὶ
3936 2538 4041 2589 ὅσα

2468 2657 2554 2710 διὰ
2587 2654 2745 2706 τοῦτο
2775 2649 2991 2718 συνέϐη.
3020 2648 3110 2699 καί
3139 2644 3301 2712 ἕτερα
3334 2643 3497 2709 ὃμοια
3530 2635 3671 2689 κατὰ
3697 2633 3903 2698 Θούλην
3937 2632 4038 2697 τὴν

2471 2747 2634 2814 νῆσον
2680 2741 2889 2801 Δεινίας
2947 2734 3133 2807 μαθὼν
3219 2727 3621 2801 μυθολογούσης
3686 2720 4041 2793 Δερκυλλίδος

2473 2836 2748 2899 εἰσάγεται
2800 2831 2892 2882 νῦν
2942 2826 3282 2893 συνυφαίνων
3324 2825 3389 2889 τῇ
3422 2817 3641 2888 ’Λρκάδι
3681 2813 3916 2882 Κύμ6ᾳ’
3949 2827 4049 2863 και

2476 2924 2887 2997 συμπληροῖηαι
2936 2917 3203 2986 Ἀντωνίῳ
3249 2912 3485 2979 Διογένει
3552 2910 3581 2959 ὁ
3635 2905 3875 2965 εἰκοστὸς
3932 2901 4053 2971 τρί-

2474 2993 2566 3079 τος
2641 3016 2797 3081 λόγος
2860 3010 2981 3065 Τῶν
3054 3006 3203 3070 ὑπὲρ
3263 3002 3503 3064 Θοὺλην
3586 2993 4053 3064 ἐπιγραφομένων

2480 3110 2789 3164 Ἀπίστων,
2833 3102 3010 3153 καίτοι
3043 3094 3261 3165 μηδὲνῆ
3297 3090 3500 3161 βραχέα
3546 3087 3665 3139 κατ’
3712 3085 3885 3155 ἀρχὰς
3924 3082 4058 3149 περί

2412 3250 2457 3307 C
2484 3199 2694 3267 Θούλης
2726 3196 2824 3264 τῆς
2850 3189 3171 3261 συγγραφῆς
3198 3180 3643 3251 ὑποδηλωσάσης.

2567 3376 2627 3428 'U
2647 3375 2703 3426 δὲ
2733 3368 2972 3429 εἰκοστὸς
3029 3364 3287 3431 τέταρτος
3345 3357 3501 3426 λόγος
3560 3354 3771 3417 εἰσάγει
3805 3349 4063 3411 Ἀζουλιν

2488 3467 2864 3535 διηγούμενον,
2900 3459 3152 3512 κάκεῖθεν
3178 3453 3392 3505 Δεινίαν
3416 3451 3530 3510 τοῖς
3566 3444 3876 3515 ἔμπροσθεν
3910 3440 4064 3506 αὐτῷ

2496 3530 2904 3629 μυθολογηθεῖσι
2955 3550 3090 3617 πρὸς
3144 3543 3375 3612 Κύμῦαν
3440 3538 3754 3605 συνείροντα
3786 3530 4065 3591 τὰἊζού-

2492 3650 2655 3711 λιόος,
2685 3647 2758 3707 ὡς
2783 3643 3105 3709 κατανοήσοι
3153 3638 3252 3705 τῆς
3282 3632 3535 3703 γοητείας
3559 3630 3647 3681 τὸν
3676 3625 3899 3695 τρόπον,
3945 3621 4067 3674 καθ’

2495 3744 2553 3795 ὃν
2575 3742 2788 3798 ιιαάπις
2822 3736 3109 3803 ὲγοήτευσε
3133 3726 3463 3796 Δερκυλλίδα
3490 3724 3584 3776 καὶ
3630 3716 3929 3772 Μαντινίαν
3982 3733 4071 3765 νυ-

2501 3838 2590 3885 κτί
2623 3830 2719 3900 μὲν
2760 3827 2966 3890 ζῶντας
2994 3827 3049 3875 ἐν
3071 3823 3259 3890 ἡμέρᾳ
3279 3819 3299 3849 ⁸
3331 3817 3387 3869 δὲ
3414 3815 3639 3882 νεκροὺς
3664 3807 3825 3867 εἶναι,
3868 3806 3967 3857 καί⁵
3999 3804 4072 3863 ὼς

2503 3920 2815 3989 ἀπήλλαξεν
2839 3918 3034 3977 αὐτοὺς
3056 3911 3149 3965 τοῦ
3170 3910 3397 3969 πάθους,
3434 3906 3520 3957 τόν
3549 3920 3609 3954 τε
3637 3901 3837 3970 τρόπον
3870 3897 3971 3963 τῆς
3995 3912 4078 3945 τι-

2506 3985 2716 4084 μωρίας
2738 4008 2939 4076 ταύτης
2956 4006 3051 4057 καὶ
3069 4005 3132 4070 δὴ
3155 4001 3352 4067 καὶτῆς
3376 3999 3571 4056 ἰάσεως
3598 3996 3661 4046 ὲκ
3682 3989 3777 4042 τοῦ
3822 3985 4076 4054 πηριδίου

2506 4102 2747 4173 ἀνευρὼν
2769 4099 2860 4152 τοῦ
2917 4094 3213 4157 Παάπιδος,
3240 4092 3268 4144 ὃ
3299 4086 3730 4155 συνεπεφέροντο
3774 4079 4080 4135 Μαντινξας

2510 4382 2635 4439 τοὺς
2692 4377 2882 4436 τοκέας
2919 4372 3233 4439 κειμένους,
3283 4364 3375 4426 οὓς
3423 4363 3727 4427 ὑποθήκαις
3780 4352 4083 4411 Παάπιόος,

2514 4470 2634 4542 [561
2670 4468 2758 4539 ιι]
2784 4468 2857 4529 ὡς
2884 4466 2949 4518 ἂν
2994 4464 3086 4515 ὲπί
3125 4460 3201 4531 τῷ
3260 4455 3483 4510 ἐκείνων
3536 4448 3894 4518 συμφέροντι,
3931 4445 4088 4495 αὐτοι

847 4538 1096 4635 Ρεινορίιίίε
1148 4562 1487 4632 prmscripto,
1534 4558 1689 4627 quasi
1757 4557 1858 4609 hoc
1910 4556 2009 4607 sibi
2066 4550 2406 4621 profuturum
2444 4591 2485 4643 υ

2444 4591 2485 4643 υ
2515 4538 2875 4629 ἐλυμήναντο,
2895 4559 2985 4609 ἴσα
3002 4553 3214 4605 κεῖσθαι
3244 4548 3455 4617 νεκροῖς
3483 4544 3691 4613 μακρὸν
3722 4538 3917 4608 χρόνον
3955 4550 4088 4587 κατ-

846 4670 1007 4723 esset,
1034 4658 1183 4728 gravi
1236 4653 1531 4707 aﬂ'ecerant
1566 4648 1933 4709 incommodo,
1979 4659 2101 4697 cum
2132 4644 2293 4704 longo
2318 4655 2411 4691 eos

851 4762 1093 4817 tempore
1133 4755 1467 4799 mortuorum
1499 4740 1864 4805 instarjucere
1890 4734 2160 4788 fecissent.
2196 4729 2421 4784 Accedit

853 4846 975 4905 huc,
1010 4840 1084 4891 ttti
1137 4835 1417 4905 Dercyllis,
1455 4845 1509 4887 et
1542 4830 1830 4884 Mantinias
1889 4828 1940 4879 in
1993 4824 2224 4892 patriam
2284 4837 2420 4889 pro-

853 4934 1116 5003 perarint,
1178 4928 1493 4997 parentibus
1546 4933 1603 4976 ut
1666 4924 1829 4973 vitam
1900 4919 2241 4984 salutemque
2295 4914 2418 4966 red-

855 5029 1063 5079 derent.

931 5115 1112 5169 Dinias
1152 5110 1365 5165 interim
1395 5122 1497 5159 una
1533 5120 1654 5159 cum
1681 5103 1944 5156 Carniane
1965 5108 2017 5153 et
2042 5098 2303 5159 Menisco,
2333 5110 2423 5148 se-

858 5217 1047 5275 parato
1070 5207 1137 5258 ab
1164 5206 1294 5272 ipsis
1320 5200 1564 5259 Azulide,
1614 5198 1753 5248 ultra
1816 5194 1982 5259 ipsam
2017 5190 2225 5244 Thulen
2260 5189 2424 5240 etiam

859 5299 1172 5361 oberravit;
1206 5310 1312 5363 quo
1336 5294 1551 5362 quidem
1578 5292 1627 5341 in
1650 5301 1833 5340 errore
1861 5300 1981 5353 quae
2030 5297 2189 5351 supra
2220 5280 2427 5333 Thulen

865 5391 1198 5443 incredibilia
1233 5387 1446 5448 viderit,
1476 5400 1616 5436 nunc
1647 5383 1915 5437 inducitur
1946 5376 2143 5431 referre
2170 5375 2387 5444 Cynibaz
2416 5392 2427 5425 :

864 5498 924 5535 ca
960 5482 1211 5534 nimirum
1244 5494 1273 5531 a
1324 5493 1383 5532 se
1430 5486 1720 5543 c0tt5pccta
1771 5488 1891 5526 esse
1941 5471 2150 5527 dicens,
2210 5481 2329 5533 quae
2380 5475 2437 5516 et

2515 4628 3058 4722 εργασάμενοι.Εἷτα
3105 4644 3177 4705 ὼς
3206 4641 3413 4693 ἐκεῖθεν
3433 4632 3724 4704 Δερκυλλὶς
3770 4631 3887 4697 ἃμα
3937 4628 4091 4679 Μαν-

2516 4745 2659 4811 τινία
2691 4743 2781 4795 ἐπὶ
2802 4742 2901 4809 τὴν
2927 4736 3162 4806 πατρίδα
3186 4729 3445 4784 ἔσπευδον
3476 4728 3570 4778 ἐπὶ
3592 4727 3657 4795 τῇ
3682 4720 3792 4772 τῶν
3819 4718 4094 4771 τεκόντων

2518 4834 2810 4889 ἀναὸιώσει
2840 4833 2933 4883 καὶ
2981 4826 3244 4898 σωτηρία.

2593 5092 2803 5150 Δεινίας
2829 5089 2884 5139 δὲ
2913 5086 3028 5153 ἃμα
3055 5080 3323 5150 Καρμάνῃ
3365 5077 3459 5129 καί.
3488 5072 3771 5141 Μηνίσκῳ,
3824 5070 4096 5133 ἀποχωρι.

2525 5188 2740 5244 σθέντος
2762 5183 2941 5239 αὐτοῖς
2968 5174 3289 5239 Ἀζούλιδος,
3322 5170 3457 5237 πρὸς
3486 5168 3551 5217 τά
3575 5164 3714 5232 ὑπὲρ
3764 5160 3864 5230 τὴν
3894 5159 4099 5225 eoum

2525 5279 2624 5346 τὴν
2680 5274 2884 5339 πλάνην
2918 5268 3212 5331 ὲξέτεινονσ
3250 5261 3367 5315 καθ’
3392 5261 3457 5329 ἢν
3480 5258 3685 5323 πλάνην
3719 5254 3787 5305 τὰ
3810 5252 3956 5319 ὑπὲρ
4009 5252 4100 5312 τὴν

2529 5366 2736 5433 Θούλην
2765 5365 2966 5415 ἄπιστα
2996 5354 3294 5410 θεάσασθαι
3330 5351 3425 5403 νῦν
3446 5345 3809 5414 ἀπαγγέλλων
3830 5343 4103 5408 εἰσάγεται

2534 5458 2757 5527 Κύμῦα,
2814 5456 2991 5505 ἐκεῖνα
3047 5450 3217 5516 λέγων
3252 5446 3380 5497 ἰδεῖν
3423 5441 3569 5495 ἆκαὶ
3598 5439 3646 5490 οἰ
3677 5438 3775 5506 τῆς
3804 5433 4101 5504 ἁστροθεά·

2149 5619 2381 5674 νΑιιιΑε
2424 5614 2715 5671 LECTION
2728 5611 2829 5667 ES.

1444 5748 1461 5777 ⁵
1490 5748 1550 5799 τὸ
1578 5747 1867 5813 πρόσωπον
1900 5759 1956 5803 τ.

1800 5815 2000 5881 ἡμέρη
2042 5828 2069 5871 τ

958 5756 977 5783 ³
1003 5754 1247 5812 λιπόντες
1281 5748 1345 5801 Δ.

873 5828 889 5859 τ
920 5824 1155 5887 Μαντίου
1191 5838 1249 5884 ς.
1328 5820 1348 5849 ⁸
1377 5820 1431 5869 ὲν
1476 5818 1653 5886 ἡμέρα
1683 5817 1721 5866 Α
1758 5833 1766 5864 :

2064 5742 2081 5767 ³
2113 5757 2166 5791 τε
2207 5738 2329 5788 :ttltl.
2374 5736 2433 5789 Λ.

2169 5812 2187 5840 ⁹
2222 5810 2363 5868 ὅπως
2398 5808 2438 5857 A
2473 5824 2483 5856 :
2514 5806 2625 5864 πως
2665 5819 2722 5865 τ.

2547 5735 2566 5761 ⁸
2596 5732 2796 5782 τούτων
2829 5729 3002 5798 μόνων
3040 5726 3137 5778 τῶν
3166 5721 3365 5793 τ’)ρίων
3405 5717 3568 5772 κακὸν
3612 5748 3648 5754 -ι
3689 5712 4009 5783 εὑραμένων
4054 5724 4083 5769 ς’
