  <div class='ocr_page' id='page_1' title='image "/cluster/home/n/w/nwhite01/storage/ocr_20150623/103/nnc1.0046979689/244.png"; bbox 0 0 4224 6446; ppageno 0'>
   <div class='ocr_carea' id='block_1_1' title="bbox 152 422 242 485">
    <p class='ocr_par' dir='ltr' id='par_1_1' title="bbox 152 422 242 485">
     <span class='ocr_line' id='line_1_1' title="bbox 152 422 242 485; baseline 0.022 -2"><span class='ocrx_word' id='word_1_1' title='bbox 152 422 242 485; x_wconf 72' lang='grc'><strong>473</strong></span> 
     </span>
    </p>
   </div>
   <div class='ocr_carea' id='block_1_2' title="bbox 1148 419 2243 484">
    <p class='ocr_par' dir='ltr' id='par_1_2' title="bbox 1148 419 2243 484">
     <span class='ocr_line' id='line_1_2' title="bbox 1148 419 2243 484; baseline 0.007 -8"><span class='ocrx_word' id='word_1_2' title='bbox 1148 419 1666 481; x_wconf 78' lang='lat' dir='ltr'><strong>DIBLIOTHECA.</strong></span> <span class='ocrx_word' id='word_1_3' title='bbox 1702 448 1771 458; x_wconf 94' lang='lat'><strong>—</strong></span> <span class='ocrx_word' id='word_1_4' title='bbox 1806 422 1968 482; x_wconf 90' lang='lat' dir='ltr'><strong>COD.</strong></span> <span class='ocrx_word' id='word_1_5' title='bbox 1997 423 2243 484; x_wconf 78' lang='lat' dir='ltr'><strong>CLXVI.</strong></span> 
     </span>
    </p>
   </div>
   <div class='ocr_carea' id='block_1_3' title="bbox 3257 420 3362 485">
    <p class='ocr_par' dir='ltr' id='par_1_3' title="bbox 3257 420 3362 485">
     <span class='ocr_line' id='line_1_3' title="bbox 3257 420 3362 485; baseline 0.01 -2"><span class='ocrx_word' id='word_1_6' title='bbox 3257 420 3362 485; x_wconf 73' lang='grc' dir='ltr'>ιγι</span> 
     </span>
    </p>
   </div>
   <div class='ocr_carea' id='block_1_4' title="bbox 156 526 1824 604">
    <p class='ocr_par' dir='ltr' id='par_1_4' title="bbox 156 526 1823 604">
     <span class='ocr_line' id='line_1_4' title="bbox 156 526 1823 604; baseline -0.001 -15"><span class='ocrx_word' id='word_1_7' title='bbox 156 552 292 604; x_wconf 86' lang='grc' dir='ltr'>μονος</span> <span class='ocrx_word' id='word_1_8' title='bbox 324 534 525 603; x_wconf 81' lang='grc' dir='ltr'>τέχνης</span> <span class='ocrx_word' id='word_1_9' title='bbox 552 531 883 586; x_wconf 79' lang='grc' dir='ltr'>σπουδασταὶ</span> <span class='ocrx_word' id='word_1_10' title='bbox 908 530 1273 594; x_wconf 78' lang='grc' dir='ltr'>ὑποτίθενται,</span> <span class='ocrx_word' id='word_1_11' title='bbox 1302 526 1413 585; x_wconf 79' lang='grc' dir='ltr'>οἷον</span> <span class='ocrx_word' id='word_1_12' title='bbox 1441 534 1517 595; x_wconf 81' lang='grc' dir='ltr'>ὡς</span> <span class='ocrx_word' id='word_1_13' title='bbox 1546 532 1693 587; x_wconf 74' lang='grc' dir='ltr'>ἔστιν</span> <span class='ocrx_word' id='word_1_14' title='bbox 1721 544 1767 597; x_wconf 75' lang='grc' dir='ltr'><strong>Α</strong></span> <span class='ocrx_word' id='word_1_15' title='bbox 1796 552 1823 587; x_wconf 93' lang='lat' dir='ltr'><strong>a</strong></span> 
     </span>
    </p>
   </div>
   <div class='ocr_carea' id='block_1_5' title="bbox 1682 526 3350 604">
    <p class='ocr_par' dir='ltr' id='par_1_5' title="bbox 1682 534 3350 602">
     <span class='ocr_line' id='line_1_5' title="bbox 1682 534 3350 602; baseline 0.002 -15"><span class='ocrx_word' id='word_1_16' title='bbox 1682 551 1693 583; x_wconf 78' lang='grc' dir='ltr'><strong>ι</strong></span> <span class='ocrx_word' id='word_1_17' title='bbox 1721 544 1767 597; x_wconf 74' lang='grc' dir='ltr'><strong>Α</strong></span> <span class='ocrx_word' id='word_1_18' title='bbox 1796 546 2062 589; x_wconf 88' lang='lat' dir='ltr'><strong>astrorum</strong></span> <span class='ocrx_word' id='word_1_19' title='bbox 2096 534 2322 589; x_wconf 85' lang='lat' dir='ltr'><strong>studiosi</strong></span> <span class='ocrx_word' id='word_1_20' title='bbox 2359 536 2555 588; x_wconf 85' lang='lat' dir='ltr'><strong>docere</strong></span> <span class='ocrx_word' id='word_1_21' title='bbox 2600 536 2793 587; x_wconf 81' lang='lat' dir='ltr'><strong>solent.</strong></span> <span class='ocrx_word' id='word_1_22' title='bbox 2829 535 3015 602; x_wconf 79' lang='lat' dir='ltr'><strong>Qualia</strong></span> <span class='ocrx_word' id='word_1_23' title='bbox 3064 546 3188 590; x_wconf 85' lang='lat' dir='ltr'><strong>sunt</strong></span> <span class='ocrx_word' id='word_1_24' title='bbox 3210 539 3350 593; x_wconf 86' lang='lat' dir='ltr'><strong>ista:</strong></span> 
     </span>
    </p>
   </div>
   <div class='ocr_carea' id='block_1_6' title="bbox 154 618 1699 691">
    <p class='ocr_par' dir='ltr' id='par_1_6' title="bbox 154 618 1699 691">
     <span class='ocr_line' id='line_1_6' title="bbox 154 618 1699 691; baseline -0.001 -13"><span class='ocrx_word' id='word_1_25' title='bbox 154 627 291 687; x_wconf 78' lang='grc' dir='ltr'><strong>ἐνίοις</strong></span> <span class='ocrx_word' id='word_1_26' title='bbox 333 626 560 679; x_wconf 84' lang='grc' dir='ltr'>δυνατὸν</span> <span class='ocrx_word' id='word_1_27' title='bbox 597 627 739 676; x_wconf 68' lang='grc' dir='ltr'>κατὰ</span> <span class='ocrx_word' id='word_1_28' title='bbox 792 622 1036 691; x_wconf 69' lang='grc' dir='ltr'>κορυφὴν</span> <span class='ocrx_word' id='word_1_29' title='bbox 1066 621 1164 690; x_wconf 83' lang='grc' dir='ltr'>τὴν</span> <span class='ocrx_word' id='word_1_30' title='bbox 1186 622 1385 691; x_wconf 76' lang='grc' dir='ltr'>ἄρκτον</span> <span class='ocrx_word' id='word_1_31' title='bbox 1410 618 1571 687; x_wconf 82' lang='grc' dir='ltr'>εἶναι,</span> <span class='ocrx_word' id='word_1_32' title='bbox 1604 626 1699 677; x_wconf 78' lang='grc' dir='ltr'>καὶ</span> 
     </span>
    </p>
   </div>
   <div class='ocr_carea' id='block_1_7' title="bbox 154 713 1699 786">
    <p class='ocr_par' dir='ltr' id='par_1_7' title="bbox 154 713 1699 786">
     <span class='ocr_line' id='line_1_7' title="bbox 154 713 1699 786; baseline -0.001 -18"><span class='ocrx_word' id='word_1_33' title='bbox 154 720 238 786; x_wconf 77' lang='grc' dir='ltr'>τὴν</span> <span class='ocrx_word' id='word_1_34' title='bbox 272 718 443 769; x_wconf 81' lang='grc' dir='ltr'><strong>νύκτα</strong></span> <span class='ocrx_word' id='word_1_35' title='bbox 494 716 771 785; x_wconf 86' lang='grc' dir='ltr'>μηνιαίαν,</span> <span class='ocrx_word' id='word_1_36' title='bbox 803 720 897 765; x_wconf 81' lang='grc' dir='ltr'>καὶ</span> <span class='ocrx_word' id='word_1_37' title='bbox 928 713 1146 765; x_wconf 69' lang='grc' dir='ltr'>ἔλαττον</span> <span class='ocrx_word' id='word_1_38' title='bbox 1170 713 1225 765; x_wconf 84' lang='grc' dir='ltr'>δὲ</span> <span class='ocrx_word' id='word_1_39' title='bbox 1255 713 1348 765; x_wconf 77' lang='grc' dir='ltr'><strong>καὶ</strong></span> <span class='ocrx_word' id='word_1_40' title='bbox 1389 713 1572 777; x_wconf 84' lang='grc' dir='ltr'>πλέον,</span> <span class='ocrx_word' id='word_1_41' title='bbox 1605 713 1699 767; x_wconf 79' lang='grc' dir='ltr'><strong>καὶ</strong></span> 
     </span>
    </p>
   </div>
   <div class='ocr_carea' id='block_1_8' title="bbox 158 804 1697 877">
    <p class='ocr_par' dir='ltr' id='par_1_8' title="bbox 158 804 1697 877">
     <span class='ocr_line' id='line_1_8' title="bbox 158 804 1697 877; baseline -0.001 -18"><span class='ocrx_word' id='word_1_42' title='bbox 158 807 495 877; x_wconf 74' lang='grc' dir='ltr'>ὲξαμηνιαίαν</span> <span class='ocrx_word' id='word_1_43' title='bbox 514 808 592 867; x_wconf 82' lang='grc' dir='ltr'><strong>δὲ,</strong></span> <span class='ocrx_word' id='word_1_44' title='bbox 637 807 729 858; x_wconf 79' lang='grc' dir='ltr'>καὶ</span> <span class='ocrx_word' id='word_1_45' title='bbox 754 805 814 856; x_wconf 87' lang='grc' dir='ltr'><strong>τὸ</strong></span> <span class='ocrx_word' id='word_1_46' title='bbox 842 805 1075 872; x_wconf 76' lang='grc' dir='ltr'>ἔσχατον</span> <span class='ocrx_word' id='word_1_47' title='bbox 1122 804 1460 857; x_wconf 83' lang='grc' dir='ltr'>ὲνιαυσιαίαν</span> <span class='ocrx_word' id='word_1_48' title='bbox 1482 820 1494 834; x_wconf 89' lang='grc'><strong>·</strong></span> <span class='ocrx_word' id='word_1_49' title='bbox 1517 806 1576 858; x_wconf 83' lang='grc' dir='ltr'>οὐ</span> <span class='ocrx_word' id='word_1_50' title='bbox 1600 805 1697 874; x_wconf 84' lang='grc' dir='ltr'><strong>μό·</strong></span> 
     </span>
    </p>
   </div>
   <div class='ocr_carea' id='block_1_9' title="bbox 157 895 1699 965">
    <p class='ocr_par' dir='ltr' id='par_1_9' title="bbox 157 895 1699 965">
     <span class='ocr_line' id='line_1_9' title="bbox 157 895 1699 965; baseline 0.001 -18"><span class='ocrx_word' id='word_1_51' title='bbox 157 916 231 948; x_wconf 84' lang='grc' dir='ltr'><strong>νον</strong></span> <span class='ocrx_word' id='word_1_52' title='bbox 255 898 425 965; x_wconf 79' lang='grc' dir='ltr'>δὲτὴν</span> <span class='ocrx_word' id='word_1_53' title='bbox 459 898 628 948; x_wconf 80' lang='grc' dir='ltr'>νύκτα</span> <span class='ocrx_word' id='word_1_54' title='bbox 674 897 765 947; x_wconf 76' lang='grc' dir='ltr'>ἐπὶ</span> <span class='ocrx_word' id='word_1_55' title='bbox 810 895 1062 947; x_wconf 76' lang='grc' dir='ltr'>τοσοῦτον</span> <span class='ocrx_word' id='word_1_56' title='bbox 1091 896 1525 963; x_wconf 81' lang='grc' dir='ltr'>παρατείνεσθει,</span> <span class='ocrx_word' id='word_1_57' title='bbox 1560 895 1699 948; x_wconf 80' lang='grc' dir='ltr'><strong>ἀλλὰ</strong></span> 
     </span>
    </p>
   </div>
   <div class='ocr_carea' id='block_1_10' title="bbox 157 985 1700 1055">
    <p class='ocr_par' dir='ltr' id='par_1_10' title="bbox 157 985 1700 1055">
     <span class='ocr_line' id='line_1_10' title="bbox 157 985 1700 1055; baseline 0.001 -18"><span class='ocrx_word' id='word_1_58' title='bbox 157 990 236 1037; x_wconf 76' lang='lat' dir='ltr'><strong>nl</strong></span> <span class='ocrx_word' id='word_1_59' title='bbox 261 988 354 1054; x_wconf 81' lang='grc' dir='ltr'>τὴν</span> <span class='ocrx_word' id='word_1_60' title='bbox 403 986 615 1055; x_wconf 79' lang='grc' dir='ltr'>ἡμέραν</span> <span class='ocrx_word' id='word_1_61' title='bbox 654 986 881 1047; x_wconf 78' lang='grc' dir='ltr'><strong>ταύταις</strong></span> <span class='ocrx_word' id='word_1_62' title='bbox 935 986 1250 1053; x_wconf 85' lang='grc' dir='ltr'>συμϐαίνειν</span> <span class='ocrx_word' id='word_1_63' title='bbox 1282 985 1572 1052; x_wconf 83' lang='grc' dir='ltr'>ἀνάλογον·</span> <span class='ocrx_word' id='word_1_64' title='bbox 1605 987 1700 1038; x_wconf 79' lang='grc' dir='ltr'>καὶ</span> 
     </span>
    </p>
   </div>
   <div class='ocr_carea' id='block_1_11' title="bbox 156 1075 1701 1147">
    <p class='ocr_par' dir='ltr' id='par_1_11' title="bbox 156 1075 1701 1147">
     <span class='ocr_line' id='line_1_11' title="bbox 156 1075 1701 1147; baseline 0 -19"><span class='ocrx_word' id='word_1_65' title='bbox 156 1080 296 1146; x_wconf 70' lang='grc' dir='ltr'>ἔτερα</span> <span class='ocrx_word' id='word_1_66' title='bbox 320 1078 378 1130; x_wconf 80' lang='grc' dir='ltr'>δὲ</span> <span class='ocrx_word' id='word_1_67' title='bbox 406 1078 733 1143; x_wconf 72' lang='grc' dir='ltr'><strong>ἀπαγγέλλει</strong></span> <span class='ocrx_word' id='word_1_68' title='bbox 772 1078 895 1128; x_wconf 78' lang='grc' dir='ltr'>ἰδεῖν</span> <span class='ocrx_word' id='word_1_69' title='bbox 930 1078 1110 1145; x_wconf 83' lang='grc' dir='ltr'>ὃμοια.</span> <span class='ocrx_word' id='word_1_70' title='bbox 1161 1075 1284 1147; x_wconf 84' lang='grc'><strong>[188</strong></span> <span class='ocrx_word' id='word_1_71' title='bbox 1317 1075 1405 1146; x_wconf 79' lang='lat' dir='ltr'><strong>IL]</strong></span> <span class='ocrx_word' id='word_1_72' title='bbox 1449 1078 1558 1130; x_wconf 72' lang='grc' dir='ltr'><strong>Καὶ</strong></span> <span class='ocrx_word' id='word_1_73' title='bbox 1605 1078 1701 1129; x_wconf 84' lang='grc' dir='ltr'><strong>ἀν-</strong></span> 
     </span>
    </p>
   </div>
   <div class='ocr_carea' id='block_1_12' title="bbox 158 1166 1700 1236">
    <p class='ocr_par' dir='ltr' id='par_1_12' title="bbox 158 1166 1700 1236">
     <span class='ocr_line' id='line_1_12' title="bbox 158 1166 1700 1236; baseline 0.003 -20"><span class='ocrx_word' id='word_1_74' title='bbox 158 1168 387 1233; x_wconf 62' lang='grc' dir='ltr'>ῡριῖκτους</span> <span class='ocrx_word' id='word_1_75' title='bbox 418 1168 475 1219; x_wconf 77' lang='grc' dir='ltr'>δὲ</span> <span class='ocrx_word' id='word_1_76' title='bbox 505 1169 630 1219; x_wconf 84' lang='grc' dir='ltr'>ἰδεῖν</span> <span class='ocrx_word' id='word_1_77' title='bbox 660 1169 751 1219; x_wconf 80' lang='grc' dir='ltr'>καὶ</span> <span class='ocrx_word' id='word_1_78' title='bbox 771 1168 933 1235; x_wconf 73' lang='grc' dir='ltr'>ἓτερά</span> <span class='ocrx_word' id='word_1_79' title='bbox 960 1184 1078 1218; x_wconf 88' lang='grc' dir='ltr'>τινα</span> <span class='ocrx_word' id='word_1_80' title='bbox 1113 1166 1484 1233; x_wconf 84' lang='grc' dir='ltr'>τερατεύεται,</span> <span class='ocrx_word' id='word_1_81' title='bbox 1518 1167 1554 1220; x_wconf 79' lang='grc' dir='ltr'><strong>ἆ</strong></span> <span class='ocrx_word' id='word_1_82' title='bbox 1596 1184 1700 1236; x_wconf 83' lang='grc' dir='ltr'>μη-</span> 
     </span>
    </p>
   </div>
   <div class='ocr_carea' id='block_1_13' title="bbox 157 1258 1701 1329">
    <p class='ocr_par' dir='ltr' id='par_1_13' title="bbox 157 1258 1701 1329">
     <span class='ocr_line' id='line_1_13' title="bbox 157 1258 1701 1329; baseline 0.001 -19"><span class='ocrx_word' id='word_1_83' title='bbox 157 1261 247 1319; x_wconf 70' lang='grc' dir='ltr'>δεὶς</span> <span class='ocrx_word' id='word_1_84' title='bbox 303 1261 440 1329; x_wconf 83' lang='grc' dir='ltr'>μήτε</span> <span class='ocrx_word' id='word_1_85' title='bbox 492 1263 617 1312; x_wconf 75' lang='grc' dir='ltr'>ἰδεῖν</span> <span class='ocrx_word' id='word_1_86' title='bbox 659 1261 759 1329; x_wconf 78' lang='grc' dir='ltr'><strong>ἔφη</strong></span> <span class='ocrx_word' id='word_1_87' title='bbox 788 1260 923 1328; x_wconf 88' lang='grc' dir='ltr'>μήτε</span> <span class='ocrx_word' id='word_1_88' title='bbox 954 1260 1201 1318; x_wconf 80' lang='grc' dir='ltr'>ἀκοῦσαι,</span> <span class='ocrx_word' id='word_1_89' title='bbox 1228 1258 1359 1310; x_wconf 78' lang='grc' dir='ltr'>ἀλλὰ</span> <span class='ocrx_word' id='word_1_90' title='bbox 1389 1259 1522 1326; x_wconf 76' lang='grc' dir='ltr'>μηδὲ</span> <span class='ocrx_word' id='word_1_91' title='bbox 1564 1276 1701 1326; x_wconf 83' lang='grc' dir='ltr'>φαν-</span> 
     </span>
    </p>
   </div>
   <div class='ocr_carea' id='block_1_14' title="bbox 156 1352 1700 1414">
    <p class='ocr_par' dir='ltr' id='par_1_14' title="bbox 156 1352 1700 1414">
     <span class='ocr_line' id='line_1_14' title="bbox 156 1352 1700 1414; baseline -0.001 -12"><span class='ocrx_word' id='word_1_92' title='bbox 156 1354 352 1414; x_wconf 84' lang='grc' dir='ltr'>τασίαις</span> <span class='ocrx_word' id='word_1_93' title='bbox 402 1352 811 1405; x_wconf 76' lang='grc' dir='ltr'>ἀνετυπὼσατο.</span> <span class='ocrx_word' id='word_1_94' title='bbox 846 1353 949 1403; x_wconf 80' lang='grc' dir='ltr'><strong>Καὶ</strong></span> <span class='ocrx_word' id='word_1_95' title='bbox 977 1353 1035 1403; x_wconf 87' lang='grc' dir='ltr'><strong>τὸ</strong></span> <span class='ocrx_word' id='word_1_96' title='bbox 1055 1352 1275 1404; x_wconf 83' lang='grc' dir='ltr'>πάντων</span> <span class='ocrx_word' id='word_1_97' title='bbox 1321 1352 1700 1413; x_wconf 85' lang='grc' dir='ltr'>ἀπιστότατον,</span> 
     </span>
    </p>
   </div>
   <div class='ocr_carea' id='block_1_15' title="bbox 157 1441 1701 1513">
    <p class='ocr_par' dir='ltr' id='par_1_15' title="bbox 157 1441 1701 1513">
     <span class='ocr_line' id='line_1_15' title="bbox 157 1441 1701 1513; baseline -0.001 -18"><span class='ocrx_word' id='word_1_98' title='bbox 157 1445 226 1495; x_wconf 74' lang='grc' dir='ltr'><strong>ὅτι</strong></span> <span class='ocrx_word' id='word_1_99' title='bbox 251 1446 605 1513; x_wconf 83' lang='grc' dir='ltr'>πορευόμενοι</span> <span class='ocrx_word' id='word_1_100' title='bbox 634 1445 769 1513; x_wconf 81' lang='grc' dir='ltr'>πρὸς</span> <span class='ocrx_word' id='word_1_101' title='bbox 803 1444 1007 1513; x_wconf 77' lang='grc' dir='ltr'>Βορρᾶν</span> <span class='ocrx_word' id='word_1_102' title='bbox 1056 1445 1147 1495; x_wconf 79' lang='grc' dir='ltr'><strong>ἐπὶ</strong></span> <span class='ocrx_word' id='word_1_103' title='bbox 1199 1444 1446 1513; x_wconf 81' lang='grc' dir='ltr'>σελήνην,</span> <span class='ocrx_word' id='word_1_104' title='bbox 1481 1443 1556 1505; x_wconf 85' lang='grc' dir='ltr'><strong>ὡς</strong></span> <span class='ocrx_word' id='word_1_105' title='bbox 1608 1441 1701 1495; x_wconf 84' lang='grc' dir='ltr'>ὲπί</span> 
     </span>
    </p>
   </div>
   <div class='ocr_carea' id='block_1_16' title="bbox 155 1533 1699 1602">
    <p class='ocr_par' dir='ltr' id='par_1_16' title="bbox 155 1533 1699 1602">
     <span class='ocr_line' id='line_1_16' title="bbox 155 1533 1699 1602; baseline 0.002 -20"><span class='ocrx_word' id='word_1_106' title='bbox 155 1550 262 1583; x_wconf 77' lang='grc' dir='ltr'>τινα</span> <span class='ocrx_word' id='word_1_107' title='bbox 290 1535 391 1601; x_wconf 82' lang='grc' dir='ltr'>γῆν</span> <span class='ocrx_word' id='word_1_108' title='bbox 437 1535 855 1602; x_wconf 75' lang='grc' dir='ltr'><strong>καθαρωτάτην,</strong></span> <span class='ocrx_word' id='word_1_109' title='bbox 896 1533 1120 1599; x_wconf 80' lang='grc' dir='ltr'><strong>πλησίον</strong></span> <span class='ocrx_word' id='word_1_110' title='bbox 1172 1534 1454 1599; x_wconf 80' lang='grc' dir='ltr'>ἐγένοντο,</span> <span class='ocrx_word' id='word_1_111' title='bbox 1494 1535 1612 1585; x_wconf 84' lang='grc' dir='ltr'><strong>ὲκεί</strong></span> <span class='ocrx_word' id='word_1_112' title='bbox 1637 1549 1699 1585; x_wconf 89' lang='grc' dir='ltr'><strong>τε</strong></span> 
     </span>
    </p>
   </div>
   <div class='ocr_carea' id='block_1_17' title="bbox 156 1619 1702 1693">
    <p class='ocr_par' dir='ltr' id='par_1_17' title="bbox 156 1619 1702 1693">
     <span class='ocr_line' id='line_1_17' title="bbox 156 1619 1702 1693; baseline 0.001 -20"><span class='ocrx_word' id='word_1_113' title='bbox 156 1626 420 1691; x_wconf 81' lang='grc' dir='ltr'>γενόμενοι</span> <span class='ocrx_word' id='word_1_114' title='bbox 448 1626 608 1677; x_wconf 73' lang='grc' dir='ltr'>ἴδοιεν</span> <span class='ocrx_word' id='word_1_115' title='bbox 635 1624 670 1677; x_wconf 81' lang='grc' dir='ltr'>ἃ</span> <span class='ocrx_word' id='word_1_116' title='bbox 698 1624 841 1685; x_wconf 75' lang='grc' dir='ltr'>είκδς</span> <span class='ocrx_word' id='word_1_117' title='bbox 871 1619 937 1692; x_wconf 81' lang='grc' dir='ltr'>ἦν</span> <span class='ocrx_word' id='word_1_118' title='bbox 965 1626 1091 1675; x_wconf 84' lang='grc' dir='ltr'><strong>ίδείν</strong></span> <span class='ocrx_word' id='word_1_119' title='bbox 1117 1624 1209 1675; x_wconf 88' lang='grc' dir='ltr'><strong>τὸν</strong></span> <span class='ocrx_word' id='word_1_120' title='bbox 1256 1622 1509 1691; x_wconf 83' lang='grc' dir='ltr'>τοιαύτην</span> <span class='ocrx_word' id='word_1_121' title='bbox 1534 1625 1702 1693; x_wconf 84' lang='grc' dir='ltr'>ὑπερ-</span> 
     </span>
    </p>
   </div>
   <div class='ocr_carea' id='block_1_18' title="bbox 156 1710 1698 1783">
    <p class='ocr_par' dir='ltr' id='par_1_18' title="bbox 156 1710 1698 1783">
     <span class='ocr_line' id='line_1_18' title="bbox 156 1710 1698 1783; baseline 0.003 -23"><span class='ocrx_word' id='word_1_122' title='bbox 156 1713 300 1780; x_wconf 79' lang='grc' dir='ltr'>ϐολὴν</span> <span class='ocrx_word' id='word_1_123' title='bbox 334 1714 670 1781; x_wconf 74' lang='grc' dir='ltr'>πλασμάτων</span> <span class='ocrx_word' id='word_1_124' title='bbox 708 1716 1216 1781; x_wconf 84' lang='grc' dir='ltr'>προαναπλάσαντα.</span> <span class='ocrx_word' id='word_1_125' title='bbox 1258 1710 1391 1767; x_wconf 82' lang='grc' dir='ltr'>Εἶτα</span> <span class='ocrx_word' id='word_1_126' title='bbox 1432 1716 1525 1765; x_wconf 75' lang='grc' dir='ltr'><strong>καὶ</strong></span> <span class='ocrx_word' id='word_1_127' title='bbox 1558 1714 1633 1774; x_wconf 83' lang='grc' dir='ltr'>ὡς</span> <span class='ocrx_word' id='word_1_128' title='bbox 1665 1716 1698 1783; x_wconf 82' lang='grc' dir='ltr'>ὴ</span> 
     </span>
    </p>
   </div>
   <div class='ocr_carea' id='block_1_19' title="bbox 155 1801 1700 1872">
    <p class='ocr_par' dir='ltr' id='par_1_19' title="bbox 155 1801 1700 1872">
     <span class='ocr_line' id='line_1_19' title="bbox 155 1801 1700 1872; baseline 0.001 -21"><span class='ocrx_word' id='word_1_129' title='bbox 155 1802 364 1855; x_wconf 80' lang='grc' dir='ltr'>Σίϐυλλα</span> <span class='ocrx_word' id='word_1_130' title='bbox 393 1805 495 1871; x_wconf 80' lang='grc' dir='ltr'>τὴν</span> <span class='ocrx_word' id='word_1_131' title='bbox 529 1804 796 1872; x_wconf 84' lang='grc' dir='ltr'>μαντικὴν</span> <span class='ocrx_word' id='word_1_132' title='bbox 814 1804 921 1855; x_wconf 83' lang='grc' dir='ltr'>ἀπὸ</span> <span class='ocrx_word' id='word_1_133' title='bbox 951 1804 1243 1872; x_wconf 79' lang='grc' dir='ltr'>Καρμάνου</span> <span class='ocrx_word' id='word_1_134' title='bbox 1271 1802 1514 1854; x_wconf 81' lang='grc' dir='ltr'>ἀνέλαϐε.</span> <span class='ocrx_word' id='word_1_135' title='bbox 1549 1801 1700 1853; x_wconf 81' lang='grc' dir='ltr'>Μετὰ</span> 
     </span>
    </p>
   </div>
   <div class='ocr_carea' id='block_1_20' title="bbox 154 1892 1697 1963">
    <p class='ocr_par' dir='ltr' id='par_1_20' title="bbox 154 1892 1697 1963">
     <span class='ocr_line' id='line_1_20' title="bbox 154 1892 1697 1963; baseline -0.002 -18"><span class='ocrx_word' id='word_1_136' title='bbox 154 1894 390 1947; x_wconf 74' lang='grc' dir='ltr'>δὲταῦτα</span> <span class='ocrx_word' id='word_1_137' title='bbox 434 1896 518 1947; x_wconf 81' lang='grc' dir='ltr'>ὅτι</span> <span class='ocrx_word' id='word_1_138' title='bbox 564 1896 729 1963; x_wconf 73' lang='grc' dir='ltr'>εὐχάς</span> <span class='ocrx_word' id='word_1_139' title='bbox 769 1895 903 1955; x_wconf 83' lang='grc' dir='ltr'>ίδίας</span> <span class='ocrx_word' id='word_1_140' title='bbox 961 1896 1187 1955; x_wconf 73' lang='grc' dir='ltr'>ἕκαστος</span> <span class='ocrx_word' id='word_1_141' title='bbox 1214 1892 1434 1961; x_wconf 73' lang='grc' dir='ltr'>ηὔξατο,</span> <span class='ocrx_word' id='word_1_142' title='bbox 1472 1893 1697 1952; x_wconf 77' lang='grc' dir='ltr'>καὶτοῖς</span> 
     </span>
    </p>
   </div>
   <div class='ocr_carea' id='block_1_21' title="bbox 156 1984 1699 2054">
    <p class='ocr_par' dir='ltr' id='par_1_21' title="bbox 156 1984 1699 2054">
     <span class='ocr_line' id='line_1_21' title="bbox 156 1984 1699 2054; baseline -0.001 -17"><span class='ocrx_word' id='word_1_143' title='bbox 156 1986 243 2050; x_wconf 81' lang='grc' dir='ltr'>μὲν</span> <span class='ocrx_word' id='word_1_144' title='bbox 270 1986 450 2047; x_wconf 80' lang='grc' dir='ltr'>ἄλλοις</span> <span class='ocrx_word' id='word_1_145' title='bbox 485 1987 699 2054; x_wconf 81' lang='grc' dir='ltr'>ἑκάστῳ</span> <span class='ocrx_word' id='word_1_146' title='bbox 732 1986 1024 2038; x_wconf 79' lang='grc' dir='ltr'>συνέπεσεν</span> <span class='ocrx_word' id='word_1_147' title='bbox 1063 1986 1251 2053; x_wconf 80' lang='grc' dir='ltr'>ὥσπερ</span> <span class='ocrx_word' id='word_1_148' title='bbox 1280 1985 1502 2053; x_wconf 79' lang='grc' dir='ltr'>ηὔξατο,</span> <span class='ocrx_word' id='word_1_149' title='bbox 1537 1984 1699 2036; x_wconf 81' lang='grc' dir='ltr'>αὑτὸν</span> 
     </span>
    </p>
   </div>
   <div class='ocr_carea' id='block_1_22' title="bbox 153 2072 1697 2145">
    <p class='ocr_par' dir='ltr' id='par_1_22' title="bbox 153 2072 1697 2145">
     <span class='ocr_line' id='line_1_22' title="bbox 153 2072 1697 2145; baseline -0.001 -18"><span class='ocrx_word' id='word_1_150' title='bbox 153 2077 200 2127; x_wconf 77' lang='grc' dir='ltr'><strong>δέ</strong></span> <span class='ocrx_word' id='word_1_151' title='bbox 221 2094 375 2144; x_wconf 80' lang='grc' dir='ltr'>φησιν</span> <span class='ocrx_word' id='word_1_152' title='bbox 407 2078 618 2129; x_wconf 73' lang='grc' dir='ltr'>ἐκεῖθεν</span> <span class='ocrx_word' id='word_1_153' title='bbox 640 2077 1037 2144; x_wconf 80' lang='grc' dir='ltr'>ἁφυπνώσαντα</span> <span class='ocrx_word' id='word_1_154' title='bbox 1064 2078 1143 2137; x_wconf 89' lang='grc' dir='ltr'><strong>είς</strong></span> <span class='ocrx_word' id='word_1_155' title='bbox 1176 2074 1349 2145; x_wconf 90' lang='grc' dir='ltr'>Τύρον</span> <span class='ocrx_word' id='word_1_156' title='bbox 1378 2076 1458 2136; x_wconf 87' lang='grc' dir='ltr'><strong>είς</strong></span> <span class='ocrx_word' id='word_1_157' title='bbox 1485 2074 1576 2126; x_wconf 80' lang='grc' dir='ltr'><strong>τὸν</strong></span> <span class='ocrx_word' id='word_1_158' title='bbox 1604 2072 1697 2126; x_wconf 83' lang='grc' dir='ltr'>τοῦ</span> 
     </span>
    </p>
   </div>
   <div class='ocr_carea' id='block_1_23' title="bbox 165 2166 1699 2238">
    <p class='ocr_par' dir='ltr' id='par_1_23' title="bbox 165 2166 1699 2238">
     <span class='ocr_line' id='line_1_23' title="bbox 165 2166 1699 2238; baseline -0.001 -21"><span class='ocrx_word' id='word_1_159' title='bbox 165 2166 440 2235; x_wconf 83' lang='grc' dir='ltr'>Ἡρακλέος</span> <span class='ocrx_word' id='word_1_160' title='bbox 458 2167 592 2219; x_wconf 85' lang='grc' dir='ltr'>νεὼν</span> <span class='ocrx_word' id='word_1_161' title='bbox 613 2168 920 2238; x_wconf 82' lang='grc' dir='ltr'>εὑρεθῆναι,</span> <span class='ocrx_word' id='word_1_162' title='bbox 945 2167 1153 2219; x_wconf 77' lang='grc' dir='ltr'>ἐκεῖθέν</span> <span class='ocrx_word' id='word_1_163' title='bbox 1174 2184 1228 2218; x_wconf 85' lang='grc' dir='ltr'><strong>τε</strong></span> <span class='ocrx_word' id='word_1_164' title='bbox 1266 2166 1574 2218; x_wconf 80' lang='grc' dir='ltr'>ἀναστάντα</span> <span class='ocrx_word' id='word_1_165' title='bbox 1601 2167 1699 2232; x_wconf 85' lang='grc' dir='ltr'>τήν</span> 
     </span>
    </p>
   </div>
   <div class='ocr_carea' id='block_1_24' title="bbox 152 2256 1705 2329">
    <p class='ocr_par' dir='ltr' id='par_1_24' title="bbox 152 2256 1705 2329">
     <span class='ocr_line' id='line_1_24' title="bbox 152 2256 1705 2329; baseline 0.004 -22"><span class='ocrx_word' id='word_1_166' title='bbox 152 2272 200 2307; x_wconf 79' lang='grc' dir='ltr'><strong>τε</strong></span> <span class='ocrx_word' id='word_1_167' title='bbox 222 2259 544 2326; x_wconf 78' lang='grc' dir='ltr'>Δερκυλλίδα</span> <span class='ocrx_word' id='word_1_168' title='bbox 568 2260 661 2311; x_wconf 74' lang='grc' dir='ltr'>καὶ</span> <span class='ocrx_word' id='word_1_169' title='bbox 682 2260 771 2311; x_wconf 84' lang='grc' dir='ltr'><strong>τὸν</strong></span> <span class='ocrx_word' id='word_1_170' title='bbox 802 2260 1093 2315; x_wconf 79' lang='grc' dir='ltr'>Μαντινίαν</span> <span class='ocrx_word' id='word_1_171' title='bbox 1115 2263 1362 2329; x_wconf 79' lang='grc' dir='ltr'>ἀνευρεῖν</span> <span class='ocrx_word' id='word_1_172' title='bbox 1390 2256 1448 2312; x_wconf 79' lang='grc' dir='ltr'>εὖ</span> <span class='ocrx_word' id='word_1_173' title='bbox 1492 2278 1705 2329; x_wconf 86' lang='grc' dir='ltr'>πεπρα-</span> 
     </span>
    </p>
   </div>
   <div class='ocr_carea' id='block_1_25' title="bbox 153 2348 1705 2423">
    <p class='ocr_par' dir='ltr' id='par_1_25' title="bbox 153 2348 1705 2423">
     <span class='ocr_line' id='line_1_25' title="bbox 153 2348 1705 2423; baseline 0.004 -26"><span class='ocrx_word' id='word_1_174' title='bbox 153 2348 299 2416; x_wconf 79' lang='grc' dir='ltr'>χότας</span> <span class='ocrx_word' id='word_1_175' title='bbox 329 2352 424 2402; x_wconf 77' lang='grc' dir='ltr'><strong>καὶ</strong></span> <span class='ocrx_word' id='word_1_176' title='bbox 453 2350 581 2413; x_wconf 84' lang='grc' dir='ltr'>τούς</span> <span class='ocrx_word' id='word_1_177' title='bbox 601 2368 658 2403; x_wconf 86' lang='grc' dir='ltr'><strong>τε</strong></span> <span class='ocrx_word' id='word_1_178' title='bbox 684 2354 860 2417; x_wconf 83' lang='grc' dir='ltr'>γονεῖς</span> <span class='ocrx_word' id='word_1_179' title='bbox 898 2352 990 2405; x_wconf 82' lang='grc' dir='ltr'>τοῦ</span> <span class='ocrx_word' id='word_1_180' title='bbox 1041 2352 1251 2423; x_wconf 81' lang='grc' dir='ltr'>μακροῦ</span> <span class='ocrx_word' id='word_1_181' title='bbox 1292 2352 1705 2415; x_wconf 78' lang='grc' dir='ltr'>ἁπαλλάξαντας</span> 
     </span>
    </p>
   </div>
   <div class='ocr_carea' id='block_1_26' title="bbox 154 2438 1706 2514">
    <p class='ocr_par' dir='ltr' id='par_1_26' title="bbox 154 2438 1706 2514">
     <span class='ocr_line' id='line_1_26' title="bbox 154 2438 1706 2514; baseline 0.006 -26"><span class='ocrx_word' id='word_1_182' title='bbox 154 2438 326 2502; x_wconf 81' lang='grc' dir='ltr'>ὕπνου,</span> <span class='ocrx_word' id='word_1_183' title='bbox 370 2442 574 2511; x_wconf 74' lang='grc' dir='ltr'>μᾶλλον</span> <span class='ocrx_word' id='word_1_184' title='bbox 602 2444 657 2495; x_wconf 82' lang='grc' dir='ltr'>δὲ</span> <span class='ocrx_word' id='word_1_185' title='bbox 684 2443 926 2512; x_wconf 80' lang='grc' dir='ltr'>ὀλέθρου,</span> <span class='ocrx_word' id='word_1_186' title='bbox 970 2447 1062 2499; x_wconf 73' lang='grc' dir='ltr'><strong>καὶ</strong></span> <span class='ocrx_word' id='word_1_187' title='bbox 1106 2441 1277 2498; x_wconf 83' lang='grc' dir='ltr'>τᾶλλα</span> <span class='ocrx_word' id='word_1_188' title='bbox 1322 2444 1706 2514; x_wconf 80' lang='grc' dir='ltr'>εὐδαιμονοῦν-</span> 
     </span>
    </p>
   </div>
   <div class='ocr_carea' id='block_1_27' title="bbox 155 2545 257 2588">
    <p class='ocr_par' dir='ltr' id='par_1_27' title="bbox 155 2545 257 2588">
     <span class='ocr_line' id='line_1_27' title="bbox 155 2545 257 2588; baseline 0.039 -11"><span class='ocrx_word' id='word_1_189' title='bbox 155 2545 257 2588; x_wconf 88' lang='grc' dir='ltr'>τας.</span> 
     </span>
    </p>
   </div>
   <div class='ocr_carea' id='block_1_28' title="bbox 1802 622 3359 691">
    <p class='ocr_par' dir='ltr' id='par_1_28' title="bbox 1802 622 3359 691">
     <span class='ocr_line' id='line_1_28' title="bbox 1802 622 3359 691; baseline -0.002 -14"><span class='ocrx_word' id='word_1_190' title='bbox 1802 625 2044 677; x_wconf 74' lang='lat' dir='ltr'><strong>habitare</strong></span> <span class='ocrx_word' id='word_1_191' title='bbox 2078 622 2337 691; x_wconf 83' lang='lat' dir='ltr'><strong>quosdam</strong></span> <span class='ocrx_word' id='word_1_192' title='bbox 2355 636 2508 689; x_wconf 83' lang='lat' dir='ltr'><strong>posse</strong></span> <span class='ocrx_word' id='word_1_193' title='bbox 2536 623 2635 675; x_wconf 89' lang='lat' dir='ltr'><strong>sub</strong></span> <span class='ocrx_word' id='word_1_194' title='bbox 2666 622 2785 690; x_wconf 89' lang='lat' dir='ltr'><strong>polo</strong></span> <span class='ocrx_word' id='word_1_195' title='bbox 2810 624 3035 683; x_wconf 85' lang='lat' dir='ltr'><strong>arctico.</strong></span> <span class='ocrx_word' id='word_1_196' title='bbox 3070 632 3122 675; x_wconf 89' lang='lat' dir='ltr'><strong>et</strong></span> <span class='ocrx_word' id='word_1_197' title='bbox 3148 634 3359 674; x_wconf 79' lang='lat' dir='ltr'><strong>noctem</strong></span> 
     </span>
    </p>
   </div>
   <div class='ocr_carea' id='block_1_29' title="bbox 1801 711 3361 780">
    <p class='ocr_par' dir='ltr' id='par_1_29' title="bbox 1801 711 3361 780">
     <span class='ocr_line' id='line_1_29' title="bbox 1801 711 3361 780; baseline -0.003 -13"><span class='ocrx_word' id='word_1_198' title='bbox 1801 714 2030 767; x_wconf 77' lang='lat' dir='ltr'><strong>inveniri</strong></span> <span class='ocrx_word' id='word_1_199' title='bbox 2086 714 2243 766; x_wconf 90' lang='lat' dir='ltr'><strong>unius</strong></span> <span class='ocrx_word' id='word_1_200' title='bbox 2282 712 2503 775; x_wconf 84' lang='lat' dir='ltr'><strong>mensis,</strong></span> <span class='ocrx_word' id='word_1_201' title='bbox 2558 711 2825 780; x_wconf 84' lang='lat' dir='ltr'><strong>aliamque</strong></span> <span class='ocrx_word' id='word_1_202' title='bbox 2865 728 2969 779; x_wconf 83' lang='lat' dir='ltr'><strong>qua</strong></span> <span class='ocrx_word' id='word_1_203' title='bbox 3037 715 3361 775; x_wconf 83' lang='lat' dir='ltr'><strong>breviorem,</strong></span> 
     </span>
    </p>
   </div>
   <div class='ocr_carea' id='block_1_30' title="bbox 1804 804 3367 872">
    <p class='ocr_par' dir='ltr' id='par_1_30' title="bbox 1804 804 3367 872">
     <span class='ocr_line' id='line_1_30' title="bbox 1804 804 3367 872; baseline 0.001 -17"><span class='ocrx_word' id='word_1_204' title='bbox 1804 805 1995 872; x_wconf 77' lang='lat' dir='ltr'><strong>111a</strong></span> <span class='ocrx_word' id='word_1_205' title='bbox 2018 820 2121 871; x_wconf 83' lang='lat' dir='ltr'><strong>qua</strong></span> <span class='ocrx_word' id='word_1_206' title='bbox 2179 804 2495 872; x_wconf 82' lang='lat' dir='ltr'><strong>longiorem,</strong></span> <span class='ocrx_word' id='word_1_207' title='bbox 2533 813 2589 856; x_wconf 93' lang='lat' dir='ltr'><strong>ut</strong></span> <span class='ocrx_word' id='word_1_208' title='bbox 2647 818 2737 857; x_wconf 72' lang='lat' dir='ltr'><strong>se:</strong></span> <span class='ocrx_word' id='word_1_209' title='bbox 2783 804 2941 857; x_wconf 88' lang='lat' dir='ltr'><strong>etiam</strong></span> <span class='ocrx_word' id='word_1_210' title='bbox 2981 806 3268 864; x_wconf 86' lang='lat' dir='ltr'><strong>mensium.</strong></span> <span class='ocrx_word' id='word_1_211' title='bbox 3311 814 3367 857; x_wconf 91' lang='lat' dir='ltr'><strong>et</strong></span> 
     </span>
    </p>
   </div>
   <div class='ocr_carea' id='block_1_31' title="bbox 1798 894 3357 967">
    <p class='ocr_par' dir='ltr' id='par_1_31' title="bbox 1798 894 3357 967">
     <span class='ocr_line' id='line_1_31' title="bbox 1798 894 3357 967; baseline -0.001 -19"><span class='ocrx_word' id='word_1_212' title='bbox 1798 910 2067 948; x_wconf 81' lang='lat' dir='ltr'><strong>Stttlttltutll</strong></span> <span class='ocrx_word' id='word_1_213' title='bbox 2103 895 2225 947; x_wconf 91' lang='lat' dir='ltr'><strong>anni</strong></span> <span class='ocrx_word' id='word_1_214' title='bbox 2258 896 2414 947; x_wconf 89' lang='lat' dir='ltr'><strong>unius</strong></span> <span class='ocrx_word' id='word_1_215' title='bbox 2466 896 2697 960; x_wconf 88' lang='lat' dir='ltr'><strong>spatium</strong></span> <span class='ocrx_word' id='word_1_216' title='bbox 2756 905 2951 948; x_wconf 93' lang='lat' dir='ltr'><strong>teueat.</strong></span> <span class='ocrx_word' id='word_1_217' title='bbox 2990 894 3174 967; x_wconf 62' lang='lat' dir='ltr'><strong>Neque</strong></span> <span class='ocrx_word' id='word_1_218' title='bbox 3229 910 3357 947; x_wconf 85' lang='lat' dir='ltr'><strong>vero</strong></span> 
     </span>
    </p>
   </div>
   <div class='ocr_carea' id='block_1_32' title="bbox 1799 985 3359 1053">
    <p class='ocr_par' dir='ltr' id='par_1_32' title="bbox 1799 985 3359 1053">
     <span class='ocr_line' id='line_1_32' title="bbox 1799 985 3359 1053; baseline -0.001 -16"><span class='ocrx_word' id='word_1_219' title='bbox 1799 995 2010 1039; x_wconf 82' lang='lat' dir='ltr'><strong>noctein</strong></span> <span class='ocrx_word' id='word_1_220' title='bbox 2062 985 2233 1039; x_wconf 88' lang='lat' dir='ltr'><strong>solum</strong></span> <span class='ocrx_word' id='word_1_221' title='bbox 2266 1002 2329 1038; x_wconf 90' lang='lat' dir='ltr'><strong>eo</strong></span> <span class='ocrx_word' id='word_1_222' title='bbox 2364 1000 2532 1053; x_wconf 86' lang='lat' dir='ltr'><strong>usque</strong></span> <span class='ocrx_word' id='word_1_223' title='bbox 2570 987 2807 1053; x_wconf 83' lang='lat' dir='ltr'><strong>produci,</strong></span> <span class='ocrx_word' id='word_1_224' title='bbox 2838 986 2931 1039; x_wconf 91' lang='lat' dir='ltr'><strong>sed</strong></span> <span class='ocrx_word' id='word_1_225' title='bbox 2991 986 3132 1039; x_wconf 88' lang='lat' dir='ltr'><strong>diem</strong></span> <span class='ocrx_word' id='word_1_226' title='bbox 3192 988 3359 1038; x_wconf 89' lang='lat' dir='ltr'><strong>etiam</strong></span> 
     </span>
    </p>
   </div>
   <div class='ocr_carea' id='block_1_33' title="bbox 1801 1076 3365 1145">
    <p class='ocr_par' dir='ltr' id='par_1_33' title="bbox 1801 1076 3365 1145">
     <span class='ocr_line' id='line_1_33' title="bbox 1801 1076 3365 1145; baseline 0 -16"><span class='ocrx_word' id='word_1_227' title='bbox 1801 1077 1975 1145; x_wconf 88' lang='lat' dir='ltr'><strong>ipsum</strong></span> <span class='ocrx_word' id='word_1_228' title='bbox 1999 1080 2244 1131; x_wconf 87' lang='lat' dir='ltr'><strong>noctibus</strong></span> <span class='ocrx_word' id='word_1_229' title='bbox 2269 1079 2350 1130; x_wconf 86' lang='lat' dir='ltr'><strong>his</strong></span> <span class='ocrx_word' id='word_1_230' title='bbox 2376 1077 2714 1144; x_wconf 74' lang='lat' dir='ltr'><strong>proportione</strong></span> <span class='ocrx_word' id='word_1_231' title='bbox 2751 1078 3079 1144; x_wconf 87' lang='lat' dir='ltr'><strong>respondere</strong></span> <span class='ocrx_word' id='word_1_232' title='bbox 3106 1094 3118 1130; x_wconf 94' lang='lat'>:</span> <span class='ocrx_word' id='word_1_233' title='bbox 3155 1076 3365 1143; x_wconf 86' lang='lat' dir='ltr'><strong>aliaque</strong></span> 
     </span>
    </p>
   </div>
   <div class='ocr_carea' id='block_1_34' title="bbox 1801 1168 3366 1236">
    <p class='ocr_par' dir='ltr' id='par_1_34' title="bbox 1801 1168 3366 1236">
     <span class='ocr_line' id='line_1_34' title="bbox 1801 1168 3366 1236; baseline 0 -14"><span class='ocrx_word' id='word_1_234' title='bbox 1801 1170 1852 1222; x_wconf 94' lang='lat' dir='ltr'><strong>id</strong></span> <span class='ocrx_word' id='word_1_235' title='bbox 1879 1184 2046 1235; x_wconf 89' lang='lat' dir='ltr'><strong>genus</strong></span> <span class='ocrx_word' id='word_1_236' title='bbox 2072 1184 2100 1220; x_wconf 91' lang='lat' dir='ltr'><strong>a</strong></span> <span class='ocrx_word' id='word_1_237' title='bbox 2133 1185 2189 1221; x_wconf 89' lang='lat' dir='ltr'><strong>se</strong></span> <span class='ocrx_word' id='word_1_238' title='bbox 2211 1169 2319 1222; x_wconf 83' lang='lat' dir='ltr'><strong>visa</strong></span> <span class='ocrx_word' id='word_1_239' title='bbox 2344 1170 2571 1221; x_wconf 84' lang='lat' dir='ltr'><strong>nuntiat.</strong></span> <span class='ocrx_word' id='word_1_240' title='bbox 2603 1168 2856 1223; x_wconf 79' lang='lat' dir='ltr'><strong>Homines</strong></span> <span class='ocrx_word' id='word_1_241' title='bbox 2879 1172 3002 1222; x_wconf 89' lang='lat' dir='ltr'><strong>item</strong></span> <span class='ocrx_word' id='word_1_242' title='bbox 3024 1170 3366 1236; x_wconf 79' lang='lat' dir='ltr'><strong>conSpexisse</strong></span> 
     </span>
    </p>
   </div>
   <div class='ocr_carea' id='block_1_35' title="bbox 1805 1260 3363 1328">
    <p class='ocr_par' dir='ltr' id='par_1_35' title="bbox 1805 1260 3363 1328">
     <span class='ocr_line' id='line_1_35' title="bbox 1805 1260 3363 1328; baseline -0.001 -15"><span class='ocrx_word' id='word_1_243' title='bbox 1805 1274 1885 1320; x_wconf 88' lang='lat' dir='ltr'><strong>se,</strong></span> <span class='ocrx_word' id='word_1_244' title='bbox 1948 1269 2002 1313; x_wconf 84' lang='lat' dir='ltr'><strong>et</strong></span> <span class='ocrx_word' id='word_1_245' title='bbox 2036 1260 2278 1327; x_wconf 42' lang='lat' dir='ltr'><strong>quaedam</strong></span> <span class='ocrx_word' id='word_1_246' title='bbox 2312 1261 2414 1313; x_wconf 84' lang='lat' dir='ltr'><strong>alia</strong></span> <span class='ocrx_word' id='word_1_247' title='bbox 2476 1260 2762 1323; x_wconf 77' lang='lat' dir='ltr'><strong>fabulatur,</strong></span> <span class='ocrx_word' id='word_1_248' title='bbox 2821 1261 2997 1328; x_wconf 85' lang='lat' dir='ltr'><strong>qualia</strong></span> <span class='ocrx_word' id='word_1_249' title='bbox 3060 1262 3363 1312; x_wconf 81' lang='lat' dir='ltr'><strong>mortalium</strong></span> 
     </span>
    </p>
   </div>
   <div class='ocr_carea' id='block_1_36' title="bbox 1802 1352 3365 1418">
    <p class='ocr_par' dir='ltr' id='par_1_36' title="bbox 1802 1352 3365 1418">
     <span class='ocr_line' id='line_1_36' title="bbox 1802 1352 3365 1418; baseline -0.001 -13"><span class='ocrx_word' id='word_1_250' title='bbox 1802 1366 1959 1405; x_wconf 92' lang='lat' dir='ltr'><strong>nemo</strong></span> <span class='ocrx_word' id='word_1_251' title='bbox 2010 1352 2165 1416; x_wconf 86' lang='lat' dir='ltr'><strong>vidit,</strong></span> <span class='ocrx_word' id='word_1_252' title='bbox 2218 1366 2315 1405; x_wconf 91' lang='lat' dir='ltr'><strong>nec</strong></span> <span class='ocrx_word' id='word_1_253' title='bbox 2366 1352 2592 1414; x_wconf 92' lang='lat' dir='ltr'><strong>audivit,</strong></span> <span class='ocrx_word' id='word_1_254' title='bbox 2649 1353 2743 1405; x_wconf 75' lang='lat' dir='ltr'><strong>sed</strong></span> <span class='ocrx_word' id='word_1_255' title='bbox 2797 1367 2863 1404; x_wconf 91' lang='lat' dir='ltr'><strong>ne</strong></span> <span class='ocrx_word' id='word_1_256' title='bbox 2922 1362 3100 1405; x_wconf 86' lang='lat' dir='ltr'><strong>mente</strong></span> <span class='ocrx_word' id='word_1_257' title='bbox 3150 1353 3365 1418; x_wconf 78' lang='lat' dir='ltr'><strong>quidem</strong></span> 
     </span>
    </p>
   </div>
   <div class='ocr_carea' id='block_1_37' title="bbox 1798 1443 3367 1498">
    <p class='ocr_par' dir='ltr' id='par_1_37' title="bbox 1798 1443 3367 1498">
     <span class='ocr_line' id='line_1_37' title="bbox 1798 1443 3367 1498; baseline 0.001 -1"><span class='ocrx_word' id='word_1_258' title='bbox 1798 1444 2022 1498; x_wconf 79' lang='lat' dir='ltr'><strong>eﬂinxit.</strong></span> <span class='ocrx_word' id='word_1_259' title='bbox 2056 1443 2166 1497; x_wconf 89' lang='lat' dir='ltr'><strong>Hoc</strong></span> <span class='ocrx_word' id='word_1_260' title='bbox 2202 1454 2376 1496; x_wconf 89' lang='lat' dir='ltr'><strong>autem</strong></span> <span class='ocrx_word' id='word_1_261' title='bbox 2405 1446 2641 1496; x_wconf 88' lang='lat' dir='ltr'><strong>onmium</strong></span> <span class='ocrx_word' id='word_1_262' title='bbox 2668 1446 2899 1497; x_wconf 78' lang='lat' dir='ltr'><strong>maxime</strong></span> <span class='ocrx_word' id='word_1_263' title='bbox 2923 1460 3136 1497; x_wconf 85' lang='lat' dir='ltr'><strong>omnem</strong></span> <span class='ocrx_word' id='word_1_264' title='bbox 3156 1448 3367 1498; x_wconf 82' lang='lat' dir='ltr'><strong>excedit</strong></span> 
     </span>
    </p>
   </div>
   <div class='ocr_carea' id='block_1_38' title="bbox 1801 1535 3363 1603">
    <p class='ocr_par' dir='ltr' id='par_1_38' title="bbox 1801 1535 3363 1603">
     <span class='ocr_line' id='line_1_38' title="bbox 1801 1535 3363 1603; baseline 0.001 -15"><span class='ocrx_word' id='word_1_265' title='bbox 1801 1536 1982 1595; x_wconf 87' lang='lat' dir='ltr'><strong>lldem,</strong></span> <span class='ocrx_word' id='word_1_266' title='bbox 2034 1537 2175 1603; x_wconf 87' lang='lat' dir='ltr'><strong>quod</strong></span> <span class='ocrx_word' id='word_1_267' title='bbox 2244 1535 2463 1587; x_wconf 85' lang='lat' dir='ltr'><strong>Boream</strong></span> <span class='ocrx_word' id='word_1_268' title='bbox 2524 1550 2710 1588; x_wconf 85' lang='lat' dir='ltr'><strong>versus</strong></span> <span class='ocrx_word' id='word_1_269' title='bbox 2780 1535 3003 1602; x_wconf 80' lang='lat' dir='ltr'><strong>profecti</strong></span> <span class='ocrx_word' id='word_1_270' title='bbox 3065 1537 3131 1587; x_wconf 87' lang='lat' dir='ltr'><strong>ad</strong></span> <span class='ocrx_word' id='word_1_271' title='bbox 3184 1536 3363 1589; x_wconf 85' lang='lat' dir='ltr'><strong>lunam</strong></span> 
     </span>
    </p>
   </div>
   <div class='ocr_carea' id='block_1_39' title="bbox 1802 1624 3370 1693">
    <p class='ocr_par' dir='ltr' id='par_1_39' title="bbox 1802 1624 3370 1693">
     <span class='ocr_line' id='line_1_39' title="bbox 1802 1624 3370 1693; baseline 0.001 -19"><span class='ocrx_word' id='word_1_272' title='bbox 1802 1625 2041 1691; x_wconf 82' lang='lat' dir='ltr'><strong>propius.</strong></span> <span class='ocrx_word' id='word_1_273' title='bbox 2104 1635 2353 1691; x_wconf 87' lang='lat' dir='ltr'><strong>tanquam</strong></span> <span class='ocrx_word' id='word_1_274' title='bbox 2389 1625 2451 1674; x_wconf 90' lang='lat' dir='ltr'><strong>ad</strong></span> <span class='ocrx_word' id='word_1_275' title='bbox 2481 1626 2817 1689; x_wconf 76' lang='lat' dir='ltr'><strong>purissimam</strong></span> <span class='ocrx_word' id='word_1_276' title='bbox 2859 1626 3150 1693; x_wconf 88' lang='lat' dir='ltr'><strong>quamdam</strong></span> <span class='ocrx_word' id='word_1_277' title='bbox 3199 1624 3370 1677; x_wconf 75' lang='lat' dir='ltr'><strong>tt-llu-</strong></span> 
     </span>
    </p>
   </div>
   <div class='ocr_carea' id='block_1_40' title="bbox 1804 1711 3361 1781">
    <p class='ocr_par' dir='ltr' id='par_1_40' title="bbox 1804 1711 3361 1781">
     <span class='ocr_line' id='line_1_40' title="bbox 1804 1711 3361 1781; baseline -0.002 -15"><span class='ocrx_word' id='word_1_278' title='bbox 1804 1729 1914 1766; x_wconf 78' lang='lat' dir='ltr'><strong>rem</strong></span> <span class='ocrx_word' id='word_1_279' title='bbox 1950 1711 2083 1781; x_wconf 71' lang='grc'><strong>(26),</strong></span> <span class='ocrx_word' id='word_1_280' title='bbox 2132 1714 2478 1772; x_wconf 84' lang='lat' dir='ltr'><strong>accesserint,</strong></span> <span class='ocrx_word' id='word_1_281' title='bbox 2523 1712 2863 1779; x_wconf 90' lang='lat' dir='ltr'><strong>iudidemque</strong></span> <span class='ocrx_word' id='word_1_282' title='bbox 2915 1727 3143 1765; x_wconf 90' lang='lat' dir='ltr'><strong>cernere</strong></span> <span class='ocrx_word' id='word_1_283' title='bbox 3168 1722 3361 1779; x_wconf 83' lang='lat' dir='ltr'><strong>potue-</strong></span> 
     </span>
    </p>
   </div>
   <div class='ocr_carea' id='block_1_41' title="bbox 1803 1802 3371 1871">
    <p class='ocr_par' dir='ltr' id='par_1_41' title="bbox 1803 1802 3371 1871">
     <span class='ocr_line' id='line_1_41' title="bbox 1803 1802 3371 1871; baseline -0.002 -14"><span class='ocrx_word' id='word_1_284' title='bbox 1803 1807 1994 1857; x_wconf 89' lang='lat' dir='ltr'><strong>rintea</strong></span> <span class='ocrx_word' id='word_1_285' title='bbox 2046 1820 2164 1870; x_wconf 63' lang='lat' dir='ltr'><strong>quae</strong></span> <span class='ocrx_word' id='word_1_286' title='bbox 2196 1805 2394 1856; x_wconf 84' lang='lat' dir='ltr'><strong>vidisse</strong></span> <span class='ocrx_word' id='word_1_287' title='bbox 2420 1818 2518 1871; x_wconf 90' lang='lat' dir='ltr'><strong>par</strong></span> <span class='ocrx_word' id='word_1_288' title='bbox 2568 1813 2651 1855; x_wconf 90' lang='lat' dir='ltr'><strong>est</strong></span> <span class='ocrx_word' id='word_1_289' title='bbox 2690 1819 2810 1856; x_wconf 84' lang='lat' dir='ltr'><strong>eum</strong></span> <span class='ocrx_word' id='word_1_290' title='bbox 2853 1805 2942 1871; x_wconf 89' lang='lat' dir='ltr'><strong>qui</strong></span> <span class='ocrx_word' id='word_1_291' title='bbox 2980 1818 3154 1866; x_wconf 78' lang='lat' dir='ltr'><strong>nugas</strong></span> <span class='ocrx_word' id='word_1_292' title='bbox 3183 1802 3371 1866; x_wconf 81' lang='lat' dir='ltr'><strong>hujus-</strong></span> 
     </span>
    </p>
   </div>
   <div class='ocr_carea' id='block_1_42' title="bbox 1804 1893 3365 1961">
    <p class='ocr_par' dir='ltr' id='par_1_42' title="bbox 1804 1893 3365 1961">
     <span class='ocr_line' id='line_1_42' title="bbox 1804 1893 3365 1961; baseline -0.003 -13"><span class='ocrx_word' id='word_1_293' title='bbox 1804 1897 1943 1948; x_wconf 89' lang='lat' dir='ltr'><strong>modi</strong></span> <span class='ocrx_word' id='word_1_294' title='bbox 1968 1912 2124 1961; x_wconf 88' lang='lat' dir='ltr'><strong>supra</strong></span> <span class='ocrx_word' id='word_1_295' title='bbox 2156 1897 2311 1948; x_wconf 88' lang='lat' dir='ltr'><strong>tidem</strong></span> <span class='ocrx_word' id='word_1_296' title='bbox 2360 1895 2697 1947; x_wconf 81' lang='lat' dir='ltr'><strong>conﬁnxerit.</strong></span> <span class='ocrx_word' id='word_1_297' title='bbox 2734 1895 2811 1946; x_wconf 83' lang='lat' dir='ltr'><strong>Ad</strong></span> <span class='ocrx_word' id='word_1_298' title='bbox 2869 1895 2981 1947; x_wconf 67' lang='lat' dir='ltr'><strong>haec</strong></span> <span class='ocrx_word' id='word_1_299' title='bbox 3020 1905 3073 1945; x_wconf 91' lang='lat' dir='ltr'><strong>ct</strong></span> <span class='ocrx_word' id='word_1_300' title='bbox 3107 1893 3365 1960; x_wconf 81' lang='lat' dir='ltr'><strong>Sibyllam</strong></span> 
     </span>
    </p>
   </div>
   <div class='ocr_carea' id='block_1_43' title="bbox 1803 1990 3367 2051">
    <p class='ocr_par' dir='ltr' id='par_1_43' title="bbox 1803 1990 3367 2051">
     <span class='ocr_line' id='line_1_43' title="bbox 1803 1990 3367 2051; baseline -0.001 -9"><span class='ocrx_word' id='word_1_301' title='bbox 1803 1992 2126 2045; x_wconf 82' lang='lat' dir='ltr'><strong>vaticinandi</strong></span> <span class='ocrx_word' id='word_1_302' title='bbox 2182 2004 2355 2044; x_wconf 82' lang='lat' dir='ltr'><strong>artem</strong></span> <span class='ocrx_word' id='word_1_303' title='bbox 2406 2008 2433 2045; x_wconf 89' lang='lat' dir='ltr'><strong>a</strong></span> <span class='ocrx_word' id='word_1_304' title='bbox 2470 1990 2742 2044; x_wconf 81' lang='lat' dir='ltr'><strong>Carniane</strong></span> <span class='ocrx_word' id='word_1_305' title='bbox 2771 1990 3029 2043; x_wconf 83' lang='lat' dir='ltr'><strong>didicisse</strong></span> <span class='ocrx_word' id='word_1_306' title='bbox 3082 1990 3268 2051; x_wconf 85' lang='lat' dir='ltr'><strong>tradit,</strong></span> <span class='ocrx_word' id='word_1_307' title='bbox 3303 2003 3367 2042; x_wconf 91' lang='lat' dir='ltr'><strong>ac</strong></span> 
     </span>
    </p>
   </div>
   <div class='ocr_carea' id='block_1_44' title="bbox 1803 2081 3365 2151">
    <p class='ocr_par' dir='ltr' id='par_1_44' title="bbox 1803 2081 3365 2151">
     <span class='ocr_line' id='line_1_44' title="bbox 1803 2081 3365 2151; baseline 0.001 -18"><span class='ocrx_word' id='word_1_308' title='bbox 1803 2094 1925 2135; x_wconf 83' lang='lat' dir='ltr'><strong>veta</strong></span> <span class='ocrx_word' id='word_1_309' title='bbox 1958 2092 2077 2151; x_wconf 89' lang='lat' dir='ltr'><strong>post</strong></span> <span class='ocrx_word' id='word_1_310' title='bbox 2112 2084 2210 2135; x_wconf 89' lang='lat' dir='ltr'><strong>ista</strong></span> <span class='ocrx_word' id='word_1_311' title='bbox 2260 2097 2526 2151; x_wconf 88' lang='lat' dir='ltr'><strong>quemque</strong></span> <span class='ocrx_word' id='word_1_312' title='bbox 2550 2097 2647 2136; x_wconf 86' lang='lat' dir='ltr'><strong>sua</strong></span> <span class='ocrx_word' id='word_1_313' title='bbox 2703 2091 2758 2135; x_wconf 90' lang='lat' dir='ltr'><strong>et</strong></span> <span class='ocrx_word' id='word_1_314' title='bbox 2802 2096 2990 2148; x_wconf 79' lang='lat' dir='ltr'><strong>preces</strong></span> <span class='ocrx_word' id='word_1_315' title='bbox 3031 2081 3365 2148; x_wconf 83' lang='lat' dir='ltr'><strong>concepisse,</strong></span> 
     </span>
    </p>
   </div>
   <div class='ocr_carea' id='block_1_45' title="bbox 1804 2171 3364 2241">
    <p class='ocr_par' dir='ltr' id='par_1_45' title="bbox 1804 2171 3364 2241">
     <span class='ocr_line' id='line_1_45' title="bbox 1804 2171 3364 2241; baseline -0.002 -16"><span class='ocrx_word' id='word_1_316' title='bbox 1804 2184 1963 2240; x_wconf 86' lang='lat' dir='ltr'><strong>atque</strong></span> <span class='ocrx_word' id='word_1_317' title='bbox 1994 2184 2051 2226; x_wconf 90' lang='lat' dir='ltr'><strong>ut</strong></span> <span class='ocrx_word' id='word_1_318' title='bbox 2082 2184 2348 2239; x_wconf 76' lang='lat' dir='ltr'><strong>Optat-ant,</strong></span> <span class='ocrx_word' id='word_1_319' title='bbox 2376 2188 2461 2227; x_wconf 84' lang='lat' dir='ltr'><strong>res</strong></span> <span class='ocrx_word' id='word_1_320' title='bbox 2488 2174 2608 2226; x_wconf 88' lang='lat' dir='ltr'><strong>dein</strong></span> <span class='ocrx_word' id='word_1_321' title='bbox 2636 2172 2859 2241; x_wconf 75' lang='lat' dir='ltr'><strong>singulis</strong></span> <span class='ocrx_word' id='word_1_322' title='bbox 2892 2172 3157 2225; x_wconf 88' lang='lat' dir='ltr'><strong>cecidisse</strong></span> <span class='ocrx_word' id='word_1_323' title='bbox 3184 2190 3197 2225; x_wconf 93' lang='lat'><strong>:</strong></span> <span class='ocrx_word' id='word_1_324' title='bbox 3239 2171 3364 2223; x_wconf 89' lang='lat' dir='ltr'><strong>hinc</strong></span> 
     </span>
    </p>
   </div>
   <div class='ocr_carea' id='block_1_46' title="bbox 1809 2260 3368 2333">
    <p class='ocr_par' dir='ltr' id='par_1_46' title="bbox 1809 2260 3368 2333">
     <span class='ocr_line' id='line_1_46' title="bbox 1809 2260 3368 2333; baseline -0.002 -16"><span class='ocrx_word' id='word_1_325' title='bbox 1809 2267 1950 2317; x_wconf 86' lang='lat' dir='ltr'><strong>enim</strong></span> <span class='ocrx_word' id='word_1_326' title='bbox 2005 2278 2035 2317; x_wconf 87' lang='lat' dir='ltr'><strong>e</strong></span> <span class='ocrx_word' id='word_1_327' title='bbox 2087 2279 2275 2317; x_wconf 89' lang='lat' dir='ltr'><strong>somno</strong></span> <span class='ocrx_word' id='word_1_328' title='bbox 2332 2266 2405 2317; x_wconf 81' lang='lat' dir='ltr'><strong>ait</strong></span> <span class='ocrx_word' id='word_1_329' title='bbox 2450 2266 2743 2317; x_wconf 83' lang='lat' dir='ltr'><strong>excitatum</strong></span> <span class='ocrx_word' id='word_1_330' title='bbox 2792 2278 2850 2316; x_wconf 84' lang='lat' dir='ltr'><strong>se</strong></span> <span class='ocrx_word' id='word_1_331' title='bbox 2904 2262 3030 2333; x_wconf 75' lang='lat' dir='ltr'><strong>Tyri</strong></span> <span class='ocrx_word' id='word_1_332' title='bbox 3074 2263 3123 2315; x_wconf 92' lang='lat' dir='ltr'><strong>iu</strong></span> <span class='ocrx_word' id='word_1_333' title='bbox 3170 2260 3368 2329; x_wconf 87' lang='lat' dir='ltr'><strong>templo</strong></span> 
     </span>
    </p>
   </div>
   <div class='ocr_carea' id='block_1_47' title="bbox 1812 2355 3358 2425">
    <p class='ocr_par' dir='ltr' id='par_1_47' title="bbox 1812 2355 3358 2425">
     <span class='ocr_line' id='line_1_47' title="bbox 1812 2355 3358 2425; baseline -0.003 -18"><span class='ocrx_word' id='word_1_334' title='bbox 1812 2355 2055 2408; x_wconf 88' lang='lat' dir='ltr'><strong>llerculis</strong></span> <span class='ocrx_word' id='word_1_335' title='bbox 2112 2356 2225 2425; x_wconf 78' lang='lat'><strong>(‘27)</strong></span> <span class='ocrx_word' id='word_1_336' title='bbox 2261 2365 2577 2420; x_wconf 79' lang='lat' dir='ltr'><strong>repertum:</strong></span> <span class='ocrx_word' id='word_1_337' title='bbox 2642 2355 2780 2408; x_wconf 89' lang='lat' dir='ltr'><strong>unde</strong></span> <span class='ocrx_word' id='word_1_338' title='bbox 2826 2370 2947 2407; x_wconf 81' lang='lat' dir='ltr'><strong>cum</strong></span> <span class='ocrx_word' id='word_1_339' title='bbox 3008 2356 3358 2416; x_wconf 77' lang='lat' dir='ltr'><strong>surrexisset,</strong></span> 
     </span>
    </p>
   </div>
   <div class='ocr_carea' id='block_1_48' title="bbox 1812 2446 3365 2516">
    <p class='ocr_par' dir='ltr' id='par_1_48' title="bbox 1812 2446 3365 2516">
     <span class='ocr_line' id='line_1_48' title="bbox 1812 2446 3365 2516; baseline -0.001 -18"><span class='ocrx_word' id='word_1_340' title='bbox 1812 2446 1981 2515; x_wconf 86' lang='lat' dir='ltr'><strong>ipsam</strong></span> <span class='ocrx_word' id='word_1_341' title='bbox 2012 2462 2222 2515; x_wconf 87' lang='lat' dir='ltr'><strong>quoque</strong></span> <span class='ocrx_word' id='word_1_342' title='bbox 2254 2446 2549 2516; x_wconf 71' lang='lat' dir='ltr'><strong>Derc-yllida</strong></span> <span class='ocrx_word' id='word_1_343' title='bbox 2585 2455 2639 2499; x_wconf 89' lang='lat' dir='ltr'><strong>et</strong></span> <span class='ocrx_word' id='word_1_344' title='bbox 2689 2446 3007 2498; x_wconf 72' lang='lat' dir='ltr'><strong>Mantiniam</strong></span> <span class='ocrx_word' id='word_1_345' title='bbox 3072 2448 3365 2513; x_wconf 85' lang='lat' dir='ltr'><strong>reperisse,</strong></span> 
     </span>
    </p>
   </div>
   <div class='ocr_carea' id='block_1_49' title="bbox 1813 2538 3369 2607">
    <p class='ocr_par' dir='ltr' id='par_1_49' title="bbox 1813 2538 3369 2607">
     <span class='ocr_line' id='line_1_49' title="bbox 1813 2538 3369 2607; baseline -0.003 -18"><span class='ocrx_word' id='word_1_346' title='bbox 1813 2551 1931 2589; x_wconf 87' lang='lat' dir='ltr'><strong>cum</strong></span> <span class='ocrx_word' id='word_1_347' title='bbox 1959 2547 2149 2591; x_wconf 71' lang='lat' dir='ltr'><strong>caetera</strong></span> <span class='ocrx_word' id='word_1_348' title='bbox 2202 2538 2335 2591; x_wconf 70' lang='lat' dir='ltr'><strong>belle</strong></span> <span class='ocrx_word' id='word_1_349' title='bbox 2382 2540 2639 2590; x_wconf 78' lang='lat' dir='ltr'><strong>hactenus</strong></span> <span class='ocrx_word' id='word_1_350' title='bbox 2695 2540 2892 2607; x_wconf 80' lang='lat' dir='ltr'><strong>egisse,</strong></span> <span class='ocrx_word' id='word_1_351' title='bbox 2955 2548 3063 2590; x_wconf 89' lang='lat' dir='ltr'><strong>tum</strong></span> <span class='ocrx_word' id='word_1_352' title='bbox 3120 2547 3369 2607; x_wconf 66' lang='lat' dir='ltr'><strong>parentes</strong></span> 
     </span>
    </p>
   </div>
   <div class='ocr_carea' id='block_1_50' title="bbox 155 2624 3369 2698">
    <p class='ocr_par' dir='ltr' id='par_1_50' title="bbox 155 2624 3369 2698">
     <span class='ocr_line' id='line_1_50' title="bbox 155 2624 3369 2698; baseline 0.001 -23"><span class='ocrx_word' id='word_1_353' title='bbox 155 2638 319 2677; x_wconf 70' lang='lat' dir='ltr'><strong>tuose</strong></span> <span class='ocrx_word' id='word_1_354' title='bbox 353 2626 518 2691; x_wconf 85' lang='lat' dir='ltr'><strong>longo</strong></span> <span class='ocrx_word' id='word_1_355' title='bbox 548 2624 637 2677; x_wconf 90' lang='lat' dir='ltr'><strong>illo</strong></span> <span class='ocrx_word' id='word_1_356' title='bbox 666 2625 779 2677; x_wconf 85' lang='lat' dir='ltr'><strong>sive</strong></span> <span class='ocrx_word' id='word_1_357' title='bbox 828 2640 1039 2690; x_wconf 90' lang='lat' dir='ltr'><strong>somno,</strong></span> <span class='ocrx_word' id='word_1_358' title='bbox 1067 2626 1182 2681; x_wconf 85' lang='lat' dir='ltr'><strong>sive</strong></span> <span class='ocrx_word' id='word_1_359' title='bbox 1231 2626 1455 2680; x_wconf 91' lang='lat' dir='ltr'><strong>interitu</strong></span> <span class='ocrx_word' id='word_1_360' title='bbox 1514 2628 1716 2693; x_wconf 84' lang='lat' dir='ltr'><strong>potius,</strong></span> <span class='ocrx_word' id='word_1_361' title='bbox 1768 2627 1997 2681; x_wconf 80' lang='lat' dir='ltr'><strong>feliciter</strong></span> <span class='ocrx_word' id='word_1_362' title='bbox 2046 2631 2313 2683; x_wconf 72' lang='lat' dir='ltr'><strong>excitasse</strong></span> <span class='ocrx_word' id='word_1_363' title='bbox 2343 2630 2454 2697; x_wconf 74' lang='lat'><strong>(28)</strong></span> <span class='ocrx_word' id='word_1_364' title='bbox 2489 2631 2807 2698; x_wconf 85' lang='lat' dir='ltr'><strong>beatamque</strong></span> <span class='ocrx_word' id='word_1_365' title='bbox 2861 2631 3018 2683; x_wconf 88' lang='lat' dir='ltr'><strong>modo</strong></span> <span class='ocrx_word' id='word_1_366' title='bbox 3076 2629 3129 2681; x_wconf 89' lang='lat' dir='ltr'><strong>in</strong></span> <span class='ocrx_word' id='word_1_367' title='bbox 3193 2644 3369 2682; x_wconf 81' lang='lat' dir='ltr'><strong>omn;-</strong></span> 
     </span>
    </p>
   </div>
   <div class='ocr_carea' id='block_1_51' title="bbox 156 2714 672 2771">
    <p class='ocr_par' dir='ltr' id='par_1_51' title="bbox 156 2714 672 2771">
     <span class='ocr_line' id='line_1_51' title="bbox 156 2714 672 2771; baseline 0.014 -7"><span class='ocrx_word' id='word_1_368' title='bbox 156 2714 245 2765; x_wconf 88' lang='lat' dir='ltr'><strong>bus</strong></span> <span class='ocrx_word' id='word_1_369' title='bbox 269 2716 428 2767; x_wconf 83' lang='lat' dir='ltr'><strong>vitam</strong></span> <span class='ocrx_word' id='word_1_370' title='bbox 456 2718 672 2771; x_wconf 82' lang='lat' dir='ltr'><strong>ducere.</strong></span> 
     </span>
    </p>
   </div>
   <div class='ocr_carea' id='block_1_52' title="bbox 215 2804 1707 2881">
    <p class='ocr_par' dir='ltr' id='par_1_52' title="bbox 215 2804 1707 2881">
     <span class='ocr_line' id='line_1_52' title="bbox 215 2804 1707 2881; baseline 0.004 -25"><span class='ocrx_word' id='word_1_371' title='bbox 215 2805 391 2857; x_wconf 79' lang='grc' dir='ltr'>Ταῦτα</span> <span class='ocrx_word' id='word_1_372' title='bbox 414 2804 618 2876; x_wconf 76' lang='grc' dir='ltr'>Κύμϐᾳ</span> <span class='ocrx_word' id='word_1_373' title='bbox 639 2806 847 2869; x_wconf 78' lang='grc' dir='ltr'>Δεινίας</span> <span class='ocrx_word' id='word_1_374' title='bbox 866 2806 945 2860; x_wconf 88' lang='grc' dir='ltr'><strong>διε</strong></span> <span class='ocrx_word' id='word_1_375' title='bbox 954 2808 1304 2879; x_wconf 83' lang='grc' dir='ltr'>μυθολόγησε,</span> <span class='ocrx_word' id='word_1_376' title='bbox 1327 2810 1420 2862; x_wconf 73' lang='grc' dir='ltr'><strong>καὶ</strong></span> <span class='ocrx_word' id='word_1_377' title='bbox 1440 2826 1707 2881; x_wconf 87' lang='grc' dir='ltr'>κυπαριτ-</span> 
     </span>
    </p>
   </div>
   <div class='ocr_carea' id='block_1_53' title="bbox 1879 2807 3373 2878">
    <p class='ocr_par' dir='ltr' id='par_1_53' title="bbox 1879 2807 3373 2878">
     <span class='ocr_line' id='line_1_53' title="bbox 1879 2807 3373 2878; baseline -0.003 -13"><span class='ocrx_word' id='word_1_378' title='bbox 1879 2812 1998 2865; x_wconf 61' lang='lat' dir='ltr'><strong>llzec</strong></span> <span class='ocrx_word' id='word_1_379' title='bbox 2031 2810 2244 2878; x_wconf 72' lang='lat' dir='ltr'><strong>Cymbte</strong></span> <span class='ocrx_word' id='word_1_380' title='bbox 2280 2810 2463 2863; x_wconf 88' lang='lat' dir='ltr'><strong>Dinias</strong></span> <span class='ocrx_word' id='word_1_381' title='bbox 2508 2811 2754 2863; x_wconf 79' lang='lat' dir='ltr'><strong>fabulose</strong></span> <span class='ocrx_word' id='word_1_382' title='bbox 2793 2810 3001 2869; x_wconf 85' lang='lat' dir='ltr'><strong>retulit,</strong></span> <span class='ocrx_word' id='word_1_383' title='bbox 3043 2807 3373 2877; x_wconf 82' lang='lat' dir='ltr'><strong>prolatisque</strong></span> 
     </span>
    </p>
   </div>
   <div class='ocr_carea' id='block_1_54' title="bbox 154 2896 1822 2970">
    <p class='ocr_par' dir='ltr' id='par_1_54' title="bbox 154 2896 1822 2970">
     <span class='ocr_line' id='line_1_54' title="bbox 154 2896 1822 2970; baseline 0.006 -23"><span class='ocrx_word' id='word_1_384' title='bbox 154 2896 292 2958; x_wconf 77' lang='grc' dir='ltr'>τίνας</span> <span class='ocrx_word' id='word_1_385' title='bbox 345 2898 568 2959; x_wconf 78' lang='grc' dir='ltr'><strong>δέλτους</strong></span> <span class='ocrx_word' id='word_1_386' title='bbox 633 2899 978 2967; x_wconf 81' lang='grc' dir='ltr'>προενεγκὼν</span> <span class='ocrx_word' id='word_1_387' title='bbox 1037 2902 1310 2970; x_wconf 78' lang='grc' dir='ltr'>ἐγγράψαι</span> <span class='ocrx_word' id='word_1_388' title='bbox 1367 2902 1566 2963; x_wconf 90' lang='grc' dir='ltr'>ταύτας</span> <span class='ocrx_word' id='word_1_389' title='bbox 1616 2903 1707 2954; x_wconf 83' lang='grc' dir='ltr'><strong>τὸν</strong></span> <span class='ocrx_word' id='word_1_390' title='bbox 1804 2917 1822 2957; x_wconf 82' lang='grc'><strong>&lt;</strong></span> 
     </span>
    </p>
   </div>
   <div class='ocr_carea' id='block_1_55' title="bbox 1700 2896 3368 2970">
    <p class='ocr_par' dir='ltr' id='par_1_55' title="bbox 1700 2897 3368 2969">
     <span class='ocr_line' id='line_1_55' title="bbox 1700 2897 3368 2969; baseline -0.005 -12"><span class='ocrx_word' id='word_1_391' title='bbox 1700 2919 1707 2947; x_wconf 77' lang='grc' dir='ltr'><strong>ι</strong></span> <span class='ocrx_word' id='word_1_392' title='bbox 1804 2902 2135 2969; x_wconf 87' lang='lat' dir='ltr'><strong>cupressinis</strong></span> <span class='ocrx_word' id='word_1_393' title='bbox 2192 2900 2412 2961; x_wconf 87' lang='lat' dir='ltr'><strong>tabulis,</strong></span> <span class='ocrx_word' id='word_1_394' title='bbox 2456 2901 2748 2953; x_wconf 88' lang='lat' dir='ltr'><strong>inscribere</strong></span> <span class='ocrx_word' id='word_1_395' title='bbox 2816 2914 2911 2952; x_wconf 82' lang='lat' dir='ltr'><strong>eas</strong></span> <span class='ocrx_word' id='word_1_396' title='bbox 2970 2898 3125 2965; x_wconf 82' lang='lat' dir='ltr'><strong>jubet</strong></span> <span class='ocrx_word' id='word_1_397' title='bbox 3186 2897 3368 2949; x_wconf 85' lang='lat' dir='ltr'><strong>Erasi-</strong></span> 
     </span>
    </p>
   </div>
   <div class='ocr_carea' id='block_1_56' title="bbox 165 2988 1833 3063">
    <p class='ocr_par' dir='ltr' id='par_1_56' title="bbox 165 2988 1833 3063">
     <span class='ocr_line' id='line_1_56' title="bbox 165 2988 1833 3063; baseline 0.006 -26"><span class='ocrx_word' id='word_1_398' title='bbox 165 2988 435 3056; x_wconf 80' lang='grc' dir='ltr'>Ἀθηναίον</span> <span class='ocrx_word' id='word_1_399' title='bbox 508 2989 847 3058; x_wconf 81' lang='grc' dir='ltr'>Ἐρασινίδην</span> <span class='ocrx_word' id='word_1_400' title='bbox 885 2992 927 3021; x_wconf 86' lang='grc'><strong>¹⁶</strong></span> <span class='ocrx_word' id='word_1_401' title='bbox 976 2993 1333 3060; x_wconf 85' lang='grc' dir='ltr'>συνεπόμενον</span> <span class='ocrx_word' id='word_1_402' title='bbox 1376 2992 1454 3061; x_wconf 89' lang='grc' dir='ltr'>τῷ</span> <span class='ocrx_word' id='word_1_403' title='bbox 1511 2992 1713 3063; x_wconf 78' lang='grc' dir='ltr'>Κύμϐᾳ</span> <span class='ocrx_word' id='word_1_404' title='bbox 1808 3012 1833 3047; x_wconf 89' lang='lat' dir='ltr'><strong>n</strong></span> 
     </span>
    </p>
   </div>
   <div class='ocr_carea' id='block_1_57' title="bbox 1705 2988 3373 3063">
    <p class='ocr_par' dir='ltr' id='par_1_57' title="bbox 1705 2988 3373 3060">
     <span class='ocr_line' id='line_1_57' title="bbox 1705 2988 3373 3060; baseline -0.002 -16"><span class='ocrx_word' id='word_1_405' title='bbox 1705 3010 1713 3044; x_wconf 69' lang='grc' dir='ltr'><strong>ι</strong></span> <span class='ocrx_word' id='word_1_406' title='bbox 1808 2995 1983 3048; x_wconf 84' lang='lat' dir='ltr'><strong>nidetn</strong></span> <span class='ocrx_word' id='word_1_407' title='bbox 2012 2994 2410 3055; x_wconf 79' lang='lat' dir='ltr'><strong>Atheniensem,</strong></span> <span class='ocrx_word' id='word_1_408' title='bbox 2442 2991 2658 3060; x_wconf 74' lang='lat' dir='ltr'><strong>Cymbze</strong></span> <span class='ocrx_word' id='word_1_409' title='bbox 2716 2990 2990 3052; x_wconf 87' lang='lat' dir='ltr'><strong>comitem,</strong></span> <span class='ocrx_word' id='word_1_410' title='bbox 3069 2988 3373 3041; x_wconf 84' lang='lat' dir='ltr'><strong>litterarum</strong></span> 
     </span>
    </p>
   </div>
   <div class='ocr_carea' id='block_1_58' title="bbox 156 3072 1824 3152">
    <p class='ocr_par' dir='ltr' id='par_1_58' title="bbox 156 3072 1824 3149">
     <span class='ocr_line' id='line_1_58' title="bbox 156 3072 1824 3149; baseline 0.006 -21"><span class='ocrx_word' id='word_1_411' title='bbox 156 3072 236 3145; x_wconf 77' lang='grc' dir='ltr'><strong>(ἦν</strong></span> <span class='ocrx_word' id='word_1_412' title='bbox 266 3079 371 3149; x_wconf 73' lang='grc' dir='ltr'><strong>γὰρ</strong></span> <span class='ocrx_word' id='word_1_413' title='bbox 408 3080 663 3149; x_wconf 77' lang='grc' dir='ltr'><strong>τεχνίτης</strong></span> <span class='ocrx_word' id='word_1_414' title='bbox 702 3080 895 3148; x_wconf 80' lang='grc' dir='ltr'>λόγων)</span> <span class='ocrx_word' id='word_1_415' title='bbox 943 3082 1395 3148; x_wconf 80' lang='grc' dir='ltr'>παρεκελεύσατο.</span> <span class='ocrx_word' id='word_1_416' title='bbox 1432 3083 1711 3146; x_wconf 80' lang='grc' dir='ltr'>’Υπέδειξε</span> <span class='ocrx_word' id='word_1_417' title='bbox 1808 3101 1824 3138; x_wconf 91' lang='grc' dir='ltr'><strong>ι</strong></span> 
     </span>
    </p>
   </div>
   <div class='ocr_carea' id='block_1_59' title="bbox 1706 3072 3374 3152">
    <p class='ocr_par' dir='ltr' id='par_1_59' title="bbox 1706 3079 3374 3152">
     <span class='ocr_line' id='line_1_59' title="bbox 1706 3079 3374 3152; baseline -0.004 -13"><span class='ocrx_word' id='word_1_418' title='bbox 1706 3102 1711 3133; x_wconf 74' lang='grc' dir='ltr'><strong>ι</strong></span> <span class='ocrx_word' id='word_1_419' title='bbox 1808 3101 1913 3139; x_wconf 89' lang='lat' dir='ltr'><strong>non</strong></span> <span class='ocrx_word' id='word_1_420' title='bbox 1948 3086 2271 3152; x_wconf 87' lang='lat' dir='ltr'><strong>imperitum.</strong></span> <span class='ocrx_word' id='word_1_421' title='bbox 2299 3082 2726 3137; x_wconf 84' lang='lat' dir='ltr'><strong>Ostenditetiam</strong></span> <span class='ocrx_word' id='word_1_422' title='bbox 2755 3081 2885 3148; x_wconf 86' lang='lat' dir='ltr'><strong>ipsis</strong></span> <span class='ocrx_word' id='word_1_423' title='bbox 2901 3079 3195 3148; x_wconf 80' lang='lat' dir='ltr'><strong>Dercyllida</strong></span> <span class='ocrx_word' id='word_1_424' title='bbox 3229 3080 3374 3147; x_wconf 66' lang='lat' dir='ltr'><strong>(hare</strong></span> 
     </span>
    </p>
   </div>
   <div class='ocr_carea' id='block_1_60' title="bbox 155 3168 1823 3262">
    <p class='ocr_par' dir='ltr' id='par_1_60' title="bbox 155 3171 1823 3262">
     <span class='ocr_line' id='line_1_60' title="bbox 155 3171 1823 3262; baseline 0.002 -41"><span class='ocrx_word' id='word_1_425' title='bbox 155 3171 205 3221; x_wconf 77' lang='grc' dir='ltr'><strong>δὲ</strong></span> <span class='ocrx_word' id='word_1_426' title='bbox 251 3173 433 3233; x_wconf 80' lang='grc' dir='ltr'>αὐτοῖς</span> <span class='ocrx_word' id='word_1_427' title='bbox 487 3175 582 3225; x_wconf 78' lang='grc' dir='ltr'><strong>καὶ</strong></span> <span class='ocrx_word' id='word_1_428' title='bbox 618 3173 715 3241; x_wconf 82' lang='grc' dir='ltr'>τὴν</span> <span class='ocrx_word' id='word_1_429' title='bbox 754 3174 1111 3243; x_wconf 84' lang='grc' dir='ltr'>Δερκυλλίδα·</span> <span class='ocrx_word' id='word_1_430' title='bbox 1142 3174 1281 3243; x_wconf 77' lang='grc' dir='ltr'>αὕτη</span> <span class='ocrx_word' id='word_1_431' title='bbox 1327 3175 1436 3244; x_wconf 80' lang='grc' dir='ltr'>γὰρ</span> <span class='ocrx_word' id='word_1_432' title='bbox 1482 3176 1574 3227; x_wconf 82' lang='grc' dir='ltr'><strong>καὶ</strong></span> <span class='ocrx_word' id='word_1_433' title='bbox 1616 3174 1711 3237; x_wconf 83' lang='grc' dir='ltr'>τὰς</span> <span class='ocrx_word' id='word_1_434' title='bbox 1740 3205 1780 3262; x_wconf 78' lang='lat' dir='ltr'>c</span> <span class='ocrx_word' id='word_1_435' title='bbox 1815 3192 1823 3224; x_wconf 77' lang='grc' dir='ltr'><strong>ι</strong></span> 
     </span>
    </p>
   </div>
   <div class='ocr_carea' id='block_1_61' title="bbox 1707 3168 3375 3262">
    <p class='ocr_par' dir='ltr' id='par_1_61' title="bbox 1707 3168 3375 3262">
     <span class='ocr_line' id='line_1_61' title="bbox 1707 3168 3375 3262; baseline -0.003 -35"><span class='ocrx_word' id='word_1_436' title='bbox 1707 3192 1711 3233; x_wconf 87' lang='lat'><em>:</em></span> <span class='ocrx_word' id='word_1_437' title='bbox 1740 3205 1780 3262; x_wconf 66' lang='grc' dir='ltr'>ο</span> <span class='ocrx_word' id='word_1_438' title='bbox 1815 3174 1955 3227; x_wconf 89' lang='lat' dir='ltr'><strong>enim</strong></span> <span class='ocrx_word' id='word_1_439' title='bbox 1986 3174 2328 3240; x_wconf 86' lang='lat' dir='ltr'><strong>cupressinas</strong></span> <span class='ocrx_word' id='word_1_440' title='bbox 2359 3172 2477 3225; x_wconf 88' lang='lat' dir='ltr'><strong>illas</strong></span> <span class='ocrx_word' id='word_1_441' title='bbox 2536 3171 2746 3224; x_wconf 86' lang='lat' dir='ltr'><strong>tabulas</strong></span> <span class='ocrx_word' id='word_1_442' title='bbox 2798 3169 2997 3237; x_wconf 85' lang='lat' dir='ltr'><strong>attulit)</strong></span> <span class='ocrx_word' id='word_1_443' title='bbox 3050 3168 3375 3238; x_wconf 69' lang='lat' dir='ltr'><strong>Cymbaaque</strong></span> 
     </span>
    </p>
   </div>
   <div class='ocr_carea' id='block_1_62' title="bbox 159 3262 1713 3333">
    <p class='ocr_par' dir='ltr' id='par_1_62' title="bbox 159 3262 1713 3333">
     <span class='ocr_line' id='line_1_62' title="bbox 159 3262 1713 3333; baseline 0.007 -26"><span class='ocrx_word' id='word_1_444' title='bbox 159 3262 548 3329; x_wconf 80' lang='grc' dir='ltr'>κυπαριττίνας</span> <span class='ocrx_word' id='word_1_445' title='bbox 604 3263 823 3325; x_wconf 83' lang='grc' dir='ltr'>δέλτους</span> <span class='ocrx_word' id='word_1_446' title='bbox 878 3265 1093 3333; x_wconf 75' lang='grc' dir='ltr'>ἧνεγκε.</span> <span class='ocrx_word' id='word_1_447' title='bbox 1156 3265 1463 3333; x_wconf 76' lang='grc' dir='ltr'>Προσέταξέ</span> <span class='ocrx_word' id='word_1_448' title='bbox 1522 3282 1581 3316; x_wconf 89' lang='grc' dir='ltr'><strong>τε</strong></span> <span class='ocrx_word' id='word_1_449' title='bbox 1636 3264 1713 3333; x_wconf 87' lang='grc' dir='ltr'>τῷ</span> 
     </span>
    </p>
   </div>
   <div class='ocr_carea' id='block_1_63' title="bbox 160 3350 1713 3426">
    <p class='ocr_par' dir='ltr' id='par_1_63' title="bbox 160 3350 1713 3426">
     <span class='ocr_line' id='line_1_63' title="bbox 160 3350 1713 3426; baseline 0.005 -25"><span class='ocrx_word' id='word_1_450' title='bbox 160 3350 349 3421; x_wconf 81' lang='grc' dir='ltr'>Κύμϐᾳ</span> <span class='ocrx_word' id='word_1_451' title='bbox 382 3352 511 3421; x_wconf 79' lang='grc' dir='ltr'>δίχα</span> <span class='ocrx_word' id='word_1_452' title='bbox 540 3353 713 3405; x_wconf 82' lang='grc' dir='ltr'>ταῦτα</span> <span class='ocrx_word' id='word_1_453' title='bbox 739 3354 807 3406; x_wconf 80' lang='grc' dir='ltr'>τὰ</span> <span class='ocrx_word' id='word_1_454' title='bbox 848 3354 1373 3424; x_wconf 80' lang='grc' dir='ltr'>διαμυθολογηθέντα</span> <span class='ocrx_word' id='word_1_455' title='bbox 1401 3354 1713 3426; x_wconf 74' lang='grc' dir='ltr'>ἀναγράψα-</span> 
     </span>
    </p>
   </div>
   <div class='ocr_carea' id='block_1_64' title="bbox 159 3441 1713 3515">
    <p class='ocr_par' dir='ltr' id='par_1_64' title="bbox 159 3441 1713 3515">
     <span class='ocr_line' id='line_1_64' title="bbox 159 3441 1713 3515; baseline 0.006 -26"><span class='ocrx_word' id='word_1_456' title='bbox 159 3441 291 3504; x_wconf 73' lang='grc' dir='ltr'>σθαι,</span> <span class='ocrx_word' id='word_1_457' title='bbox 321 3445 415 3494; x_wconf 78' lang='grc' dir='ltr'><strong>καὶ</strong></span> <span class='ocrx_word' id='word_1_458' title='bbox 444 3443 680 3512; x_wconf 81' lang='grc' dir='ltr'>θατέραν</span> <span class='ocrx_word' id='word_1_459' title='bbox 711 3445 809 3511; x_wconf 79' lang='grc' dir='ltr'>μὲν</span> <span class='ocrx_word' id='word_1_460' title='bbox 838 3444 945 3496; x_wconf 84' lang='grc' dir='ltr'><strong>τῶν</strong></span> <span class='ocrx_word' id='word_1_461' title='bbox 973 3446 1169 3498; x_wconf 87' lang='grc' dir='ltr'>δέλτων</span> <span class='ocrx_word' id='word_1_462' title='bbox 1200 3446 1361 3497; x_wconf 77' lang='grc' dir='ltr'>αὑτὸν</span> <span class='ocrx_word' id='word_1_463' title='bbox 1410 3446 1572 3514; x_wconf 80' lang='grc' dir='ltr'>ἔχειν,</span> <span class='ocrx_word' id='word_1_464' title='bbox 1616 3446 1713 3515; x_wconf 79' lang='grc' dir='ltr'>τὴν</span> 
     </span>
    </p>
   </div>
   <div class='ocr_carea' id='block_1_65' title="bbox 157 3532 1713 3605">
    <p class='ocr_par' dir='ltr' id='par_1_65' title="bbox 157 3532 1713 3605">
     <span class='ocr_line' id='line_1_65' title="bbox 157 3532 1713 3605; baseline 0.004 -24"><span class='ocrx_word' id='word_1_465' title='bbox 157 3532 336 3600; x_wconf 79' lang='grc' dir='ltr'>ἑτέραν</span> <span class='ocrx_word' id='word_1_466' title='bbox 368 3534 452 3596; x_wconf 80' lang='grc' dir='ltr'>δὲ,</span> <span class='ocrx_word' id='word_1_467' title='bbox 483 3533 606 3585; x_wconf 77' lang='grc' dir='ltr'>καθ’</span> <span class='ocrx_word' id='word_1_468' title='bbox 633 3534 691 3585; x_wconf 79' lang='grc' dir='ltr'>ὃν</span> <span class='ocrx_word' id='word_1_469' title='bbox 720 3534 963 3604; x_wconf 79' lang='grc' dir='ltr'>ἀποϐιῴη</span> <span class='ocrx_word' id='word_1_470' title='bbox 1016 3536 1222 3605; x_wconf 73' lang='grc' dir='ltr'>καιρὸν,</span> <span class='ocrx_word' id='word_1_471' title='bbox 1254 3537 1353 3603; x_wconf 82' lang='grc' dir='ltr'><strong>τὴν</strong></span> <span class='ocrx_word' id='word_1_472' title='bbox 1386 3537 1713 3604; x_wconf 83' lang='grc' dir='ltr'>Δερκυλλίδα</span> 
     </span>
    </p>
   </div>
   <div class='ocr_carea' id='block_1_66' title="bbox 158 3622 1707 3694">
    <p class='ocr_par' dir='ltr' id='par_1_66' title="bbox 158 3622 1707 3694">
     <span class='ocr_line' id='line_1_66' title="bbox 158 3622 1707 3694; baseline 0.008 -25"><span class='ocrx_word' id='word_1_473' title='bbox 158 3622 369 3688; x_wconf 77' lang='grc' dir='ltr'>πλησίον</span> <span class='ocrx_word' id='word_1_474' title='bbox 399 3624 495 3676; x_wconf 78' lang='grc' dir='ltr'>τοῦ</span> <span class='ocrx_word' id='word_1_475' title='bbox 522 3624 697 3690; x_wconf 76' lang='grc' dir='ltr'>τάφου</span> <span class='ocrx_word' id='word_1_476' title='bbox 727 3625 965 3694; x_wconf 86' lang='grc' dir='ltr'>κιϐωτίῳ</span> <span class='ocrx_word' id='word_1_477' title='bbox 999 3626 1338 3694; x_wconf 74' lang='grc' dir='ltr'>ἐμϐαλοῦσαν</span> <span class='ocrx_word' id='word_1_478' title='bbox 1375 3627 1707 3681; x_wconf 82' lang='grc' dir='ltr'>καταθεῖναι.</span> 
     </span>
    </p>
   </div>
   <div class='ocr_carea' id='block_1_67' title="bbox 228 3712 1714 3787">
    <p class='ocr_par' dir='ltr' id='par_1_67' title="bbox 228 3712 1714 3787">
     <span class='ocr_line' id='line_1_67' title="bbox 228 3712 1714 3787; baseline 0.003 -20"><span class='ocrx_word' id='word_1_479' title='bbox 228 3712 284 3767; x_wconf 84' lang='grc' dir='ltr'>Ὀ</span> <span class='ocrx_word' id='word_1_480' title='bbox 312 3715 443 3782; x_wconf 81' lang='grc' dir='ltr'>γοῦν</span> <span class='ocrx_word' id='word_1_481' title='bbox 475 3716 515 3746; x_wconf 73' lang='grc'><strong>⁸³</strong></span> <span class='ocrx_word' id='word_1_482' title='bbox 538 3717 814 3787; x_wconf 82' lang='grc' dir='ltr'>Διογένης,</span> <span class='ocrx_word' id='word_1_483' title='bbox 838 3719 867 3769; x_wconf 80' lang='grc' dir='ltr'>ὁ</span> <span class='ocrx_word' id='word_1_484' title='bbox 891 3718 981 3769; x_wconf 78' lang='grc' dir='ltr'><strong>καὶ</strong></span> <span class='ocrx_word' id='word_1_485' title='bbox 1016 3718 1317 3783; x_wconf 80' lang='grc' dir='ltr'>Ἀντώνιος,</span> <span class='ocrx_word' id='word_1_486' title='bbox 1338 3720 1512 3771; x_wconf 81' lang='grc' dir='ltr'>ταῦτα</span> <span class='ocrx_word' id='word_1_487' title='bbox 1538 3722 1714 3772; x_wconf 84' lang='grc' dir='ltr'>πάντα</span> 
     </span>
    </p>
   </div>
   <div class='ocr_carea' id='block_1_68' title="bbox 157 3808 1713 3880">
    <p class='ocr_par' dir='ltr' id='par_1_68' title="bbox 157 3808 1713 3880">
     <span class='ocr_line' id='line_1_68' title="bbox 157 3808 1713 3880; baseline 0.003 -24"><span class='ocrx_word' id='word_1_488' title='bbox 157 3808 355 3859; x_wconf 74' lang='grc' dir='ltr'>Δεινίαν</span> <span class='ocrx_word' id='word_1_489' title='bbox 404 3811 718 3877; x_wconf 79' lang='grc' dir='ltr'>είσαγαγὼν</span> <span class='ocrx_word' id='word_1_490' title='bbox 764 3810 898 3878; x_wconf 82' lang='grc' dir='ltr'>πρὸς</span> <span class='ocrx_word' id='word_1_491' title='bbox 941 3810 1171 3879; x_wconf 80' lang='grc' dir='ltr'>Κύμϐαν</span> <span class='ocrx_word' id='word_1_492' title='bbox 1215 3813 1713 3880; x_wconf 78' lang='grc' dir='ltr'>τερατευσάμενον,</span> 
     </span>
    </p>
   </div>
   <div class='ocr_carea' id='block_1_69' title="bbox 156 3900 1715 3972">
    <p class='ocr_par' dir='ltr' id='par_1_69' title="bbox 156 3900 1715 3972">
     <span class='ocr_line' id='line_1_69' title="bbox 156 3900 1715 3972; baseline 0.004 -24"><span class='ocrx_word' id='word_1_493' title='bbox 156 3900 294 3966; x_wconf 80' lang='grc' dir='ltr'>ὅμως</span> <span class='ocrx_word' id='word_1_494' title='bbox 321 3903 532 3969; x_wconf 83' lang='grc' dir='ltr'>γράφει</span> <span class='ocrx_word' id='word_1_495' title='bbox 556 3902 831 3970; x_wconf 79' lang='grc' dir='ltr'>Φαυστίνῳ</span> <span class='ocrx_word' id='word_1_496' title='bbox 858 3903 937 3955; x_wconf 84' lang='grc' dir='ltr'>ὅτι</span> <span class='ocrx_word' id='word_1_497' title='bbox 964 3920 1021 3955; x_wconf 88' lang='grc' dir='ltr'><strong>τε</strong></span> <span class='ocrx_word' id='word_1_498' title='bbox 1054 3902 1337 3955; x_wconf 79' lang='grc' dir='ltr'>συντάττει</span> <span class='ocrx_word' id='word_1_499' title='bbox 1372 3906 1413 3935; x_wconf 68' lang='grc' dir='ltr'><strong>ι’</strong></span> <span class='ocrx_word' id='word_1_500' title='bbox 1451 3904 1577 3972; x_wconf 69' lang='grc' dir='ltr'>περὶ</span> <span class='ocrx_word' id='word_1_501' title='bbox 1608 3904 1715 3955; x_wconf 83' lang='grc' dir='ltr'><strong>τῶν</strong></span> 
     </span>
    </p>
   </div>
   <div class='ocr_carea' id='block_1_70' title="bbox 158 3992 1715 4063">
    <p class='ocr_par' dir='ltr' id='par_1_70' title="bbox 158 3992 1715 4063">
     <span class='ocr_line' id='line_1_70' title="bbox 158 3992 1715 4063; baseline 0.003 -22"><span class='ocrx_word' id='word_1_502' title='bbox 158 3992 286 4060; x_wconf 74' lang='grc' dir='ltr'>ὑπὲρ</span> <span class='ocrx_word' id='word_1_503' title='bbox 310 3993 524 4061; x_wconf 86' lang='grc' dir='ltr'>Θούλην</span> <span class='ocrx_word' id='word_1_504' title='bbox 554 3994 821 4058; x_wconf 83' lang='grc' dir='ltr'>ἀπίστων,</span> <span class='ocrx_word' id='word_1_505' title='bbox 866 3996 960 4045; x_wconf 71' lang='grc' dir='ltr'><strong>καὶ</strong></span> <span class='ocrx_word' id='word_1_506' title='bbox 1006 3995 1085 4046; x_wconf 81' lang='grc' dir='ltr'>ὅτι</span> <span class='ocrx_word' id='word_1_507' title='bbox 1114 3997 1178 4062; x_wconf 74' lang='grc' dir='ltr'>τῇ</span> <span class='ocrx_word' id='word_1_508' title='bbox 1222 3994 1419 4063; x_wconf 79' lang='grc' dir='ltr'>ἀδελφῇ</span> <span class='ocrx_word' id='word_1_509' title='bbox 1468 3994 1715 4063; x_wconf 73' lang='grc' dir='ltr'>Ἰσιδώρα</span> 
     </span>
    </p>
   </div>
   <div class='ocr_carea' id='block_1_71' title="bbox 157 4084 1715 4155">
    <p class='ocr_par' dir='ltr' id='par_1_71' title="bbox 157 4084 1715 4155">
     <span class='ocr_line' id='line_1_71' title="bbox 157 4084 1715 4155; baseline 0.001 -20"><span class='ocrx_word' id='word_1_510' title='bbox 157 4084 464 4153; x_wconf 81' lang='grc' dir='ltr'>φιλομαθῶς</span> <span class='ocrx_word' id='word_1_511' title='bbox 494 4087 695 4155; x_wconf 73' lang='grc' dir='ltr'>ἐχούσῃ</span> <span class='ocrx_word' id='word_1_512' title='bbox 724 4086 791 4138; x_wconf 76' lang='grc' dir='ltr'>τὰ</span> <span class='ocrx_word' id='word_1_513' title='bbox 827 4086 1077 4155; x_wconf 80' lang='grc' dir='ltr'>δράματα</span> <span class='ocrx_word' id='word_1_514' title='bbox 1111 4090 1438 4155; x_wconf 74' lang='grc' dir='ltr'>προσφωνεῖ.</span> <span class='ocrx_word' id='word_1_515' title='bbox 1468 4087 1628 4152; x_wconf 80' lang='grc' dir='ltr'>Λέγει</span> <span class='ocrx_word' id='word_1_516' title='bbox 1660 4086 1715 4137; x_wconf 79' lang='grc' dir='ltr'>δὲ</span> 
     </span>
    </p>
   </div>
   <div class='ocr_carea' id='block_1_72' title="bbox 159 4176 1715 4246">
    <p class='ocr_par' dir='ltr' id='par_1_72' title="bbox 159 4176 1715 4246">
     <span class='ocr_line' id='line_1_72' title="bbox 159 4176 1715 4246; baseline 0.002 -21"><span class='ocrx_word' id='word_1_517' title='bbox 159 4176 336 4227; x_wconf 73' lang='grc' dir='ltr'>ἑαυτὸν</span> <span class='ocrx_word' id='word_1_518' title='bbox 364 4178 449 4228; x_wconf 81' lang='grc' dir='ltr'>ὅτι</span> <span class='ocrx_word' id='word_1_519' title='bbox 486 4178 719 4246; x_wconf 84' lang='grc' dir='ltr'>ποιητής</span> <span class='ocrx_word' id='word_1_520' title='bbox 760 4178 873 4229; x_wconf 73' lang='grc' dir='ltr'>ἑστι</span> <span class='ocrx_word' id='word_1_521' title='bbox 906 4177 1190 4245; x_wconf 78' lang='grc' dir='ltr'>κωμῳδίας</span> <span class='ocrx_word' id='word_1_522' title='bbox 1232 4177 1484 4241; x_wconf 85' lang='grc' dir='ltr'>παλαιᾶς,</span> <span class='ocrx_word' id='word_1_523' title='bbox 1512 4180 1605 4228; x_wconf 73' lang='grc' dir='ltr'><strong>καὶ</strong></span> <span class='ocrx_word' id='word_1_524' title='bbox 1636 4178 1715 4228; x_wconf 85' lang='grc' dir='ltr'>ὅτι</span> 
     </span>
    </p>
   </div>
   <div class='ocr_carea' id='block_1_73' title="bbox 158 4265 1715 4337">
    <p class='ocr_par' dir='ltr' id='par_1_73' title="bbox 158 4265 1715 4337">
     <span class='ocr_line' id='line_1_73' title="bbox 158 4265 1715 4337; baseline 0.002 -21"><span class='ocrx_word' id='word_1_525' title='bbox 158 4268 199 4317; x_wconf 89' lang='grc' dir='ltr'><strong>εί</strong></span> <span class='ocrx_word' id='word_1_526' title='bbox 228 4268 315 4319; x_wconf 79' lang='grc' dir='ltr'>καὶ</span> <span class='ocrx_word' id='word_1_527' title='bbox 366 4269 582 4322; x_wconf 80' lang='grc' dir='ltr'>ἄπιστα</span> <span class='ocrx_word' id='word_1_528' title='bbox 634 4268 921 4336; x_wconf 77' lang='grc' dir='ltr'>καὶψευδῆ</span> <span class='ocrx_word' id='word_1_529' title='bbox 966 4269 1212 4331; x_wconf 88' lang='grc' dir='ltr'>πλάττοι,</span> <span class='ocrx_word' id='word_1_530' title='bbox 1247 4268 1358 4320; x_wconf 83' lang='grc' dir='ltr'><strong>ἀλλ’</strong></span> <span class='ocrx_word' id='word_1_531' title='bbox 1386 4265 1477 4320; x_wconf 82' lang='grc' dir='ltr'><strong>οὖν</strong></span> <span class='ocrx_word' id='word_1_532' title='bbox 1525 4268 1636 4337; x_wconf 72' lang='grc' dir='ltr'>ἔχει</span> <span class='ocrx_word' id='word_1_533' title='bbox 1672 4268 1715 4298; x_wconf 86' lang='grc'><strong>¹³</strong></span> 
     </span>
    </p>
   </div>
   <div class='ocr_carea' id='block_1_74' title="bbox 159 4357 1715 4428">
    <p class='ocr_par' dir='ltr' id='par_1_74' title="bbox 159 4357 1715 4428">
     <span class='ocr_line' id='line_1_74' title="bbox 159 4357 1715 4428; baseline 0.002 -20"><span class='ocrx_word' id='word_1_534' title='bbox 159 4362 275 4427; x_wconf 74' lang='grc' dir='ltr'>περὶ</span> <span class='ocrx_word' id='word_1_535' title='bbox 300 4361 409 4412; x_wconf 83' lang='grc' dir='ltr'><strong>τῶν</strong></span> <span class='ocrx_word' id='word_1_536' title='bbox 437 4360 710 4411; x_wconf 87' lang='grc' dir='ltr'>πλείστων</span> <span class='ocrx_word' id='word_1_537' title='bbox 734 4358 880 4426; x_wconf 85' lang='grc' dir='ltr'>αὐτῷ</span> <span class='ocrx_word' id='word_1_538' title='bbox 910 4357 1384 4426; x_wconf 84' lang='grc' dir='ltr'>μυθολογηθέντων</span> <span class='ocrx_word' id='word_1_539' title='bbox 1416 4360 1457 4389; x_wconf 73' lang='grc'><strong>’⁸</strong></span> <span class='ocrx_word' id='word_1_540' title='bbox 1490 4362 1715 4428; x_wconf 74' lang='grc' dir='ltr'>ἀρχαιοο</span> 
     </span>
    </p>
   </div>
   <div class='ocr_carea' id='block_1_75' title="bbox 156 4442 1712 4519">
    <p class='ocr_par' dir='ltr' id='par_1_75' title="bbox 156 4442 1712 4519">
     <span class='ocr_line' id='line_1_75' title="bbox 156 4442 1712 4519; baseline 0.001 -19"><span class='ocrx_word' id='word_1_541' title='bbox 156 4450 319 4517; x_wconf 82' lang='grc' dir='ltr'>τέρων</span> <span class='ocrx_word' id='word_1_542' title='bbox 365 4451 701 4519; x_wconf 85' lang='grc' dir='ltr'>μαρτυρίας,</span> <span class='ocrx_word' id='word_1_543' title='bbox 728 4448 788 4512; x_wconf 73' lang='grc' dir='ltr'>ἐξ</span> <span class='ocrx_word' id='word_1_544' title='bbox 831 4442 905 4502; x_wconf 78' lang='grc' dir='ltr'>ὧν</span> <span class='ocrx_word' id='word_1_545' title='bbox 955 4450 1051 4501; x_wconf 79' lang='grc' dir='ltr'><strong>σὺν</strong></span> <span class='ocrx_word' id='word_1_546' title='bbox 1074 4451 1305 4517; x_wconf 85' lang='grc' dir='ltr'>καμάτῳ</span> <span class='ocrx_word' id='word_1_547' title='bbox 1344 4449 1513 4501; x_wconf 80' lang='grc' dir='ltr'>ταῦτα</span> <span class='ocrx_word' id='word_1_548' title='bbox 1550 4467 1712 4502; x_wconf 87' lang='grc' dir='ltr'>συνα-</span> 
     </span>
    </p>
   </div>
   <div class='ocr_carea' id='block_1_76' title="bbox 1815 3262 3375 3333">
    <p class='ocr_par' dir='ltr' id='par_1_76' title="bbox 1815 3262 3375 3333">
     <span class='ocr_line' id='line_1_76' title="bbox 1815 3262 3375 3333; baseline -0.003 -16"><span class='ocrx_word' id='word_1_549' title='bbox 1815 3266 2088 3333; x_wconf 82' lang='lat' dir='ltr'><strong>negotium</strong></span> <span class='ocrx_word' id='word_1_550' title='bbox 2129 3265 2297 3329; x_wconf 85' lang='lat' dir='ltr'><strong>dedit,</strong></span> <span class='ocrx_word' id='word_1_551' title='bbox 2333 3273 2389 3316; x_wconf 93' lang='lat' dir='ltr'><strong>ut</strong></span> <span class='ocrx_word' id='word_1_552' title='bbox 2440 3265 2640 3330; x_wconf 87' lang='lat' dir='ltr'><strong>duplici</strong></span> <span class='ocrx_word' id='word_1_553' title='bbox 2685 3262 2938 3331; x_wconf 81' lang='lat' dir='ltr'><strong>exemplo</strong></span> <span class='ocrx_word' id='word_1_554' title='bbox 2988 3262 3067 3315; x_wconf 90' lang='lat' dir='ltr'><strong>eis</strong></span> <span class='ocrx_word' id='word_1_555' title='bbox 3116 3263 3375 3315; x_wconf 85' lang='lat' dir='ltr'><strong>hactenus</strong></span> 
     </span>
    </p>
   </div>
   <div class='ocr_carea' id='block_1_77' title="bbox 1815 3351 3377 3420">
    <p class='ocr_par' dir='ltr' id='par_1_77' title="bbox 1815 3351 3377 3420">
     <span class='ocr_line' id='line_1_77' title="bbox 1815 3351 3377 3420; baseline -0.003 -13"><span class='ocrx_word' id='word_1_556' title='bbox 1815 3366 2028 3407; x_wconf 84' lang='lat' dir='ltr'><strong>narrata</strong></span> <span class='ocrx_word' id='word_1_557' title='bbox 2072 3355 2535 3408; x_wconf 85' lang='lat' dir='ltr'><strong>inscriberentur:</strong></span> <span class='ocrx_word' id='word_1_558' title='bbox 2568 3364 2624 3407; x_wconf 89' lang='lat' dir='ltr'><strong>et</strong></span> <span class='ocrx_word' id='word_1_559' title='bbox 2652 3353 2877 3407; x_wconf 84' lang='lat' dir='ltr'><strong>alteram</strong></span> <span class='ocrx_word' id='word_1_560' title='bbox 2911 3352 3128 3420; x_wconf 91' lang='lat' dir='ltr'><strong>quidem</strong></span> <span class='ocrx_word' id='word_1_561' title='bbox 3153 3351 3377 3405; x_wconf 67' lang='lat' dir='ltr'><strong>tabella.</strong></span> 
     </span>
    </p>
   </div>
   <div class='ocr_carea' id='block_1_78' title="bbox 1816 3443 3367 3512">
    <p class='ocr_par' dir='ltr' id='par_1_78' title="bbox 1816 3443 3367 3512">
     <span class='ocr_line' id='line_1_78' title="bbox 1816 3443 3367 3512; baseline -0.003 -15"><span class='ocrx_word' id='word_1_562' title='bbox 1816 3461 1931 3497; x_wconf 90' lang='lat' dir='ltr'><strong>rum</strong></span> <span class='ocrx_word' id='word_1_563' title='bbox 1966 3444 2055 3497; x_wconf 92' lang='lat' dir='ltr'><strong>ille</strong></span> <span class='ocrx_word' id='word_1_564' title='bbox 2089 3458 2254 3510; x_wconf 87' lang='lat' dir='ltr'><strong>penes</strong></span> <span class='ocrx_word' id='word_1_565' title='bbox 2281 3460 2338 3497; x_wconf 90' lang='lat' dir='ltr'><strong>se</strong></span> <span class='ocrx_word' id='word_1_566' title='bbox 2383 3444 2601 3497; x_wconf 83' lang='lat' dir='ltr'><strong>haberet</strong></span> <span class='ocrx_word' id='word_1_567' title='bbox 2631 3461 2643 3495; x_wconf 89' lang='lat'><strong>:</strong></span> <span class='ocrx_word' id='word_1_568' title='bbox 2696 3444 2922 3496; x_wconf 84' lang='lat' dir='ltr'><strong>alteram</strong></span> <span class='ocrx_word' id='word_1_569' title='bbox 2962 3457 3089 3495; x_wconf 90' lang='lat' dir='ltr'><strong>vero</strong></span> <span class='ocrx_word' id='word_1_570' title='bbox 3144 3443 3367 3512; x_wconf 84' lang='lat' dir='ltr'><strong>Dercyl-</strong></span> 
     </span>
    </p>
   </div>
   <div class='ocr_carea' id='block_1_79' title="bbox 1816 3534 3377 3602">
    <p class='ocr_par' dir='ltr' id='par_1_79' title="bbox 1816 3534 3377 3602">
     <span class='ocr_line' id='line_1_79' title="bbox 1816 3534 3377 3602; baseline 0 -15"><span class='ocrx_word' id='word_1_571' title='bbox 1816 3535 1919 3587; x_wconf 88' lang='lat' dir='ltr'><strong>lida</strong></span> <span class='ocrx_word' id='word_1_572' title='bbox 1959 3550 2078 3586; x_wconf 88' lang='lat' dir='ltr'><strong>cum</strong></span> <span class='ocrx_word' id='word_1_573' title='bbox 2105 3548 2137 3588; x_wconf 84' lang='grc' dir='ltr'><strong>ο</strong></span> <span class='ocrx_word' id='word_1_574' title='bbox 2174 3537 2280 3588; x_wconf 86' lang='lat' dir='ltr'><strong>vita</strong></span> <span class='ocrx_word' id='word_1_575' title='bbox 2335 3535 2675 3599; x_wconf 87' lang='lat' dir='ltr'><strong>decessisset,</strong></span> <span class='ocrx_word' id='word_1_576' title='bbox 2710 3548 2806 3588; x_wconf 91' lang='lat' dir='ltr'><strong>suo</strong></span> <span class='ocrx_word' id='word_1_577' title='bbox 2829 3534 2879 3587; x_wconf 92' lang='lat' dir='ltr'><strong>in</strong></span> <span class='ocrx_word' id='word_1_578' title='bbox 2908 3534 3111 3587; x_wconf 91' lang='lat' dir='ltr'><strong>tumulo</strong></span> <span class='ocrx_word' id='word_1_579' title='bbox 3144 3534 3377 3602; x_wconf 73' lang='lat' dir='ltr'><strong>capsula:</strong></span> 
     </span>
    </p>
   </div>
   <div class='ocr_carea' id='block_1_80' title="bbox 1815 3627 2568 3694">
    <p class='ocr_par' dir='ltr' id='par_1_80' title="bbox 1815 3627 2568 3694">
     <span class='ocr_line' id='line_1_80' title="bbox 1815 3627 2568 3694; baseline -0.003 -13"><span class='ocrx_word' id='word_1_580' title='bbox 1815 3627 2119 3694; x_wconf 85' lang='lat' dir='ltr'><strong>impositam</strong></span> <span class='ocrx_word' id='word_1_581' title='bbox 2159 3627 2568 3681; x_wconf 85' lang='lat' dir='ltr'><strong>collocaturam.</strong></span> 
     </span>
    </p>
   </div>
   <div class='ocr_carea' id='block_1_81' title="bbox 1886 3717 3379 3787">
    <p class='ocr_par' dir='ltr' id='par_1_81' title="bbox 1886 3717 3379 3787">
     <span class='ocr_line' id='line_1_81' title="bbox 1886 3717 3379 3787; baseline 0.001 -17"><span class='ocrx_word' id='word_1_582' title='bbox 1886 3717 2150 3787; x_wconf 74' lang='lat' dir='ltr'><strong>Diogenes</strong></span> <span class='ocrx_word' id='word_1_583' title='bbox 2192 3719 2379 3785; x_wconf 80' lang='lat' dir='ltr'><strong>igitur,</strong></span> <span class='ocrx_word' id='word_1_584' title='bbox 2436 3720 2683 3785; x_wconf 89' lang='lat' dir='ltr'><strong>idemque</strong></span> <span class='ocrx_word' id='word_1_585' title='bbox 2721 3717 3007 3778; x_wconf 85' lang='lat' dir='ltr'><strong>Antonius.</strong></span> <span class='ocrx_word' id='word_1_586' title='bbox 3068 3718 3159 3786; x_wconf 89' lang='lat' dir='ltr'><strong>qui</strong></span> <span class='ocrx_word' id='word_1_587' title='bbox 3216 3717 3379 3771; x_wconf 86' lang='lat' dir='ltr'><strong>hasce</strong></span> 
     </span>
    </p>
   </div>
   <div class='ocr_carea' id='block_1_82' title="bbox 1814 3808 3381 3877">
    <p class='ocr_par' dir='ltr' id='par_1_82' title="bbox 1814 3808 3381 3877">
     <span class='ocr_line' id='line_1_82' title="bbox 1814 3808 3381 3877; baseline -0.001 -14"><span class='ocrx_word' id='word_1_588' title='bbox 1814 3823 1999 3863; x_wconf 89' lang='lat' dir='ltr'><strong>omnes</strong></span> <span class='ocrx_word' id='word_1_589' title='bbox 2042 3810 2294 3877; x_wconf 87' lang='lat' dir='ltr'><strong>prodigiis</strong></span> <span class='ocrx_word' id='word_1_590' title='bbox 2323 3810 2526 3863; x_wconf 80' lang='lat' dir='ltr'><strong>similes</strong></span> <span class='ocrx_word' id='word_1_591' title='bbox 2546 3809 2751 3863; x_wconf 84' lang='lat' dir='ltr'><strong>fabulas</strong></span> <span class='ocrx_word' id='word_1_592' title='bbox 2785 3810 2990 3862; x_wconf 87' lang='lat' dir='ltr'><strong>Diniam</strong></span> <span class='ocrx_word' id='word_1_593' title='bbox 3015 3808 3381 3877; x_wconf 71' lang='lat' dir='ltr'><strong>facitCymbae</strong></span> 
     </span>
    </p>
   </div>
   <div class='ocr_carea' id='block_1_83' title="bbox 1816 3900 3381 3962">
    <p class='ocr_par' dir='ltr' id='par_1_83' title="bbox 1816 3900 3381 3962">
     <span class='ocr_line' id='line_1_83' title="bbox 1816 3900 3381 3962; baseline -0.001 -9"><span class='ocrx_word' id='word_1_594' title='bbox 1816 3912 2147 3962; x_wconf 84' lang='lat' dir='ltr'><strong>narrantem,</strong></span> <span class='ocrx_word' id='word_1_595' title='bbox 2187 3901 2442 3954; x_wconf 80' lang='lat' dir='ltr'><strong>Faustino</strong></span> <span class='ocrx_word' id='word_1_596' title='bbox 2487 3911 2663 3953; x_wconf 81' lang='lat' dir='ltr'><strong>tamen</strong></span> <span class='ocrx_word' id='word_1_597' title='bbox 2711 3903 2898 3955; x_wconf 81' lang='lat' dir='ltr'><strong>scribit</strong></span> <span class='ocrx_word' id='word_1_598' title='bbox 2938 3920 2951 3954; x_wconf 90' lang='lat'><strong>:</strong></span> <span class='ocrx_word' id='word_1_599' title='bbox 2988 3900 3065 3954; x_wconf 82' lang='lat' dir='ltr'><strong>De</strong></span> <span class='ocrx_word' id='word_1_600' title='bbox 3101 3902 3381 3953; x_wconf 79' lang='lat' dir='ltr'><strong>incredibi-</strong></span> 
     </span>
    </p>
   </div>
   <div class='ocr_carea' id='block_1_84' title="bbox 1816 3988 3381 4057">
    <p class='ocr_par' dir='ltr' id='par_1_84' title="bbox 1816 3988 3381 4057">
     <span class='ocr_line' id='line_1_84' title="bbox 1816 3988 3381 4057; baseline -0.003 -12"><span class='ocrx_word' id='word_1_601' title='bbox 1816 3994 1949 4046; x_wconf 85' lang='lat' dir='ltr'><strong>libus</strong></span> <span class='ocrx_word' id='word_1_602' title='bbox 1986 4007 2065 4055; x_wconf 85' lang='lat' dir='ltr'><strong>se,</strong></span> <span class='ocrx_word' id='word_1_603' title='bbox 2101 4009 2217 4057; x_wconf 63' lang='lat' dir='ltr'><strong>qua</strong></span> <span class='ocrx_word' id='word_1_604' title='bbox 2244 3993 2385 4044; x_wconf 84' lang='lat' dir='ltr'><strong>ultra</strong></span> <span class='ocrx_word' id='word_1_605' title='bbox 2420 3990 2620 4044; x_wconf 81' lang='lat' dir='ltr'><strong>Thulen</strong></span> <span class='ocrx_word' id='word_1_606' title='bbox 2659 4001 2845 4055; x_wconf 83' lang='lat' dir='ltr'><strong>essent,</strong></span> <span class='ocrx_word' id='word_1_607' title='bbox 2874 3992 3133 4050; x_wconf 86' lang='lat' dir='ltr'><strong>scribere,</strong></span> <span class='ocrx_word' id='word_1_608' title='bbox 3178 4001 3232 4043; x_wconf 88' lang='lat' dir='ltr'><strong>et</strong></span> <span class='ocrx_word' id='word_1_609' title='bbox 3282 3988 3381 4041; x_wconf 65' lang='lat' dir='ltr'><strong>lsi-</strong></span> 
     </span>
    </p>
   </div>
   <div class='ocr_carea' id='block_1_85' title="bbox 1817 4082 3379 4151">
    <p class='ocr_par' dir='ltr' id='par_1_85' title="bbox 1817 4082 3379 4151">
     <span class='ocr_line' id='line_1_85' title="bbox 1817 4082 3379 4151; baseline -0.004 -12"><span class='ocrx_word' id='word_1_610' title='bbox 1817 4088 1960 4139; x_wconf 74' lang='lat' dir='ltr'><strong>dora:</strong></span> <span class='ocrx_word' id='word_1_611' title='bbox 1986 4085 2175 4145; x_wconf 81' lang='lat' dir='ltr'><strong>sorori,</strong></span> <span class='ocrx_word' id='word_1_612' title='bbox 2214 4084 2403 4135; x_wconf 87' lang='lat' dir='ltr'><strong>litteris</strong></span> <span class='ocrx_word' id='word_1_613' title='bbox 2464 4098 2585 4135; x_wconf 78' lang='lat' dir='ltr'><strong>cum</strong></span> <span class='ocrx_word' id='word_1_614' title='bbox 2642 4084 2831 4151; x_wconf 90' lang='lat' dir='ltr'><strong>primis</strong></span> <span class='ocrx_word' id='word_1_615' title='bbox 2862 4084 3076 4144; x_wconf 71' lang='lat' dir='ltr'><strong>deditae,</strong></span> <span class='ocrx_word' id='word_1_616' title='bbox 3107 4082 3217 4134; x_wconf 64' lang='lat' dir='ltr'><strong>haec</strong></span> <span class='ocrx_word' id='word_1_617' title='bbox 3268 4083 3379 4145; x_wconf 85' lang='lat' dir='ltr'><strong>ipsa</strong></span> 
     </span>
    </p>
   </div>
   <div class='ocr_carea' id='block_1_86' title="bbox 1816 4171 3382 4237">
    <p class='ocr_par' dir='ltr' id='par_1_86' title="bbox 1816 4171 3382 4237">
     <span class='ocr_line' id='line_1_86' title="bbox 1816 4171 3382 4237; baseline -0.005 -10"><span class='ocrx_word' id='word_1_618' title='bbox 1816 4174 2083 4227; x_wconf 83' lang='lat' dir='ltr'><strong>dedicare.</strong></span> <span class='ocrx_word' id='word_1_619' title='bbox 2144 4171 2348 4223; x_wconf 85' lang='lat' dir='ltr'><strong>Veteris</strong></span> <span class='ocrx_word' id='word_1_620' title='bbox 2415 4183 2675 4237; x_wconf 65' lang='lat' dir='ltr'><strong>praeterea</strong></span> <span class='ocrx_word' id='word_1_621' title='bbox 2719 4173 2995 4224; x_wconf 62' lang='lat' dir='ltr'><strong>comoediae</strong></span> <span class='ocrx_word' id='word_1_622' title='bbox 3070 4180 3276 4237; x_wconf 85' lang='lat' dir='ltr'><strong>poetam</strong></span> <span class='ocrx_word' id='word_1_623' title='bbox 3323 4183 3382 4221; x_wconf 88' lang='lat' dir='ltr'><strong>se</strong></span> 
     </span>
    </p>
   </div>
   <div class='ocr_carea' id='block_1_87' title="bbox 1817 4258 3382 4329">
    <p class='ocr_par' dir='ltr' id='par_1_87' title="bbox 1817 4258 3382 4329">
     <span class='ocr_line' id='line_1_87' title="bbox 1817 4258 3382 4329; baseline -0.003 -18"><span class='ocrx_word' id='word_1_624' title='bbox 1817 4261 2131 4329; x_wconf 75' lang='lat' dir='ltr'><strong>proﬁtetur:</strong></span> <span class='ocrx_word' id='word_1_625' title='bbox 2169 4274 2232 4312; x_wconf 89' lang='lat' dir='ltr'><strong>ac</strong></span> <span class='ocrx_word' id='word_1_626' title='bbox 2250 4261 2370 4315; x_wconf 84' lang='lat' dir='ltr'><strong>licet</strong></span> <span class='ocrx_word' id='word_1_627' title='bbox 2396 4259 2545 4324; x_wconf 83' lang='lat' dir='ltr'><strong>falsa,</strong></span> <span class='ocrx_word' id='word_1_628' title='bbox 2571 4273 2739 4326; x_wconf 87' lang='lat' dir='ltr'><strong>eaque</strong></span> <span class='ocrx_word' id='word_1_629' title='bbox 2768 4258 3101 4313; x_wconf 88' lang='lat' dir='ltr'><strong>incredibilia</strong></span> <span class='ocrx_word' id='word_1_630' title='bbox 3146 4258 3382 4320; x_wconf 81' lang='lat' dir='ltr'><strong>tinxerit,</strong></span> 
     </span>
    </p>
   </div>
   <div class='ocr_carea' id='block_1_88' title="bbox 1818 4346 3381 4416">
    <p class='ocr_par' dir='ltr' id='par_1_88' title="bbox 1818 4346 3381 4416">
     <span class='ocr_line' id='line_1_88' title="bbox 1818 4346 3381 4416; baseline -0.005 -13"><span class='ocrx_word' id='word_1_631' title='bbox 1818 4352 2014 4404; x_wconf 84' lang='lat' dir='ltr'><strong>habere</strong></span> <span class='ocrx_word' id='word_1_632' title='bbox 2049 4360 2225 4405; x_wconf 89' lang='lat' dir='ltr'><strong>tamen</strong></span> <span class='ocrx_word' id='word_1_633' title='bbox 2254 4351 2320 4403; x_wconf 88' lang='lat' dir='ltr'><strong>de</strong></span> <span class='ocrx_word' id='word_1_634' title='bbox 2354 4352 2436 4403; x_wconf 83' lang='lat' dir='ltr'><strong>his</strong></span> <span class='ocrx_word' id='word_1_635' title='bbox 2478 4350 2610 4416; x_wconf 79' lang='lat' dir='ltr'><strong>ipsis</strong></span> <span class='ocrx_word' id='word_1_636' title='bbox 2637 4348 2831 4403; x_wconf 82' lang='lat' dir='ltr'><strong>fabulis</strong></span> <span class='ocrx_word' id='word_1_637' title='bbox 2875 4358 3036 4401; x_wconf 86' lang='lat' dir='ltr'><strong>testes</strong></span> <span class='ocrx_word' id='word_1_638' title='bbox 3058 4346 3211 4414; x_wconf 85' lang='lat' dir='ltr'><strong>longe</strong></span> <span class='ocrx_word' id='word_1_639' title='bbox 3242 4346 3381 4396; x_wconf 86' lang='lat' dir='ltr'><strong>auti-</strong></span> 
     </span>
    </p>
   </div>
   <div class='ocr_carea' id='block_1_89' title="bbox 1816 4438 3381 4510">
    <p class='ocr_par' dir='ltr' id='par_1_89' title="bbox 1816 4438 3381 4510">
     <span class='ocr_line' id='line_1_89' title="bbox 1816 4438 3381 4510; baseline -0.004 -18"><span class='ocrx_word' id='word_1_640' title='bbox 1816 4443 2056 4509; x_wconf 85' lang='lat' dir='ltr'><strong>quiores,</strong></span> <span class='ocrx_word' id='word_1_641' title='bbox 2093 4457 2121 4495; x_wconf 94' lang='lat' dir='ltr'><strong>e</strong></span> <span class='ocrx_word' id='word_1_642' title='bbox 2155 4456 2382 4510; x_wconf 88' lang='lat' dir='ltr'><strong>quorum</strong></span> <span class='ocrx_word' id='word_1_643' title='bbox 2406 4442 2620 4507; x_wconf 88' lang='lat' dir='ltr'><strong>scriptis</strong></span> <span class='ocrx_word' id='word_1_644' title='bbox 2653 4454 2862 4493; x_wconf 82' lang='lat' dir='ltr'><strong>summo</strong></span> <span class='ocrx_word' id='word_1_645' title='bbox 2889 4440 3001 4492; x_wconf 60' lang='lat' dir='ltr'><strong>haec</strong></span> <span class='ocrx_word' id='word_1_646' title='bbox 3039 4438 3219 4490; x_wconf 85' lang='lat' dir='ltr'><strong>labore</strong></span> <span class='ocrx_word' id='word_1_647' title='bbox 3250 4450 3381 4488; x_wconf 89' lang='lat' dir='ltr'><strong>con-</strong></span> 
     </span>
    </p>
   </div>
   <div class='ocr_carea' id='block_1_90' title="bbox 159 4527 1827 4610">
    <p class='ocr_par' dir='ltr' id='par_1_90' title="bbox 159 4527 1827 4610">
     <span class='ocr_line' id='line_1_90' title="bbox 159 4527 1827 4610; baseline -0.001 -21"><span class='ocrx_word' id='word_1_648' title='bbox 159 4539 380 4607; x_wconf 83' lang='grc' dir='ltr'>Θροίσειε</span> <span class='ocrx_word' id='word_1_649' title='bbox 407 4559 423 4572; x_wconf 88' lang='grc'><strong>·</strong></span> <span class='ocrx_word' id='word_1_650' title='bbox 459 4543 755 4610; x_wconf 79' lang='grc' dir='ltr'>προτάττει</span> <span class='ocrx_word' id='word_1_651' title='bbox 786 4540 842 4593; x_wconf 84' lang='grc' dir='ltr'>δὲ</span> <span class='ocrx_word' id='word_1_652' title='bbox 863 4540 957 4593; x_wconf 75' lang='grc' dir='ltr'><strong>καὶ</strong></span> <span class='ocrx_word' id='word_1_653' title='bbox 975 4542 1205 4593; x_wconf 76' lang='grc' dir='ltr'>ἑκάστου</span> <span class='ocrx_word' id='word_1_654' title='bbox 1242 4541 1443 4609; x_wconf 84' lang='grc' dir='ltr'>βιϐλίου</span> <span class='ocrx_word' id='word_1_655' title='bbox 1471 4542 1713 4602; x_wconf 60' lang='grc' dir='ltr'>τοὺς-ἄνα</span> <span class='ocrx_word' id='word_1_656' title='bbox 1746 4527 1787 4581; x_wconf 84' lang='grc' dir='ltr'><strong>Ῑ)</strong></span> <span class='ocrx_word' id='word_1_657' title='bbox 1818 4545 1827 4588; x_wconf 88' lang='grc'><strong>1</strong></span> 
     </span>
    </p>
   </div>
   <div class='ocr_carea' id='block_1_91' title="bbox 1703 4527 3371 4610">
    <p class='ocr_par' dir='ltr' id='par_1_91' title="bbox 1703 4527 3371 4602">
     <span class='ocr_line' id='line_1_91' title="bbox 1703 4527 3371 4602; baseline -0.006 -13"><span class='ocrx_word' id='word_1_658' title='bbox 1703 4570 1713 4579; x_wconf 90' lang='grc'><strong><em>-</em></strong></span> <span class='ocrx_word' id='word_1_659' title='bbox 1746 4527 1787 4581; x_wconf 84' lang='grc' dir='ltr'>Ῑ)</span> <span class='ocrx_word' id='word_1_660' title='bbox 1818 4535 2015 4588; x_wconf 89' lang='lat' dir='ltr'><strong>tulerit.</strong></span> <span class='ocrx_word' id='word_1_661' title='bbox 2054 4534 2287 4602; x_wconf 84' lang='lat' dir='ltr'><strong>Singulis</strong></span> <span class='ocrx_word' id='word_1_662' title='bbox 2325 4536 2515 4587; x_wconf 88' lang='lat' dir='ltr'><strong>deinde</strong></span> <span class='ocrx_word' id='word_1_663' title='bbox 2553 4534 2703 4587; x_wconf 89' lang='lat' dir='ltr'><strong>libris</strong></span> <span class='ocrx_word' id='word_1_664' title='bbox 2736 4543 2983 4585; x_wconf 87' lang='lat' dir='ltr'><strong>auctores</strong></span> <span class='ocrx_word' id='word_1_665' title='bbox 3022 4531 3225 4591; x_wconf 88' lang='lat' dir='ltr'><strong>laudat,</strong></span> <span class='ocrx_word' id='word_1_666' title='bbox 3279 4528 3371 4597; x_wconf 90' lang='lat' dir='ltr'><strong>qui</strong></span> 
     </span>
    </p>
   </div>
   <div class='ocr_carea' id='block_1_92' title="bbox 157 4631 1723 4701">
    <p class='ocr_par' dir='ltr' id='par_1_92' title="bbox 157 4631 1723 4701">
     <span class='ocr_line' id='line_1_92' title="bbox 157 4631 1723 4701; baseline 0.001 -20"><span class='ocrx_word' id='word_1_667' title='bbox 157 4631 353 4698; x_wconf 87' lang='grc' dir='ltr'>δραςοῖ</span> <span class='ocrx_word' id='word_1_668' title='bbox 385 4634 459 4685; x_wconf 85' lang='grc' dir='ltr'>τὰ</span> <span class='ocrx_word' id='word_1_669' title='bbox 514 4632 742 4683; x_wconf 82' lang='grc' dir='ltr'>τοιαῦτα</span> <span class='ocrx_word' id='word_1_670' title='bbox 794 4634 1267 4701; x_wconf 80' lang='grc' dir='ltr'>προαπεφήναντο.</span> <span class='ocrx_word' id='word_1_671' title='bbox 1312 4632 1386 4695; x_wconf 82' lang='grc' dir='ltr'>ὡς</span> <span class='ocrx_word' id='word_1_672' title='bbox 1435 4633 1508 4701; x_wconf 84' lang='grc' dir='ltr'>μὴ</span> <span class='ocrx_word' id='word_1_673' title='bbox 1548 4633 1723 4685; x_wconf 79' lang='grc' dir='ltr'>δοκεῖν</span> 
     </span>
    </p>
   </div>
   <div class='ocr_carea' id='block_1_93' title="bbox 162 4716 1721 4791">
    <p class='ocr_par' dir='ltr' id='par_1_93' title="bbox 162 4716 1721 4791">
     <span class='ocr_line' id='line_1_93' title="bbox 162 4716 1721 4791; baseline -0.002 -17"><span class='ocrx_word' id='word_1_674' title='bbox 162 4722 457 4791; x_wconf 74' lang='grc' dir='ltr'>μαρτυρίας</span> <span class='ocrx_word' id='word_1_675' title='bbox 485 4722 747 4791; x_wconf 82' lang='grc' dir='ltr'>χηρεύειν</span> <span class='ocrx_word' id='word_1_676' title='bbox 779 4722 847 4774; x_wconf 78' lang='grc' dir='ltr'>τὰ</span> <span class='ocrx_word' id='word_1_677' title='bbox 881 4722 1102 4775; x_wconf 77' lang='grc' dir='ltr'>ἄπιστα.</span> <span class='ocrx_word' id='word_1_678' title='bbox 1155 4721 1467 4789; x_wconf 83' lang='grc' dir='ltr'>Ἐπιστολὴν</span> <span class='ocrx_word' id='word_1_679' title='bbox 1503 4721 1601 4788; x_wconf 75' lang='grc' dir='ltr'>μὲν</span> <span class='ocrx_word' id='word_1_680' title='bbox 1630 4716 1721 4772; x_wconf 76' lang='grc' dir='ltr'><strong>οὖν</strong></span> 
     </span>
    </p>
   </div>
   <div class='ocr_carea' id='block_1_94' title="bbox 161 4811 1723 4885">
    <p class='ocr_par' dir='ltr' id='par_1_94' title="bbox 161 4811 1723 4885">
     <span class='ocr_line' id='line_1_94' title="bbox 161 4811 1723 4885; baseline 0.001 -23"><span class='ocrx_word' id='word_1_681' title='bbox 161 4815 270 4865; x_wconf 73' lang='grc' dir='ltr'>κατ’</span> <span class='ocrx_word' id='word_1_682' title='bbox 302 4816 481 4885; x_wconf 76' lang='grc' dir='ltr'>ἀρχὰς</span> <span class='ocrx_word' id='word_1_683' title='bbox 534 4813 631 4865; x_wconf 80' lang='grc' dir='ltr'>τοῦ</span> <span class='ocrx_word' id='word_1_684' title='bbox 676 4814 876 4880; x_wconf 82' lang='grc' dir='ltr'>βιϐλίου</span> <span class='ocrx_word' id='word_1_685' title='bbox 912 4816 1112 4883; x_wconf 77' lang='grc' dir='ltr'>γράφει</span> <span class='ocrx_word' id='word_1_686' title='bbox 1162 4813 1297 4882; x_wconf 80' lang='grc' dir='ltr'>πρὸς</span> <span class='ocrx_word' id='word_1_687' title='bbox 1342 4812 1439 4882; x_wconf 82' lang='grc' dir='ltr'><strong>τὴν</strong></span> <span class='ocrx_word' id='word_1_688' title='bbox 1491 4811 1723 4880; x_wconf 80' lang='grc' dir='ltr'>ἀδελφὴν</span> 
     </span>
    </p>
   </div>
   <div class='ocr_carea' id='block_1_95' title="bbox 170 4900 1723 4975">
    <p class='ocr_par' dir='ltr' id='par_1_95' title="bbox 170 4900 1723 4975">
     <span class='ocr_line' id='line_1_95' title="bbox 170 4900 1723 4975; baseline -0.001 -20"><span class='ocrx_word' id='word_1_689' title='bbox 170 4904 459 4973; x_wconf 82' lang='grc' dir='ltr'>Ίσιδὼραν,</span> <span class='ocrx_word' id='word_1_690' title='bbox 490 4905 563 4958; x_wconf 85' lang='grc' dir='ltr'>δι’</span> <span class='ocrx_word' id='word_1_691' title='bbox 585 4900 652 4975; x_wconf 84' lang='grc' dir='ltr'>ἦς</span> <span class='ocrx_word' id='word_1_692' title='bbox 678 4906 723 4955; x_wconf 89' lang='grc' dir='ltr'><strong>εί</strong></span> <span class='ocrx_word' id='word_1_693' title='bbox 751 4906 791 4935; x_wconf 85' lang='grc'><strong>¹¹</strong></span> <span class='ocrx_word' id='word_1_694' title='bbox 817 4906 906 4958; x_wconf 73' lang='grc' dir='ltr'><strong>καὶ</strong></span> <span class='ocrx_word' id='word_1_695' title='bbox 934 4906 1029 4973; x_wconf 87' lang='grc' dir='ltr'><strong>τὴν</strong></span> <span class='ocrx_word' id='word_1_696' title='bbox 1052 4904 1435 4975; x_wconf 79' lang='grc' dir='ltr'>προσφώνησιν</span> <span class='ocrx_word' id='word_1_697' title='bbox 1458 4904 1594 4972; x_wconf 80' lang='grc' dir='ltr'>αὐτῇ</span> <span class='ocrx_word' id='word_1_698' title='bbox 1614 4902 1723 4954; x_wconf 85' lang='grc' dir='ltr'><strong>τῶν</strong></span> 
     </span>
    </p>
   </div>
   <div class='ocr_carea' id='block_1_96' title="bbox 163 4988 1722 5065">
    <p class='ocr_par' dir='ltr' id='par_1_96' title="bbox 163 4988 1722 5065">
     <span class='ocr_line' id='line_1_96' title="bbox 163 4988 1722 5065; baseline -0.002 -19"><span class='ocrx_word' id='word_1_699' title='bbox 163 4996 610 5065; x_wconf 81' lang='grc' dir='ltr'>συγγραμμάτων</span> <span class='ocrx_word' id='word_1_700' title='bbox 635 4996 907 5047; x_wconf 83' lang='grc' dir='ltr'>δείκνυται</span> <span class='ocrx_word' id='word_1_701' title='bbox 936 4995 1319 5063; x_wconf 77' lang='grc' dir='ltr'>πεποιημένος,</span> <span class='ocrx_word' id='word_1_702' title='bbox 1345 4993 1457 5045; x_wconf 77' lang='grc' dir='ltr'><strong>ἀλλ’</strong></span> <span class='ocrx_word' id='word_1_703' title='bbox 1489 4988 1581 5045; x_wconf 82' lang='grc' dir='ltr'>οὖν</span> <span class='ocrx_word' id='word_1_704' title='bbox 1608 4992 1722 5043; x_wconf 81' lang='grc' dir='ltr'>εἰσ-</span> 
     </span>
    </p>
   </div>
   <div class='ocr_carea' id='block_1_97' title="bbox 1822 4621 3377 4686">
    <p class='ocr_par' dir='ltr' id='par_1_97' title="bbox 1822 4621 3377 4686">
     <span class='ocr_line' id='line_1_97' title="bbox 1822 4621 3377 4686; baseline -0.006 -7"><span class='ocrx_word' id='word_1_705' title='bbox 1822 4626 2010 4679; x_wconf 90' lang='lat' dir='ltr'><strong>eadem</strong></span> <span class='ocrx_word' id='word_1_706' title='bbox 2059 4636 2213 4680; x_wconf 86' lang='lat' dir='ltr'><strong>antea</strong></span> <span class='ocrx_word' id='word_1_707' title='bbox 2261 4628 2311 4679; x_wconf 93' lang='lat' dir='ltr'><strong>in</strong></span> <span class='ocrx_word' id='word_1_708' title='bbox 2345 4626 2551 4679; x_wconf 89' lang='lat' dir='ltr'><strong>litteras</strong></span> <span class='ocrx_word' id='word_1_709' title='bbox 2587 4626 2848 4686; x_wconf 86' lang='lat' dir='ltr'><strong>miserint,</strong></span> <span class='ocrx_word' id='word_1_710' title='bbox 2891 4638 2955 4675; x_wconf 92' lang='lat' dir='ltr'><strong>ne</strong></span> <span class='ocrx_word' id='word_1_711' title='bbox 3002 4631 3137 4675; x_wconf 90' lang='lat' dir='ltr'><strong>teste</strong></span> <span class='ocrx_word' id='word_1_712' title='bbox 3168 4621 3377 4673; x_wconf 86' lang='lat' dir='ltr'><strong>scilicet</strong></span> 
     </span>
    </p>
   </div>
   <div class='ocr_carea' id='block_1_98' title="bbox 1822 4711 3381 4769">
    <p class='ocr_par' dir='ltr' id='par_1_98' title="bbox 1822 4711 3381 4769">
     <span class='ocr_line' id='line_1_98' title="bbox 1822 4711 3381 4769; baseline -0.005 0"><span class='ocrx_word' id='word_1_713' title='bbox 1822 4715 2014 4769; x_wconf 87' lang='lat' dir='ltr'><strong>idoneo</strong></span> <span class='ocrx_word' id='word_1_714' title='bbox 2081 4729 2265 4769; x_wconf 87' lang='lat' dir='ltr'><strong>carere</strong></span> <span class='ocrx_word' id='word_1_715' title='bbox 2318 4718 2480 4768; x_wconf 89' lang='lat' dir='ltr'><strong>etiam</strong></span> <span class='ocrx_word' id='word_1_716' title='bbox 2542 4714 2874 4768; x_wconf 82' lang='lat' dir='ltr'><strong>incredibilia</strong></span> <span class='ocrx_word' id='word_1_717' title='bbox 2913 4713 2998 4765; x_wconf 86' lang='lat' dir='ltr'><strong>illa</strong></span> <span class='ocrx_word' id='word_1_718' title='bbox 3049 4711 3381 4763; x_wconf 85' lang='lat' dir='ltr'><strong>viderentur.</strong></span> 
     </span>
    </p>
   </div>
   <div class='ocr_carea' id='block_1_99' title="bbox 1822 4802 3380 4875">
    <p class='ocr_par' dir='ltr' id='par_1_99' title="bbox 1822 4802 3380 4875">
     <span class='ocr_line' id='line_1_99' title="bbox 1822 4802 3380 4875; baseline -0.005 -16"><span class='ocrx_word' id='word_1_719' title='bbox 1822 4806 1942 4873; x_wconf 90' lang='lat' dir='ltr'><strong>Ipso</strong></span> <span class='ocrx_word' id='word_1_720' title='bbox 1974 4806 2138 4875; x_wconf 90' lang='lat' dir='ltr'><strong>igitur</strong></span> <span class='ocrx_word' id='word_1_721' title='bbox 2197 4808 2374 4873; x_wconf 89' lang='lat' dir='ltr'><strong>operis</strong></span> <span class='ocrx_word' id='word_1_722' title='bbox 2450 4806 2603 4858; x_wconf 92' lang='lat' dir='ltr'><strong>initio</strong></span> <span class='ocrx_word' id='word_1_723' title='bbox 2649 4805 2927 4872; x_wconf 80' lang='lat' dir='ltr'><strong>epistolam</strong></span> <span class='ocrx_word' id='word_1_724' title='bbox 2991 4804 3057 4855; x_wconf 89' lang='lat' dir='ltr'><strong>ad</strong></span> <span class='ocrx_word' id='word_1_725' title='bbox 3121 4802 3380 4853; x_wconf 85' lang='lat' dir='ltr'><strong>lsidoram</strong></span> 
     </span>
    </p>
   </div>
   <div class='ocr_carea' id='block_1_100' title="bbox 1820 4892 3384 4966">
    <p class='ocr_par' dir='ltr' id='par_1_100' title="bbox 1820 4892 3384 4966">
     <span class='ocr_line' id='line_1_100' title="bbox 1820 4892 3384 4966; baseline -0.006 -15"><span class='ocrx_word' id='word_1_726' title='bbox 1820 4912 2058 4951; x_wconf 83' lang='lat' dir='ltr'><strong>sororem</strong></span> <span class='ocrx_word' id='word_1_727' title='bbox 2086 4899 2290 4961; x_wconf 77' lang='lat' dir='ltr'><strong>scribit,</strong></span> <span class='ocrx_word' id='word_1_728' title='bbox 2324 4913 2423 4966; x_wconf 83' lang='lat' dir='ltr'><strong>qua</strong></span> <span class='ocrx_word' id='word_1_729' title='bbox 2472 4898 2597 4951; x_wconf 87' lang='lat' dir='ltr'><strong>licet</strong></span> <span class='ocrx_word' id='word_1_730' title='bbox 2632 4898 2733 4949; x_wconf 89' lang='lat' dir='ltr'><strong>hoc</strong></span> <span class='ocrx_word' id='word_1_731' title='bbox 2766 4894 2955 4963; x_wconf 78' lang='grc' dir='ltr'><strong>ιιιὸ</strong></span> <span class='ocrx_word' id='word_1_732' title='bbox 3023 4893 3096 4945; x_wconf 90' lang='lat' dir='ltr'><strong>illi</strong></span> <span class='ocrx_word' id='word_1_733' title='bbox 3138 4892 3384 4943; x_wconf 85' lang='lat' dir='ltr'><strong>volumen</strong></span> 
     </span>
    </p>
   </div>
   <div class='ocr_carea' id='block_1_101' title="bbox 1820 4982 3389 5056">
    <p class='ocr_par' dir='ltr' id='par_1_101' title="bbox 1820 4982 3389 5056">
     <span class='ocr_line' id='line_1_101' title="bbox 1820 4982 3389 5056; baseline -0.004 -16"><span class='ocrx_word' id='word_1_734' title='bbox 1820 4988 2137 5056; x_wconf 89' lang='lat' dir='ltr'><strong>inscriptum</strong></span> <span class='ocrx_word' id='word_1_735' title='bbox 2177 5003 2297 5042; x_wconf 85' lang='lat' dir='ltr'><strong>esse</strong></span> <span class='ocrx_word' id='word_1_736' title='bbox 2360 4989 2628 5053; x_wconf 88' lang='lat' dir='ltr'><strong>ostendat,</strong></span> <span class='ocrx_word' id='word_1_737' title='bbox 2678 4986 2956 5054; x_wconf 80' lang='lat' dir='ltr'><strong>Balagrum</strong></span> <span class='ocrx_word' id='word_1_738' title='bbox 2994 4983 3164 5037; x_wconf 91' lang='lat' dir='ltr'><strong>nihilo</strong></span> <span class='ocrx_word' id='word_1_739' title='bbox 3209 4982 3389 5035; x_wconf 86' lang='lat' dir='ltr'><strong>secius</strong></span> 
     </span>
    </p>
   </div>
   <div class='ocr_carea' id='block_1_102' title="bbox 1495 5122 2162 5179">
    <p class='ocr_par' dir='ltr' id='par_1_102' title="bbox 1495 5122 2162 5179">
     <span class='ocr_line' id='line_1_102' title="bbox 1495 5122 2162 5179; baseline -0.003 0"><span class='ocrx_word' id='word_1_740' title='bbox 1495 5124 1726 5179; x_wconf 64' lang='lat' dir='ltr'><strong>VARIIE</strong></span> <span class='ocrx_word' id='word_1_741' title='bbox 1758 5122 2162 5179; x_wconf 85' lang='lat' dir='ltr'><strong>LECTIONES.</strong></span> 
     </span>
    </p>
   </div>
   <div class='ocr_carea' id='block_1_103' title="bbox 226 5218 1015 5291">
    <p class='ocr_par' dir='ltr' id='par_1_103' title="bbox 226 5218 1015 5291">
     <span class='ocr_line' id='line_1_103' title="bbox 226 5218 1015 5291; baseline -0.004 -17"><span class='ocrx_word' id='word_1_742' title='bbox 226 5222 265 5252; x_wconf 78' lang='lat'>&quot;</span> <span class='ocrx_word' id='word_1_743' title='bbox 297 5221 647 5291; x_wconf 79' lang='grc' dir='ltr'>Ἐρασινίδην</span> <span class='ocrx_word' id='word_1_744' title='bbox 673 5218 921 5286; x_wconf 72' lang='grc' dir='ltr'>ἀθηναῖον</span> <span class='ocrx_word' id='word_1_745' title='bbox 954 5221 1015 5271; x_wconf 76' lang='grc' dir='ltr'><strong>Α.</strong></span> 
     </span>
    </p>
   </div>
   <div class='ocr_carea' id='block_1_104' title="bbox 164 5287 1534 5353">
    <p class='ocr_par' dir='ltr' id='par_1_104' title="bbox 164 5287 1534 5353">
     <span class='ocr_line' id='line_1_104' title="bbox 164 5287 1534 5353; baseline 0.001 -12"><span class='ocrx_word' id='word_1_746' title='bbox 164 5287 455 5344; x_wconf 81' lang='lat' dir='ltr'><strong>addendum</strong></span> <span class='ocrx_word' id='word_1_747' title='bbox 488 5287 622 5343; x_wconf 86' lang='lat' dir='ltr'><strong>ante</strong></span> <span class='ocrx_word' id='word_1_748' title='bbox 658 5306 944 5353; x_wconf 83' lang='lat' dir='ltr'><strong>pronomen</strong></span> <span class='ocrx_word' id='word_1_749' title='bbox 976 5289 1105 5341; x_wconf 82' lang='grc' dir='ltr'>τῶν.</span> <span class='ocrx_word' id='word_1_750' title='bbox 1185 5290 1226 5321; x_wconf 70' lang='grc'><strong>’⁵</strong></span> <span class='ocrx_word' id='word_1_751' title='bbox 1256 5288 1306 5339; x_wconf 75' lang='grc' dir='ltr'><strong>εί</strong></span> <span class='ocrx_word' id='word_1_752' title='bbox 1330 5304 1437 5342; x_wconf 85' lang='grc' dir='ltr'>οιιι.</span> <span class='ocrx_word' id='word_1_753' title='bbox 1466 5287 1534 5342; x_wconf 84' lang='grc' dir='ltr'><strong>Α.</strong></span> 
     </span>
    </p>
   </div>
   <div class='ocr_carea' id='block_1_105' title="bbox 1098 5211 2813 5287">
    <p class='ocr_par' dir='ltr' id='par_1_105' title="bbox 1098 5211 2813 5287">
     <span class='ocr_line' id='line_1_105' title="bbox 1098 5211 2813 5287; baseline 0.008 -23"><span class='ocrx_word' id='word_1_754' title='bbox 1098 5221 1138 5248; x_wconf 78' lang='grc' dir='ltr'>ιι</span> <span class='ocrx_word' id='word_1_755' title='bbox 1168 5215 1318 5287; x_wconf 78' lang='grc' dir='ltr'><strong>γοῦνι</strong></span> <span class='ocrx_word' id='word_1_756' title='bbox 1340 5217 1446 5286; x_wconf 82' lang='grc' dir='ltr'>γὰρ</span> <span class='ocrx_word' id='word_1_757' title='bbox 1466 5216 1510 5268; x_wconf 81' lang='grc' dir='ltr'><strong>Α</strong></span> <span class='ocrx_word' id='word_1_758' title='bbox 1537 5217 1751 5269; x_wconf 87' lang='lat' dir='ltr'><strong>:malint</strong></span> <span class='ocrx_word' id='word_1_759' title='bbox 1778 5214 1824 5267; x_wconf 84' lang='grc' dir='ltr'>δ’</span> <span class='ocrx_word' id='word_1_760' title='bbox 1854 5211 1966 5267; x_wconf 82' lang='grc' dir='ltr'>οὖν.</span> <span class='ocrx_word' id='word_1_761' title='bbox 2038 5217 2079 5246; x_wconf 81' lang='grc'><strong>¹¹</strong></span> <span class='ocrx_word' id='word_1_762' title='bbox 2109 5216 2382 5269; x_wconf 80' lang='grc' dir='ltr'>συντάττω</span> <span class='ocrx_word' id='word_1_763' title='bbox 2413 5216 2478 5269; x_wconf 83' lang='lat' dir='ltr'><strong>A.</strong></span> <span class='ocrx_word' id='word_1_764' title='bbox 2556 5213 2730 5283; x_wconf 64' lang='lat' dir='ltr'><strong>&quot;510l-</strong></span> <span class='ocrx_word' id='word_1_765' title='bbox 2755 5229 2813 5276; x_wconf 83' lang='grc' dir='ltr'><strong>ς-</strong></span> 
     </span>
    </p>
   </div>
   <div class='ocr_carea' id='block_1_106' title="bbox 2892 5206 3383 5280">
    <p class='ocr_par' dir='ltr' id='par_1_106' title="bbox 2892 5206 3383 5280">
     <span class='ocr_line' id='line_1_106' title="bbox 2892 5206 3383 5280; baseline -0.008 -17"><span class='ocrx_word' id='word_1_766' title='bbox 2892 5212 2936 5245; x_wconf 68' lang='grc'><strong>¹⁵</strong></span> <span class='ocrx_word' id='word_1_767' title='bbox 2968 5206 3309 5280; x_wconf 80' lang='grc' dir='ltr'>μυθολ.αὑτῷ</span> <span class='ocrx_word' id='word_1_768' title='bbox 3326 5224 3383 5270; x_wconf 81' lang='grc' dir='ltr'><strong>ς’.</strong></span> 
     </span>
    </p>
   </div>
   <div class='ocr_carea' id='block_1_107' title="bbox 1640 5395 1871 5452">
    <p class='ocr_par' dir='ltr' id='par_1_107' title="bbox 1640 5395 1871 5452">
     <span class='ocr_line' id='line_1_107' title="bbox 1640 5395 1871 5452; baseline 0.004 -1"><span class='ocrx_word' id='word_1_769' title='bbox 1640 5395 1871 5452; x_wconf 67' lang='lat' dir='ltr'><strong>NOTAE.</strong></span> 
     </span>
    </p>
   </div>
   <div class='ocr_carea' id='block_1_108' title="bbox 230 5489 1719 5565">
    <p class='ocr_par' dir='ltr' id='par_1_108' title="bbox 230 5489 1719 5565">
     <span class='ocr_line' id='line_1_108' title="bbox 230 5489 1719 5565; baseline -0.006 -15"><span class='ocrx_word' id='word_1_770' title='bbox 230 5500 335 5565; x_wconf 55' lang='grc' dir='ltr'><strong>(ξιξ)</strong></span> <span class='ocrx_word' id='word_1_771' title='bbox 364 5498 619 5551; x_wconf 80' lang='lat' dir='ltr'><strong>Habitari</strong></span> <span class='ocrx_word' id='word_1_772' title='bbox 650 5498 701 5549; x_wconf 93' lang='lat' dir='ltr'><strong>in</strong></span> <span class='ocrx_word' id='word_1_773' title='bbox 736 5495 881 5556; x_wconf 85' lang='lat' dir='ltr'><strong>luna,</strong></span> <span class='ocrx_word' id='word_1_774' title='bbox 911 5510 1135 5561; x_wconf 76' lang='lat' dir='ltr'><strong>eamque</strong></span> <span class='ocrx_word' id='word_1_775' title='bbox 1164 5508 1283 5548; x_wconf 85' lang='lat' dir='ltr'><strong>csse</strong></span> <span class='ocrx_word' id='word_1_776' title='bbox 1343 5502 1541 5565; x_wconf 76' lang='lat' dir='ltr'><strong>terram</strong></span> <span class='ocrx_word' id='word_1_777' title='bbox 1579 5489 1719 5542; x_wconf 85' lang='lat' dir='ltr'><strong>mul-</strong></span> 
     </span>
    </p>
   </div>
   <div class='ocr_carea' id='block_1_109' title="bbox 168 5561 1721 5629">
    <p class='ocr_par' dir='ltr' id='par_1_109' title="bbox 168 5561 1721 5629">
     <span class='ocr_line' id='line_1_109' title="bbox 168 5561 1721 5629; baseline -0.004 -12"><span class='ocrx_word' id='word_1_778' title='bbox 168 5561 328 5621; x_wconf 76' lang='lat' dir='ltr'><strong>tarum</strong></span> <span class='ocrx_word' id='word_1_779' title='bbox 355 5569 579 5622; x_wconf 83' lang='lat' dir='ltr'><strong>urbium</strong></span> <span class='ocrx_word' id='word_1_780' title='bbox 634 5578 689 5619; x_wconf 83' lang='lat' dir='ltr'><strong>et</strong></span> <span class='ocrx_word' id='word_1_781' title='bbox 720 5568 974 5617; x_wconf 88' lang='lat' dir='ltr'><strong>montium</strong></span> <span class='ocrx_word' id='word_1_782' title='bbox 1014 5567 1147 5618; x_wconf 76' lang='lat' dir='ltr'><strong>dixit</strong></span> <span class='ocrx_word' id='word_1_783' title='bbox 1187 5566 1311 5616; x_wconf 89' lang='lat' dir='ltr'><strong>olim</strong></span> <span class='ocrx_word' id='word_1_784' title='bbox 1344 5561 1721 5629; x_wconf 74' lang='lat' dir='ltr'><strong>Xenophanes,</strong></span> 
     </span>
    </p>
   </div>
   <div class='ocr_carea' id='block_1_110' title="bbox 167 5632 1333 5698">
    <p class='ocr_par' dir='ltr' id='par_1_110' title="bbox 167 5632 1333 5698">
     <span class='ocr_line' id='line_1_110' title="bbox 167 5632 1333 5698; baseline -0.002 -11"><span class='ocrx_word' id='word_1_785' title='bbox 167 5646 215 5689; x_wconf 93' lang='lat' dir='ltr'><strong>ut</strong></span> <span class='ocrx_word' id='word_1_786' title='bbox 248 5640 399 5689; x_wconf 55' lang='lat' dir='ltr'><strong>refert</strong></span> <span class='ocrx_word' id='word_1_787' title='bbox 431 5638 579 5697; x_wconf 87' lang='lat' dir='ltr'><strong>Cic..</strong></span> <span class='ocrx_word' id='word_1_788' title='bbox 618 5636 780 5687; x_wconf 76' lang='lat' dir='ltr'><strong>.lmd.</strong></span> <span class='ocrx_word' id='word_1_789' title='bbox 813 5632 1034 5697; x_wconf 80' lang='lat' dir='ltr'><strong>Quwst.,</strong></span> <span class='ocrx_word' id='word_1_790' title='bbox 1064 5644 1252 5698; x_wconf 62' lang='lat' dir='ltr'><strong>qumst.</strong></span> <span class='ocrx_word' id='word_1_791' title='bbox 1282 5634 1333 5685; x_wconf 71' lang='grc'><strong>4.</strong></span> 
     </span>
    </p>
   </div>
   <div class='ocr_carea' id='block_1_111' title="bbox 170 5699 1723 5837">
    <p class='ocr_par' dir='ltr' id='par_1_111' title="bbox 170 5699 1723 5837">
     <span class='ocr_line' id='line_1_111' title="bbox 170 5699 1723 5837; baseline -0.003 -81"><span class='ocrx_word' id='word_1_792' title='bbox 170 5707 501 5837; x_wconf 49' lang='grc' dir='ltr'><strong>Η(27)ωνὶιια</strong></span> <span class='ocrx_word' id='word_1_793' title='bbox 561 5707 807 5768; x_wconf 65' lang='lat' dir='ltr'><strong>Arrium,</strong></span> <span class='ocrx_word' id='word_1_794' title='bbox 841 5706 1019 5765; x_wconf 64' lang='lat' dir='ltr'><strong>Cum,</strong></span> <span class='ocrx_word' id='word_1_795' title='bbox 1061 5704 1244 5772; x_wconf 76' lang='lat' dir='ltr'><strong>Greg.,</strong></span> <span class='ocrx_word' id='word_1_796' title='bbox 1289 5700 1509 5769; x_wconf 79' lang='lat' dir='ltr'><strong>Gyrald.</strong></span> <span class='ocrx_word' id='word_1_797' title='bbox 1535 5699 1723 5757; x_wconf 78' lang='lat' dir='ltr'><strong>dehoc</strong></span> 
     </span>
     <span class='ocr_line' id='line_1_112' title="bbox 210 5796 400 5831; baseline -0.005 0"><span class='ocrx_word' id='word_1_798' title='bbox 210 5796 326 5831; x_wconf 70' lang='lat' dir='ltr'><strong>ctcu</strong></span> <span class='ocrx_word' id='word_1_799' title='bbox 388 5816 400 5830; x_wconf 94' lang='lat'><strong>.</strong></span> 
     </span>
    </p>
   </div>
   <div class='ocr_carea' id='block_1_112' title="bbox 210 5781 400 5835">
    <p class='ocr_par' dir='ltr' id='par_1_112' title="bbox 210 5781 400 5835">
     <span class='ocr_line' id='line_1_113' title="bbox 210 5781 400 5835; baseline -0.005 -4"><span class='ocrx_word' id='word_1_800' title='bbox 210 5781 400 5835; x_wconf 67' lang='lat' dir='ltr'><strong>trude.</strong></span> 
     </span>
    </p>
   </div>
   <div class='ocr_carea' id='block_1_113' title="bbox 1902 5487 3391 5557">
    <p class='ocr_par' dir='ltr' id='par_1_113' title="bbox 1902 5487 3391 5557">
     <span class='ocr_line' id='line_1_114' title="bbox 1902 5487 3391 5557; baseline -0.003 -16"><span class='ocrx_word' id='word_1_801' title='bbox 1902 5490 2013 5557; x_wconf 73' lang='lat'><strong>(28)</strong></span> <span class='ocrx_word' id='word_1_802' title='bbox 2047 5490 2238 5543; x_wconf 85' lang='lat' dir='ltr'><strong>llerbis</strong></span> <span class='ocrx_word' id='word_1_803' title='bbox 2283 5491 2444 5543; x_wconf 85' lang='lat' dir='ltr'><strong>etiam</strong></span> <span class='ocrx_word' id='word_1_804' title='bbox 2501 5490 2745 5543; x_wconf 83' lang='lat' dir='ltr'><strong>homines</strong></span> <span class='ocrx_word' id='word_1_805' title='bbox 2778 5489 2843 5542; x_wconf 88' lang='lat' dir='ltr'><strong>ad</strong></span> <span class='ocrx_word' id='word_1_806' title='bbox 2906 5487 3067 5557; x_wconf 88' lang='lat' dir='ltr'><strong>vitam</strong></span> <span class='ocrx_word' id='word_1_807' title='bbox 3108 5494 3391 5557; x_wconf 82' lang='lat' dir='ltr'><strong>revocatos</strong></span> 
     </span>
    </p>
   </div>
   <div class='ocr_carea' id='block_1_114' title="bbox 1832 5556 3387 5623">
    <p class='ocr_par' dir='ltr' id='par_1_114' title="bbox 1832 5556 3387 5623">
     <span class='ocr_line' id='line_1_115' title="bbox 1832 5556 3387 5623; baseline -0.003 -12"><span class='ocrx_word' id='word_1_808' title='bbox 1832 5556 2103 5611; x_wconf 74' lang='lat' dir='ltr'><strong>fabulatur</strong></span> <span class='ocrx_word' id='word_1_809' title='bbox 2136 5560 2269 5613; x_wconf 86' lang='lat' dir='ltr'><strong>Plin.</strong></span> <span class='ocrx_word' id='word_1_810' title='bbox 2324 5562 2412 5612; x_wconf 88' lang='lat' dir='ltr'><strong>lib.</strong></span> <span class='ocrx_word' id='word_1_811' title='bbox 2448 5575 2570 5623; x_wconf 80' lang='lat' dir='ltr'><strong>xxv,</strong></span> <span class='ocrx_word' id='word_1_812' title='bbox 2601 5574 2715 5621; x_wconf 87' lang='lat' dir='ltr'><strong>cap.</strong></span> <span class='ocrx_word' id='word_1_813' title='bbox 2741 5560 2796 5620; x_wconf 72' lang='lat'><strong>‘3,</strong></span> <span class='ocrx_word' id='word_1_814' title='bbox 2828 5567 2881 5611; x_wconf 88' lang='lat' dir='ltr'><strong>et</strong></span> <span class='ocrx_word' id='word_1_815' title='bbox 2913 5556 3159 5623; x_wconf 79' lang='lat' dir='ltr'><strong>Apollod.</strong></span> <span class='ocrx_word' id='word_1_816' title='bbox 3212 5556 3300 5606; x_wconf 93' lang='lat' dir='ltr'><strong>lib.</strong></span> <span class='ocrx_word' id='word_1_817' title='bbox 3332 5571 3387 5607; x_wconf 92' lang='grc' dir='ltr'><strong>ιιι</strong></span> 
     </span>
    </p>
   </div>
   <div class='ocr_carea' id='block_1_115' title="bbox 1834 5625 3389 5694">
    <p class='ocr_par' dir='ltr' id='par_1_115' title="bbox 1834 5625 3389 5694">
     <span class='ocr_line' id='line_1_116' title="bbox 1834 5625 3389 5694; baseline -0.003 -13"><span class='ocrx_word' id='word_1_818' title='bbox 1834 5627 2087 5682; x_wconf 77' lang='lat' dir='ltr'><strong>Biblioth.</strong></span> <span class='ocrx_word' id='word_1_819' title='bbox 2123 5631 2381 5684; x_wconf 82' lang='lat' dir='ltr'><strong>Glaucum</strong></span> <span class='ocrx_word' id='word_1_820' title='bbox 2408 5628 2601 5686; x_wconf 77' lang='lat' dir='ltr'><strong>Minois</strong></span> <span class='ocrx_word' id='word_1_821' title='bbox 2628 5628 2792 5684; x_wconf 83' lang='lat' dir='ltr'><strong>lilium</strong></span> <span class='ocrx_word' id='word_1_822' title='bbox 2828 5630 2905 5681; x_wconf 82' lang='lat' dir='ltr'><strong>sic</strong></span> <span class='ocrx_word' id='word_1_823' title='bbox 2933 5641 3147 5694; x_wconf 83' lang='lat' dir='ltr'><strong>quoque</strong></span> <span class='ocrx_word' id='word_1_824' title='bbox 3164 5625 3285 5680; x_wconf 72' lang='lat' dir='ltr'><strong>vita:</strong></span> <span class='ocrx_word' id='word_1_825' title='bbox 3305 5641 3389 5678; x_wconf 76' lang='lat' dir='ltr'><strong>re~</strong></span> 
     </span>
    </p>
   </div>
   <div class='ocr_carea' id='block_1_116' title="bbox 1832 5702 2298 5755">
    <p class='ocr_par' dir='ltr' id='par_1_116' title="bbox 1832 5702 2298 5755">
     <span class='ocr_line' id='line_1_117' title="bbox 1832 5702 2298 5755; baseline -0.002 -2"><span class='ocrx_word' id='word_1_826' title='bbox 1832 5702 2077 5755; x_wconf 77' lang='lat' dir='ltr'><strong>stitutuut</strong></span> <span class='ocrx_word' id='word_1_827' title='bbox 2116 5703 2298 5753; x_wconf 79' lang='lat' dir='ltr'><strong>refert.</strong></span> 
     </span>
    </p>
   </div>
  </div>
