4224 6446
786 423 890 484 Πΰ
1936 420 2197 481 PHOTII
2224 417 2469 481 PATRI.

2412 420 2728 479 ΙΛΒΕΙΙβΕ
2763 421 2870 478 CP.
3920 417 4033 479 476

783 532 1068 603 quemdam
1102 530 1173 582 ibi
1220 530 1375 583 uxori
1414 544 1548 594 sum,
1598 531 1762 584 Philae
1798 534 2036 592 nomine.
2065 532 2332 599 Antipatri
2370 534 2408 586 A
2441 530 2469 581 ά

2441 530 2561 594 άγει
2594 530 2871 596 Βάλαγρον
2925 526 3055 597 [564
3085 524 3173 596 ll.)
3208 524 3343 595 πρὸς
3368 526 3466 595 τὴν
3512 526 3719 578 οίκείαν
3764 530 4029 594 γυναῖκα,

788 625 928 685 tiliae,
986 622 1315 674 scribentem
1405 634 1825 690 narrautemque
1889 622 2036 683 facit,
2094 640 2215 676 cum
2285 625 2352 675 ab
2454 622 2469 670 ‹

2454 621 2619 671 Φίλαν
2649 619 2910 687 τοῦνομα,
2948 619 3225 687 γράφοντα
3256 618 3524 687 (θυγάτηρ
3554 619 3609 670 δέ
3656 613 3724 687 ἦν
3773 619 4034 671 Ἀντιπά-

786 712 1092 765 Alexandro
1143 710 1494 763 Macedonum
1531 726 1655 779 rege
1701 712 1875 780 Tyrus
1936 724 2243 779 caperetur,
2299 722 2353 764 et
2454 728 2469 760 ει

2454 727 2582 779 τρου
2622 710 2783 779 αὕτη)
2812 712 2893 763 ὅτι
2934 711 3034 777 τῆς
3062 709 3238 776 Τύρου
3272 710 3374 760 ὑπὸ
3418 708 3765 775 Ἀλεξάνδρου
3805 709 3897 761 τοῦ
3933 710 4036 778 βα⁹

790 806 929 873 iguis
972 805 1201 872 plurima
1235 804 1563 869 devastaret,
1605 808 1815 859 venisse
1872 809 1935 859 ad
1985 808 2351 861 Alexandrum
2459 820 2469 851 ε

2459 803 2649 862 σιλέως
2676 802 3001 855 Μακεδόνων
3033 804 3110 863 είς
3144 801 3343 852 ἅλωσιν
3383 800 3643 869 ἐλθούσης
3678 803 3772 852 καὶ
3804 802 3937 869 πυρὶ
3961 802 4035 854 τά

791 899 1035 959 militem,
1071 896 1160 966 qui
1212 910 1271 950 se
1327 899 1670 965 peregrinum
1706 899 1854 965 quid,
1910 908 2211 966 praeterque
2244 899 2358 961 opi-

793 991 1002 1042 nionem
1032 963 1374 1042 indicandum
1406 988 1603 1042 habere
1643 989 1866 1041 diceret.
1900 988 2030 1041 Esse
2057 990 2200 1041 enim
2229 990 2355 1055 quid

792 1091 943 1132 extra
1001 1081 1256 1147 oppidum
1308 1090 1552 1144 spectatu
1614 1079 1854 1148 dignum.
1912 1077 2112 1145 Regem
2180 1081 2360 1146 itaque

794 1168 1088 1232 assumptis
1120 1182 1224 1220 uua
1271 1183 1453 1220 secum
1489 1166 1867 1233 Hephaestione
1919 1177 1972 1221 et
2006 1168 2362 1223 Parmenione

794 1259 979 1321 sociis,
1016 1259 1241 1311 militem
1270 1269 1511 1312 secutum
1536 1261 1600 1312 ad
1640 1260 1918 1314 tumulose
1948 1259 2123 1327 lapide
2149 1260 2363 1313 subter-

796 1365 987 1403 raneos
1017 1352 1278 1417 quosdam
1303 1353 1639 1418 pervenis<e,
1673 1366 1899 1419 quorum
1936 1351 2073 1404 alius
2095 1352 2173 1404 sic
2223 1362 2365 1405 esset

797 1440 1085 1506 inscriptus
1111 1459 1122 1492 :
1152 1440 1349 1508 Lysiua
1384 1443 1507 1493 vixit
1533 1460 1699 1494 annos
1736 1456 1901 1494 xxxv.
1930 1441 2080 1493 Alter
2102 1456 2227 1497 vero
2252 1443 2362 1495 sic:

802 1528 1019 1580 Mnason
1059 1530 1328 1582 Manliniw
1379 1532 1521 1598 ﬁlius
1576 1531 1701 1583 vixit
1734 1547 1896 1582 annos
1940 1546 2060 1583 LXVI
2090 1531 2365 1599 (‘29),post

798 1634 949 1671 Lxxl.
989 1620 1136 1672 Alius
1163 1635 1291 1673 vero
1317 1622 1502 1673 titulus
1529 1630 1645 1673 erat
1692 1638 1704 1672 :
1744 1622 1974 1673 Atislion
2008 1618 2262 1673 Philoclis
2306 1622 2369 1686 ﬁ-

800 1710 901 1760 lius
927 1712 1051 1762 vixit
1090 1728 1252 1762 annos
1291 1727 1460 1773 van,
1480 1721 1590 1777 post
1622 1726 1694 1764 LII
1730 1712 1861 1778 (‘29).
1884 1712 2032 1763 Alius
2060 1728 2268 1765 rursum
2294 1714 2370 1765 sic

801 1801 1091 1868 inscriptus
1132 1802 1300 1867 lapis:
1346 1800 1634 1853 Mantiotias
1679 1801 1949 1853 Mnasouis
2011 1803 2157 1870 ﬁlius
2208 1820 2371 1854 annos

801 1888 925 1937 vixit
962 1903 1091 1951 xLII,
1125 1899 1398 1957 noctesque
1420 1907 1484 1942 Lx
1517 1902 1563 1943 et
1590 1905 1728 1944 IDCC.
1765 1892 1895 1942 item
1929 1891 2104 1945 alius:
2160 1891 2374 1960 Dercyl-

804 1977 866 2027 lis
898 1976 1166 2031 Mnasonis
1192 1981 1305 2045 ﬁlia
1334 1998 1499 2033 annos
1538 1982 1663 2035 vixit
1700 1997 1862 2034 xxxix
1898 1993 2170 2050 noctesque
2213 1998 2301 2034 ιι.
2325 1992 2374 2034 et

803 2083 939 2121 loco.
990 2068 1186 2121 Sextus
1242 2086 1371 2123 vero
1412 2074 1647 2125 tumulus
1683 2074 1782 2125 hoc
1825 2073 2211 2140 epigrammate
2240 2091 2255 2127 :
2286 2075 2377 2126 Di-

802 2161 919 2211 itias
951 2159 1117 2213 Arcas
1152 2162 1283 2213 vixit
1325 2178 1491 2215 annos
1544 2178 1575 2217 ο
1608 2175 1654 2216 et
1703 2179 1830 2218 xxv.
1893 2161 1988 2217 His
2049 2164 2202 2218 lectis
2252 2169 2374 2219 dum

803 2250 966 2302 animi
995 2252 1228 2317 pendent
1259 2252 1640 2321 (praeterquam
1668 2256 1718 2307 iu
1744 2256 1918 2323 primo
1955 2256 2181 2321 tumulo,
2218 2258 2375 2325 Cujus

802 2341 1003 2394 clarior
1028 2353 1145 2396 erat
1181 2344 1413 2412 titulus),
1438 2345 1502 2397 ad
1532 2347 1788 2414 parietem
1822 2348 2191 2400 incideruutin
2221 2363 2377 2400 arcu-

806 2435 910 2487 Iam
931 2450 960 2487 e
987 2450 1241 2503 cupresso
1258 2434 1697 2503 fabricatam,cui
1714 2439 1793 2492 sic
1812 2440 2127 2508 inscriptum
2151 2438 2377 2508 :Hospes

811 2526 1049 2592 quisquis
1078 2541 1148 2586 es,
1177 2527 1321 2592 aperi
1353 2534 1411 2577 ut
1437 2528 1609 2580 discas
1626 2544 1741 2596 quae
1768 2529 2073 2583 admiraris.

876 2619 1079 2682 Aperto
1105 2618 1266 2686 igitur
1294 2620 1360 2672 ab
1391 2619 1681 2673 Alexandri
1703 2622 1865 2674 sociis
1900 2622 2178 2686 scriniolo,
2212 2636 2379 2693 cypa-

810 2704 1036 2757 rissinas
1069 2708 1619 2773 inveuiunttabellas,
1656 2725 1812 2776 quas,
1854 2720 1911 2764 ut
1953 2723 2199 2778 apparet,
2248 2714 2381 2767 Der-

808 2803 963 2873 cyllis
1005 2800 1073 2851 ibi
1110 2799 1278 2854 Dinizn
1304 2804 1554 2855 mandato
1584 2805 1895 2857 collocarat.
1935 2803 2056 2858 Haec
2094 2804 2206 2859 fere
2228 2808 2379 2860 uxori

809 2891 1133 2944 St-riben'tcm
1168 2890 1453 2957 Balugrum
1489 2893 1713 2955 inducit,
1734 2894 1986 2959 quodque
2016 2896 2381 2963 cyparissinas

812 2984 943 3035 istas
985 2981 1610 3045 tabulastrauscrihens,
1636 2985 1812 3036 eidem
1862 2985 2077 3053 coujugi
2118 2987 2379 3038 transmi-

812 3071 960 3123 serit.
995 3070 1076 3121 Ab
1106 3072 1208 3123 hac
1258 3086 1549 3124 occasione
1584 3074 1753 3125 fertur
1802 3074 2057 3140 deinceps
2104 3076 2281 3126 oratio
2319 3075 2382 3127 ad

813 3162 1248 3229 cupressiuarum
1311 3160 1621 3226 lectionem,
1685 3164 2144 3233 scriptionemque
2229 3168 2381 3218 tabu-

816 3253 1012 3312 larum.
1046 3261 1099 3303 et
1132 3251 1319 3303 Diuius
1372 3266 1585 3318 quoque
1616 3252 1770 3305 adest
1819 3268 2070 3319 narrans,
2101 3271 2220 3321 qua:
2247 3272 2386 3322 prte-

817 3348 1050 3400 tliximus
1084 3346 1327 3417 Cymbae.
1364 3348 1445 3399 Ad
1495 3348 1637 3400 hunc
1666 3364 1796 3417 ergo
1833 3352 2067 3409 modum,
2113 3366 2174 3402 ac
2204 3353 2269 3403 de
2306 3353 2388 3405 his

819 3440 930 3493 fere
983 3441 1143 3494 rebus
1184 3440 1445 3493 dramatis
1477 3450 1561 3493 est
1594 3440 1739 3494 ﬁctio
1769 3442 1833 3494 ab
1865 3442 2099 3495 Antonio
2153 3443 2390 3511 Diogene

816 3533 1131 3595 composita.

893 3619 1111 3674 Videtur
1142 3632 1319 3675 autem
1368 3623 1482 3690 ipse
1516 3633 1755 3692 tempore
1818 3626 1963 3691 prior
1998 3640 2119 3679 esse
2175 3627 2239 3679 iis
2297 3629 2389 3694 qui

820 3710 942 3764 talia
1002 3713 1241 3766 studiose
1286 3714 1665 3766 confinxerunt
1700 3715 1834 3784 (30),
1872 3725 1928 3769 ut
1980 3715 2239 3779 Luciano,
2277 3718 2384 3771 Lu-

819 3807 905 3857 cio
932 3804 1083 3873 ('5l),
1120 3804 1424 3859 Jamblicho
1460 3806 1596 3874 ('52),
1628 3807 1835 3861 Achille
1866 3807 2021 3860 Tatio
2047 3808 2182 3875 (55),
2213 3809 2394 3863 llelio-

821 3900 955 3950 «loro
990 3898 1126 3967 (54).
1158 3908 1322 3965 atque
1350 3896 1633 3950 Damascio
1663 3898 1799 3965 (55).
1848 3897 1981 3951 Nam
2033 3908 2087 3953 et
2127 3899 2391 3953 Verarum

822 3987 1040 4042 Luciani
1074 3992 1441 4043 narrationum
1462 4000 1507 4040 et
1540 3991 2073 4056 trunsformationum
2102 3990 2249 4045 Lucii
2276 3993 2395 4045 fou-

825 4089 930 4131 Iem
960 4081 1102 4133 hunc
1164 4092 1219 4133 et
1268 4082 1505 4133 radicem
1550 4082 1770 4133 dixeris.
1803 4082 1940 4144 Quin
1976 4091 2242 4137 eteorum
2276 4101 2394 4153 quae

822 4172 886 4222 tle
921 4169 1176 4224 Sinonitle
1202 4187 1263 4224 ac
1293 4171 1533 4234 Rodane,
1560 4173 1622 4226 de
1650 4172 1917 4242 Leucippe
1949 4190 2011 4228 ac
2031 4176 2392 4244 Clitophonte,

823 4262 887 4312 de
905 4259 1014 4315 Cha
1026 4262 1188 4314 riclea
1222 4277 1285 4314 ac
1317 4263 1623 4332 'l‘heagene,
1653 4266 1825 4331 deque
1844 4264 1983 4320 ﬁctis
2006 4280 2191 4320 eorum
2213 4268 2392 4332 rebus,

822 4354 1123 4418 erroribus,
1158 4353 1669 4423 amorihusquoque
1699 4366 1753 4407 et
1780 4367 1935 4423 raptu
1963 4364 2123 4424 atque
2146 4358 2395 4425 periculis

824 4448 1123 4514 composita
1155 4457 1302 4508 sunt,
1334 4445 1618 4516 Dercyllis.
1640 4446 1914 4517 Ceryllus,
1935 4448 2286 4505 Thruscanus
2332 4466 2395 4505 ac

827 4538 1010 4590 Dinias
1049 4537 1353 4605 exemplum
1387 4538 1681 4604 praebuisse
1704 4540 1896 4589 merito
1926 4539 2141 4591 censeri
2168 4548 2391 4606 queant.
2428 4514 2469 4567 Ῑ)

826 4630 939 4693 Qua
989 4629 1462 4696 verohempestate
1494 4627 1685 4696 112a
1728 4627 2031 4681 fabularum
2071 4629 2158 4682 hic
2184 4640 2394 4694 auctor,

828 4719 1088 4788 Diogenes
1140 4721 1227 4773 ille
1279 4720 1542 4774 Antonius
1580 4721 1796 4785 vixerit,
1844 4735 1948 4773 non
1994 4722 2163 4775 habeo
2244 4732 2394 4775 certo

826 4812 1111 4864 allii-mare.
1151 4812 1281 4863 llhul
1308 4821 1513 4864 tantum
1550 4812 1819 4878 conjicere
1852 4813 2035 4875 liceat,
2068 4828 2171 4866 non
2200 4815 2272 4867 ita
2299 4814 2389 4868 diu

827 4913 945 4969 post
982 4905 1271 4954 Alexandri
1318 4903 1490 4971 Magni
1544 4913 1781 4971 tempora
1825 4903 2099 4959 ﬂoruisse.
2150 4904 2396 4959 Meminit

2460 894 2685 947 πλεῖστα
2708 892 3109 962 δαπανηθείσης
3134 894 3470 961 στρατιώτης
3493 889 3629 962 ἦκεν
3662 893 3737 955 ώς
3762 894 3806 923 ¹⁸
3845 894 4037 956 Ἀλέξ-

2468 985 2689 1054 ανδρον,
2741 984 2890 1048 ξένον
2938 1000 2989 1036 τι
3052 985 3145 1037 καὶ
3195 984 3497 1051 παράδοξον
3550 983 3723 1050 λέγων
3780 983 4038 1052 μηνύειν,

2463 1073 2599 1127 εἶναι
2630 1077 2686 1128 δὲ
2720 1077 2780 1128 τὸ
2813 1076 2989 1143 θέαμα
3039 1075 3135 1143 τῆς
3176 1075 3378 1136 πόλεως
3405 1074 3529 1139 ἐξω.
3568 1075 3627 1126 '0
3675 1075 3731 1126 δέ
3782 1073 4040 1141 βασιλεὺς

2475 1170 2846 1234 Ἡφαιστίωνα
2899 1169 2991 1219 καὶ
3045 1167 3407 1235 Παρμενίωνα
3462 1166 3909 1235 συμπαραλαϐὼν
3961 1166 4044 1217 εἴ·

2468 1276 2626 1310 ποντο
2649 1258 2724 1326 τῷ
2748 1258 3071 1327 στρατιώτῃ,
3097 1259 3189 1308 καὶ
3217 1256 3724 1325 καταλαμϐάνουσιν
3750 1256 4047 1321 ὑπογείους

2465 1351 2698 1411 λιθίνους
2728 1351 2766 1379 ¹⁷
2798 1353 3008 1419 σοροὺς,
3038 1345 3165 1418 ὧνή
3202 1350 3299 1417 μέν
3332 1350 3712 1420 ἐπεγέγραπτο
3744 1366 3761 1398 ι
3797 1348 4046 1399 Λυσίλλα

2468 1445 2596 1495 ἐϐίω
2631 1442 2724 1511 ἔτη
2762 1442 2920 1494 πέντε
2967 1442 3060 1493 καὶ
3091 1442 3382 1510 τριήκοντα
3418 1441 3481 1503 ⁸⁸,
3519 1459 3536 1490 ι
3566 1442 3599 1508 η
3647 1440 3703 1492 δέ
3747 1458 3763 1489 ι
3802 1439 4047 1489 Μνάσων

2470 1535 2761 1585 Μαντινίου
2781 1534 2910 1583 ἐϐίω
2925 1533 3016 1601 ἐτη
3044 1539 3095 1595 ς’
3124 1533 3216 1583 καὶ
3241 1531 3279 1594 ξ’
3304 1532 3411 1584 ἀπὸ
3434 1532 3547 1593 ἐνὸς
3572 1532 3664 1582 καὶ
3681 1538 3775 1592 θ’,ι
3797 1528 3924 1598 [189
3950 1527 4045 1598 ii.)

2472 1627 2503 1693 ἡ
2528 1626 2583 1676 δέ
2612 1643 2629 1674 ι
2679 1624 2962 1693 Ἀριστίων
2983 1624 3299 1685 Φιλοκλέους
3326 1622 3455 1673 ἐϐίω
3478 1624 3569 1690 ἐτη
3604 1622 3645 1683 ζ’
3672 1623 3764 1673 καὶ
3792 1620 3842 1690 μ’
3866 1622 3975 1672 ἀπὸ
4002 1618 4048 1686 β’

2473 1718 2565 1767 καὶ
2593 1722 2655 1777 ν’,
2688 1733 2705 1763 ι
2738 1714 2869 1782 ἄλλη
2897 1715 2951 1765 δέ
2983 1733 3001 1764 ι
3050 1712 3345 1774 Μαντινίας
3380 1713 3675 1772 Μνάσωνος
3713 1711 3810 1778 ἔτη
3838 1710 3970 1762 ἐϐίω
4004 1709 4054 1774 β’

2476 1809 2566 1856 καὶ
2596 1813 2645 1874 μ’
2680 1806 2771 1857 καὶ
2810 1804 3007 1866 νύκτας
3040 1804 3078 1867 ξ’
3108 1804 3200 1855 καὶ
3240 1802 3317 1870 ψ’·
3350 1820 3367 1851 ι
3412 1803 3573 1870 ἑτέρα
3614 1801 3668 1852 δέ
3701 1820 3720 1851 ι
3751 1798 4049 1867 Δερκυλλὶς

2476 1898 2767 1957 Μνάσωνος
2788 1896 2917 1947 ἐϐίω
2950 1898 2990 1927 ¹⁹
3024 1895 3117 1962 ἐτη
3136 1894 3181 1946 θ’
3208 1895 3302 1945 καὶ
3331 1893 3374 1942 λ’
3399 1894 3489 1945 καὶ
3515 1893 3713 1952 νύκτας
3738 1892 3776 1956 ξ’
3811 1892 3906 1940 καὶ
3927 1886 4003 1956 ιζ’,
4028 1907 4045 1938 ι

2475 1991 2505 2053 ἠ
2542 1988 2596 2038 δέ
2627 1988 2759 2053 ἕκτη
2792 1986 2947 2056 σορὸς
2981 2004 2999 2035 ι
3037 1988 3248 2047 Δεινίας
3288 1985 3484 2052 Ἀρκάς
3525 1983 3655 2034 ἐϐίω
3685 1984 3777 2050 ἐτη
3808 1988 3845 2032 ε’
3882 1982 3977 2031 καὶ
4002 1988 4050 2030 κ’

2478 2080 2570 2129 καὶ
2602 2085 2664 2146 ρ’.
2696 2096 2713 2127 ι
2733 2078 2951 2139 Τούτοις
2971 2076 3355 2144 διαποροῦντες
3379 2076 3515 2144 πλὴν
3528 2075 3625 2140 τῆς
3646 2073 3867 2143 πρώτης
3887 2070 4053 2141 σοροῦ

2479 2170 2671 2236 (σαφὲς
2702 2171 2810 2239 γάρ
2857 2170 2915 2220 τὸ
2955 2168 3168 2237 ἐκείνης
3209 2168 3533 2235 ἐπίγραμμα
3564 2167 3630 2231 ³ο)
3663 2166 4055 2233 ἐντυγχάνουσι

2478 2262 2627 2325 παρὰ
2657 2262 2817 2330 τοίχῳ
2849 2262 2892 2291 ⁸⁸
2927 2260 3165 2328 κιϐωτίῳ
3214 2259 3393 2329 μικρῷ
3435 2258 3768 2327 κυπαρίττου
3820 2272 4057 2319 πεποιη-

2482 2357 2645 2423 μένῳ.
2665 2348 2707 2421 ᾧ
2736 2354 3133 2423 ἐνεγέγραπτο·
3162 2350 3258 2406 «Ὦ
3276 2354 3411 2419 ξένε,
3444 2355 3588 2414 ὅστις
3619 2347 3933 2413 εἷ,άνοιξον,
3968 2348 4055 2400 ἶνα

2482 2447 2657 2516 μάθῃς
2688 2445 2722 2497 ἃ
2756 2446 3073 2514 θαυμάζεις.
3114 2464 3134 2496 ι

2567 2620 2898 2683 Ἀνοίξαντες
2928 2616 3022 2673 οὖν
3054 2620 3254 2689 οἱπερὶ
3289 2619 3638 2689 Ἀλέξανδρον
3666 2618 3728 2669 τὸ
3776 2618 4056 2678 κιϐώτιον,

2485 2712 2795 2783 εὑρίσκουσι
2829 2711 2927 2773 τὰς
2954 2712 3345 2779 κυπαριττίνας
3376 2710 3611 2771 δέλτους,
3645 2710 3710 2771 ἃς
3755 2709 3851 2775 (ὡς
3886 2709 4056 2775 ἔοικε)

2484 2804 2750 2872 κατέθηκε
2769 2802 3062 2871 Δερκυλλὶς
3092 2803 3234 2854 κατὰ
3254 2801 3351 2861 τάς
3376 2800 3594 2861 ἐντολὰς
3618 2800 3845 2851 Δεινίου.
3870 2796 4059 2849 Ταῦτα

2484 2896 2763 2963 Βάλαγρον
2792 2895 2999 2960 εἰσάγει
3030 2895 3095 2961 τῇ
3130 2893 3350 2960 γυναικὶ⁵
3390 2892 3695 2960 γράφοντα,
3731 2890 3825 2942 καὶ
3854 2890 3935 2941 ὅτι
3960 2888 4060 2949 ’.ὰς

2485 2986 2904 3053 κυπαριττίνους
2948 2986 3162 3045 δέλτους
3216 2982 3701 3051 μεταγραψάμενος
3731 2980 4060 3047 διαπέμψειε

2486 3082 2550 3147 τῇ
2588 3079 2827 3145 γυναικί.
2859 3079 2964 3128 Καὶ
2994 3076 3179 3128 λοιπὸν
3207 3074 3476 3126 εἰσϐάλλει
3500 3075 3543 3104 ’⁸
3574 3071 3825 3125 ἐντεῦθεν
3850 3074 3877 3124 ό
3903 3072 4065 3137 λόγος

2412 3186 2454 3241 C
2487 3173 2565 3231 εἰς
2588 3170 2685 3239 τὴν
2707 3170 2814 3221 τῶν
2838 3168 3237 3237 κυπαριττίνων
3263 3166 3459 3218 δέλτων
3484 3165 3792 3230 ἀνάγνωσιν
3813 3164 3907 3215 καὶ
3929 3179 4066 3231 γρα-

2492 3263 2619 3329 φὴν,
2649 3263 2740 3311 καὶ
2770 3262 3001 3328 πάρεστι
3029 3259 3241 3319 Δεινίας
3287 3256 3490 3326 Κύμϐα
3534 3256 3889 3324 διηγούμενος
3921 3255 4065 3321 άπερ

2492 3354 2835 3421 προείρηται.
2871 3350 3028 3404 Οὕτω
3082 3350 3181 3419 μὲν
3214 3345 3305 3401 οὖν
3353 3349 3446 3400 καὶ⁵
3491 3349 3582 3398 ἐπί
3616 3348 3829 3407 τούτοις
3876 3348 3911 3413 ἡ
3957 3345 4065 3395 τών

2491 3444 2785 3511 δραμάτων
2833 3441 3029 3504 πλάσις
3078 3441 3155 3511 τῷ
3207 3440 3477 3508 Ἀντωνίῳ
3528 3442 3764 3504 Διογένει
3816 3439 4066 3505 ἐσχημά-

2491 3552 2691 3587 τισται.

2569 3626 2724 3676 Ἐστι
2750 3625 2817 3688 δ’,
2857 3624 2931 3685 ὡς
2960 3624 3156 3684 ἔοικεν,
3186 3617 3339 3685 οὗτος
3360 3624 3537 3691 χρόνῳ
3562 3622 3937 3691 πρεσϐύτερος
3961 3620 4068 3671 τῶν

2493 3721 2563 3770 τά
2594 3716 2817 3769 τοιαῦτα
2862 3715 3269 3767 ἐσπουδακότων
3318 3714 3631 3777 διαπλάσαι,
3669 3707 3780 3765 οἷον
3828 3715 4069 3763 Λουκια-

2494 3808 2610 3868 νοῦ.
2650 3808 2902 3865 Λουκίου.
2946 3806 3274 3875 Ἰάμϐλιχον,
3320 3806 3607 3874 Ἀχιλλέως
3632 3804 3857 3864 Τατίου,
3890 3804 4070 3855 Ἡλιο-

2494 3900 2667 3969 δώρου
2706 3917 2764 3951 τε
2801 3904 2894 3951 καὶ
2925 3899 3239 3967 Δαμασκίου
3261 3914 3274 3927 ⁸
3308 3901 3405 3950 καὶ
3435 3902 3540 3966 γάρ
3572 3897 3665 3949 τοῦ
3691 3897 3819 3964 περὶ
3849 3896 4069 3963 ἀληθῶν

2494 3992 2847 4062 διηγημάτων
2870 3990 3168 4044 Λουκιανοῦ
3196 3991 3287 4042 καὶ
3312 3991 3405 4042 τοῦ
3435 3992 3560 4060 περὶ
3586 3989 4069 4059 μεταμορφώσεων

2494 4084 2724 4136 Λουκίου
2757 4082 2906 4151 πηγὴ
2940 4083 3031 4134 καὶ
3058 4082 3181 4150 ῥίζα
3214 4080 3389 4132 ἔοικεν
3412 4076 3549 4133 εἶναι
3583 4079 3758 4131 τοῦτο.
3790 4080 3865 4131 Οὐ
3910 4080 4070 4148 μόνον

2495 4173 2549 4225 δέ
2582 4172 2715 4225 ἀλλὰ
2746 4174 2841 4225 καὶ
2876 4174 2982 4225 τῶν
3018 4174 3144 4241 περὶ
3176 4171 3435 4223 Σινωνίδα
3474 4172 3564 4223 καὶ
3615 4170 3891 4237 Ῥοδάνην,
3928 4172 4071 4222 Λευ-

2496 4268 2705 4335 κίππην
2751 4282 2809 4317 τε
2864 4267 2957 4316 καὶ
2999 4264 3402 4333 Κλειτοφῶντα,
3450 4264 3545 4316 καὶ
3595 4262 3927 4333 Χαρίκλειαν
3977 4262 4073 4313 καὶ

2497 4360 2792 4425 Θεαγένην,
2834 4357 2941 4407 τῶν
2968 4374 3026 4408 τε
3057 4358 3183 4425 περί
3230 4357 3426 4417 αὐτοὺς
3469 4356 3799 4423 πλασμάτων
3846 4353 4072 4420 καὶτῆς

2499 4451 2705 4516 πλάνης
2753 4448 2972 4517 ἐρώτων
3019 4464 3076 4498 τε
3127 4447 3220 4499 καὶ
3272 4446 3526 4515 ἁρπαγῆς
3576 4447 3670 4497 καὶ
3718 4443 4069 4509 κινδύνων.ή

2499 4540 2791 4610 Δερκυλλὶς
2819 4540 2910 4589 καὶ
2944 4537 3224 4607 Κήρυλλος
3247 4538 3341 4588 καὶ
3366 4535 3707 4604 Θρουσκανὸς
3742 4536 3837 4584 καὶ
3862 4532 4073 4591 Δεινίας

2500 4632 2712 4683 ἐοίκασι
2744 4628 3092 4697 παράδειγμα
3132 4625 3433 4693 γεγονέναι.
3470 4626 3571 4677 Τὸν
3608 4624 3797 4694 χρόνον
3827 4625 3905 4683 δέ,
3951 4620 4078 4674 καθ’

2498 4724 2557 4775 ὃν
2603 4725 2851 4791 ἤκμασεν
2899 4722 2927 4771 ό
2964 4719 3071 4771 τῶν
3120 4719 3453 4788 τηλικούτων
3505 4718 3838 4784 πλασμάτων
3890 4716 4074 4782 πατὴρ

2500 4814 2753 4881 Διογένης
2793 4811 2837 4841 ’³
2861 4814 2889 4863 ό
2928 4810 3227 4869 Ἀντώνιος,
3268 4808 3418 4859 οῠπω
3454 4825 3506 4859 τι
3549 4809 3716 4874 σαφὲς
3760 4808 3958 4874 ἔχομεν
3988 4806 4073 4857 λέ-

2504 4923 2641 4972 γειν,
2673 4903 2810 4971 πλὴν
2854 4902 2997 4952 ἐστιν
3046 4901 3486 4965 ὑπολογίσασθαι,
3516 4900 3591 4961 ὼς
3632 4900 3692 4951 οὑ
3735 4899 3855 4949 λίαν
3886 4900 4075 4967 πόρρω

3320 4990 3497 5009 ’ΔλγΡσ
3543 4991 3565 5009 Β

2147 5129 2379 5183 VARI/EI
2415 5129 2825 5183 LECTIONES.

912 5244 951 5270 “‘
984 5243 1081 5313 ὡς]
1116 5246 1250 5312 πρὸς
1284 5242 1346 5294 Α.

833 5330 997 5375 σωιος
1029 5310 1089 5376 ς’.
1160 5310 1210 5344 “¹⁰
1246 5314 1457 5382 ἐκείνης
1487 5310 1552 5383 ἧν
1585 5310 1861 5384 ἐπίγρξτ.
1942 5315 1983 5343 ³⁸
2016 5322 2190 5384 τοῖχον
2220 5334 2276 5379 τ.

1463 5244 1513 5313 ’ζ
1534 5242 1789 5313 λιθίνους]
1825 5246 2009 5309 quitlui
2039 5246 2241 5305 λιθίνας
2263 5246 2285 5296 ?
2308 5258 2355 5298 et
2396 5246 2518 5298 iuir.
2576 5244 2984 5313 κυπαριττίνας.

2375 5317 2416 5346 ¹¹
2448 5316 2703 5385 ἐμϐάλλει
2742 5332 2800 5377 ς’.

3094 5242 3134 5272 ¹⁸
3172 5244 3465 5312 τριάκοντα
3497 5262 3556 5307 ς.
3665 5246 3703 5276 ¹¹¹
3740 5244 3871 5296 ἐϐίω

2866 5315 2907 5343 τι
2938 5316 2963 5365 ὁ
2990 5325 3113 5367 ante
3148 5316 3400 5384 Διογένης
3431 5317 3580 5383 ponit
3614 5316 3679 5369 Δ.

3928 5246 4073 5301 Μνά-

2336 5434 2564 5489 ΝΟΤίΕ.

903 5521 1013 5584 (29)
1046 5520 1352 5595 Iacuerunt
1377 5525 1518 5577 enim
1549 5525 1757 5595 mortui
1781 5534 1891 5577 toto
1917 5540 1980 5577 eo
2011 5536 2255 5595 tempore
2294 5544 2399 5595 quo

831 5592 1118 5645 Nmtmias
1151 5606 1307 5659 atque
1340 5593 1598 5662 Dercyllis
1633 5597 1681 5646 iu
1720 5594 1929 5647 Thulen
1984 5592 2150 5663 usque
2184 5592 2401 5649 uberru-

835 5673 978 5721 rmtt,
1013 5668 1183 5713 dOm-c
1222 5676 1338 5726 post
1374 5667 1438 5714 ad
1470 5668 1657 5717 horum
1692 5667 1920 5718 ICtiliUllI
1964 5678 2299 5732 rcvrxcraut,
2345 5676 2399 5718 ut

834 5732 1097 5787 [.ilmlalur
1130 5748 1307 5797 supra.

904 5803 1015 5868 (ἆυ)
1044 5801 1114 5855 De
1145 5805 1339 5871 quihus
1362 5819 1538 5869 supra.

2573 5529 2683 5596 (Iit)
2712 5528 2844 5579 (Ioll.
2881 5527 2985 5579 523

2572 5599 2682 5663 (3-2)
2717 5600 2846 5648 (Lm.
2892 5598 2959 5647 ut

2569 5670 2679 5730 (33)
2713 5670 2843 5719 limi.
2872 5668 2937 5715 82

2567 5738 2677 5797 (541
2708 5736 2838 5786 (ind.
2871 5736 2935 5784 ’ῖῦ

2571 5808 2680 5875 (δὸ)
2717 5807 2848 5859 uua.
2898 5806 2993 5857 150
