4224 6446
155 399 247 459 477

1149 406 1669 468 BIBLIOTHECA.
1700 431 1773 449 ·-
1807 408 1970 473 COD.
2004 413 2279 478 CLXVII.

3262 411 3364 476 £78

156 510 193 561 δ’
218 501 366 571 οὗτος
392 508 749 580 ἀρχαιοτέρου
778 513 918 577 τινος
943 514 1311 585 ’Δντιφάνους,
1340 520 1397 571 ὅν
1424 537 1555 588 φησι
1577 523 1706 590 περὶ
1730 521 1765 581 Α

1738 521 1974 593 Agentis
2041 524 2364 595 prodigiosis
2425 524 2822 579 narrationibus
2888 524 3161 579 simillima
3227 540 3354 580 con-

155 601 362 653 τοιαῦτά
389 619 509 654 τινα
532 605 1007 673 τερατολογήματα
1039 609 1512 675 κατεσχολακέναι.
1548 611 1699 663 Ἐστι

155 692 201 741 δὲ
230 694 283 744 ὲν
316 694 505 755 αὐτοῖς
542 694 637 746 καὶ
691 696 943 764 μάλιστα,
978 698 1051 762 ὡς
1104 701 1163 751 ἐν
1192 701 1525 769 τηλικούτοις
1567 704 1703 754 πλά-

158 782 308 849 σμασί
343 798 399 834 τε
429 784 524 834 καὶ
556 784 880 854 μυθεύμασι.
904 788 997 840 δύο
1021 791 1142 841 τινὰ
1171 790 1403 860 θηρᾶσαι
1423 791 1703 862 χρησιμώο

154 890 301 934 τατα,
332 874 391 924 ἓν
425 875 524 942 μὲν
561 876 641 927 ὅτι
694 877 782 928 τὸν
815 879 1143 947 ἀδικήσαντά
1190 899 1263 945 τι,
1310 881 1410 934 κᾶν
1445 883 1703 953 μυριάκις

155 969 395 1031 ἐκφυγεῖν
434 967 581 1037 δόξῃ,
609 970 818 1037 εἰσάγει
848 972 1063 1036 πάντως
1091 974 1247 1043 δίκην
1274 974 1582 1039 δεδωκέναι,
1607 977 1702 1027 καὶ

154 1057 387 1126 δεύτερον
418 1060 501 1111 δτι
545 1060 771 1124 πολλοὺς
805 1063 1093 1128 ἀναιτίους,
1130 1066 1295 1133 ἐγγὺς
1343 1067 1576 1135 μεγάλου
1614 1084 1705 1133 γε-

156 1150 361 1210 γονότας
402 1150 669 1213 κινδύνου,
701 1154 828 1221 παρ’
855 1154 1072 1216 ἐλπίδας
1104 1156 1149 1187 ⁸⁸
1178 1155 1416 1209 δείκνυσι
1446 1158 1703 1221 πολλάκις

155 1240 522 1303 διασωθέντας.

850 1334 1007 1392 ΡΞΖ’.

169 1419 437 1475 Ἰωάννου
493 1427 789 1500 Στὲωβαιόυ
840 1428 1146 1500 Ἑξκλογαί.
1213 1431 1705 1500 Ἀποφθεγμὰτων

564 1494 958 1549 ’Υποθετικών
992 1494 1198 1561 ,βιϐλία
1237 1501 1308 1553 δ’.

206 1604 325 1675 [365
342 1607 381 1658 Β
450 1608 786 1678 Ἀνεγνώσθη
807 1613 1043 1665 Ἰωάννου
1057 1616 1311 1668 Στοόαίου
1328 1618 1627 1687 Ἐκλογῶν
1639 1624 1704 1686 η,

165 1697 654 1764 Λετορθετμὰτων,
675 1699 687 1714 ⁶
701 1700 1034 1764 Υποθηκῶν,
1062 1701 1239 1769 βιϐλία
1254 1704 1489 1775 τέσσαρα
1512 1708 1569 1759 ὲν
1584 1707 1705 1760 τεύ-

151 1802 258 1851 γεσι
287 1786 423 1839 δυσί.
466 1790 782 1857 Προσφωνεί
812 1792 866 1842 δὲ
889 1792 1079 1856 ταῦτα,
1104 1793 1168 1846 δι’
1193 1794 1250 1845 ὃν
1284 1796 1378 1847 καὶ
1410 1796 1507 1866 τὴν
1548 1799 1707 1851 συνά-

151 1874 343 1941 Οροισιν
378 1878 732 1946 φιλοπονῆσαι
758 1881 935 1948 ιλέγει,
964 1884 1239 1954 Σεπτιμίῳ
1266 1887 1309 1917 ’⁸
1343 1887 1455 1959 ίδίῳ
1486 1889 1603 1959 υἱῷ.
1641 1892 1703 1942 Ἡ

150 1967 195 2017 δὲ
234 1970 522 2040 συναγωγὴ
569 1972 716 2041 αὐτῷ
747 1973 809 2025 ἐκ
839 1991 895 2027 τε
932 1978 1171 2044 ποιητῶν
1202 1981 1294 2031 καὶ
1339 1983 1581 2050 ρητόρων
1612 1986 1705 2037 καὶ

150 2060 246 2110 τῶν
272 2062 412 2114 κατά
435 2064 531 2125 τὰς
562 2064 833 2130 πολιτείας
862 2066 989 2138 [I90
1011 2068 1051 2121 ll
1081 2068 1099 2141 ]
1145 2070 1408 2142 λαμπρῶς
1444 2074 1703 2143 βεϐιωκό-

150 2170 245 2205 των
272 2157 489 2221 ἐγένετο
513 2200 526 2218 ,
568 2151 643 2211 ὧν
690 2159 784 2228 (ὡς
826 2164 917 2214 καὶ
964 2164 1122 2226 αὑτός
1152 2175 1304 2235 φησι)
1335 2168 1442 2219 τῶν
1469 2171 1567 2237 μὲν
1607 2172 1702 2234 τὰς

150 2246 363 2313 ἐκλογάς
394 2250 440 2279 "
482 2250 590 2301 τῶν
619 2251 674 2304 δὲ
705 2253 773 2305 τὰ
803 2254 1195 2325 ἀποφθέγματα
1244 2261 1337 2311 καί
1382 2278 1542 2313 τινων
1574 2263 1703 2317 ὑποο

150 2337 307 2405 θήκας
360 2341 775 2411 συλλεξάμενος,
812 2346 903 2398 ἐπὶ
936 2347 1010 2416 τῷ
1045 2350 1303 2418 ρυθμίσαι
1352 2355 1443 2404 καὶ
1484 2354 1703 2423 βελτιῶ-

151 2444 229 2477 σαι
252 2428 327 2496 τῷ
368 2431 526 2483 παιδὶ
553 2432 650 2500 τὴν
691 2433 873 2499 φύσιν,
899 2436 1271 2509 ἀμαυρότερον
1303 2442 1528 2511 ἔχουσαν
1567 2447 1702 2517 πρὸς

147 2518 233 2585 τὴν
260 2520 363 2571 τῶν
392 2522 835 2592 ἀναγνωσμάτων
871 2530 1091 2598 μνήμην
1114 2531 1179 2595 ³⁸,
1212 2534 1488 2589 στείλειεν.

214 2611 364 2663 Ἔστι
393 2613 452 2664 δὲ
486 2615 634 2683 αύτῷ
678 2618 738 2669 τὸ
774 2620 871 2687 μὲν
895 2626 942 2672 α’
991 2620 1193 2690 βιδλίον
1239 2628 1481 2690 φυσικὸν,
1519 2630 1613 2682 τοῦ
1644 2631 1701 2684 δὲ

150 2701 187 2769 β’
214 2704 270 2755 τὸ
298 2705 398 2772 μέν
433 2723 488 2757 τι
522 2707 643 2790 κατ’
678 2710 849 2778 ἀρχὰς
885 2713 1049 2781 μέρος
1076 2714 1311 2782 λογικὸν,
1344 2718 1404 2770 τὸ
1430 2720 1475 2749 ¹⁹
1513 2722 1568 2774 δὲ
1592 2724 1703 2775 λοι-

147 2792 236 2842 πὸν
260 2796 351 2844 καὶ
383 2794 635 2847 πλεῖστον
672 2797 715 2827 ³⁸
747 2798 933 2863 ἠθικόν
956 2817 968 2830 ·
1005 2803 1098 2854 καὶ
1146 2804 1205 2854 τὸ
1230 2811 1277 2870 γ’
1310 2806 1363 2857 δὲ
1408 2810 1500 2859 καὶ
1546 2810 1608 2863 τὸ
1634 2813 1697 2871 δ’.

147 2882 272 2951 πλὴν
321 2884 633 2948 ὀλιγίστων,
685 2887 847 2955 ὴθικά
898 2893 989 2941 καὶ
1028 2893 1298 2949 πολιτικά.
1340 2899 1449 2949 Καὶ
1500 2901 1608 2971 γάρ
1640 2901 1700 2953 τὸ

148 2976 235 3040 μὲν
281 2982 326 3027 α’
360 2978 480 3044 ἔχει
517 2980 614 3044 μὲν
659 2980 924 3047 κεφάλαια
955 2982 1030 3047 Ξ¹,
1060 2980 1140 3047 οἷς
1192 2988 1285 3038 καὶ
1316 2992 1414 3051 τὰς
1441 2992 1548 3043 τῶν
1596 3012 1701 3048 παω

144 3064 295 3118 λαιῶν
350 3069 582 3138 ἁρμόζει
629 3074 849 3147 χρήσεις
886 3077 976 3128 καὶ
1026 3078 1248 3146 χρείαςο
1283 3082 1451 3137 ταῦτα
1493 3087 1549 3139 δέ
1595 3091 1698 3141 είσι

146 3160 268 3259 μετὰ
301 3161 358 3212 τὸ
397 3162 547 3259 λπερὶ
596 3162 729 3215 Θεοῦ
768 3165 1059 3228 διαλαϐεῖν,
1104 3171 1184 3222 ὅτι
1220 3174 1558 3244 Δημιουργὸς
1590 3180 1697 3232 τῶν
1724 3204 1765 3259 C

143 3249 295 3300 όντων
324 3252 418 3302 καὶ
446 3253 622 3304 διέπει
651 3254 711 3307 τὸ
740 3256 859 3307 ὅλον
889 3259 965 3325 τῷ
992 3260 1091 3328 τῆς
1117 3266 1371 3331 προνοίας
1397 3268 1559 3338 λόγῳ,
1583 3272 1701 3324 δεύ-

141 3356 283 3408 τερον
311 3346 443 3413 περὶ
481 3344 587 3395 τῶν
639 3348 966 3413 νομιζόντων
1012 3352 1086 3421 μὴ
1137 3348 1275 3407 εἶναι
1308 3360 1562 3425 πρόνοιαν
1608 3366 1699 3416 καὶ

142 3433 399 3499 ἑπομένας
451 3436 625 3524 ταύτῃ
665 3438 812 3502 θείας
840 3442 931 3493 ἐπὶ
963 3445 1029 3513 τῇ
1071 3445 1163 3497 τοῦ
1210 3450 1405 3512 παντὸς
1435 3452 1699 3524 διοικήσει

140 3523 404 3592 Ξυνάμεις.
441 3522 563 3579 εἶτα
607 3531 735 3598 περὶ
764 3532 917 3600 δίκης
953 3535 1104 3603 παρὰ
1136 3536 1228 3595 τοῦ
1273 3538 1403 3592 Θεοῦ
1433 3522 1698 3614 τεταγμέ-

140 3631 226 3681 νης
270 3618 598 3670 ἐποπτεύειν
636 3622 704 3671 τά
757 3624 1015 3691 γινόμενα
1062 3628 1165 3679 ὑπὸ
1216 3630 1325 3681 τῶν
1376 3634 1695 3703 ἀνθρώπων,

137 3707 363 3796 τιμωρὸν
391 3703 562 3760 οὖσαν
591 3709 698 3761 τῶν
713 3714 1153 3782 ἁμαρτανόντων,
1181 3722 1274 3772 καὶ
1296 3724 1421 3792 περὶ
1454 3725 1698 3796 ἀνάγκης

138 3794 293 3858 θείας,
344 3800 474 3850 καθ’
506 3800 572 3869 ῆν
605 3805 991 3875 ἀπαραιτήτως
1019 3808 1085 3860 τά
1114 3812 1253 3862 κατά
1296 3814 1394 3882 τὴν
1424 3814 1517 3867 τοῦ
1562 3794 1697 3872 Θεοῦ

136 3885 330 3954 γίνεται
368 3889 661 3959 βούλησινο
698 3893 823 3961 περί
862 3911 920 3947 τε
968 3897 1305 3972 εἱμαρμένης
1338 3903 1431 3954 καὶ
1464 3904 1561 3973 τῆς
1588 3905 1697 3959 τῶν

136 3983 421 4047 γινομένων
468 3984 756 4049 εὐταξίας·
790 3986 919 4055 περί
954 4006 1014 4040 τε
1061 3992 1289 4061 τύχηςῆ
1334 3998 1693 4064 ταυτομάτου,

136 4072 218 4120 καὶ
249 4073 325 4123 ὅτι
357 4074 644 4139 ἀλόγιστος
679 4078 710 4144 ἠ
739 4079 877 4145 φορά
902 4080 998 4146 τῆς
1021 4079 1219 4150 τύχης·
1250 4084 1375 4152 περί
1409 4103 1466 4138 τε
1498 4087 1539 4117 ³¹
1568 4090 1695 4158 χρό-

135 4178 216 4212 νου
262 4166 453 4228 οὐσίας
502 4167 598 4217 καὶ
633 4169 833 4237 μερῶν,
883 4172 975 4223 καὶ
1022 4174 1202 4227 πόσων
1235 4176 1316 4244 εἴη
1363 4178 1569 4241 αἴτιοςο
1602 4184 1695 4233 καὶ

134 4255 251 4323 περὶ
280 4257 608 4326 Ἀφροδίτης
630 4260 887 4330 οὐρανίας
914 4263 1007 4314 καὶ
1032 4265 1231 4332 ἔρωτος
1262 4268 1407 4319 θείου
1426 4283 1438 4297 ·
1471 4268 1695 4327 δέκατον

134 4345 249 4411 περὶ
285 4346 476 4415 ἀρχῶν
528 4350 621 4399 καὶ
678 4351 953 4420 στοιχείων
1006 4354 1099 4404 καὶ
1144 4354 1238 4409 τοῦ
1295 4357 1510 4421 παντός.
1558 4357 1694 4413 Εἶτα

132 4435 252 4504 περὶ
277 4436 432 4506 ὕλης,
486 4440 616 4508 περὶ
647 4439 809 4504 ἰδέας,
855 4442 980 4512 περὶ
1013 4444 1222 4507 αἰτίων,
1261 4448 1388 4516 περὶ
1427 4451 1693 4519 σωμάτων

1802 617 2082 683 scripsisse
2112 618 2207 672 ait.
2246 617 2324 671 Ex
2375 616 2506 681 ipsis
2555 630 2682 669 vero
2736 616 3095 685 potissimum,
3130 628 3186 670 ut
3234 627 3285 670 et
3332 632 3365 672 ο

1802 708 2014 761 caeteris
2074 707 2232 774 hujus
2292 705 2480 761 farina:
2525 706 2664 761 ﬁcti:
2714 707 3112 760 narrationibus
3164 706 3358 774 duplex

1801 797 2007 866 parari,
2041 812 2212 867 eaque
2245 813 2349 852 non
2386 797 2596 852 modica
2654 797 2858 851 utilitas
2887 807 3087 866 potest.
3122 798 3359 851 Primum

1804 888 2041 956 quidem,
2078 889 2218 955 quod
2248 889 2392 953 hinc,
2422 889 2522 945 etsi
2557 889 2645 958 qui
2684 888 2878 956 injuste
2897 889 3170 957 quidpiam
3192 890 3363 941 admi-

1806 988 2011 1039 serunt,
2062 977 2304 1047 effugere
2333 979 2528 1047 saepius
2565 979 2869 1038 videantur.
2927 980 3146 1032 tandem
3181 988 3358 1031 tamen

1802 1070 2026 1123 meritas
2051 1070 2181 1124 dare
2214 1084 2421 1138 pmnas,
2472 1070 2672 1125 discas.
2706 1069 2949 1125 lnsontes
3008 1070 3201 1123 deinde
3230 1069 3365 1121 mul-

1804 1167 1910 1221 tos,
1952 1159 2258 1227 ingentibus
2285 1161 2494 1214 vicinos
2524 1161 2802 1227 periculis,
2842 1170 3035 1229 praeter
3066 1174 3216 1227 spem
3249 1174 3366 1210 om-

1806 1264 1925 1302 nem
1960 1264 2327 1318 satpenumero
2348 1249 2575 1303 servari.

2458 1338 2712 1393 CLXVII.

1802 1428 2033 1482 Joannis
2072 1427 2265 1482 Stobwi
2329 1427 2643 1494 Eclcgarum
2672 1466 2688 1491 ,
2734 1428 3271 1495 Apophthegmatum,
3318 1435 3365 1479 et

2184 1501 2300 1553 vim
2319 1498 2737 1563 Prwceptionum
2771 1500 2886 1549 libri
2915 1514 2987 1550 tv.

1880 1612 2134 1683 Legimus
2182 1611 2406 1666 Joannis
2457 1612 2654 1666 Stobzci
2696 1610 3037 1680 Eclogarum,
3069 1609 3366 1677 Apophthe-

1809 1716 2065 1774 gmatum,
2087 1716 2132 1757 et
2156 1703 2565 1771 Praceptionum
2597 1705 2713 1755 vita
2741 1703 2904 1755 libros
2937 1710 3189 1769 quatuor,
3220 1701 3367 1751 volu-

1811 1798 2047 1849 minibus
2078 1796 2311 1849 duobus.
2347 1795 2568 1847 Dedicat
2596 1809 2707 1857 eas,
2741 1792 2893 1859 cujus
2920 1792 3153 1844 tnaxime
3195 1795 3365 1858 gratia

1738 1862 1778 1917 Β
1807 1887 2064 1940 cnllemos
2122 1884 2386 1951 aﬂirmat,
2431 1884 2685 1938 Sestimio
2738 1884 2849 1953 (‘36)
2898 1885 3009 1937 tilio
3043 1898 3159 1935 suo.
3191 1882 3365 1935 Colle-

1805 1979 1877 2045 git
1894 1987 2070 2031 autem
2093 1978 2166 2045 (ut
2196 1978 2421 2044 ipsemet
2440 1974 2662 2044 indicat)
2685 1991 2714 2027 e
2734 1973 3140 2046 [philosopliis,]
3167 1976 3361 2043 poetis,

1803 2071 2130 2132 oratoribus,
2159 2078 2320 2136 atque
2346 2083 2411 2121 ex
2446 2069 2511 2121 iis
2546 2067 2638 2135 qui
2674 2068 2724 2120 in
2761 2068 2906 2120 omni
2973 2067 3249 2135 republica
3280 2078 3365 2118 re-

1804 2165 1902 2215 bus
1941 2164 2104 2231 gestis
2150 2162 2477 2225 claruerunt,
2512 2160 2709 2227 partim
2739 2160 2974 2227 eclogas,
3004 2159 3198 2225 partim
3235 2172 3364 2225 apo-

1803 2259 2179 2326 phthegtnata.
2216 2254 2408 2323 partim
2435 2252 2669 2318 denique
2702 2252 3045 2305 instituenda:
3072 2252 3193 2304 vita:
3227 2266 3365 2317 pra:-

1802 2360 1977 2416 cepta,
2006 2361 2126 2416 quae
2170 2348 2338 2398 instar
2371 2344 2636 2398 columnas
2668 2342 2893 2411 alicujus
2932 2342 3141 2410 erigere
3174 2340 3362 2405 voluit,

1801 2456 1908 2509 quo
1939 2440 2004 2491 ad
2049 2440 2190 2492 banc
2233 2450 2412 2489 rerum
2456 2435 2717 2487 lectarum
2756 2433 2926 2487 stelen
2968 2432 3187 2484 dubium
3226 2445 3361 2483 nou-

1802 2532 1933 2587 niltil
1967 2532 2059 2585 lilii
2088 2531 2359 2597 ingenium
2387 2534 2752 2593 componeret,
2775 2525 3070 2590 meliusque
3093 2523 3359 2577 redderet.

1871 2624 2085 2677 Primus
2132 2632 2306 2675 autem
2368 2618 2501 2673 liber
2551 2628 2696 2671 totus
2732 2627 2815 2670 est
2858 2615 3114 2686 physicus
3163 2628 3178 2666 :
3228 2614 3362 2667 alter

1800 2717 1993 2771 deinde
2017 2715 2128 2784 (5⁵7)
2161 2714 2340 2781 aliqua
2386 2711 2467 2765 sui
2508 2721 2659 2778 parte
2694 2710 2757 2761 ad
2782 2721 3086 2763 sermonem
3109 2707 3176 2759 ab
3207 2704 3362 2758 initio

1799 2809 2032 2875 pertinet
2079 2824 2092 2860 :
2144 2816 2335 2858 extera
2387 2818 2535 2868 vero,
2576 2811 2629 2856 et
2674 2802 2828 2870 longe
2866 2800 3122 2860 maxima,
3153 2798 3363 2852 ethicos

1799 2909 1901 2953 est.
1964 2898 2178 2951 Tertius
2222 2897 2453 2965 denique
2521 2905 2581 2947 et
2628 2904 2897 2960 quartus,
2965 2904 3136 2957 pauca
3181 2889 3225 2943 si
3270 2891 3363 2941 de-

1801 3005 1935 3050 mas.
1998 2992 2171 3043 ethica
2243 3002 2454 3041 rursum
2511 2997 2564 3039 et
2622 2986 2834 3054 politica
2894 2984 3177 3036 continent
3224 2980 3359 3051 (58).

1798 3082 2009 3135 Primus
2061 3082 2237 3146 itaque
2310 3080 2443 3132 liber
2490 3079 2661 3144 capita
2712 3076 3088 3142 complectitur
3123 3089 3216 3138 ωε,
3292 3075 3359 3125 ad

1800 3188 1921 3241 qua;
1953 3183 2195 3224 veterum
2242 3170 2538 3224 sententias
2565 3168 2677 3237 (59)
2710 3168 3054 3234 celebriaque
3087 3167 3230 3217 diota
3272 3179 3358 3216 re-

1800 3266 1961 3332 degit.
1997 3264 2137 3317 Sunt
2183 3275 2362 3316 autem
2402 3265 2503 3315 ista
2539 3278 2553 3313 :
2604 3261 2890 3327 Postquam
2942 3261 3005 3311 de
3046 3256 3156 3311 Deo
3188 3257 3356 3309 disse-

1801 3360 1907 3408 ruit
1948 3354 2082 3423 (40),
2132 3364 2444 3408 cunctorum
2494 3369 2615 3407 eum
2645 3352 2903 3419 Opiﬁcem
2954 3365 3096 3414 esse,
3135 3358 3189 3403 et
3236 3362 3361 3416 pro-

1798 3448 2035 3499 videntia
2080 3462 2174 3499 sua
2219 3446 2517 3516 gubernare
2553 3446 2885 3498 universum.
2919 3443 3227 3497 Secundum
3265 3458 3360 3496 ca-

1796 3552 1891 3607 put
1918 3542 1983 3592 de
2007 3539 2072 3591 iis
2096 3538 2228 3607 agit,
2254 3539 2344 3606 qui
2371 3538 2771 3608 providentiam
2797 3534 3013 3598 tollunt,
3042 3535 3362 3602 divinosque

1798 3632 2083 3689 facultates
2118 3646 2233 3695 eas,
2275 3648 2392 3700 quae
2432 3632 2575 3685 illam
2612 3631 2781 3700 ipsam
2816 3632 2881 3685 ad
2922 3631 3232 3684 universum
3262 3632 3360 3683 ad-

1802 3725 2221 3778 ministrandum
2254 3732 2681 3792 consequuntur.
2712 3724 2765 3776 3.
2800 3722 3001 3775 Deinde
3050 3722 3117 3776 de
3156 3721 3359 3775 consti-

1798 3824 1913 3869 tuta
1943 3832 1971 3870 a
2014 3814 2122 3869 Deo
2144 3813 2352 3884 justitia
2403 3816 2467 3867 ad
2510 3814 2786 3868 hominum
2827 3812 2965 3866 facta
3003 3813 3357 3880 inspicienda,

1797 3919 1851 3961 et
1884 3919 2099 3974 percata
2130 3909 2420 3977 punienda.
2453 3909 2507 3963 4.
2546 3908 2619 3961 De
2656 3908 2833 3961 divina
2864 3906 3213 3967 necessitate,
3245 3922 3353 3975 qua

1800 4002 2111 4054 necessario
2138 4011 2329 4054 cuncta
2364 4015 2482 4068 quae
2504 4016 2569 4053 ex
2606 4000 2696 4053 Dei
2727 4000 3001 4055 voluntate
3033 4009 3177 4064 sunt,
3205 3999 3355 4054 ﬁunt.

1796 4093 1850 4147 5.
1883 4094 1955 4145 De
1991 4092 2121 4157 fato,
2153 4103 2209 4146 et
2241 4103 2364 4158 apto
2400 4107 2587 4145 eorum
2621 4108 2739 4159 qua:
2781 4092 2915 4145 ﬁunt
2954 4094 3164 4146 ordine.
3195 4092 3247 4145 6.
3286 4093 3359 4146 De

1797 4184 2009 4235 fortuna
2059 4184 2172 4237 sive
2216 4197 2369 4237 casu.
2402 4182 2455 4235 7.
2494 4181 2728 4236 Temere
2766 4182 2868 4235 huc
2924 4181 3052 4234 illuc
3092 4181 3357 4234 fortunam

1796 4272 1948 4326 ferri.
1999 4273 2051 4326 8.
2097 4271 2169 4325 De
2222 4273 2481 4342 temporis
2538 4282 2731 4327 natura
2759 4288 2821 4326 ac
2848 4274 3113 4339 partibus.
3148 4283 3200 4326 et
3230 4283 3361 4341 quot

1796 4373 2226 4431 quautarumque
2246 4378 2421 4416 rerum
2446 4378 2607 4417 causa
2632 4362 2699 4415 sit
2716 4361 2847 4429 (41).
2865 4363 2916 4416 9.
2942 4362 3013 4416 De
3038 4377 3231 4415 venere
3245 4375 3359 4415 cce-

1797 4455 1912 4507 lesti
1936 4461 1987 4506 et
2006 4453 2193 4507 divino
2216 4468 2416 4507 amore.
2445 4453 2530 4506 10.
2558 4452 2631 4507 De
2662 4453 3356 4521 principiis.etelementis,

132 4528 367 4599 καὶπερὶ
405 4530 508 4598 τῆς
550 4530 594 4561 ³¹
623 4532 827 4584 τούτων
874 4534 1045 4603 τομῆς
1085 4537 1177 4589 καὶ
1228 4540 1357 4606 περὶ
1389 4539 1693 4610 ἐλαχίστου,
1729 4544 1765 4597 D

1738 4545 1770 4597 D
1801 4558 1961 4615 atque
1994 4548 2268 4598 universo.
2296 4546 2379 4598 Η.
2415 4545 2551 4598 llinc
2583 4545 2771 4613 1126
2804 4545 2874 4598 De
2898 4545 3144 4599 materia.
3171 4543 3255 4597 l2.
3285 4542 3359 4595 De

132 4618 248 4687 περὶ
278 4622 602 4689 σχημάτων,
659 4624 786 4693 περὶ
820 4624 1147 4693 χρωμάτων,
1197 4630 1327 4694 περὶ
1368 4629 1566 4698 μίξεως
1600 4633 1694 4685 καὶ

133 4710 387 4775 κράσεως,
424 4716 559 4783 περὶ
592 4717 748 4768 κενοῦ
773 4718 819 4749 ⁸³
842 4720 934 4772 καὶ
981 4720 1144 4773 τόπου
1189 4724 1283 4775 καὶ
1328 4722 1529 4793 χώρας,
1563 4726 1691 4796 περὶ

1801 4639 1940 4695 idea.
1978 4640 2064 4691 13.
2101 4639 2171 4690 De
2213 4637 2413 4691 causis.
2458 4637 2546 4691 Η.
2580 4635 2654 4690 De
2699 4637 3035 4704 corporibus.
3064 4650 3357 4700 eorumque

1800 4730 2060 4793 saetione,
2087 4731 2227 4781 etde
2266 4730 2507 4783 minimo.
2539 4728 2623 4781 15.
2663 4726 2737 4781 De
2787 4728 2989 4796 ﬁguris.
3036 4727 3123 4778 Μ.
3169 4727 3240 4777 De
3265 4740 3359 4776 co.

1443 4861 1675 4917 VARIE
1700 4863 2098 4919 LECTIONES.

129 5006 141 5018 .
192 4941 235 4969 ’δ
264 4940 459 4995 ἐλπίδα
495 4960 558 5005 ς.

130 5025 217 5073 Αην
250 5028 305 5073 ς,

130 5080 243 5148 πέρι
270 5082 333 5133 Δ.

652 4946 698 4976 ³⁵
731 4945 951 5020 ἐκλογαὶ
976 4964 1036 5010 ς.
1113 4949 1157 4979 ¹⁶
1192 4947 1460 5020 Σεστιμίῳ
1488 4971 1545 5016 ς’.

416 5018 467 5045 "
498 5015 561 5065 τὸ
605 5027 730 5068 ante
760 5016 859 5081 μέν
885 5034 993 5070 om.
1048 5033 1130 5085 pr.
1161 5020 1226 5073 Α.

1646 4958 1689 4987 ³⁷
1720 4955 1973 5027 ἐκλογάς]
2008 4958 2092 5010 ῖσ.
2129 4956 2351 5025 γνώμας
2388 4955 2745 5027 Stepltanns._
2788 4954 2833 4985 ⁸⁸
2861 4955 3073 5027 μᾲνήνην
3102 4954 3189 5027 A_:
3214 4954 3357 5027 pri)-

1330 5021 1370 5052 ”
1402 5023 1650 5078 πλεῖστον
1686 5027 1728 5078 Α
1760 5046 1774 5081 :
1810 5021 2082 5079 πολιτικὸν
2129 5021 2224 5080 καὶ
2414 5028 2455 5056 ³¹
2484 5021 2543 5077 τε
2572 5028 2694 5077 add.
2721 5024 2788 5078 Α.
2864 5021 2933 5054 ί³²
2958 5021 3088 5091 περὶ
3112 5022 3230 5091 τῆς]
3258 5022 3314 5073 τί

2414 5028 2455 5056 ³¹
2484 5022 2543 5077 τε
2572 5028 2694 5077 add.
2721 5024 2788 5078 Α.
2891 5025 2933 5054 ³³
2960 5022 3230 5093 περὶτῆς]
3258 5022 3359 5090 τῆς

1674 5182 1905 5245 NOTAE.

190 5264 528 5340 ('56)_Suidas
553 5264 825 5340 (Ἐτίμων
856 5268 1031 5333 vocat)
1063 5282 1192 5336 puto
1233 5270 1443 5340 legend.
1486 5275 1692 5328 utrobi-

135 5349 229 5397 que
264 5337 550 5405 Ἐπτίμιον
574 5336 733 5404 quiet
762 5336 873 5402 ipse
900 5350 1140 5403 quatuor
1163 5336 1360 5395 Stob'mi
1393 5342 1561 5396 libros
1589 5361 1687 5395 un-

130 5417 305 5466 ment.
340 5421 581 5476 quorum
632 5405 717 5462 vix
771 5418 881 5461 tres
927 5408 1090 5463 hodie
1146 5412 1338 5480 integri
1397 5413 1687 5469 circumfe-

130 5487 323 5529 l'llllllll'.

191 5547 296 5612 (57)
319 5546 423 5601 Sex
462 5546 642 5614 prima
683 5548 881 5614 capita,
907 5565 1024 5617 qua!
1056 5561 1111 5604 et
1138 5551 1547 5607 interciderunt.

192 5617 296 5688 (βε)
320 5619 464 5682 Quin
496 5627 553 5671 et
582 5621 915 5673 meouomica
953 5624 1220 5688 quaedam.

194 5686 297 5755 (39)
323 5688 504 5741 [labes
536 5702 598 5739 ea
630 5690 833 5750 omnia,
880 5686 981 5742 aut
1003 5707 1137 5755 pene
1172 5692 1375 5756 omnia,
1412 5692 1597 5747 Graece
1628 5705 1682 5747 et

128 5751 303 5809 Latine
342 5773 368 5807 a
398 5756 529 5809 Gul.
563 5756 796 5810 Cantero
825 5751 1025 5823 pridem
1056 5760 1216 5816 edita.
1254 5751 1541 5815 scd'aliter
1576 5765 1675 5815 ali-

127 5826 236 5877 cubi
260 5827 544 5892 distincta,
571 5840 626 5881 et
650 5844 1022 5899 nonnusquam
1050 5832 1391 5899 perturbata,
1413 5843 1505 5887 aut
1526 5836 1674 5889 varie

1795 5282 1913 5354 sine
1948 5282 2117 5337 titulis
2157 5284 2433 5352 dispersa,
2475 5294 2829 5354 praeterquam
2879 5283 3020 5354 quod
3070 5282 3250 5338 multis
3301 5283 3353 5336 in

1796 5350 2207 5422 locisqcorrupta
2241 5350 2349 5407 sint
2374 5369 2436 5407 ac
2462 5350 2666 5409 mutila.

1866 5420 1978 5488 (40)
2009 5419 2158 5487 Quod
2208 5423 2295 5477 hic
2329 5426 2612 5476 intercedit
2644 5426 2693 5476 in
2722 5422 2937 5477 Canteri
2983 5421 3243 5477 editione.
3283 5419 3354 5473 De

1795 5494 2026 5562 numeris
2055 5503 2227 5560 caput,
2253 5510 2279 5544 ε
2326 5492 2710 5562 Prolegomenis
2758 5495 2857 5545 huc
2901 5493 3036 5545 male
3076 5491 3354 5562 trajectum

1793 5563 1935 5631 docet
1963 5560 2120 5615 Pltot.
2145 5580 2263 5631 pag.
2291 5580 2396 5623 seq.
2434 5560 2688 5616 et'noslra
2726 5563 3018 5628 fragmenta
3064 5560 3348 5614 ἀνέκδοτα.

1793 5630 2006 5684 Constat
2058 5630 2191 5685 idem
2217 5630 2279 5685 ea:
2324 5632 2444 5687 cod.
2471 5650 2568 5687 ms.
2606 5632 2949 5685 Bibliotheca:
2971 5632 3314 5700 Augustaua’.

1827 5772 1847 5787 η
1867 5702 1977 5768 (41)
2012 5704 2247 5758 Emenda
2275 5705 2398 5759 binc
2443 5704 2497 5758 iu
2528 5704 2747 5759 Cauteri
2771 5704 2902 5757 edit.
2940 5703 3034 5755 καὶ
3062 5703 3241 5754 πόσων
3266 5701 3351 5769 εἴη

1786 5787 1976 5835 αιτιος.
