4224 6446
154 415 245 487 481

1169 419 1689 481 BIBLIOTIIECA.
1728 442 1796 454 —
1835 416 1995 475 COD.
2031 413 2307 474 CLXVII.

3269 404 3375 469 482

219 534 291 587 Τδ
307 532 364 587 δὲ
380 533 425 603 β’
442 533 645 603 βιϐλίον
663 535 1075 607 συμπληροῦται
1096 536 1193 605 μὲν
1206 537 1518 606 κεφαλαίοις
1534 539 1589 602 ς
1599 537 1707 589 ’καὶ

1768 548 1783 594 ι
1883 533 2035 586 Alter
2055 531 2176 584 dein
2200 530 2333 583 liber
2354 542 2471 583 τινι
2502 526 2798 581 absolvitur
2813 525 3085 595 capitibus
3106 525 3236 595 (47).
3259 524 3377 580 Pri-

155 628 239 680 M"
260 627 617 696 διαλαμϐάνει
632 628 687 681 δὲ
709 628 921 698 πρῶτον
939 630 1034 699 μὲν
1050 632 1177 699 περὶ
1198 630 1305 682 τῶν
1323 628 1391 682 τὰ
1409 629 1526 682 θεῖα
1542 630 1715 698 ἑρμη-

156 719 437 780 νευόντων,
475 721 568 772 καὶ
596 719 670 781 ὼς
699 722 783 790 εἴη
814 721 1116 791 ἀνθρώποις
1142 723 1521 792 ἀκατάληπτος
1547 724 1579 791 ἡ
1609 722 1716 775 τῶν

155 806 356 875 νοητῶν
380 811 525 862 κατά
544 811 641 879 τὴν
674 811 859 863 οὐοίαν
880 812 1124 883 ἀλήθεια,
1153 809 1270 865 εἶτα
1296 813 1423 883 περὶ
1453 813 1718 865 διαλεκτι-

1815 638 1959 676 mum
1990 621 2204 689 quidem
2243 621 2310 672 de
2348 634 2624 672 sarrurum
2674 617 3070 685 interpretibus,
3098 628 3151 671 et
3174 621 3315 686 quod
3342 631 3377 673 ι

1822 714 2137 769 mortalibus
2179 712 2541 778 spiritualium
2588 725 2711 763 vera
2762 720 2950 763 natura
2993 711 3375 776 comprehendi

1819 814 2065 872 nequeat.
2099 803 2151 856 2.
2197 802 2331 857 Hinc
2361 802 2427 855 de
2463 811 2579 855 arte
2635 802 2955 855 disserendi.
3023 801 3077 856 5.
3118 803 3189 855 De
3243 804 3377 856 bene

156 899 273 965 κῆς,
311 900 414 951 καὶ
440 901 571 970 περὶ
596 902 912 972 ῥητορικῆς,
945 904 1036 955 καὶ
1073 906 1200 973 περὶ
1226 904 1384 972 λόγου
1413 906 1505 957 καὶ
1540 922 1720 974 γραμ-

1819 897 2028 950 dicendi
2078 894 2356 951 facultate.
2388 898 2439 951 4.
2479 895 2551 949 De
2580 894 2853 959 Oratione,
2896 910 2956 948 ac
2992 896 3189 948 litteris
3243 897 3375 963 (48).

159 992 359 1057 μάτων,
389 995 519 1060 περὶ
565 994 873 1061 ποιητικῆς,
908 995 1035 1064 περὶ
1068 996 1408 1065 χαρακτῆρος
1458 995 1565 1047 τῶν
1614 1013 1721 1049 πα-

154 1082 402 1143 λαιῶνδί,
453 1084 582 1154 περὶ
632 1085 725 1138 τοῦ
777 1084 965 1154 ἠθικοῦ
1014 1087 1183 1149 εἴδους
1233 1087 1331 1156 τῆς
1385 1088 1718 1156 φιλοσοφίας,

154 1174 275 1240 περὶ
309 1174 423 1225 τῶν
450 1175 535 1241 ἐφ’
567 1176 717 1243 ἡμῖν,
751 1176 833 1229 δτι
869 1178 1040 1240 οὐδεὶς
1072 1179 1214 1229 ἑκὼν
1244 1178 1475 1246 πονηρὸς
1498 1219 1511 1240 ,
1544 1181 1723 1231 ὁποῖον

154 1264 255 1330 χρὴ
282 1259 426 1316 εἶναι
460 1265 551 1317 τὸν
576 1267 882 1334 φιλόσοφον,
912 1269 994 1320 ὅτι
1019 1267 1125 1337 χρὴ
1159 1268 1335 1321 σέϐειν
1367 1269 1426 1321 τὸ
1455 1268 1616 1335 θεῖον,
1644 1271 1725 1323 ὅτι

152 1355 259 1412 τοῖς
289 1353 542 1406 εὐσεϐέσι
578 1355 673 1407 καὶ
701 1356 928 1417 δικαίοις
956 1356 1139 1425 βοηθεῖ
1171 1358 1231 1409 τὸ
1274 1360 1519 1425 κρεῖττον
1538 1374 1551 1386 ·
1597 1359 1725 1427 περὶ

158 1446 423 1512 μαντικῆς
450 1461 463 1473 ·
519 1447 598 1497 ὅτι
630 1448 734 1516 χρὴ
770 1450 897 1517 περὶ
931 1448 1123 1500 πολλοῦ
1154 1447 1421 1502 ποιεῖσθαι
1469 1450 1567 1512 τὰς
1618 1451 1725 1503 τῶν

155 1536 331 1600 σοφῶν
388 1538 705 1601 συνουσίας,
735 1538 1003 1592 ἐκκλίνειν
1034 1540 1148 1592 δὲη
1194 1544 1316 1605 τοὺς
1366 1543 1599 1610 φαύλους
1634 1543 1727 1594 καὶ

152 1626 523 1689 ἀπαιδεύτους
543 1644 556 1655 ·
592 1630 718 1696 περὶ
744 1629 837 1681 τοῦ
867 1630 1042 1682 δοκεῖν
1071 1632 1164 1681 καὶ
1190 1632 1282 1683 τοῦ
1320 1628 1457 1684 εἶναι
1482 1670 1495 1693 ,
1533 1634 1624 1685 καὶ
1649 1633 1729 1685 ὅτι

152 1720 211 1769 οὐ
262 1718 342 1788 τῷ
395 1719 541 1787 λόγῳ
594 1721 700 1789 χρὴ
758 1721 963 1790 κρίνειν
1009 1723 1099 1773 τὸν
1142 1723 1444 1793 ἄνθρωπον,
1478 1724 1612 1776 ἀλλά
1654 1725 1730 1794 τῷ

152 1811 337 1879 τρόπῳ
362 1826 375 1838 ·
411 1811 491 1862 ὅτι
522 1813 569 1863 oi
604 1812 782 1874 ἄλλοις
821 1812 1260 1876 ἐπιϐουλεύοντες
1286 1815 1508 1877 ἑαυτοὺς
1537 1814 1731 1868 λανθά-

151 1920 298 1953 νουσι
335 1902 810 1965 καταϐλάπτοντες
831 1920 842 1930 ·
880 1905 1006 1973 περὶ
1031 1904 1270 1970 εὐδοξίας
1295 1920 1311 1936 ⁸
1345 1907 1469 1975 περὶ
1505 1908 1689 1977 φήμης
1708 1923 1722 1936 ⁸

150 1994 231 2044 ὅτι
272 1995 479 2061 μέτρον
529 1993 789 2063 ἄριστον·
842 1996 922 2048 ὃτι
974 1996 1410 2067 δυσκατόρθωτον
1456 2000 1488 2067 ἡ
1537 2000 1722 2068 ἀρετὴ,

152 2084 637 2153 εὐμεταχείριστον
666 2088 720 2139 δὲ
746 2089 777 2156 ἡ
816 2088 981 2141 κακία
1000 2104 1013 2116 ·
1040 2090 1120 2141 ὅτι
1145 2089 1204 2140 οὐ
1237 2090 1340 2160 χρὴ
1371 2089 1527 2158 λόγον
1556 2095 1727 2145 ποιεῖ-

153 2177 275 2227 σθαι
312 2176 483 2244 τῆς⁸³
514 2177 621 2229 τῶν
650 2179 923 2231 ἀσυνέτων
956 2179 1308 2248 δοκιμασίας·
1338 2183 1419 2234 ὅτι
1464 2183 1560 2253 τὴν
1597 2184 1729 2236 ὐπό-

152 2284 353 2329 κρίσιν,
392 2268 505 2329 τοῖς
552 2269 910 2338 κεχρημένοις
946 2268 1214 2338 ὲπιϐλαϐἦ
1248 2258 1411 2323 οὖσαν
1456 2273 1548 2325 καὶ
1592 2273 1727 2341 πρὸς

151 2355 241 2417 οὓς
270 2356 518 2422 γίνεται,
552 2356 651 2425 τῆς
698 2355 876 2425 ψυχῆς
930 2356 1217 2425 ὲκϐλητέον
1240 2374 1253 2386 ·
1290 2358 1371 2410 ὅτι
1402 2357 1462 2409 οὐ
1496 2356 1599 2427 χρὴ
1632 2374 1727 2409 πο-

150 2444 561 2517 λυπραγμονεῖν
581 2489 595 2512 ,
630 2450 823 2517 φθόνου
858 2450 964 2517 γάρ
993 2452 1085 2503 καὶ
1108 2450 1415 2521 διαϐολικῆς
1445 2451 1619 2505 αἴτιον
1641 2452 1727 2520 γί-

153 2556 300 2591 νεται
330 2539 396 2590 τὸ
424 2540 695 2591 τοιοῦτονσ
724 2541 803 2593 ὅτι
842 2542 898 2593 ὲν
923 2536 1004 2605 οἷς
1030 2542 1339 2612 πλημμελεῖ
1365 2560 1449 2605 τις
1474 2541 1534 2596 τὸ
1561 2560 1728 2612 μετα-

154 2631 437 2698 μελεῖσθαι
468 2631 751 2683 κάλλιστον
773 2649 786 2661 ·
819 2637 948 2701 περὶ
975 2634 1258 2705 λοιδορίας,
1284 2636 1358 2697 ὼς
1381 2635 1477 2687 οὐκ
1506 2636 1725 2703 ἀγαθόν·

149 2725 230 2775 ὅτι
265 2725 322 2773 ἐν
362 2723 442 2789 τῷ
476 2722 828 2799 λοιδορεῖσθαι
862 2725 966 2793 χρὴ
1007 2727 1230 2778 σκοπεῖν
1280 2725 1353 2795 μὴ
1395 2728 1507 2787 τοῖς
1550 2727 1730 2788 αὐτοῖς

149 2814 657 2882 περιπεπτώκαμεν
700 2812 1077 2885 ἐλαττώμασιο
1164 2816 1288 2885 περὶ
1338 2816 1581 2881 ἀνάγκης
1630 2815 1729 2878 τῆς

148 2905 293 2956 κατὰ
317 2905 413 2955 τὸν
446 2904 560 2973 βίον
580 2921 595 2935 ·
626 2906 705 2955 δτι
741 2905 1010 2974 εὐκαίρως
1042 2906 1122 2957 δεῖ
1150 2908 1407 2974 πράττειν
1432 2922 1444 2935 ι
1479 2906 1605 2975 περὶ
1635 2904 1727 2957 τού

148 2994 443 3062 βούλεσθαι
466 3012 480 3025 ’
529 2996 608 3047 ὃτι
641 2995 701 3047 οὐ
733 2997 812 3047 δεῖ
845 2996 918 3057 ὠς
958 2997 1145 3064 ἔτυχεν
1180 2997 1573 3050 ἀναϐάλλεσθαι
1596 3012 1610 3027 ⁶
1646 2999 1728 3049 ὃτι

143 3087 204 3137 τὸ
251 3087 596 3155 δυστυχῆσαι
631 3087 889 3149 πολλάκις
931 3089 1206 3155 ἐπωφελὲς
1240 3090 1469 3155 γίνεται,
1502 3089 1596 3141 καὶ
1630 3089 1731 3157 μά-

1822 985 1873 1038 5.
1906 986 1980 1039 De
2033 995 2146 1038 arte
2208 987 2435 1053 poetica.
2467 986 2519 1039 6.
2559 986 2632 1039 De
2684 986 3015 1048 charactere,
3063 1001 3156 1039 seu
3209 986 3379 1039 forma

1823 1076 2105 1127 orationis.
2141 1075 2192 1127 7.
2235 1076 2306 1127 De
2350 1090 2553 1128 ntornm
2602 1076 2932 1142 philosophia
2966 1077 3076 1144 (49)
3105 1076 3157 1129 8.
3195 1079 3266 1130 De
3318 1079 3383 1129 iis

1824 1184 1942 1237 qua:
1975 1169 2027 1222 in
2076 1180 2258 1224 nostra
2306 1180 2426 1223 sunt
2465 1178 2754 1238 potestate.
2791 1169 2845 1223 9.
2883 1170 3159 1223 Neminem
3195 1180 3385 1237 Sponte

1826 1276 1948 1314 esse
1987 1260 2306 1327 improbum.
2356 1262 2443 1314 10.
2478 1261 2699 1326 Qualem
2745 1262 2935 1315 deceat
2978 1276 3101 1314 esse
3152 1262 3388 1329 philoso-

1827 1355 2011 1420 phum.
2050 1354 2135 1408 11.
2171 1352 2425 1406 Pietatem
2488 1368 2612 1421 erga
2673 1353 2836 1406 Demn
2900 1354 3181 1405 colendam
3242 1366 3387 1405 esse.

1831 1445 1915 1497 12.
1947 1444 2055 1498 Piis
2090 1461 2152 1499 ac
2173 1446 2332 1514 justis
2357 1445 2555 1499 Numen
2587 1447 2787 1499 auxilio
2817 1447 3059 1500 esse.13.
3087 1447 3159 1498 De
3195 1445 3391 1496 vatici-

1832 1536 1939 1589 nio.
1968 1537 2051 1589 14.
2084 1536 2391 1605 Sapientunt
2438 1540 2882 1592 consuetudinem
2931 1539 3107 1607 magni
3157 1552 3277 1591 esse
3304 1535 3386 1589 fa-

1831 1628 2071 1680 ciendam
2103 1647 2113 1680 :
2148 1627 2426 1696 fugiendos
2454 1645 2601 1690 vero,
2628 1646 2689 1682 ac
2725 1631 3078 1683 declinandos
3116 1630 3388 1693 improbos

1835 1728 1996 1785 atque
2021 1719 2316 1786 itttperitos.
2353 1720 2437 1772 15.
2467 1719 2538 1772 De
2561 1736 2625 1772 eo
2655 1723 2796 1787 quod
2822 1723 3034 1775 videtur
3071 1730 3299 1786 tantum,
3332 1730 3389 1775 el.

1835 1811 1901 1863 de
1940 1827 2002 1865 eo
2028 1813 2167 1878 quod
2208 1828 2332 1865 vere
2375 1824 2473 1867 est.
2515 1814 2597 1866 16.
2633 1812 2747 1867 Non
2783 1830 2811 1866 e
2844 1816 3040 1875 verbis,
3080 1816 3174 1869 sed
3224 1816 3391 1868 mori-

1832 1902 1929 1953 btts
1962 1904 2026 1955 de
2059 1904 2273 1957 homine
2304 1918 2421 1957 esse
2461 1904 2827 1971 iudicandum.
2860 1906 2947 1960 17.
2992 1906 3095 1959 Eos
3130 1908 3221 1973 qui
3264 1905 3387 1958 aliis

1829 1992 2166 2057 insidientur,
2244 1996 2447 2063 seipsos
2498 1996 2676 2064 potius
2748 1998 3110 2065 imprudentes
3168 1998 3378 2052 laedere.

1832 2081 1915 2135 18.
1938 2082 2009 2136 De
2027 2084 2255 2137 nominis
2274 2085 2461 2153 gloria.
2483 2085 2566 2141 19.
2600 2085 2671 2139 De
2711 2084 2874 2141 fama.
2902 2086 2989 2142 20.
3025 2088 3234 2141 Modum
3266 2104 3389 2141 esse

1828 2175 2106 2239 optimum.
2140 2175 2227 2228 21.
2257 2176 2520 2229 Virtutem
2570 2192 2711 2245 :egre
2750 2179 2923 2246 parari
2962 2198 2974 2233 :
3023 2179 3210 2232 vitium
3256 2194 3384 2232 con-

1833 2274 1912 2316 tra
1938 2267 2093 2319 facile
2118 2270 2345 2335 acquiri.
2371 2269 2456 2323 22.
2478 2270 2594 2323 Non
2618 2279 2867 2337 Oportere
2892 2272 3176 2324 stultorum
3196 2271 3384 2341 judicii

1830 2361 2091 2412 rationem
2142 2363 2357 2415 habere.
2400 2363 2489 2416 23.
2558 2362 2847 2417 Fictiouetn
2894 2364 3005 2418 sive
3051 2364 3385 2434 hypocrisin,

1829 2464 1946 2514 quae
1984 2465 2087 2501 non
2127 2451 2190 2503 iis
2240 2461 2441 2504 tantum
2476 2455 2611 2519 apud
2645 2469 2777 2520 quos
2794 2465 3095 2520 exercetur,
3129 2457 3222 2509 sed
3262 2460 3387 2525 ipsts

1830 2556 2041 2608 quoque
2071 2543 2389 2607 ﬁngentibus
2426 2554 2601 2605 nocet,
2631 2560 2695 2597 ex
2722 2547 2899 2597 animo
2918 2562 3037 2600 esse
3063 2547 3383 2615 pellentlam.

1828 2632 1917 2685 24.
1971 2634 2355 2690 Curiositatem
2424 2652 2540 2689 esse
2591 2638 2857 2689 vitandam
2923 2639 3032 2709 (50)
3087 2656 3099 2691 :
3149 2639 3389 2705 praebere

1831 2727 1971 2778 enim
2007 2743 2195 2780 ansam
2224 2728 2457 2791 invidite,
2478 2738 2637 2796 atque
2655 2730 2934 2784 calumnia:
2966 2731 3099 2801 (51).
3129 2732 3216 2785 23.
3241 2731 3391 2799 Opti-

1833 2831 1976 2867 ntttm
2037 2832 2155 2870 esse
2203 2818 2541 2884 resipiscere,
2577 2820 2626 2871 in
2671 2819 2864 2886 quibus
2912 2820 3026 2888 ipse
3072 2822 3387 2889 deliqueris.

1830 2903 1920 2956 26.
1956 2902 2269 2956 Convicium
2311 2907 2528 2959 ntinitne
2562 2922 2681 2960 esse
2724 2908 2940 2961 bonum.
2977 2912 3064 2963 27.
3115 2909 3169 2962 ltt
3211 2913 3395 2962 C01l\'i-

1831 2999 2022 3052 ciantlo
2046 3000 2513 3065 ccttsiderandum,
2544 3018 2609 3054 ne
2640 3005 2690 3055 itt
2725 3004 2909 3057 eadem
2937 3005 3035 3072 ipsi
3062 3007 3395 3073 quandoque

1833 3101 2009 3144 errata
2044 3090 2410 3146 incideritnus.
2434 3095 2521 3149 28.
2543 3093 2617 3146 De
2643 3096 2761 3147 vitae
2797 3099 3133 3149 necessitate.
3167 3097 3257 3151 29.
3285 3097 3395 3165 0p-

143 3179 307 3230 λιστα
337 3182 453 3236 τοῖς
486 3180 714 3246 ἀφροσι-
752 3182 880 3249 περὶ
908 3180 1128 3248 ἀγωγῆς
1160 3184 1250 3233 καὶ
1269 3181 1312 3211 ³⁸
1343 3181 1619 3242 παιδείας·
1655 3181 1734 3248 ὃτι

1768 3207 1805 3264 c
1840 3204 2069 3263 portune
2098 3208 2181 3245 res
2216 3191 2296 3260 agi
2328 3189 2543 3242 debere.
2570 3187 2656 3240 50.
2687 3188 2760 3239 De
2793 3187 3101 3239 voluntate:
3128 3202 3233 3239 non
3270 3202 3395 3240 esse

143 3268 441 3321 κάλλιστον
463 3270 496 3337 ἡ
523 3268 670 3336 φιλία
700 3269 808 3322 τῶν
835 3269 1050 3336 ἀγαθῶν
1075 3287 1087 3300 ·
1126 3270 1253 3341 [369
1278 3271 1368 3341 [1.]
1395 3273 1474 3325 ὅτι
1496 3274 1527 3341 ἡ
1548 3272 1730 3341 ὁμοιό-

140 3376 240 3430 της
270 3360 382 3413 τῶν
407 3360 625 3429 τρόπων
654 3364 751 3429 τὴν
772 3362 814 3392 ⁸⁸
847 3362 1026 3428 φιλίαν
1050 3364 1420 3431 ἀπεργάζεται
1445 3381 1457 3393 ⁸
1490 3364 1615 3437 [192
1635 3362 1728 3435 11.]

142 3454 223 3502 ὃτι
260 3454 374 3521 χρὴ
408 3452 466 3501 ὲν
500 3453 619 3512 ταῖς
647 3451 956 3521 δυστυχίαις
988 3454 1080 3504 καὶ
1106 3456 1217 3516 τοῖς
1242 3455 1503 3517 κινδύνοις
1527 3458 1600 3528 μὴ
1634 3476 1731 3510 πε·-

147 3546 341 3612 ριορᾷν
368 3543 498 3604 τοὺς
524 3542 702 3610 φίλους
720 3556 733 3570 ⁸
760 3544 841 3595 ὅτι
871 3544 929 3595 οὐ
957 3546 1058 3614 χρὴ
1081 3546 1382 3597 συναδικεῖν
1406 3550 1514 3608 τοῖς
1537 3548 1727 3615 φίλοις-

143 3651 208 3684 ττε
221 3636 276 3703 ρ).
308 3634 555 3700 γνησίων
568 3633 611 3663 ⁸⁸
639 3635 733 3685 καὶ
762 3635 1031 3687 ἀϐεϐαίων
1057 3636 1255 3704 φίλων*
1282 3638 1361 3688 ὅτι
1390 3638 1493 3707 χρὴ
1516 3641 1733 3708 ταχείας

142 3726 429 3779 ποιεῖσθαι
460 3726 559 3786 τάς
596 3725 728 3793 πρὸς
760 3727 885 3788 τοὺς
920 3726 1104 3793 φίλους
1130 3728 1437 3795 διαλλαγάς,
1462 3730 1527 3782 τά
1556 3731 1733 3801 ἀμαρ-

140 3820 373 3887 τήματα
398 3818 581 3870 αὐτῶν
607 3819 734 3888 ῥᾷον
763 3820 1029 3887 φέροντας
1058 3821 1195 3887 μετά
1217 3824 1312 3889 τῆς
1336 3823 1637 3892 ἀμνηστίας
1652 3824 1696 3854 ⁸⁷
1714 3839 1730 3855 ο

141 3914 223 3965 ὅτι
253 3915 316 3963 ὲν
346 3913 473 3973 ταῖς
509 3911 757 3979 ἀτυχίαις
789 3913 910 3973 τοὺς
938 3911 1193 3979 γνησίους
1225 3913 1329 3963 τῶν
1365 3911 1531 3979 φίλων
1565 3913 1737 3981 διαγι-

142 4004 469 4071 νώσκομενο
511 4002 700 4069 φιλικά
744 4003 1176 4070 παραγγέλματα
1204 4020 1217 4032 ο
1251 4004 1375 4071 περὶ
1421 4004 1615 4074 ἔχθρας
1643 4006 1736 4057 καὶ

140 4096 237 4147 τοῦ
275 4096 473 4148 ὁποῖόν
506 4102 626 4145 τινα
648 4095 753 4164 χρὴ
780 4089 917 4146 εἶναι
936 4094 980 4124 ⁸⁸
1011 4094 1145 4165 πρὸς
1172 4096 1297 4159 τούς
1329 4097 1583 4167 ἐχθρούςο
1612 4102 1737 4169 περὶ

141 4188 235 4238 τοῦ
275 4186 401 4248 πῶς
436 4185 582 4236 ἔστιν
612 4187 704 4237 ἀπ’
735 4184 944 4255 ἐχθρῶν
973 4186 1316 4257 ὠφεληθῆναι
1338 4205 1351 4219 ’
1386 4190 1626 4257 περὶτοῦ
1648 4192 1737 4243 εὐ-

142 4280 401 4347 εργετεῖν
425 4293 438 4305 ⁶
470 4279 555 4329 ὅτι
590 4277 790 4345 μείζων
816 4280 849 4347 ἡ
876 4278 1035 4348 χάρις
1063 4281 1119 4330 ἐν
1143 4280 1318 4347 καιρῷ
1340 4279 1549 4332 δοθεῖσα
1567 4297 1581 4310 ⁸
1611 4299 1738 4352 περι

139 4371 237 4421 τοῦ
265 4369 689 4437 ἀντευεργετεῖν
705 4384 719 4396 ο
743 4368 963 4434 δτισοὺς
983 4370 1249 4437 πονηροὺς
1271 4370 1329 4420 οὐ
1356 4372 1461 4439 χρὴ
1484 4367 1542 4423 εὖ
1567 4374 1738 4424 ποιεῖν

140 4459 265 4510 οὐδὲ
288 4458 430 4526 παρ’
452 4456 630 4507 αὐτῶν
654 4456 1070 4525 εὐεργετεῖσθαι,
1088 4457 1259 4510 καὶτὸ
1286 4458 1589 4513 τελευταῖον
1611 4462 1738 4532 περὶ

141 4548 487 4618 ἀχαριστίας
512 4548 573 4601 δί’.
594 4549 680 4599 Ἐν
716 4542 794 4611 οἷς
836 4550 928 4601 καὶ
959 4549 1026 4602 τά
1053 4550 1146 4602 τοῦ
1184 4550 1231 4618 β’
1267 4552 1557 4619 κεφάλαια.

1834 3303 1952 3341 eam
2030 3299 2231 3339 temere
2294 3282 2665 3337 dilIerendattt.
2726 3280 2813 3332 51.
2895 3280 3151 3333 Adversis
3232 3277 3392 3345 aﬂligi

1832 3392 2037 3431 sutnnaa
2082 3388 2455 3444 saepenumero
2498 3372 2712 3425 utilitati
2755 3362 2879 3424 essé
2924 3387 2937 3424 :
2987 3370 3222 3423 maxime
3269 3386 3397 3422 vero

1835 3468 2284 3538 imprudentibus.
2329 3467 2417 3520 52.
2464 3467 2536 3520 De
2580 3465 2899 3519 educatione
2971 3473 3131 3532 atque
3180 3462 3398 3516 institu-

1837 3559 2003 3610 tione.
2038 3556 2127 3608 55.
2160 3552 2431 3621 Optimum
2480 3554 2739 3607 bonorum
2781 3553 3016 3605 omnium
3054 3567 3173 3606 esse
3203 3552 3396 3605 antici-

1838 3646 1993 3697 tiam.
2040 3645 2129 3696 54.
2166 3643 2368 3695 Μοιιιιιι
2416 3641 2821 3694 similitudinem
2873 3640 3161 3691 amicitiam
3208 3640 3401 3689 cenci-

1837 3736 1991 3790 liare.
2021 3734 2110 3788 55.
2136 3732 2191 3785 In
2228 3733 2467 3785 adversis
2506 3731 2617 3783 suis
2644 3741 2804 3797 atque
2835 3729 3085 3796 periculis
3144 3742 3246 3778 non
3275 3741 3394 3779 esse

1838 3824 2187 3893 negligendoa
2218 3823 2441 3877 amicos.
2470 3819 2557 3874 56.
2588 3818 2702 3873 Νοη
2734 3833 2854 3872 esse
2883 3818 3081 3869 amicos
3102 3816 3390 3884 juvantlos,

1836 3932 1954 3969 cum
1984 3916 2108 3983 quid
2143 3904 2341 3982 injuste
2369 3912 2670 3967 faciendum
2700 3911 3018 3977 suscipiunt.
3052 3909 3141 3962 57.
3175 3909 3245 3961 Ue
3274 3907 3393 3960 ﬁdis

1837 4019 1996 4076 atque
2026 4007 2203 4061 inﬁdis
2251 4006 2456 4059 amicis.
2508 4004 2593 4057 58.
2644 4004 2763 4056 Cito
2816 4016 2932 4055 esse
2953 4015 3072 4055 cum
3119 4000 3306 4053 amicis
3340 4000 3390 4052 in

1838 4101 2065 4166 gratiam
2122 4099 2470 4158 redeundum,
2517 4109 2808 4161 eortttttqtte
2836 4092 2961 4145 vitia
3000 4090 3240 4151 ferenda,
3270 4106 3391 4143 cum

1838 4201 2140 4243 erratorum
2176 4188 2465 4241 oblivione.
2505 4185 2591 4240 59.
2623 4184 2677 4236 ltt
2706 4184 2947 4237 adversis
2971 4183 3103 4235 [idos
3127 4180 3391 4247 explorari

1841 4282 2065 4337 amicos.
2102 4280 2191 4334 40.
2224 4278 2495 4346 Praecepta
2542 4276 2809 4330 amicitiae.
2843 4274 2930 4328 41.
2962 4273 3034 4326 De
3074 4272 3397 4333 inimicitiis,

1838 4384 1915 4435 et,
1961 4370 2145 4440 ιιθὸ
2172 4387 2278 4439 quo
2317 4386 2374 4424 se
2413 4372 2532 4438 quis
2565 4369 2721 4421 modo
2748 4383 2868 4420 cum
2918 4368 3071 4419 hoste
3102 4375 3271 4433 gerat.
3302 4364 3394 4415 42.

1840 4467 1953 4527 Qua
1997 4465 2205 4517 ratione
2262 4479 2324 4515 ex
2382 4462 2612 4515 inimicis
2656 4460 2765 4530 (52)
2807 4458 2920 4526 capi
2956 4458 3128 4527 possit
3172 4457 3395 4509 utilitas.

1768 4537 1811 4591 Ῑ)
1840 4554 1932 4609 45.
1964 4554 2035 4607 De
2064 4554 2442 4607 benemerendi
2495 4554 2695 4606 studio.
2729 4551 2817 4604 44.
2862 4549 3033 4617 Majus
3074 4564 3193 4603 esse
3234 4551 3397 4601 bene-

145 4646 338 4697 lteium
385 4642 535 4709 quod
583 4642 633 4694 iu
684 4654 921 4710 tempore
946 4643 1241 4697 confertur.
1270 4644 1359 4697 45.
1387 4647 1458 4699 De
1491 4648 1897 4701 rentunerandis
1933 4647 2231 4701 beneﬁciis.
2289 4646 2377 4700 46.
2438 4645 2551 4699 Non
2611 4659 2729 4699 esse
2788 4644 3017 4714 benigne
3094 4642 3398 4695 lacientlum

1479 4803 1712 4857 VARIAS
1740 4803 2141 4862 LECTIONES.

216 4948 259 4975 “
292 4946 426 5025 τῶν
451 4943 693 5025 παλαιῷν
728 4947 851 4997 add.
872 4944 943 5025 β.
1018 4944 1062 4974 ⁸⁸
1084 4943 1278 5025 Serm}.
1310 4944 1372 4997 A.
1450 4944 1496 5025 ξ’
1526 4944 1626 5012 τῆς
1649 4944 1732 5025 ᾼλε
1768 4945 1896 5025 περὶ
1926 4946 2023 5025 τῆς
2063 4962 2122 5007 ς.
2201 4944 2404 5025 δίκαι)
2432 4944 2559 5025 περί
2585 4944 2670 5025 ΑᾹ-
2718 4943 2766 5025 ξ⁵
2790 4943 2885 5025 τὴν
2907 4943 3027 4994 add.
3200 4943 3266 5025 "_

1663 5015 1706 5046 ⁵⁸
1736 5010 2084 5085 εὐχαριστίας
2116 5032 2175 5078 ς.
2208 5013 2277 5068 cf.
2311 5010 2581 5068 Gaisl'oi'd.
2615 5013 2769 5067 Stob.
2804 5010 2856 5078 4,
2897 5015 3125 5081 appcnd.
3152 5026 3204 5079 p.
3239 5010 3306 5065 30
3340 5028 3395 5064 u.

145 5024 221 5085 μη
262 5034 357 5082 γν.
398 5018 462 5067 Α.
543 5016 582 5043 ⁵⁷
620 5015 950 5084 ἀμνηστείας
975 5031 1033 5078 ς.
1140 5014 1185 5044 ⁸⁸
1207 5010 1346 5065 εἶναι
1374 5014 1476 5083 χρὴ
1504 5031 1563 5077 ς.

2201 4944 2246 4975 ⁸⁸
2276 4944 2392 5013 καὶ]
2432 4944 2556 5013 περί
2585 4944 2646 4995 Α.
2722 4942 2766 4974 ⁸⁸
2790 4942 2885 5011 τὴν
2907 4942 3027 4994 add.
3061 4942 3127 4995 A.
3200 4940 3247 5013 δέ
3273 4942 3399 5013 περὶ

1676 5163 1903 5219 ΝΟΤΔΕ.

222 5312 348 5377 (47)
388 5306 468 5359 De
498 5308 693 5373 quibus
720 5306 805 5357 vix
862 5303 962 5377 tria
997 5304 1133 5364 hac,
1162 5303 1415 5377 primum,
1451 5303 1736 5377 septimum

145 5395 200 5433 et
230 5372 560 5433 'm-t'avmn:
604 5388 873 5441 utcunque
918 5374 1122 5439 integra
1174 5373 1467 5438 posteriore
1512 5372 1740 5440 Egloga-

150 5470 271 5503 rum
309 5452 459 5501 libro
487 5464 514 5497 a
542 5446 697 5497 (lant.
740 5445 884 5497 edito
922 5442 1066 5509 legas
1111 5458 1126 5494 :
1160 5458 1395 5510 qumque
1442 5442 1582 5493 inter
1627 5444 1739 5494 lttec

149 5524 363 5574 mediis
401 5519 701 5581 capitibus,
725 5514 918 5583 partim
960 5512 1208 5583 turbatis,
1247 5514 1443 5583 partim
1505 5511 1609 5562 alio
1647 5526 1737 5583 re-

146 5596 340 5655 jectis.
399 5586 627 5652 Reliqua
661 5581 819 5651 porro
846 5584 925 5655 58
955 5582 1121 5655 hujus
1144 5581 1265 5655 libri
1292 5581 1515 5655 alterius
1541 5581 1737 5655 capita,

153 5651 363 5725 magno
418 5651 552 5708 sane
595 5655 792 5705 damno
842 5653 1055 5718 publico
1083 5653 1349 5719 .periisse,
1377 5651 1455 5702 vel
1489 5651 1617 5702 sola:
1652 5652 1735 5701 iit-

148 5730 497 5791 scriptiones
535 5727 615 5777 ltte
648 5731 929 5775 testantur.

226 5788 350 5865 (48)
387 5794 506 5847 lluc
533 5795 687 5861 plane
721 5794 989 5861 pertinent
1013 5806 1129 5858 qua:
1154 5805 1316 5842 serui.
1368 5789 1452 5849 80.
1480 5788 1537 5840 8|
1568 5789 1724 5849 ct82,

1844 5302 1896 5357 in
1932 5302 2161 5355 Conradi
2189 5302 2316 5356 edit.
2347 5302 2610 5370 hodieque
2643 5302 2905 5370 leguntur.

1917 5372 2028 5440 (59)
2058 5371 2155 5425 Cui
2203 5388 2410 5424 rursum
2465 5375 2637 5439 capita
2687 5374 2919 5439 quinque
2969 5372 3183 5441 subjit'it
3220 5376 3380 5431 Cant.

1843 5447 2036 5505 codex,
2066 5457 2290 5509 quorum
2317 5453 2493 5493 tamen
2520 5445 2762 5495 ultintunt
2794 5443 2918 5495 illud
2951 5456 3054 5505 est,
3084 5448 3223 5513 quod
3242 5460 3393 5500 octa-

1842 5527 1965 5565 vum
1999 5514 2083 5565 hic
2118 5513 2289 5564 locum
2322 5514 2545 5565 obtinet.

1914 5582 2024 5650 (50)
2066 5579 2197 5633 Vide
2226 5579 2569 5634 Plutarchum
2609 5582 2784 5635 libello
2820 5580 2895 5633 De
2928 5583 3250 5639 curiositate.

1916 5653 2025 5721 (51)
2059 5651 2197 5719 Lege
2233 5650 2452 5704 Lueiaui
2482 5652 2646 5705 libell.
2685 5650 2803 5704 Non
2830 5669 2937 5704 esse
2980 5656 3255 5709 caluttmta-
3278 5673 3387 5707 επις

1841 5724 2084 5775 demtum.

1902 5792 2013 5859 (52)
2050 5792 2119 5843 lle
2144 5806 2247 5860 quo
2285 5800 2335 5844 ct
2366 5789 2633 5844 l‘lularclti
2660 5791 2889 5847 libellus.
