4224 6446
774 383 872 445 491

1927 378 2188 437 PIIOTII
2228 380 2445 437 PATRI
2460 379 2727 437 ARCIIJS
2762 381 2868 437 CI’.

3908 393 4018 453 £92

776 501 888 548 hanc
914 493 1103 546 eadem
1130 488 1366 558 collegit.
1402 488 1667 543 Cmterum
1698 489 1827 542 utile
1874 489 1974 543 hoc
2003 505 2161 557 opus.
2215 504 2334 541 cum
2369 497 2419 553 Λ

2369 497 2419 553 Α
2446 488 2705 557 βασιλέων
2728 492 2816 541 καὶ
2839 491 3176 558 στρατηγῶν,
3198 491 3398 555 ταύτας
3422 495 3760 563 συνήθροισε,
3780 504 4018 558 τοσαῦτα

774 589 859 649 iis,
893 587 981 652 qui
1016 584 1205 635 horum
1243 581 1443 647 scripta
1498 595 1765 648 operaque
1802 580 2047 648 legerunt
2100 581 2235 649 (77),
2286 591 2343 631 ut

773 691 958 732 eorum
982 690 1080 742 per
1109 674 1221 727 haec
1250 671 1510 724 memoria
1543 681 1852 734 renovetur,
1883 682 1993 724 tum
2041 672 2106 725 iis
2137 672 2187 723 in
2237 672 2344 737 pri—

776 769 894 829 mis,
933 765 1021 832 qui
1058 779 1162 816 non
1217 763 1482 829 legerunt,
1514 762 1655 827 quod
1712 760 1927 812 assiduo
1974 774 2094 813 sese
2150 760 2203 811 in
2262 760 2343 812 his

773 856 1094 915 exercendo,
1133 854 1279 905 brevi
1312 850 1599 903 admodum
1626 860 1866 917 tempore
1894 850 2114 917 pulchra
2172 850 2338 902 multa

773 960 825 1002 et
860 947 1026 1005 varia,
1053 943 1363 996 summatim
1400 940 1811 1006 comprehensa,
1845 950 2023 991 mente
2046 939 2341 991 recondere

774 1054 891 1090 cum
925 1036 1105 1089 fructu
1139 1042 1359 1100 queant.
1393 1030 1708 1084 Communis
1736 1040 1914 1082 autem
1941 1032 2185 1097 utrisque
2223 1030 2337 1079 haec

774 1128 977 1179 utilitas
1024 1125 1261 1186 accedet,
1320 1122 1462 1188 quod
1514 1136 1631 1187 qum
1687 1118 2087 1186 investigalnmt
2141 1120 2344 1184 absque

773 1218 973 1277 labore,
1000 1225 1050 1268 et
1083 1214 1251 1274 brevi,
1283 1221 1340 1263 ut
1371 1219 1608 1277 apparet,
1639 1208 1905 1260 inventuri
1930 1208 2057 1270 sint,
2092 1207 2179 1275 qui
2225 1222 2281 1259 se
2314 1222 2343 1259 a

772 1308 1033 1374 capitibus
1080 1305 1163 1356 his
1196 1303 1261 1353 ad
1290 1302 1546 1352 iusiorem
1580 1298 2051 1367 pertractationem
2096 1296 2342 1347 conferre

774 1399 969 1451 volent.
1004 1396 1115 1449 Imo
1153 1390 1205 1446 e't
1267 1392 1543 1460 quibusvis
1602 1390 1797 1451 dicere,
1832 1388 2139 1443 etscribere
2166 1389 2344 1440 volen-

776 1492 915 1542 tibus
944 1486 1166 1556 perutile
1195 1486 1295 1538 hoc
1325 1499 1457 1553 opus
1524 1484 1759 1535 futurum
1781 1484 1850 1534 sit
1876 1479 2009 1549 (78).

1416 1571 1687 1627 CLXVIII.

878 1669 1026 1721 Beati
1058 1666 1249 1718 Basilii
1297 1664 1550 1718 Seleucia:
1580 1664 1801 1730 episcopi
1843 1660 2121 1715 Orationes
2149 1677 2235 1715 xv.

845 1826 1021 1877 Lecta:
1051 1834 1174 1877 sunt
1213 1822 1384 1876 sancti
1418 1820 1599 1874 Basilii
1634 1822 1872 1890 episcopi
1901 1820 2159 1875 Seleucia:
2196 1819 2337 1873 Ora-

777 1924 939 1971 tiones
964 1918 1269 1985 quindecim
1304 1915 1438 1983 ('79).
1472 1912 1650 1966 Prima
1688 1911 1739 1965 in
1774 1912 1903 1965 illttd
1935 1931 1947 1964 :
1988 1930 2005 1962 ι
2042 1911 2099 1965 In
2136 1912 2336 1980 princi-

776 2013 865 2079 pio
908 2011 1035 2063 fecit
1070 2008 1210 2062 Deus
1254 2006 1449 2060 coelum
1480 2012 1533 2059 et
1585 2014 1808 2059 terram.
1846 2023 1865 2055 ι
1908 2002 2035 2056 Post
2092 2006 2230 2057 hanc
2287 2003 2340 2055 in

777 2105 997 2172 Ioseph,
1030 2104 1082 2156 in
1117 2101 1404 2163 Adamum,
1441 2100 1491 2151 in
1522 2097 1653 2151 Cain
1680 2107 1731 2151 et
1782 2096 1935 2161 Abel,
1992 2098 2044 2149 in
2095 2099 2339 2151 Abraha-

782 2212 945 2259 mum,
996 2197 1045 2248 in
1099 2192 1337 2263 Moysen,
1404 2190 1575 2243 Eliam
1624 2190 1814 2258 116a
1848 2198 1901 2242 et
1948 2188 2157 2242 Ionam.
2214 2190 2340 2241 Item

780 2304 917 2341 noua
956 2288 1007 2339 in
1046 2284 1456 2339 Centuriouem.
1496 2280 1711 2334 Decima
1744 2283 1799 2332 in
1836 2280 1965 2335 illud
2000 2298 2013 2333 :
2054 2299 2071 2330 ι
2110 2278 2342 2348 Naviga-

782 2374 908 2425 bant
934 2369 1181 2437 discipuli
1240 2382 1360 2423 cum
1407 2364 1625 2424 Iesu“,
1669 2382 1687 2414 ι
1752 2372 1805 2416 et
1854 2378 1972 2431 qua:
2020 2373 2342 2430 sequuntur.

784 2461 983 2514 Deinde
1018 2462 1067 2512 in
1109 2459 1277 2512 illud:
1318 2478 1336 2509 ι
1376 2456 1563 2510 Venite
1599 2454 1665 2506 ad
1695 2469 1801 2517 me,
1832 2468 2020 2507 omnes
2055 2452 2147 2521 qui
2194 2452 2341 2506 labo-

785 2554 913 2605 ratis
968 2561 1021 2604 et
1044 2550 1250 2603 onerati
1291 2558 1443 2610 estis,
1474 2556 1529 2600 et
1568 2561 1667 2615 ego
1690 2543 1926 2599 reﬁciam
1956 2559 2053 2596 vos
2075 2545 2143 2605 ¹¹,
2186 2562 2204 2592 ›
2238 2553 2341 2595 etc.

784 2642 916 2692 ‘l‘nm
972 2641 1023 2692 in
1076 2637 1431 2691 Publicanuni
1484 2644 1538 2687 et
1584 2633 1942 2686 Pharisazum.
1996 2630 2235 2699 Itemque
2292 2631 2343 2682 in

787 2732 910 2784 illud
941 2747 953 2781 :
980 2748 995 2779 ι
1026 2728 1117 2780 Dic
1142 2737 1194 2780 ut
1218 2728 1435 2780 sedeant
1466 2726 1516 2778 hi
1548 2723 1650 2777 duo
1683 2724 1773 2775 ﬁlii
1804 2723 1928 2787 mei,
1962 2737 2098 2776 unus
2120 2723 2184 2774 ad
2215 2722 2346 2774 dex-

786 2836 974 2883 teram,
1001 2821 1204 2873 etalter
1221 2820 1283 2871 ad
1302 2818 1572 2870 sinistram
1597 2815 1661 2868 ²³.
1698 2832 1717 2865 ι
1752 2814 1816 2867 Ει
1838 2815 1890 2865 in
1923 2813 2048 2865 illud
2077 2831 2089 2865 :
2128 2830 2145 2862 ‹
2177 2812 2344 2877 Quem

785 2914 967 2964 dicunt
1001 2911 1245 2965 homines
1267 2922 1388 2961 esse
1422 2906 1613 2959 Filium
1644 2905 1874 2958 hominis
1914 2904 1956 2934 "
1993 2904 2015 2955 ?
2062 2921 2080 2952 ι
2129 2901 2345 2954 Decima

801 3006 987 3071 quinta
1020 3006 1069 3055 in
1106 3002 1231 3053 illud
1261 3017 1274 3053 :
1312 3016 1330 3049 ι
1369 2998 1447 3052 Tn
1484 3012 1541 3052 es
1569 2997 1660 3067 qui
1702 3006 1954 3051 venturus
1982 3010 2059 3058 es,
2093 3009 2159 3047 an
2185 2994 2347 3047 alium

784 3107 1159 3166 exspectamus
1191 3092 1273 3143 ’δῖ’
1311 3111 1327 3141 ι

860 3294 916 3345 In
946 3292 1138 3361 quibus
1171 3288 1387 3357 quidem
1412 3286 1528 3352 ejus
1556 3283 1891 3337 orationibus
1926 3282 2028 3335 hoc
2058 3282 2348 3334 observare

787 3386 931 3445 licet,
970 3395 1220 3450 magnum
1251 3392 1370 3431 eum
1405 3389 1546 3437 esse,
1577 3375 1619 3427 si
1655 3374 1777 3441 quis
1802 3388 2038 3440 unquam
2060 3372 2196 3423 alius
2227 3368 2347 3431 fuit,

789 3478 1028 3542 ﬁgurata:
1055 3478 1217 3537 atque
1244 3467 1481 3519 incitatae
1506 3464 1788 3527 orationis,
1814 3462 2134 3530 pariumque
2174 3460 2348 3512 artiﬁ-

790 3580 929 3619 oem.
970 3560 1424 3629 Perspieuitatem
1495 3554 1842 3608 nihilominus
1906 3568 1970 3604 ac
2029 3552 2350 3605 suavitatem

791 3654 1005 3707 retinet.
1061 3651 1261 3704 Verum
1290 3648 1416 3714 quia
1452 3645 1651 3697 nimius
1681 3644 1733 3695 in
1767 3643 1939 3709 tropis
1964 3655 2017 3694 et
2061 3642 2349 3694 schematis

794 3746 1063 3807 incitatis,
1111 3742 1409 3796 satietatem
1453 3738 1615 3805 parit,
1657 3736 1770 3787 sive
1820 3736 2017 3802 potius,
2061 3735 2183 3802 quia
2240 3744 2349 3786 tam

792 3836 1037 3888 assiduus
1061 3836 1113 3886 in
1144 3833 1224 3884 his
1252 3838 1334 3883 est
1356 3842 1418 3881 ac
1449 3837 1611 3889 totus,
1642 3826 1771 3877 nihil
1793 3833 1849 3876 ut
1882 3823 2025 3877 aliud
2059 3825 2175 3877 sine
2197 3825 2355 3876 modo

792 3933 1062 3986 occurrat,
1096 3921 1340 3975 auditori
1372 3917 1647 3971 fastidium
1676 3925 1728 3969 et
1763 3914 2120 3968 calumniandi
2170 3929 2355 3966 ansam

795 4018 1012 4085 praebet,
1046 4025 1206 4081 atque
1252 4012 1315 4064 ad
1361 4009 1644 4079 scriptoris
1678 4008 1850 4076 ipsius
1900 4006 2347 4072 vituperationem

795 4108 1005 4168 incitat,
1044 4103 1196 4171 quasi
1229 4116 1400 4169 neque
1433 4109 1681 4152 naturam
1715 4108 1830 4150 arte
1862 4097 2350 4164 moderari,neque

798 4198 1000 4267 regula,
1061 4195 1204 4263 quod
1256 4192 1619 4247 inordinatum
1678 4200 1831 4251 erat,
1883 4190 2131 4255 digerere
2184 4190 2355 4257 possit

900 4327 939 4355 "
970 4325 1101 4378 Luc.
1137 4339 1253 4387 vni,
1287 4322 1377 4375 9.5.
1455 4322 1499 4350 ”
1532 4316 1720 4369 Matth.
1774 4330 1850 4375 XI,
1883 4313 1970 4365 ‘28.

2050 4313 2095 4343 ’³
2123 4314 2321 4368 Matth.
2352 4330 2446 4378 xx,
2496 4317 2583 4369 21.

2447 580 2537 630 καὶ
2560 582 2623 631 ἐκ
2654 580 2943 634 τοσούτων.
2970 582 3248 648 Χρήσιμον
3275 581 3331 632 δὲ
3349 581 3408 632 τὸ
3427 582 3627 649 βιϐλίον
3648 590 3757 648 τοῖς
3785 591 3883 655 μὲν
3917 598 4015 643 αν-

2446 671 2740 735 εγνωκόσιν
2767 673 2785 700 ⁹
2809 672 2945 722 αὐτὰ
2962 673 3033 721 τὰ
3062 674 3413 739 συντάγματα
3438 674 3545 725 τῶν
3574 677 3782 745 ἀνδρῶν
3812 682 3852 710 ¹⁸
3876 686 4019 748 πρὸς

2444 761 2767 828 ἀνάμνησιν,
2807 766 2918 821 τοῖς
2953 762 2997 812 δ’
3033 763 3129 812 οὐκ
3153 762 3395 827 εἰληφόσι
3432 769 3627 832 πεῖραν
3665 770 3907 835 ἐκείνων,
3934 776 4019 825 ὅτι

2442 851 2528 901 διὰ
2546 851 2797 917 συνεχοῦς
2816 852 2994 901 αὐτῶν
3019 852 3245 921 μελέτης
3273 856 3370 905 οὐκ
3405 858 3460 905 ἐν
3486 856 3663 924 πολλῷ
3684 860 3857 927 χρόνῳ
3882 864 4018 912 πολ-

2444 940 2546 990 λῶν
2568 942 2660 993 καὶ
2685 942 2861 991 καλῶν
2884 946 2974 992 καὶ
2996 944 3253 995 ποικίλων
3273 947 3576 1012 νοημάτων,
3596 950 3642 997 εἰ
3667 952 3755 999 καὶ.
3778 950 3813 977 ¹¹
3838 968 4015 1025 κειρα-

2443 1029 2664 1098 λαιώδη,
2711 1031 2926 1097 μνήμην
2955 1031 3352 1099 καρπώσονται.
3392 1035 3583 1086 Κοινὸν
3614 1038 3657 1087 δ’
3700 1040 3739 1066 ’³
3774 1041 4018 1106 ἀμεεοτέ-

2446 1135 2556 1187 ροις
2678 1120 2780 1170 τῶν
2809 1118 3175 1188 ζητουμένων,
3206 1120 3281 1181 ὡς
3313 1121 3477 1183 εἰκὸς,
3510 1123 3891 1192 ἀταλαίπωρος
3924 1143 4021 1175 και

2446 1212 2707 1274 σύντομος
2753 1208 2990 1278 εὕρεσις,
3044 1211 3261 1261 ἐπειδάν
3289 1227 3372 1271 τις
3406 1212 3510 1262 ἀπὸ
3538 1211 3647 1262 τῶν
3698 1215 4019 1277 κεφαλαίων

2444 1298 2523 1358 εἰς
2557 1299 2692 1348 αὐτὰ
2720 1298 2785 1348 τὰ
2822 1298 2995 1367 πλάτη
3033 1299 3366 1365 ἀναδραμεῖν
3424 1298 3706 1351 ἑθελέσειε.
3743 1302 3849 1352 Καὶ
3884 1304 4020 1369 πρὸς

2445 1389 2577 1440 ἄλλα
2606 1388 2661 1438 δὲ
2702 1390 2812 1450 τοῖς
2854 1389 3164 1458 ῥητορεύειν
3211 1392 3303 1442 καὶ
3350 1390 3578 1458 γράφειν
3621 1393 4022 1455 σπουδάζουσιν

2445 1480 2541 1531 οὐκ
2573 1480 2843 1548 ἄχρηστον
2876 1482 2935 1531 τὸ
2967 1481 3187 1549 βιὸλίον.

3145 1572 3311 1626 ΡΞΗ’.

2451 1662 2559 1714 Τοῦ
2585 1670 2879 1730 μακαρίου
2922 1665 3243 1716 Βασιλείου
3287 1668 3641 1731 Σελευκείας
3681 1668 4023 1719 ἐπισκόπου

3083 1734 3251 1799 λόγοι
3295 1742 3380 1787 ιε’.

2525 1821 2967 1890 Ἀνεγνὼσθησαν
3013 1822 3107 1874 τοῦ
3150 1827 3422 1893 μακαρίου
3470 1828 3748 1879 Βασιλείου
3797 1828 4023 1879 ἐπισκό-

2446 1930 2547 1964 που
2598 1913 2913 1973 Σελευκείας
2951 1914 3094 1980 λόγοι
3125 1914 3202 1978 ιε’,
3232 1916 3446 1987 πρῶτος
3479 1919 3576 1987 μὲν
3610 1922 3688 1981 είς
3723 1921 3782 1972 τό
3804 1940 3817 1953 ο
3862 1938 3881 1969 ι
3930 1920 4022 1970 Ἐν

2445 2006 2583 2073 ἀρχῇ
2632 2006 2883 2074 ἐποίησεν
2913 2008 2941 2058 ὀ
2970 2007 3099 2070 Θεὸς
3140 2010 3231 2061 τὸν
3260 2009 3485 2077 οὐρανὸν
3524 2013 3618 2063 καὶ
3647 2012 3743 2081 τὴν
3800 2010 3906 2077 γῆν
3936 2027 3949 2039 ·
3996 2030 4015 2059 ι

2446 2094 2560 2147 εἷτα
2584 2098 2661 2157 εἰς
2689 2097 2779 2148 τὸν
2823 2098 3040 2165 Ἰωσὴφ,
3070 2101 3149 2161 εἰς
3172 2100 3264 2151 τὸν
3308 2101 3500 2169 ’Λδάμ,
3536 2104 3613 2164 είς
3645 2103 3733 2153 τὸν
3764 2104 3902 2155 Κάῐν
3927 2108 4023 2158 καὶ

2451 2188 2635 2251 ’”Α6ἐλ,
2688 2192 2765 2250 εἰς
2812 2190 2901 2241 τὸν
2964 2190 3235 2261 Ἀϐραὰμ,
3270 2194 3349 2253 εἰς
3380 2195 3470 2244 τὸν
3501 2195 3755 2262 Μωῦσῆν,
3798 2197 3876 2257 εἰς
3929 2199 4023 2248 τὸν

2460 2278 2663 2342 Ἠλίαν,
2716 2281 2796 2343 εἰς
2826 2281 2916 2332 τὸν
2965 2280 3147 2333 Ίωνᾶν
3181 2298 3195 2311 '
3232 2282 3447 2345 ἑννατος
3475 2285 3553 2346 εἰς
3574 2286 3665 2335 τὸν
3692 2286 4024 2354 ἑκατοντάρ-

2446 2388 2566 2439 χην,
2596 2371 2815 2435 δέκατος
2848 2373 2926 2433 εἰς
2955 2372 3048 2423 τό·
3094 2392 3113 2424 ι
3149 2374 3444 2426 Συνέπλεον
3481 2374 3521 2404 ³³
3567 2376 3613 2427 οἱ
3652 2376 3887 2445 μαθηταὶ
3944 2379 4025 2446 τῷ

2458 2462 2629 2531 Ἰησοῦ
2670 2482 2688 2513 ι
2734 2464 2827 2515 καὶ
2872 2462 3035 2533 ἐξῆς’
3069 2463 3195 2535 [577
3241 2465 3306 2518 R.
3350 2465 3568 2536 19611.)
3618 2463 3735 2518 εἶτα
3792 2470 3870 2530 εἰς
3928 2470 4013 2531 τὸ,

2453 2574 2469 2605 ‹
2502 2556 2661 2607 Δεῦτε
2697 2556 2739 2585 ¹⁸
2772 2559 2906 2625 πρός
2943 2574 3033 2623 με,
3062 2558 3260 2620 πάντες
3283 2560 3329 2610 οἱ
3361 2561 3656 2622 κοπιῶντες
3690 2560 3781 2612 καὶ
3816 2577 4024 2630 meop-

2448 2647 2685 2715 τισμένοι
2727 2666 2745 2696 ι
2784 2648 2877 2698 καὶ
2919 2648 3081 2717 ἑξῆς·
3120 2648 3356 2702 κᾶπειτα
3385 2653 3464 2708 εἰς
3493 2650 3583 2702 τὸν
3625 2652 3874 2718 Τελώνην
3929 2655 4027 2705 καί

2445 2741 2534 2793 τὸν
2558 2742 2867 2810 Φαρισαῖον,
2897 2744 2989 2795 καὶ
3030 2744 3107 2805 εἰς
3139 2744 3232 2795 τό·
3265 2763 3283 2794 ι
3319 2744 3452 2797 Εἰπὲ
3478 2747 3521 2776 ¹⁸
3553 2746 3639 2798 ἵνα
3684 2748 3731 2797 οξ
3777 2745 3868 2798 δύο
3922 2764 4024 2815 μου

2453 2832 2560 2886 υἱοὶ
2613 2832 2927 2893 καθίσωσιν,
2979 2827 3057 2893 εἷς
3109 2834 3173 2884 ἐκ
3226 2831 3415 2897 δεξιῶν
3462 2851 3556 2886 σου
3612 2834 3653 2864 ¹⁸
3700 2835 3791 2886 καὶ
3835 2829 3916 2895 εἷς
3967 2835 4028 2897 ἐξ

2450 2921 2765 2988 εὐωνύμων,
2805 2941 2821 2971 ι
2855 2923 2947 2973 καὶ
2977 2923 3053 2982 εἰς
3079 2922 3165 2972 τό·
3199 2941 3217 2972 ι
3259 2923 3391 2974 Τίνα
3419 2923 3459 2951 ³⁷
3484 2940 3549 2990 με
3576 2922 3821 2989 λέγουσιν
3848 2924 3896 2973 οἱ
3930 2925 4027 2975 ἄν-

2451 3010 2657 3078 θρωποι
2722 3008 2857 3061 εἶναι
2908 3012 2999 3063 τὸν
3032 3011 3163 3062 Υιὸν
3194 3010 3286 3062 τοῦ
3334 3012 3659 3079 ἀνθρώπου;
3726 3030 3747 3064 ι
3776 3012 4029 3063 ἑκκαιδέ-

2453 3119 2613 3163 κατος
2642 3103 2681 3131 ¹⁸
2730 3102 2786 3152 δὲ
2836 3104 2914 3162 εἰς
2939 3102 3030 3152 τό·
3068 3120 3086 3152 ι
3122 3102 3191 3154 Σὺ
3223 3099 3273 3153 εἴ
3320 3106 3347 3155 ὁ
3399 3106 3708 3172 ἐρχόμενος,
3750 3103 3782 3171 ἢ
3838 3104 4027 3169 ἕτερον

2380 3215 2421 3271 C
2458 3192 2845 3263 προσδοκῶμεν
2866 3211 2880 3257 ;
2918 3214 2936 3242 ι

2539 3282 2624 3332 Ἐν
2652 3280 2859 3343 τούτοις
2885 3277 2977 3334 οὖν
3005 3282 3170 3334 αὐτοῦ
3194 3284 3309 3344 τοῖς
3342 3283 3520 3349 λόγοις
3550 3283 3611 3334 τὺ
3643 3283 3741 3351 μὲν
3765 3283 4026 3350 τροπικὸν

2455 3373 2547 3423 καὶ
2578 3372 2774 3439 γοργὸν
2804 3373 2898 3425 καὶ
2925 3372 3155 3442 πάρισον
3184 3374 3250 3437 ³⁸,
3279 3373 3435 3435 εἴπερ
3457 3377 3585 3425 ποτέ
3605 3391 3709 3425 τινι
3737 3375 3830 3424 καὶ
3858 3375 4024 3442 ἄλλῳ,

2457 3463 2601 3513 ἐστιν
2637 3463 2761 3513 ἰδεῖν
2813 3462 2960 3532 αὐτῷ
2990 3464 3511 3533 δημιουργούμενον,
3548 3465 3643 3516 καὶ
3668 3465 3729 3515 τὸ
3750 3464 3923 3531 σαφὲς
3970 3464 4025 3515 δὲ

2457 3555 2547 3606 καὶ
2578 3554 2671 3621 ἡδὺ
2695 3554 2964 3622 διατρέχει
3000 3556 3043 3585 ’⁸
3074 3572 3088 3586 ο
3114 3555 3173 3607 τὸ
3200 3556 3255 3607 δὲ
3286 3556 3405 3608 λίαν
3436 3556 3732 3625 προσκορὲς
3770 3559 3868 3625 τῆς
3900 3573 4027 3625 τρο⁴

2457 3645 2565 3711 πῆς
2609 3645 2703 3695 καὶ
2734 3644 2840 3695 τῶν
2886 3646 3149 3715 γοργείων
3175 3649 3215 3677 ²¹
3244 3663 3259 3677 υ
3295 3648 3608 3715 σχημάτων,
3649 3646 3925 3714 μᾶλλονδὲ
3970 3647 4029 3697 τὸ

2463 3736 2681 3803 συνεχὲς
2707 3737 2800 3787 καὶ
2831 3735 3066 3805 ἄκρατον
3092 3738 3186 3789 καὶ
3216 3737 3581 3791 ἀδιὰπαυστον
3605 3739 3685 3797 εἰς
3715 3738 3907 3805 ἀηδίαν
3936 3740 4029 3789 καὶ

2462 3826 2711 3893 διαϐολὴν
2771 3826 2859 3878 τὸν
2892 3828 3165 3898 ἀκροατὴν
3213 3827 3486 3899 διεγείρει,
3540 3829 3631 3879 καὶ
3673 3828 3838 3895 ψόγον
3889 3833 4031 3881 κινεῖ

2464 3918 2555 3968 τοῦ
2603 3918 2960 3985 συγγραφέως
3013 3920 3111 3971 οὐκ
3159 3918 3391 3988 ἔχοντος,
3424 3918 3495 3981 ὡς
3538 3919 3700 3983 ἔοικε,
3728 3919 3890 3988 τέχνῃ
3932 3921 4031 3987 τὴν

2464 4006 2622 4073 φύσιν
2683 4008 2944 4076 ρυθμὶσαι
2992 4008 3084 4059 καὶ
3134 4010 3314 4061 κανόνι
3362 4010 3422 4061 τὸ
3473 4010 3704 4062 ἄτακτον
3754 4009 4026 4071 διατάξαι.

2466 4098 2778 4161 Πλεονὰζων
2801 4098 2846 4149 δ’
2878 4100 3024 4166 ὅμως
3051 4101 3170 4161 ταῖς
3199 4102 3448 4167 τροπαῖς,
3490 4101 3583 4152 καὶ
3621 4099 3749 4151 αὐτὸ
3767 4100 3866 4166 τῆς
3906 4116 4029 4167 τρο-

2464 4189 2720 4254 πολογίας
2746 4189 3006 4256 πηγάζων
3032 4191 3094 4241 τὸ
3133 4184 3295 4252 εἶδος,
3324 4189 3447 4241 οὔτε
3481 4190 3559 4251 είς
3587 4190 3939 4259 ψυχολογίαν,
3982 4193 4030 4241 εί

2664 4318 2708 4348 ³⁵
2733 4318 2919 4370 Matth.
2952 4333 3070 4381 xvi,
3100 4318 3183 4371 i3.
3264 4320 3309 4351 "
3340 4319 3529 4375 Matth.
3560 4338 3634 4385 xu,
3667 4323 3717 4375 5.

2079 4450 2306 4504 VARIAE
2343 4451 2746 4509 LECTIUNES.

891 4557 908 4584 ³
939 4551 1402 4619 ἀναγινώσκουσιν
1442 4565 1500 4619 ς,

802 4640 911 4675 nm.
944 4625 1007 4673 A.
1054 4611 1127 4653 ’³³
1155 4615 1464 4684 συνέπλεον]
1488 4617 1616 4668 Luc.
1650 4632 1763 4676 vm,
1786 4613 1989 4684 25._xa‘t
2016 4615 2083 4664 τὰ
2104 4611 2233 4684 ἑξῆςΔ
2254 4630 2309 4674 ς.

799 4697 838 4725 ’⁵
867 4691 1005 4761 εἰπὲ]
1056 4692 1243 4743 Matth.
1277 4704 1369 4761 κζ,
1404 4682 1505 4761 21⁸.Δ
1590 4686 1631 4761 '_‘
1662 4702 1751 4761 σου
1792 4682 1913 4761 add.
1960 4684 2024 4733 A.

798 4768 859 4815 A.
885 4762 968 4830 οὔ]
996 4753 1184 4815 Matth.
1212 4774 1288 4821 χι,
1318 4758 1369 4810 5.
1469 4757 1508 4786 ¹⁹
1542 4756 1633 4807 καὶ
1667 4755 1725 4803 τὸ
1753 4753 1980 4819 πάρισον
2012 4768 2070 4813 ς.

1597 4548 1638 4576 ¹⁰
1663 4546 1729 4597 τὰ
1774 4543 2191 4623 σςζγγρὸιμματρι-
2214 4542 2319 4593 τῶν
2351 4544 2558 4623 ἀνδρῶν
2594 4547 3089 4623 κιαὶησυντὰγματα
3125 4571 3186 4615 ς.

2389 4617 2429 4690 ξ’
2458 4616 2634 4690 δεῦτε]
2700 4616 2886 4690 Matth:
2932 4616 3007 4682 xi,
3063 4621 3152 4673 28.
3199 4621 3333 4690 πρὸς

2116 4682 2155 4709 ¹⁷
2185 4681 2326 4751 τίνα]
2360 4682 2547 4736 Matth.
2580 4681 2688 4740 xvi.
2717 4688 2803 4738 I5.
2831 4683 2966 4739 εἶναι
3000 4706 3108 4741 οιιι.
3142 4693 3205 4741 Α.

2149 4751 2194 4780 ³ο
2224 4752 2503 4821 διατρέφει
2534 4771 2591 4816 ς.

3268 4552 3308 4582 ¹¹
3337 4569 3387 4603 ει
3418 4554 3507 4602 καὶ
3539 4554 3579 4601 A
3615 4568 3626 4601 :
3665 4552 3743 4609 si;
3773 4568 3833 4613 ς’.
3922 4554 4029 4603 “6'

3386 4638 3452 4689 με
3484 4630 3537 4673 et
3568 4620 3620 4681 5,
3655 4620 3744 4670 τὸν
3798 4636 3908 4672 om.
3967 4628 4027 4673 Α.

3284 4689 3327 4719 ¹⁸
3354 4689 3845 4752 πεντεκαιδέκατος
3874 4706 4023 4745 corr.

2671 4756 2709 4785 ²¹
2739 4758 2977 4823 γοργίων
3002 4761 3066 4810 Α.

2246 4862 2505 4917 εΝΟΤᾹΞ.

867 4968 978 5029 4'77)
1009 4965 1216 5037 Sequor
1240 4963 1302 5037 τὸ
1330 4958 1713 5037 ἀνεγνωκόσι..
1740 5029 1751 5037 _
1882 5028 1891 5037 '
2142 5036 2145 5037 ν
2312 5029 2321 5035 _

866 5038 976 5103 (78)
1026 5029 1279 5101 Praesagit
1334 5030 1547 5103 animus
1604 5029 1948 5103 (quid___enim
2012 5036 2154 5080 vetat
2219 5029 2356 5103 omi-

797 5096 910 5160 nari
934 5096 993 5172 ἴ)
1032 5104 1147 5156 fore
1178 5096 1234 5153 ut
1261 5116 1361 5167 ope
1395 5098 1669 5151 Photiana:
1724 5096 2080 5172 Βὶὺίίοιιιρεω,
2110 5112 2228 5163 qua:
2275 5099 2352 5146 la-

798 5186 930 5241 tent,
960 5167 1217 5228 eruantur
1255 5185 1356 5222 non
1393 5182 1587 5241 pauca,
1621 5167 2358 5241 et__quem_ad_ntodum_nunc

797 5234 1077 5300 exiverunt
1094 5234 1665 5302 Adrianusﬁelasius,
1686 5234 2149 5303 Theophylaelus,
2177 5234 2357 5287 Simo-

796 5326 959 5375 ('8II8,
986 5329 1046 5365 ac
1080 5311 1321 5379 QIILBtIaIII
1357 5312 1518 5379 etiam
1555 5305 1770 5357 Diodori
1804 5306 2101 5379 Siculi,_sic
2146 5319 2359 5371 quoque

797 5401 919 5451 spes
964 5396 1064 5442 est,
1100 5376 1333 5451 'Stobaei
1362 5377 1586 5437 Eclogas
1640 5388 1851 5451 omnes,
1878 5376 2068 5451 .capite
2119 5385 2357 5451 truncas,

798 5444 921 5507 alibi
958 5455 1199 5511 vitiosas,
1234 5449 1495 5507 turbatas,
1521 5444 1768 5502 mutilas,
1810 5444 1982 5510 primo
2032 5446 2262 5497 maxime
2292 5454 2346 5496 et

798 5524 1034 5577 secundo
1089 5523 1246 5582 libro,
1305 5516 1602 5584 philosophi
1665 5512 1893 5580 alicujus
1951 5530 2110 5581 opera
2187 5521 2347 5579 atque

797 5593 1048 5661 philologi
1094 5592 1143 5642 in
1174 5591 1437 5661 integrum
1500 5584 1801 5661 restitutum
1858 5584 1943 5643 iri,
1999 5597 2053 5635 nt
2102 5585 2350 5661 aptoillo

799 5652 1099 5727 colligentis
1126 5652 1316 5712 ordine
1348 5654 1827 5727 servato.rn_iajore
1872 5669 1990 5727 cum
2047 5652 2353 5727 reipublica:

803 5724 1085 5784 c0minodo
1113 5738 1427 5795 appareant.
1478 5724 1537 5777 Et
1574 5725 1690 5785 tibi,
1751 5724 1889 5795 quod
1945 5724 2181 5795 omnium
2241 5726 2353 5786 pri-

808 5817 975 5867 mum,
999 5794 1356 5857 (monentium
1393 5797 1669 5858 librorum,
1706 5810 1767 5845 ac
1810 5794 2140 5863 singulorum
2178 5796 2357 5861 cujus-

2393 4962 2436 5015 D
2466 4976 2569 5028 que
2599 4962 2831 5024 capitum
2864 4963 3079 5022 seriem,
3110 4974 3164 5015 et
3208 4976 3582 5031 argumentum
3620 4963 3843 5018 Photius
3868 4979 4032 5020 accn-

2467 5042 2580 5101 rate
2615 5032 2893 5101 designet:
2931 5033 3053 5084 dein
3096 5034 3423 5097 Augustaua:
3457 5034 3801 5087 bibliotheca!
3840 5036 4022 5101 (cujus

2467 5100 2758 5164 inultajam
2786 5111 2997 5153 exstant
3024 5103 3075 5151 in
3110 5117 3220 5154 rem
3268 5103 3585 5156 litterariam
3617 5103 3904 5167 beneficia)
3935 5100 4034 5157 co-

2463 5170 2563 5221 dex
2592 5170 2797 5221 calamo
2835 5180 3106 5229 exaratos,
3163 5183 3217 5223 ut
3255 5181 3309 5225 et
3374 5182 3569 5225 nostra:
3615 5187 3785 5240 neque
3840 5189 4030 5239 pauca.

2464 5240 3065 5310 nequecoutemnenda
3100 5240 3425 5307 fragmenta,
3462 5256 3578 5310 qua:
3611 5255 3673 5293 ex
3730 5244 3857 5293 Ant.
3911 5246 4026 5295 Au-

2464 5309 2659 5373 gustini
2696 5307 2760 5361 ν.
2799 5309 2858 5361 C.
2892 5310 3027 5360 libro
3084 5307 3491 5374 descripsimus,
3549 5326 3733 5378 magna
3792 5327 3926 5362 sane
3971 5317 4032 5362 ad

2469 5380 2538 5441 id,
2576 5378 2717 5444 quod
2775 5380 3131 5446 suggerimus,
3180 5381 3406 5433 afferent
3480 5379 3813 5446 adjumenta.
3876 5380 4029 5432 Num;

2456 5451 2709 5514 quoniam
2738 5448 2788 5499 in
2820 5448 2995 5501 medio
3031 5451 3206 5515 palma
3242 5460 3345 5513 est,
3382 5450 3484 5503 huc
3512 5448 3713 5503 Graecae
3745 5466 3809 5503 ae
3841 5452 4023 5516 polita:

2457 5518 2812 5584 philosophia:
2837 5519 3108 5571 studiosos
3136 5520 3330 5572 invito.

2534 5587 2643 5655 (79)
2680 5588 2859 5653 Longe
2892 5587 3070 5655 plitres
3098 5599 3314 5642 exstant
3348 5588 3504 5641 hodie
3554 5588 3741 5643 Graece
3778 5591 3831 5642 in
3897 5588 4033 5641 Ger-

2464 5660 2638 5709 mania
2665 5658 2933 5721 evulgata,
2966 5672 3101 5724 quas
3158 5674 3325 5723 nuper
3388 5656 3603 5713 Latinas
3668 5658 3796 5713 fecit
3850 5673 4031 5713 uoster

2462 5728 2716 5781 Claudius
2750 5725 3103 5794 Dausqueius.
