  <div class='ocr_page' id='page_1' title='image "/cluster/home/n/w/nwhite01/storage/ocr_20150623/103/nnc1.0046979689/254.png"; bbox 0 0 4224 6446; ppageno 0'>
   <div class='ocr_carea' id='block_1_1' title="bbox 157 421 259 486">
    <p class='ocr_par' dir='ltr' id='par_1_1' title="bbox 157 421 259 486">
     <span class='ocr_line' id='line_1_1' title="bbox 157 421 259 486; baseline 0.039 -4"><span class='ocrx_word' id='word_1_1' title='bbox 157 421 259 486; x_wconf 71' lang='grc'><strong>493</strong></span> 
     </span>
    </p>
   </div>
   <div class='ocr_carea' id='block_1_2' title="bbox 1023 407 2553 495">
    <p class='ocr_par' dir='ltr' id='par_1_2' title="bbox 1023 407 2553 495">
     <span class='ocr_line' id='line_1_2' title="bbox 1023 407 2553 495; baseline -0.004 -21"><span class='ocrx_word' id='word_1_2' title='bbox 1023 411 1544 474; x_wconf 76' lang='lat' dir='ltr'><strong>BIBLIOTHECA.</strong></span> <span class='ocrx_word' id='word_1_3' title='bbox 1583 434 1653 448; x_wconf 88' lang='lat'><strong>-</strong></span> <span class='ocrx_word' id='word_1_4' title='bbox 1686 411 1902 471; x_wconf 88' lang='lat' dir='ltr'><strong>CODD.</strong></span> <span class='ocrx_word' id='word_1_5' title='bbox 1960 407 2553 495; x_wconf 37' lang='lat' dir='ltr'><strong>CLXVIIIMCLXIX.</strong></span> 
     </span>
    </p>
   </div>
   <div class='ocr_carea' id='block_1_3' title="bbox 3294 402 3401 471">
    <p class='ocr_par' dir='ltr' id='par_1_3' title="bbox 3294 402 3401 471">
     <span class='ocr_line' id='line_1_3' title="bbox 3294 402 3401 471; baseline 0 0"><span class='ocrx_word' id='word_1_6' title='bbox 3294 402 3401 471; x_wconf 69' lang='grc'><strong>494</strong></span> 
     </span>
    </p>
   </div>
   <div class='ocr_carea' id='block_1_4' title="bbox 160 521 1742 603">
    <p class='ocr_par' dir='ltr' id='par_1_4' title="bbox 160 526 1725 603">
     <span class='ocr_line' id='line_1_4' title="bbox 160 526 1725 603; baseline -0.008 -17"><span class='ocrx_word' id='word_1_7' title='bbox 160 536 232 603; x_wconf 81' lang='grc' dir='ltr'>μὴ</span> <span class='ocrx_word' id='word_1_8' title='bbox 278 534 352 595; x_wconf 84' lang='grc' dir='ltr'>ὡς</span> <span class='ocrx_word' id='word_1_9' title='bbox 379 533 425 562; x_wconf 82' lang='lat'><strong>&quot;</strong></span> <span class='ocrx_word' id='word_1_10' title='bbox 461 530 762 599; x_wconf 72' lang='grc' dir='ltr'>ἐλάχιστον,</span> <span class='ocrx_word' id='word_1_11' title='bbox 794 529 1104 598; x_wconf 71' lang='grc' dir='ltr'><strong>ἐκφέρεται,</strong></span> <span class='ocrx_word' id='word_1_12' title='bbox 1138 526 1262 579; x_wconf 77' lang='grc' dir='ltr'>οὔτε</span> <span class='ocrx_word' id='word_1_13' title='bbox 1318 526 1557 595; x_wconf 77' lang='grc' dir='ltr'>ἀσαφείᾳ</span> <span class='ocrx_word' id='word_1_14' title='bbox 1600 540 1725 575; x_wconf 84' lang='grc' dir='ltr'>σκο-</span> 
     </span>
    </p>
   </div>
   <div class='ocr_carea' id='block_1_5' title="bbox 1845 521 3401 603">
    <p class='ocr_par' dir='ltr' id='par_1_5' title="bbox 1845 521 3401 590">
     <span class='ocr_line' id='line_1_5' title="bbox 1845 521 3401 590; baseline 0.001 -14"><span class='ocrx_word' id='word_1_15' title='bbox 1845 524 1945 576; x_wconf 77' lang='lat' dir='ltr'><strong>Etsi</strong></span> <span class='ocrx_word' id='word_1_16' title='bbox 1978 532 2157 576; x_wconf 88' lang='lat' dir='ltr'><strong>autem</strong></span> <span class='ocrx_word' id='word_1_17' title='bbox 2205 522 2372 590; x_wconf 78' lang='lat' dir='ltr'><strong>tropis</strong></span> <span class='ocrx_word' id='word_1_18' title='bbox 2429 523 2533 576; x_wconf 82' lang='lat' dir='ltr'><strong>liOc</strong></span> <span class='ocrx_word' id='word_1_19' title='bbox 2572 523 2730 576; x_wconf 85' lang='lat' dir='ltr'><strong>modo</strong></span> <span class='ocrx_word' id='word_1_20' title='bbox 2779 523 3055 586; x_wconf 89' lang='lat' dir='ltr'><strong>abundet,</strong></span> <span class='ocrx_word' id='word_1_21' title='bbox 3108 521 3401 590; x_wconf 86' lang='lat' dir='ltr'><strong>ipsumque</strong></span> 
     </span>
    </p>
   </div>
   <div class='ocr_carea' id='block_1_6' title="bbox 156 613 1728 691">
    <p class='ocr_par' dir='ltr' id='par_1_6' title="bbox 156 613 1728 691">
     <span class='ocr_line' id='line_1_6' title="bbox 156 613 1728 691; baseline -0.009 -14"><span class='ocrx_word' id='word_1_22' title='bbox 156 628 288 687; x_wconf 75' lang='grc' dir='ltr'>τίζει</span> <span class='ocrx_word' id='word_1_23' title='bbox 327 624 390 674; x_wconf 82' lang='grc' dir='ltr'><strong>τὸ</strong></span> <span class='ocrx_word' id='word_1_24' title='bbox 430 623 631 691; x_wconf 83' lang='grc' dir='ltr'>νόημα,</span> <span class='ocrx_word' id='word_1_25' title='bbox 685 619 819 673; x_wconf 77' lang='grc' dir='ltr'>ἀλλὰ</span> <span class='ocrx_word' id='word_1_26' title='bbox 874 622 938 688; x_wconf 84' lang='grc' dir='ltr'>τῇ</span> <span class='ocrx_word' id='word_1_27' title='bbox 974 619 1269 688; x_wconf 77' lang='grc' dir='ltr'><strong>βραχύτητι</strong></span> <span class='ocrx_word' id='word_1_28' title='bbox 1308 617 1354 646; x_wconf 74' lang='grc'><strong><em>⁸³</em></strong></span> <span class='ocrx_word' id='word_1_29' title='bbox 1389 615 1496 666; x_wconf 81' lang='grc' dir='ltr'><strong>τῶν</strong></span> <span class='ocrx_word' id='word_1_30' title='bbox 1540 613 1728 666; x_wconf 83' lang='grc' dir='ltr'>κώλων</span> 
     </span>
    </p>
   </div>
   <div class='ocr_carea' id='block_1_7' title="bbox 157 709 1729 783">
    <p class='ocr_par' dir='ltr' id='par_1_7' title="bbox 157 709 1729 783">
     <span class='ocr_line' id='line_1_7' title="bbox 157 709 1729 783; baseline -0.006 -16"><span class='ocrx_word' id='word_1_31' title='bbox 157 721 246 769; x_wconf 76' lang='grc' dir='ltr'><strong>καὶ</strong></span> <span class='ocrx_word' id='word_1_32' title='bbox 281 716 392 765; x_wconf 86' lang='grc' dir='ltr'><strong>τῶν</strong></span> <span class='ocrx_word' id='word_1_33' title='bbox 423 714 688 783; x_wconf 78' lang='grc' dir='ltr'><strong>περιόδων</strong></span> <span class='ocrx_word' id='word_1_34' title='bbox 719 713 811 765; x_wconf 78' lang='grc' dir='ltr'><strong>καὶ</strong></span> <span class='ocrx_word' id='word_1_35' title='bbox 853 715 917 782; x_wconf 80' lang='grc' dir='ltr'>τῇ</span> <span class='ocrx_word' id='word_1_36' title='bbox 949 713 1182 781; x_wconf 82' lang='grc' dir='ltr'>ὲμφὰσει</span> <span class='ocrx_word' id='word_1_37' title='bbox 1230 709 1339 761; x_wconf 89' lang='grc' dir='ltr'><strong>τῶν</strong></span> <span class='ocrx_word' id='word_1_38' title='bbox 1392 710 1589 772; x_wconf 78' lang='grc' dir='ltr'><strong>λέξεων</strong></span> <span class='ocrx_word' id='word_1_39' title='bbox 1632 710 1729 775; x_wconf 78' lang='grc' dir='ltr'>τῆς</span> 
     </span>
    </p>
   </div>
   <div class='ocr_carea' id='block_1_8' title="bbox 155 792 1723 875">
    <p class='ocr_par' dir='ltr' id='par_1_8' title="bbox 155 792 1723 875">
     <span class='ocr_line' id='line_1_8' title="bbox 155 792 1723 875; baseline -0.006 -18"><span class='ocrx_word' id='word_1_40' title='bbox 155 807 517 875; x_wconf 75' lang='grc' dir='ltr'>τροπολογίας</span> <span class='ocrx_word' id='word_1_41' title='bbox 558 805 922 875; x_wconf 78' lang='grc' dir='ltr'><strong>περιαιρεῖται</strong></span> <span class='ocrx_word' id='word_1_42' title='bbox 960 803 1021 855; x_wconf 79' lang='grc' dir='ltr'>τὸ</span> <span class='ocrx_word' id='word_1_43' title='bbox 1049 802 1374 870; x_wconf 77' lang='grc' dir='ltr'>δύσληπτον.</span> <span class='ocrx_word' id='word_1_44' title='bbox 1426 798 1579 850; x_wconf 76' lang='grc' dir='ltr'>Ἀλλ’</span> <span class='ocrx_word' id='word_1_45' title='bbox 1611 792 1723 858; x_wconf 72' lang='grc' dir='ltr'>οὖν,</span> 
     </span>
    </p>
   </div>
   <div class='ocr_carea' id='block_1_9' title="bbox 156 888 1727 966">
    <p class='ocr_par' dir='ltr' id='par_1_9' title="bbox 156 888 1727 966">
     <span class='ocr_line' id='line_1_9' title="bbox 156 888 1727 966; baseline -0.006 -18"><span class='ocrx_word' id='word_1_46' title='bbox 156 899 287 966; x_wconf 77' lang='grc' dir='ltr'>ὅπερ</span> <span class='ocrx_word' id='word_1_47' title='bbox 320 898 484 966; x_wconf 78' lang='grc' dir='ltr'>ἔφην,</span> <span class='ocrx_word' id='word_1_48' title='bbox 508 900 535 949; x_wconf 99' lang='lat'><strong>6</strong></span> <span class='ocrx_word' id='word_1_49' title='bbox 562 897 719 966; x_wconf 81' lang='grc' dir='ltr'>κόρος</span> <span class='ocrx_word' id='word_1_50' title='bbox 746 896 843 963; x_wconf 81' lang='grc' dir='ltr'><strong>τὴν</strong></span> <span class='ocrx_word' id='word_1_51' title='bbox 870 895 1029 964; x_wconf 80' lang='grc' dir='ltr'>χάριν</span> <span class='ocrx_word' id='word_1_52' title='bbox 1052 892 1335 962; x_wconf 79' lang='grc' dir='ltr'>ἀμϐλύνει,</span> <span class='ocrx_word' id='word_1_53' title='bbox 1356 890 1447 943; x_wconf 67' lang='grc' dir='ltr'><strong>καὶ</strong></span> <span class='ocrx_word' id='word_1_54' title='bbox 1470 890 1530 941; x_wconf 85' lang='grc' dir='ltr'><strong>τὸ</strong></span> <span class='ocrx_word' id='word_1_55' title='bbox 1556 888 1727 957; x_wconf 79' lang='grc' dir='ltr'>ἄκρα-</span> 
     </span>
    </p>
   </div>
   <div class='ocr_carea' id='block_1_10' title="bbox 157 981 1724 1057">
    <p class='ocr_par' dir='ltr' id='par_1_10' title="bbox 157 981 1724 1057">
     <span class='ocr_line' id='line_1_10' title="bbox 157 981 1724 1057; baseline -0.007 -17"><span class='ocrx_word' id='word_1_56' title='bbox 157 1006 240 1040; x_wconf 86' lang='grc' dir='ltr'><strong>τον</strong></span> <span class='ocrx_word' id='word_1_57' title='bbox 258 992 362 1057; x_wconf 82' lang='grc' dir='ltr'>τῆς</span> <span class='ocrx_word' id='word_1_58' title='bbox 393 989 604 1057; x_wconf 68' lang='grc' dir='ltr'>τροπῆς</span> <span class='ocrx_word' id='word_1_59' title='bbox 624 988 750 1049; x_wconf 78' lang='grc' dir='ltr'>τοὺς</span> <span class='ocrx_word' id='word_1_60' title='bbox 784 987 983 1056; x_wconf 87' lang='grc' dir='ltr'>νόμους</span> <span class='ocrx_word' id='word_1_61' title='bbox 1003 986 1101 1053; x_wconf 75' lang='grc' dir='ltr'><strong>τῆς</strong></span> <span class='ocrx_word' id='word_1_62' title='bbox 1140 990 1334 1053; x_wconf 84' lang='grc' dir='ltr'>τέχνης</span> <span class='ocrx_word' id='word_1_63' title='bbox 1357 983 1455 1034; x_wconf 79' lang='grc' dir='ltr'><strong>οὐκ</strong></span> <span class='ocrx_word' id='word_1_64' title='bbox 1484 982 1549 1050; x_wconf 77' lang='grc' dir='ltr'><strong>ἐᾷ</strong></span> <span class='ocrx_word' id='word_1_65' title='bbox 1580 981 1724 1049; x_wconf 74' lang='grc' dir='ltr'>παῤ-</span> 
     </span>
    </p>
   </div>
   <div class='ocr_carea' id='block_1_11' title="bbox 160 1079 547 1149">
    <p class='ocr_par' dir='ltr' id='par_1_11' title="bbox 160 1079 547 1149">
     <span class='ocr_line' id='line_1_11' title="bbox 160 1079 547 1149; baseline 0.005 -19"><span class='ocrx_word' id='word_1_66' title='bbox 160 1079 547 1149; x_wconf 77' lang='grc' dir='ltr'>ρησιάσασθαι.</span> 
     </span>
    </p>
   </div>
   <div class='ocr_carea' id='block_1_12' title="bbox 1835 610 3397 679">
    <p class='ocr_par' dir='ltr' id='par_1_12' title="bbox 1835 610 3397 679">
     <span class='ocr_line' id='line_1_12' title="bbox 1835 610 3397 679; baseline -0.001 -16"><span class='ocrx_word' id='word_1_67' title='bbox 1835 612 1969 665; x_wconf 90' lang='lat' dir='ltr'><strong>adeo</strong></span> <span class='ocrx_word' id='word_1_68' title='bbox 2019 610 2411 679; x_wconf 78' lang='lat' dir='ltr'><strong>tropologicum</strong></span> <span class='ocrx_word' id='word_1_69' title='bbox 2446 610 2657 663; x_wconf 88' lang='lat' dir='ltr'><strong>dicendi</strong></span> <span class='ocrx_word' id='word_1_70' title='bbox 2696 625 2866 679; x_wconf 84' lang='lat' dir='ltr'><strong>genus</strong></span> <span class='ocrx_word' id='word_1_71' title='bbox 2902 610 3068 663; x_wconf 83' lang='lat' dir='ltr'><strong>fontis</strong></span> <span class='ocrx_word' id='word_1_72' title='bbox 3104 610 3159 663; x_wconf 92' lang='lat' dir='ltr'><strong>in</strong></span> <span class='ocrx_word' id='word_1_73' title='bbox 3194 626 3397 663; x_wconf 89' lang='lat' dir='ltr'><strong>morem</strong></span> 
     </span>
    </p>
   </div>
   <div class='ocr_carea' id='block_1_13' title="bbox 1833 702 3399 771">
    <p class='ocr_par' dir='ltr' id='par_1_13' title="bbox 1833 702 3399 771">
     <span class='ocr_line' id='line_1_13' title="bbox 1833 702 3399 771; baseline -0.003 -13"><span class='ocrx_word' id='word_1_74' title='bbox 1833 705 2093 767; x_wconf 72' lang='lat' dir='ltr'><strong>effundat,</strong></span> <span class='ocrx_word' id='word_1_75' title='bbox 2128 718 2404 771; x_wconf 79' lang='lat' dir='ltr'><strong>nunquam</strong></span> <span class='ocrx_word' id='word_1_76' title='bbox 2433 712 2614 755; x_wconf 89' lang='lat' dir='ltr'><strong>tamen</strong></span> <span class='ocrx_word' id='word_1_77' title='bbox 2646 703 2767 755; x_wconf 89' lang='lat' dir='ltr'><strong>ideo</strong></span> <span class='ocrx_word' id='word_1_78' title='bbox 2798 703 2877 757; x_wconf 97' lang='lat' dir='ltr'><strong>vel</strong></span> <span class='ocrx_word' id='word_1_79' title='bbox 2914 704 2965 755; x_wconf 92' lang='lat' dir='ltr'><strong>in</strong></span> <span class='ocrx_word' id='word_1_80' title='bbox 2998 702 3256 768; x_wconf 86' lang='lat' dir='ltr'><strong>frigidum</strong></span> <span class='ocrx_word' id='word_1_81' title='bbox 3282 718 3399 755; x_wconf 88' lang='lat' dir='ltr'><strong>ser-</strong></span> 
     </span>
    </p>
   </div>
   <div class='ocr_carea' id='block_1_14' title="bbox 1835 793 3400 862">
    <p class='ocr_par' dir='ltr' id='par_1_14' title="bbox 1835 793 3400 862">
     <span class='ocr_line' id='line_1_14' title="bbox 1835 793 3400 862; baseline -0.003 -14"><span class='ocrx_word' id='word_1_82' title='bbox 1835 810 2071 859; x_wconf 89' lang='lat' dir='ltr'><strong>monem,</strong></span> <span class='ocrx_word' id='word_1_83' title='bbox 2104 794 2203 847; x_wconf 90' lang='lat' dir='ltr'><strong>nisi</strong></span> <span class='ocrx_word' id='word_1_84' title='bbox 2242 808 2467 862; x_wconf 82' lang='lat' dir='ltr'><strong>perraro</strong></span> <span class='ocrx_word' id='word_1_85' title='bbox 2502 794 2792 859; x_wconf 78' lang='lat' dir='ltr'><strong>delabitur,</strong></span> <span class='ocrx_word' id='word_1_86' title='bbox 2821 794 2904 847; x_wconf 89' lang='lat' dir='ltr'><strong>vel</strong></span> <span class='ocrx_word' id='word_1_87' title='bbox 2930 793 3267 847; x_wconf 86' lang='lat' dir='ltr'><strong>obscuritate</strong></span> <span class='ocrx_word' id='word_1_88' title='bbox 3299 793 3400 845; x_wconf 88' lang='lat' dir='ltr'><strong>ali-</strong></span> 
     </span>
    </p>
   </div>
   <div class='ocr_carea' id='block_1_15' title="bbox 1834 883 3401 954">
    <p class='ocr_par' dir='ltr' id='par_1_15' title="bbox 1834 883 3401 954">
     <span class='ocr_line' id='line_1_15' title="bbox 1834 883 3401 954; baseline -0.001 -18"><span class='ocrx_word' id='word_1_89' title='bbox 1834 901 1939 954; x_wconf 89' lang='lat' dir='ltr'><strong>qua</strong></span> <span class='ocrx_word' id='word_1_90' title='bbox 1965 902 2185 939; x_wconf 85' lang='lat' dir='ltr'><strong>sensum</strong></span> <span class='ocrx_word' id='word_1_91' title='bbox 2213 886 2499 939; x_wconf 86' lang='lat' dir='ltr'><strong>obumbrat</strong></span> <span class='ocrx_word' id='word_1_92' title='bbox 2532 904 2545 938; x_wconf 90' lang='lat'><strong>:</strong></span> <span class='ocrx_word' id='word_1_93' title='bbox 2584 886 2676 938; x_wconf 91' lang='lat' dir='ltr'><strong>sed</strong></span> <span class='ocrx_word' id='word_1_94' title='bbox 2703 887 2746 938; x_wconf 89' lang='lat' dir='ltr'><strong>si</strong></span> <span class='ocrx_word' id='word_1_95' title='bbox 2782 886 2908 948; x_wconf 88' lang='lat' dir='ltr'><strong>quid</strong></span> <span class='ocrx_word' id='word_1_96' title='bbox 2944 885 3013 936; x_wconf 94' lang='lat' dir='ltr'><strong>ob</strong></span> <span class='ocrx_word' id='word_1_97' title='bbox 3042 883 3401 951; x_wconf 80' lang='lat' dir='ltr'><strong>tropologiam</strong></span> 
     </span>
    </p>
   </div>
   <div class='ocr_carea' id='block_1_16' title="bbox 1836 974 3400 1047">
    <p class='ocr_par' dir='ltr' id='par_1_16' title="bbox 1836 974 3400 1047">
     <span class='ocr_line' id='line_1_16' title="bbox 1836 974 3400 1047; baseline -0.003 -15"><span class='ocrx_word' id='word_1_98' title='bbox 1836 979 2063 1047; x_wconf 83' lang='lat' dir='ltr'><strong>intelligi</strong></span> <span class='ocrx_word' id='word_1_99' title='bbox 2095 980 2269 1031; x_wconf 91' lang='lat' dir='ltr'><strong>minus</strong></span> <span class='ocrx_word' id='word_1_100' title='bbox 2293 978 2577 1031; x_wconf 88' lang='lat' dir='ltr'><strong>commode</strong></span> <span class='ocrx_word' id='word_1_101' title='bbox 2610 986 2838 1046; x_wconf 81' lang='lat' dir='ltr'><strong>poterat,</strong></span> <span class='ocrx_word' id='word_1_102' title='bbox 2877 978 2927 1029; x_wconf 92' lang='lat' dir='ltr'><strong>id</strong></span> <span class='ocrx_word' id='word_1_103' title='bbox 2954 992 3076 1030; x_wconf 89' lang='lat' dir='ltr'><strong>cum</strong></span> <span class='ocrx_word' id='word_1_104' title='bbox 3097 974 3400 1029; x_wconf 84' lang='lat' dir='ltr'><strong>accelerata</strong></span> 
     </span>
    </p>
   </div>
   <div class='ocr_carea' id='block_1_17' title="bbox 1835 1068 3403 1140">
    <p class='ocr_par' dir='ltr' id='par_1_17' title="bbox 1835 1068 3403 1140">
     <span class='ocr_line' id='line_1_17' title="bbox 1835 1068 3403 1140; baseline -0.001 -19"><span class='ocrx_word' id='word_1_105' title='bbox 1835 1069 2075 1123; x_wconf 89' lang='lat' dir='ltr'><strong>membra</strong></span> <span class='ocrx_word' id='word_1_106' title='bbox 2133 1077 2292 1135; x_wconf 92' lang='lat' dir='ltr'><strong>atque</strong></span> <span class='ocrx_word' id='word_1_107' title='bbox 2343 1068 2584 1136; x_wconf 86' lang='lat' dir='ltr'><strong>periodi,</strong></span> <span class='ocrx_word' id='word_1_108' title='bbox 2638 1078 2749 1122; x_wconf 89' lang='lat' dir='ltr'><strong>tum</strong></span> <span class='ocrx_word' id='word_1_109' title='bbox 2819 1069 3116 1122; x_wconf 88' lang='lat' dir='ltr'><strong>dictionum</strong></span> <span class='ocrx_word' id='word_1_110' title='bbox 3168 1072 3403 1140; x_wconf 85' lang='lat' dir='ltr'><strong>ipsarum</strong></span> 
     </span>
    </p>
   </div>
   <div class='ocr_carea' id='block_1_18' title="bbox 158 1161 3405 1239">
    <p class='ocr_par' dir='ltr' id='par_1_18' title="bbox 158 1161 3405 1239">
     <span class='ocr_line' id='line_1_18' title="bbox 158 1161 3405 1239; baseline -0.003 -16"><span class='ocrx_word' id='word_1_111' title='bbox 158 1172 518 1239; x_wconf 80' lang='lat' dir='ltr'><strong>significantia</strong></span> <span class='ocrx_word' id='word_1_112' title='bbox 574 1169 729 1223; x_wconf 82' lang='lat' dir='ltr'><strong>facile</strong></span> <span class='ocrx_word' id='word_1_113' title='bbox 776 1169 933 1220; x_wconf 91' lang='lat' dir='ltr'><strong>tollit.</strong></span> <span class='ocrx_word' id='word_1_114' title='bbox 988 1166 1279 1230; x_wconf 64' lang='lat' dir='ltr'><strong>Castorum,</strong></span> <span class='ocrx_word' id='word_1_115' title='bbox 1324 1176 1382 1217; x_wconf 93' lang='lat' dir='ltr'><strong>ut</strong></span> <span class='ocrx_word' id='word_1_116' title='bbox 1431 1164 1540 1233; x_wconf 81' lang='lat' dir='ltr'><strong>jam</strong></span> <span class='ocrx_word' id='word_1_117' title='bbox 1590 1164 1724 1225; x_wconf 74' lang='lat' dir='ltr'><strong>dixi,</strong></span> <span class='ocrx_word' id='word_1_118' title='bbox 1766 1163 1987 1214; x_wconf 81' lang='lat' dir='ltr'><strong>satietas</strong></span> <span class='ocrx_word' id='word_1_119' title='bbox 2051 1161 2281 1228; x_wconf 77' lang='lat' dir='ltr'><strong>gratiam</strong></span> <span class='ocrx_word' id='word_1_120' title='bbox 2357 1174 2569 1213; x_wconf 89' lang='lat' dir='ltr'><strong>omnem</strong></span> <span class='ocrx_word' id='word_1_121' title='bbox 2617 1162 2856 1224; x_wconf 87' lang='lat' dir='ltr'><strong>hebetat,</strong></span> <span class='ocrx_word' id='word_1_122' title='bbox 2910 1171 2964 1214; x_wconf 86' lang='lat' dir='ltr'><strong>et</strong></span> <span class='ocrx_word' id='word_1_123' title='bbox 3010 1177 3267 1230; x_wconf 91' lang='lat' dir='ltr'><strong>purorum</strong></span> <span class='ocrx_word' id='word_1_124' title='bbox 3315 1162 3405 1214; x_wconf 84' lang='lat' dir='ltr'><strong>illa</strong></span> 
     </span>
    </p>
   </div>
   <div class='ocr_carea' id='block_1_19' title="bbox 166 1254 2379 1326">
    <p class='ocr_par' dir='ltr' id='par_1_19' title="bbox 166 1254 2379 1326">
     <span class='ocr_line' id='line_1_19' title="bbox 166 1254 2379 1326; baseline -0.001 -14"><span class='ocrx_word' id='word_1_125' title='bbox 166 1274 443 1326; x_wconf 87' lang='lat' dir='ltr'><strong>troporum</strong></span> <span class='ocrx_word' id='word_1_126' title='bbox 480 1262 752 1314; x_wconf 79' lang='lat' dir='ltr'><strong>afﬂuentia</strong></span> <span class='ocrx_word' id='word_1_127' title='bbox 788 1262 1002 1314; x_wconf 84' lang='lat' dir='ltr'><strong>artificii</strong></span> <span class='ocrx_word' id='word_1_128' title='bbox 1035 1261 1242 1325; x_wconf 82' lang='lat' dir='ltr'><strong>legibus</strong></span> <span class='ocrx_word' id='word_1_129' title='bbox 1274 1259 1471 1312; x_wconf 86' lang='lat' dir='ltr'><strong>nullam</strong></span> <span class='ocrx_word' id='word_1_130' title='bbox 1520 1257 1731 1309; x_wconf 87' lang='lat' dir='ltr'><strong>dicendi</strong></span> <span class='ocrx_word' id='word_1_131' title='bbox 1776 1255 2076 1308; x_wconf 84' lang='lat' dir='ltr'><strong>libertatem</strong></span> <span class='ocrx_word' id='word_1_132' title='bbox 2109 1254 2379 1309; x_wconf 84' lang='lat' dir='ltr'><strong>concedit.</strong></span> 
     </span>
    </p>
   </div>
   <div class='ocr_carea' id='block_1_20' title="bbox 228 1350 1725 1426">
    <p class='ocr_par' dir='ltr' id='par_1_20' title="bbox 228 1350 1725 1426">
     <span class='ocr_line' id='line_1_20' title="bbox 228 1350 1725 1426; baseline -0.002 -20"><span class='ocrx_word' id='word_1_133' title='bbox 228 1356 418 1406; x_wconf 85' lang='grc' dir='ltr'>Ἔοικε</span> <span class='ocrx_word' id='word_1_134' title='bbox 456 1355 514 1405; x_wconf 82' lang='grc' dir='ltr'><strong>δὲ</strong></span> <span class='ocrx_word' id='word_1_135' title='bbox 542 1351 693 1415; x_wconf 71' lang='grc' dir='ltr'>οὗτος</span> <span class='ocrx_word' id='word_1_136' title='bbox 723 1356 921 1422; x_wconf 76' lang='grc' dir='ltr'>μᾶλλον</span> <span class='ocrx_word' id='word_1_137' title='bbox 952 1350 1088 1405; x_wconf 76' lang='grc' dir='ltr'>εἶναι</span> <span class='ocrx_word' id='word_1_138' title='bbox 1115 1356 1146 1426; x_wconf 83' lang='grc' dir='ltr'>ἦ</span> <span class='ocrx_word' id='word_1_139' title='bbox 1184 1358 1211 1406; x_wconf 79' lang='grc' dir='ltr'>ὁ</span> <span class='ocrx_word' id='word_1_140' title='bbox 1245 1354 1580 1422; x_wconf 78' lang='grc' dir='ltr'>Καισαρείας</span> <span class='ocrx_word' id='word_1_141' title='bbox 1632 1352 1725 1421; x_wconf 80' lang='grc' dir='ltr'><strong>μέ-</strong></span> 
     </span>
    </p>
   </div>
   <div class='ocr_carea' id='block_1_21' title="bbox 157 1444 1730 1515">
    <p class='ocr_par' dir='ltr' id='par_1_21' title="bbox 157 1444 1730 1515">
     <span class='ocr_line' id='line_1_21' title="bbox 157 1444 1730 1515; baseline -0.001 -17"><span class='ocrx_word' id='word_1_142' title='bbox 157 1463 256 1511; x_wconf 80' lang='grc' dir='ltr'>γας</span> <span class='ocrx_word' id='word_1_143' title='bbox 321 1446 623 1507; x_wconf 82' lang='grc' dir='ltr'>Βασίλειος,</span> <span class='ocrx_word' id='word_1_144' title='bbox 691 1449 719 1497; x_wconf 86' lang='grc' dir='ltr'>ὀ</span> <span class='ocrx_word' id='word_1_145' title='bbox 766 1446 842 1515; x_wconf 79' lang='grc' dir='ltr'><strong>τῷ</strong></span> <span class='ocrx_word' id='word_1_146' title='bbox 895 1446 1344 1515; x_wconf 81' lang='grc' dir='ltr'>τρισμακαρίστῳ</span> <span class='ocrx_word' id='word_1_147' title='bbox 1380 1444 1597 1515; x_wconf 80' lang='grc' dir='ltr'><strong>Ἰωάννῃ</strong></span> <span class='ocrx_word' id='word_1_148' title='bbox 1653 1444 1730 1512; x_wconf 81' lang='grc' dir='ltr'>τῷ</span> 
     </span>
    </p>
   </div>
   <div class='ocr_carea' id='block_1_22' title="bbox 160 1537 1730 1608">
    <p class='ocr_par' dir='ltr' id='par_1_22' title="bbox 160 1537 1730 1608">
     <span class='ocr_line' id='line_1_22' title="bbox 160 1537 1730 1608; baseline 0 -19"><span class='ocrx_word' id='word_1_149' title='bbox 160 1539 530 1605; x_wconf 64' lang='grc' dir='ltr'>Χρυσοστόμιει</span> <span class='ocrx_word' id='word_1_150' title='bbox 562 1539 711 1605; x_wconf 76' lang='grc' dir='ltr'>φίλος</span> <span class='ocrx_word' id='word_1_151' title='bbox 732 1537 969 1605; x_wconf 80' lang='grc' dir='ltr'>γεγονὼς</span> <span class='ocrx_word' id='word_1_152' title='bbox 1003 1541 1096 1591; x_wconf 78' lang='grc' dir='ltr'><strong>καὶ</strong></span> <span class='ocrx_word' id='word_1_153' title='bbox 1130 1539 1458 1607; x_wconf 78' lang='grc' dir='ltr'>ὁμωρόφιος,</span> <span class='ocrx_word' id='word_1_154' title='bbox 1497 1539 1634 1608; x_wconf 82' lang='grc' dir='ltr'>πρὸς</span> <span class='ocrx_word' id='word_1_155' title='bbox 1672 1539 1730 1590; x_wconf 79' lang='grc' dir='ltr'>ὃν</span> 
     </span>
    </p>
   </div>
   <div class='ocr_carea' id='block_1_23' title="bbox 162 1628 1733 1699">
    <p class='ocr_par' dir='ltr' id='par_1_23' title="bbox 162 1628 1733 1699">
     <span class='ocr_line' id='line_1_23' title="bbox 162 1628 1733 1699; baseline -0.001 -18"><span class='ocrx_word' id='word_1_156' title='bbox 162 1630 251 1681; x_wconf 73' lang='grc' dir='ltr'>καὶ</span> <span class='ocrx_word' id='word_1_157' title='bbox 274 1632 301 1679; x_wconf 89' lang='grc' dir='ltr'>ὁ</span> <span class='ocrx_word' id='word_1_158' title='bbox 338 1632 468 1698; x_wconf 74' lang='grc' dir='ltr'>περὶ</span> <span class='ocrx_word' id='word_1_159' title='bbox 503 1631 546 1659; x_wconf 72' lang='grc'><strong>²⁸</strong></span> <span class='ocrx_word' id='word_1_160' title='bbox 594 1629 892 1699; x_wconf 75' lang='grc' dir='ltr'><strong>ἱερωσύνης</strong></span> <span class='ocrx_word' id='word_1_161' title='bbox 937 1630 1089 1695; x_wconf 75' lang='grc' dir='ltr'>λόγος</span> <span class='ocrx_word' id='word_1_162' title='bbox 1126 1631 1479 1680; x_wconf 78' lang='grc' dir='ltr'>συντέτακται</span> <span class='ocrx_word' id='word_1_163' title='bbox 1508 1644 1521 1657; x_wconf 91' lang='grc'><strong>·</strong></span> <span class='ocrx_word' id='word_1_164' title='bbox 1564 1628 1733 1680; x_wconf 68' lang='grc' dir='ltr'>πολλὰ</span> 
     </span>
    </p>
   </div>
   <div class='ocr_carea' id='block_1_24' title="bbox 158 1714 1729 1788">
    <p class='ocr_par' dir='ltr' id='par_1_24' title="bbox 158 1714 1729 1788">
     <span class='ocr_line' id='line_1_24' title="bbox 158 1714 1729 1788; baseline -0.001 -19"><span class='ocrx_word' id='word_1_165' title='bbox 158 1720 263 1788; x_wconf 74' lang='grc' dir='ltr'><strong>γάρ</strong></span> <span class='ocrx_word' id='word_1_166' title='bbox 300 1722 427 1788; x_wconf 76' lang='grc' dir='ltr'>ἴχνη</span> <span class='ocrx_word' id='word_1_167' title='bbox 454 1714 562 1770; x_wconf 80' lang='grc' dir='ltr'><strong>τῶν</strong></span> <span class='ocrx_word' id='word_1_168' title='bbox 593 1721 802 1771; x_wconf 79' lang='grc' dir='ltr'>ἐκείνου</span> <span class='ocrx_word' id='word_1_169' title='bbox 834 1721 927 1770; x_wconf 77' lang='grc' dir='ltr'><strong>καὶ</strong></span> <span class='ocrx_word' id='word_1_170' title='bbox 972 1720 1143 1787; x_wconf 86' lang='grc' dir='ltr'>λόγων</span> <span class='ocrx_word' id='word_1_171' title='bbox 1185 1722 1230 1750; x_wconf 73' lang='grc'><strong>³³</strong></span> <span class='ocrx_word' id='word_1_172' title='bbox 1283 1721 1375 1771; x_wconf 79' lang='grc' dir='ltr'><strong>καὶ</strong></span> <span class='ocrx_word' id='word_1_173' title='bbox 1425 1720 1729 1788; x_wconf 76' lang='grc' dir='ltr'>νοημάτων,</span> 
     </span>
    </p>
   </div>
   <div class='ocr_carea' id='block_1_25' title="bbox 1916 1346 3408 1418">
    <p class='ocr_par' dir='ltr' id='par_1_25' title="bbox 1916 1346 3408 1418">
     <span class='ocr_line' id='line_1_25' title="bbox 1916 1346 3408 1418; baseline 0.003 -20"><span class='ocrx_word' id='word_1_174' title='bbox 1916 1346 2013 1400; x_wconf 89' lang='lat' dir='ltr'><strong>llic</strong></span> <span class='ocrx_word' id='word_1_175' title='bbox 2038 1357 2215 1399; x_wconf 80' lang='lat' dir='ltr'><strong>autem</strong></span> <span class='ocrx_word' id='word_1_176' title='bbox 2252 1348 2427 1415; x_wconf 86' lang='lat' dir='ltr'><strong>potius</strong></span> <span class='ocrx_word' id='word_1_177' title='bbox 2453 1347 2701 1412; x_wconf 86' lang='lat' dir='ltr'><strong>Basilius,</strong></span> <span class='ocrx_word' id='word_1_178' title='bbox 2735 1364 2894 1418; x_wconf 89' lang='lat' dir='ltr'><strong>quam</strong></span> <span class='ocrx_word' id='word_1_179' title='bbox 2924 1349 3147 1416; x_wconf 82' lang='lat' dir='ltr'><strong>Magnus</strong></span> <span class='ocrx_word' id='word_1_180' title='bbox 3181 1350 3269 1402; x_wconf 92' lang='lat' dir='ltr'><strong>ille</strong></span> <span class='ocrx_word' id='word_1_181' title='bbox 3289 1348 3408 1402; x_wconf 76' lang='lat' dir='ltr'><strong>Ca:-</strong></span> 
     </span>
    </p>
   </div>
   <div class='ocr_carea' id='block_1_26' title="bbox 1842 1440 3407 1511">
    <p class='ocr_par' dir='ltr' id='par_1_26' title="bbox 1842 1440 3407 1511">
     <span class='ocr_line' id='line_1_26' title="bbox 1842 1440 3407 1511; baseline 0.001 -19"><span class='ocrx_word' id='word_1_182' title='bbox 1842 1455 2006 1494; x_wconf 76' lang='lat' dir='ltr'><strong>sarea:</strong></span> <span class='ocrx_word' id='word_1_183' title='bbox 2032 1440 2315 1507; x_wconf 82' lang='lat' dir='ltr'><strong>episcopus</strong></span> <span class='ocrx_word' id='word_1_184' title='bbox 2345 1440 2475 1509; x_wconf 79' lang='lat'><strong>(79),</strong></span> <span class='ocrx_word' id='word_1_185' title='bbox 2498 1441 2709 1494; x_wconf 89' lang='lat' dir='ltr'><strong>videtur</strong></span> <span class='ocrx_word' id='word_1_186' title='bbox 2730 1442 3407 1511; x_wconf 74' lang='lat' dir='ltr'><strong>beatissimiChrysostomi</strong></span> 
     </span>
    </p>
   </div>
   <div class='ocr_carea' id='block_1_27' title="bbox 1842 1530 3402 1597">
    <p class='ocr_par' dir='ltr' id='par_1_27' title="bbox 1842 1530 3402 1597">
     <span class='ocr_line' id='line_1_27' title="bbox 1842 1530 3402 1597; baseline 0.001 -16"><span class='ocrx_word' id='word_1_187' title='bbox 1842 1531 2051 1584; x_wconf 87' lang='lat' dir='ltr'><strong>amicus</strong></span> <span class='ocrx_word' id='word_1_188' title='bbox 2079 1530 2185 1593; x_wconf 87' lang='lat' dir='ltr'><strong>ille,</strong></span> <span class='ocrx_word' id='word_1_189' title='bbox 2217 1542 2268 1582; x_wconf 82' lang='lat' dir='ltr'><strong>et</strong></span> <span class='ocrx_word' id='word_1_190' title='bbox 2305 1532 2705 1585; x_wconf 82' lang='lat' dir='ltr'><strong>contubernalis</strong></span> <span class='ocrx_word' id='word_1_191' title='bbox 2737 1531 2925 1594; x_wconf 90' lang='lat' dir='ltr'><strong>fuisse,</strong></span> <span class='ocrx_word' id='word_1_192' title='bbox 2961 1533 3024 1583; x_wconf 90' lang='lat' dir='ltr'><strong>ad</strong></span> <span class='ocrx_word' id='word_1_193' title='bbox 3052 1547 3209 1597; x_wconf 89' lang='lat' dir='ltr'><strong>quem</strong></span> <span class='ocrx_word' id='word_1_194' title='bbox 3239 1534 3402 1585; x_wconf 89' lang='lat' dir='ltr'><strong>etiam</strong></span> 
     </span>
    </p>
   </div>
   <div class='ocr_carea' id='block_1_28' title="bbox 1843 1622 3406 1691">
    <p class='ocr_par' dir='ltr' id='par_1_28' title="bbox 1843 1622 3406 1691">
     <span class='ocr_line' id='line_1_28' title="bbox 1843 1622 3406 1691; baseline 0.002 -18"><span class='ocrx_word' id='word_1_195' title='bbox 1843 1622 2039 1673; x_wconf 86' lang='lat' dir='ltr'><strong>librum</strong></span> <span class='ocrx_word' id='word_1_196' title='bbox 2085 1623 2154 1674; x_wconf 91' lang='lat' dir='ltr'><strong>De</strong></span> <span class='ocrx_word' id='word_1_197' title='bbox 2186 1623 2487 1675; x_wconf 78' lang='lat' dir='ltr'><strong>sacerdotio</strong></span> <span class='ocrx_word' id='word_1_198' title='bbox 2517 1626 2773 1691; x_wconf 83' lang='lat' dir='ltr'><strong>scriptam</strong></span> <span class='ocrx_word' id='word_1_199' title='bbox 2809 1625 3036 1677; x_wconf 90' lang='lat' dir='ltr'><strong>miserit.</strong></span> <span class='ocrx_word' id='word_1_200' title='bbox 3068 1623 3229 1676; x_wconf 83' lang='lat' dir='ltr'><strong>Multa</strong></span> <span class='ocrx_word' id='word_1_201' title='bbox 3260 1626 3406 1678; x_wconf 87' lang='lat' dir='ltr'><strong>enim</strong></span> 
     </span>
    </p>
   </div>
   <div class='ocr_carea' id='block_1_29' title="bbox 1842 1712 3409 1783">
    <p class='ocr_par' dir='ltr' id='par_1_29' title="bbox 1842 1712 3409 1783">
     <span class='ocr_line' id='line_1_29' title="bbox 1842 1712 3409 1783; baseline 0 -18"><span class='ocrx_word' id='word_1_202' title='bbox 1842 1714 1894 1765; x_wconf 91' lang='lat' dir='ltr'><strong>in</strong></span> <span class='ocrx_word' id='word_1_203' title='bbox 1926 1713 2082 1779; x_wconf 84' lang='lat' dir='ltr'><strong>hujus</strong></span> <span class='ocrx_word' id='word_1_204' title='bbox 2117 1712 2297 1765; x_wconf 88' lang='lat' dir='ltr'><strong>Basilii</strong></span> <span class='ocrx_word' id='word_1_205' title='bbox 2347 1714 2684 1767; x_wconf 87' lang='lat' dir='ltr'><strong>orationibus</strong></span> <span class='ocrx_word' id='word_1_206' title='bbox 2720 1715 2939 1783; x_wconf 84' lang='lat' dir='ltr'><strong>vestigia</strong></span> <span class='ocrx_word' id='word_1_207' title='bbox 2980 1722 3243 1782; x_wconf 89' lang='lat' dir='ltr'><strong>apparent</strong></span> <span class='ocrx_word' id='word_1_208' title='bbox 3283 1728 3409 1766; x_wconf 89' lang='lat' dir='ltr'><strong>ora-</strong></span> 
     </span>
    </p>
   </div>
   <div class='ocr_carea' id='block_1_30' title="bbox 160 1800 1742 1882">
    <p class='ocr_par' dir='ltr' id='par_1_30' title="bbox 160 1812 1738 1882">
     <span class='ocr_line' id='line_1_30' title="bbox 160 1812 1738 1882; baseline 0.001 -20"><span class='ocrx_word' id='word_1_209' title='bbox 160 1815 249 1862; x_wconf 77' lang='grc' dir='ltr'><strong>καὶ</strong></span> <span class='ocrx_word' id='word_1_210' title='bbox 302 1812 543 1878; x_wconf 80' lang='grc' dir='ltr'>μάλιστα</span> <span class='ocrx_word' id='word_1_211' title='bbox 601 1812 710 1862; x_wconf 84' lang='grc' dir='ltr'><strong>τῶν</strong></span> <span class='ocrx_word' id='word_1_212' title='bbox 758 1814 895 1864; x_wconf 69' lang='grc' dir='ltr'>κατὰ</span> <span class='ocrx_word' id='word_1_213' title='bbox 918 1812 1017 1882; x_wconf 81' lang='grc' dir='ltr'><strong>τὴν</strong></span> <span class='ocrx_word' id='word_1_214' title='bbox 1050 1812 1197 1865; x_wconf 81' lang='grc' dir='ltr'>θείαν</span> <span class='ocrx_word' id='word_1_215' title='bbox 1232 1812 1473 1882; x_wconf 78' lang='grc' dir='ltr'>Γραφὴν,</span> <span class='ocrx_word' id='word_1_216' title='bbox 1525 1815 1581 1863; x_wconf 82' lang='grc' dir='ltr'><strong>ἐν</strong></span> <span class='ocrx_word' id='word_1_217' title='bbox 1628 1814 1738 1871; x_wconf 79' lang='grc' dir='ltr'>τοῖς</span> 
     </span>
    </p>
   </div>
   <div class='ocr_carea' id='block_1_31' title="bbox 1845 1800 3405 1882">
    <p class='ocr_par' dir='ltr' id='par_1_31' title="bbox 1847 1807 3405 1874">
     <span class='ocr_line' id='line_1_31' title="bbox 1847 1807 3405 1874; baseline 0 -16"><span class='ocrx_word' id='word_1_218' title='bbox 1847 1807 2047 1858; x_wconf 91' lang='lat' dir='ltr'><strong>tionum</strong></span> <span class='ocrx_word' id='word_1_219' title='bbox 2088 1821 2152 1858; x_wconf 91' lang='lat' dir='ltr'><strong>ac</strong></span> <span class='ocrx_word' id='word_1_220' title='bbox 2198 1821 2451 1859; x_wconf 88' lang='lat' dir='ltr'><strong>sensuum</strong></span> <span class='ocrx_word' id='word_1_221' title='bbox 2496 1807 2640 1859; x_wconf 90' lang='lat' dir='ltr'><strong>illius</strong></span> <span class='ocrx_word' id='word_1_222' title='bbox 2680 1807 2814 1873; x_wconf 83' lang='lat'><strong>(80),</strong></span> <span class='ocrx_word' id='word_1_223' title='bbox 2857 1820 3042 1858; x_wconf 89' lang='lat' dir='ltr'><strong>eorum</strong></span> <span class='ocrx_word' id='word_1_224' title='bbox 3079 1808 3405 1874; x_wconf 68' lang='lat' dir='ltr'><strong>praesertim,</strong></span> 
     </span>
    </p>
   </div>
   <div class='ocr_carea' id='block_1_32' title="bbox 158 1900 1735 1970">
    <p class='ocr_par' dir='ltr' id='par_1_32' title="bbox 158 1900 1735 1970">
     <span class='ocr_line' id='line_1_32' title="bbox 158 1900 1735 1970; baseline 0.001 -19"><span class='ocrx_word' id='word_1_225' title='bbox 158 1902 249 1951; x_wconf 74' lang='grc' dir='ltr'>τοῦ</span> <span class='ocrx_word' id='word_1_226' title='bbox 300 1900 589 1953; x_wconf 80' lang='grc' dir='ltr'>Βασιλείου</span> <span class='ocrx_word' id='word_1_227' title='bbox 622 1902 800 1967; x_wconf 69' lang='grc' dir='ltr'>λόγοις</span> <span class='ocrx_word' id='word_1_228' title='bbox 832 1904 1197 1970; x_wconf 79' lang='grc' dir='ltr'>ἐπιφαίνεται,</span> <span class='ocrx_word' id='word_1_229' title='bbox 1247 1903 1322 1963; x_wconf 80' lang='grc' dir='ltr'>ὡς</span> <span class='ocrx_word' id='word_1_230' title='bbox 1377 1902 1442 1954; x_wconf 86' lang='grc' dir='ltr'><strong>ἂν</strong></span> <span class='ocrx_word' id='word_1_231' title='bbox 1487 1903 1593 1953; x_wconf 82' lang='grc' dir='ltr'><strong>ἀπὸ</strong></span> <span class='ocrx_word' id='word_1_232' title='bbox 1637 1904 1735 1968; x_wconf 67' lang='grc' dir='ltr'>τῆς</span> 
     </span>
    </p>
   </div>
   <div class='ocr_carea' id='block_1_33' title="bbox 160 1993 1737 2063">
    <p class='ocr_par' dir='ltr' id='par_1_33' title="bbox 160 1993 1737 2063">
     <span class='ocr_line' id='line_1_33' title="bbox 160 1993 1737 2063; baseline -0.001 -20"><span class='ocrx_word' id='word_1_233' title='bbox 160 1993 330 2059; x_wconf 69' lang='grc' dir='ltr'>αὖτῆς</span> <span class='ocrx_word' id='word_1_234' title='bbox 370 1994 559 2060; x_wconf 72' lang='grc' dir='ltr'>πηγῆς</span> <span class='ocrx_word' id='word_1_235' title='bbox 592 1994 700 2045; x_wconf 84' lang='grc' dir='ltr'><strong>τῶν</strong></span> <span class='ocrx_word' id='word_1_236' title='bbox 736 1994 1075 2063; x_wconf 83' lang='grc' dir='ltr'>μαθημάτων</span> <span class='ocrx_word' id='word_1_237' title='bbox 1105 1994 1465 2062; x_wconf 83' lang='grc' dir='ltr'>ἁρυσαμένων</span> <span class='ocrx_word' id='word_1_238' title='bbox 1494 1995 1537 2024; x_wconf 71' lang='grc'><strong>³⁸</strong></span> <span class='ocrx_word' id='word_1_239' title='bbox 1572 1994 1737 2061; x_wconf 67' lang='grc' dir='ltr'>ἄμφω</span> 
     </span>
    </p>
   </div>
   <div class='ocr_carea' id='block_1_34' title="bbox 164 2084 1735 2154">
    <p class='ocr_par' dir='ltr' id='par_1_34' title="bbox 164 2084 1735 2154">
     <span class='ocr_line' id='line_1_34' title="bbox 164 2084 1735 2154; baseline 0.001 -21"><span class='ocrx_word' id='word_1_240' title='bbox 164 2086 224 2134; x_wconf 69' lang='grc' dir='ltr'><strong>τὰ</strong></span> <span class='ocrx_word' id='word_1_241' title='bbox 259 2085 571 2153; x_wconf 75' lang='grc' dir='ltr'>πρόσφορα.</span> <span class='ocrx_word' id='word_1_242' title='bbox 610 2084 717 2135; x_wconf 79' lang='grc' dir='ltr'>Καὶ</span> <span class='ocrx_word' id='word_1_243' title='bbox 756 2085 855 2152; x_wconf 80' lang='grc' dir='ltr'>τῆς</span> <span class='ocrx_word' id='word_1_244' title='bbox 881 2084 1089 2152; x_wconf 79' lang='grc' dir='ltr'>τροπῆς</span> <span class='ocrx_word' id='word_1_245' title='bbox 1132 2085 1187 2137; x_wconf 76' lang='grc' dir='ltr'><strong>δὲ</strong></span> <span class='ocrx_word' id='word_1_246' title='bbox 1242 2086 1273 2154; x_wconf 83' lang='grc' dir='ltr'>ὴ</span> <span class='ocrx_word' id='word_1_247' title='bbox 1321 2084 1439 2135; x_wconf 89' lang='grc' dir='ltr'>κατ’</span> <span class='ocrx_word' id='word_1_248' title='bbox 1500 2084 1735 2152; x_wconf 75' lang='grc' dir='ltr'>ἔμφασιν</span> 
     </span>
    </p>
   </div>
   <div class='ocr_carea' id='block_1_35' title="bbox 160 2175 1735 2245">
    <p class='ocr_par' dir='ltr' id='par_1_35' title="bbox 160 2175 1735 2245">
     <span class='ocr_line' id='line_1_35' title="bbox 160 2175 1735 2245; baseline -0.001 -18"><span class='ocrx_word' id='word_1_249' title='bbox 160 2177 251 2227; x_wconf 81' lang='grc' dir='ltr'><strong>καὶ</strong></span> <span class='ocrx_word' id='word_1_250' title='bbox 292 2175 575 2227; x_wconf 86' lang='grc' dir='ltr'>οἰκείωσιν</span> <span class='ocrx_word' id='word_1_251' title='bbox 613 2176 981 2245; x_wconf 80' lang='grc' dir='ltr'>μεταχείρισις</span> <span class='ocrx_word' id='word_1_252' title='bbox 1016 2177 1114 2244; x_wconf 82' lang='grc' dir='ltr'>τῆς</span> <span class='ocrx_word' id='word_1_253' title='bbox 1172 2176 1418 2229; x_wconf 82' lang='grc' dir='ltr'>Ἰωάννου</span> <span class='ocrx_word' id='word_1_254' title='bbox 1452 2177 1735 2237; x_wconf 71' lang='grc' dir='ltr'>συνουσίας</span> 
     </span>
    </p>
   </div>
   <div class='ocr_carea' id='block_1_36' title="bbox 161 2265 1734 2336">
    <p class='ocr_par' dir='ltr' id='par_1_36' title="bbox 161 2265 1734 2336">
     <span class='ocr_line' id='line_1_36' title="bbox 161 2265 1734 2336; baseline 0.001 -19"><span class='ocrx_word' id='word_1_255' title='bbox 161 2269 251 2317; x_wconf 72' lang='grc' dir='ltr'><strong>καὶ</strong></span> <span class='ocrx_word' id='word_1_256' title='bbox 283 2265 753 2332; x_wconf 84' lang='grc' dir='ltr'>συναναγνώσεως</span> <span class='ocrx_word' id='word_1_257' title='bbox 782 2269 881 2319; x_wconf 76' lang='grc' dir='ltr'>οὐκ</span> <span class='ocrx_word' id='word_1_258' title='bbox 910 2267 1189 2335; x_wconf 76' lang='grc' dir='ltr'>ἐλάχιστον</span> <span class='ocrx_word' id='word_1_259' title='bbox 1240 2269 1473 2336; x_wconf 80' lang='grc' dir='ltr'>ὑπάρχει</span> <span class='ocrx_word' id='word_1_260' title='bbox 1527 2270 1734 2336; x_wconf 79' lang='grc' dir='ltr'>τεκμὴ-</span> 
     </span>
    </p>
   </div>
   <div class='ocr_carea' id='block_1_37' title="bbox 164 2358 1733 2431">
    <p class='ocr_par' dir='ltr' id='par_1_37' title="bbox 164 2358 1733 2431">
     <span class='ocr_line' id='line_1_37' title="bbox 164 2358 1733 2431; baseline 0.001 -22"><span class='ocrx_word' id='word_1_261' title='bbox 164 2376 276 2429; x_wconf 79' lang='grc' dir='ltr'>ριον</span> <span class='ocrx_word' id='word_1_262' title='bbox 304 2376 318 2387; x_wconf 93' lang='grc'><strong>·</strong></span> <span class='ocrx_word' id='word_1_263' title='bbox 347 2361 618 2427; x_wconf 76' lang='grc' dir='ltr'>κέχρηται</span> <span class='ocrx_word' id='word_1_264' title='bbox 642 2358 749 2428; x_wconf 84' lang='grc' dir='ltr'><strong>γάρ</strong></span> <span class='ocrx_word' id='word_1_265' title='bbox 779 2358 950 2431; x_wconf 82' lang='grc' dir='ltr'>ταύτῃ</span> <span class='ocrx_word' id='word_1_266' title='bbox 978 2360 1070 2411; x_wconf 81' lang='grc' dir='ltr'>καὶ</span> <span class='ocrx_word' id='word_1_267' title='bbox 1098 2361 1125 2412; x_wconf 91' lang='lat'><strong>6</strong></span> <span class='ocrx_word' id='word_1_268' title='bbox 1164 2358 1303 2422; x_wconf 85' lang='grc' dir='ltr'>θεῖος</span> <span class='ocrx_word' id='word_1_269' title='bbox 1336 2363 1540 2421; x_wconf 75' lang='grc' dir='ltr'>ἐκεῖνος</span> <span class='ocrx_word' id='word_1_270' title='bbox 1575 2362 1733 2430; x_wconf 80' lang='grc' dir='ltr'>ἀνὴρ,</span> 
     </span>
    </p>
   </div>
   <div class='ocr_carea' id='block_1_38' title="bbox 162 2451 1735 2524">
    <p class='ocr_par' dir='ltr' id='par_1_38' title="bbox 162 2451 1735 2524">
     <span class='ocr_line' id='line_1_38' title="bbox 162 2451 1735 2524; baseline 0.004 -23"><span class='ocrx_word' id='word_1_271' title='bbox 162 2452 210 2501; x_wconf 79' lang='grc' dir='ltr'>εἱ</span> <span class='ocrx_word' id='word_1_272' title='bbox 236 2454 330 2504; x_wconf 80' lang='grc' dir='ltr'><strong>καὶ</strong></span> <span class='ocrx_word' id='word_1_273' title='bbox 365 2452 681 2521; x_wconf 75' lang='grc' dir='ltr'>κεκραμένη</span> <span class='ocrx_word' id='word_1_274' title='bbox 728 2452 822 2503; x_wconf 68' lang='grc' dir='ltr'>καὶ</span> <span class='ocrx_word' id='word_1_275' title='bbox 856 2451 975 2503; x_wconf 81' lang='grc' dir='ltr'>λίαν</span> <span class='ocrx_word' id='word_1_276' title='bbox 1020 2452 1341 2522; x_wconf 78' lang='grc' dir='ltr'>ἐπικαίρως,</span> <span class='ocrx_word' id='word_1_277' title='bbox 1368 2455 1461 2505; x_wconf 79' lang='grc' dir='ltr'>καὶ</span> <span class='ocrx_word' id='word_1_278' title='bbox 1501 2458 1565 2524; x_wconf 82' lang='grc' dir='ltr'><strong>τῇ</strong></span> <span class='ocrx_word' id='word_1_279' title='bbox 1600 2456 1735 2523; x_wconf 81' lang='grc' dir='ltr'>ἀφε-</span> 
     </span>
    </p>
   </div>
   <div class='ocr_carea' id='block_1_39' title="bbox 162 2544 1738 2612">
    <p class='ocr_par' dir='ltr' id='par_1_39' title="bbox 162 2544 1738 2612">
     <span class='ocr_line' id='line_1_39' title="bbox 162 2544 1738 2612; baseline 0.004 -19"><span class='ocrx_word' id='word_1_280' title='bbox 162 2544 276 2611; x_wconf 69' lang='grc' dir='ltr'>λείᾳ.</span> <span class='ocrx_word' id='word_1_281' title='bbox 307 2545 403 2594; x_wconf 82' lang='grc' dir='ltr'><strong>τὸν</strong></span> <span class='ocrx_word' id='word_1_282' title='bbox 437 2544 648 2595; x_wconf 77' lang='grc' dir='ltr'>ἐκεῖθεν</span> <span class='ocrx_word' id='word_1_283' title='bbox 682 2544 846 2608; x_wconf 70' lang='grc' dir='ltr'>ὄγκον</span> <span class='ocrx_word' id='word_1_284' title='bbox 886 2545 1078 2612; x_wconf 83' lang='grc' dir='ltr'>μιγνύς</span> <span class='ocrx_word' id='word_1_285' title='bbox 1108 2546 1151 2575; x_wconf 76' lang='grc'><strong>³⁷</strong></span> <span class='ocrx_word' id='word_1_286' title='bbox 1184 2562 1243 2596; x_wconf 89' lang='grc' dir='ltr'><strong>τε</strong></span> <span class='ocrx_word' id='word_1_287' title='bbox 1286 2546 1378 2598; x_wconf 84' lang='grc' dir='ltr'><strong>καὶ</strong></span> <span class='ocrx_word' id='word_1_288' title='bbox 1424 2546 1738 2600; x_wconf 88' lang='grc' dir='ltr'>διαλεαίνων</span> 
     </span>
    </p>
   </div>
   <div class='ocr_carea' id='block_1_40' title="bbox 162 2634 1739 2705">
    <p class='ocr_par' dir='ltr' id='par_1_40' title="bbox 162 2634 1739 2705">
     <span class='ocr_line' id='line_1_40' title="bbox 162 2634 1739 2705; baseline 0.004 -20"><span class='ocrx_word' id='word_1_289' title='bbox 162 2634 403 2701; x_wconf 72' lang='grc' dir='ltr'>εὐφυῶς,</span> <span class='ocrx_word' id='word_1_290' title='bbox 449 2636 542 2687; x_wconf 75' lang='grc' dir='ltr'><strong>καὶ</strong></span> <span class='ocrx_word' id='word_1_291' title='bbox 583 2635 673 2685; x_wconf 80' lang='grc' dir='ltr'><strong>τὸν</strong></span> <span class='ocrx_word' id='word_1_292' title='bbox 716 2635 835 2686; x_wconf 79' lang='grc' dir='ltr'>ὅλον</span> <span class='ocrx_word' id='word_1_293' title='bbox 864 2635 1021 2703; x_wconf 83' lang='grc' dir='ltr'>λόγον</span> <span class='ocrx_word' id='word_1_294' title='bbox 1046 2637 1323 2690; x_wconf 82' lang='grc' dir='ltr'>πολιτικοῦ</span> <span class='ocrx_word' id='word_1_295' title='bbox 1361 2638 1518 2705; x_wconf 80' lang='grc' dir='ltr'>λόγου</span> <span class='ocrx_word' id='word_1_296' title='bbox 1554 2641 1739 2693; x_wconf 78' lang='grc' dir='ltr'>εἰκόνα</span> 
     </span>
    </p>
   </div>
   <div class='ocr_carea' id='block_1_41' title="bbox 162 2728 577 2797">
    <p class='ocr_par' dir='ltr' id='par_1_41' title="bbox 162 2728 577 2797">
     <span class='ocr_line' id='line_1_41' title="bbox 162 2728 577 2797; baseline 0.005 -18"><span class='ocrx_word' id='word_1_297' title='bbox 162 2728 490 2797; x_wconf 78' lang='grc' dir='ltr'>ποιούμενος</span> <span class='ocrx_word' id='word_1_298' title='bbox 512 2728 577 2781; x_wconf 72' lang='grc'><strong>⁸⁸.</strong></span> 
     </span>
    </p>
   </div>
   <div class='ocr_carea' id='block_1_42' title="bbox 238 2813 1739 2893">
    <p class='ocr_par' dir='ltr' id='par_1_42' title="bbox 238 2813 1739 2893">
     <span class='ocr_line' id='line_1_42' title="bbox 238 2813 1739 2893; baseline 0.002 -20"><span class='ocrx_word' id='word_1_299' title='bbox 238 2819 479 2873; x_wconf 80' lang='grc' dir='ltr'>Ἐστιὸὲ</span> <span class='ocrx_word' id='word_1_300' title='bbox 522 2820 797 2882; x_wconf 82' lang='grc' dir='ltr'>Βασίλειος</span> <span class='ocrx_word' id='word_1_301' title='bbox 822 2813 1031 2883; x_wconf 76' lang='grc' dir='ltr'>οὗτοςὸ</span> <span class='ocrx_word' id='word_1_302' title='bbox 1084 2825 1178 2875; x_wconf 70' lang='grc' dir='ltr'><strong>καὶ</strong></span> <span class='ocrx_word' id='word_1_303' title='bbox 1238 2823 1453 2893; x_wconf 82' lang='grc' dir='ltr'>μέτροις</span> <span class='ocrx_word' id='word_1_304' title='bbox 1504 2824 1739 2887; x_wconf 75' lang='grc' dir='ltr'>ἐντείνας</span> 
     </span>
    </p>
   </div>
   <div class='ocr_carea' id='block_1_43' title="bbox 160 2911 1739 2984">
    <p class='ocr_par' dir='ltr' id='par_1_43' title="bbox 160 2911 1739 2984">
     <span class='ocr_line' id='line_1_43' title="bbox 160 2911 1739 2984; baseline 0.004 -22"><span class='ocrx_word' id='word_1_305' title='bbox 160 2912 361 2977; x_wconf 32' lang='lat' dir='ltr'><strong>cavi};</strong></span> <span class='ocrx_word' id='word_1_306' title='bbox 396 2912 864 2982; x_wconf 76' lang='grc' dir='ltr'>πρωτομάρτυρος</span> <span class='ocrx_word' id='word_1_307' title='bbox 910 2914 1118 2982; x_wconf 84' lang='grc' dir='ltr'>Θέκλης</span> <span class='ocrx_word' id='word_1_308' title='bbox 1161 2913 1296 2984; x_wconf 81' lang='grc' dir='ltr'>ἔργα</span> <span class='ocrx_word' id='word_1_309' title='bbox 1334 2916 1428 2967; x_wconf 84' lang='grc' dir='ltr'><strong>καὶ</strong></span> <span class='ocrx_word' id='word_1_310' title='bbox 1467 2911 1603 2968; x_wconf 84' lang='grc' dir='ltr'>ἆθλα</span> <span class='ocrx_word' id='word_1_311' title='bbox 1646 2917 1739 2968; x_wconf 78' lang='grc' dir='ltr'><strong>καὶ</strong></span> 
     </span>
    </p>
   </div>
   <div class='ocr_carea' id='block_1_44' title="bbox 161 3003 1739 3077">
    <p class='ocr_par' dir='ltr' id='par_1_44' title="bbox 161 3003 1739 3077">
     <span class='ocr_line' id='line_1_44' title="bbox 161 3003 1739 3077; baseline 0.004 -24"><span class='ocrx_word' id='word_1_312' title='bbox 161 3005 465 3071; x_wconf 71' lang='grc' dir='ltr'>νικητήρια</span> <span class='ocrx_word' id='word_1_313' title='bbox 496 3018 507 3030; x_wconf 90' lang='grc'><strong>·</strong></span> <span class='ocrx_word' id='word_1_314' title='bbox 552 3003 642 3054; x_wconf 83' lang='grc' dir='ltr'><strong>καὶ</strong></span> <span class='ocrx_word' id='word_1_315' title='bbox 689 3003 822 3056; x_wconf 80' lang='grc' dir='ltr'>ἄλλα</span> <span class='ocrx_word' id='word_1_316' title='bbox 874 3004 931 3056; x_wconf 79' lang='grc' dir='ltr'>δὲ</span> <span class='ocrx_word' id='word_1_317' title='bbox 976 3004 1140 3057; x_wconf 79' lang='grc' dir='ltr'>αὑτοῦ</span> <span class='ocrx_word' id='word_1_318' title='bbox 1200 3006 1609 3077; x_wconf 80' lang='grc' dir='ltr'>συγγράμματα</span> <span class='ocrx_word' id='word_1_319' title='bbox 1642 3009 1739 3076; x_wconf 81' lang='grc' dir='ltr'><strong>φέ-</strong></span> 
     </span>
    </p>
   </div>
   <div class='ocr_carea' id='block_1_45' title="bbox 160 3094 464 3166">
    <p class='ocr_par' dir='ltr' id='par_1_45' title="bbox 160 3094 464 3166">
     <span class='ocr_line' id='line_1_45' title="bbox 160 3094 464 3166; baseline 0.007 -21"><span class='ocrx_word' id='word_1_320' title='bbox 160 3110 353 3166; x_wconf 86' lang='grc' dir='ltr'>ρονται</span> <span class='ocrx_word' id='word_1_321' title='bbox 398 3094 464 3147; x_wconf 77' lang='grc'><strong>³⁸.</strong></span> 
     </span>
    </p>
   </div>
   <div class='ocr_carea' id='block_1_46' title="bbox 890 3187 1055 3242">
    <p class='ocr_par' dir='ltr' id='par_1_46' title="bbox 890 3187 1055 3242">
     <span class='ocr_line' id='line_1_46' title="bbox 890 3187 1055 3242; baseline 0.018 -3"><span class='ocrx_word' id='word_1_322' title='bbox 890 3187 1055 3242; x_wconf 75' lang='lat' dir='ltr'><strong>PEB&#39;.</strong></span> 
     </span>
    </p>
   </div>
   <div class='ocr_carea' id='block_1_47' title="bbox 166 3278 1743 3355">
    <p class='ocr_par' dir='ltr' id='par_1_47' title="bbox 166 3278 1743 3355">
     <span class='ocr_line' id='line_1_47' title="bbox 166 3278 1743 3355; baseline 0.004 -26"><span class='ocrx_word' id='word_1_323' title='bbox 166 3278 279 3355; x_wconf 52' lang='lat' dir='ltr'><strong>T013</strong></span> <span class='ocrx_word' id='word_1_324' title='bbox 324 3279 398 3331; x_wconf 72' lang='grc' dir='ltr'><strong>ἐν</strong></span> <span class='ocrx_word' id='word_1_325' title='bbox 444 3279 633 3355; x_wconf 56' lang='grc' dir='ltr'>ἁγίοις</span> <span class='ocrx_word' id='word_1_326' title='bbox 682 3280 993 3355; x_wconf 49' lang='grc' dir='ltr'><strong>ξίυρίλλοέ</strong></span> <span class='ocrx_word' id='word_1_327' title='bbox 1042 3282 1211 3355; x_wconf 12' lang='lat' dir='ltr'><strong>Kurd,</strong></span> <span class='ocrx_word' id='word_1_328' title='bbox 1248 3281 1366 3355; x_wconf 64' lang='grc' dir='ltr'>τῶν</span> <span class='ocrx_word' id='word_1_329' title='bbox 1418 3283 1743 3355; x_wconf 67' lang='grc' dir='ltr'>Νεστορίου</span> 
     </span>
    </p>
   </div>
   <div class='ocr_carea' id='block_1_48' title="bbox 232 3348 1743 3417">
    <p class='ocr_par' dir='ltr' id='par_1_48' title="bbox 232 3348 1743 3417">
     <span class='ocr_line' id='line_1_48' title="bbox 232 3348 1743 3417; baseline 0.005 -19"><span class='ocrx_word' id='word_1_330' title='bbox 232 3348 600 3415; x_wconf 64' lang='grc' dir='ltr'>δυσφημιῶν</span> <span class='ocrx_word' id='word_1_331' title='bbox 628 3350 791 3415; x_wconf 82' lang='grc' dir='ltr'>τόμοι</span> <span class='ocrx_word' id='word_1_332' title='bbox 823 3356 884 3401; x_wconf 87' lang='grc' dir='ltr'><strong>ε’.</strong></span> <span class='ocrx_word' id='word_1_333' title='bbox 941 3350 1282 3402; x_wconf 79' lang='grc' dir='ltr'>Ἐπιστολαὶ</span> <span class='ocrx_word' id='word_1_334' title='bbox 1334 3351 1432 3402; x_wconf 77' lang='grc' dir='ltr'>καὶ</span> <span class='ocrx_word' id='word_1_335' title='bbox 1486 3354 1743 3417; x_wconf 75' lang='grc' dir='ltr'>Σχόλιον</span> 
     </span>
    </p>
   </div>
   <div class='ocr_carea' id='block_1_49' title="bbox 230 3419 1599 3488">
    <p class='ocr_par' dir='ltr' id='par_1_49' title="bbox 230 3419 1599 3488">
     <span class='ocr_line' id='line_1_49' title="bbox 230 3419 1599 3488; baseline 0.004 -19"><span class='ocrx_word' id='word_1_336' title='bbox 230 3420 370 3485; x_wconf 77' lang='grc' dir='ltr'>περὶ</span> <span class='ocrx_word' id='word_1_337' title='bbox 398 3419 509 3483; x_wconf 72' lang='grc' dir='ltr'>τῆς</span> <span class='ocrx_word' id='word_1_338' title='bbox 535 3420 1038 3485; x_wconf 75' lang='grc' dir='ltr'>ἑνανθρωπήσεως</span> <span class='ocrx_word' id='word_1_339' title='bbox 1068 3420 1171 3472; x_wconf 84' lang='grc' dir='ltr'>τοῦ</span> <span class='ocrx_word' id='word_1_340' title='bbox 1202 3420 1599 3488; x_wconf 59' lang='grc' dir='ltr'>Μονογενοῦς.</span> 
     </span>
    </p>
   </div>
   <div class='ocr_carea' id='block_1_50' title="bbox 244 3509 1743 3581">
    <p class='ocr_par' dir='ltr' id='par_1_50' title="bbox 244 3509 1743 3581">
     <span class='ocr_line' id='line_1_50' title="bbox 244 3509 1743 3581; baseline 0.002 -20"><span class='ocrx_word' id='word_1_341' title='bbox 244 3509 696 3577; x_wconf 81' lang='grc' dir='ltr'>Ἀνεγνῶσθησαν</span> <span class='ocrx_word' id='word_1_342' title='bbox 736 3509 826 3561; x_wconf 81' lang='grc' dir='ltr'>τοῦ</span> <span class='ocrx_word' id='word_1_343' title='bbox 871 3511 928 3561; x_wconf 87' lang='grc' dir='ltr'>ὲν</span> <span class='ocrx_word' id='word_1_344' title='bbox 962 3512 1135 3577; x_wconf 71' lang='grc' dir='ltr'>ἁγίοις</span> <span class='ocrx_word' id='word_1_345' title='bbox 1176 3512 1437 3581; x_wconf 79' lang='grc' dir='ltr'>Κυρίλλου</span> <span class='ocrx_word' id='word_1_346' title='bbox 1464 3514 1603 3564; x_wconf 85' lang='grc' dir='ltr'>κατά</span> <span class='ocrx_word' id='word_1_347' title='bbox 1636 3512 1743 3564; x_wconf 77' lang='grc' dir='ltr'><strong>τῶν</strong></span> 
     </span>
    </p>
   </div>
   <div class='ocr_carea' id='block_1_51' title="bbox 160 3600 1743 3673">
    <p class='ocr_par' dir='ltr' id='par_1_51' title="bbox 160 3600 1743 3673">
     <span class='ocr_line' id='line_1_51' title="bbox 160 3600 1743 3673; baseline 0.002 -19"><span class='ocrx_word' id='word_1_348' title='bbox 160 3601 468 3671; x_wconf 82' lang='grc' dir='ltr'>Νεστορίου</span> <span class='ocrx_word' id='word_1_349' title='bbox 518 3601 839 3670; x_wconf 76' lang='grc' dir='ltr'>δυσφημιῶν</span> <span class='ocrx_word' id='word_1_350' title='bbox 897 3604 1051 3670; x_wconf 88' lang='grc' dir='ltr'>τόμοι</span> <span class='ocrx_word' id='word_1_351' title='bbox 1102 3601 1161 3665; x_wconf 85' lang='grc' dir='ltr'>ε’,</span> <span class='ocrx_word' id='word_1_352' title='bbox 1204 3600 1277 3654; x_wconf 78' lang='grc' dir='ltr'>ὧν</span> <span class='ocrx_word' id='word_1_353' title='bbox 1317 3607 1343 3655; x_wconf 91' lang='grc' dir='ltr'>ὀ</span> <span class='ocrx_word' id='word_1_354' title='bbox 1390 3605 1487 3671; x_wconf 81' lang='grc' dir='ltr'><strong>μὲν</strong></span> <span class='ocrx_word' id='word_1_355' title='bbox 1528 3604 1743 3673; x_wconf 82' lang='grc' dir='ltr'>πρῶτος</span> 
     </span>
    </p>
   </div>
   <div class='ocr_carea' id='block_1_52' title="bbox 159 3695 1738 3765">
    <p class='ocr_par' dir='ltr' id='par_1_52' title="bbox 159 3695 1738 3765">
     <span class='ocr_line' id='line_1_52' title="bbox 159 3695 1738 3765; baseline 0.001 -18"><span class='ocrx_word' id='word_1_356' title='bbox 159 3698 467 3765; x_wconf 75' lang='grc' dir='ltr'>ἀνατρέπει</span> <span class='ocrx_word' id='word_1_357' title='bbox 500 3698 595 3765; x_wconf 82' lang='grc' dir='ltr'><strong>τῆς</strong></span> <span class='ocrx_word' id='word_1_358' title='bbox 620 3695 913 3765; x_wconf 80' lang='grc' dir='ltr'>Νεστορίου</span> <span class='ocrx_word' id='word_1_359' title='bbox 936 3695 1281 3765; x_wconf 73' lang='grc' dir='ltr'>βλασφημίας</span> <span class='ocrx_word' id='word_1_360' title='bbox 1301 3696 1567 3761; x_wconf 82' lang='grc' dir='ltr'>κεφάλαια</span> <span class='ocrx_word' id='word_1_361' title='bbox 1589 3697 1738 3759; x_wconf 80' lang='grc' dir='ltr'>δέκα,</span> 
     </span>
    </p>
   </div>
   <div class='ocr_carea' id='block_1_53' title="bbox 158 3786 1740 3857">
    <p class='ocr_par' dir='ltr' id='par_1_53' title="bbox 158 3786 1740 3857">
     <span class='ocr_line' id='line_1_53' title="bbox 158 3786 1740 3857; baseline -0.001 -17"><span class='ocrx_word' id='word_1_362' title='bbox 158 3789 188 3840; x_wconf 86' lang='lat'><strong>6</strong></span> <span class='ocrx_word' id='word_1_363' title='bbox 214 3789 270 3840; x_wconf 83' lang='grc' dir='ltr'>δὲ</span> <span class='ocrx_word' id='word_1_364' title='bbox 305 3786 561 3856; x_wconf 84' lang='grc' dir='ltr'>δεύτερος</span> <span class='ocrx_word' id='word_1_365' title='bbox 595 3788 857 3853; x_wconf 75' lang='grc' dir='ltr'>κεφάλαια</span> <span class='ocrx_word' id='word_1_366' title='bbox 910 3788 993 3850; x_wconf 85' lang='grc' dir='ltr'>ιδ’,</span> <span class='ocrx_word' id='word_1_367' title='bbox 1036 3789 1063 3837; x_wconf 88' lang='lat'><strong>6</strong></span> <span class='ocrx_word' id='word_1_368' title='bbox 1093 3789 1147 3839; x_wconf 75' lang='grc' dir='ltr'><strong>δὲ</strong></span> <span class='ocrx_word' id='word_1_369' title='bbox 1182 3789 1361 3857; x_wconf 80' lang='grc' dir='ltr'>τρίτος</span> <span class='ocrx_word' id='word_1_370' title='bbox 1405 3797 1477 3853; x_wconf 82' lang='grc' dir='ltr'>ς’,</span> <span class='ocrx_word' id='word_1_371' title='bbox 1512 3791 1539 3841; x_wconf 88' lang='grc' dir='ltr'>ὀ</span> <span class='ocrx_word' id='word_1_372' title='bbox 1567 3789 1621 3840; x_wconf 86' lang='grc' dir='ltr'>δὲ</span> <span class='ocrx_word' id='word_1_373' title='bbox 1651 3789 1740 3840; x_wconf 81' lang='grc' dir='ltr'><strong>τέ-</strong></span> 
     </span>
    </p>
   </div>
   <div class='ocr_carea' id='block_1_54' title="bbox 158 3878 1742 3949">
    <p class='ocr_par' dir='ltr' id='par_1_54' title="bbox 158 3878 1742 3949">
     <span class='ocr_line' id='line_1_54' title="bbox 158 3878 1742 3949; baseline -0.001 -17"><span class='ocrx_word' id='word_1_374' title='bbox 158 3896 365 3949; x_wconf 88' lang='grc' dir='ltr'>ταρτος</span> <span class='ocrx_word' id='word_1_375' title='bbox 412 3878 479 3942; x_wconf 78' lang='grc' dir='ltr'><strong>ζ’,</strong></span> <span class='ocrx_word' id='word_1_376' title='bbox 526 3881 552 3930; x_wconf 90' lang='lat'><strong>6</strong></span> <span class='ocrx_word' id='word_1_377' title='bbox 587 3878 643 3931; x_wconf 80' lang='grc' dir='ltr'>δὲ</span> <span class='ocrx_word' id='word_1_378' title='bbox 676 3880 925 3947; x_wconf 79' lang='grc' dir='ltr'>πέμπτος</span> <span class='ocrx_word' id='word_1_379' title='bbox 963 3879 1058 3931; x_wconf 70' lang='grc' dir='ltr'><strong>καὶ</strong></span> <span class='ocrx_word' id='word_1_380' title='bbox 1088 3879 1248 3940; x_wconf 73' lang='grc' dir='ltr'>αὐτὸς</span> <span class='ocrx_word' id='word_1_381' title='bbox 1288 3880 1351 3941; x_wconf 80' lang='grc' dir='ltr'><strong>ζ’.</strong></span> <span class='ocrx_word' id='word_1_382' title='bbox 1394 3880 1547 3931; x_wconf 85' lang='grc' dir='ltr'>Ἐστι</span> <span class='ocrx_word' id='word_1_383' title='bbox 1573 3880 1628 3932; x_wconf 82' lang='grc' dir='ltr'><strong>δὲ</strong></span> <span class='ocrx_word' id='word_1_384' title='bbox 1683 3880 1742 3931; x_wconf 73' lang='lat'>:6</span> 
     </span>
    </p>
   </div>
   <div class='ocr_carea' id='block_1_55' title="bbox 158 3967 1739 4040">
    <p class='ocr_par' dir='ltr' id='par_1_55' title="bbox 158 3967 1739 4040">
     <span class='ocr_line' id='line_1_55' title="bbox 158 3967 1739 4040; baseline 0 -18"><span class='ocrx_word' id='word_1_385' title='bbox 158 3974 261 4040; x_wconf 83' lang='grc' dir='ltr'>τῆς</span> <span class='ocrx_word' id='word_1_386' title='bbox 293 3969 597 4039; x_wconf 75' lang='grc' dir='ltr'>ἑρμηνείας</span> <span class='ocrx_word' id='word_1_387' title='bbox 620 3970 764 4037; x_wconf 84' lang='grc' dir='ltr'>αὐτῷ</span> <span class='ocrx_word' id='word_1_388' title='bbox 795 3967 932 4030; x_wconf 83' lang='grc' dir='ltr'>εἶδος</span> <span class='ocrx_word' id='word_1_389' title='bbox 970 3970 1108 4021; x_wconf 82' lang='grc' dir='ltr'>κατά</span> <span class='ocrx_word' id='word_1_390' title='bbox 1130 3970 1226 4039; x_wconf 79' lang='grc' dir='ltr'>τὴν</span> <span class='ocrx_word' id='word_1_391' title='bbox 1252 3968 1555 4031; x_wconf 71' lang='grc' dir='ltr'>ἰδιάζουσαν</span> <span class='ocrx_word' id='word_1_392' title='bbox 1578 3970 1739 4022; x_wconf 70' lang='grc' dir='ltr'>αὑτοῦ</span> 
     </span>
    </p>
   </div>
   <div class='ocr_carea' id='block_1_56' title="bbox 160 4061 1741 4132">
    <p class='ocr_par' dir='ltr' id='par_1_56' title="bbox 160 4061 1741 4132">
     <span class='ocr_line' id='line_1_56' title="bbox 160 4061 1741 4132; baseline 0 -17"><span class='ocrx_word' id='word_1_393' title='bbox 160 4064 272 4115; x_wconf 84' lang='grc' dir='ltr'><strong>τῶν</strong></span> <span class='ocrx_word' id='word_1_394' title='bbox 300 4063 480 4128; x_wconf 80' lang='grc' dir='ltr'>λόγων</span> <span class='ocrx_word' id='word_1_395' title='bbox 516 4062 657 4114; x_wconf 79' lang='grc' dir='ltr'>ἰδέαν</span> <span class='ocrx_word' id='word_1_396' title='bbox 691 4063 1212 4130; x_wconf 81' lang='grc' dir='ltr'>ἐκμεμορφωμένον,</span> <span class='ocrx_word' id='word_1_397' title='bbox 1252 4061 1420 4131; x_wconf 71' lang='grc' dir='ltr'>βραχὺ</span> <span class='ocrx_word' id='word_1_398' title='bbox 1445 4062 1501 4114; x_wconf 84' lang='grc' dir='ltr'>δὲ</span> <span class='ocrx_word' id='word_1_399' title='bbox 1529 4080 1581 4115; x_wconf 90' lang='grc' dir='ltr'><strong>τι</strong></span> <span class='ocrx_word' id='word_1_400' title='bbox 1606 4062 1741 4132; x_wconf 70' lang='grc' dir='ltr'>πρὸς</span> 
     </span>
    </p>
   </div>
   <div class='ocr_carea' id='block_1_57' title="bbox 157 4151 1208 4223">
    <p class='ocr_par' dir='ltr' id='par_1_57' title="bbox 157 4151 1208 4223">
     <span class='ocr_line' id='line_1_57' title="bbox 157 4151 1208 4223; baseline -0.003 -17"><span class='ocrx_word' id='word_1_401' title='bbox 157 4156 220 4207; x_wconf 81' lang='grc' dir='ltr'><strong>τὸ</strong></span> <span class='ocrx_word' id='word_1_402' title='bbox 257 4154 642 4223; x_wconf 80' lang='grc' dir='ltr'>ταπεινότερον</span> <span class='ocrx_word' id='word_1_403' title='bbox 674 4151 1115 4222; x_wconf 78' lang='grc' dir='ltr'>ὑπενηνεγμένον</span> <span class='ocrx_word' id='word_1_404' title='bbox 1147 4153 1208 4203; x_wconf 80' lang='grc' dir='ltr'><strong>³ο.</strong></span> 
     </span>
    </p>
   </div>
   <div class='ocr_carea' id='block_1_58' title="bbox 231 4315 1737 4399">
    <p class='ocr_par' dir='ltr' id='par_1_58' title="bbox 231 4315 1737 4399">
     <span class='ocr_line' id='line_1_58' title="bbox 231 4315 1737 4399; baseline 0.001 -18"><span class='ocrx_word' id='word_1_405' title='bbox 231 4315 489 4397; x_wconf 59' lang='grc'><strong>[3808]</strong></span> <span class='ocrx_word' id='word_1_406' title='bbox 529 4326 937 4396; x_wconf 79' lang='grc' dir='ltr'>Ἐμπεριείχετο</span> <span class='ocrx_word' id='word_1_407' title='bbox 968 4329 1022 4381; x_wconf 82' lang='grc' dir='ltr'>δὲ</span> <span class='ocrx_word' id='word_1_408' title='bbox 1062 4331 1127 4397; x_wconf 87' lang='grc' dir='ltr'>τῇ</span> <span class='ocrx_word' id='word_1_409' title='bbox 1171 4328 1337 4398; x_wconf 79' lang='grc' dir='ltr'>βίὸλῳ</span> <span class='ocrx_word' id='word_1_410' title='bbox 1363 4331 1455 4380; x_wconf 75' lang='grc' dir='ltr'><strong>καὶ</strong></span> <span class='ocrx_word' id='word_1_411' title='bbox 1481 4330 1615 4399; x_wconf 77' lang='grc' dir='ltr'>πρὸς</span> <span class='ocrx_word' id='word_1_412' title='bbox 1640 4331 1737 4382; x_wconf 75' lang='grc' dir='ltr'>αὺ-</span> 
     </span>
    </p>
   </div>
   <div class='ocr_carea' id='block_1_59' title="bbox 156 4416 1737 4487">
    <p class='ocr_par' dir='ltr' id='par_1_59' title="bbox 156 4416 1737 4487">
     <span class='ocr_line' id='line_1_59' title="bbox 156 4416 1737 4487; baseline -0.001 -15"><span class='ocrx_word' id='word_1_413' title='bbox 156 4421 253 4472; x_wconf 66' lang='grc' dir='ltr'>τὸν</span> <span class='ocrx_word' id='word_1_414' title='bbox 284 4419 586 4486; x_wconf 79' lang='grc' dir='ltr'>Νεστόριον</span> <span class='ocrx_word' id='word_1_415' title='bbox 635 4419 914 4487; x_wconf 77' lang='grc' dir='ltr'>ἐπιστολὴ,</span> <span class='ocrx_word' id='word_1_416' title='bbox 971 4416 1321 4487; x_wconf 77' lang='grc' dir='ltr'>ἐπιχειροῦσα</span> <span class='ocrx_word' id='word_1_417' title='bbox 1363 4418 1523 4487; x_wconf 82' lang='grc' dir='ltr'>δῆθεν</span> <span class='ocrx_word' id='word_1_418' title='bbox 1575 4420 1737 4471; x_wconf 84' lang='grc' dir='ltr'>αὐτὸν</span> 
     </span>
    </p>
   </div>
   <div class='ocr_carea' id='block_1_60' title="bbox 162 4507 1736 4579">
    <p class='ocr_par' dir='ltr' id='par_1_60' title="bbox 162 4507 1736 4579">
     <span class='ocr_line' id='line_1_60' title="bbox 162 4507 1736 4579; baseline -0.001 -16"><span class='ocrx_word' id='word_1_419' title='bbox 162 4510 523 4577; x_wconf 77' lang='grc' dir='ltr'>μεταπείθειν</span> <span class='ocrx_word' id='word_1_420' title='bbox 579 4511 672 4561; x_wconf 68' lang='grc' dir='ltr'><strong>καὶ</strong></span> <span class='ocrx_word' id='word_1_421' title='bbox 716 4509 939 4577; x_wconf 82' lang='grc' dir='ltr'>φιλικῶς</span> <span class='ocrx_word' id='word_1_422' title='bbox 1002 4507 1361 4579; x_wconf 81' lang='grc' dir='ltr'>διορθοῦσθαι.</span> <span class='ocrx_word' id='word_1_423' title='bbox 1430 4510 1587 4563; x_wconf 82' lang='grc' dir='ltr'>Ἀλλά</span> <span class='ocrx_word' id='word_1_424' title='bbox 1644 4513 1736 4563; x_wconf 73' lang='grc' dir='ltr'><strong>καὶ</strong></span> 
     </span>
    </p>
   </div>
   <div class='ocr_carea' id='block_1_61' title="bbox 158 4598 1738 4671">
    <p class='ocr_par' dir='ltr' id='par_1_61' title="bbox 158 4598 1738 4671">
     <span class='ocr_line' id='line_1_61' title="bbox 158 4598 1738 4671; baseline -0.001 -17"><span class='ocrx_word' id='word_1_425' title='bbox 158 4602 468 4667; x_wconf 79' lang='grc' dir='ltr'>Νεστορξου</span> <span class='ocrx_word' id='word_1_426' title='bbox 504 4600 638 4669; x_wconf 71' lang='grc' dir='ltr'>πρὸς</span> <span class='ocrx_word' id='word_1_427' title='bbox 678 4601 941 4668; x_wconf 80' lang='grc' dir='ltr'>Κύριλλον</span> <span class='ocrx_word' id='word_1_428' title='bbox 992 4598 1113 4670; x_wconf 83' lang='grc'><strong>[197</strong></span> <span class='ocrx_word' id='word_1_429' title='bbox 1150 4599 1240 4671; x_wconf 83' lang='grc' dir='ltr'><strong>ΙΙ.]</strong></span> <span class='ocrx_word' id='word_1_430' title='bbox 1287 4600 1636 4670; x_wconf 79' lang='grc' dir='ltr'>ἀντίγραφον,</span> <span class='ocrx_word' id='word_1_431' title='bbox 1671 4602 1738 4654; x_wconf 83' lang='grc' dir='ltr'><strong>τά</strong></span> 
     </span>
    </p>
   </div>
   <div class='ocr_carea' id='block_1_62' title="bbox 160 4679 1739 4762">
    <p class='ocr_par' dir='ltr' id='par_1_62' title="bbox 160 4679 1739 4762">
     <span class='ocr_line' id='line_1_62' title="bbox 160 4679 1739 4762; baseline 0 -18"><span class='ocrx_word' id='word_1_432' title='bbox 160 4695 219 4745; x_wconf 75' lang='grc' dir='ltr'>ἐν</span> <span class='ocrx_word' id='word_1_433' title='bbox 246 4695 313 4762; x_wconf 81' lang='grc' dir='ltr'><strong>τῇ</strong></span> <span class='ocrx_word' id='word_1_434' title='bbox 345 4679 603 4762; x_wconf 78' lang='grc' dir='ltr'>ἐπιστολῇ</span> <span class='ocrx_word' id='word_1_435' title='bbox 640 4692 908 4760; x_wconf 79' lang='grc' dir='ltr'>κεφαλαια.</span> <span class='ocrx_word' id='word_1_436' title='bbox 950 4693 1296 4762; x_wconf 81' lang='grc' dir='ltr'>ἐμφερόμενα</span> <span class='ocrx_word' id='word_1_437' title='bbox 1332 4691 1651 4761; x_wconf 78' lang='grc' dir='ltr'>ποιούμενον</span> <span class='ocrx_word' id='word_1_438' title='bbox 1683 4695 1739 4744; x_wconf 82' lang='grc' dir='ltr'>ὲν</span> 
     </span>
    </p>
   </div>
   <div class='ocr_carea' id='block_1_63' title="bbox 1839 1898 3408 1967">
    <p class='ocr_par' dir='ltr' id='par_1_63' title="bbox 1839 1898 3408 1967">
     <span class='ocr_line' id='line_1_63' title="bbox 1839 1898 3408 1967; baseline 0 -20"><span class='ocrx_word' id='word_1_439' title='bbox 1839 1898 2032 1965; x_wconf 85' lang='lat' dir='ltr'><strong>quibus</strong></span> <span class='ocrx_word' id='word_1_440' title='bbox 2070 1913 2280 1951; x_wconf 83' lang='lat' dir='ltr'><strong>sacram</strong></span> <span class='ocrx_word' id='word_1_441' title='bbox 2323 1900 2575 1965; x_wconf 84' lang='lat' dir='ltr'><strong>explanat</strong></span> <span class='ocrx_word' id='word_1_442' title='bbox 2624 1898 2959 1967; x_wconf 80' lang='lat' dir='ltr'><strong>Scriptdram</strong></span> <span class='ocrx_word' id='word_1_443' title='bbox 2996 1916 3009 1962; x_wconf 90' lang='lat'><strong>;</strong></span> <span class='ocrx_word' id='word_1_444' title='bbox 3075 1908 3132 1949; x_wconf 82' lang='grc' dir='ltr'><strong>ιιι</strong></span> <span class='ocrx_word' id='word_1_445' title='bbox 3178 1907 3408 1965; x_wconf 80' lang='lat' dir='ltr'><strong>uterque</strong></span> 
     </span>
    </p>
   </div>
   <div class='ocr_carea' id='block_1_64' title="bbox 1840 1988 3410 2043">
    <p class='ocr_par' dir='ltr' id='par_1_64' title="bbox 1840 1988 3410 2043">
     <span class='ocr_line' id='line_1_64' title="bbox 1840 1988 3410 2043; baseline -0.001 -2"><span class='ocrx_word' id='word_1_446' title='bbox 1840 1991 1939 2042; x_wconf 84' lang='lat' dir='ltr'><strong>sibi</strong></span> <span class='ocrx_word' id='word_1_447' title='bbox 1980 1990 2132 2042; x_wconf 89' lang='lat' dir='ltr'><strong>utilia</strong></span> <span class='ocrx_word' id='word_1_448' title='bbox 2184 2004 2249 2042; x_wconf 82' lang='lat' dir='ltr'><strong>ex</strong></span> <span class='ocrx_word' id='word_1_449' title='bbox 2303 1990 2492 2043; x_wconf 89' lang='lat' dir='ltr'><strong>eodem</strong></span> <span class='ocrx_word' id='word_1_450' title='bbox 2542 1989 2691 2043; x_wconf 85' lang='lat' dir='ltr'><strong>fonte</strong></span> <span class='ocrx_word' id='word_1_451' title='bbox 2740 1991 2985 2043; x_wconf 74' lang='lat' dir='ltr'><strong>hausisse</strong></span> <span class='ocrx_word' id='word_1_452' title='bbox 3027 1990 3294 2043; x_wconf 85' lang='lat' dir='ltr'><strong>videatur.</strong></span> <span class='ocrx_word' id='word_1_453' title='bbox 3342 1988 3410 2040; x_wconf 87' lang='lat' dir='ltr'><strong>Et</strong></span> 
     </span>
    </p>
   </div>
   <div class='ocr_carea' id='block_1_65' title="bbox 1841 2080 3410 2150">
    <p class='ocr_par' dir='ltr' id='par_1_65' title="bbox 1841 2080 3410 2150">
     <span class='ocr_line' id='line_1_65' title="bbox 1841 2080 3410 2150; baseline 0.001 -19"><span class='ocrx_word' id='word_1_454' title='bbox 1841 2096 1970 2134; x_wconf 84' lang='lat' dir='ltr'><strong>vero</strong></span> <span class='ocrx_word' id='word_1_455' title='bbox 2007 2082 2301 2150; x_wconf 82' lang='lat' dir='ltr'><strong>ﬁgurarum</strong></span> <span class='ocrx_word' id='word_1_456' title='bbox 2336 2082 2425 2135; x_wconf 92' lang='lat' dir='ltr'><strong>ille</strong></span> <span class='ocrx_word' id='word_1_457' title='bbox 2450 2093 2569 2135; x_wconf 84' lang='lat' dir='ltr'><strong>eum</strong></span> <span class='ocrx_word' id='word_1_458' title='bbox 2596 2081 2955 2148; x_wconf 80' lang='lat' dir='ltr'><strong>significantia</strong></span> <span class='ocrx_word' id='word_1_459' title='bbox 2985 2093 3093 2134; x_wconf 90' lang='lat' dir='ltr'><strong>tum</strong></span> <span class='ocrx_word' id='word_1_460' title='bbox 3128 2080 3410 2135; x_wconf 79' lang='lat' dir='ltr'><strong>familiaris</strong></span> 
     </span>
    </p>
   </div>
   <div class='ocr_carea' id='block_1_66' title="bbox 1841 2173 3411 2242">
    <p class='ocr_par' dir='ltr' id='par_1_66' title="bbox 1841 2173 3411 2242">
     <span class='ocr_line' id='line_1_66' title="bbox 1841 2173 3411 2242; baseline 0.002 -20"><span class='ocrx_word' id='word_1_461' title='bbox 1841 2188 1991 2234; x_wconf 84' lang='lat' dir='ltr'><strong>usus,</strong></span> <span class='ocrx_word' id='word_1_462' title='bbox 2033 2187 2381 2241; x_wconf 82' lang='lat' dir='ltr'><strong>permagnum</strong></span> <span class='ocrx_word' id='word_1_463' title='bbox 2412 2183 2497 2227; x_wconf 90' lang='lat' dir='ltr'><strong>est</strong></span> <span class='ocrx_word' id='word_1_464' title='bbox 2532 2174 2820 2242; x_wconf 86' lang='lat' dir='ltr'><strong>singularis</strong></span> <span class='ocrx_word' id='word_1_465' title='bbox 2874 2189 2996 2227; x_wconf 91' lang='lat' dir='ltr'><strong>cum</strong></span> <span class='ocrx_word' id='word_1_466' title='bbox 3029 2173 3238 2227; x_wconf 85' lang='lat' dir='ltr'><strong>Joanne</strong></span> <span class='ocrx_word' id='word_1_467' title='bbox 3288 2188 3411 2227; x_wconf 86' lang='lat' dir='ltr'><strong>con-</strong></span> 
     </span>
    </p>
   </div>
   <div class='ocr_carea' id='block_1_67' title="bbox 1839 2262 3407 2331">
    <p class='ocr_par' dir='ltr' id='par_1_67' title="bbox 1839 2262 3407 2331">
     <span class='ocr_line' id='line_1_67' title="bbox 1839 2262 3407 2331; baseline 0 -17"><span class='ocrx_word' id='word_1_468' title='bbox 1839 2264 2163 2328; x_wconf 80' lang='lat' dir='ltr'><strong>suetudinis,</strong></span> <span class='ocrx_word' id='word_1_469' title='bbox 2209 2264 2580 2331; x_wconf 78' lang='lat' dir='ltr'><strong>lectorumqbe</strong></span> <span class='ocrx_word' id='word_1_470' title='bbox 2632 2264 2891 2316; x_wconf 84' lang='lat' dir='ltr'><strong>librorum</strong></span> <span class='ocrx_word' id='word_1_471' title='bbox 2947 2262 3067 2329; x_wconf 90' lang='lat' dir='ltr'><strong>ejus</strong></span> <span class='ocrx_word' id='word_1_472' title='bbox 3116 2273 3407 2331; x_wconf 84' lang='lat' dir='ltr'><strong>argumen-</strong></span> 
     </span>
    </p>
   </div>
   <div class='ocr_carea' id='block_1_68' title="bbox 1843 2353 3409 2415">
    <p class='ocr_par' dir='ltr' id='par_1_68' title="bbox 1843 2353 3409 2415">
     <span class='ocr_line' id='line_1_68' title="bbox 1843 2353 3409 2415; baseline 0 -10"><span class='ocrx_word' id='word_1_473' title='bbox 1843 2363 1973 2407; x_wconf 90' lang='lat' dir='ltr'><strong>tum.</strong></span> <span class='ocrx_word' id='word_1_474' title='bbox 2010 2353 2193 2407; x_wconf 81' lang='lat' dir='ltr'><strong>lltitur</strong></span> <span class='ocrx_word' id='word_1_475' title='bbox 2226 2355 2370 2408; x_wconf 90' lang='lat' dir='ltr'><strong>enim</strong></span> <span class='ocrx_word' id='word_1_476' title='bbox 2409 2354 2601 2407; x_wconf 89' lang='lat' dir='ltr'><strong>iisdem</strong></span> <span class='ocrx_word' id='word_1_477' title='bbox 2651 2366 2705 2407; x_wconf 93' lang='lat' dir='ltr'><strong>et</strong></span> <span class='ocrx_word' id='word_1_478' title='bbox 2735 2355 2948 2407; x_wconf 83' lang='lat' dir='ltr'><strong>divinus</strong></span> <span class='ocrx_word' id='word_1_479' title='bbox 2994 2354 3081 2407; x_wconf 89' lang='lat' dir='ltr'><strong>ille</strong></span> <span class='ocrx_word' id='word_1_480' title='bbox 3119 2356 3223 2415; x_wconf 88' lang='lat' dir='ltr'><strong>vir.</strong></span> <span class='ocrx_word' id='word_1_481' title='bbox 3280 2353 3409 2407; x_wconf 90' lang='lat' dir='ltr'><strong>licet</strong></span> 
     </span>
    </p>
   </div>
   <div class='ocr_carea' id='block_1_69' title="bbox 1841 2448 3406 2517">
    <p class='ocr_par' dir='ltr' id='par_1_69' title="bbox 1841 2448 3406 2517">
     <span class='ocr_line' id='line_1_69' title="bbox 1841 2448 3406 2517; baseline -0.003 -18"><span class='ocrx_word' id='word_1_482' title='bbox 1841 2448 2116 2501; x_wconf 85' lang='lat' dir='ltr'><strong>moderate</strong></span> <span class='ocrx_word' id='word_1_483' title='bbox 2151 2457 2203 2501; x_wconf 87' lang='lat' dir='ltr'><strong>et</strong></span> <span class='ocrx_word' id='word_1_484' title='bbox 2232 2458 2556 2517; x_wconf 84' lang='lat' dir='ltr'><strong>opportune,</strong></span> <span class='ocrx_word' id='word_1_485' title='bbox 2610 2458 2772 2515; x_wconf 88' lang='lat' dir='ltr'><strong>atque</strong></span> <span class='ocrx_word' id='word_1_486' title='bbox 2800 2448 2894 2510; x_wconf 90' lang='lat' dir='ltr'><strong>ita,</strong></span> <span class='ocrx_word' id='word_1_487' title='bbox 2938 2456 2996 2498; x_wconf 90' lang='lat' dir='ltr'><strong>ut</strong></span> <span class='ocrx_word' id='word_1_488' title='bbox 3022 2456 3076 2500; x_wconf 90' lang='lat' dir='ltr'><strong>et</strong></span> <span class='ocrx_word' id='word_1_489' title='bbox 3118 2456 3406 2507; x_wconf 85' lang='lat' dir='ltr'><strong>tumorem,</strong></span> 
     </span>
    </p>
   </div>
   <div class='ocr_carea' id='block_1_70' title="bbox 1841 2539 3410 2607">
    <p class='ocr_par' dir='ltr' id='par_1_70' title="bbox 1841 2539 3410 2607">
     <span class='ocr_line' id='line_1_70' title="bbox 1841 2539 3410 2607; baseline -0.001 -16"><span class='ocrx_word' id='word_1_490' title='bbox 1841 2539 1931 2606; x_wconf 90' lang='lat' dir='ltr'><strong>qui</strong></span> <span class='ocrx_word' id='word_1_491' title='bbox 1967 2554 2032 2592; x_wconf 75' lang='lat' dir='ltr'><strong>ex</strong></span> <span class='ocrx_word' id='word_1_492' title='bbox 2060 2539 2164 2593; x_wconf 86' lang='lat' dir='ltr'><strong>illis</strong></span> <span class='ocrx_word' id='word_1_493' title='bbox 2190 2540 2449 2604; x_wconf 85' lang='lat' dir='ltr'><strong>nascitur,</strong></span> <span class='ocrx_word' id='word_1_494' title='bbox 2487 2540 2836 2607; x_wconf 82' lang='lat' dir='ltr'><strong>simplicitate</strong></span> <span class='ocrx_word' id='word_1_495' title='bbox 2868 2545 3132 2604; x_wconf 87' lang='lat' dir='ltr'><strong>temperet</strong></span> <span class='ocrx_word' id='word_1_496' title='bbox 3163 2539 3410 2605; x_wconf 80' lang='lat' dir='ltr'><strong>ingenio-</strong></span> 
     </span>
    </p>
   </div>
   <div class='ocr_carea' id='block_1_71' title="bbox 1842 2631 3403 2700">
    <p class='ocr_par' dir='ltr' id='par_1_71' title="bbox 1842 2631 3403 2700">
     <span class='ocr_line' id='line_1_71' title="bbox 1842 2631 3403 2700; baseline -0.002 -17"><span class='ocrx_word' id='word_1_497' title='bbox 1842 2646 2010 2700; x_wconf 87' lang='lat' dir='ltr'><strong>seque</strong></span> <span class='ocrx_word' id='word_1_498' title='bbox 2037 2631 2263 2695; x_wconf 89' lang='lat' dir='ltr'><strong>molliat,</strong></span> <span class='ocrx_word' id='word_1_499' title='bbox 2291 2641 2345 2685; x_wconf 91' lang='lat' dir='ltr'><strong>et</strong></span> <span class='ocrx_word' id='word_1_500' title='bbox 2375 2632 2678 2684; x_wconf 91' lang='lat' dir='ltr'><strong>orationem</strong></span> <span class='ocrx_word' id='word_1_501' title='bbox 2710 2647 2860 2683; x_wconf 89' lang='lat' dir='ltr'><strong>suam</strong></span> <span class='ocrx_word' id='word_1_502' title='bbox 2899 2632 3207 2684; x_wconf 83' lang='lat' dir='ltr'><strong>universam</strong></span> <span class='ocrx_word' id='word_1_503' title='bbox 3256 2631 3403 2684; x_wconf 91' lang='lat' dir='ltr'><strong>civili</strong></span> 
     </span>
    </p>
   </div>
   <div class='ocr_carea' id='block_1_72' title="bbox 1841 2720 2668 2789">
    <p class='ocr_par' dir='ltr' id='par_1_72' title="bbox 1841 2720 2668 2789">
     <span class='ocr_line' id='line_1_72' title="bbox 1841 2720 2668 2789; baseline -0.001 -14"><span class='ocrx_word' id='word_1_504' title='bbox 1841 2723 2075 2775; x_wconf 84' lang='lat' dir='ltr'><strong>sermoni</strong></span> <span class='ocrx_word' id='word_1_505' title='bbox 2102 2722 2428 2789; x_wconf 81' lang='lat' dir='ltr'><strong>persimilem</strong></span> <span class='ocrx_word' id='word_1_506' title='bbox 2454 2720 2668 2774; x_wconf 84' lang='lat' dir='ltr'><strong>eilieiat.</strong></span> 
     </span>
    </p>
   </div>
   <div class='ocr_carea' id='block_1_73' title="bbox 1918 2814 3406 2884">
    <p class='ocr_par' dir='ltr' id='par_1_73' title="bbox 1918 2814 3406 2884">
     <span class='ocr_line' id='line_1_73' title="bbox 1918 2814 3406 2884; baseline -0.001 -17"><span class='ocrx_word' id='word_1_507' title='bbox 1918 2816 2108 2884; x_wconf 73' lang='lat'><strong>1166</strong></span> <span class='ocrx_word' id='word_1_508' title='bbox 2169 2816 2310 2868; x_wconf 89' lang='lat' dir='ltr'><strong>Idem</strong></span> <span class='ocrx_word' id='word_1_509' title='bbox 2367 2830 2497 2869; x_wconf 79' lang='lat' dir='ltr'><strong>vero</strong></span> <span class='ocrx_word' id='word_1_510' title='bbox 2550 2816 2635 2869; x_wconf 89' lang='lat' dir='ltr'><strong>hic</strong></span> <span class='ocrx_word' id='word_1_511' title='bbox 2698 2814 2929 2868; x_wconf 86' lang='lat' dir='ltr'><strong>Basilius</strong></span> <span class='ocrx_word' id='word_1_512' title='bbox 2981 2816 3069 2868; x_wconf 88' lang='lat' dir='ltr'><strong>ille</strong></span> <span class='ocrx_word' id='word_1_513' title='bbox 3129 2824 3259 2879; x_wconf 89' lang='lat' dir='ltr'><strong>est,</strong></span> <span class='ocrx_word' id='word_1_514' title='bbox 3316 2816 3406 2883; x_wconf 86' lang='lat' dir='ltr'><strong>qui</strong></span> 
     </span>
    </p>
   </div>
   <div class='ocr_carea' id='block_1_74' title="bbox 1844 2906 3412 2977">
    <p class='ocr_par' dir='ltr' id='par_1_74' title="bbox 1844 2906 3412 2977">
     <span class='ocr_line' id='line_1_74' title="bbox 1844 2906 3412 2977; baseline 0.001 -20"><span class='ocrx_word' id='word_1_515' title='bbox 1844 2908 2030 2975; x_wconf 79' lang='lat' dir='ltr'><strong>prima:</strong></span> <span class='ocrx_word' id='word_1_516' title='bbox 2062 2908 2316 2977; x_wconf 82' lang='lat' dir='ltr'><strong>martyris</strong></span> <span class='ocrx_word' id='word_1_517' title='bbox 2351 2907 2568 2960; x_wconf 74' lang='lat' dir='ltr'><strong>Thecla:</strong></span> <span class='ocrx_word' id='word_1_518' title='bbox 2593 2908 2851 2976; x_wconf 69' lang='lat' dir='ltr'><strong>prteclare</strong></span> <span class='ocrx_word' id='word_1_519' title='bbox 2873 2918 3020 2976; x_wconf 82' lang='lat' dir='ltr'><strong>gesta</strong></span> <span class='ocrx_word' id='word_1_520' title='bbox 3043 2906 3179 2975; x_wconf 71' lang='lat'><strong>(81),</strong></span> <span class='ocrx_word' id='word_1_521' title='bbox 3209 2916 3263 2961; x_wconf 88' lang='lat' dir='ltr'><strong>et</strong></span> <span class='ocrx_word' id='word_1_522' title='bbox 3291 2922 3412 2960; x_wconf 91' lang='lat' dir='ltr'><strong>cer-</strong></span> 
     </span>
    </p>
   </div>
   <div class='ocr_carea' id='block_1_75' title="bbox 1844 2997 3411 3068">
    <p class='ocr_par' dir='ltr' id='par_1_75' title="bbox 1844 2997 3411 3068">
     <span class='ocr_line' id='line_1_75' title="bbox 1844 2997 3411 3068; baseline 0.003 -19"><span class='ocrx_word' id='word_1_523' title='bbox 1844 2997 2066 3059; x_wconf 89' lang='lat' dir='ltr'><strong>tamina,</strong></span> <span class='ocrx_word' id='word_1_524' title='bbox 2114 3006 2274 3064; x_wconf 86' lang='lat' dir='ltr'><strong>atque</strong></span> <span class='ocrx_word' id='word_1_525' title='bbox 2316 2999 2571 3053; x_wconf 90' lang='lat' dir='ltr'><strong>victorias</strong></span> <span class='ocrx_word' id='word_1_526' title='bbox 2600 3002 2786 3065; x_wconf 54' lang='lat' dir='ltr'><strong>metis</strong></span> <span class='ocrx_word' id='word_1_527' title='bbox 2819 3000 3161 3067; x_wconf 75' lang='lat' dir='ltr'><strong>persequitur</strong></span> <span class='ocrx_word' id='word_1_528' title='bbox 3204 3018 3218 3053; x_wconf 91' lang='lat'><strong>:</strong></span> <span class='ocrx_word' id='word_1_529' title='bbox 3257 2999 3411 3068; x_wconf 79' lang='lat' dir='ltr'><strong>cujus</strong></span> 
     </span>
    </p>
   </div>
   <div class='ocr_carea' id='block_1_76' title="bbox 1846 3087 3298 3165">
    <p class='ocr_par' dir='ltr' id='par_1_76' title="bbox 1846 3087 3298 3165">
     <span class='ocr_line' id='line_1_76' title="bbox 1846 3087 3298 3165; baseline 0.003 -25"><span class='ocrx_word' id='word_1_530' title='bbox 1846 3087 1973 3141; x_wconf 88' lang='lat' dir='ltr'><strong>item</strong></span> <span class='ocrx_word' id='word_1_531' title='bbox 2012 3088 2117 3141; x_wconf 87' lang='lat' dir='ltr'><strong>alia</strong></span> <span class='ocrx_word' id='word_1_532' title='bbox 2152 3089 2352 3157; x_wconf 84' lang='lat' dir='ltr'><strong>scripta</strong></span> <span class='ocrx_word' id='word_1_533' title='bbox 2394 3088 2615 3165; x_wconf 70' lang='lat' dir='ltr'><strong>[praeter</strong></span> <span class='ocrx_word' id='word_1_534' title='bbox 2654 3089 2779 3160; x_wconf 88' lang='lat' dir='ltr'><strong>ista]</strong></span> <span class='ocrx_word' id='word_1_535' title='bbox 2814 3089 3298 3144; x_wconf 80' lang='lat' dir='ltr'><strong>circumferuntur.</strong></span> 
     </span>
    </p>
   </div>
   <div class='ocr_carea' id='block_1_77' title="bbox 2438 3174 2731 3235">
    <p class='ocr_par' dir='ltr' id='par_1_77' title="bbox 2438 3174 2731 3235">
     <span class='ocr_line' id='line_1_77' title="bbox 2438 3174 2731 3235; baseline 0 0"><span class='ocrx_word' id='word_1_536' title='bbox 2438 3174 2443 3179; x_wconf 25' lang='grc' dir='ltr'><strong><em>ί</em></strong></span> <span class='ocrx_word' id='word_1_537' title='bbox 2497 3181 2731 3235; x_wconf 77' lang='lat' dir='ltr'><strong>CLXIX.</strong></span> 
     </span>
    </p>
   </div>
   <div class='ocr_carea' id='block_1_78' title="bbox 1843 3271 3404 3342">
    <p class='ocr_par' dir='ltr' id='par_1_78' title="bbox 1843 3271 3404 3342">
     <span class='ocr_line' id='line_1_78' title="bbox 1843 3271 3404 3342; baseline -0.001 -16"><span class='ocrx_word' id='word_1_538' title='bbox 1843 3272 1992 3326; x_wconf 80' lang='lat' dir='ltr'><strong>Beati</strong></span> <span class='ocrx_word' id='word_1_539' title='bbox 2037 3271 2226 3342; x_wconf 82' lang='lat' dir='ltr'><strong>Cyrilli</strong></span> <span class='ocrx_word' id='word_1_540' title='bbox 2263 3272 2459 3327; x_wconf 80' lang='lat' dir='ltr'><strong>Contra</strong></span> <span class='ocrx_word' id='word_1_541' title='bbox 2506 3271 2739 3325; x_wconf 79' lang='lat' dir='ltr'><strong>Nestorii</strong></span> <span class='ocrx_word' id='word_1_542' title='bbox 2779 3274 3127 3340; x_wconf 67' lang='lat' dir='ltr'><strong>blasphemia:</strong></span> <span class='ocrx_word' id='word_1_543' title='bbox 3182 3276 3300 3329; x_wconf 78' lang='lat' dir='ltr'><strong>libri</strong></span> <span class='ocrx_word' id='word_1_544' title='bbox 3354 3293 3404 3331; x_wconf 86' lang='lat' dir='ltr'><strong>v.</strong></span> 
     </span>
    </p>
   </div>
   <div class='ocr_carea' id='block_1_79' title="bbox 1916 3341 3407 3406">
    <p class='ocr_par' dir='ltr' id='par_1_79' title="bbox 1916 3341 3407 3406">
     <span class='ocr_line' id='line_1_79' title="bbox 1916 3341 3407 3406; baseline 0.002 -12"><span class='ocrx_word' id='word_1_545' title='bbox 1916 3341 2168 3406; x_wconf 64' lang='lat' dir='ltr'><strong>Epistolis</strong></span> <span class='ocrx_word' id='word_1_546' title='bbox 2210 3346 2389 3405; x_wconf 74' lang='lat' dir='ltr'><strong>variw,</strong></span> <span class='ocrx_word' id='word_1_547' title='bbox 2424 3354 2469 3395; x_wconf 83' lang='lat' dir='ltr'><strong>et</strong></span> <span class='ocrx_word' id='word_1_548' title='bbox 2501 3343 2745 3396; x_wconf 82' lang='lat' dir='ltr'><strong>Scholion</strong></span> <span class='ocrx_word' id='word_1_549' title='bbox 2779 3346 2841 3397; x_wconf 87' lang='lat' dir='ltr'><strong>de</strong></span> <span class='ocrx_word' id='word_1_550' title='bbox 2864 3346 3226 3398; x_wconf 78' lang='lat' dir='ltr'><strong>incarnatione</strong></span> <span class='ocrx_word' id='word_1_551' title='bbox 3269 3344 3407 3399; x_wconf 86' lang='lat' dir='ltr'><strong>Uni-</strong></span> 
     </span>
    </p>
   </div>
   <div class='ocr_carea' id='block_1_80' title="bbox 1915 3414 2093 3481">
    <p class='ocr_par' dir='ltr' id='par_1_80' title="bbox 1915 3414 2093 3481">
     <span class='ocr_line' id='line_1_80' title="bbox 1915 3414 2093 3481; baseline 0.011 -16"><span class='ocrx_word' id='word_1_552' title='bbox 1915 3414 2093 3481; x_wconf 82' lang='lat' dir='ltr'><strong>geniti.</strong></span> 
     </span>
    </p>
   </div>
   <div class='ocr_carea' id='block_1_81' title="bbox 1911 3504 3407 3575">
    <p class='ocr_par' dir='ltr' id='par_1_81' title="bbox 1911 3504 3407 3575">
     <span class='ocr_line' id='line_1_81' title="bbox 1911 3504 3407 3575; baseline 0.003 -18"><span class='ocrx_word' id='word_1_553' title='bbox 1911 3504 2058 3557; x_wconf 88' lang='lat' dir='ltr'><strong>Lecti</strong></span> <span class='ocrx_word' id='word_1_554' title='bbox 2100 3516 2223 3558; x_wconf 88' lang='lat' dir='ltr'><strong>sunt</strong></span> <span class='ocrx_word' id='word_1_555' title='bbox 2256 3507 2426 3558; x_wconf 77' lang='lat' dir='ltr'><strong>sancti</strong></span> <span class='ocrx_word' id='word_1_556' title='bbox 2455 3506 2640 3575; x_wconf 86' lang='lat' dir='ltr'><strong>Cyrilli</strong></span> <span class='ocrx_word' id='word_1_557' title='bbox 2673 3509 2929 3559; x_wconf 77' lang='lat' dir='ltr'><strong>Adversus</strong></span> <span class='ocrx_word' id='word_1_558' title='bbox 2981 3507 3217 3560; x_wconf 79' lang='lat' dir='ltr'><strong>Nestorii</strong></span> <span class='ocrx_word' id='word_1_559' title='bbox 3264 3509 3407 3561; x_wconf 82' lang='lat' dir='ltr'><strong>blas-</strong></span> 
     </span>
    </p>
   </div>
   <div class='ocr_carea' id='block_1_82' title="bbox 1842 3596 3408 3669">
    <p class='ocr_par' dir='ltr' id='par_1_82' title="bbox 1842 3596 3408 3669">
     <span class='ocr_line' id='line_1_82' title="bbox 1842 3596 3408 3669; baseline 0.003 -23"><span class='ocrx_word' id='word_1_560' title='bbox 1842 3597 2075 3662; x_wconf 66' lang='lat' dir='ltr'><strong>phemia;</strong></span> <span class='ocrx_word' id='word_1_561' title='bbox 2105 3596 2224 3648; x_wconf 81' lang='lat' dir='ltr'><strong>libri</strong></span> <span class='ocrx_word' id='word_1_562' title='bbox 2252 3598 2505 3665; x_wconf 85' lang='lat' dir='ltr'><strong>quinque,</strong></span> <span class='ocrx_word' id='word_1_563' title='bbox 2538 3613 2764 3665; x_wconf 88' lang='lat' dir='ltr'><strong>quorum</strong></span> <span class='ocrx_word' id='word_1_564' title='bbox 2797 3599 3001 3669; x_wconf 87' lang='lat' dir='ltr'><strong>primus</strong></span> <span class='ocrx_word' id='word_1_565' title='bbox 3052 3600 3270 3666; x_wconf 88' lang='lat' dir='ltr'><strong>quidem</strong></span> <span class='ocrx_word' id='word_1_566' title='bbox 3317 3602 3408 3651; x_wconf 79' lang='lat' dir='ltr'><strong>ca—</strong></span> 
     </span>
    </p>
   </div>
   <div class='ocr_carea' id='block_1_83' title="bbox 1844 3684 3407 3757">
    <p class='ocr_par' dir='ltr' id='par_1_83' title="bbox 1844 3684 3407 3757">
     <span class='ocr_line' id='line_1_83' title="bbox 1844 3684 3407 3757; baseline 0.004 -18"><span class='ocrx_word' id='word_1_567' title='bbox 1844 3688 2169 3742; x_wconf 85' lang='lat' dir='ltr'><strong>lumniarutn</strong></span> <span class='ocrx_word' id='word_1_568' title='bbox 2236 3688 2465 3743; x_wconf 84' lang='lat' dir='ltr'><strong>Nestorii</strong></span> <span class='ocrx_word' id='word_1_569' title='bbox 2520 3690 2699 3757; x_wconf 86' lang='lat' dir='ltr'><strong>capita</strong></span> <span class='ocrx_word' id='word_1_570' title='bbox 2753 3693 2936 3745; x_wconf 85' lang='lat' dir='ltr'><strong>decem</strong></span> <span class='ocrx_word' id='word_1_571' title='bbox 2984 3689 3201 3745; x_wconf 87' lang='lat' dir='ltr'><strong>refellit.</strong></span> <span class='ocrx_word' id='word_1_572' title='bbox 3254 3684 3407 3745; x_wconf 79' lang='lat' dir='ltr'><strong>Alter</strong></span> 
     </span>
    </p>
   </div>
   <div class='ocr_carea' id='block_1_84' title="bbox 1843 3783 3410 3852">
    <p class='ocr_par' dir='ltr' id='par_1_84' title="bbox 1843 3783 3410 3852">
     <span class='ocr_line' id='line_1_84' title="bbox 1843 3783 3410 3852; baseline 0.003 -16"><span class='ocrx_word' id='word_1_573' title='bbox 1843 3783 2035 3836; x_wconf 86' lang='lat' dir='ltr'><strong>deinde</strong></span> <span class='ocrx_word' id='word_1_574' title='bbox 2084 3785 2510 3849; x_wconf 84' lang='lat' dir='ltr'><strong>quatuordecim.</strong></span> <span class='ocrx_word' id='word_1_575' title='bbox 2578 3784 2790 3838; x_wconf 86' lang='lat' dir='ltr'><strong>Tertius</strong></span> <span class='ocrx_word' id='word_1_576' title='bbox 2833 3801 2959 3839; x_wconf 88' lang='lat' dir='ltr'><strong>vero</strong></span> <span class='ocrx_word' id='word_1_577' title='bbox 3009 3801 3123 3840; x_wconf 79' lang='lat' dir='ltr'><strong>sex.</strong></span> <span class='ocrx_word' id='word_1_578' title='bbox 3169 3786 3410 3852; x_wconf 85' lang='lat' dir='ltr'><strong>Quartus</strong></span> 
     </span>
    </p>
   </div>
   <div class='ocr_carea' id='block_1_85' title="bbox 1844 3874 3400 3945">
    <p class='ocr_par' dir='ltr' id='par_1_85' title="bbox 1844 3874 3400 3945">
     <span class='ocr_line' id='line_1_85' title="bbox 1844 3874 3400 3945; baseline 0.003 -18"><span class='ocrx_word' id='word_1_579' title='bbox 1844 3874 2074 3939; x_wconf 88' lang='lat' dir='ltr'><strong>denique</strong></span> <span class='ocrx_word' id='word_1_580' title='bbox 2101 3890 2163 3927; x_wconf 89' lang='lat' dir='ltr'><strong>ac</strong></span> <span class='ocrx_word' id='word_1_581' title='bbox 2186 3876 2407 3944; x_wconf 86' lang='lat' dir='ltr'><strong>quintus</strong></span> <span class='ocrx_word' id='word_1_582' title='bbox 2440 3876 2633 3944; x_wconf 90' lang='lat' dir='ltr'><strong>singuli</strong></span> <span class='ocrx_word' id='word_1_583' title='bbox 2658 3888 2884 3945; x_wconf 90' lang='lat' dir='ltr'><strong>septem.</strong></span> <span class='ocrx_word' id='word_1_584' title='bbox 2907 3877 3275 3931; x_wconf 87' lang='lat' dir='ltr'><strong>Elocutionetn</strong></span> <span class='ocrx_word' id='word_1_585' title='bbox 3304 3895 3400 3931; x_wconf 84' lang='lat' dir='ltr'><strong>au-</strong></span> 
     </span>
    </p>
   </div>
   <div class='ocr_carea' id='block_1_86' title="bbox 1844 3966 3405 4040">
    <p class='ocr_par' dir='ltr' id='par_1_86' title="bbox 1844 3966 3405 4040">
     <span class='ocr_line' id='line_1_86' title="bbox 1844 3966 3405 4040; baseline 0.004 -22"><span class='ocrx_word' id='word_1_586' title='bbox 1844 3975 1949 4018; x_wconf 86' lang='lat' dir='ltr'><strong>tent</strong></span> <span class='ocrx_word' id='word_1_587' title='bbox 1991 3967 2158 4033; x_wconf 84' lang='lat' dir='ltr'><strong>ipsam</strong></span> <span class='ocrx_word' id='word_1_588' title='bbox 2196 3966 2283 4020; x_wconf 88' lang='lat' dir='ltr'><strong>hic</strong></span> <span class='ocrx_word' id='word_1_589' title='bbox 2314 3967 2379 4019; x_wconf 92' lang='lat' dir='ltr'><strong>ad</strong></span> <span class='ocrx_word' id='word_1_590' title='bbox 2410 3968 2737 4035; x_wconf 85' lang='lat' dir='ltr'><strong>peculiarem</strong></span> <span class='ocrx_word' id='word_1_591' title='bbox 2773 3970 2921 4022; x_wconf 91' lang='lat' dir='ltr'><strong>illum</strong></span> <span class='ocrx_word' id='word_1_592' title='bbox 2948 3986 3125 4035; x_wconf 92' lang='lat' dir='ltr'><strong>suum,</strong></span> <span class='ocrx_word' id='word_1_593' title='bbox 3158 3986 3318 4040; x_wconf 84' lang='lat' dir='ltr'><strong>quem</strong></span> <span class='ocrx_word' id='word_1_594' title='bbox 3352 3972 3405 4024; x_wconf 90' lang='lat' dir='ltr'><strong>iu</strong></span> 
     </span>
    </p>
   </div>
   <div class='ocr_carea' id='block_1_87' title="bbox 1842 4056 3407 4126">
    <p class='ocr_par' dir='ltr' id='par_1_87' title="bbox 1842 4056 3407 4126">
     <span class='ocr_line' id='line_1_87' title="bbox 1842 4056 3407 4126; baseline 0.007 -20"><span class='ocrx_word' id='word_1_595' title='bbox 1842 4056 2181 4111; x_wconf 90' lang='lat' dir='ltr'><strong>orationibus</strong></span> <span class='ocrx_word' id='word_1_596' title='bbox 2219 4059 2485 4126; x_wconf 86' lang='lat' dir='ltr'><strong>sequitur,</strong></span> <span class='ocrx_word' id='word_1_597' title='bbox 2539 4061 2747 4114; x_wconf 87' lang='lat' dir='ltr'><strong>dicendi</strong></span> <span class='ocrx_word' id='word_1_598' title='bbox 2805 4064 3017 4114; x_wconf 90' lang='lat' dir='ltr'><strong>modum</strong></span> <span class='ocrx_word' id='word_1_599' title='bbox 3068 4064 3140 4115; x_wconf 86' lang='lat' dir='ltr'><strong>ita</strong></span> <span class='ocrx_word' id='word_1_600' title='bbox 3194 4063 3407 4117; x_wconf 87' lang='lat' dir='ltr'><strong>confor-</strong></span> 
     </span>
    </p>
   </div>
   <div class='ocr_carea' id='block_1_88' title="bbox 1844 4148 3405 4224">
    <p class='ocr_par' dir='ltr' id='par_1_88' title="bbox 1844 4148 3405 4224">
     <span class='ocr_line' id='line_1_88' title="bbox 1844 4148 3405 4224; baseline 0.006 -26"><span class='ocrx_word' id='word_1_601' title='bbox 1844 4148 2030 4213; x_wconf 88' lang='lat' dir='ltr'><strong>mavit,</strong></span> <span class='ocrx_word' id='word_1_602' title='bbox 2061 4148 2333 4217; x_wconf 86' lang='lat' dir='ltr'><strong>paululum</strong></span> <span class='ocrx_word' id='word_1_603' title='bbox 2360 4160 2415 4202; x_wconf 92' lang='lat' dir='ltr'><strong>ut</strong></span> <span class='ocrx_word' id='word_1_604' title='bbox 2445 4152 2619 4220; x_wconf 83' lang='lat' dir='ltr'><strong>magis</strong></span> <span class='ocrx_word' id='word_1_605' title='bbox 2654 4154 2720 4205; x_wconf 91' lang='lat' dir='ltr'><strong>ad</strong></span> <span class='ocrx_word' id='word_1_606' title='bbox 2749 4153 2953 4208; x_wconf 89' lang='lat' dir='ltr'><strong>humile</strong></span> <span class='ocrx_word' id='word_1_607' title='bbox 2985 4153 3199 4207; x_wconf 83' lang='lat' dir='ltr'><strong>dicendi</strong></span> <span class='ocrx_word' id='word_1_608' title='bbox 3235 4170 3405 4224; x_wconf 82' lang='lat' dir='ltr'><strong>genus</strong></span> 
     </span>
    </p>
   </div>
   <div class='ocr_carea' id='block_1_89' title="bbox 1844 4238 2045 4291">
    <p class='ocr_par' dir='ltr' id='par_1_89' title="bbox 1844 4238 2045 4291">
     <span class='ocr_line' id='line_1_89' title="bbox 1844 4238 2045 4291; baseline 0.015 -3"><span class='ocrx_word' id='word_1_609' title='bbox 1844 4238 2045 4291; x_wconf 85' lang='lat' dir='ltr'><strong>tendat.</strong></span> 
     </span>
    </p>
   </div>
   <div class='ocr_carea' id='block_1_90' title="bbox 1915 4330 3407 4404">
    <p class='ocr_par' dir='ltr' id='par_1_90' title="bbox 1915 4330 3407 4404">
     <span class='ocr_line' id='line_1_90' title="bbox 1915 4330 3407 4404; baseline 0.003 -21"><span class='ocrx_word' id='word_1_610' title='bbox 1915 4330 2043 4384; x_wconf 84' lang='lat' dir='ltr'><strong>Erat</strong></span> <span class='ocrx_word' id='word_1_611' title='bbox 2072 4332 2126 4386; x_wconf 93' lang='lat' dir='ltr'><strong>in</strong></span> <span class='ocrx_word' id='word_1_612' title='bbox 2161 4334 2347 4388; x_wconf 88' lang='lat' dir='ltr'><strong>eodem</strong></span> <span class='ocrx_word' id='word_1_613' title='bbox 2384 4334 2653 4390; x_wconf 83' lang='lat' dir='ltr'><strong>volumine</strong></span> <span class='ocrx_word' id='word_1_614' title='bbox 2682 4338 2745 4388; x_wconf 88' lang='lat' dir='ltr'><strong>ad</strong></span> <span class='ocrx_word' id='word_1_615' title='bbox 2770 4336 2941 4404; x_wconf 88' lang='lat' dir='ltr'><strong>ipsum</strong></span> <span class='ocrx_word' id='word_1_616' title='bbox 2972 4351 3187 4404; x_wconf 87' lang='lat' dir='ltr'><strong>quoque</strong></span> <span class='ocrx_word' id='word_1_617' title='bbox 3216 4332 3407 4389; x_wconf 82' lang='lat' dir='ltr'><strong>Nesto—</strong></span> 
     </span>
    </p>
   </div>
   <div class='ocr_carea' id='block_1_91' title="bbox 1848 4421 3405 4493">
    <p class='ocr_par' dir='ltr' id='par_1_91' title="bbox 1848 4421 3405 4493">
     <span class='ocr_line' id='line_1_91' title="bbox 1848 4421 3405 4493; baseline 0.004 -20"><span class='ocrx_word' id='word_1_618' title='bbox 1848 4421 1984 4474; x_wconf 91' lang='lat' dir='ltr'><strong>rium</strong></span> <span class='ocrx_word' id='word_1_619' title='bbox 2021 4423 2271 4491; x_wconf 90' lang='lat' dir='ltr'><strong>epistola,</strong></span> <span class='ocrx_word' id='word_1_620' title='bbox 2299 4441 2400 4493; x_wconf 91' lang='lat' dir='ltr'><strong>qua</strong></span> <span class='ocrx_word' id='word_1_621' title='bbox 2426 4427 2476 4479; x_wconf 94' lang='lat' dir='ltr'><strong>iu</strong></span> <span class='ocrx_word' id='word_1_622' title='bbox 2510 4428 2649 4479; x_wconf 87' lang='lat' dir='ltr'><strong>viam</strong></span> <span class='ocrx_word' id='word_1_623' title='bbox 2681 4426 2826 4479; x_wconf 93' lang='lat' dir='ltr'><strong>illum</strong></span> <span class='ocrx_word' id='word_1_624' title='bbox 2858 4425 3133 4492; x_wconf 84' lang='lat' dir='ltr'><strong>reducere,</strong></span> <span class='ocrx_word' id='word_1_625' title='bbox 3156 4436 3209 4481; x_wconf 89' lang='lat' dir='ltr'><strong>et</strong></span> <span class='ocrx_word' id='word_1_626' title='bbox 3231 4426 3405 4479; x_wconf 87' lang='lat' dir='ltr'><strong>amice</strong></span> 
     </span>
    </p>
   </div>
   <div class='ocr_carea' id='block_1_92' title="bbox 1844 4512 3405 4587">
    <p class='ocr_par' dir='ltr' id='par_1_92' title="bbox 1844 4512 3405 4587">
     <span class='ocr_line' id='line_1_92' title="bbox 1844 4512 3405 4587; baseline 0.004 -23"><span class='ocrx_word' id='word_1_627' title='bbox 1844 4512 2115 4582; x_wconf 81' lang='lat' dir='ltr'><strong>corrigere</strong></span> <span class='ocrx_word' id='word_1_628' title='bbox 2153 4516 2362 4569; x_wconf 91' lang='lat' dir='ltr'><strong>nititur.</strong></span> <span class='ocrx_word' id='word_1_629' title='bbox 2391 4516 2528 4581; x_wconf 88' lang='lat' dir='ltr'><strong>Quin</strong></span> <span class='ocrx_word' id='word_1_630' title='bbox 2559 4527 2614 4571; x_wconf 92' lang='lat' dir='ltr'><strong>et</strong></span> <span class='ocrx_word' id='word_1_631' title='bbox 2642 4516 2875 4572; x_wconf 88' lang='lat' dir='ltr'><strong>Nestorii</strong></span> <span class='ocrx_word' id='word_1_632' title='bbox 2908 4520 2971 4571; x_wconf 89' lang='lat' dir='ltr'><strong>ad</strong></span> <span class='ocrx_word' id='word_1_633' title='bbox 3015 4519 3271 4587; x_wconf 82' lang='lat' dir='ltr'><strong>Cyrillum</strong></span> <span class='ocrx_word' id='word_1_634' title='bbox 3315 4534 3405 4571; x_wconf 88' lang='lat' dir='ltr'><strong>re-</strong></span> 
     </span>
    </p>
   </div>
   <div class='ocr_carea' id='block_1_93' title="bbox 1845 4607 3468 4679">
    <p class='ocr_par' dir='ltr' id='par_1_93' title="bbox 1845 4607 3468 4679">
     <span class='ocr_line' id='line_1_93' title="bbox 1845 4607 3468 4679; baseline 0.003 -23"><span class='ocrx_word' id='word_1_635' title='bbox 1845 4607 2205 4674; x_wconf 86' lang='lat' dir='ltr'><strong>sponsio,qua</strong></span> <span class='ocrx_word' id='word_1_636' title='bbox 2241 4610 2416 4678; x_wconf 89' lang='lat' dir='ltr'><strong>capita</strong></span> <span class='ocrx_word' id='word_1_637' title='bbox 2453 4609 2565 4674; x_wconf 89' lang='lat' dir='ltr'><strong>illa,</strong></span> <span class='ocrx_word' id='word_1_638' title='bbox 2591 4625 2712 4679; x_wconf 75' lang='lat' dir='ltr'><strong>qua:</strong></span> <span class='ocrx_word' id='word_1_639' title='bbox 2748 4625 2843 4662; x_wconf 91' lang='lat' dir='ltr'><strong>sua</strong></span> <span class='ocrx_word' id='word_1_640' title='bbox 2875 4612 2961 4665; x_wconf 88' lang='lat' dir='ltr'><strong>hic</strong></span> <span class='ocrx_word' id='word_1_641' title='bbox 2999 4612 3225 4678; x_wconf 85' lang='lat' dir='ltr'><strong>epistola</strong></span> <span class='ocrx_word' id='word_1_642' title='bbox 3255 4626 3405 4665; x_wconf 87' lang='lat' dir='ltr'><strong>com-</strong></span> <span class='ocrx_word' id='word_1_643' title='bbox 3460 4612 3468 4620; x_wconf 89' lang='lat'>&#39;</span> 
     </span>
    </p>
   </div>
   <div class='ocr_carea' id='block_1_94' title="bbox 1848 4696 3403 4764">
    <p class='ocr_par' dir='ltr' id='par_1_94' title="bbox 1848 4696 3403 4764">
     <span class='ocr_line' id='line_1_94' title="bbox 1848 4696 3403 4764; baseline 0.003 -17"><span class='ocrx_word' id='word_1_644' title='bbox 1848 4696 2037 4764; x_wconf 84' lang='lat' dir='ltr'><strong>plexus</strong></span> <span class='ocrx_word' id='word_1_645' title='bbox 2082 4698 2283 4763; x_wconf 85' lang='lat' dir='ltr'><strong>fuerat,</strong></span> <span class='ocrx_word' id='word_1_646' title='bbox 2337 4700 2643 4753; x_wconf 84' lang='lat' dir='ltr'><strong>damnanda</strong></span> <span class='ocrx_word' id='word_1_647' title='bbox 2673 4715 2795 4753; x_wconf 89' lang='lat' dir='ltr'><strong>esse</strong></span> <span class='ocrx_word' id='word_1_648' title='bbox 2818 4710 3021 4755; x_wconf 85' lang='lat' dir='ltr'><strong>censet.</strong></span> <span class='ocrx_word' id='word_1_649' title='bbox 3046 4703 3229 4754; x_wconf 79' lang='lat' dir='ltr'><strong>Altera</strong></span> <span class='ocrx_word' id='word_1_650' title='bbox 3279 4702 3403 4753; x_wconf 89' lang='lat' dir='ltr'><strong>item</strong></span> 
     </span>
    </p>
   </div>
   <div class='ocr_carea' id='block_1_95' title="bbox 1437 4824 2097 4884">
    <p class='ocr_par' dir='ltr' id='par_1_95' title="bbox 1437 4824 2097 4884">
     <span class='ocr_line' id='line_1_95' title="bbox 1437 4824 2097 4884; baseline 0.011 -7"><span class='ocrx_word' id='word_1_651' title='bbox 1437 4824 1662 4879; x_wconf 70' lang='lat' dir='ltr'><strong>VARLE</strong></span> <span class='ocrx_word' id='word_1_652' title='bbox 1699 4825 2097 4884; x_wconf 79' lang='lat' dir='ltr'><strong>LECTIONES.</strong></span> 
     </span>
    </p>
   </div>
   <div class='ocr_carea' id='block_1_96' title="bbox 230 4943 1264 5012">
    <p class='ocr_par' dir='ltr' id='par_1_96' title="bbox 230 4943 1264 5012">
     <span class='ocr_line' id='line_1_96' title="bbox 230 4943 1264 5012; baseline -0.007 -10"><span class='ocrx_word' id='word_1_653' title='bbox 230 4954 279 4982; x_wconf 85' lang='grc'>²¹</span> <span class='ocrx_word' id='word_1_654' title='bbox 318 4950 395 5009; x_wconf 82' lang='grc' dir='ltr'>ὡς</span> <span class='ocrx_word' id='word_1_655' title='bbox 423 4951 467 4999; x_wconf 79' lang='grc' dir='ltr'><strong>Α</strong></span> <span class='ocrx_word' id='word_1_656' title='bbox 493 4964 508 4999; x_wconf 74' lang='grc' dir='ltr'><strong>τ</strong></span> <span class='ocrx_word' id='word_1_657' title='bbox 535 4951 610 5009; x_wconf 80' lang='grc' dir='ltr'>εἰς</span> <span class='ocrx_word' id='word_1_658' title='bbox 637 4967 697 5012; x_wconf 80' lang='grc' dir='ltr'>ς.</span> <span class='ocrx_word' id='word_1_659' title='bbox 796 4945 842 4974; x_wconf 78' lang='grc'><strong><em>’³</em></strong></span> <span class='ocrx_word' id='word_1_660' title='bbox 874 4943 1169 5012; x_wconf 80' lang='grc' dir='ltr'>τραχύτητι</span> <span class='ocrx_word' id='word_1_661' title='bbox 1202 4959 1264 5004; x_wconf 81' lang='grc' dir='ltr'><strong>ς.</strong></span> 
     </span>
    </p>
   </div>
   <div class='ocr_carea' id='block_1_97' title="bbox 161 5011 1517 5091">
    <p class='ocr_par' dir='ltr' id='par_1_97' title="bbox 161 5011 1517 5091">
     <span class='ocr_line' id='line_1_97' title="bbox 161 5011 1517 5091; baseline -0.004 -20"><span class='ocrx_word' id='word_1_662' title='bbox 161 5023 317 5091; x_wconf 78' lang='grc' dir='ltr'>μένω</span> <span class='ocrx_word' id='word_1_663' title='bbox 350 5037 409 5081; x_wconf 73' lang='grc' dir='ltr'>ς.</span> <span class='ocrx_word' id='word_1_664' title='bbox 513 5018 555 5052; x_wconf 86' lang='grc'><strong>¹⁷</strong></span> <span class='ocrx_word' id='word_1_665' title='bbox 591 5011 783 5084; x_wconf 73' lang='grc' dir='ltr'>μιγνύς</span> <span class='ocrx_word' id='word_1_666' title='bbox 807 5032 863 5066; x_wconf 91' lang='grc' dir='ltr'><strong>τε</strong></span> <span class='ocrx_word' id='word_1_667' title='bbox 894 5011 986 5064; x_wconf 81' lang='grc' dir='ltr'><strong>καί</strong></span> <span class='ocrx_word' id='word_1_668' title='bbox 1022 5016 1119 5091; x_wconf 43' lang='lat' dir='ltr'><strong>Ani</strong></span> <span class='ocrx_word' id='word_1_669' title='bbox 1144 5011 1427 5080; x_wconf 84' lang='grc' dir='ltr'>μιγνύεται</span> <span class='ocrx_word' id='word_1_670' title='bbox 1459 5029 1517 5075; x_wconf 75' lang='grc' dir='ltr'><strong>ς’.</strong></span> 
     </span>
    </p>
   </div>
   <div class='ocr_carea' id='block_1_98' title="bbox 160 5082 1141 5159">
    <p class='ocr_par' dir='ltr' id='par_1_98' title="bbox 160 5082 1141 5159">
     <span class='ocr_line' id='line_1_98' title="bbox 160 5082 1141 5159; baseline -0.01 -14"><span class='ocrx_word' id='word_1_671' title='bbox 160 5082 612 5159; x_wconf 74' lang='grc' dir='ltr'>ξιπενηνεγμένον</span> <span class='ocrx_word' id='word_1_672' title='bbox 639 5126 653 5139; x_wconf 93' lang='grc'><strong>.</strong></span> <span class='ocrx_word' id='word_1_673' title='bbox 679 5087 748 5140; x_wconf 82' lang='lat' dir='ltr'><strong>cf.</strong></span> <span class='ocrx_word' id='word_1_674' title='bbox 773 5102 826 5153; x_wconf 87' lang='lat' dir='ltr'><strong>p.</strong></span> <span class='ocrx_word' id='word_1_675' title='bbox 861 5086 961 5138; x_wconf 79' lang='lat' dir='ltr'><strong>H9</strong></span> <span class='ocrx_word' id='word_1_676' title='bbox 990 5099 1021 5135; x_wconf 89' lang='lat' dir='ltr'><strong>a</strong></span> <span class='ocrx_word' id='word_1_677' title='bbox 1054 5082 1141 5136; x_wconf 71' lang='grc'><strong>28.</strong></span> 
     </span>
    </p>
   </div>
   <div class='ocr_carea' id='block_1_99' title="bbox 1374 4942 2149 5016">
    <p class='ocr_par' dir='ltr' id='par_1_99' title="bbox 1374 4942 2149 5016">
     <span class='ocr_line' id='line_1_99' title="bbox 1374 4942 2149 5016; baseline 0.008 -22"><span class='ocrx_word' id='word_1_678' title='bbox 1374 4942 1468 4994; x_wconf 76' lang='lat'>&quot;6</span> <span class='ocrx_word' id='word_1_679' title='bbox 1528 4943 1657 5016; x_wconf 83' lang='grc' dir='ltr'>περί</span> <span class='ocrx_word' id='word_1_680' title='bbox 1694 4944 1736 4995; x_wconf 84' lang='grc' dir='ltr'>Α</span> <span class='ocrx_word' id='word_1_681' title='bbox 1774 4948 1939 5016; x_wconf 75' lang='grc' dir='ltr'>επερί</span> <span class='ocrx_word' id='word_1_682' title='bbox 1963 4947 2060 5015; x_wconf 80' lang='grc' dir='ltr'>τῆς</span> <span class='ocrx_word' id='word_1_683' title='bbox 2092 4964 2149 5009; x_wconf 84' lang='grc' dir='ltr'>ς.</span> 
     </span>
    </p>
   </div>
   <div class='ocr_carea' id='block_1_100' title="bbox 1616 5014 2529 5085">
    <p class='ocr_par' dir='ltr' id='par_1_100' title="bbox 1616 5014 2529 5085">
     <span class='ocr_line' id='line_1_100' title="bbox 1616 5014 2529 5085; baseline 0.008 -20"><span class='ocrx_word' id='word_1_684' title='bbox 1616 5014 1661 5043; x_wconf 79' lang='grc'><strong>³⁸</strong></span> <span class='ocrx_word' id='word_1_685' title='bbox 1696 5014 2014 5085; x_wconf 73' lang='grc' dir='ltr'>ποιούμενος</span> <span class='ocrx_word' id='word_1_686' title='bbox 2058 5017 2216 5084; x_wconf 79' lang='grc' dir='ltr'>λόγου</span> <span class='ocrx_word' id='word_1_687' title='bbox 2249 5020 2436 5072; x_wconf 80' lang='grc' dir='ltr'>εἰκόνα</span> <span class='ocrx_word' id='word_1_688' title='bbox 2469 5036 2529 5083; x_wconf 84' lang='grc' dir='ltr'>ς.</span> 
     </span>
    </p>
   </div>
   <div class='ocr_carea' id='block_1_101' title="bbox 2263 4948 3023 5013">
    <p class='ocr_par' dir='ltr' id='par_1_101' title="bbox 2263 4948 3023 5013">
     <span class='ocr_line' id='line_1_101' title="bbox 2263 4948 3023 5013; baseline 0.004 -15"><span class='ocrx_word' id='word_1_689' title='bbox 2263 4950 2307 4980; x_wconf 73' lang='grc'><strong>’⁸</strong></span> <span class='ocrx_word' id='word_1_690' title='bbox 2338 4950 2431 4999; x_wconf 72' lang='grc' dir='ltr'><strong>καὶ</strong></span> <span class='ocrx_word' id='word_1_691' title='bbox 2458 4958 2582 5003; x_wconf 87' lang='lat' dir='ltr'><strong>ante</strong></span> <span class='ocrx_word' id='word_1_692' title='bbox 2606 4949 2777 5013; x_wconf 79' lang='grc' dir='ltr'>λόγων</span> <span class='ocrx_word' id='word_1_693' title='bbox 2807 4950 2925 5002; x_wconf 88' lang='lat' dir='ltr'><strong>add.</strong></span> <span class='ocrx_word' id='word_1_694' title='bbox 2959 4948 3023 5001; x_wconf 77' lang='grc' dir='ltr'><strong>Α.</strong></span> 
     </span>
    </p>
   </div>
   <div class='ocr_carea' id='block_1_102' title="bbox 2645 5020 3039 5089">
    <p class='ocr_par' dir='ltr' id='par_1_102' title="bbox 2645 5020 3039 5089">
     <span class='ocr_line' id='line_1_102' title="bbox 2645 5020 3039 5089; baseline 0.005 -18"><span class='ocrx_word' id='word_1_695' title='bbox 2645 5021 2687 5051; x_wconf 82' lang='grc'><strong><em>⁸⁸</em></strong></span> <span class='ocrx_word' id='word_1_696' title='bbox 2716 5020 2939 5089; x_wconf 86' lang='grc' dir='ltr'>φέρεται</span> <span class='ocrx_word' id='word_1_697' title='bbox 2978 5036 3039 5084; x_wconf 80' lang='grc' dir='ltr'>ς.</span> 
     </span>
    </p>
   </div>
   <div class='ocr_carea' id='block_1_103' title="bbox 3126 4950 3403 5018">
    <p class='ocr_par' dir='ltr' id='par_1_103' title="bbox 3126 4950 3403 5018">
     <span class='ocr_line' id='line_1_103' title="bbox 3126 4950 3403 5018; baseline 0.011 -18"><span class='ocrx_word' id='word_1_698' title='bbox 3126 4952 3170 4983; x_wconf 77' lang='grc'><strong>³⁸</strong></span> <span class='ocrx_word' id='word_1_699' title='bbox 3200 4950 3403 5018; x_wconf 75' lang='grc' dir='ltr'>ἀρυσαο</span> 
     </span>
    </p>
   </div>
   <div class='ocr_carea' id='block_1_104' title="bbox 3136 5020 3401 5071">
    <p class='ocr_par' dir='ltr' id='par_1_104' title="bbox 3136 5020 3401 5071">
     <span class='ocr_line' id='line_1_104' title="bbox 3136 5020 3401 5071; baseline 0.008 -2"><span class='ocrx_word' id='word_1_700' title='bbox 3136 5020 3180 5051; x_wconf 75' lang='grc'><strong>³⁵</strong></span> <span class='ocrx_word' id='word_1_701' title='bbox 3220 5020 3401 5071; x_wconf 87' lang='lat' dir='ltr'><strong>malint</strong></span> 
     </span>
    </p>
   </div>
   <div class='ocr_carea' id='block_1_105' title="bbox 1656 5197 1887 5252">
    <p class='ocr_par' dir='ltr' id='par_1_105' title="bbox 1656 5197 1887 5252">
     <span class='ocr_line' id='line_1_105' title="bbox 1656 5197 1887 5252; baseline 0.004 -1"><span class='ocrx_word' id='word_1_702' title='bbox 1656 5197 1887 5252; x_wconf 65' lang='lat' dir='ltr'><strong>NOTAE.</strong></span> 
     </span>
    </p>
   </div>
   <div class='ocr_carea' id='block_1_106' title="bbox 236 5290 1737 5367">
    <p class='ocr_par' dir='ltr' id='par_1_106' title="bbox 236 5290 1737 5367">
     <span class='ocr_line' id='line_1_106' title="bbox 236 5290 1737 5367; baseline -0.002 -20"><span class='ocrx_word' id='word_1_703' title='bbox 236 5300 356 5367; x_wconf 74' lang='lat'><strong>(79)</strong></span> <span class='ocrx_word' id='word_1_704' title='bbox 391 5298 541 5364; x_wconf 89' lang='lat' dir='ltr'><strong>Quod</strong></span> <span class='ocrx_word' id='word_1_705' title='bbox 563 5296 769 5364; x_wconf 85' lang='lat' dir='ltr'><strong>putavit</strong></span> <span class='ocrx_word' id='word_1_706' title='bbox 796 5294 992 5362; x_wconf 74' lang='lat' dir='ltr'><strong>Georg.</strong></span> <span class='ocrx_word' id='word_1_707' title='bbox 1016 5293 1278 5367; x_wconf 61' lang='lat' dir='ltr'><strong>Alexand.</strong></span> <span class='ocrx_word' id='word_1_708' title='bbox 1312 5292 1433 5367; x_wconf 77' lang='lat' dir='ltr'><strong>cod.</strong></span> <span class='ocrx_word' id='word_1_709' title='bbox 1458 5292 1526 5346; x_wconf 88' lang='lat'><strong>96</strong></span> <span class='ocrx_word' id='word_1_710' title='bbox 1547 5308 1610 5344; x_wconf 83' lang='lat' dir='ltr'><strong>ex</strong></span> <span class='ocrx_word' id='word_1_711' title='bbox 1639 5290 1737 5344; x_wconf 89' lang='lat' dir='ltr'><strong>So-</strong></span> 
     </span>
    </p>
   </div>
   <div class='ocr_carea' id='block_1_107' title="bbox 159 5361 1738 5435">
    <p class='ocr_par' dir='ltr' id='par_1_107' title="bbox 159 5361 1738 5435">
     <span class='ocr_line' id='line_1_107' title="bbox 159 5361 1738 5435; baseline -0.011 -7"><span class='ocrx_word' id='word_1_712' title='bbox 159 5361 306 5428; x_wconf 67' lang='lat' dir='ltr'><strong>crat.</strong></span> <span class='ocrx_word' id='word_1_713' title='bbox 342 5361 440 5421; x_wconf 44' lang='lat' dir='ltr'><strong>lib‘.</strong></span> <span class='ocrx_word' id='word_1_714' title='bbox 476 5361 704 5435; x_wconf 50' lang='grc' dir='ltr'>νιξειψ.</span> <span class='ocrx_word' id='word_1_715' title='bbox 734 5368 787 5427; x_wconf 83' lang='grc'>5,</span> <span class='ocrx_word' id='word_1_716' title='bbox 811 5377 865 5418; x_wconf 89' lang='lat' dir='ltr'><strong>et</strong></span> <span class='ocrx_word' id='word_1_717' title='bbox 892 5366 998 5418; x_wconf 90' lang='lat' dir='ltr'><strong>alii.</strong></span> <span class='ocrx_word' id='word_1_718' title='bbox 1033 5366 1165 5418; x_wconf 78' lang='lat' dir='ltr'><strong>Citm</strong></span> <span class='ocrx_word' id='word_1_719' title='bbox 1198 5361 1390 5416; x_wconf 70' lang='lat' dir='ltr'><strong>Plautio</strong></span> <span class='ocrx_word' id='word_1_720' title='bbox 1420 5374 1595 5416; x_wconf 86' lang='lat' dir='ltr'><strong>tamen</strong></span> <span class='ocrx_word' id='word_1_721' title='bbox 1619 5378 1738 5416; x_wconf 88' lang='lat' dir='ltr'><strong>sen-</strong></span> 
     </span>
    </p>
   </div>
   <div class='ocr_carea' id='block_1_108' title="bbox 164 5435 1737 5496">
    <p class='ocr_par' dir='ltr' id='par_1_108' title="bbox 164 5435 1737 5496">
     <span class='ocr_line' id='line_1_108' title="bbox 164 5435 1737 5496; baseline -0.008 0"><span class='ocrx_word' id='word_1_722' title='bbox 164 5447 227 5496; x_wconf 89' lang='lat' dir='ltr'><strong>tit</strong></span> <span class='ocrx_word' id='word_1_723' title='bbox 264 5440 463 5494; x_wconf 84' lang='lat' dir='ltr'><strong>Suidas</strong></span> <span class='ocrx_word' id='word_1_724' title='bbox 512 5437 721 5491; x_wconf 85' lang='lat' dir='ltr'><strong>calamo</strong></span> <span class='ocrx_word' id='word_1_725' title='bbox 763 5449 1014 5488; x_wconf 76' lang='lat' dir='ltr'><strong>exaratus</strong></span> <span class='ocrx_word' id='word_1_726' title='bbox 1042 5435 1389 5487; x_wconf 65' lang='lat' dir='ltr'><strong>Bibliotheca!</strong></span> <span class='ocrx_word' id='word_1_727' title='bbox 1421 5445 1615 5485; x_wconf 70' lang='lat' dir='ltr'><strong>nostrae</strong></span> <span class='ocrx_word' id='word_1_728' title='bbox 1649 5447 1737 5485; x_wconf 88' lang='lat' dir='ltr'><strong>so-</strong></span> 
     </span>
    </p>
   </div>
   <div class='ocr_carea' id='block_1_109' title="bbox 159 5502 1728 5575">
    <p class='ocr_par' dir='ltr' id='par_1_109' title="bbox 159 5502 1728 5575">
     <span class='ocr_line' id='line_1_109' title="bbox 159 5502 1728 5575; baseline -0.008 -9"><span class='ocrx_word' id='word_1_729' title='bbox 159 5517 295 5566; x_wconf 78' lang='lat' dir='ltr'><strong>ciet.</strong></span> <span class='ocrx_word' id='word_1_730' title='bbox 331 5513 596 5575; x_wconf 84' lang='lat' dir='ltr'><strong>Antucrp.</strong></span> <span class='ocrx_word' id='word_1_731' title='bbox 618 5508 814 5561; x_wconf 78' lang='lat' dir='ltr'><strong>Verum</strong></span> <span class='ocrx_word' id='word_1_732' title='bbox 852 5507 911 5559; x_wconf 86' lang='lat' dir='ltr'><strong>D.</strong></span> <span class='ocrx_word' id='word_1_733' title='bbox 944 5507 1139 5558; x_wconf 84' lang='lat' dir='ltr'><strong>Baron.</strong></span> <span class='ocrx_word' id='word_1_734' title='bbox 1162 5506 1309 5556; x_wconf 85' lang='lat' dir='ltr'><strong>card.</strong></span> <span class='ocrx_word' id='word_1_735' title='bbox 1344 5513 1381 5557; x_wconf 85' lang='grc' dir='ltr'>ι.</span> <span class='ocrx_word' id='word_1_736' title='bbox 1424 5502 1506 5554; x_wconf 78' lang='grc' dir='ltr'>ιν.</span> <span class='ocrx_word' id='word_1_737' title='bbox 1539 5502 1728 5575; x_wconf 61' lang='lat' dir='ltr'><strong>Annal.</strong></span> 
     </span>
    </p>
   </div>
   <div class='ocr_carea' id='block_1_110' title="bbox 162 5573 1730 5641">
    <p class='ocr_par' dir='ltr' id='par_1_110' title="bbox 162 5573 1730 5641">
     <span class='ocr_line' id='line_1_110' title="bbox 162 5573 1730 5641; baseline -0.009 -5"><span class='ocrx_word' id='word_1_738' title='bbox 162 5584 321 5640; x_wconf 69' lang='lat' dir='ltr'><strong>Eccl.</strong></span> <span class='ocrx_word' id='word_1_739' title='bbox 355 5582 422 5633; x_wconf 84' lang='lat' dir='ltr'><strong>ad</strong></span> <span class='ocrx_word' id='word_1_740' title='bbox 464 5573 593 5630; x_wconf 81' lang='lat' dir='ltr'><strong>ann.</strong></span> <span class='ocrx_word' id='word_1_741' title='bbox 643 5578 845 5631; x_wconf 85' lang='lat' dir='ltr'><strong>Christi</strong></span> <span class='ocrx_word' id='word_1_742' title='bbox 874 5576 979 5631; x_wconf 73' lang='grc'><strong>’582</strong></span> <span class='ocrx_word' id='word_1_743' title='bbox 1008 5576 1225 5627; x_wconf 88' lang='lat' dir='ltr'><strong>tertium</strong></span> <span class='ocrx_word' id='word_1_744' title='bbox 1259 5579 1545 5641; x_wconf 84' lang='lat' dir='ltr'><strong>quemdam</strong></span> <span class='ocrx_word' id='word_1_745' title='bbox 1579 5573 1730 5624; x_wconf 71' lang='lat' dir='ltr'><strong>Basi-</strong></span> 
     </span>
    </p>
   </div>
   <div class='ocr_carea' id='block_1_111' title="bbox 162 5642 1733 5718">
    <p class='ocr_par' dir='ltr' id='par_1_111' title="bbox 162 5642 1733 5718">
     <span class='ocr_line' id='line_1_111' title="bbox 162 5642 1733 5718; baseline -0.007 -12"><span class='ocrx_word' id='word_1_746' title='bbox 162 5661 302 5706; x_wconf 83' lang='lat' dir='ltr'><strong>lium</strong></span> <span class='ocrx_word' id='word_1_747' title='bbox 343 5652 555 5718; x_wconf 63' lang='lat' dir='ltr'><strong>qumrit.</strong></span> <span class='ocrx_word' id='word_1_748' title='bbox 584 5648 714 5718; x_wconf 83' lang='lat' dir='ltr'><strong>Vide</strong></span> <span class='ocrx_word' id='word_1_749' title='bbox 748 5663 865 5718; x_wconf 67' lang='lat' dir='ltr'><strong>qua:</strong></span> <span class='ocrx_word' id='word_1_750' title='bbox 896 5647 1101 5718; x_wconf 78' lang='lat' dir='ltr'><strong>notavit</strong></span> <span class='ocrx_word' id='word_1_751' title='bbox 1134 5656 1315 5697; x_wconf 84' lang='lat' dir='ltr'><strong>noster</strong></span> <span class='ocrx_word' id='word_1_752' title='bbox 1338 5642 1733 5718; x_wconf 45' lang='lat' dir='ltr'><strong>Claud._‘0aus-</strong></span> 
     </span>
    </p>
   </div>
   <div class='ocr_carea' id='block_1_112' title="bbox 163 5712 1732 5789">
    <p class='ocr_par' dir='ltr' id='par_1_112' title="bbox 163 5712 1732 5789">
     <span class='ocr_line' id='line_1_112' title="bbox 163 5712 1732 5789; baseline -0.006 -17"><span class='ocrx_word' id='word_1_753' title='bbox 163 5712 460 5789; x_wconf 48' lang='lat' dir='ltr'><strong>queius&#39;ad</strong></span> <span class='ocrx_word' id='word_1_754' title='bbox 493 5719 632 5779; x_wconf 85' lang='lat' dir='ltr'><strong>beati</strong></span> <span class='ocrx_word' id='word_1_755' title='bbox 671 5712 853 5770; x_wconf 85' lang='lat' dir='ltr'><strong>Basilii</strong></span> <span class='ocrx_word' id='word_1_756' title='bbox 898 5715 1109 5769; x_wconf 83' lang='lat' dir='ltr'><strong>Seleuc.</strong></span> <span class='ocrx_word' id='word_1_757' title='bbox 1160 5729 1296 5783; x_wconf 86' lang='lat' dir='ltr'><strong>quas</strong></span> <span class='ocrx_word' id='word_1_758' title='bbox 1324 5716 1477 5766; x_wconf 79' lang='lat' dir='ltr'><strong>vertit</strong></span> <span class='ocrx_word' id='word_1_759' title='bbox 1518 5712 1732 5765; x_wconf 85' lang='lat' dir='ltr'><strong>Oratio-</strong></span> 
     </span>
    </p>
   </div>
   <div class='ocr_carea' id='block_1_113' title="bbox 160 5802 505 5851">
    <p class='ocr_par' dir='ltr' id='par_1_113' title="bbox 160 5802 505 5851">
     <span class='ocr_line' id='line_1_113' title="bbox 160 5802 505 5851; baseline -0.009 -6"><span class='ocrx_word' id='word_1_760' title='bbox 160 5810 285 5851; x_wconf 79' lang='lat' dir='ltr'><strong>nes,</strong></span> <span class='ocrx_word' id='word_1_761' title='bbox 328 5802 505 5843; x_wconf 87' lang='lat' dir='ltr'><strong>tttttto.</strong></span> 
     </span>
    </p>
   </div>
   <div class='ocr_carea' id='block_1_114' title="bbox 233 5851 1729 5935">
    <p class='ocr_par' dir='ltr' id='par_1_114' title="bbox 233 5851 1729 5935">
     <span class='ocr_line' id='line_1_114' title="bbox 233 5851 1729 5935; baseline -0.005 -18"><span class='ocrx_word' id='word_1_762' title='bbox 233 5864 348 5935; x_wconf 86' lang='lat'><strong>(80)</strong></span> <span class='ocrx_word' id='word_1_763' title='bbox 376 5859 744 5929; x_wconf 81' lang='lat' dir='ltr'><strong>Quamobrem</strong></span> <span class='ocrx_word' id='word_1_764' title='bbox 770 5858 1064 5914; x_wconf 86' lang='lat' dir='ltr'><strong>etiamnum</strong></span> <span class='ocrx_word' id='word_1_765' title='bbox 1093 5854 1249 5911; x_wconf 85' lang='lat' dir='ltr'><strong>hodie</strong></span> <span class='ocrx_word' id='word_1_766' title='bbox 1276 5851 1559 5909; x_wconf 80' lang='lat' dir='ltr'><strong>Orationes</strong></span> <span class='ocrx_word' id='word_1_767' title='bbox 1583 5869 1729 5923; x_wconf 86' lang='lat' dir='ltr'><strong>qua:-</strong></span> 
     </span>
    </p>
   </div>
   <div class='ocr_carea' id='block_1_115' title="bbox 1845 5290 3401 5360">
    <p class='ocr_par' dir='ltr' id='par_1_115' title="bbox 1845 5290 3401 5360">
     <span class='ocr_line' id='line_1_115' title="bbox 1845 5290 3401 5360; baseline 0.004 -18"><span class='ocrx_word' id='word_1_768' title='bbox 1845 5293 1973 5344; x_wconf 74' lang='lat' dir='ltr'><strong>dam.</strong></span> <span class='ocrx_word' id='word_1_769' title='bbox 2006 5292 2311 5359; x_wconf 89' lang='lat' dir='ltr'><strong>promiscue</strong></span> <span class='ocrx_word' id='word_1_770' title='bbox 2359 5292 2571 5360; x_wconf 86' lang='lat' dir='ltr'><strong>utrique</strong></span> <span class='ocrx_word' id='word_1_771' title='bbox 2614 5290 2941 5355; x_wconf 89' lang='lat' dir='ltr'><strong>tribuuntur,</strong></span> <span class='ocrx_word' id='word_1_772' title='bbox 2996 5301 3054 5345; x_wconf 92' lang='lat' dir='ltr'><strong>ut</strong></span> <span class='ocrx_word' id='word_1_773' title='bbox 3096 5290 3162 5347; x_wconf 81' lang='lat'><strong>5:)</strong></span> <span class='ocrx_word' id='word_1_774' title='bbox 3197 5309 3258 5347; x_wconf 88' lang='lat' dir='ltr'><strong>ac</strong></span> <span class='ocrx_word' id='word_1_775' title='bbox 3293 5305 3401 5351; x_wconf 91' lang='lat' dir='ltr'><strong>tres</strong></span> 
     </span>
    </p>
   </div>
   <div class='ocr_carea' id='block_1_116' title="bbox 1844 5362 2482 5427">
    <p class='ocr_par' dir='ltr' id='par_1_116' title="bbox 1844 5362 2482 5427">
     <span class='ocr_line' id='line_1_116' title="bbox 1844 5362 2482 5427; baseline -0.002 -13"><span class='ocrx_word' id='word_1_776' title='bbox 1844 5378 1994 5427; x_wconf 90' lang='lat' dir='ltr'><strong>seqq.</strong></span> <span class='ocrx_word' id='word_1_777' title='bbox 2031 5367 2081 5416; x_wconf 91' lang='lat' dir='ltr'><strong>in</strong></span> <span class='ocrx_word' id='word_1_778' title='bbox 2118 5364 2268 5415; x_wconf 90' lang='lat' dir='ltr'><strong>libris</strong></span> <span class='ocrx_word' id='word_1_779' title='bbox 2299 5362 2482 5417; x_wconf 87' lang='lat' dir='ltr'><strong>editis.</strong></span> 
     </span>
    </p>
   </div>
   <div class='ocr_carea' id='block_1_117' title="bbox 1915 5431 3402 5501">
    <p class='ocr_par' dir='ltr' id='par_1_117' title="bbox 1915 5431 3402 5501">
     <span class='ocr_line' id='line_1_117' title="bbox 1915 5431 3402 5501; baseline -0.001 -15"><span class='ocrx_word' id='word_1_780' title='bbox 1915 5434 2023 5501; x_wconf 76' lang='lat'><strong>(81)</strong></span> <span class='ocrx_word' id='word_1_781' title='bbox 2071 5434 2252 5486; x_wconf 70' lang='lat' dir='ltr'><strong>listin</strong></span> <span class='ocrx_word' id='word_1_782' title='bbox 2288 5431 2635 5486; x_wconf 85' lang='lat' dir='ltr'><strong>Bibliotltecis</strong></span> <span class='ocrx_word' id='word_1_783' title='bbox 2666 5432 2778 5485; x_wconf 65' lang='lat' dir='ltr'><strong>haec</strong></span> <span class='ocrx_word' id='word_1_784' title='bbox 2820 5432 2937 5484; x_wconf 78' lang='lat' dir='ltr'><strong>V&#39;ila</strong></span> <span class='ocrx_word' id='word_1_785' title='bbox 2978 5431 3165 5487; x_wconf 75' lang='lat' dir='ltr'><strong>Grzece</strong></span> <span class='ocrx_word' id='word_1_786' title='bbox 3207 5434 3402 5487; x_wconf 84' lang='lat' dir='ltr'><strong>Basilio</strong></span> 
     </span>
    </p>
   </div>
   <div class='ocr_carea' id='block_1_118' title="bbox 1844 5503 3401 5571">
    <p class='ocr_par' dir='ltr' id='par_1_118' title="bbox 1844 5503 3401 5571">
     <span class='ocr_line' id='line_1_118' title="bbox 1844 5503 3401 5571; baseline 0.003 -17"><span class='ocrx_word' id='word_1_787' title='bbox 1844 5504 2121 5568; x_wconf 71' lang='lat' dir='ltr'><strong>ittsrt&#39;ipltt,</strong></span> <span class='ocrx_word' id='word_1_788' title='bbox 2169 5508 2261 5555; x_wconf 82' lang='lat' dir='ltr'><strong>sed</strong></span> <span class='ocrx_word' id='word_1_789' title='bbox 2295 5503 2467 5555; x_wconf 85' lang='lat' dir='ltr'><strong>soluta</strong></span> <span class='ocrx_word' id='word_1_790' title='bbox 2504 5503 2747 5571; x_wconf 80' lang='lat' dir='ltr'><strong>oratione</strong></span> <span class='ocrx_word' id='word_1_791' title='bbox 2786 5517 2888 5553; x_wconf 90' lang='lat' dir='ltr'><strong>non</strong></span> <span class='ocrx_word' id='word_1_792' title='bbox 2926 5515 3093 5555; x_wconf 75' lang='lat' dir='ltr'><strong>metuo</strong></span> <span class='ocrx_word' id='word_1_793' title='bbox 3131 5526 3140 5553; x_wconf 84' lang='lat'><strong>:</strong></span> <span class='ocrx_word' id='word_1_794' title='bbox 3171 5514 3401 5571; x_wconf 75' lang='lat' dir='ltr'><strong>ettetqne</strong></span> 
     </span>
    </p>
   </div>
   <div class='ocr_carea' id='block_1_119' title="bbox 1845 5570 3398 5629">
    <p class='ocr_par' dir='ltr' id='par_1_119' title="bbox 1845 5570 3398 5629">
     <span class='ocr_line' id='line_1_119' title="bbox 1845 5570 3398 5629; baseline 0.001 -5"><span class='ocrx_word' id='word_1_795' title='bbox 1845 5576 1895 5624; x_wconf 88' lang='lat' dir='ltr'><strong>itt</strong></span> <span class='ocrx_word' id='word_1_796' title='bbox 1947 5574 2114 5625; x_wconf 84' lang='lat' dir='ltr'><strong>lucem</strong></span> <span class='ocrx_word' id='word_1_797' title='bbox 2165 5571 2308 5625; x_wconf 76' lang='lat' dir='ltr'><strong>Petr.</strong></span> <span class='ocrx_word' id='word_1_798' title='bbox 2341 5572 2601 5626; x_wconf 80' lang='lat' dir='ltr'><strong>Paulinus</strong></span> <span class='ocrx_word' id='word_1_799' title='bbox 2629 5570 2691 5624; x_wconf 86' lang='lat' dir='ltr'><strong>V.</strong></span> <span class='ocrx_word' id='word_1_800' title='bbox 2723 5573 2798 5626; x_wconf 76' lang='lat' dir='ltr'><strong>Cl.</strong></span> <span class='ocrx_word' id='word_1_801' title='bbox 2848 5572 3011 5625; x_wconf 87' lang='lat' dir='ltr'><strong>Porro</strong></span> <span class='ocrx_word' id='word_1_802' title='bbox 3049 5573 3109 5629; x_wconf 85' lang='lat' dir='ltr'><strong>B.</strong></span> <span class='ocrx_word' id='word_1_803' title='bbox 3146 5570 3398 5627; x_wconf 71' lang='lat' dir='ltr'><strong>Tllet-lam</strong></span> 
     </span>
    </p>
   </div>
   <div class='ocr_carea' id='block_1_120' title="bbox 1840 5645 3399 5708">
    <p class='ocr_par' dir='ltr' id='par_1_120' title="bbox 1840 5645 3399 5708">
     <span class='ocr_line' id='line_1_120' title="bbox 1840 5645 3399 5708; baseline 0.001 -14"><span class='ocrx_word' id='word_1_804' title='bbox 1840 5645 2091 5708; x_wconf 82' lang='lat' dir='ltr'><strong>templum</strong></span> <span class='ocrx_word' id='word_1_805' title='bbox 2122 5645 2372 5696; x_wconf 81' lang='lat' dir='ltr'><strong>habuisse</strong></span> <span class='ocrx_word' id='word_1_806' title='bbox 2424 5645 2635 5696; x_wconf 80' lang='lat' dir='ltr'><strong>celebre</strong></span> <span class='ocrx_word' id='word_1_807' title='bbox 2677 5645 2961 5696; x_wconf 87' lang='lat' dir='ltr'><strong>admodum</strong></span> <span class='ocrx_word' id='word_1_808' title='bbox 2994 5645 3257 5697; x_wconf 77' lang='lat' dir='ltr'><strong>Seleucia:</strong></span> <span class='ocrx_word' id='word_1_809' title='bbox 3320 5655 3399 5696; x_wconf 88' lang='lat' dir='ltr'><strong>te-</strong></span> 
     </span>
    </p>
   </div>
   <div class='ocr_carea' id='block_1_121' title="bbox 1840 5710 3399 5782">
    <p class='ocr_par' dir='ltr' id='par_1_121' title="bbox 1840 5710 3399 5782">
     <span class='ocr_line' id='line_1_121' title="bbox 1840 5710 3399 5782; baseline 0.003 -19"><span class='ocrx_word' id='word_1_810' title='bbox 1840 5723 2012 5764; x_wconf 80' lang='lat' dir='ltr'><strong>statur</strong></span> <span class='ocrx_word' id='word_1_811' title='bbox 2051 5715 2239 5766; x_wconf 83' lang='lat' dir='ltr'><strong>beatus</strong></span> <span class='ocrx_word' id='word_1_812' title='bbox 2263 5713 2484 5782; x_wconf 83' lang='lat' dir='ltr'><strong>Gregor.</strong></span> <span class='ocrx_word' id='word_1_813' title='bbox 2520 5711 2653 5770; x_wconf 81' lang='lat' dir='ltr'><strong>Naz.</strong></span> <span class='ocrx_word' id='word_1_814' title='bbox 2685 5713 2738 5767; x_wconf 87' lang='lat' dir='ltr'><strong>in</strong></span> <span class='ocrx_word' id='word_1_815' title='bbox 2776 5710 2952 5765; x_wconf 84' lang='lat' dir='ltr'><strong>Carm.</strong></span> <span class='ocrx_word' id='word_1_816' title='bbox 2983 5713 3045 5766; x_wconf 80' lang='lat' dir='ltr'><strong>de</strong></span> <span class='ocrx_word' id='word_1_817' title='bbox 3069 5714 3171 5766; x_wconf 82' lang='lat' dir='ltr'><strong>vita</strong></span> <span class='ocrx_word' id='word_1_818' title='bbox 3201 5730 3295 5767; x_wconf 74' lang='lat' dir='ltr'><strong>sua</strong></span> <span class='ocrx_word' id='word_1_819' title='bbox 3344 5724 3399 5768; x_wconf 76' lang='lat' dir='ltr'><strong>et</strong></span> 
     </span>
    </p>
   </div>
   <div class='ocr_carea' id='block_1_122' title="bbox 1838 5782 2632 5851">
    <p class='ocr_par' dir='ltr' id='par_1_122' title="bbox 1838 5782 2632 5851">
     <span class='ocr_line' id='line_1_122' title="bbox 1838 5782 2632 5851; baseline 0 -16"><span class='ocrx_word' id='word_1_820' title='bbox 1838 5782 2127 5851; x_wconf 76' lang='lat' dir='ltr'><strong>Nccpltor.</strong></span> <span class='ocrx_word' id='word_1_821' title='bbox 2160 5784 2253 5838; x_wconf 86' lang='lat' dir='ltr'><strong>lib.</strong></span> <span class='ocrx_word' id='word_1_822' title='bbox 2290 5800 2397 5851; x_wconf 68' lang='lat' dir='ltr'><strong>xw,</strong></span> <span class='ocrx_word' id='word_1_823' title='bbox 2426 5799 2544 5851; x_wconf 84' lang='lat' dir='ltr'><strong>cap.</strong></span> <span class='ocrx_word' id='word_1_824' title='bbox 2579 5782 2632 5835; x_wconf 84' lang='lat'><strong>8.</strong></span> 
     </span>
    </p>
   </div>
  </div>
