4224 6446
801 403 905 465 495

1898 472 1903 479 ,
1952 394 2213 455 PIIOTII
2245 392 2745 452 ΡΛΤΗΙΛΠΟΗᾸΞ
2776 393 2883 453 Ci‘.

3925 398 4037 460 496

804 514 985 586 Cyrilli
1051 511 1277 579 epistola
1334 508 1448 580 [ibi
1504 506 1820 576 legebatur]
1883 522 1947 560 ex
2006 505 2448 564 AlexandrinaA

2367 526 2370 554 ι
2400 509 2448 564 Α
2477 504 2747 565 εὐθύναις.
2782 506 2889 557 Kal
2920 504 2983 574 δὴ
3010 505 3169 574 ἐτέρα
3206 505 3462 575 ἐπιστολὴ
3494 507 3784 575 Κυρίλλου,
3824 510 3901 572 ὡς
3925 510 4035 563 άπὸ

804 605 1010 678 synodo
1036 605 1101 657 ad
1134 602 1444 656 Nestorium
1473 602 1658 665 missa,
1677 615 1796 668 qua:
1817 597 2094 651 duodecim
2121 610 2242 666 eum
2276 612 2366 649 ca-

803 702 973 765 pitum
1005 708 1224 749 errores
1273 692 1528 759 abjurare
1555 690 1798 759 jubebat.
1841 688 2021 742 Tertia
2051 702 2265 755 quoque
2300 688 2366 739 ad

805 789 1076 842 Valerium
1128 787 1436 855 episcopum
1472 784 1732 836 adversus
1775 779 2107 840 Nestorium,
2144 779 2368 846 ejusque

803 886 1071 949 dogmata.
1114 878 1245 931 ltcm
1312 878 1377 930 ad
1428 875 1685 929 Acacium
1734 871 1989 926 Melitiute
2053 871 2366 939 episcolium

803 972 1102 1040 dogmatica
1148 968 1414 1037 epistola,
1484 966 1567 1019 vel
1618 964 1864 1032 apologia
1918 961 2095 1031 potius
2153 960 2368 1013 uniouis

802 1074 967 1131 atque
996 1062 1299 1117 concordiae
1319 1075 1439 1111 cum
1471 1057 1675 1113 Joanne
1694 1056 1993 1109 Antiochia!
2015 1052 2319 1122 patriarcha
2350 1066 2364 1102 :

803 1156 1027 1222 alizeque
1058 1154 1223 1205 variae
1262 1151 1501 1217 ejusdem
1550 1147 1853 1218 argumenti
1901 1146 2112 1209 litterae,
2142 1155 2367 1211 quarum

801 1247 938 1299 bina:
961 1245 1199 1298 divinam
1236 1256 1446 1310 quoque
1474 1239 1704 1293 Nicwnre
1733 1238 1921 1309 synodi
1947 1238 2248 1291 doctrinam
2273 1250 2371 1288 ex-

802 1337 1042 1404 planant.
1083 1333 1138 1386 In
1175 1334 1372 1399 quibus
1407 1331 1624 1400 quidem
1665 1330 1940 1390 omnibus,
1990 1328 2370 1381 contentiusne

800 1435 943 1495 agat,
986 1440 1052 1476 an
1104 1424 1404 1484 remissius,
1443 1419 1716 1488 propriam
1769 1419 1966 1487 ubique
1993 1416 2206 1471 dicendi
2259 1414 2365 1469 fur-

803 1533 943 1569 ntant
976 1526 1143 1569 tenet.

872 1606 1186 1660 Eratethic
1209 1605 1434 1673 epistola
1478 1605 1543 1656 ad
1571 1603 1825 1656 Acacium
1872 1601 2185 1670 episcopum
2235 1597 2363 1667 Scy—

796 1696 1212 1764 thOpolitanutu,
1264 1694 1339 1748 De
1382 1694 1665 1748 emissario
1690 1692 1801 1762 (82)
1831 1706 2015 1760 capro.
2049 1691 2201 1745 Alter
2242 1691 2365 1743 item

800 1789 935 1841 liber
960 1788 1039 1841 sic
1071 1787 1365 1853 inscriptus
1398 1804 1410 1841 :
1445 1784 1697 1840 Scholion
1730 1787 1793 1837 de
1824 1783 2091 1853 Um'gemti
2120 1785 2367 1835 incarna-

800 1881 958 1943 tione,
984 1892 1091 1944 quo
1123 1879 1238 1931 hazc
1264 1877 1377 1931 fere
1408 1888 1784 1945 exponuntur:
1812 1875 1949 1940 Quid
1976 1884 2059 1930 est
2089 1874 2365 1929 Christus?
2393 1854 2437 1912 Β

797 1968 912 2034 Qua
946 1970 1150 2021 ratione
1182 1968 1560 2035 intelligendus
1586 1966 1905 2020 Emmanuel
1931 1967 1954 2019 ‘I
1983 1964 2123 2031 Quid
2166 1975 2249 2018 est
2279 1963 2367 2017 Je-

800 2074 892 2113 sus
925 2059 1216 2112 Christus?
1259 2057 1417 2112 Juxta
1447 2060 1574 2125 quid
1621 2058 1715 2111 Dei
1768 2057 2001 2110 Verbum
2049 2057 2248 2109 dictum
2284 2066 2367 2109 est

802 2151 1002 2203 homo?
1027 2149 1189 2203 Juxta
1226 2150 1354 2217 quid
1380 2162 1698 2203 evacuatum
1731 2164 1851 2202 esse
1890 2149 1981 2202 Dei
2014 2148 2253 2202 Verbum
2281 2147 2366 2201 di-

801 2244 939 2296 citur
964 2243 985 2295 ?
1012 2243 1293 2309 Quomodo
1324 2242 1453 2294 item
1484 2240 1734 2295 Christus
1764 2256 1901 2293 unus
1925 2241 2043 2295 est?
2087 2240 2367 2306 Quomodo

799 2337 957 2389 etiam
984 2350 1121 2388 unus
1151 2344 1234 2388 est
1264 2333 1619 2387 Emmanuel?
1642 2334 1941 2398 Quamnam
1980 2333 2209 2386 dicimus
2246 2347 2368 2385 esse

800 2427 1221 2480 exinanitionem
1256 2424 1406 2493 (83)?
1434 2422 1560 2477 item
1595 2423 1662 2476 de
1693 2423 1863 2492 ignito
1889 2424 2122 2477 carbone
2148 2422 2261 2476 viso
2299 2423 2366 2473 ab

800 2517 936 2571 Isaia
972 2517 1037 2582 “,
1070 2518 1285 2585 aliaque
1316 2526 1598 2584 przcterea,
1626 2515 1712 2569 bis
1750 2526 1924 2568 tamen
1958 2513 2158 2578 allinia,
2188 2513 2367 2581 capita

802 2612 1007 2662 decem.
1045 2605 1404 2675 Permagnam
1434 2619 1560 2659 vero
1590 2604 1894 2673 legentibus
1912 2604 2199 2658 utilitatem
2229 2603 2368 2656 liber

804 2701 891 2753 hic
927 2698 1123 2752 alIerre
1152 2705 1351 2765 potest.

1487 2785 1695 2841 CLXX.

801 2881 1060 2951 Anonymi
1101 2876 1881 2999 TestimoniorumltgeChristo
1906 2893 1933 2931 e
1970 2876 2205 2947 gentium
2229 2875 2365 2929 scri-

1408 2960 1508 2999 vlts
1558 2965 1571 2999 ι
1615 2963 1659 2999 τι
1695 2962 1784 2999 xv.

1408 2960 1508 3015 pus
1536 2960 1659 2999 tum
1695 2962 1784 3001 xv.

876 3110 1071 3179 117a
1119 3108 1245 3176 Legi
1296 3122 1431 3176 opus
1465 3106 1752 3159 multorum
1789 3117 2060 3163 versuum,
2090 3101 2172 3154 vel
2206 3101 2370 3154 libro-

2470 596 2567 663 τῆς
2604 598 2661 646 ἐν
2704 595 3078 666 Ἀλεξανδρείᾳ
3125 597 3343 648 συνόδου
3375 598 3511 666 πρὸς
3544 599 3836 665 Νεστόριον
3895 604 4032 653 ἁπο-

2472 688 2745 746 σταλείσα,
2780 687 2899 753 ἥτις
2922 687 3313 755 ἀναθεματίσαι
3356 689 3514 740 αὑτὸν
3564 690 3712 755 ἠξίου
3759 691 4036 758 ἀναθεμα-

2470 780 2696 847 τισμοὺς
2747 778 2811 845 ιβ’
2860 779 3191 846 κεφαλαίων.
3248 782 3368 832 Ἔτι
3412 781 3466 833 δὲ
3504 781 3598 834 καὶ
3629 783 3792 850 ἐτέρα
3819 784 3860 813 ³¹
3901 787 4036 855 πρὸς

2472 871 2763 940 Οὐαλέριον
2788 871 3083 923 ἐπίσκοπον
3117 872 3256 923 κατᾶ
3283 872 3577 942 Νεστορίου
3613 877 3707 925 καὶ
3735 876 3841 925 τῶν
3871 876 4036 927 αὑτοῦ

2469 958 2752 1028 δογμάτων
2781 978 2793 989 ο
2827 961 2919 1011 xal
2954 962 3091 1030 πρὸς
3130 962 3386 1015 Ἀκάκιον
3414 962 3707 1014 ἐπίσκοπον
3730 964 4039 1032 Μελιτηνῆς

2468 1050 2800 1119 δογματικὴ,
2863 1051 3065 1120 μᾶλλον
3109 1052 3164 1103 δὲ
3220 1042 3515 1119 ἀπολογίαν
3563 1054 3895 1123 περιέχουσα
3940 1056 4038 1123 τῆς

2470 1145 2605 1213 πρὸς
2662 1144 2915 1211 Ἰωάννην
2964 1142 3055 1195 τὸν
3115 1145 3444 1213 Ἀντιοχείας
3474 1146 3717 1207 ἐνώσεως
3766 1146 3859 1198 xal
3914 1150 4042 1215 ὀμο-

2471 1234 2636 1296 νοίας.
2688 1235 2796 1286 Kal
2827 1235 3012 1305 ἕτεραι
3041 1234 3287 1303 διάφοροι
3333 1238 3461 1305 περὶ
3490 1238 3586 1305 τῆς
3613 1237 3783 1304 αὐτῆς
3841 1238 4041 1288 ὑποθέ-

2472 1344 2631 1390 σεως,
2670 1320 2744 1379 ὧν
2771 1328 2828 1379 ἐν
2858 1327 2976 1379 δυσὶ
3012 1328 3106 1380 xal
3136 1329 3197 1378 τὸ
3221 1330 3278 1379 ἐν
3317 1329 3521 1399 Νίκαια
3549 1328 3893 1398 διερμηνεύει
3925 1329 4042 1381 θεό-

2471 1434 2631 1485 σοφον
2666 1418 2914 1486 μάθημα.
2959 1420 3046 1471 Ἐν
3069 1413 3145 1480 οἷς
3181 1419 3351 1471 ἅπασι
3376 1420 3481 1471 τῶν
3508 1420 3723 1471 οίκείων
3745 1420 3923 1486 λόγων
3952 1421 4042 1471 τὸν

2469 1511 2798 1578 χαρακτῆρα
2831 1508 3116 1561 ἐπιτείνων
3146 1509 3176 1576 ἢ
3214 1510 3387 1571 ἀνιεὶς
3425 1510 3572 1578 ὅμως
3598 1511 3970 1577 διαφυλάττει.

2539 1600 2965 1669 Συμπεριείχετο
3018 1600 3073 1652 δὲ
3130 1600 3223 1652 xal
3254 1602 3285 1666 ἠ
3322 1601 3457 1669 πρὸς
3498 1602 3753 1653 Ἀκάκιον
3810 1604 4039 1657 ἐπίσκο-

2469 1708 2571 1743 πον
2597 1692 2983 1753 Σκυθοπόλεως
3015 1692 3144 1761 περὶ
3196 1690 3290 1743 τοῦ
3336 1692 3745 1761 άποπομπαίου.
3798 1696 3910 1746 Καὶ
3962 1696 4042 1748 ἔτι

2472 1784 2655 1853 ἕτερος
2697 1784 2872 1851 λόγος,
2911 1784 3347 1854 ἐπιγραφόμενος
3377 1800 3393 1815 ·
3419 1802 3437 1835 ι
3478 1785 3671 1854 Σχόλια
3689 1787 3732 1817 ³³
3766 1788 3895 1855 περὶ
3941 1788 4043 1855 τῆς

2465 1875 2925 1946 ὲνανθρωπήσεως
2946 1875 3039 1927 τοῦ
3066 1875 3421 1941 Μονογενοῦς,
3457 1895 3475 1927 ι
3522 1880 3579 1928 ἐν
3632 1871 3677 1942 ᾧ
3713 1877 4041 1943 διασαφοῦν-

2466 1984 2551 2019 ται
2580 1967 2626 1997 ³³
2656 1966 2863 2019 ταῦτα·
2900 1967 2964 2019 Τί
2993 1970 3110 2021 ἐστι
3152 1968 3385 2037 Χριστός
3413 1987 3427 2033 ;
3459 1968 3575 2020 τίνα
3630 1986 3687 2021 τε
3742 1971 3787 2000 ³⁸
3839 1972 4041 2038 τρόπον

2468 2060 2730 2126 προσήκει
2776 2058 3093 2111 νοεῖσθαιτὸ
3129 2059 3476 2129 Ἐμμανουήλ
3499 2077 3513 2125 ;
3536 2060 3641 2113 Kal
3668 2061 3720 2112 τί
3753 2063 3901 2114 ἐστιν
3940 2063 4042 2130 Ἰη-

2470 2149 2593 2211 σοῦς
2624 2151 2667 2181 ³⁵
2707 2151 2734 2201 6
2767 2150 3039 2220 Χριστός;
3077 2150 3168 2203 xal
3200 2150 3342 2203 κατὰ
3390 2154 3442 2204 τί
3494 2153 3707 2222 εἴρηται
3752 2152 4039 2221 ἄνθρωπος

2466 2244 2492 2293 ὁ
2519 2241 2611 2293 τοῦ
2640 2240 2775 2293 Θεοῦ
2812 2242 2982 2307 Λόγος
3009 2258 3024 2308 ;
3052 2239 3183 2293 Εἶτα
3206 2243 3348 2295 κατὰ
3375 2244 3425 2295 τί
3458 2245 3791 2298 κεκενῶσθαι
3819 2245 4039 2313 λέγεται

2466 2333 2494 2383 6
2519 2331 2609 2384 τοῦ
2640 2331 2775 2384 Θεοῦ
2812 2334 3016 2399 Λόγος;
3047 2334 3154 2385 Kal
3192 2334 3307 2395 πῶς
3341 2329 3419 2397 εἷς
3452 2338 3479 2387 6
3508 2336 3760 2405 Χριστὸς,
3796 2337 3894 2388 xal
3923 2338 4039 2399 πῶς

2468 2419 2544 2486 εἷς
2580 2425 2608 2475 6
2651 2423 3027 2495 Ἐμμανουήλ;
3061 2427 3167 2478 Kal
3192 2427 3311 2479 τίνα
3334 2427 3561 2497 λέγομεν
3602 2424 3741 2480 εἶναι
3771 2430 3869 2498 τὴν
3904 2431 4036 2482 ἓνιυ·

2471 2537 2553 2570 σιν
2586 2518 2675 2583 ³⁶;
2728 2520 2815 2570 καὶ
2853 2520 2979 2588 περὶ
3015 2519 3108 2571 τοῦ
3167 2519 3435 2589 ἄνθρακος
3484 2522 3542 2573 ὃν
3593 2519 3729 2574 εἶδεν
3787 2521 4033 2586 Ἡσαΐας,

2470 2609 2561 2660 καὶ
2590 2609 2752 2678 ἕτερα
2790 2610 3144 2678 παραπλήσια
3172 2608 3381 2674 τούτοις
3411 2611 3440 2663 ι’
3475 2612 3768 2679 κεφάλαια.
3802 2614 3946 2666 Πολὺ
3984 2614 4037 2665 δὲ

2468 2697 2529 2747 τὸ
2550 2700 2818 2766 χρήσιμον
2840 2691 2994 2761 οὗτος
3012 2700 3040 2751 6
3070 2699 3225 2765 λόγος
3255 2700 3393 2768 ἔχει.

3105 2790 3228 2844 PO’.

2483 2879 2914 2945 Ἀνεπιγραφον
2932 2880 3172 2941 βιϐλίον
3192 2881 3262 2933 ἐν
3300 2874 3348 2947 ᾧ
3397 2881 3644 2949 χρήσεις
3688 2883 4020 2945 Ἐλληνικσ

2540 2948 2638 3069 ἔιέὶ
2670 2948 2957 3033 βάρϐαροι
2984 2949 3092 3016 τῆς
3116 2948 3234 3002 τῶν
3260 2948 3625 3017 Χριστιανῶν
3649 2954 3936 3018 πίστεως,
3966 2960 4032 3005 Η·

2618 3035 2741 3083 γοις
2773 3034 2823 3069 ιε
2845 3056 2859 3070 .

2544 3106 2880 3175 Ἀνεγνῶσθη
2934 3107 3137 3175 βιϐλίον
3180 3109 3521 3178 πολύστιχον,
3560 3110 3757 3180 μᾶλλον
3785 3111 3842 3163 δὲ
3878 3110 4038 3162 πολύ-

802 3220 919 3255 ιίιιιι
946 3202 1123 3271 potius
1156 3201 1346 3269 (libros
1390 3197 1530 3251 enim
1549 3195 1854 3265 quindecim
1884 3196 2119 3261 quinque
2148 3192 2371 3245 volumi-
2399 3188 2439 3243 C

2368 3222 2371 3231 ›
2399 3188 2439 3243 C
2474 3193 2674 3255 ϐιϐλον,
2699 3196 2756 3245 ἐν
2784 3195 2963 3262 λόγοις
2999 3198 3097 3264 μὲν
3132 3204 3215 3260 ιε’,
3244 3198 3458 3266 τεύχεσι
3488 3199 3545 3250 δέ
3588 3204 3646 3263 ε’,
3684 3200 3743 3250 ἐν
3776 3194 3859 3262 οἷς
3903 3218 4036 3269 μαρ-

806 3294 961 3346 nibus
991 3290 1352 3357 continebat),
1381 3287 1434 3340 in
1461 3287 1659 3355 quibus
1689 3283 2018 3344 testimonia,
2046 3283 2268 3350 locaque
2292 3282 2371 3335 in-

807 3395 1077 3451 tegrorum
1106 3380 1269 3433 etiam
1298 3378 1578 3441 librorum,
1619 3392 1721 3429 non
1762 3374 1919 3428 modo
1944 3373 2130 3428 Graeca
2184 3388 2370 3426 verum

804 3473 967 3525 etiam
1018 3469 1271 3533 Persica,
1314 3468 1573 3520 Thracica
1596 3505 1611 3531 ,
1664 3463 1913 3535 Egyptia
1942 3502 1957 3526 ,
2000 3463 2326 3532 Babylonica
2356 3502 2370 3525 ,

804 3560 1119 3625 Cbaldaica,
1159 3559 1289 3626 quin
1320 3566 1374 3610 et
1403 3555 1614 3620 italica,
1639 3570 1703 3607 ex
1740 3555 1808 3607 iis
1843 3555 1935 3622 qui
1962 3552 2103 3619 apud
2131 3551 2371 3617 singulas

806 3653 997 3703 harum
1050 3649 1289 3718 gentium
1340 3646 1589 3699 doctrina
1643 3641 1779 3696 clari
1831 3642 2209 3694 haberentur:
2254 3654 2373 3706 quze

800 3736 1019 3805 quidem
1055 3736 1145 3789 hic
1178 3734 1411 3802 scriptor
1451 3747 1671 3797 sanetae,
1723 3728 1931 3784 caelesti
1989 3738 2147 3797 atque
2177 3729 2372 3782 divina:

802 3826 1239 3882 Christianorum
1281 3823 1527 3893 religioni
1572 3836 1678 3876 non
1716 3819 1927 3875 inutilia
1983 3833 2105 3875 esse
2143 3830 2373 3874 conatur

804 3920 1113 3972 ostendere.
1155 3915 1469 3984 Cuiusmodi
1508 3912 1685 3975 affert,
1725 3912 1795 3966 de
1840 3914 1955 3981 ipsa
2002 3926 2216 3981 quoque
2245 3926 2369 3964 san-

802 4009 1044 4063 ctissima
1077 4016 1133 4061 et
1172 4004 1616 4060 consubstantiali
1659 4001 1930 4057 Trinitate
1953 4020 1968 4069 ;
1990 3990 2267 4069 quomodo
2292 4000 2374 4054 ni-

805 4102 1003 4153 mirum
1047 4113 1143 4167 per
1187 4097 1405 4151 eosdem
1467 4095 1592 4149 illos
1626 4094 1949 4163 praedicetur
1991 4104 2152 4162 atque
2205 4107 2374 4145 enun-

807 4190 992 4242 tietur.
1026 4186 1155 4239 Item
1185 4187 1251 4239 de
1295 4182 1457 4238 Verbi
1495 4188 1546 4237 in
1596 4198 1759 4237 carne
1794 4184 2049 4244 adventu,
2095 4182 2373 4250 signisque

806 4281 1021 4345 divinis,
1056 4290 1111 4333 et
1143 4280 1210 4331 de
1250 4292 1434 4339 cruce,
1478 4274 1809 4330 cruciatibus
1846 4290 1910 4327 ac
1956 4273 2229 4342 sepultura
2260 4315 2276 4338 ,
2309 4274 2374 4328 de

807 4371 1225 4430 resurrectione,
1276 4378 1439 4434 atque
1480 4367 1817 4431 ascensione,
1852 4374 1907 4420 et
1938 4365 2003 4418 de
2041 4365 2366 4417 sanctissimi

807 4461 1044 4532 Spiritus
1074 4458 1260 4527 ignitis
1308 4457 1505 4525 linguis
1549 4457 1601 4509 in
1655 4456 1951 4524 discipulos
2003 4454 2366 4521 inexplicabili

808 4555 965 4606 modo
1005 4550 1420 4618 superveniente
1472 4548 1641 4614 gratia
1683 4562 1782 4600 nec
1828 4562 1933 4599 non
1983 4546 2048 4598 de
2088 4546 2371 4599 tremendo

807 4643 1009 4698 Christi
1057 4640 1267 4693 Domini
1323 4640 1489 4691 nostri
1528 4638 1765 4692 secundo
1814 4638 2087 4702 adventu,
2144 4644 2376 4689 mortuo-

809 4747 1033 4803 rumque
1053 4730 1452 4786 resurrectione
1480 4744 1542 4782 ac
1585 4729 1817 4796 judicio,
1852 4737 1904 4781 et
1938 4729 2376 4781 remuneratione

809 4839 993 4880 eorum
1030 4839 1147 4891 quae
1196 4822 1248 4875 in
1298 4821 1410 4873 vita
1450 4822 1679 4888 quisque
1730 4819 1985 4889 gesserit.
2032 4820 2111 4871 Ad
2152 4819 2266 4873 hazc
2313 4821 2376 4872 de

2469 3284 2647 3353 τυρίαι
2685 3284 2845 3353 δῆθεν
2888 3288 2983 3339 καὶ
3030 3289 3256 3357 χρήσεις
3320 3290 3629 3360 ὁλοκλήρων
3686 3292 3884 3358 λόγων,
3942 3295 4036 3362 οὐχ

2482 3376 2787 3445 Ἑλληνικαὶ
2845 3380 3039 3447 μόναι,
3092 3382 3224 3433 ἀλλὰ
3258 3382 3346 3433 xal
3384 3384 3649 3452 Περσικαὶ
3680 3386 3773 3436 xal
3811 3386 4037 3457 Θράκιοι

2470 3466 2564 3517 xal
2601 3467 2891 3534 Αἰγύπτιοι
2945 3472 3039 3523 καὶ
3088 3471 3500 3527 Βαϐυλωνιακαὶ
3524 3477 3564 3507 ³⁷
3617 3478 3711 3529 καὶ
3738 3478 4038 3529 Χαλδαῖκαὶ

2472 3551 2566 3602 xal
2590 3552 2652 3621 δὴ
2694 3554 2789 3604 καὶ
2840 3556 3030 3608 Ἰταλοὶ
3059 3559 3120 3609 ἐκ
3148 3558 3255 3611 τῶν
3296 3562 3425 3631 παρ’
3457 3564 3707 3626 ἑκάστοις
3736 3562 4039 3618 δοκούντων

2470 3640 2665 3708 λογίων
2699 3646 3176 3715 κατεστρώθησαν,
3216 3647 3278 3709 ἂς
3303 3651 3330 3702 6
3363 3653 3712 3721 συγγραφεὺς
3767 3671 4041 3725 συμφερο-

2476 3732 2638 3801 μένας
2666 3739 2921 3805 πειρᾶται
2951 3737 3215 3790 δεικνύειν
3246 3742 3309 3809 τῇ
3332 3740 3438 3793 τῶν
3468 3746 3812 3813 Χριστιανῶν
3844 3747 4039 3816 ἀχράν·

2470 3840 2550 3893 τῳ
2595 3825 2690 3877 xal
2717 3828 2989 3895 ὑπερφυεῖ
3042 3829 3134 3881 καὶ
3191 3829 3448 3904 θειοτάτῃ
3480 3833 3767 3906 θρησκείᾳ,
3808 3838 3943 3904 περί
3980 3857 4036 3890 τε

2472 3917 2640 3986 αὐτῆς
2669 3917 2764 3987 τῆς
2784 3918 3107 3989 ὑπερουσίου
3139 3923 3232 3973 xal
3248 3924 3533 3991 ὀμοουσίου
3560 3928 3809 3997 Τριάδος,
3842 3930 3921 3992 ὡς
3948 3931 4037 3981 xal

2474 4008 2562 4060 ὑπ’
2586 4010 2808 4062 ἐκείνων
2836 4011 3163 4081 κηρύττεται
3202 4013 3292 4064 καὶ
3320 4014 3766 4081 καταγγέλλεται,
3818 4018 3950 4087 περί
3982 4035 4037 4071 τε

2472 4102 2568 4167 τῆς
2594 4102 2651 4151 ἐν
2683 4103 2846 4171 σαρκὶ
2892 4102 2988 4154 τοῦ
3033 4103 3207 4171 Λόγου
3242 4107 3565 4175 παρουσίας,
3592 4107 3701 4159 τῶν
3749 4126 3808 4160 τε
3844 4110 4036 4179 0:031;-

2475 4189 2643 4256 μειῶν
2670 4190 2871 4242 καὶτοῦ
2893 4191 3124 4261 σταυροῦ
3148 4192 3243 4245 xal
3264 4194 3357 4246 τοῦ
3384 4195 3586 4258 πάθους
3614 4199 3704 4249 xal
3736 4200 3838 4267 τῆς
3859 4205 4037 4270 ταφῆς

2474 4278 2567 4329 xal
2602 4280 2699 4347 τῆς
2737 4280 3082 4344 ἀναστάσεως
3114 4285 3212 4351 τῆς
3243 4300 3301 4334 τε
3355 4284 3669 4356 ἀναλήψεως
3692 4290 3787 4340 xal
3816 4291 3920 4359 τῆς
3946 4293 4035 4346 τοῦ

2473 4370 2738 4435 παναγίου
2774 4370 3086 4439 Πνεύματος
3117 4373 3369 4442 πυρίναις
3400 4375 3670 4441 γλώσσαις
3696 4380 4035 4451 ἐπιχορηγη-

2475 4460 2657 4527 Οείσης
2685 4463 2794 4522 τοῖς
2820 4460 3085 4529 μαθηταῖς
3123 4463 3258 4531 ὑπὲρ
3292 4464 3448 4531 λόγον
3480 4467 3719 4536 χάριτος,
3744 4472 3839 4521 xal
3861 4471 3927 4541 δὴ
3949 4474 4038 4525 καὶ

2474 4553 2571 4619 τῆς
2603 4550 2837 4619 φοϐερᾶς
2866 4552 3101 4620 Χριστοῦ
3134 4552 3225 4604 τοῦ
3263 4554 3395 4607 Θεοῦ
3426 4558 3578 4625 ἡμῶν
3606 4558 3864 4628 δευτέρας
3897 4582 4035 4632 παρ-

2470 4642 2655 4702 ουσίας
2680 4644 2770 4692 καὶ
2802 4642 2902 4709 τῆς
2924 4643 3031 4693 τῶν
3077 4644 3285 4714 νεκρῶν
3317 4646 3664 4709 ἀναϐιώσεως
3689 4652 3783 4702 xal
3807 4654 4039 4720 κρίσεως

2475 4730 2569 4781 xal
2589 4728 2821 4797 ἀμοιϐῆς
2840 4723 2912 4780 ὧν
2944 4730 3169 4792 ἕκαστος
3203 4732 3260 4783 ἐν
3317 4732 3415 4801 βίῳ
3442 4734 3787 4804 διεπράξατο.
3837 4740 3915 4790 Οὐ
3945 4742 4037 4808 μό-

2476 4837 2563 4872 νον
2580 4820 2633 4871 δὲ
2658 4819 2792 4871 άλλὰ
2814 4821 2907 4872 καὶ
2938 4822 3065 4890 περὶ
3098 4821 3140 4852 ³⁸
3165 4823 3263 4889 τῆς
3312 4824 3405 4875 τοῦ
3441 4826 3639 4887 παντὸς
3677 4826 4037 4897 δημιουργίας

810 4915 1050 4970 universi
1082 4914 1307 4977 fabrica,
1328 4913 1392 4966 de
1419 4911 1781 4979 providentia,
1809 4912 1873 4964 de
1904 4911 2177 4977 paradiso,
2204 4911 2377 4979 deque

2371 4927 2377 4961 ι
2478 4912 2569 4964 xal
2606 4911 2882 4979 προνοίας,
2918 4913 3244 4980 παραδείσου
3262 4930 3320 4964 τε
3348 4916 3567 4967 καὶτῶν
3600 4919 3901 4987 συστοίχων
3923 4922 4039 4972 του-

812 5004 1099 5059 similibus.
1142 5003 1281 5069 Quin
1311 5011 1364 5055 et
1410 5001 1476 5054 de
1526 5001 1724 5055 virtute
1761 5000 2187 5055 Christianorum
2247 5016 2373 5070 pro-

813 5096 926 5164 pria
973 5095 1093 5147 etsi
1119 5094 1250 5161 quid
1282 5092 1407 5146 huic
1442 5093 1726 5146 ﬁnitimum
1750 5100 1851 5146 est.
1886 5090 1959 5143 De
1984 5093 2067 5144 his
2121 5092 2373 5146 omnibus

885 5186 928 5215 “
963 5184 1070 5238 lsa.
1109 5199 1184 5249 Vl,
1215 5182 1267 5239 6.

2480 5020 2615 5065 τοις,
2655 5004 2747 5054 xal
2779 5002 2842 5071 δὴ
2892 5004 2985 5054 xal
3012 5004 3137 5072 περὶ
3162 5005 3361 5074 ἀρετῆς
3385 5008 3482 5075 τῆς
3512 5008 3662 5075 παρὰ
3688 5010 4036 5079 Χριστιανοῖῖ

2480 5094 2847 5161 ἀσκουμὲνης,
2872 5096 2963 5143 καὶ
2989 5093 3103 5144 εἴτι
3127 5093 3329 5164 ταύτης
3358 5098 3754 5165 παραπλήσιον,
3771 5103 3901 5169 περὶ
3922 5103 4039 5153 του-

2074 5276 2308 5333 VARle
2350 5275 2754 5332 LECTIONES.

912 5372 951 5402 ³¹
978 5371 1162 5439 ἕτεραι
1189 5371 1551 5437 apographum
1597 5370 1873 5435 Stephani.

817 5440 863 5472 ³⁵
890 5440 973 5511 τε]
1005 5441 1061 5493 δέ
1088 5458 1147 5502 σῖ.
1180 5440 1320 5511 τόᾼΑ
1355 5441 1491 5511 εᾷτόν
1516 5456 1574 5501 ς.

816 5512 910 5563 καί
931 5509 991 5573 ς.
1071 5511 1114 5541 ³⁸
1140 5509 1265 5580 περί
1297 5509 1419 5563 add.
1455 5510 1515 5564 Λ.

1954 5368 1997 5397 ³³
2029 5369 2213 5440 σχόλια
2252 5370 2315 5440 Λ,
2359 5369 2483 5438 σχολ
2510 5386 2522 5398 ·
2575 5370 2635 5431 C,
2662 5370 3028 5437 superscripto
3061 5370 3089 5419 λ
3128 5386 3140 5421 :
3176 5371 3380 5440 σκόλιον
3396 5390 3476 5440 ςε
3532 5374 3575 5405 ⁸³
3600 5373 3944 5440 διασαφεῖται
3983 5394 4037 5438 ς.

1655 5439 1697 5470 ³⁵
1720 5440 1747 5490 6
1776 5440 1896 5491 add.
1940 5453 2019 5506 pr.
2055 5441 2120 5492 A.
2198 5438 2242 5469 ³⁸
2268 5439 2458 5492 ἕνωσιν
2483 5440 2526 5492 A
2552 5458 2563 5492 :
2585 5441 2813 5493 κένωσιν
2849 5440 2889 5494 C
2919 5457 2977 5502 ς.
2999 5438 3245 5511 Ἡσαΐας]
3274 5456 3390 5512 cup.
3418 5439 3503 5507 Vl,
3535 5442 3587 5496 6.
3665 5444 3705 5475 ³⁷
3745 5438 4039 5499 Βαϐυλωνι-

2283 5598 2513 5655 ΝΟΤᾸΕ.

888 5694 1000 5771 (βξ)
1035 5694 1203 5771 Cujus
1235 5694 1455 5771 emissio
1482 5705 1642 5763 atque
1676 5697 2011 5751 caeremoniae
2035 5696 2209 5753 Levit.
2252 5713 2338 5751 xvt
2382 5705 2715 5771 prtescripta.

890 5765 1001 5833 (83)
1026 5765 1111 5817 Al.
1156 5763 1435 5819 Unionem.
