4224 6446
104 395 197 457 497

1141 390 1659 452 BIBLIOTIIECA.
1694 418 1764 429 —
1801 394 1963 453 COD.
2022 394 2239 454 CLXX.

3246 392 3352 455 498

109 518 212 551 των
244 500 500 551 ἁπάντων
533 500 578 529 ³⁹
608 497 840 568 Ἕλλησί
863 500 1032 552 τεκαὶ
1066 501 1386 567 Αἰγυπτίοις
1413 502 1507 553 καὶ
1530 502 1677 553 Χαλ-
1709 511 1733 564 Α

1808 503 2032 566 ἱτωοοε,
2076 500 2398 571 ASgyptios,
2441 500 2761 567 Chaldaeos,
2797 512 2851 556 et
2895 516 3033 569 quos
3078 504 3346 556 nominavi

108 593 273 651 5150:;
316 592 411 642 καὶ
457 592 568 650 τοῖς
606 588 1019 658 προειρημένοις
1051 588 1175 659 [581
1216 590 1261 642 R
1385 589 1675 651 πεφιλοσοι

107 682 311 749 φῆσὸαί
365 698 423 732 τε
457 681 549 731 καὶ
585 679 1011 748 διακεκηρῦχθαι
1041 682 1099 731 ὲν
1140 681 1293 743 ἰδίοις
1332 679 1513 733 αὐτῶν
1558 697 1678 731 πει-

114 777 269 843 ρᾶται
323 772 601 824 δεικνύναι
650 770 1096 840 συγγράμμασιν.
1154 773 1227 823 Οὐ
1289 771 1450 841 μόνον
1489 773 1546 824 δὲ
1572 773 1681 825 ἀπὸ

114 866 212 917 τῶν
237 865 549 933 εἰρημένων
576 864 620 895 ⁸ο
642 864 857 933 ἀγείρει
909 864 1002 916 καὶ
1033 862 1312 931 συντίθησι
1338 863 1438 925 τὰς
1475 880 1683 934 μαρτυ-

118 958 254 1027 ρίας,
288 956 428 1007 ἀλλά
452 956 547 1007 καὶ
573 955 680 1007 ἀπὸ
724 954 833 1007 τῶν
855 953 1217 1023 χειμευτικῶν
1237 954 1279 985 ⁸⁸
1313 954 1565 1022 Ζωσίμου
1597 954 1685 1005 λό-

118 1066 222 1115 γων
254 1048 515 1117 (Θηϐαῖος
541 1047 586 1100 δ’
624 1043 690 1117 ἦν
715 1040 870 1109 οὗτος
912 1044 1301 1118 Πανοπολίτης)
1329 1048 1427 1099 οὐκ
1462 1048 1505 1078 ⁸⁸
1540 1049 1687 1116 ἐφεί-

120 1158 241 1193 σατο
266 1140 335 1192 τὰ
362 1140 492 1208 [198
520 1138 613 1209 IL]
668 1140 806 1192 αὐτὰ
848 1140 1312 1203 κατασκευάζειν⁶
1348 1142 1407 1192 ὲν
1458 1134 1538 1203 οἷς
1600 1142 1689 1192 καὶ

128 1228 437 1300 Ἐϐραῖκῶν
484 1229 680 1292 λέξεων
709 1230 754 1261 ⁸³
809 1231 1081 1283 ἐκτίθεται
1122 1230 1423 1300 σημασίας,
1466 1230 1691 1283 καὶτῶν

122 1317 436 1368 ἀποστόλων
466 1318 691 1378 ἕκαστος
720 1316 847 1369 ἔνθα
882 1334 940 1368 τε
976 1316 1022 1347 ⁸⁸
1048 1317 1108 1368 τὸ
1145 1319 1413 1387 σωτήριον
1458 1318 1691 1386 ἐκήρυξε

125 1414 378 1480 μάθημα,
416 1413 510 1463 καὶ
558 1411 615 1463 ἐν
762 1413 911 1480 τόπῳ
957 1411 1064 1463 τῶν
1111 1410 1465 1480 ἀνθρωπίνων
1518 1413 1695 1464 πόνων

122 1504 494 1557 ἀνεπαύσατο.
541 1503 660 1555 Ἐπὶ
681 1504 823 1555 τέλει
849 1504 905 1555 δὲ
934 1502 1041 1555 τῶν
1074 1503 1247 1570 λόγων
1305 1504 1399 1555 κα)⁸
1430 1502 1695 1571 παραίνε-

124 1612 203 1645 σιν
238 1595 380 1645 ἰδίαν
404 1594 786 1657 κατατίθεται,
814 1595 1217 1663 γνωμολογίαις
1249 1610 1309 1645 τε
1338 1594 1447 1646 τῶν
1472 1594 1574 1658 ἔξω
1604 1596 1701 1647 καὶ

126 1687 425 1754 Γραιμκοίς
475 1686 680 1752 λογίοις
733 1685 939 1754 ταύτην
999 1686 1338 1752 συνυφαίνων
1383 1687 1475 1738 καὶ
1519 1686 1700 1740 διαπι-

128 1779 248 1830 ato-.3
258 1795 427 1846 μενος
448 1794 460 1805 ·
517 1782 573 1831 ἐν
713 1778 946 1848 μάλιστα
977 1778 1038 1830 τὸ
1073 1779 1365 1848 φιλάρετον
1388 1776 1485 1830 τοῦ
1512 1779 1701 1851 ἀνδρὸς

126 1873 216 1923 καὶ
246 1872 311 1923 τὸ
348 1873 432 1935 είς
466 1870 752 1933 εὐσέϐειαν,
777 1872 1094 1941 ἀδιάϐλητον
1124 1872 1274 1925 ἐστιν
1308 1872 1627 1940 ἐπιγνῶναι.

206 1964 272 2015 Ἦ
297 1963 357 2015 δὲ
404 1963 514 2015 τῶν
539 1963 710 2031 λόγων
734 1963 899 2016 αὑτοῦ
928 1964 973 1994 ⁸⁸
1007 1962 1117 2015 ίδέα
1162 1963 1263 2015 οὐκ
1293 1964 1570 2032 ἀφέστηκε
1606 1962 1702 2017 τοῦ

134 2052 269 2120 μηδέ
308 2052 427 2104 ἰδέα
456 2047 594 2104 εἶναι
612 2068 626 2082 ο
665 2052 700 2121 ἦ
738 2069 797 2104 τε
819 2051 927 2122 γὰρ
941 2051 1185 2121 συνθήκη
1216 2054 1274 2105 ἐν
1298 2052 1510 2117 πολλοῖς
1531 2052 1704 2117 οὕτως

133 2145 517 2215 (imitamur,
562 2147 654 2198 καὶ
699 2147 731 2216 ἡ
770 2145 913 2211 λέξις
938 2146 1029 2198 ἐπὶ
1084 2146 1359 2211 τοσοῦτον,
1396 2146 1537 2201 ὥστε
1572 2148 1706 2218 μηδὲ

134 2236 241 2284 τῶν
272 2235 342 2285 ἐκ
388 2236 599 2305 τριόδου
659 2236 917 2305 ῥημάτων
962 2237 1132 2289 ἐνίοτε
1190 2236 1483 2305 φείδεσθαι.
1526 2239 1634 2291 Καὶ.
1680 2240 1708 2290 ό

136 2326 257 2388 νοῦς
280 2326 339 2378 δὲ
380 2327 492 2379 τῶν
524 2329 884 2396 γραφομένων
909 2328 1057 2399 αὐτῷ
1081 2328 1338 2391 πολλάκις
1364 2329 1517 2382 οὐδὲν
1546 2330 1707 2400 ἀμεί-

134 2436 260 2471 νων.
287 2421 403 2471 Καὶ
431 2418 522 2469 τὸν
555 2419 653 2486 μὲν
703 2419 795 2470 τοῦ
836 2420 1025 2488 ἀνδρὸς
1070 2420 1230 2472 πόνον
1271 2422 1365 2473 καὶ⁹
1396 2421 1486 2473 τὸν
1512 2421 1711 2476 σκοπὸν

135 2513 233 2561 οὐκ
266 2512 334 2562 ἄν
358 2527 445 2572 τις
471 2500 825 2579 εὐγνωμονῶν
843 2511 1229 2580 ἐπιμέμφοιτο,
1252 2512 1433 2565 οὐκέτι
1450 2512 1492 2565 δ’
1513 2513 1712 2583 ὁμοίως

138 2605 231 2655 καὶ
282 2604 347 2655 τὸ
381 2604 561 2672 ἔργον.
618 2604 692 2655 Οὐ
732 2604 869 2673 ρητά
900 2605 1005 2671 γὰρ
1064 2605 1221 2674 μόνον
1252 2609 1310 2658 ἐν
1360 2605 1570 2669 πολλοῖς
1620 2609 1714 2661 καὶ

140 2697 407 2755 πολλάκις
438 2695 755 2763 ἀνάρμοστα
781 2697 890 2757 τοῖς
917 2696 1208 2765 ἡμετέροις
1237 2696 1399 2759 θείοις
1452 2697 1715 2767 δόγμασιν

138 2787 483 2858 ἐφαρμόζειν
514 2786 847 2849 ἐκϐιάζεται,
886 2787 1021 2839 ἀλλὰ
1050 2791 1143 2839 καὶ
1204 2787 1405 2857 μύθους
1431 2788 1525 2841 καὶ
1578 2790 1717 2841 ὀνεί-

143 2898 267 2948 ρους
291 2881 427 2941 τοὺς
459 2879 589 2947 παρ’
640 2879 819 2932 αὐτῶν
862 2880 1086 2931 ἐκείνων
1117 2880 1225 2931 τῶν
1248 2880 1514 2933 τεκόντων
1549 2882 1717 2948 γελω-

142 2972 342 3039 μένους
378 2969 466 3035 ἂν,
494 2970 606 3036 εἴγε
638 2972 933 3039 σωιρρονεῖν
972 2970 1212 3039 ἔμελλον.
1266 2970 1321 3023 Ὀ
1354 2971 1411 3023 δὲ
1439 2971 1559 3023 οὐδὲ
1595 2972 1718 3023 τού-

139 3082 268 3126 τους
287 3065 477 3131 λέγειν
512 3066 856 3130 παραιτεῖται
880 3065 946 3131 τῇ
980 3063 1225 3131 ἡμετέρᾳ
1281 3062 1539 3131 θεοσοφίᾳ
1584 3079 1719 3130 συμ-¹

141 3155 440 3223 φέρεσθαι,
499 3154 631 3205 ἀλλὰ
660 3154 754 3205 καὶ
787 3156 1005 3205 σπεύδει
1033 3154 1131 3222 τὴν
1155 3156 1210 3205 ἐν
1248 3156 1358 3215 τοῖς
1389 3154 1578 3222 μύθοις
1627 3154 1717 3206 καὶ

140 3248 382 3317 ὀνείροις
422 3246 710 3299 ἀλλόκοτον
741 3246 948 3298 ἔννοιαν
974 3248 1053 3309 εἰς
1075 3246 1172 3308 τὰς
1204 3246 1426 3315 ἀληθεῖς
1457 3247 1549 3298 καὶ
1600 3247 1717 3298 θεο-

141 3341 381 3408 πρεπείς
414 3338 509 3389 καὶ
542 3337 1013 3406 ἀπαραγράπτους
1064 3337 1156 3388 καὶ
1208 3335 1452 3406 καθαρὰς
1514 3337 1723 3398 ἐννοίας

140 3432 238 3483 τοῦ
271 3430 429 3483 θείου
455 3429 722 3498 δόγματος
774 3428 1120 3482 ἀνατίθεσθαι
1157 3441 1172 3456 ⁶
1208 3427 1267 3492 ἐξ
1297 3422 1372 3480 ὧν
1404 3428 1588 3497 κέρδος
1628 3429 1724 3497 μὲν

141 3524 254 3575 οὐδ’
283 3520 473 3574 ὁτιοῦν
498 3523 562 3590 τῇ
590 3520 863 3590 εὐσεϐείᾳ,
902 3519 1155 3588 ἀφορμὰς
1185 3521 1239 3570 δὲ
1272 3520 1444 3589 λαϐῆς
1476 3521 1597 3572 κατ’
1629 3520 1726 3573 αὑ-

143 3616 243 3683 τῆς
266 3616 385 3675 τοῖς
440 3613 724 3680 φιλαιτίοις
752 3616 852 3664 οὐκ
882 3612 947 3663 ἂν
976 3610 1184 3677 ἀλόγως
1208 3611 1335 3679 δόξῃ
1366 3610 1683 3680 πορίζεσθαι
1709 3651 1724 3675 ,

142 3708 261 3774 εἴγε
305 3707 407 3758 καὶ
433 3704 505 3756 τὰ
551 3704 719 3773 μηδὲν
758 3704 1121 3772 προσήκοντα,
1179 3703 1314 3755 ἀλλὰ
1340 3704 1433 3755 καὶ
1471 3704 1546 3764 ὼς
1576 3702 1727 3753 πλεῖ-

153 3818 285 3853 στον
316 3796 756 3866 άπεμφαίνοντα,
791 3795 1200 3867 ἐπιχειροῦντάς
1224 3813 1373 3858 τινας
1395 3795 1503 3847 τῶν
1530 3795 1729 3864 ἡμετέ-

148 3913 266 3964 ρων
294 3894 484 3958 Ξξουσι
516 3891 778 3944 δεικνύειν
825 3893 903 3952 εἰς
954 3890 1214 3942 σύστασιν
1264 3891 1361 3959 τῆς
1397 3890 1731 3959 ἀπροσδεοῦς

146 3988 247 4038 καὶ
282 3985 459 4055 μόνης
491 3984 739 4051 καθαρᾶς
772 3982 867 4034 καὶ
897 3982 1130 4053 ἀληθοῦς
1156 3983 1413 4051 λατρείας
1450 3982 1629 4051 ἡμῶν,
1665 3982 1734 4033 τὰ

146 4079 387 4130 ἐκείνων
412 4075 834 4144 ἐκϐιαζομένους
874 4076 967 4127 καὶ
1024 4074 1435 4145 ἐπιχειροῦντας
1463 4079 1540 4137 εἰς
1592 4092 1733 4144 συμ-

147 4172 370 4239 φωνίαν
406 4169 582 4236 ἄγειν,
606 4168 639 4221 ἃ
665 4167 823 4221 πλέον
856 4169 992 4238 πρὸς
1015 4169 1081 4220 τὰ
1111 4170 1355 4237 ἡμέτερα
1389 4162 1421 4236 ἢ
1451 4169 1509 4220 τὸ
1544 4169 1735 4231 σκότος

148 4266 300 4333 πρὸς
324 4264 387 4313 τὸ
432 4262 547 4328 φῶς
581 4261 890 4328 διέστηκεν·
923 4261 1087 4311 ὑπέδυ
1126 4260 1182 4312 δὲ
1248 4260 1338 4312 τὸν
1394 4260 1736 4329 πολύμοχθον

144 4346 412 4407 τοῦτονό
453 4352 738 4419 ἅνθρωπος
768 4353 951 4414 πόνον,
980 4351 1053 4412 ὡς
1088 4352 1250 4413 αὐτὸς
1302 4350 1563 4413 πολλάκις
1616 4352 1738 4420 ἐδή-

146 4446 358 4506 λωσεν,
423 4442 511 4493 ἵνα
551 4440 729 4504 δείξας
778 4439 838 4490 τὸ
882 4441 1222 4509 Χριστιανῶν
1266 4440 1441 4509 δόγμα
1471 4441 1528 4493 ἐν
1571 4443 1737 4492 πᾶσιν

1779 602 2004 647 exteros
2051 592 2499 662 pbilosophatos,
2572 593 2868 661 eademque
2926 594 3040 647 suis
3106 596 3347 661 ipsorum

1781 686 2002 755 scriptis
2050 685 2380 755 divulgasse,
2420 686 2706 739 ostendere
2736 686 2943 739 nititur.
2990 685 3178 754 Neque
3220 702 3351 739 vero

1782 778 1975 831 horum
2039 778 2412 831 tantummodo
2472 780 2779 832 testimonia
2831 787 3083 845 congesta
3133 777 3351 838 laudat,

1783 878 1945 939 atque
1993 870 2240 933 advocat,
2274 868 2507 923 sedete
2538 868 2746 938 frigidis
2791 868 2904 937 (84)
2949 867 3151 921 Zosimi
3201 866 3354 921 libris

1787 961 1971 1028 petita.
2006 960 2292 1014 Thebanus
2320 959 2422 1013 fuit
2449 961 2539 1016 hic
2569 959 2911 1027 Panopolita,
2948 961 3039 1029 qui
3070 974 3245 1027 neque
3265 973 3356 1012 ar-

1790 1050 2057 1119 gumentis
2089 1053 2277 1104 eadem
2301 1051 2532 1120 probare
2558 1052 2815 1121 neglexit,
2848 1052 2901 1105 in
2928 1054 3125 1120 quibus
3162 1062 3213 1107 et
3247 1052 3356 1105 ile-

1793 1141 2103 1195 braicarum
2138 1155 2329 1194 vocum
2345 1142 2773 1211 signiﬁcationes
2800 1144 3045 1212 exponit,
3080 1153 3136 1197 et
3165 1145 3360 1212 singuli

1792 1231 2007 1285 ubinam
2062 1230 2299 1285 locorum
2325 1230 2553 1301 apostoli
2583 1231 2880 1285 salutarem
2902 1232 3201 1286 doctrinam
3226 1248 3361 1301 pra:-

1794 1324 2044 1388 dicarint,
2088 1339 2301 1393 quaque
2338 1325 2546 1376 ratione
2595 1323 2846 1377 humanis
2877 1323 3022 1376 curis
3070 1337 3133 1375 ac
3165 1323 3362 1375 labori-

1796 1416 1893 1469 bus
1944 1416 2055 1470 sint
2102 1416 2360 1470 defuncti.
2400 1417 2577 1469 Donec
2605 1417 2668 1468 ad
2716 1415 2872 1468 ﬁnem
2917 1418 3134 1469 tandem
3172 1415 3363 1469 horum

1797 1506 2077 1573 librorum,
2118 1522 2270 1561 suam
2306 1522 2518 1577 quoque
2550 1506 2711 1562 aﬁerl
2734 1507 3176 1568 admonitionem,
3201 1521 3364 1574 quam

1799 1599 2034 1666 gentium
2080 1599 2406 1661 sententiis,
2466 1614 2530 1652 ac
2585 1598 2878 1667 Scriptura:
2940 1598 3079 1651 locis
3124 1598 3367 1650 contexit

1801 1701 1960 1759 atque
1991 1692 2275 1745 conﬁrmat
2308 1709 2322 1745 :
2355 1692 2406 1744 in
2436 1707 2540 1759 qua
2588 1690 2927 1758 potissimum
2959 1689 3193 1743 hominis
3226 1689 3367 1742 illius

1804 1798 1923 1836 cum
1952 1784 2169 1838 virtutis
2192 1783 2450 1846 studium,
2470 1795 2580 1836 tum
2607 1782 2737 1837 nulli
2760 1782 3050 1837 obnoxiam
3080 1781 3364 1835 calumnia:

1805 1875 2055 1945 pietatem
2092 1875 2218 1928 licet
2253 1890 2566 1945 agnoscere.

1873 1967 1956 2022 Ad
2006 1966 2268 2021 orationis
2306 1981 2435 2021 vero
2477 1967 2594 2035 ejus
2626 1966 2801 2019 ideam
2856 1966 2998 2034 quod
3039 1965 3253 2030 attinet,
3307 1978 3367 2016 ei

1808 2059 1951 2114 nulla
1982 2074 2105 2114 esse
2143 2073 2300 2127 posse
2330 2059 2561 2112 videtur.
2600 2058 2733 2111 Nam
2773 2070 2827 2112 et
2851 2060 3170 2125 compositio
3212 2059 3283 2109 ita
3317 2057 3369 2109 ἰι
3405 2086 3408 2093 λ

1808 2151 2078 2221 plerisque
2125 2152 2367 2221 neglecta
2409 2157 2511 2213 est,
2549 2149 2785 2216 ipschue
2827 2150 2959 2201 adeo
2989 2148 3277 2209 dictiones,
3316 2161 3347 2198 ιι

1808 2259 1907 2298 nec
1942 2258 1970 2296 a
1998 2242 2301 2298 trivialibus
2346 2244 2616 2296 interdum
2647 2242 2823 2295 verbis
2847 2241 3116 2293 abstineat
3144 2258 3154 2291 :
3188 2249 3242 2291 et
3281 2252 3373 2291 eo-

1810 2349 1928 2389 rum
1956 2333 2084 2388 item
2125 2349 2243 2402 qua:
2277 2331 2469 2389 scribit
2497 2336 2764 2386 sententia
2782 2332 2951 2387 nihilo
2972 2331 3055 2385 his
3080 2329 3372 2399 aliquando

1812 2424 2003 2479 melior
2036 2426 2237 2479 evadit.
2282 2425 2463 2492 Quare
2520 2425 2617 2478 etsi
2657 2424 2892 2478 laborem
2919 2423 3043 2487 viri,
3080 2422 3269 2491 117i;
3311 2436 3380 2475 ac

1812 2530 2033 2583 scopum
2081 2518 2335 2571 cordatus
2375 2533 2532 2570 nemo
2567 2518 2762 2571 merito
2796 2517 3176 2584 reprehendat,
3204 2516 3377 2583 ipsum

1817 2617 1995 2659 tamen
2024 2621 2160 2673 opus
2196 2621 2299 2659 non
2336 2606 2556 2674 perinde
2587 2620 2645 2659 se
2678 2606 2857 2659 habet.
2897 2603 3011 2656 Non
3042 2603 3214 2656 solum
3235 2600 3377 2654 enim

1815 2696 2153 2751 dissentanea
2194 2710 2335 2765 saepe
2365 2697 2418 2749 in
2461 2696 2642 2749 multis
2676 2697 2817 2749 dicta
2851 2695 3047 2747 divinae
3086 2700 3285 2747 nostra
3313 2692 3380 2745 ii-

1815 2790 1898 2843 dei
1932 2790 2343 2845 accommodare
2378 2788 2601 2852 nititur;
2638 2802 2822 2841 verum
2864 2788 3027 2841 etiam
3074 2785 3286 2840 fabulas
3319 2800 3385 2841 ac

1816 2885 2044 2948 somnia,
2075 2899 2197 2954 qua:
2225 2882 2309 2937 vel
2340 2884 2406 2936 ab
2433 2882 2698 2951 ipsismet,
2734 2883 2823 2949 qui
2851 2880 3205 2948 prodiderunt
3243 2879 3386 2933 scri-

1820 2976 2088 3041 ptoribus,
2117 2976 2161 3029 si
2182 2976 2309 3043 quid
2340 2982 2620 3041 saperent,
2648 2974 2978 3026 irrideantur
3014 2988 3027 3024 :
3057 2984 3177 3039 quae
3201 2978 3380 3022 tamen

1820 3067 1907 3120 ille
1936 3067 2253 3120 Christianae
2298 3076 2495 3120 nostrae
2544 3066 2664 3119 ﬁdei
2707 3065 3012 3119 conducere
3065 3062 3199 3116 adeo
3236 3061 3385 3115 alii-

1824 3174 1969 3212 mare
2000 3174 2107 3212 non
2140 3168 2378 3224 veretur,
2406 3169 2464 3212 ut
2485 3160 2729 3214 studiose
2755 3172 2968 3225 quoque
3004 3154 3309 3209 fabularum
3331 3164 3388 3210 et

1824 3249 2155 3303 somniorum
2210 3250 2443 3303 alienum
2477 3262 2693 3303 sensum
2721 3248 2771 3300 in
2796 3262 2972 3311 veros,
3023 3246 3161 3315 pios,
3193 3258 3388 3315 puros-

1824 3357 1929 3411 que
1957 3355 2022 3395 ac
2063 3342 2305 3395 sinceros
2352 3341 2517 3395 divini
2563 3339 2828 3409 dogmatis
2863 3352 3057 3393 sensus
3098 3338 3387 3392 traducat:

1826 3430 1966 3486 unde
2012 3440 2069 3485 ut
2115 3432 2540 3485 emolumentum
2584 3430 2807 3485 omnino
2848 3428 3053 3482 nullum
3096 3442 3237 3483 vera
3263 3427 3392 3483 reli-

1827 3523 1969 3593 gioni
2009 3521 2271 3584 attulisse,
2306 3522 2377 3575 ita
2413 3521 2736 3575 criminandi
2764 3520 3106 3574 occasionem
3132 3518 3389 3573 cavillan-

1830 3615 1970 3667 tibus
2012 3614 2343 3681 praebuisse,
2390 3630 2495 3666 non
2540 3612 2733 3679 injuria
2785 3612 3052 3665 videatur.
3091 3610 3393 3665 Ostendere

1829 3704 2095 3773 siquidem
2142 3702 2398 3771 deinceps
2428 3713 2613 3772 gentes
2645 3712 2899 3770 poterunt
2933 3718 2965 3756 e
3002 3702 3203 3757 nostris
3226 3718 3392 3772 quos-

1831 3796 1971 3859 dam,
2021 3796 2111 3864 qui
2150 3797 2217 3849 ad
2265 3796 2746 3851 commendandam
2796 3794 3109 3862 religionem
3154 3803 3393 3849 nostrain

1834 3889 1973 3956 (qua:
1997 3888 2109 3940 sola
2136 3902 2270 3955 pura
2298 3899 2382 3942 εει
2418 3904 2481 3941 ac
2526 3902 2674 3950 vera,
2707 3900 2879 3955 neque
2907 3885 3009 3939 ulla
3044 3896 3303 3955 praeterea
3334 3900 3396 3939 re

1832 3992 1965 4045 opus
2000 3977 2181 4042 habet)
2220 3977 2485 4045 ejusmodi
2526 3978 2834 4040 adhibeant,
2872 3992 2991 4044 qua
3024 3976 3158 4029 nihil
3188 3976 3255 4029 ad
3280 3990 3394 4030 rem

1834 4069 2158 4137 pertineant,
2207 4070 2337 4138 quin
2374 4069 2660 4121 maximam
2696 4070 2874 4136 potius
2916 4076 3125 4136 partem
3175 4082 3398 4137 prorsus

1836 4161 2015 4213 aliena
2046 4162 2177 4225 sint,
2211 4160 2334 4228 quia
2363 4176 2447 4213 res
2475 4160 2686 4212 illorum
2713 4159 3007 4213 conciliare
3037 4174 3159 4213 cum
3190 4158 3392 4213 nostris

1838 4260 2123 4315 conentur,
2157 4267 2186 4305 a
2212 4252 2410 4319 quibus
2444 4261 2622 4303 tamen
2657 4249 3027 4311 nihilominus,
3060 4263 3223 4316 quam
3256 4262 3285 4299 a
3313 4247 3397 4300 lu-

1840 4342 1984 4394 mine
2025 4343 2279 4402 tenebrae,
2324 4339 2604 4407 disjuncta:
2654 4341 2783 4391 sint.
2825 4336 3001 4391 Subiit
3029 4352 3159 4390 vero
3203 4337 3291 4389 ille
3313 4336 3402 4389 in-

1838 4442 2047 4501 gentem
2077 4434 2218 4485 hunc
2244 4432 2502 4493 laborem,
2528 4430 2668 4495 quod
2695 4430 2808 4497 ipse
2828 4428 3119 4482 identidem
3150 4437 3401 4488 testatur,

148 4536 344 4587 ἔθνεσι
375 4529 857 4601 προκαταγγελθέν
885 4530 1035 4601 παρά
1056 4529 1163 4583 τῶν
1180 4531 1238 4581 έν
1265 4531 1514 4592 ἑκάστοις
1539 4532 1731 4598 λογίων

1843 4534 1899 4576 ut
1932 4533 2169 4587 ostenso,
2213 4523 2641 4577 Christianorum
2701 4523 2999 4577 doctrinam
3050 4523 3104 4575 in
3153 4521 3403 4575 omnibus

146 4630 251 4681 καὶ
288 4624 824 4695 προκηρυττόμενον,
882 4621 1317 4689 ἀναπολογήτους
1369 4621 1559 4690 ἐλέγξῃ
1606 4622 1733 4684 τοὺς

147 4722 211 4783 ἐξ
269 4716 468 4776 ἐθνῶν,
497 4715 610 4767 ὅσοι
655 4714 730 4783 μὴ
772 4714 848 4783 τῷ
880 4712 1005 4781 θείῳ
1060 4712 1363 4782 προσῆλθον
1394 4713 1730 4783 κηρύγματι.

150 4813 270 4862 Καὶ
294 4815 320 4861 ὁ
390 4809 490 4877 μὲν
527 4808 723 4869 σκοπὸς
759 4806 1058 4870 ἐπαινετὸς,
1095 4807 1194 4857 οὐκ
1220 4805 1325 4857 ἔδει
1372 4805 1428 4856 δὲ
1457 4805 1522 4856 δι’
1562 4800 1636 4857 ὦν
1668 4802 1735 4875 ἦν

150 4902 375 4971 ἄπορόν
401 4918 458 4952 τε
491 4901 583 4952 καὶ
597 4900 878 4962 ἀπίθανον,
911 4898 1045 4953 ἀλλά
1075 4898 1141 4951 δι’
1188 4891 1263 4950 ὧν
1290 4897 1545 4967 ἐνεχώρει
1583 4900 1673 4953 καὶ
1702 4899 1736 4969 ή

150 4998 352 5053 πίστις
379 4991 684 5055 συνείπετο,
715 4989 906 5041 τοῦτον
930 4987 1310 5058 περαίνεσθαι.

1842 4613 2093 4681 gentibus
2119 4613 2533 4679 praenuntiatum
2562 4611 2751 4676 fuisse,
2784 4622 2838 4666 et
2858 4613 2925 4666 ab
2941 4610 3404 4680 eloquentissimis

1840 4704 2143 4773 quibusque
2172 4704 2224 4756 iu
2252 4703 2479 4773 singulis
2508 4703 2818 4758 nationibus
2849 4702 3218 4771 pmdicatam,
3250 4702 3403 4755 inex-

1841 4799 2110 4853 cusabiles
2139 4812 2233 4851 eos
2256 4813 2443 4851 omnes
2471 4800 2609 4849 inter
2657 4805 2844 4865 gentes
2868 4809 2990 4850 esse
3034 4794 3405 4861 convinceret,

1845 4892 1933 4959 qui
1974 4891 2168 4945 divina:
2215 4906 2319 4944 non
2357 4891 2466 4943 sint
2493 4891 2697 4943 assensi
2726 4888 3005 4942 doctrinze.
3045 4885 3147 4952 Qui
3187 4886 3403 4955 quidem

1848 4999 2044 5054 scepus
2076 4984 2371 5039 laudandus
2394 4999 2524 5038 sane
2558 4991 2660 5044 est,
2699 4982 2799 5035 etsi
2829 4996 2932 5034 non
2958 4978 3240 5047 oportebat
3282 4993 3405 5032 eum

149 5104 257 5153 per
286 5085 453 5137 dubia
494 5094 547 5135 et
576 5081 910 5136 incredibilia
939 5081 1155 5145 conﬁci,
1184 5082 1274 5135 sed
1306 5096 1401 5148 per
1431 5095 1492 5133 ca
1525 5089 1732 5133 tantum
1767 5094 1997 5148 quorum
2041 5087 2095 5130 et
2130 5077 2360 5131 facultas
2402 5074 2662 5145 ejusmodi
2725 5084 2891 5139 esset,
2946 5082 3000 5125 et
3048 5087 3167 5141 quae
3246 5070 3407 5125 ﬁdem

152 5176 505 5232 invenirem.

230 5267 315 5319 Τὸ
346 5265 719 5333 μέντοιδνομα
748 5262 840 5317 τοῦ
872 5265 1256 5333 συντεταχότος
1294 5264 1361 5315 τὰ
1386 5264 1550 5332 τεύχη
1580 5265 1740 5333 μέχρι

152 5358 257 5411 νῦν
290 5357 393 5408 οὐκ
422 5354 651 5424 ἔσχομεν
680 5354 876 5407 εἰδέναι
897 5370 910 5382 ο
939 5355 999 5405 οὑ
1029 5354 1137 5422 γὰρ
1167 5353 1455 5422 ἐνεφέρετο
1492 5356 1601 5414 τοῖς
1657 5353 1739 5420 βι-

1918 5261 2047 5326 Ejus
2073 5270 2249 5313 autem
2276 5258 2363 5325 qui
2396 5257 2509 5311 hmc
2531 5252 2798 5309 volumina
2832 5252 3070 5319 collegit,
3097 5264 3289 5303 nomen
3322 5263 3407 5302 co-

1848 5368 2105 5424 gnoscere
2155 5353 2221 5406 ad
2270 5353 2409 5404 hanc
2438 5350 2576 5405 diem
2612 5361 2716 5401 non
2748 5345 2893 5414 potui
2922 5346 3042 5412 (nec
3087 5342 3231 5396 enim
3262 5340 3405 5408 libri,

1432 5466 1667 5520 VAlile
1711 5464 2115 5521 LElITlONES.

232 5562 283 5593 ³⁸
320 5560 544 5611 πάντων
583 5576 643 5623 ς’.
684 5559 729 5588 ⁸⁰
761 5559 1169 5628 προειρημένων
1200 5573 1260 5618 ς.

149 5632 207 5667 ⁸⁵
247 5648 309 5683 τε
345 5632 477 5684 add.
511 5632 573 5685 A.
649 5629 693 5660 ⁸⁸
728 5628 877 5698 αὐτῷ
906 5646 961 5691 ς.

1369 5558 1409 5588 δ’
1438 5557 1777 5629 χυμευτικῶν
1807 5572 1951 5614 corr.
1983 5558 2045 5613 A.

2124 5558 2167 5590 ⁶¹
2192 5559 2288 5612 οὐκ
2322 5560 2365 5612 Α
2390 5576 2403 5615 :
2431 5555 2488 5618 ὃς
2514 5554 2611 5607 οὐκ
2641 5572 2699 5618 ς.
2780 5553 2821 5582 ³³
2854 5551 3049 5615 λέξεων
3090 5547 3137 5599 Α
3181 5564 3195 5599 :
3235 5544 3409 5615 λόγων

1656 5722 1884 5780 ΝΟΤᾸΕ.

237 5817 354 5888 (Si)
388 5814 467 5873 De
499 5814 651 5873 cuius
678 5816 903 5873 historia
941 5816 1095 5873 Phot.
1132 5832 1252 5887 sup.
1290 5816 1410 5875 cod.
1435 5816 1523 5873 88.
