4224 6446
766 408 872 471 499
1914 406 2175 466 ΡΙΙΟΤΙΙ
2216 404 2434 465 PATRI

2343 403 2714 463 ‘RIARCHE
2747 405 2854 463 ΟΡ.
3894 392 4011 455 500

765 527 900 581 quos
936 512 1188 574 vidimus,
1227 510 1278 564 id
1321 512 1738 581 praeferebant);
1776 510 1904 565 illud
1939 521 2167 572 tantum,
2193 510 2336 564 Con—
2365 514 2409 567 Λ

2365 514 2409 567 Λ
2439 509 2625 572 6λίοις,
2663 511 2763 561 ὅσα
2798 508 3031 577 εἴδομεν,
3081 507 3220 576 πλήν
3253 522 3315 573 γε
3341 504 3406 575 δὴ
3450 504 3530 556 ὅτι
3559 505 4012 558 Κωνσταντινοὺ-

768 602 1118 671 ειειηιίηοροιί
1150 618 1208 655 se
1233 618 1355 655 cum
1383 618 1552 657 uxore
1577 618 1640 656 ac
1663 603 1849 656 liberis
1872 618 1936 657 ex
1969 619 2031 656 ea
2069 602 2337 669 susceptis

2440 601 2593 652 πολιν
2616 600 2768 669 ᾤκει,
2789 599 3006 665 γυναικί
3042 617 3101 650 τε
3126 599 3273 666 νόμῳ
3298 598 3475 664 γάμου
3503 596 3730 664 συνῴκει
3766 598 3861 648 καὶ
3885 602 4010 659 τοῖς

770 697 1038 757 habitare,
1098 703 1259 760 atque
1338 700 1458 761 post
1509 692 1739 747 lleraclii
1816 702 2058 762 tempora
2137 692 2338 745 vixisse

2439 694 2495 758 ἐξ
2521 693 2689 759 αὐτῆς
2719 692 2884 743 αὑτοῦ
2908 692 3083 754 παισὶ,
3122 692 3215 741 καὶ
3243 691 3323 741 ὅτι
3352 686 3489 757 μετὰ
3514 688 3640 749 τοὺς
3682 687 4012 755 Ἡρακλείου

766 786 1022 849 ostendit.

2439 783 2659 852 χρόνους
2688 782 2781 834 τὸν
2812 782 2923 851 βίον
2945 784 3194 851 διήνυσεν
3213 782 3274 834 ⁸⁸.

1435 894 1669 948 CLXXI.
3114 899 3280 953 POA'.

779 987 1029 1060 {Jun-atii
1083 984 1289 1051 Magna:
1320 989 1499 1039 eccles.
1556 985 1749 1060 prosit,
1780 984 1857 1060 De
1892 984 2010 1060 pitu
2037 985 2339 1060 functorum
2439 1024 2447 1044 λ

2439 994 2811 1056 Εὑστρατίου
2864 991 3268 1059 πρεσϐυτέρου
3320 992 3594 1060 Μεγάλης
3645 990 4014 1056 Ἐκκλησία(-

841 1058 1031 1111 ιιηιυιὶκ
1081 1067 1339 1129 ιτᾳείοιιιε
1395 1071 1477 1129 tu.
1506 1055 1903 1129 _—_Cltrysippi
1938 1055 2337 1129 ﬂierosolymo-

2510 1055 2648 1127 Περὶ
2709 1061 2882 1128 τριῶν
2904 1055 2918 1059 ⁷
2940 1079 3117 1114 τινων
3155 1055 3511 1129 ’κεφαλαίων
3544 1055 3879 1127 ’διάληψιᾲ
3942 1055 4014 1100 -ὲ

843 1143 955 1175 rum
1000 1126 1165 1192 presb.
1203 1123 1444 1179 Historia
1480 1127 1543 1179 de
1573 1123 1929 1179 Gamalieleet
1956 1125 2265 1180 Nicodemo.
2507 1175 2511 1183 .

2507 1123 2856 1196 Χρὺσιππος
2912 1123 3311 1198 πρεσϐύτερος
3377 1123 3807 1200 Ἰεροσολύμων
3837 1123 4014 1199 ίΠερί

2510 1201 2615 1253 τοῦ
2647 1201 2966 1269 Γαμαλιὴλ
2995 1200 3096 1253 καὶ
3120 1201 3477 1270 Νικοδήμου.

841 1300 1096 1369 Legimus
1137 1302 1334 1354 librum
1368 1300 1625 1355 Enstratii
1666 1299 1870 1370 Magnae
1914 1301 2156 1355 ecclesiae
2217 1313 2337 1367 pre-

2510 1315 2637 1388 [584
2662 1314 2754 1385 3.]
2789 1316 3129 1386 Ἀνεγνώσθη
3167 1315 3368 1385 βιϐλίον
3402 1315 3733 1384 Εὖστρατίου
3764 1315 4014 1385 πρεσϐυ-

771 1391 998 1459 ειιγιετί,
1017 1392 1106 1458 qui
1134 1392 1382 1444 oratione
1414 1390 1631 1458 quidem
1650 1406 1778 1444 usus
1803 1402 1888 1444 est
1903 1390 2123 1444 minime
2147 1390 2329 1444 lauda-

2439 1408 2598 1476 τέρου
2640 1407 2740 1474 τῆς
2766 1407 3010 1474 μεγάλης
3048 1406 3395 1475 Ἐκκλησίας,
3434 1405 3631 1473 φράσει
3652 1406 3749 1472 μὲν
3784 1405 4015 1470 συγκεί-

772 1481 885 1544 bili,
923 1482 1016 1535 sed
1070 1484 1403 1548 argumentis
1438 1497 1543 1535 non
1588 1483 1873 1537 admodum
1923 1482 2203 1551 culpandis
2234 1498 2249 1534 :
2285 1489 2338 1534 et

2443 1514 2601 1566 μενον
2647 1497 2747 1547 οὐκ
2795 1497 3074 1564 ὲπαινετῇ,
3103 1496 3381 1564 λογισμοῖς
3406 1494 3463 1546 δὲ
3509 1494 3569 1545 οὐ
3602 1493 3720 1544 λίαν
3742 1492 3972 1560 ψεκτοῖς
3994 1510 4007 1527 ο

773 1574 937 1627 dictio
972 1575 1086 1641 ipsa
1117 1574 1403 1641 perspicua
1429 1582 1535 1628 est.
1580 1574 1706 1626 Tria
1744 1573 2081 1641 potissimum
2106 1573 2177 1625 illi
2209 1587 2338 1641 pro-

2441 1586 2617 1652 σαφὴς
2673 1584 2715 1635 δ’
2745 1584 2773 1633 ὁ
2803 1584 2978 1650 λόγος.
3022 1584 3171 1635 Ἡδὲ
3221 1582 3475 1652 πρόθεσις
3525 1580 3602 1649 τῷ
3655 1580 3810 1649 ἀνδρὶ
3877 1581 4010 1645 τρία

772 1666 967 1731 posita.
1011 1666 1250 1718 Primum
1282 1666 1519 1733 quidem,
1551 1667 1833 1718 beatorum
1860 1665 2097 1728 animas,
2131 1679 2253 1718 mox
2280 1672 2337 1715 ut
2438 1702 2440 1710 .

2438 1678 2607 1729 ταῦτα
2636 1677 2919 1745 συστῆσαι,
2949 1676 3007 1727 ἓν
3037 1674 3135 1743 μὲν
3164 1674 3245 1726 ὅτι
3280 1674 3414 1744 μετὰ
3438 1673 3534 1741 τὴν
3553 1670 3878 1737 ἀπαλλαγὴν
3913 1670 4010 1720 τοῦ

768 1770 995 1823 corpore
1035 1757 1222 1810 solutae
1262 1758 1392 1818 sint,
1442 1758 1697 1826 operari:
1731 1772 1828 1811 nec
1872 1758 2150 1810 beatorum
2198 1759 2336 1810 dun-

2442 1768 2691 1837 σώματος
2734 1768 2932 1820 αὐτίκα
2986 1764 3301 1832 ἐνεργοῦσιν
3322 1765 3379 1818 αί
3410 1764 3515 1816 τῶν
3545 1761 3672 1833 [199
3701 1760 3795 1831 H.]
3832 1762 4013 1827 ἁγίων

768 1854 941 1909 taxat,
973 1849 1065 1902 sed
1102 1858 1158 1901 et
1204 1848 1453 1912 omnino,
1491 1860 1649 1917 prout
1692 1850 1922 1917 quisque
1966 1850 2191 1902 meritus
2240 1850 2332 1911 sit,
2366 1838 2408 1893 Β

2366 1838 2408 1893 Β
2437 1858 2625 1927 ψυχαὶ.
2650 1858 2710 1908 οὐ
2734 1858 2892 1925 μόνον
2922 1854 2976 1906 δὲ
3004 1853 3113 1906 τῶν
3136 1855 3324 1922 ἁγίων,
3343 1854 3477 1907 ἀλλὰ
3502 1853 3595 1905 καὶ
3626 1852 3831 1915 ἁπλῶς,
3866 1852 4014 1904 κατὰ

763 1939 1007 1994 omnium
1044 1939 1347 1994 hominum.
1387 1937 1610 1993 Animas
1645 1938 1786 2002 illas,
1807 1955 1926 2008 qua:
1956 1940 2139 1993 multis
2167 1953 2332 2005 sarpe-

2435 1951 2533 2019 τὴν
2568 1950 2773 2000 οἰκείαν
2796 1948 3000 2015 ἑκάστη
3036 1945 3280 2010 ἀξίωσιν,
3308 1947 3456 1998 πᾶσα
3490 1944 3803 2015 ἀνθρωπίνη
3826 1947 4009 2013 ψυχή.

762 2049 989 2087 numero
1013 2048 1154 2097 sese,
1200 2032 1477 2109 variisque
1519 2031 1693 2085 modis
1745 2032 2153 2101 conspiciendas
2198 2030 2333 2085 olle-

2438 2042 2543 2093 Καὶ
2571 2042 2651 2092 ὃτι
2691 2040 3110 2108 ὲπιφαινόμεναι
3162 2036 3375 2097 πολλοῖς
3426 2035 3685 2097 πολλάκις
3734 2034 4012 2085 καὶκατὰ

763 2134 909 2187 runt,
940 2124 991 2177 in
1025 2138 1119 2177 sua
1148 2137 1419 2199 quamque
1448 2132 1643 2190 natura
1672 2138 1953 2195 apparere,
1995 2139 2333 2192 nequaquam

2434 2133 2721 2201 διαφόρους
2741 2132 2976 2199 τρόπους
3003 2132 3046 2167 δ’
3069 2131 3125 2183 αἱ
3139 2129 3311 2199 ψυχαὶ
3334 2127 3496 2180 αὐταὶ
3519 2125 3641 2180 κατ’
3670 2124 3806 2177 ἰδίαν
3828 2123 4014 2191 ίίιττιιρ⁴

761 2231 892 2270 vero
915 2216 1152 2269 divinam
1179 2216 1436 2269 virtutem
1469 2216 1522 2269 in
1546 2215 1749 2272 formas
1786 2226 2097 2270 sanctarum
2126 2218 2335 2269 anima-

2438 2220 2515 2285 ξιν
2543 2220 2937 2289 ἐπιφαίνονται,
2985 2217 3099 2271 ἀλλ’
3145 2216 3266 2285 οὐχὶ
3309 2212 3533 2283 δύναμίς
3584 2229 3667 2274 τις
3697 2210 3742 2243 ⁸⁸
3773 2210 3899 2261 θεία
3932 2211 4011 2271 εἰς

763 2324 882 2361 rum
918 2310 1218 2362 traductam
1254 2308 1448 2377 118a
1483 2310 1829 2378 Operationes
1897 2309 2015 2363 illas
2053 2309 2330 2364 exhibere.

2433 2312 2633 2374 τύπους
2683 2308 3125 2380 σχηματιζομένη
3160 2308 3268 2360 τῶν
3303 2305 3473 2373 ἁγίων
3501 2305 3688 2374 ψυχῶν
3715 2303 3815 2364 τὰς
3846 2302 4009 2372 ἐνερ-

762 2400 897 2473 Qnid
939 2400 1083 2453 enim
1127 2399 1329 2466 ﬁngere
1354 2399 1547 2452 attinet
1586 2414 1681 2454 seu
1721 2399 1943 2465 formas,
1984 2414 2080 2453 seu
2112 2400 2329 2467 ﬁguras,

2434 2406 2583 2473 γείας
2614 2404 2947 2457 ἐπιδείκνυσι
2966 2417 2982 2431 '
3012 2402 3063 2455 τί
3107 2400 3215 2470 γὰρ
3244 2398 3585 2468 ὑποκρίσεως
3611 2398 3692 2449 δεῖ
3738 2395 3835 2447 καλ⁴
3869 2411 4009 2463 σχη-

760 2508 881 2545 cum
908 2492 1213 2559 promptius
1245 2507 1307 2545 ea
1348 2494 1559 2561 possint
1594 2492 1695 2565 [a]
1733 2495 1939 2547 sanctis
1971 2493 2078 2547 illis
2106 2493 2326 2555 animis.

2438 2499 2620 2567 μάτων
2684 2495 2780 2548 καὶ
2828 2494 3013 2546 τύπων
3039 2534 3053 2558 ,
3098 2492 3217 2545 ἐνὸν
3288 2490 3634 2558 ἑτοιμότερον
3692 2486 3759 2539 δι’
3820 2486 4007 2539 αὐτῶν

759 2599 877 2652 quae
908 2583 1114 2636 numini
1141 2584 1253 2637 visa
1276 2594 1426 2647 sunt,
1449 2585 1633 2653 perﬁci
1654 2585 1676 2637 ’ἶ
1696 2585 1846 2651 Quod
1876 2585 2093 2654 quidem
2118 2595 2329 2637 utrum-

2434 2590 2654 2643 ἐκείνων
2690 2587 2798 2639 τῶν
2831 2586 3001 2653 ἁγίων
3024 2583 3212 2654 ψυχῶν
3268 2582 3339 2634 τὰ
3360 2581 3657 2650 δεδογμένα
3691 2578 3770 2647 τῷ
3819 2578 4012 2648 κρείτ-

759 2692 865 2752 que
899 2688 1061 2745 caput
1096 2693 1217 2730 cum
1265 2678 1476 2731 Veteris
1505 2690 1568 2730 ac
1617 2675 1750 2731 Novi
1788 2674 2123 2730 Testamenti
2160 2675 2327 2739 locis,

2433 2700 2543 2734 τονι
2583 2678 2945 2733 ἐπιτελεῖσθαι
2974 2678 3051 2738 ";
3089 2677 3353 2745 Πειρᾶται
3387 2675 3444 2727 δὲ
3478 2674 3737 2743 ἑκάτερον
3768 2671 3883 2723 τῶν
3933 2673 4010 2723 εί-

760 2779 871 2828 tum
919 2785 1052 2824 vero
1098 2770 1435 2823 diversorum
1474 2768 1697 2823 Patrum
1753 2769 2080 2823 testimoniis
2130 2770 2330 2824 conﬁr-

2438 2776 2687 2845 ρημένων
2710 2770 3137 2835 κατασκευάζειν
3164 2768 3227 2822 ἐκ
3268 2785 3328 2821 τε
3367 2769 3614 2838 χρήσεων
3639 2765 3736 2832 τῆς
3764 2764 4012 2825 Balari;

759 2876 909 2915 mare
948 2863 1161 2915 nititur.
1211 2860 1451 2915 Tertium
1480 2863 1712 2927 denique
1745 2874 1906 2930 caput
1939 2863 2039 2915 hoc
2090 2862 2332 2916 studiose

2434 2868 2652 2938 Γραφῆς
2679 2864 2775 2917 καὶ
2806 2864 2905 2933 τῆς
2929 2862 3095 2924 Νέας,
3126 2862 3219 2914 καὶ⁸
3240 2860 3304 2929 δὴ
3332 2861 3425 2911 καὶ
3460 2855 3785 2928 μαρτυρίαις
3818 2855 4010 2921 διαφό-

758 2957 1122 3027 persequitur,
1149 2956 1331 3009 oblata
1370 2971 1468 3023 pro
1488 2958 1553 3011 iis
1578 2956 1717 3025 (85),
1748 2957 1839 3023 qui
1869 2955 1922 3009 in
1949 2956 2055 3011 ﬁde
2082 2957 2332 3011 obierant

2435 2974 2543 3027 ρων
2583 2958 2861 3025 Πατέρων.
2914 2953 3107 3023 Τρίτον
3149 2951 3207 3003 δὲ
3236 2950 3384 3019 αὐτῷ
3422 2948 3710 3017 κεφάλαιον
3770 2948 4012 2999 σπουδά-

758 3030 786 3097 a
817 3047 1191 3101 sacerdotibus
1214 3048 1504 3112 sacriﬁcia,
1546 3057 1706 3118 atque
1740 3050 1985 3113 donaria,
2014 3049 2099 3103 vel
2142 3065 2329 3117 preces

2434 3050 2605 3112 ζεται,
2628 3051 2711 3102 ὅτι
2738 3049 2957 3108 πάντως
2976 3047 3033 3098 αἱ
3052 3044 3192 3115 ὑπὲρ
3213 3043 3318 3096 τῶν
3342 3045 3399 3094 ἐν
3422 3042 3604 3093 πίστει
3624 3038 4012 3091 τελευτώντων

761 3136 1024 3203 aioquin,
1088 3137 1643 3209 supplicationesque,
1690 3149 1744 3193 et
1785 3140 2179 3208 eleemosynas,
2233 3156 2329 3206 pro
2358 3183 2399 3239 C

2358 3183 2399 3239 C
2431 3145 2541 3202 τοῖς
2577 3139 2808 3209 ἱερεῦσιν
2836 3133 3244 3205 ἐπιτελούμεναι
3276 3134 3322 3165 ⁸ο
3346 3131 3525 3185 θυσίαι
3545 3131 3640 3185 καὶ
3670 3132 4009 3199 προσφοραὶ.

2443 3233 2463 3239 _
2504 3232 2577 3239 η--
2712 3231 2733 3239 -
2778 3231 2789 3239 ,
3028 3228 3038 3239 .
3080 3228 3091 3239 .
3207 3225 3218 3238 .
3375 3225 3387 3239 .
3444 3224 3487 3239 ..
3692 3224 3704 3235 .
3876 3224 3890 3237 .
3952 3221 4003 3239 μ

760 3226 949 3279 iisdem
1003 3226 1178 3282 factas
1221 3228 1289 3283 ad
1344 3230 1578 3284 ﬁdelium
1618 3232 1870 3296 salutem,
1901 3248 1965 3286 ac
2008 3233 2327 3288 delictorum
2359 3221 2399 3239 υ

2359 3221 2399 3239 υ
2443 3232 2670 3300 nemo;
2706 3231 2919 3298 δεήσεις
2957 3228 3049 3279 καὶ
3080 3225 3278 3281 ἰκεσίαι
3302 3225 3398 3276 καὶ
3441 3224 3804 3292 ἐλεημοσύναι
3867 3221 4009 3290 ὑπὲρ

761 3321 1138 3375 remissionem
1169 3322 1236 3375 iis
1274 3321 1455 3375 valere
1485 3324 1726 3383 omnino.
1753 3338 1853 3392 pro
1885 3326 2083 3393 quibus
2106 3326 2221 3379 haec
2251 3325 2330 3378 of-

2438 3321 2616 3372 αὐτῶν
2664 3319 2815 3387 παρὰ
2841 3321 2882 3351 ⁸¹
2915 3317 3027 3369 τῶν
3076 3316 3303 3379 πιστῶν,
3338 3312 3653 3381 ἐλευθερίαν
3685 3312 3781 3363 καὶ
3848 3328 4010 3364 πται-

760 3410 1023 3466 ferantur.
1061 3411 1118 3467 ln
1166 3414 1250 3468 his
1288 3424 1469 3469 autem
1510 3417 1666 3470 tertia
1702 3415 1898 3471 oll‘erre
1951 3431 2105 3471 sacra
2139 3416 2328 3482 refert,

2440 3413 2659 3483 σμάτων
2712 3412 2904 3477 ἄφεσιν
2931 3408 3403 3477 καταπράττονται
3455 3408 3567 3466 τοῖς
3597 3404 3735 3473 ὑπὲρ
3778 3395 3857 3455 ὧν
3889 3404 4009 3455 ἐπι-

758 3504 849 3571 qui
881 3503 1175 3575 Dominica:
1192 3522 1255 3562 ac
1279 3507 1540 3562 triduana:
1572 3511 1987 3564 resurrectionis
2010 3513 2324 3580 mysterium

2436 3507 2667 3558 τελεῖται
2696 3502 2899 3555 ταῦτα·
2952 3503 3009 3552 ὲν
3044 3495 3126 3561 οἷς
3151 3499 3248 3551 καὶ
3279 3497 3347 3548 τά
3391 3495 3549 3565 τρίτα
3598 3495 3697 3563 μὲν
3739 3494 4009 3545 ἐπιτελεῖ-

758 3595 812 3662 in
845 3599 1173 3665 precationis
1203 3600 1502 3656 subsidium
1531 3610 1694 3669 atque
1725 3602 1983 3656 auxilium
2019 3614 2321 3659 assumant.

2436 3598 2559 3651 σθαί
2590 3614 2721 3667 φησι
2744 3634 2758 3656 ,
2810 3592 3183 3662 λαμϐάνοντας
3214 3588 3276 3641 τὸ
3311 3588 3604 3657 μυστήριον
3662 3583 3764 3653 τῆς
3795 3586 4008 3636 Δεσπο-

758 3680 1126 3751 Novcmdialia
1160 3688 1431 3753 similiter,
1479 3692 1622 3760 quod
1653 3700 1774 3760 post
1809 3701 2058 3747 octavum
2096 3709 2122 3746 a
2153 3708 2328 3747 resur-

2433 3691 2591 3759 τικῆς
2645 3688 2741 3741 καὶ
2768 3683 3067 3757 τριημέρου
3116 3681 3390 3751 ὲγέρσεως
3446 3680 3525 3739 εἰς
3579 3677 3876 3747 συνεργίαν
3916 3678 4008 3728 καὶ

759 3776 1000 3831 rectione
1024 3777 1167 3831 diem
1202 3780 1350 3832 visus
1381 3779 1574 3833 iterum
1592 3789 1719 3833 esta
1753 3781 2028 3849 discipulis
2054 3781 2323 3838 Christus.

2434 3778 2779 3848 ὲπιὸοήθειαν
2815 3777 2914 3843 τῆς
2977 3772 3185 3833 ἱκεσίας
3215 3769 3328 3822 ’τά
3383 3768 3439 3821 δὲ
3491 3768 3684 3820 ἐννατα
3739 3766 4008 3827 ὡσαύτως

760 3862 1029 3919 Praeterea
1081 3868 1462 3935 quadraginta,
1504 3869 1648 3938 quod
1703 3879 1827 3938 post
1875 3872 1990 3925 dies
2034 3872 2256 3943 totidem
2295 3890 2324 3927 a

2434 3870 2580 3942 (μεθ’
2613 3868 2824 3938 ἡμέρας
2848 3868 2892 3898 ⁸³
2917 3863 3025 3932 γὰρ
3054 3869 3102 3933 η’
3135 3861 3236 3929 τῆς
3255 3860 3526 3930 ὲγέρσεως
3547 3857 3701 3927 ὤφθη
3724 3856 3774 3887 ⁸³
3805 3856 3870 3908 τὸ
3891 3857 4007 3909 δεύσ

761 3954 1046 4025 discipulis
1073 3966 1409 4027 postremum
1449 3961 1619 4023 visus.
1657 3960 1709 4014 in
1739 3961 1905 4017 cmlos
1926 3978 2046 4017 cum
2092 3964 2326 4019 humana
2426 3982 2429 3996 ι

2426 3978 2583 4033 τερον
2609 3962 2722 4021 τοῖς
2755 3957 3023 4027 μαθηταῖς
3067 3956 3095 4008 ὁ
3130 3952 3430 4019 Δεσπότης)
3466 3966 3482 3982 ο
3516 3951 3591 4003 τά
3632 3949 3689 4001 δὲ
3730 3965 4005 4015 τεσσαρα-

766 4058 952 4102 nostra
988 4058 1182 4107 natura
1208 4052 1477 4108 ascendit.
2433 4075 2434 4079 ‘

2433 4053 2605 4105 κοστὰ
2628 4052 2674 4083 ⁵⁵
2701 4050 2921 4119 ὁμοίως,
2966 4048 3048 4099 ὅτι
3078 4045 3215 4115 μετὰ
3259 4042 3526 4104 τοσαύτας
3576 4040 3790 4110 ἡμέρας
3821 4040 3888 4092 τὺ
3919 4058 4006 4092 τε-

2436 4144 2679 4197 λευταῖον
2706 4143 2818 4204 τοῖς
2862 4140 3131 4209 μαθηταῖς
3164 4136 3380 4206 ὁραθείς
3440 4132 3579 4205 μετὰ
3608 4134 3699 4185 τοῦ
3730 4132 4006 4202 ἡμετέρου

2437 4235 2756 4306 φυράματος
2787 4230 3083 4301 ἀνελήφθη.

824 4385 1021 4453 Reperi
1044 4400 1261 4455 quoque
1285 4387 1338 4441 in
1363 4390 1549 4444 eodem
1588 4389 1680 4443 illo
1705 4389 1911 4454 codice,
1939 4390 2088 4457 Pauli
2119 4392 2171 4446 in
2202 4393 2317 4462 lege
2348 4407 2398 4464 ι)
2488 4393 2492 4444 ἶ

2348 4407 2398 4464 ι)
2488 4393 2664 4460 Ευρον
2702 4391 2759 4444 δὲ
2784 4392 2843 4441 ὲν
2875 4387 3010 4457 τῷδε
3041 4385 3117 4455 τῷ
3169 4384 3359 4455 βιϐλίῳ
3393 4386 3487 4437 καὶ
3536 4385 3628 4435 τὸν
3660 4382 3755 4435 τοῦ
3783 4384 4001 4435 Παύλου

751 4477 1067 4546 magistrum
1118 4477 1493 4545 Gamalielem,
1530 4491 1584 4534 et
1614 4481 1936 4547 credidisse,
1983 4492 2037 4536 et
2077 4484 2323 4551 baptiza-

2430 4485 2568 4544 κατὰ
2605 4484 2695 4535 τὸν
2739 4481 2902 4550 νόμον
2952 4477 3271 4531 διδάσκαλον
3331 4475 3613 4544 Γαμαλιὴλ
3648 4476 3744 4526 καὶ
3773 4476 4003 4528 πιστεύ-

754 4578 863 4621 tum
887 4568 1075 4623 fuisse.
1114 4569 1465 4624 Nicodemum
1498 4573 1623 4625 item
1658 4581 1979 4625 nocturnum
2002 4574 2320 4645 (quondam)

2432 4591 2599 4625 σαντα
2620 4573 2713 4623 καὶ
2735 4567 3121 4639 βαπτισθέντα,
3157 4568 3251 4618 καὶ
3284 4566 3593 4634 Νικόδημον
3622 4564 3713 4617 τὸν
3752 4582 4006 4634 νυκτερι-

752 4658 1011 4723 anticum,
1071 4660 1326 4714 diurnum
1376 4662 1539 4715 etiam
1604 4664 1898 4726 redditum,
1950 4666 2323 4734 martyrioque

2429 4667 2518 4718 νὸν
2554 4665 2706 4731 φίλον
2727 4664 2820 4715 καλ⁵
2846 4659 3102 4730 ἡμερινὸν
3130 4658 3391 4725 γεγονότα
3444 4660 3536 4710 καὶ
3570 4657 3860 4727 μαρτυρίῳ
3918 4674 4003 4709 τε-

752 4760 1097 4815 coronatum,
1142 4767 1303 4819 quem
1336 4764 1386 4806 et
1418 4752 1731 4808 Gamalielis
1782 4755 2077 4826 patruelem
2104 4756 2219 4812 haec
2246 4768 2325 4809 te-

2429 4755 2743 4818 λειωθέντα,
2772 4754 2833 4805 ὃν
2853 4752 2947 4805 καὶ
2976 4750 3197 4819 ἀνεψιὸν
3226 4749 3479 4816 γενέσθαι
3502 4747 3595 4801 τοῦ
3631 4747 3927 4819 Γαμαλιὴλ
3971 4750 4000 4817 ή

750 4850 925 4895 statur
958 4843 1200 4898 bisloria.
1223 4843 1555 4908 Baptizatum
1584 4862 1711 4900 vero
1734 4856 2023 4917 utrumque
2046 4864 2073 4902 a
2091 4847 2318 4915 Joanne,

2431 4847 2642 4916 ἱστορία
2700 4844 2975 4897 διδάσκει·
3039 4841 3407 4912 βαπτίσασθαι
3464 4839 3521 4892 δὲ
3579 4841 3844 4910 ἑκάτερον
3899 4843 4003 4893 ὑπὸ

749 4946 806 4987 et
836 4934 1021 4997 Petro,
1074 4951 1179 4988 una
1213 4951 1334 4989 cum
1369 4935 1683 4991 Gamalielis
1730 4939 1862 5003 ﬁlio,
1890 4941 1978 4993 cui
2012 4941 2192 5004 Abibo
2224 4957 2319 4995 no-

2438 4937 2687 4990 Ἰωάννου
2727 4939 2822 4991 καὶ
2850 4936 3081 5005 Πέτρου,
3114 4935 3172 4987 οὐ
3215 4934 3375 5002 μόνον
3406 4934 3462 4985 δὲ
3486 4932 3621 4985 ἀλλὰ
3647 4932 3742 4986 καὶ
3784 4934 3881 4985 τὸν
3908 4934 4003 4985 Γα-

752 5041 893 5079 men.
947 5027 1171 5080 Beatum
1226 5028 1391 5097 igitur
1437 5027 1788 5085 Nicodemum
1830 5047 1859 5085 a
1906 5030 2141 5098 Judaeis,
2196 5049 2317 5087 cum

2428 5028 2628 5099 μαλιὴλ
2668 5029 2829 5081 παῖδα
2855 5026 3097 5090 ’Ἃΰιὸος
3138 5025 3307 5095 ὄνομα
3337 5024 3529 5095 αὐτῷ).
3559 5024 3663 5077 Τὸν
3705 5024 3841 5092 γοῦν
3900 5043 4001 5094 μα-

2045 5160 2281 5215 VARI/E
2322 5160 2727 5217 LECTIONES.

818 5274 862 5306 “
895 5275 1112 5345 διήνυεν
1144 5291 1205 5338 ς’.
1284 5274 1331 5306 ⁸⁷
1366 5274 1547 5328 malim
1576 5275 1794 5337 τόπους.
1872 5275 1918 5307 ⁸⁸
1957 5293 2058 5337 τις,
2107 5287 2160 5331 et
2206 5277 2364 5343 paulo
2398 5286 2517 5343 post
2546 5273 2821 5345 διἀὑτῶν
2844 5272 2991 5345 ιιόιΙ.Δ
3016 5273 3084 5325 Δ.
3162 5272 3209 5303 ⁸⁸
3239 5266 3697 5345 ἐπιμελεῖσρςιᾼ.
3758 5272 3841 5345 Ῠ⁸⁹
3870 5274 3994 5327 ἑπι-

750 5336 1260 5415 μελούμέναιρι-ᾎΑ.
1336 5345 1381 5415 ⁸4
1416 5347 1567 5415 παρά
1597 5347 1641 5397 Α
1668 5364 1681 5399 :
1714 5336 1841 5414 περί
1863 5363 1923 5409 ς.
2002 5336 2056 5378 ⁵ί³⁷
2086 5336 2439 5415 μεο⁹’ήμέρας
2470 5346 2578 5415 γάρ
2605 5346 2650 5398 Α
2684 5361 2699 5399 :
2735 5344 2854 5398 καθ’
2887 5342 3102 5415 ἡμέρας
3142 5360 3204 5406 ς.
3280 5336 3539 5409 ⁵³’ὣφθη]
3562 5336 3719 5413 ὤφθη
3756 5344 3995 5414 Χριστός

745 5416 810 5468 Α.
844 5414 1190 5486 τὸδεύτερον
1221 5423 1341 5485 post
1365 5414 1630 5485 δεσπότης
1666 5417 1815 5485 ponit
1850 5434 1909 5479 ς.
1985 5418 2030 5448 ⁸⁵
2059 5414 2467 5487 τεσσαράκοντα
2497 5414 2559 5479 ςέ

2201 5527 2432 5586 NOTAE.

820 5645 932 5714 (85)
966 5647 1260 5714 Antiqnum
1303 5648 1392 5701 hic
1422 5650 1553 5703 mihi
1581 5663 1784 5703 morem
1825 5658 1972 5711 nota,
2032 5650 2139 5702 vita
2185 5648 2306 5703 l‘un-
2415 5651 2575 5703 etiam
2626 5650 2723 5703 tria
2793 5650 2909 5704 haec
2965 5650 3309 5709 sacriﬁcandi
3364 5648 3649 5705 intervalla
3705 5650 3987 5706 observari

752 5728 831 5787 tos
860 5719 1165 5787 sacriﬁciis3
1194 5719 1468 5786 precibus,
1490 5728 1651 5787 atque
1678 5718 2035 5787 eleemosynis
2057 5718 2303 5786 juvandi.
2418 5720 2544 5775 olim
2571 5720 2730 5775 solita
2760 5721 2989 5776 videbis.

751 5785 826 5841 De
848 5801 954 5856 quo
981 5797 1035 5842 et
1062 5788 1117 5841 S.
1139 5785 1362 5843 Joannis
1387 5785 1700 5845 Damaéceni
1732 5785 2095 5849 exstatbratio
2124 5790 2174 5844 in
2204 5804 2311 5857 qua
