4224 6446
138 431 233 497 501
982 428 1338 489 BIBLlO’l‘H
1348 428 1505 489 ECA.

1645 426 1860 488 CODD.
1892 426 2446 493 CLXXI-CLXXIV.

3280 422 3382 486 502

139 547 329 613 κάριον
370 543 704 613 Νικόδημον,
738 542 861 595 ἐπεὶ
886 540 1148 595 ιπύθοντο
1169 541 1217 593 οί
1252 539 1298 571 ⁸⁸
1321 538 1564 593 Ἰουδαῖοι
1618 537 1716 607 βα·
1746 542 1794 597 Α

1712 566 1716 576 ι
1746 542 1794 597 Δ
1822 538 2155 607 baptizatum
2195 556 2316 595 eum
2344 541 2702 601 inaudissent,
2736 538 2908 607 plagis
2944 536 3125 589 multis
3162 550 3380 603 percus-

139 638 466 699 πτίσασθαι,
492 637 580 690 διὰ
600 636 756 689 τοῦτο
799 635 1034 705 πληγαῖς
1056 633 1276 692 πολλαῖς
1304 629 1597 690 ὑπέϐαλον,
1630 623 1715 689 αἷς

142 729 389 800 στερρῶς
422 728 724 795 ὲναθλήσας
754 726 869 795 μετ’
897 724 1077 791 ὀλίγον
1135 720 1446 786 ἐτελειώθη.
1499 718 1718 788 Ταύτην

141 822 234 888 τὴν
266 820 518 889 ἱστορίαν
540 820 782 886 περιεῖχε
816 816 912 885 μὲν
937 815 998 867 16
1055 813 1281 883 βιϐλίον,
1322 810 1632 881 Χρυσίππῳ
1660 811 1718 863 δὲ

144 912 315 980 αὐτὴν
349 909 613 963 ἀνετίθει.
638 906 1010 979 Πρεσϐύτερος
1033 904 1077 957 δ’
1134 905 1162 955 6
1193 903 1516 970 Χρύσιππος
1554 900 1721 971 Ἰερο-

149 1002 424 1070 σολύμων,
448 1001 507 1063 ὃς
537 1002 764 1067 γράφων
792 997 1066 1066 ἐγκώμιον
1091 997 1171 1057 είς
1195 995 1287 1048 τὸν
1319 994 1572 1063 μάρτυρα
1592 992 1723 1045 Θεό·

147 1091 316 1157 δωρον
365 1090 442 1151 ὼς
469 1091 525 1141 ὲν
551 1086 883 1157 παρεκϐάσει
911 1083 1208 1138 Λουκιανοῦ
1237 1098 1386 1144 τινος
1424 1082 1721 1150 μέμνηται,

149 1181 239 1232 καὶ
266 1180 441 1232 αὑτοῦ
476 1179 575 1247 τῆς
625 1176 794 1247 αὐτῆς
847 1175 1143 1246 ἐκκλησίας
1196 1174 1304 1226 τῶν
1334 1173 1727 1243 Ἱεροσολύμων

151 1272 598 1341 χρηματίσαντος
644 1254 1035 1340 πρεσϐυτέρου,
1095 1269 1185 1319 ὅτε
1229 1268 1257 1318 6
1321 1265 1573 1334 Ἰωάννης
1626 1266 1727 1333 τῆς

153 1365 336 1414 ἐκεῖσε
391 1360 799 1430 ἀρχιερωσύνης
847 1358 1196 1427 προεστήκει.
1227 1347 1393 1417 Οὗτος
1449 1353 1496 1406 6‘
1523 1355 1553 1406 6
1593 1354 1729 1407 Λου-

153 1454 343 1515 κιανὸς
373 1456 430 1505 ὲν
464 1453 561 1520 μιᾷ
599 1451 706 1503 τῶν
751 1449 981 1513 νυκτῶν,
1022 1447 1151 1516 περὶ
1179 1446 1365 1515 τρίτην
1394 1444 1564 1513 ὥραν,
1606 1442 1728 1495 καθ’

155 1548 307 1615 ῦπαρ
335 1544 454 1597 ἀλλ’
487 1543 586 1595 οὐκ
617 1542 770 1611 ὄναρ,
809 1541 1027 1607 λέγεται
1080 1538 1148 1589 τὰ
1187 1536 1557 1607 προειρημένα
1585 1550 1729 1601 μυη-

155 1640 317 1707 θῆναι
338 1650 353 1663 ·
386 1634 681 1688 ἐπιστάντα
714 1633 821 1701 γὰρ
854 1628 1000 1697 αὐτῷ
1021 1629 1109 1681 τδν
1137 1626 1417 1697 Γαμαλιὴλ
1438 1625 1608 1678 ταῦτα
1630 1628 1734 1695 ιμ-

154 1724 497 1793 φανίσαι,ὠς
528 1723 613 1790 εἴη
672 1722 769 1789 μὲν
801 1719 959 1781 αὐτὸς
973 1719 1011 1770 Γ
1015 1716 1273 1785 αμαλιὴλ,
1293 1716 1386 1768 καὶ
1406 1714 1481 1778 ὡς
1512 1712 1735 1767 ἐϐαπτίο

159 1830 314 1875 σατο,
350 1811 447 1862 καὶ
481 1809 568 1876 ὑφ’
597 1802 693 1871 ὧν,
726 1807 812 1875 εἴη
870 1806 927 1858 δὲ
963 1806 1057 1857 καὶ
1089 1802 1313 1864 ’Δὸισος
1344 1802 1373 1855 6
1428 1805 1576 1867 παῖς,
1639 1801 1735 1854 καὶ

154 1903 229 1963 ὡς
248 1865 404 1971 θηκῃ
568 1902 659 1968 μιᾷ
680 1865 834 1950 αὐτοὶ
861 1895 1313 1959 ὲναποτέθεινται,
1344 1892 1470 1965 [385
1619 1892 1733 1945 ἐστι
1766 1865 1807 1921 Β

156 1993 212 2044 δὲ
245 1992 347 2043 καὶ
374 1988 643 2054 Στέφανος
670 1988 697 2038 6
737 1985 951 2056 πρῶτος
984 1983 1282 2054 μαρτύρων
1305 1981 1445 2035 κατὰ
1474 1981 1573 2050 τὴν
1602 1980 1735 2033 ἀνα-

155 2080 386 2149 τολικὴν
414 2074 908 2146 τεθησαυρισμένος
937 2074 1109 2143 θήκην
1129 2087 1143 2099 ⁸
1174 2063 1235 2124 οὗ
1282 2070 1435 2139 παρὰ
1462 2071 1587 2131 τοὺς
1636 2071 1736 2120 πό-

157 2173 253 2234 δας
287 2173 349 2223 ὲν
380 2170 541 2239 ἑτέρᾳ
569 2169 707 2238 θήκῃ
724 2166 1050 2235 Νικόδημος,
1081 2167 1181 2218 ὅσα
1197 2181 1255 2216 τε
1278 2164 1438 2216 πάθοι
1472 2161 1604 2233 [200
1642 2158 1736 2231 IL]

158 2264 255 2313 καὶ
280 2260 372 2328 ἐφ’
403 2254 486 2322 οἷς
522 2259 617 2311 καὶ
672 2257 776 2310 ὑπὸ
803 2256 991 2309 τίνων·
1024 2257 1058 2325 ἡ
1110 2256 1167 2307 δὲ
1204 2254 1339 2325 μετὰ
1369 2254 1543 2307 ταῦτα
1582 2252 1721 2321 θήκη

160 2352 332 2404 αὑτοῦ
368 2368 429 2403 τε
463 2351 557 2403 καὶ
610 2348 704 2401 τοῦ
736 2348 921 2411 παιδός
972 2349 1107 2400 ἐστι.
1171 2344 1358 2397 Ταῦτα
1390 2344 1613 2396 εἰπόντα
1647 2343 1738 2395 τὸν

160 2442 453 2512 Γαμαλιὴλ
497 2439 795 2508 ἐπισκῆψαι
848 2438 925 2508 τῷ
965 2436 1249 2507 Λουκιανῷ
1295 2436 1368 2506 μὴ
1398 2435 1622 2506 ἀμελεῖν
1658 2434 1738 2489 ἐτι

160 2536 272 2587 τῶν
323 2533 616 2601 λειψάνων,
666 2530 801 2601 μηδὲ
824 2530 917 2598 ὲᾷν
946 2529 1081 2599 ἡλίῳ
1114 2529 1208 2580 καὶ
1242 2527 1467 2597 ὖμσροις
1496 2527 1741 2594 διαφθεί-

165 2626 385 2696 ρεσθαι.
421 2624 650 2692 Σεισμόν
680 2638 740 2674 τε
783 2620 1034 2688 γενέσθαι
1066 2621 1363 2689 σύνδρομον
1388 2621 1452 2687 τῇ
1483 2618 1737 2689 ὀπτασίᾳ,

164 2718 265 2768 καὶ
300 2713 507 2775 πολλὰς
534 2712 744 2765 πολλῶν
792 2712 1110 2779 νοσημάτων
1171 2711 1339 2772 ἰάσεις
1394 2709 1743 2777 ἐπιτελεσθῆ-

164 2823 280 2867 ναι,
314 2803 412 2856 τοῦ
436 2804 899 2872 πρωτομάρτυρος
931 2802 1167 2871 μάλιστα
1196 2802 1296 2870 τῆς
1328 2801 1501 2872 θήκης
1557 2802 1626 2853 τὰ
1656 2801 1741 2854 ld-

168 2914 321 2967 ματα
360 2894 698 2965 προχεούσης
732 2895 798 2946 ⁵⁸.

842 2989 1184 3045 PUB-POA'.

176 3082 473 3136 Ἰωάννου
509 3081 613 3135 τοῦ
636 3081 1059 3150 Χρυσοστόμου
1100 3079 1351 3147 Ὀμιλίαι
1384 3082 1469 3144 εἰς
1496 3078 1610 3147 τὴν
1638 3082 1686 3133 Γ
1689 3080 1744 3133 ἐ-

496 3166 670 3203 νεσιν
704 3151 812 3214 ξω,
847 3151 915 3202 ἐν
943 3152 1181 3217 τεύχεσι
1209 3151 1419 3217 τρισίν.

251 3243 710 3312 Ἀνεγνὼσθησαν
750 3242 841 3295 τοῦ
878 3241 1260 3312 Χρυσοστόμου
1290 3242 1497 3311 ὁμιλίαι
1536 3245 1617 3305 είς
1650 3242 1745 3310 τὴν

166 3336 394 3401 γένεσιν
444 3334 485 3397 ξ’
519 3336 611 3386 καὶ
666 3332 785 3402 μία,
828 3336 884 3385 ὲν
926 3333 1143 3401 τεύχεσι
1175 3334 1373 3403 τρισὶν,
1406 3326 1481 3385 ὧν
1535 3334 1597 3385 16
1650 3334 1748 3401 μὲν

168 3426 399 3494 πρῶτον
416 3424 631 3493 ὁμιλίας
658 3427 931 3492 περιεῖχεν
960 3423 1029 3487 κ’,
1052 3424 1112 3475 16
1133 3423 1383 3493 δεύτερον
1398 3424 1453 3475 δὲ
1474 3424 1665 3487 δεκαὲξ
1681 3426 1747 3489 ν,

168 3521 270 3572 καὶ
296 3519 349 3550 ⁵⁸
381 3517 441 3569 16
460 3516 643 3584 τρίτον
699 3522 795 3567 κε’.
839 3514 1195 3583 Ἐμφαίνεται
1246 3516 1303 3567 δὲ
1336 3518 1392 3567 ὲν
1441 3516 1519 3583 τῷ
1550 3516 1749 3586 πρώτῳ

165 3610 245 3668 ὼς
270 3605 374 3657 ἀπ’
395 3605 568 3674 ἀρχῆς
598 3604 696 3673 τῆς
732 3607 1179 3673 τεσσαρακοστῆς
1218 3604 1517 3673 ἀρξάμενος
1545 3605 1750 3673 ὁμιλεῖν

170 3706 246 3770 μή
282 3718 378 3752 πω
419 3698 946 3768 συναπαρτισθείσης
988 3697 1163 3764 αὐτῆς
1219 3699 1344 3760 τούς
1398 3716 1455 3751 τε
1485 3698 1532 3751 κ’
1561 3700 1752 3766 λόγους

166 3793 405 3851 τούτους
430 3790 525 3841 καὶ
558 3790 746 3851 ἄλλους
774 3788 923 3851 τινὰς
944 3795 990 3854 γ’
1014 3788 1045 3857 ἢ
1078 3788 1139 3853 δ’,
1176 3788 1379 3856 μεταξὺ
1423 3790 1528 3841 τῶν
1554 3792 1630 3851 είς
1654 3791 1752 3858 τὴν

167 3884 402 3935 Γένεσιν
432 3880 623 3948 λόγων,
670 3880 877 3949 χρείας,
901 3878 975 3943 ὼς
1002 3880 1171 3944 εῖκὸς,
1196 3880 1657 3951 παρεμπεσούσης
1677 3880 1753 3949 τῷ

165 3975 289 4041 λαῷ
332 3970 775 4041 προσωμίλησεν.
813 3972 1027 4023 Ἐνεστι
1060 3971 1116 4023 δὲ
1170 3970 1401 4023 συνιδεῖν
1448 3972 1521 4033 ὡς
1564 3973 1752 4036 είκαὶ,

167 4065 387 4130 Λόγοι,
428 4060 537 4129 ἔχει
558 4061 655 4129 τὴν
686 4061 995 4130 ἐπιγραφὴν
1016 4058 1076 4111 16
1106 4058 1308 4126 βιϐλίον
1341 4060 1503 4129 (οὕτω
1529 4061 1638 4131 γὰρ
1667 4058 1755 4115 εὖ·

170 4172 266 4222 ρον
295 4155 360 4204 ὲν
394 4146 475 4211 οἷς
504 4152 785 4218 ἀνέγνων),
818 4150 951 4203 ἀλλὰ
985 4151 1182 4220 μᾶλλον
1212 4154 1451 4205 ἐοίκασιν
1493 4153 1751 4222 ὁμιλίαις,

163 4246 237 4297 τά
271 4261 337 4295 τε
365 4242 501 4295 ἄλλα
528 4243 621 4294 καὶ
638 4243 720 4293 ὅτι
750 4244 806 4294 ὲν
832 4241 1043 4305 πολλοῖς
1072 4242 1330 4305 πολλάκις
1354 4243 1429 4305 ὼς
1482 4246 1757 4313 παρόντας

166 4333 322 4407 [καὶ]
349 4336 399 4366 ⁸⁸
425 4333 565 4401 όρῶν
597 4334 723 4397 τοὺς
744 4334 1039 4403 ἀκροατάς,
1070 4332 1212 4387 οὕτω
1242 4334 1377 4405 πρὸς
1399 4336 1597 4399 αὐτοὺς
1624 4337 1754 4389 ἀπο-

164 4423 419 4475 τείνεται
450 4422 542 4473 καὶ
564 4422 743 4493 ἐρωτᾷ
772 4423 866 4474 καὶ
894 4422 1249 4493 ἀποκρίνεται
1270 4426 1361 4477 καὶ
1387 4425 1750 4494 ὑπισχνεῖται,

1818 647 1977 699 sum;
2013 647 2295 701 quascqu
2332 632 2543 684 fortiter
2571 631 2685 699 ipse
2724 630 3026 693 tolerasset,
3050 642 3082 680 e
3118 628 3224 677 vita
3265 636 3384 693 post

1820 739 1926 777 non
1960 725 2048 778 diu
2074 725 2393 779 decessisse.
2433 722 2583 775 llanc
2610 721 2775 775 codex
2812 720 2915 773 iste
2942 718 3256 772 continebat
3303 716 3384 767 lti-

1820 816 2068 879 storiam,
2111 830 2337 885 eamque
2368 814 2671 884 Chrysippo
2701 812 3025 873 ascribebat,
3068 806 3384 874 Hierosoly—

1822 921 2034 960 morum
2113 907 2473 976 presbytero,
2512 907 2602 976 qui
2661 904 2712 957 in
2770 902 3079 955 laudatione
3114 897 3384 951 Theodoti

1824 997 2104 1066 martyris,
2139 997 2292 1065 quasi
2318 997 2461 1049 aliud
2497 1010 2681 1065 agens,
2714 992 2936 1047 aniani
2969 988 3248 1057 cuiusdam
3277 1000 3389 1037 me-

1825 1088 2003 1152 minit,
2040 1088 2285 1157 ejusdem
2318 1102 2467 1157 atque
2492 1086 2747 1141 Ecclesiae
2772 1082 3232 1154 presbyteri,quo
3255 1086 3391 1132 tem-

1826 1192 1956 1248 pore
1989 1176 2226 1232 Joannes
2253 1179 2447 1246 praesul
2476 1192 2594 1232 eam
2624 1176 2805 1229 sedem
2841 1173 3035 1228 tenuit.
3067 1169 3167 1224 llic
3198 1169 3386 1221 Lucin-

1829 1286 1928 1325 nus
1945 1270 2054 1341 (86)
2081 1280 2236 1325 nocte
2265 1270 2519 1339 quadam,
2550 1269 2678 1322 ltora
2709 1265 2821 1319 fere
2838 1266 3018 1326 tertia,
3046 1276 3255 1323 revera,
3284 1275 3386 1313 non

1830 1361 1883 1414 in
1918 1362 2143 1422 somnis,
2185 1361 2382 1413 dicitur
2412 1374 2473 1412 ea
2506 1373 2625 1427 quae
2659 1357 2916 1419 diximus,
2959 1354 3234 1408 didicisse.
3266 1349 3391 1403 Hmc

1829 1454 1974 1507 enim
1997 1462 2266 1507 astantem
2299 1452 2401 1522 ipsi
2447 1448 2797 1505 Gatualielem
2838 1447 3021 1502 omnia
3062 1444 3333 1499 revelasse
3375 1461 3386 1493 :

1835 1544 2026 1614 1186
2061 1559 2245 1597 verum
2280 1542 2531 1596 nimirum
2562 1555 2682 1594 esse
2712 1554 2771 1594 se
2803 1537 3153 1592 Gamallelem
3184 1573 3200 1597 .
3226 1549 3257 1588 a
3305 1548 3395 1586 su-

1833 1636 2093 1706 pradictis
2111 1634 2387 1704 apostolis,
2408 1647 2514 1686 una
2546 1646 2667 1685 cum
2694 1629 2866 1683 Abibo
2898 1628 3006 1681 lilio
3036 1625 3392 1694 baptizatum,

1835 1736 1891 1779 et
1924 1727 1975 1779 in
1999 1726 2189 1780 eadem
2236 1740 2397 1794 capsa
2425 1723 2767 1776 collocatum.
2800 1720 2933 1774 Esse
2972 1726 3027 1771 et
3063 1716 3395 1783 Stephanum

1835 1826 2283 1887 protomartyrem
2312 1816 2365 1869 in
2392 1816 2542 1869 theca
2582 1814 2841 1865 orientem
2867 1823 3059 1862 versus
3085 1806 3357 1861 conditum
3378 1842 3395 1862 .

1841 1919 2000 1977 atque
2020 1909 2085 1960 ad
2103 1907 2220 1975 ejus
2254 1907 2420 1977 pedes
2456 1907 2506 1959 in
2538 1904 2711 1958 altero
2735 1901 2992 1957 scriniolo
3039 1898 3394 1952 Nicodemum

1833 1997 2034 2067 jacere,
2068 2014 2187 2068 qua
2232 2000 2358 2053 item
2414 2011 2509 2066 per
2546 2010 2703 2064 quos.
2740 2002 2792 2047 et
2844 1992 2947 2047 sub
2973 1989 3169 2059 quibus
3208 2002 3399 2059 passus

1839 2100 2011 2156 esset,
2058 2090 2314 2144 indicavit
2349 2108 2363 2143 :
2407 2092 2729 2154 tltecamque
2782 2094 2901 2153 post
2941 2084 3056 2136 haec
3097 2080 3398 2149 proximam

1840 2197 1995 2235 suum
2030 2197 2093 2236 ac
2121 2182 2213 2235 lilii
2252 2196 2448 2250 corpus
2478 2181 2776 2233 continere.
2815 2175 2910 2230 liis
2948 2174 3106 2227 dictis
3130 2169 3402 2225 Gamalie-

1840 2273 1943 2327 lem
1967 2274 2285 2342 praecepisse
2315 2271 2573 2335 Luciano,
2602 2284 2669 2323 ne
2715 2269 2941 2337 posthac
2992 2265 3253 2333 reliquias
3284 2260 3401 2315 illas

1842 2364 1895 2418 in
1926 2366 2057 2427 sole,
2110 2374 2164 2418 et
2200 2363 2380 2434 pluvia
2414 2362 2683 2431 corrumpi
2721 2375 2814 2429 per
2844 2358 3222 2427 negligentiam
3258 2354 3403 2409 sine-

1843 2462 1945 2512 ret.
1973 2454 2157 2510 Terrae
2192 2465 2392 2509 motum
2416 2456 2639 2523 insuper
2666 2454 2732 2507 ad
2777 2455 2875 2507 hoc
2914 2452 3090 2505 visum
3126 2456 3399 2502 exortum.

1843 2547 2117 2616 multaque
2142 2546 2491 2616 plurimorum
2515 2560 2713 2613 genera
2750 2546 3060 2598 morborum
3103 2542 3192 2594 hic
3215 2547 3399 2593 curata

1843 2653 1982 2701 esse,
2030 2636 2444 2707 protomartyris
2491 2635 2720 2689 maxime
2754 2634 2908 2687 theca
2958 2627 3220 2685 medelam
3273 2623 3403 2680 alle-

1846 2740 2018 2782 rente.

2354 2988 2890 3048 CLXXII-CLXXIV.

1845 3087 1998 3141 Beati
2035 3085 2257 3139 Joannis
2284 3084 2639 3154 Chrysostomi
2688 3082 3037 3135 Homiliarttm
3077 3083 3131 3135 in
3167 3080 3401 3137 Gsttesmt

2432 3154 2696 3207 volumina
2736 3168 2812 3205 ιιι.

1920 3246 2167 3313 Legimus
2196 3244 2567 3316 Gltrysostomi
2596 3243 2853 3297 Homilias
2878 3245 2932 3295 in
2977 3243 3215 3298 Genesim
3241 3258 3399 3296 unam

1848 3346 1903 3391 et
1929 3337 2246 3404 sexaginta,
2306 3336 2357 3388 in
2404 3335 2510 3387 tria
2538 3334 2856 3388 distributas
2892 3332 3159 3385 volumina
3209 3351 3222 3387 :
3268 3348 3401 3400 quo-

1851 3443 1979 3481 rum
2002 3428 2231 3495 primum
2260 3426 2473 3494 quidem
2519 3425 2726 3494 viginti,
2780 3424 3005 3477 alterum
3038 3423 3228 3476 deinde
3282 3439 3404 3477 sex-

1851 3522 2046 3585 decim,
2066 3520 2279 3574 tertium
2304 3520 2541 3588 quinque
2569 3529 2623 3571 et
2659 3518 2843 3586 viginti
2877 3515 3205 3571 continebat.
3227 3513 3404 3583 Signi-

1854 3609 1980 3664 l‘tcat
2004 3620 2180 3664 autem
2227 3610 2278 3663 itt
2312 3610 2499 3663 borum
2530 3610 2722 3678 primo,
2756 3606 3191 3676 Quadragesima:
3224 3607 3403 3660 statim

1854 3702 2004 3755 initio
2027 3702 2335 3755 coneionari
2368 3700 2627 3769 coepisse,
2663 3709 2821 3766 atque
2853 3708 2979 3752 ante
3021 3698 3211 3769 jejunii
3264 3709 3401 3752 tem-

1854 3810 1953 3865 pus
1984 3794 2111 3847 illud
2140 3795 2444 3855 decursum,
2481 3793 2668 3860 viginti
2714 3794 2812 3845 hos
2839 3806 3119 3845 sermones
3145 3805 3249 3844 una
3284 3805 3403 3844 cum

1854 3886 1975 3938 aliis
2009 3885 2137 3938 item
2174 3884 2345 3937 tribus
2386 3891 2706 3949 quatuorve,
2768 3881 2821 3933 in
2858 3882 3036 3935 medio
3085 3881 3404 3934 concioumu

1856 3977 1906 4028 in
1933 3974 2182 4029 Genesim
2211 3974 2341 4041 (usu
2379 3974 2473 4034 ita,
2506 3979 2563 4024 ut
2595 3982 2836 4039 apparet,
2885 3971 3170 4037 veniente)
3200 3970 3408 4036 interie-

1854 4065 1978 4127 ctis,
1999 4064 2063 4119 ad
2084 4064 2331 4133 populum
2350 4060 2967 4117 deciamitasse.Auimad
2978 4069 3152 4113 vertas
3173 4075 3407 4129 quoque,

1856 4156 1959 4209 etsi
1993 4154 2313 4209 Orationum
2350 4167 2544 4207 nomen
2573 4150 2859 4221 praferant
2893 4151 2945 4204 hi
2974 4151 3093 4205 libri
3135 4152 3243 4219 (sic
3263 4152 3408 4205 enim

1856 4246 1911 4298 in
1950 4246 2013 4298 iis
2045 4244 2218 4313 reperi
2241 4244 2660 4312 exemplaribus,
2702 4257 2820 4311 qua
2850 4241 2951 4309 legi
2978 4244 3023 4310 ),
3051 4242 3286 4296 homiliis
3329 4253 3410 4296 ta-

1857 4350 1979 4390 men
2011 4334 2213 4390 similes
2249 4334 2422 4403 magis
2460 4350 2615 4397 esse,
2652 4349 2771 4387 cum
2804 4335 3016 4389 cteteris
3050 4334 3244 4397 rebus.
3298 4344 3409 4387 tum

1858 4428 1998 4497 quod
2052 4440 2420 4496 saepenumero
2470 4436 2723 4495 tanquam
2777 4436 3071 4493 prasentes
3119 4424 3411 4492 respiciens

162 4512 487 4582 δυναμένου
515 4512 613 4580 μὲν
649 4514 742 4565 καὶ
770 4512 943 4575 ἄλλως
974 4513 1188 4583 ἔχοντος
1217 4514 1311 4566 τοῦ
1362 4514 1524 4583 λόγου
1574 4517 1665 4571 καὶ
1692 4518 1751 4568 οὐ
1784 4529 1830 4588 D

1741 4537 1751 4568 ι
1784 4529 1830 4588 D
1858 4520 2151 4581 auditores,
2190 4533 2494 4573 sermonem
2526 4519 2591 4571 ad
2635 4531 2728 4571 eos
2762 4515 3053 4578 convertit,
3091 4515 3409 4583 interrogat,

167 4603 299 4655 καθ’
367 4603 587 4671 ὁμιλίαν
622 4603 692 4653 τά
722 4601 943 4657 τοιαῦτα
979 4602 1331 4673 σχηματίζειν
1360 4608 1453 4659 καλ⁸
1483 4607 1753 4659 ἐνδείκνυ-

168 4694 325 4757 σθαι,
358 4692 423 4743 ού
486 4693 591 4760 μὴν
641 4692 776 4745 ἀλλὰ
807 4692 867 4744 16
900 4694 1137 4762 συνεχῶς
1178 4696 1270 4747 καὶ
1298 4696 1570 4763 ὲπιμόνως
1599 4696 1758 4751 τοῦτο

167 4787 383 4848 ποιεῖν,
413 4784 507 4835 καὶ
534 4784 653 4853 οὐχὶ
692 4786 789 4835 σὺν
809 4784 1089 4853 οἰκονομία
1119 4786 1246 4850 τινὶ,
1288 4786 1617 4855 παρίστησιν
1636 4789 1758 4855 ὀμι-

167 4882 296 4943 λίας
362 4878 560 4939 αὐτοὺς
596 4879 639 4909 ⁸⁸
670 4872 831 4930 εῖναι.
872 4876 1076 4945 Ὢμίλει
1105 4877 1161 4929 δὲ
1190 4878 1393 4940 ταύτας
1428 4880 1505 4949 τῷ
1539 4880 1753 4949 πλήθει,

165 4974 245 5033 ὡς
276 4970 404 5022 εστι
434 4968 626 5037 μαθεῖν
655 4967 714 5030 ἐξ
745 4967 923 5019 αὐτῶν
951 4968 1175 5033 τούτων,
1212 4968 1470 5031 πολλάκις
1503 4970 1602 5037 μὲν
1633 4971 1752 5024 καθ’

1858 4608 2167 4677 respondet,
2213 4622 2276 4661 ac
2303 4606 2775 4675 pollicitationibus
2800 4606 2987 4659 utitur.
3015 4605 3085 4659 Et
3138 4614 3194 4658 ut
3243 4605 3415 4673 possit

1860 4699 2094 4753 maxime
2123 4699 2228 4751 alio
2279 4698 2331 4751 in
2364 4697 2575 4751 dicendi
2624 4710 2839 4765 genere,
2883 4711 3043 4763 quam
3072 4696 3412 4749 bomiliarum

1861 4790 1993 4854 isto,
2021 4790 2218 4843 similia
2254 4788 2489 4842 formare
2540 4798 2698 4855 atque
2745 4786 3023 4849 exhibere,
3073 4786 3199 4854 quia
3237 4796 3412 4837 tamen

1858 4882 1987 4936 illud
2016 4882 2231 4934 assidue
2277 4889 2689 4945 constanterque
2734 4878 2851 4933 sine
2902 4878 3007 4931 ullo
3045 4878 3416 4946 dispositionis

1857 4974 2045 5027 ordine
2066 4982 2267 5035 servat,
2299 4971 2548 5026 bomilias
2581 4969 2698 5023 illas
2722 4984 2842 5023 esse
2866 4970 2998 5022 satis
3024 4983 3290 5036 superque
3319 4970 3413 5021 de-

167 5061 449 5129 ὲκάστην,
491 5058 603 5111 ἐσθ’
621 5060 710 5112 ὅτε
736 5058 793 5111 δὲ
820 5060 914 5112 καὶ
944 5059 1085 5130 ὑπὲρ
1112 5060 1341 5129 ἡμέραν.
1384 5060 1538 5113 Οὕτω
1566 5063 1665 5130 μὲν
1692 5064 1752 5115 16

1743 5080 1752 5115 I
1858 5065 2047 5116 clarat.
2081 5062 2279 5115 Habuit
2315 5072 2490 5115 autem
2514 5076 2605 5115 eas
2651 5060 2719 5114 ad
2751 5060 3025 5128 populum,
3053 5070 3109 5111 ut
3140 5074 3202 5112 ex
3231 5059 3411 5127 singu-

168 5152 403 5222 πρῶτον
434 5149 657 5219 βιόλίον.
715 5152 774 5204 ὲν
798 5142 841 5217 ᾧ
873 5151 929 5203 αἱ
957 5151 1000 5183 ⁶¹
1037 5156 1086 5203 κ’
1114 5152 1341 5221 ὁμιλίαι.
1384 5154 1456 5205 T6
1489 5154 1534 5207 δ’
1566 5155 1756 5225 ἕτερον

1740 5173 1756 5209 θ
1861 5152 1925 5207 lis
1956 5153 2346 5220 deprehendas,
2384 5166 2523 5219 saepe
2549 5150 2810 5220 quotidie,
2858 5151 3125 5203 interdqu
3166 5148 3408 5202 alternis.

1468 5285 1704 5341 VARUE
1746 5287 2152 5344 LECTIONES.

255 5383 308 5414 ⁸⁵
336 5379 413 5443 οῖ,
447 5387 504 5432 ει
528 5379 663 5463 infra
681 5380 794 5463 μὲν
818 5390 941 5435 ante
960 5380 1166 5463 16,16»:
1196 5389 1318 5463 ante
1352 5380 1759 5463 ξῐεροσολύμιρνΔ
1780 5388 1958 5463 6_ante
2000 5385 2449 5463 'lmcivvqg,_a6_10‘.
2468 5394 2587 5463 post
2606 5381 2838 5463 ptgadd.
2866 5381 2927 5463 A:
3004 5379 3050 5408 ⁵⁸
3079 5376 3415 5463 προχεούσης

168 5453 237 5515 At
266 5450 653 5524 προεξερύσης
678 5450 719 5503 C
757 5452 1177 5524 ε,,προσεχούςῃς
1202 5467 1239 5513 ς
1242 5488 1261 5524 ,ο
1293 5452 1424 5504 infra
1447 5454 1524 5519 (p.
1567 5450 1630 5507 Β.
1660 5456 1781 5516 515.
1810 5455 1921 5524 52.)
1950 5454 2191 5524 σωτηρία
2209 5450 2307 5507 ’καὶ
2347 5455 2581 5522 ὠφέλεια
2610 5450 2727 5524 τοῖς
2759 5451 3094 5524 προσέχουσι
3114 5450 3414 5524 προχεῖται.

168 5525 215 5555 ⁸⁷
256 5516 463 5586 δεκαὲξ
497 5522 543 5573 Δ
581 5516 922 5574 ε’ὲκκαίδεκα
953 5516 1013 5585 ςξ
1089 5516 1143 5552 ⁸⁸⁷
1166 5520 1261 5573 καὶ
1304 5536 1412 5575 out.
1456 5516 1521 5577 Α.
1599 5523 1641 5555 ⁵³
1677 5528 1769 5577 καὶ
1803 5516 1913 5579 om.
1943 5524 2005 5579 C.
2081 5516 2129 5556 ³ο
2163 5524 2355 5587 αύτούς
2388 5516 2474 5577 AC
2512 5541 2524 5576 :
2564 5523 2731 5584 αύτάς
2760 5516 2819 5585 ςζ
2895 5521 2937 5550 ⁸¹
2981 5520 3037 5569 αἱ
3070 5516 3156 5571 AC
3189 5536 3201 5569 :
3232 5518 3322 5569 καί
3350 5533 3412 5579 ς.

1674 5637 1902 5695 NOTAE.

245 5734 371 5803 (86)
392 5732 559 5814 cuius
585 5741 641 5813 et
670 5733 1005 5814 delitacipsa'
1041 5732 1346 5814 recpistola
1373 5744 1575 5814 _chstat
1612 5736 1900 5805 enryclica.
1962 5739 2091 5795 Vide
2140 5742 2263 5795 Sur.
2315 5750 2441 5793 tum.
2476 5739 2562 5798 IV.
2612 5748 2666 5791 ct
2724 5735 2783 5788 D.
2834 5735 3025 5788 Barou.
3081 5741 3208 5786 tom.
3249 5728 3289 5781 V
3345 5731 3413 5785 ad

173 5802 383 5861 annum
431 5804 635 5860 αυτ-ἱειιὶ
704 5804 808 5858 415
860 5820 914 5859 et
964 5804 1082 5857 Νυι.
1116 5802 1337 5873 Martyr.
1373 5802 1405 5856 5
1443 5807 1683 5874 Augusti.
