4224 6446
742 441 846 505 503

1898 430 2127 491 ΡΗΟΤΙ
2137 431 2161 490 Ι
2203 426 2711 491 ΡΛΤΒΙΑΙὶΕΠίΕ
2739 431 2848 494 UP.

3880 433 3989 501 5M

739 555 818 609 ita
842 570 901 607 se
930 551 1161 621 primum
1197 548 1299 600 hoc
1329 545 1517 614 viginti
1552 542 1899 598 homiliarum
1932 541 2177 595 volumen
2212 541 2311 593 ha-
2340 550 2386 601 Α

2340 550 2386 601 Α
2418 538 2646 608 βισλίον,
2682 538 2804 607 ἕχον
2834 545 2907 601 ις’
2935 538 3146 606 λόγους,
3166 540 3293 602 τοὺς
3322 540 3418 607 μὲν
3436 540 3687 608 πρώτους
3719 545 3762 604 ζ’
3792 544 3871 595 ἔτι
3896 547 4001 611 τῆς

739 652 850 703 bet.
895 648 1138 699 Alterum
1172 638 1368 694 deinde
1414 638 1648 691 sedecim
1676 618 1961 691 orationes
1999 634 2315 702 complecti-

739 751 857 799 tur,
886 748 1114 805 quarum
1145 730 1354 800 priores
1404 739 1611 796 septem
1666 729 1901 780 durante
1945 726 2121 779 adhuc
2169 724 2314 789 Qua-

740 828 1038 897 dragesima
1094 821 1343 884 habitas,
1383 828 1627 886 apparet,
1672 828 1731 870 ut
1799 817 1967 869 totius
2001 814 2314 883 Quadrage-

740 925 890 976 sima:
969 928 1209 982 tempore
1286 926 1455 980 usque
1533 912 1597 963 ad
1680 906 2030 961 hebdomadis
2116 914 2314 957 saneta:

741 1012 928 1064 feriam
962 1014 1231 1075 quartam,
1288 1000 1473 1069 viginti
1502 1008 1706 1065 septem
1735 998 1789 1049 in
1825 994 2075 1048 Genesim
2107 993 2312 1045 oratio-

742 1117 836 1155 nes
867 1099 1120 1152 habuisse
1150 1101 1383 1148 constet.
1437 1089 1623 1157 Neque
1662 1100 1793 1141 vero
1840 1084 2061 1139 secundi
2087 1082 2313 1136 volumi-

744 1197 825 1247 nis
855 1206 1138 1247 sermones
1168 1188 1362 1254 reliqui
1407 1199 1620 1246 noveut,
1658 1190 1711 1233 et
1744 1179 1890 1235 tertii
1929 1175 2119 1245 viginti
2150 1174 2313 1241 quin-

742 1301 846 1353 que
872 1321 889 1345 ,
940 1282 1123 1334 statim
1156 1288 1321 1345 atque
1353 1275 1693 1329 continenter
1732 1268 1925 1338 119a
1955 1276 2075 1337 post
2106 1265 2311 1319 Pascha

747 1375 936 1455 lnhiti.
991 1373 1123 1424 Nam
1160 1380 1281 1437 post
1340 1366 1616 1420 homiliam
1673 1362 1805 1414 feria
1850 1369 2041 1429 quarta
2093 1356 2313 1425 majoris

2413 629 2864 699 τεσσαρακοστῆς
2905 630 3261 698 ἐνισταμένης
3321 632 3585 701 ὑπεδήλου
3620 635 4001 705 καθομιληθῆ-

2415 738 2524 779 ναι,
2555 720 2629 781 ὼς
2672 718 2810 771 εἶναι
2833 723 2957 784 τοὺς
2985 721 3053 773 δι’
3081 722 3208 788 ὅλης
3235 722 3383 790 αύτῷ
3416 724 3515 792 τῆς
3547 729 4003 795 τεσσαρακοστῆς

2416 811 2578 880 μέχρι
2602 812 2699 878 τῆς
2741 811 2983 882 μεγάλης
3017 814 3273 882 τετράδος
3294 813 3402 865 τῶν
3424 817 3503 877 είς
3535 816 3631 885 τὴν
3660 817 3884 870 Γένεσιν
3907 818 4000 869 λό-

2412 918 2545 966 γους
2577 902 2680 963 κζ’.
2714 904 2778 954 Οἱ
2805 902 2861 953 δὲ
2894 902 3175 957 ὑπόλοιποι
3207 903 3356 971 λόγοι
3405 906 3561 959 ἐννέα
3607 908 3701 959 τοῦ
3728 910 3919 980 ἑτέρου
3957 909 4002 938 ⁶¹

2420 992 2628 1060 βιϐλίου
2656 994 2749 1044 καὶ
2781 996 2828 1045 οἱ
2856 994 3034 1045 λοιποὶ
3060 1001 3138 1047 κε’
3186 994 3279 1047 τοῦ
3307 994 3490 1065 τρίτου
3524 996 3624 1048 οὑκ
3659 999 3822 1059 εὐθὺς
3856 998 4001 1066 ὡμι-

2414 1082 2681 1153 λήθησαν,
2708 1084 2828 1136 οὑδέ
2852 1085 3089 1153 συνεχῶς
3107 1086 3242 1153 μετά
3269 1086 3328 1137 τὸ
3352 1086 3563 1155 Πάσχα.
3588 1086 3745 1139 Μετά
3766 1088 3875 1155 γάρ
3898 1088 4000 1154 τὴν

2413 1177 2474 1227 ἐν
2526 1177 2597 1242 τῇ
2638 1176 2848 1245 μεγάλῃ
2886 1177 3100 1245 τετράδι
3126 1176 3367 1243 ὁμιλίαν.
3399 1178 3521 1246 ἦτις
3548 1172 3617 1246 ἦν
3647 1176 3755 1227 τῶν
3782 1180 3864 1237 εἰς
3902 1180 4003 1243 τὴν

2413 1264 2631 1315 Γένεσιν
2651 1264 2753 1327 κζ’,
2777 1263 3049 1333 ὠμίληται
3073 1266 3222 1335 αὑτῷ
3244 1267 3288 1297 ⁸³
3310 1269 3376 1336 τῇ
3402 1266 3602 1333 ἐφεξῆς
3623 1267 3701 1328 εἰς
3724 1266 3816 1317 τὸν
3837 1284 4005 1317 σταυ-

2416 1356 2529 1426 ρὸν,
2564 1353 2683 1408 εἶτα
2717 1360 2797 1417 εἰς
2821 1358 2921 1426 τὴν
2945 1358 3256 1427 προδοσίαν,
3291 1360 3385 1410 καὶ
3412 1358 3597 1412 λοιπὸν
3621 1359 3821 1427 ἐφεξῆς
3855 1361 4002 1412 κατά

744 1450 1092 1518 hebdomadis
1132 1460 1411 1521 habitam,
1456 1470 1575 1524 qua:
1604 1455 1655 1506 in
1692 1451 1946 1506 Genesim
1975 1450 2203 1516 septima
2232 1455 2315 1500 est

743 1568 905 1625 atque
940 1554 1218 1619 vicesima,
1251 1548 1608 1602 concionatus
1635 1554 1720 1598 est
1746 1542 2000 1608 deinceps
2025 1541 2091 1592 de
2124 1546 2311 1591 sancta

743 1661 925 1708 cruce,
958 1645 1083 1697 hinc
1119 1643 1184 1694 de
1216 1638 1520 1709 proditione
1556 1634 1705 1689 Juda‘.
1740 1652 1753 1687 :
1790 1641 1952 1698 atque
1998 1628 2073 1682 ita
2123 1628 2313 1681 ordine

2410 1447 2511 1509 τὰς
2542 1447 2965 1509 ἀνακυπτούσας
3012 1447 3123 1499 τῶν
3162 1448 3385 1517 ἡμερῶν
3434 1448 3774 1519 πανηγύρεις
3812 1467 3871 1501 τε
3902 1452 4000 1502 καὶ

2412 1537 2697 1599 ὑποθέσεις
2756 1538 3033 1605 ἀναλόγως
3069 1541 3124 1590 αἰ
3153 1539 3361 1606 ὁμιλίαι
3411 1540 3669 1607 ἐγίνοντο.
3714 1540 3823 1593 Καὶ
3858 1540 4003 1609 μετὰ

2409 1630 2508 1690 τὰς
2538 1629 2666 1697 περὶ
2694 1629 3042 1691 ἀναστάσεως
3068 1630 3285 1698 ὁμιλίας
3307 1629 3584 1698 ὡμίλησεν
3616 1631 3696 1691 εἰς
3722 1630 3820 1693 τὰς
3851 1631 4006 1700 Πρά-

744 1744 905 1802 prout
939 1732 1058 1785 festi
1088 1732 1226 1791 dies,
1260 1731 1373 1783 sive
1408 1733 1723 1793 argumenta
1755 1722 2061 1773 inciderunt
2088 1758 2103 1781 ,
2138 1716 2312 1770 homi-

2412 1722 2521 1787 ξεις
2549 1724 2807 1793 συνεχῶς,
2844 1725 2919 1785 ὡς
2946 1724 2989 1754 ⁸⁸
3036 1725 3197 1786 αὐτὸς
3224 1726 3429 1787 ἐκεῖνος
3458 1725 3760 1795 ἀρχόμενος
3786 1726 3881 1776 τοῦ
3914 1724 4004 1791 κη’

742 1831 825 1882 lim
858 1841 1072 1895 quoque
1098 1833 1293 1891 aptata:
1317 1828 1462 1875 sunt.
1488 1816 1603 1872 Jam
1626 1824 1746 1885 post
1772 1811 2185 1867 resurrectionis
2212 1810 2309 1863 ho-

2354 1887 2393 1895 ᾎ
2417 1814 2573 1881 λόγου
2590 1816 2697 1865 τῶν
2726 1816 2804 1875 εἰς
2826 1814 2922 1884 τὴν
2954 1814 3169 1866 Γένεσιν
3190 1815 3610 1884 ἐπισημαίνεται
3646 1834 3661 1846 ο
3691 1816 3769 1877 ὃν,
3799 1815 3877 1875 ὡς
3909 1816 4000 1884 δῆ-

742 1920 919 1971 iuilias
968 1917 1017 1967 in
1052 1913 1416 1981 aposmlorum
1443 1908 1573 1961 Acta
1605 1906 1942 1960 continenter
1976 1901 2140 1957 verba
2174 1901 2319 1963 fecit,
2354 1887 2397 1941 Β

2354 1887 2397 1941 Β
2421 1904 2531 1968 λον,
2588 1906 2681 1956 καὶ
2718 1906 2846 1967 τοὺς
2883 1907 2979 1958 σὺν
3023 1905 3169 1973 αὑτῷ
3208 1908 3342 1973 μετά
3395 1908 3559 1959 πολὺν
3599 1908 3787 1975 χρόνον
3833 1924 4001 1977 προσ-

743 2005 1195 2076 qneutadmodum
1230 2004 1340 2068 ipse
1377 2008 1620 2052 octavam
1648 2010 1807 2063 supra
1837 1994 2171 2054 vicesimam,
2196 2005 2313 2057 quae

2414 1992 2706 2063 ωμίλησεν.
2732 1996 2797 2045 Αἱ
2848 1994 2957 2063 γάρ
2982 1994 3061 2056 εἰς
3088 1967 3187 2056 τάς
3208 1967 3449 2063 ’Πράξεις
3479 1967 3684 2064 ὁμιλίαι
3711 2002 3783 2047 vr.’
3819 1967 4003 2064 ⁸⁵’μέν

746 2098 988 2163 sequitur
1018 2096 1069 2146 in
1098 2092 1352 2146 Genesim
1382 2089 1682 2141 orationem
1708 2084 2019 2152 auspicatus
2048 2082 2309 2145 ostendit,

746 2205 927 2255 quam,
956 2199 1013 2240 ut
1039 2194 1283 2255 apparet,
1328 2198 1449 2236 cum
1492 2180 1712 2247 reliquis
1741 2178 1759 2249 [
1786 2178 1942 2244 hujus
1976 2173 2314 2245 argumenti]

750 2284 908 2345 Iutth
952 2287 1071 2346 post
1104 2287 1346 2343 tempore
1376 2272 1580 2324 habuit.
1605 2268 2006 2337 Quinquaginta
2039 2266 2181 2321 enim
2214 2265 2318 2316 illis

753 2374 805 2427 iu
859 2370 993 2425 Acta
1023 2366 1261 2421 homiliis
1300 2362 1586 2417 recitandis
1619 2376 1783 2413 unum
1812 2358 1980 2413 ferme
2004 2371 2203 2410 annum
2235 2356 2318 2407 in-

749 2462 999 2530 sumpsit,
1032 2474 1153 2513 cum
1186 2471 1292 2510 non
1345 2454 1583 2522 quotidie
1614 2466 1799 2517 unam,
1861 2450 1953 2504 sed
1986 2449 2174 2516 quinto
2205 2458 2323 2499 tan-

751 2565 862 2607 tum
902 2560 992 2604 aut
1026 2551 1258 2618 septimo
1294 2548 1401 2611 die,
1438 2554 1492 2599 et
1521 2542 1810 2612 aliquando
1843 2542 2020 2595 rarius
2041 2539 2202 2593 etiam
2229 2552 2323 2592 eas

748 2644 994 2701 recitarit
1026 2660 1041 2696 :
1072 2653 1129 2696 et
1174 2640 1413 2707 quidam,
1465 2645 1523 2688 ut
1558 2636 1785 2702 ipsemet
1818 2632 1999 2697 tradit,
2051 2645 2172 2684 cum
2216 2640 2326 2681 ler-

750 2734 885 2785 tium
912 2731 1020 2800 jam
1055 2743 1254 2782 annum
1287 2724 1477 2795 prmsul
1510 2734 1673 2777 esset.
1728 2724 1874 2787 Quas
1905 2735 2030 2773 vero
2062 2720 2114 2771 in
2150 2717 2320 2772 Gene-

752 2828 852 2879 sim
886 2824 1123 2892 scripsit,
1149 2836 1254 2889 quo
1278 2820 1386 2871 sint
1439 2826 1677 2883 tempore
1730 2814 1946 2875 habitae,
2032 2827 2138 2865 non
2175 2809 2326 2879 potui

755 2928 1108 2984 cognoscere.
1155 2911 1386 2964 Tantum
1429 2907 1473 2961 si
1503 2907 1623 2961 illas
1656 2921 1685 2957 a
1738 2920 1797 2957 se
1839 2904 2050 2957 habitas
2079 2902 2329 2955 homilias

754 3017 1006 3061 sermone
1039 3003 1129 3056 illo
1170 3014 1338 3053 xxvm
1373 2997 1642 3059 meminit,
1686 3009 1820 3063 quas
1852 2994 2010 3046 tertio
2040 2992 2329 3060 episcopa-

755 3109 845 3152 tus
878 3111 1020 3149 anno
1078 3091 1422 3160 composuit:
1453 3102 1623 3157 neque
1654 3088 1721 3141 de
1759 3086 1878 3139 aliis
1900 3100 2059 3154 quam
2101 3084 2153 3136 in
2197 3083 2330 3135 Acta

756 3189 993 3257 scriptis,
1026 3185 1100 3240 ibi
1158 3182 1489 3239 mentionem
1537 3179 1664 3232 facit
1692 3178 1856 3247 (quod
1917 3175 2162 3244 equidem
2206 3174 2333 3227 hac-

2418 2088 2547 2149 εἱσι,
2582 2086 2763 2155 σχεδὸν
2788 2086 2842 2138 δὲ
2868 2087 2935 2139 δι’
2963 2087 3083 2138 ὅλου
3132 2087 3281 2156 αὐτῷ
3317 2086 3411 2139 τοῦ
3457 2088 3707 2139 ἐνιαυτοῦ
3754 2089 4002 2158 ἐρῤήίέη-

2421 2197 2517 2231 σαν
2546 2194 2559 2209 ⁶
2591 2181 2652 2231 οὑ
2687 2178 2794 2248 γὰρ
2833 2179 2954 2231 καθ’
2986 2180 3200 2248 ἡμέραν
3224 2180 3450 2243 ταύτας,
3480 2179 3616 2232 ἀλλά
3655 2182 3747 2232 καὶ
3778 2181 3918 2250 ὑπὲρ
3952 2178 3993 2231 ε’

2419 2271 2515 2323 καὶ
2545 2272 2684 2339 ὑπὲρ
2710 2272 2750 2331 ζ’
2800 2270 2924 2340 [588
2963 2269 3053 2341 IL]
3087 2271 3179 2322 καὶ
3206 2272 3377 2323 πλείω
3417 2272 3739 2340 καθωμίλει.
3774 2274 3873 2333 ’Λς
3903 2272 4003 2339 δῆ-

2421 2361 2509 2411 λον
2564 2362 2724 2422 αὐτὸς
2779 2364 2915 2412 ποιεῖ
2973 2361 3051 2412 ὅτι
3106 2362 3513 2431 ἀρχιερατεύων
3558 2362 3698 2415 κατά
3733 2362 3792 2413 τὸ
3814 2362 4003 2431 τρίτον

2422 2451 2538 2510 ἔτος
2566 2449 2829 2517 ὡμίλησε.
2864 2449 2975 2511 Τάς
3010 2448 3129 2519 [εοι
3166 2449 3255 2519 H.]
3282 2450 3326 2502 δ’
3357 2454 3436 2513 εἰς
3484 2451 3581 2520 τὴν
3626 2452 3848 2505 Γένεσιν
3898 2453 4005 2504 οὐκ

2424 2540 2652 2608 ἔσχομεν
2678 2540 2879 2606 γνῶναι
2908 2540 3069 2592 ὁπότε
3097 2541 3378 2609 ὁμιλήσειε
3411 2543 3485 2573 ⁸⁸·
3520 2543 3658 2611 πλὴν
3690 2544 3735 2593 εί
3773 2541 4003 2594 ἐκείνων

2429 2635 2697 2702 μέμνηται
2720 2632 2828 2683 τῶν
2869 2633 3092 2700 ὁμιλιῶν
3133 2634 3190 2684 ἐν
3220 2634 3299 2703 τῷ
3333 2642 3417 2701 κη’
3440 2634 3580 2703 λόγῳ
3608 2636 3888 2704 ὁμιλῆσαι,
3938 2634 4003 2694 ἃς

2425 2725 2512 2776 διὰ
2538 2724 2631 2776 τοῦ
2658 2724 2840 2791 τρίτου
2873 2722 3027 2781 ἔτους
3056 2725 3154 2791 τῆς
3181 2725 3585 2794 ἀρχιερωσύνης
3628 2726 3791 2778 αὑτοῦ
3829 2725 4007 2792 ἐξειρ-

2426 2812 2653 2878 γάσατο,
2689 2810 2824 2861 ἀλλά
2857 2811 2930 2879 μὴ
2973 2810 3177 2879 ἐτέρων
3216 2811 3379 2864 τινῶν
3417 2814 3565 2883 παρὰ
3588 2814 3630 2844 ⁶⁷
3653 2813 3859 2875 ταύτας
3896 2812 4009 2880 (οὑ-

2429 2919 2515 2953 πω
2553 2903 2662 2969 γὰρ
2689 2901 2842 2953 τοῦτο
2882 2901 3096 2970 ἔγνων),
3126 2902 3282 2969 δῆλον
3304 2904 3385 2955 ὅτι
3412 2907 3500 2956 καὶ
3524 2904 3724 2965 ταύτας
3751 2906 4011 2973 ἀρχιερα⁹

2430 2992 2600 3043 τεύων
2654 2992 3051 3053 κατεσκεύασε,
3103 2991 3201 3053 τὰς
3237 2992 3333 3061 μὲν
3378 2991 3460 3057 κζ’
3502 2997 3570 3063 τῇ
3592 2999 4007 3065 τεσσαρακοστῇ

2431 3083 2524 3133 τοῦ
2552 3082 2803 3151 δευτέρου
2832 3084 3003 3146 ἔτους,
3039 3083 3139 3146 τὰς
3174 3083 3230 3136 δὲ
3260 3084 3453 3149 λοιπὰς
3479 3085 3551 3138 λδ⁹
3580 3089 3637 3139 ἐν
3659 3086 3735 3157 τῷ
3763 3087 4013 3157 τετάρτῳ

2434 3173 2564 3226 ἔτει.

759 3294 917 3347 tenus
950 3295 1055 3334 non
1088 3276 1234 3346 potui
1270 3267 1723 3341 deprehendere),
1748 3264 1942 3334 prtesul
1972 3264 2223 3317 nimirum
2255 3277 2375 3316 cum
2406 3272 2568 3325 esset,
2596 3263 2757 3315 etiam
2778 3263 2874 3317 has
2910 3264 3278 3329 contexuerit;
3312 3267 3499 3336 viginti
3549 3268 3766 3337 quidem
3809 3278 3864 3323 et
3926 3288 4017 3325 se-

757 3391 902 3452 ptem
957 3373 1177 3429 secundi
1224 3369 1351 3424 anni
1413 3365 2101 3434 Qtiadragesima,ca:teras
2176 3358 2297 3411 dein
2356 3358 2575 3426 triginta
2607 3366 2863 3423 quattuor,
2904 3373 3044 3410 anno
3075 3366 3294 3423 quarto.

829 3471 1005 3527 Dictio
1037 3470 1126 3522 hic
1157 3466 1301 3520 illius
1328 3464 1393 3517 de
1418 3475 1569 3515 more
1602 3458 1888 3528 perspicua
1908 3463 1961 3507 et
1982 3467 2133 3521 pura,
2154 3450 2333 3521 splen-
2358 3461 2401 3522 ρ

762 3566 883 3620 dida
938 3565 1158 3629 insuper
1203 3572 1265 3610 ac
1306 3555 1478 3609 ﬂuens
1539 3557 1804 3620 apparet,
1834 3545 2059 3600 multam
2114 3543 2330 3596 interim

764 3672 886 3712 eum
944 3666 1199 3708 sensuum
1270 3647 1591 3699 varietatem
1630 3681 1646 3705 ,
1718 3651 1828 3693 tum
1906 3634 2331 3705 gratissimorum

766 3743 1133 3811 exemplorum
1157 3738 1371 3805 copiam
1404 3732 1685 3787 exhibens.
1718 3729 1773 3781 In
1806 3726 2008 3781 humile
2035 3733 2212 3777 tamen
2247 3720 2336 3774 hic

770 3833 979 3889 dicendi
1011 3845 1179 3901 genus
1210 3827 1375 3879 dictio
1407 3823 1634 3891 pronior
1684 3829 1836 3871 tanto
1888 3824 1969 3869 est
2002 3831 2086 3877 ea,
2123 3828 2231 3883 qua
2281 3812 2335 3865 in

768 3925 1001 3981 homiliis
1059 3923 1113 3975 in
1170 3922 1302 3973 Acta
1362 3913 1726 3983 apostolorum
1786 3910 1995 3972 utitur,
2062 3906 2332 3967 inferior,

768 4028 969 4086 quanto
982 4015 1097 4067 haec
1116 4030 1142 4064 a
1162 4005 1583 4063 Commentariis
1613 4004 1663 4056 in
1682 3999 1994 4070 Apostolum
2014 4012 2076 4052 ac
2099 3995 2337 4050 Psalmos

772 4115 1075 4175 superatur.
1107 4103 1241 4155 Cum
1274 4100 1417 4151 enim
1452 4098 1650 4163 ubique
1684 4094 1984 4147 orationem
2028 4102 2239 4157 puram,
2276 4086 2338 4139 il-

772 4196 996 4248 lustrem
1020 4206 1083 4244 ac
1114 4191 1251 4243 bene
1279 4184 1597 4254 dispositam
1631 4197 1737 4235 non
1762 4180 1879 4235 sine
1903 4178 2177 4246 voluptate
2204 4176 2338 4228 arti-

775 4286 957 4339 ﬁciose
977 4290 1229 4336 conterat
1259 4295 1272 4331 :
1306 4278 1358 4329 in
1390 4276 1474 4328 his
1504 4273 1741 4327 maxime
1784 4270 2002 4337 scriptis
2050 4266 2338 4320 virtutibus

774 4376 901 4438 illis,
934 4371 1414 4439 exemplorumque
1444 4366 1721 4428 ubertate,
1778 4369 1941 4427 atque
1971 4359 2340 4427 enthymema-

775 4476 888 4520 tum
931 4463 1114 4531 copia,
1178 4468 1381 4513 etcum
1416 4455 1487 4508 ita
1518 4468 1653 4522 opus
1700 4460 1825 4515 est,
1873 4450 2035 4503 etiam
2076 4448 2341 4516 gravitate

776 4555 1008 4611 excellit.
1035 4552 1199 4619 Quin,
1232 4558 1289 4602 ut
1317 4546 1486 4603 semel
1527 4545 1700 4598 dicam
1723 4582 1737 4607 ,
1771 4541 1951 4595 verbis
2002 4542 2115 4593 haec
2149 4553 2339 4591 monuo

776 4660 976 4713 menta,
1010 4642 1421 4712 compositione,
1456 4638 1736 4697 methodo,
1762 4633 2028 4696 sensibus,
2062 4642 2116 4684 et
2154 4632 2207 4684 id
2249 4644 2340 4697 ge-

776 4755 875 4793 nus
908 4746 1200 4806 apparatu,
1234 4729 1679 4801 prazstantissime
1711 4733 1971 4779 exornata
2011 4724 2197 4776 edidit.
2229 4721 2345 4774 Cae-

2517 3449 2581 3501 Ἦ
2609 3450 2663 3500 δὲ
2694 3449 2892 3519 φράσις
2924 3451 3072 3519 αὑτῷ
3101 3452 3240 3521 μετὰ
3275 3453 3375 3521 τῆς
3417 3453 3679 3522 συνήθους
3712 3455 4013 3524 σαφηνείας

2436 3542 2529 3593 καὶ
2559 3540 2930 3610 καθαρότητος
2959 3542 3052 3594 καὶ
3086 3543 3147 3595 τὸ
3182 3544 3442 3614 λαμπρὸν
3474 3547 3565 3596 καὶ
3592 3544 3785 3615 εὑρουν
3841 3548 4015 3599 ἐνδεί-

2435 3650 2645 3697 κνυται,
2704 3633 2765 3684 τὸ
2823 3633 3092 3701 πολύχουν
3140 3634 3247 3686 τῶν
3293 3638 3579 3705 νοημάτων
3627 3639 3720 3689 καὶ
3758 3637 3858 3705 τὴν
3906 3640 4017 3689 τῶν

2436 3724 2897 3793 παραδειγμάτων
2946 3727 3405 3795 προσφυεστάτην
3455 3728 3716 3795 εὐπορίαν
3777 3744 4015 3780 συνυπο-

2437 3814 2718 3881 φαίνουσα.
2764 3815 3095 3869 Ἥλάττωται
3138 3817 3195 3868 δὲ
3225 3818 3372 3885 ὅμως
3401 3818 3498 3885 τῆς
3532 3820 3589 3867 ἐν
3620 3819 3737 3879 ταῖς
3772 3818 4016 3887 Πράξεσι

2437 3904 2695 3971 φράσεως
2734 3906 2825 3958 ἐπὶ
2859 3906 2924 3957 τὸ
2972 3908 3356 3976 ταπεινότερον
3393 3909 3845 3978 ἀπενηνεγμένη,
3893 3911 4018 3962 ὅσον

2436 3994 2543 4045 τῶν
2578 3997 2657 4056 εἰς
2708 3996 2797 4048 τὸν
2832 3997 3153 4048 Ἀπόστολον
3196 3999 3500 4067 ἐρμηνειῶν
3540 3999 3636 4049 καὶ
3670 3999 3749 4051 ἔτι
3797 4000 3909 4051 τῶν
3939 4003 4018 4063 εἰς

2437 4083 2526 4135 τὸν
2555 4085 2820 4154 Ψαλτῆρα
2849 4088 3257 4156 ὑπομνημάτων
3287 4090 3319 4157 ἡ
3354 4092 3410 4141 ἐν
3440 4092 3557 4151 ταῖς
3587 4086 3857 4160 Πράξεσιν
3884 4092 4020 4144 ὑπο-

2437 4172 2701 4227 λείπεται.
2732 4176 3012 4244 Πανταχοῦ
3040 4176 3149 4244 γὰρ
3175 4179 3285 4237 τοῖς
3338 4177 3516 4244 λόγοις
3554 4178 3717 4230 αὑτοῦ
3749 4179 3811 4229 τὸ
3841 4180 4019 4232 καθα-

2447 4266 2535 4335 ρὸν
2592 4267 2686 4318 καὶ
2745 4267 2992 4336 λαμπρὸν
3066 4270 3158 4320 καὶ
3207 4269 3455 4337 εύκρινὲς
3512 4272 3651 4337 μετὰ
3708 4270 3804 4323 τοῦ
3862 4272 4018 4340 ἡδέος

2438 4357 2801 4425 τεχνουργῶν,
2845 4359 3051 4419 τούτοις
3101 4376 3159 4409 τε
3192 4359 3429 4411 ἐνταῦθα
3463 4359 3694 4427 μάλιστα
3724 4360 4020 4428 διαπρέπει

2442 4450 2537 4498 καὶ
2571 4450 2634 4515 τῇ
2675 4446 2784 4499 τῶν
2821 4449 3282 4518 παραδειγμάτων
3316 4450 3545 4521 εὐπορίᾳ
3576 4452 3667 4501 καὶ
3691 4454 3756 4520 τῇ
3788 4452 3900 4503 τῶν
3932 4455 4022 4502 ἐν-

2442 4537 2777 4606 θυμημάτων
2797 4536 3026 4606 ἀφθονία
3058 4539 3170 4601 καὶ,
3205 4540 3377 4590 εἵπου
3420 4540 3547 4604 δέοι,
3591 4542 3684 4592 καὶ
3712 4541 3983 4611 δεινότητι
4004 4582 4019 4603 ,

2444 4631 2536 4679 καὶ
2564 4627 2751 4688 ἁπλῶς
2773 4626 2829 4681 ἔν
2871 4645 2928 4679 τε
2975 4628 3118 4691 λέξει
3159 4630 3252 4680 καὶ
3290 4630 3531 4699 συνθήκη
3563 4632 3656 4681 καὶ
3688 4631 3900 4701 μεθόδῳ
3928 4634 4022 4685 καὶ

2446 4721 2681 4788 νοήμασι
2715 4718 2807 4769 καὶ
2830 4722 2895 4786 τῇ
2936 4720 3028 4791 ὅλῃ
3063 4720 3107 4750 ⁸⁸
3145 4724 3458 4791 κατασκευῇ
3490 4722 3683 4791 ἄριστα
3730 4724 3895 4775 τάσδε
3924 4724 4021 4787 τάς

780 4799 957 4887 terum
976 4799 1217 4898 quamam
1238 4799 1302 4877 in
1339 4820 1577 4891 Apostoli
1601 4818 1869 4884 Epistolas
1893 4814 2191 4868 Antiochia:
2214 4813 2337 4865 dum
2366 4799 2419 4856 D

2366 4799 2419 4856 Ι)
2448 4810 2765 4879 συγγραφάς
2796 4811 3153 4876 ὑπεστήσατο.
3194 4812 3349 4863 Ἀλλά
3366 4814 3463 4874 τὰς
3494 4815 3589 4881 μὲν
3613 4815 3690 4875 εἰς
3724 4815 3817 4865 τὸν
3861 4816 4021 4867 Ἀπό-

780 4932 981 4993 ageret,
1001 4917 1378 4981 elaboraverit,
1405 4923 1457 4967 et
1480 4910 1817 4966 accuratiora
1844 4907 2055 4976 quidem
2088 4904 2195 4967 illa,
2226 4918 2346 4971 qua:

783 5018 907 5069 item
940 5010 1133 5081 praesul
1173 5005 1574 5072 conscripserit,
1607 5017 1669 5055 ex
1698 5000 1801 5053 illis
1825 4998 1954 5067 ipsis
1980 4997 2132 5050 facile
2173 5004 2347 5063 potest

785 5104 1045 5174 dignosci.
1094 5101 1223 5166 Quae
1274 5107 1451 5150 autem
1491 5095 1555 5146 ad
1597 5092 1877 5145 historiam
1920 5089 2347 5142 Commentario-

784 5213 899 5250 rum
926 5197 976 5248 in
1001 5193 1243 5246 PsaTuios
1262 5186 1550 5256 pertinent,
1567 5196 1893 5251 cognoscere
1915 5179 2146 5231 nondum
2175 5176 2344 5237 licuit,

788 5288 887 5341 nisi
911 5287 1029 5355 quis
1050 5283 1189 5337 forte
1226 5282 1333 5332 vim
1358 5317 1372 5339 ,
1410 5277 1647 5342 aliasque
1682 5272 1891 5325 dicendi
1924 5272 2146 5322 virtutes
2173 5266 2350 5332 suspi-

788 5384 934 5435 ciens
956 5420 970 5444 ,
998 5380 1227 5430 otiosum
1254 5372 1339 5425 illa
1359 5371 1559 5441 potius,
1590 5382 1746 5435 quam
1784 5364 2009 5432 publicis
2036 5364 2346 5414 immersum

791 5470 1016 5539 negotiis
1036 5507 1049 5532 ,
1075 5466 1383 5520 elaborasse
1400 5459 1647 5513 aﬂirmet.
1669 5455 1822 5521 Quod
1856 5453 2023 5508 sicubi
2053 5451 2348 5505 sententia-

2454 4902 2637 4953 στολον
2669 4901 2812 4952 ἔστιν
2843 4900 2903 4963 ἐξ
2942 4901 3117 4952 αὑτῶν
3159 4902 3381 4953 ἐκείνων
3424 4904 3743 4969 ἐπιγνῶναι,
3775 4906 3930 4957 ποῖαί
3962 4924 4020 4959 τε

2454 4992 2628 5045 αὑτῶν
2670 4995 2726 5045 ὲν
2785 4993 3085 5063 Ἀντιοχείᾳ
3138 4994 3470 5062 διατρίϐοντι
3508 4995 3937 5065 ὲξεπονήθησαν,
3968 4998 4025 5053 αἱ

2453 5086 2546 5137 καὶ
2580 5085 2779 5152 μᾶλλον
2825 5084 3230 5154 διηκρίὸωνται.
3260 5086 3351 5137 καὶ
3380 5088 3528 5137 ποῖαι
3578 5087 4025 5156 ἀρχιερατεύοντι

2457 5176 2794 5245 ἐποιήθησαν
2821 5191 2834 5203 ⁸
2872 5174 2971 5236 τὰς
2997 5176 3054 5227 δὲ
3084 5177 3162 5237 εἰς
3189 5176 3314 5236 τοὺς
3339 5176 3599 5245 Ψαλμοὺς
3627 5174 3777 5227 οὔπω
3829 5176 4026 5245 ἔχομεν

2456 5270 2578 5320 ὅσον
2606 5267 2649 5297 δ’
2677 5265 2795 5318 καθ’
2840 5267 3077 5335 ἱστορίαν
3110 5266 3334 5331 γνῶναι,
3364 5267 3501 5335 πλὴν
3540 5267 3591 5318 εἴ
3618 5284 3700 5328 τις
3735 5268 3834 5335 τὴν
3868 5268 4027 5319 δύνα-

2460 5378 2549 5429 μιν
2574 5359 2668 5410 καὶ
2696 5357 2794 5427 τὴν
2825 5357 2992 5426 ἄλλην
3028 5357 3227 5427 ἀρετὴν
3253 5357 3346 5409 τοῦ
3380 5358 3538 5425 λόγου
3564 5357 3861 5425 θαυμάζων
3904 5376 4026 5427 σχο-

2455 5452 2686 5515 λάζοντα
2720 5450 2882 5502 αὑτὸν
2912 5450 3110 5520 μᾶλλον
3140 5449 3254 5502 ἀλλ’
3282 5451 3346 5502 οὑ
3383 5450 3670 5520 πράγμασι
3701 5453 3904 5513 κοινοῖς
3936 5454 4023 5502 ἐν-

2101 5625 2336 5681 νΑιιιλΕ
2379 5624 2783 5682 LECTIONES.

866 5767 909 5795 “
943 5763 1128 5832 ἐτέρου
1160 5762 1198 5812 Α
1232 5776 1243 5810 :
1272 5758 1525 5828 δευτέρου
1560 5772 1646 5832 ς..
1725 5752 1769 5782 ⁸³
1798 5748 1944 5832 αὺξῷ
1996 5750 2116 5803 add-
2173 5752 2233 5802 Α·

799 5839 839 5867 u
886 5821 1152 5903 παράᾏε
1196 5829 1321 5897 περί
1353 5821 1444 5891 ς,’
1519 5826 1562 5856 τη
1604 5823 1697 5891 ὅλη
1735 5825 1778 5874 Α
1815 5821 1974 5888 εᾶλλη
2005 5838 2062 5883 ς.

2341 5752 2384 5779 δ”
2408 5750 2465 5801 ὃν
2493 5767 2605 5827 Olli.
2646 5767 2723 5822 pr.
2762 5752 2824 5803 Α.

2164 5823 2206 5851 δ’
2237 5822 2357 5872 ὅσον
2383 5836 2490 5875 oni.
2525 5822 2584 5874 tl.

2940 5756 2982 5782 ω
3006 5753 3044 5799 ε’
3069 5747 3191 5803 add.
3218 5748 3283 5801 Λ.
3390 5751 3435 5782 ⁸⁸
3454 5750 3740 5822 ’ὡμίλησεν
3774 5769 3920 5809 corr.
3963 5750 4021 5800 Α.
