4224 6446
161 420 266 484 505

1223 416 1751 480 BIBLIOTHECA.
1778 438 1849 453 -’
1882 415 2047 477 COD.
2075 414 2341 475 CLXXV.

3295 403 3398 466 506

163 525 531 595 στρεφόμενον
556 522 763 586 ταύτας
792 522 925 591 φαίη
958 522 1373 593 ἑξεργάσασθαι.
1414 525 1477 577 El
1517 525 1575 577 δέ
1606 540 1726 577 τινα
1753 532 1800 586 Α
1828 540 1831 567 τ

1725 532 1800 586 χΑ
1828 540 1943 576 rum
1986 523 2209 590 aliqum,
2239 516 2427 588 1190
2454 529 2549 571 seu
2586 515 3077 584 interpretationis,
3128 529 3222 572 seu
3268 532 3393 586 pro-

162 616 265 667 τῶν
300 614 488 685 ῥητῶν
516 614 549 683 ἢ
586 614 877 683 ἑρμηνείας
902 612 934 681 ἢ
964 613 1263 687 βαθυτέρας
1285 612 1513 684 θεωρίας
1534 615 1721 683 δεόμε-

163 727 225 759 να
249 708 353 759 οὐκ
383 706 661 774 ἐπιμελῶς
687 704 998 773 ἐπεξῆλθεν,
1029 706 1090 757 οὐ
1125 704 1205 757 δεῖ
1242 705 1541 775 θαυμάζειν
1578 723 1592 735 ·
1625 707 1724 759 ὅσα

165 798 267 863 γὰρ
295 796 330 864 ἡ
380 796 493 847 τῶν
557 794 841 864 ἀκροατῶν
892 794 1086 862 ἐχώρει
1130 793 1355 862 δύναμις
1394 797 1487 847 καὶ
1516 797 1595 856 είς
1626 800 1727 865 τὴν

164 886 389 937 ἐκείνων
424 888 691 939 συνέτεινε
732 885 998 954 σωτηρίαν
1028 884 1121 936 καὶ
1146 884 1433 950 ὠφέλειαν,
1467 886 1617 938 οὐδὲν
1636 888 1728 938 οὔ-

164 976 333 1042 δαμοῦ
369 976 610 1042 παρῆκε.
640 976 729 1026 Διό
774 992 863 1043 μοι
888 975 981 1025 καὶ
1005 976 1088 1027 ἀεὶ
1112 974 1407 1044 θαυμάζειν
1431 975 1606 1027 ἔπεισι
1640 977 1729 1028 τὸν

166 1065 635 1134 τρισμακάριστον
668 1064 952 1134 ἄνθρωπον
1000 1065 1228 1125 ἐκεῖνον,
1278 1065 1359 1116 ὅτι
1406 1064 1492 1116 ἀεὶ
1529 1064 1622 1117 καὶ
1673 1065 1732 1115 ὲν

168 1159 332 1207 πᾶσιν
359 1156 527 1207 αὐτοῦ
551 1158 663 1217 τοῖς
684 1156 729 1185 ⁷ο
754 1156 929 1222 λόγοις
950 1154 1107 1206 τοῦτο
1137 1154 1334 1207 σκοπὸν
1356 1155 1607 1217 ἐποιεῖτο,
1636 1155 1732 1223 τὴν

168 1248 437 1315 ὠφέλειαν
456 1248 563 1297 τῶν
600 1247 903 1316 ἀκροατῶν,
942 1246 1050 1298 τῶν
1090 1246 1133 1298 δ’
1164 1245 1339 1299 ἄλλων
1370 1246 1403 1315 ἢ
1445 1246 1551 1299 οὐδ’
1598 1246 1734 1309 ὅλως

168 1337 544 1407 ἐφρόντιζενῆ
580 1338 653 1400 ὡς
692 1338 991 1407 ἐλάχιστον,
1037 1339 1173 1391 ἀλλά
1206 1338 1301 1390 καὶ⁵
1347 1337 1439 1389 τοῦ
1466 1338 1612 1401 δόξαι
1636 1338 1732 1390 λα-

170 1431 279 1481 θεῖν
307 1432 475 1483 αὑτὸν
507 1430 622 1482 ἔνια
654 1430 762 1481 τῶν
797 1429 1079 1497 νοημάτων
1113 1430 1206 1481 καὶ
1233 1429 1329 1481 τοῦ
1372 1429 1507 1498 πρὸς
1537 1429 1604 1481 τά
1633 1428 1729 1497 βα-

171 1521 372 1590 θύτερα
401 1524 480 1591 μὴ
509 1522 800 1591 πειρᾶσθαι
827 1520 1219 1589 παρεισδύνειν,
1255 1519 1347 1571 καὶ
1393 1519 1445 1570 ετ
1478 1537 1528 1571 τι
1556 1520 1733 1572 τοιοῦ-

118 1670 125 1679 ί
168 1628 275 1673 τον,
320 1612 462 1680 ὑπὲρ
492 1611 590 1679 τῆς
608 1610 715 1661 τῶν
744 1610 1106 1679 ἀκροωμένων
1146 1608 1410 1676 ὠφελείας
1442 1609 1731 1662 παντάπα-

170 1719 251 1753 σιν
281 1703 576 1772 ὠλιγώρει.

822 1878 991 1933 POE'.

166 1968 491 2035 Παμφίλης
546 1969 896 2090 Συμμίκτῖ
940 1970 1254 2057 ἐστηρικῶν
1294 1970 1735 2041 ὑπομνημάτων

896 2057 982 2090 νοι
1018 2056 1053 2090 n
1077 2079 1090 2090 .

896 2057 982 2106 γοι
1018 2056 1090 2104 η.

256 2127 705 2197 Ἀνεγνώσθησσν
724 2129 1010 2197 Παμφίλης
1034 2133 1387 2199 Συμμίκτων
1418 2132 1733 2200 ἱστορικῶν

168 2222 619 2287 ὑπομνημάτων
656 2222 821 2287 λόγοι
851 2221 920 2288 η’.
958 2221 1103 2292 Αῦτη
1150 2225 1302 2293 ἀνδρὶ
1352 2226 1448 2294 μὲν
1479 2226 1727 2295 συνῴκει,

161 2309 232 2371 ὡς
259 2313 357 2362 καὶ
404 2312 543 2379 αὑτὴ
578 2312 617 2341 τί
670 2312 775 2362 τῶν
822 2312 1227 2381 ὑπομνημάτων
1268 2317 1728 2387 προοιμιαζομένη

160 2400 591 2469 ἐπισημαίνεται
629 2418 642 2430 ·
676 2394 717 2467 ᾧ
751 2402 843 2453 καὶ
888 2409 953 2469 ιγ’
991 2402 1084 2471 ἐτη
1125 2405 1186 2455 ἐκ
1214 2405 1400 2469 παιδὸς
1428 2406 1727 2475 συμϐιοῦσα

156 2490 253 2559 ἤδη
296 2491 405 2559 τῆς
454 2488 912 2561 ὑπομνηματικῆς
964 2492 1167 2563 ταύτης
1212 2496 1533 2565 συγγραφῆς
1583 2496 1729 2561 λέγει

154 2581 533 2651 ἀπάρξασθαι,
566 2580 691 2652 [589
718 2580 812 2652 R.]
852 2585 1158 2652 συγγράψαι
1194 2584 1249 2637 δὲ
1282 2585 1318 2637 ἆ
1344 2602 1402 2638 τε
1438 2587 1586 2657 παρά
1631 2587 1727 2639 τοῦ

153 2672 347 2741 ἀνδρὸς
375 2673 560 2743 μάθοι,
589 2676 653 2725 τὰ
685 2681 753 2739 ιγ’
777 2674 869 2742 ἐτη
904 2674 1137 2742 συνεχῶς
1166 2674 1314 2743 αὐτῷ
1348 2678 1601 2741 συνοῦσα,
1633 2679 1727 2731 καὶ

157 2763 277 2830 μηδ’
322 2763 559 2832 ἡμέραν
593 2763 716 2831 μηδ’
756 2762 905 2831 ὤραν
949 2764 1369 2832 ἀπολειπομένη,
1406 2766 1495 2817 καὶ
1536 2765 1572 2819 ἃ
1596 2769 1725 2835 παρ’

152 2854 314 2905 ἄλλου
349 2856 497 2916 τινὸς
531 2854 759 2906 ἀκοῦσαι
802 2852 930 2925 [202
961 2854 1051 2928 IL]
1089 2856 1285 2924 συνέϐη
1326 2857 1431 2909 τῶν
1466 2860 1595 2929 παρ’
1626 2860 1727 2911 αῦ-

152 2946 241 2997 τὸν
270 2946 697 3014 ἀφικνουμένων
755 2947 1004 3015 (πολλοὺς
1030 2949 1073 2978 ⁷⁸
1100 2950 1156 3000 δὲ
1202 2950 1387 3019 φοιτᾷν
1417 2949 1587 3017 ϐνομα
1630 2956 1725 3002 καὶ

152 3038 311 3102 δόξαν
344 3040 570 3108 ἔχοντας
616 3041 706 3092 ἐπὶ
745 3041 1003 3110 παιδείᾳ),
1032 3042 1125 3094 καλ⁸
1156 3042 1220 3112 δὴ
1261 3044 1354 3095 καὶ
1380 3044 1476 3095 ὅσα
1507 3042 1724 3113 βιϐλίων

153 3131 292 3197 αὑτὴ
328 3130 642 3191 ἀνελέξατο.
678 3131 860 3183 Ταῦτα
908 3133 963 3185 δὲ
995 3133 1193 3196 πάντα,
1232 3134 1332 3185 ὅσα
1368 3134 1525 3201 λόγου
1556 3136 1600 3168 ⁷⁸
1632 3137 1723 3189 καὶ

157 3224 387 3290 μνήμης
425 3224 561 3290 αὐτῇ
594 3222 716 3285 ἄξια
746 3222 934 3287 ἐδόκει,
962 3224 1041 3286 είς
1068 3225 1429 3293 ὑπομνήματα
1474 3228 1724 3296 συμμιγῆ

157 3315 249 3364 καὶ
303 3314 368 3365 οὐ
439 3314 577 3381 πρὸς
637 3314 732 3375 τὰς
779 3314 912 3377 ίδίας
970 3314 1251 3376 ὑποθέσεις
1314 3315 1726 3385 διακεκριμένον

154 3406 393 3456 ἕκαστον
425 3405 638 3466 διελεῖν,
678 3405 790 3459 ἀλλ’
819 3407 989 3468 οὕτως
1036 3408 1159 3477 εἰκῆ
1195 3408 1286 3458 καὶ
1312 3408 1386 3471 ὡς
1426 3408 1471 3439 ⁷⁸
1498 3410 1726 3461 ἕκαστον

153 3496 396 3561 ἐπῆλθεν
427 3496 764 3564 ἀναγράψαι,
788 3496 862 3558 ὠς
889 3498 1008 3565 οὐχὶ
1046 3497 1277 3567 χαλεπὸν
1308 3498 1533 3567 ἔχουσα,
1572 3501 1723 3569 φησὶ,

154 3586 215 3637 τὸ
249 3584 377 3637 κατ’
427 3579 570 3645 εἶδος
611 3586 746 3637 αὐτὰ
790 3586 1003 3649 διελεῖν,
1057 3587 1505 3656 ἐπιτερπέστερον
1537 3586 1592 3638 δὲ
1635 3590 1728 3640 καὶ

154 3678 519 3746 χαριέστερον
544 3676 604 3727 τὸ
626 3676 1069 3744 ἀναμεμιγμένον
1097 3678 1191 3729 καὶ
1210 3678 1309 3745 τῆν
1332 3678 1605 3730 ποικιλίαν
1633 3680 1727 3731 τοῦ

157 3766 478 3837 μονοειδοῦς
506 3765 817 3834 νομίζουσα.
868 3767 1151 3835 Χρήσιμον
1200 3768 1255 3818 δὲ
1303 3767 1360 3819 τὸ
1400 3768 1597 3839 βιϐλίῳ
1650 3773 1729 3833 εἰς

154 3858 512 3924 πολυμαθίαν
550 3858 595 3887 ⁷⁸
626 3874 638 3885 ·
675 3855 825 3924 εὖροι
850 3857 953 3924 γὰρ
986 3858 1049 3910 ἄν
1082 3874 1164 3919 τις
1194 3858 1285 3909 καὶ
1314 3858 1421 3910 τῶν
1445 3859 1729 3929 ἱστορικῶν

154 3953 258 4003 οὐκ
304 3950 467 4015 ὀλίγα
502 3950 793 4014 ἀναγκαῖα,
823 3949 914 3999 καὶ
938 3949 1001 4019 δη
1032 3950 1124 4001 καὶ
1170 3948 1608 4018 ἀποφθεγμάτων
1637 3950 1729 4001 καὶ

158 4041 467 4112 ῥητορικῆς
498 4040 539 4069 ⁷⁸
582 4040 861 4108 διατριϐῆς
890 4040 1005 4091 ἔνια
1050 4040 1143 4091 καὶ
1183 4039 1469 4107 φιλοσόφου
1500 4040 1729 4111 θεωρίας

157 4132 456 4199 ποιητικῆς
484 4128 645 4193 ἰδέας,
676 4128 769 4180 καὶ
794 4129 845 4179 εῖ
867 4146 918 4180 τι
942 4128 1177 4180 τοιοῦτον
1205 4130 1451 4197 ἐμπέσοι.

226 4304 510 4373 Αιγυπτία
540 4304 595 4357 δὲ
624 4305 683 4356 τὸ
713 4302 921 4372 γένοςη
967 4302 1242 4372 Παμφίλη.
1277 4303 1491 4369 ’ἤκμασε
1522 4303 1577 4355 δὲ
1603 4304 1727 4357 καθ’

154 4410 249 4464 οὓς
280 4399 512 4469 χρόνους
556 4398 598 4427 ⁷⁷
642 4398 831 4466 Νέρων
876 4399 903 4449 ὁ
950 4397 1232 4464 Ῥωμαίων
1278 4396 1524 4465 ἢκμαζεν
1570 4398 1729 4450 αὑτο-

1829 605 2091 665 Ῐυηιιίοτίε
2122 607 2486 677 indagationis
2509 606 2851 675 indigebant,
2882 620 3056 673 neque
3092 615 3268 661 tamen
3312 609 3395 660 di-

1826 703 2051 772 ligenter
2075 702 2205 755 satis
2237 714 2331 753 eas
2348 697 2655 765 explanavit
2682 696 2877 749 mirqu
2904 696 2954 749 id
2975 698 3195 750 minime
3226 696 3395 751 videri

1825 795 2013 849 debet.
2040 794 2379 857 Quaecunque
2400 790 2543 843 enim
2576 789 2877 841 auditorum
2906 788 3398 856 captuiaccommo-

1828 889 1949 939 data
1976 894 2197 945 essent,
2236 895 2398 950 atque
2428 882 2494 933 ad
2523 895 2708 933 eorum
2748 878 2970 932 salutem
3004 889 3057 932 et
3108 879 3395 932 utilitatem

1829 980 2175 1044 pertinerent.
2190 990 2253 1029 ea
2272 975 2579 1043 neutiquam
2602 973 2689 1027 ille
2713 972 3181 1040 praetermittebat.
3197 973 3401 1038 Quam-

1830 1072 2014 1123 obrem
2055 1083 2229 1137 neque
2284 1066 2535 1120 admirari
2584 1065 2986 1119 sanctissimum
3048 1065 3223 1117 virum
3268 1063 3403 1117 satis

1832 1175 2065 1229 unquam
2088 1174 2325 1228 possum,
2350 1160 2487 1225 quod
2515 1145 2772 1224 perpétuo
2791 1156 2842 1208 in
2862 1156 3113 1209 omnibus
3134 1156 3247 1208 suis
3265 1156 3402 1209 scri-

1834 1253 1940 1321 ptis
1956 1252 2256 1305 auditorum
2284 1250 2359 1303 ita
2389 1249 2714 1308 utilitatem',
2747 1255 2995 1313 tanquam
3016 1262 3233 1314 scopum
3262 1260 3399 1315 prm-

1837 1345 2016 1399 ﬁxisse
2038 1343 2141 1397 sibi
2165 1342 2436 1403 videatur,
2467 1345 2527 1391 ut
2552 1347 2745 1391 caetera
2777 1339 2858 1391 vel
2888 1338 3110 1390 omnino
3145 1337 3402 1403 neglexe-

1840 1436 1946 1500 rit,
1974 1433 2060 1486 vel
2096 1432 2368 1487 levissime
2389 1429 2653 1497 attigerit.
2689 1427 2794 1482 Sed
2821 1436 2873 1481 et
2896 1428 3019 1481 illud
3052 1428 3262 1497 penitus
3294 1444 3402 1497 pra:

1840 1524 2142 1576 auditorum
2172 1520 2404 1573 utilitate
2432 1519 2787 1586 contempsit,
2808 1520 2949 1587 quod
2972 1520 3132 1574 alicui
3160 1522 3238 1575 vel
3270 1536 3400 1575 sen-

1839 1629 1934 1667 sus
1961 1613 2171 1681 aliquos
2197 1613 2500 1679 ignorasse,
2536 1610 2619 1661 vel
2670 1610 2735 1661 ad
2782 1609 3124 1678 profundiora
3153 1614 3397 1680 quaedam

1838 1710 2120 1772 penetrare
2146 1698 2438 1768 refugisse,
2470 1696 2556 1752 vel
2585 1697 2636 1752 id
2665 1712 2834 1766 genus
2884 1700 2989 1753 alia
3040 1702 3397 1771 praeteriisse,

1838 1790 2008 1847 videri
2040 1798 2239 1858 posset.

2503 1884 2757 1941 CLXXV.

2038 1974 2327 2045 Pamphila:
2354 1977 2585 2032 historia
2613 1976 2861 2031 Miscellar
2896 1975 3021 2029 libri
3048 1991 3171 2030 vut.

1902 2130 2047 2183 Lecti
2101 2139 2224 2184 sunt
2259 2129 2549 2197 Pamphile
2583 2128 2693 2200 (87)
2733 2128 3013 2182 Mittor-um
3058 2126 3395 2178 historiarum

1831 2224 1950 2275 libri
1979 2224 2336 2275 commentarii
2370 2232 2484 2275 octo
2512 2223 2664 2292 (88).
2719 2221 2862 2274 Vixit
2890 2221 3000 2274 hanc
3037 2220 3151 2273 viro
3204 2217 3394 2286 nuptui

1830 2314 1952 2367 data
1986 2314 2002 2381 (
2031 2312 2173 2382 89),
2200 2322 2251 2366 ut
2288 2315 2399 2381 ipsa
2422 2314 2601 2382 operis
2631 2314 2785 2366 initio
2812 2311 3063 2379 praafatur
3091 2329 3104 2364 :
3134 2324 3253 2362 cum
3288 2323 3397 2377 quo

1831 2405 2055 2473 conjuge
2086 2420 2255 2457 annos
2295 2404 2437 2473 ipsos
2465 2404 2715 2458 tredecim
2750 2419 2777 2455 a
2806 2403 3089 2473 pubertate
3114 2399 3395 2465 conjuncta

1831 2498 1959 2559 fuit,
1985 2506 2039 2550 et
2066 2498 2166 2551 hoc
2188 2512 2318 2563 opus
2351 2497 2593 2551 meditari
2630 2497 2793 2565 coepit
2825 2504 2982 2563 atque
3030 2493 3391 2548 conscribere.

1831 2586 2058 2655 Scripsit
2096 2596 2313 2653 autem,
2360 2596 2471 2641 tum
2506 2603 2623 2656 quae
2664 2603 2726 2641 ex
2762 2588 2875 2640 viro
2919 2586 3104 2639 didicit
3130 2600 3248 2639 cum
3291 2598 3398 2652 quo

1828 2678 2083 2732 tredecim
2110 2717 2125 2741 ,
2162 2687 2219 2731 ut
2244 2678 2477 2731 diximus
2500 2718 2515 2742 ,
2562 2693 2731 2731 annos
2760 2675 3201 2744 conjunctissime
3227 2675 3393 2739 vixit,

1828 2771 1971 2822 nullo
1998 2771 2209 2823 interim
2244 2772 2329 2825 die
2364 2782 2455 2824 aut
2481 2771 2607 2824 bora
2636 2772 2803 2824 otiose
2840 2781 3108 2823 transaCta
3144 2787 3157 2823 :
3186 2778 3293 2821 tum
3326 2783 3390 2823 ea

1827 2874 1946 2925 quae
1978 2859 2044 2913 ab
2076 2859 2193 2913 aliis
2222 2862 2550 2929 accepisset,
2584 2861 2672 2929 qui
2712 2860 2889 2913 mariti
2924 2860 3141 2914 domum
3184 2858 3395 2929 plurimi

1827 2951 2265 3020 frequentarent,
2302 2954 2517 3006 nomine
2546 2961 2599 3005 et
2655 2952 2910 3005 doctrina:
2966 2950 3136 3019 gloria
3193 2949 3395 3003 claris:

1829 3052 1938 3094 tum
1963 3042 2193 3111 denique
2220 3043 2473 3111 quidquid
2507 3041 2733 3111 legendo
2759 3044 2872 3110 ipsa
2890 3043 3247 3095 observasset.
3278 3040 3402 3095 llaec

1828 3136 2006 3185 omnia
2032 3172 2047 3197 ,
2079 3140 2130 3187 et
2160 3147 2487 3201 quacunque
2521 3134 2774 3186 memoria
2816 3133 2977 3200 digna
3010 3133 3124 3187 visa
3154 3141 3312 3197 sunt,
3348 3132 3400 3185 iu

1827 3222 2285 3277 Commentarium
2315 3239 2407 3293 per
2433 3235 2668 3277 saturam
2704 3224 2915 3289 retulit,
2944 3233 3117 3277 etnon
3156 3238 3249 3291 per
3276 3237 3404 3291 pro-

1828 3315 1971 3382 prios
1996 3314 2201 3381 singula
2230 3314 2375 3368 locos
2398 3315 2702 3378 distribuit,
2740 3315 2831 3368 sed
2860 3325 2915 3367 ut
2944 3315 3193 3383 quodque
3228 3314 3401 3366 visum

1827 3413 1944 3467 est,
1976 3415 2138 3473 utque
2163 3406 2476 3458 occurrebat
2499 3444 2513 3467 ,
2536 3407 2823 3473 congessit,
2856 3421 2960 3457 non
2996 3405 3135 3473 quod
3191 3402 3406 3455 diﬂicile

1831 3495 2066 3550 futurum
2104 3496 2202 3564 ipsi
2226 3505 2368 3550 esset
2400 3496 2451 3549 in
2484 3511 2607 3550 suas
2639 3510 2861 3564 qumque
2898 3496 3098 3549 classes
3129 3495 3401 3561 dividere,

1829 3591 1919 3643 sed
1953 3586 2096 3655 quod
2121 3587 2410 3655 jucundius
2439 3586 2703 3655 longeque
2757 3588 2958 3653 gratius
3004 3584 3401 3639 Miscellaneum

1829 3680 1931 3732 hoc
1960 3679 2215 3746 scriptum
2242 3717 2257 3739 ,
2291 3678 2713 3745 varietatemque
2734 3716 2748 3737 ,
2781 3691 2936 3744 quam
2982 3678 3194 3743 generis
3245 3676 3403 3728 unius

1828 3786 1961 3839 opus
1990 3770 2337 3823 existimaret.
2370 3768 2529 3823 Utilis
2555 3783 2683 3822 sane
2716 3768 2847 3821 liber
2874 3768 2960 3822 hic
2991 3767 3403 3837 omnigenaado-

1830 3862 2036 3917 (ιιι-ἧπτε.
2061 3861 2318 3928 Reperias
2343 3860 2481 3913 enim
2508 3860 2561 3911 in
2584 3874 2649 3911 eo
2673 3858 2924 3911 historica
2951 3873 3052 3910 non
3079 3872 3245 3926 pauca
3267 3856 3404 3911 bene

1832 3951 2161 4014 necessaria,
2202 3951 2306 4003 imo
2337 3957 2389 4004 et
2421 3950 2551 4001 scite
2582 3949 2744 4003 dicta.
2794 3948 3085 4002 Rhetorica
3136 3946 3295 3999 etiam
3340 3962 3401 3999 ac

1833 4039 2209 4107 philosophica:
2243 4040 2703 4107 contemplationis
2762 4037 3001 4106 quaedam
3029 4076 3044 4099 ,
3080 4046 3131 4089 et
3183 4038 3401 4103 poetica:

1832 4128 2099 4182 facultatis
2131 4127 2347 4192 formas,
2374 4140 2425 4183 et
2445 4131 2486 4182 si
2510 4131 2636 4198 quid
2690 4126 2989 4198 huiusmodi
3019 4125 3156 4179 forte
3192 4139 3248 4178 se
3270 4122 3401 4177 offc-

1831 4230 1931 4273 rat.

1900 4310 2146 4381 Egyptia
2196 4326 2388 4380 genere
2415 4312 2688 4379 Pamphila
2738 4312 2853 4364 haec
2914 4311 3051 4376 fuit,
3114 4309 3400 4374 ﬂoruitque

1830 4414 1891 4453 ea
1949 4410 2285 4468 tempestate,
2336 4416 2455 4454 cum
2509 4400 2651 4455 Nero
2710 4400 3068 4453 Romanorum
3114 4400 3397 4466 imperium

152 4492 408 4561 κράτωρ.
445 4490 509 4541 Ἦ
551 4489 607 4541 δὲ
654 4488 871 4557 φράσις,
902 4488 976 4550 ὠς
1004 4488 1149 4539 ἔστιν
1180 4491 1243 4540 ἐκ
1287 4489 1390 4540 τῶν
1425 4491 1725 4558 προοιμίων
1757 4526 1805 4583 D

1757 4491 2010 4583 "Caesar
2068 4492 2253 4544 tenuit.
2292 4491 2462 4545 Dictio
2508 4508 2631 4545 vero
2701 4492 2976 4560 (quantum
3021 4505 3089 4543 ex
3137 4490 3398 4558 prooemio

154 4582 448 4635 συλλαϐεῖν
485 4582 578 4633 καὶ
612 4585 668 4633 ὲν
696 4576 775 4641 οἷς
826 4579 1003 4631 ἄλλοθί
1029 4597 1130 4631 που
1163 4581 1290 4631 ἴδιόν
1324 4597 1376 4631 τι
1427 4580 1597 4648 λέγει,
1632 4585 1726 4635 καὶ

155 4673 401 4738 μάλιστα
434 4670 575 4721 κατά
612 4670 709 4739 τὴν
740 4669 996 4731 διάνοιαν,
1050 4663 1136 4722 οἷα
1170 4669 1232 4738 δὴ
1279 4670 1371 4721 καὶ
1399 4668 1444 4698 ⁷⁸
1472 4674 1726 4736 γυναικὸς

150 4761 385 4827 ἔκγονον
409 4759 566 4818 οὖσα,
595 4760 691 4825 τῆς
722 4758 952 4825 ἀφελοῦς
979 4760 1123 4810 ἐστιν
1154 4758 1315 4821 ἰδέας,
1347 4760 1463 4812 οὐδὲ
1489 4763 1551 4830 τῇ
1584 4761 1726 4827 λέξει

150 4851 293 4919 πρὸς
350 4850 451 4917 τὴν
504 4849 647 4899 ίδέαν
679 4848 1120 4917 ἀλλοτριουμένη.
1181 4848 1267 4898 Ἐν
1299 4843 1379 4909 οἷς
1409 4850 1463 4902 δὲ
1504 4852 1571 4904 τὰ
1620 4854 1725 4905 τῶν

149 4939 531 5007 ἀρχαιοτέρων
564 4937 1083 5007 ἀπομνημονεύουσα
1119 4937 1288 5001 λέγει,
1340 4940 1725 5013 ποικιλώτερον

148 5035 290 5099 αὐτῇ
321 5032 419 5082 καὶ
454 5030 515 5081 οὐ
554 5030 674 5082 καθ’
706 5030 762 5081 ἓν
792 5026 929 5090 εἶδος
955 5028 1232 5096 σύγκειται
1264 5031 1291 5081 ὁ
1320 5029 1494 5098 λόγος.

1833 4582 2084 4650 colligere
2127 4582 2272 4644 licet,
2343 4599 2573 4652 cumque
2615 4585 2883 4653 proprium
2940 4582 3067 4651 quid
3121 4582 3299 4642 aﬂ'ert,
3345 4590 3399 4633 et

1833 4676 2064 4728 maxime
2094 4676 2146 4727 itt
2191 4677 2372 4743 sensu)
2408 4676 2599 4745 120a
2638 4688 2695 4729 ut
2730 4676 2965 4727 mulieris
2999 4674 3233 4741 propria,
3272 4672 3396 4723 sim-

1835 4766 1987 4834 plicis
2007 4774 2091 4819 est
2126 4765 2332 4832 formae,
2365 4786 2424 4821 ac
2459 4785 2524 4821 ne
2564 4768 2741 4821 verbis
2772 4766 2986 4835 quidem
3018 4766 3145 4831 ipsis
3168 4764 3233 4815 ab
3277 4762 3393 4813 idea

1835 4856 1892 4910 fit
1945 4856 2193 4911 alienior.
2253 4860 2323 4911 At
2374 4862 2582 4927 quoties
2611 4866 2848 4910 veterum
2885 4856 3024 4907 dicta
3070 4868 3394 4906 commemo-

1833 4947 1997 4999 randa
2034 4948 2254 5017 colligit,
2294 4952 2440 5002 varia
2466 4947 2579 5017 ejus
2614 4948 2787 5001 oratio
2814 4955 2916 5010 est,
2952 4961 3125 5014 neque
3166 4945 3253 4997 utti
3290 4944 3393 4996 for-

1830 5053 1929 5090 ma:
1956 5040 2375 5095 accommodata.

1457 5161 1535 5213 VA
1549 5162 1686 5215 RIAS
1729 5163 2127 5221 LECTIONES.

242 5280 290 5309 ⁷⁸
324 5280 436 5335 τοῖς
474 5291 581 5328 om.
623 5276 687 5327 Α.
779 5276 821 5305 ⁷¹
864 5276 984 5345 αὐτ⁸
1033 5296 1093 5340 ς.

242 5351 330 5399 Ξσα
360 5348 514 5409 λόγου
546 5348 668 5418 add.
806 5345 880 5418 _"
910 5278 1004 5418 o3
1031 5366 1093 5418 πρ

149 5418 409 5488 ἤκμασεν
443 5434 503 5479 ς.
580 5416 600 5446 ³
631 5417 725 5468 καὶ
756 5416 877 5470 add.
907 5421 973 5470 Α.

360 5280 436 5354 οῖς
474 5280 687 5354 nm._t_\.
709 5347 720 5354 _
779 5280 1002 5354 “fﬂfﬁ
1033 5296 1093 5340 ς.
1122 5349 1132 5354 _
1197 5281 1243 5354 ’ξ’
1276 5280 1501 5354 πολλοὺς
1531 5283 1587 5334 δὲ
1625 5286 1811 5354 φοιτᾷν
1848 5316 1914 5324 -
1952 5285 2171 5353 ἔχοντας
2200 5287 2244 5338 Α
2277 5305 2288 5339 :
2317 5286 2524 5337 πολλῶν
2564 5286 2729 5338 ὄντων
2769 5285 2860 5336 καὶ
2893 5314 2959 5324 -
3002 5285 3233 5353 ἐχόντων
3260 5286 3299 5339 C
3332 5305 3390 5349 ς.

148 5348 190 5423 ἱ³
222 5351 330 5401 ὅσα
360 5348 514 5409 λόγου
546 5348 668 5423 add.
805 5345 880 5423 ,ξι
910 5345 1004 5418 ὡς]
1031 5349 1165 5419 πρός
1194 5350 1257 5403 Α.
1334 5353 1376 5383 ⁷⁵
1414 5345 1781 5423 πολυμαθείαν
1814 5373 1871 5418 ς.

1949 5357 1992 5385 ⁷⁸⁵
2020 5360 2139 5425 ρητ.
2180 5363 2270 5409 καὶ
2300 5358 2471 5427 διατρ.
2512 5374 2570 5419 ς.
2648 5357 2689 5385 ⁷⁷
2725 5356 2947 5424 χρόνους
3006 5358 3034 5406 ὁ
3088 5354 3277 5426 Νέρων
3330 5374 3365 5419 ς

1647 5516 1875 5571 NOTAE.

217 5604 335 5673 (87)
372 5603 675 5681 Pamphiles
692 5606 850 5681 huius
871 5607 985 5677 (sed
1017 5624 1133 5681 eam
1155 5610 1494 5673 Epidauriam
1518 5612 1724 5681 dicens)

146 5688 346 5750 διε-ιβιδ
403 5676 565 5750 refert
622 5674 929 5750 §uidas,_‘et
965 5680 1151 5750 Age”.
1200 5681 1567 5750 lib.~xv,czp.
1621 5674 1715 5736 17ί

146 5746 599 5817 Commentariun:
625 5745 934 5817 Patuphilm,
957 5745 1049 5811 ες),
1075 5750 1270 5801 laudat.
1297 5745 1575 5817 Supraque
1598 5757 1716 5809 cod.

154 5816 243 5867 ibi
271 5854 286 5879 ,
321 5812 687 5879 Epitomarum
728 5830 840 5881 eius
864 5816 979 5870 libri
1010 5820 1191 5873 dct'cut
1213 5812 1540 5877 referuntur.

1895 5614 2038 5682 (88)
2064 5615 2254 5669 Suidas
2283 5616 2350 5669 35
2392 5626 2654 5668 numerat.

1894 5694 1908 5751 (
1936 5688 2036 5750 89)
2066 5684 2355 5739 Socratidau
2386 5699 2441 5737 ut
2478 5696 2702 5738 testatur
2753 5683 2903 5737 Suid.
2954 5684 3004 5736 iu
3050 5682 3328 5752 Pamphile
3360 5702 3373 5738 :

1819 5754 1931 5810 sive
1957 5755 2214 5811 δοιοηιιιε
2253 5766 2331 5818 ,υι
2356 5756 2491 5809 idem
2521 5756 2569 5808 in
2606 5757 2703 5808 hac
2740 5769 2867 5808 voce
2890 5756 3127 5823 scripsit,
