4224 6446
148 399 238 467 509

1141 398 1659 460 BIBLIOTIIECA.
1693 425 1762 438 --
1798 402 1963 465 COD.
1992 404 2291 464 CLXXVI.

3269 405 3374 469 510

148 523 281 575 ρεσιν
313 506 797 576 κατεργασαμένου
823 521 839 537 ⁸
861 501 981 558 εἶτα
1010 506 1130 559 τίνα
1162 508 1364 577 τρόπον
1398 509 1641 579 Ἀκωρις
1668 510 1695 561 ό
1724 520 1766 574 Α
1796 526 1816 580 ι

1724 520 1766 574 Α
1796 512 1967 580 piadz
2012 513 2123 567 sint
2156 531 2169 566 :
2206 513 2456 581 quodque
2520 526 2551 567 e
2603 511 2781 583 Syrno
2842 513 3045 581 posteri
3112 511 3370 569 Podalirii

145 598 431 664 Αἰγύπτιος
460 597 591 667 πρὸς
619 598 743 659 τοὺς
784 595 1001 658 Πισίδας
1028 597 1319 665 ἐποιήσατο
1360 598 1697 667 συμμαχίαν,

148 689 260 755 περί
316 705 378 739 τε
421 688 519 756 τῆς
568 687 749 757 χώρας
789 686 968 741 αὐτῶν
1023 686 1117 738 καὶ
1169 686 1277 738 τῶν
1338 688 1698 741 Ἀσπενδίων·

146 778 259 845 περί
284 795 346 830 τε
393 779 503 830 τῶν
533 780 590 831 έν
629 778 723 847 Κῷ
752 776 848 828 καὶ
880 776 1056 846 Κνίδῳ
1096 776 1314 845 ίατρῶν,
1344 777 1418 839 ὡς
1472 778 1689 845 Ἀσκληο

149 869 326 921 πιάδαι
359 870 427 932 ’⁸,
454 869 549 921 καὶ
576 869 650 930 ὡς
674 870 737 920 ὲκ
763 868 963 936 Σύρνου
986 870 1034 920 οἱ
1059 868 1263 936 πρῶτοι
1287 868 1544 935 ἀφίκοντο
1568 868 1705 921 ἀπό-

144 978 275 1025 γονοι
306 960 654 1029 Ποδαλειρίου
679 976 693 989 '
722 960 818 1013 καὶ
848 960 975 1028 περὶ
1000 959 1187 1027 Μόψου
1216 958 1310 1011 τοῦ
1339 960 1581 1029 μάντεως
1610 960 1704 1012 καὶ

144 1054 240 1105 τῶν
276 1053 595 1121 θυγατέρων
656 1051 842 1121 Ῥόδης
886 1050 979 1103 καὶ
1020 1050 1289 1118 Μηλιάδος
1332 1050 1426 1103 καὶ
1472 1051 1701 1117 Παμφυ-

146 1146 267 1206 λίας,
300 1147 359 1210 ἐξ
390 1140 466 1197 ὦν
490 1146 524 1214 ἦ
555 1162 614 1197 τε
648 1143 1004 1209 νΜοψουεστία
1032 1143 1125 1194 καὶ
1172 1144 1206 1209 ἡ
1230 1144 1287 1193 ἐν
1313 1142 1485 1211 Λυκίᾳ
1526 1142 1703 1195 Ῥοδία

146 1238 281 1304 καὶὴ
324 1235 620 1304 Παμφυλία
650 1233 802 1303 χώρα
831 1234 927 1295 τὰς
972 1232 1287 1301 ἐπωνυμίας
1317 1232 1527 1285 ἔλαϐον·
1583 1232 1703 1284 τίνα

146 1344 196 1377 τε
222 1328 421 1394 τρόπον
474 1327 561 1392 ὑφ’
611 1326 877 1395 Ἐλλήνων
923 1326 957 1394 ἡ
1003 1324 1299 1393 Παμφυλία
1348 1324 1659 1393 κατῳκίσθη
1686 1340 1699 1357 ’

1804 603 1961 671 primi
1982 606 2330 659 accesserint.
2354 604 2427 659 De
2455 603 2639 671 Mopso
2667 606 2743 675 (l)
2763 614 2902 669 vate,
2923 606 3145 674 ejusque
3164 604 3377 661 ﬁliabus

1805 693 2014 757 Rhode,
2044 694 2271 749 Melisde
2309 710 2373 749 ac
2390 696 2725 766 Pamphylia.
2751 697 2831 751 Ab
2855 699 2937 751 his
2967 697 3371 765 Mopsuestiam,

1806 792 1863 835 et
1891 784 1942 836 in
1973 782 2133 853 Lycia
2162 784 2445 850 Rhodiam,
2475 785 2953 856 Pamphyliamque
2974 788 3250 857 regionem
3279 803 3377 841 no—

1808 890 1929 928 men
1950 876 2240 942 accepisse.
2257 873 2325 930 Ut
2341 892 2370 929 a
2384 875 2426 929 (ἰ
2438 877 2589 930 meis
2607 877 2833 930 habitari
2854 878 3162 947 Pamphylia
3180 888 3376 944 empta,

1810 974 1996 1017 mutuo
2010 965 2150 1018 bello
2161 967 2355 1019 arserit
2371 984 2385 1020 :
2407 968 2741 1035 etquomodo
2757 966 2903 1036 Lycii
2920 981 3040 1020 cum
3056 964 3379 1027 Telmissiis,

1809 1054 1931 1109 belli
1962 1057 2095 1110 duce
2118 1056 2327 1111 Pericle
2359 1072 2543 1111 eorum
2587 1073 2733 1128 rege,
2774 1059 3065 1126 pugnarint
3102 1076 3114 1111 :
3142 1072 3239 1111 nec
3270 1073 3382 1109 ma-

1811 1160 1911 1197 nus
1957 1159 2245 1199 conserere
2292 1146 2578 1208 desierint,
2617 1146 2789 1199 donec
2820 1146 2963 1213 ipsos
3010 1145 3150 1196 intra
3198 1158 3381 1195 muros

1809 1236 2115 1303 compulsos
2132 1237 2198 1291 ad
2218 1239 2567 1291 concordiam
2588 1238 2902 1306 adegerunt.
2927 1236 3047 1290 "me
3068 1236 3383 1288 duodecimo

1810 1326 1898 1379 illo
1928 1326 2082 1392 libro,
2100 1343 2257 1396 quem
2290 1327 2655 1395 Menephanes
2698 1344 2800 1381 non
2828 1330 2982 1388 vidit,
3013 1329 3378 1381 continentur.

148 1419 232 1468 καὶ
255 1421 281 1470 ὀ
304 1420 445 1487 πρὸς
476 1418 736 1485 ἀλλήλους
760 1417 993 1486 πόλεμος
1019 1417 1063 1447 ’ί
1090 1432 1102 1445 ·
1142 1417 1234 1468 καὶ
1270 1415 1344 1477 ὡς
1370 1416 1559 1469 Λύκιοι
1580 1416 1713 1485 πρὸς
1747 1416 2089 1486 Τελμισσεῖς,
2136 1420 2438 1489 ἡγουμένου
2488 1422 2671 1483 αὐτοῖς
2745 1420 2838 1472 τοῦ
2898 1420 3047 1486 σφῶν
3120 1411 3383 1483 βασιλέως

148 1511 487 1581 Περικλέους.
515 1512 882 1580 ἐπολέμησαν,
917 1512 1009 1563 καὶ
1034 1511 1131 1563 οὐκ
1160 1510 1369 1577 ἀνῆκαν
1403 1512 1762 1580 πολεμοῦντες
1797 1513 1901 1575 ἕως
1954 1516 2153 1577 αὐτοὺς
2202 1517 2477 1585 τειχήρεις
2530 1518 2855 1584 ποιήσαντες
2908 1514 3031 1567 καθ’
3090 1514 3378 1583 ὁμολογίαν

147 1604 573 1671 παρεστήσαντο.
612 1603 678 1653 Ἀ
728 1602 826 1670 μὲν
850 1596 943 1653 οὖν
987 1601 1015 1652 ὁ
1044 1600 1409 1668 ἠφανισμένος
1436 1601 1481 1631 ’⁸
1523 1602 1837 1669 Μηνοφὰνει
1874 1604 2173 1665 δωδέκατος
2205 1605 2359 1671 λόγος
2389 1604 2651 1674 περιέχει,
2686 1605 2857 1657 ταῦτά
2884 1606 3052 1657 ἐστιν.

216 1697 368 1749 Ἐστι
402 1695 461 1746 δὲ
484 1695 805 1762 Θεόπομπος
861 1695 989 1755 Χῖος
1021 1694 1119 1762 μὲν
1141 1694 1200 1744 τὸ
1249 1692 1427 1760 γένος,
1458 1692 1567 1753 υἱὸς
1600 1696 1706 1745 Δα-

1884 1696 2261 1764 Theopompus
2293 1698 2379 1750 hic
2407 1697 2574 1750 Chius
2607 1712 2805 1765 genere
2836 1695 2954 1758 fuit,
2989 1696 3198 1759 genitus
3228 1704 3380 1762 patre

151 1788 473 1855 μοστράτου,
514 1787 699 1851 φυγεῖν
725 1785 782 1835 δὲ
816 1784 1031 1850 λέγεται
1068 1784 1166 1851 τῆς
1193 1783 1451 1850 πατρίδος
1480 1783 1597 1852 ἅμα
1626 1783 1705 1853 τῷ
1737 1773 1777 1826 Β
1809 1786 1819 1837 Ι

1737 1773 1777 1826 Β
1809 1786 2148 1840 Damostrate
2178 1787 2275 1857 (‘2).
2319 1787 2501 1841 Patria
2534 1802 2664 1839 vero
2692 1802 2811 1839 cum
2837 1796 3059 1856 parente
3082 1787 3380 1840 excessisse

150 1878 329 1945 πατρὶ,
364 1876 461 1926 ἐπὶ
493 1873 834 1941 Λακωνισμῷ
863 1872 956 1924 τοῦ
992 1873 1193 1943 πατρὸς
1222 1872 1457 1937 ἁλόντος,
1494 1875 1703 1925 ἀνασω-

149 1967 295 2035 θῆναι
324 1966 385 2018 δὲ
409 1968 477 2033 τῇ
500 1965 715 2034 πατρίδι
741 1964 1160 2033 τελευτήσαντος
1188 1963 1336 2033 αύτῷ
1354 1964 1447 2017 τοῦ
1477 1966 1701 2033 πατρὸς,

148 2058 235 2127 τὴν
259 2058 312 2109 δὲ
348 2057 575 2109 κάθοδον
608 2056 953 2125 Ἀλεξάνδρου
984 2056 1075 2108 τοῦ
1094 2056 1417 2109 Μακεδόνων
1442 2056 1703 2125 βασιλέως

148 2149 209 2198 δι’
231 2147 531 2199 ἐπιστολῶν
556 2147 664 2200 τῶν
688 2148 823 2217 πρός
850 2149 972 2209 τοὺς
1000 2148 1161 2209 Χίους
1186 2148 1701 2217 καταπραξαμένουο

150 2242 275 2291 ἑτῶν
303 2241 359 2292 δὲ
418 2236 561 2292 εἶναι
588 2241 706 2291 τότε
742 2242 830 2291 τὸν
868 2241 1188 2309 Θεόπομπον
1228 2239 1268 2292 ε’
1297 2240 1392 2292 καὶ
1436 2246 1506 2308 μ’.
1552 2241 1707 2293 Μετὰ

148 2332 196 2384 δὲ
224 2334 311 2385 τὸν
348 2333 703 2403 Ἀλεξάνδρου
750 2332 979 2385 θάνατον
1008 2334 1347 2401 πανταχόθεν
1397 2334 1706 2387 ὲκπεσόντα

148 2427 220 2487 εἰς
247 2426 525 2493 Αἴγυπτον
548 2425 873 2493 ἀφικέσθαι,
916 2426 1245 2495 Πτολεμαῖον
1280 2427 1336 2479 δὲ
1375 2427 1466 2478 τὸν
1507 2426 1706 2496 ταύτης

152 2516 366 2585 βασιλέα
398 2516 463 2568 οὐ
499 2516 817 2586 προσίεσθαι
856 2516 945 2568 τδν
970 2516 1156 2587 ἄνδρα,
1190 2517 1325 2570 ἀλλά
1365 2518 1459 2570 καὶ
1493 2517 1568 2580 ὠς
1609 2535 1707 2571 πο-

148 2608 505 2677 λυπράγμονα
550 2608 755 2659 ἀνελεῖν
787 2607 1059 2677 ἐθελῆσαι,
1106 2610 1153 2660 εί
1188 2610 1261 2677 μή
1290 2626 1432 2669 τινες
1465 2611 1573 2661 τῶν
1615 2610 1707 2677 φί-

148 2700 245 2751 λων
274 2702 742 2769 παραιτησάμενοι
774 2699 1117 2753 διεσώσαντο.
1159 2701 1509 2768 Συνακμάσαι
1538 2701 1593 2752 δὲ
1623 2700 1708 2752 λέ-

148 2808 226 2856 γει
252 2792 416 2853 αύτδς
451 2785 639 2843 ἑαυτὸν
669 2792 714 2822 ³³
772 2792 1063 2861 Ἰσοκράτει
1106 2808 1163 2842 τε
1190 2790 1268 2860 τῷ
1323 2790 1584 2860 Ἀθηναίῳ
1616 2792 1708 2844 καὶ

148 2880 406 2952 Θεοδέκτῃ
452 2881 528 2949 τῷ
556 2880 827 2952 Φασηλίτῃ
862 2883 952 2934 καὶ⁵
994 2882 1305 2951 Ναυκράτει
1337 2883 1381 2914 ³⁸
1426 2884 1501 2951 τῷ
1549 2886 1709 2955 Ἐρυ-

148 2972 330 3041 θραίῳ,
364 2975 463 3025 καὶ
491 2972 709 3034 τούτους
737 2974 853 3042 ἅμα
872 2973 1019 3041 αὐτῷ
1044 2974 1111 3024 τὰ
1134 2977 1372 3043 πρωτεῖα
1404 2976 1501 3042 τῆς
1535 2980 1591 3029 ἐν
1624 2978 1711 3029 λό-

147 3080 255 3128 γοις
283 3064 535 3125 παιδείας
577 3064 717 3131 ἔχειν
749 3065 805 3114 έν
830 3066 941 3125 τοῖς
966 3064 1222 3132 Ἕλλησιν
1241 3081 1254 3093 ·
1287 3066 1420 3118 ἀλλὰ
1467 3069 1709 3138 Ἰσοκρά-

1811 1878 2000 1941 fertur,
2035 1894 2153 1931 cum
2181 1878 2456 1932 Laconum
2489 1878 2577 1932 ille
2627 1878 2785 1931 rebus
2833 1878 3054 1931 studere
3098 1877 3379 1931 convictus

1812 1973 2137 2040 fuisset,quo
2160 1980 2371 2026 mortuo
2397 1970 2582 2040 patria:
2613 1970 2917 2024 restitutum
2943 1971 3113 2034 aiunt,
3140 1970 3377 2022 Alexan-

1809 2063 1909 2117 dro
1961 2062 2312 2117 Macedonum
2360 2077 2486 2132 rege
2547 2077 2642 2131 per
2686 2062 2965 2130 epistolam
3007 2063 3072 2115 ad
3116 2062 3377 2115 Chienses

1814 2155 2041 2207 reditum
2090 2154 2188 2222 ipsi
2248 2154 2590 2221 impetrante,
2651 2154 2822 2205 :etatis
2854 2150 3181 2218 Theopompi
3234 2167 3378 2205 anno

1813 2246 2000 2313 quinto
2022 2253 2075 2297 et
2100 2241 2732 2313 quadragesimo.Verum
2759 2254 2969 2295 mortuo
2993 2243 3113 2294 dein
3146 2241 3381 2294 Alexan-

1813 2338 1928 2397 dro,
1987 2338 2219 2400 undique
2293 2335 2627 2390 exsulantem
2693 2334 2743 2386 in
2801 2332 3092 2403 Egyptum
3166 2336 3380 2387 venisse

1814 2437 2057 2491 narrant,
2100 2427 2279 2494 ibique
2328 2440 2505 2495 regem
2540 2424 2881 2479 Ptolemaeum
2920 2441 3022 2478 non
3064 2424 3234 2479 solum
3279 2425 3377 2477 ho-

1815 2519 2007 2569 minem
2034 2532 2137 2569 non
2171 2518 2466 2584 excepisse,
2503 2517 2595 2569 sed
2626 2516 2788 2569 etiam
2822 2516 2969 2570 velut
3000 2517 3161 2569 niu‘is
3201 2516 3379 2569 curio-

1815 2624 1932 2661 sum
1960 2608 2147 2661 tollere
2172 2608 2238 2661 de
2259 2608 2431 2661 medio
2465 2608 2717 2671 voluisse,
2767 2606 2867 2659 nisi
2926 2608 3223 2659 amicorum
3261 2620 3379 2673 pre-

1818 2700 1969 2753 cibus
2010 2707 2256 2751 servatus
2315 2697 2528 2750 fuisset.
2583 2694 2840 2763 Equales
2878 2696 2953 2764 (5)
2992 2709 3117 2747 suos
3152 2694 3379 2761 ipsemet

1817 2794 2059 2845 nominat
2093 2809 2107 2844 :
2145 2790 2430 2845 Isocratem
2454 2790 2528 2860 (ιι)
2567 2788 2976 2850 Atheniensem,
3014 2785 3379 2838 Theodectem

1815 2883 2159 2949 Phaselitem,
2218 2893 2271 2935 et
2328 2880 2649 2934 Naucratem
2706 2880 3072 2948 Erythraeum,
3135 2891 3271 2944 quos
3326 2886 3382 2929 et

1816 2990 1998 3029 secum
2046 2976 2099 3027 in
2138 2975 2344 3027 dicendi
2382 2973 2632 3026 facultate
2675 2971 3032 3039 principatum
3086 2968 3137 3021 in
3172 2965 3379 3020 Graecia

1819 3066 2054 3120 tenuisse
2086 3064 2268 3118 refert.
2324 3064 2429 3117 Sed
2465 3064 2753 3117 Isocratem
2790 3062 3002 3130 quidem
3036 3060 3111 3113 rei
3155 3058 3381 3111 familia-

146 3125 235 3223 την
267 3157 366 3224 μὲν
413 3156 482 3209 δι’
512 3125 745 3223 ἀπορίαν
780 3156 893 3223 βίου
940 3157 1033 3209 καὶ
1058 3125 1355 3229 Θεοδέκτην
1398 3160 1590 3228 μισθοῦ
1613 3125 1709 3213 ,λό-
1737 3125 1781 3185 C

1737 3125 1781 3185 ρ
1817 3156 1891 3210 ris
1932 3156 2200 3223 angustia,
2262 3155 2336 3207 uti
2388 3165 2442 3207 et
2473 3152 2836 3217 Theodecten,
2895 3154 3072 3221 pretio
3106 3152 3379 3204 orationes

146 3262 264 3308 γους
301 3245 539 3313 γράφειν
583 3247 673 3296 καὶ
729 3246 1083 3313 σοφιστεύειν,
1122 3250 1541 3315 έκπαιδεύοντας
1586 3256 1711 3316 τοὺς

144 3336 290 3397 νέους
324 3337 585 3388 κάκεῖθεν
621 3338 1035 3407 καρπουμένους
1085 3340 1185 3403 τὰς
1220 3342 1505 3409 ὠφελείας,
1550 3346 1710 3398 αὑτὸν

144 3428 194 3479 δὲ
232 3429 325 3480 καὶ
364 3429 703 3498 Ναυκράτην
743 3430 1029 3500 αὐτάρκως
1054 3430 1274 3500 ἔχοντας
1308 3434 1366 3485 ἐν
1390 3436 1593 3499 τούτοις
1628 3438 1712 3489 ἀεὶ

141 3521 233 3588 τὴν
254 3520 543 3592 διατριϐὴν
570 3522 625 3573 ὲν
646 3520 723 3590 τῷ
747 3521 1053 3591 φιλοσοφεῖν
1075 3525 1167 3575 καὶ
1194 3524 1510 3594 φιλομαθεῖν
1540 3532 1711 3580 ποιεῖ-

144 3610 281 3665 σθαι.
321 3613 437 3665 Καὶ
476 3612 550 3673 ὡς
575 3612 673 3663 οὐκ
696 3612 759 3664 ἂν
788 3612 872 3679 εἴη
909 3613 1054 3681 αἰ·τῷ
1078 3614 1383 3683 παράλογον
1409 3619 1715 3671 ἀντιποιου-

142 3703 281 3773 μένῳ
319 3703 434 3755 τῶν
462 3702 762 3774 πρωτείων,
788 3704 886 3755 οὐκ
911 3705 1207 3757 ἐλαττόνων
1238 3706 1386 3776 μὲνὴ
1414 3708 1715 3779 δισμυρίων

140 3793 281 3845 ἐπῶν
310 3795 444 3854 τοὺς
478 3792 872 3856 ἐπιδεικτικοὺς
904 3794 1011 3846 τῶν
1036 3794 1209 3861 λόγων
1238 3800 1675 3870 συγγραψαμένῳ
1696 3843 1710 3867 ,

140 3886 352 3945 πλείους
374 3887 434 3938 δὲ
469 3886 501 3954 ἦ
535 3892 595 3937 ιε’
636 3885 919 3955 μυριάδας,
955 3888 1012 3938 έν
1044 3883 1122 3948 οἷς
1148 3888 1244 3947 τάς
1272 3905 1331 3939 τε
1373 3889 1479 3941 τῶν
1522 3891 1713 3962 Ἐλλή-

138 3997 237 4031 νων
261 3981 359 4031 καὶ
384 3977 684 4047 βαρϐάρων
724 3978 953 4047 πράξεις
999 3979 1161 4047 μέχρι
1186 3978 1280 4032 νῦν
1308 3982 1715 4053 ἀπαγγελλομέ-

136 4084 229 4127 νας
258 4066 377 4118 ἔστι
418 4065 606 4117 λαϐεῖν
644 4081 658 4095 ο
690 4065 769 4117 ἔτι
814 4066 869 4118 δὲ
907 4067 1001 4117 καὶ
1028 4066 1160 4118 διότι
1204 4068 1377 4131 οὐδείς
1408 4072 1521 4123 ἐστι
1553 4073 1714 4137 τόπος

136 4156 305 4219 κοινὸς
352 4156 472 4207 τῶν
513 4155 776 4223 Ἐλλήνων
802 4156 921 4208 οὐδὲ
969 4158 1122 4219 πόλις
1168 4158 1482 4228 ἀξιόχρεως,
1517 4163 1596 4224 εἰς
1621 4162 1716 4225 οὓς

134 4247 289 4310 αὐτὸς
326 4249 434 4301 οὐκ
472 4248 754 4319 ἐπιδημῶν
808 4248 902 4299 καὶ
943 4250 1040 4309 τὰς
1069 4249 1177 4300 τῶν
1205 4250 1380 4317 λόγων
1419 4254 1712 4318 ἐπιδείξεις

134 4340 465 4408 ποιούμενος
499 4340 619 4407 οὐχὶ
650 4339 778 4408 [9.οι
809 4338 903 4410 IL]
932 4340 1073 4407 μέγα
1104 4340 1261 4403 κλέος
1291 4344 1385 4394 καὶ
1410 4344 1709 4413 ὑπόμνημα

1814 3248 2221 3316 conscripsisse,
2275 3262 2337 3299 ac
2389 3246 2517 3300 ludo
2570 3255 2757 3313 aperto
2810 3244 3177 3298 adolescentes
3217 3242 3382 3297 infor-

1817 3354 2011 3404 masse,
2069 3340 2299 3407 indeque
2350 3339 2557 3391 lucrum
2614 3347 2957 3405 reportasse:
2992 3350 3051 3389 se
3090 3350 3219 3389 vero
3255 3350 3380 3388 cum

1812 3428 2102 3490 Naucrate,
2158 3429 2299 3497 quod
2336 3430 2500 3481 vitam
2540 3428 2674 3481 tueri
2706 3428 2928 3481 huneste
2958 3435 3194 3494 possent,
3247 3425 3381 3479 assi-

1814 3523 1917 3574 due
1949 3521 2007 3574 iu
2048 3521 2155 3581 bis.
2190 3521 2243 3573 in
2285 3519 2641 3588 pbilosolibia,
2676 3519 2917 3587 inquam,
2958 3533 3021 3570 ac
3060 3517 3269 3571 dicendi
3306 3515 3384 3569 fa-

1814 3612 2012 3664 cultate
2043 3612 2359 3664 exercitum.
2399 3608 2597 3677 Neque.
2621 3624 2749 3662 vero
2778 3618 2979 3662 temere
3010 3622 3090 3668 se,
3120 3617 3210 3660 aut
3238 3621 3380 3675 prm-

1816 3714 1895 3758 ter
1918 3704 2177 3756 rationem
2210 3704 2410 3771 primas
2440 3703 2539 3756 sibi
2572 3700 2864 3763 vindicare,
2895 3714 3015 3753 cum
3037 3699 3377 3752 demonstra-

1817 3798 1907 3849 tivi
1943 3797 2156 3866 generis
2182 3795 2455 3849 orationes
2484 3810 2591 3848 non
2650 3793 2955 3861 pauciores,
3004 3806 3162 3860 quam
3191 3790 3377 3857 viginti

1814 3888 2038 3941 millium
2104 3903 2356 3942 versuum
2424 3887 2854 3954 conscripserit:
2901 3884 3030 3953 quin
3073 3892 3127 3937 et
3188 3881 3378 3950 121a

1814 3994 1973 4048 supra
2001 3979 2307 4049 quindecim
2331 3967 2580 4032 versuum
2618 3976 2905 4048 myriadas,
2943 3976 2996 4029 in
3025 3974 3217 4042 quibus
3232 3972 3379 4027 Grae-

1815 4088 1997 4127 eorum
2030 4087 2092 4125 ac
2120 4070 2479 4125 Barbarorum
2503 4086 2591 4125 res
2633 4080 2811 4139 gestas
2838 4069 3103 4121 hactenus
3132 4074 3378 4119 narratas

1815 4168 1991 4235 legere
2026 4166 2205 4219 liceat.
2264 4164 2345 4217 Ad
2382 4165 2493 4217 haec
2518 4178 2648 4217 vero
2687 4162 2885 4215 nullam
2909 4173 3031 4214 esse
3058 4160 3134 4212 ait
3157 4156 3377 4211 Graecia:

1814 4257 2042 4324 alicujus
2064 4256 2218 4325 pretii
2253 4255 2427 4309 locum
2465 4256 2742 4317 urbemve,
2765 4269 2869 4321 quo
2901 4268 3007 4306 non
3039 4252 3152 4318 ipse
3185 4264 3373 4317 perve-

1814 4352 1975 4410 nerit,
2002 4347 2318 4416 publiceque
2345 4359 2604 4413 perorans
2638 4359 2888 4410 magnum
2908 4344 3094 4400 decus,
3114 4354 3177 4393 ac
3203 4340 3376 4391 virtu-

134 4428 229 4497 τῆς
276 4432 336 4482 έν
370 4430 562 4497 λόγοις
613 4430 778 4483 αὑτοῦ
840 4430 1129 4482 κατέλιπεν
1184 4433 1405 4501 ἀρετῆς.
1453 4435 1581 4503 [395
1612 4436 1705 4507 [1.]
1739 4453 1781 4508 ι)

1739 4453 1781 4508 ι)
1815 4440 1882 4493 tis
1937 4440 1989 4491 in
2026 4439 2252 4491 dicendo
2306 4452 2414 4491 sua:
2446 4445 2849 4489 monumentum
2888 4433 3184 4497 reliquerit.
3254 4428 3376 4483 H:ec

135 4519 316 4574 Ταῦτα
349 4520 521 4583 αὐτὸς
561 4521 690 4590 περὶ
719 4520 882 4573 αὑτοῦ
906 4522 950 4553 ⁵⁵
980 4520 1152 4589 λέγων
1178 4562 1193 4586 ,
1223 4524 1348 4585 τοὺς
1379 4525 1436 4575 ἐν
1467 4528 1579 4588 τοῖς
1614 4527 1710 4595 έμ-

134 4614 367 4682 προσθεν
391 4614 614 4682 χρόνοις
640 4613 861 4682 ἔχοντας
888 4615 945 4665 ἐν
970 4613 1145 4680 λόγοις
1165 4615 1224 4665 τὸ
1248 4619 1548 4683 πρωτεύειν
1573 4620 1709 4672 πολὺ

134 4704 598 4773 γαταόεεστέρους
640 4706 1001 4773 ἀποφαίνεται
1043 4706 1153 4757 τῶν
1200 4706 1322 4759 καθ’
1355 4708 1543 4761 ἑαυτὸν
1589 4710 1711 4763 οὐδὲ

131 4791 224 4857 τῆς
250 4794 525 4863 δευτέρας
552 4794 755 4857 τάξεως
797 4797 1131 4863 ἀξιουμένων
1153 4797 1219 4857 ⁸⁸,
1250 4798 1339 4849 καὶ
1372 4798 1527 4851 τοῦτο
1554 4800 1694 4869 δῆλο·

133 4874 265 4932 εἷναί
297 4898 438 4951 φησι
486 4881 581 4933 καὶ
615 4884 671 4947 ἐξ
725 4884 903 4935 αὐτῶν
934 4885 1043 4936 τῶν
1070 4887 1198 4955 παρ’
1240 4886 1519 4956 ἑκατέροις
1548 4891 1711 4942 ἐκπε-

133 4972 461 5039 πονημένων
496 4973 595 5025 καὶ
630 4976 1140 5047 καταλελειμμένων
1181 4978 1353 5046 λόγων
1384 4995 1398 5008 ’
1434 4981 1633 5051 πολλὴν
1660 4984 1705 5014 ’⁷

1817 4528 1883 4581 de
1910 4541 1968 4581 se
1994 4526 2124 4591 ipsis
2146 4527 2522 4594 pronuntians,
2542 4540 2636 4579 eos
2666 4525 2754 4591 qui
2778 4523 2915 4589 apud
2944 4521 3198 4575 szeculum
3229 4522 3378 4585 prius

1816 4618 2041 4670 dicendo
2074 4618 2404 4679 claruerunt,
2454 4616 2631 4669 :etatis
2653 4614 2727 4685 (5)
2753 4629 2862 4667 sum
2886 4613 3195 4665 oratoribus
3223 4610 3379 4678 longe

1816 4706 2105 4773 postponit,
2134 4721 2197 4760 ac
2214 4720 2279 4759 ne
2306 4707 2357 4759 in
2383 4702 2638 4759 secundis
2662 4704 2876 4773 quidem
2905 4701 3202 4755 subsistere
3222 4714 3379 4766 posse

1816 4797 2065 4861 alIirmat,
2106 4798 2421 4865 clarumque
2467 4798 2519 4852 id
2552 4813 2671 4852 esse
2704 4795 2788 4848 vel
2812 4810 2841 4848 e
2863 4795 3079 4864 scriptis
3106 4802 3381 4846 utrorum-

1814 4903 1941 4956 que,
1989 4897 2043 4940 et
2074 4890 2407 4943 orationibus
2437 4891 2500 4941 ad
2534 4900 2777 4956 posteros
2831 4886 3184 4939 transmissis.
3248 4884 3377 4938 Cre«

1819 4983 1957 5035 visse
1990 4998 2219 5050 namque
2254 4985 2573 5037 immensum
2605 4990 2861 5051 quantum
2912 4995 3007 5033 sua
3049 4988 3205 5031 (etate
3243 4979 3379 5030 hanc

1406 5114 1643 5169 VARUE
1698 5115 2107 5174 LECTIONES.

220 5244 265 5275 ’⁸
311 5244 696 5317 ’Δσκληπιάδα
718 5263 777 5309 ς.
856 5246 901 5277 ⁹¹
930 5245 1047 5299 ἀλλ.
1078 5246 1306 5317 συνέστη
1344 5246 1467 5300 πόλ.
1504 5246 1544 5301 C
1573 5266 1633 5312 ς.

133 5312 275 5381 λέγει
303 5332 367 5378 ς’.
439 5316 491 5347 ’⁵
514 5312 827 5387 Ναυκράτῃ
855 5333 915 5380 ς.

1010 5251 1787 5347 ξι
1812 5255 2181 5347 ἠφειγισμέγος
2213 5267 2332 5325 post
2377 5256 2532 5347 eo:

1082 5318 1277 5369 ἑαυτοῦ
1316 5334 1377 5381 ς,
1449 5320 1497 5351 ⁸⁸
1526 5321 1620 5372 καὶ
1646 5322 1764 5376 οὐδὲ
1791 5318 1871 5364 -ξ
1886 5318 2237 5396 ἀξιουμένους
2269 5344 2330 5390 ς’.
2407 5318 2461 5358 ’⁷⁷
2485 5318 2707 5397 πολλὴν]
2732 5324 2898 5377 πάλιν
2926 5325 2990 5376 Α.

2638 5254 2715 5308 nit
2754 5271 2814 5317 ς.
2914 5254 2959 5285 ⁸³
2992 5251 3154 5311 αὐτὸς
3185 5249 3378 5301 ἑαυτὸν

1647 5455 1876 5513 NOTAE.

197 5566 270 5644 (ί)
306 5567 546 5644 De___quo
596 5577 651 5619 et
699 5567 897 5623 Strabo
939 5569 1035 5623 lib.
1062 5586 1173 5634 xtv,
1234 5572 1298 5626 ad
1341 5571 1708 5644 Colaphonem

138 5634 308 5702 Ioniae,
345 5634 558 5705 aliidue
586 5652 746 5705 saepe.

206 5706 280 5774 (ἓ)
319 5707 780 5760 Damasiuratum
814 5708 1008 5764 Suidas
1036 5712 1295 5766 nominat.

212 5776 288 5846 t3)
329 5776 406 5833 De
438 5777 639 5845 quibus
668 5778 789 5834 vide
821 5779 1041 5849 Dionys.
1074 5780 1344 5837 Halicarn.

1885 5572 1960 5642 (5)
2001 5572 2117 5636 Quo
2148 5580 2204 5625 et
2241 5578 2567 5639 pmeptore
2614 5585 2741 5625 usus
2771 5579 2906 5642 teste
2932 5569 3108 5642 Cicer.
3139 5569 3373 5642 Dionys.

1813 5640 1973 5710 atque
2014 5642 2306 5697 Plutarchi.
2344 5642 2625 5710 Legendus
2655 5649 2832 5694 autem
2864 5640 3035 5695 dehis
3059 5640 3270 5693 Suidas.

1886 5712 1964 5779 (5)
2002 5712 2187 5765 Simile
2234 5722 2427 5765 tractat
2464 5720 2835 5781 argumentum
2868 5712 2983 5781 sive
3015 5710 3228 5772 Fabius,
3259 5716 3373 5765 sive

1831 5782 2087 5839 Tacitus;
2123 5780 2233 5836 Cur
2269 5784 2362 5837 cui
2400 5784 2483 5835 sui
2519 5778 2748 5835 oratam
2777 5778 3030 5835 veteribus
3062 5782 3371 5834 concedant.
