4224 6446
170 413 273 474 513

1186 407 1707 470 BIBLIOTHECA.
1731 429 1800 442 -
1836 404 1998 465 COD.
2028 405 2361 468 CLXXVII-

3309 394 3411 461 514

171 520 289 572 τῶν
322 520 585 575 ἐοικέναι
609 523 875 592 μάλιστα
910 522 1171 591 σώμασι,
1205 521 1351 586 τοὺς
1368 521 1437 573 δὲ
1478 520 1735 587 Ἰσοκρα-
1764 527 1809 581 Α
1836 519 1839 571 ἶ

1764 527 1809 581 Α
1836 519 1968 573 Illud
2021 520 2249 585 clarum,
2295 517 2699 586 Theopompum
2752 514 2964 569 nemine
2998 526 3119 569 esse
3158 512 3409 567 Isocratis

170 613 385 678 τικοὺς
419 614 545 678 τοῖς
566 614 686 667 τῶν
711 613 1009 682 ἀθλητῶν.
1033 613 1199 684 Δῆλον
1233 613 1291 666 δέ
1321 612 1394 674 ὡς
1423 613 1743 682 Θεόπομπος

170 705 390 767 οὐδενὸς
421 706 530 758 τῶν
598 706 980 777 ἰσοκρατικῶν
1030 708 1111 769 είς
1143 706 1269 768 τοὺς
1317 704 1507 772 λόγους
1553 705 1745 773 ἀτιμό-

172 813 358 862 τερος.

244 887 323 938 Τὸ
357 887 458 955 μὲν
488 882 582 941 οὖν
607 890 931 959 Θεοπόμπου
965 890 1117 957 γένος
1146 888 1241 941 καὶ
1282 888 1316 957 ἡ
1348 888 1627 950 παίδευσις
1654 888 1747 940 καὶ

174 980 199 1028 ὁ
224 978 555 1041 διδάσκαλος
584 980 712 1049 [205
740 980 832 1052 IL]
863 981 957 1033 καὶ
977 982 1025 1033 οἱ
1056 980 1501 1050 συνακμάσαντες
1553 981 1650 1032 καὶ
1700 982 1748 1032 οἱ

177 1069 330 1135 λόγοι
361 1072 458 1122 καὶ
484 1074 516 1139 ἡ
547 1073 791 1125 πολιτεία
816 1075 909 1127 καὶ
951 1075 1061 1143 ήέν
1102 1077 1216 1136 τοϊς
1265 1073 1442 1139 λόγοις
1498 1073 1611 1125 ίδέα
1658 1073 1751 1125 καὶ

178 1162 528 1231 προαίρεσις,
562 1164 705 1215 κατὰ
746 1163 1090 1235 κεφαλαιώδη
1142 1166 1543 1234 ἀπαρίθμησιν,
1596 1164 1691 1218 καὶ
1717 1165 1746 1216 ὁ

180 1251 306 1301 καθ’
340 1252 400 1303 ὃν
429 1254 647 1321 ἧκμασε
679 1255 887 1322 χρόνος,
915 1256 1010 1306 καὶ
1058 1257 1161 1309 ὅσα
1220 1255 1369 1323 αὐτῷ
1409 1255 1745 1323 συνεκύρησε

181 1344 330 1394 κατὰ
360 1343 454 1394 τὸν
491 1343 627 1411 βίον,
662 1345 755 1394 ἐπὶ
777 1343 1047 1399 τοσοῦτον.

840 1435 1009 1489 POZ'.

184 1523 495 1590 Θεοδώρου
535 1525 881 1592 Ἀντιοχέως
904 1527 1053 1592 πρὸς
1080 1524 1222 1590 τοὺς
1240 1523 1528 1593 λέγοντας
1554 1528 1751 1594 φύσει,

320 1596 421 1646 καὶ
449 1597 523 1647 οὺ
560 1594 782 1663 γνώμῃ,
831 1596 1063 1647 πταίειν
1088 1596 1228 1660 τοὺς
1254 1597 1622 1663 ἀνθρώπους.

254 1680 391 1751 [596
425 1680 517 1751 3.]
558 1682 899 1750 ’Δνεγνώσθη
925 1682 1125 1750 βιϐλίον
1146 1679 1206 1736 οὗ
1230 1685 1263 1752 ἠ
1289 1684 1594 1755 ἐπιγραφὴ,
1619 1688 1755 1738 Θεο-

181 1770 377 1837 δώρου
397 1770 735 1839 Ἀντιοχέως
758 1776 778 1805 ⁵
805 1772 952 1840 πρὸς
974 1773 1113 1839 τοὺς
1135 1774 1425 1843 λέγοντας
1440 1777 1639 1844 φύσει,
1660 1776 1758 1829 καὶ

1846 613 2233 681 discipulorum
2269 612 2321 664 in
2365 608 2592 663 dicendo
2624 605 2954 661 inferiorem.

1918 880 2190 937 Caeterum
2213 875 2542 946 Theopompi
2568 890 2762 945 genus,
2778 872 3187 937 institutionem,
3203 887 3409 939 praece-

1848 982 2077 1041 ptorem,
2133 967 2389 1036 mquales,
2428 966 2614 1025 libros,
2644 962 2853 1015 civilem
2892 961 3410 1023 vitam,orationum

1850 1061 2100 1121 formam,
2124 1067 2286 1126 atque
2320 1057 2622 1109 institutum
2651 1052 2955 1124 singulatim
2982 1053 3409 1114 adnutnerando,

1850 1152 2045 1221 quibus
2077 1151 2311 1218 denique
2360 1147 2687 1217 temporibus
2732 1147 2979 1216 viguerit,
3014 1162 3132 1214 quae
3164 1148 3288 1201 item
3337 1147 3413 1200 illi

1852 1244 1905 1298 in
1944 1243 2050 1297 vita
2079 1242 2422 1311 contigerint,
2451 1242 2709 1294 hactenus
2732 1242 3166 1308 exposuerimus.

2489 1414 2789 1471 CLXXVII.

1860 1511 2116 1565 Theodori
2152 1511 2453 1563 Antiocheni
2488 1509 2682 1563 Contra
2703 1517 2988 1560 asserentes
3021 1523 3231 1573 peccare
3248 1510 3416 1558 homi-

2133 1598 2219 1634 nes
2245 1590 2461 1641 natura,
2490 1596 2591 1631 non
2622 1579 2904 1640 voluntate,
2936 1578 3058 1629 libri
3088 1593 3139 1629 v.

1926 1672 2144 1727 Lectum
2179 1681 2262 1725 est
2303 1685 2436 1737 upus
2468 1668 2737 1721 Theodori
2787 1667 3108 1721 Antioclieni
3139 1668 3155 1728 ί
3193 1666 3278 1732 qui
3311 1665 3419 1716 Mo-

1859 1774 2109 1833 psuestus
2161 1763 2245 1815 ille
2275 1763 2560 1828 episcopus
2610 1766 2712 1819 est,
2758 1768 2813 1811 ut
2859 1774 2924 1812 ex
2956 1758 3071 1825 ejus
3105 1759 3419 1826 quibusdam

182 1865 257 1915 οὐ
281 1861 514 1930 γνώμῃ,
542 1865 781 1915 πταίειν
800 1865 939 1931 τοὺς
958 1866 1324 1935 ἀνθρώπους.
1348 1869 1760 1939 Διαπεραινεται
1792 1870 1831 1924 Β

1752 1886 1760 1921 ι
1792 1870 1831 1924 Β
1860 1856 2101 1924 epistolis
2136 1854 2437 1917 colligimus
2468 1850 2484 1921 )
2523 1852 2622 1905 hoc
2667 1848 2819 1902 titulo
2852 1866 2865 1902 :
2910 1848 3106 1902 Contra
3138 1860 3420 1901 asserentes

191 1954 294 2021 μὲν
327 1954 478 2021 αὐτῷ
508 1956 536 2006 ὁ
567 1956 705 2024 πρὸς
736 1956 929 2018 αὐτοὺς
964 1956 1114 2023 ἀγὼν
1138 1960 1194 2010 ἐν
1228 1960 1406 2026 λόγοις
1443 1966 1507 2025 ε’,
1542 1962 1677 2029 πρὸς
1705 1961 1759 2013 δὲ

184 2044 315 2105 τοὺς
346 2043 457 2095 ἀπὸ
494 2044 592 2111 τῆς
615 2043 827 2106 Δύσεως
866 2045 1017 2099 τοῦτο
1046 2047 1107 2099 τδ
1152 2048 1364 2118 νόσημα
1406 2051 1762 2119 νενοσηκότας

185 2135 394 2204 γράφει
423 2134 487 2186 τὸ
523 2134 726 2204 βιϐλίον
758 2152 771 2165 ·
810 2130 885 2188 ὧν
927 2140 1020 2191 καὶ
1060 2140 1160 2208 τῆς
1210 2142 1472 2211 αἱρέσεως
1524 2145 1764 2215 ἀρχηγὸν

184 2226 339 2293 λέγει
372 2227 651 2293 γενέσθαι,
679 2228 889 2281 ἐκεῖθεν
927 2231 1024 2299 μὲν
1076 2234 1420 2302 ὁρμώμενον,
1442 2237 1551 2297 τοῖς
1577 2235 1633 2287 δὲ
1666 2240 1763 2306 τῆς

190 2316 491 2383 ’Δνατολῆς
521 2318 951 2385 ἐπιχωριάζοντα
1002 2319 1210 2383 τόποις,
1265 2321 1360 2372 καὶ
1410 2320 1766 2374 συντάττοντα

186 2407 386 2474 λόγους
438 2408 577 2477 ὑπὲρ
626 2410 724 2477 τῆς
780 2410 1255 2481 καινοποιηθείσης
1302 2402 1460 2481 ἀύτῷ
1504 2414 1765 2483 αἱρέσεως

186 2499 531 2567 διαπέμπειν
560 2486 672 2562 τοῖς
702 2499 761 2550 τδ
782 2498 1037 2570 πατρῷον
1067 2501 1259 2570 ἔδαφος
1283 2503 1545 2570 οἰκοῦσιν,
1580 2507 1669 2574 ὑφ’
1693 2500 1767 2560 ὧν

189 2591 289 2642 καὶ
319 2589 550 2651 πολλοὺς
580 2589 688 2643 τῶν
718 2591 739 2622 ⁸
771 2592 950 2644 ἐκεῖσε
1002 2594 1138 2663 πρὸς
1168 2594 1227 2647 τὸ
1284 2596 1483 2649 οίκεῐον
1514 2598 1765 2667 φρόνημα

191 2681 446 2740 ἐλκῦσαι,
486 2682 563 2744 ὼς
594 2683 689 2734 καὶ
726 2682 1053 2753 Ἐκκλησίας
1101 2685 1229 2748 ὅλας
1279 2688 1374 2739 τοῦ
1417 2689 1766 2757 ἀτοπήματος

190 2771 579 2841 πληρωθῆναι.
604 2773 782 2843 Ἀρὰμ
812 2774 869 2827 δέ
896 2776 988 2827 τὸν
1039 2778 1281 2847 ἀρχηγὸν
1326 2778 1506 2832 αὐτῶν
1549 2780 1631 2849 (οὺ
1662 2780 1768 2851 γὰρ

191 2864 305 2931 ἔχω
351 2862 539 2929 σαφῶς
570 2866 765 2932 εἰπεῖν)
799 2866 908 2918 εἴτε
943 2867 1197 2936 ὀνομάζει
1256 2870 1363 2921 εἴτε
1420 2869 1766 2940 ἐπονομάζει.

189 2954 405 3005 Τοῦτον
433 2954 490 3006 δὲ
520 2954 776 3022 πέμπτον
793 2956 1119 3024 Εὑαγγέλιον
1136 2959 1579 3025 προσαναπλάσαι
1600 2960 1766 3029 λέγει,

187 3045 251 3096 ἐν
288 3046 415 3105 ταῖς
441 3044 702 3099 Εὐσεσίου
729 3045 821 3103 τοῦ
860 3048 1212 3103 ΙΙαλαιστινοῦ
1244 3048 1609 3121 βιὸλιοθήκαις
1648 3054 1771 3107 ὐπο-

188 3134 570 3202 πλαττόμενον
604 3137 783 3205 εὑρεῖν
809 3153 822 3174 ν
854 3139 948 3193 καὶ
978 3138 1299 3192 ἀπώσασθαι
1351 3140 1449 3209 μὲν
1499 3144 1595 3212 τῆς
1619 3142 1769 3207 θείας

191 3226 294 3277 καὶ
328 3196 577 3289 Παλαιὰ
608 3196 830 3297 Γραφῆς
869 3229 934 3297 ἣν
962 3231 1007 3280 οἱ
1042 3196 1440 3301 Ἐϐδομήκοντα
1477 3196 1768 3300 anilem)»:-
1794 3196 1840 3258 ο

192 3319 360 3379 θότες
384 3317 720 3371 ἐπιδεδώκασι
760 3321 1121 3389 μετάφρασιν,
1157 3323 1251 3375 καὶ
1283 3322 1344 3390 δὴ
1377 3325 1468 3374 καὶ
1501 3324 1599 3392 τὴν
1625 3324 1769 3394 Συμ-

194 3413 383 3479 μάχου
410 3410 506 3461 καὶ
554 3410 756 3461 ’Δκύλα
788 3412 1010 3464 καὶτῶν
1041 3412 1235 3472 ἄλλων,
1269 3412 1405 3465 ἰδίαν
1429 3415 1485 3467 δέ
1516 3432 1636 3467 τινα
1679 3416 1771 3469 καὶ

191 3501 399 3569 καινὴν
472 3500 777 3569 ἐπαρθῆναι
844 3502 1098 3565 συντάξαι
1154 3503 1289 3572 μήτε
1350 3503 1447 3572 τὴν
1508 3504 1771 3575 Ἐϐραίων

192 3592 396 3659 ὥσπερ
410 3585 611 3643 ἐκείνοι
628 3593 689 3643 ἐκ
706 3592 894 3654 παιδὸς
910 3594 1215 3661 ἀσκηθέντα
1235 3596 1371 3663 μήτε
1394 3596 1482 3646 τὸν
1507 3597 1603 3663 τῆς
1626 3597 1773 3657 θείας

195 3684 436 3754 Γραφῆς
476 3686 600 3734 νοῦν
658 3683 1056 3752 ἐκδιδαχθὼτα,
1102 3686 1369 3752 Ἐϐραίων
1413 3687 1469 3740 δέ
1528 3705 1637 3739 τισι
1667 3689 1775 3741 τῶν

195 3772 569 3843 χαμαιπετῶν
626 3774 818 3825 ἐαυτὸν
852 3774 1180 3827 ἐκδεδωκότα
1241 3777 1450 3831 ἐκεῖθεν
1504 3779 1771 3849 θαρρῆσαι

198 3865 351 3916 ίδίαν
373 3863 588 3939 ἔκδοσιν
620 3864 972 3933 ἀναγράφειν.
1010 3866 1166 3917 Ἔστι
1187 3865 1241 3918 δέ
1273 3866 1342 3919 τὰ
1366 3869 1462 3936 τῆς
1515 3870 1775 3939 αἱρέσεως

195 3954 416 4017 αὐτοῖς,
446 3952 522 4013 ὡς
553 3952 610 4003 ἐν
630 3952 909 4022 κεφαλαίῳ
935 3955 1120 4020 φάναι,
1145 3954 1319 4010 ταῦτα
1338 3973 1353 3987 ⁸
1385 3958 1568 4019 Φύσει,
1593 3959 1687 4011 καὶ
1715 3959 1773 4011 ού

194 4044 427 4113 γνώμῃ,
458 4043 671 4095 πταίειν
700 4045 867 4111 φασὶτ
899 4047 1023 4107 τοὺς
1054 4046 1395 4116 ἀνθρώπους,
1438 4048 1596 4117 φύσει
1624 4051 1679 4103 δὲ
1716 4053 1775 4103 οὐ

196 4138 325 4188 κατ’
358 4134 578 4203 ἐκείνην
600 4136 657 4185 ἐν
696 4129 889 4207 ᾖκατὰ
930 4136 1150 4199 πρώτας
1197 4139 1621 4208 δημιουργηθεὶς
1677 4142 1777 4194 ὐπ-

197 4229 341 4295 ἑστη
367 4229 396 4279 ὁ
428 4226 600 4295 ’Δδάμ
620 4226 851 4296 (ἐκείνην
880 4229 988 4299 γὰρ
1010 4231 1216 4299 ἀγαθὴν
1239 4232 1438 4297 ἀγαθοῦ
1462 4234 1594 4287 Θεοῦ
1619 4235 1775 4306 ποίη-

200 4337 285 4391 μα
307 4314 483 4372 οὖσάν
509 4319 715 4389 φασιν),
740 4318 874 4371 ἀλλὰ
898 4322 1016 4373 κατ’
1042 4323 1254 4393 ἐκείνην
1274 4324 1339 4393 ἢν
1360 4324 1584 4394 ὕστερον
1603 4327 1777 4395 ἀμαρ-

194 4411 387 4479 τήσας
441 4408 813 4477 ἐκληρώσατο,
859 4413 923 4480 τῇ
965 4414 1095 4481 περὶ
1148 4414 1208 4465 τὺ
1245 4415 1412 4468 κακὸν
1444 4417 1640 4485 πράξει
1686 4417 1780 4469 καὶ

1860 1965 2071 2017 peccare
2102 1947 2333 1999 homines
2366 1956 2580 2003 natura,
2605 1958 2706 1994 non
2734 1941 3014 1994 voluntate.
3040 1940 3111 1993 Ea
3137 1940 3425 2007 disputatio

1862 2042 2097 2111 quinque
2145 2039 2298 2093 libris
2341 2038 2657 2099 absolvitur,
2702 2052 2835 2104 quos
2878 2038 3131 2091 adversus
3164 2035 3425 2090 Occiden-

1866 2134 1997 2187 tales
2028 2134 2127 2187 hac
2155 2132 2270 2186 labe
2293 2131 2519 2186 infectos
2547 2130 2785 2196 scripsit.
2812 2128 2939 2183 Inde
2967 2132 3108 2184 enim
3138 2129 3422 2183 oriundum

1864 2225 2086 2278 haeresis
2114 2222 2273 2291 hujus
2289 2230 2562 2276 auctorem
2592 2222 2642 2273 in
2667 2218 2903 2275 Orientis
2932 2218 3087 2273 modo
3120 2218 3427 2286 regionibus

1864 2317 2092 2381 versari,
2126 2315 2398 2384 librosque
2422 2314 2487 2367 de
2512 2328 2698 2367 recens
2723 2314 2788 2367 ab
2819 2327 2877 2367 se
2901 2313 3206 2381 excogitata
3234 2310 3422 2364 heresi

1865 2408 2188 2477 compositos
2221 2407 2286 2461 ad
2311 2406 2593 2477 populares
2626 2418 2753 2459 suos
2798 2404 2849 2457 in
2881 2403 3107 2473 patriam
3148 2404 3426 2456 transmit-

1867 2509 1979 2554 tere
2026 2507 2229 2564 narrat,
2262 2507 2323 2553 ut
2343 2499 2451 2568 jam
2480 2498 2550 2551 ibi
2602 2496 2796 2550 multos
2843 2510 2938 2563 per
2988 2496 3129 2550 hanc
3167 2506 3337 2548 artem
3374 2495 3423 2546 in

1867 2606 2019 2646 suam
2079 2592 2402 2661 pertraxerit
2456 2590 2779 2645 sententiam
2817 2628 2831 2653 ,
2896 2588 3242 2657 integrasque
3294 2588 3428 2640 adeo

1867 2684 2137 2739 Ecclesias
2162 2684 2413 2739 absurdis
2440 2683 2545 2737 illis
2576 2684 2833 2737 imbuerit
2860 2682 3222 2750 Opinionibus.
3267 2682 3426 2733 Aram

1864 2787 1995 2828 vero
2034 2775 2240 2828 illorum
2272 2775 2530 2830 librorum
2577 2784 2848 2828 auctorem
2890 2775 3004 2828 sive
3051 2773 3289 2835 nomine,
3316 2772 3430 2826 sive

1868 2866 2185 2937 cognomine
2229 2866 2381 2934 (l3),
2435 2867 2696 2919 incertum
2759 2867 3008 2933 appellat.
3060 2864 3211 2918 Hunc
3265 2864 3427 2917 etiam

1867 2959 2112 3026 quintum
2165 2956 2509 3027 Evangelium
2562 2957 2917 3020 conﬁnxisse,
2966 2956 3202 3023 illudque
3256 2971 3315 3010 se
3373 2956 3425 3009 in

1868 3048 2081 3103 Eusebii
2114 3047 2383 3102 Palaestini
2422 3048 2766 3102 Bibliothecis
2798 3052 3058 3115 reperisse
3084 3049 3177 3100 ait.
3210 3046 3427 3113 Rejecta

1870 3149 2125 3207 praeterea
2180 3138 2343 3192 divini
2396 3152 2458 3192 ac
2502 3139 2710 3192 Veteris
2759 3136 3084 3193 Testamenti
3134 3140 3372 3193 versione
3412 3156 3427 3201 ;

1869 3243 2029 3296 quam
2071 3227 2416 3297 Septuaginta
2470 3230 2788 3297 interpretes
2834 3232 2988 3283 simul
3053 3232 3431 3285 convenientes

1870 3319 2173 3384 ediderunt,
2215 3329 2272 3371 ut
2304 3328 2356 3373 ct
2395 3319 2728 3389 Symmachi,
2758 3330 2811 3374 et
2839 3322 3061 3389 Aquilae,
3097 3322 3430 3391 aliorumque

1872 3408 2329 3476 interpretatione,
2350 3411 2614 3477 propriam
2647 3414 2929 3479 quamdam
2954 3428 3105 3466 suam
3134 3428 3432 3481 novamque

1877 3499 2067 3567 122a
2098 3502 2363 3554 cOItlicere
2394 3515 2581 3553 ausum
2616 3520 2628 3555 :
2656 3517 2775 3554 cum
2803 3518 2972 3571 neque
3022 3503 3293 3558 lleliraice
3325 3504 3429 3557 lin-

1873 3606 2008 3657 grue,
2031 3599 2087 3644 ut
2109 3592 2203 3657 illi,
2219 3606 2247 3643 a
2275 3605 2440 3660 puero
2458 3595 2803 3657 assuevisset,
2823 3609 2993 3661 neque
3016 3604 3245 3648 mentem
3268 3610 3431 3649 sacra}

1874 3683 2166 3753 Scriptura:
2204 3684 2476 3740 didicisset
2510 3704 2523 3739 :
2561 3685 2799 3740 Hebraeis
2825 3688 3434 3757 tantummodoquibus-

1875 3776 1996 3829 dam
2042 3775 2264 3844 abiecta:
2299 3778 2460 3831 sortis
2491 3778 2545 3829 in
2573 3778 2907 3847 disciplinam
2944 3793 3001 3832 se
3029 3776 3329 3842 tradidiSse,
3353 3790 3433 3831 at-

1875 3882 1978 3936 que
2026 3867 2149 3922 hinc
2183 3868 2451 3936 propriam
2491 3869 2591 3922 sibi
2630 3868 2915 3923 editionem
2958 3870 3299 3923 conscribere
3348 3885 3434 3932 ag-

1876 3975 2136 4029 gressum.
2176 3959 2349 4014 Secta
2387 3975 2515 4014 vero
2549 3960 2692 4014 illius
2727 3976 2931 4015 summa
2960 3964 3132 4029 capita
3163 3962 3273 4015 haac
3324 3963 3433 4017 fere

1878 4060 2003 4103 sunt
2055 4050 2308 4105 Homines
2386 4061 2575 4105 natura
2626 4092 2642 4119 ,
2700 4068 2801 4106 non
2859 4054 3131 4108 voluntate
3189 4071 3431 4124 peccare.

1880 4140 2100 4206 Natura,
2158 4142 2373 4209 inquam
2403 4180 2418 4205 ,
2474 4157 2575 4195 non
2625 4156 2687 4195 ea
2718 4158 2823 4211 qua
2871 4144 3125 4210 praeditus
3173 4144 3242 4199 ab
3283 4146 3434 4197 initio

1879 4235 2231 4303 conditusque
2260 4245 2342 4287 est
2390 4236 2560 4287 Adam
2615 4235 2781 4305 (illam
2813 4237 2955 4289 enim
2989 4236 3203 4299 bonam,
3229 4249 3284 4291 et
3312 4239 3433 4291 boni

1880 4325 1968 4378 Dei
2001 4340 2133 4390 opus
2174 4339 2293 4379 esse
2321 4325 2610 4394 asserunt),
2630 4326 2720 4379 sed
2750 4342 2809 4378 ea
2836 4342 2991 4393 quam
3022 4340 3135 4395 post
3161 4340 3433 4395 peccatum

1880 4412 2100 4478 adeptus
2142 4411 2213 4463 sit
2256 4428 2271 4476 ;
2328 4413 2539 4479 quando
2589 4428 2686 4481 per
2740 4416 3228 4482 praevaricationem
3277 4427 3436 4485 atque

197 4498 467 4590 ἁμαρτίᾳ
492 4500 669 4590 κακήν
727 4516 785 4550 τε
815 4500 929 4551 ἀντ’
972 4502 1183 4570 ἀγαθῆς
1222 4504 1398 4573 ἐαυτῷ
1432 4511 1526 4558 καὶ
1580 4506 1777 4576 Θνητὴν
1811 4536 1853 4590 D

1767 4527 1777 4556 ρ
1811 4536 1853 4590 D
1879 4511 2152 4567 peccatum
2194 4502 2387 4554 malam
2446 4518 2541 4571 pro
2590 4504 2749 4564 bona,
2787 4506 3170 4571 tnortaletnque
3208 4522 3301 4574 pro
3338 4507 3435 4557 im—

197 4589 335 4642 ἀντὶ
359 4589 459 4655 τῆς
479 4588 747 4642 ἀθανάτου
771 4590 1139 4659 ἀλλαξάμενος
1161 4608 1173 4621 ’
1206 4594 1373 4663 ταύτῃ
1394 4612 1473 4646 τοι
1495 4597 1588 4648 καὶ
1614 4601 1773 4663 φύσει

198 4679 515 4747 γεγονότας
548 4680 747 4742 κακοὺς
774 4683 835 4732 ἐκ
866 4681 958 4733 τοῦ
979 4683 1271 4750 ὑποστῆναι
1326 4684 1483 4751 φύσει
1513 4687 1776 4758 πρότερον

198 4771 479 4839 ἀγαθοὺς,
510 4773 569 4822 ἐν
598 4774 661 4841 τῇ
683 4772 863 4840 φύσει,
891 4776 985 4826 καὶ
1014 4776 1113 4827 οὐκ
1147 4779 1203 4827 ἐν
1228 4778 1291 4846 τῇ
1317 4780 1655 4845 προαιρέσει,
1682 4797 1777 4832 κε-

202 4860 457 4927 κτῆσθαι
502 4864 604 4930 τὴν
633 4865 927 4932 ἁμαρτίαν.
964 4868 1226 4936 Δεύτερον
1279 4868 1571 4922 ἀκόλουθον
1597 4872 1779 4933 αὐτοῖς

200 4951 397 5015 λέγειν
427 4952 559 5021 μηδὲ
597 4954 665 5005 τὰ
684 4956 893 5017 παιδία,
919 4956 1022 5008 κᾶν
1050 4954 1480 5029 ἁρτιγέννηταῇ,
1513 4961 1587 5030 μὴ
1605 4961 1777 5029 ἀπηλ-

200 5039 414 5111 λάχθαι
454 5040 747 5110 ἁμαρτίας,
784 5045 877 5096 ἆτε
911 5045 1017 5096 ἀπὸ
1040 5045 1138 5113 τῆς
1178 5046 1271 5098 τοῦ
1321 5046 1493 5116 ’Λδάμ
1533 5047 1780 5117 παραϐά-

201 5149 355 5194 σεως
384 5134 484 5200 τῆς
516 5132 729 5199 φύσεως
764 5136 821 5187 ἐν
845 5136 1140 5205 ἁμαρτίαις
1166 5136 1495 5207 ὑποστάσης.
1557 5138 1648 5190 καὶ
1702 5142 1778 5201 είς

201 5226 320 5277 πᾶν
354 5223 415 5275 τὺ
456 5223 515 5287 ἐξ
547 5226 751 5278 ἐκείνου
780 5226 936 5292 γένος
964 5227 1062 5295 τῆς
1106 5227 1435 5297 ἁμαρτωλῆς
1478 5230 1571 5298 (ὡς
1604 5228 1669 5282 ἂν
1701 5230 1777 5281 εί-

200 5313 412 5366 ποιεν⁸
444 5313 664 5385 ἐκεῖνοι)
700 5318 913 5383 φύσεως
955 5317 1437 5385 παρατεινομένης.
1483 5318 1672 5387 Φέρειν
1722 5336 1778 5372 τε

1880 4593 2089 4645 mortali
2136 4596 2500 4647 commutavit.
2564 4594 2671 4648 llac
2734 4596 2928 4663 quippe
2980 4597 3185 4651 ratione
3249 4606 3432 4648 natura

1881 4698 2092 4750 quoque
2140 4684 2412 4751 improbos
2456 4683 2699 4747 ellectos,
2747 4687 2834 4753 qui
2883 4696 3037 4738 antea
3086 4696 3271 4737 natura
3314 4686 3432 4738 boni

1884 4774 2131 4839 fuissent,
2191 4774 2242 4826 in
2295 4783 2482 4826 natura
2508 4772 2639 4840 jam,
2673 4783 2734 4825 ct
2774 4790 2876 4826 non
2925 4776 2973 4825 in
3011 4773 3279 4826 voluntate
3317 4790 3437 4841 pec-

1885 4876 2062 4919 catum
2106 4866 2203 4920 sibi
2264 4866 2628 4933 acquisivisse.
2663 4866 2898 4918 Alterura
2946 4866 3137 4918 deinde
3182 4876 3340 4934 caput
3372 4881 3430 4917 ex

1882 4958 1971 5010 illo
2003 4957 2305 5011 deductum.
2336 4956 2590 5022 Infantes,
2631 4959 2837 5010 tametsi
2877 4972 3061 5010 recens
3098 4966 3274 5019 natus,
3314 4973 3433 5025 ρει-α

1884 5051 1988 5102 cati
2023 5050 2284 5102 immunes
2326 5066 2427 5103 non
2458 5064 2596 5109 esse,
2626 5065 2747 5102 cum
2780 5050 2849 5103 ob
2889 5051 3012 5102 Adae
3046 5049 3433 5117 prmvaricatin-

1884 5154 2027 5203 netu,
2086 5152 2274 5193 natura
2299 5140 2349 5191 in
2375 5140 2606 5207 peccatis
2646 5142 2959 5199 constituta,
2996 5142 3059 5192 ad
3096 5155 3281 5193 Ollllles
3326 5141 3439 5207 ejus

1887 5239 2130 5297 posteros
2188 5231 2460 5298 peccatrix
2501 5235 2581 5299 (ut
2628 5231 2726 5299 ipsi
2762 5230 3068 5298 loquuntur)
3102 5240 3283 5281 natura
3318 5245 3435 5295 pro-

1885 5332 2130 5387 pagetur.
2155 5321 2362 5376 Allerre
2392 5332 2568 5375 autem
2604 5323 2745 5389 ipsos
2766 5332 2820 5375 et
2853 5322 2977 5375 illud
3003 5324 3079 5373 ait
3113 5338 3127 5372 :
3160 5340 3176 5370 ι
3218 5320 3353 5373 Ecce
3385 5321 3434 5371 in

1486 5454 1718 5509 νΑιιιΑι
1764 5456 2170 5513 LECTIONES.

299 5545 321 5575 ⁸
374 5544 713 5615 Ἀντιοχέως]
806 5544 960 5612 Μοψο

202 5612 225 5644 ⁴¹
258 5615 403 5679 φασὶ
451 5612 583 5667 add;
608 5615 674 5669 A.
696 5612 712 5615 “
748 5614 769 5645 ⁸
807 5616 1008 5667 εἴποιεν
1036 5615 1101 5667 ἄν
1134 5632 1193 5677 ς’.

1636 5726 1863 5795 ΝΟΤΛἾ,

286 5815 405 5884 (l3)
437 5814 518 5868 Ab
562 5815 792 5871 infausta
827 5817 1049 5871 forsitan
1080 5817 1192 5869 τοῦ.
1228 5816 1330 5879 ἐιρᾶ
1375 5815 1781 5878 signiﬁcatione.

962 5544 1174 5624 υεστίας
1205 5545 1370 5609 ἐστὶν,
1413 5547 1489 5609 ὡς
1515 5549 1622 5601 ἀπό
1650 5566 1811 5602 τινων
1841 5552 2135 5607 ἐπιστολῶν
2172 5553 2446 5624 ἐμάθομεν
2473 5568 2579 5624 mg.
2620 5552 2661 5606 Α
2705 5569 2717 5604 :
2751 5564 2857 5604 om.
2879 5550 2940 5607 C.

3037 5550 3057 5577 .
3087 5547 3194 5600 τῶν
3228 5545 3346 5600 add.
3372 5546 3430 5599 Λ.
