4224 6446
813 380 915 445 515

1935 376 2194 439 PIIOTII
2238 373 2740 434 PATRIARCIL‘E
2800 376 2907 435 ΟΡ.

3972 372 4069 438 εἴθ

817 495 1196 564 iniquitatibus
1248 500 1541 561 conceptus
1588 507 1705 545 sum
1752 494 1819 555 ",
1867 512 1883 542 ι
1938 504 1990 545 et
2030 494 2071 545 si
2123 508 2243 560 qua:
2273 505 2398 550 sunt,
2427 491 2472 546 Α

2546 489 2703 551 ὑτοὺς
2750 491 2829 552 τὸ,
2870 509 2888 540 ι
2940 489 3027 541 Ἐν
3058 489 3351 559 ἁμαρτίαις
3373 492 3393 522 ⁹
3421 490 3734 560 ἐγεννήθην,
3767 510 3782 540 ι
3818 495 3912 543 καὶ
3947 494 4069 543 εἴτι

814 585 1024 655 geueris
1070 582 1334 652 ejusdem,
1376 593 1619 636 sanctum
1657 584 1720 635 ad
1760 586 1871 635 hzee
1909 582 2199 649 baptisma,
2230 582 2396 633 sacri-

815 693 919 744 que
954 677 1202 744 corporis
1256 676 1690 728 communionem
1734 676 1783 727 in
1814 685 2157 741 peccatorum
2203 676 2397 727 remis-

816 770 1044 820 sionem.
1086 767 1226 831 Quin
1258 767 1420 819 etiam
1453 767 1580 835 ipsis
1612 765 1907 819 infantibus
1936 765 2090 817 allata
2128 764 2237 818 hrec
2270 781 2398 833 pne-

814 861 967 923 bere,
992 862 1055 912 ad
1078 860 1305 928 propriae
1320 859 1589 926 opinionis
1611 858 2098 911 confirmationem.
2120 857 2397 909 Neminem

820 962 1077 1018 praeterea
1105 951 1406 1003 mortalium
1433 965 1549 1003 esse
1570 950 1794 1016 justum.
1820 948 1971 1013 Quod
1997 951 2165 1017 ipsum
2194 950 2315 1001 item
2334 964 2398 1000 cx

820 1057 908 1102 eo,
937 1043 1078 1107 quod
1105 1042 1258 1095 initio
1283 1052 1596 1109 posuerunt,
1627 1042 2015 1108 consequitur:
2054 1059 2072 1089 ι
2109 1039 2221 1092 Νοιι
2252 1040 2394 1091 enim

820 1133 1239 1202 justifieabitur,
1295 1134 1467 1201 inquit
1510 1132 1797 1199 Propheta,
1857 1133 1906 1184 iu
1953 1143 2241 1199 conspectu
2306 1140 2395 1183 tuo

824 1225 998 1276 omnis
1072 1238 1201 1276 caro
1228 1223 1295 1287 ",
1333 1242 1351 1274 ι
1401 1233 1454 1275 et
1492 1222 1572 1275 his
1612 1224 1807 1275 similia
1863 1222 1994 1291 (ιιι).
2038 1221 2297 1285 Quartum
2352 1224 2405 1277 lo

827 1314 1168 1379 blasphemas
1188 1329 1346 1366 voces
1376 1324 1427 1364 et
1452 1314 1674 1381 impias!
1708 1316 1746 1377 ),
1777 1328 1843 1365 ne
1878 1314 2154 1367 Christum
2189 1312 2403 1380 quidem

830 1404 1015 1464 Deum,
1071 1414 1345 1473 assumpta
1377 1406 1627 1458 nimirum
1674 1406 1908 1472 peccatis
1945 1406 2141 1457 infecta
2192 1415 2403 1465 natura,

828 1496 1050 1551 sceleris
1081 1513 1273 1565 purum
1308 1512 1445 1550 esse.
1482 1497 1799 1564 Quanquam
1833 1508 1885 1550 et
1912 1498 1962 1549 in
2004 1498 2123 1550 aliis
2157 1497 2394 1565 ipsorum

828 1589 1175 1657 blasphemiis
1211 1590 1501 1643 observare
1542 1590 1684 1655 licet,
1742 1591 1916 1657 inquit
1973 1589 2079 1652 ille,
2132 1606 2236 1641 non
2285 1603 2409 1640 vere

832 1682 930 1729 hos
977 1689 1030 1730 et
1067 1690 1278 1740 natura,
1316 1680 1409 1732 sed
1459 1680 1624 1747 lignra
1675 1678 1939 1731 duntaxat
1975 1681 2267 1732 lnnuanam
2298 1681 2395 1747 ipsi

834 1779 1077 1822 naturam
1132 1772 1451 1824 attribuere.
1491 1772 1785 1837 Quintum,
1840 1773 2265 1834 matrimonium,
2325 1773 2403 1824 vel

834 1872 982 1915 certe
1032 1863 1406 1931 congrediendi
1438 1862 1805 1931 cupiditatem,
1865 1873 1917 1916 et
1946 1865 2167 1916 seminis
2202 1865 2409 1917 missio-

840 1967 983 2016 nem,
1027 1954 1313 2021 omniaque
1362 1953 1580 2017 similia,
1620 1954 1813 2021 quibus
1856 1957 2199 2007 successione
2245 1970 2413 2021 genus

840 2045 1131 2095 humanum
1167 2052 1515 2113 propagatur,
1554 2058 1825 2111 perversa:
1859 2056 2064 2096 natura:
2094 2058 2257 2110 epera
2294 2059 2414 2096 esse

839 2142 1131 2186 asserunt:
1187 2134 1239 2185 in
1298 2147 1456 2200 quam
1517 2134 1733 2200 quidem
1778 2147 1873 2200 per
1924 2142 2200 2199 peccatum
2236 2132 2416 2201 lapsus

839 2224 1032 2289 Adam,
1065 2234 1270 2276 natura:
1315 2241 1434 2277 mox
1465 2226 1595 2279 vitio
1623 2224 1884 2277 malorum
1918 2228 2157 2278 omnium
2188 2240 2416 2278 examen

842 2315 897 2367 in
930 2330 988 2368 se
1022 2316 1343 2383 susceperit.
1388 2314 1510 2369 lbet:
1543 2317 1896 2369 sectariorum
1921 2315 2170 2384 dogmata
2202 2325 2347 2371 sunt.

910 2493 1083 2548 Porro
1121 2492 1441 2547 Theodorus
1482 2493 1569 2546 hic
1624 2502 1767 2546 recte
1819 2494 2033 2559 quidem
2087 2494 2238 2557 facit,
2278 2495 2420 2563 quod

842 2587 958 2639 haec
988 2588 1102 2653 ipsa
1138 2586 1436 2637 detestetur
1467 2598 1529 2635 ac
1556 2584 1763 2651 rejiciat
1808 2582 2186 2650 interdumque
2220 2586 2421 2651 Optime

846 2692 910 2730 ac
960 2674 1137 2729 valide
1178 2674 1369 2742 1221)
1417 2673 1655 2741 ipsorum
1703 2674 1963 2725 absnrdas
1994 2681 2047 2724 et
2080 2672 2425 2740 blasphemas

847 2768 1126 2835 opiniones
1168 2766 1397 2828 refellat,
1448 2780 1549 2819 nec
1588 2781 1695 2818 non
1739 2780 1909 2818 sacrae
1943 2763 2241 2832 Scriptura:
2270 2767 2421 2827 locis,

848 2859 1047 2927 quibus
1077 2858 1152 2911 illi
1187 2857 1339 2911 abusi
1374 2865 1522 2919 sunt,
1571 2856 1822 2924 proprios
1860 2871 2055 2910 sensus
2101 2856 2423 2922 adaptaudo,

851 2962 911 3004 nt
943 2952 1164 3005 omnino
1193 2950 1473 3017 imperitos
1507 2953 1818 3015 redarguat.
1850 2945 2049 3001 Verum
2087 2948 2189 3003 hoc
2219 2949 2267 3002 ei
2307 2963 2428 3016 per-

850 3056 1071 3111 petuum
1100 3058 1205 3096 non
1240 3052 1324 3095 est
1356 3060 1372 3096 :
1407 3056 1528 3093 nam
1554 3050 1608 3095 et
1641 3040 1875 3094 Nestorii
1903 3051 2105 3094 sectam
2160 3041 2215 3094 in
2250 3042 2430 3093 multis

853 3138 1125 3208 parturire
1174 3136 1330 3188 nobis
1376 3135 1523 3189 visus
1568 3144 1672 3197 est,
1714 3144 1768 3186 et
1808 3132 2075 3199 Origeuis,
2124 3134 2313 3187 saltem
2364 3137 2425 3186 de

857 3191 960 3279 iiue
1036 3225 1447 3293 suppliciorum,
1530 3224 1819 3277 mussitare
1872 3224 2220 3276 sententiam.
2274 3191 2498 3287 Quoth

858 3330 1036 3373 autem
1083 3319 1277 3373 asserit
1310 3327 1572 3387 praeterea
1616 3318 1748 3386 (jam
1782 3319 1903 3371 inde
1933 3320 1996 3369 ab
2037 3320 2189 3370 initio
2215 3321 2429 3385 quidem

856 3408 1147 3462 formatum
1186 3424 1309 3462 esse
1351 3408 1632 3461 mortalem
1660 3408 1851 3470 Adam,
1882 3409 1971 3460 sed
2011 3407 2200 3470 Deum,
2232 3420 2287 3462 ut
2330 3411 2433 3462 sci-

859 3502 985 3555 licet
1024 3510 1307 3569 peecatum
1364 3500 1686 3563 odissemus,
1740 3499 1810 3551 ita
1872 3508 2075 3550 tantum
2123 3500 2428 3564 simulasse,

860 3592 1021 3659 quasi
1072 3607 1170 3659 pro
1204 3601 1428 3659 peccato
1478 3606 1650 3659 paenae
1695 3590 1810 3643 loco
1856 3606 2002 3643 mors
2040 3592 2288 3659 imposita
2325 3593 2435 3644 fue-

862 3682 979 3752 rit),
1015 3684 1149 3736 mihi
1192 3696 1323 3735 sane
1376 3691 1580 3734 rectam
1630 3682 1957 3734 sententiam
1988 3682 2189 3733 nullam
2216 3682 2431 3745 allerre,

862 3775 956 3828 sed
1002 3775 1184 3827 multis
1232 3773 1410 3841 potius
1456 3773 1726 3841 objeetum
1783 3788 1901 3826 esse
1944 3774 2433 3840 criminationibus,

862 3865 909 3919 si
939 3865 1059 3934 quis
1086 3865 1324 3917 rationes
1350 3864 1569 3932 exigere
1593 3864 1740 3928 velit,
1775 3864 1987 3917 videtur
2024 3886 2034 3919 :
2066 3869 2433 3932 quantumvis,

864 3966 922 4008 ut
955 3957 1066 4024 ipse
1095 3955 1312 4019 dixerit,
1362 3956 1497 4007 satis
1541 3957 1743 4008 acriter
1794 3955 2100 4021 huiusmodi
2133 3960 2315 4024 opinio
2353 3961 2437 4010 ad-

862 4064 1053 4103 versus
1105 4049 1389 4101 hmreticos
1443 4058 1660 4116 pugnet.
1707 4047 1820 4100 Non
1868 4051 2032 4112 enim,
2068 4050 2112 4103 si
2159 4052 2284 4118 quid
2316 4068 2435 4103 cum

866 4140 1129 4192 deteriori
1168 4150 1387 4209 pugnet,
1419 4140 1678 4191 continuo
1708 4139 1908 4191 bonum
1935 4150 2015 4192 est
2050 4157 2065 4193 :
2101 4142 2298 4194 etenim
2325 4158 2438 4195 ma-

867 4232 974 4282 lum
1031 4244 1245 4298 quoque
1292 4246 1473 4283 secum
1526 4231 1697 4297 ipsum
1772 4241 2020 4298 pugnat:
2073 4233 2165 4286 sed
2215 4235 2257 4286 si
2313 4234 2437 4302 quid

866 4329 1025 4375 rectae
1073 4323 1269 4375 rationi
1340 4333 1783 4388 consentaneum,
1848 4325 2439 4395 manifestumque,sit

865 4413 1039 4466 sacris
1070 4412 1311 4477 Litteris,
1364 4414 1495 4466 illud
1526 4416 1738 4469 demum
1784 4419 2172 4486 recipiendum,
2227 4421 2437 4472 tametsi

868 4504 1008 4557 nulla
1046 4507 1267 4559 hatresis
1291 4506 1340 4559 ei
1373 4509 1653 4561 sententia:
1686 4508 1938 4563 resistere
1975 4512 2187 4565 audeat.

932 4595 1039 4649 Nec
1075 4596 1201 4648 illud
1250 4596 1376 4650 item
1431 4612 1529 4664 ego
1569 4599 1784 4652 curiose
1839 4600 2061 4663 dictum,
2099 4611 2149 4653 et
2182 4600 2436 4655 Ecclesire

865 4686 959 4740 Dei
989 4686 1311 4751 inauditum,
1363 4687 1415 4739 in
1446 4690 1689 4742 veritatis
1739 4689 2077 4758 dogmatibus
2124 4709 2441 4745 numerave-

862 4780 988 4842 rim,
1013 4795 1133 4833 cum
1168 4782 1300 4833 duas
1324 4795 1445 4833 esse
1476 4793 1819 4848 peccatorum
1845 4785 2190 4839 remissiones
2222 4789 2437 4839 asserit.

863 4870 1105 4922 Alteram
1185 4871 1401 4938 quidem
1464 4874 1527 4925 de
1592 4874 1956 4928 commissis:
2026 4876 2249 4930 alteram
2312 4894 2440 4932 vero

865 4962 1050 5029 (quam
1110 4963 1293 5015 nescio
1332 4963 1421 5027 qui
1476 4964 1851 5017 remissionem
1903 4969 2191 5032 quispiam,
2249 4980 2306 5020 ut
2352 4970 2439 5023 ille

864 5049 1128 5119 loquitur,
1158 5051 1430 5119 appellare
1459 5053 1649 5121 possit)
1686 5055 2093 5121 iinpeccantiani
2126 5058 2235 5127 (15)
2272 5058 2435 5127 ipsam

935 5188 978 5217 ’⁷
1007 5187 1148 5242 Psal.
1182 5205 1231 5250 ι,
1266 5188 1317 5240 7.
1396 5190 1438 5220 ’⁸
1472 5188 1614 5242 Psal.
1642 5205 1809 5271 caui,
1842 5189 1875 5241 9.

2514 582 2775 644 τοιοῦτον,
2804 585 2897 633 καὶ
2922 582 3050 634 αὐτὸ
3082 582 3141 634 τὸ
3178 582 3329 648 ἅγιον
3362 582 3641 651 βάπτισμα
3701 585 3792 635 καὶ
3844 584 3939 652 τὴν
3983 585 4067 634 τοῦ

2506 675 2776 743 ἀχρὰντου
2805 673 3054 741 σώματος
3090 675 3373 725 κοινωνίαν
3403 676 3481 736 είς
3510 675 3703 740 ἄφεσιν
3744 676 4026 744 ἁμαρτιῶν
4057 690 4070 703 ο

2502 765 2596 814 καὶ
2632 765 2744 824 τοῖς
2801 764 3058 832 βρέφεσιν
3100 766 3471 834 ἐπιφερόμενα
3505 767 3676 820 ταῦτα
3726 768 4072 836 προκομίζ;ιν

2504 856 2597 905 ἐτιί
2627 855 2936 922 βεϐαιώσει,
2967 858 3098 925 φησι
3129 859 3193 922 ¹⁰,
3248 861 3346 927 τῆς
3390 860 3594 921 οίκείας
3633 861 3916 928 νομίσεως.
3964 863 4075 911 Ἔτι

2510 946 2565 995 δὲ
2600 948 2691 996 καὶ
2716 948 2795 997 ὅτι
2835 949 3010 1009 οὐδεὶς
3046 950 3103 999 ὲν
3129 949 3435 1018 ἀνθρώποις
3471 953 3586 1002 ἐστὶ
3633 951 3858 1010 δίκαιος.
3926 951 4073 999 Ἀκιλ-

2506 1037 2695 1088 λουθον
2731 1038 2786 1089 δὲ
2821 1041 2913 1090 καὶ
2951 1039 3109 1091 τοῦτο
3140 1041 3377 1108 δηλονότι
3408 1044 3504 1108 τῆς
3540 1043 3634 1095 ἀπ’
3677 1044 3849 1111 ἀρχῆς
3904 1043 4079 1093 αύτιῖη

2508 1132 2711 1195 θέσεως
2743 1149 2755 1161 ·
2796 1152 2814 1183 ι
2859 1135 2933 1185 (lib
2982 1135 3405 1201 δικαιωθήσεται
3441 1138 3479 1165 “
3522 1138 3627 1205 γὰρ
3679 1136 3804 1205 [9.06
3848 1134 3939 1205 IL]
4000 1138 4081 1184 ἐν-

2508 1222 2675 1274 ώπιὸν
2701 1240 2814 1285 σου,
2839 1226 2989 1291 φησὶ,
3012 1227 3159 1276 πᾶσα
3182 1226 3336 1293 σὰρξ,
3369 1244 3384 1274 ι
3410 1227 3499 1276 καὶ
3528 1224 3853 1277 τὰτοιαῦτα.
3885 1225 4083 1289 Τέταρ-

2513 1334 2604 1367 τον
2643 1315 2707 1383 (ὦ
2766 1317 3099 1385 βλασφήμων
3143 1319 3237 1371 καὶ
3292 1317 3567 1369 δνσσεϐὧν
3607 1318 3949 1383 στομάτωνῐ)
4012 1316 4085 1365 ὅτι

2509 1408 2617 1459 οὐδ’
2648 1410 2675 1459 ὁ
2710 1410 2946 1473 Χριστὸς
2979 1412 3072 1460 καὶ
3099 1410 3230 1471 Θεὸς
3283 1410 3461 1477 ἡμῶν,
3502 1410 3594 1461 an:
3628 1409 3724 1476 τὴν
3759 1408 4086 1477 ἡμαρτημέ-

2510 1518 2608 1568 νην
2639 1500 2799 1567 φύσιν
2830 1501 3232 1569 προσειληφὼς,
3276 1501 3382 1551 οὔδ’
3413 1503 3571 1561 αὐτὸς
3603 1500 3940 1565 ἐκαθάρευεν
3986 1497 4087 1550 ἀπὸ

2518 1593 3033 1661 ἁμαρτίας.Καίτοι
3084 1592 3312 1659 ἀλλαχοῦ
3374 1594 3470 1659 τῆς
3513 1592 3864 1659 βλασφημίας
3907 1590 4085 1641 αὐτῶν

2514 1683 2659 1735 ἔστιν
2691 1684 2886 1744 αὐτοὺς
2918 1684 3064 1743 ίδεῖν,
3094 1683 3165 1742 ὦς
3192 1683 3499 1749 qna-92,055?
3536 1682 3761 1750 ἀληθεία
3785 1684 3879 1732 καὶ
3904 1682 4085 1747 φύσει,

2520 1776 2760 1844 σχήματι
2823 1775 2878 1826 δὲ
2918 1777 3076 1843 μόνον
3112 1777 3153 1805 ¹²
3188 1776 3427 1835 διδόντας
3464 1772 3612 1841 αύτῴ
3664 1776 3763 1841 τὴν
3817 1774 4091 1841 €1szde-

2520 1884 2706 1936 πησιν.
2743 1866 2868 1936 [597
2904 1866 2995 1935 IL]
3027 1867 3302 1935 Πέμπτον,
3342 1867 3423 1916 ὅτι
3458 1866 3547 1915 τὸν
3590 1865 3785 1932 γάμον,
3828 1866 3949 1933 ἦτοι
4000 1866 4094 1929 τὴν

2520 1960 2617 2025 τῆς
2652 1960 2847 2027 μίξεως
2878 1959 3055 2026 ὄρεξιν
3081 1961 3173 2011 καὶ
3200 1960 3298 2026 τὴν
3329 1960 3424 2009 τοῦ
3452 1960 3761 2027 σπέρματος
3786 1958 4095 2026 καταϐολὴν

2522 2055 2615 2104 καὶ
2647 2053 2829 2104 πάντα
2858 2053 2919 2121 δὴ
2947 2053 3011 2103 τὰ
3044 2052 3289 2114 τοιαῦτα,
3322 2052 3412 2118 ἀφ’
3442 2044 3623 2120 ὧνπερ
3675 2052 3813 2103 κατὰ
3843 2051 4091 2117 διαδοχὴν

2520 2145 2582 2197 τὸ
2616 2146 2884 2213 ἡμέτερον
2919 2144 3073 2210 γένος
3100 2143 3339 2206 αὒξεται,
3363 2144 3459 2211 τῆς
3492 2144 3770 2212 μοχθηρᾶς
3799 2142 3933 2211 ἔργα
3968 2144 4097 2209 qui:

2525 2238 2764 2307 φύσεως,
2794 2238 2871 2299 εἰς
2904 2239 2968 2306 ἣν
2998 2236 3084 2287 διὰ
3108 2235 3207 2301 τῆς
3234 2236 3506 2303 ἁμαρτίας
3541 2233 3720 2286 πεσὼν
3767 2236 3793 2285 ὁ
3834 2234 4008 2301 Ἀδὰμ
4034 2239 4095 2301 τῇ

2531 2330 2627 2395 τῆς
2661 2328 2875 2395 φύσεως
2928 2329 3094 2397 κακία
3134 2329 3223 2379 τὸν
3265 2328 3429 2395 ἐσμὸν
3472 2326 3696 2389 ἐδέξατο
3738 2324 3847 2376 τῶν
3892 2324 4097 2376 κακῶν.

2539 2419 2699 2469 Ἀλλὰ
2732 2419 2800 2468 τὰ
2830 2419 2926 2486 μὲν
2958 2418 3063 2468 τῶν
3088 2417 3469 2485 αἱρετιζόντων
3490 2416 3733 2467 τοιαῦτα.

2608 2512 2667 2562 '0
2695 2510 2748 2561 δὲ
2774 2510 3045 2578 Θεόδωρος
3076 2502 3225 2570 οὗτος
3264 2508 3323 2560 εῦ
3354 2510 3449 2575 μὲν
3478 2510 3621 2558 ποιεῖ
3640 2508 4101 2574 ἀποπεμπόμενος

2530 2604 2687 2666 αὐτὰ,
2728 2602 2942 2671 ἐνιαχοῦ
2967 2602 3021 2653 δὲ
3058 2603 3150 2653 καὶ
3180 2602 3376 2669 ἄριστα
3402 2602 3581 2652 αὐτῶν
3606 2602 3696 2650 καὶ
3725 2603 3818 2651 σὺν
3855 2600 4000 2665 ἰσχύϊ
4048 2602 4105 2649 τὸ

2529 2696 2823 2747 ἀλλόκοτον
2855 2696 2948 2745 καὶ
2985 2694 3303 2761 βλάσφημον
3354 2691 3462 2742 τῶν
3506 2691 3823 2759 ὑπολήψεων
3871 2692 4103 2758 ἐπιρρα-

2530 2786 2698 2848 πίζει,
2734 2788 2826 2837 καὶ
2863 2788 2981 2847 ταῖς
3008 2786 3307 2854 Γραφικαίς
3339 2785 3565 2851 φωναῖς,
3597 2783 3661 2846 ἃς
3687 2787 3880 2835 ἐκεῖνοι
3920 2784 4106 2843 κακῶς

2532 2880 2920 2949 ἐξελάμϐανον,
2978 2880 3077 2941 τὰς
3146 2878 3510 2947 καταλλήλους
3578 2878 3786 2938 ἐννοίας
3850 2877 4107 2944 ἁρμόζων

2534 2972 2763 3039 ἀμαθεῖς
2790 2972 2985 3031 αὐτοὺς
3009 2970 3225 3030 τελείως
3251 2968 3544 3035 ἐξελέγχει.
3576 2969 3689 3020 Οὐκ
3718 2969 3805 3019 ἀεὶ
3856 2967 3933 3027 δὲ,
3973 2967 4109 3017 ἀλλα

2534 3066 2715 3132 τήντε
2744 3062 3040 3129 Νεστορίου
3100 3062 3308 3129 αἵρεσιν
3359 3060 3565 3111 ὠδίνων
3624 3060 3752 3127 ἡμῖν
3805 3061 3861 3109 ἐν
3895 3058 4109 3118 πολλοῖς

2536 3150 2734 3217 ὦπται,
2768 3154 2859 3204 καὶ
2880 3152 2977 3219 τὴν
3025 3152 3329 3220 Ὠριγένονς
3396 3150 3537 3202 κατὰ
3581 3167 3643 3216 γε
3682 3151 3741 3201 τὸ
3782 3149 3938 3210 τέλος
3976 3151 4108 3199 ὐπο-

2538 3248 2732 3313 φωνεῖν
2767 3244 2860 3309 τῆς
2888 3242 3181 3301 κολάσεως.
3212 3240 3330 3292 Ἔτι
3358 3240 3412 3291 δὲ
3445 3241 3565 3291 οὐδὲ
3622 3240 3680 3291 τὸ
3719 3239 3897 3305 λέγειν
3947 3241 4110 3290 αὐτὸν

2539 3339 2629 3391 ἀπ’
2664 3336 2839 3404 ἀρχῆς
2871 3336 2967 3403 μὲν
2999 3334 3189 3403 θνητὸν
3221 3333 3531 3385 πεπλάσθαι
3564 3334 3654 3383 τὸν
3700 3334 3888 3401 Ἀδὰμ,
3937 3334 4108 3383 ἐνδεί-

2542 3429 2619 3492 ξει
2652 3429 2707 3479 δὲ
2739 3426 2916 3495 μόνον,
2958 3426 3043 3475 ἵνα
3081 3425 3399 3492 μισήσωμεν
3428 3424 3525 3491 τὴν
3555 3424 3844 3491 ἁμαρτίαν,
3902 3420 4112 3491 σγξημα-

2539 3525 2683 3572 τίσαι
2724 3518 2866 3571 οῦτω
2898 3519 2986 3569 τὸν
3017 3516 3165 3578 Θεὸν,
3203 3516 3275 3576 ὡς
3308 3515 3392 3567 διὰ
3425 3516 3521 3581 τὴν
3558 3517 3828 3584 ἁμαρτίαν
3876 3517 4001 3567 ἀντὶ
4037 3536 4114 3567 τεο

2545 3612 2756 3682 μωρίας
2793 3610 3127 3662 ἐπιτέθειται
3157 3610 3183 3660 ὁ
3216 3606 3465 3669 Θάνατος,
3497 3609 3557 3658 οὺ
3596 3608 3692 3675 μὲν
3723 3608 3813 3659 οῦν
3852 3610 3971 3660 οὐδὲ
3995 3611 4114 3660 τού-

2540 3706 2600 3755 τὸ
2632 3720 2721 3769 μοι
2751 3700 2943 3753 δοκοῦν
2967 3701 3044 3761 εἰς
3073 3698 3263 3769 ὀρθοὺς
3290 3698 3584 3765 ἀναφέρειν
3627 3698 3941 3765 λογισμοὺς,
3981 3702 4115 3750 ἀλλὰ

2542 3793 2637 3845 καὶ
2670 3792 2868 3853 πολλὰς
2922 3790 3145 3858 ὑπέχειν
3195 3788 3294 3850 τὰς
3350 3789 3600 3850 εὐθύνας,
3643 3789 3809 3850 εἴτις
3860 3792 4115 3842 ἀπαιτεῖν

2543 3885 2737 3947 ἐθέλοι,
2772 3882 2893 3947 κᾶν,
2920 3881 2991 3941 ὡς
3014 3882 3219 3940 ἐκεῖνος
3243 3880 3408 3941 εἴποι,
3440 3879 3640 3939 ἱκανῶς
3734 3880 3955 3947 τοιαύτη
3992 3882 4118 3942 δόξα

2543 3976 2679 4045 πρὸς
2712 3976 2835 4027 τοὺς
2862 3970 3184 4039 αἰρεσιώτας
3217 3969 3571 4037 ἀπομὰχηται
3605 3970 3665 4020 ¹³.
3704 3972 3776 4023 Οὐ
3835 3972 3941 4037 γὰρ
3984 3974 4036 4022 εἰ
4068 3989 4117 4019 τι

2543 4064 2959 4134 διαμάχεταιτῴ
2975 4063 3199 4131 χείρονι,
3224 4061 3429 4127 ἀγαθόν
3455 4077 3467 4088 ·
3499 4061 3590 4111 καὶ
3642 4062 3749 4129 γὰρ
3807 4064 3895 4111 καὶ
3937 4063 4118 4127 ἐαυτῷ

2548 4160 2779 4228 μάχεται
2811 4158 2870 4208 τὸ
2898 4157 3064 4207 κακόν
3090 4170 3103 4183 ⁸
3137 4152 3248 4204 ἀλλ’
3281 4152 3332 4202 εἴ
3358 4170 3407 4203 τι
3434 4152 3721 4220 σύμφωνον
3777 4153 3922 4222 ὀρθῷ
3975 4155 4120 4219 λογι-

2548 4250 2668 4319 σμῷ
2700 4250 2791 4300 καὶ
2818 4247 3092 4317 γνώριμον
3134 4248 3248 4305 ταῖς
3272 4243 3443 4304 θείαις
3475 4244 3738 4312 Γραφαῐς,
3784 4244 3946 4295 τοῦτο
3989 4248 4121 4297 ἀπο·

2548 4342 2756 4403 δεκτὸν,
2784 4339 2883 4391 κᾶν
2915 4338 3140 4406 οὐδεμία
3173 4336 3381 4405 αἵρεσις
3434 4334 3706 4403 μάχεσθαι
3766 4336 3945 4405 τολμᾷ
3984 4340 4123 4405 πρὸς

2549 4433 2697 4484 αύτό.

2625 4609 2743 4658 Ἔτι
2775 4606 2830 4657 δὲ
2865 4607 3083 4657 κάκεῖνο
3112 4605 3209 4655 οῦκ
3254 4604 3493 4671 ἐγκρίνω
3546 4602 3719 4669 ἔγωγε
3786 4604 3898 4663 τοῖς
3952 4603 4053 4669 τῆς
4082 4605 4122 4631 ¹⁸

2552 4698 2811 4767 ἀληθείας
2841 4698 3094 4763 δόγμασι,
3119 4697 3425 4763 περιέργως
3456 4714 3512 4747 τε
3546 4695 3836 4763 εἰρημένον
3873 4699 3967 4745 καὶ
3999 4697 4123 4748 ούδὲ

2549 4786 2824 4853 γνώριμον
2864 4787 2929 4851 τῇ
2974 4783 3266 4852 Ἐκκλησία
3306 4783 3396 4835 τοῦ
3442 4785 3599 4844 Θεοῦ,
3651 4785 3708 4835 τὸ
3756 4784 3848 4835 δύο
3898 4788 4129 4849 ἁςέσεις

2551 4876 2831 4945 ἁμαρτιῶν
2864 4872 2996 4926 εἶναι
3023 4874 3221 4938 λέγειν,
3240 4878 3335 4942 τὴν
3368 4876 3463 4942 μὲν
3486 4874 3591 4926 τῶν
3618 4876 4034 4941 πεπραγμένων
4064 4879 4126 4937 ¹³,

2546 4970 2646 5037 τὴν
2686 4968 2741 5019 δὲ
2772 4969 2869 5019 ούκ
2898 4963 2993 5018 οἷδ’
3028 4968 3174 5027 ὅπως
3213 4968 3354 5017 εἴποι
3418 4983 3500 5028 τις
3532 4966 3596 5018 ἂν
3647 4967 3738 5017 καὶ
3769 4966 3992 5031 ἄφεσιν,
4055 4968 4130 5026 ὡς

2549 5062 2756 5123 ἐκεῖνος
2787 5058 2953 5123 λέγει,
2984 5060 3153 5127 αὐτὴν
3187 5057 3282 5125 τὴν
3317 5059 3727 5127 ἀναμαρτησίαν
3769 5059 3890 5126 ἢτοι
3922 5058 3989 5109 τὸ
4025 5075 4128 5126 μη-

2153 5288 2383 5342 νΑῐὶΙέΕ
2412 5286 2824 5342 LECTIONES.

956 5427 977 5457 '
1010 5428 1064 5476 ὲν
1084 5423 1405 5493 ἁμαρτίαις]
1447 5423 1589 5478 Psul.
1623 5441 1674 5485 L,
1704 5425 1752 5476 7.

866 5496 1140 5559 διαδόντας
1165 5499 1227 5548 Α.
1310 5497 1349 5526 ¹³
1381 5498 1719 5564 απομαχεται
1749 5496 1812 5549 Α.
1912 5498 1951 5524 ¹⁵
1984 5496 2080 5563 τῆς
2116 5500 2237 5550 add.
2275 5504 2336 5550 Α.

903 5702 1049 5784 ’(16)
1089 5706 1245 5758 Πᾶσα
1277 5703 1431 5773 σάρξ.
1464 5703 1516 5757 lu
1548 5703 1760 5774 vulgata
1793 5706 1921 5759 eoit.
1959 5707 2063 5761 πᾶς
2105 5705 2232 5767 ζῶν.
2267 5709 2432 5760 omnis

869 5790 1056 5828 mrem.

1838 5425 1878 5454 ¹⁰
1912 5424 2200 5492 βεϐαιώσει
2227 5430 2359 5495 ιρησί
2388 5429 2428 5479 Α
2465 5448 2475 5480 :
2514 5428 2802 5494 βεϐαίωσιν
2840 5446 2897 5490 ς.

2977 5428 3013 5455 ¹¹
3057 5428 3115 5477 οὐ
3146 5425 3277 5496 6m}
3305 5425 3452 5481 Psal.
3480 5442 3643 5489 CXLII,
3668 5425 3721 5477 ‘2.
3802 5428 3844 5455 ¹¹
3882 5427 4035 5496 μόνῳ
4066 5446 4127 5491 ς.

2444 5501 2482 5527 ’⁵
2516 5502 2619 5550 των
2650 5516 2705 5549 τε
2734 5517 2898 5567 πεπρ.
2932 5512 2990 5560 ςκ

2296 5608 2523 5661 NOTAE.

2615 5706 2726 5772 (lii)
2780 5706 2853 5755 lla
2918 5720 3035 5755 cum
3089 5704 3146 5756 Β.
3212 5703 3428 5755 Ilicrnu.

3509 5708 3769 5773 procmnio
3821 5718 4129 5764 comment.

2562 5777 2612 5828 in
2647 5775 2847 5829 JCI‘EIII.
2884 5778 3044 5828 redde
3068 5776 3497 5842 ἀναμαρτησιαν.
