4224 6446
150 412 239 478 517

1121 398 1643 459 BIBLIOTHECA.
1676 418 1743 429 -
1787 391 1929 452 COD
1984 390 2313 452 CLXXVII.

3266 384 3366 449 5l8

150 524 255 573 κέτι
295 518 635 587 ἁμαρτάνειν
666 532 678 546 ·
713 516 792 566 δεῖ
825 514 932 582 γάρ
955 513 1106 581 ἡμῖν,
1133 513 1207 573 ὡς
1230 512 1395 573 ἔοικε,
1424 512 1517 564 καὶ
1533 508 1709 561 πλειό·
1737 515 1781 567 Α
1811 523 1818 559 l

1701 515 1781 567 -Α
1811 507 1925 561 sive
1970 520 2073 558 non
2129 503 2357 571 amplius
2413 512 2657 569 peccare.
2697 496 2922 567 Oportet
2965 499 3109 553 enim
3163 512 3260 560 ws.
3311 514 3369 552 ut

150 631 245 665 νων
274 607 685 679 σαφηνιστικιῖω
708 605 924 667 λέξεων,
975 604 1061 654 ἵνα
1089 602 1185 669 τὴν
1239 601 1430 669 καινὴν
1492 599 1705 666 εκείνην

151 702 581 772 ὑποδηλῶσωμεν
611 698 718 749 τῶν
761 694 1044 763 ἁμαρτιῶν
1084 694 1276 759 ἄφεσιν
1309 708 1320 718 ’
1370 694 1505 759 ὅπερ
1545 692 1571 741 6
1608 689 1705 756 μὲν

150 794 293 861 ὀρθὸς
326 793 488 858 λόγος
533 786 946 857 άναμαρτησίαν
986 780 1145 845 οἶδεν,
1186 776 1340 842 οὗτος
1397 782 1452 833 δὲ
1512 780 1706 847 ἄφεσιν

154 882 432 949 αμαρτιῶν
473 881 685 932 τελείαν
722 880 815 929 καὶ
869 875 1212 944 κυριωτάτην
1275 874 1367 924 καὶ
1428 871 1707 939 άναίρεσιν

151 974 292 1023 καλεί
320 972 592 1040 ἁμαρτίας
646 969 906 1033 παντελῆ.
943 966 1038 1027 Τίς
1081 961 1234 1033 οὖνὴ
1268 962 1488 1029 τοιαύτη
1524 964 1706 1029 ἁμαρ-

150 1065 270 1115 τιῶν
299 1066 518 1128 ἄφεσις,
564 1061 659 1111 καὶ
711 1058 812 1110 ποῦ
874 1056 1145 1124 διδομένη,
1203 1054 1299 1105 καὶ
1332 1051 1497 1103 πόθεν
1542 1050 1710 1118 ἀρξα-

154 1152 310 1219 μένη;
356 1151 595 1220 Ἤρξατο
617 1150 733 1217 μὲν,
775 1149 1024 1216 φησὶνίσ,
1059 1143 1451 1214 ἐμφανίζεσθαι
1488 1141 1593 1192 ἀπὸ
1611 1139 1708 1205 τῆς

153 1243 284 1293 κατὰ
317 1244 411 1293 τὸν
437 1241 711 1308 Δεσπότην
742 1238 975 1307 Χριστὸν
1005 1235 1315 1302 οἰκονομίας
1341 1234 1434 1284 καὶ
1462 1233 1519 1283 ἐν
1546 1232 1713 1300 ἀρρα-

154 1330 313 1390 δὼ-ιος
342 1333 474 1398 ἡμῖν
509 1328 745 1380 δίδοσθαι
788 1328 960 1390 τάξει,
997 1326 1196 1378 δίδοται
1262 1323 1318 1374 δὲ
1354 1320 1575 1381 τελείως
1618 1319 1712 1371 καὶ

152 1420 229 1469 ἐπ’
257 1420 445 1480 αὐτοῖς
473 1418 654 1487 ἔργοις
680 1420 719 1447 ιτ
751 1419 807 1469 ὲν
832 1420 895 1486 τῇ
927 1416 1062 1485 μετὰ
1096 1414 1195 1484 τὴν
1244 1412 1538 1466 ἀνάστασιν
1573 1410 1712 1462 ἀπο-

152 1508 501 1570 καταστάσει,
533 1509 671 1577 ὑπὲρ
699 1503 785 1579 ἦς,
817 1508 901 1558 ἴνα
932 1506 1200 1574 τύχωμεν,
1234 1505 1327 1556 καὶ
1347 1506 1504 1573 ἡμεῖς
1526 1505 1619 1554 καὶ
1645 1501 1710 1552 τά

155 1597 323 1665 βρέφη
359 1599 754 1667 βαπτιζόμεθα.
785 1598 944 1649 ’Δλλά
972 1599 1038 1649 τά
1087 1597 1185 1665 μὲν
1237 1594 1602 1663 μέχριτούτου
1637 1594 1711 1656 ὼς

154 1691 342 1751 σεμνά,
377 1690 472 1741 καὶ
516 1691 802 1759 κεχηνέναι
847 1689 1006 1757 μόνον
1061 1687 1182 1756 οὐχ).
1236 1688 1370 1752 πρὸς
1420 1687 1479 1736 τὸ
1539 1686 1712 1754 πέρας

151 1780 396 1841 ἅπαντας
427 1780 936 1848 παρασκευάζοντα.
987 1779 1121 1831 Εἰπὲ
1170 1778 1234 1846 δὴ
1279 1775 1462 1827 λοιπὸν
1516 1777 1623 1827 Καὶ
1658 1774 1710 1826 τι

152 1870 333 1933 toi-:0;
374 1839 542 1939 Ὅροα
590 1872 697 1939 γάρ
716 1839 810 1922 σοι
844 1868 1190 1939 παρεχόμεθα
1222 1839 1309 1920 ’τά
1354 1864 1487 1922 ὦτα.
1525 1869 1619 1930 Τίς
1677 1839 1784 1936 ὴΒ

148 1961 252 2011 τῶν
282 1962 573 2029 αμαρτιῶν
607 1964 798 2030 ἄφεσις
830 1961 951 2033 [207
982 1960 1073 2032 H.]
1116 1963 1149 2030 ἡ
1191 1960 1459 2029 παντελὴς
1489 1958 1708 2026 ἐκείνη;

155 2052 368 2115 Οὐκέτι,
406 2054 559 2120 φησὶ,
594 2053 731 2120 μετὰ
779 2054 873 2122 τὴν
914 2053 1207 2105 ἀνάστασιν
1260 2048 1710 2120 ἁμαρτησόμεθα.

165 2143 318 2194 Ἀλλά
337 2145 449 2213 γάρ
476 2145 549 2203 ὡς
575 2146 630 2209 ἐξ
656 2145 781 2196 οἴων
820 2146 964 2213 ἡμᾶς
1014 2142 1360 2204 κατέσπασας
1418 2143 1522 2194 τῶν
1558 2143 1711 2193 ἐλπί-

152 2237 251 2287 δων
287 2238 299 2287 l
347 2237 467 2288 ἰνα
507 2236 614 2305 γάρ
645 2236 737 2289 νῦν
787 2238 931 2289 ὲάσω
965 2236 1144 2305 ζητεῖν
1185 2237 1330 2292 ὅπως
1375 2235 1489 2286 ἐστι
1539 2234 1713 2299 λέγειν

152 2328 340 2393 ἄφεσιν
380 2328 667 2397 ἁμαρτιῶν
703 2327 878 2390 τοῦτο,
909 2329 1084 2379 ἐκεῖνο
1145 2326 1421 2394 συντόμως
1469 2324 1578 2393 ἐρῶ
1606 2339 1619 2353 °
1651 2323 1715 2375 Τί

153 2414 268 2481 οὖν;
298 2422 399 2471 Διά
434 2419 610 2485 τοῦτό,
636 2436 716 2471 σοι
747 2419 983 2487 Χριστὸς
1023 2416 1311 2485 ἐσαρκώθη
1367 2415 1460 2467 καὶ
1522 2418 1714 2466 ἐσταυ-

157 2510 322 2577 ρώθη,
345 2511 433 2561 ἵνα
465 2510 537 2578 μὴ
570 2510 776 2561 ἐκεῖθεν
802 2511 1037 2570 ἀνα-στάς
1062 2508 1419 2577 άμαρτήσης;
1473 2505 1599 2576 [400
1623 2504 1710 2576 IL]

152 2604 466 2672 ἡμάρτανον
495 2603 551 2653 δὲ
582 2602 689 2671 άρα.
727 2601 935 2653 ἐκεῖθεν
975 2602 1025 2652 οἱ
1070 2600 1578 2669 προκαταλύσαντες
1625 2600 1715 2651 τὸν

153 2691 280 2758 βίον,
322 2692 456 2759 πρὶν
493 2690 783 2759 ἢΧριστὸς
828 2691 1241 2757 ὲπιδημήσειενς
1284 2691 1379 2743 Ἂν
1401 2692 1455 2743 δὲ
1483 2692 1556 2761 μὴ
1619 2691 1715 2759 βα-

152 2782 499 2847 τπιζώμεθα,
531 2784 801 2851 ἁμαρτίας
836 2780 914 2833 ἔτι
937 2781 1351 2851 διαπραξόμεθά
1384 2800 1464 2835 σοι
1489 2785 1601 2835 ἐκεῖ
1625 2786 1716 2834 καὶ

149 2877 304 2942 ἡμεῖς
335 2876 435 2926 καὶ
463 2873 531 2926 τὰ
560 2873 763 2943 βρέφης
793 2873 844 2924 τί
878 2873 962 2937 δέ;
1002 2876 1051 2925 οἱ
1077 2874 1293 2926 άπιστοι
1317 2876 1516 2935 πάντες
1555 2877 1715 2929 πάλιν

150 2968 247 3016 κάν
268 2964 349 3032 τῷ
385 2964 631 3033 μέλλοντι
665 2964 819 3015 αἰῶνι
838 2966 929 3015 καὶ
955 2965 1209 3032 κλέψουσι
1234 2968 1325 3017 καὶ
1355 2968 1710 3035 πορνεύσουσι

148 3058 238 3106 καὶ
275 3056 677 3124 δυσσεϐήσουσι
708 3059 799 3109 καὶ
832 3058 1185 3128 λῃστεύσουσι
1206 3058 1300 3108 καὶ
1331 3060 1510 3111 πᾶσαν
1532 3062 1711 3113 αὐτῶν

1808 608 2049 666 apparet,
2103 596 2345 664 pluribus
2385 592 2800 659 explanantibus
2839 592 3107 646 vocabulis
3166 592 3268 655 uti,
3307 604 3368 644 ut

1810 703 1998 742 novam
2028 688 2175 740 illam
2210 694 2553 753 peccatorum
2600 684 2969 736 remissiOnem
3005 682 3365 736 declareuius.

1808 778 1961 844 Quod
1993 779 2137 829 enim
2174 784 2318 828 recta
2358 772 2603 842 loquendi
2639 773 2775 825 ratio
2827 774 3227 837 impeccanlram
3272 787 3369 825 n0-

1810 873 1999 931 minat,
2033 870 2120 921 ille
2146 874 2485 936 peccatorum
2516 865 2724 917 veniam
2763 862 3078 933 perfectam,
3110 874 3162 916 et
3201 864 3371 915 maxi-

1812 980 1895 1016 me
1930 972 2125 1021 ratam,
2156 961 2528 1026 integrumque
2572 955 2802 1023 appellat
2828 957 3033 1022 peccati
3069 956 3366 1008 interitum.

1813 1052 2130 1120 Ecquzenam
2163 1050 2326 1115 igitur
2362 1050 2471 1101 hac
2516 1057 2859 1114 peccatorum
2891 1047 3158 1106 remissio.
3184 1058 3239 1100 et
3281 1048 3368 1100 ubi

1812 1144 1979 1203 facta,
2015 1143 2259 1209 undaque
2296 1140 2559 1208 originem
2606 1137 2797 1191 duxit?
2824 1137 2999 1204 Capit
3031 1138 3247 1206 quidem
3282 1140 3369 1190 illa

1814 1232 2162 1284 manifestare
2193 1244 2268 1292 se,
2313 1229 2409 1293 ait,
2441 1243 2505 1279 ex
2535 1242 2640 1295 quo
2669 1226 2917 1280 Christus
2954 1225 3219 1281 Dominus
3250 1244 3371 1280 car-

1815 1338 1937 1377 nem
1971 1322 2164 1385 induit,
2195 1330 2247 1373 et
2291 1320 2617 1373 arrhabonis
2647 1318 2800 1372 nobis
2828 1318 2946 1373 loco
2979 1320 3115 1371 tradi
3142 1336 3156 1370 :
3195 1318 3373 1386 perfe-

1814 1426 1900 1468 cte
1952 1428 2077 1466 vero
2133 1414 2308 1476 datur,
2363 1427 2485 1466 cum
2523 1426 2620 1478 pro
2663 1411 2819 1464 bonis
2868 1411 3147 1477 operibus,
3178 1421 3287 1463 tum
3321 1413 3372 1464 iu

1814 1508 1901 1560 illa
1938 1504 2347 1565 instauratione,
2394 1518 2511 1571 quze
2551 1512 2669 1568 post
2714 1502 2891 1553 carnis
2920 1504 3374 1555 resurrectionem

1814 1597 1990 1649 futura
2025 1608 2128 1656 est,
2157 1608 2262 1662 qua
2292 1604 2347 1643 ut
2377 1593 2664 1659 potiaiuur,
2713 1599 2819 1641 tam
2850 1604 2969 1651 nos,
2998 1604 3157 1657 quam
3189 1604 3375 1642 recens

1815 1689 1927 1741 nati
1980 1686 2210 1739 infantes
2258 1686 2615 1752 baptizamur.
2666 1679 2809 1734 Satis
2858 1681 3073 1749 quidem
3107 1680 3217 1745 illa,
3257 1696 3376 1748 qua:

1817 1782 1955 1833 dicta
1992 1788 2115 1831 sunt
2147 1778 2427 1836 hactenus,
2475 1774 2754 1843 praeclara.
2796 1780 2849 1826 et
2882 1788 3001 1841 quae
3035 1782 3239 1825 tantum
3270 1790 3374 1827 non

1814 1868 2018 1921 inhiare
2072 1866 2161 1918 fini
2192 1880 2377 1918 omnes
2421 1863 2660 1930 jubeant.
2727 1864 2818 1915 Dic
2886 1877 3017 1930 ergo
3070 1862 3373 1931 deinceps:

1813 1960 1879 2013 Et
1916 1960 2043 2027 quid
2088 1958 2188 2011 hoc
2220 1958 2295 2010 rei
2325 1976 2337 2010 :
2382 1970 2540 2009 aures
2576 1955 2722 2006 enim
2760 1954 2857 2007 tibi
2884 1965 3127 2007 arrectas
3172 1955 3377 2023 praebe-

1815 2068 1954 2105 mus.
1980 2051 2261 2117 Quanam,
2301 2050 2541 2115 inquam,
2577 2048 2689 2100 haec
2724 2058 2807 2100 est
2835 2058 3177 2114 peccatorum
3205 2048 3377 2117 perfe-

1815 2154 1900 2199 cta
1953 2142 2245 2197 remissio?
2286 2141 2399 2195 Non
2447 2141 2700 2209 amplius,
2742 2142 2944 2207 inquis,
2979 2152 3097 2209 post
3132 2156 3375 2195 resurre-

1812 2238 2044 2291 ctionem
2092 2236 2449 2304 peccabimus.
2512 2234 2682 2298 Quam
2743 2250 2871 2288 sane
2906 2236 2972 2287 ab
3026 2235 3227 2303 ingenti
3279 2249 3374 2302 spe

1814 2346 1911 2385 nos
1960 2330 2291 2383 deturbasti!
2332 2339 2388 2381 ut
2428 2328 2571 2380 enim
2624 2343 2762 2381 nunc
2808 2341 3053 2394 quarrere
3100 2327 3377 2393 omittam;

1815 2439 2048 2493 quonam
2091 2426 2246 2475 mullo
2275 2421 2458 2475 dicere
2506 2420 2686 2483 liceat,
2715 2430 3061 2487 peccatorum
3092 2420 3377 2472 remissio-

1818 2528 1973 2578 nem;
2010 2514 2208 2583 123a
2242 2513 2369 2566 illud
2409 2522 2612 2564 tantum
2654 2512 2887 2563 breviter
2938 2512 3137 2579 rogabo
3175 2528 3187 2563 :
3240 2510 3379 2575 Quid

1817 2606 1945 2659 ais?
1971 2604 2333 2672 Proptereane
2396 2601 2644 2654 Christus
2674 2602 2766 2653 tibi
2802 2602 2959 2653 homo
2989 2601 3160 2654 factus
3194 2610 3296 2663 est,
3327 2611 3382 2652 et

1817 2698 1964 2749 cruci
1993 2696 2205 2757 aﬂixus,
2256 2708 2323 2745 ne
2364 2704 2419 2745 tu
2458 2693 2527 2745 ibi
2559 2701 2675 2758 post
2703 2692 3154 2745 resurrectionem
3188 2692 3380 2743 iterum

1820 2786 2065 2852 pecces?
2102 2784 2475 2839 Peccabantne
2519 2782 2679 2849 igitur
2727 2782 2835 2834 illic
2863 2819 2877 2843 ,
2929 2782 3018 2849 qui
3076 2782 3179 2833 vita
3235 2782 3382 2848 prius

1821 2874 2088 2936 abierunt,
2120 2888 2280 2943 quam
2313 2873 2363 2925 in
2398 2871 2652 2925 mundum
2698 2868 2940 2924 Christus
2969 2870 3216 2922 veniret?
3242 2868 3304 2921 Et
3340 2871 3384 2921 si

1824 2967 1961 3020 forte
2001 2980 2104 3018 non
2156 2964 2514 3032 baptizemur,
2556 2963 2898 3030 peccabiinus
2932 2965 3000 3015 ibi
3047 2964 3222 3015 adhuc
3269 2961 3385 3031 [tuo

1821 3057 2046 3127 judicio]
2080 3066 2133 3109 et
2168 3071 2285 3120 nos,
2340 3066 2395 3109 et
2426 3054 2693 3108 infantes?
2737 3054 2913 3120 Quid?
2966 3052 3213 3107 infideles
3267 3068 3385 3107 om—

154 3144 440 3215 μοχθηρὰν
466 3145 761 3213 ἐπιθυμίαν
792 3145 1209 3216 πληρώσουσννς
1247 3146 1321 3197 Οὐ
1368 3148 1474 3217 γὰρ
1502 3148 1715 3212 δικαίας
1745 3180 1787 3237 C

1745 3180 1787 3237 ρ
1826 3165 1939 3213 nes,
2005 3162 2288 3203 rursumne
2340 3147 2519 3200 futuro
2576 3147 2794 3211 seculo,
2832 3156 2887 3200 et
2956 3148 3298 3209 furabuntur,
3336 3157 3386 3199 et

148 3251 207 3299 γε
228 3235 422 3295 αὐτοῖς
450 3233 558 3286 τῶν
582 3234 813 3286 ἐνταῦθα
854 3234 1401 3305 πεπλημμελημένων
1437 3237 1529 3289 καὶ
1561 3236 1722 3308 βαρυ-

146 3327 312 3387 τάτας
350 3324 575 3393 ἐξεῦρες
600 3324 696 3387 τὰς
735 3326 1020 3395 τιμωρίας.

1829 3243 2251 3305 fornicabuntur,
2290 3241 2556 3309 impieque
2596 3250 2771 3309 agent,
2813 3257 2874 3294 ac
2900 3240 3385 3301 latrocinabuutur,

1823 3346 2145 3399 omnemque
2191 3331 2323 3384 adeo
2371 3332 2451 3384 sui
2497 3331 2748 3384 desiderii
2801 3330 3094 3397 nequitiam
3126 3328 3385 3397 adimple-

154 3416 322 3469 bunt?
375 3413 496 3468 Non
549 3416 690 3470 enim
744 3418 913 3476 iustas
964 3418 1097 3471 satis
1128 3417 1208 3471 vel
1248 3431 1458 3481 eorum,
1485 3434 1602 3487 quae
1645 3420 1734 3474 hic
1770 3424 2175 3485 commiserunt,
2218 3423 2562 3492 quantumvis
2601 3423 2950 3491 gravissimas
3030 3436 3239 3491 ptenas,
3303 3439 3387 3477 re-

149 3509 345 3567 parias.

215 3594 362 3645 Ἀλλ’
400 3591 463 3655 ἐξ
502 3585 575 3644 ὧν
622 3592 665 3623 ¹⁶
697 3609 786 3661 μοι
821 3594 919 3645 οὐκ
952 3594 1231 3664 ἐγκριτέον
1282 3596 1445 3649 αὑτοῦ
1479 3598 1575 3666 τὴν
1618 3598 1726 3651 τῶν

149 3682 442 3753 ἁμαρτιῶν
467 3683 679 3749 άςδεσιν,
724 3682 1094 3752 ἐνεδειξάμην.
1137 3685 1287 3755 Τάχα
1333 3687 1375 3738 δ’
1422 3687 1529 3739 οὐδ’
1567 3687 1725 3750 αὐτὸς

148 3777 286 3828 ἑκὼν
317 3777 415 3827 ἐπὶ
453 3773 607 3825 τοῦτο
651 3770 831 3842 ἦλθεν,
878 3774 991 3827 ἀλλ’
1034 3776 1120 3827 ἵνα
1171 3778 1307 3848 λύσῃ
1352 3779 1450 3847 τὴν
1496 3779 1727 3848 ἀπορίαν

148 3868 251 3919 τὼν
275 3867 574 3933 λεγόντων,
613 3865 708 3917 Διὰ
741 3866 791 3916 τί
820 3865 885 3916 τά
916 3865 1087 3936 βρέφη
1119 3871 1365 3920 κοινωνεῖ
1395 3869 1501 3921 τῶν
1530 3871 1727 3937 άχράν-

146 3976 251 4010 των
294 3956 663 4026 μυστηρίων;
707 3956 793 4008 διὰ
824 3956 875 4008 τί
918 3957 1008 4009 τοῦ
1043 3956 1412 4027 βαπτίσματος
1460 3958 1723 4022 ἀξιοῦται,

148 4051 191 4100 εἰ
243 4049 320 4119 μὴ
360 4048 461 4100 καὶ
490 4048 626 4099 αὐτὰ
656 4048 813 4115 γέμει
857 4048 1158 4117 ἁμαρτιῶν,
1204 4049 1260 4099 ἐν
1304 4052 1370 4119 τῇ
1424 4050 1579 4117 φύσει
1630 4050 1727 4117 τῆς

146 4139 430 4207 ἁμαρτίας
482 4138 987 4207 κατεσπαρμένης;
1049 4139 1141 4191 καὶ
1185 4140 1289 4209 γὰρ
1330 4142 1410 4203 εις
1455 4143 1647 4210 ἄφεσιν
1685 4145 1726 4175 ιο
1768 4172 1771 4173 ,

145 4231 316 4283 ταῦτα
350 4231 560 4283 δίδοται
588 4230 894 4299 ἁμαρτιῶν.
939 4230 1076 4282 Ἀλλ’
1113 4232 1278 4300 ἐχρῆν
1326 4232 1421 4285 καὶ
1456 4235 1553 4302 τὴν
1590 4237 1727 4287 άποο

146 4325 317 4393 ρίαν,
364 4323 573 4384 πολλὰς
623 4322 849 4391 ἔχουσαν
902 4322 1108 4374 λύσεων
1148 4324 1419 4393 ἀφορμὰς,
1462 4326 1727 4395 ἑτέρωθεν

145 4413 536 4473 ἐπιλύσασθαι,
577 4415 675 4465 καὶ
708 4414 778 4465 τά
806 4413 1043 4482 ἑπόμενα
1077 4417 1143 4483 τῇ
1175 4414 1365 4482 ἀφέσει
1401 4416 1509 4469 τῶν
1540 4420 1719 4487 άμαρ-

142 4505 269 4555 τιῶν
302 4502 481 4555 αὐτοῦ
503 4502 679 4555 ἄτοπα
708 4504 1153 4572 ὲπισκοπήσαντα
1189 4504 1353 4573 μηδὲν
1397 4510 1720 4577 τερατεύσα-

147 4592 264 4644 σθαι
294 4590 565 4643 τοιοῦτον.

215 4765 373 4815 Ἐστι
414 4762 517 4831 μὲν
551 4758 698 4824 οὗτος
737 4766 764 4814 6
791 4763 1061 4832 Θεόδωρος
1105 4766 1132 4816 ὁ
1172 4769 1263 4818 καὶ
1302 4770 1421 4821 κατ’
1458 4772 1718 4842 Εὐνομίου

144 4857 195 4905 ὲν
226 4862 273 4906 κ’
305 4856 405 4905 καὶ
444 4850 493 4921 η’
518 4852 693 4920 λόγοις
724 4856 822 4906 οὐκ
846 4856 1084 4921 άγεννῶς
1104 4859 1527 4927 ἀγωνισάμενος,
1552 4866 1651 4931 τὴν
1672 4867 1717 4896 ¹⁹

144 4944 430 4994 Βασιλείου
468 4942 561 4994 τοῦ
609 4943 917 5008 θεσπεσίου,
974 4945 1173 5012 μᾶλλον
1213 4947 1269 5000 δὲ
1303 4948 1401 5018 τῆς
1441 4952 1714 5022 ἀληθείας,

144 5035 433 5104 κρατύνων
468 5031 661 5094 δόξαν·
698 5033 732 5101 ἦ
781 5050 839 5085 τε
882 5035 989 5101 γάρ
1037 5036 1180 5100 λέξις
1230 5039 1321 5089 καὶ
1367 5040 1475 5091 τῶν
1524 5043 1717 5107 λέξεων

143 5124 174 5190 η
209 5123 462 5192 συνθήκη
492 5124 583 5175 καὶ
613 5123 640 5174 6
679 5122 803 5185 νοῦς
832 5124 939 5177 τῶν
982 5126 1264 5194 δογμάτων
1312 5131 1405 5181 καὶ
1445 5133 1505 5185 τὸ
1551 5135 1718 5189 πολύ-

144 5230 266 5278 χουν
299 5214 403 5281 τῆς
442 5214 754 5282 ἀνατροπῆς
802 5215 894 5266 καὶ
927 5211 1094 5268 τᾶλλα
1125 5217 1242 5268 κατ’
1271 5220 1421 5272 οὐδὲν
1470 5223 1718 5279 διαλλάσ-

146 5320 243 5355 σει.
302 5304 553 5374 Ἀσαφὴς
600 5305 657 5357 δέ
706 5307 842 5369 ἐστι,
902 5308 1075 5359 καίτοι
1132 5307 1272 5372 λέξει
1320 5312 1379 5363 οὐ
1442 5314 1719 5389 ξενιςούσῃ

1892 3599 1969 3652 Εη
2001 3599 2096 3652 tibi
2135 3614 2198 3653 ex
2248 3602 2443 3669 quibus
2494 3602 2649 3655 istam
2700 3602 2865 3671 ipsius
2910 3612 3253 3669 peccatorum
3302 3618 3389 3655 re-

1826 3688 2132 3741 missionem
2178 3692 2407 3758 probare
2457 3705 2561 3743 nou
2590 3692 2811 3759 possim,
2859 3692 2970 3760 jam
3012 3692 3245 3745 ostendi.
3283 3693 3387 3745 Sed

1825 3780 2057 3833 fortasse
2092 3795 2160 3833 ne
2189 3784 2301 3850 ipse
2351 3782 2567 3849 quidem
2621 3782 2805 3836 volens
2857 3785 2961 3836 huc
2993 3783 3253 3837 deductus
3283 3796 3387 3846 esu,

1826 3880 2139 3938 tantumque
2188 3881 2244 3925 ut
2281 3873 2472 3926 dubios
2513 3874 2590 3927 sic
2617 3876 2968 3941 quaerentium
2995 3877 3160 3930 nodos
3196 3877 3390 3930 dissol-

1824 3970 1912 4013 vat
1946 3980 1959 4014 :
1990 3962 2166 4027 Quare
2196 3965 2345 4030 pueri
2376 3966 2732 4020 sanctissimis
2774 3969 3046 4036 mysteriis
3088 3970 3391 4022 communi-

1824 4052 1984 4105 cant?
2013 4051 2122 4106 Cur
2172 4054 2490 4123 baptismate
2538 4056 2685 4124 digni
2730 4056 3089 4124 iudicantur?
3126 4059 3227 4111 nisi
3264 4060 3385 4128 quia

1823 4149 1876 4193 et
1906 4141 2007 4207 ipsi
2056 4143 2290 4210 peccatis
2340 4145 2633 4206 abundant,
2683 4145 2845 4199 insito
2891 4146 3002 4214 jam
3043 4148 3092 4198 in
3144 4158 3386 4199 naturain

1823 4230 1991 4299 ipsam
2023 4234 2285 4299 peccato?
2318 4233 2375 4286 in
2403 4244 2741 4299 peccatorum
2776 4237 2918 4289 enim
2965 4237 3076 4290 hmc
3102 4237 3389 4291 remissio-

1824 4337 1943 4375 nem
1976 4322 2342 4379 couferuntur.
2400 4324 2595 4379 Verum
2645 4328 2923 4396 Oportebat
2958 4339 3011 4382 et
3060 4330 3201 4381 illam
3231 4329 3387 4381 dubi-

1827 4415 2107 4477 tationem,
2139 4418 2334 4470 multas
2360 4418 2556 4487 alioqui
2593 4419 2875 4472 habentem
2896 4419 3220 4473 dissolvendi
3254 4420 3385 4479 vias,

1823 4506 1928 4560 alio
1984 4509 2142 4560 modo
2201 4509 2517 4573 dissolvere.
2574 4510 2929 4577 absurdisque
2986 4511 3111 4570 illis,
3158 4525 3275 4577 quze
3319 4514 3385 4563 ad

1823 4593 1989 4662 ipsius
2025 4606 2363 4664 peccatorum
2399 4599 2767 4653 remissionem
2805 4609 3227 4666 consequuntur,
3258 4612 3387 4653 con-

1822 4686 2094 4747 sideratis.
2130 4688 2261 4740 nihil
2292 4688 2551 4756 ejusmodi
2582 4690 2885 4758 prodigiose
2914 4690 3240 4758 confingere.

1894 4778 2035 4832 Idem
2078 4777 2167 4833 hic
2199 4776 2513 4833 Theodorus
2548 4780 2634 4832 ille
2664 4788 2765 4840 est,
2809 4780 2900 4848 qui
2925 4781 3183 4833 adversus
3209 4779 3385 4833 Euno-

1824 4871 1989 4923 mium
2026 4870 2182 4923 libris
2209 4881 2330 4924 octo
2370 4881 2423 4924 et
2451 4871 2636 4938 viginti
2680 4872 2791 4941 (16)
2821 4887 2927 4925 non
2962 4873 3197 4940 segniter
3226 4873 3387 4939 depu-

1826 4962 2027 5030 gnavit,
2060 4971 2113 5014 et
2146 4962 2318 5015 sancti
2349 4961 2555 5023 Basilii,
2598 4962 2678 5015 vel
2714 4963 2993 5029 ipsiusmet
3032 4962 3208 5030 potius
3248 4965 3389 5013 veri-

1826 5052 1973 5116 tatis,
2008 5055 2326 5107 sententiam
2369 5054 2730 5107 c0ulirmavit.
2760 5052 2967 5107 Etenim
2998 5066 3170 5121 neque
3203 5068 3382 5117 voces,

1822 5159 1995 5212 neque
2026 5161 2215 5199 vocum
2266 5147 2604 5213 compositio,
2636 5161 2807 5212 neque
2852 5147 3156 5214 dogmatqu
3209 5159 3381 5205 mens,

1827 5250 2001 5301 neque
2034 5238 2180 5289 varia
2219 5238 2303 5289 illa
2339 5248 2391 5291 et
2424 5237 2537 5290 fusa
2590 5238 2850 5291 refutandi
2888 5239 3043 5299 ratio,
3087 5252 3182 5289 nec
3222 5237 3270 5289 id
3297 5252 3387 5303 ge-

1828 5339 1927 5377 nus
1952 5326 2053 5378 alia
2086 5328 2359 5395 quidpiam
2391 5328 2660 5383 differunt.
2701 5330 2810 5382 Etsi
2854 5339 3032 5381 autem
3064 5328 3388 5381 dictionibus

1410 5444 1643 5503 VARle
1704 5453 2107 5513 LECTIONES.

236 5582 277 5609 “
310 5581 485 5651 φησὶν
530 5580 655 5632 add.
689 5579 751 5631 Α.

832 5580 872 5610 ιτ
902 5578 1079 5648 ἔργοις
1101 5582 1194 5633 καὶ
1225 5582 1280 5634 ἐν
1311 5602 1369 5647 ς.
1452 5586 1492 5615 ⁸⁸
1523 5588 1579 5651 ἐξ
1606 5582 1679 5641 ὧν
1713 5592 1755 5642 Α
1786 5610 1798 5646 :
1842 5592 1965 5663 ἑξῆς
2000 5612 2058 5657 τι

2138 5599 2178 5628 ¹⁹
2212 5599 2300 5651 καὶ
2328 5598 2433 5668 γάρ
2468 5600 2559 5653 καὶ
2588 5601 2663 5662 εἰς
2695 5616 2751 5663 ς.
2841 5600 2884 5630 ¹⁰
2914 5597 3034 5670 την]
3066 5600 3159 5653 καὶ
3197 5599 3293 5671 τὴν
3324 5618 3373 5663 ς.

1596 5706 1819 5764 ΝΥΓιΕ.

215 5768 329 5833 (16)
367 5765 503 5835 Sup.
534 5765 656 5819 cod.
696 5783 796 5821 xxv
830 5768 1087 5823 duntaxat
1117 5771 1441 5826 rileruutur.
