4224 6446
834 425 936 492 519

1966 426 2226 487 ΡΙΙΟΤΙΙ
2267 424 2769 484 PATRIARCIIE
2805 426 2911 487 (ΣΡ.

3958 429 4068 493 520

831 552 1013 598 utatur
1064 556 1166 593 non
1221 539 1517 601 inusitatis,
1561 540 1822 593 obscurus
1875 548 2053 592 tamen
2101 548 2203 593 est.
2259 536 2391 601 Quia
2425 541 2499 605 Aj

2425 541 2465 596 Α
2495 540 2774 607 χρώμενος
2806 557 2819 569 ·
2854 538 2987 591 ἀλλὰ
3016 539 3094 609 τῷ
3123 542 3475 609 σχοινοτενέσι
3504 542 3735 611 χρῆσθαι
3755 543 3818 593 ἐκ
3845 541 3939 592 τοῦ
3970 546 4063 594 ἐπὶ

827 636 973 686 enim
1030 642 1305 687 catenatas
1357 646 1415 686 ut
1453 634 1737 700 pluritnutn
1783 634 1999 686 adhibet
2048 634 2315 700 periodos,
2341 642 2394 684 et

830 724 1265 791 interpositiones
1330 725 1584 787 crebras,
1636 740 1731 791 per
1795 740 1929 791 quas
1993 725 2155 776 etiatu
2208 738 2396 775 sensus

830 830 989 881 quam
1038 816 1352 884 longissime
1402 832 1427 867 a
1478 832 1536 870 re
1586 817 1855 885 proposita
1882 816 2130 867 recedit:
2179 830 2392 866 rursum

829 908 952 974 quia
1000 910 1273 960 nominum
1317 907 1548 972 obliquis
1583 923 1644 961 ac
1685 906 1977 974 participiis
2022 906 2302 967 redundat,
2342 914 2396 957 et

834 1013 920 1051 res
951 1000 1165 1051 easdem
1214 997 1520 1065 frequenter
1566 1000 1761 1065 (neque
1798 998 1848 1049 id
1885 997 2015 1049 satis
2060 996 2272 1063 ornate)
2308 1011 2395 1047 re-

831 1085 993 1138 volvit
1036 1102 1096 1139 ac
1158 1089 1396 1154 repetit:
1434 1091 1555 1155 quia
1594 1092 1822 1155 denique
1866 1089 2213 1156 repetitiones
2256 1088 2398 1141 illius

830 1178 1091 1242 pluribus,
1156 1195 1315 1247 quam
1370 1181 1704 1233 narrationes
1764 1181 1893 1247 ipsa:
1943 1182 2128 1249 (quod
2180 1184 2398 1235 omnino

830 1268 948 1319 sine
979 1270 1229 1322 methodo
1288 1270 1367 1337 lit)
1401 1272 1827 1325 circumstantiis
1878 1272 2092 1326 referta:
2144 1283 2289 1337 sunt,
2326 1276 2399 1325 si-

833 1359 1156 1427 milibusque
1185 1377 1249 1413 ex
1308 1365 1485 1414 causis
1520 1380 1622 1415 non
1656 1379 1845 1430 parum
1878 1365 2229 1418 obscuritatis
2258 1366 2395 1418 scri-

833 1457 935 1520 ptis
964 1455 1075 1505 suis
1108 1456 1364 1521 aspergit.
1409 1458 1642 1523 Apparet
1678 1468 1856 1509 autem
1888 1459 2187 1510 studiosius
2218 1472 2400 1509 versa-

836 1556 945 1597 Iunt
982 1545 1145 1599 fuisse
1177 1550 1225 1598 in
1260 1563 1413 1599 sacra
1445 1559 1624 1599 nostra
1665 1550 1848 1602 divina
1885 1549 2186 1616 Scriptura,
2216 1550 2314 1601 etsi
2350 1549 2400 1599 in

834 1635 1103 1705 plerisque
1130 1653 1157 1690 a
1192 1638 1422 1690 veritate
1455 1640 1689 1691 aberret.

1452 1730 1773 1783 CLXXVI”.

999 1822 1322 1874 Dioscuridis
1372 1822 1444 1873 De
1475 1823 1695 1873 materia
1730 1823 1931 1873 medica
1958 1823 2075 1874 libri
2110 1838 2202 1874 vtt.

906 1913 1154 1981 Legimus
1194 1912 1518 1964 Dioscoridis
1558 1911 1632 1963 De
1682 1914 1901 1963 materia
1959 1911 2206 1982 [medica]
2253 1911 2401 1963 voltt-
2432 1886 2478 1944 Β

838 2019 961 2056 men
995 2002 1185 2070 123b
1248 2012 1456 2067 septem
1493 1999 1804 2054 distinctum
1851 2002 2018 2055 libris.
2072 2005 2307 2066 Quorum
2353 2004 2402 2054 in

837 2096 1105 2163 prioribus
1131 2094 1363 2159 quinque
1399 2093 1507 2159 agit
1554 2094 1617 2144 de
1646 2093 1848 2155 herbis,
1887 2093 2163 2159 stirpibus,
2192 2108 2405 2145 aroma-

842 2188 1002 2246 tibus,
1035 2185 1485 2252 confectioneqne
1511 2184 1609 2237 olei
1635 2196 1682 2236 et
1719 2186 1995 2249 unguenti.
2029 2185 2158 2237 Item
2194 2187 2258 2237 de
2293 2186 2406 2237 atti-

841 2278 1113 2330 montibus
1151 2287 1231 2338 ,et
1256 2276 1321 2328 de
1358 2278 1587 2343 partium
1618 2277 1832 2328 illorum
1876 2276 2125 2329 utilitate.
2160 2276 2231 2329 De
2253 2277 2408 2327 arbo-

842 2370 991 2421 ribus
1032 2383 1265 2436 qnoque,
1317 2378 1371 2420 et
1420 2368 1616 2430 succis,
1648 2383 1712 2421 ac
1738 2368 2012 2437 Iacrymis.
2047 2367 2312 2420 Prmterea
2346 2368 2409 2420 de

842 2459 1020 2518 melle,
1068 2469 1121 2510 et
1163 2458 1322 2518 lacte,
1381 2466 1540 2523 atque
1572 2458 1760 2523 adipe:
1809 2458 1981 2522 deque
2020 2458 2105 2517 iis,
2152 2470 2269 2523 qua:
2301 2454 2409 2508 fru-

844 2558 1117 2600 mentaeea
1145 2556 1199 2599 et
1241 2548 1488 2599 oleracea
1534 2553 1812 2598 vocantur.
1845 2545 1925 2597 Ad
1968 2546 2081 2597 Inec
2117 2545 2181 2598 de
2220 2546 2410 2597 radici-

839 2640 961 2703 bus,
997 2639 1213 2707 plantis,
1251 2638 1505 2701 arbustis,
1544 2638 1747 2701 herbis,
1782 2646 1836 2689 et
1865 2652 2195 2703 quaacnnque
2229 2652 2292 2689 ex
2328 2639 2409 2690 his

840 2732 924 2785 vel
983 2730 1243 2798 liquorem
1294 2730 1378 2782 vel
1416 2729 1645 2783 fructum
1690 2729 1757 2782 ad
1802 2729 2061 2781 medicam
2103 2728 2408 2781 facultatem

843 2821 1027 2875 utilem
1094 2821 1312 2873 habent.
1365 2819 1502 2884 Quin
1554 2828 1607 2872 et
1639 2820 1705 2872 de
1736 2818 1842 2872 viui
1892 2819 2202 2886 generibus,
2238 2834 2300 2871 ac
2346 2819 2412 2871 de

842 2910 1131 2964 metallicis
1178 2923 1296 2976 qua:
1330 2908 1698 2971 nominantur,
1726 2908 1938 2961 abunde
1982 2917 2177 2960 tractat
2206 2916 2262 2960 et
2293 2906 2411 2974 plu-

843 3000 1125 3061 rimorum,
1170 2998 1235 3051 de
1287 2998 1484 3064 quibus
1537 2998 1719 3051 dicere
1772 2998 2105 3060 instituerat,
2162 2997 2408 3064 ﬁguram,

846 3104 1115 3153 naturam,
1152 3100 1306 3143 ortus
1339 3090 1535 3150 locum,
1584 3105 1690 3157 quo
1746 3090 2065 3155 investigata
2121 3091 2279 3142 citius
2321 3104 2413 3141 co-

2496 633 2747 685 πλεῖστον
2782 634 3051 701 περιόδοις
3087 635 3179 685 καὶ
3210 636 3581 704 παρεμϐολαῖς
3622 636 4065 705 άλλεπαλλήλοις,

2494 726 2559 776 δι’
2596 720 2668 777 ὧν
2693 729 2785 777 καὶ
2824 729 2905 788 εἰς
2930 728 3191 794 μήκιστον
3221 728 3247 776 ὁ
3279 728 3399 788 νοῦς
3426 728 3766 778 ἀποτείνεται
3797 727 3907 777 τῶν
3934 746 4069 795 προ-

2496 819 2787 886 κειμένων,
2816 821 2934 879 ταῖς
2963 835 3021 869 τε
3059 818 3168 869 τῶν
3205 819 3481 886 ὀνομάτων
3528 819 3783 884 πλαγίαις
3820 822 3915 870 καί
3950 824 4069 881 ταῖς

2501 914 2812 978 μετοχικαῖς
2845 910 3021 975 λέξεσι
3053 910 3388 972 πλεονάζειν,
3422 912 3488 961 τά
3518 912 3654 962 αύτά
3702 927 3759 961 τε
3810 911 4069 972 πολλάκις

2498 999 2590 1049 καὶ
2625 1000 2743 1050 οὐδὲ
2776 999 2871 1050 σὺν
2909 1001 3095 1067 κόσμῳ
3131 1001 3550 1061 ἐπανακυκλεῖν,
3588 1002 3679 1051 καὶ
3718 1001 3814 1061 τας
3861 1003 4070 1051 ἐπανα-

2499 1091 2688 1156 λήψεις
2726 1090 2888 1141 πλέον
2924 1090 3030 1141 τῶν
3058 1090 3360 1158 διηγήσεων
3401 1092 3556 1158 (ὅπερ
3587 1091 3845 1158 ἀμέθοδον
3870 1108 4071 1142 παντε-

2498 1182 2626 1250 λῶς)
2664 1184 2783 1243 ταῖς
2810 1182 3165 1250 περιστάσεσι
3200 1182 3602 1249 μεμεστῶσθαι,
3634 1183 3725 1232 καὶ
3752 1184 3861 1243 τοῖς
3896 1182 4073 1232 τοιού·

2501 1291 2614 1333 τοις
2643 1274 2742 1323 ούκ
2772 1273 2948 1339 ὀλίγον
2972 1274 3133 1340 ζόφον
3154 1274 3262 1324 τῶν
3302 1272 3467 1325 αὑτοῦ
3503 1273 3844 1342 γραμμάτιον
3904 1290 4073 1323 κατα-

2506 1365 2777 1425 σκεδάζει.
2815 1366 2997 1416 Ἔοικε
3039 1365 3094 1416 δὲ
3118 1364 3546 1432 φιλοπονώτερον
3600 1364 3725 1431 περὶ
3769 1362 3867 1430 τὴν
3923 1364 4073 1428 ἱεράν

2502 1457 2660 1525 ήμῶν
2687 1458 2779 1507 καὶ
2810 1457 2961 1508 θείαν
2988 1457 3205 1525 Γραφὴν
3231 1457 3565 1525 διατεθῆναι,
3589 1457 3636 1506 εἰ
3658 1456 3751 1506 καὶ
3774 1456 3831 1506 ἐν
3858 1454 4072 1513 πολλοῖς

2504 1546 2877 1616 παρασύρεται
2901 1548 2998 1613 τῆς
3022 1546 3299 1615 ἀληθείας.

3139 1726 3314 1776 POII'.

2807 1817 3191 1883 Διοσκορίδου
3219 1816 3353 1882 Περὶ
3374 1816 3528 1880 ὕλης
3555 1819 3721 1883 ,λόγοι
3755 1815 3816 1874 ζ’.

2590 1909 2927 1979 ’Δνεγνὼσθη
2961 1908 3301 1975 Διοσκορίδου
3336 1909 3469 1971 Περὶ
3496 1908 3640 1971 tum
3683 1906 3883 1973 βιϐλίον
3921 1906 3963 1967 ζ’
3991 1905 4076 1954 λό-

2506 2016 2623 2066 γοις
2657 2002 2998 2071 διῃρημένον.
3042 2001 3129 2051 Ἐν
3165 1999 3263 2066 μὲν
3292 1998 3383 2050 οὖν
3411 2001 3520 2060 τοῖς
3555 1998 3592 2049 ε’
3625 1997 3748 2065 περί
3789 2014 3847 2046 τε
3917 1997 4077 2063 βοτα-

2507 2095 2612 2145 νῶν
2646 2095 2737 2145 καὶ
2769 2094 2949 2159 φυτῶν
2970 2093 3322 2159 διαλαμϐάνει
3346 2094 3648 2160 ἀρωμάτων
3674 2109 3730 2142 τε
3760 2092 3849 2141 καὶ
3880 2108 4077 2141 σκευα-

2510 2186 2631 2246 σίας
2667 2186 2862 2235 ἐλαίων
2903 2186 2996 2235 καὶ
3035 2184 3243 2251 μύρων,
3285 2184 3375 2233 καὶ
3424 2183 3486 2250 δὴ
3525 2183 3617 2233 καὶ
3661 2182 3813 2241 ζώων
3848 2182 3942 2232 καὶ
3978 2182 4079 2245 τῆς

2509 2278 2617 2330 ἀπὸ
2676 2277 2782 2328 τῶν
2836 2279 2893 2328 ἐν
2951 2278 3132 2337 αὐτοῖς
3185 2275 3387 2340 μορίων
3446 2275 3729 2339 ὡφελείας,
3787 2272 3922 2325 ἀλλὰ
3985 2273 4079 2323 καὶ

2507 2371 2740 2438 δένδρων
2776 2370 2867 2421 καὶ
2894 2368 3042 2419 ὀπῶν
3072 2367 3167 2418 καὶ
3195 2366 3466 2435 δακρύων,
3499 2366 3578 2417 ἔτι
3621 2366 3677 2417 δὲ
3726 2364 3941 2433 μέλιτος
3986 2366 4079 2415 καὶ

2513 2461 2783 2527 γάλακτος
2814 2462 2907 2512 καὶ
2943 2460 3183 2522 στέατος,
3217 2461 3310 2510 xa‘t
3336 2459 3443 2509 τῶν
3468 2459 3811 2527 καλουμένων
3839 2475 3959 2525 σιτη
3970 2458 4078 2527 ρῶν

2511 2555 2604 2602 καὶ
2641 2551 2964 2618 λαχανικῶν,
2996 2551 3157 2618 ῥιζῶν
3191 2568 3247 2601 τε
3277 2552 3342 2613 ²¹,
3372 2550 3552 2616 φυτῶν
3594 2550 3686 2600 καὶ
3726 2549 3947 2616 Θάμνων
3990 2551 4080 2600 καὶ

2515 2638 2772 2707 βοτανῶν,
2828 2640 2925 2689 ὅσα
2976 2655 3036 2689 τε
3084 2638 3265 2689 αὐτῶν
3314 2637 3375 2688 τὸ
3413 2638 3647 2705 χύλιτμα
3704 2638 3780 2696 εἱς
3832 2638 4081 2703 ἰατρικὴν

2512 2730 2701 2799 χρείαν
2729 2727 3011 2779 συντελούν
3042 2726 3215 2795 ἔχειῆ
3256 2726 3346 2777 τὸν
3386 2726 3595 2793 καρπόν
3625 2741 3638 2753 ·
3690 2724 3817 2795 [9.08
3870 2723 3965 2793 1].]
4020 2724 4080 2775 et)

2517 2822 2619 2890 μὴν
2646 2820 2780 2872 ἀλλὰ
2810 2820 2902 2871 καὶ
2926 2820 3053 2888 περὶ
3079 2818 3234 2869 οἴνων
3263 2818 3482 2869 καὶτῶν
3507 2817 3852 2884 καλουμένων
3881 2816 4081 2883 μεταλ-

2513 2913 2683 2964 λικῶν
2712 2914 2796 2979 ἐφ’
2824 2912 3007 2963 ἱκανὸν
3030 2909 3409 2976 διαλαμϐάνει.
3440 2909 3548 2960 Καὶ
3571 2908 3679 2959 τῶν
3699 2924 3760 2974 γε
3786 2908 4079 2967 πλείστων,

2515 2998 2587 3056 ὧν
2622 3002 2886 3071 προῦθετο
2927 3002 3127 3067 λέγειν,
3173 2996 3309 3061 εἶδός
3338 3016 3398 3052 τε
3440 3002 3534 3051 καὶ
3584 2999 3741 3065 φύσιν
3778 3000 3872 3050 καὶ
3919 3000 4081 3050 τόπον

2516 3097 2782 3164 γενέσεως
2814 3097 2893 3155 είς
2931 3094 2992 3145 τὸ
3029 3092 3255 3161 ἀκριϐὲς
3279 3093 3413 3159 πρὸς
3444 3092 3735 3155 ἐπίγνωσιν
3767 3089 3860 3140 τοῦ
3888 3091 4082 3158 ζητου-

842 3192 1193 3252 gnoscantur,
1252 3191 1505 3235 accurate
1551 3181 1822 3234 describit.
1888 3181 2105 3233 Parcius
2157 3183 2481 3270 duntaxatC

2442 3216 2481 3270 Ο
2518 3189 2676 3257 μένου
2707 3186 3010 3256 ἀναγράφει
3032 3202 3046 3215 ο
3078 3185 3165 3236 ἐπ’
3201 3184 3420 3235 ἔλαττον
3463 3184 3519 3235 δὲ
3554 3185 3650 3252 τήν
3686 3182 3874 3250 χρείαν
3917 3182 4081 3249 μόνην

846 3292 1004 3331 usum
1040 3276 1114 3327 rei
1173 3275 1452 3342 cujusque,
1504 3274 1787 3340 minusque
1838 3282 2084 3324 accurate
2132 3274 2409 3324 historiam

844 3368 1084 3421 ascribit.
1119 3366 1379 3418 Vinorum
1430 3366 1551 3417 item
1585 3364 1791 3417 variqu
1839 3365 1888 3415 in
1930 3365 2011 3417 bis
2044 3366 2223 3430 prodit
2251 3380 2413 3431 appa-

842 3467 1042 3509 ratum.
1096 3456 1263 3509 Sexto
1328 3466 1507 3506 autem
1577 3455 1714 3507 libro
1770 3455 1837 3507 de
1885 3454 1950 3505 iis
2010 3454 2414 3507 medicamentis

846 3546 1083 3609 disserit,
1110 3561 1227 3613 quae
1256 3555 1345 3595 aut
1382 3544 1541 3596 noxia
1575 3554 1719 3606 sunt,
1755 3556 1846 3595 aut
1871 3545 2144 3595 salutaria.
2176 3544 2413 3610 Septimo

848 3638 1079 3706 denique
1114 3649 1169 3691 et
1213 3637 1369 3702 hujus
1415 3636 1591 3703 Operis
1623 3635 1733 3703 (l8)
1785 3635 1994 3694 ultimo,
2028 3645 2413 3688 venenatorum

847 3731 1198 3782 animantium
1232 3728 1507 3780 historiam
1548 3728 1754 3789 scribit,
1806 3742 1867 3779 ac
1916 3741 2011 3793 per
2041 3741 2285 3793 quaenam
2326 3726 2416 3790 qui

850 3822 901 3872 in
926 3820 1114 3872 horum
1147 3818 1362 3886 aliquod
1406 3818 1712 3879 inciderint,
1743 3827 1833 3867 aut
1866 3816 2157 3885 perfectam
2196 3818 2419 3869 medici-

852 3926 998 3972 nam,
1032 3922 1123 3963 aut
1153 3908 1415 3977 quidquid
1448 3910 1638 3961 saltem
1686 3908 1860 3961 solatii
1895 3906 2072 3960 all‘erri
2102 3910 2286 3974 possit,
2330 3924 2417 3960 re-

851 4004 1081 4068 periant.
1122 4001 1297 4065 Atque
1352 3998 1439 4050 hic
1496 3998 1643 4064 operi
1696 3999 1819 4050 huic
1864 4013 2054 4065 scopus
2102 3998 2414 4066 pral‘tgitur.

856 4093 1007 4157 Quod
1047 4093 1393 4144 utilissimum
1450 4104 1582 4142 sane
1610 4099 1712 4154 est,
1776 4105 1878 4141 non
1933 4091 2149 4143 medica:
2208 4096 2416 4143 tantum

851 4179 1099 4233 facultati
1162 4179 1381 4240 deditis,
1448 4192 1632 4229 verum
1690 4178 1853 4231 etiam
1914 4177 2296 4244 philosophica:
2353 4192 2417 4229 ac

852 4274 1083 4342 physicae
1132 4270 1485 4338 speculationi
1534 4271 1774 4323 intentis.
1826 4268 1945 4322 .lam
1983 4279 2246 4337 quotquot
2299 4279 2419 4337 post

856 4363 999 4413 illum
1032 4363 1096 4414 de
1146 4362 1477 4426 simplicibus
1526 4361 1931 4412 medicamentis
1981 4360 2265 4422 scripsisse
2317 4360 2415 4412 visi

851 4463 996 4515 sunt,
1052 4452 1138 4504 alii
1180 4451 1373 4503 librum
1428 4450 1568 4502 hunc
1617 4450 1877 4502 duntaxat
1940 4451 2411 4515 transcripserunt,

2513 3280 2546 3348 ἢ
2589 3280 2688 3331 οὐκ
2741 3278 2946 3345 ἀκριϐῆ
2985 3276 3084 3343 τὴν
3142 3276 3382 3344 ἱστορίαν
3429 3274 3755 3341 ὑπογράφει.
3803 3273 3976 3324 Οἷνων
4028 3272 4082 3322 δὲ

2516 3371 2804 3437 διαφόρους
2868 3368 3235 3436 παραδίδωσιν
3294 3367 3350 3416 ὲν
3400 3365 3609 3422 τούτοις
3668 3364 3960 3424 σκευασίας
4017 3364 4080 3412 ”.

2518 3460 2637 3531 [401
2669 3458 2762 3529 8.]
2805 3459 2892 3510 Ἐν
2926 3460 3105 3525 μέντοι
3135 3455 3212 3524 τῷ
3240 3462 3291 3518 ς’
3322 3456 3449 3523 περ)⁸
3481 3454 3785 3522 φαρμάκιον
3807 3453 4082 3512 διέξεισιν,

2515 3554 2614 3603 ὅσα
2640 3552 2699 3602 τέ
2724 3554 2838 3601 ἐστι
2860 3550 2967 3600 τῶν
2995 3548 3334 3615 δηλητηρίων
3361 3548 3451 3595 καὶ
3472 3547 3569 3596 ὅσα
3592 3545 3696 3595 τῶν
3722 3543 4079 3605 ἁλεξικάκων·

2517 3644 2575 3693 ὲν
2608 3642 2664 3693 δὲ
2687 3640 2764 3709 τῷ
2800 3642 2843 3704 ζ’
2883 3640 2976 3692 καὶ
3000 3640 3097 3705 τῆς
3127 3638 3253 3703 ὅλης
3295 3636 3602 3707 προθέσεως
3628 3634 3921 3702 τελευταίῳ
3956 3652 4017 3684 πε
4032 3635 4081 3701 ρί

2516 3732 2624 3784 τῶν
2685 3732 2901 3782 ἰοϐόλων
2948 3729 3103 3791 ζώων
3154 3732 3254 3795 τὴν
3305 3728 3545 3794 ἱστορίαν
3596 3729 3850 3787 ποιεῖται,
3898 3720 3979 3785 οἷς
4030 3742 4083 3775 τε

2516 3822 2567 3871 οἱ
2616 3820 3095 3887 περιπεπτωκότες
3136 3820 3241 3869 τινὶ
3282 3817 3489 3867 τούτων
3519 3816 3615 3885 τὴν
3643 3815 3875 3883 δυνατὴν
3912 3832 4087 3883 παρα-

2522 3910 2781 3979 μυθίαν-ἢ
2816 3912 2905 3962 καὶ
2934 3909 3145 3960 τελείαν
3186 3910 3481 3977 εὑρήσουσι
3518 3906 3834 3973 θεραπείαν.
3894 3904 3953 3955 Ὀ
3992 3908 4088 3971 μὲν

2517 4000 2609 4053 οὖν
2636 4001 2856 4067 σύμπας
2886 4001 2978 4051 τοῦ
3015 3999 3218 4069 βιϐλίου
3253 4001 3453 4061 σκοπὸς
3488 3995 3658 4059 οὗτος,
3703 3998 3979 4065 χρήσιμον
4034 3996 4086 4045 δὲ

2519 4092 2580 4143 τὸ
2618 4092 2818 4159 βιόλίον
2856 4093 2916 4143 οὐ
2975 4094 3109 4161 πρὸς
3155 4093 3405 4159 ἰατρικὴν
3444 4089 3754 4157 φιλοπονίαν
3806 4088 3852 4117 ⁸³
3908 4088 4085 4153 μόνον,

2519 4182 2655 4234 ἀλλὰ
2687 4185 2782 4234 καὶ
2814 4184 2948 4250 πρδς
2982 4183 3339 4251 ὲμφιλόσοφον
3393 4182 3485 4233 καὶ
3540 4178 3771 4247 φυσικὴν
3831 4176 4086 4243 θεωρίαν.

2520 4273 2627 4323 Καὶ
2646 4274 2757 4323 ὅσοι
2788 4272 2841 4323 δὲ
2879 4272 2994 4340 μετ’
3019 4271 3182 4322 αὑτὸν
3214 4271 3339 4337 περὶ
3357 4269 3541 4320 ἁπλῶν
3568 4266 3874 4334 φαρμάκων
3905 4264 4090 4325 ἔδοξαν

2520 4360 2774 4427 γράφειν.
2808 4363 2853 4411 οἱ
2891 4361 2988 4427 μὲν
3019 4359 3363 4425 μετέγραζαν
3402 4358 3559 4421 μόνον
3598 4356 3656 4404 τὸ
3687 4353 3913 4420 βιϐλίον,
3959 4354 4003 4402 οἱ
4040 4354 4088 4400 5‘;

3199 4447 3223 4458 η.

2526 4446 2647 4497 οὐδὲ
2676 4447 2779 4497 κᾶν
2805 4450 2867 4515 τῇ
2905 4447 3226 4514 μεταγραφῇ
3264 4446 3307 4474 ³³
3346 4444 3405 4494 τὸ
3433 4440 3655 4509 ἀκριϐὲς
3696 4439 3959 4489 διασῶσαι
3992 4457 4089 4487 πε-

854 4543 973 4593 aliis
1021 4556 1086 4593 ne
1132 4543 1182 4595 in
1235 4544 1348 4609 ipsa
1396 4541 1615 4607 quidem
1671 4557 1765 4593 sua
1799 4539 2094 4607 scriptione
2144 4542 2415 4593 aceuratio
2451 4538 2492 4591 D

2451 4538 2492 4591 D
2522 4541 2893 4607 φροντίκασιν,
2922 4538 3055 4589 ἀλλὰ
3104 4537 3199 4587 καὶ
3244 4537 3289 4566 ’⁵
3335 4536 3629 4600 κατέτεμον
3681 4532 3741 4581 τὸ
3796 4531 4087 4597 ὀλόκληρην

854 4646 997 4685 curae
1040 4631 1172 4693 fuit;
1212 4631 1305 4683 sed
1357 4630 1663 4681 universam
1721 4632 1784 4681 de
1832 4629 2059 4695 singulis
2115 4630 2412 4683 doctrinam

855 4727 1273 4791 discerpserunt,
1321 4722 1446 4773 dttm
1506 4718 1763 4780 formam,
1805 4731 2047 4772 naturam
2129 4731 2182 4773 et
2235 4730 2413 4773 ortum

855 4814 1177 4880 simplicium
1219 4810 1446 4864 seorsim
1504 4810 1805 4875 colligunt,
1841 4810 2170 4874 seorsimque
2202 4825 2413 4862 rursum

858 4922 919 4959 ac
951 4906 1160 4959 divisitn
1198 4918 1350 4955 nsum
1409 4912 1463 4953 et
1487 4902 1768 4952 utilitatem
1804 4900 2159 4965 perscribunt.
2185 4900 2418 4951 Alexan-

855 5001 952 5049 der
1006 4990 1483 5067 [Aphrodisiensis]
1540 5006 1689 5051 vero,
1725 4991 1918 5042 Paulus
1966 4988 2418 5059 [/EginetaLAe-

858 5090 982 5150 tius,
1018 5087 1327 5152 similesque
1354 5099 1419 5135 ne
1450 5084 1632 5134 forma:
1660 5082 1877 5149 quidem
1918 5082 2173 5132 rationem
2218 5083 2418 5132 habue-

858 5190 1018 5233 runt:
1063 5180 1155 5231 sed
1193 5176 1358 5229 solius
1408 5188 1536 5227 usus
1580 5188 1787 5226 summa
1842 5173 2105 5225 duntaxat
2136 5170 2294 5222 veluti
2328 5187 2416 5222 ca-

2516 4632 2614 4698 τῆς
2644 4631 2771 4697 περὶ
2803 4632 3031 4679 ἑκάστου
3072 4626 3440 4687 διδασκαλίας,
3478 4626 3642 4692 χωρὶς
3681 4626 3777 4690 μὲν
3818 4619 3952 4681 εἶδος
3998 4639 4067 4671 κ;.

2522 4722 2684 4789 φύσιν
2720 4722 2813 4771 καὶ
2836 4721 3049 4785 γένεσιν
3074 4720 3180 4769 τῶν
3214 4716 3397 4768 ἁπλῶν
3440 4717 3870 4784 συναγείροντες,
3920 4720 4088 4779 χωρὶς

2520 4813 2575 4863 δὲ
2616 4813 2711 4863 καὶ
2754 4811 3173 4878 μεμερισμένως
3195 4809 3292 4877 τὴν
3336 4807 3523 4876 χρείαν
3560 4806 3651 4857 καὶ
3681 4805 3952 4870 ωερέλειαν
3976 4804 4091 4853 6:1-

2524 4902 2843 4969 γράφοντες.
2896 4901 3239 4967 Ἀλέξανδρος
3269 4899 3324 4949 δὲ
3366 4899 3461 4948 καὶ
3494 4897 3699 4955 Παῦλος
3742 4897 3835 4946 καί
3888 4897 4088 4944 ’.Χέτικ

2526 4993 2620 5043 καὶ
2650 4995 2697 5042 οἱ
2723 4992 2953 5042 τοιοῦτοι
2994 4992 3111 5041 οὐδὲ
3145 4989 3236 5039 τοῦ
3275 4988 3446 5047 εἴδους
3479 4988 3632 5051 λόγον
3678 4986 3881 5045 ἔθεντο,
3925 4987 4091 5050 μίν-ην

2524 5082 2577 5133 δὲ
2632 5084 2731 5149 τὴν
2778 5083 2963 5149 γρείαν
2998 5080 3507 5149 ἀκρωτηριάσαντες
3554 5081 3662 5137 τοῖς
3703 5078 3851 5137 ἰδίοις
3895 5077 4091 5125 συντά-

2524 5191 2724 5241 γμασιν
2761 5173 3099 5235 ἐναπέθεντο,
3134 5173 3179 5223 εἰ
3215 5173 3306 5223 καὶ
3342 5172 3533 5237 Παύλῳ
3554 5170 3611 5221 οὑ
3648 5169 3804 5237 μόνον
3837 5168 3989 5219 οὐδὲν
4022 5162 4093 5218 ὧν

2084 5300 2124 5353 ν
2144 5301 2321 5355 ᾹΒΙᾹΞ
2378 5302 2786 5359 LECTIONES.

1686 5394 1730 5424 ²¹
1767 5392 2151 5453 διασκευασίας
2178 5409 2236 5453 ς.

951 5404 991 5434 ²¹
1022 5419 1080 5453 τε
1109 5400 1192 5470 29.]
1220 5416 1276 5450 τε
1308 5398 1401 5450 καὶ
1434 5414 1489 5461 φ.
1521 5413 1580 5457 ς.
1686 5398 1730 5424 ²¹
1767 5398 2151 5453 διασκευασίας
2178 5409 2236 5453 ς.

985 5474 1045 5515 τὴ
1084 5472 1307 5515 ἀκοιόὲε
1339 5469 1745 5515 πεσοονὴκασιν
1777 5480 1835 5515 ς.
1914 5464 1957 5493 ’⁵
1991 5464 2083 5513 καὶ
2117 5464 2240 5515 add.
2272 5462 2338 5515 Α.

860 5489 948 5527 σαι
985 5474 1045 5524 τὸ
1084 5472 1307 5540 ἀκριόὲς
1339 5469 1745 5535 πεφρονήκασιν
1777 5480 1835 5525 ς.

2356 5396 2398 5423 ²⁸
2440 5398 2752 5462 φιλοπονίαν
2786 5397 2823 5446 Α
2855 5414 2865 5447 :
2902 5395 3214 5463 φιλοσοφίαν
3244 5413 3299 5456 ς.

3397 5395 3441 5424 ’⁵
3469 5397 3533 5461 τῇ
3563 5396 3744 5461 γραφῇ
3778 5395 3816 5444 Δ
3851 5410 3863 5443 :
3896 5390 4093 5441 διασῶ-

2359 5569 2591 5624 ΝΟΤΑι.

931 5676 1041 5739 (l7)
1076 5673 1141 5727 Ut
1174 5670 1293 5725 libri
1321 5671 1448 5721 editi
1482 5675 1888 5739 repraesentant.

931 5735 1040 5811 (19)
1072 5746 1184 5808 Ipse
1234 5738 1737 5811 Dioscoridcskltliri
1789 5753 1837 5787 vt
1896 5735 2165 5811 Prommio
2216 5742 2424 5811 sex‘tttm

867 5802 1034 5881 ipsum
1069 5802 1267 5865 diserte
1306 5812 1492 5863 statuit
1537 5808 1631 5876 τῆς
1671 5806 1795 5873 ὅλης
1834 5805 2205 5874 πραγματείας
2242 5802 2425 5852 ’πελεν-

2537 5665 2707 5714 ταῖον.
2747 5663 3044 5728 Septimum
3078 5673 3255 5714 autem
3284 5666 3423 5713 hunc
3460 5661 3509 5713 in
3547 5664 3680 5714 duos
3707 5664 3866 5714 modo
3899 5665 4096 5718 distra-

2537 5744 2681 5784 ctum
2711 5733 2875 5785 libros
2917 5735 2969 5785 in
3005 5733 3231 5800 vulgatis
3262 5730 3657 5800 exemplaribus
3686 5734 3955 5787 videmus.
