4224 6446
760 401 866 468 523

1885 389 2144 452 PHOTII
2188 378 2699 449 PATRIARCHIE
2735 375 2845 439 CP.

3882 360 3993 427 524

761 535 865 590 que
896 519 1145 573 arborem
1193 513 1334 567 illam
1379 510 1652 565 Christum
1678 522 1801 563 esse
1835 506 2129 570 fabulatur,
2161 518 2319 574 quem
2351 512 2394 564 Α
2423 504 2429 549 ί

2351 512 2394 564 Α
2423 502 2547 553 ὅσον
2564 490 2895 567 βλασφημεῖ.
2922 490 3032 545 Καὶ
3069 486 3278 559 Τριάδα
3302 487 3359 540 δὲ
3391 486 3455 519 ³⁸⁶
3486 482 3771 555 δμοούσιον
3799 481 3831 533 δ
3856 495 3997 534 κατ.

759 612 859 666 etsi
908 625 1005 664 ore
1034 606 1248 675 quidem
1305 601 1546 656 venerari
1596 614 1656 654 se
1700 599 1873 668 fingit,
1929 598 2087 652 factis
2144 606 2323 650 tamen

761 702 893 767 ipsis
920 708 974 750 et
1001 695 1366 764 opinionibus,
1423 701 1679 759 quantum
1723 689 1951 758 exprimi
1978 689 2158 741 verbis
2183 686 2326 741 haud

762 799 959 859 potest,
980 786 1334 853 blasphemat.
1353 781 1677 836 Trinitatem
1716 779 1937 847 insuper
1964 779 2325 833 consubstan-

2428 592 2629 659 άρατος
2693 587 2844 655 λέγει
2885 584 2982 653 μὲν
3029 581 3339 652 ὁμολογεῖν,
3388 576 3525 631 ἀλλά
3573 572 3847 634 δυσσεϐῶς
3896 571 4000 623 καὶ

2427 681 2773 751 κακούργως,
2832 678 2921 731 ῐνα
2966 674 3125 745 μόνον
3177 672 3350 741 κλέψῃ
3407 669 3507 739 τῆς
3551 666 3834 728 εὐσεϐείας
3879 666 3999 726 τοῖς

2428 780 2635 849 ῥήμασι
2658 772 2786 836 τοὺς
2815 770 3180 838 ἁπλούστερον
3200 764 3402 835 αὐτῷἢ
3429 761 3800 831 ἀμαθέστερον
3827 772 4004 849 προσ-

764 880 941 935 tialem
976 878 1134 933 fateri
1170 892 1229 931 se
1262 876 1441 929 dicere
1485 873 1646 926 audet
1687 871 2051 926 exsecrandus
2095 870 2203 931 ille,
2232 867 2324 923 sed
2426 888 2432 921 ι

2426 848 2628 932 ιόντας,
2681 865 2777 918 καὶ
2833 862 2924 916 τὸν
2952 860 3194 929 ὀλέθριον
3232 855 3325 909 τοῦ
3358 854 3625 923 δόγματος
3667 851 3744 903 ίδν
3788 848 4002 910 τούτοις

762 973 866 1027 hoc
904 970 1066 1037 impie
1106 983 1170 1022 ac
1208 967 1499 1031 malitiose,
1539 973 1853 1033 tantumque
1878 971 1936 1015 ut
1969 962 2183 1029 pietatis
2213 961 2327 1015 his-
2425 981 2430 1006 ι

2425 955 2536 1013 οἷον
2572 957 2841 1026 γλυκάνας
2871 952 2965 1006 καὶ
3017 948 3411 1037 κερασάμενοςῄ
3447 943 3641 1013 ἀθρόον
3680 940 3780 1009 τῆς
3832 938 4003 992 αὑτοῦ

761 1078 823 1116 ce
870 1061 1146 1115 vocabulis
1198 1059 1460 1126 decipiat,
1521 1054 1820 1124 simplicius
1864 1068 1926 1108 ac
1974 1052 2165 1124 125.!)
2222 1051 2325 1105 mi-

762 1170 863 1208 nus
900 1153 1289 1219 circumspecte
1332 1150 1397 1201 ad
1437 1162 1557 1201 eum
1604 1147 1944 1211 accedentes,
1977 1154 2143 1211 utque
2168 1141 2332 1211 pesti-

763 1247 907 1299 lente
933 1246 1197 1311 dogmatis
1233 1254 1460 1305 veneno,
1502 1253 1565 1292 ac
1593 1237 1747 1306 quasi
1780 1236 2065 1290 dulcedine
2094 1235 2327 1303 quadam

764 1345 1061 1401 temperata
1100 1342 1261 1398 atque
1304 1329 1623 1393 commista,
1671 1327 1828 1394 hujus
1876 1325 1997 1379 illos
2021 1338 2175 1377 noxa:
2201 1338 2332 1377 con-

763 1423 939 1478 festim
973 1420 1283 1488 adimpleat.
1312 1418 1402 1474 Sic
1431 1427 1485 1472 et
1512 1432 1708 1486 corpus
1735 1430 1793 1470 se
1820 1414 2017 1470 Christi
2058 1415 2332 1468 honorare

765 1530 829 1569 ac
862 1515 1157 1583 praadicare
1203 1514 1301 1574 ait,
1337 1520 1394 1564 et
1428 1508 1700 1565 Christum
1752 1510 1899 1561 cruci
1942 1506 2181 1568 aﬂixum,
2226 1506 2333 1559 imo

767 1609 938 1675 ipsam
992 1620 1229 1668 crucem,
1272 1603 1622 1672 baptismum,
1657 1600 2012 1668 sepulturam,
2056 1609 2215 1666 atque
2246 1612 2332 1651 re-

768 1700 1156 1755 surrectionem
1189 1696 1328 1766 ejus,
1356 1705 1797 1760 mortuorumque
1826 1695 1961 1746 adeo
1982 1693 2223 1745 omnium
2251 1706 2334 1745 re-

769 1791 1157 1846 surrectionem
1199 1785 1580 1854 acjudicinm;
1615 1793 1669 1837 et
1712 1792 1770 1836 ut
1795 1782 1963 1837 semel
1989 1783 2186 1846 dicam,
2225 1795 2335 1834 om-

2430 1050 2697 1121 πληρὼσῃ
2723 1046 2920 1115 λύμης.
2948 1042 3106 1096 Οῦτω
3124 1040 3189 1109 δὴ
3219 1040 3314 1091 καὶ
3348 1035 3507 1107 σῶμα
3535 1034 3683 1103 λέγει
3713 1033 3880 1103 τιμᾷν
3910 1033 4008 1083 καὶ

2434 1145 2734 1215 κηρύσσειν
2765 1138 3022 1210 Χριστοῦ,
3056 1137 3150 1189 καὶ
3181 1132 3412 1205 Χριστὸν
3438 1126 4011 1215 ἐσταυρωμένον,κῷ

2432 1213 2665 1305 σταυρὸν
2690 1232 2782 1284 καὶ
2810 1230 3114 1299 βάπτισμα,
3139 1224 3231 1276 καὶ
3250 1219 3425 1291 ταφὴν
3457 1214 3717 1287 Χριστοῦ,
3750 1214 3846 1267 καὶ
3874 1213 4014 1265 ἀνά-

2434 1303 2642 1387 στασιν,
2666 1326 2757 1376 καὶ
2788 1320 2998 1391 νεκρῶν
3027 1320 3324 1384 ἀνάστασιν
3345 1312 3437 1365 καὶ
3463 1308 3643 1378 κρίσιν
3660 1321 3676 1335 ⁸
3695 1307 3792 1359 καὶ
3820 1303 4013 1364 ἁπλῶς

2434 1420 2618 1489 σχεδὸν
2636 1417 2849 1470 ἅπαντα
2870 1414 2939 1465 τά
2951 1412 3048 1480 τῆς
3069 1406 3349 1489 εὐσεϐείας
3364 1403 3462 1457 καὶ
3489 1400 3642 1470 παρά
3660 1396 4013 1468 Χριστιανοῖς

2432 1484 2673 1580 ὀνόματα
2701 1505 2787 1559 ἐπ’
2813 1503 2995 1563 ἄλλαις
3028 1501 3061 1569 ἢ
3091 1487 3343 1557 ὲκτόποις
3367 1494 3461 1546 καὶ
3485 1489 3816 1580 βδελυκταῖς,
3847 1486 3881 1553 ἥ
3914 1484 4009 1536 άλ-

2433 1577 2674 1662 λοκότοις
2698 1598 2793 1651 καὶ
2820 1596 3051 1666 μωραῖς,
3072 1591 3105 1661 ἦ
3126 1587 3490 1659 ἀναρμόστοις
3514 1583 3605 1637 καὶ
3627 1577 4016 1635 άνακολούθοις

2434 1694 2665 1754 ἐννοίαις
2699 1688 3024 1760 μεταφέρων
3056 1684 3151 1737 καὶ
3176 1678 3496 1751 περιτιθεὶς,
3524 1675 3664 1728 οὕτω
3682 1672 3778 1741 τὴν
3804 1669 4018 1760 οίκείαν

2436 1784 2693 1838 ἀσέϐειαν
2743 1779 2999 1849 πειρᾶται
3051 1770 3362 1843 κρατύνειν.
3410 1768 3519 1821 Καὶ
3566 1762 3820 1817 τοσοῦτον
3864 1756 4021 1823 αὐτῷ

770 1885 856 1938 nia
890 1881 1003 1936 fere
1051 1880 1268 1950 pietatis
1302 1894 1365 1932 ac
1393 1876 1718 1931 Christianae
1761 1874 2042 1943 religionis
2072 1873 2334 1927 vocabula
2369 1861 2438 1919 Bt

2369 1861 2409 1919 Β
2436 1876 2496 1929 τὸ
2524 1874 2682 1929 ἄθεον
2712 1870 2851 1941 μετά
2880 1866 2977 1920 τοῦ
3016 1865 3191 1918 δολίου
3226 1859 3612 1931 μεμελέτηται,
3665 1854 3806 1906 ὥστε
3861 1853 4020 1920 μῖσος

774 1976 841 2029 ad
899 1974 1055 2036 alios,
1120 1971 1203 2025 vel
1251 1971 1515 2025 absurdos
1570 1978 1731 2036 atque
1787 1965 2201 2029 abominandos,
2252 1965 2336 2017 vel

772 2068 976 2121 alienos
1020 2079 1086 2117 ac
1109 2063 1323 2127 stultos,
1355 2059 1437 2114 vel
1476 2062 1687 2130 ineptos
1713 2067 1765 2113 et
1789 2060 2111 2127 incongruos
2148 2071 2339 2112 sensus

774 2153 1107 2209 transferens
1151 2160 1313 2219 atque
1352 2151 1657 2213 traducens,
1705 2163 1857 2203 suam
1881 2148 1954 2201 ita
1990 2146 2180 2200 nititur
2211 2160 2339 2199 cou-

773 2247 991 2300 firmare
1056 2244 1412 2311 impietatem.
1472 2239 1700 2294 Tantam
1756 2254 1885 2293 vero
1945 2238 2068 2293 dolo
2124 2239 2338 2292 mistam

777 2336 1103 2403 impietatem
1176 2334 1463 2385 meditatus
1528 2340 1633 2394 est,
1688 2340 1745 2383 ut
1816 2344 1939 2382 cum
2008 2328 2344 2382 intolerabile

776 2428 980 2487 odium.
1012 2424 1317 2490 bellumque
1365 2422 1719 2491 implacabile,
1769 2429 2094 2491 cooperante
2125 2420 2199 2473 illi
2226 2420 2343 2473 dia-

779 2516 922 2580 bolo,
955 2531 1077 2569 cum
1109 2529 1319 2581 semper
1363 2512 1582 2581 Virgine
1613 2514 1776 2566 Maria
1821 2527 1885 2565 ac
1924 2521 2094 2565 matre
2142 2510 2341 2565 Christl

780 2611 874 2665 Dei
913 2609 1083 2664 nostri
1130 2618 1303 2677 gerat,
1345 2606 1523 2661 Maria:
1550 2614 1732 2661 tamen
1764 2621 1956 2660 nomen
1990 2620 2085 2676 per
2118 2606 2343 2659 simula-

780 2701 981 2754 tionem
1022 2712 1305 2765 usurpare,
1367 2712 1594 2764 eamque
1626 2704 1852 2749 matrem
1896 2694 2098 2749 Christi
2126 2693 2349 2746 menda-

782 2794 921 2847 citer
951 2789 1239 2860 appellare,
1285 2804 1383 2842 nec
1415 2788 1533 2853 Dei,
1562 2804 1662 2843 nec
1689 2789 1851 2843 ullius
1880 2786 2102 2840 omnino
2130 2784 2349 2853 pudoris

784 2891 931 2937 metu
978 2894 1247 2936 vereatur.
1283 2880 1644 2948 Quamobrem
1678 2891 1731 2935 et
1760 2880 2123 2934 venerandam
2154 2876 2351 2933 saluti-

785 2974 1067 3043 feramque
1097 2972 1299 3027 Christi
1334 2988 1551 3027 crucem
1594 2973 1741 3027 mille
1777 2973 2038 3027 conviciis
2083 2973 2349 3033 lacerans,

784 3075 949 3135 atque
992 3066 1058 3120 ad
1096 3065 1310 3120 Judzeos
1336 3065 1725 3134 propulsandos
1774 3066 1935 3119 telum
1977 3080 2072 3134 per
2096 3065 2351 3133 blasphe-

2438 1970 2663 2037 ἄσχετον
2688 1962 2784 2018 καὶ
2810 1960 3047 2028 πόλεμον
3070 1954 3333 2010 ἄσπονδον
3362 1951 3537 2021 έχοντι
3564 1945 3704 2001 κατά
3732 1944 3834 2011 τῆς
3871 1943 4021 2037 'Ast:

2441 2028 2717 2129 παρθένου
2764 2053 2984 2123 Μαρίας
3032 2048 3130 2103 καὶ
3180 2046 3386 2117 μητρὸς
3439 2039 3677 2113 Χριστοῦ
3735 2036 3830 2092 τοῦ
3877 2028 4021 2089 Θεοῦ

2441 2128 2597 2223 ἡμῶν
2649 2149 2732 2182 ³⁸·
2793 2148 2942 2216 ὅμως
2993 2140 3402 2211 συμπλάττεται
3441 2133 3590 2203 αὺτῷ
3647 2130 3741 2184 καὶ
3795 2128 4023 2198 Μαρίας

2442 2219 2633 2314 ῦνομα,
2668 2240 2763 2294 καὶ
2792 2236 3004 2307 μητέρα
3025 2230 3266 2303 Χριστοῦ
3296 2226 3671 2298 τερατολογεῖν
3697 2221 3828 2277 αὐτὸ
3850 2220 3897 2252 ⁸⁸
3918 2219 4023 2272 οὐκ

2444 2336 2559 2388 ἐστι
2590 2332 2751 2401 φόϐος
2779 2327 2939 2392 Θεοῦ,
2973 2326 3096 2380 οὐδέ
3127 2340 3209 2387 τις
3247 2322 3384 2383 ὅλως
3409 2320 3661 2389 αἰσχύνη.
3685 2315 3774 2368 Διδ
3800 2314 3899 2366 καὶ
3924 2314 4023 2365 τὸν

2444 2427 2624 2494 τίμιον
2670 2421 2767 2475 καὶ
2796 2419 3061 2489 σωτήριον
3083 2414 3176 2468 τοῦ
3225 2410 3462 2481 Χριστοῦ
3506 2407 3739 2476 σταυρὸν
3798 2403 4026 2494 μυρίαις

2448 2493 2636 2587 ῦϐρεσι
2664 2513 2893 2583 βάλλων,
2921 2510 3016 2562 καὶ
3039 2505 3371 2575 ἀμυντήριον
3409 2498 3682 2587 Ἰουδαίων
3696 2493 4023 2587 δυσφημῶν,

2447 2582 2594 2679 ὅμως
2643 2582 2989 2671 ἀναισχυντεῖ
3041 2596 3214 2664 λέγων
3269 2592 3433 2661 τιμῆς
3482 2585 3668 2652 ἀξιοῦν
3716 2585 3811 2638 καὶ
3856 2582 4026 2635 σεϐα-

2450 2677 2741 2768 σμιότητος
2782 2694 2873 2747 τὸν
2926 2688 3158 2759 σταυρὸν
3184 2684 3279 2739 τοῦ
3309 2682 3545 2754 Χριστοῦ
3575 2681 3641 2742 ³⁸,
3676 2679 3811 2732 ἀλλα
3842 2677 4028 2744 πράγ-

2454 2808 2600 2862 ματα
2652 2788 2861 2857 ὲτέροις
2894 2784 3123 2852 ὀνόμασι
3158 2776 3483 2845 κακούργως
3519 2770 3822 2840 ὑποδηλῶν.
3867 2768 4030 2821 Οῦτω

2452 2885 2545 2938 καὶ
2578 2881 2739 2951 σῶμα
2771 2879 2867 2932 καὶ
2899 2869 3039 2943 αἷμα
3066 2867 3303 2941 Χριστοῦ
3338 2868 3437 2937 οὺχ
3469 2866 3497 2919 ὃ
3531 2867 3691 2935 ῐσμεν
3725 2865 3773 2915 οἱ
3806 2862 3849 2893 ³⁷
3890 2862 4030 2929 Χρι-

2454 2975 2680 3034 στιανοὶ,
2707 2972 2818 3025 ἀλλ’
2844 2969 2872 3022 ὃ
2894 2970 2926 3037 ἡ
2967 2963 3243 3031 λυσσώδης
3269 2958 3434 3015 αὑτοῦ
3456 2958 3551 3011 καὶ
3583 2956 3787 3026 μανικὴ
3818 2954 4031 3007 διάνοια

2452 3064 2814 3125 ἀνεπλάσατο,
2846 3058 3152 3130 μυθολογεί,
3185 3054 3283 3115 τάς
3312 3052 3410 3122 μὲν
3438 3049 3547 3103 τῶν
3579 3045 3816 3101 εὐσεϐῶν
3848 3046 4033 3110 λέξεις

786 3156 949 3210 miam
1004 3156 1299 3224 appellans,
1358 3156 1542 3209 dicere
1603 3154 1957 3209 nihilominus
2011 3156 2419 3226 impudenter“

2381 3207 2419 3226 η
2456 3154 2855 3226 συνομολογῶν,
2891 3150 3034 3204 κατὰ
3063 3148 3120 3201 δὲ
3168 3145 3349 3201 αὐτῶν
3386 3142 3495 3195 τῶν
3520 3140 3865 3212 πραγμάτων
3899 3138 4032 3190 ὑλα-

786 3247 970 3309 andet,
1020 3247 1228 3301 honore
1279 3242 1495 3315 dignam
1553 3260 1611 3301 se
1660 3261 1723 3300 ac
1754 3246 2102 3301 veneratione
2149 3246 2349 3300 Christi
2379 3229 2421 3266 ν

2379 3229 2421 3266 ν
2455 3249 2620 3303 κτῶν.
2645 3242 3014 3300 Ἦλιονδὲκαὶ
3031 3240 3261 3309 σελήνην
3286 3235 3655 3304 ἀναισχύντως
3676 3231 3919 3296 Θεολογεῖ
3938 3229 4034 3283 και

789 3336 884 3393 Dei
913 3352 1128 3392 crucem
1166 3340 1386 3400 ducere,
1434 3337 1558 3391 aliis
1612 3337 1867 3391 nimirum
1908 3337 2356 3406 appellationibus
2452 3363 2457 3389 ι

2452 3339 2715 3410 όμοούσια
2741 3335 3000 3407 κηρύττει
3026 3332 3165 3401 Θεῷ,
3196 3330 3296 3383 οὐκ
3321 3326 3581 3397 αἰσθητὸν
3612 3324 3793 3380 αὐτῶν
3810 3322 3873 3376 τὸ
3894 3322 4032 3390 φῶς,

790 3443 880 3484 res
914 3443 1181 3498 perverse
1217 3429 1527 3482 enuntiaus.
1579 3425 1672 3481 Sic
1715 3435 1770 3481 et
1804 3442 2003 3494 corpus
2039 3436 2093 3481 et
2131 3429 2353 3496 sangui-

791 3534 915 3574 nem
940 3519 1145 3573 Christi
1185 3517 1481 3582 fabulatur,
1535 3533 1641 3572 non
1688 3516 1839 3583 illud,
1880 3517 2027 3585 quod
2061 3516 2357 3571 Christiani

792 3610 1156 3680 agnoscimus,
1208 3610 1300 3663 sed
1353 3609 1495 3677 quod
1559 3609 1749 3662 rabida
1818 3609 1987 3677 ipsius
2033 3623 2099 3662 ac
2153 3608 2359 3664 furiosa

793 3716 944 3755 meus
973 3700 1273 3755 conﬁnxit:
1303 3714 1468 3754 voces
1506 3700 1725 3768 quidem
1756 3698 1964 3767 piorum
2001 3699 2358 3763 admittendo,

794 3809 881 3849 res
907 3808 1035 3849 vero
1068 3796 1212 3862 ipsas
1247 3793 1564 3847 allatrando.
1589 3792 1666 3846 De
1702 3792 1817 3847 sole
1858 3801 2120 3859 praeterea
2155 3801 2209 3846 et
2234 3792 2359 3846 luna

792 3889 910 3943 sine
945 3888 1151 3955 pudore
1201 3886 1362 3941 veluti
1414 3885 1481 3940 de
1541 3886 1646 3939 diis
1706 3886 1946 3948 disserit,
2010 3885 2362 3956 ejusdemque

792 3996 915 4034 cum
962 3979 1075 4034 Deo
1109 3994 1232 4034 esse
1279 3986 1493 4033 natura:
1539 3978 1840 4048 praedicat:
1872 3991 2044 4046 neque
2073 3993 2236 4033 sensu
2273 3979 2364 4032 ho-

794 4088 909 4125 rum
941 4070 1113 4126 lucem
1150 4070 1377 4140 percipi,
1419 4070 1513 4124 sed
1555 4070 1668 4124 sola
1712 4080 1892 4123 mente
1920 4084 2077 4137 posse
2112 4070 2361 4140 intelligi,

796 4163 1057 4217 mentitur
1085 4165 1247 4216 homo
1276 4177 1435 4216 sensu
1468 4176 1662 4215 carens
1686 4163 1977 4216 communi.
2006 4161 2148 4216 Hinc
2174 4172 2231 4217 et
2283 4163 2363 4216 in-

793 4269 1051 4323 corporea
1110 4254 1404 4321 formaeque
1460 4269 1523 4308 ac
1582 4254 1781 4311 coloris
1845 4256 2085 4323 expertia
2148 4256 2365 4325 hymnis

793 4348 1096 4408 celebrans,
1148 4345 1350 4399 cultum
1430 4344 1537 4399 illis
1594 4344 2039 4414 majestatemque
2097 4347 2361 4400 attribuit.

792 4439 1192 4493 Ahstinentiam
1231 4453 1359 4492 vero
1404 4454 1433 4491 a
1481 4438 1739 4493 carnibus
1777 4449 1939 4506 atque
1980 4455 2009 4491 a
2061 4454 2120 4492 re
2149 4440 2362 4505 uxoria,

2456 3430 2584 3501 [210
2608 3427 2703 3499 Η.]
2743 3426 2879 3480 ἀλλὰ
2916 3424 3103 3485 νοητὸν
3130 3422 3159 3474 ό
3184 3417 3511 3489 ἀναίσθητος
3563 3415 3991 3486 τερατευόμενος
4015 3426 4034 3443 ’

2456 3523 2537 3575 διὸ
2566 3522 2660 3575 καὶ
2682 3518 2953 3587 ἀσώματα
2978 3514 3073 3567 καὶ
3104 3511 3495 3581 ἀσχημάτιστα
3522 3508 3617 3561 καὶ
3636 3506 4037 3575 ἀχρωμάτιστα

2457 3612 2597 3665 αύτά
2629 3608 2895 3678 ὲξυμνῶν,
2923 3605 2985 3657 τὸ
3004 3602 3171 3664 σέϐας
3186 3602 3367 3662 αὐτοῖς
3396 3599 3648 3653 ἀνάπτει.
3680 3596 3956 3667 Νηστεὶαν
3979 3595 4039 3648 δὲ

2458 3701 2637 3774 κρεῶν
2670 3700 2766 3753 καὶ
2796 3698 2991 3768 γάμων
3027 3692 3240 3763 ἀποχὴν
3272 3691 3348 3755 ὡς
3384 3690 3654 3761 βδελυρῶν
3688 3691 3719 3743 ό
3763 3686 4039 3758 βδελυρώ-

2458 3812 2619 3855 τατος
2658 3792 3033 3861 ὑποκρίνεται,
3062 3788 3158 3840 καὶ
3186 3786 3277 3839 τὸν
3300 3781 3442 3839 οῐνον
3467 3784 3525 3836 δὲ
3557 3778 3645 3835 οἷα
3668 3781 3731 3852 δὴ
3771 3781 4041 3849 μεθυστι-

2460 3886 2553 3939 κὸν
2593 3883 3023 3952 ἀποστρέφεται,
3054 3880 3115 3931 οὐ
3147 3876 3389 3948 συνορῶν
3428 3876 3504 3939 ὡς
3533 3874 3631 3943 οὐχ
3660 3876 3688 3927 ό
3734 3867 3876 3934 οἶνός
3920 3873 4043 3925 ἐστι

2465 3976 2812 4049 μεθυστικός,
2856 3973 2969 4026 ἀλλ’
3019 3974 3053 4039 ή
3103 3970 3341 4040 ἄμετρος
3384 3967 3479 4020 καὶ
3532 3966 3684 4035 παρά
3725 3965 3786 4017 τὸ
3829 3966 4044 4035 πρέπον

2463 4072 2683 4140 χρῆσις,
2712 4067 2902 4134 ὥσπερ
2923 4064 3019 4117 καὶ
3041 4063 3245 4134 τροφῆς
3262 4061 3481 4130 ἀπάσης
3508 4060 3603 4112 καὶ
3625 4058 3816 4121 ὓδατος
3834 4060 3867 4129 ἡ
3888 4060 4047 4128 παρά

2462 4162 2524 4213 τὸ
2554 4159 2752 4230 μέτρον
2778 4156 2977 4226 χρῆσις
3014 4152 3298 4224 βλαϐερόν.
3353 4150 3482 4223 [405
3514 4149 3607 4222 IL]
3646 4149 3903 4215 Θεολογεῖ
3930 4149 3987 4201 δὲ
4017 4151 4049 4201 ό

2462 4253 2723 4321 δύστηνος
2753 4251 2848 4301 καὶ
2889 4247 2981 4299 τὸν
3014 4246 3174 4317 ἀέρα,
3208 4242 3364 4295 κίονα
3411 4240 3575 4294 αὑτὸν
3614 4239 3708 4292 καὶ
3756 4238 4049 4309 ἄνθρωπον

2466 4342 2733 4413 ὲξυμνῶν.
2772 4341 2846 4392 Τὸ
2876 4337 2989 4407 πῦρ
3018 4337 3073 4388 δὲ
3119 4335 3455 4405 μυσάττεται
3498 4332 3593 4384 καὶ
3629 4331 3728 4398 τὴν
3778 4332 3906 4398 γῆν.
3965 4332 4049 4392 είς

2465 4441 2563 4508 τὴν
2616 4435 2835 4506 χείρονα
2867 4434 3061 4501 μοῖραν
3116 4427 3430 4480 συντάττων
3480 4424 3638 4479 αὑτά.
3686 4423 3797 4476 Καὶ
3850 4421 4050 4485 ἀλλους

794 4541 1051 4599 tanquam
1096 4547 1125 4582 a
1176 4531 1336 4584 rebus
1375 4530 1729 4593 detestandis,
1782 4531 2019 4585 maxime
2066 4532 2179 4599 ipse
2217 4533 2365 4586 dete-
2397 4558 2441 4612 ι)

2397 4558 2441 4612 D
2468 4530 2666 4599 λήρους
2694 4526 2786 4578 καὶ
2828 4520 3140 4590 φληνάφους
3186 4516 3412 4577 πολλοὺς
3465 4516 3529 4566 ὲκ
3562 4513 3665 4581 τῆς
3728 4510 4050 4579 Ἑλληνικῆς

794 4624 1038 4688 standus,
1094 4621 1336 4675 simulat.
1396 4621 1592 4676 Vinum
1634 4636 1847 4690 quoque
1905 4623 2050 4676 velut
2085 4622 2366 4677 ebrietatis

794 4733 1012 4772 causam
1046 4728 1362 4777 aversatur,
1406 4730 1512 4768 non
1554 4714 1904 4768 considerans
1946 4714 2068 4767 vino
2101 4715 2151 4767 id
2179 4716 2364 4767 vitium

794 4810 1037 4871 minime,
1067 4809 1160 4865 sed
1188 4808 1543 4861 immoderato
1572 4804 1954 4873 indecentique
1977 4806 2096 4859 usui
2129 4807 2369 4859 tribuen-

794 4902 945 4961 dum,
997 4909 1054 4952 ut
1084 4909 1138 4952 et
1192 4898 1438 4951 ciborum
1473 4896 1734 4959 omnium,
1768 4897 1877 4948 imo
1925 4907 1979 4950 et
2020 4897 2185 4965 ipsius
2216 4911 2369 4965 aquae

796 4988 1115 5042 immodicus
1160 5001 1290 5040 usus
1337 4989 1513 5038 uocet.
1570 4981 1645 5036 De
1707 4997 1831 5037 aere
1874 4985 2000 5037 item
2050 4983 2228 5035 infelix
2283 4984 2369 5035 ille

800 5095 1055 5151 tanquam
1106 5081 1173 5132 de
1220 5081 1320 5131 deo
1362 5076 1617 5145 quopiam
1657 5075 1917 5143 disputat,
1970 5085 2027 5128 ut
2063 5076 2367 5129 columnam

796 5188 919 5226 eum
969 5183 1023 5226 et
1072 5171 1341 5227 hominem
1380 5170 1593 5240 hymnis
1638 5168 1937 5222 celebrans.
1983 5166 2160 5235 Ignem
2192 5178 2367 5220 tamen

798 5273 1119 5333 aspernatur
1168 5273 1498 5328 terramque,
1554 5268 1609 5314 et
1641 5257 1809 5326 pejori
1859 5258 1972 5310 haec
2019 5267 2170 5325 parte
2200 5257 2368 5310 collo-

799 5367 904 5409 cat.
940 5355 1028 5409 Sic
1056 5356 1177 5409 aliis
1214 5367 1427 5422 quoque
1459 5352 1830 5405 deliramentis
1864 5350 2126 5418 nugisque
2162 5351 2369 5409 multis,

800 5461 921 5498 cum
956 5461 987 5499 e
1032 5444 1344 5499 Graecorum
1391 5441 1781 5510 superstitione
1830 5439 2207 5504 emendicatis,
2263 5450 2371 5491 tum

2474 4618 2864 4689 ὲρανισάμενος
2889 4608 3306 4678 δεισιδαιμονίας
3345 4605 3438 4660 καὶ
3476 4606 3539 4657 ὲκ
3584 4606 3682 4672 τῆς
3726 4603 3859 4665 ἰδίας
3910 4604 4049 4655 ἀνα-

2476 4709 2819 4778 πλασάμενος
2843 4702 3149 4773 τερατείας,
3176 4698 3409 4769 φορυτόν
3442 4696 3625 4750 κακῶν
3650 4696 3743 4748 καὶ
3787 4693 4052 4757 ἀσεϐείας

2476 4804 2702 4870 ἔσχατον
2731 4798 2790 4850 τὸ
2833 4796 3033 4847 οἰκεῖον
3069 4790 3367 4861 παρίστησι
3399 4790 3593 4857 δόγμα.
3658 4786 4051 4855 Ἀποσπαράσ-

2476 4910 2583 4946 σων
2631 4890 2688 4943 δὲ
2717 4887 2857 4958 ῥητά
2887 4901 3008 4937 τινα
3034 4882 3129 4935 τοῦ
3157 4880 3301 4933 Θείου
3338 4881 3384 4911 ³⁸
3427 4877 3762 4946 Εὑαγγελίου
3795 4876 3887 4929 καὶ
3937 4877 4053 4928 τῶν

2475 4981 2775 5037 ἐπιστολῶν
2824 4978 2917 5030 τοῦ
2959 4978 3248 5029 Θεσπεσίου
3304 4973 3538 5036 Παύλου,
3588 4974 3845 5043 πειρᾶται
3890 4989 4055 5041 στρι-

2478 5074 2639 5128 ϐλοῦν
2685 5070 2823 5124 αύτά
2852 5071 2944 5122 καὶ
2971 5068 3102 5137 πρὸς
3128 5067 3227 5135 τὴν
3255 5066 3459 5118 οἰκείαν
3510 5066 3553 5097 ³³
3586 5065 3907 5119 δυσσέϐειαν
3967 5065 4055 5118 ἑλ-

2480 5185 2598 5221 κειν
2627 5182 2639 5193 ·
2686 5164 2781 5218 καὶ
2820 5164 2941 5223 ταῖς
2981 5159 3301 5229 λεγομέναις
3330 5160 3387 5211 δὲ
3417 5158 3651 5225 Πράξεσι
3684 5158 3792 5211 τῶν
3838 5156 4054 5210 δώδεκα

2477 5256 2811 5313 ἀποστόλων,
2868 5254 2963 5305 καὶ
3002 5253 3233 5320 μάλιστα
3268 5251 3521 5320 Ἀνδρέου
3567 5249 3845 5313 πεποιθὼς
3867 5253 3914 5281 ⁸⁸
3939 5252 4053 5305 δεξ-

2484 5362 2693 5406 κνυται,
2730 5344 2983 5395 κάκεῖθεν
3010 5342 3146 5409 ἔχων
3176 5342 3235 5392 τὸ
3263 5342 3520 5410 φρόνημα
3540 5342 3797 5409 ἠρμένον.
3830 5342 4056 5407 Κρατύ-

2483 5454 2563 5488 νει
2613 5436 2670 5489 δὲ
2725 5434 2819 5486 καὶ
2861 5434 2957 5494 τὰς
2991 5430 3461 5499 μετεμψυχώσεις,
3486 5430 3612 5492 τοὺς
3644 5430 3743 5498 μὲν
3767 5431 3846 5491 εἰς
3882 5430 4055 5497 ἄκρον

2114 5552 2351 5608 VARIAE
2377 5548 2782 5606 LECTIONES.

874 5655 939 5687 ³⁸·
968 5654 1024 5706 δὲ
1055 5669 1165 5708 om.
1192 5652 1258 5706 A.
1334 5653 1379 5684 ³⁸
1410 5658 1529 5720 post
1559 5649 1871 5720 ﬂpabvpum
1900 5647 1958 5720 Α-
1978 5646 2159 5720 omisi,
2181 5660 2309 5720 qua:
2336 5644 3135 5720 νυιξο-ιιιίόιιιιιιιτησυνεργεῖν
3167 5636 3318 5720 αὑτῶ
3344 5634 3726 5720 τδνιδιάϐολον.
3749 5705 3766 5720 ⁵
3803 5633 3851 5667 ³⁸
3883 5633 4055 5720 αὐτοῦ

805 5743 867 5791 ς.
943 5725 986 5757 ³⁸
1018 5727 1111 5777 του
1128 5723 1263 5775 Θεοῦ
1293 5721 1529 5791 Χριστοῦ
1563 5736 1625 5781 ς.

1703 5718 1745 5749 ‘7
1777 5720 1825 5769 οἱ
1852 5728 1905 5770 et
1932 5716 2023 5776 51,
2050 5716 2107 5767 δὲ
2128 5704 2251 5769 adt].
2280 5719 2345 5767 Α.
2420 5704 2464 5745 ἦ
2496 5715 2786 5765 Θεσπεσίου
2810 5704 2857 5764 γΑ
2888 5732 2899 5767 ;
2936 5704 3081 5765 θέίὸυ
3109 5728 3169 5774 ς.
3246 5704 3543 5777 ποίκείαν]
3576 5706 3711 5759 ίδίαν
3737 5705 3804 5759 Λ.
3879 5704 3931 5735 ⁴⁶
3961 5721 4058 5756 πε-

807 5784 1011 5858 ποιθὼς
1038 5823 1104 5833 -
1139 5795 1277 5863 ἔχων
1309 5784 1356 5845 Ᾰ
1386 5809 1397 5819 ’
1428 5792 1487 5843 ού
1524 5792 1681 5859 μόνον
1707 5788 1768 5840 ού
1799 5785 2129 5850 συντίθεται,
2162 5785 2297 5838 ἀλλά
2321 5784 2573 5838 κάκεῖθεν
2602 5784 2717 5853 ἔχει
2752 5800 2813 5847 ς.
