4224 6446
186 367 288 433 525
1242 359 1745 421 BIBLIOTHECA
1798 383 1854 394 —

1798 382 1868 394 -
1904 357 2068 417 COD.
2097 358 2369 418 CLXXX.
3320 354 3422 419 526

191 470 398 540 ἀρετῆς
452 465 785 537 ἐληλακότας
842 466 923 527 εἷς
954 464 1088 518 Θεὸν
1111 465 1379 529 ἀναλύων,
1438 469 1565 529 τοὺς
1599 467 1643 517 δ’
1690 467 1767 527 είς
1800 475 1840 525 Α

1756 482 1767 527 ;
1800 475 1840 525 Α
1872 466 2178 534 prodigiose
2207 481 2237 519 e
2269 482 2365 519 suo
2395 464 2636 519 conﬁctis
2674 465 2915 526 cerebro,
2967 466 3228 519 malorum
3258 467 3424 521 collu-

185 561 413 629 ἔσχατον
462 562 507 589 ⁸¹
564 557 757 618 κακίας
784 557 917 624 πυρὶ
958 555 1132 617 διδοὺς
1164 558 1256 607 καὶ
1288 556 1484 624 σκότῳ,
1516 556 1643 617 τοὺς
1694 556 1751 606 δὲ

1860 560 2020 620 viem,
2074 570 2236 626 atque
2275 560 2566 627 impietatis
2615 560 2843 627 apicem,
2882 574 3033 613 suam
3100 560 3304 612 stabilit
3341 576 3428 614 se-

190 653 369 716 μέσως
390 667 511 711 πως
530 647 1021 715 πολιτευσαμένους
1050 646 1214 699 πάλιν
1246 648 1323 707 είς
1358 647 1585 715 σώματα
1626 664 1756 698 κατ-

1868 661 2030 704 ctam.
2090 651 2302 705 Divellit
2347 660 2399 703 et
2462 652 2600 704 dicta
2641 652 2880 718 quaedam
2932 650 3125 721 125a
3179 667 3205 703 a
3271 666 3428 705 sacro

188 742 357 805 ἀγων.
388 742 670 807 Κέχρηται
701 737 754 788 δὲ
782 737 1048 807 μάρτυσιν
1082 736 1615 805 ἀπηρυθριασμὲνως
1667 738 1762 788 καὶ

1757 773 1762 787 ,
1870 739 2182 806 Evangelio,
2228 739 2575 806 epistolisque
2616 739 2675 794 Β.
2731 738 2900 804 Pauli,
2938 757 3055 807 quae
3089 750 3144 794 et
3188 742 3300 809 ipsa
3330 744 3425 793 de-

188 833 295 889 τοίς
322 832 426 897 τὴν
448 828 688 896 Ἕλληνα
725 828 1021 898 θρησκείαν
1041 827 1378 895 ἠγαπηκόσι,
1424 827 1657 894 μάλιστα
1699 824 1759 876 δὲ

1871 841 2125 898 torquere
2168 830 2406 893 molitur,
2457 841 2617 897 atque
2646 831 2712 884 ad
2757 847 2909 884 suum
2953 832 3169 884 trahere
3205 833 3427 899 impium

190 921 459 979 Πλάτωνι,
490 920 623 988 πρὸς
656 918 913 970 σύστασιν
932 919 1029 986 τῆς
1069 917 1201 978 ίδίας
1229 917 1544 985 θεομαχίας,
1582 916 1759 977 θείους

1868 922 2081 987 dogma.
2133 920 2281 973 Actis
2331 920 2453 971 item
2502 920 2625 980 illis,
2694 935 2813 988 quae
2858 921 3140 973 duodecim
3209 931 3429 987 aposto-

188 1012 389 1071 αὐτους
420 1011 513 1061 καὶ
539 1010 738 1079 ἱεροὺς,
771 1008 960 1077 ῶσπερ
990 1010 1082 1060 καὶ
1120 1008 1210 1059 τὸν
1246 1010 1374 1078 παρ’
1433 1008 1582 1077 αὑτῷ
1628 1010 1760 1077 Χρι-

1759 1038 1760 1043 η
1868 1010 2040 1064 lorum
2075 1009 2186 1079 (22)
2207 1019 2485 1072 vocantur,
2513 1010 2813 1063 etAndrea:
2838 1011 3087 1073 maxime,
3120 1025 3224 1063 non
3258 1010 3427 1062 solum

189 1102 310 1154 στὸν
334 1103 434 1153 καὶ
467 1102 715 1168 Σωτῆρα,
753 1100 1062 1152 ἀποκαλῶν.
1109 1101 1216 1151 Καὶ
1265 1099 1398 1153 ἄλλα
1450 1099 1507 1151 δὲ
1562 1097 1762 1167 πολλῆς

1871 1102 2185 1161 assentitur,
2215 1102 2307 1153 sed
2324 1100 2486 1152 etiam
2532 1100 2657 1154 inde
2689 1101 2937 1169 superbia
2967 1103 3262 1156 extollitur.
3300 1102 3433 1154 Pro-

188 1195 376 1255 ἀνοίας
408 1195 503 1245 καὶ
566 1193 717 1244 δόλου
783 1194 876 1244 καὶ
957 1192 1244 1261 ἀθεότητος
1298 1190 1529 1261 ἔμπλεα.
1584 1190 1765 1259 Μάχε-

1876 1194 1965 1245 bat
1992 1192 2213 1258 insuper
2255 1193 2559 1245 animarum
2596 1192 2990 1258 migrationes:
3026 1195 3163 1247 alios
3196 1196 3433 1262 quidem,

191 1287 317 1338 σθαι
365 1286 425 1337 δὲ
454 1286 600 1337 δοκεῖ
630 1286 765 1353 πρὸς
788 1286 886 1351 τὴν
920 1283 1183 1353 Εὑνομίου
1232 1284 1571 1345 κακοδοξίαν,
1611 1284 1769 1345 αὐτὸς

1766 1300 1769 1337 ῑ
1877 1285 1965 1352 qui
2014 1286 2078 1336 ad
2122 1299 2391 1336 summum
2440 1286 2655 1338 virtutis
2700 1286 2911 1338 culmen
2966 1297 3348 1353 pervenerunt,
3385 1288 3434 1339 in

188 1378 294 1429 οὖδ⁴
313 1378 465 1430 ἐστιν
497 1380 668 1429 είτῆῖν
690 1378 811 1428 ὅσον
838 1377 1045 1428 ἐκείνου
1077 1377 1377 1445 ἀθεώτερον
1413 1374 1767 1444 βλασφημῶν.

1879 1373 2045 1428 Deum
2083 1374 2397 1428 resolvendo
2425 1393 2437 1427 :
2470 1374 2603 1427 alios
2639 1391 2786 1439 vero,
2816 1377 2904 1443 qui
2937 1391 3205 1428 summum
3240 1377 3438 1444 impro-

191 1470 376 1520 bitatis
405 1470 724 1535 attigerunt,
772 1467 880 1534 igni
918 1468 1179 1521 tradendo
1220 1482 1284 1519 ac
1318 1468 1555 1519 tenebris
1583 1483 1599 1531 ;
1627 1466 1762 1517 alios
1808 1465 2060 1532 denique,
2102 1466 2192 1533 qui
2225 1466 2400 1517 medio
2449 1466 2683 1533 quodam
2725 1468 2883 1521 modo
2951 1468 3116 1519 vitam
3187 1469 3437 1521 institue-

191 1574 345 1625 runt,
396 1565 449 1617 in
478 1578 708 1631 corpora
754 1563 949 1616 iterum
988 1564 1308 1616 revocando.
1343 1561 1594 1617 Testibus
1646 1569 1904 1631 praeterea
1957 1560 2076 1613 sine
2114 1560 2455 1624 verecundia,
2509 1561 2670 1613 etiam
2731 1562 2794 1613 iis
2843 1565 2907 1613 ad
2944 1577 3096 1613 suam
3158 1561 3440 1614 stabilien-

190 1657 317 1709 dam
367 1654 699 1721 impietatem
754 1655 945 1718 utitur,
1022 1654 1110 1720 qui
1157 1653 1395 1716 gentium
1451 1653 1763 1720 religionem
1797 1650 2012 1703 fuerunt
2046 1650 2319 1716 amplexi,
2361 1651 2701 1712 maximeque
2742 1649 2994 1715 Platone,
3053 1653 3267 1705 divinos
3325 1651 3444 1705 illos

192 1762 254 1801 ac
275 1761 468 1800 sacros
499 1744 716 1814 (quibus
745 1760 895 1811 teque
926 1744 1234 1796 nominibus
1262 1742 1536 1796 Christum
1568 1740 1915 1795 Servatorem
1974 1737 2156 1808 aﬂicit)
2209 1740 2506 1809 appellans.
2573 1742 2690 1793 Alia
2761 1758 2972 1810 quoque
3046 1744 3203 1797 aliert
3259 1745 3445 1808 ingen-

194 1841 262 1894 tis
309 1842 587 1900 amentite,
621 1837 851 1899 fraudis,
891 1844 1052 1903 atque
1104 1836 1397 1905 impietatis
1432 1833 1767 1903 plenissima.
1805 1833 1861 1887 in
1890 1833 2135 1887 Eunomii
2172 1833 2297 1885 item
2348 1847 2588 1887 errorem
2630 1833 2809 1887 invehi
2871 1835 3100 1899 videtur,
3156 1851 3276 1888 cum
3336 1838 3447 1905 ipse

203 1941 471 2001 quantum
506 1931 595 1982 vix
645 1930 787 1982 credi
844 1936 1039 1993 potest,
1088 1927 1249 1994 impie
1272 1926 1439 1993 magis
1480 1940 1640 1993 quam
1685 1924 1773 1979 ille
1804 1924 2157 1992 blasphemet.

265 2024 428 2074 Ἐστι
470 2020 526 2072 δὲ
572 2020 670 2087 τὴν
711 2018 852 2081 λέξιν
891 2018 985 2070 καὶ
1015 2018 1211 2086 φράσιν
1256 2017 1467 2085 ὲνιαχοῦ
1528 2019 1625 2086 μὲν
1668 2018 1768 2069 οὐκ
1800 2024 1842 2078 Β

1800 2024 1842 2078 Β
1944 2017 2114 2071 Dictio
2136 2016 2251 2083 ejus
2283 2027 2337 2071 et
2372 2017 2583 2085 phrasis
2614 2016 2879 2069 interdum
2915 2018 3130 2085 quidem
3168 2036 3271 2073 non
3314 2034 3444 2073 con-

193 2116 475 2182 ἀδόκιμος,
512 2111 609 2163 καὶ
645 2110 880 2180 μάλιστα
923 2094 1203 2179 ἕκφρασίν
1229 2126 1372 2171 τινος
1402 2108 1581 2161 εἵπου
1621 2111 1776 2179 μελε-

194 2207 331 2276 τῴη,
368 2209 427 2257 ὲν
457 2204 513 2256 δέ
548 2220 689 2255 τισιν
723 2202 952 2270 εὐτελὴς
983 2202 1074 2253 καὶ
1115 2200 1267 2253 οὐδὲν
1305 2198 1626 2270 διενηνοχὼς
1668 2201 1776 2252 τῶν

195 2300 259 2349 ὲκ
304 2296 544 2367 τριόδου.
592 2296 819 2361 Μετεῖχε
868 2292 924 2344 δὲ
972 2293 1066 2343 καὶ
1089 2292 1131 2321 ⁸⁸
1184 2292 1486 2358 φιλοσόφων
1540 2290 1701 2343 τινῶν
1750 2293 1779 2343 ό

198 2390 383 2451 ἄθλιος
438 2387 796 2455 μαθημάτων,
835 2382 944 2437 οὐδ’
986 2384 1215 2445 ἐκείνοις
1254 2383 1313 2435 τὸ
1358 2383 1640 2436 ἀνόθευτον
1684 2382 1779 2434 καὶ⁵

199 2483 431 2549 γνήσιον
475 2476 776 2540 διασώζων,
823 2475 958 2529 ἀλλά
1002 2476 1178 2527 πάντα
1214 2474 1397 2528 κυκῶν
1432 2476 1527 2527 καὶ
1566 2474 1778 2542 συμφύ-

202 2589 336 2640 ρων.
376 2572 486 2622 Καὶ
516 2558 895 2638 κακουργῆσαι
936 2568 1035 2635 μὲν
1070 2567 1301 2636 τάληθὲς
1334 2567 1428 2619 καὶ
1453 2566 1608 2629 εὺθὲς
1642 2568 1686 2597 ⁸³
1717 2568 1777 2619 οὐ

202 2664 397 2732 πόρρω
426 2660 519 2712 τοῦ
550 2660 875 2729 δραστηρίου
906 2659 997 2710 καὶ
1025 2658 1327 2721 δεινότατος
1357 2659 1426 2718 ⁵⁸,
1461 2660 1700 2727 ἐξευρεῖν
1724 2659 1780 2710 δὲ

204 2756 299 2804 καὶ
331 2750 669 2818 κατανοῆσαι
704 2749 981 2811 παντελῶς
1013 2748 1214 2817 εὐήθης
1248 2750 1341 2801 xui.
1372 2749 1597 2817 ἠλίθιος.
1635 2750 1782 2818 Χρη-

205 2843 425 2911 σιμεύει
459 2844 519 2895 δὲ
566 2843 626 2895 τὸ
663 2842 970 2895 ἀθεώτατον
1015 2841 1182 2895 αὐτοῦ
1237 2842 1333 2895 καὶ⁵
1381 2843 1782 2911 ἀχρηστότατον

206 2939 498 3005 σύνταγμα
540 2937 621 2997 εἰς
672 2935 889 3003 ἔλεγχον
938 2934 1098 2999 μόνον
1144 2934 1238 2986 καὶ
1286 2934 1545 3003 αἰσχύνην
1575 2935 1684 2985 τῶν
1716 2936 1781 3004 τῇ

201 3028 617 3097 δυσσεϐεστάτη
668 3028 762 3078 καὶ
798 3026 946 3096 ἀθέῳ
990 3025 1118 3095 δόξῃ
1173 3024 1283 3078 τῶν
1326 3026 1643 3095 Μανιχαίων
1691 3026 1785 3079 καὶ

206 3120 364 3190 αὐτῷ
396 3120 588 3185 ἐκείνῳ
624 3118 1157 3187 προσανακειμένων.

905 3296 1032 3348 PIl'.

1878 2110 2160 2163 temnenda
2188 2151 2202 2173 ,
2232 2110 2532 2177 praesertim
2586 2109 2629 2161 si
2665 2109 2792 2176 quid
2846 2119 2937 2161 aut
2984 2110 3313 2173 describere,
3358 2122 3451 2165 ant

1877 2198 2145 2267 explicare
2180 2199 2413 2269 satagit;
2450 2199 2501 2249 in
2533 2200 2857 2266 quihusdam
2890 2212 3074 2251 rursus
3116 2198 3257 2264 vilis,
3282 2201 3446 2254 uinil-

1877 2303 1980 2354 qne
2015 2303 2042 2339 a
2078 2288 2381 2341 trivialibus
2422 2288 2696 2342 diﬂ‘erens.
2729 2288 2955 2356 Attingit
2989 2298 3041 2342 et
3074 2289 3447 2359 philosophica

1879 2380 2121 2446 quaedam
2162 2381 2408 2446 dogmata
2439 2381 2602 2433 miser
2637 2380 2747 2442 ille,
2786 2382 2837 2433 in
2883 2383 3080 2448 quibus
3120 2394 3298 2436 tamen
3333 2398 3451 2453 ger-

1882 2486 2097 2523 manum
2136 2472 2267 2523 nihil
2294 2482 2385 2522 aut
2412 2474 2701 2539 genuinum
2738 2474 2948 2537 retinet,
2982 2475 3073 2527 sed
3098 2477 3275 2528 omnia
3318 2479 3449 2529 niis-

1882 2574 1968 2617 cet
2041 2573 2200 2631 atque
2273 2564 2575 2617 confundit.
2634 2564 2713 2617 Ad
2770 2566 3175 2632 depravandum
3249 2570 3450 2622 etenim

1880 2670 2065 2706 verum
2115 2664 2424 2723 rectumque
2475 2669 2578 2707 non
2621 2669 2807 2721 parum
2854 2657 2904 2708 in
2944 2659 3151 2724 agendo
3179 2668 3451 2725 strenuus,

1882 2742 1965 2795 vel
2006 2743 2057 2794 in
2094 2742 2319 2795 dicendo
2369 2743 2559 2807 solers,
2592 2745 2658 2797 ad
2699 2746 3076 2800 inveniendum
3102 2758 3263 2814 atque
3288 2766 3453 2802 exco-

1882 2831 2158 2898 gitandum
2180 2832 2403 2901 simplex
2432 2834 2653 2887 omnino
2674 2850 2736 2887 ac
2760 2835 2982 2889 stolidus
3005 2839 3453 2905 deprehenditur.

1884 2922 2109 2976 Prodest
2152 2932 2329 2975 autem
2370 2924 2590 2991 impium
2648 2925 2788 2978 illius
2845 2936 3006 2993 atque
3053 2927 3451 2994 ineptissimqu

1884 3028 2020 3079 opus
2068 3013 2135 3066 ad
2185 3016 2685 3083 reprehendendum
2737 3017 3033 3079 duntaxat,
3090 3020 3457 3089 pudoremque

1886 3102 2275 3167 incutiendum,
2311 3120 2431 3157 cum
2466 3104 2879 3160 Manicbaorum
2914 3108 3294 3177 impiissimain
3330 3113 3458 3166 doc-

1889 3200 2109 3261 trinam,
2138 3205 2249 3249 tum
2285 3198 2423 3251 hunc
2454 3198 2629 3267 ipsum
2657 3200 3008 3255 sectantibus.

2537 3289 2795 3343 CLXXX.

216 3388 513 3445 Ἰωάννου
561 3388 922 3455 Δαυρεντίου
963 3386 1376 3455 Φιλαδελφέως
1425 3386 1530 3447 τώ
1586 3385 1781 3439 Λυδοῦ
1809 3374 1852 3433 C

1809 3374 1852 3433 C
1885 3374 2110 3430 Joannis
2129 3376 2400 3432 Laurentii
2419 3377 2871 3448 Philadelphensis
2889 3382 3024 3453 Lydi
3048 3395 3309 3441 tractatus
3330 3396 3449 3441 tres.

764 3456 1147 3525 πραγματεῖαι
1170 3464 1242 3525 τ’.

291 3544 737 3614 ’Λνεγνὼσθησαν
782 3545 1027 3596 Ἰωάννου
1059 3542 1385 3612 Λαυρεντίου
1412 3539 1783 3607 Φιλαδελφέως

202 3637 305 3689 τοῦ
355 3635 525 3689 Λυδοῦ
571 3635 947 3703 πραγματεῖαι
994 3635 1165 3701 τρεῖς,
1224 3634 1357 3698 περὶ
1402 3628 1782 3698 διοσημειῶν,

203 3728 347 3793 περὶ
378 3723 604 3793 μηνῶν,
646 3724 775 3791 περὶ
817 3721 1017 3790 ἀρχῶν
1044 3719 1388 3775 πολιτικῶν.
1452 3722 1588 3772 Ἀλλ’
1621 3724 1653 3790 ἡ
1687 3724 1785 3789 μὲν

204 3820 345 3887 περὶ
378 3816 724 3885 διοσημειῶν,
763 3816 862 3867 ὅσα
894 3832 957 3881 γε
991 3815 1113 3866 κατ’
1148 3813 1285 3883 ὲμὴν
1327 3814 1508 3883 κρίσιν
1542 3813 1635 3865 καὶ
1664 3815 1781 3863 πεῖ-

205 3926 337 3975 ραν,
372 3906 525 3959 οὐδὲν
566 3907 597 3975 ἦ
633 3907 716 3957 ἐπ’
748 3904 924 3971 ὀλίγον
952 3903 1220 3972 διενήνοχε
1273 3902 1474 3971 μύθων’
1508 3905 1540 3971 ἠ
1572 3904 1627 3954 δὲ
1659 3904 1786 3969 περὶ

207 3997 428 4065 μηνῶν,
457 3996 505 4047 εί
546 3996 638 4047 καὶ
668 3994 800 4046 πολὺ
829 3994 889 4045 τὸ
922 3993 1191 4062 ἄχρηστον
1222 3993 1355 4061 ἔχει,
1392 3993 1505 4044 ἀλλ’
1534 3990 1625 4045 οὖν
1652 3993 1785 4061 πρὸς

202 4089 308 4156 τὴν
358 4087 457 4154 τῆς
502 4086 856 4153 ἀρχαιότητος
906 4084 1140 4153 μάθησιν
1181 4084 1403 4155 ἐπίχαρί
1430 4100 1490 4135 τε
1535 4085 1627 4135 καὶ
1669 4084 1788 4135 λίαν

202 4176 496 4247 κρεῶδες·
540 4179 573 4244 ὴ
608 4175 663 4226 δὲ
704 4178 830 4241 περὶ
880 4174 1173 4225 πολιτικῶν
1206 4175 1388 4243 ἀρχῶν
1424 4176 1530 4225 τοῖς
1564 4174 1693 4241 περὶ
1720 4173 1788 4223 τὰ

201 4264 443 4319 τοιαῦτα
470 4264 704 4331 μάλιστα
723 4262 1191 4330 φιλοτιμουμένοις
1214 4263 1312 4313 οὐκ
1348 4259 1466 4333 [illi
1500 4259 1591 4331 H.]
1617 4262 1789 4329 ἄκομ-

200 4355 308 4420 ψον
345 4352 644 4419 παρέχεται
672 4350 714 4379 ⁵⁵
744 4349 842 4418 τὴν
876 4348 1137 4418 ἱστορίαν.

275 4443 570 4511 Κέχρηται
605 4439 649 4491 δ’
679 4432 829 4501 οὗτος
861 4442 889 4491 ὁ
921 4438 1272 4509 συγγραφεὺς
1298 4441 1527 4508 τροπαῖς
1558 4440 1789 4492 κατακό-

204 4550 347 4603 ρως,
376 4532 471 4583 καὶ
496 4529 761 4599 πολλαχοῦ
792 4530 890 4599 μὲν
914 4528 1134 4598 ψυχρῶς
1159 4530 1298 4596 ἄγαν
1326 4532 1417 4581 καὶ
1443 4530 1786 4599 παραϐόλως,

198 4627 327 4676 ἔστι
364 4620 410 4672 δ’
442 4620 569 4672 ἔνθα
600 4619 812 4680 οἰκείως
850 4621 943 4671 καὶ
987 4620 1381 4688 ἐπαφροδίτως.
1429 4622 1548 4673 Κάν
1588 4620 1634 4650 ⁸⁸
1677 4623 1789 4679 τοῖς

1955 3525 2080 3595 Legi
2113 3525 2339 3582 Joannis
2365 3527 2639 3584 Laurentii
2665 3530 3126 3600 Pbiladelphensis
3154 3536 3285 3605 Lydi
3315 3545 3456 3590 trac-

1887 3628 2030 3671 tatus
2064 3631 2205 3673 tres:
2235 3620 2309 3674 De
2330 3624 2620 3691 prodigiis;
2653 3626 2715 3677 de
2742 3628 3025 3690 mensibus,
3049 3638 3103 3680 et
3132 3631 3197 3681 de
3225 3629 3457 3696 politicis

1886 3711 2306 3777 magistratibus.
2332 3714 2399 3765 At
2432 3714 2520 3768 ille
2550 3714 2626 3768 De
2650 3719 2925 3787 prodigiis,
2950 3734 3065 3773 mea
3094 3723 3311 3788 quidem
3336 3737 3459 3775 seu-

1889 3802 2049 3852 lentia
2113 3812 2275 3871 atque
2322 3803 2561 3869 judicio,
2617 3821 2804 3874 parum
2854 3819 2946 3862 aut
2997 3812 3130 3864 nihil
3186 3828 3215 3864 a
3261 3811 3458 3865 fabulis

1888 3888 2082 3943 dilicrt.
2124 3892 2272 3946 Alter
2306 3908 2431 3947 vero
2464 3894 2540 3948 De
2578 3898 2860 3962 mensibus,
2894 3902 2996 3954 etsi
3032 3902 3240 3955 inutilia
3294 3906 3458 3957 multa

1888 3983 2151 4047 continet,
2176 3984 2239 4037 ad
2274 3986 2613 4054 antiquitatis
2641 3998 2819 4044 tamen
2851 4001 3057 4061 gratam
3086 3995 3460 4063 atquejucuu-

1888 4071 2012 4124 dum
2042 4074 2407 4140 cognitionem
2442 4079 2794 4134 vehementer
2833 4085 3088 4149 prodesse
3129 4096 3324 4151 potest.
3360 4087 3461 4141 Dc-

1891 4161 2050 4230 nique
2073 4162 2145 4216 De
2169 4168 2564 4234 magistratibus
2582 4171 2811 4237 politicis
2835 4172 2990 4237 liber,
3014 4174 3079 4227 iis
3096 4176 3457 4242 potissimum,

1888 4256 1978 4320 qui
2011 4254 2273 4322 ejusmodi
2297 4259 2559 4325 ambiunt,
2587 4277 2693 4315 non
2720 4263 3073 4331 ineleganteiu
3108 4265 3264 4322 all‘ert
3293 4269 3462 4323 histo-

1891 4359 2051 4396 nam.

1967 4432 2145 4487 Utitur
2179 4446 2358 4491 autem
2404 4438 2491 4493 hic
2537 4440 2769 4509 scriptor
2804 4443 3085 4497 verborum
3129 4446 3461 4501 immutatio-

1898 4529 2053 4582 nibus
2105 4531 2171 4582 ad
2229 4533 2638 4595 satietatem,et
2689 4535 2999 4604 plerumque
3050 4537 3244 4607 frigide
3299 4541 3461 4594 nimis

1893 4629 2050 4686 atque
2078 4619 2371 4684 audacter,
2423 4623 2521 4674 etsi
2572 4624 2836 4675 interdum
2875 4639 3090 4692 quoque
3137 4629 3355 4695 proprie
3396 4646 3458 4683 ac

200 4715 401 4773 ἄλλοις
417 4710 475 4761 δὲ
508 4709 710 4777 πολλὴν
732 4712 875 4761 νοσεῖ
895 4710 992 4778 τὴν
1014 4709 1348 4777 ἀνωμαλίαν,
1379 4710 1688 4780 ὑπερόπτης
1736 4712 1794 4762 ὲν
1827 4706 1868 4759 D

1788 4729 1794 4755 l
1827 4706 1870 4759 D
1902 4723 2142 4763 venuSte.
2181 4711 2370 4780 125b
2406 4711 2460 4765 In
2499 4714 2620 4767 aliis
2667 4716 2793 4768 item
2830 4716 3196 4783 inaequalitate
3225 4720 3456 4780 laborat,

200 4800 287 4866 οἷς
309 4805 380 4853 οὐ
404 4802 506 4864 δεῖ,
532 4802 624 4853 καὶ
654 4798 1009 4869 κατεπτηχὼς
1036 4800 1193 4853 πάλιν
1224 4802 1279 4852 ἐν
1301 4795 1380 4862 οἷς
1412 4802 1485 4870 μὴ
1506 4802 1605 4862 δεῖ,
1630 4801 1792 4867 κόλαξ

199 4913 263 4947 τε
278 4894 399 4946 τῶν
416 4892 714 4961 περιόντων
731 4891 1152 4960 ἀπροφάσιστος,
1169 4891 1296 4961 [408
1310 4890 1398 4959 ii.]
1415 4892 1620 4943 καὶτῶν
1637 4895 1790 4943 ἀποι-

202 4985 489 5055 χομένων,
514 4984 604 5035 καὶ
634 4981 765 5052 παρ’
786 4976 859 5034 ὧν
888 4982 946 5032 οὐ
973 4982 1179 5048 νομίζει
1204 4982 1356 5049 δίκην
1382 4981 1589 5050 ὕϐρεως
1614 4984 1787 5050 πράτ-

200 5076 431 5135 τεσθαι,
468 5076 546 5135 εἰς
568 5074 628 5125 τὸ
654 5072 1054 5141 φορτικώτατον
1084 5074 1208 5135 τοὺς
1236 5074 1459 5140 μώμους
1485 5077 1787 5143 καταχέων.

204 5168 329 5221 Καὶ
359 5164 506 5228 λέξει
544 5164 643 5233 μὲν
668 5164 813 5215 ἑστιν
852 5158 913 5214 οὗ
942 5163 1207 5232 κέχρηται
1232 5162 1415 5229 λογάδι
1445 5180 1503 5215 τε
1533 5164 1626 5215 καὶ
1656 5167 1712 5225 ἐς
1732 5165 1791 5215 τὸ

203 5254 605 5325 ἡττικισμένον
648 5253 949 5323 ἀνηγμένη,
986 5252 1102 5303 ἐστι
1135 5251 1179 5304 δ’
1206 5252 1337 5304 ὄπου
1372 5257 1703 5321 χαμαιπετεί
1733 5272 1793 5307 τε

1900 4799 2025 4851 dum
2080 4800 2374 4853 fastuosum
2417 4803 2548 4869 agit,
2596 4805 2684 4855 ubi
2737 4820 2840 4857 non
2879 4817 3117 4874 oportet;
3168 4818 3223 4861 et
3271 4821 3459 4863 contra

1900 4889 2140 4955 abjectus
2190 4900 2293 4953 est,
2330 4891 2417 4944 ubi
2459 4903 2513 4946 et
2563 4896 2663 4947 hoc
2712 4896 2931 4949 minime
2978 4897 3151 4950 decet.
3199 4899 3461 4954 Adulator

1900 4982 2081 5034 adhaac
2107 4984 2456 5048 superstitum
2483 4986 2877 5051 inexcusabilis,
2903 4989 2953 5041 in
2976 5000 3309 5043 mortuorum
3335 5007 3460 5046 vero

1899 5087 1951 5129 et
1978 5092 2004 5127 a
2040 5078 2234 5143 quibus
2266 5079 2551 5132 vindictam
2585 5095 2687 5133 non
2713 5080 2949 5142 timeret,
2984 5084 3454 5149 reprehensiones,

1902 5168 2184 5222 immodice
2230 5166 2452 5223 eil'usus.
2490 5169 2730 5225 Dictione
2774 5181 3035 5241 prmterea
3080 5175 3250 5227 utitur
3293 5175 3461 5229 inter-

1902 5259 2025 5311 dum
2051 5259 2266 5327 quidem
2288 5259 2503 5323 selecta,
2524 5272 2686 5331 atque
2704 5262 3002 5318 Atticorum
3030 5280 3181 5320 more
3202 5264 3417 5322 sublimi
3439 5285 3457 5321 :

1531 5391 1770 5447 VARle
1803 5394 2205 5452 LECTlONES.

274 5483 319 5511 δ’
367 5485 602 5565 ἔσχατον
625 5487 667 5537 Δ
692 5504 705 5539 :
734 5485 900 5565 ἄκρον
924 5503 996 5565 ς.Δ
1060 5486 1386 5565 "_ical_aild.
1429 5489 1523 5565 Α.Δ
1572 5488 1616 5518 ⁸⁸
1651 5490 1804 5553 εὑθές
1835 5492 1921 5544 AC
1950 5509 1963 5545 :
1999 5492 2320 5565 ltothomag.
2357 5494 2504 5551 εὐθύ.
2584 5497 2627 5528 ⁸⁸
2660 5497 2960 5561 δεινότατος
2996 5514 3140 5555 corr.
3167 5499 3250 5555 A:
3287 5500 3457 5554 δεινό-

198 5573 382 5629 τητος
412 5574 477 5618 ς.
555 5556 604 5585 ⁸⁵
634 5558 945 5625 περιέχεται
969 5559 1033 5612 Α.
1110 5558 1156 5588 ⁸⁸
1190 5558 1291 5609 κάν
1315 5560 1357 5609 Δ
1394 5574 1407 5610 :
1440 5559 1529 5609 ita)
1561 5573 1621 5620 ς.

1720 5671 1950 5729 NOTAE.

1720 5674 1763 5723 N
1819 5674 1859 5725 T
1937 5716 1950 5729 .

280 5759 408 5829 (‘29.)
448 5759 523 5813 De
560 5760 758 5828 quibus
792 5761 1017 5829 copiose
1050 5761 1114 5815 D.
1153 5759 1345 5816 Baron.
1389 5772 1423 5815 t.
1460 5763 1499 5827 l,
1533 5764 1597 5818 ad
1629 5674 1827 5820 annuiit
1860 5674 2063 5821 ﬁll‘iS'.
2108 5769 2192 5821 44.
