4224 6446
750 420 854 488 527
1832 415 2102 475 PHORII
2143 412 2649 474 I’ATRIARCH/E
2685 413 2791 472 CP.
3884 413 3993 477 528

748 544 801 585 et
847 539 929 585 est
975 542 1211 588 rursum,
1239 526 1325 579 ubi
1371 540 1431 578 ea
1467 536 1617 595 repat
1647 526 1826 588 humi,
1862 535 2024 594 atque
2067 524 2307 594 neglecta
2340 526 2381 578 Α
2412 540 2416 572 :

2340 526 2381 578 Α
2412 524 2505 575 καὶ
2539 521 2943 594 παρεωραμένῃ
2971 521 3065 574 καὶ
3097 520 3263 593 μηδὲν
3298 520 3501 591 ἐχούσῃ
3534 521 3641 574 τῶν
3675 524 3738 575 ἐκ
3768 525 3990 592 τριόδου

751 623 841 683 sit.
871 620 1112 687 nihilque
1135 632 1295 686 supra
1325 617 1590 671 trivialem
1617 614 1826 670 afferat.
1852 616 2044 669 Verum
2079 617 2129 667 in
2160 613 2309 667 libris
2415 636 2419 649 ι

2415 616 2593 667 πλέον.
2642 614 2780 666 Ἀλλ’
2810 616 2869 666 ὲν
2911 614 3009 682 μὲν
3045 616 3109 684 τῇ
3161 614 3295 681 περὶ
3341 614 3702 682 διοσημειῶν
3732 616 3827 667 καὶ
3858 618 3995 684 περὶ

756 713 829 766 De
854 711 1133 779 prodigiis,
1159 723 1221 761 ac
1240 709 1314 761 De
1340 708 1598 761 mensibus
1631 722 1789 761 nemo
1816 705 2061 759 fortassis
2106 705 2312 759 idcirco
2410 729 2424 774 Α

2410 706 2617 774 μηνῶν
2648 710 2934 776 συγγραφῇ
2975 706 3165 759 τούτου
3196 723 3259 774 γε
3288 707 3452 759 ἕνεκα
3479 708 3538 759 οὐ
3570 707 3715 775 μάλα
3743 709 3789 739 ⁸⁷
3814 708 3883 761 ἄν
3913 726 3995 771 τις

752 806 924 871 ipsum
964 800 1247 855 admodum
1295 801 1742 867 reprehenderit:
1774 800 1987 865 quando
2027 808 2205 850 tamen
2248 795 2313 848 de
2418 801 2420 843 ἰ

2418 798 2545 860 ἴσως
2578 797 2739 849 αὑτὸν
2772 799 3070 866 νεμεσήσῃ·
3120 798 3207 849 ὅτε
3254 798 3309 849 δὲ
3358 798 3449 849 καὶ
3491 798 3777 861 πολιτικὰς
3821 800 3998 869 ἀρχάς

752 897 985 967 politicis
1018 908 1181 963 agens
1215 893 1637 959 magistratibus,
1667 902 1721 946 et
1756 892 2042 944 historicas
2075 890 2315 943 referens
2418 921 2420 938 .

2418 891 2769 959 ἀναγράφων,
2814 893 2906 942 καὶ
2945 890 3009 958 δὴ
3054 890 3150 942 καὶ
3191 891 3494 958 ἱστορικοὺς
3528 889 3739 953 διεξιὼν
3781 891 3995 957 λόγους,

754 986 1119 1046 narrationes,
1143 993 1233 1036 aut
1270 985 1479 1052 aliquos
1511 984 1806 1036 laudandos
1835 982 2157 1047 suscipiens,
2177 996 2316 1032 eatn-
2419 1013 2422 1029 ι

2419 982 2551 1034 ἀλλὰ
2574 982 2669 1032 καὶ
2695 983 2773 1042 είς
2797 982 2952 1032 ἐνίων
2976 980 3225 1048 ἐγκώμια
3246 980 3455 1039 καθιεὶς
3476 982 3685 1043 ἑαυτὸν,
3706 982 3804 1049 τῆς
3826 982 3999 1048 αὐτῆς

755 1080 873 1133 dem
904 1077 1099 1130 retinet
1125 1075 1335 1128 dicendi
1372 1075 1866 1142 inmquabilitatem.
1890 1088 2010 1126 cum
2043 1073 2095 1125 in
2125 1071 2317 1124 dictio-

2423 1075 2536 1123 ἐστι
2572 1069 2721 1139 φίλος
2757 1071 3072 1139 ἀνωμαλίας
3104 1072 3230 1139 περί
3257 1088 3313 1122 τε
3337 1071 3432 1139 τὴν
3457 1070 3600 1133 λέξιν
3631 1071 3723 1122 καὶ
3752 1072 3845 1123 τὸν
3876 1071 4004 1123 νοίν

756 1169 911 1220 nibus
946 1175 1104 1233 atque
1138 1164 1408 1225 sensibus,
1441 1172 1551 1215 tum
1586 1163 1637 1215 in
1671 1160 2065 1228 compositione
2091 1159 2320 1226 scripto-

2426 1164 2515 1213 καὶ
2538 1160 2635 1230 τὴν
2661 1159 2908 1225 σύνταξιν
2926 1163 3032 1213 τῶν
3059 1163 3481 1232 γεγραμμένων,
3508 1163 3587 1221 εἰς
3617 1162 3875 1231 οὐδεμίαν
3895 1164 4005 1214 λοι-

757 1272 896 1320 rum,
941 1256 1142 1309 nullam
1190 1270 1290 1324 ego
1336 1254 1546 1307 veniam
1581 1254 1836 1320 deinceps
1886 1250 2148 1319 ejusmodi
2191 1248 2319 1301 vitia

2426 1254 2525 1306 πδν
2558 1254 2884 1324 συγγνώμην
2910 1254 3020 1324 ὁρῶ
3048 1256 3145 1322 τὴν
3172 1255 3431 1324 τοιαύτην
3460 1253 3842 1323 πλημμέλειαν
3874 1257 4006 1307 ἀνα-

756 1349 950 1403 mereri
982 1348 1158 1400 video.

1088 1363 1158 1400 ιι).
2427 1344 2732 1414 φερομένην
2745 1385 2756 1397 .

825 1434 1079 1487 Militavit
1115 1436 1199 1487 hic
1230 1433 1317 1484 vir
1348 1435 1445 1485 sub
1472 1430 1738 1496 praefectis
1764 1445 1961 1482 annum
1993 1444 2161 1496 agens
2178 1433 2325 1483 vice-

2508 1435 2939 1503 Ἑστρατεύσατο
2964 1436 3007 1487 δ’
3034 1430 3190 1499 οὗτος
3224 1439 3251 1488 ὁ
3286 1437 3421 1508 ἀνὴρ
3457 1438 3561 1489 ὑπὸ
3589 1441 3702 1501 τοῖς
3734 1438 4005 1507 ὑπάρχοις

758 1526 950 1577 simum
992 1525 1245 1591 primum.
1284 1521 1480 1575 Aitatis
1517 1536 1644 1574 vero
1683 1520 2094 1589 quadragesimo
2137 1534 2328 1573 causas

2429 1528 2574 1593 ἄγων
2604 1529 2819 1597 ἡλικίας
2847 1537 2952 1591 κα’,
2985 1528 3076 1596 ἔτη
3116 1530 3173 1581 δὲ
3209 1536 3260 1597 μ’
3305 1530 3581 1596 δικολόγος
3614 1529 3709 1593 ὢν,
3754 1526 3875 1582 εἶτα
3916 1533 4008 1582 καί

758 1617 886 1681 egit,
933 1615 1124 1668 deinde
1178 1623 1233 1666 et
1286 1612 1682 1664 matricnlarius
1724 1610 1837 1677 (23)
1889 1610 2011 1671 fuit,
2054 1620 2171 1678 post
2210 1624 2329 1676 quae

2435 1618 2889 1687 ματρικουλάριος
2931 1620 2995 1649 ⁸⁸·
3048 1620 3164 1688 μεθ’
3195 1619 3254 1669 ὃν
3298 1620 3484 1689 χρόνον
3514 1620 3607 1671 καὶ
3650 1620 3745 1681 τὰς
3783 1621 4009 1689 εἰρημέ-

759 1716 996 1771 tempora
1022 1712 1074 1757 et
1108 1715 1361 1758 tractatus
1386 1704 1502 1757 illos
1534 1718 1594 1757 se
1630 1704 2021 1770 conscripsisse
2065 1702 2247 1763 refert,
2278 1712 2331 1753 et

2433 1725 2527 1769 νας
2565 1709 2879 1777 συγγράψαι
2916 1709 3064 1777 λέγει
3087 1708 3131 1740 ⁸⁹
3173 1712 3575 1779 πραγματείας,
3604 1713 3696 1763 καὶ⁵
3726 1712 3823 1779 τῆς
3851 1712 4011 1778 βασι-

763 1796 1103 1863 imperatoris
1144 1795 1347 1861 judicio
1386 1795 1580 1861 palatio
1622 1794 1841 1861 dignmn
1896 1807 2015 1846 esse
2069 1793 2327 1846 habitum.

2434 1799 2593 1867 λικῆς
2629 1799 2794 1868 αὐλῆς
2824 1799 2991 1869 ψήφῳ
3032 1800 3296 1869 βασιλέως
3330 1801 3653 1870 ἀξιωθῆναι.
3686 1803 3895 1872 Χρόνος
3926 1802 4007 1863 δὲ,

766 1885 837 1939 De
870 1897 1107 1954 tempore
1143 1901 1248 1954 quo
1280 1885 1412 1937 vixit
1447 1903 1460 1938 :
1493 1884 1767 1937 Anastasii
1810 1885 2089 1953 imperium
2128 1885 2329 1952 attigit,
2364 1882 2404 1937 Β

2364 1882 2404 1937 Β
2435 1890 2555 1943 καθ’
2588 1889 2647 1941 ὃν
2676 1882 2835 1954 οὗτος
2865 1892 3013 1945 ὲὸίου
3037 1892 3103 1957 ⁵⁸,
3148 1894 3499 1947 ’Δναστασίου
3539 1895 3741 1965 ἥπτετο
3778 1895 3877 1963 τῆς
3911 1895 4010 1962 βα-

762 1988 815 2029 et
845 1974 1038 2030 Justini
1078 1979 1357 2046 transegit,
1391 1980 1745 2046 gubernantis
1778 1978 1998 2045 insuper
2025 1986 2145 2045 post
2184 1976 2328 2028 illum

2436 1982 2641 2044 σιλείας
2687 1983 2781 2035 καὶ
2822 1983 2922 2053 τὴν
2981 1984 3268 2036 Ἰουστίνου
3328 1986 3606 2055 ὲπεραίου,
3657 1986 3871 2055 μετρῶν
3920 1988 4014 2038 καὶ

761 2065 1055 2125 Justiniani
1103 2070 1385 2123 emetiens.
1426 2069 1703 2138 Religione
1744 2083 1872 2121 vero
1908 2067 2334 2136 superstitiosior

2434 2074 2525 2124 τοῦ
2562 2075 2676 2141 μετ’
2712 2074 2919 2125 ἐκεῖνον
2954 2071 3356 2128 Ἰουστινιανοῦ.
3395 2075 3506 2145 Τὴν
3544 2076 3601 2127 δὲ
3650 2076 3947 2145 Θρησκείαν
3985 2078 4013 2126 ὁ

766 2161 998 2214 videtur.
1023 2158 1315 2213 Gentilium
1347 2164 1484 2215 enim
1514 2171 1714 2215 sectam
1738 2160 1865 2213 colit
1892 2160 2052 2212 simul
2096 2169 2150 2212 et
2178 2158 2333 2212 fidem

2436 2165 2573 2235 ἀνὴρ
2612 2164 2753 2217 ἔοικε
2788 2164 3131 2234 δεισιδαίμων
3172 2161 3333 2219 εἶναι·
3362 2166 3579 2220 σέϐεται
3614 2169 3712 2237 μὲν
3737 2169 3844 2237 γὰρ
3869 2169 3913 2199 ⁸¹
3944 2169 4014 2220 τά

768 2263 1031 2317 nostram,
1071 2255 1148 2307 sic
1196 2263 1394 2318 tamen,
1438 2265 1493 2307 ut
1540 2254 1710 2307 lector
1762 2266 1866 2307 non
1915 2251 2069 2305 facile
2099 2251 2334 2321 colligat,

2450 2258 2719 2325 Ἑλλήνων
2750 2259 2843 2310 καὶ
2887 2258 3113 2321 θειάζει,
3158 2256 3366 2321 Θειάζει
3415 2258 3472 2311 δὲ
3513 2259 3609 2311 καὶ
3644 2261 3712 2312 τὰ
3742 2261 4011 2329 ἡμέτερα,

768 2354 945 2397 utrum
1001 2344 1082 2399 sic
1123 2359 1246 2399 vere
1286 2345 1502 2408 sentiat,
1540 2360 1607 2398 an
1646 2344 1825 2413 potius
1865 2343 2027 2397 veluti
2077 2344 2129 2395 in
2175 2358 2337 2398 scena

2442 2350 2515 2416 μὴ
2549 2348 2725 2409 διδοὺς
2768 2350 2879 2411 τοῖς
2925 2350 3393 2415 ἀναγινώσκουσιν
3425 2351 3489 2401 ἐκ
3516 2348 3609 2401 τοῦ
3640 2350 3839 2420 ῥᾴστου
3874 2367 4010 2418 συμ-

769 2437 934 2492 ludat.
2441 2442 2622 2493 ϐαλεῖν
2642 2440 2867 2510 πότερον
2882 2440 3024 2495 οὕτω
3043 2440 3276 2512 νομίζων
3292 2441 3515 2507 θειάζει,
3535 2442 3568 2511 ἤ
3585 2442 3659 2505 ὡς
3678 2442 3769 2494 ἐπὶ
3789 2442 4017 2511 σκηνῆς.

1410 2527 1695 2582 CLXXXI.
3154 2533 3334 2585 PHA'.

771 2620 1040 2674 Damascii
1067 2620 1384 2674 Damasceni
1408 2622 1557 2687 liber,
1584 2620 1657 2673 De
1682 2620 1873 2673 IsidOri
1902 2618 2195 2686 philosophi
2216 2618 2341 2670 vita.

2446 2625 2788 2692 Διιμίισκίου
2848 2624 3247 2693 Δαμασκηνοῦ
3300 2626 3386 2686 είς
3424 2623 3529 2676 τὸν
3572 2622 3876 2691 ἰσιδιῦρου
3919 2623 4019 2677 τοῦ

2971 2695 3311 2747 φιλοσόφου
3337 2694 3507 2747 βίον.

3016 2710 3311 2747 ι.ιοσοςοου
3337 2710 3507 2747 βίον.

3036 2735 3045 2746 .
3198 2712 3212 2723 ο
3392 2695 3507 2747 (or.

840 2777 1036 2832 Lectus
1062 2788 1142 2830 est
1172 2777 1483 2829 Damascius
1512 2775 1877 2829 Damasceuus
1906 2774 1977 2827 De
2002 2771 2198 2826 Isidori
2229 2771 2345 2839 phi-
2531 2785 2866 2854 ’Λνεγνώσθη
2950 2695 3311 2853 ﬁxitﬁxit?”
3329 2695 3687 2853 ῐαμασκηνοῦ
3761 2790 3849 2851 εὶς
3920 2787 4025 2837 τὸν

774 2869 973 2935 losophi
1007 2871 1112 2921 vita
1148 2868 1281 2937 (Ἡ).
1315 2867 1477 2920 Liber
1516 2876 1597 2920 est
1644 2865 1934 2918 multorum
1969 2878 2242 2926 versuum,
2291 2863 2343 2914 in

2461 2877 2757 2944 Ἰσιδώρου
2802 2876 2909 2929 τοῦ
2953 2877 3296 2944 φιλοσόφου
3339 2876 3505 2938 βίον
3539 2877 3652 2929 ἐστι
3700 2876 3801 2946 μὲν
3838 2872 3935 2929 οὖν
3968 2890 4027 2927 το

773 2961 949 3026 capita
1005 2958 1119 3027 (35)
1175 2957 1289 3011 fere
1344 2958 1623 3026 sexaginta
1672 2957 1898 3009 divisus.
1934 2953 2121 3007 lsidori
2168 2962 2346 3006 autem

2454 2969 2658 3037 βιϐλίον
2693 2967 3037 3036 πολύστιχον,
3075 2969 3238 3018 οἱονεὶ
3280 2968 3337 3020 δὲ
3370 2968 3685 3035 κεφαλαίοις
3716 2967 3757 3031 ξ’
3790 2970 4025 3037 ἀπαρτί-

773 3053 939 3104 vitam
964 3053 1202 3105 scribere
1233 3051 1540 3115 instituens,
1567 3048 1864 3102 Theodore
1892 3046 2107 3100 cuidam
2136 3044 2351 3099 femina:

2452 3062 2622 3123 ζεται.
2671 3060 2906 3129 Γράφειν
2951 3060 3006 3110 δὲ
3044 3060 3136 3111 τὸν
3190 3059 3455 3128 Ἰσιδὼρου
3508 3060 3620 3127 βίον
3670 3061 4023 3129 προθέμενος,

776 3156 909 3209 opus
941 3142 1220 3204 inscribit,
1251 3140 1591 3193 ethnicorum
1636 3154 1793 3207 eque
1830 3141 2031 3189 cultum
2082 3137 2348 3200 sectanti,

2453 3149 2701 3218 Θεοδώρᾳ
2726 3150 2831 3200 τινὶ
2856 3149 2914 3200 τὸ
2942 3147 3229 3217 σύνταγμα
3262 3151 3752 3219 προσπεφώνηκεν,
3789 3150 4027 3218 Ἕλληνα

776 3244 829 3286 et
860 3233 1239 3301 philosotihica:
1270 3232 1545 3294 doctrinae,
1589 3231 1941 3297 omniumque
1975 3231 2087 3283 sive
2118 3230 2184 3281 ad
2219 3244 2346 3296 poe-
2377 3219 2417 3273 C

2377 3219 2417 3273 C
2457 3242 2551 3308 μὲν
2580 3242 2673 3291 καὶ
2702 3240 2839 3307 αὐτῇ
2874 3239 3172 3307 Ορησκείαν
3200 3242 3438 3309 τιμώσῃ,
3475 3240 3812 3308 μαθημάτων
3839 3241 3895 3291 δὲ
3923 3241 4025 3291 τῶν

782 3324 961 3387 ticam,
981 3322 1095 3375 sive
1127 3322 1191 3374 ad
1219 3322 1625 3388 grammaticam
1657 3318 1965 3371 facultatem
1992 3318 2347 3384 spectantium

2452 3346 2508 3380 τε
2548 3328 2687 3381 κατά
2736 3330 3081 3395 φιλοσοφίαν,
3134 3330 3227 3381 καὶ
3259 3328 3358 3379 ὅσα
3410 3330 3537 3396 περὶ
3583 3330 3807 3395 ποιητάς
3842 3345 3900 3379 τε
3936 3331 4028 3380 καὶ

781 3429 883 3466 non
914 3414 1197 3481 imperitae,
1238 3413 1345 3466 imo
1385 3421 1439 3465 et
1473 3414 1536 3464 ad
1561 3410 1947 3479 geometricam
1975 3418 2137 3475 atque
2181 3409 2352 3460 arith-

2452 3421 2846 3489 γραμματινὴν
2905 3421 3196 3490 στρέφεται
3261 3419 3574 3489 ἐμπειρίαν,
3631 3421 3729 3470 οὐκ
3784 3419 4028 3483 ἀπείρως

782 3505 1031 3558 meticam
1087 3502 1509 3573 speculationem
1564 3510 1802 3565 evectae;
1848 3515 2010 3568 quam
2060 3514 2167 3552 una
2230 3514 2350 3550 cum

2454 3511 2671 3579 ἐχούσῃ,
2705 3512 2841 3564 ἀλλά
2879 3528 2943 3578 γε
2986 3511 3079 3564 καὶ
3111 3511 3246 3579 πρὸς
3274 3511 3661 3581 γεωμετρικήν
3696 3527 3755 3562 τε
3787 3512 3874 3561 καὶ
3910 3512 4031 3579 ἀρι-

774 3598 1081 3667 junioribus
1132 3596 1411 3649 sororibus
1468 3595 1708 3650 lsidorus
1765 3594 1878 3661 ipse
1926 3601 2086 3660 atque
2128 3592 2353 3644 Damas-

2454 3604 2722 3673 Ομητικὴν
2743 3604 3024 3673 ἀνηγμένη
3045 3604 3295 3672 θεωρίαν,
3319 3604 3484 3657 αὑτοῦ
3505 3621 3562 3654 τε
3598 3603 3913 3671 Δαμασκίου
3940 3604 4032 3655 καὶ

785 3688 898 3741 cius
952 3688 1116 3741 variis
1164 3690 1460 3739 docuerant
1512 3683 1864 3752 temporibus.
1908 3682 2043 3736 Filia
2092 3683 2205 3735 haec
2256 3680 2356 3733 fuit

2468 3693 2733 3762 Ίσιδώρου
2748 3694 2791 3724 ⁸³
2805 3694 2902 3762 τὴν
2916 3693 3261 3747 διδασκαλίαν
3275 3696 3408 3764 αὐτῇ
3426 3712 3486 3747 τε
3501 3695 3595 3746 καὶ⁵
3607 3698 3726 3756 ταῖς
3737 3694 4032 3761 νεωτέραις

789 3775 994 3847 126a
1024 3775 1258 3844 Cyrinus,
1279 3784 1441 3843 atque
1466 3772 1738 3842 Diogenis,
1772 3773 1987 3827 Eusebii
2020 3770 2082 3824 F.
2112 3770 2354 3824 Flaviani
2455 3818 2457 3831 ,

2455 3784 2711 3850 ἀδελφαῖς
2732 3783 2871 3836 κατὰ
2898 3782 3187 3851 διαφόρους
3205 3782 3428 3852 χρόνους
3455 3782 3862 3850 πεποιημένων.
3884 3782 4033 3850 Λῦτη

786 3866 919 3935 Nep.
951 3867 1039 3935 qui
1070 3882 1241 3935 genus
1276 3866 1428 3919 duxit
1459 3880 1490 3918 a
1525 3866 1981 3935 Sampsigeramo,
2014 3872 2068 3917 et
2100 3862 2352 3924 Monimo,

2458 3875 2703 3941 Θυγάτηρ
2755 3873 3001 3941 ἐγεγόνει
3043 3874 3281 3943 Κυρίνας
3326 3876 3417 3926 καὶ
3458 3874 3741 3940 Διογένους
3786 3872 3883 3925 τοῦ
3932 3874 4032 3925 Εὖ-

786 3975 813 4012 a
851 3961 1048 4028 quibus
1089 3970 1142 4013 et
1179 3958 1511 4011 Jumbliclms
1552 3957 1815 4025 originem
1853 3955 2062 4022 repetit,
2097 3954 2229 4006 viris
2267 3952 2355 4020 qui

2461 3963 2641 4014 σεϐίου
2672 3963 2763 4013 τοῦ
2792 3961 3112 4027 Φλαϐιανοῢ,
3139 3962 3197 4024 ὃς
3230 3957 3379 4014 εἷλκε
3408 3964 3468 4014 τὸ
3500 3964 3654 4029 γένος
3681 3962 3788 4014 ἀπὸ
3821 3962 4036 4032 Σαμψι-

786 4053 990 4120 primas
1026 4052 1077 4105 in
1121 4049 1457 4103 idololatrica
1490 4048 1875 4117 superstitione
1907 4046 2163 4100 tulerunt.
2192 4045 2358 4113 Igitur

2459 4052 2705 4121 γεράμου
2727 4052 2771 4083 ⁸³
2814 4068 2871 4103 τε
2913 4052 3006 4103 καὶ
3054 4051 3322 4119 Μονίμου,
3367 4053 3445 4113 είς
3488 4051 3582 4113 οὓς
3628 4053 3893 4117 ἀνάγεται
3945 4054 4038 4103 καὶ

788 4143 1101 4196 Damascius
1131 4140 1319 4194 lsitiOl‘l
1371 4142 1534 4194 vitam
1571 4142 1693 4194 huic
1723 4139 1957 4201 dedicat,
1999 4137 2154 4206 cujus
2194 4136 2356 4190 etiam

2472 4142 2798 4211 Ἰάμϐλιχος,
2833 4141 3030 4210 ἄνδρας
3066 4142 3134 4193 τά
3168 4142 3358 4211 πρῶτα
3385 4144 3483 4211 τῆς
3546 4142 4040 4211 εἰδωλολατρούσης

785 4234 998 4303 petitio,
1022 4233 1406 4286 accedentibus
1425 4244 1478 4286 et
1508 4233 1628 4286 aliis
1655 4233 1974 4301 quibusdam
2003 4231 2204 4293 causis,
2233 4245 2361 4281 auc-

2460 4234 2713 4295 ἀσεϐείας
2746 4234 3246 4302 ἁπενεγκαμένους.
3285 4234 3395 4303 Τὴν
3443 4234 3541 4303 μὲν
3575 4234 3668 4286 οὖν
3709 4234 4037 4303 βιογραφίαν

789 4339 961 4379 torem
995 4328 1059 4378 ad
1092 4325 1437 4380 scribendum
1480 4325 1714 4393 impulit,
1751 4333 1804 4377 ut
1837 4333 2092 4378 testatum
2124 4323 2239 4390 ipse
2273 4336 2358 4374 re-

2475 4322 2746 4391 ἰσιδώρου
2786 4323 2814 4372 ὁ
2840 4322 2887 4351 ⁵⁸
2930 4323 3241 4391 Δαμάσκιος
3278 4324 3445 4393 ταύτῃ
3481 4327 3809 4393 προσφωνεῖ,
3846 4338 3915 4394 ης
3947 4326 4040 4376 καὶ

791 4416 965 4483 liquit.
1017 4414 1202 4484 Neque
1262 4425 1439 4467 tuinen
1496 4415 1683 4469 lsidori
1727 4416 1897 4484 magis
1954 4417 2138 4477 vitam,
2196 4428 2357 4481 quam

2465 4416 2496 4482 ἡ
2533 4414 2780 4477 ἀξίωσις,
2814 4412 2905 4463 καὶ
2932 4414 3104 4465 ἄλλων
3138 4413 3296 4465 τινῶν
3332 4415 3620 4467 συναιτίων
3652 4415 4040 4483 γεγενημένων

789 4506 1077 4559 multorum
1109 4506 1361 4569 aliorum,
1389 4510 1480 4573 qui
1521 4508 1600 4559 vel
1634 4507 1822 4559 eadem
1850 4520 1969 4559 cum
2003 4522 2086 4565 eo,
2118 4504 2197 4555 vel
2222 4519 2357 4571 prw-
2398 4563 2435 4578 n

2398 4563 2435 4578 n
2465 4505 2563 4572 τῆς
2587 4508 2920 4573 προτροπῆς,
2939 4505 3084 4556 αἰτία
3106 4506 3339 4574 κατέστη
3359 4506 3434 4574 τῷ
3452 4509 3775 4574 συγγραφεῖ,
3798 4505 4039 4578 [21211]

789 4599 1010 4651 cedente
1030 4605 1188 4650 aetate
1212 4597 1528 4659 ﬂoruerunt,
1552 4613 1653 4649 una
1678 4598 1971 4651 describit:
1993 4600 2126 4649 actis
2149 4610 2364 4663 quoque
2397 4563 2438 4615 υ

2397 4563 2438 4615 D
2466 4596 2712 4664 καῦάπερ
2739 4598 2897 4657 αὐτὸς
2930 4598 3381 4666 ἐτυμαρτύρεται,
3408 4597 3506 4665 τῆς
3540 4563 3902 4667 σπουδῆςῘΟὐ
3934 4563 4043 4669 μήν

789 4704 973 4741 eorum
1008 4705 1072 4741 ac
1114 4689 1525 4742 narrationibus
1585 4704 1706 4742 cum
1756 4690 2186 4756 digressionibus
2242 4690 2362 4753 plu-

2464 4705 2526 4755 γε
2561 4688 2759 4757 μᾶλλον
2803 4687 3069 4756 Ἰσιδώρου
3102 4689 3214 4758 βίον
3245 4690 3276 4757 ἢ
3320 4689 3528 4742 πολλῶν
3557 4691 3751 4755 ἄλλων,
3790 4692 3898 4742 τῶν
3944 4694 4041 4759 μὲν

794 4782 944 4834 rimis
978 4783 1043 4833 ad
1074 4782 1377 4835 satietatem
1423 4781 1709 4849 adjunctis.
1746 4781 1824 4831 Ad
1856 4780 2167 4845 religionem
2207 4795 2365 4847 porro

2469 4780 2900 4848 συνηκμακότων
2961 4781 3170 4849 τάνδρὶ,
3214 4780 3321 4832 τῶν
3367 4781 3424 4833 δὲ
3473 4783 3567 4833 καὶ
3608 4784 4041 4850 προγεγονότων,

792 4870 933 4937 quod
977 4871 1190 4930 attinet,
1216 4885 1426 4921 summe
1468 4870 1513 4922 is
1542 4870 1737 4936 impius
1776 4867 1896 4933 fuit,
1925 4878 1979 4921 et
2010 4870 2163 4920 novis
2205 4880 2365 4936 atque

2467 4873 2893 4939 συναναγράφει,
2952 4872 3177 4941 πράξεις
3218 4890 3275 4924 τε
3331 4874 3423 4925 καὶ
3470 4874 3782 4943 διηγήματα
3836 4876 4043 4926 τούτων

792 4960 1023 5013 anilibus
1073 4959 1283 5013 fabellis
1319 4960 1554 5013 animum
1596 4960 1706 5027 (26)
1750 4960 1906 5014 simul
1938 4975 2001 5011 ac
2063 4974 2364 5012 sermonem

2477 4963 2828 5025 συνδιατνηεὶς
2854 4966 2943 5016 καὶ
2966 4965 3189 5036 πλείστῃ
3208 4964 3483 5033 χρώμενος
3509 4967 3599 5018 καὶ
3623 4968 3765 5018 κατά
3787 4968 3948 5035 κόρον
3975 4972 4042 5036 τῇ

796 5050 1051 5105 refertum
1080 5067 1292 5119 gerens.
1330 5051 1507 5115 Quare
1537 5062 1589 5105 et
1620 5060 1864 5105 sanctam
1914 5050 2068 5104 fidem
2105 5061 2364 5109 nostram,

2477 5054 2850 5122 παρεκδςιλμῇ.
2889 5055 3040 5104 Ἔστι
3074 5056 3129 5104 δὲ
3173 5056 3267 5123 τὴν
3305 5057 3402 5124 μὲν
3445 5060 3571 5125 περὶ
3602 5058 3669 5107 τὰ
3718 5056 3833 5107 Οεία
3885 5056 4044 5119 δόξαν

2067 5166 2303 5219 VARI/13
2339 5166 2745 5221 LECTIONES.

865 5263 909 5293 ’⁵⁷
945 5263 1090 5331 μάλα
1134 5265 1176 5315 Α
1215 5281 1226 5315 :
1259 5264 1489 5332 μάλιστα
1535 5281 1592 5325 ς.
1651 5261 1799 5330 αὐτῷ
1830 5276 1977 5315 corr.
2019 5262 2082 5315 A.
2193 5262 2235 5291 "’
2289 5260 2769 5332 ματρικουλάριος]
2817 5266 3255 5331 κορνικουλάριος
3307 5261 3504 5317 Ilasius
3552 5272 3917 5316 commentar.
3976 5265 4044 5316 de

794 5330 1001 5385 Joanne
1028 5334 1174 5403 Lydo
1207 5330 1450 5401 βξΧΧΙΙ.
1531 5336 1573 5364 δ’
1603 5334 1751 5399 λέγει
1789 5332 2101 5402 συγγράψαι
2135 5348 2192 5393 ς.
2271 5330 2473 5403 έοίὲὸίω
2504 5349 2561 5394 ς.
2632 5330 2683 5362 ⁷⁸¹
2715 5330 2822 5403 γάρ
2848 5334 2972 5386 add.
3004 5336 3068 5385 Α.
3145 5336 3187 5361 δ’
3223 5334 3489 5401 Ἰσιὸωρου
3520 5336 3610 5386 καί
3634 5335 3949 5401 Δαμασκίου
3980 5350 4042 5396 ς.

794 5403 839 5432 ⁵³
875 5402 1303 5474 Σαμψιγεράμου
1331 5406 1415 5456 ΑΕ
1446 5423 1457 5455 :
1500 5403 1928 5471 Ζαμψιγεράμου
1969 5419 2024 5464 ς’.
2102 5404 2147 5431 ⁸⁵
2176 5403 2203 5451 ὁ
2235 5402 2358 5454 add.
2395 5407 2457 5453 A.

2308 5493 2543 5549 ΝΟΤᾹΞ.

868 5586 978 5653 (ἳὲ)
1009 5588 1179 5651 Fisci,
1215 5588 1347 5652 fori,
1382 5604 1448 5641 an
1488 5590 1693 5642 militiae
1750 5588 1943 5641 tabulis
1984 5588 2071 5642 hic
2112 5588 2365 5653 praefuit?
2542 5587 2655 5655 (9.5)
2702 5588 2817 5651 Qua
2890 5588 3051 5641 etiam
3099 5588 3445 5641 distinctione
3496 5601 3622 5640 usus
3669 5586 3873 5639 dicitur
3920 5602 4044 5649 sup.

800 5656 1007 5731 Indices
1044 5662 1196 5731 enim
1236 5670 1290 5711 et
1336 5658 1952 5731 catalogosjurisperiti
2000 5661 2267 5731 matrices,
2301 5674 2361 5713 ac
2468 5657 2749 5731 οιψζλόρ.
3102 5728 3110 5731 _
3302 5726 3312 5731 _
3737 5725 3743 5731 _

801 5743 891 5794 per
925 5728 1358 5788 diminutiooem,
1389 5725 1694 5780 matricum:
1727 5728 1987 5794 appellare
2017 5726 2182 5779 soliti.
2537 5726 2648 5793 (26)
2691 5728 2859 5789 Quem
2893 5728 3202 5791 apparuisse
3227 5726 3439 5780 vtdetur
3466 5736 3699 5794 quatuor
3736 5725 3845 5779 illis
3873 5725 4046 5778 Pura-

868 5797 977 5863 (24)
1010 5797 1273 5868 Excerpta
1309 5799 1435 5853 inde
1475 5798 1570 5852 inf.
1608 5813 1843 5865 repertas
1868 5813 1983 5865 cap.
2014 5795 2141 5851 262.
2465 5800 2639 5850 doxon
2672 5795 2825 5850 libris
2846 5810 2962 5863 sup.
2995 5810 3111 5861 cap.
3141 5796 3258 5848 l30.
