4224 6446
195 408 305 470 529

1225 402 1747 475 BIBLIOTHECA,
1769 426 1838 437 -·-
1867 401 2029 462 COD.
2068 402 2369 462 GLXXX-I.

3312 402 3412 465 530

193 519 275 577 εἰς
324 515 498 582 ἀκρον
538 510 819 580 δυσσεϐὴς,
865 509 1064 562 καινῶν
1087 510 1132 542 ⁸³
1162 509 1219 563 δὲ
1258 512 1351 563 καὶ
1396 509 1758 579 γραοπρεπῶν
1787 518 1830 569 Α

1745 518 1830 569 ρΑ
1864 512 2074 564 t:nnetsl
2127 512 2335 575 timide,
2394 520 2638 580 tectaque
2686 514 3087 577 malevolentia,
3139 531 3242 569 non
3295 532 3413 572 raro

196 607 487 677 μυθαρίων
515 606 675 657 αὐτόν
704 620 761 655 τε
794 606 883 655 τὸν
909 605 1032 653 νοῦν
1058 603 1151 653 καὶ
1175 603 1300 664 τοὺς
1330 602 1519 667 λόγους
1548 602 1758 669 πεπλη-

197 700 466 766 ρωμένοςο
514 698 593 749 διὸ
629 698 725 749 καὶ
756 697 853 762 τῆς
881 696 1028 764 ἱερᾶς
1070 694 1246 763 ἡμῶν,
1294 696 1340 745 εἰ
1381 694 1473 744 καὶ
1511 691 1759 761 δειλιὼσῃ

192 794 288 842 καὶ
329 788 693 857 λαθραιοτέρα
736 788 1135 855 κακοφροσὺνῃ,
1186 787 1335 853 ὅμως
1378 787 1476 837 οὐκ
1518 785 1761 851 ὀλιγάκις

194 883 449 947 φαίνεται
474 881 520 909 ⁵⁸
557 878 907 931 καθυλακτῶν
935 877 1232 937 εῦσεὸείας.
1270 876 1393 945 [409
1418 875 1507 945 IL]
1542 877 1761 927 Πάντων

190 972 235 1021 δ’
258 973 417 1031 ὅσους
451 968 653 1035 ἐξαίρει
684 969 792 1027 τοῖς
821 966 1019 1032 λόγοις,
1038 968 1130 1017 καὶ
1159 964 1438 1033 κρείττους
1462 962 1492 1029 ἢ
1524 962 1641 1013 κατ’
1668 964 1757 1013 ἀνο

194 1062 435 1129 θρώπων
467 1059 626 1127 φύσιν
662 1057 864 1119 θειάςει
898 1055 1178 1122 γεγονέναι
1203 1057 1319 1116 ταῖς
1340 1071 1397 1105 τε
1430 1055 1473 1083 ⁵⁷
1500 1052 1607 1104 τῶν
1639 1055 1759 1102 ἐπι-

195 1169 293 1218 στη
304 1151 421 1219 μῶν
442 1151 794 1211 τελειιιτάταις
816 1148 1094 1216 θεωρίαις,
1113 1148 1206 1198 καὶ
1230 1146 1307 1214 τῷ
1338 1146 1493 1212 τάχει
1516 1144 1613 1211 τῆς
1644 1144 1755 1195 δια»

193 1244 363 1303 νοίας,
397 1242 601 1293 τούτων
634 1242 862 1293 ἑκάστου
885 1242 1077 1309 κριτὴν
1108 1239 1299 1290 ἐαυτὸν
1334 1235 1695 1287 ἐπικαθιστῶν
1719 1232 1761 1263 ⁸⁸

191 1336 295 1385 οὐκ
321 1337 473 1385 ἐστιν
491 1336 614 1386 ὅτου
641 1335 713 1402 μὴ
743 1333 1044 1399 καθήψατο,
1071 1332 1152 1399 ἐφ’
1170 1332 1398 1383 ἑκάστου
1419 1329 1525 1380 τῶν
1550 1328 1761 1395 θαυμα-

194 1427 448 1493 ζομένων
473 1428 547 1494 μὴ
572 1425 905 1491 ἐνδεέστερον
935 1424 1094 1492 ἐχειν,
1130 1424 1224 1475 τοῦ
1252 1423 1347 1491 μὲν
1378 1424 1455 1483 είς
1484 1422 1763 1490 ἀγχίνοιαν

193 1515 502 1584 ἐξηρμένου
521 1515 585 1578 ⁸⁸,
616 1516 697 1566 ὅτι
740 1514 813 1583 μὴ
841 1514 1014 1565 πάντα
1038 1513 1310 1581 ἀγχίνους,
1342 1511 1434 1563 τοῦ
1463 1510 1506 1561 δ’
1536 1513 1613 1571 εἰς
1644 1511 1763 1561 ἐπι-

196 1608 417 1675 στήμας
450 1605 856 1676 ἀπαραὸλήτου,
882 1606 962 1656 ὅτι
998 1606 1071 1673 μὴ
1099 1605 1275 1656 πάντα
1306 1606 1643 1672 ἐπιστήμων,
1676 1603 1766 1653 καὶ

192 1697 258 1764 δὴ
294 1698 392 1746 καὶ
436 1695 528 1747 τοῦ
569 1698 646 1757 είς
679 1697 877 1766 ἀρετὴν
908 1694 1213 1763 ἐγγίζοντος
1252 1695 1390 1762 Θεῷ,
1436 1697 1517 1746 ὅτι
1558 1694 1765 1746 πολλῶν

194 1788 407 1851 ἐνδεής.
467 1785 652 1848 Οῦτως
700 1788 922 1837 ἐκείνων
972 1786 1223 1848 ἕκαστον,
1282 1785 1374 1845 οὓς
1425 1785 1536 1837 ἄνω
1585 1786 1765 1854 φέρων

195 1879 387 1946 ἐξῆρε,
419 1878 743 1947 κατασύρων
770 1879 860 1929 καὶ
888 1876 1090 1946 ῥίπτων
1117 1876 1312 1947 χαμαὶ,
1332 1878 1392 1929 τὸ
1421 1878 1616 1947 κράτος
1644 1879 1766 1929 ἐαυ-

192 1968 275 2034 τῷ
310 1968 455 2019 κατὰ
490 1968 703 2019 πάντων
748 1968 839 2019 καὶ
881 1968 972 2017 ἐπὶ
1012 1968 1144 2018 πᾶσι
1194 1966 1491 2035 λεληθότως
1534 1969 1763 2038 άναρτᾷ.

196 2061 288 2110 Διὸ
330 2061 425 2110 καὶ
456 2060 721 2128 Ἰσίδωρον
755 2059 850 2127 οὐχ
880 2054 1040 2129 ἦττον
1072 2059 1312 2112 ἐπαινῶν
1338 2058 1370 2129 ἢ
1398 2060 1584 2127 ψόγοις
1612 2076 1766 2127 περι-

195 2152 413 2203 ϐάλλων
450 2152 696 2205 διατελεῖ.
728 2154 919 2204 Καίτοι
941 2168 1001 2218 γε
1032 2151 1090 2215 ἐξ
1115 2144 1189 2203 ὧν
1218 2151 1500 2220 ἀλλοτρίας
1530 2167 1588 2202 τε
1623 2151 1765 2217 λογι-

196 2248 302 2306 κὰς
341 2246 575 2314 ἀπορίας
619 2246 711 2298 καὶ
752 2245 931 2307 λύσεις
969 2246 1042 2307 ὡς
1075 2245 1138 2315 δὴ
1183 2244 1515 2312 θαυμασίους
1564 2259 1763 2311 προκο-

200 2337 373 2405 μίζει,
422 2340 516 2389 καὶ
564 2338 629 2399 ἃς
679 2338 838 2399 αὐτὸς
887 2337 977 2389 ἐπὶ
1022 2338 1176 2407 τάχει
1227 2338 1317 2389 νοῦ
1366 2338 1460 2388 καὶ
1512 2336 1765 2407 ἀκριόείᾳ

196 2434 513 2502 ἐπιστήμης
544 2434 683 2502 μέγα
712 2434 920 2503 φρονῶν
966 2434 1045 2494 είς
1088 2434 1250 2500 μέσον
1277 2433 1529 2501 προάγει,
1564 2431 1684 2484 οὔτε
1715 2450 1766 2484 τι

194 2525 309 2575 τῶν
341 2528 470 2593 περὶ
506 2526 823 2591 φιλοσοφίαν
872 2524 1113 2593 συνήθων
1145 2524 1472 2595 ὑψηλότερον
1502 2524 1647 2577 ἐστιν
1676 2526 1765 2577 εῦ-

199 2618 315 2685 ρεῖν
351 2615 445 2667 τὸν
482 2616 765 2686 ἄνθρωπον
794 2614 1211 2683 κατωρθωκότα,
1242 2615 1363 2668 οὔτε
1397 2616 1502 2686 μὴν
1540 2619 1618 2677 είς
1655 2617 1763 2668 δει-

198 2708 403 2776 νότητα
434 2708 527 2758 καὶ
556 2707 916 2775 ἀγχίστροφον
953 2706 1190 2767 διανοίας
1230 2708 1411 2775 τάχος,
1444 2709 1541 2776 ὅση
1580 2724 1641 2773 γε
1671 2710 1764 2759 ἀν-

197 2798 474 2867 θρωπίνη,
535 2798 608 2867 μὴ
658 2800 741 2850 ὅτι
770 2800 813 2828 ⁶⁰
862 2814 924 2863 γε
963 2797 1233 2865 δαιμονία,
1286 2800 1610 2869 ἀνηγμένον,
1652 2801 1765 2853 ἀλλ’

196 2891 321 2942 οὐδέ
348 2908 471 2942 τινα
504 2890 610 2941 τῶν
661 2890 893 2959 μετρίως
941 2906 1055 2951 πως
1088 2892 1217 2958 περὶ
1270 2891 1585 2960 φιλοσοφίαν
1616 2894 1765 2963 ἐχόν-

194 3001 328 3045 των,
368 2984 443 3051 μή
485 2984 537 3033 τί
568 3000 630 3050 γε
666 2982 733 3034 δι’
764 2982 1048 3050 ἀκριϐείας
1088 2983 1331 3047 ἐντελοῦς
1368 2985 1639 3054 ἡγμένων,
1686 2983 1764 3050 οἷς

196 3077 410 3135 ἐκεῖνος
437 3074 892 3143 ἐλλαμπρύνεται,
935 3076 1348 3144 σεμνυνόμενον.

269 3165 388 3234 Τὴν
428 3164 608 3233 μέντοι
653 3167 848 3234 φράσιν
892 3168 921 3218 ό
960 3166 1096 3235 ἀνὴρ
1128 3169 1268 3220 κατά
1301 3185 1362 3235 γε
1406 3169 1465 3220 τὸ
1514 3170 1765 3223 πλεῖστον
1793 3196 1835 3254 c

197 3255 371 3307 αὑτοῦ
420 3257 528 3307 τῶν
578 3256 774 3321 λέξεων
827 3257 887 3308 οῦ
941 3258 1128 3327 πόρρω
1175 3262 1337 3310 τείνει
1385 3260 1479 3312 τοῦ
1540 3261 1762 3328 σαφοῦς.

200 3345 361 3411 Ἔχει
392 3342 448 3394 δέ
480 3360 532 3395 τι
575 3345 668 3395 καὶ
697 3344 806 3395 τῶν
835 3344 1009 3397 ἄλλων
1050 3344 1222 3407 ίδεῶν,
1266 3346 1384 3397 ὅσαι
1433 3347 1767 3415 χαρακτηρίο

197 3436 392 3496 ζονται
420 3435 616 3499 λέξεσι,
642 3438 739 3503 τήν
767 3452 823 3487 τε
852 3436 1104 3504 τραχεῖάν
1130 3454 1295 3505 φημι,
1322 3437 1387 3488 δι’
1414 3433 1480 3506 ἦς
1503 3437 1766 3505 τραχύνε-

195 3545 287 3577 ται
318 3530 353 3595 ἠ
385 3526 525 3594 ἠχὼ,
558 3528 649 3577 καὶ
684 3526 745 3594 δὴ
781 3528 872 3577 καὶ
910 3528 1008 3594 ὅση
1040 3527 1295 3578 πλατύνει
1329 3530 1425 3597 τὴν
1454 3531 1655 3597 φωνὴν,
1677 3530 1767 3581 καὶ

196 3622 297 3685 τὴν
331 3619 415 3677 εἰς
446 3618 506 3668 τὸ
530 3617 977 3685 ποιητικώτερον,
1009 3621 1053 3669 εί
1088 3620 1181 3670 καὶ
1212 3620 1520 3683 σπανιάκις,
1558 3622 1769 3671 ἐλευθε-

198 3708 525 3779 ριάξουσαν.
566 3710 674 3761 Καὶ
712 3712 766 3759 αἱ
806 3712 1059 3778 τροπικαὶ
1088 3711 1144 3761 δὲ
1184 3710 1573 3779 διαμορφοῦσιν
1604 3712 1766 3765 αὑτοῦ

194 3804 329 3861 τοὺς
370 3800 581 3866 λόγους,
610 3801 711 3851 οὐκ
736 3802 812 3861 εἰς
842 3801 1076 3868 ἄμουσον
1104 3802 1468 3870 ψυχρολογίαν
1500 3805 1529 3872 ἢ
1564 3807 1767 3873 τροπάς

196 3892 517 3959 ἀποτόμους
544 3893 928 3960 ἐκφερόμεναι,
960 3892 1073 3943 ἀλλ’
1101 3894 1162 3944 ἐκ
1191 3911 1253 3959 γε
1282 3895 1375 3945 τοῦ
1403 3897 1493 3947 ἐπὶ
1520 3898 1768 3950 πλεῖστον

194 3987 255 4035 το
283 3983 462 4050 γλυκύ
484 3999 543 4035 τε
574 3985 664 4035 καὶ
690 3984 876 4051 χαρίεν
902 3985 960 4033 τὸ
988 3984 1107 4036 καθ’
1142 3986 1340 4048 ἐαυτάς
1371 3990 1759 4055 παρεχόμεναι.

208 4075 377 4126 Ἀλλά
418 4074 591 4140 σαφὴς
621 4074 695 4123 ὢν
743 4073 818 4143 τῷ
856 4074 1088 4143 πλείστῳ
1134 4077 1288 4145 μέρει
1326 4076 1433 4127 τῶν
1469 4077 1669 4140 λέξεων
1696 4080 1762 4144 θί,

195 4163 387 4215 οὐκέτι
416 4164 509 4213 καὶ
537 4165 601 4229 τῇ
621 4162 717 4231 ὅλῃ
747 4162 838 4213 τοῦ
872 4162 1027 4228 λόγου
1058 4164 1338 4234 οίκονομία
1360 4167 1597 4228 τοιοῦτος
1630 4167 1763 4219 καθ-

195 4255 456 4321 έστηκεν·
495 4253 529 4322 ἦ
572 4270 631 4304 τε
671 4255 779 4322 γὰρ
812 4254 1051 4324 συνθήκη
1097 4257 1157 4307 οὐ
1204 4257 1439 4327 συνθήκη
1508 4258 1766 4328 μᾶλλονῆ

196 4343 621 4411 καινοπρέπεια,
656 4345 805 4413 καὶή
848 4345 1105 4414 περιϐολὴ
1146 4347 1303 4414 κόρον
1335 4348 1638 4415 ἐμποιοῦσα
1676 4367 1766 4401 συο

194 4439 325 4504 χνὺν
356 4437 417 4487 τό
447 4452 505 4486 τε
533 4436 611 4497 εἰς
647 4439 938 4505 σαφήνειαν
968 4438 1297 4503 ἐπηλυγάζει
1338 4442 1767 4508 προφαινόμενον

1862 612 2037 655 tamen
2078 602 2308 656 allatrat.
2346 602 2619 670 Quotquot
2651 616 2826 657 autem
2865 608 3041 659 verbis
3085 610 3323 674 extollit,
3360 620 3415 662 et

1860 708 1962 759 qua
1985 695 2054 748 ob
2081 695 2342 749 doctrina:
2368 696 2760 758 excellentiam,
2790 714 2892 763 qua
2917 700 2985 752 ob
3017 699 3211 765 ingenii
3243 701 3415 753 soler-

1864 785 1987 835 tiam
2016 798 2177 852 supra
2220 785 2503 837 humanam
2545 787 2926 849 conditionem,
2956 801 3012 841 ut
3039 789 3249 841 divinos
3279 775 3419 843 celei

1864 875 2003 936 brat,
2040 877 2228 927 horum
2259 876 2765 946 cujusqnejudicent
2798 880 3029 945 seipsum
3060 882 3415 943 constituens,

1862 967 2065 1020 nullum
2094 983 2197 1021 non
2232 970 2558 1037 perstringit,
2599 971 2649 1022 in
2689 971 2913 1041 singulis
2937 974 3098 1026 etiam
3134 987 3269 1040 quos
3304 974 3419 1025 Ian—

1861 1058 2035 1121 darat,
2066 1060 2268 1126 aliquid
2306 1061 2653 1115 desiderans:
2686 1064 2737 1116 in
2766 1066 2879 1117 acri
2918 1065 3133 1133 ingenio
3171 1068 3418 1134 praedito.

1860 1152 2001 1216 quod
2022 1167 2124 1205 non
2144 1169 2237 1221 per
2255 1155 2429 1207 omnia
2454 1170 2603 1221 aeque
2621 1156 2794 1209 solers
2816 1157 2917 1209 sit:
2940 1158 2991 1209 in
3021 1172 3084 1210 eo
3101 1160 3190 1224 qui
3218 1160 3420 1211 incom-

1861 1246 2083 1313 parabili
2113 1254 2196 1299 est
2228 1247 2473 1311 scientia,
2504 1250 2645 1315 quod
2671 1263 2775 1302 non
2803 1251 2981 1303 omnia
3018 1252 3186 1315 sciat;
3233 1252 3339 1303 imo
3369 1261 3424 1304 et

1864 1334 1915 1384 itt
1947 1346 2029 1393 eo,
2059 1334 2148 1400 qui
2174 1333 2369 1387 virtute
2384 1332 2493 1387 Deo
2510 1336 2786 1402 proximus
2805 1337 3065 1400 videatur,
3083 1340 3222 1405 quod
3250 1339 3424 1391 adhuc

1862 1420 2029 1474 multa
2058 1423 2106 1475 ei
2130 1423 2325 1477 desint.
2360 1422 2433 1476 Ita
2460 1424 2700 1493 singulos
2738 1439 2945 1485 eorum,
2977 1443 3113 1495 quos
3141 1428 3192 1480 in
3226 1429 3423 1481 malum

1864 1523 2019 1565 antea
2046 1514 2361 1581 sustulerat,
2404 1532 2613 1569 rursum
2645 1517 2975 1572 detrahendo
3003 1520 3273 1588 humoque
3303 1521 3421 1573 alli-

1864 1605 2059 1671 dendo,
2098 1607 2380 1674 imperium
2410 1610 2508 1661 sibi
2548 1610 2597 1661 in
2644 1624 2831 1663 omnes
2870 1620 2924 1663 et
2956 1611 3023 1664 de
3064 1614 3315 1666 onmibus
3345 1614 3423 1663 la-

1868 1704 2041 1750 tenter
2064 1710 2302 1767 arrogat.
2321 1700 2681 1764 Quamobrem
2699 1699 2956 1754 lsidorum
2977 1718 3191 1772 quoque
3212 1706 3427 1759 assidue

1868 1805 1970 1842 non
2016 1791 2187 1857 magis
2238 1791 2439 1853 laudat,
2469 1807 2629 1859 quam
2672 1794 2946 1860 vituperiis
2984 1807 3195 1849 onerat.
3245 1795 3426 1865 Neque

1869 1896 1995 1934 vero
2025 1897 2089 1936 ex
2122 1884 2309 1953 logicis
2332 1899 2451 1936 cum
2477 1886 2881 1952 quaestionibus,
2902 1896 3011 1938 tum
3044 1888 3422 1953 solutionibus,

1865 1988 2000 2042 quas
2027 1974 2108 2028 vel
2138 1990 2203 2027 ex
2229 1976 2347 2031 aliis
2374 1977 2460 2031 ille
2488 1992 2584 2045 pro
2606 1979 2955 2041 admirandis,
2982 1980 3064 2033 vel
3092 1981 3157 2033 de
3186 1995 3281 2033 suo
3306 1995 3429 2048 pec-

1869 2072 1984 2117 tore
2005 2064 2094 2133 (ob
2119 2066 2347 2119 celerem
2371 2069 2565 2121 mentis
2590 2068 2934 2137 agitationem
2963 2080 3016 2123 et
3037 2071 3425 2124 accuratiorem

1866 2158 2149 2210 scientiam
2183 2169 2496 2229 arroganter
2528 2174 2647 2214 sese
2676 2159 2926 2231 efferens)
2950 2163 3002 2213 in
3028 2164 3264 2216 medium
3300 2179 3425 2230 pro-

1867 2245 2034 2307 ducit,
2059 2245 2349 2314 quidquam
2383 2262 2544 2314 supra
2580 2262 2696 2311 eos,
2722 2251 2810 2317 qui
2846 2252 2895 2303 in
2932 2250 3273 2321 phil050phia
3305 2269 3427 2307 ver-

1867 2336 1975 2389 sari
2008 2338 2163 2407 vulgo
2196 2340 2390 2401 solent,
2421 2339 2488 2391 ab
2516 2339 2617 2393 hoc
2638 2340 2852 2395 homine
2880 2345 3039 2410 paulo
3068 2344 3274 2399 felicius
3300 2361 3428 2399 con-

1869 2427 2063 2481 fectum
2110 2432 2379 2499 reperias;
2420 2442 2511 2486 aut
2556 2448 2767 2487 rursum
2811 2436 2876 2488 ad
2918 2451 3142 2490 acumen
3188 2452 3342 2503 eum,
3374 2450 3427 2493 et

1868 2520 2151 2575 volubilem
2216 2526 2410 2577 mentis
2470 2525 2857 2592 agitationem,
2916 2539 3176 2596 quantum
3237 2531 3425 2585 saltem

1867 2612 2070 2665 homini
2118 2614 2198 2669 fas
2246 2626 2349 2681 est,
2392 2618 2581 2670 nedum
2631 2629 2889 2685 quantum
2934 2619 3063 2685 Deo,
3093 2625 3426 2689 pervenisse.

1868 2706 1960 2756 sed
1992 2719 2165 2772 neque
2185 2707 2285 2759 alia
2308 2716 2601 2773 ostentare,
2624 2725 2741 2777 qua:
2765 2711 2845 2762 vel
2871 2713 3161 2765 mediocria
3190 2714 3241 2765 in
3266 2715 3427 2768 rebus

1868 2796 2251 2865 philosophicis
2285 2800 2413 2852 sint.
2447 2799 2599 2853 Mitto
2634 2816 2752 2868 qua:
2784 2816 2877 2869 per
2905 2816 3172 2856 summam
3208 2818 3427 2858 accura-

1869 2890 2064 2941 tiouem
2116 2890 2470 2950 deducantur.
2515 2891 2711 2960 quibus
2761 2901 2939 2946 tamen
2988 2892 3077 2946 ille
3123 2894 3429 2949 nominibus

1866 2981 2046 3034 clarus
2078 2982 2407 3051 illustrisque
2442 2983 2691 3037 habetur.

1938 3160 2017 3211 Ad
2051 3160 2245 3230 stylum
2282 3161 2421 3228 quod
2463 3162 2676 3224 attinet,
2710 3162 2963 3231 pleraque
2990 3163 3107 3231 ejus
3135 3165 3297 3218 verba
3325 3181 3427 3218 non

1870 3252 2051 3320 procul
2081 3269 2108 3304 a
2141 3255 2524 3321 perspicuitate
2556 3254 2857 3307 discedunt.
2889 3254 3206 3310 Habetitem
3230 3258 3428 3326 aliquid

1872 3344 2031 3413 126
2048 3344 2075 3395 b
2093 3346 2320 3397 aliarum
2350 3346 2673 3408 formarum,
2697 3362 2815 3412 quae
2838 3347 3016 3399 verbis
3042 3348 3394 3414 designantur

1868 3436 2232 3501 asperitatem,
2263 3438 2501 3504 inquam,
2538 3453 2641 3505 qua
2679 3440 3045 3505 pronuntiatio
3071 3442 3335 3508 asperior,
3370 3456 3431 3495 ac

1868 3542 1966 3579 vox
2000 3530 2152 3595 quasi
2175 3529 2379 3594 planior
2402 3530 2669 3593 redditur;
2699 3540 2750 3582 et
2776 3530 2825 3580 in
2862 3531 3133 3597 poeticum
3168 3541 3429 3599 przeterea

1868 3634 2047 3678 usum,
2082 3634 2255 3671 raram
2288 3620 2521 3686 quidem,
2546 3621 2637 3671 scd
2685 3621 2990 3673 liberiorem
3035 3623 3403 3690 evagationem

1870 3710 2029 3777 Tr0pi
2064 3726 2188 3763 vero
2220 3712 2292 3763 ita
2326 3712 2438 3778 ejus
2483 3710 2767 3763 elfortnant
2805 3715 3105 3765 orationem
3137 3724 3194 3765 ut
3236 3714 3286 3765 in
3328 3716 3429 3766 im-

1869 3806 2093 3867 peritam
2140 3806 2426 3869 quamdam
2484 3817 2546 3854 ac
2600 3803 2845 3870 frigidam
2916 3803 3297 3867 elocutionem,
3342 3816 3434 3857 aut

1870 3890 2139 3943 duriorem
2179 3892 2409 3959 aliquam
2455 3894 2881 3943 immutationem
2913 3908 3251 3962 nequaquam
3286 3895 3433 3949 defe-

1872 3990 2080 4042 rantur,
2133 3981 2225 4032 sed
2277 3982 2594 4033 suavitatem
2646 3991 2703 4033 ut
2751 3982 3040 4049 plurimum
3096 3994 3151 4037 et
3202 3985 3431 4053 gratiam

1868 4087 1933 4125 ex
1978 4073 2168 4138 seipsis
2222 4074 2411 4125 saltem
2442 4073 2749 4125 concilient.
2790 4072 2988 4125 Verum
3029 4087 3086 4127 ut
3120 4080 3433 4145 perspicuus

1869 4163 1959 4226 sit,
1995 4164 2283 4216 maximam
2321 4178 2511 4215 vocum
2550 4173 2780 4231 partem,
2809 4166 3055 4217 universa
3093 4175 3270 4220 tamen
3306 4184 3431 4220 ora-

1871 4256 2032 4309 tionis
2059 4257 2219 4319 serie,
2260 4272 2362 4309 non
2396 4257 2543 4310 item.
2576 4256 2707 4309 Nam
2739 4266 2793 4310 et
2820 4259 3139 4327 c0mpositio
3170 4262 3286 4327 ejus
3329 4278 3431 4314 non

1872 4360 1979 4403 tam
2028 4348 2367 4414 compositio,
2416 4363 2575 4416 quam
2612 4348 2889 4401 innovatio
2930 4352 3177 4418 quadam
3220 4362 3341 4405 est:
3382 4364 3434 4405 et

1871 4440 1984 4509 ipsa
2034 4455 2193 4508 porro
2225 4442 2618 4493 circumductio
2660 4443 2929 4494 assiduam
2962 4444 3191 4497 offerens
3213 4447 3433 4498 satieta—

196 4530 290 4577 καὶ
318 4526 418 4593 τὴν
455 4525 620 4593 ἄλλην
659 4526 874 4577 ἃπασαν
913 4525 1005 4577 τοῦ
1049 4526 1205 4593 λόγου
1248 4529 1501 4595 σπουδήν,
1549 4531 1639 4580 Διὸ
1674 4532 1764 4581 καὶ
1798 4531 1841 4585 D

1761 4570 1764 4579 .
1798 4531 1841 4585 D
1872 4544 1999 4590 tem,
2038 4546 2142 4584 non
2175 4531 2577 4600 perspicuitatis
2606 4532 2762 4583 modo
2801 4531 2995 4585 factam
3036 4549 3205 4601 spem,
3247 4550 3429 4587 verum

195 4619 411 4688 χαρίεις
442 4617 505 4668 ἂν
530 4617 699 4679 ἄλλως
733 4620 760 4669 ὀ
789 4617 943 4681 λόγος
975 4613 1111 4669 εἶναι
1148 4618 1460 4687 δυνάμενος,
1506 4621 1602 4689 τὴν
1635 4622 1763 4691 ὅσην

195 4712 260 4760 ἂν
306 4707 535 4767 δυνατὸς
563 4704 630 4777 ἦν
669 4709 1085 4775 κεκολασμένων
1141 4708 1343 4760 τούτων
1386 4711 1542 4778 χάριν
1580 4728 1764 4780 παρα-

197 4804 346 4869 σχεῖν
380 4804 493 4861 τοῖς
524 4802 829 4870 εἰρημένοις
856 4800 1149 4871 ἀφῄρηται.
1185 4804 1293 4854 Καὶ
1322 4805 1377 4853 αί
1406 4804 1684 4871 περιϐολαί
1706 4804 1761 4856 δέ

197 4896 313 4946 rint
344 4911 407 4959 γε
440 4893 685 4961 δριμείας
706 4893 961 4955 διανοίας,
987 4892 1111 4961 [τίίὸ
1134 4893 1222 4963 H.]
1252 4894 1357 4945 οὐδ’
1393 4897 1759 4963 ἐπαφρόδιτοι,

196 4986 319 5037 οὐδὲ
350 4987 412 5036 τὺ
445 4985 640 5053 γοργὸν
673 4986 1086 5055 ὑποτρέχουσαι,
1129 4980 1216 5047 αἷς
1249 4986 1313 5037 ἄν
1340 5004 1421 5047 τις
1461 4990 1599 5039 κατά
1638 4990 1761 5057 τρό-

200 5097 297 5130 πον
332 5080 431 5130 καὶ
458 5079 879 5139 καλλωπισαιτο,
920 5077 1054 5129 ἀλλά
1089 5078 1292 5129 τούτων
1329 5079 1391 5147 δὴ
1421 5080 1527 5131 τῶν
1572 5082 1762 5133 κοινῶν

199 5172 293 5223 καί
326 5171 663 5221 ἐπιπολαίων
692 5171 783 5221 καὶ
806 5170 924 5221 οὐδὲ
952 5171 1011 5220 τὸ
1034 5171 1328 5237 ἀναγκαῖον
1351 5174 1415 5241 τῇ
1447 5174 1639 5241 χρήσει
1673 5177 1762 5225 καὶ

196 5266 313 5324 ταῖς
347 5260 736 5329 περιστάσεσιν
760 5262 1167 5327 ἀναφαινόντων
1191 5263 1234 5292 ⁸³
1264 5263 1639 5331 βλαστήματα.
1684 5265 1764 5317 Τὰ

195 5357 250 5408 δῖε
292 5358 553 5425 σχήματα
586 5356 634 5406 εί
673 5355 910 5424 μὴκατὰ
947 5355 1007 5407 τὸ
1046 5356 1337 5419 πλεονάζον
1376 5360 1467 5409 ἐπὶ
1501 5360 1763 5426 μήκιστον

195 5450 315 5510 ταῖς
364 5445 639 5513 περιόδοις
680 5445 993 5509 ἐξετείνετο,
1035 5444 1145 5497 οὒτ’
1184 5447 1249 5498 ἀν
1296 5448 1434 5507 αὐτὰ
1471 5449 1531 5498 τὸ
1720 5451 1763 5480 ⁸³

1869 4626 2031 4677 etiam
2077 4637 2237 4677 omne
2280 4625 2499 4677 omnino
2546 4626 2596 4675 in
2628 4626 2875 4679 oratione
2920 4627 3153 4692 positum
3198 4628 3431 4680 studium

1869 4716 2143 4768 obscurat.
2179 4715 2357 4781 Quare
2401 4731 2521 4769 cmn
2566 4715 2799 4783 jucunda
2843 4727 3028 4781 posset
3070 4718 3206 4771 alias
3260 4721 3434 4771 oratio

1869 4822 2011 4867 esse,
2055 4808 2199 4859 onmi
2243 4808 2326 4859 illa
2360 4808 2548 4874 gratia,
2593 4821 2753 4873 quam
2809 4808 2891 4859 his
2943 4810 3192 4876 expolitis
3238 4810 3435 4862 habere

1871 4907 2101 4965 poterat,
2135 4912 2228 4963 per
2268 4911 2327 4947 ea
2360 4910 2479 4963 qua:
2520 4898 2750 4949 diximus
2789 4896 3015 4964 spoliata
3053 4909 3153 4951 est.
3186 4898 3431 4951 Circum-

1871 4988 2147 5039 ductiones
2182 4987 2386 5049 adhaec,
2424 5001 2596 5053 neque
2631 4988 2892 5040 acriorem
2932 5002 3149 5041 sensum
3181 4989 3431 5057 aliquem.

1872 5093 2046 5145 neque
2090 5087 2448 5140 venustatem,
2510 5092 2680 5144 neque
2734 5078 3071 5131 velocitatem
3130 5083 3209 5133 vel
3262 5084 3434 5134 obiter

1868 5170 2169 5236 attingunt;
2194 5168 2388 5235 quibus
2421 5176 2598 5219 tamen
2625 5168 2782 5219 rebus
2816 5182 2917 5219 non
2952 5168 3129 5235 inepte
3163 5168 3431 5236 quispiam

1868 5260 2129 5327 glorietur
2158 5277 2169 5311 :
2200 5273 2384 5310 verum
2417 5258 2779 5311 communiqu
2827 5258 3014 5309 horum
3052 5267 3213 5325 atque
3240 5260 3434 5311 levium

1867 5358 2305 5403 ornamentorum
2342 5364 2407 5403 ne
2435 5364 2495 5403 ea
2520 5349 2729 5417 quidem
2762 5349 2845 5401 hic
2884 5362 3146 5417 apparent
3170 5351 3433 5417 germina,

1866 5458 1983 5509 quae
2006 5446 2071 5494 ad
2098 5442 2457 5496 necessarium
2484 5456 2635 5495 usum
2661 5448 2821 5508 atque
2854 5442 3289 5495 circumstantias
3312 5457 3430 5508 per-

1470 5603 1707 5658 V'ARl/E
1748 5602 2147 5660 LECTIONES.

264 5722 309 5749 ⁵³
351 5720 578 5790 καινῶν]
616 5723 796 5787 aptius
842 5722 1054 5775 videtur
1090 5723 1279 5777 κενῶν.

198 5863 240 5890 ⁸³
270 5862 678 5928 ἀποφαινόντων
710 5866 746 5914 Α
784 5905 793 5915 .
834 5863 1216 5930 ἀποφαίνονται
1243 5880 1300 5925 ς.

1378 5724 1422 5753 ⁵⁸
1447 5724 1694 5791 φαίνεται
1725 5724 1849 5797 add.
1881 5728 1943 5777 A.

200 5790 359 5857 μένου
394 5800 448 5842 ct
490 5794 579 5849 :38.
612 5795 802 5860 ἐξῆρεν
827 5794 1064 5859 Scaliger
1098 5812 1109 5845 :
1149 5795 1271 5845 libri
1308 5793 1637 5862 ἐξῃρημένου
1667 5825 1735 5834 -
1766 5793 1967 5863 ἐξῄρει.

200 5863 240 5890 ¹¹
270 5862 678 5919 ἀποφαινόντων
710 5866 746 5914 Α
784 5905 793 5915 .
834 5863 1216 5919 ἀποφαίνονται
1243 5880 1300 5919 ς’.
1380 5866 1421 5896 ⁵³
1460 5866 1525 5919 τιὴ
1550 5875 1671 5917 ante
1706 5869 1839 5917 κατὰ
1871 5882 1978 5919 ctu.
2001 5866 2039 5916 A

2069 5723 2111 5753 ⁸⁷
2142 5739 2199 5774 τε
2227 5720 2346 5775 add.
2390 5722 2448 5776 .\.

2048 5793 2091 5823 ⁰⁰
2122 5793 2194 5862 μὴ
2224 5793 2330 5861 ὅτι]
2362 5796 2466 5846 imo
2501 5794 2572 5860 μή
2609 5793 2674 5844 τί.

2560 5723 2603 5753 ⁵⁸
2631 5718 3013 5773 ἁποκαθιστῶν
3060 5738 3120 5782 τ.
3198 5721 3240 5751 ³⁹
3276 5718 3417 5784 ἐξηρ-

2755 5792 2795 5821 “
2820 5789 2925 5842 τῶν
2958 5789 3152 5853 λέξεων
3187 5790 3336 5857 μέρει
3371 5805 3427 5849 ς.
