4224 6446
784 396 879 462 531
1918 404 2177 465 ΡΗΟΤΙῘ
2220 407 2445 467 l’ATRI

1918 404 2177 465 ΡΗΟἹῚῘ
2220 407 2723 467 l’ATRIARCH/E
2762 407 2868 466 (ΖΡ.

3919 404 4025 469 532

788 511 1012 562 tineant.
1041 506 1159 561 Jam
1210 508 1413 575 figurae,
1456 509 1556 563 nisi
1606 510 1921 580 longissime
1972 529 2094 567 cum
2145 515 2350 569 redun-
2381 534 2456 587 Ας

2381 534 2422 587 Α
2453 516 2591 567 κατὰ
2626 517 2687 567 τὸ
2728 515 2928 583 μᾶλλον
2969 514 3361 583 μεγεθύνεσθαι
3390 515 3509 569 οὔτε
3540 516 3602 569 τὸ
3638 518 3711 586 μὴ
3744 517 3805 569 τὸ
3844 525 4023 568 ποικί-

786 600 969 652 dautia
1017 614 1114 666 per
1159 601 1391 654 ambitus
1443 602 1889 667 extenderentur,
1934 620 2209 673 nunquam
2259 622 2351 661 eas

782 692 928 744 vires
969 691 1253 757 haberent,
1290 692 1484 760 quibus
1531 707 1560 745 a
1607 694 1782 748 medio
1825 696 2187 765 decorumque
2232 712 2349 751 ser-

784 793 944 837 vante
987 794 1414 853 temperamento
1455 788 1807 841 abducerent.
1848 787 2190 843 Vehementia
2222 792 2350 845 item

784 888 945 941 atque
990 877 1267 930 amarities
1302 878 1511 932 abunde
1564 879 1648 932 his
1695 880 1831 931 inest
1876 880 2091 949 scriptis
2131 898 2350 950 :quan-

783 981 945 1033 quam
976 976 1030 1019 et
1058 968 1141 1019 illa
1192 982 1562 1035 saepenumero
1603 969 1928 1039 languescit,
1963 987 2066 1025 non
2102 974 2352 1027 mistione

784 1072 847 1108 ac
883 1068 1308 1127 temperamento
1333 1059 1597 1127 idearum,
1620 1064 1759 1131 quod
1794 1063 1933 1117 foret
1953 1065 2235 1132 optimum,
2258 1066 2351 1119 sed

783 1148 1085 1203 defectione
1130 1150 1422 1204 dictionum
1469 1162 1522 1205 et
1578 1169 1762 1207 earum
1809 1156 2036 1222 partium
2082 1172 2201 1225 qua:
2232 1172 2348 1209 eam

781 1240 890 1289 vim
944 1240 1166 1305 habent,
1225 1251 1282 1294 ut
1333 1243 1569 1311 phrasim
1620 1244 1970 1299 valentiorem
2018 1246 2249 1301 reddant
2286 1263 2351 1301 ac

785 1328 1171 1394 turgidiorem;
1210 1332 1352 1398 quod
1389 1332 1571 1385 multis
1603 1332 1843 1401 quidem,
1873 1332 2136 1401 ejusmodi
2186 1350 2347 1402 pecu-

783 1418 971 1473 liarem
1028 1422 1261 1488 aliquam
1309 1423 1561 1491 loquendi
1613 1422 1843 1478 formam
1891 1427 2349 1489 consectantibus,

781 1511 1048 1580 contingit
1096 1530 1109 1565 :
1159 1528 1263 1565 non
1320 1524 1495 1567 tamen
1533 1516 1634 1569 hoc
1684 1531 1804 1569 cum
1858 1515 2012 1570 laude
2052 1517 2118 1571 iis
2158 1516 2349 1571 saltem

781 1605 983 1667 evenit,
1024 1604 1116 1671 qui
1164 1604 1430 1658 sustinere
1474 1621 1636 1673 supra
1671 1606 1816 1659 vires
1864 1618 2168 1675 susceptum
2212 1624 2351 1662 onus

783 1708 890 1745 non
918 1702 1226 1761 potuerunt.
1250 1692 1361 1747 Hoc
1395 1695 1555 1763 igitur
1575 1706 1714 1758 esto,
1737 1707 1796 1749 ut
1818 1696 2135 1765 simpliciter
2155 1698 2347 1761 dicant,

781 1786 849 1838 de
875 1785 992 1854 ejus
1027 1786 1262 1839 dictione
1295 1785 1557 1853 judicium
1592 1804 1607 1839 :
1644 1803 1767 1840 nam
1818 1788 1870 1840 in
1924 1803 2023 1851 eo,
2058 1788 2146 1855 qui
2186 1787 2349 1841 vitam

2454 603 2542 654 λον
2567 605 2613 634 ⁸⁵
2655 604 3062 669 ἀπενέγκασθαι
3117 604 3216 656 οὐκ
3265 606 3331 657 ἂν
3379 606 3517 657 αὐτὰ
3562 606 3663 674 τῆς
3706 606 4025 675 συμμέτρου

2453 693 2705 762 κράσεως
2751 694 2847 744 καὶ
2892 694 2953 744 τὸ
2998 694 3206 763 πρέπον
3260 694 3489 763 ἐχούσης
3534 696 3688 763 ίσχὺν
3729 689 3874 763 εἶχεν
3916 698 4025 747 άπ-

2452 784 2628 850 άγειν.
2672 785 2745 836 Τὸ
2772 785 2950 853 μέντοι
2982 783 3197 837 εὔτονον
3224 787 3269 817 ⁸⁸
3303 787 3398 837 καὶ
3421 786 3620 855 πικρὸν
3664 785 3914 855 περίεστι
3948 786 4025 854 τῷ

2452 876 2612 945 λόγῳ·
2644 876 2779 928 ἀλλὰ.
2825 876 2916 928 καὶ
2955 875 3112 927 τοῦτο
3156 875 3419 939 πολλάκις
3466 876 3741 938 ἐκλύεται,
3779 878 3838 929 οὺ
3881 878 4026 947 μίξει

2452 970 2545 1019 καὶ
2576 969 2766 1035 κράσει
2792 968 2901 1019 τῶν
2947 968 3122 1030 ίδεῶν,
3169 969 3306 1037 ὅπερ
3337 968 3581 1037 ἄριστον,
3612 968 3729 1021 ἀλλ’
3761 968 4027 1036 ἐπιλείψει

2452 1059 2917 1127 καταϐιαζόμενον
2952 1060 2996 1090 ⁸⁸
3052 1062 3159 1112 τῶν
3197 1062 3478 1113 τεινόντων
3521 1060 3618 1129 τὴν
3685 1062 3887 1132 φράσιν
3932 1062 4028 1113 καὶ

2450 1148 2807 1214 διογκούντων
2846 1147 3048 1213 λέξεων
3090 1165 3149 1199 τε
3191 1148 3285 1200 καὶ
3323 1147 3431 1199 τῶν
3476 1147 3651 1200 ἄλλων
3702 1146 3888 1217 μερῶν
3926 1147 4029 1215 τῆς

2451 1240 2703 1309 τοιαύτης
2739 1240 2939 1308 ίσχύος·
2982 1238 3109 1309 [ΗΞ
3140 1234 3235 1311 3.]
3265 1240 3293 1291 ὃ
3321 1239 3535 1302 πολλοῖς
3572 1239 3671 1307 μὲν
3692 1241 3801 1291 τῶν
3830 1256 3894 1305 γε
3927 1239 4029 1307 τὴν

2450 1331 2708 1399 τοιαύτην
2764 1331 3092 1401 ίδιοτροπίαν
3143 1330 3637 1401 ὲπιτετηδευκότων
3694 1331 3917 1399 συνέϐη,
3965 1332 4027 1383 οὐ

2455 1422 2560 1493 μὴν
2592 1423 2727 1491 πρὸς
2769 1424 2994 1476 ἐπαίνου
3036 1439 3097 1490 γε
3120 1426 3233 1485 τοῖς
3272 1423 3346 1491 μὴ
3372 1422 3729 1476 διασεσωκὸσι
3770 1423 3862 1476 τὸν
3886 1424 4030 1491 ὑπὲρ

2455 1517 2607 1585 ίσχὺν
2632 1518 2869 1585 ἠρμένον
2912 1518 3109 1586 φόρτον
3148 1514 3455 1568 ἀποϐαίνει.
3514 1515 3676 1568 Ἀλλὰ
3712 1514 3884 1567 ταῦτα
3928 1518 4029 1583 μὲν

2452 1608 2631 1677 κρίσις
2650 1610 2718 1671 ⁸⁷,
2741 1609 2816 1671 ὡς
2842 1611 3014 1662 εἰπεῖν
3041 1610 3226 1671 ἁπλῶς
3253 1625 3316 1676 γε
3341 1608 3521 1675 λόγου·
3548 1606 3644 1659 τοῦ
3670 1607 3726 1657 δὲ
3759 1604 3870 1674 βίον
3896 1608 4029 1675 γρά·

2453 1716 2644 1767 φοντος
2676 1701 2816 1770 τάχα
2853 1702 2920 1754 ἂν
2962 1702 3047 1770 εἴη
3094 1702 3187 1754 καὶ⁵
3221 1701 3385 1771 ἔτερα
3420 1699 3661 1751 πλείονα.
3692 1699 3758 1750 Τί
3790 1699 3898 1767 γάρ
3931 1698 4029 1749 αὑ-

2451 1789 2529 1859 τῷ
2566 1790 2747 1860 δεήσει
2786 1793 2966 1863 μορφὴ
3014 1792 3102 1845 διὰ
3140 1791 3404 1861 μεγέθους
3443 1792 3682 1860 ἥκουσας
3728 1790 4027 1859 νομοθέτου

780 1876 1101 1940 conscribit,
1149 1876 1350 1931 fuerint
1414 1887 1468 1932 et
1522 1878 1626 1932 alia
1687 1879 1914 1932 fortasse
1960 1880 2109 1948 plura
2161 1882 2351 1934 adver-
2384 1887 2425 1941 Β

2384 1887 2425 1941 Β
2455 1882 2562 1952 γὰρ
2591 1883 2689 1936 καὶ
2721 1885 3147 1953 προστάττοντος
3175 1884 3334 1937 τοῦτο
3360 1883 3538 1949 λόγου.
3568 1884 3632 1934 Τί
3662 1883 3718 1934 δὲ
3751 1884 3902 1945 τόνος
3934 1885 4028 1935 καὶ

780 1966 967 2019 tenda.
1011 1965 1149 2031 Quid
1198 1967 1341 2020 enim
1390 1982 1523 2035 opus
1574 1970 1674 2037 ipsi
1730 1978 1847 2023 erat
1898 1972 2218 2037 granditatis
2272 1974 2346 2025 uti

781 2056 997 2111 forma?
1027 2058 1353 2127 Iegislatoris
1399 2060 1544 2113 enim
1588 2075 1651 2114 ac
1688 2062 2082 2128 praescribentis
2116 2064 2347 2118 orationi

2456 1974 2717 2045 περιϐολὴ
2740 1977 2977 2045 τοσαύτη
3008 1977 3100 2029 καὶ
3128 1977 3227 2046 τῆς
3250 1976 3522 2045 συνθήκης
3546 1976 3606 2027 τὸ
3632 1974 3824 2045 άηθες;
3866 1977 4027 2029 Ἀλλὰ

2455 2065 2631 2121 ταῦτα
2663 2068 2761 2138 μὲν
2790 2071 2883 2121 ἐπὶ
2912 2070 3184 2122 τοσοῦτον.

782 2155 887 2209 hoc
930 2156 1225 2224 proprium.
1274 2156 1412 2223 Quid
1459 2156 1581 2211 dein
1633 2158 1943 2223 contentio,
1984 2168 2243 2228 tantaque
2308 2160 2737 2229 circumductio,
2785 2174 2841 2219 et
2889 2163 3304 2233 compositionis
3356 2163 3611 2217 inusitata
3701 2163 3881 2217 ratio?
3921 2161 4026 2218 Sed

782 2248 897 2301 haec
928 2250 1207 2302 hactenus.

856 2339 1170 2395 Damascius
1194 2349 1373 2394 autem
1408 2341 1459 2394 in
1491 2341 1705 2396 dicendi
1735 2352 1849 2396 arte
1878 2352 1984 2397 tres
2013 2345 2155 2413 ipsos
2185 2359 2354 2399 annos

784 2429 988 2485 Theoni
1018 2446 1235 2499 operam
1268 2432 1436 2497 dedit,
1469 2432 1793 2502 praefuitque
1832 2434 2109 2490 rhetoricis
2141 2438 2351 2491 exerci-

784 2522 1083 2576 tationibus
1122 2536 1291 2576 annos
1336 2521 1448 2575 fere
1488 2537 1703 2576 novem.
1736 2523 2057 2578 Geometrire
2089 2535 2144 2579 et
2181 2526 2352 2579 arith-

791 2614 1001 2667 metica:
1059 2612 1251 2681 127a
1316 2621 1750 2681 caeterarumqne
1812 2617 2009 2668 artium
2073 2618 2350 2671 doctorem

785 2706 973 2758 habuit
1017 2706 1278 2758 Marinum
1314 2705 1425 2773 (27)
1458 2706 1684 2759 Athenis
1734 2704 1904 2759 Procli
1956 2722 2349 2764 successorem.

781 2798 839 2851 In
871 2797 1258 2865 phil030phicis
1290 2798 1609 2865 disciplinis,
1654 2797 1934 2853 Zenodoro
1968 2801 2193 2853 Athenis
2226 2817 2353 2856 usus

781 2899 865 2945 est
896 2890 1174 2959 magistro,
1206 2890 1293 2956 qui
1320 2906 1373 2942 et
1405 2891 1519 2957 ipse
1556 2901 1679 2958 post
1714 2892 1975 2945 Marinum
2011 2892 2197 2946 Proclo
2231 2909 2346 2948 suc-

782 2984 978 3047 cessit;
1035 2983 1323 3036 Ammonio
1382 2998 1507 3037 vero
1564 2983 1792 3037 Hermia:
1828 2985 1936 3037 filio
1972 2986 2081 3053 (‘28)
2126 2986 2355 3037 Alexan-

780 3082 932 3145 driae,
965 3096 1124 3148 quem
1157 3096 1261 3133 non
1300 3096 1485 3148 parum
1520 3082 1729 3134 czeteris
1756 3098 1865 3134 sine
1898 3083 2071 3134 aetatis
2123 3083 2355 3150 philoso-

2535 2346 2594 2398 '0
2624 2348 2678 2399 δὲ
2714 2348 3024 2417 Δαμάσκιος
3049 2348 3149 2417 τήν
3181 2363 3241 2399 τε
3266 2345 3663 2417 ῥητορεύουσιν)
3688 2347 3887 2415 τέχνην
3922 2346 4025 2397 ὑπὸ

2451 2440 2619 2492 Θέωνι
2658 2440 2783 2510 τρία
2816 2439 2907 2510 ἔτη
2940 2440 3037 2491 ὅλα
3072 2439 3384 2509 διεπόνησε,
3414 2440 3506 2493 καὶ
3540 2438 3783 2512 προῦστη
3814 2439 4023 2507 διατρι-

2451 2532 2560 2583 ϐῶν
2593 2530 2894 2602 ῥητορικῶν
2924 2533 3016 2584 ὲπὶ
3046 2530 3143 2600 ἔτη
3188 2532 3253 2593 θ’,
3285 2532 3628 2603 γεωμετρίας
3667 2530 3723 2585 δὲ
3763 2530 3857 2586 καὶ
3904 2531 4023 2602 ἀρι-

2451 2623 2722 2692 θμητικῆς
2761 2624 2852 2674 καὶ
2893 2623 3001 2675 τῶν
3048 2622 3224 2675 ἄλλων
3274 2624 3610 2692 μαθημάτων
3652 2626 3892 2693 Μαρῖνον
3932 2624 4026 2675 τὸν

2455 2716 2694 2783 διάδοχον
2727 2715 2969 2784 Πρόκλου
2997 2715 3055 2766 ὲν
3103 2714 3354 2783 Ἀθήναις
3390 2714 3515 2783 ἔσχε
3544 2716 3881 2771 διδάσκαλον.
3913 2718 4025 2784 Τῆς

2456 2806 2511 2857 δὲ
2538 2805 2823 2872 φιλοσόφου
2856 2805 3088 2866 θεωρίας
3119 2805 3147 2857 ὅ
3184 2822 3243 2856 τε
3285 2806 3574 2871 Ζηνόδοτος
3610 2807 3759 2875 αὐτῷ
3788 2807 4025 2875 καθηγε-

2461 2898 2575 2967 μὼν
2623 2898 2879 2967 Ἀθήνησι
2922 2898 3015 2949 καὶ¹
3052 2898 3213 2959 αὐτὸς
3258 2898 3497 2965 ἐγεγόνει
3540 2898 3802 2966 (διάδοχος
3831 2899 3889 2951 δὲ
3930 2902 4026 2951 καὶ

2458 2985 2609 3050 οὗτος
2664 2990 2930 3057 Πρόκλου,
2980 2989 3045 3040 τὰ
3088 2988 3313 3055 δεύτερα
3363 2990 3608 3061 Μαρίνου
3662 2990 3892 3057 φέρων),
3934 2993 4027 3041 καὶ

2472 3080 2777 3149 Ἀμμώνιος
2812 3082 2868 3131 ἐν
2910 3080 3285 3150 ’Λλεξανδρείᾳ
3312 3083 3340 3133 ὁ
3371 3082 3648 3151 Ἑρμείου,
3674 3082 3731 3133 ὃν
3753 3082 3813 3133 οὺ
3846 3082 4027 3150 μικρῷ

779 3172 902 3239 phis
923 3172 1249 3225 antecellere
1275 3173 1485 3237 scribit,
1509 3183 1563 3225 et
1588 3173 1816 3226 maxime
1847 3174 1897 3225 in
1931 3173 2347 3226 mathematicis.
2379 3167 2424 3229 C

2379 3167 2424 3229 C
2458 3172 2640 3241 μέτρῳ
2660 3170 2767 3223 τῶν
2793 3170 2913 3222 καθ’
2936 3171 3125 3223 ἑαυτὸν
3143 3172 3235 3223 ἐπὶ
3259 3171 3545 3241 φιλοσοφίᾳ
3570 3172 3703 3239 φησὶ
3721 3171 4022 3242 διαφέρειν,

781 3263 951 3329 Hujus
988 3265 1038 3317 in
1070 3263 1360 3317 Platonicis
1398 3278 1455 3317 se
1493 3264 1794 3317 auditorem
1835 3264 2003 3316 fuisse
2037 3263 2353 3316 Damascius

779 3355 987 3418 scribit,
1044 3366 1101 3407 ut
1155 3365 1209 3407 et
1267 3352 1542 3408 Ptolemazi
1601 3370 1810 3423 magna:
1862 3355 2351 3409 astronomicorum

781 3458 1089 3518 syntaxeos.
1132 3447 1431 3500 Dialecticaa
1474 3455 1649 3499 tamen
1697 3446 2101 3500 exercitationis
2123 3446 2350 3513 vim'lusu

783 3554 844 3593 se
892 3554 955 3593 ac
1002 3538 1371 3592 familiaritate
1414 3537 1601 3591 lsidori
1649 3546 1998 3591 consecutum
2051 3535 2348 3597 contendit,

782 3646 938 3700 quem
985 3640 1039 3685 et
1096 3632 1146 3683 in
1192 3631 1291 3683 hac
1347 3631 1458 3696 ipsa
1510 3629 1807 3682 disserendi
1864 3627 2116 3681 facultate
2163 3642 2352 3680 omnes

781 3732 1044 3793 quotquot
1068 3722 1195 3775 illud
1225 3722 1479 3774 saeculum
1512 3721 1654 3784 tulit,
1676 3722 1865 3775 domos
1892 3720 2139 3775 homines
2159 3719 2351 3774 obscu-

781 3828 931 3868 rasse
962 3821 1368 3866 commemorat.

1412 3987 1715 4042 CLXXXII.

787 4079 850 4134 Β.
893 4080 1125 4149 Eulogii,
1173 4081 1479 4148 archiepisc.
1516 4080 1895 4201 .?_ll;vrandriiti,
1932 4078 2128 4134 Contra
2168 4081 2352 4136 Nava-

1393 4163 1501 4201 tum
1550 4169 1562 4201 ι
1604 4167 1645 4200 η
1673 4166 1745 4201 vr.

1393 4163 1501 4203 tum
1527 4163 1645 4201 ΗοΠ
1673 4166 1745 4204 Vl.

849 4248 1002 4303 Lecti
1051 4257 1175 4302 sunt
1223 4247 1283 4299 Β.
1317 4247 1525 4315 Eulogii
1572 4246 1923 4299 Alexandrini
1958 4247 2349 4317 archiepiscopi

780 4337 976 4393 Contra
1006 4338 1269 4391 Navatunt
1296 4339 1407 4405 ('29)
1426 4347 1479 4391 et
1514 4336 1590 4391 De
1624 4340 2079 4393 administratione
2111 4340 2223 4408 (50)
2248 4338 2352 4411 [ρε-

779 4428 1095 4501 clesiastica]
1144 4430 1263 4483 libri
1317 4430 1557 4498 quinque
1611 4430 1747 4497 (3|).
1789 4428 2035 4483 Hominis
2077 4430 2241 4485 dictio
2284 4431 2347 4483 ad

2456 3266 2549 3316 καὶ
2577 3265 2811 3331 μάλιστα
2843 3265 2956 3326 τοῖς
2985 3265 3291 3333 μαθήμασι.
3326 3264 3526 3316 Τοῦτον
3556 3266 3648 3315 καὶ
3670 3264 3776 3315 τῶν
3800 3264 4025 3315 Πλατωο

2455 3356 2619 3407 νικῶν
2644 3355 2919 3426 ἐξηγητὴν
2945 3356 3091 3424 αὑτῷ
3112 3356 3436 3422 γεγενῆσθαι
3458 3356 3766 3425 Δαμάσκιος
3786 3356 4025 3424 ἀναγρά-

2456 3466 2567 3515 φει,
2610 3450 2705 3501 καὶ
2752 3451 2850 3517 τῆς
2896 3448 3199 3510 συντάξεως
3245 3447 3353 3498 τῶν
3386 3448 3796 3517 ἁστρονομικῶν
3826 3448 4026 3499 Πτολε-

2457 3537 2615 3604 μαίου
2662 3535 2899 3603 βιϐλίων.
2942 3536 3053 3601 Τῆς
3106 3536 3286 3601 μέντοι
3318 3535 3665 3603 διαλεκτικῆς
3710 3536 3907 3603 τριϐῆς
3930 3538 4026 3596 τὰς

2467 3626 2737 3694 ’ῐσιδώρου
2764 3626 3049 3689 συνουσίας
3078 3628 3177 3696 τὴν
3203 3627 3355 3694 ἰσχὺν
3383 3626 3531 3694 αὺτῷ
3559 3626 3890 3679 διατείνεται
3921 3644 4024 3677 πα-

2458 3724 2696 3789 ρασχεῖν,
2740 3722 2798 3773 ὃν
2831 3722 2923 3774 καὶ
2958 3723 3050 3775 ἐπὶ
3094 3724 3157 3789 τῇ
3200 3721 3420 3791 τοιαύτῃ
3463 3721 3569 3773 τῶν
3598 3721 3769 3787 λόγων
3798 3720 4026 3789 δυνάμει

2455 3812 2663 3872 πάντας
2691 3810 3034 3877 ἀνθρώπους,
3066 3812 3223 3869 ὅσους
3247 3812 3275 3863 ὁ
3304 3810 3424 3863 κατ’
3457 3811 3672 3880 ἐκείνην
3702 3811 3802 3880 τὴν
3832 3812 4027 3879 γενεάν

2453 3905 2651 3974 ἤνεγκε
2689 3904 2897 3972 χρόνος,
2932 3902 3353 3971 ἀποκρύψασθαι
3379 3920 3563 3972 φησιν.

3087 3993 3253 4045 PHB'.

2457 4087 2775 4155 Εὑλογιόυ,
2816 4086 3291 4155 ἀρχνεπισκόπου
3343 4086 3821 4155 Ἀλεξανδρείας,
3879 4088 4028 4141 κατὰ

2947 4154 3222 4208 Ναυάτου
3254 4159 3420 4224 λόγοι
3459 4156 3533 4219 ς’.

2536 4245 2870 4315 Ἀνεγνώσθη
2897 4246 3149 4313 Εὑλογίου
3179 4246 3273 4297 τοῦ
3307 4249 3364 4298 ὲν
3392 4246 3567 4313 ἁγίοις
3592 4248 4026 4317 άρχιεπισκόπου

2464 4338 2866 4406 Ἀλεξανδρείας
2896 4339 3048 4389 κατὰ
3082 4337 3357 4390 Ναυάτου
3388 4339 3480 4389 καὶ
3514 4338 3644 4405 περὶ
3681 4342 4027 4407 οίκονομίας

2451 4433 2617 4498 λόγοι
2657 4435 2715 4481 ε’.
2750 4430 2902 4481 ΙἜστι
2928 4430 3025 4498 τὴν
3049 4429 3249 4498 φράσιν
3280 4431 3307 4481 ό
3336 4429 3494 4497 ἀνὴρ,
3530 4432 3631 4481 ὅσα
3663 4431 3760 4498 μὲν
3793 4434 3874 4494 εἰς
3932 4433 4025 4483 λέ-

777 4522 937 4575 verba
976 4522 1117 4589 quod
1150 4522 1376 4584 attinet,
1411 4520 1523 4574 fere
1567 4522 1916 4573 mediocriter
1943 4533 2026 4576 est
2050 4531 2303 4576 accurata
2332 4541 2344 4576 :
2379 4534 2422 4587 ι)

2379 4534 2422 4587 ι)
2454 4523 2533 4585 ξιν
2571 4525 2712 4590 ἣκει,
2749 4520 2843 4573 τοῦ
2883 4521 3103 4591 μετρίου
3133 4538 3249 4583 πως
3306 4522 3393 4572 ἐπ’
3444 4522 3661 4573 ἔλαττον
3719 4523 4026 4592 ἠκριϐωμέσ

776 4628 962 4667 verum
999 4615 1402 4667 constructione
1443 4629 1546 4667 non
1589 4614 1771 4681 procul
1804 4630 1945 4683 swpe
1976 4631 2001 4667 a
2038 4617 2347 4670 soloecismo

778 4704 1035 4757 abscedit.
1078 4704 1389 4756 Divinarum
1426 4704 1612 4757 adhrec
1659 4702 2055 4770 Scripturarum
2110 4721 2212 4759 non
2262 4717 2347 4760 est

779 4796 1080 4864 imperitus,
1118 4810 1347 4865 quarum
1382 4796 1689 4850 testimonia
1716 4794 1946 4850 feliciter
1982 4806 2141 4865 atque
2181 4813 2347 4867 appo-

2455 4632 2563 4676 νος,
2596 4616 2693 4666 ὅσα
2719 4616 2775 4665 δὲ
2812 4615 2891 4676 είς
2916 4612 3214 4676 συντάξεις,
3236 4614 3401 4679 ἐγγὺς
3432 4614 3689 4674 πολλάκις
3719 4614 3826 4665 τῶν
3856 4616 4025 4667 σολοι-

2456 4706 2717 4767 κιζόντων
2751 4704 3075 4773 ἀφιγμένος,
3123 4705 3231 4755 τῶν
3264 4705 3321 4757 δὲ
3355 4705 3514 4756 θείων
3541 4706 3639 4756 οὐκ
3690 4705 4024 4775 ἀμελέτητος

2455 4797 2707 4865 Γραφῶν,
2740 4796 2873 4847 ἀλλὰ
2919 4796 3011 4849 καὶ
3041 4794 3311 4864 εὐστόχως
3340 4797 3529 4858 αὑταῖς
3561 4797 3701 4849 κατά
3728 4814 3786 4850 τε
3810 4798 3855 4827 ⁸⁸
3877 4798 4033 4850 Nan»

2045 4913 2279 4967 VARIAS
2318 4912 2720 4968 LECTIONES.

845 5005 893 5038 “
918 5003 1198 5059 ποικίλλον
1226 5006 1291 5060 Α.
1369 5002 1658 5056 ⁸⁵·έντονον
1686 5022 1744 5067 ς.
1781 5002 1887 5055 τῶν
1913 5002 2084 5067 λόγων
2122 5022 2182 5067 ς.

2281 5004 2324 5033 ⁸⁸
2347 5005 2483 5056 κατὰ
2517 5005 2577 5055 τὸ
2620 5002 2935 5071 βιαζόμενον
2966 5018 3027 5064 ς.

3124 5000 3168 5030 ⁸⁷
3196 4999 3372 5068 κρίσιν
3401 5001 3464 5052 Α.
3544 5000 3587 5029 ⁸⁸
3616 5015 3673 5051 τε
3707 4998 3832 5052 add.
3864 4999 3924 5051 Λ.

2286 5119 2513 5173 NOTAE.

848 5218 956 5281 (‘27)
997 5216 1158 5283 Cujus
1218 5216 1432 5270 libellus
1478 5216 1549 5269 De
1596 5213 1770 5267 Procli
1826 5214 2083 5267 Diadoc/ti
2145 5216 2247 5269 vita
2290 5216 2341 5268 in

777 5290 1025 5341 manibus
1058 5300 1169 5351 e5t;
1203 5287 1319 5354 lege
1356 5287 1507 5340 Suid.

846 5360 957 5423 (28)
992 5361 1066 5411 Ad
1104 5358 1501 5411 distinctionem
1543 5357 1703 5424 hujus
1737 5358 1803 5411 ab
1838 5356 2008 5409 altero
2041 5357 2346 5425 antiquiore

776 5430 1063 5482 Anunonio
1086 5428 1274 5489 Sacca,
1314 5431 1377 5481 de
1410 5443 1516 5494 quo
1551 5428 1765 5481 Suidas.

850 5500 958 5567 (9.9)
1002 5499 1356 5552 Novatianum
1402 5498 1544 5550 hunc
1576 5498 1765 5559 fuisse,
1799 5496 1889 5550 sed
1919 5512 1945 5548 a
1977 5494 2181 5567 Novato
2212 5513 2345 5563 quo-

778 5570 896 5621 dam
942 5566 1019 5625 Β.
1064 5569 1319 5638 Cypriani
1380 5570 1557 5636 presh.
1634 5569 1913 5622 seductum
1962 5569 2101 5636 (qua:
2146 5566 2346 5621 Graecis

778 5639 916 5691 forte
964 5656 1091 5693 ansa
1128 5638 1486 5693 confundendi
1522 5640 1710 5692 horum
1764 5638 2024 5702 nomina),
2061 5638 2238 5691 disces
2282 5652 2347 5690 cx

778 5710 877 5760 ΠΒ.
914 5708 1171 5770 Cornelii,
1217 5708 1378 5776 Cypr.
1423 5707 1640 5762 Hieron.
1673 5720 1725 5762 ct
1763 5710 1988 5761 aliorum
2030 5706 2345 5761 Latinorum

777 5780 1015 5845 scriptis.
1076 5778 1209 5832 Vide
1253 5775 1607 5845 Epiphanium
1661 5779 1847 5830 luercsi
1899 5778 2011 5837 59;
2075 5775 2343 5829 Theudor.

782 5847 979 5903 erct.
1023 5849 1130 5914 fdi.
1178 5848 1267 5903 lib.
1303 5864 1383 5917 ιιι,
1420 5857 1471 5902 et
1500 5849 1689 5902 Annal.
1730 5864 1765 5903 ιι
1812 5848 2004 5903 Baron.
2052 5846 2225 5911 cat'd.,
2262 5846 2347 5902 Ni-

2452 5216 2767 5281 cephorum,
2801 5216 2924 5267 item
2958 5214 3161 5266 Callist.
3191 5223 3244 5263 ct
3268 5211 3418 5264 Suid.

2522 5276 2633 5354 (50)
2669 5286 2800 5355 Περῖ
2838 5285 3179 5355 οἰκονομίας(
3206 5284 3447 5355 Intelligo
3474 5287 3794 5355 potestatem
3832 5276 4021 5355 Eccle-

2454 5347 2545 5407 si:c
2590 5347 2639 5407 in
2690 5347 3235 5423 rei-ipieudis'lapsis.
3290 5354 3362 5405 De
3391 5347 3687 5417 οἰκονομίᾳ
3726 5347 3869 5400 idem
3922 5350 4020 5400 inf.

2455 5441 2669 5494 quoque
2712 5428 2832 5479 cod.
2870 5426 2993 5477 227.

2528 5486 2638 5563 (5i)
2674 5495 2747 5548 De
2775 5495 2967 5562 quibus
2992 5496 3207 5553 iterum,
3239 5491 3331 5544 sed
3361 5490 3599 5563 brevius,
3632 5486 3729 5563 inf.
3752 5488 3873 5540 cod.
3893 5486 4020 5540 218.

2456 5560 2656 5618 Eorum
2715 5560 2876 5633 porro
2913 5573 3187 5630 excerpta,
3224 5578 3342 5630 qua:
3380 5560 3598 5633 quidem
3633 5560 3707 5633 ad_
3742 5574 4023 5633 sacrarunt

2457 5629 2858 5703 Scripturarum
2911 5629 3313 5703 expositionem
3370 5632 3641 5703 facerent,
3696 5629 3879 5703 habes
3924 5629 4020 5703 iul.

2455 5699 2727 5757 com-250.
2744 5706 2942 5757 Sextus
2969 5699 3144 5755 autem
3170 5702 3258 5767 qui
3290 5701 3442 5755 fictas
3469 5699 3537 5753 de
3562 5699 3770 5752 Navato
3812 5700 4024 5751 fabulas

2456 5778 2720 5841 ωηιυωι,
2748 5783 2934 5831 contra
2953 5776 3094 5844 ipsos
3122 5770 3299 5841 potius
3328 5773 3444 5842 ejus
3470 5778 3767 5827 sectatores
3788 5770 4023 5838 scriptus

2454 5848 2683 5900 \‘tdctur.
