4224 6446
187 412 295 475 533

1149 418 1675 480 BIBLIOTHECA.
1716 442 1786 457 —
1817 418 1979 483 COD.
2021 422 2359 483 CLXXXII.

3311 414 3413 479 534

180 520 423 573 ατιανῶν
457 520 550 573 καὶ
578 521 665 573 ἐπ’
699 522 874 575 ἄλλων
900 522 1061 576 τινῶν
1120 526 1475 595 κεχρημένος,
1528 524 1749 587 πιθανὸς
1777 528 1825 584 Α

1744 543 1749 584 :
1777 528 1825 584 Α
1852 529 1953 584 site
1977 546 2099 584 cum
2126 531 2388 586 adversus
2420 529 2767 594 Navatianos,
2800 539 2909 583 tum
2956 527 3008 581 in
3040 526 3160 581 aliis
3188 528 3412 595 quibus-

177 612 235 664 δὲ
263 613 339 675 ὡς
369 614 431 665 ἐν
460 615 681 684 τοιαύτῃ
718 616 937 683 φράσει,
968 615 1341 681 διδασκαλικός
1396 635 1454 670 τε
1505 620 1598 671 καὶ
1644 619 1751 671 οὐδ’

180 707 406 773 ἄχαρις.

251 796 419 862 Λέγει
452 797 507 848 δέ
535 796 625 848 τὸν
671 798 920 852 Ναυάτον
942 799 1045 851 ὑπὸ
1082 800 1379 869 Κορνηλίου
1422 818 1582 853 παπα
1619 800 1750 853 Ῥώ-

184 904 293 955 μης
324 888 704 955 ἀρχιδιάκονον
739 890 837 957 τῆς
873 891 1157 958 Ῥωμαίων
1186 890 1757 959 καθεστάναιἘκκλη-

181 979 329 1040 σίας,
360 980 444 1038 είς
473 978 531 1030 ὃν
558 981 585 1031 ὁ
623 981 876 1049 τηνικάδε
929 984 1097 1043 τύπος
1122 982 1340 1050 κρατῶν
1400 982 1757 1045 τελευτῶντος

180 1069 278 1121 τοῦ
334 1072 497 1122 πάπα
529 1071 620 1123 τὸν
652 1073 1035 1142 ἀρχιερατικὸν
1064 1073 1263 1141 κλῆρον
1300 1074 1459 1143 ἔφερε
1486 1092 1499 1104 ·
1538 1074 1628 1126 τὸν
1651 1077 1759 1143 γὰρ

180 1161 567 1229 ἀρχιδιάκονον
619 1164 931 1231 ἐνενόμιστο
957 1163 1084 1234 [214
1115 1164 1183 1235 H]
1211 1165 1451 1233 διάδοχον
1506 1166 1600 1218 τοῦ
1655 1169 1756 1236 ἀρ-

180 1252 603 1319 χιερατεύοντος
658 1253 1038 1307 καθίστασθαι.
1087 1255 1247 1307 Ἀλλὰ
1270 1255 1435 1323 τῦφον
1468 1256 1511 1286 ⁸³
1570 1274 1630 1308 τε
1678 1276 1762 1310 νο-

182 1342 388 1395 σόὗντα
424 1345 718 1414 Κορνήλιος
751 1346 929 1413 (φησὶ)
959 1348 1052 1399 καὶ
1087 1347 1161 1417 τῷ
1188 1348 1372 1416 οίκείῳ
1401 1350 1758 1418 ἐφεδρεύοντα

182 1433 406 1503 θανάτῳ
442 1436 647 1503 μαθὼν,
686 1438 1056 1507 πρεσὸύτερον
1110 1444 1423 1509 χειροτονεῖ,
1460 1444 1637 1504 πάσας
1664 1445 1762 1507 τὰς

179 1528 263 1587 εἰς
326 1528 421 1578 τὸν
456 1528 502 1558 ⁷ο
532 1530 914 1596 ἀρχιερατικὸν
946 1530 1131 1598 θρόνον
1161 1534 1433 1602 φερούσας
1474 1535 1638 1587 αὑτοῦ
1669 1553 1766 1587 πε-

184 1616 421 1685 ρικόψας
455 1618 691 1679 ἐλπίδας.
744 1620 801 1671 Ὀ
843 1620 898 1671 δέ
928 1621 1363 1690 καιροφυλακῶν,
1391 1625 1512 1676 ἐπεὶ
1556 1626 1767 1695 Κορνή-

181 1707 301 1769 λιος
334 1709 428 1759 ἐπὶ
456 1708 733 1779 διαφόροις
771 1712 1077 1780 πταίσμασί
1128 1730 1276 1776 τινας
1335 1714 1627 1782 δεξάμενος
1669 1718 1768 1779 ἐίς

188 1800 489 1865 μετάνοιαν
527 1801 619 1852 καὶ
652 1804 763 1863 τοῖς
808 1803 1101 1871 ἀνήκουσιν
1135 1806 1429 1873 ἐπιτιμίοις
1480 1807 1765 1860 ὑποϐαλὼν

184 1890 291 1957 τῆς
354 1892 464 1942 τῶν
497 1893 780 1961 ἀχράντων
846 1897 1161 1965 μυστηρίων
1208 1898 1490 1959 κοινωνίας
1547 1899 1763 1967 ἠξίωσε,

181 1982 351 2035 τοῦτο
382 1984 656 2053 πρόφασιν
688 1985 1073 2055 ἁρπασάμενος
1107 1988 1369 2057 ῥήγνυταί
1405 2005 1463 2039 τε
1502 1989 1599 2056 τῆς
1640 1990 1764 2040 Ἐκ-

182 2073 445 2145 κλησίας,
482 2077 756 2130 ἐπικαλῶν
787 2079 1068 2149 Κορνηλίῳ
1094 2079 1194 2149 τὴν
1232 2081 1338 2132 τῶν
1367 2083 1766 2149 ἡμαρτηκότων

185 2166 531 2235 παραδοχὴν,
565 2171 655 2221 καὶ
686 2169 821 2231 ἰδίας
849 2170 1113 2239 αἱρέσεως
1138 2172 1379 2242 ἀρχηγὸν
1397 2174 1767 2225 ἀναδείκνυσιν

183 2256 403 2321 ἑαυτὸν,
437 2261 740 2327 Καθαροὺς
775 2262 873 2330 μὲν
903 2263 1029 2325 τοὺς
1060 2265 1466 2326 συναποστάτας
1499 2266 1765 2335 ἐπονομά-

190 2365 319 2412 σας,
377 2352 830 2418 Κορνηλιανοὺς
859 2353 916 2406 δέ
948 2357 1008 2405 τὸ
1046 2355 1268 2424 σύμπαν
1297 2357 1397 2419 τῆς
1441 2356 1767 2426 Ἐκκλησίας

184 2440 494 2509 πλήρωμα.

262 2530 393 2602 [M3
420 2531 488 2604 Β]
529 2534 615 2585 Ἐν
645 2534 745 2602 μὲν
772 2530 864 2588 οὖν
919 2537 1031 2599 τοῖς
1084 2537 1345 2607 τέσσαρσι
1401 2538 1577 2606 λόγοις
1630 2542 1769 2594 κατὰ

183 2627 287 2693 τῆς
324 2626 594 2694 αἱρέσεως
625 2628 815 2688 κοινῶς
845 2628 885 2657 τί
912 2627 1004 2678 τοῦ
1049 2628 1302 2680 Ναυάτου
1360 2630 1685 2696 ἀγωνίζεται
1739 2631 1768 2682 ό

187 2719 574 2783 συγγραφεὺς,
625 2720 915 2793 γραφικοῖς
944 2718 1105 2770 αὑτὸν
1135 2720 1477 2788 αἰκιζόμενος
1509 2722 1765 2790 ῥήμασιν.

198 2809 291 2859 Ἐν
324 2809 381 2859 δὲ
412 2808 491 2877 τῷ
522 2811 754 2877 πέμπτῳ
797 2810 943 2872 ίδίως
998 2811 1127 2880 περὶ
1190 2812 1280 2863 τοῦ
1316 2812 1424 2863 δεῖν
1479 2816 1643 2883 τιμᾷν
1702 2814 1769 2866 τὰ

182 2894 299 2947 τῶν
336 2895 632 2965 μαρτύρων
661 2897 889 2963 λείψανα
926 2898 1347 2964 ἐπαγωνίζεται,
1385 2900 1412 2952 ὃ
1442 2902 1516 2970 μὴ
1577 2902 1769 2972 ἀνέχε-

186 2986 320 3038 σθαι
356 2988 621 3056 πράττειν
653 2989 787 3056 φησὶ
808 2988 935 3049 τοὺς
960 2988 1062 3040 ἀνὰ
1082 2988 1178 3057 τὴν
1222 2989 1625 3059 Ἀλεξάνδρειαν
1656 2993 1769 3044 δια-

184 3076 506 3144 σπαρέντας
550 3077 943 3141 Ναυατιανοὺς,
1005 3078 1115 3129 εἴτε
1154 3079 1355 3130 τούτων
1408 3082 1581 3148 μόνων
1606 3084 1648 3113 ⁷⁸
1680 3084 1769 3135 καὶ

1855 622 1976 674 dam
2006 624 2164 677 rebus
2190 624 2427 677 adhibet.
2459 621 2751 675 Persuadet
2778 621 2922 685 item,
2961 630 3017 674 nt
3059 619 3173 687 ejus
3205 621 3413 674 dicendi

1855 715 2043 781 genius
2069 724 2174 776 est,
2199 714 2464 780 docetque
2492 728 2555 765 ac
2578 713 2772 780 placet.

1929 802 2116 857 Refert
2149 816 2331 857 autem
2373 803 2633 856 Navatum
2678 801 2809 869 (δί).
2847 802 3098 856 Cornelio
3138 801 3416 871 pontiﬁce,

1859 894 2113 947 Romana:
2150 910 2267 947 esse
2296 894 2547 947 Ecclesia:
2590 894 3029 946 archidiaconum
3064 903 3325 953 creatum,
3353 893 3419 944 ad

1859 1001 2017 1053 quem
2056 988 2231 1054 ipsum
2268 986 2628 1055 pontificium,
2665 1001 2761 1054 pro
2800 986 2916 1053 eius
2957 986 3211 1051 temporis
3248 999 3416 1044 more,

1860 1074 2152 1128 decedente
2202 1092 2231 1130 e
2264 1078 2368 1129 vita
2409 1077 2679 1144 pontiﬁce,
2723 1075 3088 1129 deferebatur.
3131 1074 3420 1127 Archidia-

1861 1181 2053 1219 conum
2102 1168 2244 1219 enim
2282 1167 2568 1220 succedere
2597 1180 2806 1219 summo
2856 1166 3119 1219 sacerdoti
3164 1174 3420 1217 statutum

1862 1268 2001 1311 erat.
2035 1256 2232 1311 Verum
2270 1260 2409 1311 hunc
2438 1258 2534 1326 (ait
2567 1257 2843 1325 Eulogius)
2880 1257 3129 1324 superbia
3177 1256 3421 1308 laboran-

1865 1360 1971 1402 tem
2017 1348 2318 1408 Cornelius.
2367 1360 2419 1400 ct
2472 1350 2521 1401 in
2576 1364 2726 1403 suam
2776 1358 3001 1403 mortem
3056 1348 3420 1401 imminentem

1865 1456 1985 1493 cum
2026 1443 2394 1509 cognovisset.
2430 1445 2800 1510 presbyterum
2835 1442 3083 1500 ordinat,
3121 1454 3310 1492 omnes
3344 1438 3424 1490 sic

1867 1531 1941 1584 illi
1972 1533 2037 1584 ad
2073 1547 2377 1599 supremam
2413 1532 2719 1585 cathedram
2756 1530 3099 1597 perveniendi
3134 1544 3255 1597 spes
3286 1542 3423 1595 prae-

1867 1622 2073 1675 cidens.
2102 1622 2195 1674 Ille
2257 1638 2383 1676 vero
2414 1622 2654 1675 intentus
2681 1622 2731 1674 in
2754 1620 3115 1682 occasionem.
3140 1630 3423 1688 postquam

1869 1713 2151 1767 Cornelius
2172 1728 2201 1767 e
2230 1714 2390 1766 variis
2411 1711 2647 1780 peccatis
2676 1713 2741 1764 ad
2763 1712 3137 1780 ptenite'ntiam
3163 1710 3424 1778 quosdam

1874 1807 2097 1873 recepit,
2126 1815 2180 1858 et
2208 1820 2309 1871 qua
2343 1818 2440 1872 par
2469 1812 2585 1855 erat
2616 1816 2770 1870 poma
2797 1801 3050 1853 multatos
3079 1802 3144 1852 ad
3168 1800 3425 1851 immacu-

1870 1898 2099 1951 latorum
2135 1896 2508 1965 mysteriorum
2538 1893 2973 1947 communionem
3009 1891 3264 1955 admisit;
3325 1890 3425 1942 hac

1868 2003 1997 2042 ansa
2024 1986 2233 2058 [miser]
2262 1995 2493 2053 arrepta,
2518 1984 2721 2037 divisus
2750 1992 2829 2036 est
2857 1983 2923 2035 ab
2946 1981 3211 2045 Ecclesia,
3235 1994 3426 2047 expro-

1869 2082 2034 2134 brans
2075 2079 2325 2132 Cornelio
2364 2078 2505 2146 quod
2550 2084 2889 2143 peccatorum
2924 2083 3069 2129 esset
3098 2082 3424 2140 receptator,

1868 2185 2035 2239 seque
2066 2170 2238 2237 ipsum
2272 2167 2495 2222 haeresis
2519 2165 2746 2234 propria:
2777 2164 3070 2219 declaravit
3096 2172 3371 2217 auctorem
3411 2180 3423 2214 :

1868 2262 2128 2317 Catharos
2162 2261 2375 2330 quidem
2423 2268 2586 2313 secta:
2633 2258 2807 2313 socios
2861 2258 3177 2320 nominans,
3230 2254 3427 2307 Corne-

1868 2355 2037 2407 (ianos
2078 2364 2253 2407 autem
2285 2352 2549 2405 universae
2577 2358 2773 2405 coetum
2803 2348 3076 2403 Ecclesiae.

1940 2528 1996 2581 In
2041 2530 2124 2580 bis
2164 2526 2326 2596 igitur
2373 2524 2522 2578 libris
2560 2531 2791 2592 quatuor
2828 2522 3014 2591 127b
3064 2535 3186 2574 cum
3239 2518 3430 2573 Navali

1871 2631 2017 2675 secta
2094 2619 2147 2672 in
2221 2632 2418 2687 genere
2484 2617 2716 2683 scriptor
2778 2615 2864 2668 hic
2930 2629 3203 2683 pugnans,
3262 2627 3432 2666 sacra!

1872 2714 2167 2779 Scriptura:
2198 2711 2331 2764 locis
2361 2709 2533 2777 ipsum
2565 2710 2759 2760 misere
2785 2704 3013 2773 ﬂagellat
3048 2746 3059 2758 .
3091 2705 3215 2757 dum
3243 2704 3433 2773 quinto

1872 2804 2179 2871 singulatim
2234 2801 2371 2854 libro
2427 2808 2724 2867 martyrum
2784 2811 2903 2851 esse
2955 2795 3213 2865 reliquias
3274 2810 3433 2848 vene-

1871 2894 2070 2947 randas
2097 2893 2394 2954 contendit,
2424 2890 2567 2959 quod
2598 2890 2898 2943 detrectare
2926 2902 3021 2957 per
3050 2887 3429 2941 Alexandriam

1870 2988 2139 3055 dispersos
2189 2984 2511 3037 Navatianos
2554 2982 2629 3033 ait
2666 2997 2679 3033 :
2714 2982 2828 3033 sive
2880 2981 2933 3033 lii
2982 2979 3081 3034 soli
3131 2994 3196 3033 eo
3246 2979 3434 3032 morbo

1871 3081 2203 3141 laborarint,
2265 3079 2377 3130 sive
2443 3075 2799 3129 communiter
2858 3073 2984 3127 illud
3046 3072 3267 3126 haeresis
3323 3083 3429 3125 tota

178 3168 286 3234 τὴν
314 3166 576 3234 τοιαύτην
605 3168 758 3219 νόσον
776 3168 1309 3237 προσνενοσηκότων,
1340 3170 1447 3220 εἴτε
1467 3170 1659 3233 κοινῶς
1678 3174 1772 3238 τῆς
1797 3189 1840 3249 C

1761 3189 1840 3249 :C
1875 3170 2235 3240 proﬁteretur.
2277 3168 2346 3219 At
2385 3167 2437 3219 in
2484 3176 2637 3220 sexto
2669 3164 2882 3228 evertit,
2908 3164 2997 3231 qui
3044 3163 3109 3217 de
3136 3160 3429 3215 Navatiana

181 3256 462 3323 αἱρέσεως
488 3257 646 3308 τοῦτο
677 3256 1195 3327 διαπρεσϐευούσης.
1244 3258 1329 3310 Ἐν
1357 3259 1414 3310 δὲ
1451 3260 1594 3329 ἕκτῳ
1630 3263 1762 3314 ἀνα-

178 3346 385 3415 τρέπει
408 3347 478 3398 τὰ
517 3346 669 3416 παρὰ
694 3350 806 3409 τοῖς
840 3348 1201 3411 Ναυατιανοίς
1218 3350 1487 3418 λεγόμενα
1515 3351 1765 3421 ὑπομνή·

183 3454 341 3505 ματα
374 3439 467 3488 καὶ
493 3438 591 3507 τὴν
618 3438 1060 3508 ψευδεπίγραφον
1086 3442 1313 3511 ἄθλησιν
1342 3442 1597 3495 Ναυάτου
1639 3446 1762 3496 ἐπι-

182 3528 399 3580 σκόπου
429 3545 444 3557 ·
480 3528 777 3581 ἐπίσκοπον
832 3532 939 3600 γὰρ
987 3532 1204 3601 Ῥώμης
1266 3532 1356 3585 τὸν
1409 3535 1766 3605 αίρεσιάρχην

181 3618 684 3687 ἀποσεμνύνουσιν.
725 3622 958 3682 Ἐστιδέ
989 3626 1056 3675 τὰ
1090 3625 1456 3693 ὑπομνήματα
1487 3628 1659 3679 ταῦτα
1684 3630 1765 3689 εἰς

181 3709 422 3779 ἔσχατον
454 3712 801 3778 χυδαιότητος
834 3712 977 3777 λέξει
998 3731 1055 3765 τε
1086 3718 1181 3768 καὶ
1210 3718 1415 3787 διανοίᾳ
1442 3719 1536 3770 καὶ
1571 3719 1766 3787 συνθή-

180 3819 255 3871 κῃ
288 3802 390 3853 καὶ
414 3803 548 3853 πᾶσι
577 3804 691 3865 τοῖς
724 3805 853 3873 περὶ
884 3805 973 3856 τὸν
999 3805 1155 3871 λόγον
1186 3806 1578 3877 θεωρουμένοις
1608 3810 1765 3862 ἐλαύ-

179 3911 375 3945 νοντα.
414 3892 701 3945 ’Υπόθεσιν
730 3894 774 3945 δ’
796 3895 927 3963 ἔχει.
958 3897 1038 3948 ὅτι
1066 3898 1441 3965 βασιλεύοντος
1482 3902 1767 3970 Ῥωμαίων

178 3982 385 4032 Δεκίου
416 3981 510 4033 καὶ
558 3982 925 4051 Οὑαλεριανοῦ
978 3986 1264 4054 Περέννιος
1287 3988 1332 4017 ⁷³
1389 3988 1764 4061 δουκηνάριος,

178 4073 527 4144 πρόσταγμα
590 4072 771 4124 λαΰὼν
822 4075 948 4145 παρ’
986 4076 1187 4139 αὐτῶν,
1247 4079 1452 4141 πάντας
1494 4084 1619 4144 τοὺς
1662 4085 1765 4137 ἀνὰ

178 4164 284 4227 τὴν
339 4160 560 4228 Ῥώμην
594 4163 685 4213 καὶ
738 4162 836 4223 τὰς
879 4162 1036 4230 πέριξ
1090 4165 1358 4232 ἐπαρχίας
1406 4168 1765 4236 Χριστιανοὺς

181 4252 529 4319 βαρυτάταις
574 4251 828 4317 βασάνοις
863 4254 956 4303 καὶ
1006 4257 1228 4321 πικραῖς
1256 4258 1549 4325 τιμωρίαις
1609 4261 1763 4313 εἰδω-

178 4338 473 4406 λολατρεῖν
514 4337 784 4399 ἐὸιάζετο.
822 4341 929 4391 Καὶ
966 4341 1149 4392 πολλοὶ
1198 4344 1299 4413 μὲν
1331 4346 1423 4396 καὶ
1474 4347 1622 4400 ἄλλοι
1673 4350 1761 4402 ἐν·

178 4430 396 4481 ἐδίδουν
428 4432 492 4497 τῇ
560 4429 671 4496 βίᾳ,
710 4431 801 4480 καὶ
842 4430 903 4498 δὴ
936 4432 1030 4483 καὶ
1080 4434 1409 4498 Μακεδόνιος
1463 4438 1760 4502 ἐπίσκοπος

1868 3272 2017 3317 secta
2067 3261 2310 3312 feruntur
2352 3256 2801 3318 commentarios,
2843 3265 2896 3307 et
2935 3254 3069 3307 falso
3116 3252 3430 3319 inscriptum

1871 3352 2065 3407 Navali
2113 3350 2332 3415 episcopi
2390 3358 2687 3409 certamen;
2749 3344 3059 3412 episcopum
3120 3342 3232 3411 (55)
3286 3341 3429 3393 enim

1868 3446 2017 3499 urbis
2045 3442 2227 3495 Romae
2268 3441 2431 3492 fuisse
2473 3437 2888 3491 haeresiarchatn
2932 3436 3073 3487 hunc
3114 3442 3433 3501 arroganter

1863 3539 2134 3608 iactitant.
2193 3534 2329 3586 Sunt
2388 3538 2565 3583 autem
2629 3530 2681 3582 bi
2740 3526 3113 3582 commentarii
3178 3536 3432 3579 extremae

1870 3627 2137 3688 utilitatis,
2190 3634 2300 3677 tum
2357 3621 2681 3675 dictionibus
2744 3636 2807 3674 ac
2860 3635 3044 3680 sensu,
3100 3629 3210 3671 tum
3266 3617 3428 3670 etiam

1869 3718 2281 3786 compositione.
2329 3713 2683 3779 omnibusque
2734 3715 2867 3765 adeo
2914 3726 3033 3779 quae
3079 3711 3132 3763 in
3182 3722 3431 3763 sermone

1868 3817 2198 3878 spectantur.
2245 3805 2440 3859 Eorum
2492 3804 2616 3857 illud
2660 3815 2743 3857 est
2788 3811 3162 3873 argumentum
3207 3802 3431 3870 :lmpe-

1870 3901 2112 3953 rantibus
2144 3899 2323 3951 Romae
2376 3896 2535 3949 Decio
2561 3904 2615 3949 et
2646 3895 2949 3956 Valeriano,
2980 3892 3305 3946 Perennium
3333 3892 3434 3944 du-

1868 3988 2305 4056 cenarium(54),
2359 3996 2580 4054 accepto
2634 3986 2701 4038 ab
2752 3986 2881 4051 ipsis
2925 3985 3432 4045 mandato,omnes

1870 4082 2124 4135 ROmanze
2160 4079 2329 4140 urbis,
2379 4085 2431 4129 et
2482 4074 2832 4128 circumcirca
2888 4073 3109 4126 ditionis
3162 4071 3431 4125 Christia-

1871 4190 1990 4232 nos.
2037 4172 2326 4239 exquisitis
2394 4168 2721 4222 cruciatibus
2773 4168 3054 4233 pinnisque
3101 4166 3312 4220 acerbis
3364 4166 3429 4217 ad

1869 4266 2132 4318 idolorum
2186 4261 2386 4315 cultum
2430 4274 2532 4327 per
2582 4259 2685 4309 vim
2731 4257 3053 4323 compulisse
3090 4274 3101 4307 :
3136 4268 3188 4309 et
3236 4256 3431 4307 multos

1868 4354 2083 4422 quidem
2133 4351 2266 4403 alios
2300 4349 2581 4402 tormentis
2626 4348 2882 4411 cessisse;
2930 4348 2980 4398 in
3035 4346 3117 4399 bis
3158 4355 3334 4397 autem
3376 4356 3431 4399 et

1868 4438 2238 4495 Macedoninm
2272 4437 2405 4505 (55).
2446 4436 2539 4503 qui
2586 4443 2693 4485 tum
2730 4434 2877 4486 urbis
2924 4431 3107 4484 Romae
3147 4434 3431 4500 episc0pus

177 4522 256 4573 ῶν
287 4521 550 4589 τηνικάδε
592 4520 828 4590 Ῥώμης,
856 4523 994 4591 ἔχων
1025 4525 1113 4593 ὑφ’
1141 4526 1330 4579 ἑαυτὸν
1362 4530 1763 4601 πρεσϐυτέρους
1796 4534 1839 4589 D

1758 4534 1839 4590 :D
1870 4548 2059 4587 novem
2108 4530 2209 4581 sibi
2257 4527 2500 4581 subditos
2547 4526 2887 4593 presbyteros
2936 4522 3046 4591 (56)
3094 4521 3345 4583 habebat,
3376 4521 3426 4572 in

180 4612 249 4675 0',
280 4606 363 4664 ὧν
395 4608 476 4673 εἷς
507 4613 753 4675 Ναυάτος
794 4610 861 4683 ἦν
888 4631 901 4643 ·
939 4617 1052 4667 ἀλλ’
1084 4619 1111 4670 ὃ
1165 4636 1227 4686 γε
1278 4622 1611 4688 Μακεδόνιος
1668 4630 1764 4680 σὺν

1759 4645 1764 4670 ν
1864 4624 2061 4692 quibus
2092 4619 2327 4672 Navatus
2368 4633 2506 4670 unus
2544 4624 2680 4669 erat.
2716 4614 3082 4667 Macedonium
3122 4628 3249 4679 ergo
3288 4614 3427 4666 hunc

180 4705 299 4763 τοῖς
347 4700 395 4771 η’
444 4702 751 4765 ἐπιτέθυκε,
788 4705 951 4770 μόνου
982 4706 1234 4760 Ναυάτου
1274 4710 1363 4761 τὸν
1412 4712 1638 4783 ὄλεθρον
1673 4718 1763 4768 τὸν

1757 4735 1763 4760 ι
1861 4731 1983 4769 cum
2016 4713 2120 4767 illis
2151 4722 2274 4766 octo
2306 4710 2663 4771 sacriﬁcasse,
2696 4722 2800 4760 uno
2830 4705 3033 4759 Navato
3063 4706 3256 4758 animze
3283 4720 3425 4758 mor-

179 4791 419 4860 ψυχικὸν
468 4791 836 4859 διαφυγόντος.
897 4795 977 4846 Τὰ
1034 4797 1133 4865 μὲν
1178 4799 1543 4870 ὑπομνήματα
1604 4806 1762 4859 τοῦτο

1755 4828 1762 4857 ι
1863 4818 1971 4860 ιοιη
2035 4804 2340 4873 eﬂ‘ugiente.
2399 4799 2525 4855 limo
2588 4800 2958 4854 commentarii
3022 4799 3098 4852 illi
3164 4797 3423 4864 referunt,

1492 4938 1727 4994 VARIAS
1755 4940 2160 4997 LECTIONES.

256 5016 303 5045 "
328 5017 503 5135 :‘dtﬁov
531 5032 587 5099 ς.
668 5017 820 5137 ’Ἁτὸν
840 5021 961 5075 add.
990 5024 1053 5075 Α.
1133 5025 1175 5054 ⁷¹
1206 5025 1395 5087 κοινῶς
1426 5026 1516 5079 τοῦ
1553 5029 1804 5082 Ναυάτου
1828 5031 1872 5083 Α
1900 5048 1913 5082 :
1947 5030 2199 5081 Ναυάτου
2231 5025 2423 5089 κοινῶς
2454 5044 2512 5089 ς.

184 5101 246 5149 ς’,
457 5102 662 5154 ερενιος
741 5123 755 5137 .

1706 5163 1939 5218 ΝΟΤᾹΞ.

1863 5263 2003 5330 apud
2038 5261 2222 5330 Veget.
2261 5262 2353 5316 lib.
2388 5279 2447 5324 ιι,
2484 5277 2601 5330 cap.
2634 5262 2687 5315 8.

1933 5333 2044 5401 (55)
2072 5333 2139 5383 At
2170 5332 2342 5385 nullus
2371 5334 2469 5385 hoc
2498 5332 2713 5404 nomine
2752 5346 2980 5404 unquam
3006 5331 3420 5404 Rom._episcop.

1862 5400 2041 5466 Quare
2106 5404 2410 5465 suspiCetur
2469 5402 2735 5467 quispiam
2796 5400 3094 5454 Macedonii
3163 5400 3427 5457 Constan-

1863 5476 2029 5537 tinop.
2065 5474 2250 5525 odiose
2295 5472 2381 5525 ltic
2425 5473 2491 5523 ab
2529 5472 2774 5537 imperito
2824 5473 3221 5543 mendaciorum
3266 5475 3425 5543 ligulo

1861 5557 2056 5593 nomen
2103 5556 2223 5594 esse
2270 5551 2608 5605 usurpatum,
2653 5542 2793 5606 quod
2819 5541 3161 5595 crudelitatis
3196 5541 3333 5596 illius
3368 5547 3420 5598 in

1861 5611 2191 5664 Navatianos
2226 5612 2493 5664 recentior
2517 5625 2656 5663 esset
2685 5612 2961 5662 memoria.

1932 5682 2044 5749 (56)
2087 5681 2167 5733 ΑΙ.
2213 5680 2516 5747 Episcopos,
2560 5696 2661 5732 non
2703 5692 2865 5732 reete.
2906 5679 3109 5734 Docent
3155 5697 3270 5750 qute
3309 5682 3420 5749 jam

1856 5766 1975 5820 pag.
2012 5750 2106 5803 ult.
2142 5761 2194 5805 ct
2227 5752 2335 5817 ipsa
2366 5751 2521 5817 hujus
2557 5750 2743 5803 labulx
2775 5750 2967 5803 series.

2594 5026 2638 5056 τ’
2662 5025 2819 5093 μόνον
2834 5055 2900 5063 ——
2922 5028 3429 5097 προσνενοσηκότων

255 5248 373 5317 (5‘2)
410 5250 541 5304 Vide
568 5252 664 5306 inf.
703 5254 821 5308 cod.
860 5253 986 5307 280.

254 5320 372 5386 (55)
419 5320 520 5373 Per
566 5324 824 5385 scbisma,
863 5324 1020 5391 cujus
1072 5325 1157 5378 hic
1208 5327 1259 5379 in
1316 5326 1472 5382 Rom.
1519 5329 1758 5384 Ecclesia

179 5392 396 5468 primus
438 5400 627 5444 auctor
670 5396 928 5447 adversus
957 5396 1265 5450 Cornelium
1312 5394 1630 5453 Pontilicem
1679 5402 1756 5453 in-

181 5469 452 5514 surrexn.

252 5528 372 5597 (54)
413 5530 493 5582 Ita
520 5530 673 5607 dicti,
709 5532 939 5607 instituti
974 5534 1040 5586 ab
1068 5536 1310 5602 Augusto
1340 5536 1551 5605 judices
1579 5538 1753 5607 (Suet.

180 5603 321 5673 éilg.
355 5600 634 5673 (ξιιμ-52),
668 5604 1068 5673 quod_duceua
1095 5600 1355 5659 sestertia
1396 5600 1750 5673 possiderent.

180 5669 318 5721 Vide
348 5668 430 5721 Cl.
482 5669 546 5721 V.
578 5671 773 5723 Laevini
810 5670 1075 5726 Torrentii
1109 5668 1407 5730 Comment.-
1439 5679 1494 5730 in
1530 5676 1743 5732 Sueten.

181 5738 389 5816 βίηφί..
417 5756 535 5806 cap.
581 5741 672 5816 21,
702 5752 763 5816 et_
792 5742 909 5816 Jac.
951 5745 1149 5799 Palnel.
1198 5747 1249 5797 in
1287 5746 1345 5797 Β.
1381 5748 1541 5816 Cypr.
1583 5751 1741 5814 epist.

182 5809 271 5862 08.
305 5806 547 5863 Brisson.
586 5810 710 5863 item
753 5813 803 5865 in
837 5811 1050 5868 Lexico.
1080 5817 1171 5870 Est
1204 5826 1257 5870 et
1306 5806 1506 5870 ιιιιιιίιὶιι
1553 5806 1741 5872 noiucu
