4224 6446
828 407 932 472 535

1896 412 2157 472 ΡΗΟΤΙΙ
2188 413 2688 475 ΡΑΤΒΙΑΒΟΗᾸΞ
2717 416 2828 476 CP.

3953 407 4063 469 536

828 537 1172 593 pugnamque
1212 520 1401 578 Navati
1438 539 1535 595 per
1567 524 1776 595 ineptas
1808 524 2060 581 Perennii
2091 528 2392 597 interroga-
2423 536 2468 590 Α
2495 536 2496 540 ‘

2391 559 2392 562 η
2423 536 2468 590 Α
2495 533 2662 599 λέγει,
2692 532 2788 583 κα).
2815 528 2912 597 τὴν
2943 526 3171 595 ἄθλησιν
3205 523 3459 578 Ναυάτου
3496 523 3554 575 ἐν
3576 520 3883 581 ἁλλόκοτοις
3912 519 4059 587 ἐρω-

834 617 1041 678 tiones,
1090 615 1472 684 stnltioresque
1523 616 1712 671 Navali
1761 621 2139 687 responsiones
2187 620 2391 673 descri-

833 707 983 760 lmnt.
1025 710 1238 761 Addunt
1282 724 1402 762 cum
1450 707 1654 762 Navato
1701 709 2030 773 Marcellum,
2064 720 2117 765 et
2157 712 2391 765 Alexan-

831 798 987 850 drum
1026 799 1280 865 Aquileize
1324 801 1625 869 episcopos,
1671 804 2129 870 Agamemnonem
2182 818 2393 871 quoque

834 890 1044 944 Tiberis
1078 895 1387 961 episcopum
1436 894 1570 963 ('57),
1603 907 2028 962 cazterorumque
2057 895 2393 949 Christiano-

834 996 951 1033 rutn
985 986 1271 1049 quosdam,
1304 986 1406 1037 lide
1441 986 1690 1039 inviolata
1720 998 1950 1049 servata,
1983 1004 2083 1040 una
2126 990 2395 1042 habitasse

833 1075 1111 1126 auliculam
1147 1076 1212 1127 ab
1247 1076 1375 1141 ipsis
1407 1088 1769 1144 exstructam;
1803 1080 1940 1147 quod
1987 1080 2072 1145 iis,
2116 1082 2204 1147 qni
2236 1082 2393 1133 idolis

835 1162 1223 1226 immolassent,
1265 1166 1340 1217 uti
1390 1167 1653 1235 simulque
1698 1172 1869 1223 sacris
1912 1168 2123 1236 operari
2174 1185 2395 1223 recusa-

835 1262 974 1305 rent.
1025 1254 1275 1309 Refertur
1319 1265 1373 1310 et
1411 1258 1802 1313 Alexandrinos
1850 1262 2127 1327 episcopos
2174 1260 2284 1328 ('58)
2332 1274 2396 1315 ea

838 1357 1153 1414 tempestate
1183 1366 1454 1404 summum
1501 1354 1651 1405 urbis
1696 1354 1876 1407 Roma:
1913 1354 2255 1421 pra‘sulalum
2292 1354 2397 1408 Na-

836 1449 958 1492 vato
1004 1442 1337 1496 attribuisse.
1389 1446 1563 1511 Atque
1611 1447 1662 1499 id
1709 1446 1924 1512 quidem
1977 1451 2396 1501 commentario-

834 1544 951 1581 rum
992 1533 1057 1584 de
1091 1536 1387 1587 certamine
1418 1534 1605 1589 Navali
1635 1546 1717 1589 est
1748 1548 2139 1605 argumentum.
2182 1538 2397 1593 Refellit

836 1632 1010 1674 autem
1046 1625 1159 1677 ltrec
1201 1625 1336 1677 libro
1368 1627 1557 1693 quinto
1595 1627 1851 1695 Eulogius
1883 1628 2015 1698 (39),
2049 1638 2104 1680 ιιι
2135 1630 2392 1694 diximus,

837 1713 1112 1765 mendacia
1151 1729 1271 1769 esse
1311 1720 1499 1770 eadem
1546 1719 1630 1771 illa
1679 1719 1921 1787 falsoque
1954 1722 2203 1785 conﬁcta,
2237 1729 2396 1789 atque

834 1800 1169 1855 incredibilia
1201 1819 1265 1857 ex
1300 1805 1542 1872 ipsismet
1580 1824 1695 1877 qua:
1730 1810 1930 1878 scripta
1972 1820 2175 1876 essent,
2214 1820 2394 1865 osten-

832 1897 982 1949 dens.

901 1986 1182 2043 Librorum
1219 1990 1382 2060 igitur
1416 1994 1653 2064 quinque
1702 1994 1845 2050 beati
1892 1996 2096 2068 Eulogii
2136 1998 2224 2054 hic
2260 2014 2395 2054 sco-

831 2094 929 2145 pus
969 2092 1072 2134 est.
1126 2082 1225 2147 Qui
1273 2084 1329 2135 in
1383 2084 1706 2141 confutanda
1758 2089 1851 2141 illa
1903 2100 2048 2143 secta
2095 2105 2188 2159 per
2229 2106 2397 2145 sacrae

831 2173 1123 2239 Scriptum
1162 2174 1274 2227 loca
1312 2189 1651 2243 prOgressus,
1686 2178 2087 2247 explanationes
2135 2181 2394 2248 quasdam

832 2265 1088 2329 perutiles
1140 2266 1351 2328 auexit,
1389 2281 1693 2336 quanquam
1756 2285 1928 2338 neque
1975 2283 2168 2325 caatera
2227 2274 2395 2341 ipsius

832 2372 952 2423 cum
1005 2358 1228 2411 aliorum
1279 2359 1362 2427 pia
1419 2361 1683 2413 sententia
1744 2371 2002 2429 pugnent,
2058 2364 2249 2431 128a
2304 2364 2396 2417 sed

832 2450 1234 2504 accommodate
1260 2451 1325 2505 ad
1351 2460 1511 2506 sectae
1541 2452 1686 2505 illius
1708 2451 2085 2507 refutationem
2121 2465 2395 2523 assumpta

833 2549 958 2590 Slnl.

1455 2630 1776 2686 CLXXXIII.

840 2719 1089 2774 Eudaciw
1138 2723 1385 2791 Augusta:
1447 2721 1795 2843 Metalpltrasis
1856 2724 2068 2776 metrica
2127 2724 2183 2775 in
2238 2722 2399 2777 Octa-

1468 2800 1724 2843 (eucmm.

1468 2800 1724 2845 Ieuchum.

908 2881 1069 2937 Lecta
1114 2892 1199 2937 est
1250 2882 1599 2951 Metaphrasis
1653 2884 1979 2947 Octateuclu',
2020 2885 2235 2939 heroico
2278 2901 2399 2939 car-

838 2974 979 3027 mine
1014 2974 1229 3027 condita
1271 2974 1421 3027 libris
1453 2984 1598 3035 octo,
1633 2988 1730 3040 pro
1770 2974 2150 3027 translatorum
2195 2974 2400 3027 scilicet

837 3080 1063 3119 numero
1118 3080 1182 3119 ac
1229 3066 1493 3119 divisione
1552 3067 1832 3121 librorum.
1887 3066 2165 3134 Inscriptio
2219 3075 2397 3118 autem

836 3158 1038 3211 codicis
1090 3160 1158 3213 ab
1212 3158 1449 3212 Eudocia
1499 3159 1733 3227 Angusta
1773 3158 1884 3228 (40)
1923 3160 2251 3213 elaboratum
2296 3158 2397 3211 hoc

2422 1870 2469 1930 B

2490 624 2682 691 τήσεσι
2709 619 2999 689 Περεννίου
3023 617 3117 669 καὶ
3145 616 3485 685 μωροτέραις
3518 612 3840 681 ἀποκρίσεσι
3869 609 4067 661 Ναυά-

2491 730 2584 765 του
2610 711 2955 779 περιγράφει.
2997 708 3133 777 Φησὶ
3171 707 3227 758 δὲ
3280 706 3359 757 ὅτι
3396 705 3491 756 σὺν
3528 704 3764 770 Ναυάτῳ
3802 698 4068 767 Μάρκελ-

2492 803 2581 863 λός
2627 818 2686 852 τε
2724 801 2818 851 καὶ
2881 797 3224 865 Ἀλέξανδρος
3279 794 3565 845 ἐπίσκοποι
3623 788 3913 856 ’Λκυληῖας
3967 787 4067 836 καὶ

2506 891 2866 959 Ἀγαμέμνων
2894 890 3185 948 ἐπίσκοπος
3212 886 3487 954 τιϐἐρεως
3517 883 3561 913 ⁷⁸
3584 883 3676 933 καὶ
3707 880 3883 948 ἕτεροί
3916 895 4068 937 τινες

2494 986 2601 1037 τῶν
2626 982 2984 1053 Χριστιανῶν,
3017 980 3305 1049 ἁπρόδοτον
3328 976 3427 1046 τὴν
3468 975 3649 1027 πίστιν
3707 972 4067 1038 διασωσάμε-

2496 1097 2572 1131 νοι
2606 1080 2718 1144 ἃμα
2758 1074 3050 1145 συνῴκουν,
3085 1071 3322 1123 οίκίσκον
3359 1069 3479 1121 τινὰ
3527 1068 3737 1127 ἐαυτοῖς
3788 1065 4067 1131 δειμάμε-

2497 1189 2575 1224 νοι
2605 1172 2649 1200 ”
2680 1187 2693 1201 ·
2729 1170 2777 1221 οἳ
2823 1168 2917 1220 καὶ
2955 1168 3067 1227 τοῖς
3112 1162 3454 1214 ἐπιτεθυκόσι
3501 1159 3735 1211 συνιέναι
3788 1157 3882 1208 καὶ
3936 1172 4069 1205 συν-

2501 1262 2743 1333 ιερᾶσθαι
2772 1262 2871 1312 οὐκ
2898 1260 3205 1327 ἠνέσχοντο.
3235 1254 3373 1315 Τοὺς
3402 1253 3457 1305 δὲ
3500 1252 3625 1320 περὶ
3656 1248 4070 1314 Ἀλεξάνδρειαν

2497 1354 2821 1413 ἐπισκόπους
2843 1348 3140 1420 τηνικαῦτά
3161 1364 3291 1416 φησι
3312 1345 3403 1398 καὶ
3418 1344 3515 1410 τὴν
3537 1338 3949 1412 ἀρχιερωσύνην
3971 1339 4071 1404 τῆς

2509 1447 2794 1516 Ῥωμαίων
2813 1443 3137 1514 Ἐκκλησίας
3167 1438 3397 1507 Ναυάτῳ
3427 1434 3753 1505 περιθεῖναι.
3791 1432 3856 1483 Ἥ
3888 1432 3939 1461 ⁷⁸
3970 1430 4075 1496 μὲν

2497 1538 2604 1591 τῶν
2634 1536 3036 1604 ὑπομνημάτων
3070 1530 3323 1591 ὑπόθεσις
3368 1526 3468 1594 τῆς
3501 1524 3779 1592 ἀθλήσεως
3810 1520 4072 1573 Ναυάτου

2496 1627 2752 1697 τοιαύτη·
2786 1626 2994 1693 ἐλέγχει
3044 1622 3100 1674 δὲ
3129 1621 3306 1672 ταῦτα
3341 1619 3387 1649 ⁷⁷
3427 1618 3484 1668 ἐν
3542 1614 3620 1682 τῷ
3669 1613 3934 1679 πέμπτῳ,
3994 1608 4072 1668 ὡς

2497 1708 2729 1791 εἴρηται,
2758 1718 2921 1785 λόγῳ,
2953 1715 3309 1768 κακόπλαστα
3341 1710 3435 1762 καὶ
3478 1706 3648 1776 ψευδῆ
3698 1704 3793 1756 καὶ
3822 1702 4074 1756 ἀπίθανα

2498 1813 2555 1879 ἐξ
2583 1811 2759 1865 αὐτῶν
2804 1808 3059 1861 δεικνύων
3083 1804 3188 1858 τῶν
3224 1800 3636 1872 γεγραμμένων.

2581 1988 2638 2041 Ὀ
2673 1985 2772 2053 μὲν
2799 1984 2906 2036 τῶν
2934 1982 2974 2034 ε’
3006 1982 3176 2048 λόγων
3229 1977 3321 2029 τοῦ
3349 1977 3406 2028 ἐν
3429 1974 3604 2041 ἁγίοις
3649 1969 3911 2036 Εὐλογίου
3944 1984 4072 2019 σκο-

2499 2080 2597 2141 πὸς
2627 2075 2778 2138 οὗτος
2805 2092 2819 2106 ·
2871 2076 2928 2125 ἐν
2948 2074 3004 2125 δέ
3030 2074 3140 2133 τοῖς
3185 2071 3320 2139 πρὸς
3349 2069 3448 2137 τὴν
3477 2065 3686 2134 αἰρεσιν
3709 2062 3959 2128 ἐλέγχοις
3982 2058 4075 2111 διὰ

2496 2172 2605 2223 τῶν
2638 2168 2765 2240 [215
2790 2165 2878 2236 IL]
2905 2162 3195 2233 Γραφικῶν
3227 2159 3404 2230 ῥητῶν
3425 2155 3628 2227 προῖὼν
3646 2155 3741 2205 καὶ
3769 2151 4076 2223 ἑρμηνείας

2498 2257 2679 2317 αὐτοῖς
2716 2253 3049 2319 συνυφαίνει,
3093 2250 3241 2309 ἐνίας
3294 2245 3473 2299 αὐτῶν
3532 2245 3665 2296 πολὺ
3709 2243 3771 2294 τὸ
3811 2240 4074 2310 χρειῶδες

2499 2345 2896 2416 παρεχομένας,
2930 2342 3049 2395 οὑδέ
3076 2340 3183 2393 τῶν
3245 2339 3418 2392 ἄλλων
3447 2340 3514 2407 τῇ
3546 2335 3760 2388 εὐσεϐεῖ
3793 2333 3919 2402 δόξῃ
3967 2351 4076 2399 μα-

2498 2439 2761 2508 χομένων,
2799 2434 2933 2487 ἀλλά
2980 2434 3072 2485 καὶ
3098 2433 3142 2463 ⁷⁵
3165 2430 3487 2501 προσφόρως
3515 2429 3650 2497 πρδς
3682 2426 3771 2479 τὸν
3798 2425 4074 2494 αἱρέσεως

2498 2530 2716 2596 ἔλεγχον
2749 2524 3233 2595 παρειλημμένων.

3164 2611 3329 2665 Pili".

2500 2712 2794 2776 Εὺδοκίας
2817 2708 2925 2766 τῆρ
2945 2705 3269 2789 βασιλίδος
3306 2700 3677 2771 μετάφρασις
3721 2697 3829 2765 τῆς
3868 2699 4077 2751 Ὀκτα-

3166 2790 3405 2842 τευχου.

2581 2871 2919 2941 Ἀνεγνώσθη
3004 2868 3384 2935 Μετάρρασις
3455 2864 3563 2931 τῆς
3630 2862 4073 2925 Ὀκτατεύχου·

2499 2966 2677 3037 ἡρῷον
2730 2964 2774 3015 δ’
2830 2965 2873 2994 ⁷³
2921 2962 3088 3027 αὐτὴν
3118 2959 3315 3027 μέτρον
3347 2954 3640 3025 μετεποίει.
3674 2954 3834 3019 Λόγοι
3865 2952 3909 3003 δ’
3933 2948 4077 3020 ἦσαν

2500 3057 2549 3125 η’
2579 3055 2718 3107 κατὰ.
2747 3052 2975 3121 ἀριθμὸν
3021 3051 3115 3101 καὶ
3161 3048 3331 3117 τομὴν
3356 3047 3464 3099 τῶν
3518 3047 3911 3116 ἀμειφθέντων,
3970 3044 4079 3094 Εὐ-

2500 3147 2683 3207 δοκίας
2708 3145 2765 3197 δὲ
2821 3144 2919 3210 τῆς
2950 3140 3214 3210 βασιλίδος
3237 3141 3293 3191 ἐν
3332 3139 3662 3207 ἐπιγραφαῖς
3698 3138 3857 3188 πόνον
3884 3134 4075 3199 ἔλεγεν

837 3262 1054 3301 carmen
1110 3247 1429 3312 aIIirmabat,
1484 3250 1648 3317 quod,
1703 3259 1808 3302 tum
1861 3249 1982 3317 quia
2039 3249 2301 3309 mulieris,
2347 3232 2505 3300 etC'

2427 3232 2468 3290 C
2503 3243 2535 3309 ή
2567 3239 2744 3308 βίϐλος
2774 3236 2834 3288 τὸ
2881 3236 3098 3304 μέτρον.
3160 3233 3338 3300 Ὅπερ
3388 3232 3470 3281 ὅτι
3524 3230 3618 3281 κα).
3676 3227 3933 3294 γυναικὸς
3983 3227 4076 3277 καὶ

837 3342 1052 3409 quidem
1105 3343 1159 3396 in
1220 3343 1445 3411 imperio
1495 3342 1701 3395 deliciis
1753 3340 2053 3403 aIllneutis,
2110 3351 2219 3392 tum
2272 3340 2397 3408 quia

840 3434 1153 3500 praclarum
1190 3436 1323 3487 adeo
1352 3445 1454 3497 est,
1490 3435 1848 3487 admiratiOne
1892 3448 2024 3486 sane
2063 3433 2279 3499 dignum
2308 3432 2399 3497 ju-

841 3524 1071 3576 dicatur.
1122 3521 1332 3575 Etenim
1382 3524 1603 3576 illustris
1649 3531 1734 3576 est
1781 3522 1867 3575 hic
1914 3521 2083 3584 labor,
2120 3531 2177 3573 ut
2220 3522 2270 3572 in
2308 3522 2401 3573 be-

841 3614 989 3668 roico
1020 3616 1281 3676 carmine,
1319 3616 1361 3667 si
1395 3616 1513 3682 quis
1544 3630 1777 3683 unquam
1818 3614 1974 3667 alius.
2008 3614 2077 3665 At
2106 3615 2229 3664 dum
2266 3610 2400 3664 artis

842 3704 1048 3772 legibus
1079 3704 1239 3758 altius
1269 3704 1625 3773 immergitur,
1659 3705 1711 3757 in
1758 3705 1857 3756 hoc
1888 3718 1993 3756 uno
2031 3702 2289 3770 (maximo
2317 3711 2402 3754 ta-

842 3810 961 3847 men
997 3795 1089 3848 illo
1117 3795 1180 3847 ad
1216 3810 1401 3849 eorum
1437 3795 1671 3856 laudem,
1705 3796 1795 3862 qui
1832 3794 2049 3863 propius
2083 3792 2251 3846 libros
2282 3808 2403 3846 ver-

844 3884 1028 3938 tendos
1066 3886 1306 3953 censent)
1349 3886 1415 3937 ab
1460 3894 1576 3937 arte
1615 3886 1817 3945 delicit,
1862 3886 2005 3951 quod
2062 3898 2235 3951 neque
2274 3896 2403 3949 poe-

844 3975 963 4028 ticae
1004 3976 1275 4041 libertate,
1319 3978 1597 4029 veritatem
1648 3977 1699 4029 in
1756 3975 1966 4028 fabulas
2001 3975 2402 4035 commutando,

840 4067 1242 4122 adolescentum
1321 4084 1479 4122 aures
1543 4069 1851 4122 demulcere
1922 4066 2169 4129 studeat,
2228 4078 2404 4131 neque

843 4174 1053 4211 rursum
1104 4159 1532 4229 digressionibus
1583 4160 1881 4213 auditorem
1935 4172 1965 4211 a
2023 4172 2082 4210 re
2130 4156 2404 4225 proposita

842 4248 1095 4310 abducat,
1119 4250 1212 4303 sed
1244 4252 1308 4303 ad
1338 4253 1559 4303 verbum
1594 4250 1728 4303 adeo
1760 4247 2029 4301 veteribus
2058 4246 2161 4300 illis
2188 4244 2405 4309 scriptis

841 4353 997 4391 Sltuttl
1030 4351 1258 4393 metrum
1295 4342 1530 4408 adaptet,
1564 4351 1618 4393 ut
1652 4342 1717 4395 iis
1748 4340 1905 4401 nihil,
1934 4338 2023 4406 qui
2065 4339 2177 4390 haec
2201 4344 2401 4398 verset,

843 4426 1080 4495 indigere
1134 4431 1399 4482 videatur.
1451 4429 1584 4484 Nam
1632 4440 1687 4485 et
1737 4444 2029 4489 sensuum,
2077 4426 2211 4479 niltil
2252 4425 2406 4492 quid-

842 4534 1001 4584 quam
1033 4529 1125 4572 aut
1167 4520 1535 4586 diﬂ'nndendo,
1567 4531 1657 4575 aut
1687 4520 2074 4579 contrahendo,
2108 4516 2407 4585 proprieta-

2509 3329 2748 3399 βασιλείᾳ
2769 3325 3061 3395 τρυφώσης
3092 3323 3185 3375 καὶ
3214 3321 3355 3374 οὕτω
3388 3320 3566 3381 καλὸν,
3595 3318 3741 3380 ἄξιον
3770 3316 4077 3383 Θαυμάσαι.

2508 3420 2688 3487 Σαφὴς
2740 3419 2836 3487 μὲν
2862 3419 2969 3484 γὰρ
2996 3418 3023 3467 ὁ
3077 3416 3236 3475 πόνος
3264 3412 3337 3473 ὡς
3368 3413 3424 3462 ἐν
3456 3409 3618 3481 ἡρῴῳ
3652 3409 3854 3476 μέτρῳ,
3893 3407 3943 3458 εἴ
3971 3404 4076 3478 πού

2506 3529 2590 3573 τις
2614 3510 2769 3573 ἄλλος
2801 3508 2926 3581 [416
2953 3506 3065 3579 Β.],
3096 3507 3188 3558 καὶ
3227 3506 3412 3571 νόμοις
3440 3503 3494 3554 δὲ
3516 3505 3612 3570 τῆς
3644 3501 3690 3530 ⁸ο
3722 3501 3916 3567 τέχνης
3985 3498 4078 3565 βα-

2510 3601 2747 3660 θύνεται,
2780 3601 2954 3650 ἐκεῖνο
2987 3598 3147 3665 μόνον
3184 3596 3385 3663 ταύτης
3418 3594 3700 3656 ἐλλείπων,
3730 3592 3758 3643 ὃ
3821 3591 4079 3660 μέγιστόν

2509 3694 2657 3747 ἐστιν
2689 3694 2769 3753 είς
2801 3690 3019 3741 ἔπαινον
3046 3686 3153 3738 τῶν
3176 3686 3343 3753 ἐγγὺς
3362 3683 3612 3755 ἀμείϐειν
3641 3683 3832 3749 λόγους
3866 3680 4076 3747 ἀξιούν-

2509 3803 2617 3838 των
2648 3801 2660 3814 ’
2696 3782 2821 3835 οὕτε
2851 3783 2959 3851 γὰρ
3006 3781 3225 3849 ἐξουσίᾳ
3273 3778 3530 3847 ποιητικῇ
3568 3773 3754 3843 μύθοις
3790 3773 3886 3840 τὴν
3943 3770 4079 3837 ἀλή-

2512 3876 2662 3928 θειαν
2687 3873 2901 3941 τρέπων
2940 3871 3151 3939 ἡδύνειν
3200 3866 3490 3928 σπουδάζει
3523 3862 3820 3932 μειρακίων
3852 3863 3896 3892 ⁸¹
3940 3854 4073 3921 ὦτα,

2510 3968 2634 4021 οὗτε
2665 3968 2784 4027 ταῖς
2809 3962 3054 4023 ἐκϐολαῖς
3083 3962 3173 4013 τὸν
3203 3959 3477 4029 ἀκροατὴν
3510 3955 3777 4023 δια-πλανᾷ
3813 3952 3909 4004 τοῦ
3941 3969 4073 4020 προο

2513 4059 2787 4127 κειμένου,
2818 4056 2933 4108 ἀλλ’
2965 4054 3105 4106 οὕτω
3132 4053 3261 4119 περὶ
3292 4051 3429 4102 πόδα
3450 4050 3509 4101 τὸ
3555 4049 3752 4117 μέτρον
3785 4045 3937 4096 ἔθετο
3964 4046 4078 4105 τοῖς

2512 4147 2758 4218 ἀρχαίοις
2785 4145 2856 4207 ὡς
2909 4144 3072 4213 μηδὲν
3100 4141 3322 4194 ἐκείνων
3363 4139 3570 4191 δεῖσθαι
3619 4136 3709 4189 τὸν
3740 4133 3951 4193 τούτοις
3990 4134 4076 4184 ἐν·

2514 4238 2829 4307 ομιλοῦντα.
2862 4237 2974 4297 Τὰς
3013 4237 3108 4303 μὲν
3144 4235 3256 4303 γάρ
3279 4232 3530 4292 διανοίας
3562 4229 3683 4281 οὔτε
3736 4225 4079 4294 παρατείνων

2512 4331 2635 4383 οὕτε
2669 4329 2967 4381 συστέλλων
2995 4329 3080 4378 ἀεὶ
3114 4325 3374 4393 φυλάσσει
3404 4322 3597 4390 κυρίας
3626 4335 3639 4349 ’
3666 4320 3759 4371 καὶ
3808 4320 3928 4378 ταῖς
3988 4316 4073 4366 λέ-

2514 4422 2626 4484 ξεσι
2657 4419 2733 4479 δὲ,
2763 4419 2894 4469 ὅπου
2922 4416 3166 4474 δυνατὸν,
3206 4413 3305 4487 τῂν
3356 4409 3628 4478 ἐγγύτητα
3662 4408 3754 4459 καὶ
3786 4406 4074 4474 ὁμοιότητα

2514 4508 2987 4574 συνδιαφυλὰσσει.
3026 4501 3118 4566 Οἷς
3145 4504 3190 4556 δ’
3220 4503 3405 4568 ἔλεγεν
3431 4503 3464 4569 ὴ
3527 4500 3707 4569 βίϐλος
3742 4498 3843 4563 τὴν
3868 4497 3937 4548 τά
3990 4498 4079 4562 μέο

844 4622 946 4661 tem
993 4622 1173 4664 servat
1219 4613 1475 4673 assidue;
1510 4622 1562 4666 et
1603 4614 1656 4666 in
1700 4611 1898 4674 verbis,
1931 4608 2107 4678 quoad
2138 4607 2254 4673 ejus
2295 4605 2411 4657 lieri
2441 4593 2488 4650 Ι)

2138 4607 2254 4673 ejus
2295 4605 2411 4657 Iieri
2441 4593 2488 4650 D
2515 4620 2619 4671 τρα
2654 4604 2768 4661 τοῖς
2795 4600 2971 4666 λόγοις
2996 4595 3430 4665 τεχνησαμένην,
3462 4592 3646 4658 ἔλεγεν
3673 4585 3795 4642 ὦδε·

843 4713 1037 4770 potest,
1071 4706 1313 4772 proxima
1340 4720 1565 4772 quaeque
1594 4712 1754 4769 atque
1785 4704 2054 4757 simillima
2090 4700 2397 4754 conﬁrmat.
2429 4695 2655 4760 Quando
2694 4706 2856 4759 porro
2898 4690 3031 4743 liber
3067 4688 3152 4741 hic
3183 4702 3324 4749 eam,
3376 4699 3495 4753 quae
3546 4698 3611 4736 ex
3668 4692 3783 4735 arte
3837 4680 4076 4734 versibus

840 4797 1138 4851 orationem
1197 4798 1515 4860 struxisset,
1577 4796 1885 4858 indicabat,
1937 4794 2015 4846 sic
2060 4792 2171 4844 fere
2220 4787 2571 4855 loquebatur:

2096 4947 2331 5005 VARUE
2364 4940 2766 5000 LECTIONES.

912 5078 959 5109 '"’
985 5076 1292 5140 Τιϐούρεως
1324 5075 1582 5137 Scaliger.

846 5148 966 5202 add.
991 5149 1053 5201 A.
1133 5149 1175 5178 ⁷⁹
1200 5145 1267 5216 δ’]
1302 5146 1422 5199 libri
1452 5143 1539 5195 δι’.
1620 5141 1665 5171 ⁸ο
1704 5141 1804 5208 τῆς
1832 5142 1953 5193 add.
1980 5141 2045 5191 A.

1661 5072 1706 5101 ⁷⁵
1738 5071 2054 5137 δειμάμενοι
2084 5066 2172 5167 Au:
2203 5062 2570 5133 δομησάμενοι
2603 5076 2662 5122 ς’.

1661 5147 1665 5167 l
1704 5141 1804 5167 -z-
1834 5142 1930 5167 ...με
1988 5141 2013 5167 Α
2206 5133 2464 5167 "animm
2509 5148 2545 5167 ρ-

2204 5150 2468 5205 μειρακια
2509 5148 2568 5193 ς.

2740 5055 2785 5085 ⁷⁸
2813 5050 2874 5123 ἡ]
2905 5052 2996 5105 καί
3028 5053 3059 5114 ἡ
3096 5068 3157 5112 ετ.
3231 5049 3275 5079 ⁷⁷
3304 5048 3359 5099 δὲ
3390 5049 3529 5118 μετὰ
3584 5048 3756 5102 ταῦτα
3782 5066 3846 5112 ς.
3921 5049 3965 5077 ⁷⁸
3987 5052 4072 5100 καί

2364 5268 2593 5325 NOTAE.

913 5401 1028 5471 (37)
1066 5400 1244 5471 Minus
1278 5410 1425 5454 recte
1458 5412 1555 5469 pro
1586 5398 1819 5471 Tibyris.

914 5402 1028 5541 ('57;
1066 5402 1244 5454 Minus
1278 5410 1425 5454 recte
1458 5412 1555 5469 pro
1586 5402 1819 5468 Tibyris.

914 5472 999 5539 (58
1072 5470 1175 5525 lnf.
1236 5486 1359 5539 pag.
1412 5473 1507 5522 ult.
1554 5481 1683 5541 tres,
1719 5470 1802 5521 bic
1846 5468 2164 5541 _nominato_s
2223 5480 2411 5541 manus

843 5536 1045 5595 Navato
1094 5536 1444 5605 imposuisse,
1494 5540 1797 5605 summique
1844 5538 2040 5591 Pontif.
2094 5536 2407 5603 dignitatem

844 5613 897 5665 in
932 5627 1051 5664 eum
1093 5611 1408 5670 contulisse,
1452 5609 1618 5662 refert
1654 5608 1809 5662 Phot.
1854 5607 1919 5659 Et
1958 5616 2138 5660 exstat
2185 5606 2406 5671 Dionys.

846 5691 973 5735 tunc
1002 5680 1292 5734 Alexandr.
1336 5680 1656 5745 arcltiepisc.
1706 5677 1969 5729 Navntum
2010 5676 2409 5741 reprehenden-

844 5752 915 5806 tis
944 5752 1100 5815 epist.
1138 5752 1274 5817 apud
1309 5749 1503 5804 Euseb.
1542 5751 1633 5802 lib.
1671 5763 1747 5806 vi,
1782 5762 1904 5813 cap.
1942 5746 2030 5809 57,
2058 5757 2113 5799 et
2144 5746 2303 5799 alios.

919 5818 1031 5890 (59)
1073 5820 1183 5875 lmo
1215 5832 1388 5875 sexto.
1421 5818 1495 5873 Ει
1535 5818 1856 5889 praecedenti
1913 5817 2156 5885 proxime
2203 5828 2413 5872 enume-

2520 5394 2727 5446 ratione
2760 5402 2814 5444 ct
2846 5386 3282 5443 manifeSIissime
3317 5395 3380 5433 ex
3412 5394 3534 5450 pag.
3572 5380 3669 5431 ult.

2592 5463 2702 5531 (40)
2742 5461 2814 5513 De
2842 5458 3140 5531 qua_multa
3180 5447 3647 5531 Nicepb.'Callist.
3686 5447 3935 5531 Iibz'xtv,
3961 5462 4071 5527 cap.

2516 5516 2606 5596 23;
2654 5516 2708 5585 ei
2754 5516 2901 5583 alibi.
2946 5528 3186 5580 Zonaras
3238 5516 3399 5596 etiam
3452 5534 3711 5596 centones
3767 5516 4074 5596 [loniteriros

2519 5588 2737 5657 l’atricii
2797 5601 3078 5669 cujusdam
3129 5588 3723 5669 opus__itnperlectutn,
3772 5588 3841 5641 ab
3890 5590 4065 5640 eadem

2519 5672 2820 5723 absolutum
2850 5658 3075 5722 scribit:
3104 5658 3346 5717 et'ltodie
3369 5661 3556 5711 Graece
3583 5658 3822 5724 plerique
3846 5668 4068 5719 exstant,

2518 5751 2576 5792 ut
2610 5750 2665 5793 et
2706 5739 2895 5795 Latine
2935 5735 3148 5801 redditi,
3189 5742 3320 5789 tom.
3358 5727 3467 5782 VIII
3504 5726 3841 5781 Bibliolhcca?
3882 5725 3941 5780 S.
3976 5724 4072 5777 Pa-

2519 5823 2676 5866 trunu
