4224 6446
155 425 265 488 537

887 429 1403 491 BlBLIOTHECA.
1446 453 1517 466 -
1551 426 1768 489 CODD.
1806 423 2171 499 CLXXXIII,
2205 425 2560 487 CLXXXIV.

3282 427 3386 489 538

259 535 581 602 Amsplnr
614 536 659 567 ⁸⁸
688 536 784 590 καί
836 538 1014 604 τήνδε
1067 541 1215 594 Θεοῦ
1270 540 1506 610 θέμιδος
1562 537 1710 606 κάμε
1740 543 1785 597 Α
1880 536 1927 590 δι

1488 559 1506 603 3
1562 537 1710 606 κάμε
1740 543 1785 597 Α
1880 536 2099 606 Scripsit
2136 539 2314 593 divina
2346 538 2626 591 deductum
2658 537 2754 591 hoc
2783 537 2891 607 (ego
2920 537 3156 592 volumen

262 674 530 739 Εὑδοκίη
548 674 834 738 ,ϐασίλεια
856 680 1134 745 Λεοντιὰς
1177 610 1714 747 εὐπατέρείέῗιόλογ

156 767 265 818 Καὶ
311 764 409 816 τοῦ
444 762 617 833 Ἰησοῦ
645 764 699 817 δὲ
728 764 822 817 τοῦ
877 766 1029 837 Ναυῆ
1074 771 1168 822 καὶ
1226 769 1334 820 τῶν
1391 770 1607 840 Κριτῶν
1662 771 1717 824 ai

156 856 470 926 ἐπιγραφαὶ
520 856 1078 928 συνεπιμαρτύρονται
1106 862 1218 924 τοῖς
1248 863 1580 931 εἰρημένοις.

788 1032 954 1084 ΡΠΔ’.

160 1119 282 1184 Τῆς
305 1117 502 1186 αὐτῆς
533 1120 899 1187 μετάφρασις
938 1122 1042 1177 τοῦ
1072 1139 1137 1177 τε
1178 1122 1504 1177 θεσπεσίου
1534 1124 1725 1188 Ζαχα-

217 1190 359 1256 ρίου
391 1192 501 1262 καί
544 1190 650 1242 τοῦ
703 1191 1011 1257 προφήτου
1061 1194 1321 1261 Δανιὴλ·
1358 1193 1455 1244 καὶ
1488 1192 1657 1262 ,λόγοι
1678 1190 1723 1259 τ’

223 1261 316 1323 εὶς
340 1258 451 1311 τὸν
465 1259 635 1327 ἄτιον
657 1263 1018 1327 Κυπριανόν.

238 1352 587 1422 Ἀνεγνὼσθη
610 1352 685 1422 τῷ
717 1352 867 1423 αὐτῷ
903 1354 1082 1423 μέτρῳ
1111 1353 1327 1422 καὶτῆς
1354 1353 1520 1422 αὐτῆς
1552 1350 1729 1419 γλώσ-

162 1460 259 1510 σης
294 1444 683 1511 Μετάφρασις
709 1446 1060 1514 προφητικῶν
1084 1446 1280 1513 λόγων,
1315 1445 1408 1497 τοῦ
1432 1462 1492 1497 τε
1519 1448 1731 1499 θεσπε-

1891 665 2142 727 Eudocia,
2174 666 2367 720 illustri
2396 667 2574 735 regina
2606 683 2635 719 ο
2659 669 2818 734 stirpe
2849 666 3051 721 Leonti.

1890 756 1955 810 Et
1986 772 2114 811 vero
2151 756 2276 812 Jesu
2320 756 2490 821 Nave,
2523 757 2876 827 Judicumque
2918 758 3040 812 libri
3082 759 3383 829 inscriptio-

1823 864 1917 902 nes
1956 848 2056 911 iis,
2106 863 2224 917 qua:
2267 848 2377 916 jam
2434 848 2575 901 dicta
2625 858 2785 912 sunt,
2836 850 3201 904 testimonium
3249 867 3386 921 pra:-

1821 940 1966 994 bent.

2431 1030 2757 1087 CLXXXIV.

1825 1121 2079 1192 Ejusdem
2133 1122 2383 1179 Eudocia:
2422 1124 2772 1189 Metaphrasis
2818 1124 3058 1186 metrica,
3091 1125 3147 1176 in
3183 1126 3391 1176 Zacha-

1894 1196 2028 1246 riam
2070 1205 2117 1247 et
2153 1195 2423 1247 Dauielem
2454 1195 2728 1261 prophetas
2749 1234 2763 1257 ,
2800 1204 2845 1247 et
2877 1195 2931 1246 in
2975 1193 3043 1248 Β.
3073 1194 3392 1263 Cyprianum

1892 1272 2178 1333 martyrem
2208 1265 2329 1317 libri
2361 1280 2444 1319 ιιι.

1896 1353 2024 1423 Legi
2082 1355 2269 1409 eodem
2328 1355 2585 1409 carminis
2641 1368 2838 1422 genere
2894 1364 3058 1423 alque
3115 1354 3387 1415 idiomate.

1829 1442 2205 1511 Metaphrasim
2235 1446 2673 1514 propheticorum
2716 1446 2974 1499 librorum
3014 1446 3151 1498 beati
3189 1444 3393 1497 Zacha-

158 1534 301 1585 σίου
331 1534 633 1601 Ζαχαρίου
662 1536 760 1587 καὶ
790 1535 896 1588 τοῦ
941 1536 1184 1589 κλεινοῦ
1234 1536 1474 1604 dar-nil“
1524 1539 1557 1604 ὴ
1592 1535 1731 1606 αὑτὴ

1728 1560 1731 1604 γ
1829 1538 1923 1589 ria»:
1963 1546 2011 1590 et
2042 1538 2223 1606 inclyti
2259 1537 2514 1591 Danielis.
2573 1536 2773 1590 Eadem
2817 1547 2994 1590 autem
3043 1536 3256 1590 artilicii
3306 1550 3396 1588 ve-

158 1624 212 1676 δὲ
241 1624 405 1693 χάρις
439 1622 534 1675 τοῦ
572 1624 813 1692 τεχνίτου
852 1624 1113 1693 διέπρεπε
1148 1627 1251 1678 κάν
1280 1626 1513 1688 τούτοις.

239 1716 687 1785 Ἐμπεριείχοντο
716 1716 772 1768 δὲ
805 1716 885 1784 τῷ
906 1717 1109 1786 τεύχει,
1136 1717 1213 1787 τῷ
1244 1718 1387 1788 αὐτῷ
1410 1718 1502 1771 τοῦ
1530 1718 1730 1787 μέτρου

160 1810 497 1879 χαρακτῆρι,
539 1810 757 1877 λόγοιγ¹
802 1812 882 1872 εἰς
937 1811 1190 1881 μάρτυρα
1238 1814 1330 1864 τὸν
1378 1815 1727 1883 Κυπριανόν⁸

1830 1637 2020 1681 nustas
2046 1631 2163 1683 haec
2187 1644 2401 1699 quoque
2426 1627 2743 1683 exornabat.

1903 1718 2017 1773 Hoc
2069 1721 2184 1789 ipso
2238 1722 2365 1775 item
2416 1721 2687 1775 volumine
2744 1720 3180 1781 continebantur,
3235 1718 3395 1771 simili

1835 1823 2085 1863 versuum
2140 1810 2311 1865 forma
2366 1813 2695 1880 conscripti,
2743 1810 2865 1865 libri
2926 1822 3034 1865 tres
3085 1813 3136 1863 in
3185 1810 3395 1862 laudem

157 1871 353 1971 ἐδήλου
378 1871 439 1955 δέ
466 1903 574 1970 ἄρα
596 1871 662 1955 τὰ
693 1871 1096 1972 σπουδάσματα,
1121 1871 1215 1967 ’ὼς
1268 1906 1456 1969 παῖδες
1492 1871 1724 1977 μητέρα,
1760 1871 1804 1928 Β

1760 1871 1804 1928 Β
1835 1900 1893 1953 Β.
1950 1901 2203 1971 Cypriani
2256 1904 2509 1975 martyris
2560 1871 2739 1973 (ili:
2788 1903 3250 1969 ostendebantque
3314 1901 3397 1955 vel

158 1994 267 2046 τῶν
296 1995 401 2062 τῆς
430 1994 695 2063 βασιλίδος
727 1994 822 2046 καὶ
852 1995 1024 2047 ταῦτα
1060 1995 1264 2048 ὠδίνων
1314 1996 1511 2063 ἔκγονα
1564 1991 1725 2052 εἶναι.

159 2081 261 2138 Ὧν
287 2089 317 2139 ὁ
346 2087 447 2153 μὲν
482 2086 693 2155 πρῶτος
722 2086 877 2153 λόγος
924 2087 992 2139 τά
1037 2104 1094 2140 τε
1128 2090 1257 2157 περὶ
1299 2089 1396 2158 τῆς
1453 2090 1727 2160 μάρτυρος

158 2178 415 2240 διέξεισιν
457 2180 766 2247 Ἰουστίνης,
799 2179 951 2240 ὅπως
989 2196 1046 2230 τε
1076 2181 1213 2248 αὑτὴ
1258 2182 1337 2241 εἰς
1372 2181 1727 2248 Χριστιανοὺς

163 2270 519 2337 μετετάξατο,
552 2272 644 2323 καὶ
665 2271 714 2323 οἱ
736 2270 987 2332 τεκόντες
1021 2270 1087 2323 δι’
1111 2271 1281 2339 αὐτῆς
1311 2272 1609 2339 ἠλλάξαντο
1631 2273 1722 2324 εὑ-

162 2362 381 2415 σέὃειαν
437 2362 849 2432 εἰδωλολατρίας
874 2380 889 2394 ο
931 2363 1075 2416 ὅπως
1102 2362 1161 2414 τέ
1206 2379 1287 2424 τις
1319 2364 1553 2432 ἐραστὴς
1610 2379 1728 2417 πει-

164 2455 333 2521 ράσας
387 2455 482 2506 καί
521 2454 705 2514 κακῶς
746 2453 1075 2516 ἀπαλλάξας,
1149 2453 1426 2519 Ἀγλαῖδας
1461 2455 1632 2522 δνομα
1658 2456 1723 2520 ⁸³,

160 2545 526 2613 προσέρχεται
587 2544 886 2613 Κυπριανῷ
948 2545 1118 2613 μάγον
1172 2546 1367 2615 τέχνην
1420 2547 1724 2616 ἡσκηκότι,

158 2637 364 2703 ἀμῦναί
394 2653 453 2688 τε
505 2635 671 2687 δεῖται
728 2635 1028 2705 δυσερῶντι
1072 2640 1165 2689 καὶ
1220 2637 1317 2705 τὴν
1363 2638 1529 2709 κόρην
1581 2640 1729 2708 αὐτῷ

159 2727 442 2795 πειθήνιον
471 2727 887 2799 παρασκευάσαι
907 2742 919 2754 ⁸
979 2728 1069 2779 καὶ
1106 2728 1181 2790 ὡς
1205 2729 1516 2798 Κυπριανὸς
1551 2730 1727 2793 πάσας

158 2833 215 2867 τε
244 2815 290 2845 ⁸³
328 2814 587 2884 μεθόδους
621 2815 799 2882 μάγου
825 2813 1019 2883 τέχνης
1046 2818 1294 2885 κινήσας,
1318 2818 1441 2880 τούς
1465 2835 1522 2871 τε
1550 2819 1724 2888 βιαιο-

156 2907 354 2968 τάτους
420 2906 515 2958 καὶ
561 2907 975 2974 χαλεπωτάτους
1036 2908 1145 2961 τῶν
1191 2908 1461 2978 δαιμόνων
1505 2912 1727 2981 πέμψας

158 2998 249 3048 ἐπὶ
291 2996 397 3066 τὴν
441 2996 724 3066 παρθένον,
757 2998 847 3050 καὶ
878 3000 1261 3068 ᾐσχυμμένους
1304 3003 1398 3054 καὶ
1440 3006 1728 3071 νενικημέ-

158 3106 279 3148 νους
319 3086 422 3139 τοῦ
459 3087 691 3156 σταυροῦ
738 3089 817 3156 τῷ
842 3089 992 3158 τύπῳ
1026 3090 1082 3156 ἐξ
1120 3091 1299 3143 αὐτῶν
1327 3093 1552 3145 ἐκείνων
1594 3097 1727 3147 άνα-

1837 1994 1949 2061 ipsa
1978 1994 2239 2058 carmina,
2265 2003 2322 2049 ιιι
2346 1995 2497 2050 liberi
2527 2004 2755 2048 matrem
2787 1994 2981 2056 solt-nt,
3012 1994 3154 2047 hunc
3185 2007 3401 2061 quoque

1837 2086 2090 2153 Augusta:
2138 2096 2348 2153 partum
2396 2101 2516 2139 esse
2567 2086 2887 2153 legitimum.
2935 2084 3150 2137 Primus
3204 2085 3396 2137 horum

1834 2179 1969 2233 liber
2016 2191 2101 2231 res
2146 2178 2315 2231 beata:
2364 2174 2585 2230 Justinze
2631 2178 2880 2247 martyris
2928 2176 3289 2243 persequitur,
3341 2185 3398 2227 ut

1839 2271 1894 2324 in
1922 2267 2353 2322 Christianorum
2387 2266 2473 2319 illa
2514 2281 2795 2319 numerum
2832 2266 3108 2333 ad0ptata,
3152 2273 3399 2333 parentes

1838 2375 2050 2428 quoque
2078 2374 2204 2413 suos
2236 2358 2302 2413 ab
2331 2358 2591 2411 idolorum
2624 2358 2687 2409 ad
2725 2358 2833 2408 veri
2875 2356 2968 2409 Dei
3008 2357 3208 2410 cultum
3254 2366 3398 2409 tran-

1838 2452 2050 2505 stulerit
2102 2468 2114 2503 :
2178 2458 2343 2518 utque
2386 2464 2569 2502 amore
2610 2450 2824 2516 quidam
2872 2449 2987 2518 ejus
3043 2460 3253 2515 captus,
3284 2448 3397 2501 fru—

1834 2553 1946 2599 stra
1996 2544 2083 2597 illa
2135 2542 2439 2604 sollicitata,
2486 2539 2551 2593 ad
2597 2539 2924 2607 Cyprianum
2981 2540 3205 2607 magicis
3254 2539 3401 2591 dedi-

1837 2646 1948 2689 tum
1994 2634 2199 2688 artibus
2242 2648 2301 2687 se
2348 2630 2659 2696 contulerit,
2697 2645 2891 2699 rogans
2944 2630 3152 2698 perdite
3199 2628 3396 2680 amanti

1840 2736 2144 2787 succurrat,
2192 2741 2257 2779 ac
2307 2724 2539 2793 puellam
2592 2724 2691 2778 sibi
2748 2722 3133 2789 obsequentem
3192 2720 3397 2773 reddat.

1839 2821 2001 2874 Addit
2034 2818 2222 2887 128b
2255 2816 2583 2887 Cyprianum
2629 2828 2819 2868 omnes
2869 2814 3089 2881 magica:
3133 2815 3264 2864 artis
3313 2828 3399 2862 rn-

1844 2913 2016 2966 tiones
2050 2912 2316 2964 incassum
2352 2916 2670 2967 tentantem,
2704 2904 3127 2981 violentissimus
3159 2919 3400 2971 quosque

1839 3019 1903 3059 ac
1953 3001 2433 3073 perniciosissimus
2462 3002 2730 3053 damones
2774 2995 3142 3066 oppugnandae
3183 2995 3402 3062 virginis

1840 3098 2077 3153 caStitati
2134 3094 2424 3149 immisisse
2477 3114 2489 3145 :
2536 3092 2635 3144 hos
2687 3105 2817 3143 vero
2870 3088 3071 3157 pudore
3135 3086 3400 3146 sul‘lusos.

160 3181 373 3247 μαθὼν,
403 3179 697 3247 άφίσταταί
727 3198 785 3233 τε
810 3181 913 3251 τῆς
945 3182 1076 3251 πρὸς
1108 3184 1351 3247 ἐκείνους
1378 3186 1609 3250 εὐνοίας,
1634 3191 1725 3242 καὶ
1752 3203 1795 3259 c
1827 3212 1828 3215 η

1752 3203 1795 3259 c
1827 3194 2105 3257 victosque
2131 3192 2496 3241 sacrosancta:
2520 3183 2700 3238 crucis
2751 3182 2923 3249 signo,
2958 3178 3185 3245 rejectos
3219 3178 3403 3240 fuisse,

156 3272 255 3333 τὰς
284 3270 531 3340 μαγικάς
570 3271 786 3333 ἁπάσας
818 3270 1032 3339 βίϐλους
1086 3274 1392 3341 κατακαίει,
1452 3280 1545 3330 καὶ
1578 3279 1733 3341 τέλος

157 3363 223 3414 τὰ
252 3364 605 3433 Χριστιανῶν
651 3369 864 3433 μυεῖται
923 3366 1016 3419 καὶ
1050 3366 1391 3436 βαπτίζεται,
1440 3372 1536 3422 καὶ
1563 3370 1731 3441 θύρας

157 3457 253 3523 τῆς
286 3454 588 3524 ἐκκλησίας
610 3455 943 3518 πιστεύεται,
962 3459 1069 3510 'xai.
1098 3458 1348 3524 ἀξιωθεὶς
1378 3463 1731 3530 χαρισμάτων

160 3547 396 3610 πολλοὺς
430 3548 529 3615 μὲν
562 3550 763 3612 νόσων,
803 3550 1028 3611 πολλοὺς
1081 3549 1139 3602 δὲ
1175 3552 1442 3619 δαιμόνων
1470 3554 1727 3623 ἐκάθηρε,

161 3640 251 3691 καὶ
289 3638 483 3690 λοιπὸν
516 3641 605 3690 καὶ
632 3639 724 3690 τοῦ
757 3638 883 3709 [216
923 3638 1014 3709 Η.]
1047 3642 1431 3710 ἀρχιερατικοῦ
1483 3644 1731 3713 ἀξιώμα-

157 3746 245 3792 τος
268 3730 542 3795 ἀξιοῦται.
597 3729 654 3782 Ὁ
687 3730 783 3799 μὲν
816 3725 907 3783 οὖν
940 3731 1153 3798 πρῶτος
1177 3731 1328 3797 λόγος
1352 3732 1593 3785 τοιαῦτα.

1839 3296 1898 3339 ιιι
1939 3298 2005 3337 ex
2052 3281 2158 3334 illis
2207 3279 2339 3348 ipsis
2379 3275 2647 3345 cognorit.
2676 3273 2854 3340 Quare
2891 3287 3214 3340 propensum
3248 3285 3403 3323 suum

1837 3378 1891 3429 in
1947 3372 2224 3441 improbos
2286 3370 2407 3422 illos
2471 3359 2696 3434 spiritus
2766 3365 3003 3415 animum
3074 3362 3403 3427 deposuisse,

1836 3477 2132 3531 omnesque
2164 3464 2299 3515 adeo
2343 3458 2583 3526 magicos
2628 3456 2793 3508 libros
2829 3454 3060 3507 ﬂammis
3099 3453 3403 3506 tradidisse.

1837 3555 2144 3611 Christiana
2176 3551 2405 3619 denique
2437 3548 2538 3601 ﬁde
2572 3548 2855 3609 imbutum,
2882 3559 3002 3597 mox
3050 3546 3211 3598 etiam
3238 3544 3411 3608 bapti-

1843 3656 2020 3701 zatum
2050 3659 2193 3704 esse,
2238 3656 2301 3695 ac
2341 3639 2522 3707 templi
2570 3637 2860 3704 jauitorem
2894 3635 3004 3705 (42)
3034 3635 3407 3688 constitutum.

1845 3738 1983 3803 Quin
2011 3746 2066 3789 et
2095 3734 2481 3789 charismatum
2526 3730 2663 3783 dona
2697 3744 2725 3780 a
2756 3726 2866 3781 Deo
2908 3728 3199 3795 accepisse,
3234 3728 3410 3791 itaque

159 3825 369 3878 morbis
416 3823 574 3883 alios,
605 3821 736 3874 alios
760 3822 1091 3877 dwnmnibus
1144 3823 1420 3888 liberasse,
1456 3824 1629 3879 donec
1652 3827 1866 3883 tandem
1898 3825 2291 3896 archiepiscopi
2329 3836 2544 3893 quoque
2571 3820 2848 3889 dignitate
2870 3828 3174 3872 ornaretur.
3203 3815 3266 3867 Et
3298 3818 3408 3870 haec

159 3919 379 3988 quidem
420 3917 556 3970 liber
593 3917 753 3971 habet
786 3920 1013 3986 primus.

238 4009 297 4062 '0
327 4009 389 4061 δὲ
425 4008 672 4075 δεύτερος
713 4010 1016 4077 άπάρχεται
1050 4011 1147 4079 μὲν
1183 4012 1281 4080 τὴν
1335 4015 1398 4065 ἐκ
1452 4015 1579 4077 νέας
1613 4016 1731 4085 ήλι-

1913 4008 2194 4065 Sccundus
2219 4003 2440 4065 deinde,
2468 4004 2595 4057 dum
2643 4016 2672 4054 a
2716 3999 2893 4066 capite
2934 3997 3093 4063 paulo
3128 3999 3288 4050 altius
3326 4015 3409 4051 res

160 4099 283 4163 κίας
316 4099 641 4169 Κυπριανοῦ
679 4101 804 4170 περί
836 4118 895 4153 τε
923 4102 990 4153 τὰ
1027 4101 1219 4155 εἴδωλα
1250 4105 1483 4175 σπουδὴν
1518 4109 1612 4159 καὶ
1638 4108 1734 4176 τὴν

1836 4100 2089 4173 Cypriani
2167 4099 2415 4161 arcessit,
2484 4096 2773 4164 ipsummct
2822 4102 3134 4144 narrantem
3204 4090 3409 4142 inducu

158 4191 265 4242 τῶν
297 4190 576 4258 δαιμόνων
607 4190 905 4259 θεραπείαν
933 4192 1257 4260 διηγεῖσθαι,
1276 4194 1366 4246 τόν
1390 4211 1449 4246 τε
1486 4198 1613 4266 περ).
1636 4200 1734 4259 τὰς

164 4283 401 4351 μαγείας
433 4281 594 4333 πόθον
630 4281 724 4333 καὶ
752 4282 850 4349 τὴν
898 4282 1147 4351 μελέτην,
1183 4282 1345 4334 αὐτὸν
1383 4286 1591 4336 ἐκεῖνον
1618 4288 1731 4337 elo-

160 4376 307 4438 άγων
347 4370 662 4441 ἐξηγητήν’
730 4372 824 4423 καὶ
856 4374 955 4423 ὅσα
989 4371 1122 4424 ἄλλα
1159 4371 1318 4439 μάθοι
1363 4373 1491 4442 περί
1523 4391 1581 4425 τε
1640 4375 1730 4443 βο-

159 4465 330 4517 τανῶν
361 4465 461 4516 καὶ
492 4463 673 4531 φυτῶν
705 4463 797 4514 καὶ
860 4460 1014 4523 ζώων
1070 4462 1284 4529 φύσεως
1333 4461 1692 4514 παντοδαπῶν
1717 4480 1731 4493 ·

1835 4209 1989 4249 suum
2015 4192 2126 4259 jam
2158 4190 2281 4243 inde
2307 4202 2337 4241 a
2367 4185 2597 4257 pueritia
2630 4186 2683 4237 in
2718 4183 2853 4236 idola
2884 4182 3146 4245 studium,
3178 4182 3409 4236 cultum-

1836 4299 1941 4354 que
1967 4284 2289 4345 daemonum,
2319 4290 2374 4334 et
2414 4278 2681 4332 discendae
2713 4274 2929 4342 magicae
2969 4275 3103 4328 artis
3132 4275 3400 4341 cupidita-

1840 4386 1947 4431 tem
1993 4386 2153 4442 atque
2196 4383 2472 4427 conatum.
2506 4370 2762 4433 Quzenam
2806 4367 3000 4421 dehinc
3035 4367 3137 4420 alia
3178 4369 3241 4419 de
3283 4368 3409 4419 her-

1840 4468 2035 4520 barum
2125 4450 2435 4525 variarum,
2514 4461 2811 4528 stirpium,
2896 4470 3055 4527 atque
3159 4461 3404 4510 animan-

159 4558 249 4607 καὶ
272 4558 352 4607 ὅτι
374 4554 635 4607 ποικίλων
661 4553 951 4623 δαιμονίων
969 4552 1483 4625 φασμάτωνθεατὴς
1506 4554 1733 4618 γένοιτο
1771 4549 1815 4605 D

1771 4549 1815 4605 Ι)
1858 4560 1990 4613 tium
2073 4568 2269 4610 natura
2344 4553 2616 4616 didicerit,
2682 4561 2844 4619 utque
2905 4552 3051 4603 varia
3097 4549 3261 4604 etiam
3297 4550 3402 4601 dm-

162 4647 251 4697 καὶ
279 4648 435 4706 ὅπως
452 4644 510 4708 ἐξ
545 4644 786 4713 Ἀθηνῶν
814 4647 869 4706 ἐς
891 4646 1112 4712 Ἄργος,
1138 4645 1391 4696 κάκεῖθεν
1419 4648 1475 4707 ἐς
1495 4647 1733 4715 Φρυγίαν

1840 4664 2055 4703 monum
2112 4646 2339 4701 ludibria
2401 4644 2615 4698 viderit.
2655 4641 2935 4707 Quomodo
2990 4639 3117 4693 item
3179 4640 3409 4693 Athenis

162 4742 392 4805 ἀφίκετο
422 4739 490 4799 3.5,
529 4737 811 4807 ἱερουργὸς
838 4754 896 4788 τε
929 4737 1037 4788 τῶν
1075 4736 1367 4803 δαιμονίων
1417 4738 1733 4807 ἅπανταχοῦ

1834 4740 2028 4809 Argos,
2056 4738 2287 4807 indeque
2324 4737 2375 4788 in
2420 4734 2707 4804 Phrygiam
2741 4731 3038 4800 prolectus,
3067 4729 3403 4784 dremonibus

162 4830 563 4896 καθιστάμενος
595 4826 720 4898 [417
750 4826 837 4898 IL]
876 4829 970 4880 καὶ
1024 4826 1221 4896 πολλὴν
1257 4829 1587 4897 συνάσκησιν
1634 4829 1735 4897 τῆς

1838 4832 2035 4898 ubique
2094 4830 2373 4884 sacrilicus
2430 4827 2758 4879 constitutus
2810 4822 3008 4888 fuerit,
3063 4837 3127 4876 ac
3182 4823 3403 4875 multam

166 4921 412 4988 μαγικῆς
444 4919 825 4988 ἀθροιζόμενος
850 4935 864 4949 ο
898 4917 1017 4971 εἶτα
1064 4917 1267 4987 προῖὼν
1321 4918 1395 4980 ὡς
1458 4920 1731 4987 Αἰγύπτου

1839 4923 2061 4989 magica:
2129 4922 2264 4975 artis
2330 4918 2777 4973 exercitationem
2855 4914 3154 4981 collegerit.
3228 4914 3409 4982 Pergit

162 5026 220 5063 τε
261 5013 355 5063 ἐπὶ
381 5012 497 5071 τοῖς
536 5010 719 5072 αὐτοῖς
746 5007 915 5078 ἐπέϐη
948 5009 1039 5059 καὶ
1076 5006 1272 5069 Ἰνδοὺς
1322 5006 1572 5075 ἐπῆλθεν,
1630 5009 1729 5060 ὅσα

1837 5013 2025 5066 ειιηιιεο
2071 5026 2314 5076 narrare,
2354 5021 2413 5062 ut
2464 5008 2517 5061 iu
2564 5007 2856 5079 Egyptum
2898 5008 3209 5063 earumdem
3250 5021 3410 5059 causa

1496 5163 1724 5219 VARIIE
1758 5165 2049 5225 LECTION
2059 5170 2163 5224 ES.

229 5291 273 5322 "
316 5287 991 5360 osurepiqvACasaubonus
1025 5302 1039 5339 :
1070 5285 1192 5340 libri
1222 5286 1498 5355 δευτέρην.
1584 5286 1631 5317 ³³
1670 5289 1956 5356 Ἀγλαῖδας
1981 5291 2149 5360 ὄνομα
2205 5290 2326 5346 add.
2358 5290 2425 5343 Α.
2500 5286 2546 5319 ⁸⁵
2570 5306 2627 5340 π.
2655 5302 2714 5336 τε
2756 5286 2848 5336 καὶ
2907 5283 3029 5354 μεθ.
3054 5299 3115 5345 ς.
3191 5281 3237 5311 ⁸⁵
3279 5280 3398 5345 ἀφ’

168 5376 330 5427 arma,
397 5358 681 5429 ἱερουργὸς
718 5357 775 5409 δέ
799 5374 858 5421 ς.

1667 5486 1875 5546 NOTAE

215 5610 322 5680 (ii)
339 5610 417 5665 De
431 5608 675 5680 utrisque
694 5608 1114 5680 hiaimartyribus
1131 5604 1481 5680 Μιινιῃγοιοςιἒ
1492 5604 1638 5680 Rom.
1653 5602 1721 5658 36

172 5675 445 5748 septemb.
478 5690 532 5732 et
561 5675 1003 5748 Crrrcﬂcuolog.
1026 5679 1060 5730 2
1090 5680 1277 5731 Octob.
1298 5678 1431 5748 item
1454 5675 1721 5748 DCI-ego-

173 5745 277 5803 rtus
306 5750 568 5803 Nazianz.
599 5747 754 5801 Orat.
778 5750 830 5801 in
854 5748 917 5801 Β.
944 5747 1192 5816 Cyprian.
1220 5745 1309 5813 qui
1339 5745 1476 5816 duos
1504 5746 1722 5816 Cypria-

176 5834 266 5875 nus
309 5821 644 5875 confundere
693 5820 923 5885 videtur,
968 5813 1022 5873 ut
1068 5829 1122 5873 et
1169 5814 1492 5870 Prudentius
1528 5813 1717 5883 Hymn.

1834 5609 2097 5679 xntﬂepi.
2127 5612 2347 5679 στεφάν.
2386 5625 2449 5663 ac
2480 5611 2886 5679 Metaphrastes.

1838 5659 2098 5742 "una;
2129 5659 2352 5751 cretae.
2378 5659 2709 5736 ᾱξιίῖὁῖἇὶῖ
2726 5659 2893 5733 bitt.
2922 5676 3240 5746 Cyprianum
3278 5674 3316 5723 Ν
3336 5690 3382 5724 -ο

1834 5748 1991 5815 κόρον
2026 5748 2174 5804 facit.
