4224 6446
777 400 882 464 539

1868 402 2130 462 ΡΗΟΤΙΙ
2173 400 2677 461 PATRIARCH/E
2716 403 2825 463 CP.

3919 402 4023 465 540

776 514 1013 570 venerit.
1058 523 1220 581 atque
1270 514 1336 567 ad
1391 513 1545 569 Indos
1602 516 1924 577 accesserit,
1988 532 2217 585 quzeque
2269 516 2387 574 ibi;

2467 516 2491 566 ς’
2519 518 2634 568 ἐκεῖ
2661 514 2939 586 παράδοξα
2959 515 3051 567 καὶ
3070 515 3257 578 δεινῶς
3275 516 3448 569 ἄτοπα
3466 516 3597 568 ἄλλα
3615 530 3673 566 τε
3707 516 3800 567 καὶ
3828 514 4026 567 εἴδωλα

778 606 1049 672 inopinata
1111 613 1165 657 et
1208 604 1362 658 valde
1407 604 1661 669 absurda,
1693 622 1814 659 cum
1867 607 1998 669 alia,
2036 616 2146 659 tum
2181 606 2351 658 simu-

778 695 922 747 lacra
966 694 1160 749 viderit
1208 706 1374 764 atque
1418 696 1739 751 observarit.
1772 698 1931 750 Addit
1973 711 2051 761 se,
2087 713 2207 749 cum
2255 695 2351 748 tri-

778 788 1035 841 cesimum
1062 787 1172 854 jam
1205 789 1375 840 tetatis
1406 803 1603 842 annum
1634 792 1947 857 attingeret,
1976 789 2038 841 ad
2072 787 2351 840 Chaldaaos

779 878 1014 938 venisse,
1050 893 1347 945 eorumque
1389 879 1581 932 litteris
1625 880 1953 941 institutum,
1997 879 2349 947 astrologiam

779 978 1032 1023 accurate
1074 970 1447 1036 perdidicisse,
1499 986 1723 1039 quaeque
1774 972 1875 1023 alia
1927 971 2143 1039 cognitu
2191 972 2350 1037 digna

778 1062 916 1129 apud
963 1061 1081 1115 illos
1120 1062 1460 1117 viderentur.
1506 1060 1695 1116 Omnia
1748 1063 1958 1115 tandem
2002 1065 2111 1114 haec
2153 1061 2352 1113 vidisse

778 1150 1036 1212 refutata,
1071 1152 1288 1218 quando
1340 1154 1506 1205 stulto
1557 1169 1650 1205 seu
1702 1154 1880 1221 potius
1931 1152 2127 1206 animis
2173 1151 2354 1219 perni-

778 1243 926 1295 cioso
958 1242 1142 1296 labore
1174 1246 1321 1296 hisce
1355 1247 1560 1299 artibus
1596 1247 1860 1314 impenso,
1898 1261 1927 1299 a
1960 1246 2170 1300 Justina
2210 1260 2351 1298 mar-

782 1343 898 1403 tyre
933 1336 1181 1402 repulsus
1215 1348 1319 1391 est.
1360 1337 1757 1393 Commemorat
1793 1340 1919 1393 item
1954 1340 2041 1393 hic
2070 1339 2351 1401 ronmdla,

779 1427 973 1489 quibus
1029 1426 1192 1479 alium
1248 1444 1307 1483 se
1365 1430 1477 1497 ipse
1538 1433 1805 1485 interdum
1866 1432 2091 1499 magicis
2148 1432 2355 1485 artibus

779 1518 1052 1583 exhibuit,
1087 1521 1333 1589 aliosque
1385 1522 1650 1576 interdum
1703 1523 2108 1577 transformavit
2142 1542 2155 1577 :
2190 1534 2355 1591 utque

780 1624 809 1661 a
849 1613 1149 1663 dmmonum
1190 1612 1337 1664 cultu
1390 1615 1693 1677 discedens,
1732 1615 2164 1668 cacodzemonem
2200 1615 2357 1667 mini-

782 1710 1017 1767 tantem,
1069 1710 1123 1755 et
1180 1702 1246 1756 ad
1301 1704 1730 1772 desperationem
1790 1719 1959 1774 usque
2018 1707 2354 1759 terrltantem

780 1794 1038 1856 senserit,
1076 1809 1140 1847 ac
1186 1797 1456 1862 quomodo
1509 1797 1699 1849 borum
1756 1797 1824 1849 sit
1880 1808 2024 1849 metu
2074 1797 2353 1861 liberatus,

780 1900 905 1937 cum
942 1885 993 1937 in
1039 1886 1182 1954 pium
1236 1888 1406 1939 virum
1456 1888 1753 1951 incidisset,
1791 1889 1875 1942 cui
1929 1888 2213 1942 Timotheo
2263 1905 2356 1941 no-
2389 1865 2429 1917 Β

780 1993 929 2031 men.
967 1977 1250 2044 Quomodo
1292 1988 1549 2047 prmterea
1590 1980 1890 2034 Antiochia:
1931 1981 2068 2049 apud
2101 1980 2356 2049 frequens

782 2071 1111 2123 auditorium
1165 2071 1495 2137 narraverit,
1547 2071 1773 2124 nefanda
1816 2071 1982 2126 multa
2024 2088 2083 2126 se
2126 2088 2189 2127 ac
2227 2090 2355 2143 pro-

780 2161 989 2227 digiosa
1040 2161 1307 2227 effecisse,
1356 2165 1552 2231 quibus
1607 2163 1857 2217 homines
1908 2165 1978 2217 ita
2029 2166 2355 2235 decipiebat,

780 2261 840 2304 ut
879 2267 978 2320 pro
1022 2253 1124 2307 deo
1182 2253 1353 2321 ipsum
1411 2253 1689 2308 haberent.
1737 2252 2014 2324 Lacrymis
2067 2257 2249 2324 itaque
2296 2273 2358 2312 ac

782 2344 932 2398 luctu
994 2361 1161 2415 genas
1214 2346 1283 2399 ob
1335 2346 1450 2399 haec
1511 2347 1931 2412 humectantem,
1973 2363 2039 2401 ex
2098 2350 2357 2402 memoria

773 2437 1155 2505 improborum
1211 2437 1515 2491 facinorum
1573 2439 1625 2492 in
1682 2438 1875 2492 salutis
1928 2439 2358 2505 desperationem

782 2528 981 2581 iterum
1029 2530 1373 2599 delapsurum
1434 2528 1623 2593 fuisse,
1666 2530 1765 2583 nisi
1817 2529 2089 2585 Eusebius
2142 2533 2358 2600 quidam

781 2622 1021 2686 optimus
1069 2623 1134 2674 ad
1193 2621 1444 2688 pietatem
1500 2631 1553 2674 et
1605 2621 1977 2687 paenitentiam
2018 2624 2145 2686 dux,
2193 2637 2362 2675 sacra:

782 2713 1079 2782 Scriptum
1131 2713 1405 2781 alloquiis,
1454 2716 1736 2781 sacrisque
1790 2715 2216 2778 narrationibus,
2264 2716 2359 2766 de-

782 2806 1113 2872 sperationis
1166 2804 1412 2858 nebulam
1468 2806 1760 2873 dissipans,
1804 2806 1996 2875 129a
2036 2807 2196 2859 clara:
2247 2808 2360 2873 Spei

783 2895 952 2948 radiis
1008 2909 1132 2948 eum
1187 2895 1537 2958 illustrasset,
1570 2906 1626 2949 et
1679 2896 1730 2947 in
1788 2896 2005 2948 domum
2062 2911 2214 2948 suam
2272 2899 2365 2949 de-

784 2989 1006 3040 ductum
1049 2986 1230 3039 cibum
1274 3000 1471 3053 capere
1507 2985 1775 3053 iussisset,
1813 2988 1975 3038 trium
2010 2988 2215 3039 dierum
2251 2985 2363 3038 ine-

785 3078 872 3129 dia
904 3077 1014 3144 jam
1049 3086 1406 3130 maceratum.
1439 3076 1627 3129 Refert
1662 3078 1814 3141 item,
1849 3085 1905 3129 ut
1948 3077 2002 3129 in
2039 3092 2251 3130 sacrum
2299 3080 2366 3129 ab

784 3166 877 3222 illo
934 3169 1193 3231 templum
1252 3168 1416 3221 fuerit
1476 3170 1762 3230 adductus,
1800 3176 1853 3221 et
1904 3182 1999 3220 sua
2048 3168 2163 3236 ipse
2208 3182 2363 3219 manu

786 3275 970 3313 coram
1006 3259 1349 3313 multitudine
1382 3260 1603 3328 magicae
1635 3260 1770 3311 artis
1809 3273 1919 3311 sua:
1957 3259 2120 3310 libros
2168 3258 2360 3309 allatos

787 3350 1018 3404 flammis
1060 3352 1364 3414 tradiderit,
1408 3365 1471 3407 ac
1520 3352 1657 3403 bona
1702 3351 1925 3417 insuper
1972 3365 2063 3403 sna
2110 3353 2361 3417 pauperi-

784 3444 889 3497 bus
920 3444 1278 3507 distribuerit,
1314 3452 1474 3511 atque
1507 3443 1573 3494 ad
1604 3442 2034 3495 Christianorum
2079 3442 2202 3493 inde
2244 3454 2355 3492 caa-

786 3543 898 3585 tum
934 3541 1256 3601 aggregatus
1288 3532 1403 3585 sit:
1446 3532 1707 3585 Eusebius
1750 3543 1928 3583 autem
1985 3532 2090 3591 hic,
2129 3531 2227 3593 ait,
2271 3548 2358 3583 sa-

785 3625 1013 3679 cerdotii
1046 3624 1307 3692 dignitate
1335 3634 1634 3677 exornatus
1663 3632 1801 3675 erat.
1832 3624 2058 3675 Accedit
2088 3622 2359 3689 quomodo
2395 3621 2649 3689 Aglaidas
2670 3655 2686 3679 ,
2742 3614 2924 3683 gravis
2981 3611 3069 3665 ille
3121 3609 3345 3662 Justinte
3421 3622 3617 3676 procos
3638 3645 3654 3668 ,

2453 603 2560 659 εἶδέ
2586 624 2644 658 τε
2682 608 2776 657 καὶ
2807 606 3039 675 ἐξέμαθε
3066 623 3080 636 ·
3114 607 3207 659 καλ⁵
3244 610 3323 668 είς
3378 606 3825 675 τριακονταετίαν
3874 604 4028 674 αὐτῷ

2451 700 2549 768 τῆς
2581 699 2796 768 ἡλικίας
2838 697 3098 766 τελούσης
3125 700 3217 749 ἐπὶ
3270 698 3567 759 Χαλδαίους
3609 693 3761 767 ἦλθε,
3813 699 3909 750 καὶ
3962 698 4030 750 τὰ

2453 791 2676 843 ἐκείνων
2710 791 2887 843 πάντα
2926 790 3154 859 μυηθεὶς
3182 789 3537 858 ἀστρολογίαν
3567 806 3626 839 τε
3649 788 4025 858 ὴκριϐῶσατο,

2453 885 2546 935 καὶ
2577 884 2628 933 εῖ
2658 900 2711 933 τι
2738 883 2861 935 ἀλλο
2888 884 3049 951 σοφὸν
3074 882 3119 913 ⁸⁸
3152 880 3429 948 νομίζεται
3460 878 3592 949 παρ’
3656 880 3860 943 αὐτοῖς.
3921 880 4032 930 Καὶ

2453 974 2533 1025 ὅτι
2559 973 2732 1024 ταῦτα
2761 974 2937 1026 πάντα
2954 969 3091 1025 εἶδεν
3119 972 3453 1041 ἐληλεγμένα
3484 971 3577 1023 καὶ
3612 970 3862 1039 μάταιον,
3893 971 4033 1038 μᾰλο

2451 1066 2541 1116 λον
2563 1064 2620 1116 δὲ
2654 1064 2696 1093 ⁸⁷
2732 1064 3080 1134 ψυχώλεθρον
3104 1063 3286 1127 πόνον,
3308 1061 3631 1132 προσϐαλὼν
3659 1063 3778 1123 ταῖς
3808 1062 4033 1129 τέχναις

2453 1156 2519 1222 τῇ
2552 1155 2789 1222 μάρτυρι
2830 1154 3091 1223 ἰουστίνῃ
3122 1153 3189 1209 ⁸⁸,
3218 1153 3450 1215 Διέξεισι
3480 1153 3615 1203 δὲέν
3644 1152 3854 1213 τούτοις
3914 1150 4034 1202 ἔνια

2454 1236 2528 1296 ὦν
2556 1243 2719 1303 αὐτός
2744 1260 2802 1294 τε
2830 1245 3019 1296 ἐαυτὸν
3053 1247 3169 1306 ταῖς
3201 1244 3455 1312 μαγείαις
3487 1242 3664 1303 ἄλλοις
3686 1241 3844 1294 ἄλλον
3868 1242 4035 1309 ἐφάν-

2454 1352 2614 1387 τασεν
2645 1334 2852 1399 ἄλλοτε,
2897 1338 2990 1387 καὶ
3018 1328 3092 1387 ὧν
3145 1335 3363 1402 ἐτέρους
3393 1333 3711 1404 ἐμόρφωσεν
3736 1350 3750 1363 ο
3791 1334 3943 1395 ὅπως
3975 1350 4035 1385 τε

2455 1426 2553 1495 τῆς
2603 1426 2894 1494 δαιμονίων
2922 1427 3132 1497 πλάνης
3162 1427 3406 1488 ἀποστὰς
3452 1426 3543 1477 τὸν
3597 1426 3831 1494 πονηρὸν
3876 1427 4039 1478 ἀπει-

2456 1516 2650 1569 λοῦντα
2707 1517 2830 1587 ἔσχε
2866 1519 2958 1570 καὶ
2993 1520 3073 1579 είς
3105 1518 3416 1585 ἀπόγνωσιν
3446 1516 3876 1584 ὲκδειμαίνοντα,
3937 1518 4037 1570 καὶ

2456 1606 2531 1665 ὡς
2578 1604 2739 1673 ἐλύθη
2771 1604 2978 1657 τούτων
3020 1605 3119 1674 τῆς
3145 1605 3347 1667 δειλίας
3374 1606 3608 1674 ἐντυχὼν
3659 1606 3813 1674 ἀνδρὶ
3845 1606 4037 1659 θεοσε-

2456 1696 2582 1759 ϐεῖ,
2627 1696 2798 1765 ὄνομα
2829 1698 3101 1767 Τιμοθέῳ.
3156 1697 3273 1750 Ἐπ’
3341 1698 3671 1767 ’Δντιοχείας
3707 1716 3769 1750 τε
3812 1700 3892 1758 είς
3939 1700 4040 1750 ἐπ-

2458 1789 2622 1857 ήκοον
2649 1788 2693 1818 ⁸³
2744 1788 2955 1840 πολλῶν
2981 1790 3055 1852 ὡς
3090 1788 3405 1858 ἐξήγγειλεν
3434 1789 3570 1859 ἔργα
3614 1790 3784 1841 πολλὰ
3836 1789 4042 1858 ἀθέμι⁴

2460 1895 2527 1929 τα
2555 1880 2600 1909 ⁹⁰
2625 1881 2718 1931 καὶ
2754 1880 3016 1949 τεράστια
3041 1881 3462 1950 διαπράξασθαι,
3518 1877 3597 1942 οἷς
3640 1881 3919 1933 ὲϐουκόλει
3980 1881 4041 1932 τὸ

2461 1967 2804 2037 ἀνθρώπινον
2833 1970 2928 2021 καὶ
2973 1969 3093 2021 θεὸν
3124 1968 3284 2021 αὐτὸν
3330 1969 3610 2021 τίθεσθαιο
3648 1971 3795 2031 ὅπως
3840 1986 3898 2020 τε
3949 1969 4042 2021 δά-

2463 2074 2627 2125 κρυσι
2692 2058 2785 2109 κα)⁸
2846 2057 3065 2126 θρήνοις
3118 2058 3422 2127 ὲῤῥαίνετο,
3489 2058 3650 2126 καὶὴ
3705 2059 3892 2127 μνήμη
3933 2057 4044 2108 τῶν

2464 2149 2741 2217 ἀθεμίτων
2792 2147 2971 2217 ἔργων
3011 2149 3091 2209 είς
3140 2147 3493 2199 ἀνελπιστίαν
3549 2146 3822 2215 σωτηρίας
3877 2146 4047 2199 αὐτὸν

2465 2242 2625 2293 πάλιν
2675 2240 2955 2309 ἔρριπτεν,
2988 2242 3036 2291 εί
3077 2241 3149 2308 μή
3183 2256 3266 2301 τις
3293 2238 3575 2301 Εὐσέϐιος,
3622 2238 3905 2300 εὐσεϐείας
3931 2240 4050 2307 ἄρι-

2467 2351 2590 2396 στος
2614 2334 2707 2385 καὶ
2728 2334 3014 2402 μετανοίας
3047 2332 3351 2401 ὐφηγητὴς,
3379 2334 3489 2393 τοῖς
3511 2348 3569 2383 τε
3597 2330 3757 2391 θείοις
3777 2330 3979 2398 λογίοις
3999 2329 4045 2360 ⁸⁸

2468 2428 2564 2479 καὶ
2604 2428 2725 2487 ταῖς
2760 2426 2932 2493 ἱεραῖς
2966 2425 3227 2492 ἱστορίαις
3256 2423 3426 2486 λύσας
3456 2424 3518 2475 τὸ
3548 2423 3645 2490 τῆς
3679 2422 4051 2489 ἀπογνώσεως

2468 2519 2648 2586 νέφος,
2681 2517 2891 2585 ηὐγασε
2919 2516 3188 2585 λαμπρῶν
3212 2515 3438 2567 ἐλπίδων
3472 2516 3671 2579 ἀκτῖσι,
3716 2515 3807 2567 καὶ
3838 2516 4051 2584 τροφῆς

2469 2612 2652 2663 ἔπεισε
2690 2611 3003 2677 μετασχεῖν,
3046 2609 3126 2668 είς
3153 2602 3299 2657 οἷκον
3331 2606 3555 2673 ἀγαγὼν
3582 2606 3709 2665 ὅλας
3731 2608 3881 2675 τρεῖς
3904 2607 4053 2673 ήμέ-

2471 2718 2571 2770 ρας
2611 2700 2871 2753 ἀπόσιτον
2918 2698 3309 2765 διαγεγονότα*
3343 2698 3491 2757 ὅπως
3538 2713 3599 2747 τε
3644 2696 3723 2756 εἰς
3755 2696 3847 2747 τὸν
3903 2695 4056 2747 θεῖον

2470 2792 2593 2860 ἄγει
2619 2790 2773 2850 νεὼν.
2811 2790 2904 2841 καὶ
2946 2788 3095 2848 ὅπως
3119 2787 3285 2848 αὐτὸς
3319 2788 3347 2837 6
3379 2787 3630 2855 τεχνίτης
3677 2786 3777 2847 τάς
3839 2785 4055 2855 μάγους

2471 2883 2702 2936 ἐνώπιον
2734 2880 2944 2933 πολλῶν
2974 2879 3189 2948 βίϐλους
3224 2878 3357 2947 πυρὶ
3382 2877 3566 2930 δίδωσι
3598 2876 3803 2944 φέρων,
3833 2877 3929 2928 τόν
3992 2893 4055 2927 τε

2472 2974 2703 3025 πλοῦτον
2738 2971 2936 3041 πένησι
2962 2971 3138 3039 νέμει,
3180 2969 3276 3019 καὶ
3306 2968 3405 3034 τῆς
3436 2966 3778 3037 Χριστιανῶν
3842 2966 4056 3034 ἀγέλης

2474 3066 2719 3129 ἀξιοῦται
2755 3080 2767 3091 ·
2801 3061 3103 3130 ἱερωσύνης
3132 3060 3177 3111 δ’
3224 3059 3253 3110 6
3310 3059 3568 3121 Εὐσέϐιος
3624 3058 3839 3127 ἀξίωμα
3886 3075 4055 3125 περι-

2476 3159 2672 3211 έκειτο.
2712 3155 2822 3207 Καὶ
2846 3154 2923 3216 ὼς
2961 3152 3245 3219 Ἀγλαῖδας
3300 3150 3329 3200 6
3384 3148 3484 3216 τῆς
3544 3147 3834 3216 Ἰουστίνης
3879 3148 4060 3210 δεινὸς

2474 3249 2731 3318 ἐραστὴς,
2764 3242 3050 3313 ἀποτυχὼν
3080 3236 3154 3295 ὧν
3187 3241 3510 3303 ἐσπούδαζε,
3550 3241 3671 3292 τότε
3717 3240 3782 3309 δὴ
3820 3241 3915 3292 καὶ
3956 3241 4061 3293 αὐ-

2466 3343 2557 3403 τὸς
2594 3341 2684 3391 τόν
2716 3355 2777 3389 τε
2815 3338 2859 3367 "
2889 3335 3119 3387 πλοῦτον
3151 3333 3359 3398 πένησι
3387 3333 3653 3401 διανέμει,
3686 3334 3780 3385 καὶ
3808 3332 3917 3383 τῶν
3934 3332 4057 3383 δαι-

2470 3438 2646 3505 μόνων
2673 3434 2748 3494 ὠς
2777 3429 3071 3500 ἀπατηλῶν
3104 3428 3379 3496 ἀλογήσας
3408 3428 3477 3478 τὰ
3529 3426 3873 3496 Χριστιανῶν
3916 3428 4055 3479 ἀντ-

2467 3526 2753 3597 ηλλάξατο.
2792 3521 2950 3576 Οὕτω
2995 3520 3088 3572 καὶ
3120 3522 3148 3571 ὁ
3181 3517 3437 3587 δεύτερος
3460 3516 3637 3583 λόγος.

3740 3620 3862 3658 cum
3942 3608 4055 3658 voti

787 3736 1009 3789 compos
1061 3720 1235 3775 factus
1292 3735 1395 3773 non
1449 3730 1617 3781 esset,
1683 3720 1822 3771 bona
1874 3732 2088 3787 quoque
2136 3716 2365 3770 fortunae
2431 3712 2757 3785 pauperibus
2806 3709 2987 3762 omnia
3058 3704 3385 3773 erogaverit,
3446 3714 3498 3755 et
3548 3703 3886 3756 dmmonibus
3936 3710 4058 3753 tan-

787 3827 955 3879 quam
1021 3810 1402 3879 deceptoribus
1459 3810 1651 3863 nuntio
1717 3811 1981 3875 remisso,
2042 3808 2369 3864 Christianis
2404 3822 2521 3860 sese
2566 3803 2742 3859 sacris
2798 3797 3119 3854 addixerit:
3163 3796 3217 3847 in
3288 3809 3397 3863 quo
3471 3794 3695 3847 secundi
3748 3792 3874 3846 libri
3925 3791 4054 3844 linis

786 3914 891 3960 est.

852 3997 1069 4051 Tertius
1092 3996 1325 4065 denique
1343 3998 1659 4065 martyrium
1687 3996 2066 4065 complectitur
2095 3996 2234 4050 beati
2258 3994 2366 4065 Cy-

788 4088 984 4155 priani,
1004 4098 1060 4141 et
1088 4087 1249 4140 clarae
1277 4086 1504 4153 virginis
1538 4085 1789 4145 Justinze,
1819 4085 1908 4151 qui
1950 4083 2282 4136 Diocletiano
2314 4090 2368 4135 et

789 4178 1084 4232 Maximino
1117 4177 1300 4230 Romae
1334 4177 1747 4243 imperantibus,
1776 4185 1950 4227 morte
2002 4172 2364 4226 testimonium

790 4271 1052 4321 dixerunt
1089 4268 1233 4320 ﬁdei.
1268 4266 1382 4321 Una
1398 4266 1541 4319 enim
1566 4268 1631 4318 ad
1659 4265 1908 4333 martyrii
1941 4264 2179 4315 lauream
2213 4262 2367 4315 abre-

791 4364 865 4431 pti
900 4373 1023 4415 sunt
1056 4378 1070 4425 ;
1112 4361 1416 4430 Cyprianus
1437 4358 1655 4426 quidem
1697 4374 1761 4410 ex
1802 4356 1977 4423 patria
2008 4364 2060 4407 et
2102 4354 2232 4405 urbe
2259 4340 2367 4405 An-

792 4456 1013 4517 tiochia,
1056 4451 1209 4519 cujus
1242 4452 1404 4505 etiam
1455 4450 1978 4515 archiepiscopatum
2032 4455 2151 4514 post
2182 4443 2376 4495 Anthi-

2559 3986 2619 4037 '0
2654 3984 2712 4036 δὲ
2756 3982 2937 4052 τρίτος
2976 3978 3038 4030 τὸ
3074 3974 3370 4046 μαρτύριον
3403 3971 3497 4024 τοῦ
3529 3970 3683 4037 ἁγίου
3732 3967 4055 4038 Κυπριανοῦ

2473 4080 2568 4133 καὶ
2606 4075 2899 4140 Ἰουστίνης
2920 4070 3018 4137 τῆς
3041 4065 3476 4134 καλλιπαρθένου
3500 4064 3715 4130 μετρεῖ,
3738 4062 3788 4111 οἳ
3816 4058 4059 4127 ἐμαρτύ-

2473 4187 2649 4241 ρησαν
2684 4161 3068 4233 Διοκλητιανοῦ
3108 4161 3202 4210 καὶ
3246 4153 3594 4223 Μαξιμιανοῦ
3629 4152 3728 4221 τὴν
3765 4151 4057 4217 Ῥωμαίων

2474 4263 2649 4331 ἀρχὴν
2685 4257 2937 4325 ἐχόντων,
2980 4248 3400 4317 Συνελήφθησαν
3444 4246 3489 4297 δ’
3523 4244 3616 4296 ἐπὶ
3654 4244 3715 4295 τὸ
3751 4241 4055 4311 μαρτύριον

2478 4354 2506 4403 6
2542 4354 2637 4420 μὲν
2660 4349 2716 4413 ἐξ
2757 4343 3107 4411 Ἀντιοχείας,
3143 4336 3210 4409 ἧς
3241 4339 3336 4391 καὶ
3368 4336 3505 4405 μετά
3542 4336 3801 4400 Ἀνθιμον
3834 4332 3925 4383 τὸν
3953 4335 4054 4399 ἀρ-

2483 4438 2793 4511 χιερατικὸν
2841 4437 2987 4487 ἴθυνε
3041 4431 3277 4498 θεσμὸν,
3319 4431 3418 4493 τὴν
3467 4426 3636 4492 αὐτὴν
3674 4424 3767 4473 καὶ
3816 4420 4056 4488 πατρίδα

792 4563 937 4601 mum
994 4546 1450 4606 administrarat;
1515 4542 1723 4595 Justina
1780 4555 1907 4592 vero
1950 4540 2211 4591 Damasco
2245 4553 2260 4600 ;
2296 4533 2367 4586 ibi

2472 4534 2672 4603 λαχὼν,
2707 4532 2739 4599 ἡ
2779 4530 2834 4581 δὲ
2868 4530 2929 4578 ἐκ
2956 4521 3246 4593 Δαμασκοῦ
3273 4538 3286 4550 ·
3321 4520 3437 4572 ἐκεῖ
3480 4518 3591 4585 γὰρ
3637 4515 3735 4581 τῆς
3779 4512 4051 4579 Ἀντιόχου

790 4638 936 4692 enim
983 4637 1092 4701 illa,
1144 4643 1427 4701 postquam
1486 4630 1778 4684 Antiochia
1835 4628 2096 4696 migrarat
2123 4626 2262 4694 (qua:
2312 4634 2368 4674 et

794 4727 908 4794 ipsa
944 4724 1173 4793 virginis
1207 4723 1381 4791 patria
1431 4720 1571 4788 erat)
1616 4718 1790 4787 palam
1817 4717 2094 4769 Christmn
2128 4713 2368 4781 professa

794 4829 895 4872 est.
920 4817 1013 4870 llis
1039 4819 1111 4869 ita
1145 4815 1337 4884 captis,
1376 4828 1495 4867 cum
1522 4812 1669 4878 impii
1714 4810 1800 4862 ille
1827 4808 2062 4862 hominis
2103 4805 2372 4860 sermoni-

796 4912 893 4963 hns
929 4910 1057 4962 nihil
1108 4917 1438 4968 moveretur,
1472 4904 1704 4956 vinculis
1734 4903 1784 4953 in
1832 4899 2061 4953 sublime
2118 4898 2256 4965 rapti
2294 4896 2371 4948 la—

798 5014 907 5055 tera
945 5004 1222 5061 raduntur,
1278 5000 1391 5053 htec
1438 5008 1616 5049 autem
1674 4994 1833 5046 boum
1894 4992 2073 5045 nervis
2124 4990 2371 5043 czeditur.

796 5094 994 5147 Verum
1027 5097 1114 5150 ubi
1148 5094 1276 5145 nihil
1309 5093 1381 5144 illi
1415 5091 1480 5143 de
1502 5089 1803 5143 constantia
1841 5085 2118 5137 remittere
2150 5094 2375 5151 tyranno

796 5190 1069 5251 videntur,
1105 5189 1155 5241 in
1189 5184 1487 5240 custodiam
1530 5198 1622 5235 eos
1657 5194 1902 5234 seorsum
1946 5179 2195 5230 reductos
2224 5189 2374 5227 com-

800 5281 993 5349 pingit.
1026 5278 1180 5334 Unde
1218 5288 1340 5347 post
1368 5286 1641 5339 evocatos,
1674 5290 1794 5326 cum
1827 5270 2011 5324 verbis
2035 5268 2236 5321 frustra
2270 5277 2379 5318 ten-

810 5384 998 5439 tasset,
1035 5374 1085 5426 in
1138 5388 1334 5425 aeream
1385 5369 1709 5438 sartaginetn
1741 5367 1903 5433 (pice,
1938 5362 2115 5429 adipe,
2162 5375 2224 5411 ac
2257 5371 2379 5410 oera

798 5466 850 5521 in
889 5468 1077 5519 eadem
1137 5464 1295 5517 simul
1351 5462 1547 5524 mistis,
1614 5459 1888 5524 multoque
1947 5458 2067 5523 igne
2121 5451 2375 5519 accenso)

2478 4625 2791 4695 μεταστᾶσα
2830 4618 2987 4690 (αὕτη
3019 4618 3075 4669 δὲ
3101 4616 3194 4668 καὶ
3216 4616 3282 4681 τῇ
3318 4611 3570 4680 παρθένῳ
3602 4606 3727 4677 [217
3762 4604 3852 4674 IL]
3890 4605 4053 4695 ἐχρη-

2480 4694 2675 4787 μάτιζε
2729 4710 2970 4781 πατρὶς)
3016 4709 3107 4758 τὸν
3161 4702 3393 4773 Χριστὸν
3445 4700 3713 4767 ἐκήρυσσε
3758 4694 4050 4787 λαμπρῶς.

2479 4785 2881 4876 Συλληφθέντες
2911 4804 2987 4865 δὲ,
3020 4802 3047 4850 ὁ
3075 4798 3175 4866 μὲν
3207 4795 3280 4863 μὴ
3313 4792 3632 4860 πειθόμενος
3658 4790 3769 4848 τοῖς
3799 4785 3895 4837 τοῦ
3926 4785 4052 4835 δυσ-

2481 4898 2765 4957 σεϐοῦντος
2796 4895 2973 4960 λόγοις
3016 4889 3289 4958 μετέωρος
3320 4886 3541 4951 δεσμοῖς
3572 4880 3785 4947 αἴρεται
3818 4877 3914 4929 καὶ
3955 4875 4054 4935 τὰς

2478 4986 2721 5056 πλευρὰς
2754 4983 2935 5046 ξύεται
2965 4981 3031 5044 9⁵,
3061 4980 3091 5046 ἠ
3123 4978 3178 5028 δὲ
3210 4974 3519 5044 βουνεύροις
3544 4971 3829 5023 τύπτεται.
3877 4966 3965 5027 Ὧς
3996 4964 4052 5015 δὲ

2476 5078 2700 5146 οὐδεμία
2754 5075 2957 5133 ἔνδοσις
3007 5073 3062 5121 ἐν
3113 5070 3294 5127 αὐτοῖς
3351 5065 3456 5116 ὑπὸ
3507 5063 3601 5114 τοῦ
3666 5057 4055 5129 τυραννοῦντος

2476 5171 2742 5239 ἐνωρᾶτο,
2773 5166 3039 5232 φυλακαῖς
3074 5161 3169 5229 μὲν
3202 5158 3323 5210 τότε
3358 5154 3793 5224 κεχωρισμένους
3834 5147 4054 5215 καθειρ-

2480 5263 2668 5330 γνύει,
2704 5255 2821 5309 εἶτα
2868 5251 3417 5323 μετακαλεσάμενος,
3461 5247 3584 5297 ἐπεὶ
3628 5243 3807 5309 λόγοις
3850 5239 4055 5307 πειρῶν

2484 5355 2645 5407 πάλιν
2677 5348 3074 5415 ἀπετύγχανεν,
3109 5345 3166 5395 ἐν
3197 5341 3380 5412 χαλκῴ
3408 5340 3629 5409 τηγάνῳ
3658 5334 3859 5399 πίσσης
3886 5333 3931 5361 ’⁵
3965 5332 4058 5381 καὶ

2490 5447 2711 5504 στέατος
2765 5441 2859 5493 καὶ
2898 5436 3069 5507 κηροῦ
3127 5434 3432 5505 βληθέντων
3476 5433 3570 5482 καὶ
3604 5426 3809 5495 πολλῆς
3861 5423 4055 5491 φλογὸς

2139 5605 2372 5664 νΑιιυΕ
2408 5597 2811 5657 LECTIUNES.

871 5737 917 5768 εδ
968 5736 1128 5803 σοφόν
1150 5737 1191 5787 Λ
1229 5756 1238 5789 :
1267 5735 1554 5800 φιλόσοφον
1583 5751 1641 5795 ς’.
1759 5732 1800 5759 ⁸⁷
1832 5730 1962 5803 δέᾹ
1998 5748 2010 5780 :
2042 5727 2133 5777 καί
2168 5743 2227 5803 ς.

797 5806 837 5835 ’λ
875 5809 1185 5875 ὐπήκοονΑ.
1275 5808 1318 5839 ⁹⁰
1348 5804 1612 5873 ἀθέμιστα
1647 5806 1704 5855 .\.

2330 5723 2372 5751 ⁸⁸
2404 5729 2523 5787 post
2564 5714 2824 5779 Ἰουστίνῃ
2881 5710 3059 5787 cum‘A
3108 5707 3263 5787 omisi
3291 5702 3664 5787 ἀπεκρούσθη.
3693 5700 3748 5751 δέ
3775 5698 3816 5751 Α
3854 5713 3868 5749 :
3904 5694 3958 5747 τέ
3998 5710 4054 5757 ς.

1789 5772 2133 5864 Ῥιῗάὶκὶ-ίς-ξξ
2168 5772 2301 5847 ε²¹⁷τ;
2330 5772 2452 5846 add.
2488 5790 2550 5844 Δ.
2613 5788 2656 5817 ⁸³³
2691 5772 2864 5846 ξέετάι
2905 5796 2942 5842 ς
3018 5780 3061 5810 ³⁵
3089 5779 3289 5845 πίσσης
3313 5778 3356 5829 Λ
3392 5774 3567 5844 εμετά
3595 5772 3794 5839 πίσσης
3830 5783 3890 5830 ς.
