4224 6446
157 353 246 418 511
1120 360 1646 423 BIBLIOTHECA.
1676 386 1738 399 -·-
1758 362 1825 425 CC

1718 388 1738 398 -
1758 362 1921 425 COD.
1948 362 2266 424 CLXXXV.
3282 351 3386 417 542

158 466 493 537 ἀναφθείσης
534 467 794 553 ἐμϐάλλει
827 468 952 530 τοὺς
986 467 1268 537 μάρτυρας
1315 469 1544 536 Κυρίου.
1600 472 1722 537 Ἐγ-
1750 472 1800 532 Α

1718 501 1722 510 ι
1750 472 1800 532 Α
1826 480 2089 541 martyres
2118 471 2209 525 Dei
2243 469 2491 538 coniecit.
2528 467 2600 522 Ibl
2647 482 2767 521 cum
2800 466 3015 521 athletae
3063 465 3138 520 illi
3175 466 3386 521 fortiter

158 558 571 630 καρτερούντων
594 559 649 612 δὲ
672 558 779 610 τῶν
801 558 1045 628 ἀθλητῶν
1078 562 1143 629 τῇ
1177 560 1412 630 βασάνῳ,
1449 562 1648 630 μᾶλλον
1672 565 1718 616 δ’
1821 564 1826 616 i

1821 564 1871 617 in
1904 562 2232 618 cruciatibus
2278 562 2651 631 perdurarent,
2677 573 2740 613 ac
2779 560 2954 626 potius
2983 559 3124 613 velut
3157 561 3208 612 in
3264 574 3386 614 rore

158 652 227 713 ὡς
272 653 333 703 ὲν
378 652 557 721 δρόσῳ
596 651 833 720 φαιδρῶς
876 652 1007 703 Θεὸν
1058 653 1196 721 ὑπὲρ
1244 648 1319 706 ὧν
1347 654 1393 686 ’⁸
1436 655 1723 724 κρείσσους
1820 658 1826 709 l

1714 673 1723 719 ς
1820 656 2008 721 Deum,
2039 656 2180 722 quod
2238 652 2522 707 tormentis
2570 652 2876 720 superiores
2923 653 3247 718 evasissent,
3278 652 3382 706 laeti

160 745 355 797 ὀδυνῶν
388 744 625 810 ἐγίνοντο
649 742 994 807 δοξαζόντων,
1030 743 1154 815 [420
1180 744 1271 816 R.]
1314 746 1625 811 Ἀθανάσιός
1642 765 1723 811 τις
1821 748 1828 801 l

1719 766 1723 806 :
1821 748 2126 809 laudarent,
2156 745 2481 799 Athanasius
2506 743 2725 812 quidam
2763 746 2946 806 miser,
2965 744 3265 797 daemonum
3296 760 3387 797 sa-

160 832 336 895 ἀθλιος
388 832 661 901 δαιμόνων
719 833 896 901 ἱερεὺς
953 833 1045 885 καὶ
1102 834 1194 886 τοῦ
1257 834 1403 886 θείου
1458 836 1724 907 πρότερον
1822 860 1828 889 ε

1722 856 1724 871 '
1822 841 2194 901 cerdos,beato
2212 839 2475 907 Cypriano
2486 846 2638 891 antea
2663 836 3053 903 perfamiliaris.
3073 845 3127 888 et
3148 851 3390 889 assessnr

163 926 400 994 συνήθης
459 925 805 995 Κυπριανοῦ,
855 925 1101 994 σύνεδρός
1145 942 1205 978 τε
1228 926 1275 957 ’⁸
1330 928 1584 994 τηνικάδε
1632 926 1725 980 τοῦ

162 1018 486 1081 κολάζοντος
535 1016 925 1088 χρηματίζων,
979 1018 1206 1087 ἀπονοίᾳ
1251 1018 1475 1089 ληφθεὶς
1524 1018 1730 1089 ἐτόλμα

166 1108 371 1177 βαίνειν
404 1110 499 1163 ἐπὶ
526 1110 620 1162 τού
654 1110 855 1179 πυρὸς,
882 1110 1006 1171 τοὺς
1042 1110 1273 1172 οἰκείους
1305 1110 1731 1178 ἐπικαλούμενος

165 1200 316 1263 θεοὺς
341 1201 414 1261 ’⁷,
451 1199 771 1270 σμικρύνειν
808 1200 868 1252 τὸ
911 1199 1094 1268 θαῦμα
1119 1202 1177 1251 ὲν
1207 1200 1285 1270 τῷ
1330 1201 1450 1270 μηδ’
1482 1200 1643 1254 αὐτόν
1679 1218 1731 1253 τι

165 1291 359 1343 παθεῖν
402 1290 816 1358 διατεινόμενος.
857 1290 931 1342 Τὸ
967 1289 1025 1342 δὲ
1070 1289 1231 1343 πλέον
1265 1288 1495 1358 ηὔξετο·
1537 1290 1735 1343 αὐτίκα

166 1384 273 1452 γάρ
303 1374 463 1448 οὗτος
496 1382 667 1453 πυρὸς
686 1382 898 1452 δαπάνη
929 1382 1021 1434 καὶ
1049 1382 1226 1451 τέφρα
1267 1381 1559 1438 ἐδείκνυτο.
1622 1381 1736 1445 Ἐξ-

168 1476 459 1545 απορήσας
489 1474 545 1527 δὲ
568 1475 596 1527 6
626 1473 871 1537 κολάζων
887 1471 1237 1542 ἀναπέμπειν
1269 1471 1409 1539 ἔγνω
1427 1474 1553 1535 τοὺς
1594 1472 1733 1542 μάρο

167 1582 339 1633 τυρας
374 1562 517 1633 πρὸς
553 1563 954 1631 Διοκλητιανὺν,
983 1560 1198 1630 γράψας
1233 1563 1323 1614 καὶ
1356 1560 1392 1613 ἆ
1415 1578 1475 1612 τε
1512 1559 1737 1614 πάθοιεν

169 1658 260 1710 καὶ
308 1657 392 1718 ὡς
438 1656 717 1720 κρείττους
769 1654 962 1708 πασῶν
993 1654 1040 1685 ’⁸
1086 1656 1192 1707 εἰσι
1245 1653 1513 1723 βασάνων.
1580 1653 1639 1705 '0
1681 1652 1737 1705 δὲ

168 1747 343 1800 ταῦτα
378 1750 438 1799 ὲν
469 1750 534 1817 τῇ
575 1747 919 1818 Νικομήδους
950 1746 1197 1815 διαγνοὺς
1233 1745 1564 1816 προστάσσει
1601 1743 1739 1815 πρὸς

1826 942 1936 985 tum
1969 929 2321 997 fortejudicis
2352 939 2613 984 tormenta
2641 927 2938 988 inferentis,
2982 927 3179 980 mentis
3227 926 3386 979 caeci-

1828 1032 1936 1077 tate
1952 1031 2252 1090 correptus,
2278 1035 2440 1075 ausus
2462 1030 2565 1086 est,
2595 1020 2724 1075 deos
2758 1035 2881 1073 suos
2913 1019 3208 1072 familiares
3246 1019 3394 1070 invo-

1828 1114 2051 1175 cans.in
2085 1114 2266 1184 ignem
2302 1126 2515 1179 quoque
2549 1110 2780 1180 ingredi,
2806 1112 2899 1166 sed
2924 1111 3047 1163 dum
3078 1108 3394 1163 miraculum

1829 1219 2125 1261 extenuare
2157 1206 2366 1268 nititur,
2390 1205 2434 1257 si
2462 1212 2517 1257 et
2550 1204 2662 1271 ipse
2695 1204 2812 1257 sine
2842 1217 2982 1255 noxa
3021 1201 3214 1254 ibidem
3264 1214 3398 1267 per-

1833 1298 2074 1363 duraret,
2119 1297 2289 1366 magis
2313 1296 2439 1349 illud
2473 1295 2639 1349 auxit.
2674 1292 2967 1349 Confestim
3003 1293 3145 1346 enim
3192 1291 3259 1344 ab
3276 1290 3399 1359 igne

1834 1393 2153 1459 absumptus
2200 1390 2251 1443 in
2287 1389 2520 1443 cinerem
2576 1401 2763 1441 versus
2810 1396 2910 1439 est.
2964 1383 3226 1438 Haesitans
3271 1397 3400 1451 ergo

1831 1482 2015 1551 judex,
2047 1481 2289 1535 decrevit
2328 1487 2595 1550 martyres
2628 1478 2695 1532 ad
2738 1477 3127 1531 Diocletianum
3162 1474 3398 1534 mittere.

1836 1583 1887 1627 et
1904 1574 1968 1626 ad
1986 1588 2131 1637 eum,
2152 1583 2260 1625 tum
2283 1586 2399 1637 qua
2419 1570 2761 1640 pertulissent
2778 1578 3063 1631 tormenta,
3086 1575 3195 1620 tum
3214 1580 3403 1635 quem-

1836 1666 2124 1720 admodum
2162 1665 2336 1733 ptenis
2380 1672 2559 1717 essent
2609 1662 2856 1717 omnibus
2898 1661 3237 1730 superiores,
3280 1671 3403 1726 per-

1840 1755 2097 1809 scribere.
2128 1751 2256 1819 Quae
2283 1769 2403 1806 cum
2440 1753 2733 1823 imperator
2757 1749 3084 1805 Nicomedia:
3113 1748 3403 1803 intellexis-

168 1840 244 1909 τῷ
281 1840 680 1910 παρακειμένῳ
715 1843 780 1910 τῇ
815 1841 966 1893 πόλει
1002 1840 1230 1909 ποταμῷ
1266 1840 1284 1909 (
1310 1838 1507 1902 Γάλλος
1533 1838 1578 1891 δ’
1613 1837 1743 1891 ὼνό⁴
1770 1830 1816 1889 Β

1732 1830 1945 1908 -Bset,
1973 1846 2227 1913 praecepit
2262 1854 2531 1915 martyres
2585 1845 2650 1899 ad
2706 1844 2944 1897 vicinum
3001 1840 3121 1894 urbi
3180 1838 3400 1904 ﬂumen,

173 1931 390 1998 μαστο)
434 1930 533 1990 τὰς
569 1930 813 1997 κεφαλάς
853 1931 977 1993 τοὺς
1013 1929 1294 1999 μάρτυρας
1332 1928 1733 1999 ἀποτμηθῆναι.

170 2023 275 2074 Σὺν
325 2014 412 2084 οἷς
467 2020 561 2072 καὶ
613 2020 930 2083 Θεόκτιστος
989 2020 1236 2089 αὑθωρὸν
1291 2018 1445 2088 ῶφθη
1504 2020 1734 2087 μάρτυς.

171 2114 398 2182 ἔλεγχον
445 2111 620 2181 εὑρὼν
668 2110 768 2181 τῆς
821 2110 1101 2174 εὐσεϐείας
1138 2112 1199 2163 τὸ
1258 2109 1737 2180 προσφθέγξασθαι

168 2204 246 2274 τῶ
283 2205 529 2275 μάρτυρι
561 2204 784 2272 Κυρίου.
816 2204 897 2255 Τά
920 2202 976 2255 δὲ
1007 2203 1232 2271 λείψανα
1267 2202 1375 2254 τῶν
1404 2201 1575 2267 ἁγίων
1603 2201 1737 2254 ναῦ-

171 2295 259 2349 ταί
289 2312 441 2358 τινες
482 2295 590 2348 ἀπὺ
634 2293 852 2365 Ῥώμης
893 2293 1350 2364 ἑπιδεδήμηκότες
1379 2294 1525 2364 ἀρτι,
1558 2286 1633 2347 ὧν
1670 2288 1739 2364 ἦν

173 2390 390 2458 ἑταῖρος
416 2388 512 2440 καὶ
534 2389 561 2439 6
586 2386 791 2456 μάρτυς
815 2386 1152 2449 Θεόκτιστος,
1177 2380 1321 2440 οὗτοι
1344 2385 1595 2449 λαθόντες
1616 2388 1740 2450 τοὺς

172 2482 425 2549 φύλακας
454 2480 741 2558 ἀνείλοντο.
760 2478 856 2531 καὶ
896 2477 977 2541 είς
1026 2476 1243 2548 Ῥώμην
1279 2479 1623 2547 ἀπεκόμισαν
1642 2518 1657 2541 ,
1684 2481 1742 2531 ὲν

171 2568 205 2645 ᾖ
237 2573 336 2625 καὶ
364 2570 496 2631 ναὸς
525 2570 706 2632 αὐτοῖς
732 2568 1089 2639 περικαλλὴς,
1119 2570 1351 2636 ἑγγίζων
1378 2570 1453 2640 τῷ
1481 2570 1742 2623 Κλαυδίου

173 2667 347 2735 φόρῳ,
384 2662 661 2732 ἀνηγέρθη
686 2703 701 2724 ,
732 2663 891 2731 ἔργον
930 2660 1213 2731 Ῥουφίνης
1245 2662 1649 2733 εὐσεϐόφρονος,
1676 2658 1745 2734 ἦς

169 2761 234 2811 τὸ
263 2759 424 2823 γένος
454 2757 535 2816 εἰς
562 2757 633 2807 to
653 2755 919 2809 Κλαυδίου
948 2754 1213 2809 διέϐαινεν
1246 2751 1401 2827 αἷμα.
1434 2758 1618 2812 Ταῦτα
1654 2760 1748 2813 καὶ

172 2855 200 2906 6
223 2855 269 2885 ”
298 2852 488 2921 τρίτος
522 2848 698 2917 λόγος.

886 2940 1049 2996 ΡΘΕ⁸.

242 3035 574 3087 Διονυσίου
598 3034 817 3102 Αἰγέως
848 3033 1189 3089 Δικτυακῶν
1238 3034 1531 3103 κεφάλαια
1543 3042 1619 3103 ρ’.

279 3126 678 3191 ’Δνεγνι.ἱ›σθηι
772 3126 1098 3196 βιϐλιδάριον
1167 3127 1439 3179 Διονυσίου
1508 3127 1751 3197 Αἰγέως,

170 3218 528 3271 Δικτυακῶν
556 3219 865 3288 ἐπιγραφὴν
895 3219 1035 3287 ἕχον,
1072 3220 1128 3270 ὲν
1163 3212 1207 3285 ᾧ
1239 3219 1506 3284 κεφάλαια
1539 3221 1748 3290 περιεί-

171 3310 354 3379 ληπτο
381 3311 475 3362 τὸν
510 3311 744 3380 ἀριθμὸν
791 3317 855 3380 ρ’.
889 3313 1112 3377 Πρῶτον
1150 3313 1229 3364 ὅτι
1276 3314 1331 3376 ἐξ
1360 3313 1684 3383 ἀμφοτέρων
1714 3316 1748 3384 ἡ

172 3402 270 3455 τοῦ
308 3404 627 3472 σπέρματος
659 3402 933 3472 καταϐολὴ
960 3405 1050 3455 καὶ
1078 3402 1359 3470 ζωογονία,
1391 3404 1642 3475 δεύτερον
1670 3409 1752 3460 ὅτι

171 3494 279 3546 οὐκ
306 3492 369 3557 ἐξ
395 3494 747 3563 ἀμφοτέρων·
776 3494 957 3563 τρίτον
984 3496 1065 3547 ὅτι
1095 3495 1186 3562 ἀφ’
1216 3495 1336 3547 ὅλου
1365 3495 1458 3547 τοῦ
1506 3494 1752 3565 σώματος

173 3589 207 3655 ἠ
234 3586 336 3639 τοῦ
374 3587 688 3655 σπέρματος
715 3585 961 3655 ἔκκρισις
988 3586 1219 3652 γίνεται,
1258 3585 1514 3654 τέταρτον
1544 3588 1626 3639 ὃτι
1654 3586 1755 3639 οὐκ

170 3678 271 3745 ἀφ’
318 3677 470 3739 ὅλου,
524 3676 640 3728 ἀλλ’
687 3677 796 3729 ἀπὸ
842 3675 949 3729 τῶν
1002 3676 1257 3745 διδύμων·
1288 3675 1327 3727 ε’
1380 3678 1460 3729 ὅτι
1507 3678 1540 3745 ἡ
1592 3678 1755 3746 πέψις

172 3769 464 3838 θερμασίᾳ
504 3768 735 3834 γίνεται,
778 3775 829 3831 ς’
873 3769 955 3820 ὅτι
1005 3770 1207 3835 καινή
1257 3767 1420 3835 πέψις
1460 3769 1520 3820 οὐ
1551 3768 1758 3837 γίνεται

172 3860 484 3931 θερμασίᾳ·
508 3857 552 3922 ζ’
579 3860 661 3911 ὅτι
690 3859 871 3928 τρίψει
898 3862 931 3929 ὴ
964 3860 1147 3927 πέψις,
1174 3858 1223 3929 η’
1254 3861 1347 3912 καί
1375 3860 1454 3912 ὃτι
1488 3861 1548 3912 οὐ
1578 3861 1758 3929 τρίψει

172 3953 208 4020 ὴ
235 3951 429 4019 πέψις·
464 3947 505 4001 θ’
538 3950 619 4002 ὅτι
649 3950 867 4018 ἰδιότητι
891 3950 1202 4019 πνεύματος
1231 3953 1263 4021 ἡ
1292 3951 1474 4020 πέψις,
1505 3959 1533 4003 ι’
1563 3954 1654 4004 καὶ
1680 3953 1761 4005 ὅτι

171 4041 280 4093 οὐκ
309 4041 537 4110 ἰδιότητι
564 4042 878 4107 πνεύματος
911 4043 945 4110 η
982 4043 1167 4109 πέψις·
1205 4049 1271 4093 ια’
1299 4043 1382 4094 ὃτι
1410 4044 1569 4111 σήψει
1595 4046 1627 4113 ἠ
1666 4045 1762 4097 πέ-

170 4134 298 4202 ψις,
340 4131 409 4201 ιβ’
441 4133 532 4185 καί
565 4134 647 4186 ὅτι
677 4134 737 4187 ού
770 4132 931 4202 σήψει
959 4135 991 4203 ἡ
1028 4134 1216 4203 πέψις·
1250 4141 1316 4202 ιγ’
1351 4135 1433 4187 ὅτι
1464 4137 1762 4205 θερμασίας

176 4228 417 4295 ἰδιότητι
448 4227 481 4293 ή
511 4225 693 4294 πέψις,
726 4227 787 4279 ιδ’
814 4226 910 4280 καὶ
938 4228 1021 4279 ὅτι
1051 4228 1109 4279 οὐ
1138 4227 1327 4297 χυμῶν
1360 4227 1580 4298 ἰδιότητι
1612 4230 1640 4295 ἡ
1669 4228 1765 4281 πέ-

170 4318 295 4385 ψις·
344 4324 403 4368 ιε’
435 4318 519 4369 ὅτι
556 4317 803 4385 διαφέρει
831 4317 891 4369 τὸ
922 4318 1123 4387 θερμὸν
1164 4318 1433 4387 ποιότητι,
1476 4326 1549 4383 ις’
1577 4320 1658 4371 ὃτι
1702 4320 1763 4371 οὑ

170 4408 434 4475 διαφέρει
482 4407 543 4458 τὸ
586 4408 789 4476 θερμὸν
838 4408 1122 4477 ποιότητι·
1175 4410 1239 4472 ιζ’
1277 4410 1358 4461 ὃτι
1413 4409 1683 4480 θερμασία
1731 4412 1765 4480 ἡ

1837 1940 1921 1991 cui
1954 1936 2144 2005 129b
2196 1936 2347 1991 Gallo
2373 1951 2587 1999 nomen,
2624 1935 2799 2004 capite
2845 1933 3107 1987 truncari.
3132 1932 3265 1988 Cum
3296 1930 3405 1994 his,

1836 2040 1891 2085 et
1943 2032 2129 2084 eadem
2161 2030 2274 2097 ipsa
2310 2029 2438 2082 hora
2474 2027 2815 2081 'l‘heoctistus
2854 2025 2965 2095 (45)
3000 2023 3243 2094 martyrii
3292 2021 3405 2090 pal-

1840 2138 1983 2175 mam
2011 2121 2239 2189 accepit,
2290 2120 2505 2187 pietatis
2534 2133 2643 2174 sum
2701 2120 2801 2172 hoc
2855 2118 2973 2173 solo
3011 2117 3135 2170 dato
3188 2112 3406 2177 indicio,

1843 2213 1983 2283 quod
2012 2221 2308 2281 martyrem
2325 2210 2533 2264 Christi
2563 2209 2866 2263 salutasset.
2886 2206 3161 2276 Reliquias
3181 2206 3406 2257 istorum

1842 2312 2154 2360 sanctorum
2195 2312 2368 2355 nautae
2408 2300 2622 2369 quidam
2673 2300 2839 2353 Roma
2883 2314 2948 2353 eo
3016 2313 3185 2366 nuper
3220 2295 3407 2349 delati.

1843 2395 2039 2466 quibus
2058 2404 2113 2449 et
2143 2392 2485 2448 Theoctistus
2538 2400 2743 2460 martyr
2770 2404 2899 2445 usus
2946 2386 3124 2441 fuerat
3180 2386 3410 2439 familia—

1845 2489 2004 2552 riter,
2038 2486 2178 2543 clam
2217 2484 2531 2540 custodibus
2560 2482 2919 2545 abstulerunt,
2956 2478 3292 2547 Romamque
3323 2492 3413 2532 ve-

1844 2586 2061 2639 xerunt,
2133 2576 2221 2629 ubi
2252 2585 2307 2628 et
2363 2572 2646 2643 pulchrum
2695 2571 2825 2638 ipsis
2884 2568 3141 2638 templum
3194 2566 3407 2620 Claudii

1850 2668 1966 2724 foro
2010 2669 2320 2737 proximum
2358 2667 2675 2729 excitatum,
2724 2676 2885 2731 opera
2922 2659 3127 2713 Ruﬁna:
3165 2659 3264 2726 pia:
3303 2673 3412 2711 ma-

1853 2771 2043 2822 tronae,
2081 2774 2198 2828 qua:
2230 2760 2445 2828 generis
2481 2759 2701 2826 stirpem
2737 2771 2766 2809 a
2816 2753 3037 2808 Claudio
3088 2753 3414 2822 imperatore

1851 2855 2147 2922 repetebat.
2186 2851 2251 2905 Et
2290 2850 2402 2903 hac
2438 2848 2655 2917 quidem
2695 2848 2832 2899 lihro
2858 2845 3035 2899 tertio.

2478 2935 2785 2993 CLXXXV.

2272 3031 2516 3099 Dionysii
2536 3029 2689 3099 Αῑςεὶ
2724 3028 2994 3097 Diclyaca.

1924 3123 2053 3193 Legi
2082 3122 2276 3178 bellum
2316 3122 2550 3191 Dionysii
2594 3119 2772 3187 [Εεεῇ
2843 3120 2927 3173 cui
2968 3117 3221 3186 Diclyaca
3276 3115 3419 3171 titu-

1856 3216 1938 3270 lus
1968 3225 2072 3279 est,
2100 3216 2273 3282 capita
2304 3214 2413 3282 (44)
2445 3223 2659 3267 centum
2703 3210 3273 3279 comprehendentem.
3299 3208 3419 3261 Pri-

1853 3324 2000 3362 mum
2030 3316 2113 3362 est
2151 3307 2224 3361 ab
2253 3318 2481 3375 utroque
2517 3315 2739 3374 parente
2782 3318 2965 3357 semen
3019 3303 3215 3365 emitti,
3250 3302 3422 3371 gigni-

1850 3418 1955 3473 que
1984 3403 2202 3456 animal.
2229 3402 2286 3459 2.
2324 3399 2650 3463 Secundum,
2699 3399 2749 3451 id
2782 3413 2887 3451 non
2928 3399 2993 3449 ab
3026 3405 3253 3463 utroque
3281 3394 3418 3449 tieri.

1852 3496 1905 3549 5.
1958 3495 1997 3549 E
2055 3506 2165 3549 toto
2212 3509 2438 3564 corpore
2498 3492 2721 3547 seminis
2777 3491 2891 3544 fieri
2942 3488 3325 3543 excretionem.
3370 3487 3424 3539 4·

1854 3587 1970 3641 Nou
2004 3602 2035 3642 e
2079 3594 2193 3640 toto
2224 3600 2472 3655 corpore,
2514 3584 2605 3637 sed
2644 3597 2674 3636 e
2721 3581 2968 3636 testibus.
3011 3580 3064 3633 5.
3102 3578 3421 3632 Concoctio-

1858 3695 1983 3735 nem
2025 3694 2121 3749 per
2164 3678 2397 3733 calorem
2451 3678 2589 3732 fieri.
2624 3676 2677 3731 6.
2724 3674 3142 3729 Concoctionem
3173 3686 3278 3724 non
3312 3670 3426 3723 fieri

1860 3787 1954 3841 per
1973 3772 2231 3826 calorem.
2264 3770 2318 3823 7.
2351 3769 2451 3823 Per
2477 3769 2720 3822 attritum
2758 3768 2872 3821 sive
2913 3764 3279 3819 subactionetn
3310 3759 3429 3833 [ali-

1863 3864 2053 3935 tuenti]
2089 3862 2490 3918 concoctionem
2520 3862 2657 3915 fieri.
2692 3859 2747 3914 8.
2805 3858 2919 3912 Non
2956 3857 3093 3910 fieri.
3126 3856 3179 3911 9.
3206 3853 3431 3923 Proprio

1862 3958 2083 4024 Spiritus
2131 3953 2360 4027 [calore]
2391 3953 2677 4008 concoctio
2745 3954 2823 4007 fit.
2875 3951 2962 4004 10.
3012 3952 3069 4003 ld
3128 3958 3303 4018 negat.
3342 3948 3428 4000 11.

1864 4047 2267 4103 Putrefactione
2322 4047 2734 4102 concoctionem
2793 4044 2933 4098 fieri.
2985 4041 3070 4095 l2.
3105 4040 3274 4109 Negat
3308 4041 3430 4092 hoc.

1864 4141 1952 4194 15.
1988 4140 2197 4193 Caloris
2255 4138 2369 4207 (45)
2435 4139 2766 4207 proprietate
2819 4134 3223 4188 concoctionem
3288 4145 3429 4183 esse.

1865 4229 1953 4282 H.
1988 4226 2102 4281 Non
2140 4242 2425 4281 succorutn
2461 4228 2793 4294 proprietate
2820 4222 3225 4277 concoctionem
3292 4218 3429 4271 tiet'i.

1868 4322 2220 4376 15.Calorem
2248 4320 2488 4373 nativum
2544 4319 2608 4371 ad
2668 4317 2983 4385 qualitatem
3012 4314 3303 4383 pertinere.
3341 4310 3429 4364 16.

1866 4415 2110 4469 Calorem
2140 4414 2288 4467 illum
2323 4414 2388 4465 ad
2416 4413 2553 4466 hanc
2616 4425 2718 4463 non
2775 4409 3068 4477 pertinere.
3101 4404 3187 4456 17.
3221 4403 3323 4457 Per
3347 4418 3435 4455 ca-

172 4500 464 4560 ἀνάδοσις,
506 4505 575 4567 ιη’
605 4501 698 4553 καὶ
730 4501 811 4552 ὅτι
837 4502 899 4552 οὐ
929 4501 1224 4570 θερμασίᾳ·
1252 4501 1315 4554 ιθ¹
1342 4502 1422 4553 ὃτι
1454 4504 1486 4571 ή
1519 4503 1765 4567 ἀνάδοσις
1800 4526 1840 4580 D

1759 4522 1765 4563 τ
1800 4526 1842 4580 ι)
1871 4508 2042 4561 loretn
2089 4506 2203 4560 ﬁeri
2268 4506 2511 4559 ciborqu
2540 4503 2925 4571 digestionem.
2955 4497 3042 4551 18.
3072 4497 3216 4550 ldem
3253 4503 3427 4561 negat.

175 4590 243 4642 τὸ
271 4590 377 4659 τὴν
411 4588 715 4657 θερμασίαν
743 4589 869 4661 [218
900 4588 991 4661 Η.]
1023 4593 1107 4657 ἐφ’
1139 4591 1337 4659 ἑαυτὴν
1371 4590 1569 4653 ἕλκειν,
1602 4591 1649 4644 κ’
1673 4594 1766 4645 καὶ

180 4682 271 4733 ὅτι
312 4682 415 4731 οὐκ
451 4680 739 4749 ἐφέλκεται
783 4682 841 4733 τὸ
887 4682 1106 4749 θερμόν·
1146 4680 1230 4733 κα⁹
1262 4682 1344 4733 ὅτι
1382 4682 1459 4750 τῷ
1498 4683 1766 4751 πνεύματι

173 4774 211 4841 ἡ
242 4772 533 4833 ἀνάδοσις,
573 4770 655 4840 κβ⁹
690 4774 784 4824 καὶ
819 4772 899 4824 ὃτι
929 4773 987 4824 οὐ
1017 4771 1098 4840 τῷ
1133 4771 1403 4842 πνεύματι
1433 4774 1465 4840 ἡ
1498 4773 1763 4834 ἀνάδοσις·

175 4872 269 4931 κγ’
294 4867 385 4917 ὅτι
413 4866 481 4932 τῇ
513 4864 623 4917 τῶν
653 4864 933 4934 ἀρτηριῶν
976 4864 1275 4935 παραθέσει
1310 4866 1342 4932 ή
1373 4864 1641 4928 ἀνάδοσις,
1688 4865 1764 4917 κδ’

176 4960 279 5012 καὶ
310 4958 399 5011 ὅτι
429 4958 491 5009 ού
520 4960 588 5028 τῇ
622 4956 730 5010 τῶν
760 4956 1036 5028 ἀρτηριῶν
1089 4956 1388 5027 παραθέσει
1419 4959 1450 5025 ἠ
1485 4957 1761 5017 ἀνάδοσις·

1876 4598 1963 4650 19,
1993 4597 2354 4665 Digestioucm
2395 4610 2458 4647 ex
2499 4608 2562 4647 eo
2597 4592 2709 4646 fieri
2743 4590 2877 4660 (46),
2919 4590 3061 4657 quod
3094 4585 3242 4640 calor
3271 4584 3335 4635 ad
3378 4597 3436 4635 se

1876 4690 2074 4741 trahat.
2111 4687 2204 4742 20.
2230 4686 2343 4740 Non
2367 4686 2643 4738 attrahere
2673 4684 2936 4738 calorem.
2968 4680 3057 4733 2i.
3092 4677 3291 4745 Spiritu
3321 4674 3435 4728 lieri

1872 4780 2254 4848 digestionem.
2283 4776 2375 4829 22.
2424 4778 2569 4829 ldetn
2632 4783 2809 4843 negat.
2838 4773 2926 4826 23.
2958 4771 3290 4823 Arteriarnm
3343 4781 3435 4830 ap-

1871 4869 2159 4938 plicatione
2190 4870 2543 4937 digestionem
2579 4866 2717 4919 fieri.
2739 4867 2829 4918 24.
2866 4863 2921 4917 Id
2962 4872 3138 4928 negat.
3171 4860 3257 4913 25.
3288 4857 3438 4922 Quod

1875 4976 1970 5030 per
2002 4962 2289 5025 defectum,
2326 4962 2414 5029 qui
2446 4976 2566 5013 cutn
2606 4958 2879 5012 vacuitate
2911 4964 3011 5019 est,
3039 4953 3265 5020 digestio
3322 4951 3432 5013 tiat.

1510 5068 1749 5125 VARle
1788 5072 2191 5127 LECTIONES.

250 5169 306 5201 ⁸⁸
342 5160 629 5223 ῶνΔιοῦ
664 5185 725 5231 ς’.

799 5169 845 5200 ’⁸
872 5164 954 5234 τε]
1003 5166 1181 5219 malim
1215 5166 1291 5221 δέ.
1369 5168 1413 5197 ³⁷
1453 5166 1607 5229 θεούς
1637 5170 1680 5222 Α
1711 5185 1723 5197 ·
1755 5168 1907 5233 θεοὺς
1941 5170 2031 5221 καί
2071 5187 2130 5233 ς.

2214 5171 2259 5201 ⁸⁸
2290 5167 2503 5237 πασῶν]
2526 5167 2776 5218 ἁπάντων
2942 5163 2985 5193 ⁹⁹
3025 5160 3204 5237 ὁρᾶ-(1.
3284 5158 3299 5187 ¹
3320 5157 3438 5237 Ἀνῖ-

180 5240 447 5308 εγνώσθη
477 5270 547 5281 -
585 5228 753 5299 1ὖθὺ,
798 5238 889 5291 25.
938 5228 1226 5291 ἀνεύθυνον
1257 5252 1367 5292 om.
1410 5237 1476 5290 A.
1503 5228 1695 5307 quippe
1761 5228 2250 5308 qum'iufra—(cod.
2284 5239 2409 5309 211)
2448 5228 2746 5292 recurrant.
2825 5234 2945 5285 ’ὅτι
2976 5229 3095 5301 καί]
3146 5229 3308 5281 itutuo
3347 5228 3441 5279 καὶ

180 5316 294 5365 ὅτι.

1710 5398 1942 5454 NOTAE.

256 5494 377 5567 (43,
416 5493 581 5563 Cujus
614 5506 789 5562 neque
826 5492 905 5567 iu‘
923 5491 1099 5567 Rom._
1132 5490 1411 5567 Martyrol.
1446 5498 1537 5543 aut
1568 5491 1771 5567 Cura:

176 5560 461 5631 Ménolog.
493 5560 665 5628 neque
696 5560 837 5630 apud
877 5562 933 5615 D.
973 5560 1227 5614 Nazianz.
1264 5562 1369 5613 ulla
1415 5564 1634 5616 mentio.
1668 5562 1772 5615 Eu-

176 5638 406 5693 tIOcimn
440 5645 616 5686 tamen
660 5644 878 5686 secutus
899 5643 981 5685 est
1018 5632 1155 5684 Sint.
1178 5631 1525 5697 Metnphrast.

256 5702 591 5775 (65)Otunia
622 5705 733 5755 ham
756 5704 927 5775 capita
960 5703 1177 5775 totidem
1200 5694 1333 5769 pene
1356 5700 1555 5762 verbis,
1588 5694 1763 5775 addita

183 5764 466 5833 duntaxat
536 5787 765 5830 censura
823 5764 1213 5829 brevissima,"
1261 5779 1573 5838 repetuntur
1636 5764 1761 5816 infr.

1879 5492 2212 5631 coasfiziolt.
2244 5563 2368 5619 211.
2394 5559 2489 5615 inf.
2531 5562 2816 5628 utriusque
2847 5557 3034 5609 horum
3079 5553 3312 5623 capitum
3339 5554 3437 5606 εύ-

1880 5647 2037 5687 versa
2079 5635 2371 5703 disputatio
2406 5632 2690 5703 indicatur.

1945 5704 2057 5773 (l6)
2092 5696 2176 5757 Ex‘
2202 5705 2313 5760 cod.
2350 5702 2474 5765 211,
2500 5702 2617 5770 lego
2646 5700 2729 5753 hic
2759 5699 2900 5765 τῷ...
2931 5696 3127 5749 ἕλκειν.
