4224 6446
794 408 896 473 543

796 609 1149 678 digestionem
1198 606 1333 659 ﬁeri.
1390 604 1481 658 9.7.
1532 600 1910 657 Glaucedinem
1962 612 2025 649 ex
2087 609 2151 648 eo
2206 594 2362 657 oriri,

799 703 944 767 quod
980 707 1188 749 meatus
1228 693 1450 745 visnalis
1480 692 1732 743 alimento
1759 686 2101 741 destituatur.
2134 683 2224 736 28.
2258 681 2363 733 Ne-

800 798 887 857 gat
916 788 988 839 id.
1020 786 1108 840 29.
1149 786 1248 839 Per
1279 784 1559 852 sanguinis
1586 782 1827 848 illapsum
1859 779 1913 831 in
1937 777 2197 830 visualem
2224 790 2367 827 mea-

799 889 934 941 tum,
970 876 1337 945 glaucedinem
1374 874 1508 925 lieri.
1558 871 1647 924 '50.
1682 870 1848 938 Negat
1899 869 1971 920 id.
1998 867 2083 919 51.
2110 866 2367 919 Crassitie

801 972 1085 1024 Immorum
1138 978 1299 1035 atque
1363 965 1706 1019 exhalatione
1782 960 2154 1029 glaucedinem
2224 956 2365 1008 Iieri.

807 1061 993 1130 130a
1033 1060 1120 1113 52.
1182 1058 1322 1111 Idem
1371 1058 1658 1109 inliciatur.
1712 1053 1801 1107 53.
1859 1049 2225 1104 Phrenitidem
2272 1061 2369 1115 per

802 1151 1068 1215 Ineltingis
1092 1148 1501 1209 distensioneut,
1537 1143 1923 1213 sanguinisque
1970 1139 2366 1205 corruptionem

802 1239 1087 1304 Iieri.154.
1148 1238 1515 1291 Phrenitidem
1574 1238 1645 1289 ita
1722 1234 1838 1288 ﬁeri
1892 1242 2135 1299 negatur.
2180 1230 2267 1283 55.
2332 1230 2370 1281 E

803 1330 1001 1382 t-aloris
1073 1331 1234 1381 nimia
1305 1327 1632 1380 abundantia
1690 1324 2051 1394 phrenitidem
2103 1322 2368 1375 accidere.

803 1420 893 1475 56.
920 1421 1071 1485 Quod
1106 1420 1352 1486 sequitur
1399 1426 1563 1487 caput
1599 1417 1739 1469 idem
1778 1426 1956 1482 negat.
2009 1412 2097 1466 57.
2151 1412 2374 1466 Contin-

809 1527 937 1578 gere
980 1511 1344 1579 phrenitidetn
1371 1525 1435 1562 ex
1462 1506 1909 1561 inﬂammatione.
1963 1504 2053 1557 38.
2113 1502 2370 1570 Negatur.

806 1602 895 1655 59.
931 1601 1254 1670 Lethargum
1315 1599 1734 1652 inﬂammatione
1789 1595 1955 1665 gigni.
1978 1594 2066 1648 40.
2098 1594 2373 1647 Moxidetn

812 1705 997 1762 negat.
1036 1696 1124 1747 41.
1166 1691 1551 1758 Lethargicum
1594 1690 1839 1743 morbum
1891 1688 2220 1740 distentione
2260 1684 2375 1738 ﬁeri

806 1797 862 1838 et
885 1787 1251 1854 corruptione.
1285 1784 1375 1836 42.
1404 1782 1783 1851 Lethargicum
1826 1793 1928 1832 non
1960 1778 2028 1832 ob
2082 1777 2379 1830 multitudi-

810 1892 954 1939 nem,
980 1878 1071 1931 sed
1099 1878 1167 1929 ob
1214 1876 1529 1944 qualitatem
1559 1887 1768 1935 eorum,
1799 1886 1917 1939 quae
1957 1870 2274 1923 exhalantur
2295 1885 2378 1924 ac-

811 1969 1013 2023 cidere.
1048 1971 1140 2023 45.
1175 1968 1375 2022 Edendi
1404 1966 1731 2034 bibendique
1753 1964 2050 2033 appetitum
2110 1972 2223 2016 toto
2259 1976 2379 2015 cor-

820 2075 950 2129 pore
984 2059 1232 2113 dilTundi.
1280 2059 1373 2112 44.
1414 2057 1529 2109 Non
1574 2056 1628 2109 in
1663 2064 1773 2108 toto
1814 2068 2037 2118 corpore
2068 2052 2211 2107 hunc
2263 2068 2383 2107 esse

812 2150 1129 2219 appetitum,
1165 2148 1259 2201 sed
1310 2150 1360 2201 iu
1399 2147 1697 2201 stomacho.
1733 2146 1823 2200 45.
1876 2130 2087 2198 Edendi
2133 2144 2382 2197 bibendi-

812 2257 917 2309 que
950 2241 1244 2309 appetitum
1282 2239 1334 2291 in
1372 2240 1756 2307 imaginatione
1789 2253 1927 2293 esse.
1960 2236 2052 2292 46.
2098 2236 2255 2289 Sitim
2294 2251 2386 2289 na-

814 2334 891 2387 sci
921 2349 986 2385 ex
1016 2333 1299 2385 bumorum
1328 2331 1650 2397 indigentia.
1678 2330 1768 2383 47.
1810 2329 1926 2383 Non
1963 2330 2015 2382 in
2044 2329 2383 2381 humidorum

808 2425 1024 2480 defectu
1051 2425 1197 2479 sitim
1234 2439 1373 2477 esse.
1406 2422 1496 2476 48.
1532 2423 1801 2490 Duplicem
1831 2423 2116 2489 quamdam
2185 2435 2305 2474 esse
2334 2420 2384 2473 in

816 2517 1097 2571 stomacho
1144 2516 1536 2584 operationem.
1573 2513 1660 2568 49,
1714 2514 1828 2567 IIoc
1868 2524 2046 2583 negat.
2094 2511 2184 2565 50.
2225 2512 2387 2565 Exte-

821 2608 1017 2660 rioretn
1071 2607 1214 2659 illam
1245 2607 1453 2659 cerebri
1506 2606 1829 2673 pelliculam,
1865 2621 1984 2673 qua:
2026 2605 2076 2657 in
2109 2619 2243 2658 cavo
2284 2615 2387 2669 est,

820 2699 1139 2767 principium
1181 2712 1300 2751 esse
1348 2713 1658 2752 nervorum.
1720 2700 1812 2752 5|.
1859 2697 1970 2753 Iloc
2030 2698 2171 2753 idem
2218 2713 2390 2766 nega-

820 2804 925 2845 tur.
994 2792 1081 2845 5‘2.
1138 2791 1437 2844 Pharmaca
1479 2806 1598 2845 cum
1649 2806 1747 2856 per
1807 2806 2000 2858 corpus
2044 2801 2388 2859 sparguntur,

817 2897 1071 2949 purgare.
1109 2881 1196 2935 55.
1222 2880 1334 2934 Non
1368 2897 1489 2935 cum
1552 2881 1947 2943 diffunduntur,
1983 2882 2077 2937 sed
2132 2882 2250 2949 ipso
2314 2882 2394 2934 al-

822 2971 972 3039 lapsu
1005 2986 1101 3025 suo
1140 2987 1370 3041 purgare
1400 2975 1618 3025 asserit.
1674 2973 1760 3025 54.
1789 2971 2105 3025 I’harmacis
2131 2975 2390 3026 utendum

821 3061 1277 3128 essepnrgativis.
1330 3061 1415 3113 55.
1468 3061 1669 3114 Deinde
1725 3063 1774 3115 id
1824 3061 2130 3131 negat.:56.
2188 3062 2393 3115 Venam

1879 394 2104 455 PIIOTI
2113 393 2139 451 Ι
2170 386 2672 450 PATBIARCILE
2700 386 2809 445 CP.

794 521 888 577 26.
911 518 1023 574 Non
1059 530 1155 586 per
1192 512 1459 569 defectum
1520 512 1781 565 incertum
1826 508 1939 561 sive
1977 517 2356 574 quemcunque
2385 506 2430 559 Α
2460 518 2462 548 τ

1351 521 1459 567 tum
1520 512 1781 565 incertum
1826 508 1939 561 sive
1977 517 2356 574 quemcunque
2385 506 2430 559 Α
2460 506 2534 550 κε’
2563 499 2645 550 ὅτι
2679 500 2747 565 τῇ
2788 494 2924 546 κατά
2960 491 3019 543 τὸ

3922 362 4034 425 544

3072 486 3225 541 κενὸν
3275 482 3513 550 ἀπουσίᾳ
3544 480 3578 547 ἠ
3617 476 3888 537 ἀνάδοσις,
3937 481 4033 537 κς·

2466 593 2556 642 καὶ
2590 592 2670 642 δτι
2699 590 2759 639 οὑ
2781 590 2844 655 τῇ
2881 584 3019 637 κατά
3038 582 3098 633 τὸ
3126 577 3317 647 ἄδηλον
3349 572 3584 641 ἀπουσίᾳ
3602 568 3924 639 ὴάνάδοσις·
3950 563 4038 626 κζ’

2465 684 2545 733 ὅτι
2576 681 2641 732 δι’
2665 678 2927 747 ἀτροφίαν
2955 674 3044 727 τοῦ
3074 668 3326 741 ὁρατικοῦ
3352 666 3519 734 πόρου
3546 665 3579 731 ὴ
3609 657 4040 726 ἀπογλαύκωσις

2467 775 2693 841 γίνεται,
2748 776 2831 837 κη’
2875 770 2970 820 καὶ
3010 768 3090 818 ὅτι
3144 764 3201 814 οὑ
3237 760 3303 813 δι’
3342 755 3603 826 ἀτροφίαν
3640 754 3733 805 τοῦ
3773 748 4041 819 ὁρατικοῦ

2470 867 2632 935 πόρου
2664 865 2696 932 ἡ
2721 858 3135 927 ἁπογλαύκωσις
3166 854 3392 920 γίνεται·
3426 846 3508 900 κη’
3536 848 3619 898 ὅτι
3644 845 3785 897 κατὰ
3814 842 4041 910 παρέμ-

2468 974 2672 1009 πτωσιν
2698 954 2927 1021 αἵματος
2959 952 3036 1009 εἰς
3080 947 3168 997 τὸν
3208 940 3459 1013 ὁρατικὸν
3498 940 3664 1006 πόρον
3694 938 3727 1003 ὴ
3754 932 4042 998 ἀπογλαύ-

2469 1068 2635 1113 κωσις
2672 1050 2900 1117 γίνεται,
2935 1044 2977 1095 λ’
3006 1042 3101 1095 καὶ
3132 1041 3214 1092 ὃτι
3245 1038 3305 1088 οὑ
3345 1032 3484 1087 κατά
3519 1030 3920 1099 παρέμπτωσιν
3952 1023 4043 1075 αῖ-

2473 1161 2642 1214 ματος
2663 1144 2739 1202 είς
2761 1140 2846 1191 τὸν
2866 1135 3118 1206 ὁρατικὸν
3139 1131 3300 1196 πόρον
3317 1129 3350 1197 ἡ
3367 1122 3783 1190 ἀπογλαύκωσις
3799 1118 4043 1214 γίνεται·

2469 1209 2546 1289 λα’
2577 1237 2657 1287 ὅτι
2691 1232 2811 1285 καθ’
2846 1229 3027 1295 ὑγρῶν
3058 1225 3231 1291 πάχος
3269 1223 3360 1271 καὶ
3400 1215 3657 1281 διαπνοὴν
3688 1214 3719 1279 ἡ
3757 1209 4049 1274 ἀπογλαύ-

2471 1344 2638 1387 κωσις
2665 1325 2890 1391 γίνεται,
2922 1318 2999 1386 λβ¹
3032 1317 3125 1368 καὶ
3160 1316 3241 1366 ὅτι
3268 1313 3325 1363 οὑ
3371 1308 3493 1362 καθ’
3530 1305 3712 1375 ὑγρῶν
3741 1303 3914 1369 πάχος
3951 1300 4049 1349 καὶ

2472 1417 2729 1488 διαπνοὴν
2759 1417 2791 1483 ἠ
2839 1409 3256 1477 ἀπογλαὺκωσις
3301 1403 3530 1470 γίνεται·
3563 1398 3681 1469 [421
3722 1395 3920 1488 11.1λγ¹
3963 1396 4049 1488 ὅτι

2474 1516 2506 1583 ἡ
2538 1483 2775 1580 φρενῖτις
2804 1504 2943 1556 κατὰ
2969 1501 3247 1553 διάστασιν
3275 1495 3375 1563 τῆς
3411 1493 3671 1561 μήνιγγος
3707 1486 3803 1539 καὶ
3834 1483 4050 1583 ςρῦοράν

2474 1578 2834 1669 τοὺῗαῖματος
2878 1594 3119 1662 γίνεται,
3152 1590 3223 1641 λδ¹
3260 1588 3354 1639 καὶ
3396 1587 3480 1637 δτι
3528 1585 3587 1634 ού
3630 1581 3718 1633 δια
3760 1579 3971 1645 ταύτην
4018 1578 4052 1643 ἡ

2478 1696 2719 1766 φρενῖτις
2753 1691 2979 1757 γίνεται·
3008 1683 3079 1737 λε’
3111 1684 3191 1734 ὅτι
3214 1679 3355 1733 κατά
3382 1674 3681 1746 θερμασίας
3708 1670 4055 1737 πλεονασμὸν

2482 1760 2531 1855 η’
2553 1786 2792 1854 φρενῖτις
2827 1776 3133 1847 συμϐαίνει,
3178 1772 3264 1835 λς’
3303 1771 3395 1822 καὶ
3426 1768 3510 1820 δτι
3549 1766 3610 1817 οὑ
3642 1764 3729 1816 διὰ
3758 1763 3938 1813 τοῦτο·
3976 1760 4055 1822 λζ’

2478 1853 2557 1932 ὃτι
2594 1853 2680 1929 διὰ
2715 1870 3017 1942 φλεγμονὴν
3048 1870 3081 1938 ἡ
3112 1866 3350 1934 φρενῖτις
3383 1858 3691 1929 συμϐαίνει,
3728 1853 3810 1923 λη’
3846 1854 3940 1906 καὶ
3971 1855 4056 1905 ὅτι

2478 1972 2539 2023 οὑ
2567 1967 2655 2020 διὰ
2685 1963 3021 2033 φλεγμονὴν·
3055 1958 3133 2009 λθ¹
3162 1958 3244 2009 ὅτι
3273 1957 3299 2006 ὁ
3328 1952 3601 2022 ληθαργος
3633 1948 3775 1999 κατὰ
3804 1946 4057 2011 φλεγμο-

2480 2061 2573 2131 νὴν
2600 2060 2806 2126 γίνεται
2834 2095 2848 2119 ,
2885 2060 2935 2121 μ’
2964 2053 3054 2104 καὶ
3082 2052 3163 2103 ὅτι
3195 2051 3222 2100 ὁ
3249 2046 3520 2114 λήθαργος
3556 2043 3616 2093 οὑ
3656 2040 3867 2105 γίνεται
3908 2034 4059 2088 κατὰ

2483 2128 2811 2226 φλεγμονὴν·
2845 2154 2931 2216 μα’
2955 2148 3035 2198 ότι
3060 2143 3199 2195 κατά
3219 2141 3499 2193 διάστασιν
3524 2138 3572 2187 οἱ
3600 2132 3940 2226 ληθαργικοὶ-
3957 2128 4061 2226 καί

2485 2220 2707 2319 ᾡθοράδ·
2741 2243 2824 2313 μβ¹
2849 2242 2927 2293 ὅτι
2958 2236 3287 2306 ληθαργικὸς
3312 2232 3372 2283 οὑ
3401 2228 3551 2296 παρά
3571 2228 3632 2319 to
3658 2222 3884 2289 πλῆθος,
3916 2220 4063 2319 ἁ.ὶίλά

2485 2338 2583 2408 τὴν
2618 2335 2877 2402 ποιότητα
2908 2331 3016 2383 τῶν
3043 2323 3445 2392 διαπνεομένων
3492 2316 3799 2388 συμϐαίνει·
3847 2319 3937 2383 μγ¹
3978 2314 4062 2363 δτι

2488 2406 2615 2499 περὶ
2657 2428 2775 2479 ὅλον
2815 2426 2876 2476 τὸ
2926 2423 3085 2490 σῶμα
3129 2422 3163 2486 ἡ
3205 2416 3381 2486 δρεξις
3412 2410 3507 2464 τοῦ
3551 2410 3744 2479 φαγεῖν
3781 2407 3877 2457 καὶ
3910 2406 4063 2499 πιεῖν

2490 2497 2746 2590 ὑπάρχει,
2773 2518 2854 2588 μδ¹
2879 2517 2973 2569 καὶ
3001 2517 3082 2567 ὅτι
3112 2512 3173 2565 οὑ
3197 2509 3325 2578 περὶ
3352 2505 3492 2568 ὅλον,
3514 2502 3647 2558 ἀλλά
3673 2503 3799 2568 περὶ
3821 2500 3915 2551 τὸν
3944 2497 4065 2547 στό-

2494 2589 2662 2682 μαχον
2689 2629 2700 2641 ·
2739 2608 2819 2678 με’
2856 2609 2937 2661 ὅτι
2962 2609 2996 2675 ἡ
3025 2604 3118 2658 τοῦ
3165 2605 3359 2669 φαγεῖν
3402 2600 3496 2652 καὶ
3536 2599 3677 2648 πιεῖν
3717 2591 3897 2661 ὄρεξις
3928 2589 4066 2682 περ)

2490 2702 2725 2755 διάνοιάν
2746 2703 2882 2752 ἐστι·
2918 2705 3014 2767 μς¹
3040 2698 3119 2749 ὅτι
3154 2693 3278 2747 καθ’
3306 2690 3487 2759 ὑγρῶν
3522 2687 3725 2739 ἔνδειαν
3754 2682 3970 2750 γίνεται
4004 2680 4067 2729 τὸ

2492 2797 2661 2863 δίψος,
2706 2794 2789 2861 μζ¹
2818 2791 2908 2843 καὶ
2935 2790 3017 2841 ὅτι
3047 2788 3142 2855 οὑχ
3170 2783 3355 2853 ὑγρῶν
3386 2780 3619 2845 ἐλλείψει
3641 2778 3853 2844 γίνεται
3890 2771 3951 2823 τὸ
3991 2769 4069 2820 δί-

2494 2861 2610 2957 ψος-
2650 2886 2734 2951 μη¹
2765 2884 2846 2935 ὅτι
2879 2881 3007 2949 περὶ
3037 2878 3128 2929 τὸν
3166 2873 3435 2942 πόμαχὸν
3459 2868 3573 2922 ὲστί
3605 2885 3686 2929 τις
3712 2864 3874 2929 διπλῆ
3907 2861 4067 2957 ὲνέρῖ-

2496 2952 2638 3044 γεια,
2681 2975 2761 3043 μθ¹
2795 2974 2887 3024 καὶ
2927 2971 3010 3021 ὃτι
3052 2968 3152 3019 οὑκ
3192 2964 3305 3015 ἐστι
3339 2960 3499 3029 διπλῆ
3539 2976 3621 3020 τις
3651 2957 3903 3023 ἐνέργεια
3936 2952 4067 3017 περ).

2498 3073 2589 3123 τὸν
2622 3069 2907 3135 στόμαχον·
2937 3060 2977 3114 ν’
3007 3062 3093 3113 ὅτι
3125 3060 3157 3128 ἡ
3188 3056 3342 3117 ἐκτὸς
3374 3050 3571 3123 μῆνιγξ
3600 3053 3634 3120 ή
3666 3051 3722 3099 ἐν
3752 3046 3830 3115 τῷ
3873 3044 4071 3098 κοιλώ-

823 3151 1462 3217 (47icsseincidendam.
1495 3152 1583 3206 57.
1619 3152 1732 3206 Νοη
1781 3167 1901 3207 esse
1939 3155 2034 3208 ait.
2075 3155 2164 3209 58.
2206 3154 2392 3207 Febri-
2420 3189 2461 3245 Ο

2369 3183 2392 3193 ·
2420 3189 2461 3245 C
2504 3183 2629 3235 ματι
2652 3161 2793 3231 ἁρχὴ
2817 3157 2925 3210 τῶν
2957 3154 3164 3224 νεύρων
3204 3148 3340 3245 ἐστί·
3373 3154 3456 3245 van/-
3477 3147 3558 3245 5-H
3580 3145 3675 3243 οὑχ
3698 3144 3740 3245 η
3765 3140 3920 3245 "ﬁfth;
3958 3139 4032 3204 μῆ

822 3245 1111 3296 citantihus
1157 3260 1260 3296 non
1309 3245 1514 3307 utiliter
1559 3244 1760 3314 porrigi
1806 3247 1989 3300 vinum
2035 3247 2249 3300 asserit.
2302 3246 2388 3299 59.

822 3332 991 3387 Recte
1023 3336 1088 3388 iis
1130 3337 1355 3403 prarberi
1386 3338 1589 3390 vinum.
1647 3335 1737 3391 60.
1790 3336 2246 3391 Febricitantibus
2275 3351 2395 3391 esse

822 3426 1073 3480 balneum
1144 3429 1524 3483 adhibemlum.
1576 3430 1663 3483 61.
1702 3431 1848 3483 Idem
1894 3440 2069 3499 negat.
2098 3432 2187 3484 6‘2.
2224 3429 2397 3501 Opor-

827 3529 942 3572 tere
985 3520 1037 3573 in
1082 3520 1391 3573 morborum
1460 3523 1811 3576 incrementis
1858 3523 2088 3590 clystere
2139 3524 2237 3578 uti.
2300 3524 2388 3579 6'5.

824 3611 993 3676 Negat
1060 3612 1132 3664 id.
1193 3612 1284 3665 64.
1343 3611 1611 3667 Utendum
1665 3629 1786 3667 esse
1856 3614 2261 3671 inunctionibus
2336 3618 2387 3669 in

826 3703 1130 3772 principiis.
1164 3704 1253 3758 65.
1285 3702 1425 3757 Idem
1462 3715 1641 3773 negat.
1672 3704 1759 3757 66.
1797 3704 1911 3758 Non
1944 3720 2061 3759 esse
2112 3717 2273 3775 caput
2303 3723 2396 3761 ca-

831 3794 1165 3861 taplasmatis
1194 3796 1513 3857 curandum,
1549 3796 1642 3847 sed
1674 3794 1957 3847 olfactoria
2009 3797 2273 3850 duntaxat
2298 3797 2397 3850 ad-

829 3884 1081 3937 hibenda.
1112 3886 1199 3938 67.
1240 3884 1506 3939 Utendum
1540 3900 1661 3939 esse
1686 3886 1736 3937 in
1765 3885 1940 3953 capite
1967 3887 2396 3954 cataplasmatis.

830 3976 920 4029 68.
954 3977 1082 4041 Quae
1118 3978 1375 4029 vomitum
1403 3988 1696 4045 provocent
1738 3978 1950 4046 juvare.
1995 3977 2087 4032 69.
2112 3977 2231 4032 Non
2280 3992 2402 4031 esse

830 4069 1087 4121 utendum
1118 4069 1181 4120 iis
1212 4082 1328 4133 qua:
1347 4069 1605 4121 vomitum
1635 4070 1799 4123 cient.
1833 4068 1920 4123 70.
1948 4068 2053 4122 Cor
2080 4070 2398 4137 sanguinem

832 4177 939 4214 non
999 4162 1270 4215 emittere.
1344 4160 1431 4214 71.
1506 4159 1711 4214 Tamen
1764 4162 1816 4214 id
1879 4163 2093 4216 asserit.
2146 4162 2232 4217 72.
2296 4161 2403 4216 Cor

833 4252 1083 4320 spiritum
1113 4268 1216 4304 non
1247 4252 1517 4317 emittere,
1545 4252 1637 4305 sed
1662 4252 1894 4307 arterias
1930 4253 2074 4306 illutn
2101 4254 2397 4307 attrahere.

833 4343 924 4396 75.
961 4343 1068 4395 Cor
1121 4343 1370 4411 spiritum
1422 4344 1692 4404 emittere,
1728 4358 1901 4408 neque
1939 4345 2007 4397 ab
2066 4346 2286 4398 arteriis
2325 4354 2405 4397 at-

834 4434 996 4487 trahi.
1030 4435 1123 4487 74.
1148 4433 1253 4487 Cor
1286 4450 1381 4502 per
1412 4450 1470 4486 se
1531 4436 1754 4489 moveri.
1784 4434 1871 4491 75.
1920 4436 2059 4489 Idem
2110 4438 2401 4490 inliciatur.

2493 3227 2615 3323 νιγξ
2652 3227 2794 3322 ἀρχὴ
2822 3248 2929 3301 τῶν
2957 3244 3160 3314 νεύρων
3186 3237 3302 3292 ἐστί
3326 3252 3339 3264 ·
3380 3235 3456 3303 νβ’
3492 3236 3573 3286 ὅτι
3609 3227 4071 3323 ἀναδιδόμεναΔτὰ

2496 3350 2763 3419 φάρμακα
2792 3338 3068 3406 καθαίρει,
3094 3338 3170 3400 νγ¹
3196 3332 3277 3383 ὅτι
3304 3328 3403 3381 οὑκ
3436 3324 3793 3390 ἀναδιδόμενα
3818 3320 3888 3371 τά
3923 3318 4069 3387 φάρ-

2500 3413 2668 3510 μακα,
2684 3432 2818 3485 ἀλλὰ
2835 3427 2975 3482 κατὰ
2990 3427 3089 3494 τὴν
3112 3421 3457 3493 πρόσπτωσιν
3472 3415 3743 3510 καθαίρει·
3757 3413 3828 3464 νδ¹
3838 3413 3930 3510 ’ὅτι
3943 3430 3975 3479 χ
3984 3428 4071 3510 ρηῖ

2498 3534 2649 3585 στέον
2676 3528 2786 3587 τοῖς
2825 3520 3199 3590 καθαρτικοῖς,
3233 3522 3301 3567 νε⁹
3330 3513 3422 3565 καὶ
3448 3512 3530 3564 ὅτι
3558 3508 3619 3561 οὑ
3647 3506 3913 3577 χρηστέον
3938 3522 3951 3533 ο
3983 3502 4069 3566 νς¹

2495 3627 2578 3678 ὅτι
2611 3616 2944 3689 φλεϐοτομία
2975 3611 3269 3682 χρηστέον,
3312 3607 3387 3669 νζ¹
3430 3606 3524 3657 καὶ
3552 3605 3636 3655 ὅτι
3662 3604 3720 3654 οὑ
3759 3599 4033 3669 χρηστέον
4056 3615 4067 3625 ·

2497 3720 2578 3783 νηί
2604 3713 2685 3765 ὅτι
2716 3710 2858 3762 οἴνου
2879 3706 3024 3765 δόσις
3051 3703 3113 3753 οὗ
3141 3699 3383 3769 χρησίμη
3415 3697 3507 3747 ἐπὶ
3530 3695 3637 3746 τῶν
3665 3693 4069 3762 πυρεσσόντων,

2499 3780 2572 3860 v0"
2602 3806 2696 3857 καὶ
2745 3803 2827 3853 ὅτι
2867 3795 3007 3857 οἶνος
3049 3794 3225 3853 δοτέος
3273 3793 3384 3849 τοῖς
3428 3788 3781 3855 πυρέσσουσι·
3814 3782 3855 3848 ξ’
3885 3786 3969 3836 ὅτι
4018 3780 4074 3831 τὸ

2498 3895 2719 3965 λουτρὸν
2748 3893 2859 3953 τοῖς
2895 3887 3259 3957 πυρέσσουσιν
3289 3879 3553 3932 ἐπακτέον
3573 3915 3588 3937 ,
3625 3876 3703 3941 ξα’
3742 3875 3837 3926 καὶ
3864 3876 3948 3925 δτι
3975 3874 4073 3965 οὐκ

2500 3986 2783 4042 ὲπακτέον·
2810 3983 2883 4052 ξβ¹
2914 3982 2996 4033 δτι
3020 3980 3100 4030 δεῖ
3136 3978 3193 4028 ὲν
3220 3976 3339 4035 ταῖς
3398 3971 3681 4025 ὲπιτάσεσι
3724 3965 3965 4029 κλύζειν,
3995 3964 4059 4029 ξγ

2502 4081 2594 4133 καὶ
2629 4081 2711 4131 δτι
2751 4075 2812 4127 οὐ
2846 4074 2946 4125 θεῖ’
2983 4070 3050 4134 ξδ’
3081 4072 3161 4122 δτι
3205 4068 3284 4119 δεῖ
3315 4067 3373 4115 ἐν
3414 4066 3533 4124 ταῖς
3562 4062 3756 4130 ἀρχαῖς
3786 4057 4068 4124 ὲπαλείψει

2503 4167 2757 4239 χρῆσθαι,
2794 4164 2863 4228 ξε¹
2889 4163 2984 4214 καὶ
3011 4162 3089 4212 ὅτι
3122 4158 3181 4209 οὑ
3210 4158 3306 4208 δεῖ·
3343 4154 3426 4218 ξς¹
3446 4155 3528 4205 ὅτι
3555 4153 3615 4203 οὑ
3646 4151 3726 4201 δεῖ
3759 4148 4074 4200 καταπλάσ-

2506 4277 2617 4311 σειν
2647 4257 2746 4323 τὴν
2772 4252 3035 4322 κεφαλὴν,
3067 4249 3200 4302 ἀλλὰ
3231 4248 3341 4307 τοῖς
3370 4244 3689 4313 ὀσφραντοῖς
3733 4239 3915 4306 μόνοις
3941 4240 4074 4306 χρῆ-

2508 4348 2650 4408 σοαι,
2687 4346 2760 4411 ξς·
2810 4345 2903 4396 καὶ
2932 4343 3013 4393 ὅτι
3057 4339 3137 4391 δεῖ
3162 4339 3181 4369 ³
3210 4334 3446 4405 χρῆσθαι
3494 4330 3950 4397 καταπλάσμασιν
3983 4328 4074 4378 ἐπὶ

2505 4439 2605 4505 τῆς
2650 4434 2916 4502 κεφαλῆς·
2971 4430 3052 4498 ξη¹
3088 4430 3169 4480 ὅτι
3198 4424 3508 4495 ὲμετοποιία
3545 4421 3837 4490 συμφέρει,
3874 4418 3948 4482 ξθ¹
3986 4418 4075 4467 καὶ

838 4520 924 4572 76.
960 4520 1205 4572 Arterias
1244 4534 1309 4572 ex
1352 4529 1543 4573 natura
1589 4523 1909 4591 sanguinem
1972 4525 2273 4579 continere.
2316 4526 2400 4577 77.
2437 4521 2478 4574 1)

2437 4521 2478 4574 ι)
2509 4532 2590 4583 ὅτι
2630 4532 2688 4580 ού
2720 4524 2984 4596 χρηστέον
3020 4519 3357 4592 ἐμετοποιίᾳ·
3391 4522 3431 4567 ον
3459 4517 3543 4567 δτι
3568 4515 3665 4565 οὑκ
3706 4512 4013 4579 ἐπιπέμπει
4045 4510 4074 4578 ἡ

841 4610 1083 4664 Arterias
1113 4626 1216 4662 non
1237 4624 1357 4663 esse
1385 4611 1672 4677 sanguinis
1721 4616 2138 4681 receptaculum.
2169 4616 2257 4669 78.
2286 4618 2408 4670 Om-

839 4706 924 4755 nia
974 4719 1102 4757 vasa
1136 4705 1221 4756 ubi
1259 4705 1567 4772 prominent
1619 4721 1683 4760 ac
1736 4717 1972 4776 turgent,
2009 4711 2199 4778 simpla
2261 4728 2405 4767 esse.

844 4798 931 4849 79.
961 4796 1317 4863 Receptacula
1353 4810 1471 4849 esse
1498 4805 1643 4849 texta
1681 4800 1981 4853 involucra.
2009 4802 2099 4854 80.
2132 4802 2234 4855 Per
2287 4820 2409 4857 ner-

839 4901 934 4939 vos
973 4903 1186 4939 sensum
1230 4902 1294 4939 ac
1338 4885 1524 4954 130b
1578 4900 1779 4941 m0tum
1820 4892 2024 4957 perlici.
2081 4894 2165 4945 81.
2225 4893 2279 4947 Id
2338 4894 2407 4947 ita

843 4980 954 5030 lieri
1004 4988 1182 5047 negat.
1212 4977 1300 5030 89..
1333 4978 1600 5031 Venarum
1638 4982 1958 5049 principium
1992 4998 2086 5036 cor
2117 4999 2259 5037 esse.
2316 4986 2406 5039 85.

846 5069 992 5121 Idem
1021 5070 1203 5120 statim
1239 5078 1417 5135 negat.
1461 5070 1549 5122 84.
1591 5069 1755 5124 Jecur
1804 5089 1922 5126 esse
1968 5090 2225 5129 venarum
2269 5079 2410 5144 prin-

844 5158 1063 5224 cipium.
1094 5159 1184 5211 85.
1210 5158 1327 5211 lion
1367 5160 1417 5211 id
1462 5161 1752 5215 inliciatur.
1778 5162 1867 5216 86.
1905 5163 2174 5218 Venarum
2212 5170 2411 5234 princi-

848 5252 992 5316 pium
1024 5264 1141 5303 esse
1189 5250 1568 5304 ventriculum.
1592 5253 1679 5304 87.
1716 5253 1770 5307 Id
1810 5271 1931 5308 mox
1965 5256 2174 5311 inlicias
2203 5259 2282 5311 ire
2307 5275 2410 5312 non

850 5341 1079 5394 dubitat.
1105 5340 1194 5395 88.
1228 5340 1711 5407 Receptaculorum
1742 5347 1981 5401 omnium
1999 5349 2262 5417 originem
2287 5366 2409 5404 esse

2512 4623 2707 4693 καρδία
2745 4614 2920 4687 αἷμα,
2955 4621 3032 4667 οα⁹
3076 4613 3169 4665 καὶ
3208 4613 3290 4662 ὅτι
3330 4607 3667 4675 ἐπιπέμπει·
3702 4603 3880 4671 οβ’ὃτι
3910 4604 4005 4667 οὺχ
4043 4603 4073 4668 ὴ

2513 4690 2707 4783 καρδία
2751 4707 3053 4774 ἐπιπέμπει
3106 4702 3166 4753 τὸ
3197 4698 3435 4766 πνεῦμα,
3472 4695 3586 4747 ἀλλ’
3617 4695 3672 4746 αἱ
3704 4692 3964 4761 ἀρτηρίαι
3994 4690 4076 4740 ’ἐλ-

2514 4780 2817 4865 κουσιν,ογ’
2848 4800 2939 4849 καὶ
2983 4797 3062 4845 ὅτι
3102 4795 3133 4861 ἠ
3176 4789 3374 4859 καρδία
3414 4785 3713 4854 ἐπιπέμπει
3752 4782 3813 4833 τὸ
3843 4780 4074 4847 πνεῦμα,

2516 4899 2610 4948 καὶ
2646 4894 2763 4961 οὑχ).
2796 4893 2850 4941 αί
2879 4885 3135 4955 ἀρτηρίαι
3168 4882 3418 4932 ἕλκουσιν
3440 4893 3453 4905 ·
3484 4876 3554 4927 οδ¹
3598 4876 3678 4925 ὅτι
3717 4872 3775 4937 ἐξ
3816 4870 4015 4937 ἑαυτῆς
4048 4870 4076 4933 ἡ

2516 4986 2711 5055 καρδία
2745 4983 2995 5043 κινεῖται,
3025 4984 3095 5036 oe:
3131 4975 3223 5026 καὶ
3265 4972 3345 5023 ὅτι
3372 4970 3470 5022 οὑκ
3510 4967 3568 5030 ἐξ
3592 4965 3791 5031 ἑαυτῆς
3822 4966 3854 5033 ἡ
3890 4962 4077 5029 καρδία

2516 5080 2769 5129 κινεῖται·
2800 5080 2882 5136 ος⁹
2913 5074 2993 5122 ὅτι
3025 5068 3164 5121 κατὰ
3201 5064 3358 5132 φύσιν
3386 5058 3523 5129 αἷμα
3558 5062 3613 5110 ὲν
3643 5061 3761 5118 ταῖς
3794 5058 4077 5124 ἀρτηρίαις

2518 5170 2789 5237 ὑπάρχει,
2817 5166 2891 5226 of,"
2940 5161 3067 5233 [2I9
3111 5157 3203 5228 IL]
3246 5158 3327 5208 ὃτι
3367 5156 3464 5222 οὑχ
3501 5152 3727 5219 αἵματος
3768 5150 3988 5215 ἀγγεῖον
4028 5150 4076 5197 al

2514 5259 2791 5329 ἀρτηρίαι·
2828 5263 2903 5325 οη’
2928 5256 3011 5307 ὅτι
3040 5252 3215 5304 πάντα
3242 5248 3312 5298 τὰ
3352 5247 3549 5313 ἀγγεῖα
3577 5247 3636 5296 ὲν
3661 5243 3739 5311 τῷ
3765 5242 3915 5307 δγκῳ
3942 5242 4076 5293 ἁπλᾶ

2512 5355 2682 5413 ἐστιν,
2729 5350 2802 5402 00⁸
2836 5350 2930 5400 καὶ
2961 5347 3043 5398 ὅτι
3077 5343 3194 5396 ἐστὶ
3220 5339 3289 5391 τὰ
3332 5339 3530 5405 ἀγγεῖα
3566 5334 3888 5402 πλέγματα·
3923 5338 3972 5382 π’
4004 5333 4074 5383 ὅτι

2174 5483 2411 5540 VARUE
2447 5484 2855 5541 LECTIONES.

2351 5618 2556 5675 ΝΟΤᾹΞ
2569 5663 2580 5676 .

922 5714 1034 5778 (Π)
1061 5713 1266 5765 Abstmt
1307 5712 1421 5764 Itrer.
1466 5712 1570 5762 duo
1615 5713 1786 5777 capita
1824 5712 1943 5765 cod.
1985 5712 2107 5773 2H,
2162 5728 2386 5779 quorum
2430 5714 2546 5767 loco
2602 5713 2667 5767 15
2700 5724 2748 5765 et
2805 5710 2867 5763 14
2910 5709 3098 5777 capitis
3155 5708 3376 5761 adversa
3420 5704 3680 5759 sententia
3737 5700 3841 5756 illis
3899 5715 4078 5769 propo-

924 5551 1072 5621 ³δεῖ]
1126 5550 1244 5605 libri
1290 5551 1351 5602 οὑ
1405 5549 1504 5603 δεῖ.

860 5798 1022 5837 ιιιιιιτ.
1056 5783 1128 5836 Ita
1156 5785 1389 5853 capitum
1414 5782 1700 5849 utrobique
1721 5798 1973 5835 numerus
2003 5784 2139 5837 Idem
2172 5782 2414 5836 cllicitut.
