4224 6446
143 412 253 479 545

1180 415 1702 477 BIBLIOTHECA.
1733 438 1802 450 —
1828 414 1987 475 COD.
2010 415 2361 478 CLXXXVI.

3280 421 3381 483 546

138 531 227 581 διὰ
266 529 378 579 τῶν
414 528 621 597 νεύρων
655 529 906 598 αἰσθησις
959 530 1053 583 καὶ
1100 530 1317 599 κίνησις
1358 528 1714 592 ἐπιτελεῖται,
1749 539 1790 593 Α

1712 574 1714 587 .
1749 539 1790 593 Α
1822 531 2091 600 meninga.
2116 533 2206 587 89.
2231 532 2401 601 Negat
2424 532 2545 584 hoc.
2577 532 2665 585 90.
2698 532 3032 585 Arteriarnm
3059 532 3380 601 principium

139 628 233 673 πα¹
257 622 353 672 καὶ
374 622 461 673 ὅτι
488 620 552 673 ού
581 620 671 673 διὰ
692 621 798 672 τῶν
822 621 1027 689 νεύρων
1048 623 1083 690 ὴ
1108 622 1358 692 αἴσθησις
1390 621 1481 673 καὶ
1505 622 1715 688 κίνησις

142 711 505 765 ἐπιτελεῖται·
538 710 627 780 πβ¹
650 714 729 764 δτι
753 714 894 781 ἀρχὴ
926 713 1135 779 φλεϐῶν
1180 715 1214 783 ή
1253 711 1468 780 καρδία,
1508 718 1596 778 πγ¹
1622 714 1714 763 καὶ¹

136 802 222 855 ὅτι
253 806 358 855 οὐκ
399 805 543 873 ἀρχὴ
580 803 791 873 φλεϐῶν
832 807 866 874 ή
906 806 1121 874 καρδία·
1151 804 1235 856 πδ⁸
1280 805 1363 856 δτι
1390 800 1543 874 ἧπαρ
1570 805 1712 872 ἁρχὴ

139 895 385 961 φλεὸῶν.
422 895 501 948 πε¹
530 899 622 949 καὶ
648 897 731 949 ὅτι
758 897 855 965 οὐχ
887 892 1037 967 ἧπαρ
1066 898 1210 968 ἀρχὴ
1241 895 1473 964 φλεϐῶν·
1511 903 1604 959 πς¹
1631 897 1713 947 ὅτι

140 984 326 1036 κοιλία
361 985 583 1051 φλεεῶν
610 987 750 1054 ἀρχὴ
771 1027 787 1050 ,
813 986 901 1050 at?
927 990 1019 1039 καὶ
1040 988 1122 1039 ὅτι
1151 989 1251 1038 ούκ
1276 987 1419 1056 ἀρχὴ
1445 986 1654 1053 φλεϐῶν
1680 986 1713 1053 ή

141 1075 343 1127 κοιλία·
389 1084 483 1143 πη¹
531 1078 612 1129 ὅτι
658 1080 871 1130 πάντων
910 1078 1018 1130 τῶν
1049 1080 1286 1145 ἀγγείων
1318 1079 1459 1147 ἀρχὴ
1498 1076 1716 1147 μῆνιγξ,

141 1170 231 1218 πθ¹
267 1170 363 1220 καὶ
396 1171 481 1220 ὅτι
509 1172 608 1222 οὐκ
634 1171 777 1240 ἀρχὴ
811 1172 1024 1223 πάντων
1048 1172 1156 1224 τῶν
1180 1172 1413 1239 ἀγγείων
1443 1172 1474 1238 ἠ
1502 1168 1717 1239 μῆνιγξ·

1818 634 1941 675 esse
1994 622 2325 690 pulmonem.
2376 624 2466 678 91.
2504 623 2748 691 Sequens
2799 640 2919 677 mox
2961 633 3124 693 caput
3165 626 3217 679 id
3259 626 3383 679 inli-

1813 712 2011 764 ciatur.
2038 712 2128 766 92.
2163 714 2429 768 Arteriam
2465 715 2634 776 illam,
2659 729 2778 782 quae
2807 714 2958 782 juxta
2992 715 3139 769 dorsi
3171 717 3381 782 spinam

1814 810 1917 861 est,
1947 804 2268 856 arteriarum
2302 818 2423 857 esse
2455 803 2739 873 originem.
2773 803 2861 857 93.
2895 803 3090 857 Statim
3140 804 3189 857 id
3220 804 3382 858 refel-

1814 892 1897 948 lit.
1922 892 2011 947 94.
2034 892 2140 948 Cor
2157 896 2477 949 arteriarum
2499 910 2619 950 esse
2636 896 2976 964 principium.
3006 897 3093 951 95.
3119 897 3172 949 Id
3204 905 3381 965 negat.

1818 984 1906 1038 96.
1938 984 2049 1037 Non
2081 1002 2176 1039 cor
2202 1000 2321 1040 esse
2363 987 2685 1056 principium
2746 1003 3053 1051 nervorum,
3097 987 3190 1039 sed
3218 1001 3384 1038 mem-

1825 1077 2129 1141 branulam,
2176 1092 2280 1146 qua
2331 1078 2612 1132 cerebrum
2646 1081 2970 1133 continetur.
2997 1078 3087 1132 97.
3114 1076 3383 1130 Membra-

1828 1170 2007 1220 nulam
2038 1168 2183 1222 illam
2219 1186 2325 1224 non
2376 1184 2495 1224 esse
2542 1171 2863 1240 principium
2928 1184 3237 1223 nervorum.
3291 1168 3381 1223 98.

140 1264 193 1327 l1"
215 1262 303 1312 ὅτι
330 1262 592 1329 πνεύμων
618 1262 893 1331 ἀρτηριῶν
918 1262 1080 1333 ἀρχὴ,
1105 1267 1191 1329 ιμ’
1219 1262 1313 1315 καὶ
1332 1263 1413 1314 ὃτι
1440 1262 1541 1313 οὐκ
1576 1260 1747 1311 ἔστιν’

1713 1260 1747 1307 μ’
1819 1253 1935 1307 Non
1960 1258 2009 1308 in
2030 1262 2211 1319 corde,
2246 1260 2338 1312 sed
2371 1260 2549 1327 capite
2572 1258 2895 1325 intelligendi
2921 1261 3025 1310 vim
3052 1259 3211 1311 sitam
3242 1273 3381 1311 esse.

139 1353 433 1421 ἀρτηριῶν
462 1357 489 1405 ὁ
520 1356 774 1423 πνεύμων
805 1357 943 1424 ἀρχή
971 1371 982 1383 ·
1025 1354 1107 1423 ιιβν
1140 1358 1221 1405 ὅτι
1253 1356 1286 1422 ὴ
1314 1354 1463 1418 παρὰ
1490 1353 1589 1420 τὴν
1619 1352 1717 1420 ῥάθ

1822 1345 1912 1399 99.
1959 1346 2254 1415 luseqiiens
2305 1365 2433 1404 vero
2492 1360 2703 1413 contra,
2742 1365 2843 1403 non
2900 1352 3073 1417 capite
3126 1365 3242 1414 nos,
3290 1351 3385 1402 sed

141 1461 229 1508 χιν
251 1447 499 1512 ἀρτηρία
524 1446 799 1515 ἀρτηριῶν
830 1447 993 1516 ἀρχὴ,
1019 1446 1107 1513 ἥγ’
1127 1446 1222 1497 καὶ
1242 1446 1324 1497 ὅτι
1346 1444 1442 1511 οὐχ
1467 1446 1499 1512 ἡ
1526 1443 1676 1511 παρὰ
1697 1445 1718 1473 δ

1714 1460 1718 1470 ν
1823 1438 1985 1491 corde
2014 1439 2317 1508 intelligere
2354 1442 2482 1495 vult.
2516 1442 2635 1497 l00.
2674 1442 3007 1511 intelligendi
3035 1444 3140 1496 vim
3192 1444 3245 1495 iti
3294 1456 3382 1495 ce-

140 1534 243 1601 τὴν
280 1537 446 1603 ρἀιν
485 1538 721 1606 ἀρτηρία
774 1537 1050 1607 ἀρτηριῶν
1087 1538 1252 1606 ἀρχή·
1294 1536 1370 1601 ιιδ¹
1400 1536 1479 1585 ὅτι
1522 1533 1719 1601 καρδία

1091 1538 1252 1606 ἀρχή·
1294 1536 1370 1601 ιιδί
1400 1536 1479 1585 ὃτι
1522 1533 1719 1601 καρδία
1828 1530 1966 1583 rebri
1996 1533 2296 1584 ventriculo
2329 1536 2507 1587 sedem
2542 1536 2759 1588 habere.

138 1626 433 1693 ἀρτηριῶν
456 1628 620 1695 ἀρχὴ,
650 1630 728 1691 ιιε’
753 1629 844 1678 καὶ
867 1627 947 1678 ὅτι
972 1628 1069 1678 οὐκ
1092 1626 1240 1677 ἐστιν
1262 1624 1405 1693 ἀρχὴ
1448 1620 1725 1691 ἀρτηριῶν
1764 1619 1796 1687 ἠ
1826 1616 1953 1688 [424
1979 1617 2067 1691 3.]
2101 1622 2313 1691 καρδία·
2362 1626 2452 1687 At,“
2480 1624 2560 1674 ὅτι
2590 1625 2687 1691 οὐχ
2714 1626 2745 1693 ἡ
2772 1624 2961 1694 καρδία
2985 1625 3127 1695 ἀρχὴ
3152 1626 3377 1693 νεύρων,

140 1718 261 1768 ἀλλ’
289 1720 322 1787 ἡ
347 1718 682 1788 περιέχουσα
707 1720 797 1769 τὸν
827 1721 1125 1786 ἐγκέφαλον
1153 1716 1369 1787 μῆνιγξ,
1396 1713 1477 1781 ιις
1520 1716 1611 1765 καὶ
1649 1714 1729 1764 ὅτι
1759 1712 1855 1779 οὐχ
1883 1712 1916 1779 ὴ
1942 1712 2271 1781 περιέχουσα
2308 1716 2398 1767 τὸν
2431 1716 2733 1784 ἐγκέφαλον
2766 1719 2959 1787 μῆνιγξ
2991 1720 3132 1788 ἀρχὴ
3154 1720 3379 1787 νεύρων·

142 1811 234 1878 ιιη’
275 1812 361 1863 ὅτι
429 1812 492 1863 οὐ
559 1812 687 1881 περὶ
750 1813 975 1881 καρδίαν
1025 1812 1085 1863 τὸ
1153 1809 1518 1879 διανοητικδν,
1569 1807 1704 1859 ἀλλὰ
1766 1805 1895 1874 περὶ
1932 1806 2212 1875 κεφαλὴν,
2254 1808 2335 1873 ιιοο
2382 1812 2474 1860 καὶ
2520 1812 2600 1862 ὅτι
2649 1811 2709 1862 οὐ
2759 1814 2885 1880 περὶ
2935 1812 3197 1882 κεφαλὴν,
3246 1814 3382 1865 ἀλλά

140 1903 276 1971 περὶ
304 1903 539 1972 καρδίαν
569 1903 630 1954 τδ
672 1903 1025 1971 διανοητικόν·
1076 1908 1117 1972 ρ’
1146 1904 1227 1955 δτι
1285 1904 1346 1955 τὸ
1388 1900 1721 1968 διανοητικόν
1746 1898 1859 1949 ἐστι
1890 1897 2016 1965 περῖ⁵
2048 1898 2253 1951 κοιλίαν
2276 1901 2595 1969 ἐγκεφάλου.

206 1993 403 2045 Ταῦτα
437 1994 534 2061 μὲν
566 1994 627 2045 τὸ
673 1992 1000 2062 βιὸλιδάριον
1024 1993 1131 2044 τῶν
1163 1991 1439 2045 Διονυσίου
1477 1994 1721 2043 Δικτυα-
1755 1995 1795 2048 Β

1716 2016 1721 2027 ι
1755 1995 1795 2048 Β
1894 1984 2019 2041 llaec
2045 1988 2261 2055 quidem
2318 1994 2495 2044 omnia
2534 1992 2821 2062 Dionysius
2874 1994 3055 2047 libello
3096 1995 3384 2065 Dicryaco-

136 2081 267 2136 κῶν
292 2084 588 2151 διελέγετο.
625 2085 740 2137 Οὐκ
772 2084 1038 2153 ἄχρηστον
1065 2085 1120 2137 δὲ
1150 2084 1282 2153 πρός
1312 2100 1370 2134 τε
1416 2081 1717 2150 γυμνασίαν

1715 2100 1717 2120 ι
1820 2094 1935 2130 rum
1962 2079 2216 2135 disseruit
2242 2101 2255 2135 :
2294 2097 2468 2151 neque
2508 2085 2553 2137 is
2578 2100 2708 2138 sane
2736 2086 3103 2140 infructuosus
3130 2098 3211 2141 est
3236 2090 3383 2141 labor

134 2175 494 2244 διαλεκτικὴν
533 2175 625 2226 καὶ
645 2175 813 2240 δοξῶν
843 2174 1049 2245 εἴδησιν
1076 2176 1236 2227 ἐνίων
1272 2175 1487 2243 ἰατρικῇ
1514 2173 1717 2244 θεωρίᾳ

1714 2211 1717 2221 ,
1819 2167 2113 2223 dialecticae
2152 2174 2550 2238 exercitationi,
2581 2190 2751 2244 neque
2778 2180 2841 2230 ad
2891 2178 3202 2245 opinionum
3249 2194 3382 2248 qua-

135 2269 382 2322 οικείων.
433 2270 590 2319 Δοκεῖ
617 2268 673 2321 δὶ
720 2268 812 2319 καὶ
861 2266 1100 2332 δοξάζειν
1125 2271 1146 2301 ⁸
1192 2270 1310 2329 ταῖς
1338 2267 1539 2332 δόξαις,
1579 2267 1716 2336 πλὴν

1708 2284 1716 2313 ν
1819 2259 2061 2312 rumdam
2115 2262 2550 2331 intelligentiam,
2578 2283 2697 2335 qua-
2726 2269 2943 2322 niedicae
2976 2280 3099 2323 sunt
3133 2272 3376 2341 specula-

136 2362 239 2413 οὐκ
294 2363 353 2413 έν
405 2362 644 2425 ἀπάσαις
694 2361 987 2432 ἐκφέρεται
1036 2360 1168 2431 πρὸς
1216 2360 1278 2413 τὸ
1340 2359 1577 2429 πάγιον⁸
1622 2360 1718 2413 καὶ

1712 2397 1718 2411 ,
1820 2347 1981 2402 tionis
2035 2354 2283 2422 promite.
2316 2353 2542 2409 Videtur
2582 2366 2759 2411 autem
2816 2370 2869 2413 et
2901 2360 3162 2429 judicium
3202 2364 3266 2415 de
3299 2362 3380 2416 his

136 2454 462 2508 ἀνεύθυνον.

1815 2441 2156 2505 opinionibus
2206 2444 2369 2510 ferre,
2414 2464 2517 2503 non
2576 2466 2673 2519 per
2724 2453 2902 2506 omnia
2959 2464 3134 2508 tamen
3198 2468 3381 2509 sancte

1818 2530 2240 2605 incorrupteque
2261 2539 2484 2607 judicat.

822 2632 1008 2699 an'.
2428 2633 2753 2690 CLXXXVI.

140 2729 427 2791 Κόνωνος
460 2726 773 2796 διηγήσεις
807 2732 878 2786 r’,
932 2726 1028 2780 καὶ
1068 2725 1510 2790 Ἀπολλοδώρου
1532 2740 1709 2793 γραμ-

1819 2714 2044 2774 Conouia
2093 2722 2442 2779 Narrationes
2495 2745 2546 2791 L,
2587 2737 2637 2781 el
2677 2730 2981 2793 Apollodori
3034 2730 3380 2789 Grammatici

388 2798 665 2873 Jtattxoﬁ
700 2798 736 2863 ἡ
757 2795 1046 2864 λεγομένη
1076 2796 1451 2862 Βισλιοθήκη.

1112 2796 1451 2862 numam".
2452 2796 2780 2852 Bibliotheca

1884 2882 2079 2939 Lectus
2132 2897 2214 2941 est
2270 2887 2485 2944 libellus
2522 2890 2909 2945 Narrationum
2945 2894 3195 2958 Cononis,
3241 2900 3384 2966 quod

1815 2977 2029 3040 quidem
2058 2972 2378 3044 opusculum
2402 2981 2668 3035 Archelao
2692 2981 3019 3053 PliiIOpatori
3047 2989 3157 3057 regi
3184 2990 3379 3043 inscri-

1816 3074 1983 3131 ptum,
2014 3082 2043 3119 e
2096 3071 2258 3123 variis
2296 3080 2542 3123 veterum
2583 3074 2803 3142 scriptis
2838 3077 3096 3133 Collectas
3138 3083 3380 3137 continet

138 3185 159 3217 ε
172 3168 291 3234 ιλεγ
300 3169 441 3235 μένα
473 3173 513 3218 ν’
541 3166 870 3235 διηγήματα.

1815 3162 2155 3217 narrationes
2182 3166 2593 3234 quinquaginta.

207 3252 316 3311 Ὧν
352 3259 571 3329 πρῶτον
610 3259 680 3310 τὰ
718 3260 847 3327 περὶ
880 3258 1023 3312 Μίδα
1062 3259 1156 3311 καὶ
1190 3258 1423 3327 Βριγῶν,
1457 3259 1604 3319 ὅπως
1652 3274 1711 3309 τε

1884 3254 2063 3305 Prima
2094 3266 2179 3309 est
2208 3260 2273 3309 de
2302 3259 2437 3312 Mida
2490 3271 2544 3313 et
2583 3260 2854 3331 Brigibus,
2880 3273 2936 3317 ut
2969 3266 3019 3319 in
3066 3266 3378 3323 thesaurum

138 3348 413 3419 Θησαυρῷ
464 3348 767 3418 περιτυχὼν
820 3348 1012 3419 ἀθρόον
1058 3367 1116 3401 τε
1167 3352 1245 3410 εἰς
1285 3350 1513 3402 πλοῦτον
1546 3352 1709 3421 ήρθη,
1740 3342 1781 3399 C

1740 3342 1781 3399 C
1818 3341 1906 3395 ille
1942 3344 2207 3409 incidens,
2263 3349 2511 3415 iungentes
2548 3355 2725 3405 subito
2777 3358 2852 3409 sit
2903 3367 3097 3413 nactus
3126 3374 3276 3427 Opes,
3324 3372 3382 3415 ut

138 3446 234 3495 καὶ
285 3442 534 3509 Ὀρφέως
564 3444 702 3493 κατά
740 3442 990 3511 Πιέρειαν
1024 3442 1085 3493 τὸ
1118 3442 1242 3511 ὄρος
1269 3444 1538 3511 ἀκροατὴς
1566 3444 1717 3510 γενό-

1712 3472 1717 3484 ,
1816 3445 1935 3503 post
1961 3434 2234 3507 Orpheum
2288 3442 2337 3494 in
2372 3441 2545 3495 Pieria
2584 3458 2763 3499 monte
2806 3448 3071 3513 auditum,
3101 3453 3264 3504 variis
3291 3468 3380 3505 ar-

139 3551 310 3601 μενος
358 3534 586 3595 πολλαῖς
632 3536 848 3602 τέχναις
892 3534 1107 3604 Βριγῶν
1158 3534 1448 3603 βασιλεύει.
1494 3537 1600 3587 Καὶ
1640 3536 1713 3599 ῶς

1709 3555 1713 3594 ε
1818 3527 1959 3581 tibus
2012 3527 2262 3599 Brigibus
2302 3533 2607 3599 imperarit.
2658 3537 2939 3601 Quomodo
2982 3540 3111 3596 item
3162 3542 3377 3598 Silenus

139 3626 407 3694 Σειληνὸς
434 3626 562 3691 περὶ
587 3626 607 3656 '
635 3626 695 3677 τὸ
726 3624 957 3693 Ιίρέμιον
987 3627 1108 3694 ὅρος
1140 3626 1306 3678 Μίδου
1341 3626 1714 3694 βασιλεύοντος

1706 3646 1714 3685 τ
1808 3622 1964 3689 juxta
1993 3622 2255 3677 Brimium
2293 3636 2527 3678 montem
2581 3625 2721 3679 Mida
2756 3642 3033 3698 regnante,
3092 3635 3165 3687 sit
3211 3637 3374 3700 visus,

224 2888 576 2959 ’Δνεγνὼσθη
638 2888 1001 2957 βιϐλιδάριον,
1040 2892 1311 2953 Κόνωνος
1375 2888 1710 2955 Διηγ-ήσεις.

144 2983 476 3050 Ιῐροσφωνεί
502 2982 599 3050 μὲν
628 2983 684 3032 τὸ
715 2980 1044 3050 πονημάτιον
1084 2980 1358 3048 Ἀρχελάῳ
1390 2981 1711 3049 Φιλοπάτορι

143 3075 384 3140 βασιλεί,
422 3078 732 3142 περιέχεται
762 3073 805 3123 δ’
832 3071 980 3141 αύτῷ
1001 3073 1065 3124 ἐκ
1087 3071 1295 3123 πολλῶν
1320 3072 1562 3140 ἀρχαίων
1591 3088 1713 3124 συν-

135 3720 340 3787 ῶφθηξ
376 3718 466 3784 ὑφ’
498 3710 542 3784 ᾧ
575 3719 668 3770 καὶ
699 3719 759 3769 τὸ
799 3716 949 3780 ἔθνος
995 3717 1128 3786 ᾤκει
1162 3718 1711 3787 πολυανθρωπότατον

134 3814 230 3863 δν·
286 3810 388 3862 καὶ
423 3808 495 3870 ὡς
542 3808 681 3879 ἤχθη
732 3808 793 3861 τὸ
825 3808 960 3871 ζῶον
1006 3809 1399 3878 ἐξηλλαγμένον
1435 3811 1533 3879 τὴν
1572 3812 1713 3864 ίδέαν

132 3903 210 3965 ὡς
260 3903 327 3955 ὲν
383 3899 669 3969 ἀνθρώπου
725 3900 905 3969 φύσει,
949 3901 1056 3952 Καὶ
1107 3904 1250 3963 ὅπως
1313 3898 1459 3969 αύτῷ
1516 3904 1711 3969 χρυσὸς

134 3993 356 4060 ἐγίνετο
387 3993 483 4043 καὶ
514 3993 581 4042 τὰ
602 3992 623 4023 ⁸
656 3994 737 4051 είς
774 3993 978 4060 τροφὴν
1015 3992 1427 4062 παρατιθέμενα
1470 3992 1706 4047 ἅπαντα·

134 4086 229 4135 καὶ
258 4083 341 4144 ὡς
373 4081 461 4133 διὰ
510 4081 666 4133 τοῦτο
697 4082 888 4144 πείσας
935 4083 994 4133 τὸ
1044 4084 1280 4151 ὑπήκοον
1314 4084 1407 4135 ἀπ’
1440 4085 1709 4155 Εὐρώπης

132 4176 396 4242 διαϐῆναι
440 4173 530 4224 τὸν
586 4174 972 4244 Ἑλλήσποντον
1025 4175 1162 4243 ὑπὲρ
1207 4175 1420 4228 Μυσίαν
1470 4176 1637 4245 ῷκισε
1663 4180 1707 4238 ³,

130 4266 365 4335 Φρύγας
412 4265 532 4318 ἀντ)⁸
578 4265 792 4333 Βριγῶν
835 4264 1003 4334 βραχύ
1038 4282 1091 4318 τι
1139 4268 1577 4338 παραλλαγείσης
1609 4269 1710 4337 τῆς

134 4338 345 4421 λέξεως
397 4357 920 4425 μετονομασθέντας.
976 4362 1147 4421 Μίδας
1196 4361 1251 4411 δὲ
1298 4361 1523 4423 πολλοὺς
1572 4362 1708 4430 ἔχων

132 4448 589 4515 ἀπαγγέλλοντας
610 4448 759 4516 αύτῴ
778 4450 847 4500 τὰ
868 4450 967 4502 ὅσα
986 4452 1201 4519 ἐλέγετό
1220 4469 1278 4504 τε
1296 4454 1389 4505 καὶ
1411 4454 1709 4523 ἐπράττετο

133 4542 249 4600 τοῖς
285 4540 575 4606 ὑπηκόοις,
625 4540 720 4592 καὶ
748 4540 835 4592 διά
866 4540 1023 4593 τοῦτο
1064 4543 1124 4594 ἐν
1165 4542 1244 4611 τῷ
1276 4543 1709 4614 ἀνεπιδουλεύτῳ

131 4632 229 4703 τὴν
256 4630 544 4699 βασιλείαν
574 4632 712 4698 έχων
736 4631 829 4683 καὶ
852 4634 931 4692 είς
956 4636 1130 4701 γῆρας
1157 4634 1345 4696 ἐλθὼν,
1384 4640 1568 4704 μακρά
1592 4632 1707 4691 ὦτα
1738 4676 1786 4735 D

130 4720 278 4789 ἔχειν
320 4721 538 4788 ἐλέχθη,
575 4723 669 4773 καὶ
702 4724 820 4775 κατ’
858 4724 1034 4789 ὀλίγον
1068 4727 1099 4795 ή
1139 4728 1296 4796 φήμη
1347 4728 1469 4781 δνου
1499 4723 1611 4783 ὦτα
1639 4730 1708 4783 τὰ

133 4814 329 4879 μακρὰ
373 4814 672 4879 μετεποίει,
709 4814 802 4866 καὶ
834 4815 939 4865 ἀπὸ
964 4814 1059 4868 τοῦ
1106 4818 1318 4885 σκῶψαι
1349 4820 1446 4890 τὴν
1480 4823 1652 4891 ἀρχὴν
1677 4824 1706 4874 ὁ

129 4904 289 4972 λόγος
330 4904 493 4972 ἔργον
520 4901 657 4957 εἶναι
690 4906 1002 4976 ἐπιστεύθη.

1814 3715 1879 3765 ad
1919 3728 2079 3783 quem
2112 3724 2349 3769 montem
2399 3732 2532 3787 gens
2579 3720 2668 3772 illa
2714 3719 3029 3789 frequenter
3076 3725 3377 3791 habitabat,

1811 3816 1865 3857 et
1891 3808 2163 3873 quomodo
2191 3807 2301 3877 (48)
2329 3812 2613 3864 adductum
2646 3813 2716 3866 sit
2757 3814 2886 3869 illud
2929 3817 3177 3873 animans
3224 3836 3381 3889 pere-

1813 3900 1962 3961 grina
1990 3904 2043 3949 et
2074 3898 2331 3952 inusitata
2351 3900 2548 3965 forma,
2585 3918 2706 3958 cum
2756 3914 2929 3960 tamen
2974 3908 3260 3964 humanam
3294 3929 3381 3966 na-

1814 3997 1990 4039 turain
2022 3999 2185 4057 atque
2207 3992 2437 4047 indolem
2472 3993 2717 4049 referret.
2743 3994 3022 4061 Quomodo
3050 4002 3212 4056 etiam
3263 4022 3380 4058 uiii-

1813 4080 1919 4143 nia,
1952 4094 2072 4147 qua}
2101 4096 2199 4147 pro
2226 4083 2364 4137 cibis
2381 4086 2809 4153 apponebantur,
2846 4089 2896 4141 in
2940 4105 3131 4145 aurum
3162 4094 3233 4146 illi
3270 4096 3380 4149 sint

1811 4185 2071 4225 conversa
2102 4174 2236 4242 (49).
2272 4185 2435 4243 utque
2492 4192 2588 4246 per
2616 4180 2717 4231 hoc
2745 4183 3018 4247 persuasis
3055 4186 3285 4239 subditis
3310 4205 3375 4241 ex

1810 4261 2024 4331 Europa
2058 4264 2113 4317 in
2169 4265 2575 4334 Hellespontum
2634 4272 2900 4338 trajicere,
2965 4274 3103 4329 ultra
3152 4276 3374 4347 Mysiam

1810 4354 2117 4420 incoluerit,
2159 4356 2459 4426 Phrygibus
2486 4374 2584 4427 pro
2614 4361 2863 4429 Brigibus
2887 4366 3001 4433 (50)
3034 4383 3194 4433 parva
3232 4373 3377 4425 vocis

1810 4446 2185 4501 immutatione
2234 4450 2347 4504 suis
2390 4452 2692 4519 appellatis.
2756 4451 2922 4509 Porro
2986 4455 3179 4521 Midas,
3232 4465 3375 4527 quod

1808 4536 2005 4589 multos
2036 4538 2149 4607 (51)
2179 4541 2404 4595 haberet
2456 4544 2818 4599 internuntios
2850 4562 3036 4601 eorum
3061 4564 3177 4617 quae
3201 4561 3255 4605 et
3294 4553 3375 4605 di-

1816 4642 2085 4684 cerentur
2106 4646 2134 4684 a
2160 4634 2389 4688 subditis
2416 4645 2470 4687 et
2495 4648 2832 4704 gererentur,
2855 4648 3016 4707 atque
3048 4644 3118 4692 ita
3140 4654 3282 4697 tutus
3308 4650 3376 4697 ab

1813 4722 2023 4776 insidiis
2088 4739 2257 4793 usque
2314 4725 2367 4779 in
2418 4737 2717 4781 extremam
2800 4740 3015 4784 :etatem
3080 4734 3364 4801 imperium

1814 4814 2247 4881 administraret,
2273 4816 2461 4883 longas
2487 4819 2603 4889 (52)
2640 4821 2836 4875 habere
2864 4838 3023 4877 aures
3065 4824 3256 4896 131a
3290 4828 3374 4879 di-

1812 4917 1936 4960 ctus
1978 4920 2108 4961 est:
2160 4924 2294 4977 quas
2343 4913 2505 4965 etiam
2554 4912 2810 4979 paulatim
2855 4913 2995 4968 fama
3026 4916 3079 4969 in
3138 4918 3373 4970 asininas

1806 5000 2184 5053 commutavit.
2217 4998 2291 5052 lta
2328 5000 2498 5068 ejoco
2552 5002 2704 5055 initio
2752 5016 2987 5071 sumpto,
3037 5021 3220 5059 verum
3253 5022 3372 5061 esse

1808 5097 2208 5165 tandem,quod
2241 5096 2549 5157 dicebatur,
2574 5098 2834 5150 creditum
2865 5105 2967 5151 est.

1468 5188 1703 5247 VARle
1737 5191 2145 5249 LECTIONES.

198 5277 221 5304 ⁵
249 5269 436 5340 παρὰ)
467 5269 755 5353 Ιίὺιλίυπερί.
795 5272 1073 5353 ξδικάζειν
1093 5272 1153 5325 C.
1223 5278 1513 5353 ξπάγιονϐ
1538 5301 1549 5335 :
1582 5285 1847 5352 πανάγιον
1865 5301 1925 5347 ς.
1988 5282 2241 5351 ¹¹Σιληνὸςς
2262 5281 2410 5353 παρὰ
2431 5298 2491 5346 ς.
2525 5280 2745 5353 βρέμιον
2765 5286 2801 5335 Δ
2823 5284 3075 5353 εΒριμίου
3109 5303 3166 5349 ς.
3234 5288 3253 5317 ⁸
3280 5291 3369 5341 καὶ

126 5346 195 5398 τὰ
228 5373 308 5384 —
342 5339 751 5411 παρατιθέμενα
782 5346 823 5394 Α
852 5362 865 5393 :
899 5345 967 5394 τα
992 5373 1061 5383 -
1082 5339 1439 5416 παραθέμενα
1473 5368 1531 5413 ς.
1610 5355 1629 5383 ⁹
1654 5339 1819 5423 ῷκὶσε
1851 5339 2096 5407 Κυηηίυδ
2124 5339 2149 5406 ι’
2201 5339 2321 5408 libri

2356 5353 2475 5426 ᾢκῃ
2483 5370 2562 5407 σε.

1615 5441 1850 5497 NOTAE.

196 5527 320 5596 (48)
360 5526 692 5597 colloquium
742 5528 1002 5596 quoddam
1030 5528 1195 5583 Sileni
1230 5547 1349 5584 cum
1382 5532 1540 5597 Mida,
1568 5549 1698 5587 con-

125 5595 314 5677 fictum
345 5612 375 5649 a
414 5595 1099 5677 Theopouipoinexscripsit
1121 5599 1321 5677 Elian.
1347 5602 1437 5656 lib.
1455 5595 1534 5677 iit
1568 5602 1694 5657 Var.

124 5667 258 5720 Hist.
292 5681 417 5734 cap.
448 5666 534 5720 18.
556 5666 711 5735 Capti
731 5666 897 5721 Sileni
927 5670 1168 5723 meminit
1193 5682 1247 5725 et
1274 5671 1484 5725 Tuscul.
1518 5688 1554 5735 ι,
1581 5684 1694 5728 ext.

183 5738 303 5806 (49)
328 5738 469 5789 Max.
503 5735 696 5806 Tyrius
722 5748 861 5791 orat.
899 5738 985 5791 3|.
1022 5737 1243 5793 Lucian.
1273 5741 1326 5793 in
1361 5740 1527 5795 Votis.
1571 5740 1697 5793 Plii-

121 5794 332 5861 lris‘tra't.
364 5806 458 5859 lib.
492 5823 505 5859 ι
536 5794 707 5876 lmeg.
735 5808 963 5872 adaqia;
995 5809 1150 5863 Ovid.
1181 5794 1456 5865 "clamor.
1503 5812 1595 5865 lib.
1631 5827 1689 5865 it.

1880 5534 1991 5604 (50)
2023 5532 2216 5588 llerod.
2286 5534 2379 5589 lib.
2423 5551 2493 5589 νη
2527 5553 2541 5599 ;
2579 5535 2792 5600 Strabo,
2824 5536 2919 5591 lib.
2973 5554 3151 5595 Lxxvn
3185 5559 3200 5604 ;
3248 5541 3361 5597 Cic-

1807 5603 1895 5658 Der
1922 5612 2058 5657 orat.
2095 5604 2352 5672 Stephan.

1875 5674 1987 5749 (51)
2008 5674 2138 5749 Vide
2158 5672 2453 5749 Suid.voce
2477 5674 2671 5739 Midas,
2708 5686 2758 5730 et
2796 5676 2867 5731 ibi
2888 5677 3081 5735 multas
3121 5681 3275 5749 hujus
3300 5679 3367 5736 de

1806 5742 2026 5797 auribus
2054 5742 2211 5796 famae
2235 5746 2537 5811 Opiniones.

1868 5812 1982 5882 (52)
2015 5811 2235 5869 Lucian.
2259 5815 2332 5870 lle
2365 5830 2467 5869 non
2499 5818 2637 5870 cred.
2668 5816 2895 5869 column.
