4224 6446
820 409 917 474 547

1937 395 2191 457 POOTI-I
2222 394 2719 456 PATRIARCDA‘I
2759 396 2864 455 CP.

3944 396 4039 457 548

883 521 1068 575 Altera
1099 515 1341 570 narratio
1370 514 1435 566 de
1487 510 1710 581 Byblide
1745 508 2067 563 instituitur.
2103 508 2233 559 Filia
2267 507 2379 575 (55)
2411 512 2455 565 Α

2371 512 2379 564 )
2411 512 2455 565 Α
2553 508 2811 575 Δεύτερον
2848 509 2916 561 τὰ
2962 510 3090 579 περὶ
3137 508 3406 572 Βυϐλίδοῖ,
3435 510 3508 573 ὼς
3544 513 3669 573 παῖς
3694 508 3763 580 ἦν
3796 513 4039 581 Μιλήτῳ,

817 617 926 666 haec
945 610 1041 662 fuit
1067 609 1253 671 Mileti,
1281 607 1502 658 fratrem
1532 605 1735 657 habens
1763 602 2022 655 Caunum.
2054 600 2373 653 Habitarunt

814 716 942 755 vero
977 700 1215 753 Miletum
1249 697 1361 764 (54)
1391 696 1532 747 Asia:
1555 694 1687 761 (55),
1714 708 1875 761 quam
1902 702 2023 758 post
2053 692 2265 756 quidem
2287 688 2371 740 lo-

815 807 911 846 nes
944 792 1040 853 illi,
1081 789 1172 858 qui
1201 786 1433 841 Athenis
1456 801 1576 838 cum
1609 782 1771 835 Neleo
1800 782 1911 848 (56)
1942 781 2161 848 profecti
2193 790 2369 841 erant,

815 892 1127 943 tenuerunt,
1175 890 1301 932 tunc
1346 890 1520 929 autem
1551 876 1716 929 Cares
1743 874 1853 943 (57)
1894 889 2008 925 eam
2042 871 2371 931 incolebant,

814 977 1043 1045 populus
1073 974 1344 1039 frequens,
1380 984 1444 1022 ac
1480 969 1695 1021 vicatim
1727 966 1995 1019 habitans.
2024 964 2239 1017 Caunus
2262 964 2373 1031 (58)

815 1066 903 1119 hic
922 1062 1200 1130 impotenti
1222 1069 1499 1125 correptus
1525 1072 1708 1109 amore
1742 1055 1980 1124 Byblidis
2002 1060 2225 1115 sororis,
2252 1067 2371 1106 cum

812 1171 873 1209 ea
902 1153 1061 1221 potiri
1098 1167 1201 1203 non
1244 1160 1449 1218 posset,
1493 1149 1654 1199 multa
1686 1147 1815 1198 licet
1862 1145 2137 1206 movisset,
2175 1154 2372 1195 terram

815 1246 961 1299 illam
1017 1242 1279 1297 deseruit.
1316 1240 1414 1304 Qui
1473 1240 1559 1291 tibi
1592 1254 1696 1290 non
1749 1236 2073 1303 comparuit,
2099 1235 2374 1288 doloribus

813 1336 1062 1407 plurimis
1096 1333 1286 1387 affecta
1336 1330 1539 1399 Byblis,
1568 1340 1845 1395 paternam
1880 1338 1933 1379 et
1966 1327 2132 1395 ipsam
2158 1328 2372 1379 domum

819 1428 1061 1495 reliquit,
1095 1434 1149 1479 et
1170 1440 1262 1491 per
1281 1424 1493 1475 deserta
1528 1422 1616 1471 diu
1652 1422 1932 1478 oberrans,
1963 1428 2120 1484 atque
2156 1418 2223 1469 ob
2265 1414 2376 1467 fru-

813 1532 1015 1576 stratos
1039 1534 1251 1572 amores
1277 1518 1456 1568 animo
1492 1515 1682 1575 fracta,
1723 1528 1861 1565 nexo
1890 1512 1953 1563 de
1991 1526 2121 1564 zona
2159 1510 2373 1576 laqueo,

812 1629 879 1666 ex
912 1626 1048 1666 nuce
1076 1611 1305 1678 seipsam
1332 1608 1628 1674 suspendit.
1655 1607 1782 1659 lude
1825 1604 1984 1657 ﬂente
2012 1604 2094 1655 illa
2128 1604 2378 1670 lacrymze

812 1704 1107 1762 ﬂuxerunt,
1136 1699 1361 1766 fonsque
1394 1699 1519 1750 hinc
1556 1706 1766 1755 enatus,
1801 1710 1958 1762 quem
1994 1694 2213 1763 Byblida
2239 1693 2377 1744 indi-

814 1810 964 1864 genae
1010 1794 1309 1846 nominant.
1344 1789 1560 1843 Caunus
1610 1791 1722 1856 ipse
1755 1804 1919 1856 vagus
1952 1789 2163 1839 interim
2224 1787 2379 1840 ober-

2479 602 2731 669 ἐχουσαίο
2760 601 2817 663 ἐξ
2858 601 3027 669 αὐτῆς
3059 602 3285 668 ἀδελφὸν
3319 603 3756 671 Καῦνον.’ῼκουν
3785 606 3841 655 δε
3877 607 4045 673 Μίλη-

2478 708 2567 741 τον
2592 692 2689 754 τῆς
2728 691 2944 754 Ἄσίας,
2983 692 3047 760 ἢν
3081 690 3304 758 ὕστερον
3341 692 3437 759 μὲν
3463 692 3644 752 Ἴωνες
3679 694 3772 742 καὶ
3794 693 3832 720 ¹¹
3860 692 3913 742 οἱ
3947 693 4047 741 ἀπ’

2492 784 2730 852 Ἀθηνῶν
2779 786 2915 851 μετὰ
2961 786 3181 853 Νηλέως
3226 785 3556 854 ὁρμηθέντες
3585 786 3826 854 ᾤκησαν,
3861 787 3987 835 τότε
4008 786 4045 815 ¹¹

2478 876 2522 928 δ’
2553 877 2805 943 ἐνέμοντο
2855 876 3054 943 Κᾶρες,
3090 875 3240 935 ἔθνος
3290 875 3416 945 [⁸2Ξο
3455 874 3546 944 Η.]
3598 876 3763 942 μέγα,
3797 875 4047 943 κωμηδὸν

2478 967 2767 1026 οἰκοῦντες.
2812 966 3011 1036 Καύνῳ
3056 966 3255 1035 δ’ἒρως
3309 966 3576 1035 ἐγείρεται
3626 967 3907 1035 ἀμήχανος
3953 968 4047 1033 τῆς

2480 1058 2711 1126 ἀδελφῆς
2744 1057 2997 1117 Βυϐλίδος
3020 1075 3032 1087 ·
3065 1059 3139 1119 ὠς
3168 1058 3210 1110 δ’
3234 1057 3576 1126 ἀπετύγχανε
3607 1057 3771 1108 πολλὰ
3797 1058 4044 1124 κινήσας,

2480 1148 2643 1211 ἔξεισι
2697 1149 2795 1217 τῆς
2845 1152 2947 1217 γῆς
2996 1150 3231 1216 ἐκείνης.
3286 1151 3391 1202 Καὶ
3436 1151 3839 1217 ἀφανισθέντος,
3872 1152 4051 1220 μυρίῳ

2478 1248 2599 1313 ἄχει
2643 1244 2985 1311 κατεχομένη
3030 1245 3062 1311 ἡ
3116 1242 3309 1303 Βυϐλὶς
3342 1242 3583 1294 ἐκλείπει
3631 1244 3724 1294 καὶ
3769 1244 3908 1307 αὑτὴ
3956 1244 4051 1309 τὴν

2481 1337 2735 1406 πατρῴαν
2785 1338 2984 1397 οἰκίαν,
3014 1335 3108 1385 καὶ
3160 1332 3359 1401 πολλὴν
3408 1334 3643 1402 ἐρημίαν
3694 1334 4049 1400 πλανηθεῖσα.

2481 1433 2575 1484 καὶ
2604 1431 2738 1499 πρὸς
2764 1431 2887 1490 τοὺς
2919 1425 3124 1485 ἀτελεῖς
3160 1424 3378 1492 ίμέρους
3401 1424 3835 1493 ἀπαγορεύουσα,
3858 1425 4049 1492 βρόχον

2482 1525 2581 1593 τὴν
2611 1521 2786 1587 ζώνην
2829 1520 2971 1581 τινὸς
3011 1518 3221 1587 καρύας
3256 1517 3549 1582 καθάψασα
3577 1517 3775 1586 ἑαυτήν
3809 1517 4050 1583 ἀνήρτη-

2484 1630 2611 1666 σεν·
2658 1612 2784 1664 ἔνθα
2825 1611 2953 1679 δὴ¹³
3002 1612 3291 1677 κλαιούσης
3337 1608 3503 1675 αὐτῆς
3544 1607 3713 1676 ὲρῤύη
3746 1606 3812 1658 τά
3841 1607 4051 1674 δάκρυα

2484 1702 2577 1753 καὶ
2611 1702 2815 1770 κρήνην
2861 1701 3050 1766 ἀνῆκε,
3080 1699 3309 1751 Βυϐλίδα
3361 1700 3470 1759 τοῖς
3519 1698 3831 1765 ἐπιχωρίοις
3856 1697 4049 1763 ὖνομα.

2486 1793 2697 1851 Καῦνος
2742 1791 2862 1843 δὲ¹δ
2910 1790 3256 1855 πλανώμενος
3303 1790 3383 1850 είς
3433 1789 3629 1839 Λυκίαν
3678 1788 3909 1854 φθάνει,
3960 1788 4055 1838 καὶ

815 1862 963 1947 rans,
986 1886 1035 1937 in
1063 1884 1280 1953 Lyciam
1311 1883 1523 1935 tandem
1567 1881 1832 1948 pervenit.
1867 1880 1997 1931 Huic
2029 1878 2127 1947 ipsi
2150 1877 2378 1940 Pronoe,
2412 1862 2483 1917 Βι

2412 1862 2453 1917 Β
2479 1883 2655 1950 τούτῳ
2690 1883 2895 1951 Προνόη
2931 1881 3088 1949 (Ναῒς
3121 1881 3165 1932 δ’
3192 1876 3259 1947 ἦν
3290 1880 3458 1947 αῦτη)
3494 1878 3732 1932 άναδῦσα
3762 1877 3857 1931 τοῦ
3886 1895 4056 1930 ποτα-

814 1993 919 2030 una
970 1986 1023 2029 et
1066 1976 1382 2037 Naiadibus,
1434 1972 1655 2025 ﬂumine
1708 1986 2008 2040 emergens.
2042 1967 2381 2047 qnzeByblidi

815 2062 1148 2115 accidissent
1186 2068 1392 2123 narrat,
1448 2069 1612 2125 utque
1654 2073 1835 2111 amore
1902 2058 1971 2109 sit
1998 2067 2181 2111 coacta
2224 2057 2379 2110 mori.

816 2154 1020 2209 Suadet
1052 2155 1270 2221 insuper
1303 2152 1402 2205 sibi
1438 2161 1496 2204 ut
1523 2152 1792 2204 connubio
1818 2151 2092 2219 jungatur,
2135 2164 2240 2218 quo
2266 2148 2382 2214 ejus

814 2261 925 2298 ora:
962 2260 1186 2312 regnum
1247 2250 1495 2309 occupet,
1528 2241 1669 2310 quod
1739 2241 1790 2292 in
1822 2242 1951 2304 Qeam
1983 2240 2092 2308 jam
2133 2238 2382 2292 collatum

818 2335 1015 2387 fuerat.
1052 2335 1126 2387 Ita
1173 2333 1389 2387 Caunus
1420 2347 1449 2385 e
1492 2331 1700 2384 l’ronoe
1739 2330 2007 2399 Egialuin
2033 2330 2265 2391 sustulit,
2292 2331 2384 2397 qui

815 2434 871 2481 et
900 2427 1014 2496 ipse
1038 2440 1287 2494 regnum,
1326 2433 1478 2491 patre
1511 2422 1787 2486 defuncto,
1824 2423 1993 2474 tenuit
2022 2420 2385 2487 :collectoque

818 2518 1015 2587 pepulo
1046 2518 1276 2585 Sparsim
1310 2516 1612 2581 habitante,
1658 2516 1844 2567 urbem
1906 2511 2109 2565 ﬂumini
2163 2511 2386 2580 imposi-

820 2621 927 2662 tam
962 2608 1320 2662 exaedificavit
1361 2622 1606 2675 magnam
1647 2616 1806 2673 atque
1852 2604 2180 2673 opulentam,
2225 2619 2385 2673 quam

819 2701 884 2753 de
908 2701 1077 2767 patris
1118 2701 1329 2751 nomine
1362 2697 1605 2749 Caunum
1641 2697 1751 2763 (59)
1785 2696 2093 2764 appellavit.

888 2790 1071 2844 Tertia
1104 2809 1117 2843 :
1154 2791 1231 2843 Ad
1261 2788 1466 2842 Ionium
1505 2804 1650 2841 mare
1678 2789 1899 2842 Scheria
1929 2788 2099 2841 insula
2131 2803 2235 2839 non
2264 2800 2389 2854 pro-

819 2883 904 2936 cul
961 2883 1028 2934 ab
1076 2881 1233 2949 Epiro
1281 2889 1332 2932 et
1382 2878 1669 2933 Cerauniis
1721 2880 1992 2932 montibus
2036 2879 2139 2932 sita
2170 2878 2386 2931 dicitur.

822 2974 944 3027 Haec
978 2974 1228 3027 Phaeacas
1256 2972 1463 3025 incolas
1494 2972 1680 3029 lenuit.
1703 2970 1793 3037 qui
1828 2970 1978 3022 initio
2006 2970 2221 3033 quidem
2254 2969 2391 3020 indi-

819 3080 968 3135 gena“:
988 3064 1225 3126 fuerunt,
1246 3063 1495 3130 imposito
1509 3063 1632 3115 huic
1649 3060 1851 3114 nationi
1872 3061 2087 3112 nomine
2105 3074 2132 3111 a
2158 3059 2386 3126 quodam

2486 1974 2585 2042 μοῦ
2614 1975 2682 2027 τά
2719 1990 2777 2025 τε
2807 1972 3189 2040 συνενεχθέντα
3216 1974 3282 2039 τῇ
3315 1970 3529 2021 Βυϐλίδι
3561 1970 3739 2035 λέγει,
3769 1970 3845 2031 ὠς
3887 1970 4057 2036 ἐχρή-

2485 2084 2611 2118 σατο
2646 2065 2688 2095 ¹⁵
2735 2065 2893 2133 ἔρωτι
2942 2064 3188 2130 δικαστῇ,
3237 2063 3326 2113 καὶ
3372 2060 3545 2112 πείθει
3591 2061 3751 2112 αὑτὸν
3797 2060 3934 2129 αὐτῇ
3964 2063 4059 2115 ἐπὶ

2484 2160 2618 2228 τῷ¹⁶
2646 2158 2742 2225 τῆς
2774 2157 2956 2226 χώρας
2984 2156 3166 2207 λαϐεῖν
3210 2156 3309 2221 τὴν
3356 2153 3629 2221 βασιλείαν
3662 2154 3777 2221 (καὶ
3821 2155 3933 2222 γάρ
3978 2157 4062 2215 είς

2485 2251 2650 2319 αὐτὴν
2677 2251 2901 2317 ἀνῆπτο)
2939 2248 3269 2314 συνοικῆσαι.
3299 2245 3427 2316 [425
3463 2247 3555 2316 IL]
3585 2247 3642 2299 '0
3669 2246 3724 2299 δὲ
3760 2246 3974 2308 Καῦνος
3997 2248 4061 2297 ὲκ

2485 2344 2585 2411 τῆς
2616 2342 2854 2411 Προνόης
2883 2340 3057 2392 τίκτει
3086 2339 3360 2405 Αίγιαλδν,
3393 2340 3452 2403 ὃς
3480 2340 3575 2390 καὶ
3607 2337 3938 2405 παραλαϐὼν
3960 2338 4064 2405 τὴν

2489 2431 2783 2501 βασιλείαν,
2812 2431 2933 2482 ἐπεὶ
2961 2432 2989 2481 ὁ
3021 2428 3200 2497 πατὴρ
3230 2428 3597 2499 ἐτελεύτησεν,
3630 2428 3849 2498 ήθροισέ
3881 2445 3943 2478 τε
3968 2428 4064 2478 τὸν

2488 2522 2612 2573 λαὸν
2662 2521 2934 2589 σποράδην
2979 2519 3229 2571 οἰκοῦντα
3263 2520 3357 2570 καὶ
3390 2519 3540 2570 πόλιν
3588 2518 3796 2570 ἔκτισεν
3841 2518 3937 2568 ἐπὶ
3985 2516 4067 2583 τῷ

2489 2613 2716 2682 ποταμῷ
2746 2612 2987 2681 μεγάλην
3013 2612 3107 2663 καὶ
3134 2609 3446 2678 εὐδαίμονα,
3476 2609 3680 2662 Καῦνον
3706 2610 3815 2662 ἀπὸ
3840 2609 3936 2661 τοῦ
3959 2628 4065 2661 πα-

2498 2703 2612 2770 τρὸς
2642 2701 2999 2769 ἐπονομάσας.

2560 2792 2753 2859 Τρίτον
2777 2793 2838 2851 ¹⁷,
2862 2793 2893 2861 ἡ
2921 2791 3070 2859 παρά
3098 2791 3188 2843 τὸν
3223 2791 3405 2844 Ἰόνιον
3435 2790 3629 2845 πόντον
3654 2791 3852 2859 Σχερία
3875 2791 4063 2858 νῆσος,

2489 2885 2585 2949 οὐχ
2633 2882 2763 2943 ἑκὰς
2810 2879 2942 2935 οὖσα
2987 2885 3083 2951 τῆς
3128 2882 3354 2951 ἠπείρου
3402 2881 3497 2934 καὶ
3544 2882 3651 2934 τῶν
3680 2882 4065 2951 Κεραυνίων¹⁸

2491 2975 2651 3043 ὀρῶν.
2690 2973 2834 3041 Αὕτη
2884 2973 3122 3033 Φαίακας
3155 2972 3310 3041 ἔσχεν
3355 2973 3644 3040 οἰκήτορας
3679 2971 3739 3023 τὸ
3772 2972 4063 3041 πρότερον,

2493 3065 2837 3131 αᾶτόχθονας,
2870 3062 3020 3124 ἔθνος
3065 3062 3225 3130 λαχὸν
3275 3063 3373 3131 τὴν
3416 3062 3730 3130 ἐπωνυμίαν
3770 3063 3879 3114 ἀπό
3918 3080 4067 3123 τινος

819 3156 939 3224 ejus
992 3153 1227 3222 regiOuis
1286 3167 1432 3217 rege,
1468 3152 1635 3206 donec
1681 3161 1802 3219 post
1839 3149 2236 3202 Corinthiorum
2278 3147 2389 3208 (60)
2420 3197 2460 3225 ρ

2420 3197 2460 3225 ρ
2495 3158 2601 3208 τῶν
2644 3156 2951 3224 ἐπιχωρίων
3002 3155 3300 3224 βασιλέως’
3352 3155 3574 3225 ὓστερον
3622 3155 3665 3207 δ’
3710 3154 4066 3223 ἐπῴκησενυ

822 3262 945 3315 pars
960 3261 1023 3300 eo
1040 3245 1412 3313 commigravit
1430 3257 1732 3311 nomenque
1755 3242 1947 3295 exinde
1968 3239 2318 3294 commulavit
2339 3249 2396 3291 ut
2423 3239 2461 3251 “

2423 3239 2461 3251 ν
2499 3248 2667 3317 αὐτὴν
2696 3250 2857 3315 μοῖρα
2885 3248 3205 3316 Κορινθίων,
3239 3247 3333 3300 καὶ
3361 3248 3422 3299 τό
3450 3264 3508 3299 τε
3533 3247 3699 3314 ὄνομα
3729 3248 3807 3308 είς
3843 3247 4065 3315 Κέρκυ-

822 3340 1055 3409 Corcyra
1093 3337 1203 3406 (6|)
1225 3338 1514 3399 diceretur,
1550 3334 1791 3403 quaa(62)
1822 3343 1875 3385 et
1902 3333 2064 3385 maris
2087 3334 2280 3385 ibidem
2303 3334 2401 3385 im-

823 3432 1025 3499 perium
1074 3430 1276 3485 habuit.
1312 3428 1534 3483 Phreace
1565 3439 1741 3481 autem
1788 3428 1973 3481 insula:
2010 3443 2131 3497 rege
2166 3438 2396 3487 mortuo,

823 3520 976 3575 liberi
1009 3520 1125 3589 ejus
1158 3520 1413 3573 Alcinous
1439 3527 1493 3572 et
1538 3517 1743 3572 Locrus
1770 3519 1910 3572 inter
1958 3534 2014 3572 se
2058 3520 2396 3585 dissidentes,

824 3613 897 3666 ita
931 3613 1141 3665 tandem
1174 3622 1556 3673 convenerunt,
1586 3621 1642 3662 ut
1672 3608 1930 3663 Alcinous
1958 3611 2169 3676 quidem
2189 3610 2397 3662 'Phaea-

824 3704 927 3759 cidi
966 3704 1278 3770 imperaret,
1324 3700 1530 3755 Locrus
1566 3716 1697 3755 vero
1732 3704 1999 3769 pretiosas
2046 3716 2174 3768 opes
2228 3701 2399 3755 mobi-

826 3810 930 3867 les,
976 3802 1294 3861 partemque
1325 3789 1508 3857 populi
1546 3789 1817 3851 auferens,
1847 3789 2064 3854 regione
2089 3790 2390 3842 excederet.

825 3883 880 3937 lu
916 3882 1118 3935 Italiam
1152 3880 1315 3947 igitur
1346 3878 1437 3931 hic
1465 3878 1815 3945 adnavigans,
1840 3890 1886 3929 .a
1916 3874 2111 3930 Latino
2144 3877 2398 3931 Italorum

833 3988 957 4039 rege
982 3971 1213 4039 hospitio
1248 3977 1500 4036 acceptus
1537 3977 1641 4029 est,
1676 3968 1765 4036 qui
1801 3967 1963 4019 filiam
2000 3982 2212 4035 quoque
2245 3982 2395 4020 suam

829 4062 1113 4115 Laurinam
1170 4060 1342 4115 eidem
1402 4058 1587 4124 nuptui
1640 4057 1804 4111 dedit.
1832 4057 2017 4125 131!)
2065 4056 2179 4122 Qua
2232 4058 2396 4110 etiam

829 4169 891 4205 ex
922 4167 1083 4206 causa
1114 4150 1362 4204 Phaeaces
1424 4148 1634 4202 Italicos
1681 4148 1841 4201 hosce
1884 4146 2182 4201 Locrenses
2213 4147 2265 4199 in
2301 4161 2396 4199 co-

829 4253 1020 4312 gnatos
1048 4242 1374 4296 asciverunt.
1402 4238 1610 4292 Accidit
1640 4239 1831 4291 deinde
1852 4249 1909 4290 ut
1934 4236 2187 4289 Hercules
2208 4237 2393 4290 eadem

831 4343 1147 4401 tempestate
1191 4332 1468 4399 elegantes
1513 4327 1773 4398 Geryonis
1832 4326 1995 4381 boves
2055 4341 2120 4380 ex
2175 4328 2394 4397 Erythia

829 4426 1070 4493 abigens,
1104 4423 1155 4475 in
1192 4421 1394 4475 Italiam
1428 4419 1724 4480 adveniret,
1751 4426 1912 4485 atque
1938 4432 1967 4470 a
1998 4416 2170 4472 Locro
2204 4418 2395 4471 huma-

2501 3356 2600 3409 ραν
2649 3338 2908 3407 μετέϐαλε
2954 3340 3045 3389 καὶ
3093 3340 3191 3406 τῆς
3240 3339 3369 3407 περὶ
3398 3340 3575 3390 ἐκεῖνα
3599 3338 3874 3405 θαλάσσης
3902 3333 4063 3405 ἦρξε.

2498 3432 2730 3493 Φαίακος
2762 3432 2817 3483 δὲ
2853 3430 2947 3483 τοῦ
2978 3431 3077 3498 τῆς
3105 3432 3268 3499 νήσου
3304 3430 3672 3499 βασιλεύοντος
3698 3431 4066 3499 τελευτήσαν-

2496 3542 2588 3587 τος
2619 3525 2665 3575 οί
2692 3525 2825 3583 υἱεῖς
2859 3522 3134 3584 Ἀλκίνους
3157 3523 3250 3574 καὶ
3275 3524 3480 3591 Λοκρὸς
3510 3523 3897 3583 στασιάσαντες
3939 3540 4067 3573 συν-

2499 3610 2700 3676 έὸησαν
2731 3610 2892 3662 πάλιν
2936 3610 3021 3676 ἐφ’
3050 3602 3093 3676 ᾧ
3130 3609 3430 3678 βασιλεύειν
3462 3612 3560 3679 μὲν
3602 3610 3934 3662 Ἀλκίνουν¹⁶
3964 3614 4065 3679 τῆς

2497 3701 2811 3765 Φαιακίδος,
2856 3701 3061 3770 Λοκρὸν
3088 3703 3143 3753 δὲ
3177 3700 3435 3770 κειμήλια
3463 3703 3557 3753 καὶ
3595 3704 3786 3771 μοῖραν
3827 3701 4065 3753 λαϐόντα

2496 3791 2589 3843 τοῦ
2620 3792 2801 3852 ἔθνους
2829 3791 3205 3855 ἀποικίζεσθαι
3231 3794 3328 3859 τῆς
3355 3790 3566 3861 χώρας’
3597 3790 3654 3851 ὃς
3689 3793 3782 3844 καὶ
3811 3793 3903 3843 ἐπὶ
3926 3793 4065 3844 Ίταο

2496 3881 2618 3943 λίας
2664 3881 2899 3943 πλεύσας
2931 3880 3192 3945 ξενίζεται
3224 3882 3375 3948 παρὰ
3406 3882 3675 3950 Λατίνῳ¹¹
3699 3882 3918 3933 Ἰταλῶν
3965 3882 4063 3948 βα-

2499 3971 2651 4034 σιλεῖ,
2683 3970 2824 4022 δόντι
2871 3971 3007 4039 πρὸς
3046 3970 3222 4038 γάμον
3262 3968 3359 4037 τὴν
3378 3970 3421 4000 ’⁸
3457 3969 3725 4038 θυγατέρα
3757 3971 4057 4038 Λαυρίνην.

2496 4064 2594 4114 Διὰ
2618 4061 2790 4112 ταῦτα
2819 4061 2893 4122 ὼς
2936 4062 3210 4127 συγγενεῖς
3229 4059 3272 4089 ’³
3301 4061 3533 4122 Φαίακες
3570 4062 3811 4129 Λοκροὺς
3844 4063 3969 4119 τοὺς
4004 4065 4063 4112 ἐν

2498 4151 2697 4220 Ἰταλίᾳ
2750 4153 3187 4221 προσεποιοῦντο.
3219 4153 3275 4205 Ὀ
3319 4152 3376 4204 δὲ
3413 4152 3685 4222 Ἡρακλῆς
3733 4155 3854 4204 κατ’
3880 4153 4062 4203 ἐκεῖνο

2496 4243 2686 4313 καιροῦ
2733 4247 2829 4305 τὰς
2875 4245 2968 4296 τοῦ
3015 4244 3284 4313 Γηρυόνου
3343 4245 3679 4312 περικαλλεῖς
3723 4246 3844 4296 ὅσαι
3874 4244 3995 4311 βόες
4014 4244 4059 4273 ³⁸

2493 4332 2659 4395 οὕσας
2693 4334 2750 4397 ἐξ
2778 4334 3053 4403 Ἐρυθείας
3088 4334 3324 4386 ἐλαύνων
3360 4337 3438 4396 είς
3457 4338 3501 4367 ’⁸
3540 4335 3768 4387 Ἰταλίαν
3809 4336 4060 4400 ἀφικνεῖ-

2493 4440 2604 4487 ται,
2633 4424 2723 4475 καὶ
2749 4424 3005 4489 ξενίζεται
3034 4425 3365 4494 φιλοφρόνως
3399 4425 3548 4492 παρὰ
3580 4425 3656 4493 τῷ
3686 4425 3879 4493 Λοκρῷ
3898 4440 3915 4455 ·
3946 4429 3975 4477 ὀ
3997 4427 4054 4478 δὲ

829 4516 970 4569 niter
990 4514 1221 4580 hospitio
1245 4510 1608 4580 exciperetur.
1632 4509 1741 4564 Has
1765 4509 1948 4578 itaque
1972 4508 2197 4563 Latinus
2228 4511 2391 4565 boves
2420 4519 2470 4577 ι)
2494 4558 2497 4566 ι

2387 4515 2718 4577 ιοΛατῖνος
2773 4516 2908 4583 πρὸς
2954 4516 3050 4585 τὴν
3106 4516 3378 4585 θυγατέρα
3432 4515 3599 4568 ἐλθὼν
3647 4518 3739 4569 καὶ
3779 4517 3878 4578 τάς
3924 4516 4055 4585 βοῦς

2128 4622 2359 4675 VARI/E
2386 4623 2790 4681 LECTIONES.

968 4715 1015 4748 ¹⁰
1042 4713 1243 4783 ἔχουσα
1291 4727 1433 4766 corr.
1468 4713 1513 4765 A
1557 4728 1595 4783 ε,
1621 4710 1788 4783 ἔχων,
1821 4727 1882 4775 ς.
1962 4711 2134 4783 ¹¹Ακαὶ
2177 4713 2303 4767 add.
2337 4719 2401 4766 Α.

833 4788 1000 4849 καίς.
1074 4780 1120 4817 η
1148 4784 1222 4845 ὼς
1248 4783 1519 4852 ἐχρήσατο
1573 4780 1733 4850 ἔρωτι
1764 4782 1808 4833 A
1840 4798 1855 4833 :
1881 4783 1975 4834 καὶ
2006 4780 2078 4843 ὼς
2109 4784 2378 4851 ἐχρήσατο
2423 4785 2499 4852 τῷ
2532 4788 2694 4853 ἔρωτι
2716 4807 2770 4850 ς,
2855 4792 2896 4822 ιθ
2920 4792 2995 4841 τῶ
3019 4792 3058 4843 Α
3096 4810 3110 4843 ε
3140 4780 3199 4843 .ξό
3222 4810 3277 4854 ς..

833 4856 967 4907 κατά
999 4854 1252 4907 llevnius.
1287 4854 1357 4905 cf.
1387 4853 1579 4907 νήσους
1603 4853 1699 4907 τὰς
1729 4854 1855 4907 περὶ
1874 4853 1933 4902 τὸ
1958 4852 2177 4907 Αἰγαῖον
2225 4869 2274 4907 D.
2310 4853 2374 4907 Β.
2404 4856 2526 4907 457.
2554 4857 2606 4907 2.
2711 4861 2754 4887 ¹⁸
2790 4847 3133 4907 Κεοαάνείων
3157 4862 3277 4907 (md,

2360 4894 2374 4907 .
2404 4874 2526 4915 ιἸ-ὖί,
2554 4874 2606 4908 Ζ.

831 4856 967 4907 κατά
999 4854 1252 4925 lleynius,
1287 4854 1357 4925 cf.
1383 4853 1579 4925 νήσους
1603 4853 1699 4913 τὰς
1729 4854 1855 4925 περὶ
1869 4853 1933 4925 τὸ
1958 4852 2177 4925 ᾼίγαῖον
2200 4869 2274 4925 _p.

828 4925 1042 4993 ῲκησεν
1071 4920 1150 4993 pr.
1179 4925 1220 4974 A
1256 4920 1582 4991 ιὲπῴκησαν
1614 4938 1672 4983 ς.

830 4996 929 5059 τήν
958 5011 1016 5056 ς.
1099 4994 1141 5025 ³³
1171 4993 1246 5053 ὡς
1302 4989 1604 5059 συγγενεῖς]
1644 5008 1672 5055 μ

1779 4922 1823 4950 ¹⁰
1859 4922 2108 4973 ἀλκίνουν
2148 4922 2244 4988 μέν
2272 4940 2330 4985 ς’.

1532 4938 1697 5005 ξνὶςιι
1779 4926 1823 5005 ²,⁰
1859 4926 2131 5002 ἀλκίνουν,
2148 4926 2244 5005 μέγ
2272 4940 2383 5005 ς’.-ι
2412 4926 2483 5005 κ¹¹
2509 4928 2745 5005 Λακίνιρ-
2768 4926 3007 5005 ριιιςήιξιιιιε
3033 4933 3095 5005 ad
3126 4926 3366 5005 T|i_ucyd_.
3391 4933 3452 5005 5ἱ

1099 4994 1141 5070 ’ξ
1171 4989 1604 5070 ὠςρσὶυγῖενεζς]
1640 4992 1740 5070 μὲν
1780 4990 1855 5050 ὡς
1898 4990 2173 5070 σιζῖγςνῶν
2200 4994 2286 5070 Α.-
2344 4992 2388 5024 ³⁵
2409 4994 2527 5070 ᾆσαι
2551 4989 2845 5070 βὸυεςϊβοῦς
2897 5015 3038 5052 corr.
3067 5002 3129 5053 A.
3155 5000 3225 5053 cf.
3334 5003 3396 5053 li.
3430 5001 3552 5063 968,
3580 5000 3666 5051 42.
3701 4989 3904 5061 πάντας
3934 5001 4053 5051 ὅσοι

2506 4718 2554 4823 ¹;
2599 4719 2718 4770 τότε
2745 4734 2896 4822 corr;25
2927 4719 3106 4823 Α-εΛτὸ
3137 4740 3198 4823 ς’Ξ
3307 4723 3442 4823 “fi;
3468 4722 3589 4823 a‘dd.
3633 4722 3696 4774 Α.
3793 4722 3851 4823 A“
3871 4722 3926 4774 δέ
3961 4725 4003 4775 Α

2716 4807 2770 4850 ς.
2855 4792 2896 4822 ’⁸
2920 4792 2995 4857 τῷ
3019 4792 3058 4843 Δ
3096 4810 3110 4843 :
3140 4793 3199 4843 τό
3222 4810 3277 4854 ς.
3359 4796 3399 4823 "
3426 4793 3605 4859 τρίτον
3644 4806 3751 4843 om.
3788 4792 3850 4843 A.
3876 4794 4051 4861 παρὰ]

2711 4861 2754 4887 ’⁸
2790 4862 3133 4928 Κεραυνείων
3157 4862 3296 4928 ὀρῶν
3320 4863 3534 4925 λέγεται
3564 4862 3702 4927 αὓτη
3733 4877 3791 4921 ς.
3872 4863 3913 4891 ¹⁹
3948 4865 4052 4911 tr.-

3638 4932 3681 4960 “
3711 4931 3808 4997 τήν
3832 4930 3872 4981 Α
3912 4947 3925 4982 :
3957 4934 4053 4981 καὶ

830 5064 1082 5131 τύραννοι
1112 5060 1510 5130 ὑπερϐαλέσθαι
1538 5060 1868 5129 ἱστόρηνται.
1947 5060 1991 5090 ³⁵
2019 5062 2099 5122 είς
2117 5092 2187 5101 -
2211 5060 2570 5135 φιλοφρόνως]
2595 5060 2695 5135 ἦκέ
2722 5060 2787 5120 Ἀ.

2310 5151 2537 5206 ΝΟΤᾸΕ.

898 5246 1361 5384 (ἰωβὲιῶἓιιοᾳυο
1409 5247 1595 5317 Steph.
1646 5248 1872 5317 Byzant.
1934 5245 2015 5301 De
2056 5247 2293 5309 urbibus,
2330 5250 2383 5301 in

831 5330 959 5368 voce
1012 5330 1223 5379 pub).o;.

896 5385 1003 5453 (54)
1047 5386 1121 5438 De
1143 5403 1247 5454 quo
1288 5388 1469 5441 Strab.
1503 5387 1597 5439 lib.
1626 5402 1737 5447 xw,
1767 5386 1940 5439 initio.

896 5454 1006 5523 (55)
1043 5456 1173 5509 Nam
1199 5469 1251 5510 et
1283 5460 1383 5511 alia
1416 5458 1623 5511 Cretica
1663 5456 1778 5518 fuit,
1812 5472 1841 5509 e
1868 5471 1968 5521 qua
1997 5455 2049 5508 in
2074 5454 2212 5509 hanc
2254 5471 2377 5512 cum

832 5527 1037 5579 colonis
1061 5527 1362 5580 traductum
1393 5541 1611 5579 nomen.
1634 5527 1850 5585 Strabo.
1885 5526 2011 5578 ibid.

914 5594 1026 5663 (56)
1060 5595 1192 5650 Vide
1215 5597 1410 5650 Ailian.
1442 5597 1534 5648 lib.
1570 5610 1684 5659 vin,
1719 5612 1835 5663 cap.
1860 5595 1911 5647 5.

904 5664 1015 5730 (57)
1054 5666 1196 5731 Lego
1233 5669 1317 5720 hic
1336 5667 1453 5717 τότε
1472 5665 1548 5717 δέ.

896 5734 1005 5801 (58)
1036 5736 1161 5787 Vide
1193 5736 1426 5791 Caunius
1454 5750 1622 5793 amor,
1652 5733 1787 5800 apud
1827 5731 1976 5787 Suid.
2006 5744 2059 5788 et
2120 5735 2172 5788 in
2217 5733 2381 5799 Δάας.

835 5800 1089 5859 Partlien.
1123 5820 1331 5876 quoque
1371 5805 1647 5874 ἐρωτικῶν
1677 5818 1792 5873 cap.
1821 5819 1879 5857 ιι.

2566 5251 2676 5319 (59)
2722 5251 2799 5305 lta
2836 5269 3048 5321 quoque
3079 5254 3381 5322 Stephanus
3420 5258 3485 5309 de
3511 5255 3625 5308 urb.
3663 5252 3927 5320 simulque
3953 5253 4051 5303 ob-

2488 5333 2643 5394 serva
2677 5323 2747 5375 ibi
2778 5325 2878 5376 dici
2915 5326 3264 5391 refugientem
3296 5326 3533 5377 Caunum
3565 5341 3591 5376 a
3627 5326 3845 5394 Byblide
3884 5324 4051 5375 fuisse

2489 5389 2819 5446 adamatum.
2858 5394 3008 5456 Quod
3043 5389 3091 5448 el
3117 5396 3339 5449 Ovidius
3367 5396 3551 5447 testari
3589 5389 3817 5448 videtur.

2561 5460 2671 5526 (60)
2697 5460 2840 5529 Lege
2868 5463 3049 5517 Strab.
3088 5466 3178 5517 lib.
3215 5480 3285 5517 νι.

2559 5531 2989 5653 (Ιϐιὲοιὲἱιέιῒδορὶ
3033 5534 3139 5587 ﬁlia
3169 5535 3325 5602 hujus
3350 5532 3588 5599 ejusdem
3622 5538 3873 5593 nominis.
3906 5541 4049 5594 Pau-

2486 5614 2604 5653 san.
2648 5614 2885 5655 UOTmHl.

2507 5740 2537 5749 η
2559 5670 2670 5738 (69)
2716 5670 2789 5749 Ita
2826 5687 3038 5749 quoque
3065 5674 3305 5729 Thucvd.
3336 5676 3426 5729 lib.
3470 5690 3505 5738 ι,
3531 5685 3582 5731 ct
3610 5676 3659 5728 in
3686 5676 3941 5748 Excerpt.
3982 5695 4049 5734 ex

2485 5739 2574 5793 lib.
2624 5755 2695 5793 vn
2730 5742 2907 5795 Strab.
