4224 6446
158 383 257 447 553

1169 374 1703 435 BIBLIOTHECA.
1742 397 1812 408 -
1835 372 2000 434 COD.
2038 371 2395 433 CLXXXVI.

3314 366 3418 431 55‘.

157 494 463 563 Σεμίραμις
494 487 634 557 αὕτη
660 486 739 556 τῷ
765 484 864 554 υίῷ
883 484 1061 556 λάθρα
1084 485 1179 539 καὶ
1201 481 1468 550 ἀγνοοῦσα
1495 484 1739 550 μιγεῖσα,
1768 530 1773 539 ,

1895 496 1969 534 em
2004 478 2420 535 Semiramidem
2448 477 2586 531 clam
2639 478 2893 544 primum,
2932 486 2987 530 et
3025 476 3214 547 1326
3264 477 3417 549 igna-

157 584 283 657 [429
314 580 413 654 R.]
439 577 559 634 εἶτα
584 577 809 646 γνοῦσα,
841 575 1008 643 ἄνδρα
1038 578 1095 627 ὲν
1124 574 1204 644 τῷ
1231 570 1450 641 φανερῷ
1480 570 1626 639 ἔσχε,
1652 570 1746 622 καὶ

155 680 209 742 ἐξ
241 676 480 736 ἐκείνου,
514 672 781 742 πρότερον
817 668 1100 737 βδελυκτδν
1130 667 1208 731 ὃν,
1241 665 1447 731 Μήδοις
1484 663 1578 714 καὶ
1606 663 1747 733 Πέρ-

156 786 279 833 σαις
330 768 499 820 καλὸν
554 765 646 817 καὶ
700 763 931 832 νόμιμον
976 760 1121 824 ἔδοξε
1177 757 1416 829 μητράσι
1455 754 1503 786 ⁸⁸
1552 756 1748 825 μίγνυ-

158 864 306 916 σθαι.

238 1041 307 1092 ’11
347 1046 375 1091 ι·
414 1038 471 1090 δὲ
508 1036 582 1097 ὡς
624 1033 793 1085 ΣίΟων
811 1032 854 1062 ⁸⁷
891 1033 919 1083 ὁ
952 1027 1287 1090 Ποσειδῶνος
1336 1026 1429 1079 κα¹ι
1464 1025 1692 1093 Ὄσσης.
1724 1024 1753 1076 6

158 1133 260 1200 τῆς
292 1130 545 1200 Θρᾳκίας
581 1126 928 1196 Χερρονήσου
963 1122 1237 1191 βασιλεὺς,
1272 1120 1435 1188 γεννᾷ
1476 1115 1755 1185 θυγατέρα

161 1227 456 1295 Παλλήνην
504 1226 565 1274 ἐκ
614 1220 913 1287 Μενδηῗδος
967 1218 1226 1287 νύμφης·
1274 1217 1342 1285 ἦν
1376 1214 1586 1266 πολλῶν
1624 1229 1757 1283 μνη-

164 1317 535 1382 στευομένων),
573 1309 733 1364 ἆθλον
774 1310 951 1361 ἔκειτο
996 1307 1073 1377 τῷ
1120 1308 1270 1376 μάχῃ
1306 1307 1642 1374 κρατήσαντι
1671 1305 1758 1355 Σί-

166 1411 337 1469 θωνος
372 1409 465 1458 καὶ
507 1407 603 1475 τὴν
637 1406 804 1471 κόρην
839 1402 981 1469 ἔχειν
1018 1402 1107 1451 καὶ
1140 1400 1238 1468 τὴν
1272 1396 1760 1465 βασιλείαν.Ἀναι-

168 1505 346 1570 ρεῖται
378 1499 471 1550 οὖν
497 1498 636 1565 ὑπὲρ
664 1497 757 1547 τοῦ
780 1494 959 1561 γάμου
990 1490 1222 1544 διαθλῶν
1244 1487 1284 1519 ⁸⁵
1318 1487 1508 1556 Μέροψ
1532 1490 1559 1538 6
1578 1485 1760 1539 Ἀνθε-

171 1596 408 1663 μουσὶας
463 1590 710 1659 βασιλεὺς
757 1587 848 1639 καὶ
881 1586 1195 1655 Περιξρήτης
1229 1584 1256 1634 ὀ
1290 1578 1763 1647 Μυγδονίας.Ἕπ-

169 1705 289 1738 ειτα
308 1685 485 1737 Σίθων
514 1681 685 1751 ὁρίζει
709 1682 781 1749 μὴ
808 1680 947 1748 πρὸς
970 1677 1152 1737 αὐτὸν,
1180 1675 1314 1727 ἀλλὰ
1342 1670 1478 1741 πρὸς
1501 1670 1763 1739 ἀλλήλους

169 1777 538 1845 διαμάχεσθαι
590 1773 717 1832 τοὺς
771 1769 1088 1839 μνηστῆρας
1110 1807 1123 1828 ,
1160 1766 1257 1817 καὶ
1288 1761 1361 1830 τῷ
1390 1762 1673 1826 νικήσαντι
1704 1759 1764 1811 τὸ

172 1867 304 1918 αὐτὸ
356 1861 522 1916 ἆθλον
573 1856 732 1913 εἶναι.
784 1857 1176 1925 Διαγωνίζεται
1227 1853 1405 1905 τοίνυν
1449 1851 1625 1920 Δρύας
1670 1850 1765 1909 κα)⁸
1795 1830 1836 1885 Β

171 1959 373 2019 Elite;
395 1957 462 2017 δ’,
492 1956 585 2005 καὶ
614 1955 800 2005 πίπτει
834 1950 1012 2020 Δρύας
1042 1948 1178 2016 δόλῳ
1208 1946 1513 2016 Παλλήνης.
1544 1936 1618 1996 υἷι
1650 1944 1767 1996 δια-

171 2048 514 2116 γνωσθέντος
567 2046 786 2107 Σίθωνι,
816 2042 1009 2112 ἔμελλε
1054 2041 1213 2107 δίκην
1251 2038 1477 2090 θάνατον
1512 2035 1765 2104 Παλλήνη

170 2144 399 2203 διδόναι,
436 2142 483 2191 εἰ
524 2140 598 2209 μὴ
626 2137 919 2208 Ἀφροδίτη
968 2133 1162 2194 νυκτὸς
1195 2133 1595 2198 ὲπιφοιτήσασα.
1634 2130 1769 2182 πᾶσι

173 2239 285 2297 τοῖς
320 2234 572 2293 πολίταις
622 2232 721 2299 τῆν
770 2229 942 2299 κόρην
990 2228 1211 2297 ἥρπασε
1257 2222 1511 2276 θανάτου.
1550 2222 1771 2275 K1115—

173 2328 541 2396 λευτήσαντος
590 2324 683 2375 τοῦ
738 2323 945 2391 πατρὸς
1001 2319 1252 2388 Παλλήνη
1296 2318 1390 2369 καὶ
1436 2316 1631 2377 Κλῐτος
1674 2316 1770 2384 τὴν

177 2415 465 2485 βασιλείαν
496 2413 803 2482 ἐκδέχονται
823 2411 889 2476 ⁵⁸,
924 2410 1019 2462 καὶ
1048 2409 1143 2461 ἀπ’
1176 2406 1346 2475 αὐτῆς
1377 2407 1410 2475 ἡ
1446 2405 1601 2476 χώρα
1632 2404 1773 2457 Παλ-

176 2512 242 2581 λή
252 2530 317 2579 νη
352 2507 544 2561 ἕλαῦεν
571 2507 762 2575 ὄνομα.

261 2602 328 2653 Ἢ
364 2607 431 2652 ια’
458 2600 525 2652 τὰ
554 2601 681 2667 περὶ
714 2598 815 2666 τῆς
846 2594 1206 2665 Ἡρακλέος⁵¹
1239 2593 1450 2654 Θυσίας,
1479 2592 1544 2661 ἢν
1574 2589 1775 2643 Λίνδιοι

182 2695 326 2765 μετὰ
354 2694 496 2763 ἀρᾶς
526 2691 743 2743 θύουσιν
774 2690 943 2757 αύτῷ,
975 2687 1219 2752 διέξεισι,
1255 2685 1347 2737 καὶ
1375 2684 1451 2745 ὡς
1480 2684 1578 2752 τὴν
1603 2684 1777 2751 ἀρχὴν

180 2790 347 2857 ἔσχεν
393 2785 502 2837 ἀπό
533 2769 675 2845 τινος
708 2783 975 2851 ἀροτῆρος
1006 2780 1254 2841 Λινδίου,
1291 2777 1372 2839 ὃς,
1408 2776 1532 2827 ἐπεὶ
1574 2776 1779 2843 τροφὰς

181 2881 303 2949 ⁴ᾔτει
334 2876 611 2945 Ἡρακλῆς
658 2874 796 2942 ὑπὲρ
827 2872 1024 2924 ’Ὕλλου
1077 2869 1171 2922 τοῦ
1224 2869 1445 2933 παιδὸς,
1477 2868 1536 2919 ὃν
1580 2866 1777 2935 κομιδῇ

183 2974 305 3024 νέον
331 2970 475 3023 κατᾶ
495 2968 593 3037 τὴν
612 2967 728 3018 ὁδὸν
752 2966 1115 3034 συνεπήγετο,
1143 2965 1264 3016 ἀντὶ
1289 2962 1383 3013 τοῦ
1400 2961 1444 2991 ⁵¹
1477 2962 1780 3030 παρασχεῖν

184 3064 282 3116 καὶ
330 3059 720 3131 προσύϐρισεν.
740 3057 1015 3127 Ἡρακλῆς
1064 3056 1121 3107 δὲ
1172 3054 1504 3123 χαλεπήνας,
1534 3054 1632 3103 ἓνα
1673 3052 1782 3103 τῶν

1849 589 1963 627 ram
2005 588 2129 627 cum
2162 572 2271 626 filio
2300 586 2399 625 suo
2428 570 2785 624 concubuisse
2818 585 2833 621 :
2865 570 2956 622 sed
2982 570 3177 623 deinde
3205 572 3419 636 cognita

1848 681 1929 729 re,
1964 666 2065 719 viri
2093 666 2257 719 etiam
2284 663 2400 717 loco
2432 661 2645 731 publice
2703 661 2970 715 habuisse.
3005 660 3080 714 Ex
3118 678 3183 716 eo
3240 664 3423 731 itaque

1851 769 2116 825 tempore,
2146 756 2293 825 quod
2323 755 2475 825 prius
2523 753 2918 809 exsecrandum
2958 753 3281 815 habebatur,
3308 752 3422 805 Me-

1851 851 1934 903 dis
1958 864 2022 903 ae
2046 848 2226 903 Persis
2250 850 2339 918 jus
2371 847 2559 915 fasque
2594 844 3074 911 visum,matribus
3099 844 3243 914 (74")
3273 860 3425 899 coni-

1853 941 2103 995 misceri.

1928 1029 2144 1083 Decima
2166 1030 2402 1081 narratio
2423 1045 2437 1081 :
2457 1026 2634 1081 (Ειιιο
2653 1026 2765 1097 (75)
2782 1024 3011 1094 Neptuni
3030 1035 3079 1079 et
3101 1025 3250 1079 Ossae
3263 1027 3427 1089 filius,

1854 1121 2176 1176 Cherronesi
2206 1120 2451 1175 Thraciae
2475 1135 2591 1183 rex,
2622 1120 2784 1173 ﬁliam
2802 1134 2867 1173 ex
2898 1117 3179 1173 Mendeide
3197 1120 3430 1187 nympha

1858 1215 2073 1269 sustulit
2098 1214 2349 1267 Pallenen
2380 1229 2394 1266 :
2427 1227 2586 1280 quam
2626 1227 2749 1264 cum
2791 1211 2941 1264 multi
2974 1212 3265 1274 ambirent,
3295 1226 3433 1278 pne-

1860 1307 2028 1358 mium
2080 1306 2129 1358 ei
2178 1305 2409 1372 positum
2473 1313 2593 1367 est,
2651 1302 2745 1371 qui
2805 1301 3107 1357 (Bllionem
3150 1301 3434 1370 pugnando

1862 1406 2189 1466 superasset,
2224 1405 2361 1450 utet
2392 1396 2498 1448 lilia
2544 1406 2600 1449 et
2634 1409 2796 1465 regno
2824 1397 3109 1463 potiretur.
3154 1394 3319 1465 Igitur
3347 1394 3433 1445 in-

1864 1488 2073 1543 terfecti
2108 1504 2203 1557 pro
2233 1488 2435 1556 nuptiis
2463 1488 2614 1541 hisce
2644 1497 2936 1551 certantes,
2990 1485 3201 1553 Merops
3237 1487 3439 1538 Anthe-

1866 1585 2071 1645 musiae,
2104 1595 2159 1636 et
2184 1582 2499 1650 Periphetes
2522 1582 2823 1653 Mygdonia:
2852 1598 3027 1649 reges.
3089 1582 3227 1635 [line
3257 1584 3438 1636 decre-

1866 1685 1978 1730 tum
2017 1678 2083 1730 ab
2109 1675 2379 1741 (Etlione,
2421 1693 2487 1730 ne
2530 1692 2713 1731 secum
2771 1677 3017 1744 amplius,
3074 1676 3168 1730 sed
3212 1675 3354 1729 inter
3383 1692 3440 1727 se

1867 1769 2014 1835 proci
2065 1768 2411 1830 dimicarent,
2452 1768 2702 1835 idemque
2752 1767 2941 1819 victori
2984 1767 3263 1831 pra-mium
3302 1764 3437 1819 fore.

1868 1860 2255 1928 Depugnarunt
2275 1875 2405 1929 ergo
2423 1860 2592 1928 Dryas
2612 1870 2665 1913 et
2680 1859 2872 1922 Clitus,
2892 1874 3174 1927 cursusque
3196 1858 3442 1912 Pallenes

1870 1950 2058 2005 framle
2092 1954 2277 2020 Dryas.
2322 1950 2375 2003 ΙιΙ
2405 1950 2492 2003 tibi
2525 1950 2989 2013 rescivitLEthon,
3012 1964 3202 2017 paznas
3226 1949 3442 2003 Pallene

1871 2054 2044 2097 morte
2096 2043 2353 2105 dedisset,
2401 2043 2507 2096 nisi
2539 2040 2719 2095 Venus
2763 2052 2919 2097 nocte
2946 2045 3092 2097 cives
3136 2059 3322 2097 omnes
3352 2060 3447 2110 ap-

1872 2134 2100 2203 pellans,
2161 2134 2390 2201 puellam
2453 2135 2609 2187 morti
2674 2135 2982 2202 eripuisset.
3042 2134 3274 2189 Parente
3319 2151 3447 2187 vero

1874 2226 1999 2279 fatis
2031 2227 2325 2290 exstincto,
2354 2225 2569 2281 Pallene
2596 2236 2649 2281 et
2675 2225 2843 2281 Clitus
2876 2244 3095 2297 regnum
3128 2229 3326 2299 adepti,
3350 2242 3401 2283 et
3421 2249 3447 2281 λ

1873 2319 2092 2373 Pallene
2124 2319 2239 2391 (76)
2277 2320 2423 2389 regio
2454 2335 2652 2374 nomen
2681 2332 2762 2375 est
2794 2332 3059 2377 mutuata.

1948 2591 2243 2647 Undecima
2262 2593 2327 2649 de
2344 2592 2591 2649 Herculis
2610 2596 2880 2651 sacrificio
2896 2597 3456 2665 commemoranquoil

1880 2682 2055 2738 Lintlii
2092 2685 2206 2755 (77)
2235 2702 2356 2741 cum
2391 2690 2771 2742 exsecratione
2799 2689 2897 2756 ipsi
2942 2688 3245 2749 immolant,
3292 2697 3458 2757 utque

1880 2779 2147 2846 originem
2194 2779 2297 2833 hoc
2340 2779 2407 2832 ab
2456 2790 2671 2834 aratore
2702 2781 2930 2847 quodam
2966 2778 3159 2832 Lindio
3205 2781 3454 2833 duxerit:

1882 2873 1995 2940 qui,
2024 2886 2144 2924 cum
2181 2869 2441 2925 llercules
2475 2872 2729 2925 alimenta
2762 2887 2857 2940 pro
2895 2870 3051 2942 llyllo
3083 2886 3251 2940 puero
3274 2880 3462 2939 postu-

1884 2963 2018 3015 laret
2054 2963 2236 3029 (quem
2275 2961 2562 3015 admodum
2604 2962 2783 3015 adhuc
2819 2962 3074 3028 juvenem
3130 2962 3181 3013 in
3240 2961 3327 3014 via
3356 2961 3459 3014 sibi

1887 3051 2254 3121 adiunxerat),
2297 3066 2399 3105 non
2430 3061 2633 3105 tantum
2671 3052 2849 3105 cibum
2888 3066 2991 3105 non
3028 3052 3340 3120 przebuerit,
3366 3050 3461 3104 sed

188 3153 331 3223 βοῶν
382 3146 759 3216 κατασφάξας,
797 3147 955 3206 αὐτὸς
998 3163 1057 3196 τε
1108 3145 1351 3195 θοινᾶται
1396 3144 1491 3194 καὶ
1520 3140 1596 3210 τῷ
1631 3140 1773 3193 παιδῖ

1895 3143 2049 3197 etiam
2093 3143 2356 3197 conviciis
2388 3142 2696 3197 incesserit.
2724 3142 2838 3209 Qua
2876 3142 3133 3196 Hercules
3156 3142 3460 3212 indignatus

186 3241 429 3293 δίδωσιν.
450 3238 652 3309 Ἦρᾶτο
686 3238 743 3289 δὲ
777 3234 1061 3307 πόρρωθεν
1093 3236 1120 3285 ὁ
1146 3235 1374 3304 ἀροτὴρ.
1410 3232 1519 3285 Καὶ
1550 3234 1577 3284 ὁ
1612 3232 1777 3299 Ἦρα-

188 3333 327 3401 κλῆς
362 3331 560 3399 γέλωτι
593 3331 767 3391 διδοὺς
800 3330 899 3391 τὰς
926 3328 1085 3398 ἀρὰς,
1116 3328 1373 3379 οὐδέποτε
1404 3324 1784 3391 ἀπεφθέγξατο

191 3424 381 3495 θοίνης
414 3422 623 3492 ἡδίονος
654 3420 961 3473 ἀπολαῦσαι
991 3420 1024 3489 ἢ
1058 3419 1155 3488 τῆς
1182 3419 1321 3489 μετὰ
1354 3417 1461 3469 τῶν
1491 3415 1663 3485 ἀρῶν.

274 3691 350 3743 Ἠ
382 3688 535 3757 ιβ’τά
567 3686 694 3752 περὶ
725 3686 910 3755 Τρωὸς
959 3684 1052 3737 τοῦ
1090 3684 1418 3753 Ἐριχθονίου
1450 3685 1544 3737 τοῦ
1579 3687 1788 3756 Δαρδά-

196 3801 292 3836 νου
337 3778 723 3848 διαλαμδάνει,
765 3777 822 3838 ὃς
854 3775 1172 3829 ἐϐασίλευσε
1208 3776 1316 3828 τῶν
1345 3778 1470 3845 περὶ
1512 3778 1611 3846 τὴν
1644 3778 1788 3845 Ἴδην

198 3873 442 3944 χωρίων,
475 3871 569 3923 καὶ
595 3871 758 3938 γεννᾷ
786 3871 849 3921 ἐκ
878 3867 1277 3937 Καλλιρῥόης⁵³
1306 3868 1405 3937 τῆς
1436 3869 1787 3938 Σκαμάνδρου

198 3965 347 4019 Ἶλον
378 3963 461 4032 (ἐξ
490 3956 552 4015 οὗ
577 3964 636 4013 τδ
672 3962 857 4027 Ἴλιον)
890 3962 986 4012 καὶ
1005 3960 1313 4029 Ἀσάρακον
1335 3960 1429 4010 κα)⁸
1447 3960 1788 4030 Γανυμήδην,

198 4058 261 4110 ὃν
294 4053 1021 4125 ἣρπασεοΖεύς.Ἀσὰρακος
1052 4052 1107 4102 δὲ
1128 4051 1173 4082 ³⁸
1204 4053 1300 4103 σὺν
1327 4050 1404 4119 τῷ
1442 4054 1609 4121 πατρὶ
1654 4055 1793 4123 Δαρ-

200 4151 397 4210 δανίας
451 4146 801 4208 ἐϐασίλευσε,
865 4145 957 4197 καὶ
1010 4143 1156 4214 [221
1198 4141 1318 4213 IL]
1365 4138 1432 4211 ἦν
1483 4144 1641 4197 τοῦτο
1686 4146 1792 4197 τῶν

200 4241 410 4311 Τρώων
446 4234 885 4308 βασίλειον.””1λος
912 4238 988 4297 δὲ,
1014 4237 1071 4299 ὃς
1090 4238 1135 4267 ⁵⁵
1166 4236 1339 4297 κτίζει
1366 4236 1427 4287 τδ
1450 4237 1632 4299 Ἴλιον,
1656 4254 1793 4307 κρα-

196 4334 285 4383 τεῖ
320 4333 469 4398 μάχῃ
506 4327 802 4397 Βεϐρύκων
832 4326 1098 4395 βασιλέως
1130 4324 1303 4385 Βύζου
1338 4326 1529 4395 ὄνομα,
1574 4330 1666 4380 καὶ
1704 4329 1795 4379 ἐπὶ

200 4429 348 4497 μέγα
387 4427 450 4476 τὸ
488 4423 649 4474 Ἴλιον
688 4421 855 4488 αἴρει.

1887 3251 1964 3302 re,
1991 3234 2221 3288 alterum
2255 3236 2412 3288 boum
2440 3234 2559 3304 ejus
2591 3246 2855 3299 mactans,
2905 3235 3067 3304 (cupit
3103 3237 3215 3304 ipse
3234 3235 3461 3305 epulari,

1885 3340 1942 3382 et
1970 3342 2139 3398 puero
2174 3327 2453 3396 porrigere
2483 3345 2494 3379 :
2530 3327 2762 3397 agricola
2791 3328 3001 3380 interim
3030 3329 3241 3380 eminus
3274 3328 3320 3380 ei
3366 3327 3464 3380 im-

1893 3428 2172 3489 precante.
2219 3420 2416 3473 Verum
2461 3418 2716 3474 Hercules
2768 3420 3182 3487 imprecationes
3211 3419 3462 3485 irridens,

1890 3526 2161 3579 nunquam
2211 3526 2270 3565 se
2320 3513 2597 3566 Suaviores
2652 3510 2953 3565 afﬁrmabat
2983 3522 3231 3580 gustasse
3255 3511 3463 3582 epulas,

1889 3618 2050 3671 quam
2079 3618 2197 3671 qua:
2220 3604 2700 3672 imprecationibus
2722 3606 2949 3658 conditae
2973 3605 3224 3658 fuissent.

1957 3695 2277 3749 Duodecima
2295 3697 2538 3765 quaedam
2564 3696 2803 3751 continet
2817 3697 2881 3751 de
2899 3698 3039 3750 Troe
3059 3696 3469 3768 (78)Ericlitho-

1892 3789 1964 3842 nii
1989 3788 2096 3842 filio
2124 3800 2178 3842 et
2201 3788 2432 3843 Dardani
2464 3801 2677 3858 nepote,
2696 3790 2786 3859 qui
2809 3790 2858 3842 in
2883 3791 3098 3857 regione
3126 3789 3228 3843 like
3254 3787 3468 3860 [monti]

1892 3881 2066 3934 vicina
2097 3884 2343 3949 regnavit
2374 3899 2387 3934 :
2422 3883 2717 3951 genuitque
2741 3897 2804 3935 ex
2826 3881 3124 3936 Callirrhoe
3152 3880 3470 3934 Scamandri

1895 3972 1999 4023 lilia
2050 3969 2185 4024 llum
2221 3971 2275 4042 (a
2312 3988 2416 4041 quo
2452 3971 2603 4025 llium
2640 3970 2996 4039 nominatum)
3042 3981 3097 4025 et
3122 3973 3469 4033 Assaracum,
3557 3954 3563 3960 ⁶

1893 4074 1947 4117 et
1976 4060 2373 4133 Ganymedem,
2422 4080 2583 4133 quem
2638 4062 2849 4132 Jupiter
2909 4063 3102 4132 rapuit.
3174 4068 3473 4117 Assaracus

1895 4155 1982 4208 hic
2009 4170 2110 4208 una
2157 4172 2275 4208 cum
2306 4168 2458 4225 patre
2494 4157 2773 4210 Dardaniae
2825 4156 3129 4224 imperavit,
3181 4171 3301 4224 quae
3356 4169 3475 4207 erat

1897 4238 2097 4300 Troum
2143 4239 2308 4317 regia.
2383 4249 2489 4301 llus
2538 4257 2717 4301 autem
2756 4248 2905 4301 Ilium
2959 4248 3333 4311 exatdificavit,
3392 4248 3472 4299 vi-

1897 4340 2078 4407 citque
2104 4355 2280 4409 pugna
2307 4357 2485 4410 regem
2515 4340 2836 4409 Bebrycum,
2886 4342 2971 4395 cui
2996 4340 3149 4411 Dyme
3180 4357 3392 4405 nomen,
3422 4351 3476 4391 et

1899 4429 2053 4483 llinin
2091 4432 2143 4484 in
2185 4435 2507 4487 immensum
2536 4436 2706 4487 auxit.

1481 4554 1720 4611 VARIzE
1758 4559 2169 4620 LECTIONES.

270 4682 318 4759 εξ
362 4674 631 4759 μητρὰκσι]
666 4676 755 4755 δτι
810 4674 871 4725 οὐ
917 4672 1014 4735 τὰς
1067 4671 1311 4759 μητέρας
1360 4673 1653 4759 γαμοῦσιν,
1700 4678 1851 4759 ἀλλὰΒ
1892 4687 2011 4745 ταῖς
2064 4690 2353 4755 μητρυιαῖς
2411 4688 2698 4756 μίγνυνται
2730 4690 2777 4738 oi
2818 4679 3310 4759 Hépcaimiéwcfoﬁ
3351 4681 3472 4759 νῦν,

202 4743 511 4827 ἀπέχὸχῖᾳε
536 4747 592 4798 δὲ
622 4746 733 4827 1633
764 4744 1215 4827 ῖενλιῃσριμένων.
1250 4743 1326 4827 ὡς
1359 4743 1575 4827 λέγξῖᾳε
1598 4753 1753 4827 ςπαρὰ
1786 4753 1893 4804 τῶν
1917 4743 2141 4807 ειδότὼὺ
2167 4743 2233 4807 ea
2266 4743 2387 4808 κατ’
2411 4743 2608 4819 αὐτούς
2642 4774 2746 4827 nig.
2775 4758 2838 4808 A.

596 4884 623 4894 -
682 4814 735 4894 ⁸⁸.
767 4814 1069 4894 διαθλεὺων
1111 4828 1255 4865 COI'I'.
1281 4814 1368 4894 A.”
1424 4814 1469 4844 ’δ’
1508 4814 1703 4894 Κλίςτοέ-
1732 4839 1793 4884 ς,
1851 4836 2071 4892 ριιωδιῃι
2125 4827 2368 4889 Κλεῖτος,

196 4896 242 4925 ⁵·
275 4890 376 4966 ξοδ
418 4892 461 4966 ᾼ
490 4904 502 4940 :
530 4886 624 4966 τοῦ
672 4886 744 4953 μή
772 4901 847 4966 ς-,Ί
865 4894 919 4937 et
952 4893 1138 4966 ‘tuetnr
1194 4886 1534 4966 negationem
1590 4886 1918 4958 Schaefertis,
1966 4896 2210 4952 Corinth.
2254 4917 2303 4966 p.
2332 4886 2470 4951 .102.
2551 4900 2595 4929 ⁵³
2626 4886 2930 4965 Κόιλλιρόης
2968 4896 3029 4946 Α.

198 4824 326 4875 libri
385 4818 584 4872 Οῖθων.

198 4966 244 4996 6³
270 4962 358 5030 6;]
414 4958 489 5019 ὼς
518 4958 584 5009 Α.
631 4952 849 5026 κρατεῖ]
879 4954 974 5008 καὶ
1020 4955 1214 5022 κρατεῖ
1236 4955 1298 5005 Λ.

2916 4756 2958 4785 ⁸⁷
2993 4751 3164 4805 Σίθων
3198 4749 3428 4819 Ηθγιιὶιιδ
3459 4769 3471 4801 :

2978 4825 3020 4855 ⁸¹
3065 4821 3376 4888 ἸΙρακλέως
3407 4824 3469 4873 Α.

3108 4894 3153 4923 ⁵⁸
3175 4891 3231 4943 δὲ
3262 4907 3369 4945 Otii.
3406 4899 3468 4943 Α.

2448 4830 2493 4858 ³⁰
2542 4829 2816 4895 ἐκδέχεται
2837 4828 2899 4877 Λ.

1756 5068 1985 5126 NOTAE.

268 5193 423 5265 (74“)
463 5189 587 5265 Non
610 5200 826 5265 matres
850 5190 1064 5265 quidem
1122 5205 1319 5243 uxores
1349 5192 1549 5265 ducunt
1584 5193 1781 5260 Persa},
1814 5199 1861 5257 D
1888 5197 2144 5250 Parthen.
2181 5198 2369 5258 Σθὸνα,
2393 5192 2908 5265 (ξιιμϐἙρωτικῶν,
2941 5194 3185 5248 nbihanc
3202 5193 3366 5248 fabul.
3389 5198 3474 5248 fu-

196 5263 294 5321 seti
332 5282 361 5317 ει
395 5263 750 5328 genitricibus
781 5263 1133 5324 abstinentes,
1161 5277 1279 5313 cum
1310 5264 1556 5314 novercis
1584 5265 1778 5316 etiam-

198 5353 331 5390 num
359 5332 806 5388 consuetudinem
831 5332 1051 5392 habent,
1095 5342 1150 5383 ut
1183 5343 1405 5384 narrant
1442 5331 1782 5387 Persicarum

198 5422 382 5460 rerum
447 5403 823 5471 peritiaCoil.
889 5417 989 5454 ms.
1055 5403 1138 5454 hic
1188 5404 1252 5452 ail
1306 5418 1475 5471 marg.
1540 5404 1789 5458 Clemens

199 5488 382 5529 tamen
415 5470 509 5527 lib.
546 5488 605 5525 ιιι
638 5470 896 5525 Stromat.
937 5490 967 5525 e
992 5471 1206 5524 Xantho
1246 5472 1296 5523 in
1323 5470 1563 5540 Magicis,
1606 5491 1789 5539 magus

199 5547 499 5607 matribus,
532 5543 765 5607 filiabus,
793 5543 1068 5596 sororibus
1097 5544 1437 5596 commisceri
1467 5546 1651 5597 solitos
1672 5560 1793 5599 esse

199 5617 369 5670 refert
404 5614 602 5669 Catull.
674 5614 805 5666 Nam
849 5628 1033 5680 magus
1087 5630 1152 5665 ex
1204 5625 1374 5665 matre
1406 5624 1458 5666 et
1484 5626 1645 5678 gnato
1696 5632 1791 5666 na-

198 5699 389 5739 scatur
410 5695 641 5751 Oportet.
682 5685 771 5736 Sic
802 5698 925 5735 vera
963 5693 1043 5733 est
1063 5681 1355 5735 Persarum
1386 5684 1546 5751 impia
1583 5687 1787 5753 religio.

196 5756 361 5811 Plura
397 5756 603 5823 colligit
632 5754 827 5808 Cadius
853 5753 1207 5823 Rhodiginus,
1234 5769 1355 5821 cap.
1387 5755 1474 5810 18.
1523 5756 1615 5806 lib.
1646 5772 1696 5807 χ.

269 5828 381 5897 ⁸75)
421 5820 680 5894 Stephani.
718 5822 915 5894 Byzan.
968 5838 1096 5874 voce
1144 5820 1360 5878 Pallene
1401 5824 1584 5877 ΣΟιῖινα
1611 5836 1786 5889 vocnt,

521 5920 788 5980 ΡΑτιιοι.
837 5919 952 5977 Gn.
1000 5917 1149 5976 Clll.

1896 5269 2007 5323 sius
2032 5269 2189 5334 paulo
2224 5268 2407 5321 refert.

1962 5338 2074 5407 (76)
2116 5336 2191 5389 De
2238 5354 2342 5405 qua
2391 5338 2443 5389 in
2473 5336 2723 5405 Excerpt.
2769 5350 2833 5389 ex
2898 5338 2999 5390 fine
3042 5336 3133 5388 lib.
3167 5350 3239 5388 vn
3285 5334 3466 5390 Strab.

1970 5410 2080 5474 (77)
2122 5408 2353 5461 Consule
2381 5408 2581 5461 Giraltl.
2623 5418 2830 5476 syntag.
2864 5410 2927 5463 lt)
2961 5407 3097 5459 Hist.
3124 5408 3361 5470 deorum,
3388 5413 3469 5460 vel

1898 5483 2077 5548 potius
2111 5478 2372 5531 Lactantii
2398 5478 2528 5529 lib.|
2562 5476 2801 5529 lnstttul.
2858 5488 3112 5541 extrem.,
3154 5477 3307 5544 cujus
3341 5488 3396 5531 et
3422 5481 3470 5529 in

1896 5550 2109 5617 Adagiis
2154 5550 2321 5603 habes
2368 5548 2636 5616 descripta
2665 5549 2822 5601 verba
2844 5550 2907 5602 ad
2943 5549 3071 5601 illud
3105 5548 3349 5599 ιΛίνδιον
3374 5549 3473 5618 τὴν

1898 5619 2108 5673 θυσίαν.

1971 5691 2080 5755 (78)
2138 5688 2265 5742 Vide
2319 5688 2532 5740 Diodori
2596 5688 2760 5742 Siculi
2838 5704 2954 5757 cap.
3013 5689 3077 5741 19.
3136 5688 3223 5741 lib.
3288 5704 3372 5752 iv;
3421 5701 3475 5743 ει

1894 5760 2138 5831 Apollod.
2166 5761 2257 5813 lib.
2289 5774 2347 5811 ιιι
2388 5758 2638 5811 Biblioth.

3014 5918 3083 5975 ιδ
