4224 6446
783 383 886 444 555

779 584 1186 646 Laomedontis,
1236 590 1291 637 et
1336 580 1536 635 Priami
1598 595 1755 635 soror
1814 581 1933 635 fuit.
1988 582 2137 635 llanc
2168 581 2360 634 Prote-

779 681 943 733 silaus
972 693 1091 732 curn
1141 676 1264 730 aliis
1303 676 1531 743 captivis
1573 690 1633 728 ex
1671 675 1764 728 Ilio
1826 676 2051 729 navibus
2101 676 2359 742 avellens,

778 773 1025 824 Mendem
1079 770 1221 822 inter
1267 778 1323 821 et
1351 764 1601 820 Scionem
1653 776 1776 834 post
1804 768 1984 821 varias
2012 776 2362 835 tempestates

777 865 867 916 vix
919 876 1081 915 naves
1131 858 1349 928 appellit
1383 876 1397 910 :
1431 872 1661 925 cumque
1726 869 1983 926 aquatum
2035 857 2361 911 Protesilaus

778 971 899 1009 cum
926 956 1038 1007 suis
1061 952 1311 1007 omnibus
1336 950 1547 1020 longius
1590 964 1617 1001 a
1670 949 1850 1003 littore
1891 951 1957 1003 ad
1992 949 2249 1004 interiora
2280 962 2361 1003 re-

780 1047 958 1114 gionis
989 1047 1104 1099 loca
1138 1052 1509 1111 procurreret,
1560 1054 1672 1094 tum
1720 1042 1861 1094 inter
1914 1051 2105 1095 cmtera
2138 1039 2361 1093 Aitliilla

777 1137 1014 1205 reliquas
1053 1136 1283 1189 allocuta
1312 1135 1571 1203 captivas,
1626 1134 1705 1198 Si,
1759 1135 1949 1202 inquit,
1998 1149 2120 1187 eum
2154 1134 2362 1187 Graecis

779 1230 831 1281 in
860 1228 1121 1282 Graeciam
1151 1228 1491 1290 abducimur,
1545 1241 1710 1279 aurea
1743 1228 1919 1288 nobis,
1968 1240 2089 1293 qua:
2134 1226 2199 1278 ad
2226 1224 2362 1277 Tro-

771 1322 881 1387 jam
916 1320 1231 1388 pertulimus
1276 1322 1526 1383 adversa,
1567 1320 1872 1372 videantur.
1945 1316 2222 1371 Persuasit
2257 1318 2359 1370 ita-

775 1429 878 1481 que
910 1414 1137 1465 navibus
1179 1412 1656 1485 ignesinimittere
1708 1411 1843 1480 (79).
1882 1408 2020 1462 lline
2077 1410 2159 1461 vel
2201 1410 2357 1463 inviti

773 1520 893 1557 cum
925 1504 1055 1571 ipsis
1087 1503 1258 1556 Gt'tEci
1307 1504 1359 1555 in
1414 1504 1599 1555 eadem
1656 1502 1741 1554 illa
1800 1502 2017 1569 regione
2053 1510 2358 1564 remanent,

771 1596 1069 1663 urbemque
1094 1594 1345 1647 Scionem
1380 1594 1449 1646 ibi
1475 1595 1749 1648 conditam
1783 1609 1886 1645 una
1920 1594 2245 1647 liabueruut.

843 1689 1042 1753 Quarta
1058 1689 1267 1741 decima
1299 1697 1382 1739 est
1419 1689 1483 1739 de
1523 1686 1877 1755 Endymione,
1900 1686 1988 1753 qui
2011 1686 2223 1739 Aetlino
2247 1685 2358 1756 (80)

771 1778 918 1833 Jovis
968 1780 1099 1840 lilio,
1156 1790 1211 1832 et
1246 1777 1597 1846 Protogeneia
1647 1774 1991 1830 Deucalionis
2028 1776 2137 1830 tilia
2174 1786 2355 1844 natus,

1934 377 2197 438 PHOTH
2228 377 2733 438 PATRIARCH/E
2771 380 2882 441 Cl‘.

855 493 1053 564 133a
1086 489 1302 544 Decima
1337 488 1493 543 tertia
1531 488 1780 543 refertde
1806 488 2054 553 ίΕιΙιίΙΙιι,
2087 506 2207 558 qua:
2240 491 2345 542 lilia
2385 499 2429 554 Α

3941 383 4050 445 556

2546 491 2609 543 'll
2633 491 2690 543 δὲ
2724 498 2789 558 ιγ’
2822 491 2891 543 τὰ
2935 494 3059 563 περὶ
3098 494 3350 556 Λίθίλλας
3387 493 3662 559 διέξεισιν,
3689 497 3810 562 ἣτις
3841 493 3912 564 ἦν
3950 496 4051 550 θυ-

2466 583 2646 653 γάτηρ
2696 584 2795 652 μὲν
2842 584 3231 655 Λαομέδοντος,
3269 585 3473 656 ἀδελφὴ
3499 587 3555 638 δὲ
3587 587 3862 656 Πριάμου.
3896 587 4049 641 Ταύ-

2467 692 2569 744 την
2604 675 2985 744 Πρωτεσίλαος
3007 677 3053 707 “
3080 676 3137 739 ἐξ
3171 678 3327 730 Ἰλίου
3360 678 3496 747 μετὰ
3526 680 3618 730 καὶ
3648 678 3823 730 ἄλλων
3852 681 4050 746 νηυσὶν

2465 768 2613 833 ἄγων
2664 768 3010 837 αἰχμάλωτον
3031 770 3098 833 ⁵⁷,
3146 772 3226 832 είς
3281 772 3373 821 τὸν
3424 771 3629 839 μεταξὺ
3694 771 3910 840 Μένδης
3951 772 4052 823 καὶ

2466 857 2707 925 Σκιώνης
2743 859 2881 926 μετὰ
2922 859 3148 921 πολλοὺς
3178 859 3452 928 χειμῶνας
3496 860 3651 928 μόλις
3703 860 4048 929 ὁρμίζονται.

2464 950 2574 1003 Καὶ
2611 951 2746 1019 πρὸς
2789 950 3005 1020 ὑδρείαν
3057 952 3164 1004 τῶν
3217 954 3346 1021 περὶ
3385 953 3761 1023 Πρωτεσίλαον
3791 954 4053 1004 ἁπάντων

2463 1043 2557 1095 τοῦ
2601 1042 2851 1110 αἰγιαλοῦ
2896 1043 3103 1097 ἄνωθεν
3155 1046 3293 1111 πρὸς
3338 1044 3437 1113 τὴν
3478 1043 3661 1115 χώραν
3702 1044 4050 1111 ἀναδραμόν-

2463 1152 2593 1199 των,
2619 1136 2753 1188 ἄλλα
2784 1152 2843 1187 τε
2873 1138 2904 1203 ὴ
2935 1136 3157 1187 Αίθίλλα
3189 1138 3308 1198 ταῖς
3333 1135 3826 1205 συναιχμαλῶτισιν
3859 1135 4051 1187 εἰποῦ-

2466 1244 2554 1291 σα,
2613 1228 2705 1281 καὶ
2743 1228 2841 1291 ὡς,
2876 1230 2924 1279 εξ
2959 1228 3242 1295 ἀφίκοιντο
3276 1232 3372 1280 σὺν
3398 1232 3511 1290 τοῖς
3547 1230 3803 1298 Ἕλλησιν
3841 1230 3922 1289 εἰς
3954 1228 4052 1294 τὴν

2473 1320 2718 1386 Ἐλλάδα,
2770 1320 2968 1389 χρυσὸς
3021 1320 3087 1372 ἂν
3129 1320 3321 1381 αὑταῖς
3375 1321 3545 1385 δόξειε
3592 1322 3659 1372 τὰ
3704 1321 3804 1389 τῆς
3848 1320 4052 1387 Τροίας

2462 1413 2632 1475 κακὰ,
2672 1412 2847 1465 πείθει
2896 1411 3006 1482 πῦρ
3046 1414 3246 1464 ἐνεῖναι
3278 1415 3397 1473 ταῖς
3426 1413 3603 1465 ναυσί.
3647 1412 3755 1462 Καὶ
3799 1413 4052 1479 καταμέ-

2462 1521 2611 1557 νουσι
2649 1506 2743 1557 σὺν
2776 1505 2969 1565 αὑταῖς
3008 1504 3064 1555 ἐν
3104 1507 3169 1573 τῇ
3209 1503 3362 1574 χώρα
3387 1505 3481 1557 καί
3509 1504 3731 1565 ἄκοντες
3770 1507 3819 1554 οἰ
3851 1502 4055 1572 "E111;-

2462 1613 2571 1659 νες,
2608 1598 2703 1647 καὶ
2734 1594 2887 1647 πόλιν
2917 1595 3161 1659 κτίζουσι
3194 1596 3458 1665 Σκιώνην,
3483 1596 3579 1648 καὶ
3629 1596 4047 1658 συνοικίζουσιν.

2545 1684 2610 1735 Ἦ
2649 1684 2707 1735 ιδ’
2752 1685 2821 1736 τὰ
2873 1684 3004 1753 περὶ
3063 1685 3419 1755 Ἐνδυμίωνος
3457 1688 3677 1755 ἱστορεῖ,
3710 1688 3790 1737 ὅτι
3821 1703 3877 1737 τε
3920 1688 4053 1747 παῖς

2464 1771 2531 1846 ἦν
2572 1777 2810 1830 Ἀεθλίου
2831 1777 2875 1808 ⁸⁸
2916 1776 3009 1830 τοῦ
3052 1779 3173 1838 Διὸς
3216 1780 3311 1831 καὶ
3342 1780 3749 1848 Πρωτογενείας
3774 1782 3877 1848 τῆς
3914 1783 4053 1831 Δευ-

778 1874 937 1926 binos
970 1872 1207 1941 suscepit
1241 1840 1458 1937 liberos,
1508 1869 1813 1942 Eurypylen
1837 1871 1948 1940 (8i)
2006 1882 2060 1924 et
2094 1840 2355 1926 Etolnm.

2464 1867 2747 1932 καλίωνος,
2777 1869 2872 1919 καὶ
2903 1869 2978 1930 ὡς
3012 1868 3104 1921 δύο
3145 1868 3324 1931 τέκοι.
3367 1872 3565 1933 παῖδας
3591 1872 3922 1940 Εὑρυπύλην
3955 1874 4052 1924 καὶ

775 1964 873 2018 llic
905 1979 934 2018 e
964 1964 1334 2033 Peloponneso
1383 1964 1553 2030 patria
1594 1963 1800 2016 ditione
1856 1962 2124 2017 excedens
2154 1960 2267 2031 (8‘2)
2306 1963 2358 2015 in

772 2056 1077 2126 oppositam
1116 2055 1388 2122 regionem
1422 2070 1541 2107 cum
1588 2054 1929 2122 sequentium
1966 2054 2144 2117 turba,
2188 2054 2354 2122 pulsis

772 2148 1060 2202 Curetibus
1122 2145 1256 2215 (85),
1342 2146 1717 2213 commigravit
1754 2164 1767 2197 :
1803 2156 1859 2200 et
1926 2162 2022 2215 pro
2072 2146 2348 2211 Curetide,

772 2240 1007 2295 Etulida
1034 2239 1302 2293 nominari
1358 2236 1507 2290 fecit.
1557 2236 1858 2309 Eurypyles
1890 2253 2021 2292 vero
2063 2248 2118 2292 et
2156 2237 2357 2307 Neptu-

783 2336 836 2388 ni
880 2332 1020 2387 ﬁlius
1062 2333 1175 2401 (8-4)
1247 2331 1400 2396 Elis,
1461 2344 1677 2385 mortuo
1736 2346 1837 2385 avo
1871 2342 2115 2385 materno
2182 2331 2358 2401 Endy-

775 2428 954 2480 mione
987 2427 1139 2496 (85),
1218 2441 1441 2493 regnum
1506 2426 1784 2494 suscepit,
1844 2425 2228 2493 conditamque
2286 2429 2352 2479 ab

774 2518 1107 2587 Endymione
1132 2516 1318 2569 urbem
1344 2514 1477 2567 Elim
1508 2515 1828 2569 nominavit.

848 2697 1045 2762 Quinta
1080 2694 1288 2748 decima
1325 2695 1390 2746 de
1421 2691 2041 2762 Plieneatensibus(86),
2066 2703 2120 2748 et
2143 2692 2346 2748 Cerere

778 2802 940 2861 atque
972 2789 1320 2856 Proserpina,
1357 2803 1518 2854 quam
1550 2785 1707 2841 Pluto
1735 2797 1946 2855 raptam
1978 2792 2160 2840 matre
2184 2787 2356 2841 inscia

780 2886 846 2937 ad
891 2881 1062 2935 infera
1118 2894 1281 2947 regna
1346 2879 1604 2941 abduxit,
1674 2888 1842 2946 utque
1896 2877 2358 2931 Plicneatensibus

774 2976 963 3038 Ceres,
1012 2972 1157 3042 quod
1192 2971 1291 3040 ipsi
1329 2970 1507 3023 locum
1549 2970 1938 3031 ostendissent,
1995 2984 2097 3035 qna
2133 2968 2358 3022 descen-

775 3072 1000 3122 deretur
1029 3066 1169 3135 (erat
1195 3066 1238 3116 is
1258 3064 1438 3114 hiatus
1464 3064 1517 3114 in
1542 3061 1748 3130 Cylina)
1774 3061 1908 3128 (87),
1942 3075 2063 3113 cum
2096 3061 2195 3112 alia
2220 3061 2355 3113 bona

2461 1959 2717 2024 Αἰτωλὸν,
2768 1959 2827 2022 ὃς
2872 1963 2937 2013 ὲκ
2985 1960 3393 2031 Πελοποννήσου
3438 1963 3535 2033 τὴν
3582 1964 3844 2033 πατρῴαν
3872 1964 4053 2017 λιπὼν

2460 2052 2633 2121 ἀρχὴν
2668 2055 2747 2113 είς
2787 2051 2883 2122 τὴν
2918 2052 3186 2121 ἀντίπερα
3231 2054 3435 2123 ταύτης
3474 2054 3580 2123 γῆν
3617 2056 3757 2123 μετὰ
3784 2054 3885 2123 τῆς
3921 2056 4053 2107 ἐπο-

2463 2145 2631 2213 μένης
2664 2145 2877 2214 μοίρας,
2924 2146 3216 2215 Κουρῆτας
3248 2147 3515 2211 ἐκϐαλὼν,
3553 2147 3758 2216 ᾤκησε,
3801 2148 3898 2199 καὶ
3926 2148 4054 2200 ἀντὶ

2461 2237 2798 2307 Κουρήτιδος
2823 2238 3093 2290 Αἰτωλίδα
3114 2238 3159 2269 ⁸9
3188 2238 3472 2291 καλεῖσθαι
3519 2239 3753 2291 δίδωσιν.
3786 2237 3917 2310 [452
3954 2237 4049 2311 8.]

2470 2329 2529 2381 '0
2567 2330 2612 2381 δ’
2650 2327 2974 2399 Εὐρυπύλης
3007 2330 3103 2382 καὶ
3156 2330 3491 2393 Ποσειδῶνος
3529 2334 3660 2393 παῖς
3698 2327 3926 2394 ⁷Ηλις⁶⁶
3958 2348 4051 2383 τε·

2458 2420 2821 2490 λευτήσαντος
2892 2421 2982 2473 τοῦ
3057 2423 3471 2491 μητροπάτορος
3534 2423 3897 2492 Ἐνδυμίωνος
3949 2426 4053 2494 τὴν

2464 2511 2747 2581 βασιλείαν
2803 2511 3107 2580 ἐκδέχεται,
3142 2513 3237 2565 καὶ
3286 2517 3351 2582 τῇ
3401 2514 3688 2587 κτισθείσῃ
3718 2515 3875 2568 πόλει
3943 2516 4054 2569 ὑπὸ

2472 2600 2828 2670 Ἐνδυμίωνος
2850 2598 3015 2653 Ἶὶλιν
3044 2602 3332 2672 ἐπώνυμον
3360 2604 3530 2658 ἔθετο.

2544 2694 2607 2745 Ἡ
2642 2694 2702 2746 ιε’
2738 2695 2867 2763 περὶ
2912 2696 3192 2746 Φενεατῶν
3241 2697 3335 2747 καί
3381 2699 3669 2769 Δήμητρος
3695 2699 3791 2752 καὶ
3834 2700 4051 2770 Κόρης,

2459 2786 2526 2855 ἦν
2565 2785 2819 2838 Πλούτων
2855 2786 3111 2856 ἁρπάσας
3162 2788 3254 2839 καὶ
3282 2788 3459 2841 λαθὼν
3491 2790 3590 2860 τὴν
3624 2791 3839 2860 μητέρα
3865 2795 3949 2854 είς
3982 2794 4055 2844 τὰ

2461 2879 2612 2932 κάτω
2642 2880 2887 2948 βασίλεια
2917 2881 3091 2949 ἦγαγε
3114 2898 3125 2909 ·
3158 2882 3251 2933 καὶ
3298 2883 3375 2943 ὡς
3420 2884 3713 2945 Φενεάταις
3760 2885 4047 2953 μηνύσασι

2461 2971 2714 3040 Δήμητρι
2756 2970 2815 3022 τὸ
2867 2974 3065 3039 χωρίον
3100 2973 3166 3025 δι’
3196 2967 3257 3026 οὗ
3299 2974 3331 3041 ἠ
3375 2973 3597 3036 κάθοδος
3623 2972 3711 3043 (ἦν
3758 2975 3815 3026 δέ
3850 2992 3903 3027 τι
3943 2980 4051 3045 χὰ-

2463 3077 2573 3128 σμα
2606 3062 2662 3111 ἐν
2702 3061 3048 3132 Κυλλήνῃω)
3085 3064 3218 3115 ἄλλα
3264 3081 3323 3114 τε
3382 3065 3558 3131 ἀγαθὰ
3599 3067 3910 3133 ἐχαρίσατο,
3955 3069 4055 3119 καὶ

775 3160 850 3214 sit
882 3159 1096 3228 largita,
1154 3166 1265 3209 tum
1312 3153 1457 3223 quod
1506 3168 1780 3221 nunquam
1818 3154 2149 3220 permissura
2179 3162 2347 3215 esset,

2464 3151 2736 3220 μηδέποτε
2793 3152 3079 3221 ὑπεριδεῖν
3135 3156 3327 3206 ἑκατὸν
3371 3156 3625 3224 ἄνδρας⁶²
3658 3157 3941 3209 Φενεατῶν
3996 3162 4055 3211 ἐν

776 3261 835 3306 ιιι
869 3261 1087 3305 centum
1128 3248 1528 3301 Plieneatenses
1560 3246 1611 3297 in
1646 3244 1783 3296 bello
1812 3247 2087 3297 caderent.

851 3346 1014 3397 Sexta
1069 3341 1277 3395 decima
1311 3341 1377 3392 de
1410 3336 1715 3390 Promaclio
1748 3336 1859 3407 (88)
1909 3347 1962 3391 et
2020 3336 2358 3391 Leucocoma

787 3436 1033 3488 Gnossus
1075 3457 1084 3488 ;
1127 3436 1253 3485 urbs
1325 3440 1504 3483 autem
1565 3430 1738 3482 Creta:
1810 3427 2048 3481 Gnossus
2088 3430 2198 3497 (89)
2257 3441 2357 3481 εει.

778 3529 1058 3593 Quomodo
1125 3522 1458 3577 Promaclius
1510 3518 1791 3586 pulchrum
1843 3515 2232 3571 Leueocmnam
2277 3521 2361 3571 ad-

779 3626 1105 3675 olescentem
1161 3615 1467 3679 adamarit;
1525 3622 1578 3665 et
1619 3611 1890 3679 quomodo
1944 3609 2155 3663 labores
2200 3619 2360 3676 atque

779 3712 1077 3766 certamina
1108 3709 1180 3760 illi
1236 3720 1427 3773 magna
1493 3714 1546 3758 et
1588 3702 1951 3772 periculorum
1987 3700 2140 3769 plena
2170 3716 2361 3767 propo-

781 3805 971 3865 suerit,
995 3817 1115 3871 qua:
1139 3799 1322 3852 omnia
1348 3798 1682 3851 Promacbns
1695 3793 1937 3862 potiundi
1958 3807 2052 3859 Spe
2072 3796 2359 3860 superarit.

782 3897 882 3961 Qui
916 3896 1002 3948 ubi
1053 3908 1119 3947 ne
1173 3906 1268 3961 per
1313 3892 1427 3942 lia-c
1485 3889 1701 3959 quidem
1738 3888 1843 3939 voti
1896 3901 2115 3953 compos
2168 3886 2357 3949 evasit,

783 3988 1177 4043 Leueocomam
1249 3982 1513 4035 vicisssim
1578 3978 1821 4034 molestia
1880 3976 2082 4041 affecit,
2148 3980 2363 4046 quando

784 4081 1029 4133 ultimum
1095 4092 1249 4129 suum
1294 4073 1569 4140 praemium
1606 4069 1779 4140 (galea
1831 4079 2005 4121 autem
2052 4077 2168 4120 erat
2223 4066 2363 4120 fama

784 4166 1079 4233 celebrata)
1108 4162 1261 4216 alteri
1291 4162 1509 4213 cuidam
1541 4158 1766 4228 pulchro
1790 4154 1997 4222 juveni,
2031 4152 2364 4207 Leucocoma

785 4271 1087 4329 spectante,
1144 4255 1419 4325 imposuit.
1497 4253 1632 4305 llinc
1695 4250 1837 4303 enim
1894 4245 2153 4315 zelotypia
2191 4248 2364 4299 victus

784 4355 892 4414 llic,
929 4352 1075 4405 ferro
1100 4365 1157 4402 se
1192 4350 1304 4416 ipse
1338 4344 1631 4399 interemit.

861 4445 1101 4509 Septima
1177 4441 1405 4494 decima.
1502 4437 1707 4489 Dic.ens
1756 4442 1809 4484 et
1877 4430 2069 4501 Syleus
2131 4430 2360 4493 fratres,

2469 3242 2689 3311 πολέμῳ
2715 3247 2921 3295 πεσεῖν.

2551 3336 2612 3386 'H
2647 3335 2811 3398 ις’τὰ
2872 3337 3001 3402 περὶ
3055 3338 3346 3407 Προμάχου
3417 3342 3511 3392 καὶ
3562 3342 3890 3410 Λευκοκόμα
3946 3345 4058 3396 τῶν

2472 3428 2764 3479 Κνωσσίων
2798 3429 2971 3497 (πόλις
3000 3430 3058 3482 δὲ
3118 3433 3340 3501 Κρήτης
3379 3435 3411 3501 ἡ
3457 3435 3738 3503 Κνωσσὸς)
3770 3436 4057 3500 διέξεισιν,

2468 3518 2541 3578 ὡς
2594 3520 2701 3587 ἤρα
2763 3520 3051 3589 Πρόμαχος
3103 3523 3315 3574 νεανίου
3362 3524 3526 3576 καλοῦ
3568 3524 3661 3577 τοῦ
3698 3528 4057 3595 Λευκοκὸμα,

2469 3608 2543 3669 ὡς
2625 3605 2763 3661 ἆθλα
2820 3612 2965 3679 αύτῷ
3019 3614 3230 3681 μεγάλα
3286 3614 3570 3683 προύτεινε
3639 3618 3731 3668 καὶ
3788 3618 4059 3670 κινδύνων

2474 3701 2668 3769 μεστὰ,
2724 3702 2797 3763 ὡς
2841 3704 3018 3755 πάντα
3072 3704 3275 3775 ὑπέστη
3307 3708 3595 3776 Πρόμαχος
3624 3708 3797 3760 ἐλπίδι
3827 3712 3924 3763 τοῦ
3960 3729 4057 3763 τυ-

2470 3797 2604 3861 χεῖν,
2646 3794 2719 3856 ὡς
2753 3795 2860 3846 οὐδ’
2893 3794 3034 3848 οὕτω
3057 3797 3101 3827 ⁰³
3132 3800 3409 3866 τυγχάνει,
3460 3801 3551 3852 καὶ
3581 3802 3871 3854 ἀντιλυπεί
3914 3805 4058 3855 Λευ-

2472 3884 2735 3952 κοκόμαν,
2762 3885 2821 3935 τὸ
2844 3886 3155 3939 τελευταῖον
3193 3889 3300 3939 τῶν
3339 3890 3515 3942 ἄθλων
3538 3892 3763 3961 (κράνος
3787 3892 3831 3944 δ’
3857 3890 3929 3964 ἦν
3956 3914 4058 3948 πε-

2473 3972 2742 4042 ριϐόητον)
2797 3974 2898 4044 [ἐν]
2948 3977 3119 4045 ὲτέρῳ
3154 3978 3300 4047 καλῳ
3324 3981 3511 4051 νεανίᾳ
3540 3982 3778 4049 ὁρῶντος
3804 3985 4057 4052 περιθεὶς

2470 4063 2563 4115 τοῦ
2594 4065 2920 4133 Λευκοκόμα
2941 4081 2953 4093 ’
3012 4068 3104 4118 καὶ
3145 4067 3200 4129 ὃς
3221 4068 3264 4099 ⁸³
3294 4072 3392 4122 οὐκ
3430 4070 3670 4138 ἐνεγκὼν
3695 4071 3801 4142 τὴν
3829 4073 4062 4144 ζηλοτυσ

2472 4153 2604 4205 πίαν
2635 4153 2776 4220 ξίφει
2805 4154 2997 4207 ἑαυτὸν
3034 4155 3379 4226 διεχρήσατο.

2557 4437 2621 4487 Ἠ
2649 4437 2736 4500 ιζ’,
2769 4437 2985 4499 Δίκαιος
3026 4440 3121 4492 καὶ
3174 4441 3375 4504 Συλεὺς
3426 4442 3645 4510 ἀδελφοὶ
3672 4483 3687 4509 ,
3714 4447 4051 4511 Ποσειδῶνος

785 4538 1013 4609 Neptuni
1047 4536 1164 4598 lilii,
1201 4533 1267 4586 ad
1298 4531 1517 4586 Peleuni
1561 4525 1851 4580 Thessaliae
1888 4533 2123 4577 montem
2158 4525 2359 4578 habita-

2475 4531 2599 4596 υἱοὶ,
2648 4532 2777 4599 περὶ
2814 4532 3084 4601 τὸΠήλιον
3124 4535 3249 4604 ὅρος
3296 4536 3396 4603 τῆς
3446 4536 3745 4599 Θεσσαλίας
3762 4539 3806 4569 ⁸³
3848 4538 4048 4609 ᾤκουν.

2103 4655 2331 4712 νΑΠΙᾹΞ
2367 4660 2778 4717 LECTIONI‘IS.

852 4798 897 4827 ⁵⁸
926 4788 1331 4888 Πρωτεσίλαος(
1368 4787 1645 4841 Cononem
1683 4796 1784 4832 non
1822 4779 2223 4846 Πρωτεσίλαος,
2262 4782 2353 4832 sed
2388 4782 2437 4833 οἱ
2463 4784 2589 4850 περὶ
2632 4784 3007 4851 Πρωτεσίλαον
3040 4784 3327 4849 scripsisse
3368 4784 3533 4837 videri
3570 4795 3752 4839 monet
3776 4786 4044 4841 Kannins.

858 4870 867 4879 ι
920 4870 939 4888 Α
981 4884 992 4888 -
1022 4865 1126 4888 _:‘...
1162 4880 1197 4888 _
1291 4861 1309 4888 δ
1360 4854 1720 4888 ηιςιιιηλιξιιε-ωυ
1752 4866 1789 4888 (-
1846 4850 2069 4888 Σνιόυτιρ·
2107 4868 2145 4888 ρ-
2253 4852 2299 4881 53
2332 4852 2571 4888 'Acﬂ‘u’nn
2632 4853 2867 4888 Κιηιιιίιιο
2905 4874 2915 4883 -
2953 4855 3071 4888 Iihri
3131 4854 3349 4888 ’Δέηυι-..ι
3449 4858 3492 4885 ον
3551 4858 3727 4888 "mli...
3792 4859 4038 4888 A:-...‘..’...

788 4870 881 4922 καὶ
911 4870 952 4920 Α
979 4850 995 4917 Ξ
1020 4865 1126 4917 τῶν
1159 4880 1219 4927 ς.
1291 4850 1331 4890 ⁵³⁷
1359 4854 1720 4927 αἰχμαλίώῖςυῖ
1752 4866 1811 4927 ς·
1845 4850 2069 4927 Σλκιόςέης
2092 4868 2167 4927 ,ς-

922 4937 967 4967 ¹³⁰
991 4920 1197 4994 Ἠλεῖος
1216 4920 1530 5003 ΑΠεγιιιυξἍ
1558 4926 1599 4954 θί
1624 4922 1840 5003 Κυλήνη
1864 4920 1938 4971 A:
1966 4920 2171 4989 Κυλίνη
2198 4938 2257 4984 ς.

794 4996 837 5040 θ’
870 5008 969 5077 τῆς
1031 4996 1334 5061 Θεσσαλίας
1375 5000 1419 5050 Α
1457 4996 1795 5049 ;Θεσσαλίαν
1858 5007 1917 5052 ς.

2338 4926 2379 4952 δ’
2399 4924 2598 4991 ἄνδρας
2636 4926 2828 4976 ἑκατόν
2856 4942 2917 4989 ς.

2253 4852 2299 4881 ⁸⁸
2332 4852 2571 4903 ’Λεθλίου
2630 4853 2870 4907 Kannius
2904 4874 2915 4907 :
2952 4855 3073 4908 libri
3131 4854 3372 4907 ’AéOvou.
3449 4858 3492 4885 ⁵⁸
3550 4858 3727 4907 malim
3783 4859 4054 4910 Αἰτωλίαν

2988 4926 3032 4956 ⁸³
3062 4924 3169 4976 οὐδ’
3188 4925 3231 4975 A
3260 4941 3271 4975 :
3298 4925 3341 4977 δ’
3366 4924 3478 4976 οὐδ’
3497 4941 3556 4988 ς.
3631 4925 3675 4955 ⁸⁵
3698 4926 3753 4987 ὅς
3782 4928 3824 4980 Α
3851 4946 3866 4983 :
3891 4929 3966 4991 ῶς
3994 4947 4053 4993 ς.

2335 5080 2567 5135 ΝΟΤΕ.

859 5216 973 5285 (79)
1011 5208 1535 5285 StephanaByza‘nt.
1570 5202 1756 5285 eadetli
1789 5200 1837 5285 in
1866 5196 2095 5285 ξκιώνῃ.

1012 5254 1650 5337 EEJQAKiiiTE'Iiacht
1691 5271 1996 5336 Apollodor.
2029 5254 2079 5321 in
2124 5267 2373 5321 Biblioth.

803 5360 1036 5413 Aetlimn
1069 5364 1282 5407 vocant.

863 5431 977 5497 (81)
1012 5426 1246 5477 Pausan.
1280 5416 1687 5497 Eurycyden.~
1890 5484 1901 5497 _
2128 5478 2254 5497 ΛΑ
2309 5480 2318 5497 9

859 5478 975 5568 (έίὶί
1007 5496 1193 5568 §teph.
1246 5478 1597 5568 aSalmbneo
1632 5484 1780 5539 Pissa
1814 5484 2026 5554 pulsum
2088 5478 2258 5535 refert
2308 5480 2359 5532 in

799 5562 971 5623 [Εἰσί.
1006 5562 1147 5634 Lege
1178 5575 1233 5618 et
1259 5562 1492 5615 Pausan.
1537 5571 1657 5625 sup.

864 5640 973 5713 (85)
1013 5638 1207 5713 §trabo
1235 5634 1337 5713 ιιυᾷ
1362 5646 1414 5684 x.

865 5701 974 5779 (84)
1013 5709 1245 5762 Pansan.
1275 5701 1451 5779 βίαια.

866 5770 978 5846 (κδ’)
1021 5770 1565 5846 l’ausan._EnstraIIt.
1627 5838 1638 5846 Δ
1775 5836 1803 5846 __
1988 5836 2017 5846 η
2113 5844 2119 5846 _
2231 5832 2241 5840 .

867 5832 977 5922 (δυ)
1024 5852 1207 5918 Steph.
1242 5844 1503 5897 Pheneum
1531 5844 1581 5894 in
1613 5836 1840 5892 Arcadia
1878 5836 2047 5904 ponit,
2074 5844 2125 5889 et
2152 5832 2370 5902 quidem

2486 5207 2582 5258 sub
2615 5204 2831 5274 Cyllene
2861 5216 3063 5261 monte.

2552 5276 2666 5344 (87)
2731 5277 3005 5345 Cyllenem
3051 5277 3298 5331 Arcadia:
3349 5286 3584 5330 montem
3642 5290 3707 5329 ex
3762 5275 3948 5331 Strab.
4007 5291 4060 5331 et

2487 5346 2673 5425 δίειμί).
2708 5346 2943 5418 intelligo
2973 5369 2983 5402 :
3016 5350 3155 5417 apud
3185 5362 3345 5417 quem
3398 5347 3578 5418 Stygis
3622 5362 3802 5417 aquae,
3840 5348 4055 5403 Eustat.

2472 5423 2961 5558 et(‘tlilbiyAttingere
3035 5488 3286 5543 videntur
3351 5490 3494 5545 hanc
3566 5486 3801 5542 fabulam
3865 5487 4062 5542 Strabo

2477 5559 2570 5611 lib.
2593 5574 2645 5622 x,
2672 5574 2736 5611 ex
2766 5559 3140 5628 TllCOplll‘aSlO
3160 5558 3232 5613 De
3260 5576 3456 5623 amore,
3482 5568 3537 5615 et
3561 5559 3701 5614 Plut.
3731 5558 4057 5628 ‘Epumxtp:

2479 5630 2619 5707 apud
2669 5644 2803 5696 quos
2845 5627 3200 5683 Euxiathetus
3251 5647 3349 5700 pro
3392 5632 3496 5686 hoc
3545 5631 3851 5683 Proniacbo
3896 5627 4060 5684 indu-

2479 5711 2641 5752 Clllll'.

2520 5768 2631 5838 (89)
2674 5768 2865 5824 Minois
2895 5769 3063 5840 regia.
3095 5767 3251 5826 llom.
3287 5780 3339 5826 ct
3376 5771 3487 5825 alii.
3525 5768 3658 5824 Vide
3688 5767 3870 5825 Strab.
3899 5784 4046 5841 supr.
