4224 6446
152 381 250 444 557

1176 365 1704 427 BIBLIOTHECA.
1747 387 1816 398 —
1857 361 2020 422 COD.
2054 361 2409 421 CLXXXVI.

3303 356 3407 416 558

153 499 255 550 Καὶ
282 489 354 567 ἦν
393 496 423 547 ὁ
463 495 561 563 μὲν
582 492 813 553 δίκαιος,
843 488 937 541 καὶ
965 487 1039 549 ὡς
1083 482 1418 553 ὠνομάζετο,
1450 479 1594 535 οὕτω
1626 479 1722 531 καὶ
1752 483 1795 537 Λ

1752 483 1795 537 Λ
1829 478 1975 529 bant.
2020 474 2075 528 In
2100 475 2185 529 llis
2211 475 2417 529 Dicteus
2444 471 2556 542 (90)
2584 472 2800 540 quidem
2849 479 2987 533 erat,
3035 469 3178 540 quod
3208 483 3404 524 nomen

145 587 243 658 ἦν·
300 587 475 640 Συλέα
529 586 586 637 δὲ
649 583 909 652 ὑϐριστὴν
965 578 1093 631 ὅντα
1160 576 1438 647 Ἡρακλῆς
1491 573 1727 641 ἀναιρεῖ,

147 678 428 741 Ξενίζεται
452 678 494 728 δ’
530 675 633 727 ὑπὸ
667 673 912 737 Δικαίου,
939 672 1029 724 καὶ
1063 670 1163 739 ἐρᾷ
1193 669 1291 737 τῆς
1322 665 1529 727 Σολέως
1555 665 1727 730 θυγαο

147 770 296 839 τρὸς,
332 768 458 820 ἰδὼν
480 767 648 837 αὐτὴν
678 766 805 834 παρ’
829 762 976 832 αὺτῷ
996 758 1363 832 τρεφομένην,
1399 758 1491 810 καὶ
1537 757 1730 822 ἄγεται

150 866 224 924 εἰς
287 864 548 929 γυναῖκα.
596 859 660 910 Ἠ
712 857 767 908 δὲ
808 856 1259 924 ἀποδημήσαντος
1325 848 1655 920 Ἡρακλέους
1685 847 1730 878 ⁸⁸

147 955 221 1021 τῷ
248 956 382 1021 περὶ
414 952 577 1004 αὑτὸν
608 950 771 1019 ἔρωτι
813 948 907 1000 καὶ
941 947 1089 1016 πόθῳ
1122 943 1426 1015 βαλλομένη
1470 942 1694 1010 Θνήσκει
1716 957 1727 968 °

148 1048 241 1099 καὶ
281 1046 380 1096 ἐπὶ
432 1043 727 1114 προσφάτῳ
800 1043 865 1110 τῇ
913 1039 1101 1109 κηδείᾳ
1157 1035 1392 1088 ἐπανιὼν
1448 1032 1571 1105 [2Ξῖ
1641 1030 1732 1102 IL]

158 1136 441 1205 Ἡρακλῆς
482 1134 704 1202 ἔμελλεν
744 1132 907 1184 αὑτὸν
955 1134 1019 1201 τῇ
1067 1130 1225 1200 πυρᾷ
1283 1125 1731 1195 συγκατακαίειν,

147 1233 192 1280 εἰ
238 1230 318 1297 μὴ
376 1230 426 1279 οἱ
471 1229 735 1295 παρόντες
769 1225 949 1292 λόγοις
982 1220 1365 1293 παρηγοροῦσι
1417 1221 1564 1287 μόλις
1601 1219 1736 1269 ὲκὼ-

148 1322 341 1371 λυσαν.
387 1318 499 1371 Καὶ
537 1317 866 1380 ἀπελθόντος
909 1315 1242 1385 Ἡρακλέους
1269 1313 1313 1342 ⁵⁷
1359 1312 1419 1363 τὸ
1452 1312 1600 1378 σῆμα
1638 1309 1736 1375 τῆς

150 1411 322 1479 κόρης
358 1411 410 1461 οἱ
452 1409 733 1478 πρόσοικοι
768 1407 1211 1477 περιεδείμαντο,
1246 1403 1341 1456 καὶ
1372 1403 1492 1455 ἀντὶ
1519 1402 1738 1470 μνήμαο

149 1519 241 1565 τος
276 1502 423 1572 ἱερὸν
469 1500 805 1571 Ἡρακλέους
830 1498 1138 1567 ἀπέφηναν.

235 1678 303 1730 'H
352 1684 444 1747 ιη’,
502 1677 700 1747 Λοκροὶ
756 1676 1074 1745 μαχόμενοι,
1105 1673 1230 1726 ἐπεὶ
1265 1670 1529 1739 συγγενὴς
1556 1671 1738 1731 αὐτοῖς

1832 580 2047 634 quoque
2078 562 2316 633 praefert,
2364 563 2540 630 justus
2579 579 2590 614 :
2628 561 2845 632 Syleum
2895 560 3084 630 1330
3137 576 3268 613 vero
3320 560 3409 612 in-

1827 658 2025 725 juriam
2078 657 2189 727 (9|)
2242 658 2362 711 aliis
2417 655 2739 708 inferentem
2802 654 3060 707 Hercules
3113 652 3405 707 interfecit.

1833 758 1875 809 Α
1910 754 2088 807 Diczeo
2109 752 2305 807 deinde
2336 752 2574 821 hospitio
2615 760 2897 818 exceptus,
2949 759 3003 802 et
3056 763 3244 801 amore
3288 747 3410 801 filiae

1836 846 1977 916 Sylei
1999 848 2131 917 (92),
2156 862 2317 915 quam
2336 846 2475 912 apud
2511 845 2657 897 illum
2692 843 2909 897 educari
2943 842 3172 905 viderat,
3199 850 3409 908 captus,

1836 956 2059 994 uxorem
2115 954 2233 992 eam
2264 939 2437 991 duxit.
2515 936 2610 991 Illa
2668 937 2881 990 interim
2932 947 3155 1003 peregre
3204 933 3415 1002 agentis

1836 1030 2085 1086 Herculis
2131 1030 2399 1085 desiderio
2442 1043 2737 1098 amoreque
2787 1027 2992 1091 saucia,
3058 1026 3286 1080 interiit.
3337 1023 3412 1077 lbi

1841 1123 2100 1178 Hercules
2132 1138 2256 1177 cum
2305 1136 2497 1177 recens
2532 1130 2758 1174 mortua:
2814 1118 2987 1172 funeri
3022 1116 3166 1171 forte
3200 1116 3414 1171 rediens

1840 1214 2245 1277 intervenisset,
2279 1215 2333 1267 in
2358 1214 2535 1282 ignem
2563 1227 2666 1265 una
2689 1211 3033 1265 cremandum
3057 1224 3114 1263 se
3150 1210 3418 1279 conjecis-

1839 1314 1941 1369 set,
2000 1305 2101 1358 nisi
2129 1305 2218 1373 qui
2242 1305 2471 1358 aderant
2527 1302 2820 1370 exsequiis,
2870 1316 3013 1371 aegre
3054 1302 3271 1355 tandem
3304 1300 3418 1353 dis-

1839 1397 2135 1458 suadendo,
2196 1397 2621 1465 prohibuissent.
2703 1392 2878 1447 Vicini
2940 1408 3123 1461 porro,
3183 1392 3417 1447 Hercule

1835 1488 1947 1558 jam
1972 1489 2237 1557 profecto,
2280 1488 2467 1557 puellae
2512 1487 2817 1555 sepulcrum
2846 1485 3073 1539 aedificio
3105 1486 3415 1551 cinxerunt,

1840 1596 1904 1634 ac
1928 1596 2024 1648 pro
2056 1589 2405 1635 monumento
2440 1580 2622 1633 fanum
2657 1578 2904 1633 Herculis
2942 1576 3258 1632 effecerunt.

1905 1668 2105 1728 Octava
2154 1674 2361 1727 decima
2402 1689 2418 1727 :
2458 1671 2615 1725 Locri
2672 1679 2991 1738 pugnantes,
3038 1671 3184 1739 quod
3246 1668 3423 1737 gentis

153 1769 289 1832 Αἴας
336 1764 427 1839 ἦν,
454 1770 511 1820 ὲν
560 1771 626 1838 τῇ
672 1766 976 1837 παρατάξει
1023 1764 1221 1835 χώραν,
1253 1763 1415 1833 κενὴν
1454 1762 1638 1826 ὲῶσιν,
1664 1762 1737 1823 ὡς
1766 1818 1810 1839 ἢ

1766 1818 1810 1839 η
1842 1767 2080 1836 ejusdem
2112 1766 2246 1833 Aiax
2279 1764 2459 1829 fuerit,
2505 1766 2557 1817 in
2608 1764 2725 1818 acie
2777 1765 3040 1817 instructa
3087 1775 3315 1815 vacuum
3344 1760 3426 1812 illi

1765 1818 1812 1877 B

153 1863 319 1930 δῆθεν
373 1862 509 1923 Αἴας
560 1862 617 1912 ὲν
751 1858 1170 1928 παρατάττοιτο.
1233 1850 1812 1924 Παρατεταγμένωνυ

1765 1850 1812 1877 υ
1846 1859 2019 1911 locum
2051 1857 2360 1925 relinquere
2381 1854 2576 1919 solent,
2618 1852 2839 1921 perinde
2864 1868 2925 1906 ac
2953 1851 2999 1906 si
3040 1852 3092 1905 in
3128 1865 3193 1905 eo
3229 1850 3418 1903 ordine

156 1954 251 2005 οὖν
291 1955 349 2005 ὲν
394 1956 460 2022 τῇ
488 1951 623 2021 πρὸς
663 1950 1048 2018 Κροτωνιάτας
1083 1949 1251 2020 μάχῃ,
1279 1945 1559 1998 Αὑτολέων
1590 1946 1738 2013 Κρο-

154 2045 429 2113 τωνιάτης
478 2041 754 2111 ἠϐουλήθη
810 2041 900 2093 διὰ
952 2038 1046 2093 τοῦ
1104 2038 1470 2100 διαλείποντος
1522 2037 1742 2088 διεκπε-

158 2133 332 2186 σείν⁶⁸
370 2135 571 2203 μέρους
634 2134 730 2185 καὶ
780 2131 1164 2184 κυκλώσασθαι
1234 2132 1361 2192 τοὺς
1423 2128 1736 2196 πολεμίους.

156 2226 406 2294 Τρωθεὶς
453 2224 499 2277 δ’
543 2224 646 2276 ὑπὸ
692 2225 977 2291 φάσματος
1007 2224 1096 2276 τὸν
1141 2222 1314 2293 μηρὸν
1356 2221 1650 2291 ἀπετράπη
1670 2220 1739 2280 θ’.

158 2320 251 2369 καὶ
286 2316 672 2383 ὲσφακέλιζεν,
707 2317 811 2378 ἕως
845 2316 911 2369 ἂν
944 2315 1084 2368 κατά
1120 2313 1367 2384 χρησμὸν
1416 2313 1493 2375 εἰς
1540 2312 1637 2381 τὴν
1684 2312 1741 2361 ὲν

160 2407 349 2475 Πόντῳ
380 2407 673 2477 Ἀχίλλειον
704 2408 866 2476 νῆσον
889 2407 1026 2475 (ἐστι
1051 2407 1093 2459 δ’
1120 2404 1259 2474 αὕτη
1296 2403 1743 2473 παραπλεύσαντι

158 2502 251 2552 τὸν
289 2502 505 2569 Ἴστρον
548 2501 686 2570 ὑπὲρ
722 2502 820 2568 τῆς
864 2498 1164 2568 Ταυρικῆς)
1212 2498 1390 2548 ἐκεῖσε
1427 2511 1741 2565 παραγεγο-

158 2590 289 2655 νὼς,
317 2593 415 2643 καὶ
446 2591 574 2652 τούς
599 2608 655 2642 τε
687 2574 885 2652 ἀλλους
910 2592 1098 2660 ἥρωας
1138 2586 1609 2658 ὲκμειλιξάμενος,
1643 2586 1745 2652 μά-

160 2685 321 2735 λιστα
362 2683 422 2735 δὲ
462 2681 561 2751 τὴν
596 2682 822 2743 Αἴαντος
849 2680 940 2733 τοῦ
970 2679 1181 2751 Λοκροῦ
1210 2679 1409 2749 ψυχὴν,
1446 2678 1591 2746 ἰάθη.
1625 2677 1742 2729 Κά-

161 2774 342 2825 κεῖθεν
370 2773 643 2835 eandm"
669 2770 1033 2839 ἀπαγγέλλειν
1059 2770 1221 2823 αὑτὸν
1252 2770 1565 2839 Στησιχόρῳ
1599 2767 1744 2819 Ἐλέο

162 2885 224 2935 νη
275 2864 495 2917 κελεύει
535 2864 632 2933 τὴν
675 2867 752 2927 είς
794 2864 961 2932 αὐτὴν
988 2863 1153 2933 ᾅδειν,
1184 2865 1232 2914 εί
1274 2862 1418 2929 φιλεῖ
1445 2864 1541 2921 τὰς
1570 2860 1741 2930 ὄψεις,

161 2957 524 3028 παλινῳδίαν.
564 2957 894 3025 Στησίχορος
944 2955 989 3007 δ’
1022 2954 1219 3006 αὐτίκα
1274 2954 1473 3024 ὖμνους
1526 2954 1743 3021 Ἑλένης

163 3050 452 3102 συντάττει
482 3050 575 3101 καὶ
603 3048 703 3117 τὴν
736 3047 857 3114 ὄψιν
891 3046 1299 3116 ἀνακομίζεται.

246 3229 312 3282 Ἦ
354 3228 516 3291 ιϐ’ώς
549 3226 789 3296 Ψαμάθη
821 3228 853 3296 ή
896 3224 1255 3293 Κροτώπουτι
1309 3224 1368 3290 ἐξ
1405 3223 1740 3286 ’Λπόλλωνος

161 3320 309 3384 κύει,
343 3321 440 3371 καὶ
474 3319 729 3379 τεκοῦσα,
770 3319 891 3369 ἐπεὶ
914 3319 1004 3369 τὸν
1037 3319 1250 3386 πατέρα
1281 3316 1562 3381 ἐδεδοίκει,
1596 3316 1741 3368 ἐκτί-

163 3414 340 3473 Οεται,
372 3413 531 3464 Λίνον
568 3411 899 3478 ὀνομάσασα.
950 3411 1059 3461 Καὶ
1106 3411 1134 3460 ό
1190 3408 1479 3476 δεξάμενος
1538 3408 1742 3476 ποιμὴν

162 3504 238 3564 ὡς
273 3503 408 3553 ἴδιον
440 3501 725 3571 ἀνέτρεφε,
757 3501 848 3552 καί
884 3517 1012 3552 ποτε
1062 3501 1109 3551 οἱ
1160 3500 1258 3569 τῆς
1298 3500 1537 3569 ποίμνης
1583 3499 1743 3561 κύνες

161 3595 468 3646 διέσπασαν
505 3594 686 3647 αὐτόν.
735 3594 798 3645 'H
832 3595 887 3645 δὲ
926 3593 1365 3660 ὑπερπαθήσασα
1419 3592 1743 3661 κατάφωρος

163 3686 377 3753 γίνεται
392 3686 471 3753 τῷ
488 3687 529 3714 τ’
559 3688 741 3754 πατρὶ,
772 3687 866 3736 καὶ
888 3684 1097 3747 δικάζει
1115 3686 1253 3754 αὐτῇ
1275 3685 1521 3748 θάνατον,
1543 3702 1747 3755 πεπορ-

163 3777 390 3829 νεῦσθαι
441 3778 533 3828 καὶ
587 3776 1016 3845 καταψεύδεσθαι
1063 3776 1231 3847 αὐτὴν
1270 3776 1599 3838 Ἀπόλλωνος
1631 3779 1745 3847 οίη-

165 3869 302 3930 θείς.
348 3868 629 3921 Ἀπόλλων
667 3869 725 3920 δὲ
770 3869 848 3939 τῷ
879 3870 976 3937 τῆς
1001 3870 1283 3937 ἐρωμένης
1314 3869 1459 3936 φόνῳ
1489 3868 1745 3937 χολωθεὶς

165 3960 295 4033 [455
328 3960 424 4030 R.]
452 3960 624 4030 λοιμῷ
652 3960 872 4024 κολάζει
925 3962 1053 4023 τοὺς
1091 3960 1389 4031 Ἀργείους.
1442 3961 1551 4013 Καὶ
1601 3977 1745 4029 χρω-

169 4057 354 4123 μένοις
409 4055 548 4124 ὑπὲρ
592 4053 909 4121 ἀπαλλαγῆς
950 4054 1225 4122 Ψαμάθην
1268 4053 1445 4105 ἀνεῖλε
1475 4053 1569 4105 καὶ
1591 4052 1747 4105 Λίνον

167 4146 513 4200 ἱλάσκεσθαι.
550 4149 609 4198 Οἱ
642 4147 698 4197 δὲ
726 4146 792 4198 τά
820 4163 877 4197 τε
923 4146 1057 4198 ἄλλα
1103 4147 1367 4215 ἐτίμησαν
1397 4146 1613 4209 αὐτοὺς,
1655 4148 1749 4197 καὶ

165 4240 367 4307 γύναια
400 4239 517 4307 ἄμα
559 4239 745 4307 κόραις
794 4238 1043 4305 ἔπεμπον
1101 4238 1320 4306 θρηνεῖν
1370 4238 1559 4290 Λίνον⁸
1594 4238 1649 4290 αἱ
1693 4237 1748 4289 δὲ

166 4334 406 4403 θρήνους
446 4331 776 4394 ἀντιὸολίαις
816 4332 1076 4399 μιγνῦσαι
1128 4331 1223 4391 τάς
1271 4346 1327 4381 τε
1378 4330 1600 4381 ἐκείνων
1656 4331 1749 4381 καὶ

164 4423 263 4485 τὰς
296 4426 570 4491 σφετέρας
609 4422 890 4476 ἀνέκλαιον
919 4421 1107 4489 τύχας.
1152 4422 1259 4473 Καὶ
1311 4419 1483 4482 οὕτως
1534 4415 1601 4489 ἦν
1657 4420 1748 4472 ὲκ-

1841 1949 2194 2004 constitisset.
2250 1948 2325 2001 Ita
2376 1962 2505 2016 ergo
2546 1962 2670 1999 cum
2714 1944 2943 1999 ordinati
2990 1951 3201 1996 starent
3253 1941 3307 1995 in
3353 1955 3418 1995 eo

1841 2042 2033 2109 proelio
2056 2040 2197 2108 quod
2225 2040 2358 2108 ipsis
2382 2053 2503 2092 cum
2536 2036 2867 2090 Crotoniatis
2896 2035 3019 2098 fuit,
3048 2035 3219 2089 voluit
3246 2034 3389 2086 Aulo

1842 2135 1958 2189 leon
1982 2133 2321 2187 Crotoniates
2344 2146 2439 2201 per
2460 2146 2683 2184 vacuam
2707 2130 2849 2183 illam
2877 2138 3083 2197 partem
3110 2141 3413 2195 erumpere,

1843 2227 2137 2293 hostesque
2182 2226 2419 2293 cingere.
2492 2221 2687 2275 Verum
2710 2237 2739 2274 a
2766 2232 2981 2290 spectro
3016 2220 3326 2275 vulneratus
3362 2221 3413 2273 in

1843 2321 2070 2384 femore,
2121 2317 2254 2387 fugit
2290 2328 2450 2387 atque
2475 2317 2859 2371 contabescere
2905 2316 3091 2385 capit,
3148 2316 3321 2369 donec
3347 2332 3414 2370 ex

1843 2412 2062 2467 oraculo
2104 2413 2157 2465 in
2195 2411 2424 2466 insulam
2471 2410 2628 2465 Ponti
2685 2410 2984 2465 Achilleum
3029 2408 3172 2479 (quie
3224 2408 3414 2462 Istrum

1843 2506 2321 2576 preternaviganti
2368 2521 2527 2575 supra
2565 2503 2849 2559 Tauricam
2881 2504 2984 2559 sita
3023 2504 3150 2573 est),
3183 2503 3414 2566 delatus,

1844 2616 1965 2653 cum
2018 2600 2154 2653 alios
2216 2597 2285 2651 ibi
2350 2597 2561 2662 heroas,
2629 2604 2737 2648 tum
2772 2609 2899 2648 vero
2953 2595 3188 2647 maxime
3241 2592 3419 2658 Ajacis

1844 2690 2133 2746 Locrensis
2188 2704 2371 2743 manes
2408 2688 2688 2757 placando,
2721 2698 2939 2741 sanatus
2966 2697 3066 2743 est.
3128 2687 3415 2741 Decedenti

1844 2789 2021 2832 autem
2060 2777 2181 2830 inde
2216 2775 2413 2831 Helena
2450 2776 2720 2846 negotium
2750 2776 2917 2839 dedit,
2948 2775 3256 2830 Stesichoro
3304 2778 3416 2844 (95)

1844 2880 1900 2923 ιιι
1934 2872 2221 2934 nuntiaret,
2270 2870 2315 2922 si
2346 2870 2534 2923 oculos
2579 2877 2961 2937 aspectumque
2986 2880 3215 2935 amaret,
3246 2872 3418 2939 palin-

1843 2963 2020 3015 odiam
2091 2977 2280 3015 eorum
2334 2971 2590 3025 caneret,
2642 2976 2763 3028 quae
2810 2963 2863 3016 in
2913 2977 2972 3017 se
3026 2965 3413 3031 conspexisset.

1849 3052 2196 3108 Stesichorus
2229 3055 2394 3121 igitur
2420 3055 2704 3109 confestim
2732 3057 2957 3124 hymnos
2988 3056 3039 3108 in
3064 3053 3278 3110 Helenae
3306 3056 3420 3109 lau-

1767 3166 1811 3227 ρ
1848 3147 1969 3201 dem
2001 3147 2322 3214 composuit,
2354 3146 2741 3214 oculorumque
2776 3146 2955 3200 lumen
2989 3149 3344 3216 recuperavit.

1909 3236 2060 3293 Nona
2088 3238 2293 3293 decima
2322 3238 3004 3309 :Psamathe(94)Crotopi
3038 3240 3144 3293 ﬁlia
3177 3256 3241 3294 ex
3261 3240 3419 3310 Apol-

1839 3329 1948 3384 line
1995 3332 2216 3399 gravida
2271 3334 2500 3398 peperit,
2558 3342 2876 3399 patremque
2937 3332 3104 3385 verita
3156 3331 3414 3386 infantem

1841 3421 2111 3490 exposuit,
2154 3420 2272 3475 Lini
2328 3422 2755 3476 nomineindito.
2793 3420 2982 3476 Pastor
3015 3433 3283 3490 repertum
3322 3437 3419 3490 pro

1842 3526 1943 3565 suo
1989 3512 2274 3575 educavit,
2326 3514 2420 3566 sed
2463 3512 2644 3582 gregis
2679 3526 2841 3565 canes
2885 3511 3143 3565 infantem
3174 3512 3312 3566 forte
3338 3513 3417 3565 la-

1844 3612 2123 3657 cerarunt.
2173 3603 2268 3655 Illa
2317 3618 2445 3657 vero
2495 3619 2617 3657 cum
2663 3605 2848 3657 dolore
2893 3619 2958 3657 ex
2993 3619 3057 3658 eo
3092 3604 3246 3658 valde
3267 3620 3419 3658 com-

1844 3705 2173 3760 moveretur,
2220 3697 2644 3763 deprehenditur
2679 3714 2706 3750 a
2744 3710 2916 3765 patre,
2968 3698 3058 3765 qui
3109 3708 3417 3764 corruptam

1844 3802 1985 3849 eam,
2037 3797 2092 3840 et
2147 3786 2283 3840 falso
2315 3788 2368 3840 in
2400 3788 2700 3855 Apollinem
2733 3789 2919 3841 vitium
2951 3786 3155 3841 referre
3184 3788 3418 3841 arbitra-

1847 3885 1950 3935 tus.
1973 3876 2165 3945 capitis
2192 3876 2435 3929 damnat.
2467 3875 2644 3941 Quare
2660 3876 2869 3943 Apollo,
2892 3877 2963 3929 ob
2996 3884 3188 3928 amata:
3218 3876 3417 3929 czedem

1846 3967 1925 4021 ira
1953 3975 2276 4030 commotus,
2308 3976 2463 4036 peste
2500 3966 2728 4036 Argivos
2777 3968 3007 4031 vexavit,
3034 3966 3421 4034 consultusque

1848 4060 1913 4112 de
1943 4062 2355 4113 averruncando
2412 4059 2573 4123 malo,
2620 4058 2941 4113 Psamathen
3000 4069 3053 4112 et
3083 4058 3274 4113 Linum
3307 4061 3421 4129 pla-

1849 4153 2054 4205 candos
2086 4152 2382 4220 respondit.
2446 4140 2524 4205 l'lli
2554 4166 2682 4206 vero
2710 4162 2903 4220 praeter
2933 4162 3158 4206 caeteros
3190 4153 3421 4205 honores

1850 4240 1954 4293 illis
1984 4240 2276 4303 exhibitas,
2350 4240 2578 4293 feminas
2624 4242 2789 4293 etiam
2842 4254 2962 4293 cum
3011 4240 3307 4308 virginibus
3352 4240 3421 4292 ad

1850 4330 2040 4383 Linum
2096 4332 2483 4399 deplorandum
2530 4333 2795 4386 miserunt
2828 4350 2840 4383 :
2872 4348 2989 4399 quae
3021 4347 3142 4386 cum
3176 4332 3423 4401 deplora-

1853 4422 2022 4475 tiones
2042 4424 2490 4477 obtestationibus
2517 4425 2834 4486 miscerent,
2857 4438 2962 4478 non
2987 4425 3201 4478 illorum
3218 4426 3421 4482 solum,

169 4514 391 4584 πρεπὴς
425 4515 453 4564 ὁ
479 4513 573 4564 ἐπὶ
602 4513 745 4581 Λίνῳ
778 4512 993 4580 θρῆνος,
1019 4512 1093 4573 ὡς
1145 4511 1241 4564 ἀπ’
1268 4510 1490 4562 ἐκείνων
1518 4511 1611 4561 καὶ
1641 4512 1753 4571 τοῖς
1785 4512 1830 4569 D

1748 4526 1753 4566 .'
1785 4512 1830 4569 Ι)
1857 4514 1948 4567 sed
1972 4528 2067 4566 sua
2095 4515 2258 4567 etiam
2298 4514 2591 4569 infortunia
2636 4515 3008 4582 deplorabant.
3045 4516 3194 4571 Adeo
3239 4524 3416 4569 autem

168 4608 360 4656 ἔπειτα
414 4607 667 4672 ποιηταῖς
714 4608 911 4666 παντὸς
956 4602 1163 4663 πάθους
1216 4601 1535 4671 παρενθήκη
1592 4602 1749 4662 Λίνος

1857 4604 2109 4658 decenter
2126 4603 2313 4659 Linum
2349 4605 2450 4660 illa:
2476 4606 2753 4671 luxerunt,
2779 4617 2837 4659 ut
2861 4620 2925 4659 ex
2945 4621 3010 4660 eo
3037 4622 3066 4660 a
3093 4606 3263 4675 poetis
3284 4606 3421 4673 (95),

1480 4777 1720 4832 VARL‘E
1760 4778 2163 4832 LECTlONES.

259 4924 309 5004 es
354 4920 677 5004 ἠρ-ακλέιηὶ
694 4919 738 4972 Α
772 4916 1125 5004 ἱΔ²ῌραικλέος
1157 4933 1216 5004 ἓξ
1244 4912 1327 5004 m"
1362 4916 1657 5004 ᾘΙρακλέῇ
1682 4934 1772 5004 ς·.¹
1820 4915 1865 4947 ⁸⁸
1889 4918 2139 5004 ὲκιπεσεῖν
2166 4933 2242 5004 g.‘
2310 4919 2643 5004 “‘d'rr'sof'mq
2698 4922 2943 4978 Pierson.
3000 4924 3167 4982 Moer.
3197 4928 3319 4983 add.
3367 4938 3425 4981 et

168 4998 370 5064 con-ig.
402 4985 468 5045 ad
498 5005 550 5057 p.
576 4989 701 5043 542.
776 4988 820 5017 ⁷⁰
853 4985 1010 5049 ἐξιών
1030 4988 1093 5037 Α.
1171 4986 1213 5016 ⁷¹
1244 4985 1487 5056 Ψαμήθη
1536 4988 1570 5055 ἠ
1598 4987 1883 5055 Κροτώπου
1932 4989 1995 5039 Α.
2072 4988 2116 5018 ⁷³
2144 4988 2243 5060 τῷ]
2286 4992 2377 5043 καὶ
2406 4990 2482 5060 τῷ
2508 4993 2573 5045 Α.

1671 5119 1884 5176 NOTAE.

244 5251 374 5320 (90x
402 5246 635 5320 Dicaaam
663 5243 892 5320 Thracia
947 5239 1136 5292 urbem
1179 5233 1249 5289 ab
1282 5234 1383 5289 hoc
1405 5249 1595 5288 nomen
1632 5246 1742 5288 tra-

173 5314 319 5377 xisse
344 5318 535 5384 Steph.
570 5314 733 5369 tradit
761 5314 811 5365 iu
838 5324 900 5384 ea
932 5323 1083 5384 voce.

228 5374 344 5462 (91)
382 5374 704 5462 Peregrinos
736 5380 1106 5462 perlAulidem.
1122 5378 1225 5462 iter
1243 5374 1531 5462 facientes;
1541 5385 1744 5462 terrain

172 5445 360 5517 fodere
392 5445 1204 5525 compulisse'refertiApollod.
1261 5446 1356 5499 lib.
1389 5460 1428 5498 tt
1485 5445 1742 5500 Biblioth.

229 5530 348 5598 (92)
380 5517 691 5598 Xenodicen
721 5534 898 5598 tamen
930 5521 1074 5588 Sylei
1106 5517 1272 5571 filiani
1302 5531 1406 5569 una
1439 5531 1560 5570 cum
1592 5530 1747 5587 patre

171 5592 414 5657 occisam
451 5598 644 5650 scribit
667 5592 913 5661 Apollod.
946 5604 1094 5657 supr.

240 5671 353 5742 (95)
392 5669 527 5742 V_i_d_e
573 5654 824 5742 Isocratis
850 5654 1137 5742 Eitcoinion
1167 5654 1379 5742 Helenor
1406 5674 1459 5742 ξ.
1488 5654 1652 5742 Sttid‘._
1673 5667 1746 5742 et

174 5726 395 5811 Gy‘rald.
422 5738 734 5811 Histoet.
754 5734 907 5785 Dion.
926 5731 1379 5811 (.jhrysostgurat.
1403 5726 1489 5811 ll,
1511 5728 1741 5811 etalios.

178 5796 336 5867 Falso
367 5819 548 5864 autem
574 5796 716 5863 lianc
746 5796 1113 5857 narrationem
1144 5796 1350 5854 referre
1373 5798 1486 5853 vult
1510 5796 1738 5854 Ptolem.

1853 5235 2123 5302 Hephaest.
2154 5236 2247 5290 inf.
2283 5238 2403 5291 cod.
2438 5238 2559 5291 190.

1921 5309 2031 5375 (94)
2068 5308 2441 5361 Narrationeni
2498 5312 2633 5361 hanc
2679 5326 2799 5363 cum
2857 5312 3086 5369 Pausan.
3148 5318 3200 5369 in
3253 5319 3418 5376 Attia.

1855 5392 2171 5442 camparare
2204 5381 2431 5443 pretium
2465 5396 2642 5445 opera:
2672 5382 2850 5435 fuerit.

1921 5448 2034 5517 (-95)
2064 5449 2215 5514 Quod
2247 5459 2441 5516 praster
2466 5450 2757 5504 llomerum
2780 5456 2941 5507 etiam
2971 5455 3240 5511 Hesiodus
3260 5457 3421 5513 docet

1921 5520 2240 5555 “nmmum.
2298 5518 2361 5555 an
2393 5535 2511 5555 "ore
2569 5520 2670 5555 mn
2732 5520 2866 5555 tum!
2923 5525 2959 5555 ν
3017 5524 3114 5555 nm
3154 5527 3300 5555 ..ι..-,.
3356 5532 3417 5555 Α..

1849 5520 1987 5586 apud
2017 5520 2263 5573 Eustath.
2296 5518 2364 5570 ad
2393 5535 2534 5573 vers.
2567 5520 2689 5585 570,
2725 5520 2887 5579 Iliad.
2922 5525 2978 5579 Σ.
3017 5524 3115 5580 Ubi
3153 5527 3303 5594 plura
3352 5532 3420 5583 de

1847 5587 2006 5651 Lino,
2041 5592 2212 5667 deque
2233 5588 2499 5667 appellato
2608 5608 2671 5644 eo
2694 5596 2953 5658 carmine,
2975 5597 3116 5661 quod
3133 5609 3185 5649 et
3201 5598 3415 5651 Αἵλινον

1847 5668 1930 5711 est
1961 5660 2315 5737 pomiuatuut.
2344 5658 2644 5737 Hesychius
2664 5678 2875 5737 quoque
2894 5658 3050 5737 Λίνον
3076 5667 3219 5735 ᾠδῆς
3245 5668 3416 5737 ὄνομα

1847 5728 1989 5805 κνατᾶ
2046 5730 2152 5805 μέν
2197 5746 2351 5789 τινας
2389 5730 2508 5805 ’ἀπὸ
2544 5732 2649 5805 δοῦ
2684 5728 2947 5805 κλωστοῦ
2976 5728 3142 5805 λίνου,
3174 5728 3409 5794 ἐῖυιεινῖι.

1852 5796 1982 5855 Vide
2009 5796 2061 5854 et
2096 5796 2353 5854 Thesaur.
2386 5799 2513 5868 ling.
2535 5799 2734 5858 Gt'zcca:
2767 5801 2831 5855 Η.
2872 5807 2953 5859 St.
