4224 6446
793 400 896 462 559

1938 398 2204 460 PHOTII
2234 396 2738 458 PATRIARCHAE
2778 399 2886 458 CP.

3934 400 4036 463 566

791 519 881 583 qui
935 516 1188 584 deinceps
1234 514 1402 567 secuti
1428 524 1574 580 sunt,
1622 515 1673 568 in
1718 514 1863 568 omni
1894 528 2047 584 paene
2096 516 2358 568 latnenta-
2391 522 2433 576 Α
2466 515 2591 585 ᾄδετ

2479 515 2669 585 ᾅδεται.
2702 514 2864 581 Μῆνά
2890 530 2947 565 τε
2970 513 3261 584 ὠνόμασαν
3286 516 3519 586 ἀρνεῖον,
3547 517 3629 568 ὅτι
3651 518 3847 585 ἀρνάσι
3878 521 4035 580 Λίνος

792 605 996 656 tinuum
1023 616 1221 671 genere
1247 602 1415 656 Linus
1441 604 1757 659 decantatus
1797 604 2085 658 inseratur.
2127 605 2268 670 Quin
2302 616 2358 658 et

791 708 1029 746 mensem
1053 692 1250 763 135a
1280 694 1645 764 Arncnm(96)
1672 696 2026 763 appellarunt,
2053 697 2193 762 quod
2219 697 2358 749 inter

793 799 958 848 agnos
976 783 1139 838 Linus
1164 786 1424 838 educatus
1442 786 1651 839 fuisset.
1688 786 1797 841 luto
1812 789 2140 841 sacriﬁcium
2159 790 2354 849 cidem.

792 873 1096 944 festumque
1124 877 1288 939 diem,
1336 878 1535 930 Arnida
1565 889 1853 947 utrumque
1885 880 2236 945 nominatum,
2278 882 2360 932 itt-

791 966 1103 1028 stituerunt,
1144 977 1442 1020 ntactaules
1469 983 1532 1019 eo
1562 970 1665 1035 die,
1716 980 1982 1038 quotquot
2032 970 2240 1037 uspiam
2275 985 2361 1022 re-

787 1058 968 1124 perire
994 1074 1157 1112 canes
1200 1060 1523 1127 potuissent.
1561 1060 1629 1111 At
1682 1075 1747 1115 ne
1778 1062 1855 1113 sic
1886 1061 2099 1127 quidem
2126 1062 2362 1114 cessavit

2462 606 2836 676 συνανετράφη
2858 623 2870 634 ·
2906 608 3000 659 καὶ
3035 608 3224 660 θυσίαν
3263 609 3456 675 ἄγουσι
3486 612 3580 663 καὶ
3606 610 3799 680 ἑορτὴν
3822 611 4033 678 άρνίδα,

2462 699 2763 761 κτείνοντες
2790 700 2911 750 ἐν”³
2938 700 3122 770 ἐκείνῃ
3153 704 3218 770 τῇ
3238 702 3343 770 ήμέ
3356 720 3420 772 ρα
3439 703 3531 753 καὶ
3564 703 3740 754 κυνῶν
3772 703 3936 762 ὅσους
3975 704 4040 755 ἂν

2463 790 2685 861 εὕρωσι.
2748 792 2854 843 Καὶ
2883 792 2991 843 οὐδ’
3025 792 3197 853 οὕτως
3230 792 3413 859 ὲλώφα
3443 794 3503 844 τό
3534 793 3724 853 κακὸν,
3754 793 3857 854 ἕως
3896 793 4033 859 K95-

2461 884 2640 945 τωπος
2675 883 2818 934 κατὰ
2850 885 3100 953 χρησμὸν
3146 885 3297 936 ἔλιπε
3346 888 3407 936 τὸ
3440 886 3663 953 Ἄργος.
3717 884 3810 935 καὶ
3847 883 4042 942 κτίσας

2466 975 2622 1026 πόλιν
2650 977 2706 1025 ἐν
2757 976 2822 1044 τῇ
2878 974 3146 1043 Μεγαρίδι
3179 977 3272 1026 καὶ
3297 974 3680 1044 Τριποδίσκιον
3706 970 4043 1029 ἐπικαλέσας

2467 1066 2810 1135 κατῴκησεν.

788 1152 1009 1214 malum,
1042 1152 1212 1205 donec
1242 1151 1509 1217 Crotnpns
1542 1152 1653 1221 (97)
1696 1152 1809 1222 ipse
1842 1154 2016 1221 Argos
2045 1169 2109 1207 ex
2142 1154 2361 1208 oraculo
2394 1157 2631 1227 reliquit,
2683 1159 3063 1227 conditamque
3093 1159 3279 1212 urbem
3333 1157 3385 1211 in
3430 1155 3702 1225 Megaride
3755 1154 4037 1223 Tripodis-

787 1246 928 1301 cium
964 1249 1180 1301 nontine
1202 1248 1545 1301 lnltabilavit.

860 1339 1125 1393 Vicesitna
1153 1358 1165 1392 :
1193 1340 1460 1393 Tlieoclos
1484 1338 1854 1393 Chalcidensis
1876 1349 2063 1407 captus
2090 1356 2118 1394 a
2137 1340 2354 1394 Bisaltis

792 1434 1058 1505 (Thraciae
1082 1434 1133 1485 lii
1154 1432 1335 1500 populi
1354 1439 1574 1495 sunt,ex
1598 1432 1883 1487 adversum
1907 1432 2358 1486 Pallenesliaben-

798 1526 919 1593 tes)
952 1525 1336 1579 Chalcidenses
1370 1524 1483 1593 (98)
1529 1525 1739 1578 occulte
1786 1540 2090 1590 accersens,
2131 1524 2359 1578 Bisaltas

792 1617 1053 1685 prodidit.
1082 1616 1391 1668 Turbarunt
1421 1617 1599 1682 itaque
1623 1618 1851 1684 primum
1879 1617 1950 1668 illi
1978 1617 2149 1669 subita
2169 1633 2264 1670 sna
2290 1619 2361 1670 ir-

790 1709 1041 1774 ruptinne
1080 1707 1329 1769 Bisaltas,
1384 1716 1504 1774 post
1553 1708 1714 1760 etiam
1773 1708 1913 1760 intra
1975 1710 2171 1762 tumnia
2218 1725 2354 1762 cum-

2536 1340 2599 1393 'H
2660 1347 2708 1393 κ⁹
2764 1339 2837 1401 ὼς
2885 1337 3166 1400 Θέοκλοςό
3195 1335 3499 1398 Χαλκιδεὺς
3549 1333 3895 1404 αἰχμάλωτος
3942 1332 4046 1384 ὑπὸ

2462 1433 2738 1485 Βισαλτῶν
2766 1431 3003 1499 γεγονὼς
3032 1430 3102 1499 (οἱ
3132 1430 3188 1482 δὲ
3225 1427 3479 1480 Βισάλται
3537 1425 3815 1495 Θρᾳκικὸν
3868 1423 4040 1483 ἔθνος,

2461 1527 2728 1593 ἀντίπερα
2780 1523 3067 1593 Παλλήνης
3099 1519 3417 1582 οἰκοῦντες),
3444 1512 3597 1579 οὗτος
3626 1515 3917 1577 Χαλκιδεῖς
3946 1516 4044 1569 λά-

2465 1615 2569 1683 θρα
2595 1614 2641 1643 ⁷⁸
2698 1612 3197 1682 μεταπεμψάμενος
3245 1609 3534 1679 προδίδωσι
3596 1606 3897 1667 Βισάλτας·
3952 1607 4045 1657 καὶ

2467 1704 2623 1757 αὐτοὶ
2652 1704 2868 1775 πρῶτον
2898 1705 2996 1772 μὲν
3024 1706 3103 1772 τῷ
3133 1702 3386 1770 αἰφνιδίῳ
3436 1700 3705 1770 ἐτάραξαν
3753 1698 4040 1763 Βισάλτας,

788 1800 992 1868 pulsos,
1018 1809 1068 1852 et
1101 1798 1286 1851 Bucoli
1313 1814 1375 1851 ac
1398 1797 1513 1851 Doli
1545 1800 1683 1864 apud
1715 1814 1805 1851 eos
1836 1801 2166 1864 captivomm
2200 1815 2359 1866 opera
2398 1788 2437 1842 Β
2468 1795 2587 1851 εἶτα

2479 1795 2587 1851 εἶτα
2617 1799 2893 1867 τειχήρεις
2936 1800 3261 1865 ποιήσαντες
3295 1795 3548 1864 βουκόλου
3592 1794 3728 1864 δόλῳ
3764 1792 4049 1863 αἰχμαλώ-

792 1895 981 1945 urbem
1012 1892 1287 1957 capientes
1312 1930 1325 1953 ,
1364 1889 1589 1942 Bisaltas
1620 1890 1863 1956 ejiciunt.
1898 1890 2150 1942 Bucolutu
2184 1900 2358 1943 tamen

791 1982 1119 2049 proditorem
1148 1990 1299 2048 rupta
1327 1980 1428 2032 fide
1450 1979 1556 2044 jam
1587 1979 1707 2032 data
1746 1995 1868 2031 euut
1900 1981 2245 2042 occidissent,
2279 1980 2362 2032 di-

792 2073 919 2124 vina
964 2083 1244 2140 prOpIerea
1294 2071 1344 2123 in
1378 2084 1471 2123 eos
1520 2070 1596 2122 ira
1646 2071 1821 2134 irruit,
1855 2070 2023 2123 donec
2052 2086 2114 2123 ex
2146 2072 2363 2123 oraculo

791 2162 1076 2233 pulchrum
1131 2162 1325 2215 Bucolo
1385 2162 1458 2213 illi
1511 2174 1917 2215 monumentum
1979 2174 2257 2230 ponentes,
2311 2171 2364 2216 et

795 2264 1052 2322 tanquam
1115 2252 1265 2307 lteroi
1303 2252 1699 2316 sacriﬁcantes,
1733 2252 1932 2306 malum
1964 2256 2176 2307 tandem
2210 2268 2365 2308 aver-

791 2354 968 2398 ICI'UIII
985 2385 995 2399 .

865 2525 1133 2579 Vicesima
1178 2525 1349 2593 prima
1391 2542 1404 2577 :
1453 2524 1732 2578 Dardanus
1764 2532 1818 2579 et
1854 2523 2016 2578 Jason
2040 2524 2188 2578 Jovis
2209 2533 2365 2578 erant

796 2620 893 2674 ﬁlii
941 2634 1009 2672 ex
1066 2618 1280 2671 Electra
1323 2617 1557 2670 Atlantis
1621 2617 1752 2681 ﬁlia,
1798 2617 2219 2685 habitabantque
2263 2617 2365 2671 Sa-

796 2715 1149 2768 mothraciam
1211 2712 1460 2766 insulam.
1515 2712 1711 2766 Verum
1742 2711 1905 2765 Jason
1961 2711 2072 2782 (99)
2103 2727 2367 2779 apparens

791 2805 1011 2862 Cereris
1045 2801 1317 2875 spectruin
1352 2804 1559 2858 fozdare
1619 2814 1808 2871 stupro
1859 2815 2109 2868 conatus,
2146 2803 2368 2857 fulmine

796 2899 939 2952 ictus
970 2898 1197 2951 interiit.
1223 2896 1507 2949 Dardanus
1538 2905 1714 2949 autem
1750 2894 1933 2948 fratris
1962 2895 2205 2963 exemplo
2235 2910 2367 2949 eou-

801 2988 1020 3043 territus
1046 2988 1097 3040 in
1129 2987 1431 3055 oppositam
1472 2995 1692 3050 terrain,
1719 2986 1805 3038 ubi
1832 2988 1946 3054 agri
1976 2986 2152 3049 multi,
2184 3001 2367 3040 mons-

794 3094 904 3149 que
930 3078 1016 3130 lda
1048 3076 1168 3142 fuit,
1203 3079 1409 3130 ratibus
1432 3078 1689 3145 (nonduin
1721 3078 1863 3130 enim
1883 3077 2217 3145 navigiorum
2243 3093 2369 3131 usus

2469 1892 2626 1944 του¹1⁵
2661 1891 2791 1961 παρ’
2813 1890 2990 1943 αὐτῶν
3039 1890 3410 1959 γεγενημένου
3459 1888 3675 1959 αἱροῦσι
3720 1886 3820 1957 τὴν
3868 1886 4045 1947 πόλιν,

2469 1980 2822 2046 ὲκδιώξαντες
2856 1981 2984 2041 τοὺς
3022 1978 3312 2041 Βισάλτας.
3345 1979 3447 2031 Τὸν
3503 1978 3560 2030 δὲ
3608 1977 3876 2047 προδότην
3921 1976 4049 2044 βου-

2471 2074 2646 2135 κόλον,
2714 2072 3057 2142 παραϐάντες
3094 2073 3191 2133 τάς
3243 2071 3538 2140 συνθήκας,
3596 2068 3887 2123 κτείνουσι.
3938 2069 4052 2123 Καὶ

2476 2167 2635 2235 μῆνις
2668 2165 2852 2227 αὐτοῖς
2886 2164 2975 2217 διὰ
3002 2162 3161 2215 τοῦτο
3190 2162 3373 2215 θεόθεν
3396 2161 3524 2233 [223
3550 2162 3642 2232 ll.|
3678 2160 3951 2230 ἐνέσκηψε
3978 2162 4047 2214 ⁷⁸.

2472 2259 2579 2310 Καὶ
2618 2257 2759 2310 κατὰ
2788 2256 3038 2324 χρησμὸν
3076 2256 3248 2323 τάφον
3297 2253 3597 2323 περικαλλῆ
3643 2251 3920 2321 χώσαντες
3975 2251 4053 2321 τῷ

2474 2348 2714 2419 βουκόλῳ
2748 2349 2841 2400 καὶ
2873 2347 2947 2409 ὡς
2978 2346 3121 2415 ἥρωϊ
3160 2344 3381 2408 θύοντες
3406 2344 3502 2398 τοῦ
3534 2343 3701 2398 κακοῦ
3734 2343 4059 2414 ἀπηλλάγη-

2475 2459 2593 2495 σαν.

2554 2533 2621 2584 Ἢ
2655 2538 2760 2596 κα’,
2793 2532 3060 2601 Δάρδανος
3087 2531 3182 2584 καὶ
3220 2529 3410 2583 Ἰάσων
3432 2528 3474 2559 ⁷⁷
3516 2526 3699 2589 παῖδες
3723 2525 3900 2595 ἤστην
3933 2524 4057 2585 Διὸς

2476 2621 2532 2686 ἐξ
2571 2621 2874 2691 Ἠλέκτρας
2932 2620 3031 2688 τῆς
3083 2618 3444 2681 ’Δτλαντίδος,
3483 2617 3580 2669 καὶ
3634 2614 3809 2685 ᾤκουν
3873 2615 4058 2683 Σαμο-

2476 2714 2688 2784 θρᾴκην
2715 2711 2813 2782 τὴν
2847 2711 3029 2781 νῆσον,
3085 2710 3226 2763 Ἀλλ’
3265 2710 3294 2761 ό
3328 2710 3427 2779 μὲν
3473 2708 3661 2761 Ἰάσων
3700 2706 3895 2774 φάσμα
3952 2706 4059 2773 Δή-

2479 2821 2685 2874 μητρος
2733 2803 2981 2874 αἰσχῦναι
3028 2802 3332 2872 βουληθεὶς,
3368 2798 3742 2870 ἐκεραυνώθη,
3778 2798 4059 2867 Δάρδανος

2476 2896 2531 2948 δὲ
2561 2898 2651 2948 ἐπὶ
2688 2895 2935 2964 τάδελφῷ
2971 2894 3263 2963 συγχυθεὶς
3305 2895 3384 2954 εἰς
3406 2893 3505 2962 τὴν
3536 2891 3808 2958 ἀντίπερα
3838 2888 3973 2957 γῆν,
4004 2890 4059 2940 ὲν

2476 2984 2509 3062 ᾖ
2555 2990 2650 3041 καὶ
2708 2987 2895 3049 πεδιάς
2948 2987 3115 3056 πολλὴ
3165 2986 3353 3037 καὶτὸ
3402 2984 3527 3052 ὅρος
3573 2986 3605 3053 ἡ
3644 2982 3775 3050 Ἴδη,
3814 2982 4060 3049 σχεδίαις

2479 3080 2702 3143 (πλοίων
2745 3081 2852 3147 γάρ
2905 3078 3097 3146 χρῆσις
3142 3077 3352 3128 οὐδέπω
3383 3071 3470 3144 ἦν)
3508 3074 3792 3127 διαϐαίνει.
3834 3069 3965 3141 Εἶχε
4006 3072 4063 3124 δὲ

799 3141 940 3239 erat)
988 3167 1263 3235 prolectus
1292 3179 1395 3219 est.
1433 3167 1505 3219 Ea
1555 3181 1686 3219 vero
1733 3141 2055 3236 tempestate
2100 3169 2370 3236 regionem
2401 3141 2443 3198 Ο
2576 3191 2591 3222 >

2479 3174 2536 3225 τὸ
2576 3172 2774 3240 κράτος
2800 3170 2917 3221 τότε
2958 3169 3057 3237 τῆς
3093 3166 3274 3237 χώρας
3306 3168 3333 3216 ό
3365 3165 3719 3235 Σκαμάνδρου
3748 3162 3843 3215 τοῦ
3886 3179 4062 3215 ποτα-

801 3261 946 3316 illaut
980 3259 1195 3313 tenebat
1225 3257 1453 3325 Teucer,
1500 3257 1815 3311 Scamandri
1860 3258 2094 3313 ﬂuminis
2127 3270 2181 3313 et
2216 3252 2373 3329 ﬁym-

803 3353 923 3421 plne
953 3349 1131 3421 [Idaeae
1164 3348 1277 3419 (1)]
1312 3349 1453 3402 lilius
1490 3366 1503 3401 :
1546 3366 1572 3401 a
1606 3364 1713 3416 quo
1766 3348 1960 3402 Teucri
2005 3349 2191 3403 incolae
2220 3351 2371 3412 dicti,

804 3455 862 3497 et
886 3442 1113 3497 Teucria
1149 3444 1318 3511 regio.
1346 3440 1480 3495 Cum
1525 3443 1615 3495 illo
1666 3442 1947 3495 Dardanus
1998 3456 2247 3494 sermone
2285 3442 2377 3494 ba-

806 3535 919 3589 bilo
951 3536 1227 3587 dimidiam
1256 3534 1491 3603 regionis
1533 3544 1737 3600 partem
1784 3533 2019 3602 accipit:
2059 3534 2374 3601 urbemque,

809 3627 897 3679 ubi
914 3628 1115 3681 ratibus
1131 3626 1383 3695 appulsus
1404 3626 1777 3687 exscenderat,
1794 3625 2117 3679 Dardaniam
2138 3626 2373 3685 nomine,

805 3716 1114 3771 mdiﬁcavit.
1159 3716 1370 3769 Teucro
1394 3716 1586 3769 deinde
1607 3716 1714 3768 vita
1740 3715 1947 3781 functo,
1991 3716 2169 3770 omnis
2195 3730 2258 3769 ea
2281 3730 2376 3768 ora

810 3810 861 3861 itt
892 3802 1415 3860 Dardani'ditionem
1458 3808 1738 3860 concessit.

880 3899 1150 3954 Vicesima
1210 3902 1445 3952 secunda
1478 3897 1556 3969 (2)
1591 3900 1872 3954 :Cretensi
1924 3916 2091 3971 puero
2120 3911 2375 3970 tauquam

810 4006 909 4059 pro
940 3990 1144 4043 amasio
1179 3990 1337 4043 datus
1367 4000 1454 4043 est
1491 3992 1743 4046 draconis
1802 3992 1966 4046 fetus.
2002 3992 2155 4046 llune
2185 4008 2250 4046 eo
2285 4010 2378 4047 us-

808 4098 913 4150 que
937 4082 1187 4136 edncavit
1217 4081 1327 4146 ille,
1380 4082 1736 4151 studioseque
1778 4086 2009 4148 curavit,
2056 4086 2182 4139 tlutn
2217 4101 2380 4153 gran-

808 4176 926 4228 dior
952 4172 1128 4227 factus
1151 4184 1350 4225 metum
1377 4175 1536 4226 etiam
1568 4177 1755 4230 incolis
1785 4176 2051 4244 injiceret.
2078 4176 2383 4245 COegerunt

810 4266 992 4333 itaque
1038 4280 1265 4332 puerqu
1304 4265 1354 4316 in
1388 4264 1730 4319 solitudinem
1803 4268 2094 4322 draconem
2149 4268 2377 4322 deferre.

810 4359 873 4411 Et
900 4360 1077 4425 paruit
1117 4357 1225 4420 ille,
1274 4356 1497 4409 multum
1549 4358 1787 4425 plorans.
1820 4359 2057 4415 Tandem
2103 4378 2230 4416 vero
2260 4377 2380 4414 cum

808 4450 873 4501 ad
906 4448 1245 4502 venationem
1270 4447 1560 4516 aliquando
1601 4449 1913 4505 adolescens
1937 4467 2187 4521 egressus
2214 4452 2265 4504 itt
2303 4452 2380 4503 la-

810 4546 990 4589 trones
1056 4537 1359 4602 incidisset,
1413 4552 1676 4607 opemque
1727 4542 2075 4594 inclatnasset
2126 4560 2139 4594 :
2197 4542 2377 4609 agnita

810 4640 943 4679 voce
975 4627 1163 4696 draco,
1190 4641 1244 4684 et
1271 4634 1592 4700 corporibus
1615 4648 1734 4687 sese
1765 4635 2069 4701 itnplicaus,
2104 4634 2380 4701 prredones

811 4718 1028 4784 occidit,
1066 4732 1228 4791 atque
1258 4724 1689 4791 adolescentem,
1726 4728 1927 4779 veteris
1964 4727 2113 4795 signa
2146 4724 2381 4779 necessi-

814 4811 1015 4867 tudinis
1041 4816 1354 4882 ostendens,
1385 4818 1622 4884 periculo
1651 4819 1870 4887 eripuit.

2484 3264 2585 3335 μοῦ
2620 3266 2712 3315 καὶ
2741 3263 2961 3331 νύμφης
2994 3260 3257 3331 Τεῦκρος,
3302 3259 3360 3325 ἐξ
3400 3253 3459 3311 οὗ
3489 3256 3720 3327 Τεῦκροί
3749 3272 3807 3309 τε
3834 3256 3885 3307 οἱ
3908 3256 4065 3321 οξκὴο

2481 3371 2639 3424 τορες
2672 3352 2765 3403 καὶ
2806 3351 3049 3419 Τευκρία
3079 3352 3111 3418 ή
3142 3349 3238 3417 γῆ·
3274 3341 3318 3414 ᾧ
3351 3348 3492 3399 κατα
3551 3346 3745 3411 λόγους
3788 3344 4064 3395 συνελθὼν

2483 3446 2750 3515 Δάρδανος
2802 3442 3067 3511 λαμϐάνει
3123 3441 3221 3509 τὴν
3277 3440 3554 3509 ἡμίσειαν,
3597 3437 3687 3488 καὶ
3719 3435 3897 3499 πόλιν,
3929 3437 3992 3486 ὲν
4022 3430 4067 3501 ᾧ

2483 3540 2581 3609 τῆς
2628 3536 2841 3605 σχεδίας
2896 3535 3101 3603 ἀπέϐη,
3132 3534 3303 3595 κτίζει
3340 3531 3663 3601 Δαρδανίαν.
3698 3530 3975 3600 ’Ὕστερον
4008 3530 4065 3581 δὲ

2483 3631 2905 3699 τελευτήσαντος
2933 3626 3177 3697 Τεύκρου
3216 3628 3249 3696 η
3294 3626 3443 3677 πᾶσα
3487 3624 3585 3693 τῆς
3630 3621 3816 3693 χώρας
3856 3624 3941 3683 εἰς
3973 3622 4069 3673 αὐ-

2484 3724 2574 3778 τὸν
2603 3723 2747 3793 ἀρχὴ
2776 3738 2842 3773 πε
2854 3718 3089 3792 ριῆλθεν.

2566 3906 2631 3958 'H
2659 3904 2739 3973 κβ’
2780 3901 3050 3971 μειρακίῳ
3082 3898 3260 3968 Κρητὶ
3311 3897 3553 3967 γέννημα
3612 3896 3906 3968 δράκοντος
3940 3898 4069 3965 ἐρα-

2489 3999 2617 4067 στὴς
2681 3998 2963 4063 δωρεῖται,
3012 3993 3069 4045 Ὀ
3111 3992 3167 4043 δὲ
3216 3991 3410 4061 ἔτρεφε
3449 4009 3507 4043 τε
3568 3991 3661 4043 καὶ
3712 3988 4064 4056 ἐπεμελεῖτο,

2487 4092 2591 4152 ἓως
2613 4090 2825 4159 ηὐξήθη
2859 4089 2954 4140 καὶ
2985 4086 3148 4155 φόϐον
3174 4085 3406 4136 ἐνεποίει
3430 4084 3475 4115 ⁷⁸
3509 4085 3535 4134 ὁ
3553 4082 3770 4152 δράκων
3805 4084 3916 4138 τοῖς
3938 4083 4063 4133 ἐπι-

2488 4172 2708 4252 χωρίοις
2726 4202 2739 4211 -
2775 4176 2921 4233 οὗτοι
2944 4179 3050 4248 γάρ
3080 4178 3198 4229 τότε
3224 4177 3543 4244 ἠνάγκασαν
3573 4174 3631 4225 τὸ
3657 4173 3947 4247 μειράκιον
3972 4174 4065 4223 ὲκ-

2490 4272 2660 4321 θεῖναι
2684 4268 2744 4318 τὸ
2763 4266 2950 4334 θηρίον
2970 4268 3061 4317 ἐπὶ
3086 4264 3187 4333 τῆς
3216 4264 3473 4332 ἐρημίας,
3494 4262 3768 4314 καὶπολλὰ
3789 4261 3996 4313 κλαίων
4018 4262 4065 4291 ⁷⁸

2490 4361 2724 4423 ὲξέθετο.
2753 4358 3020 4427 ’Ὕστερον
3056 4357 3102 4408 δ’
3127 4357 3220 4407 ἐπὶ
3263 4354 3434 4423 θήραν
3473 4354 3780 4419 ἐξελθόντος
3814 4352 3908 4404 τοῦ
3946 4371 4066 4421 μει-

2493 4452 2684 4520 ρακίου
2714 4451 2807 4502 καὶ
2844 4449 3063 4518 λῃσταῖς
3103 4446 3493 4517 περιπεσόντος
3510 4444 3579 4509 ⁸⁸,
3614 4442 4065 4510 ἀνακαλουμένου

2489 4546 2613 4604 τοὺς
2688 4541 3054 4611 βοηθήσοντας
3078 4540 3144 4602 θί,
3178 4538 3561 4607 ἀναγνωρίσας
3610 4536 3637 4587 ό
3702 4536 3923 4604 δράκων
3966 4536 4066 4603 τὴν

2491 4633 2672 4702 φωνὴν
2706 4635 2831 4695 τοὺς
2870 4632 2967 4699 μὲν
2999 4631 3201 4703 λῃστάς
3234 4630 3559 4697 διέφθειρεν,
3606 4628 3823 4696 ἑκάστῳ
3856 4645 4070 4697 περιει-

2490 4725 2696 4795 ληθεὶς,
2730 4727 2931 4792 σημεῖα
2961 4723 3018 4775 δὲ
3051 4722 3128 4791 τῷ
3161 4722 3310 4772 παιδὶ
3350 4722 3584 4782 παλαιᾶς
3632 4720 3941 4790 αἰσθήσεως
3974 4725 4065 4773 ὲν-

2488 4818 2801 4886 δειξάμενος
2833 4814 3168 4868 ἀπαλλάσσει
3199 4814 3295 4883 τῆς
3319 4814 3628 4881 ἐπιϐουλῆς.

2092 4949 2327 5004 νΑΙίΙᾹΞ
2365 4946 2779 5003 ΜΞΕΤΙΟΝΕΒ.

878 5040 926 5070 ⁷³
960 5041 1017 5116 ὲν
1067 5043 1186 5097 add.
1223 5045 1287 5100 A.
1363 5049 1407 5079 ⁷⁸
1440 5048 1713 5116 Χαλκίδης
1769 5043 2279 5116 μεταπεμψάμενος
2327 5040 2501 5116 λάθρα
2535 5059 2591 5116 ς.

2238 5113 2282 5142 ⁷⁸
2323 5104 2603 5181 ἐπέσκηψε
2632 5128 2691 5173 ς.
2753 5108 2796 5139 ⁷⁷
2829 5106 3037 5181 Ἰασίων
3074 5105 3309 5181 Πργιιίιιε
3338 5109 3442 5181 ξςί.
3477 5107 3601 5158 Car.
3637 5104 3806 5181 ραν..
3853 5105 4065 5181 Mulier,

812 5111 1120 5183 γενημένῳ.
1153 5128 1507 5173 correxerunt
1539 5111 1786 5170 Kaunius
1810 5127 1862 5170 et
1902 5114 2155 5183 lleynins.

2677 5040 2722 5069 ⁷⁸
2761 5037 2879 5089 libri
2931 5037 3170 5104 βουκόλῳ
3205 5037 3301 5090 καὶ¹
3353 5036 3487 5104 δόλῳ
3518 5033 3941 5103 αἰχμαλώτῳ-
3976 5054 4069 5102 γε·

813 5174 1133 5234 Οτοιλδιηέη·
1171 5198 1223 5250 ρο
1248 5186 1375 5243 265.
1446 5191 1489 5220 ⁷⁸
1523 5190 1696 5241 ὲποίει
1721 5188 1785 5239 A.
1856 5187 1900 5217 ’θ
1923 5174 2110 5236 κλαῖον
2142 5201 2200 5246 ς’.
2276 5182 2320 5213 ⁸ο
2352 5174 2609 5251 περιπεσ.
2645 5181 2736 5231 καὶ
2760 5177 2989 5231 ἀνακαλ.
3026 5194 3084 5239 ς.
3158 5178 3201 5208 ⁸⁸
3234 5176 3597 5245 βοηθήσοντας
3637 5174 3912 5244 lleyuius:
3942 5178 4068 5230 libti

815 5250 1210 5319 βοηθήσαντας.

2335 5350 2563 5406 NOTAE.

908 5453 997 5523 96)
1030 5452 1277 5506 Eustatb.
1312 5467 1525 5519 quoque
1556 5460 1709 5504 teste.

908 5518 999 5592 9T)
1032 5524 1262 5575 Pausan.
1298 5518 1530 5576 Cortebo
1565 5524 1675 5574 lucc
1708 5518 1916 5571 tribuit.

886 5596 1001 5661 (98)
1041 5593 1180 5663 Lege
1209 5593 1513 5654 Χαλκιδεῖς.

885 5658 996 5735 (99)
1028 5658 1169 5735 Lege
1202 5664 1391 5735 §teplt.
1426 5678 1554 5716 voce
1608 5660 1853 5735 Dardatt.
1884 5668 1937 5713 et
1970 5658 2153 5714 Strab.
2315 5678 2385 5715 νιι

818 5733 1062 5785 extremo
1102 5734 1174 5786 De
1202 5733 1579 5795 Sumat/trace;
1614 5733 1861 5799 Apollod.
1911 5744 2124 5797 quoque
2173 5733 2267 5785 lib.
2326 5748 2387 5786 ιιι

817 5818 886 5856 cx
911 5818 1015 5872 quo
1047 5805 1157 5859 lucc
1180 5820 1330 5873 panic
1360 5806 1423 5857 ad
1452 5805 1669 5857 verbum
1694 5801 1961 5868 descripta
1997 5805 2266 5869 narratio;
2299 5804 2387 5859 ubi

2495 5460 2548 5500 et
2572 5448 2756 5502 .lasion
2794 5450 2894 5519 legi
2924 5450 3320 5505 observandum
3352 5460 3502 5519 puto.

2566 5520 2642 5586 (l)
2679 5520 2732 5572 Id
2761 5523 3025 5594 _ttymp|t:e
3070 5536 3286 5594 nomen,
3321 5522 3480 5594 quod
3503 5519 3629 5594 hinc
3658 5520 3798 5576 forte
3830 5524 4067 5594 fugerat,

2494 5603 2559 5668 ex
2637 5590 2962 5657 Apollodoro
3022 5602 3076 5645 et
3123 5591 3279 5645 Diod.
3339 5589 3520 5644 Siculo
3570 5590 3664 5644 lib.
3712 5608 3764 5645 tv
3808 5589 4069 5649 revocare

2494 5674 2867 5797 ‘hlgllnllcfert
2929 5732 3067 5786 banc
3114 5732 3275 5788 etiam
3328 5729 3575 5787 [Eliauus
3620 5730 3831 5787 i’ariar.
3867 5734 4072 5787 llistor.

2494 5800 2590 5854 lib.
2622 5815 2742 5864 xm,
2768 5815 2886 5868 cap.
2923 5802 3014 5855 46.
