4224 6446
147 405 240 470 561

1155 407 1676 469 BIBLIOTHECA.
1714 428 1786 444 -··
1815 405 1978 466 COD.
2013 405 2368 469 CLXXXVI.

3277 408 3390 474 562'

227 525 295 576 ἸΙ
325 523 412 591 κγ’
439 523 514 584 ὡς
552 523 900 594 Ἀλεξάνδρου
943 521 1036 576 τοῦ
1083 523 1314 594 Πάριδος
1337 525 1380 554 ³⁸
1413 522 1502 576 καὶ
1550 520 1716 574 Οίνώ-
1751 527 1792 580 Α
1893 523 1895 586 ξ

1713 549 1716 558 ’
1751 527 1792 580 Δ
1893 519 2080 592 ιθᾶιὺ
2108 521 2371 578 Vicesiina
2415 523 2606 577 tertia:
2644 523 2931 578 Alexandri
2966 539 3058 580 seu
3090 524 3300 580 Paridis
3328 537 3381 581 et

149 631 268 682 νης.
300 616 372 684 ἦν
407 617 653 684 ἐγήματο
680 615 810 682 πρὶν
837 615 870 683 ἧ
891 614 988 684 τὴν
1035 614 1254 683 Ἑλένην
1289 615 1556 684 ἁρπάσαι,
1587 615 1716 674 παῖς

153 707 401 774 Κόρυθος
447 705 679 771 γίνεται,
708 704 894 756 κάλλει
927 705 1100 757 νικῶν.
1121 705 1213 755 τὸν
1257 706 1482 771 πατέρα.
1520 703 1720 754 Τοῦτον

152 798 181 862 ἡ
219 796 407 864 μήτηρ
450 795 636 866 Ἑλένῃ
682 797 1059 864 προσέπεμπε,
1091 795 1419 863 ζηλοτυπίαν
1457 812 1511 845 τε
1544 794 1722 845 κινοῦ-

156 904 220 937 σα
273 886 610 957 Ἀλεξάνδρῳ
643 889 737 940 καὶ
777 888 943 940 κακόν
973 905 1022 939 τι
1069 887 1528 956 διαμηχανωμένη
1579 887 1724 940 Ἐλέσ

155 993 238 1047 νη.
272 977 369 1039 Ὠς
403 978 458 1029 δέ
495 979 731 1049 συνήθης
753 980 799 1011 ⁸³
829 982 856 1032 ὀ
902 979 1147 1049 Κόρυθος
1184 981 1320 1049 πρὸς
1361 981 1576 1048 Ἑλένην
1601 979 1723 1045 ἐγέ-

157 1085 298 1131 νετο,
342 1068 689 1138 Ἀλέξανδρός
733 1088 861 1123 ποτε
915 1071 1197 1142 παρελθὼν
1247 1071 1323 1132 είς
1363 1071 1452 1121 τὸν
1484 1070 1723 1139 θάλαμον

159 1160 286 1230 [ἱόϐ
341 1159 436 1231 R.]
474 1163 567 1213 καὶ
630 1162 959 1231 θεασάμενος
999 1163 1088 1215 τὸν
1140 1163 1379 1231 Κόρυθον
1430 1165 1494 1232 τῇ
1539 1163 1725 1231 Ἑλένῃ

158 1252 540 1320 παρεξόμενον
589 1259 681 1306 καὶ
742 1255 1099 1324 ἀναφλεχθεὶς
1163 1255 1221 1318 ἐξ
1276 1255 1509 1321 ὑποψίας
1567 1254 1726 1316 εὐθὺς

159 1345 396 1411 ἀναιρεῖ.
431 1346 539 1396 Καὶ
569 1345 775 1415 Οἰνώνη
822 1347 921 1414 τῆς
953 1365 1008 1399 τε
1042 1349 1119 1408 εἰς
1167 1347 1336 1414 αὐτὴν
1383 1347 1593 1414 ῦόρεως
1637 1348 1729 1398 καὶ

157 1435 256 1502 τῆς
284 1437 384 1487 τοῦ
419 1439 606 1500 παιδος
638 1440 969 1508 ἀναιρέσεως
1013 1441 1178 1492 πολλὰ
1221 1439 1566 1508 Ἀλέξανδρον
1593 1441 1731 1508 ἀρα-

163 1529 402 1596 σαμένη,
435 1531 524 1580 καὶ
557 1530 855 1581 ἐπειποῦσα
887 1532 1000 1599 (καὶ
1048 1531 1155 1599 γὰρ
1200 1527 1268 1601 ἦν
1296 1531 1559 1592 ἐπίπνους
1593 1548 1729 1598 μαν-

159 1618 309 1678 τιίας
342 1617 436 1668 καὶ
475 1619 642 1686 τομῆς
686 1621 989 1687 φαρμάκων
1033 1622 1369 1689 ἐπιστήμων)
1400 1620 1473 1682 ὡς
1503 1620 1732 1688 τρωθείς

162 1725 294 1758 ποτε
329 1709 424 1760 ὑπ’
468 1709 696 1776 Ἀχαιῶν
726 1710 815 1761 καὶ
854 1709 925 1777 μὴ
960 1714 1242 1778 τυγχάνων
1271 1711 1568 1780 θεραπείας
1605 1711 1728 1780 δεήο

163 1815 316 1850 σεται
350 1801 542 1867 αὐτῆς.
574 1799 755 1853 οἴκαδε
790 1801 895 1870 ᾔει,
929 1801 1191 1873 ’Ὕστερον
1209 1801 1249 1852 δ’
1295 1800 1636 1871 Ἀλέξανδρος
1672 1804 1730 1851 ἐν

1818 611 2158 684 (Enones(3)
2179 613 2360 684 (quam
2383 629 2600 666 uxorem
2626 616 2932 683 priusquam
2959 616 3207 670 Helenam
3233 633 3383 686 rape-

1822 715 1924 766 ret,
1952 706 2168 758 domum
2210 705 2454 770 duxerat)
2505 705 2643 758 ﬁlius
2685 707 2781 759 fuit
2824 706 3116 776 Corythus,
3151 708 3384 773 pulchri-

1822 799 2003 850 tudine
2052 803 2259 863 patrem
2301 810 2578 864 superans.
2618 797 2767 850 Ilunc
2803 807 2973 850 mater
3029 800 3092 851 ad
3127 799 3381 850 Helenam

1823 888 1990 952 misit,
2023 902 2144 940 cum
2178 896 2234 938 nt
2272 886 2632 940 Alexandrum
2671 889 2736 939 ad
2767 889 3090 957 zelotypiam
3127 904 3384 956 provoca-

1826 988 1928 1040 τιτι,
1964 987 2073 1028 tum
2104 985 2159 1028 ut
2190 975 2400 1030 Helena:
2442 977 2636 1030 malum
2699 983 3121 1033 machinaretur.
3159 981 3231 1034 Ut
3262 996 3388 1048 ergo

1824 1067 2090 1135 Corythus
2122 1064 2336 1119 Helena:
2377 1064 2692 1120 familiarior
2737 1083 2855 1120 esse
2899 1069 3086 1134 coepit,
3139 1083 3390 1134 superve-

1828 1158 1979 1210 niens
2023 1157 2312 1226 aliquando
2345 1159 2396 1209 iu
2437 1157 2725 1210 thalamum
2779 1158 3116 1219 Alexander,
3167 1168 3220 1211 et
3267 1175 3388 1210 cum

1828 1243 2024 1298 llelena
2059 1245 2224 1299 lilium
2252 1246 2528 1300 sedentem
2581 1248 2941 1315 conspicatus,
2987 1250 3063 1300 ira
3117 1252 3389 1312 incensus,

1827 1347 2133 1405 suspectum
2161 1346 2378 1404 gnatum
2411 1339 2628 1392 occidit.
2672 1338 2909 1400 (Euonc,
2951 1349 3004 1392 et
3034 1342 3101 1392 oh
3134 1343 3273 1394 hanc
3315 1341 3395 1392 in.

1823 1427 2042 1494 juriam,
2073 1439 2124 1481 et
2157 1431 2222 1482 ob
2254 1429 2344 1482 lilii
2393 1430 2701 1492 interitum,
2739 1432 2902 1484 multa
2937 1432 3242 1486 Alexandro
3292 1433 3396 1484 im-

1830 1533 2066 1590 precata,
2117 1521 2215 1574 hoc
2257 1521 2476 1589 insuper
2522 1523 2718 1590 adjecit
2779 1523 2858 1588 (ut
2896 1533 3016 1576 erat
3069 1525 3395 1577 vaticinandi

1831 1614 1999 1680 perita
2033 1612 2130 1682 (4),
2160 1614 2608 1681 lcgendarumque
2635 1615 2919 1667 herbarum
2961 1615 3034 1683 (FS)
3063 1615 3250 1682 gnara)
3278 1614 3395 1665 vul-

1831 1716 2073 1756 neratum
2102 1719 2222 1757 eum
2251 1707 2537 1772 aliquando
2569 1707 2634 1758 ab
2660 1707 2905 1771 Achivis,
2928 1721 3104 1772 neque
3135 1705 3397 1758 medelam

1838 1798 2216 1864 reperientem,
2254 1812 2312 1848 se
2339 1797 2500 1849 etiam
2531 1797 2977 1863 obsecraturum;
3010 1807 3173 1865 atque
3206 1798 3274 1850 ita
3304 1799 3403 1850 de-

159 1893 222 1957 τῇ
267 1890 409 1958 πρὸς
457 1863 705 1958 ’Ᾰχαιοὺς
749 1863 888 1960 ὑπὲρ
943 1863 1140 1961 Τροίςίς
1185 1893 1330 1962 μάχῃ
1370 1863 1598 1962 τρωθεὶς
1629 1891 1730 1944 ὑπὸ
1765 1863 1804 1916 Β

1765 1863 1804 1916 Β
1838 1904 1979 1940 tnum
2029 1889 2294 1941 discessit.
2339 1889 2467 1943 Post
2504 1890 2664 1958 igitur
2695 1890 2844 1943 Paris
2890 1890 2964 1959 (6)
3005 1893 3057 1942 iu
3097 1905 3268 1958 pugna
3305 1906 3401 1954 pro

159 1981 496 2048 Φιλοκτήτου
527 1983 618 2033 καὶ
673 1982 858 2044 δεινῶς
905 1983 1042 2052 ἔχων
1094 1984 1160 2034 δι’
1193 1985 1404 2052 ἀπήνης
1448 1982 1731 2051 ἐκομίζετο

159 2071 295 2139 πρὸς
341 2072 441 2140 τὴν
475 2071 640 2138 Ἴδην,
699 2073 790 2123 καὶ
852 2073 1243 2141 προεκπέμψας
1297 2075 1512 2142 κήρυκα
1563 2073 1731 2126 ἐδεῖτο

159 2164 431 2234 Οἰνώνηςο
473 2167 504 2234 ή
543 2167 597 2218 δὲ
629 2164 955 2235 ὑϐριστικῶς
990 2167 1132 2236 μάλα
1166 2167 1253 2218 τὸν
1292 2169 1506 2235 κήρυκα
1531 2165 1728 2219 διωσαο

162 2258 298 2326 μένη
336 2258 479 2324 πρὸς
517 2257 736 2327 Ἑλένην
771 2258 904 2310 ἰέναι
947 2257 1289 2328 Ἀλέξανδρον
1335 2258 1637 2321 ἐξωνείδιζε
1661 2258 1726 2310 ⁸⁸.

163 2351 271 2401 Καὶ
314 2350 662 2417 Ἀλέξανδρος
703 2351 800 2418 μὲν
837 2349 975 2402 κατὰ
1012 2351 1110 2418 τὴν
1139 2351 1254 2403 ὁδὸν
1290 2351 1390 2402 ὑπὸ
1437 2351 1532 2402 τοῦ
1560 2351 1730 2421 τραύ-

163 2460 329 2508 ματος
363 2442 614 2512 τελευτᾷ,
635 2442 730 2512 τὴν
757 2443 811 2495 δὲ
849 2446 1010 2515 μήπω
1035 2445 1391 2514 πεπυσμένην
1425 2444 1522 2515 τὴν
1549 2446 1731 2498 τελευ-

159 2533 254 2599 τὴν
292 2533 599 2601 μετάμελος
652 2534 800 2601 ὅμως
825 2535 993 2596 δεινὸς
1019 2535 1064 2565 ⁸⁸
1102 2530 1235 2606 εἶχε,
1287 2537 1378 2587 καὶ
1415 2535 1730 2606 δρεψαμένη

165 2623 255 2689 τῆς
285 2623 428 2685 πόας
458 2623 568 2674 ἔθει
601 2624 800 2692 φθάσαι
824 2629 1171 2695 ἐπειγομένη.
1210 2627 1292 2688 Ὠς
1313 2627 1356 2679 δ’
1387 2627 1550 2696 ἔμαθε
1581 2629 1731 2697 παρὰ

161 2713 247 2764 τοῦ
282 2716 528 2783 κήρυκος
576 2717 657 2795 ὄτι
693 2717 946 2787 τεθνήκοι
977 2721 1069 2771 καὶ
1100 2720 1180 2771 ὅτι
1212 2722 1347 2790 αὑτὴ
1395 2722 1556 2775 αὑτὸν
1599 2723 1728 2792 ἀνῄ-

162 2825 352 2876 ρηκεν,
381 2809 586 2860 ἐκεῖνον
619 2810 716 2878 μὲν
755 2809 882 2880 [224
913 2809 1004 2883 Η.]
1035 2815 1132 2880 τῆς
1153 2812 1197 2842 ⁸⁸
1227 2812 1455 2884 ὕϐρεως,
1483 2814 1614 2884 λίθῳ
1635 2815 1730 2886 τὴν

160 2900 408 2967 κεφαλὴν
439 2899 751 2963 πατάξασα,
793 2903 1026 2970 ἀναιρεῖ,
1059 2903 1137 2973 τῷ
1167 2903 1210 2956 δ’
1255 2905 1601 2977 Ἀλεξάνδρου
1644 2925 1730 2959 νε-

161 2991 279 3060 κρῴ
317 2991 702 3060 περιχυθεῖσα,
733 2994 826 3043 καὶ
856 2992 1028 3044 πολλὰ
1066 2995 1156 3045 τὸν
1185 2995 1360 3046 κοινὸν
1397 2996 1600 3065 ἀμφοῖν
1630 3014 1730 3049 κα-

156 3080 570 3150 ταμεμψαμὲνη
607 3081 856 3150 δαίμονα,
887 3084 1088 3154 ἑαυτὴν
1113 3085 1389 3154 ἀνήρτησε
1434 3089 1500 3155 τῇ
1527 3085 1691 3158 ζώνῃ.

243 3260 309 3312 Ἥ
351 3259 452 3326 κδ’,
483 3262 540 3314 ἐν
575 3263 814 3335 Θεσπείᾳ
871 3265 969 3334 τῆς
1001 3265 1262 3327 Βοιωτίας
1287 3265 1423 3333 (ἔστι
1448 3267 1490 3321 δ’
1519 3269 1549 3337 ἡ
1586 3268 1737 3332 πόλις

157 3353 256 3421 οὐχ
292 3353 428 3415 ἑκάς
452 3355 577 3415 τοὺς
621 3354 928 3423 Ἑλικῶνος)
963 3359 1086 3419 παῖς
1116 3356 1215 3424 ἔφυ
1251 3357 1561 3427 Νάρκισσος
1596 3359 1736 3412 πάνυ

162 3447 324 3508 καλὸς
359 3447 454 3499 καὶ
495 3447 810 3515 ὑπερόπτης
843 3448 1080 3516 Ἔρωτός
1119 3465 1177 3500 τε
1210 3451 1303 3501 καὶ
1338 3451 1601 3518 ἐραστῶν.
1631 3452 1738 3504 Καὶ

160 3538 204 3587 οἱ
247 3537 348 3604 μὲν
394 3535 544 3589 ἄλλοι
582 3536 690 3589 τῶν
741 3537 985 3606 ἐραστῶν
1032 3537 1267 3608 ἐρῶντες
1316 3540 1736 3609 ἀπηγόρευσαν,

175 3629 456 3696 Ἀμεινίας
485 3627 528 3658 ⁸⁷
553 3629 606 3682 δὲ
630 3630 794 3692 πολὺς
818 3626 885 3700 ἦν
919 3633 1190 3698 ἐπιμένων
1234 3632 1326 3683 καὶ
1358 3631 1606 3701 δεόμενος
1626 3649 1638 3660 ·
1665 3634 1740 3694 ὠς

161 3719 203 3768 δ’
236 3719 296 3769 οὐ
348 3717 606 3787 προσίετο
631 3719 766 3772 ἀλλὰ
795 3721 885 3772 καὶ
919 3721 1068 3787 ξίφος
1102 3721 1515 3790 προσέπεμψεν,
1547 3723 1739 3774 ἑαυτὸν

163 3811 269 3878 πρὸ
320 3810 435 3859 τῶν
489 3807 666 3878 θυρῶν
724 3809 1040 3878 Ναρκίσσου
1117 3809 1528 3880 διαχειρίζεται,
1574 3811 1740 3866 πολλὰ

163 3898 566 3960 καθικετεύσας
615 3901 854 3969 τιμωρόν
883 3901 932 3953 οἱ
975 3901 1228 3969 γενέσθαι
1260 3903 1351 3955 τὸν
1401 3905 1540 3960 θεόν.
1599 3906 1655 3958 '0
1683 3907 1739 3959 δὲ

163 3992 478 4058 Νάρκισσος
519 3990 641 4044 ἰδὼν
669 3991 832 4045 αὑτοῦ
867 3993 966 4062 τὴν
994 3993 1116 4062 ὄψιν
1152 3995 1245 4048 καὶ
1275 3995 1374 4064 τὴν
1405 3997 1617 4068 μορφὴν
1649 4000 1739 4050 ἐπὶ

173 4085 386 4152 κρήνης
424 4082 804 4152 ἰνδαλλομένην
829 4085 906 4154 τῷ
948 4084 1117 4148 ὕδατι,
1151 4086 1244 4137 καὶ
1279 4087 1438 4152 μόνος
1463 4089 1558 4139 καλ⁸
1585 4088 1738 4158 πρῶ-

163 4191 250 4235 τος
287 4175 488 4228 ἑαυτοῦ
537 4174 745 4241 γίνεται
799 4176 998 4240 ἄτοπος
1053 4178 1305 4247 ἐραστής.
1369 4179 1532 4242 Τέλος
1593 4182 1737 4250 ἀμη-

164 4269 364 4336 χανῶν,
405 4268 498 4319 καὶ
531 4268 714 4320 δίκαια
769 4269 998 4339 πάσχειν
1038 4270 1242 4340 οἰηθεὶς
1288 4269 1402 4322 ἀνθ’
1434 4265 1508 4324 ὧν
1555 4272 1740 4342 Ἀμει-

165 4359 276 4410 νίου
309 4358 563 4428 ἐξύϐρισε
619 4359 745 4422 τοὺς
787 4361 1016 4429 ἔρωτας,
1049 4362 1241 4413 ἑαυτὸν
1282 4362 1592 4432 διαχρᾶται.
1630 4365 1740 4415 Καὶ

163 4453 217 4516 ἐξ
266 4452 484 4504 ἐκείνου
527 4451 779 4514 Θεσπιεῖς
800 4452 844 4483 ⁸⁸
869 4453 1065 4522 μᾶλλον
1105 4454 1271 4523 τιμᾷν
1318 4456 1410 4506 καὶ
1455 4456 1736 4525 γεραίρειν

161 4545 248 4594 τὸν
284 4544 510 4612 Ἔρωτα
553 4543 646 4594 καὶ
676 4545 810 4614 πρὸς
831 4543 876 4574 ⁸⁵
902 4546 1019 4604 ταῖς
1058 4546 1263 4605 κοιναῖς
1301 4542 1618 4614 θεραπείαις
1640 4549 1733 4599 καὶ

164 4635 269 4704 ἰδία
301 4634 458 4686 θύειν
489 4632 752 4700 ἔγνωσαν.
783 4634 1008 4687 Δοκοῦσι
1035 4635 1141 4688 δ’οί
1171 4635 1452 4706 ἐπιχώριοι
1476 4641 1566 4688 τὸν
1597 4638 1724 4706 νάρ-

161 4744 376 4786 κισσονς
401 4726 463 4778 τὸ
510 4726 667 4787 ἄνθος
717 4725 773 4791 ἐξ
812 4727 1026 4794 ἐκείνης
1073 4727 1284 4796 πρῶτον
1322 4725 1422 4794 τῆς
1451 4728 1555 4796 γῆς
1603 4729 1735 4779 ἀνα-

162 4824 334 4889 σχεῖν,
361 4821 444 4882 είς
473 4818 538 4888 ἣν
569 4820 796 4892 ἐξεχύθη
821 4823 882 4876 τὸ
910 4823 1004 4876 τοῦ
1040 4825 1350 4896 Ναρκίσσου
1384 4821 1550 4897 αἷμα.

1835 1978 1993 2048 Troja
2055 1982 2312 2035 adversus
2351 1982 2583 2034 Achivos
2649 1996 2676 2032 a
2740 1981 3033 2035 Philoctete
3070 1983 3400 2042 vulneratus,

1834 2075 2174 2142 graviterque
2239 2075 2476 2137 saucius,
2534 2075 2598 2126 ad
2648 2073 2791 2127 Idam
2855 2090 3018 2128 curru
3083 2076 3400 2136 vehebatur,

1834 2167 2216 2234 prremissoque
2293 2167 2519 2230 nuntio,
2578 2164 2856 2220 OEuonem
2933 2168 3252 2234 deprecatus
3300 2176 3398 2216 est.

1835 2258 1959 2312 llaec
1983 2257 2364 2310 contumeliose
2393 2257 2547 2310 valde
2577 2257 2762 2309 nuntio
2788 2257 3007 2323 rejecto,
3046 2258 3109 2309 ad
3149 2257 3400 2310 Ilelcuam

1835 2349 1912 2402 ire
1938 2346 2186 2401 Paridem
2213 2363 2306 2415 per
2349 2348 2653 2402 convicium
2693 2347 2874 2414 jussit.
2905 2347 2994 2400 Ille
3043 2349 3256 2401 interim
3309 2364 3404 2414 per

1835 2439 1974 2491 viam
1997 2454 2062 2491 ex
2098 2437 2319 2492 vulnere
2349 2438 2488 2492 diem
2515 2439 2708 2490 clausit
2739 2449 3062 2492 extremum.
3097 2445 3397 2507 Antequam

1835 2549 2010 2592 tamen
2052 2543 2116 2590 de
2142 2533 2526 2589 illiusinteritu
2562 2534 2856 2602 quidquam
2907 2531 3130 2587 OEnone
3167 2533 3402 2585 iuaudis-

1833 2641 1934 2694 set,
1959 2628 2270 2696 pwiiiteiitia
2295 2627 2442 2693 gravi
2466 2626 2625 2679 ducta
2649 2635 2748 2685 est,
2779 2624 3064 2692 herbisque
3092 2625 3262 2686 lectis,
3287 2640 3404 2676 cur-

1835 2721 2004 2775 ricnlo
2037 2719 2326 2774 festinabat
2373 2728 2719 2786 pncvertere.
2750 2719 2816 2769 At
2848 2718 2933 2770 ubi
2971 2727 3239 2768 mortuum
3285 2731 3404 2768 esse

1829 2814 1961 2881 jam,
1997 2823 2052 2866 ct
2091 2811 2304 2879 quidem
2373 2811 2439 2864 ab
2470 2825 2532 2863 ea
2573 2821 2823 2862 necatum
2851 2849 2864 2868 ,
2928 2810 3147 2861 nuntius
3203 2809 3402 2870 retulit,

1835 2907 1977 2959 hunc
2004 2905 2257 2973 primum,
2291 2902 2466 2970 lapide
2513 2902 2564 2955 in
2606 2911 2766 2969 caput
2811 2903 3067 2968 impacto,
3109 2901 3178 2954 ob
3207 2903 3405 2954 illatart

1838 2991 2262 3067 [exprobrando]
2300 2992 2551 3059 injuriam
2581 2990 2800 3052 occidit,
2839 2991 3069 3044 Cadaver
3096 3005 3223 3043 vero
3252 2990 3406 3043 Pari-

1837 3087 1919 3138 dis
1957 3083 2223 3150 amplexa,
2255 3092 2306 3135 et
2333 3095 2675 3136 communem
2704 3083 2987 3150 utriusque
3014 3079 3290 3136 fortunam
3314 3081 3406 3134 diu

1765 3193 1809 3250 ς
1841 3184 2054 3244 questa,
2090 3188 2224 3226 zona
2255 3175 2485 3240 seipsam
2521 3171 2898 3242 strangulavit.

1914 3264 2179 3319 Vicesima
2233 3275 2422 3331 quarta
2459 3281 2470 3316 :
2505 3262 2560 3315 In
2615 3263 2831 3317 Bmotia:
2882 3265 3102 3318 civitate
3143 3264 3404 3330 'l'hespeia

1840 3372 1960 3426 quae
1984 3371 2090 3410 non
2119 3355 2273 3423 longe
2296 3357 2362 3408 ab
2389 3353 2644 3408 llelicoue
2672 3355 2773 3408 sita
2802 3365 2903 3418 est,
2938 3371 3070 3422 puer
3095 3366 3250 3408 natus
3275 3355 3409 3406 Nar-

1841 3452 2034 3514 cissus,
2077 3449 2302 3517 pulcher
2336 3447 2644 3508 admodum,
2706 3447 2797 3499 sed
2829 3450 3028 3500 amoris
3072 3459 3408 3501 amatorum-

1839 3555 1943 3611 que
1983 3548 2345 3606 contemptor.
2381 3540 2560 3602 Quare
2590 3538 2690 3602 alii
2724 3540 2936 3605 quidem
2973 3540 3303 3606 despoiidere
3331 3540 3406 3608 (7)

1840 3632 2078 3684 animum
2128 3641 2370 3684 amantes
2419 3641 2701 3699 cmperuut
2745 3649 2759 3685 :
2808 3631 3158 3700 Aminiasque
3201 3642 3406 3684 tantum

1840 3724 2091 3779 assiduus
2136 3733 2256 3777 erat
2293 3733 2345 3778 ct
2380 3727 2625 3792 pertinax
2660 3735 2926 3792 precator.
2965 3725 3033 3777 At
3071 3741 3192 3779 cum
3238 3741 3409 3795 neque

1848 3819 1989 3872 hunc
2019 3819 2230 3872 audiret
2270 3817 2378 3879 ille,
2423 3817 2514 3870 sed
2547 3817 2778 3886 gladium
2815 3817 3032 3885 insuper
3068 3818 3325 3876 mitteret.
3354 3833 3411 3868 se

1843 3910 1957 3978 ipse
1984 3923 2083 3976 pro
2118 3906 2356 3961 Narcissi
2395 3906 2602 3959 foribus
2625 3907 2841 3966 occidit,
2881 3906 3037 3958 deum
3069 3906 3412 3960 vehementer

1841 4007 2113 4069 precatus,
2171 3997 2313 4050 ultor
2346 3996 2444 4049 sibi
2503 4005 2558 4049 ut
2614 3996 2785 4048 ﬁeret.
2823 3993 3108 4049 Narcissus
3138 3996 3212 4063 (8)
3251 3997 3412 4063 igitur

1843 4089 2045 4143 vultum
2099 4087 2387 4155 aliquando
2431 4102 2585 4140 suum
2640 4087 3070 4152 contemplatus,
3122 4085 3417 4156 forumque

1841 4179 2274 4235 simulacrumin
2305 4192 2440 4245 aqua
2491 4175 2658 4231 fontis
2706 4191 2990 4244 apparens,
3049 4188 3104 4231 et
3161 4179 3304 4231 solus
3359 4191 3411 4232 et

1843 4271 2046 4338 primus
2075 4267 2257 4333 incipit
2291 4280 2434 4320 cmco
2481 4266 2560 4318 sui
2596 4279 2780 4317 amore
2820 4265 3070 4333 ﬂagrare.
3107 4268 3244 4336 Ergo
3276 4283 3417 4320 con-

1840 4361 1942 4416 silii
1982 4360 2193 4413 tandem
2220 4359 2392 4422 inops,
2426 4367 2479 4408 et
2510 4356 2683 4423 justas
2723 4371 2840 4410 sese
2870 4359 2997 4409 dare
3039 4372 3224 4423 pennas
3263 4357 3411 4411 arbi-

1844 4463 2036 4516 tratus,
2090 4450 2231 4519 quod
2277 4449 2547 4502 Aminiam
2580 4456 2874 4501 amatorem
2908 4448 3103 4516 injuria
3161 4451 3406 4515 laesisset,

1771 4526 1812 4578 ί)
1844 4553 2068 4599 mortem
2101 4542 2203 4596 sibi
2239 4541 2523 4594 conscivit.
2580 4540 2654 4594 lix
2705 4554 2806 4605 eo,
2851 4557 3106 4608 responso
3160 4546 3301 4605 dato,
3356 4555 3414 4600 ut

1845 4652 1996 4690 amor
2028 4635 2198 4701 magis
2240 4633 2593 4687 houoraretur
2614 4634 3010 4702 colereturque,
3043 4646 3238 4703 printer
3263 4654 3410 4692 com-

1849 4741 2062 4781 munem
2117 4723 2306 4793 135a
2352 4723 2594 4788 cultum,
2643 4725 2892 4794 privatim
2938 4742 3151 4794 quoque
3200 4731 3412 4781 sacrili-

1846 4834 1968 4874 care
1991 4821 2362 4871 decreverunt.
2396 4815 2467 4868 Ea
2501 4825 2677 4869 autem
2700 4816 2992 4868 incolarum
3012 4818 3192 4886 opinio
3211 4827 3291 4871 est
3309 4821 3406 4887 (9),

1848 4910 2076 4977 primum
2109 4920 2170 4958 ex
2214 4904 2300 4956 illa
2341 4913 2480 4955 terra
2514 4905 2786 4956 exstitisse
2839 4906 3139 4957 narcissqu
3191 4905 3400 4969 ﬂorem,

1849 5000 1900 5048 in
1937 5011 2094 5062 quam
2133 4993 2334 5046 ellusus
2361 4992 2596 5046 Narcissi
2631 4995 2849 5062 sanguis
2876 4993 3083 5048 fuisset.

1443 5088 1674 5144 VARle
1709 5088 2113 5146 [.EUTIONES.

262 5173 310 5204 ⁸¹
337 5170 723 5256 ῐξάρξδοςὶκαὶ
778 5174 1293 5256 ηαριδοςμὸςιιιίςιξιο,
1361 5183 1405 5212 ⁸³
1441 5184 1700 5255 συνήθης]
1759 5184 1984 5252 μυηΟείς
2041 5183 2105 5233 Α.
2179 5182 2224 5210 ⁸³
2255 5179 2554 5245 ἐξωνείδιζε
2602 5179 2690 5256 A_:
2719 5178 3006 5256 διωνείὲιζε
3035 5198 3094 5242 ς.

913 5246 936 5254 -ν

3165 5181 3207 5210 ⁸⁵
3231 5181 3400 5243 δεινος

155 5259 302 5324 enrr:
343 5244 388 5293 Α
418 5260 440 5324 τ’
461 5244 647 5304 δεινῶς
677 5262 778 5324 9-.“
795 5245 840 5278 ⁸⁸
877 5246 976 5324 τῆς
1007 5249 1049 5298 Α
1082 5265 1094 5300 :
1130 5244 1251 5324 ἀντὶ
1277 5251 1373 5318 τῆς
1407 5271 1464 5316 ς.
1522 5244 1570 5284 ⁸⁷’
1597 5244 2049 5324 ἀπηγορεῦθησαν
2083 5244 2408 5319 gamma,-
2431 5253 2567 5311 A,et
2590 5248 2725 5301 infra
2762 5250 3025 5317 Ἀμινίου.
3085 5251 3127 5279 ⁸³⁸
3160 5250 3402 5312 θεσπιεῖς

1692 5393 1918 5448 NOTAE

159 5318 201 5366 Α
233 5337 246 5366 ;
275 5312 544 5374 θεσπίσας
596 5331 655 5376 ς’.
734 5315 779 5344 ⁸⁹
812 5317 903 5368 καὶ
936 5312 1070 5370 ante
1122 5321 1258 5388 πρὸς
1282 5312 1505 5375 ιιιιιΙδΛ.

231 5469 311 5551 (5)
356 5468 1095 5551 LegePartlnen,‘Epw:z3«Bv
1125 5491 1248 5542 cap.
1284 5477 1389 5532 401
1420 5480 1507 5541 5i,
1542 5496 1595 5534 et
1625 5479 1730 5551 Ly-

160 5545 453 5610 cuphrou_
478 5540 706 5610 Cassau.
734 5541 956 5607 ejusque
983 5540 1205 5610 interpr.

234 5610 312 5675 (4)
345 5610 390 5661 Α
426 5608 571 5683 Rhea
600 5611 810 5673 educta,
851 5623 906 5665 ut
944 5614 1050 5666 vult
1089 5608 1335 5683 Apollod.
1379 5620 1470 5673 lib.
1510 5638 1591 5680 ιιι.
1643 5623 1730 5675 ubi

159 5694 213 5732 ct
240 5683 399 5746 plura
432 5684 496 5730 de
525 5681 624 5732 his.

236 5749 321 5827 αἲξ),
353 5749 500 5800 υυηυ
527 5748 809 5827 Αιισιιιίηιιῖδε
842 5761 904 5827 ut
943 5753 1056 5821 ipsa
1088 5771 1184 5808 sua
1210 5760 1364 5813 docet
1389 5761 1611 5827 cpistola
1661 5765 1723 5813 ad

160 5821 413 5873 inrident
448 5822 586 5881 apud
612 5820 767 5872 Ovid.
799 5821 848 5872 in
877 5824 966 5874 lin.

235 5893 311 5955 g6)
344 5887 468 5941 Utet:
492 5889 552 5954 ρ.
594 5890 820 5946 Calaber
866 5893 1162 5960 posteriore
1199 5911 1348 5966 parte
1394 5899 1511 5953 libri
1559 5902 1637 5953 sui
1666 5917 1718 5960 x,

1839 5483 1993 5549 paulo
2057 5482 2212 5532 aliter
2261 5480 2559 5549 describit:
2598 5475 2751 5549 Vult“
2786 5479 2924 5528 enim
2967 5479 3077 5530 fato
3127 5485 3398 5532 decretum

1840 5545 2004 5604 luisse
2035 5563 2089 5604 ut
2117 5567 2217 5603 non
2253 5551 2354 5600 ιι.δί
2389 5553 2453 5602 ah
2483 5546 2701 5599 Olirmne
2726 5545 2871 5617 l’aris
2900 5552 3075 5601 curari
3108 5562 3307 5617 pUSsel,
3350 5568 3404 5605 et

1840 5625 2004 5689 ipsam
2044 5639 2099 5672 se
2133 5622 2183 5672 in
2219 5636 2404 5685 rogum
2436 5621 2608 5670 ttt:trill
2637 5615 2952 5682 conjecisse,
2984 5631 3091 5673 etc.

1910 5692 1982 5756 (7)
2017 5692 2223 5754 Sequor
2251 5691 2310 5739 τὸ
2340 5691 2738 5755 ἀπηγόρευσαν.

1905 5762 1977 5829 l8)
2012 5761 2240 5814 l‘ausan.
2285 5757 2499 5811 b’wutic.
2549 5757 2840 5827 legendus,
2891 5767 2942 5811 et
2981 5759 3138 5814 Ot'itl.
3179 5759 3391 5814 Metam.

1903 5906 1980 5967 (fl)
2015 5902 2116 5954 Sed
2147 5918 2298 5958 vana.
2339 5912 2391 5953 ut
2419 5901 2565 5955 dot-cl
2601 5901 2830 5958 l‘ausan.
2865 5901 3073 5956 Uwutir,
