4224 6446
756 412 865 474 563

760 618 974 677 Cretam
992 636 1084 676 rex
1101 621 1293 687 tenuit,
1312 620 1687 689 Dmdalumque
1700 621 1717 689 (
1725 618 1811 690 lO)
1828 621 2152 689 quaesiturus
2163 622 2335 678 classe

762 716 1023 770 instructa
1057 715 1328 783 navigavit
1367 714 1419 766 in
1454 713 1731 768 Sicaniam
1769 715 1910 782 (qua:
1938 715 2097 769 hodie
2144 713 2332 769 Sicilia

763 806 1006 871 dicitur),
1027 806 1115 859 ubi
1154 820 1183 858 a
1214 804 1395 859 Cocali
1428 821 1537 858 ora:
1565 806 1706 859 illius
1737 805 1877 873 regis
1906 804 2118 860 ﬁliabus
2141 818 2224 860 est
2253 807 2335 860 in-

766 897 1042 953 terfectus.
1069 897 1226 950 Natio
1268 897 1394 951 hinc
1424 897 1792 963 Cretensium,
1830 898 1972 967 regis
2017 900 2097 951 sui
2132 899 2333 953 caedem

764 994 966 1057 ultnra,
1005 992 1199 1045 bellum
1229 992 1490 1045 adversus
1517 990 1729 1045 Siculos
1761 994 2023 1061 suscepit.
2058 992 2164 1046 Sed
2208 993 2334 1047 victi

765 1086 956 1140 Cretes
998 1100 1117 1139 cum
1154 1085 1370 1137 domum
1400 1085 1649 1147 redeunt,
1693 1084 1759 1137 ad
1792 1084 2016 1155 lapygas
2068 1085 2183 1155 (ll)
2212 1095 2336 1139 sunt

768 1186 1089 1247 tempestate
1110 1177 1271 1231 delati
1296 1194 1310 1229 :
1333 1176 1512 1246 ibique
1536 1187 1647 1229 tum
1665 1177 1819 1232 sedes
1839 1178 2098 1243 ﬁxerunt,
2114 1179 2335 1249 lapyges

772 1287 873 1341 pro
890 1270 1246 1324 Cretensibus
1272 1268 1421 1323 lacti.
1451 1268 1580 1324 Post
1606 1270 1795 1324 horum
1827 1285 1955 1339 pars
1976 1272 2217 1339 quaedam
2245 1286 2338 1339 per

770 1363 1086 1417 seditionem
1144 1362 1266 1415 inde
1300 1361 1519 1429 expulsa
1547 1402 1563 1425 ,
1607 1362 1808 1416 oraculi
1856 1378 2171 1432 responsum
2209 1364 2337 1417 illud

771 1454 1115 1508 consulentes
1162 1464 1511 1516 acceperunt,
1560 1454 1649 1507 ubi
1693 1454 1817 1522 quis
1868 1455 1999 1521 ipsis
2052 1465 2251 1509 terram
2289 1464 2342 1508 et

772 1559 966 1613 aquam
1004 1544 1287 1613 praeberet,
1333 1544 1402 1597 ibi
1436 1553 1491 1597 ut
1518 1545 1843 1598 habitarent.
1884 1545 2059 1613 Atque
2112 1547 2183 1601 ita
2221 1547 2342 1598 But-

774 1635 1018 1686 tiaeorum
1053 1643 1250 1686 terram
1290 1631 1648 1685 incoluerunt.
1692 1630 1766 1685 lbi
1797 1634 1938 1685 enim
1981 1633 2158 1701 pueri,
2190 1633 2345 1700 panis

775 1736 1205 1793 ceterorumque
1256 1724 1723 1777 condimenlorum
1782 1724 1926 1778 varia
1986 1741 2184 1793 genera
2250 1740 2347 1793 per

772 1816 956 1870 ludum
983 1826 1037 1870 et
1078 1816 1255 1881 jocum
1285 1830 1349 1868 ex
1386 1815 1495 1869 luto
1542 1815 1826 1883 tingentes,
1875 1816 2183 1883 petentibus
2215 1817 2345 1883 ipsis

1910 411 2175 473 PHOTII
2199 412 2707 475 ΡΑΤΒΙΛΒΟΗᾹΞ
2747 417 2855 475 CP.

831 530 1097 585 Vicesima
1126 527 1338 598 quinta.
1380 525 1551 584 Ilinos
1603 525 1752 581 Jovis
1805 537 1860 581 et
1913 526 2139 598 Europa:
2179 528 2320 583 Illius
2354 531 2399 589 Α

2511 529 2575 580 Ἦ
2608 529 2684 581 κε’
2710 529 2784 591 ὡς
2832 528 3015 591 Μίνως
3055 529 3168 591 υίδς
3201 527 3321 590 Διὸς
3349 528 3443 581 καὶ
3488 526 3777 598 Εὐρώπης,
3804 529 3834 578 ό
3858 528 4015 598 βασι-

2437 621 2608 674 λεύων
2638 623 2882 692 Κρήτης,
2905 622 3047 675 κατά
3081 622 3307 692 ζήτησιν
3352 620 3611 676 Δαιδάλου
3641 620 3829 692 στόλῳ’
3850 622 4014 674 πλεύ⁹

2440 731 2535 776 σας
2564 715 2643 775 είς
2667 714 2923 767 Σικανίαν
2964 713 3122 785 (αῦτη
3149 714 3193 767 δ’
3232 714 3382 766 ἐστὶν
3415 714 3449 783 ἡ
3492 711 3588 766 νῦν
3629 712 3873 781 Σικελία)
3909 714 4015 765 ὑπή

2436 806 2544 858 τῶν
2578 805 2844 858 Κωκάλου
2885 806 3199 875 θυγατέρων
3235 804 3539 876 (ἐϐασίλευε
3582 804 3627 857 δ’
3658 799 3812 866 οὗτος
3854 805 4015 855 Σικε-

2438 898 2545 951 λῶν
2573 897 2641 967 ⁵⁸)
2671 900 2995 968 ἀναιρεῖται.
3032 898 3139 950 Kal
3178 898 3240 949 τὸ
3276 897 3551 967 Κρητικὸν
3594 897 3824 965 πολεμεῖ
3858 898 4013 948 Σικε-

2440 993 2549 1055 λοῖς
2579 993 2719 1063 ὑπὲρ
2748 992 2842 1046 τοῦ
2874 990 3156 1062 βασιλέως,
3196 993 3289 1044 καὶ
3317 992 3571 1061 ἡττᾶται.
3603 991 3714 1043 Kal
3764 990 4016 1043 ἐπανιόν-

2439 1104 2529 1149 τες
2560 1086 2663 1138 ὑπὸ
2690 1086 2955 1155 χειμῶνος
2979 1085 3235 1151 ἐξέπεσον
3262 1086 3342 1146 είς
3377 1084 3654 1149 Ἰάπυγας,
3693 1083 3787 1135 καὶ
3825 1081 4016 1134 αὐτόθι

2439 1179 2559 1231 τότε
2617 1179 2919 1245 ἱδρύσαντο,
2960 1178 3083 1231 ἀντὶ
3126 1178 3361 1249 Κρητῶν
3410 1176 3699 1245 γεγονότες
3734 1178 4013 1243 Ἰάπυγες.

2440 1270 2633 1341 Χρόνῳ
2655 1270 2710 1322 δὲ
2736 1270 2958 1340 ὕστερον
2992 1270 3156 1340 μοῖρά
3184 1287 3266 1334 τις
3290 1269 3429 1323 κατὰ
3467 1270 3652 1323 στάσιν
3686 1270 4016 1330 ἐκπεσόντες

2442 1365 2538 1433 τῆς
2566 1363 2749 1435 χώρας
2766 1364 3011 1434 χρησμὸν
3036 1361 3245 1425 ἐλαὸον,
3269 1361 3396 1415 ἔνθα
3415 1361 3769 1424 ᾶντιςαύτοίς
3789 1360 3895 1430 γῆν
3920 1362 4018 1413 καὶ

2444 1456 2585 1525 ὕδωρ
2609 1456 2773 1526 ὀρέξῃ
2801 1456 2870 1521 ’⁸,
2901 1455 3134 1507 ἐνταῦθα
3178 1453 3496 1518 οἰκίζεσθαι.
3534 1453 3645 1507 Kal
3697 1455 3926 1523 ᾠκησαν
3970 1454 4018 1485 ’⁸

2442 1549 2539 1617 τὴν
2573 1547 2891 1600 Βοττιαίων·
2926 1548 3041 1599 ἐκεῖ
3073 1547 3181 1616 γάρ
3208 1545 3392 1608 παῖδες
3432 1545 3610 1615 ἄρτων
3649 1543 3764 1614 εἴδη
3797 1545 3894 1597 καὶ
3926 1545 4021 1597 ἆλ-

2445 1641 2549 1692 λων
2576 1640 2723 1708 bow»;
2756 1638 3040 1703 παίζοντες
3083 1637 3191 1690 ἀπὸ
3220 1637 3391 1708 πηλοῦ
3426 1638 3520 1689 καὶ
3552 1636 3900 1699 πλάττοντες,
3932 1638 4020 1688 al-

2444 1733 2727 1802 τουμένοις
2764 1732 3043 1783 ἐπέδωκαν
3091 1730 3274 1792 αὐτοῖς
3312 1730 3432 1781 ἀντὶ
3471 1728 3653 1797 ἄρτων
3698 1729 3825 1790 τοὺς
3858 1727 4020 1797 πηλί-

2446 1843 2569 1887 νους
2618 1825 2849 1896 ἄρτους·
2898 1823 2992 1875 καὶ
3041 1823 3095 1873 οῖ
3135 1839 3197 1888 γε
3260 1821 3351 1873 τὸν
3396 1820 3645 1891 χρησμὸν
3705 1817 4019 1878 τετελέσθαι

771 1908 930 1978 panis
960 1907 1080 1961 loco
1112 1906 1505 1961 distribuerunt
1555 1906 1726 1959 luteos
1777 1920 1944 1973 panes
1977 1925 1989 1960 :
2030 1918 2083 1961 et
2115 1906 2189 1959 illi
2241 1907 2337 1959 im-
2374 1915 2420 1973 Β

2482 1914 2765 1983 ομίσαντες
2812 1915 3083 1984 ᾐτήσαντο
3110 1912 3202 1989 τὸν
3250 1912 3474 1982 βασιλέα
3518 1909 3866 1973 Μακεδόνων,
3926 1912 4025 1961 καὶ

773 1999 977 2068 pletum
1014 2013 1135 2052 esse
1166 1997 1442 2052 oraculum
1476 1998 1834 2064 interpretati,
1881 1999 2061 2051 sedem
2093 2012 2123 2051 a
2171 1996 2347 2052 Mace-

774 2092 973 2144 donum
1009 2105 1135 2158 rege
1160 2073 1510 2158 postulantes,
1547 2088 1895 2143 Bottiaaurum
1918 2104 2067 2143 oram
2100 2090 2347 2144 habitan-

775 2187 896 2237 dam
938 2194 1281 2251 acceperunt,
1314 2192 1369 2237 et
1408 2184 1747 2238 Cretensium
1811 2199 2002 2237 nomen
2036 2184 2145 2254 jam
2191 2186 2347 2238 tertio

774 2292 895 2329 cum
943 2275 1288 2329 Bottiteorum
1320 2287 1735 2342 commutantes,
1796 2277 1972 2345 portio
2020 2292 2163 2331 nunc
2221 2289 2348 2332 sant

775 2370 1149 2424 Macedonum.

850 2462 1119 2517 Vicesima
1164 2470 1313 2514 sexta
1361 2471 1546 2515 narrat
1604 2461 1868 2531 Apollinis
1908 2472 2212 2532 spectrum,
2263 2462 2347 2515 cui

773 2555 1093 2625 Carno(12)
1149 2570 1367 2616 nomen,
1426 2555 1716 2608 Dorienses
1767 2555 1917 2623 sequi
1980 2555 2221 2620 solitum,
2284 2557 2350 2609 ab

776 2648 1006 2717 Hippota
1036 2648 1147 2716 (l3)
1180 2648 1415 2715 quodam
1466 2662 1495 2701 ο
1563 2647 1730 2713 stirpe
1791 2645 2035 2700 Herculis
2077 2658 2186 2700 tum
2233 2661 2352 2701 esse

778 2740 1149 2802 interfectum,
1175 2754 1295 2791 cum
1328 2740 1378 2790 in
1412 2737 1838 2806 Peloponnesum
1877 2737 2173 2791 Heraclidae
2212 2740 2351 2791 redi-

780 2842 918 2887 rent.
952 2831 1089 2885 Cum
1114 2846 1240 2900 ergo
1266 2840 1551 2898 propterea
1582 2840 1728 2899 peste
1754 2830 1992 2896 graviter
2018 2830 2351 2893 laborarent,

779 2923 1005 2979 oraculo
1066 2933 1286 2992 accepto
1341 2938 1370 2976 e
1421 2924 1614 2977 castris
1672 2924 1933 2990 Ilippoten
2009 2925 2349 2989 expulerunt.

788 3017 913 3071 Erat
946 3029 1126 3070 autem
1162 3024 1438 3085 spectrum
1498 3018 1597 3070 hoc
1653 3016 2005 3070 Doriensihus
2035 3019 2171 3070 vatis
2213 3016 2354 3070 loco.

787 3112 853 3165 Et
894 3110 1187 3164 Heraclidae
1250 3110 1468 3177 quidem
1509 3119 1620 3161 tmn
1676 3111 1726 3161 in
1772 3108 2198 3177 Peloponnesum
2245 3124 2354 3163 tra-

780 3205 1029 3272 jeceruut
1064 3220 1076 3255 :
1117 3201 1375 3269 Hippotes
1398 3214 1523 3254 vero
1548 3200 1636 3253 ille
1656 3200 1939 3263 oberrans,
1969 3201 2135 3253 lilium
2170 3205 2355 3271 genuit

785 3270 868 3348 cui
934 3311 996 3347 ex
1056 3308 1113 3346 re
1163 3292 1330 3345 Aleta:
1378 3292 1488 3362 (ll)
1534 3306 1724 3345 nomen
1790 3291 1957 3344 dedit.
1998 3291 2093 3346 Hic
2138 3270 2224 3347 ubi
2291 3295 2353 3347 ad
2384 3270 2426 3325 ο

786 3392 999 3437 :etatem
1078 3380 1287 3433 virilem
1363 3382 1650 3448 pervenit,
1720 3379 1896 3433 Dorici
1956 3382 2132 3449 populi
2206 3393 2358 3450 parte

787 3475 1035 3535 collecta,
1089 3472 1370 3541 pulsisquc
1426 3471 1757 3541 Sisyphidis,
1820 3473 1911 3542 qui
1962 3483 2072 3525 tum
2110 3473 2358 3527 Corinthi

790 3579 945 3633 rcges
975 3574 1153 3623 erant,
1183 3577 1303 3615 cum
1336 3561 1574 3628 ipsorqu
1607 3562 1771 3615 sociis
1800 3562 2041 3625 lonibus,
2083 3564 2269 3617 urbem
2302 3564 2363 3615 il-

789 3657 894 3709 lam
962 3656 1138 3709 denuo
1180 3652 1371 3705 incolis
1436 3653 1625 3721 replet,
1692 3654 2056 3723 pergebatque
2104 3656 2363 3709 adversus

793 3751 1051 3808 Atticam,
1084 3762 1203 3799 cum
1235 3744 1440 3797 oraculi
1472 3758 1789 3813 responsum
1823 3746 1996 3799 eidem
2019 3747 2201 3800 datum
2227 3785 2243 3809 ,
2287 3748 2367 3799 vi-

793 3853 994 3896 ctorem
1019 3840 1154 3901 fore,
1176 3839 1218 3890 si
1240 3836 1307 3889 ab
1325 3835 1737 3889 Atheniensium
1758 3851 1879 3908 rege
1902 3838 2201 3893 abstineret
2225 3840 2363 3907 (l5).

792 3934 905 3987 Hoc
934 3931 1156 3985 oraculo
1182 3929 1247 3981 ab
1289 3927 1713 3981 Atheniensibus
1748 3931 1988 3998 cognito.
2030 3931 2208 3985 Codro
2252 3948 2367 4000 sepe

795 4024 1117 4093 tnagenario
1146 4019 1492 4090 persuadent,
1546 4020 1719 4073 libens
1766 4034 1822 4074 se
1852 4036 1948 4087 pro
1981 4023 2153 4090 patria
2186 4032 2242 4076 ut
2278 4025 2370 4077 de-

794 4130 1005 4171 vnveat.
1048 4117 1139 4171 llle
1188 4127 1337 4171 VCSle
1389 4124 1616 4178 mutata,
1658 4112 1815 4181 quasi
1866 4112 2191 4181 lignatorum
2231 4129 2367 4167 unus

796 4222 962 4275 esset,
998 4226 1026 4262 a
1071 4210 1314 4263 Doricusi
1350 4209 1581 4277 quodam
1616 4206 1958 4259 interﬁcitur.
1993 4203 2279 4259 Dorienses
2314 4220 2369 4259 re

798 4315 981 4371 postea
1018 4304 1255 4371 cognita,
1285 4303 1352 4356 de
1382 4301 1604 4354 victoria
1633 4301 2003 4367 desperantes,
2039 4314 2159 4350 cum
2205 4298 2371 4352 Athe-

797 4396 1078 4449 niensibus
1121 4397 1269 4463 pacis
1298 4395 1499 4447 l'tndera
1537 4394 1793 4445 inierunt.

882 4488 1140 4541 Vicesima
1190 4486 1419 4554 septima
1457 4484 1624 4538 rel'crt
1666 4485 1729 4536 de
1798 4486 1955 4535 rebus
2002 4483 2361 4547 Deucalionis,

796 4580 888 4649 qui
921 4580 971 4633 in
996 4578 1309 4632 Phthiotide
1342 4578 1605 4645 regnavit,
1664 4574 1838 4642 deque
1876 4573 2098 4628 Cra-cia:
2143 4576 2371 4627 inunda-

798 4675 946 4726 tione
995 4672 1116 4741 ejus
1168 4672 1501 4739 temporibus
1548 4688 1559 4722 :
1606 4684 1669 4722 ac
1727 4670 1792 4721 de
1839 4668 2054 4720 llcllenc
2106 4668 2215 4721 lilio
2260 4670 2375 4735 ejus

805 4764 992 4833 135!)
1032 4762 1271 4832 (quidam
1300 4759 1448 4812 Jovis
1474 4774 1591 4812 esse
1626 4759 1833 4817 dicunt)
1856 4758 2015 4823 quiet
2053 4757 2374 4811 Deucalione

803 4868 1040 4920 mortuo,
1082 4858 1132 4906 in
1169 4868 1333 4920 regno
1368 4851 1650 4914 successit,
1687 4849 1984 4914 habuitque
2050 4848 2186 4899 ﬁlios
2247 4858 2374 4899 tres.

804 4946 883 4999 Ex
927 4947 1010 4999 his
1040 4944 1255 4998 AZulum
1314 4950 1437 4992 natu
1483 4938 1805 4998 maximum,
1837 4938 2028 4989 merito
2066 4935 2232 4987 voluit
2263 4934 2378 5001 ejus

810 5037 1044 5105 regionis
1082 5044 1354 5103 sceptrum
1389 5045 1590 5094 tenere,
1623 5031 1707 5085 cui
1747 5030 1971 5096 ipsemet
1998 5038 2154 5080 antea
2208 5027 2377 5093 impe-

2448 2007 2636 2059 ἐλαὸον
2691 2010 2859 2060 οἰκεῖν
2901 2008 2998 2078 τὴν
3054 2007 3373 2068 Βοττιαίων,
3426 2005 3551 2077 [457
3607 2003 3697 2076 IL]
3739 2005 3831 2057 καὶ
3892 2004 4023 2056 Bor-

2446 2102 2610 2153 τιαῖοι
2657 2100 2755 2169 μὲν
2801 2100 2984 2169 τρίτον
3029 2100 3184 2168 γένος
3238 2100 3345 2153 ἀπὸ
3397 2098 3631 2169 Κρητῶν
3682 2098 4024 2168 ἀμείψαντες

2454 2197 2615 2267 μοῖρα
2652 2194 2745 2246 νῦν
2775 2194 2880 2246 εἰσὶ
2905 2194 3252 2248 Μακεδόνων.

2538 2464 2601 2516 Ἢ
2630 2470 2721 2529 κς¹
2771 2462 3024 2526 διέξεισιν
3077 2461 3151 2523 ὡς
3202 2460 3394 2529 φάσμα
3442 2458 3803 2522 Ἀπόλλωνος,
3854 2457 4031 2527 δνομα

2454 2556 2692 2625 Κάρνος,
2724 2553 3019 2623 Δωριεῦσιν
3045 2552 3333 2619 ἑπόμενον,
3376 2550 3636 2618 Ἱππότης
3669 2567 3754 2611 τις
3789 2547 3901 2601 τῶν
3938 2549 4033 2615 ἀφ’

2467 2647 2797 2716 Ἡρακλέους
2827 2648 3059 2715 ἀναιρεῖ,
3082 2644 3171 2696 ὅτε
3202 2643 3477 2713 κατῄεσαν
3512 2645 3591 2705 εἰς
3622 2642 4035 2711 Πελοπόννησον

2466 2739 2839 2810 Ἡρακλεῖδαι.
2865 2737 2974 2791 Kal
3002 2736 3192 2805 λοιμοῦ
3218 2736 3430 2798 τούτοις
3457 2735 3881 2804 προσπεσόντος,
3909 2751 4035 2801 χρη-

2459 2834 2592 2901 σμὸν
2621 2832 2667 2862 ’³
2702 2830 2957 2893 λαϐόντες
2994 2831 3201 2899 ἤλασαν
3246 2828 3339 2879 τὸν
3381 2827 3639 2893 Ἱππότην
3666 2824 3760 2878 τοῦ
3804 2841 4036 2895 στρατο-

2459 2926 2639 2979 πέδου.
2675 2927 2883 2986 Μάντις
2926 2925 2971 2974 δ’
2996 2918 3064 2992 ἦν
3111 2924 3173 2973 τὸ
3221 2921 3412 2989 φάσμα
3445 2922 3493 2951 θ’
3543 2921 3652 2980 τοῖς
3702 2918 4032 2987 Δωριεῦσιν.

2472 3018 2851 3087 Ἡρακλείδαις
2910 3015 3005 3084 μὲν
3056 3014 3280 3074 κάθοδος
3336 3014 3415 3074 el;
3474 3010 3882 3078 Πελοπόννησον
3914 3008 4036 3076 ἐγέ-

2461 3128 2613 3162 νετοο
2665 3112 2693 3161 ό
2736 3108 2780 3160 δ’
2825 3109 3081 3173 Ἱππότης
3133 3105 3415 3173 ἀλώμενος
3440 3104 3485 3135 ’⁵
3514 3104 3688 3155 τίκτει
3740 3102 3932 3164 παῖδα,
3976 3102 4040 3152 ἐκ

2461 3202 2551 3254 τοῦ
2589 3203 2911 3269 πράγματος
2956 3199 3184 3267 Ἀλήτην
3226 3196 3482 3258 καλέσας,
3514 3194 3573 3256 ὃς
3614 3193 3914 3264 ἀνδρωθεὶς
3945 3194 4042 3243 καὶ

2464 3296 2657 3364 μοῖραν
2700 3292 2793 3343 τοῦ
2821 3288 3065 3359 Δωρικοῦ
3105 3288 3385 3351 συλλέξας,
3419 3287 3511 3339 καὶ
3543 3286 3834 3353 Σισυφίδας
3869 3285 4041 3337 ἐκϐα-

2462 3387 2568 3438 λὼν
2620 3382 2883 3452 Κορίνθου
2928 3381 3182 3451 βασιλέας
3219 3380 3379 3441 ὄντας
3428 3379 3682 3441 καὶτοὺς
3716 3379 3813 3431 σὺν
3855 3379 4043 3439 αὐτοῖς

2468 3480 2681 3539 Ἴωνας,
2712 3477 2973 3539 ἀνοικίζει
3018 3475 3115 3545 τὴν
3147 3475 3301 3526 πόλιν
3322 3475 3414 3525 καὶ
3442 3473 3599 3543 ἐπῄει
3629 3472 3769 3524 κατὰ
3789 3472 3890 3540 τῆς
3920 3472 4044 3522 Ἀτ-

2465 3571 2641 3639 τικῆς,
2679 3568 2805 3640 [2'25
2846 3566 2935 3640 H.]
2967 3568 3053 3619 ὅτε
3080 3567 3175 3619 καὶ
3205 3564 3449 3635 χρησμὸν
3474 3563 3739 3633 λαμϐάνει
3769 3562 4041 3631 νικήσειν,

2467 3666 2514 3715 εἰ
2569 3663 2891 3729 ἀπόσχοιντο
2936 3658 3029 3711 τοῦ
3092 3656 3356 3726 βασιλέως
3411 3655 3729 3725 Ἀθηναίων.
3794 3654 3907 3706 Καὶ
3950 3653 4045 3706 τοῦ

2468 3752 2716 3823 χρησμοῦ
2768 3750 3100 3819 γνωσθέντος
3151 3747 3491 3818 Ἀθηναίοις,
3546 3746 3791 3798 πείθουσι
3836 3744 4050 3814 Κόδρον

2468 3841 2970 3914 ἐὸδομηκοντούτην
3020 3841 3150 3892 ὅντα
3202 3839 3395 3891 ἑκόντα
3444 3836 3627 3891 δοῦναι
3666 3835 3859 3888 ἐαυτὸν
3906 3836 4049 3904 ὑπὲρ

2468 3937 2566 4005 τῆς
2606 3934 2884 4003 πατρίδος.
2922 3934 3030 3985 Καὶ
3071 3931 3444 4001 ἀμειψάμενος
3472 3930 3568 3999 τὴν
3616 3927 3829 3995 στολὴν,
3865 3928 3944 3988 ὠς
3972 3921 4051 3989 εἷς

2470 4028 2577 4081 τῶν
2612 4026 2918 4096 ξυλοφόρων
2969 4026 3056 4092 ὑφ’
3110 4024 3225 4087 ἐνὸς
3279 4024 3385 4076 τῶν
3422 4022 3673 4092 Δωριέων
3717 4021 4047 4088 ἀναιρεῖται.

2472 4119 2581 4172 Καὶ
2620 4118 2840 4187 γνόντες
2885 4118 3109 4185 ὕστερον
3142 4117 3386 4182 Δωριεῖς,
3427 4114 3518 4165 καὶ
3563 4110 3897 4178 ἀπογνόντες
3953 4109 4051 4178 τὴν

2474 4208 2651 4276 νίκην,
2676 4205 2998 4259 ἐσπείσαντο
3036 4204 3363 4273 Ἀθηναίοις.

2559 4476 2623 4527 'H
2652 4475 2730 4539 κζ’
2770 4476 2836 4527 τὰ
2864 4473 2991 4543 περὶ
3024 4470 3391 4532 Δευκαλίωνος
3428 4466 3783 4535 ἀπαγγέλλει,
3824 4464 3883 4527 ὃς
3928 4463 4059 4515 ἐδα-

2482 4569 2659 4622 σίλευε
2704 4568 2751 4597 ’⁸
2795 4565 2895 4633 τῆς
2938 4564 3245 4627 Φθιώτιδος,
3282 4564 3375 4614 καὶ
3422 4561 3515 4614 τοῦ
3556 4560 3676 4614 κατ’
3735 4560 3900 4612 αὑτὸν
3955 4560 4059 4626 τῆς

2493 4662 2739 4720 Ἑλλάδος
2765 4656 3150 4727 κατακλυσμοῦ
3174 4673 3185 4684 ·
3223 4658 3316 4708 καὶ
3354 4656 3481 4725 περὶ
3513 4653 3775 4721 Ἕλληνος
3799 4651 3895 4704 τοῦ
3934 4671 4062 4703 παι-

2479 4755 2565 4816 δὸς
2599 4752 2787 4812 αὑτοῦ,
2834 4751 2893 4804 ὃν
2936 4750 3065 4803 ἔνιοι
3094 4748 3189 4801 τοῦ
3232 4749 3350 4810 Διὸς
3390 4748 3553 4800 παῖδα
3602 4742 3738 4799 εἷναί
3779 4762 3968 4813 φασιν,
4001 4745 4061 4805 ὃς

2482 4847 2575 4898 καὶ
2604 4844 2871 4907 διεδέξατο
2916 4842 3015 4909 τὴν
3061 4840 3339 4910 βασιλείαν
3384 4837 3809 4905 τελευτήσαντος
3857 4838 4065 4887 Δευκα-

2482 4937 2692 4999 λίωνος,
2724 4936 2815 4987 καὶ
2862 4936 3035 4986 τίκτει
3088 4932 3281 4993 παῖδας
3309 4931 3355 4960 ⁸⁷
3394 4932 3561 5002 τρεῖς.
3585 4924 3686 4980 τΩν
3738 4928 3933 4980 Αἴολον
3964 4927 4065 4995 μὲν

2482 5030 2571 5080 τὸν
2613 5028 2827 5097 πρῶτον
2896 5024 3197 5095 βασιλεύειν
3250 5022 3563 5075 ἐδικαίωσεν
3619 5016 3687 5092 ἦς
3740 5017 3879 5091 ἦρχε
3936 5023 4067 5089 γῆς,

2106 5164 2340 5219 VARUE
2382 5165 2762 5221 LECTIONES
2782 5208 2796 5221 .

877 5278 922 5306 "
943 5274 1184 5329 Σικελῶν
1212 5288 1322 5339 mg.
1352 5287 1365 5321 :
1396 5269 1515 5322 libri
1544 5265 1769 5339 Etxemv:
1928 5263 2104 5339 ὀρέξει
2132 5264 2554 5339 θην-ᾤκισαν
2590 5283 2649 5329 ς.
2700 5266 2745 5296 ’³
2770 5263 3041 5339 χρησμόν]
3084 5261 3178 5313 καὶ
3202 5258 3450 5339 χρησμόν
3472 5259 3538 5311 Δ.
3598 5256 3645 5288 ⁸⁸
3674 5257 3972 5326 φάντασμα
3997 5273 4058 5319 τ.

813 5349 855 5381 ’³
879 5343 1180 5416 ἀλώμενος]
1217 5335 1292 5396 el:
1319 5339 1607 5393 Ruhnken.
1628 5339 1695 5390 ad
1732 5335 1917 5403 Vellcj.
1961 5353 2010 5404 p.
2042 5336 2127 5387 1‘2.
2206 5336 2252 5367 ⁸⁸
2276 5335 2593 5387 ἐϐασίλευσε
2625 5353 2685 5399 ς’.

2778 5332 2822 5367 ⁸⁷
2866 5332 3079 5395 παῖδας
3117 5350 3228 5387 oin.
3261 5332 3325 5385 Λ.

2329 5452 2560 5510 ΝΟΤᾸΞ.

882 5563 997 5633 (10)
1024 5565 1165 5632 Lege
1188 5557 1666 5633 Pausan.__Achaic.
1704 5558 1823 5609 init.

888 5628 1002 5700 ill)
1043 5628 1171 5685 Vide
1206 5632 1386 5700 Strab.
1429 5628 1626 5700 Iil)._\'|.

890 5693 999 5771 (le
1036 5702 1240 5783 llwcde
1259 5698 1439 5761 Carno
1467 5697 1623 5751 aliter
1650 5697 1929 5765 aliquanto
1960 5693 2121 5747 refert
2153 5694 2379 5745 l’ausan.

896 5792 947 5826 Ill
987 5776 1229 5827 Laconia

893 5845 1197 5915 tlﬁjQucm
1235 5843 1499 5915 l’hylantii
1555 5843 1718 5897 lilium
1778 5837 1905 5892 facit
1963 5834 2189 5889 Pansan.
2258 5848 2377 5885 cum

2489 5553 2741 5619 Apollod.
2763 5553 2856 5605 lib.
2886 5549 3216 5615 nBibliolh.,
3244 5548 3332 5617 qui
3353 5548 3491 5602 hanc
3508 5546 3574 5600 ad
3603 5542 3941 5613 Naupactum
3972 5557 4068 5611 pa-

2494 5630 2690 5677 [ratam
2727 5625 2927 5677 aedem
2957 5622 3137 5674 tradit.

2566 5694 2678 5759 (ll)
2711 5693 2876 5757 Quasi
2908 5690 3165 5742 Eri-onem
3203 5704 3231 5741 a
3265 5687 3505 5757 parentis
3533 5684 3815 5742 erroribus
3842 5684 4069 5738 dixeris.

2567 5765 2676 5829 (15)
2710 5763 2944 5818 l’ausau.
2983 5760 3102 5815 init.
3134 5759 3463 5813 Corinthian
