4224 6446
165 401 267 466 565

1188 392 1713 455 BIBLIOTHECA.
1754 414 1824 427 —
1849 388 2013 450 COD.
2037 386 2370 449 CLXXXVI

3316 387 3419 453 566

163 510 402 581 Ἀσωττῷ
430 511 526 564 καὶ
553 510 761 563 Ἐνιπεῖ
782 511 901 562 δυσὶ
942 512 1207 579 ποταμοῖς
1236 508 1334 578 τὴν
1372 506 1546 577 ἀρχὴν
1574 505 1743 573 διορι-

1787 508 1819 563 Α
1848 508 2084 563 raverat,
2141 514 2415 569 quamque
2454 500 2637 574 Asopo
2681 505 2734 551 et
2774 496 2975 569 Enipeo
3005 498 3182 555 ﬂuviis
3230 501 3423 556 dister-

166 606 424 674 σάμενος,
449 604 507 669 ἐξ
543 598 604 656 οὗ
642 603 703 653 τὸ
739 601 985 655 Αἰολικὸν
1014 602 1313 668 κατάγεται
1340 600 1494 667 γένος
1519 614 1535 631 ο
1560 598 1743 669 Δῶρος

164 698 206 749 6‘
226 698 256 748 6
278 696 539 765 δεύτερος
571 697 764 764 μοῖραν
793 694 885 747 τοῦ
935 694 1065 748 λαοῦ
1093 694 1275 748 λαϐὼν
1315 694 1465 763 παρὰ
1505 692 1600 745 τοῦ
1637 710 1743 746 πα-

163 788 288 855 τρὸς
329 787 701 851 ἀποικίζεται,
742 789 836 839 καὶ
880 787 983 839 ὑπὸ
1030 786 1121 839 τὸν
1150 787 1472 855 Παρνασσὸν
1522 786 1583 837 τὸ
1621 785 1745 857 ὅρος

164 880 339 943 κτίζει
391 879 598 943 πόλεις,
652 880 826 939 Βοιὸν,
870 878 1122 932 Κυτίνιον
1160 879 1227 937 ⁸⁸,
1279 877 1536 947 Ἐρινέον,
1587 877 1647 941 ἐξ
1684 872 1746 933 οὗ

163 972 430 1038 Δωριεῖς·
496 970 524 1020 6
573 968 627 1020 δὲ
679 967 944 1029 νεώτατος
1007 967 1269 1038 Ἀθήναζε
1307 968 1352 999 ’⁸
1417 966 1746 1037 ἀφικόμενος

166 1062 340 1125 κτίζει
402 1062 724 1131 τετράπολιν
783 1062 1127 1130 καλουμένην
1178 1061 1275 1130 τῆς
1331 1061 1601 1127 Ἀττικῆς,
1654 1061 1748 1111 καὶ

164 1156 335 1220 γαμεῖ
363 1154 643 1224 Κρέουσαν
674 1153 773 1221 τήν
816 1153 1135 1223 Ἐρεχθέως,
1170 1154 1261 1205 καὶ
1288 1152 1456 1205 τίκτει
1488 1152 1546 1215 ἐξ
1580 1151 1748 1220 αὐτῆς

178 1244 400 1312 ’Λχαιὸν
434 1246 527 1296 καὶ
562 1245 743 1296 Ἴωνα.
782 1245 889 1296 Καὶ
919 1246 947 1296 6
992 1246 1089 1312 μὲν
1125 1244 1336 1310 Ἀχαιὸς
1366 1244 1620 1296 ἀκούσιον
1650 1244 1747 1308 φό-

166 1354 254 1387 νον
284 1337 667 1405 ἐργασάμενος
695 1336 891 1405 ἠλάθη,
916 1336 1010 1389 καὶ
1030 1338 1108 1400 εἰς
1138 1336 1547 1405 Πελοπόννησον
1579 1335 1749 1389 ἐλθὼν

181 1429 410 1495 ’Λχαῖαν
434 1427 606 1490 κτίζει
648 1427 996 1496 τετράπολιν,
1028 1428 1087 1491 ἐξ
1125 1422 1185 1481 οὖ
1226 1427 1430 1495 ’Λχαιοί
1455 1444 1467 1457 ’
1504 1428 1630 1479 Ἴων
1667 1427 1747 1489 δὲ,

168 1520 423 1581 θανόντος
466 1520 562 1571 τοῦ
613 1522 1050 1588 μητροπάτορος,
1090 1518 1180 1573 διά
1218 1536 1275 1571 τε
1301 1518 1396 1587 τὴν
1432 1519 1635 1588 ἀρετὴν
1657 1520 1750 1571 καὶ

166 1602 263 1680 τὴν
289 1612 460 1680 ἄλλην
501 1612 726 1676 ἀξίωσιν
758 1612 999 1681 αἱρεθεὶς
1036 1612 1310 1681 βασιλεύει
1333 1611 1655 1680 Ἀθηναίων,
1692 1610 1752 1674 ἐξ

166 1700 225 1755 οὗ
269 1704 462 1765 Ἴωνες
501 1704 555 1755 οῖ
578 1721 636 1755 τε
678 1703 953 1773 Ἀθηναῖοι
993 1701 1227 1773 ήρξαντο
1256 1702 1537 1755 καλεῖσθαι
1564 1702 1657 1753 καὶ
1691 1700 1751 1753 τὸ

168 1790 294 1842 ἀλλο
322 1792 435 1843 πᾶν
471 1790 731 1844 Ἰωνικόν.

242 2055 315 2110 Ἦ
342 2063 431 2126 κη’
454 2057 529 2120 ὡς
552 2058 754 2128 Τέννης
775 2059 868 2112 καὶ
902 2059 1134 2129 Ἠμιθέα
1154 2061 1342 2125 παῖδες
1366 2063 1537 2134 ήστην
1557 2066 1756 2135 Κύκνῳ

171 2150 391 2219 βασιλεῖ
426 2151 703 2221 Τρῳάδος,
750 2153 842 2205 καὶ
883 2152 1093 2209 Κύκνος
1121 2156 1135 2183 ¹
1193 2154 1569 2227 ἀποθανούσης
1608 2158 1755 2227 αὐτῷ

167 2245 265 2309 τῆς
297 2243 566 2310 γυναικὸς
597 2244 790 2314 ἑτέραν
837 2246 1190 2313 ἐπεισάγεται
1213 2262 1225 2273 “
1268 2249 1299 2316 ή
1351 2247 1396 2300 δ’
1428 2250 1755 2318 ἐπιμανεῖσα

167 2337 346 2407 Τέννῃ
378 2339 476 2388 καὶ
511 2337 584 2405 μὴ
611 2338 955 2407 τυγχάνουσα
1004 2340 1398 2408 καταψεύδεται
1425 2341 1517 2394 τοῦ
1569 2344 1755 2407 παιδὸς

167 2430 234 2482 τά
261 2430 472 2496 ἐαυτῆς
493 2446 505 2458 ·
540 2430 633 2482 καὶ
660 2430 688 2481 6
718 2431 902 2499 πατὴρ
929 2431 1168 2502 ἀκρίτως
1196 2434 1275 2495 εἰς
1307 2434 1554 2504 λάρνακα
1580 2436 1599 2465 ⁸
1624 2436 1756 2489 Τέν-

168 2539 267 2591 νην
306 2520 651 2585 κατακλείει,
690 2521 826 2574 ἀλλά
856 2522 953 2575 καὶ
980 2522 1076 2596 τὴν
1114 2522 1378 2593 Ἡμιθέαν
1428 2527 1755 2596 περιαλγοῦ-

170 2630 270 2665 σαν
326 2612 601 2680 τάδελφοῦ
630 2612 670 2676 ³,
701 2598 795 2664 καὶ
838 2612 1029 2680 ἀφίησι
1082 2616 1147 2681 τῇ
1196 2612 1460 2686 θαλάσσῃ.
1506 2616 1570 2668 Ἠ
1596 2616 1639 2667 δ’
1678 2618 1757 2679 είς

168 2707 334 2775 νῆσον
362 2705 678 2774 ἐκφέρεται,
712 2706 807 2759 καὶ
829 2706 879 2757 οί
918 2706 1202 2777 ἐπιχώριοι
1230 2707 1328 2777 τὴν
1353 2708 1597 2776 λάρνακα
1624 2710 1753 2761 άνα-

170 2795 516 2864 κομίζονται,
551 2794 726 2847 καὶτὸ
748 2795 948 2863 κράτος
977 2794 1077 2863 τῆς
1112 2795 1219 2864 γῆς
1252 2796 1466 2865 ἐκείνης
1500 2798 1708 2866 ίσχουσι
1734 2799 1755 2829 ⁸

170 2888 382 2957 Τέννης
414 2888 511 2939 καὶ
548 2887 801 2955 Ἢμιθέα,
829 2888 923 2940 καὶ
955 2890 987 2957 ή
1018 2888 1181 2956 νῆσος
1213 2889 1432 2951 Τένεδος
1463 2891 1584 2943 ἀντί
1622 2893 1754 2943 Λευ·

170 2981 417 3047 κόφρυος
459 2977 774 3046 ὠνομάσθη.
822 2978 880 3029 Ὁ
922 2978 978 3030 δὲ
1033 2978 1247 3041 Κύκνος
1306 2984 1608 3049 μεταγνοὺς
1663 2983 1755 3035 καί

169 3072 550 3141 ὁρμισάμενος
579 3070 714 3139 πρὸς
742 3070 839 3140 τὴν
872 3071 1055 3139 νῆσον,
1090 3073 1260 3125 ἐδεῖτο
1291 3071 1385 3125 τοῦ
1437 3075 1622 3138 παιδὸς
1648 3076 1755 3128 ἀπὸ

1847 591 2172 647 minaverat.
2203 592 2377 659 Atque
2411 589 2537 643 hinc
2585 589 2855 644 Eolicum
2908 605 3076 659 genus
3126 592 3421 648 derivatur.

1845 687 1997 742 Alter
2030 686 2225 739 deinde
2253 684 2445 751 Durus,
2466 694 2684 753 accepta
2713 700 2741 737 a
2777 695 2999 752 parente
3027 688 3205 757 populi
3240 698 3424 758 parte,

1848 778 2117 833 coloniam
2140 777 2246 831 alio
2273 778 2531 843 traduxit,
2564 778 2913 846 condiditque
2946 782 3044 835 has
3067 783 3134 834 ad
3167 781 3422 836 Parnassi

1848 871 2046 926 montis
2071 870 2305 925 radicem
2327 868 2511 934 urbes,
2529 868 3023 939 Baeum,Cytinlum
3049 881 3101 926 et
3137 870 3417 927 Erineum.

1849 963 1932 1017 Ab
1975 962 2076 1016 hoc
2108 962 2277 1016 Dores
2326 962 2478 1016 dicti.
2524 958 2663 1015 Natu
2696 960 2931 1029 denique
2993 963 3250 1018 minimus
3299 978 3424 1018 cum

1850 1055 2090 1110 Athenas
2125 1054 2366 1122 pervenit
2393 1054 2528 1123 (16),
2560 1054 2753 1109 Atticae
2798 1069 2959 1125 quam
3008 1063 3204 1109 vocant
3257 1065 3427 1109 tetra-

1855 1146 2019 1213 polim
2055 1145 2169 1215 (l7)
2198 1146 2481 1200 ediflcavit
2512 1184 2529 1209 ,
2560 1128 2841 1215 duxitque'
2874 1158 3098 1199 uxorem
3170 1145 3427 1199 Creusam

1852 1234 2141 1289 Erechthei
2192 1234 2377 1300 filiam,
2416 1248 2447 1288 e
2492 1248 2597 1303 qua
2624 1233 2880 1287 Achaeum
2929 1242 2983 1289 et
3020 1232 3141 1286 Iona
3169 1236 3277 1302 (18)
3306 1249 3429 1288 sus-

1853 1326 1992 1382 tulit.
2019 1326 2248 1379 Achaeus
2276 1325 2383 1392 hic,
2403 1340 2524 1381 cum
2551 1327 2750 1380 cadem
2783 1326 3104 1394 imprudens
3136 1337 3428 1395 patrasset,

1853 1419 2059 1490 pulsus,
2082 1419 2135 1472 in
2155 1416 2584 1486 Peloponnesum
2610 1418 2777 1481 venit,
2797 1416 3147 1484 condiditque
3168 1417 3427 1471 Achaiam

1856 1510 2183 1579 tetrapolim.
2224 1512 2268 1565 Δ
2315 1525 2425 1579 quo
2450 1510 2614 1564 etiam
2666 1510 2846 1564 Achaei
2896 1509 3162 1577 originem
3200 1510 3426 1563 ducunt.

1853 1602 1944 1656 lon
1973 1618 2123 1666 vero,
2154 1612 2367 1657 mortuo
2390 1618 2488 1656 avo
2517 1611 2762 1656 materno
2821 1602 3149 1665 Erechtheo,
3174 1617 3295 1655 cum
3321 1604 3431 1655 vir-

1855 1693 2004 1757 tutis,
2040 1703 2151 1746 tum
2183 1694 2401 1763 reliqua:
2427 1694 2704 1763 dignitatis
2736 1709 2863 1763 ergo
2883 1704 3101 1749 creatus
3123 1709 3238 1756 rex,
3268 1694 3433 1745 Athe-

1856 1786 2134 1839 niensibus
2164 1786 2466 1853 imperavit.
2506 1782 2656 1839 Unde
2708 1793 2763 1838 et
2820 1787 2971 1839 Iones
3031 1784 3287 1853 appellari
3320 1797 3426 1836 ca:-

1787 1856 1827 1909 Β
1860 1886 2053 1947 perunt
2104 1876 2498 1941 Athenienses;
2558 1878 2850 1945 omnisque
2902 1878 3035 1930 adeo
3090 1875 3238 1945 regio
3286 1874 3434 1927 lonia

1858 1970 2021 2023 dicta.

1933 2059 2200 2116 Vicesima
2224 2070 2411 2116 octava
2435 2062 2681 2130 {Tenues
2708 2073 2762 2117 et
2792 2060 3073 2116 Hemithea
3095 2061 3250 2115 liberi
3273 2070 3427 2113 crant

1861 2153 2026 2223 Cycni
2090 2154 2232 2222 regis
2275 2152 2505 2208 Troadis
2536 2154 2664 2223 (f9).
2712 2155 2926 2223 Cycnus
2987 2164 3165 2207 autem
3221 2162 3433 2205 mortua

1857 2246 2086 2312 conjuge
2117 2246 2264 2299 duxit
2290 2246 2513 2300 alteram
2549 2245 2685 2315 (9.0),
2721 2262 2838 2314 quae
2875 2248 3064 2300 insano
3092 2245 3291 2299 Tennae
3322 2245 3436 2314 pri-

1861 2338 2001 2407 vigni
2036 2352 2223 2392 amore
2249 2348 2430 2407 capta,
2453 2354 2573 2391 cum
2598 2340 2755 2407 potiri
2790 2354 2891 2393 non
2917 2348 3119 2408 posset,
3148 2353 3302 2392 suum
3334 2340 3436 2390 cri-

1860 2444 1979 2483 men
2038 2429 2176 2483 falso
2226 2430 2301 2483 illi
2355 2431 2634 2500 imponens
2683 2432 2978 2487 accusavit.
3028 2431 3233 2486 Parens
3276 2430 3436 2497 igitur

1857 2520 2057 2574 indicta
2086 2538 2246 2576 causa
2276 2522 2518 2577 Teunem
2563 2524 2730 2577 filium
2770 2524 2964 2578 arcula!
3020 2524 3259 2590 inclusit,
3302 2523 3434 2593 quin

1858 2625 1913 2667 et
1939 2630 2042 2667 una
2075 2614 2433 2679 Hemitheam,
2478 2615 2663 2670 fratris
2691 2616 2984 2670 infortunio
3031 2617 3318 2670 immodice
3342 2616 3433 2668 dn-

1859 2707 2079 2768 lentem,
2116 2716 2277 2773 atque
2335 2706 2405 2759 ita
2460 2708 2592 2760 mari
2634 2709 2929 2763 commisit.
2984 2708 3107 2762 lltec
3146 2707 3331 2763 arcula
3384 2709 3436 2759 in

1859 2798 2087 2850 insulam
2141 2798 2426 2866 quamdam
2498 2800 2697 2863 delata,
2735 2810 2897 2869 atque
2958 2801 3026 2855 ab
3062 2801 3260 2856 incolis
3307 2802 3440 2855 sub-

1859 2891 1966 2944 lata
2004 2899 2109 2952 est,
2142 2898 2196 2942 et
2226 2890 2391 2944 totius
2450 2891 2691 2959 regionis
2722 2892 2948 2961 imperio
2979 2892 3259 2961 potiuntur
3295 2891 3438 2945 Ten-

1860 2996 1955 3036 nes
2014 2992 2180 3050 atque
2234 2981 2563 3037 Hemithea:
2604 2984 2717 3051 ipsa
2782 2998 2908 3037 vero
2973 2983 3146 3037 insula
3194 2983 3441 3038 Tenedos

1858 3088 1955 3142 pro
1985 3072 2305 3143 LeucOpbry
2345 3073 2447 3127 dici
2474 3083 2673 3142 coepta.
2705 3072 2920 3143 Cycnus
2950 3084 3134 3141 postea
3166 3072 3292 3127 facti
3329 3088 3441 3142 pa)-

169 3164 268 3230 τῆς
295 3161 436 3224 νεὼς
464 3162 768 3231 ἀμνηστίαν
792 3162 957 3230 ἔχειν.
989 3164 1048 3216 '0
1074 3163 1150 3228 δὲ,
1185 3164 1259 3226 ὡς
1295 3166 1369 3234 μὴ
1398 3166 1625 3232 ἐπιϐαίη
1653 3166 1753 3234 τῆς

1787 3192 1828 3253 c
1862 3166 2063 3227 nitens,
2092 3173 2147 3217 et
2178 3165 2242 3216 ad
2291 3162 2520 3217 insulam
2569 3162 2866 3232 profectus,
2902 3163 3066 3253 filium
3108 3164 3441 3253 precabatur

168 3255 363 3322 νήσου,
418 3251 651 3305 πέλεκυν
698 3254 968 3322 ἀράμενος
1024 3255 1092 3306 τά
1144 3255 1423 3325 πείσματα
1466 3257 1567 3325 τῆς
1620 3258 1755 3323 νεὼς

167 3344 457 3399 διακόπτει
482 3362 497 3374 ·
536 3344 660 3416 [440
693 3344 782 3416 8.]
816 3346 907 3397 καὶ
940 3345 1035 3398 ἀπ’
1066 3346 1230 3399 αὐτοῦ
1279 3349 1327 3398 οί
1360 3348 1639 3418 ἄνθρωποι
1662 3350 1757 3403 ἐπὶ

171 3436 378 3497 παντὸς
428 3437 704 3504 ἀποτόμου
764 3436 1091 3506 πράγματος
1136 3438 1227 3489 τὸν
1267 3438 1464 3491 Τέννου
1523 3439 1757 3493 πέλεκυν

172 3527 538 3595 ἐπιλέγουσιν.

252 3709 319 3759 Ἠ
351 3706 434 3759 κθ¹
470 3707 544 3770 ὡς
573 3708 866 3780 Μάγνητες
896 3711 943 3762 οἱ
997 3710 1319 3779 Μαγνησίαν
1362 3713 1458 3782 τὴν
1492 3714 1550 3767 ἐν
1604 3713 1759 3784 Ἀσίᾳ.

172 3801 267 3853 νῦν
292 3799 574 3864 οἰκοῦντες
596 3802 655 3855 τὸ
684 3803 949 3872 πρότερον
970 3804 1099 3873 περὶ
1132 3804 1357 3874 Πηνειὸν
1389 3805 1637 3875 ποταμὸν
1663 3807 1761 3859 καί⁵

171 3890 233 3942 τὸ
286 3892 495 3961 Πήλιον
547 3892 670 3961 ὅρος
735 3892 993 3963 ᾤκησαν,
1053 3897 1149 3947 καὶ
1215 3898 1683 3967 συνεστράτευσαν
1739 3899 1759 3929 ⁵

186 3984 427 4051 Ἀχαιοῖς
481 3984 622 4036 κατά
654 3985 855 4056 Τροίας
905 3986 1210 4055 ἡγουμένου
1262 3988 1441 4040 αὐτῶν
1495 3990 1758 4059 Προθόου,

175 4077 270 4127 καὶ
300 4074 598 4127 ἐκαλοῦντο
646 4077 958 4146 Μάγνητες.
1002 4074 1138 4131 Εἶτα
1166 4080 1364 4149 δεκάτη
1397 4081 1417 4111 ⁸
1454 4084 1761 4152 Μαγνήτων

174 4168 664 4238 ἀνακομιζομένων
703 4170 884 4224 αὐτῶν
912 4170 1020 4222 ἀπὸ
1065 4170 1265 4241 Τροίας
1295 4172 1490 4235 οἰκίζει
1523 4176 1639 4227 κατ’
1674 4177 1761 4228 εύ-

175 4258 273 4327 χάς
325 4261 409 4319 εἰς
440 4258 699 4325 Δελφούς.
752 4258 905 4311 Μετά
952 4259 1142 4329 χρόνον
1192 4259 1250 4311 δὲ
1291 4261 1621 4323 ἀναστάντες
1667 4261 1761 4314 τοῦ

179 4352 327 4421 ίεροῦ
360 4352 457 4403 καὶ
488 4351 769 4414 κατιόντες
793 4354 887 4404 ἐπὶ
926 4352 1199 4406 θάλασσαν
1233 4354 1649 4424 ἐπεραιώθησαν
1684 4359 1761 4417 εἰς

176 4444 406 4512 Κρήτην
434 4443 473 4495 ⁷.
514 4442 780 4511 ’Ὕστερον
813 4442 1137 4515 12Ξ611.1δὲ
1174 4445 1485 4513 βιασθέντες
1530 4446 1757 4515 ἀνέστη-

1859 3270 1890 3309 e
1929 3254 2077 3317 navi,
2111 3253 2514 3321 prmteritarum
2563 3266 2742 3305 rerum
2784 3263 2842 3304 ut
2870 3251 3303 3305 oblivisceretur.
3349 3249 3442 3303 Ille

1861 3356 2064 3412 autem,
2094 3361 2160 3399 ne
2191 3345 2256 3399 ad
2313 3344 2543 3398 insulam
2595 3345 2892 3415 appelleret
2944 3360 3164 3412 parens.
3208 3344 3439 3397 securim

1862 3437 2137 3505 arripiens
2160 3438 2315 3491 navis
2345 3435 2643 3490 retinacula
2688 3436 2971 3491 dissecuit.
3007 3435 3166 3491 Unde
3188 3435 3291 3489 dici
3326 3447 3438 3489 coe-

1863 3537 2012 3597 ptum
2044 3527 2095 3580 in
2132 3528 2277 3581 omni
2312 3528 2543 3596 abrupto
2576 3538 2737 3597 atque
2768 3529 2995 3597 praeciso
3026 3529 3264 3599 negotio,
3295 3527 3439 3583 Teu-

1862 3634 1943 3672 ne
1968 3618 2083 3687 (21)
2112 3620 2400 3689 bipennem
2436 3622 2601 3677 fuisse
2625 3622 2943 3675 adhibitam.

1936 3710 2201 3766 Vicesima
2246 3728 2383 3765 nona
2419 3730 2433 3767 :
2476 3712 2772 3782 Magnetes.
2813 3713 2900 3780 qui
2934 3712 3269 3780 Magnesiam
3300 3711 3440 3764 Δεῖ-ιι

1864 3818 2007 3859 nunc
2033 3804 2293 3869 incolunt,
2320 3816 2477 3860 antea
2500 3809 2567 3860 ad
2593 3806 2827 3861 Peneum
2874 3805 3071 3860 ﬂumen
3098 3811 3443 3872 montemque.

1864 3894 2069 3949 Pelium
2106 3895 2438 3960 habitarunt,
2469 3908 2524 3951 et
2576 3898 2836 3951 adversus
2886 3896 3105 3963 Trojam
3152 3898 3311 3949 ductu
3364 3906 3443 3947 at-

1866 4002 1971 4057 que
2018 3988 2278 4056 auspiciis
2312 3987 2535 4043 Prothoi
2594 3989 2888 4043 militantes
2916 4028 2932 4053 ,
2987 3987 3264 4055 Magnetes
3312 3989 3439 4039 item

1864 4080 1991 4133 dicti
2031 4088 2174 4132 sunt.
2215 4077 2305 4133 Ille
2329 4092 2511 4149 postea
2564 4081 2682 4145 hos,
2737 4081 2997 4134 decimam
3050 4076 3209 4144 Troja
3255 4092 3441 4146 repor-

1868 4180 2066 4233 tantes,
2101 4171 2317 4242 Delphis
2364 4188 2431 4228 ex
2460 4183 2586 4227 voto
2634 4172 2941 4227 collocavit.
2980 4170 3108 4223 Post
3139 4181 3317 4223 tamen
3350 4185 3437 4223 ro-

1867 4264 1992 4319 licto
2019 4265 2160 4328 fano,
2190 4267 2524 4333 navibusque
2555 4263 2888 4324 conscensis,
2924 4263 2974 4314 in
3010 4262 3225 4315 Cretam
3269 4271 3445 4314 trans-

1866 4356 2152 4409 miserunt.
2189 4355 2313 4407 Inde
2331 4370 2543 4423 quoque
2576 4355 2624 4406 vi
2655 4354 2859 4422 repulsi
2887 4351 3105 4405 Cretam
3159 4350 3439 4408 deserunt.

1866 4458 1920 4501 et
1950 4448 2002 4500 in
2041 4446 2244 4517 1360
2290 4449 2471 4500 Asiam
2507 4447 2916 4515 adnavigantes.
2980 4444 3136 4497 malis
3188 4442 3441 4497 afllictam

177 4550 277 4586 σαν
304 4537 372 4586 ἐκ
405 4534 651 4604 Κρήτης,
694 4537 789 4588 καὶ
830 4536 1158 4599 πλεύσαντες
1203 4539 1281 4599 εἰς
1311 4539 1409 4606 τὴν
1458 4538 1641 4592 Ἀσίαν
1672 4542 1755 4609 sp-

1796 4549 1838 4602 υ
1868 4553 2038 4607 nuper
2084 4538 2355 4591 conditam
2406 4538 2605 4591 Ioniam
2671 4547 2832 4604 atque
2870 4536 3141 4590 Eolidem
3190 4534 3441 4592 liberant.

178 4622 370 4691 ῥύοντο
407 4623 593 4677 κακῶν
620 4625 927 4677 νεόκτιστον
972 4620 1141 4678 οὖσαν
1176 4626 1274 4697 τὴν
1301 4626 1506 4677 Ἰωνίαν
1535 4627 1628 4679 καὶ
1660 4630 1757 4697 τὴν

175 4714 417 4779 Αἰολίδα,
455 4715 866 4786 συμμαχοῦντες
895 4717 1075 4780 αὐτοῖς
1108 4717 1246 4770 κατά
1285 4718 1393 4769 τῶν
1436 4717 1755 4786 ἐπιτιθεμέ-

1869 4639 2169 4699 pugnantes
2200 4644 2302 4683 una
2340 4644 2459 4682 cum
2494 4629 2576 4682 his
2612 4629 2871 4683 adversus
2910 4643 3026 4689 eos,
3063 4627 3153 4695 qui
3189 4625 3327 4678 mala
3354 4626 3441 4677 illa

1868 4720 2195 4776 inferebant.
2253 4720 2388 4775 Hinc
2437 4721 2671 4789 denique
2724 4722 2911 4775 eodem
2969 4735 3076 4786 quo
3127 4734 3269 4773 nunc
3321 4733 3441 4771 sunt

1460 4907 1695 4961 γΑῐὶΙΑΞ
1732 4905 2135 4961 LECTIONES.

277 5024 325 5055 ⁸⁸
384 5022 603 5094 Κτίνιον
636 5039 694 5084 ς.
761 5022 806 5055 ⁸³
843 5022 1139 5094 ’Ἀθήναζεν
1175 5044 1227 5088 τ.
1309 5028 1320 5054 ¹

177 5094 278 5162 φοῦ
327 5111 391 5156 ς.
464 5092 487 5121 δ
513 5091 791 5160 ἀνίσχουσι
827 5092 894 5151 Δ.

177 5168 243 5219 ad
282 5162 475 5218 Vellei.
505 5176 555 5228 p.
584 5163 668 5215 15.

1359 5028 1451 5077 καὶ
1484 5026 1691 5085 Κύκνος
1724 5029 1764 5076 Α
1794 5045 1805 5077 :
1842 5024 2052 5086 Κύκνος
2076 5024 2130 5078 δέ
2156 5040 2213 5084 ς.
2278 5028 2291 5053 ³
2321 5026 2399 5083 εἰς
2434 5023 2680 5091 λάρνακα
2714 5023 2753 5073 Α
2799 5040 2810 5073 '.
2846 5023 3078 5090 λάρνακι
3106 5039 3164 5085 ς.

1004 5096 1023 5126 ⁵
1065 5098 1156 5148 καὶ
1199 5112 1447 5164 συνεστρ.
1488 5096 1523 5147 Δ
1560 5114 1574 5147 :
1606 5112 1855 5165 συνεστρ.
1889 5096 1943 5147 δέ
1976 5112 2033 5156 ς.

3239 5018 3260 5050 ³
3286 5020 3445 5073 άδελ-

2135 5097 2153 5124 ⁸
2185 5094 2417 5163 δεκάτην
2448 5089 2518 5145 σέ
2587 5095 2603 5122 ⁷
2634 5094 2713 5154 είς
2747 5092 2995 5161 Κρήτην)
3041 5093 3113 5147 cf.
3158 5089 3442 5146 Ruhnken.

1712 5292 1951 5349 ΝΟΤιΕ.

242 5390 359 5459 (16)
396 5389 592 5443 Strabo
630 5391 719 5445 lih.
756 5406 869 5452 vni,
927 5391 1081 5443 initio
1114 5391 1330 5444 Achaiae
1368 5386 1601 5438 Xuthum
1658 5402 1753 5440 no-

176 5465 371 5525 minat,
409 5462 498 5513 nhi
537 5463 675 5514 hanc
702 5461 846 5529 leges
880 5460 1185 5515 historiam.

247 5532 363 5599 (Π)
397 5530 645 5594 (Ericen,
677 5525 1106 5592 Probalinthum,
1137 5528 1529 5593 Tricorithutn,
1555 5538 1609 5582 et
1646 5525 1754 5580 Ma-

176 5607 433 5664 rathona,
461 5611 521 5654 ut
550 5602 718 5655 refert
737 5601 926 5669 Steph.
958 5612 1012 5654 et
1048 5602 1243 5655 Strabo
1266 5615 1413 5664 supr.

246 5673 365 5740 (l8)
401 5672 589 5740 Steph.
651 5672 701 5725 in
760 5670 916 5725 Ionia
966 5672 1097 5724 facit
1141 5686 1263 5724 eum
1302 5684 1366 5723 ex
1425 5669 1743 5723 Alltcnieus.

177 5744 437 5812 opinione
466 5742 730 5810 Apollinis
761 5751 816 5794 et
847 5740 1076 5812 Creissa:
1101 5742 1287 5793 filitnn.

250 5812 364 5869 tt9l
400 5808 597 5870 Strabo
629 5814 723 5869 lib.
749 5826 847 5867 xm
876 5811 1201 5869 Colonarutu
1224 5812 1363 5865 hunc
1396 5825 1569 5877 trgum
1597 5808 1741 5866 facit.

1863 5391 1914 5463 in
1944 5387 2157 5444 Troade
2210 5400 2410 5463 tamen.
2462 5393 2597 5447 Vide
2640 5392 2913 5463 Lycophr.
2952 5392 3148 5463 iuterp.
3198 5401 3251 5443 et
3307 5393 3436 5444 Scr-

1860 5460 2026 5521 vium,
2106 5476 2170 5514 ac
2222 5462 2455 5515 Pausan.
2522 5465 2575 5515 in
2625 5460 2883 5516 Phocicis.
2948 5462 3167 5515 Diodor.
3226 5476 3440 5529 quoque

1860 5529 2026 5583 Sicul.
2060 5542 2304 5585 extremo
2330 5534 2419 5586 lib.
2461 5550 2511 5583 v.

1930 5600 2044 5668 (9.0)
2078 5600 2428 5657 Philonomen
2460 5612 2615 5656 vocat
2650 5603 2836 5670 Steph.
2870 5603 2919 5655 in
2967 5601 3197 5657 Tenedos
3221 5616 3241 5655 :
3273 5617 3433 5670 quem

1858 5674 2035 5742 fusius
2068 5672 2181 5742 haec
2205 5682 2526 5727 tractantem
2566 5674 2698 5740 lege,
2726 5683 2776 5726 et
2799 5674 2967 5741 Atlag.
3008 5689 3166 5742 opus.

1930 5741 2039 5807 (9.1)
2071 5741 2263 5796 Suidas
2292 5747 2454 5797 etiam
2514 5744 2757 5804 Τενέδιος
2793 5741 3073 5812 ἄνθρωπος
3110 5754 3163 5800 οι
3194 5741 3429 5803 Τινὲδνικς

1855 5809 2155 5880 Ξυνήγορος
2188 5812 2570 5884 παροιμεωδῶς
2608 5815 2709 5869 dici
2738 5809 2921 5870 refert.
