4224 6446
190 415 292 477 569

1208 414 1735 476 BIBLIOTHECA.
1772 440 1840 454 -
1856 414 2021 479 COD.
2039 416 2392 478 CLXXXVI.

3322 413 3423 479 510

187 526 353 591 αὐτῳ,
388 522 504 574 ἀλλ’
529 520 715 589 ὠμοὺς
764 523 859 574 καὶ
915 529 1287 591 παρανόμους,
1343 524 1436 587 οὓς
1486 525 1763 593 Ἡρακλῆς

1791 528 1837 582 Δ
1863 527 2103 580 crudeles
2139 527 2423 581 admodum
2451 536 2613 593 atque
2640 524 2891 593 injustas,
2919 524 3009 591 qui
3046 532 3169 594 post
3195 526 3261 577 ab
3293 524 3425 578 Iler-

188 614 559 683 μισοπόνηρος
588 612 664 664 ὢν
694 615 923 681 ἀναιρεῖ.
962 615 1070 665 Καὶ
1098 614 1277 677 αὐτοῖς
1318 617 1416 682 μὲν
1444 616 1484 646 ¹⁸
1520 618 1546 667 6
1578 616 1760 683 πατὴρ

186 707 344 774 χῶμα
372 705 598 773 ἔχωσεν,
644 706 912 775 Ἠρακλέα
945 705 998 757 δὲ
1024 702 1109 774 (ἦν
1139 708 1248 773 γάρ
1292 709 1514 776 ἐναγὴς)
1552 709 1758 779 καοῆρε

184 800 275 851 τοῦ
317 798 511 866 φόνου.

260 892 326 942 Ἠ
359 892 443 955 λγ¹
478 891 553 944 ῶς
610 890 887 956 Δήμοκλος
917 893 944 943 ὁ
986 890 1185 957 Δελφὸς
1233 892 1397 959 γεννᾷ
1445 893 1608 945 παῖδα
1662 894 1754 945 ὲκ·-

182 985 370 1049 πρεπῆ
404 982 640 1048 Σμῖκρον
674 982 715 1010 ¹⁹
744 981 913 1049 ὄνομα
935 1000 946 1011 ·
975 983 1069 1033 καὶ
1092 983 1166 1043 ὼς
1194 982 1318 1033 πλεῖ
1348 983 1487 1034 κατά
1515 985 1759 1053 χρησμὸν

178 1075 272 1125 ἐπὶ
328 1075 603 1141 Μιλήτου,
640 1072 777 1141 ἔχων
828 1076 944 1141 μεθ’
994 1073 1185 1127 ἑαυτοῦ
1231 1077 1323 1127 καὶ
1370 1076 1459 1126 τὸν
1510 1076 1673 1128 παῖδα
1702 1077 1758 1128 ὲν

179 1166 371 1233 ἡλικίᾳ.
401 1183 414 1194 ·
470 1167 561 1217 καὶ
598 1166 673 1226 ὡς
725 1167 1118 1235 καταλιμπάνει
1172 1167 1360 1219 τοῦτον
1416 1168 1616 1237 σπουδῇ
1665 1169 1757 1220 τοῦ

180 1258 489 1308 ἐκπλεῦσαι
522 1259 612 1309 καὶ
648 1258 861 1327 ἀγνοίᾳ,
891 1258 1333 1323 τρισκαιδέκατον
1366 1257 1558 1326 ἔχοντα
1604 1259 1719 1320 ἔτος
1742 1275 1755 1287 ·

180 1348 275 1398 καὶ
306 1349 388 1408 ὡς
441 1352 572 1409 παῖς
594 1346 918 1416 Ἐριθάρσου
960 1348 1179 1408 αἰπόλος
1234 1348 1638 1415 καταλαμῦάνει
1668 1348 1759 1400 τὸν

179 1439 431 1507 Σμῖκρον
464 1438 798 1506 ἀθυμοῦντα,
836 1439 929 1491 καὶ
957 1440 1077 1505 ἄγει
1105 1439 1240 1507 πρὸς
1272 1441 1361 1491 τὸν
1401 1442 1640 1509 πατέρα’
1666 1442 1760 1493 καὶ

178 1534 205 1580 ὁ
230 1530 569 1598 Ἐριοάρσης
616 1532 715 1582 οὐκ
755 1531 975 1583 ἔλαττον
1002 1530 1095 1581 τοῦ
1147 1531 1275 1582 ἰδίου
1328 1532 1537 1593 παιδὸς,
1578 1534 1761 1601 μαθὼν

178 1624 278 1677 τάς
312 1621 490 1688 τύχας
531 1622 623 1672 καὶ
654 1621 713 1671 τὸ
737 1622 783 1652 ⁸⁸
818 1622 970 1687 γένος
1000 1621 1095 1672 τοῦ
1132 1622 1393 1690 Σμίκρου,
1443 1622 1631 1675 τοῦτον
1662 1641 1760 1675 πε-

184 1713 383 1779 ριεῖπε.
420 1712 529 1763 Καὶ
554 1714 680 1782 περὶ
704 1711 796 1763 τοῦ
830 1712 1039 1765 Κύκνου
1062 1714 1155 1764 τοῦ
1181 1713 1571 1780 συλληφθέντος
1597 1716 1761 1782 ἄμφω

180 1809 290 1856 τοῖς
323 1807 506 1868 παισὶ,
540 1806 632 1856 καὶ
666 1806 759 1872 τῆς
809 1804 1003 1873 ἔριδος,
1044 1805 1139 1856 καὶ
1175 1805 1268 1857 τοῦ
1311 1807 1409 1874 τῆς
1454 1807 1759 1869 Λευκοθέας

181 1898 495 1963 φάσματος,
532 1897 607 1957 ὡς
634 1899 676 1925 ²¹
709 1897 851 1948 εἴποι
881 1914 937 1949 τε
966 1899 1076 1958 τοῖς
1110 1898 1265 1948 παισὶ
1296 1899 1432 1967 πρὸς
1460 1898 1755 1966 Μιλησίους

179 1987 343 2051 φάναι
377 1988 547 2054 τιμᾷν
587 1985 755 2054 αὐτὴν
799 1987 890 2038 καὶ
925 1986 1130 2038 παίδων
1159 1988 1344 2053 ἀγῶνα
1370 1990 1636 2055 γυμνικὸν
1664 2006 1754 2041 τε·

177 2077 287 2127 λεῖν
319 2078 463 2145 αὐτῇ
489 2094 504 2106 ·
537 2077 772 2145 ἡσθῆναι
806 2079 910 2145 γάρ
941 2078 1110 2147 αὐτὴν
1138 2083 1201 2146 τῇ
1233 2078 1366 2149 ἔριδι
1393 2080 1500 2131 τῶν
1527 2082 1751 2134 παίδων.

178 2169 287 2221 Καὶ
317 2168 398 2230 ὡς
431 2171 459 2221 6
504 2169 739 2236 Σμῖκρὸς
794 2187 936 2231 τινος
965 2170 1070 2221 τῶν
1101 2172 1158 2221 ὲν
1202 2172 1487 2241 Μιλησίοις
1530 2173 1753 2236 ἐνδόξων

176 2259 457 2327 θυγατέρα
506 2263 692 2324 γαμεῖ,
736 2260 829 2311 καὶ
875 2260 1012 2328 αὕτη
1065 2262 1325 2314 τίκτουσα
1366 2265 1465 2332 ὁρᾷ
1501 2264 1621 2331 ὄψιν
1665 2266 1753 2315 τὸν

171 2345 322 2412 ἣλιον
380 2347 522 2414 αὐτῇ
557 2348 600 2376 ²¹
638 2346 723 2397 διὰ
774 2347 867 2399 τοῦ
923 2350 1187 2417 στόματος
1235 2352 1481 2404 είσδύντα
1538 2353 1623 2404 διά
1657 2355 1753 2421 τῆς

171 2437 416 2505 γαστρὸς
452 2438 499 2467 ’³
531 2438 623 2488 καὶ
674 2438 781 2489 τῶν
838 2439 1048 2491 αἰδοίων
1081 2440 1399 2503 διεξελθεῖν-
1436 2443 1530 2493 καὶ
1586 2438 1654 2510 ἦν
1692 2444 1751 2494 τὸ

168 2530 350 2596 ὅραμα
382 2530 499 2590 τοῖς
526 2530 784 2597 μάντεσιν
813 2530 1031 2596 ἀγαθόν.
1055 2532 1165 2583 Καὶ
1186 2532 1337 2585 ἔτεκε
1366 2533 1543 2603 κόρον,
1576 2534 1753 2604 Βράγ-

168 2637 260 2685 χου
293 2618 411 2669 ἀπὸ
443 2617 537 2669 τοῦ
567 2619 775 2685 ὀνείρου
801 2621 1097 2685 καλέσασα,
1126 2622 1205 2673 ὃτι
1240 2623 1267 2673 6
1295 2624 1443 2690 ἦλιος
1472 2625 1642 2691 αὐτῆς
1662 2625 1751 2678 διὰ

169 2708 262 2761 τοῦ
310 2710 559 2779 βράγχου
582 2710 850 2789 ’διεξῆλθε
883 2712 947 2762 τι.
988 2712 1097 2763 καὶ
1124 2707 1191 2781 ἦν
1222 2715 1253 2763 ὁ
1286 2717 1417 2775 παῖς
1468 2714 1749 2777 κάλλιστος

170 2802 504 2871 ἀνθρώπων,
540 2802 631 2854 καὶ
667 2804 829 2855 αὑτὸν
874 2804 1131 2871 ἐφίλησεν
1164 2805 1415 2873 ἐρασθεὶς
1451 2807 1746 2867 Ἀπόλλων,

171 2890 348 2959 εὑρὼν
382 2891 761 2958 ποιμαίνοντα,
795 2890 921 2941 ἔνθα
969 2891 1151 2960 βωμὸς
1188 2893 1523 2958 Ἀπόλλωνος
1572 2898 1747 2963 φιλίου

171 2982 409 3050 ἵδρυται.
450 2982 509 3032 ’0
532 2982 584 3033 δὲ
610 2982 854 3049 Βράγχος
880 2982 938 3044 ἐξ
965 2981 1296 3045 ’Λπόλλωνος
1328 2986 1587 3049 ἐπίπνους
1615 3005 1746 3055 μαν-

170 3072 328 3136 τικῆς
358 3070 598 3136 γεγονὼς
629 3074 683 3122 ἐν
713 3072 964 3140 Διδύμοις
996 3072 1072 3140 τῷ
1110 3076 1293 3143 χωρίῳ
1324 3075 1477 3143 ἔχρα.
1511 3080 1616 3130 Καὶ
1652 3082 1746 3148 μέ-

1864 615 2001 677 cale,
2028 619 2168 681 quod
2198 614 2469 682 improbos
2500 614 2653 666 valde
2694 614 2918 675 odisset,
2948 614 3114 667 occisi
3169 623 3311 668 sunt.
3362 614 3425 666 Et

1864 718 2059 771 parens
2101 705 2212 769 ipse
2285 704 2546 757 tumulum
2602 702 2714 757 suis
2758 702 2975 768 effodit,
3034 703 3425 772 Herculemque

1862 798 2007 849 caede
2042 795 2300 863 pollutum
2330 795 2586 861 expiavit.

1931 881 2220 935 Tricesima
2256 883 2409 936 tertia
2443 901 2455 935 :
2492 880 2775 934 Democlus
2799 881 3028 947 Delphos
3051 881 3218 934 lilium
3242 883 3425 946 genuit

1859 976 2055 1045 insigni
2095 975 2288 1036 forma,
2317 976 2402 1029 cui
2432 973 2638 1028 Smicro
2658 971 2769 1040 (29)
2805 988 3019 1037 nomen,
3045 973 3424 1040 navigavitque

1859 1068 2094 1123 Miletum
2120 1068 2185 1123 ad
2208 1068 2589 1120 consulendum
2612 1064 2907 1124 oraculum,
2933 1064 3093 1115 ducto
3112 1076 3295 1114 secum
3316 1061 3426 1111 lilio

1858 1177 2121 1215 annorum
2149 1160 2402 1215 tredecim
2433 1171 2646 1224 :quetn,
2675 1155 2833 1208 nimis
2878 1152 3131 1206 festinato
3166 1153 3423 1218 navigan-

1860 1256 1911 1308 di
1942 1255 2147 1315 studio,
2191 1262 2351 1320 atque
2396 1248 2727 1314 imprudens.
2761 1246 2829 1298 ibi
2864 1247 3104 1313 reliquit.
3144 1244 3423 1296 lnveunnn

1861 1348 2042 1414 itaque
2082 1345 2287 1397 tristem
2347 1341 2638 1399 Smicrnm.
2706 1339 2990 1407 caprarius
3027 1338 3266 1404 quidam,
3304 1336 3423 1389 Eri-

1863 1436 2026 1489 tharsi
2081 1434 2248 1493 ﬁlius,
2281 1432 2345 1485 ad
2374 1443 2576 1498 patrem
2607 1430 2820 1482 adducit
2848 1446 2861 1481 :
2889 1429 2979 1497 qui
3014 1442 3117 1480 non
3146 1442 3302 1481 secus
3338 1437 3419 1477 at-

1863 1542 1967 1592 que
1988 1540 2140 1577 suum
2173 1524 2365 1586 lilium,
2392 1522 2602 1587 cognita
2633 1521 2781 1587 pueri
2806 1528 2856 1571 et
2884 1519 3189 1571 conditione
3215 1529 3267 1571 et
3296 1520 3424 1570 stir-

1866 1632 1949 1683 pe,
1983 1618 2200 1668 honeste
2228 1630 2348 1666 eum
2370 1617 2506 1681 apud
2533 1628 2589 1665 se
2617 1611 2823 1665 habuit.
2851 1610 3046 1662 Narrat
3073 1620 3126 1662 et
3151 1610 3215 1661 de
3238 1609 3419 1676 Cycno

1863 1726 1983 1762 cum
2044 1710 2247 1762 duobus
2278 1706 2400 1758 tiliis
2431 1716 2585 1773 capto
2605 1742 2620 1765 ,
2646 1704 2819 1767 deque
2852 1702 3229 1762 contentione,
3267 1714 3329 1751 ac
3356 1699 3422 1751 de

1865 1800 2179 1852 Leucothea:
2236 1808 2468 1866 spectro.
2507 1796 2783 1861 Quomodo
2810 1797 2919 1849 haec
2956 1794 3138 1861 pueris
3188 1792 3416 1853 dixerit,

1791 1861 1830 1918 υ
1859 1891 2091 1957 Milesios
2117 1897 2172 1941 ut
2198 1890 2545 1942 admonerent
2571 1927 2585 1950 ,
2615 1888 2782 1953 ipsam
2811 1884 3196 1949 houorandam,
3223 1891 3275 1935 et
3295 1896 3421 1951 pue-

1858 1998 2037 2035 rorum
2066 1991 2337 2034 certamen
2367 1981 2672 2048 gymnicum
2708 1978 2805 2043 ipsi
2824 1977 3181 2030 exhibendum
3210 1992 3220 2025 :
3249 1973 3416 2026 laetari

1856 2074 1997 2125 enim
2029 2088 2086 2125 se
2118 2086 2401 2140 puerorum
2425 2070 2784 2123 contentione.
2809 2067 3166 2129 Additetiam,
3196 2074 3253 2116 ut
3275 2063 3418 2116 Smi-

1854 2180 1978 2219 crus
1997 2204 2010 2227 ,
2047 2164 2177 2217 clari
2206 2163 2480 2229 cujusdam
2523 2163 2659 2229 apud
2688 2161 2917 2213 Milesios
2944 2158 3043 2210 viri
3090 2157 3252 2210 ﬁliam
3281 2170 3414 2207 uxo—

1856 2272 1967 2310 rem
1997 2256 2242 2317 duxerit,
2268 2270 2387 2323 qum
2409 2256 2624 2321 pariens
2657 2252 2947 2306 secundum
2968 2250 3203 2318 quietem
3232 2248 3417 2299 videre

1854 2349 1963 2401 visa
1993 2348 2063 2401 sit
2088 2388 2102 2409 ,
2131 2348 2298 2400 solem
2322 2362 2416 2414 per
2441 2362 2502 2399 os
2536 2346 2703 2413 ipsam
2724 2343 2899 2397 subire
2920 2383 2932 2404 ,
2961 2352 3008 2393 et
3048 2354 3139 2407 per
3173 2349 3415 2391 ventrem

1854 2451 2013 2505 atque
2046 2440 2275 2493 verenda
2302 2439 2502 2507 egredi.
2524 2436 2673 2502 Quod
2697 2437 2866 2487 visum
2892 2435 3085 2485 bonum
3114 2444 3230 2481 esse
3257 2443 3415 2481 omen

1852 2542 1999 2585 vates
2031 2531 2385 2598 interpretati,
2420 2528 2625 2597 peperit
2655 2527 2741 2579 illa
2774 2526 2937 2578 lilium
2967 2564 2980 2580 .
3008 2522 3419 2586 Branchumque

1851 2640 1880 2677 a
1906 2626 2116 2677 somnio
2147 2623 2469 2680 nominavit.
2504 2635 2567 2671 eo
2596 2620 2733 2685 quod
2756 2632 2847 2683 per
2874 2616 3058 2668 fauces
3090 2628 3158 2665 ex
3196 2614 3304 2677 ipsa
3328 2613 3407 2664 sol

1850 2729 2098 2783 egressus
2110 2724 2251 2765 esset
2265 2712 2397 2781 (50),
2412 2709 2507 2762 llic
2521 2708 2819 2761 mortalium
2832 2704 3251 2759 formosissimus
3264 2717 3416 2769 puer,

1850 2811 1918 2863 ah
1942 2810 2180 2877 Apolline
2194 2817 2276 2860 est
2300 2808 2578 2859 adamatus
2599 2842 2611 2863 .
2640 2818 2759 2855 cum
2780 2815 2907 2853 oves
2932 2808 3241 2868 pascentem
3265 2812 3411 2862 repe-

1851 2903 2026 2954 risset.
2056 2897 2155 2953 Ubi
2190 2909 2244 2952 et
2265 2914 2354 2951 ara
2379 2896 2641 2963 Apollinis
2663 2894 2892 2947 amantis
2909 2901 3239 2945 consecrata.
3261 2887 3413 2940 Brau-

1849 2997 1979 3047 chns
2010 3009 2137 3047 vero
2159 3036 2172 3056 ,
2206 2992 2464 3061 Apollinis
2494 2992 2634 3043 dono
2662 2974 2983 3040 vaticinandi
3016 2994 3131 3037 arte
3166 2985 3414 3041 donatus,

1852 3086 2093 3155 Didyntis
2152 3086 2369 3137 oracula
2419 3083 2680 3143 reddidit,
2718 3080 3018 3144 hodieque,
3055 3078 3196 3127 inter
3239 3072 3415 3124 munia

172 3181 261 3231 χρι
294 3164 339 3193 ⁸⁸
368 3164 464 3213 νῦν
515 3164 863 3232 χρηστηρίων
906 3163 1231 3231 Ἑλληνικῶν
1263 3160 1338 3219 ὧν
1393 3168 1569 3236 ἴσμεν,
1610 3173 1787 3251 μετὰ(

1791 3191 1815 3253 3
1849 3193 1967 3247 qua?
2001 3179 2275 3240 novimus,
2308 3175 2491 3229 Graeca
2532 3171 2744 3225 oracula
2770 3211 2784 3232 ,
2820 3168 3243 3221 Branchidarum
3289 3178 3415 3213 ora-

172 3253 415 3317 Δελφοὺς
443 3254 733 3321 κράτιστον
768 3254 1110 3321 ὁμολογεῖται
1158 3257 1219 3307 τὸ
1254 3256 1360 3307 τῶν
1410 3258 1745 3327 Βραγχιδῶν.

252 3346 318 3396 ’Π
350 3345 425 3395 λδ¹
454 3345 530 3405 ὡς
568 3346 706 3413 μετά
724 3346 979 3415 τελευτὴν
1010 3347 1359 3418 Ἀλεξάνδρου
1389 3351 1480 3402 τοῦ
1519 3353 1752 3420 Πάριδος

173 3439 221 3488 οἱ
247 3438 506 3505 Πριάμου
530 3438 717 3499 παῖδες
743 3439 963 3501 Ἕλενος
990 3441 1082 3491 καὶ
1103 3442 1367 3508 Δηΐφοϐος
1392 3444 1580 3512 ἤριζον
1608 3446 1749 3515 ὑπὲρ

173 3529 280 3579 τῶν
321 3530 546 3597 Ἑλένης
575 3530 788 3597 γάμων,
833 3531 928 3581 καὶ
966 3534 1162 3599 κρατεῖ
1192 3531 1281 3599 βίᾳ
1336 3535 1430 3584 καὶ
1483 3534 1751 3605 Θεραπεία

173 3619 281 3671 τῶν
314 3620 560 3671 δυνατῶν
592 3620 873 3688 Δηΐφοϐος,
908 3621 1171 3690 νεώτερος
1204 3622 1279 3674 ῶν
1323 3622 1560 3680 Ἑλένου.
1598 3626 1751 3677 Ἕλε-

174 3730 261 3771 νος
294 3712 377 3775 δὲ,
412 3713 512 3781 τὴν
540 3711 695 3779 ὓϐριν
722 3713 782 3764 οὐ
825 3714 1021 3782 φέρων,
1058 3716 1135 3775 εἰς
1160 3715 1259 3784 τὴν
1292 3714 1434 3785 Ἴδην
1458 3719 1749 3787 ἀποχωρή-

175 3824 272 3867 σας
310 3804 577 3873 ἡσύχαζε.
612 3805 720 3856 Καὶ
754 3805 893 3855 κατά
946 3805 1254 3877 συμρουλὰς
1280 3808 1323 3837 ⁸⁸
1361 3808 1674 3877 Κάλχαντος
1700 3812 1749 3863 οἱ

172 3897 598 3966 πολιορκοῦντες
648 3895 847 3965 Τροίαν
907 3897 1165 3965 Ἕλληνες
1216 3899 1357 3967 λόχῳ
1407 3900 1495 3951 τὸν
1531 3902 1750 3955 ’Ἕλενον

172 3990 643 4058 συλλαμϐάνουσι*
674 3990 768 4040 καὶ
798 3989 867 4041 τὰ
904 3990 1003 4057 μὲν
1051 3990 1301 4053 ἀπειλαῖς
1346 3992 1413 4043 τὰ
1447 3993 1501 4043 δὲ
1535 3993 1747 4065 δώροις,

170 4084 335 4134 πλέον
366 4082 425 4131 δὲ
457 4082 523 4149 τῇ
572 4081 705 4148 πρὸς
739 4079 932 4149 Τρῶας
958 4080 1117 4149 ὀργῇ,
1162 4083 1534 4135 ἀποκαλύπτει
1568 4088 1749 4149 αὐτοῖς

173 4176 397 4234 Ἕλενος
432 4172 509 4233 ὠς
565 4172 757 4240 ξυλίνῳ
793 4172 944 4239 ἵππῳ
998 4175 1359 4240 πεπρωμένον
1411 4176 1559 4227 ἐστὶν
1592 4176 1748 4229 Ἴλιον

170 4266 399 4327 ἀὶῶναι,
448 4262 547 4314 καὶ
586 4262 647 4314 τὸ
682 4264 1012 4322 τελευταῖον,
1050 4264 1269 4314 ἐπειδὰν
1314 4265 1514 4332 Ἀχαιοὶ
1544 4266 1747 4321 λάϐωσι

168 4358 227 4408 τὸ
255 4356 509 4415 διοπετὲς
540 4354 769 4422 Ἀθηνᾶς
834 4355 1148 4418 Παλλάδνον,
1203 4358 1413 4407 πολλῶν
1465 4358 1636 4411 ὄντων
1690 4361 1748 4412 τὸ

172 4444 565 4513 σμικρότατον.
595 4443 909 4494 Στέλλονται
941 4439 1034 4495 οὖν
1065 4445 1157 4495 ἐπὶ
1178 4448 1243 4513 τῇ
1279 4446 1447 4515 κλοπῇ
1479 4448 1572 4499 τοῦ
1602 4449 1745 4500 Παλ-

167 4537 349 4589 λαδίου
387 4535 658 4603 Διομήδης
708 4538 798 4586 καὶ
828 4536 1135 4598 Ὀδυσσεὺς,
1172 4539 1265 4589 καὶ
1317 4540 1598 4592 ἀναϐαίνει
1651 4543 1744 4593 ἐπὶ
1778 4534 1821 4589 D

165 4631 224 4681 τὸ
252 4632 436 4697 τεῖχος
472 4628 513 4657 ⁸⁷
540 4629 832 4695 Διομήδης,
860 4628 1055 4690 ἐπιϐάς
1084 4630 1191 4679 τῶν
1216 4628 1383 4697 ὤμων
1412 4632 1743 4695 Ὀδυσσέως’

165 4723 193 4773 6
218 4721 275 4773 δὲ
305 4721 410 4771 οὐκ
441 4719 741 4777 ἀνελκύσας
766 4720 1045 4781 Ὀδυσσέα,
1075 4721 1249 4770 καίτοι
1283 4725 1380 4783 τάς
1412 4728 1597 4790 χεῖρας
1624 4725 1744 4793 ὀρέ-

164 4829 355 4879 γοντα,
407 4811 495 4880 ᾖει
536 4810 635 4878 τὴν
682 4812 775 4863 ἐπὶ
811 4812 867 4862 τὸ
903 4812 1223 4872 Παλλάδιον,
1271 4813 1365 4864 καὶ
1417 4815 1745 4883 ἀφελόμενος

167 4906 300 4957 αὐτὸ
332 4905 475 4973 πρὸς
524 4903 784 4955 Ὀδυσσέα
817 4903 953 4971 ἔχων
996 4904 1323 4972 ὑπέστρεφε.
1374 4907 1484 4958 Καὶ
1529 4906 1617 4958 διὰ
1650 4908 1742 4959 τοῦ

167 4993 355 5046 πεδίου
392 4994 689 5044 κατιόντων
710 4976 1094 5061 πυνθανομένῳ
1123 4991 1247 5063 [2‘28
1292 4993 1384 5063 H.]
1418 4994 1625 5047 ἕκαστα
1663 4995 1739 5064 τῷ

165 5084 419 5137 Ὀδυσσεί
450 5084 741 5151 Διομήδης,
788 5083 849 5134 τὸ
885 5083 1055 5135 δόλιον
1093 5084 1396 5153 τάνδρὸςνη
1426 5085 1599 5150 εἰδὼς,
1635 5089 1733 5157 οὐχ

1853 3269 2032 3323 culum
2059 3267 2168 3337 (5|)
2206 3277 2325 3335 post
2373 3264 2681 3331 Delphicum
2732 3260 3023 3313 maximum
3067 3257 3404 3325 priedicatur.

1924 3358 2217 3411 Tricesima
2237 3367 2446 3424 quarta.
2480 3356 2670 3407 Paride
2699 3362 2926 3411 mortuo,
2961 3348 3189 3401 Ilelenus
3216 3357 3268 3399 et
3299 3343 3417 3395 Di-i-

1852 3452 2058 3519 phobus
2090 3448 2285 3501 Priami
2320 3448 2411 3501 ﬁlii
2444 3462 2603 3513 super
2630 3444 2843 3497 Helenae
2887 3441 3083 3510 nuptiis
3121 3438 3415 3492 contende-

1852 3552 1998 3600 runt,
2030 3541 2263 3607 vicitque
2286 3554 2381 3605 per
2404 3540 2505 3590 vim
2524 3546 2578 3589 et
2600 3536 3062 3604 potentiunmpem
3093 3529 3415 3594 Deiphobus,

1851 3642 2008 3685 artate
2037 3632 2161 3685 licet
2194 3634 2386 3683 minor.
2423 3629 2653 3682 llelenus
2682 3643 2828 3693 ergo,
2867 3624 3073 3691 injuria:
3110 3622 3413 3687 impatiens.

1854 3728 1903 3777 in
1938 3725 2078 3777 Idam
2112 3722 2301 3793 137a
2331 3722 2590 3775 secedens
2617 3720 2782 3770 otium
2820 3717 2927 3784 egit
2952 3728 2966 3766 :
2996 3714 3083 3766 ubi
3106 3710 3417 3766 Calchantis

1852 3833 2045 3879 suasu,
2074 3818 2161 3883 qui
2186 3812 2730 3879 Trojamobsidebaut
2766 3807 2937 3860 ϐπερὶ
2963 3821 3026 3859 ex
3065 3804 3269 3857 insidiis
3295 3817 3417 3853 eum

1852 3910 2108 3977 capiunt:
2139 3906 2228 3959 ille
2259 3905 2450 3973 partim
2476 3904 2635 3955 minis
2661 3941 2674 3963 ,
2698 3902 2890 3968 partim
2915 3900 3070 3951 donis
3092 3938 3107 3963 ,
3133 3898 3210 3948 vel
3243 3898 3419 3964 ponus

1850 4001 1971 4054 odio
2010 3998 2202 4065 Trojm,
2258 3997 2459 4052 Graacis
2488 3998 2762 4055 iudicavit,
2798 3994 2971 4062 ligneo
3025 4007 3163 4060 equo
3201 3989 3413 4054 Troiam

1851 4092 2195 4159 capiendam,
2226 4090 2334 4142 fato
2378 4103 2498 4143 esse
2527 4088 2884 4154 designatum.
2914 4082 3026 4134 lino
3056 4092 3107 4134 et
3145 4083 3242 4133 hoc
3269 4079 3417 4131 deni-

1850 4199 1975 4252 que,
2002 4200 2119 4236 cum
2148 4182 2330 4235 Achivi
2361 4180 2631 4248 cepissent
2660 4178 2798 4231 caelo
2838 4176 3111 4242 delapsum
3155 4171 3262 4240 (5‘2)
3290 4172 3415 4224 illud

1852 4277 2100 4330 IDnervac
2118 4273 2411 4327 Palladium
2435 4271 2573 4341 ('55).
2596 4270 2737 4337 quod
2772 4270 2909 4320 inter
2933 4268 3096 4317 multa
3120 4274 3235 4315 erat
3268 4260 3420 4314 mini-

1852 4384 2019 4420 mum.
2058 4365 2219 4433 Igitur
2249 4366 2396 4418 missi
2429 4366 2493 4415 ad
2529 4362 2821 4415 Palladium
2855 4358 2999 4410 furto
3028 4353 3413 4413 auferendum,

1852 4459 2131 4512 Diomedes
2154 4468 2207 4509 et
2234 4455 2452 4526 Ulysses
2480 4470 2492 4506 :
2521 4453 2809 4518 evaditque
2837 4450 2885 4501 iu
2906 4463 3115 4500 murum
3140 4460 3233 4512 per
3256 4442 3417 4513 Ulys—

1851 4549 1925 4601 sis
1981 4546 2234 4598 humeros
2271 4542 2636 4594 conscendens
2674 4537 2979 4598 Diomedes,
3010 4549 3183 4599 neque
3235 4541 3413 4584 tamen

1856 4650 2045 4689 manus
2070 4636 2371 4687 tendentem
2398 4633 2601 4685 socium
2625 4631 2878 4690 attraxit,
2905 4628 2997 4679 sed
3024 4626 3089 4677 ad
3119 4624 3415 4677 Palladium

1853 4729 2004 4792 abiit,
2027 4742 2195 4796 eoque
2228 4726 2425 4787 ablato,
2451 4725 2514 4776 ad
2548 4721 2790 4791 Ulyssem
2814 4720 3051 4772 revertit.
3084 4717 3157 4769 Ita
3186 4732 3305 4770 cum
3325 4731 3419 4781 per

1852 4819 2003 4883 plana
2038 4818 2293 4879 redirent,
2335 4814 2687 4880 interroganti
2720 4811 3030 4879 singulatim
3053 4809 3234 4860 omnia
3253 4804 3415 4875 Ulys-

1851 4907 1894 4959 si
1920 4948 1933 4970 ,
1965 4908 2199 4960 hominis
2225 4908 2476 4959 astutiam
2516 4920 2617 4956 non
2662 4897 2933 4971 ignorans,
2973 4900 3278 4966 respondit,
3312 4912 3415 4949 non

1848 5000 1987 5067 quod
2018 4998 2249 5051 Helenus
2282 4997 2575 5051 Palladium
2608 4996 2898 5049 indicasset
2915 5008 2973 5046 se
3003 4991 3295 5058 accepisse,
3323 4989 3416 5042 sed

1845 5107 1938 5158 pro
1963 5105 2026 5143 eo
2065 5090 2205 5143 aliud
2249 5092 2540 5159 quoddam.
2604 5090 2794 5142 \‘erutn
2836 5097 2976 5140 moto
3028 5084 3165 5138 forte
3203 5082 3415 5137 fortuna

1438 5202 1677 5257 VAitl/E
1714 5205 2126 5262 LECTIONES.

273 5295 317 5326 ί·
349 5296 451 5364 μὲν
500 5304 621 5349 mm.
666 5298 730 5350 A.

168 5454 294 5509 χους
324 5437 393 5488 Δ.
472 5437 514 5467 ’⁸
536 5436 630 5488 τοῦ
664 5438 855 5507 ἀνδρός
894 5454 954 5500 ς.

273 5295 317 5326 ¹⁸
349 5296 451 5364 μὲν
500 5304 621 5349 add.
666 5298 730 5350 A.
815 5298 855 5329 ¹⁹
888 5297 1125 5399 Σμικρός
1170 5314 1229 5360 ς.
1284 5299 1327 5327 ¹⁰
1354 5297 1413 5348 τὸ
1449 5315 1555 5349 u-u.
1595 5299 1659 5350 Α.
1703 5301 1744 5329 ¹¹
1773 5300 1870 5367 ὡς]
1905 5305 1995 5355 καὶ
2025 5303 2101 5365 ὠς
2140 5321 2198 5367 ς,
2227 5304 2371 5356 εἴποι
2400 5302 2441 5354 Α
2474 5320 2485 5355 :
2515 5300 2568 5353 εἴ
2595 5317 2676 5351 τοι
2703 5316 2760 5362 ς.
2828 5298 2871 5327 ’⁸
2904 5297 3038 5365 αὑτῆ
3062 5293 3152 5345 τὸν
3175 5292 3327 5359 ἣλιον
3350 5306 3411 5351 ς.

165 5367 211 5399 u
232 5367 474 5399 0-..“)...
504 5366 559 5399 ιιι
604 5368 698 5399 νηί
744 5385 781 5399 ι.
874 5364 1027 5399 ssi-5:.
1067 5367 1125 5399 ne
1183 5384 1220 5399 ,-
1312 5368 1356 5399 Is
1394 5368 1551 5399 “sum
1615 5369 1711 5399 ...ηπ
1868 5389 1903 5399 -
2018 5372 2063 5399 η
2098 5373 2401 5399 .....ιε...λ.ι..
2445 5389 2481 5399 -
2579 5373 2620 5399 ιτ
2648 5372 2731 5399 ιρι
2788 5367 2848 5399 ..λ
2888 5351 3086 5399 "riui-1
3154 5363 3247 5399 en-‘i
3300 5361 3411 5399 ηςὶ.

232 5367 474 5434 γαστρὸς
504 5366 560 5419 δὲ
604 5368 698 5418 καί
744 5385 803 5431 ς.
874 5369 916 5397 "
938 5366 1127 5435 ἐξῆλθε
1183 5384 1242 5431 ς.
1312 5368 1356 5399 ³⁵
1392 5368 1555 5436 μέχρι
1615 5369 1711 5421 τοῦ
1744 5370 1837 5421 νῦν
1864 5366 1923 5435 ς.

2018 5361 2401 5442 ’⁸⁷συμ6ουλήν
2442 5389 2501 5435 ς.
2579 5361 2737 5421 "ini.
2788 5367 2849 5420 τὸ
2888 5361 3087 5436 τεῖχος]
3154 5363 3247 5414 τοῦ
3300 5361 3412 5412 τείο

1618 5530 1855 5586 ΝΟΤΕ.

235 5621 344 5678 ι29)
372 5620 642 5674 Simerum
678 5630 833 5675 vocat
870 5621 1179 5674 Lactantius
1220 5620 1445 5672 advers.
1491 5623 1722 5681 198,lib.

166 5705 261 5745 Vtut
298 5690 552 5744 Thebaid.
595 5693 734 5745 Stat.
767 5692 949 5757 Papiu.
984 5690 1081 5746 Ubi
1117 5691 1267 5757 plura
1297 5706 1361 5743 ex
1397 5689 1655 5746 Varrone.

235 5762 345 5823 (50)
382 5760 607 5829 Βία-ἦλθε
644 5765 819 5828 potius
841 5764 1115 5826 legendum
1148 5760 1373 5812 videtur.

233 5830 346 5901 (τοι)
372 5829 449 5887 De
474 5848 580 5901 quo
598 5831 791 5887 Strabo
818 5843 871 5887 et
896 5833 1129 5885 Pausau.
1162 5845 1269 5884 non
1303 5830 1489 5884 semel.

1907 5623 2014 5693 (52)
2050 5625 2323 5684 Διοπετές.
2354 5625 2427 5680 De
2454 5639 2557 5691 qua
2588 5622 2851 5693 vocelege
2876 5620 3117 5693 Suidam.

2044 5695 2175 5748 Vide
2204 5696 2353 5747 Suid.
2387 5706 2440 5748 et
2466 5684 2687 5759 interpr.
2714 5684 3124 5763 Vir'gaApollod.
3152 5686 3277 5740 item
3304 5684 3407 5738 lib.

1836 5758 2207 5829 utBibliotlu,
2240 5780 2305 5821 ac
2334 5765 2522 5834 Dietyu
2570 5758 2817 5817 Creteus.
2850 5761 2943 5816 lib.
2977 5775 3007 5813 v
3040 5758 3161 5812 init.
