4224 6446
818 432 915 497 571

1958 435 2212 494 ΡΗΟΤΙΙ
2246 434 2745 494 ΡΑΤΒΙΑΒΕΗΑΞ
2779 437 2887 495 CP.

3928 444 4045 508 572

809 543 1061 606 Palladio,
1092 539 1307 611 agnovit
1331 538 1547 608 Ulysses
1569 538 1699 593 illud
1748 539 1919 607 ipsum
1948 555 2087 594 esse.
2123 541 2299 606 Quare
2330 555 2358 592 a
2391 550 2431 599 Α
2461 541 2477 591 ε

2391 550 2431 599 Α
2461 541 2594 608 ὅπερ
2628 538 2828 607 ἔφησεν
2864 539 3082 601 Ἕλενος
3111 540 3410 594 Παλλάδιον
3458 544 3641 598 λαϐεῖν
3690 548 3875 612 αὐτὸν,
3919 544 4045 602 ἀλλ’

809 648 956 705 tergo
988 649 1045 689 se
1068 640 1307 687 statuens
1336 630 1626 691 Diomedis,
1653 632 2029 685 interfecturus
2060 632 2228 694 illum,
2254 633 2365 701 gla-

806 730 949 780 dium
981 724 1222 786 strinxit,
1255 735 1360 790 quo
1383 722 1604 789 ipsemet
1622 722 1839 776 Achivis
1868 721 2153 775 Palladium
2208 724 2364 775 affer-

809 827 909 869 ret.
940 818 1001 869 At
1036 816 1158 868 dmn
1188 814 1395 881 plagam
1432 811 1727 865 indicturus
1783 823 1959 877 esset,
1998 814 2125 866 vidit
2156 812 2367 867 Diome-

807 909 935 971 des,
968 908 1282 974 splendente
1314 914 1424 957 tum
1454 903 1591 958 forte
1614 904 1758 964 luna,
1791 905 1935 957 ensis
1955 906 2142 957 vibrati
2170 905 2362 958 lucem.

806 998 880 1051 Ita
910 997 1126 1068 Ulysses
1154 1011 1183 1048 a
1215 998 1359 1050 caede
1385 997 1658 1056 abstinuit,
1692 996 1985 1063 stringente
2009 996 2241 1049 vicissim
2260 997 2366 1064 gla-

807 1088 951 1137 dium
990 1087 1262 1150 Diomede,
1304 1086 1394 1154 qui
1439 1096 1491 1139 et
1524 1086 1860 1137 timiditatem
1902 1084 1973 1136 illi
2012 1085 2365 1154 exprobrans,

807 1186 862 1230 et
892 1176 1048 1243 gladii
1082 1176 1274 1227 lamina
1296 1215 1309 1237 ,
1351 1176 1487 1243 quod
1542 1176 1858 1229 antecedere
1883 1175 2081 1239 nollet,
2116 1177 2367 1229 humeros

808 1269 1130 1331 verberans,
1160 1271 1404 1321 eumdem
1441 1274 1563 1321 ante
1595 1282 1650 1321 se
1682 1268 1810 1335 egit.
1844 1263 1998 1319 Unde
2026 1266 2364 1333 proverbium

810 1359 939 1429 (ὅδ’)
975 1367 1155 1411 natum
1188 1376 1200 1413 :
1234 1357 1535 1411 Diomedeia
1562 1360 1854 1423 necessitas,
1877 1358 2115 1411 adhiberi
2152 1356 2364 1411 solitqu

810 1453 861 1504 in
894 1465 991 1515 eo,
1024 1451 1115 1521 qui
1141 1451 1340 1518 aliquid
1368 1450 1527 1503 faciat
1556 1450 1769 1503 invitus.

877 1713 1171 1769 Tricesima
1215 1716 1397 1784 quinta
1454 1716 1584 1769 duos
1629 1716 1825 1769 inducit
1869 1726 2109 1784 pastores
2141 1719 2206 1772 ad
2242 1717 2369 1788 Lys-

805 1819 921 1855 sum
946 1803 1196 1871 Ephesini
1221 1805 1332 1873 agri
1355 1815 1587 1857 montem
1611 1814 1889 1872 pascentes
1912 1823 1925 1858 :
1960 1807 2048 1874 qui
2064 1821 2219 1875 apum
2242 1823 2368 1861 exa-

2470 632 2583 683 άντ’
2614 630 2817 681 ἐκείνου
2853 632 3059 699 ἕτερον,
3094 632 3468 701 ἀποκρίνεται.
3505 637 3828 705 Κινηθέντος
3856 640 3913 692 δὶ
3940 641 4048 693 τοῦ

2472 721 2764 774 Παλλαδίου
2794 723 2933 773 κατά
2967 739 3087 774 τινα
3108 721 3369 791 δαίμονα,
3404 726 3562 790 γνοὺς
3592 726 3878 790 Ὀδυσσεὺς
3904 732 4048 781 αὐτὸ

2471 812 2644 862 ἐκεῖνο
2692 807 2829 863 εἶναι
2864 812 2956 864 καὶ
3003 812 3230 864 κατόπιν
3260 814 3495 879 γεγονὼς
3527 818 3727 869 σπᾶται
3769 820 3828 870 τὸ
3859 820 4045 887 ξίφος,

2471 904 2675 953 ἐκεῖνον
2733 903 2831 969 μὲν
2882 903 3089 954 ἀνελεῖν
3147 901 3449 971 βουληθεὶς,
3491 903 3616 973 [444
3644 905 3734 975 IL]
3780 908 3944 970 αὐτὸς
3992 910 4045 960 δ’

2471 994 2707 1061 Ἀχαιοῖς
2730 992 2791 1044 τὸ
2817 992 3111 1045 Παλλάδιον
3138 992 3405 1061 κομίζειν.
3431 994 3540 1045 Kal.
3560 995 3724 1047 αὑτοῦ
3752 996 4046 1063 μέλλοντος

2472 1085 2685 1153 πληγὴν
2712 1083 2964 1152 ἐμϐαλεῖν
2992 1080 3079 1153 (ἦν
3106 1084 3214 1152 γὰρ
3246 1084 3602 1155 σελήνη),ὀρᾷ
3632 1088 3900 1156 Διομήδης
3937 1090 4045 1156 τὴν

2471 1174 2644 1241 αὐγὴν
2672 1172 2765 1224 τοῦ
2812 1174 3015 1239 ξίφους.
3059 1173 3345 1235 Ὀδυσσεὺς
3372 1173 3417 1225 δ’
3465 1176 3708 1243 ἀναιρεῖν
3776 1177 3875 1243 μὲν
3927 1180 4044 1229 ἀπ-

2472 1267 2661 1333 έσχετο
2706 1264 3177 1332 ὰντισπασαμένου
3204 1265 3458 1316 κάκείνου
3509 1265 3683 1333 ξίφος,
3740 1267 3945 1318 δειλίαν
3990 1268 4043 1319 δ’

2471 1356 2734 1417 ὀνειδίσας
2786 1356 2975 1406 πλατεῖ
3026 1355 3103 1421 τῷ
3148 1356 3292 1422 ξίφει
3344 1357 3443 1408 οὐκ
3484 1356 3736 1410 ἐθέλοντα
3788 1360 4041 1425 προῖἑναε

2471 1450 2687 1500 τύπτων
2732 1447 2800 1499 τὰ
2842 1447 2983 1499 νῶτα
3032 1448 3279 1515 ἤλαυνεν.
3306 1448 3394 1512 Ἐξ
3436 1442 3497 1501 οῦ
3540 1452 3571 1517 ἡ
3627 1451 3897 1518 παροιμία
3950 1469 3967 1499 ι
4006 1455 4043 1517 ὴ

2473 1538 2778 1606 Διομήδειος
2807 1539 2849 1568 ³³
2883 1540 3113 1603 ἀνάγκη,
3158 1556 3178 1588 ι
3220 1540 3304 1589 ἐπὶ
3358 1540 3557 1601 παντὸς
3596 1540 3853 1591 ἀκουσίου
3883 1540 4045 1604 λεγο-

2476 1630 2629 1695 μένη.

2560 1724 2618 1771 Ἠ
2673 1722 2740 1772 λε’
2781 1723 2874 1774 δύο
2932 1724 3189 1790 ποιμένας
3245 1723 3349 1773 ὑπὸ
3398 1724 3604 1774 Λυσσὸν
3655 1723 3715 1774 τὸ
3754 1724 3879 1789 ὅρος
3947 1723 4041 1784 τῆς

2491 1812 2736 1878 Ἐφεσίας
2779 1815 2880 1880 γῆς
2915 1816 3121 1879 είσάγει
3147 1816 3428 1881 νέμοντας,
3493 1814 3540 1864 οῖ
3575 1814 3846 1880 μελισσῶν
3873 1814 4047 1878 ἐσμὸν

809 1908 929 1947 men
967 1895 1018 1945 in
1054 1893 1316 1961 profundo
1357 1895 1587 1961 quodam
1630 1905 1791 1963 atque
1841 1897 1905 1948 ad
1937 1897 2367 1951 descendendum
2404 1887 2443 1940 Β

2404 1887 2443 1940 Β
2480 1905 2533 1956 ἐν
2556 1922 2659 1956 τινι
2694 1904 2845 1972 βαθεῖ
2868 1905 2958 1955 καὶ
2989 1904 3300 1971 δυσκαθόδῳ
3331 1903 3658 1970 θεασάμενοι
3690 1904 3968 1971 σπηλαίῳ,
4017 1906 4047 1956 ὁ

809 1982 1101 2052 perdifﬁcili
1140 1993 1297 2036 antro
1326 1999 1445 2037 cum
1482 1986 1773 2048 vidissent,
1805 1987 1941 2040 alter
1988 1989 2280 2057 sportulam
2312 1992 2374 2040 ad

809 2070 1240 2123 descendendum
1279 2070 1549 2137 ingressus
1582 2079 1698 2133 est,
1734 2070 1868 2124 alter
1894 2089 2009 2124 eam
2042 2088 2072 2128 e
2099 2073 2223 2126 fune
2255 2090 2373 2128 sus-

807 2178 1026 2231 pensam
1074 2162 1407 2216 demittebat.
1444 2160 1575 2213 Cum
1616 2172 1791 2215 autem
1849 2164 1937 2230 qui
1989 2165 2372 2224 descenderat,

812 2257 985 2308 mellis
1017 2266 1176 2322 atque
1198 2255 1309 2305 auri
1342 2254 1607 2321 ingentem
1634 2254 1844 2321 copiam
1880 2255 2185 2322 reperisset,
2207 2256 2373 2324 impo-

809 2349 970 2401 situm
1010 2345 1262 2414 sportulae
1301 2360 1435 2398 onus
1468 2346 1623 2398 tertio
1656 2344 1933 2397 attrahere
1960 2361 2169 2400 sursum
2196 2347 2370 2412 jussit.

807 2438 952 2491 Auro
982 2439 1103 2490 dein
1128 2437 1421 2499 deliciente,
1438 2436 1668 2504 seipsum
1689 2436 1936 2502 deinceps
1956 2448 2187 2504 sportam
2207 2440 2375 2507 ingre-

811 2533 859 2583 di
888 2528 1226 2584 acclamavit.
1258 2530 1326 2581 At
1356 2536 1637 2595 postquam
1673 2529 1985 2581 insidiarum
2010 2530 2107 2595 ipsi
2141 2533 2373 2597 suspicio

806 2636 926 2675 eum
965 2622 1128 2673 verbo
1178 2619 1265 2673 illo
1320 2620 1370 2671 in
1405 2628 1633 2671 mentem
1681 2618 1859 2683 venit,
1907 2618 2134 2687 lapidem
2190 2636 2285 2688 pro
2318 2638 2374 2675 se

812 2720 1007 2779 siortae
1039 2711 1327 2784 imposuit,
1354 2709 1622 2777 iussitque
1655 2711 1947 2763 attrahere.
1978 2711 2125 2763 Alter
2155 2710 2365 2778 itaque,

812 2805 994 2870 utjam
1031 2817 1176 2868 pa-ne
1207 2801 1271 2853 ad
1309 2816 1455 2854 oram
1490 2816 1655 2867 usque
1673 2801 1936 2868 speluncae
1963 2816 2099 2855 onus
2132 2804 2368 2865 attraxit,

811 2902 957 2943 ratus
988 2905 1044 2943 se
1066 2891 1269 2943 socium
1303 2890 1567 2951 occidere,
1595 2888 1871 2941 confestim
1906 2904 1996 2955 per
2020 2890 2371 2956 praecipitium

809 2978 1072 3047 quoddam
1105 2988 1338 3045 sportam
1368 2977 1735 3045 priet-ipitavit,
1763 2992 1998 3044 auroque
2026 2978 2171 3030 humi
2194 2979 2370 3031 delos-

809 3082 869 3120 so
889 3107 905 3132 ,
938 3068 1254 3120 verisimiles
1287 3067 1350 3118 de
1374 3076 1587 3133 pastore
1611 3068 1699 3135 qui
1725 3067 2126 3120 desiderabatur
2146 3108 2159 3132 ,
2186 3084 2373 3121 causas

807 3157 1260 3224 interrogantibus
1292 3168 1627 3208 commentus
1654 3166 1754 3208 est.
1799 3156 1935 3209 Hinc
1964 3171 2084 3209 eum
2117 3158 2253 3209 alter
2284 3157 2369 3208 ille

807 3246 859 3300 in
896 3248 1147 3314 spelunca
1181 3246 1366 3315 1371)
1390 3260 1570 3315 pastor
1600 3247 1797 3299 nullam
1834 3248 2022 3301 salutis
2053 3250 2191 3299 viam
2230 3264 2374 3315 repe-

808 3338 937 3390 riret
959 3378 973 3399 ,
1001 3338 1189 3406 Apollo
1239 3340 1289 3389 in
1324 3338 1523 3389 somnis
1550 3337 1745 3402 jussit,
1789 3346 1845 3388 tit
1880 3348 2035 3390 acuto
2066 3337 2241 3404 lapide
2273 3338 2373 3390 sibi

806 3444 1031 3495 corpore
1050 3429 1304 3493 lacerato,
1324 3428 1770 3496 quietusjaceret.
1795 3430 1979 3482 Paruit
2006 3430 2090 3481 ille
2116 3431 2373 3495 monenti,

806 3526 854 3569 et
895 3518 1129 3571 vultures
1158 3526 1410 3585 tanquam
1436 3520 1499 3569 ad
1527 3519 1757 3570 cadaver
1786 3518 2090 3571 advolantes
2109 3558 2121 3580 ,
2146 3534 2376 3585 ungues-

807 3622 912 3675 que
945 3607 1031 3659 alii
1068 3622 1260 3671 comaa,
1296 3607 1383 3659 alii
1423 3608 1660 3661 vestibus
1710 3610 2025 3675 intigeutes,
2062 3610 2112 3661 in
2149 3610 2377 3661 sublime

808 3698 1077 3750 hominem
1110 3699 1460 3761 sustulerunt,
1489 3711 1886 3765 avexeruntque
1920 3701 2139 3752 illaesum
2177 3700 2229 3752 in
2253 3699 2377 3753 sub-

802 3789 997 3856 iectam
1064 3788 1273 3841 vallem.
1340 3786 1466 3840 lnde
1519 3790 1789 3856 prolectus
1818 3790 1865 3840 in
1904 3790 2102 3840 curiam
2134 3828 2147 3851 ,
2185 3796 2375 3841 cuncta

811 3878 1142 3945 magistratui
1184 3882 1445 3945 exposuit.
1509 3880 1683 3943 Quare
1740 3879 1953 3945 Ephesii
2006 3882 2373 3939 insidiatorem

812 3970 955 4022 illum
1001 3971 1339 4034 convictum,
1383 3986 1676 4037 aurumque
1714 3972 1985 4024 defossum
2028 3973 2110 4026 vel
2150 3974 2374 4027 invitum

809 4060 1089 4112 ostendere
1123 4068 1368 4113 coactum
1397 4059 1515 4129 [pro
1542 4061 1772 4131 meritis]
1806 4062 2097 4115 multarunt
2131 4081 2142 4114 :
2182 4064 2376 4131 injuria

812 4165 936 4202 vero
988 4150 1177 4205 ail‘eeto
1217 4154 1332 4205 auri
1385 4154 1661 4205 dimidium
1728 4156 2116 4217 attribuentes,
2151 4156 2376 4210 alterum

811 4243 1085 4296 dimidium
1104 4245 1331 4312 Apollini
1349 4259 1409 4296 ac
1430 4244 1609 4297 Dianae
1630 4244 1957 4297 obtulerunt.
1987 4247 2237 4299 Servatus
2254 4263 2379 4314 ergo

814 4344 994 4401 pastor
1034 4334 1153 4399 ille,
1192 4349 1428 4401 auroque
1476 4336 1730 4399 donatus,
1761 4338 1826 4389 ad
1872 4352 2108 4390 summas
2139 4341 2380 4405 pervenit

811 4424 1021 4476 divitias
1044 4465 1060 4490 ,
1092 4433 1146 4477 et
1174 4440 1323 4477 aram
1352 4429 1401 4477 in
1434 4440 1641 4478 summo
1684 4426 1881 4479 montis
1913 4429 2107 4480 vertice
2126 4429 2376 4496 Apollini,

2480 1995 2577 2063 μὲν
2602 1997 2643 2026 ³ο
2678 1998 2757 2057 εἰς
2789 1996 3023 2063 φορμίδα
3060 1995 3299 2047 κατιέναι
3327 1994 3507 2062 ἐνέϐη,
3540 1996 3567 2045 ὁ
3600 1994 3653 2045 δέ
3686 1994 3868 2046 καθίει
3890 1995 4048 2063 κάλῳ

2476 2088 2870 2156 ἁρτησάμενος,
2938 2088 2993 2139 Ὀ
3049 2087 3326 2138 κατελθὼν
3360 2087 3413 2138 δὲ
3477 2088 3566 2138 καὶ
3590 2088 3711 2137 τὸ³¹
3773 2086 3896 2155 μέλι
3946 2088 4048 2138 καὶ

2478 2177 2674 2246 χρυσὸν
2702 2178 2866 2228 πολὺν
2919 2176 3093 2244 εὑρὼν
3136 2179 3225 2227 καὶ
3254 2180 3316 2243 τῇ
3352 2177 3570 2243 φορμίδι
3617 2177 3720 2238 ἕως
3771 2178 3891 2245 τρὶς
3944 2179 4048 2244 ἐμ-

2481 2268 2657 2321 ϐαλὼν
2683 2270 2726 2299 ³¹
2756 2270 2952 2337 ἀνιμᾷν
2982 2268 3284 2329 ἐκέλευσεν,
3328 2268 3700 2335 ἐπιλείψαντος
3755 2268 3808 2319 δὲ
3843 2268 3888 2297 ³³
3946 2268 4043 2318 τοῦ

2475 2360 2671 2428 χρυσοῦ
2716 2361 2904 2411 ἑαυτὸν
2954 2359 3232 2429 ἐμϐαίνειν
3278 2360 3464 2411 λοιπὸν
3514 2359 3879 2428 προσϐοήσας,
3917 2360 4045 2409 ἐπεὶ

2474 2449 2765 2516 ἐπιϐουλῆς
2818 2448 2994 2500 ἔννοια
3044 2448 3190 2516 αὐτῷ
3240 2448 3356 2516 ἅμα
3384 2448 3458 2516 τῷ
3491 2450 3695 2517 ῥήματι
3725 2450 4038 2517 συνεισῂει,

2472 2540 2616 2591 λίθον
2638 2540 2750 2591 ἀνθ’
2787 2540 2947 2591 αὐτοῦ
2982 2541 3045 2607 τῇ
3079 2540 3298 2607 φορμίδι
3325 2539 3503 2608 βαλὼν
3537 2540 3818 2591 ἐκέλευσεν
3842 2540 3886 2569 ³⁸
3923 2542 4045 2593 ἀνι-

2478 2632 2602 2699 μᾷνο
2646 2631 2729 2691 Ὠς
2756 2630 2797 2679 δ’
2823 2631 2986 2697 ἐγγὺς
3012 2633 3105 2698 τῆς
3138 2631 3405 2698 στεφάνης
3434 2632 3462 2681 ὁ
3503 2630 3709 2696 ἀνιμῶν
3766 2632 4043 2700 ἀπῃωρή-

2476 2742 2625 2785 σατο,
2653 2722 2849 2775 αὐτίκα
2869 2722 2940 2783 ὡς
2988 2722 3296 2788 διαφθερῶν
3314 2723 3357 2752 ³⁵
3407 2722 3496 2773 τὸν
3529 2722 3716 2789 ἕτερον
3746 2722 3787 2751 ³⁸
3838 2722 4041 2790 ἀφίησι

2475 2814 2614 2865 κατά
2642 2829 2785 2873 τινος
2809 2812 3109 2879 φάραγγος,
3152 2814 3239 2861 καὶ
3266 2812 3327 2862 τὸ
3352 2813 3582 2878 χρυσίον
3606 2812 3913 2878 κατορύξας
3948 2830 4041 2863 πι-

2474 2903 2637 2964 θανὰς
2663 2904 2802 2971 ὑπὲρ
2852 2904 2942 2953 τοῦ
2975 2903 3212 2969 ἀφανοῦς
3270 2904 3522 2969 ποιμένος
3576 2902 3870 2955 ἐπλάττετο
3924 2907 4041 2963 τοῖς

2475 2994 2901 3062 πυνθανομένοις
2955 2995 3051 3053 τὰς
3094 2994 3412 3059 προφάσεις.
3492 2994 3562 3053 Ως
3617 2992 3661 3043 δ’
3725 2988 3793 3061 ἦν
3855 2993 4043 3061 ἄπορα

2478 3084 2809 3151 πανταχόθεν
2842 3084 2918 3151 τῷ
2943 3086 2999 3134 ἐν
3023 3083 3100 3150 τῷ
3126 3084 3376 3151 σπηλαίῳ
3421 3084 3641 3151 ποιμένι
3676 3083 3743 3135 τὰ
3776 3084 3876 3153 τῆς
3936 3102 4041 3135 σω-

2401 3217 2443 3274 C
2476 3174 2698 3239 τηρίας,
2768 3172 3041 3225 Ἀπόλλων
3066 3174 3197 3239 ὄναρ
3232 3173 3440 3223 κελεύει
3468 3172 3579 3235 ὀξεῖ
3622 3172 3754 3239 λίθῳ
3783 3173 3844 3223 τὸ
3877 3173 4043 3241 σῶμα

2478 3264 2765 3332 ἁμύξαντα
2833 3262 3049 3314 κεῖσθαι
3096 3263 3300 3329 ἠρέμα.
3359 3260 3462 3312 Τοῦ
3530 3260 3585 3311 δὲ
3620 3260 3927 3329 πράξαντος
3984 3263 4045 3312 τὸ

2478 3354 2811 3423 προσταχθὲν
2836 3353 3009 3419 γῦπες
3045 3353 3120 3413 ὠς
3146 3352 3240 3401 ἐπὶ
3279 3352 3469 3419 νεκρὸν
3518 3352 3899 3417 ἐφιπτάμενοι,
3951 3355 4045 3403 καὶ

2477 3451 2598 3506 τοὺς
2652 3445 2845 3513 ὄνυχας
2899 3446 2948 3495 oi
2979 3443 3074 3512 μὲν
3133 3444 3210 3503 εἰς
3258 3441 3355 3509 τὴν
3387 3441 3601 3509 χαίτην,
3643 3443 3690 3492 οἱ
3744 3441 3787 3492 δ’
3836 3444 3915 3502 είς
3944 3443 4045 3509 τὴν

2477 3537 2678 3604 ἐσθῆτα
2739 3536 3058 3603 πηξάμενοι,
3100 3532 3383 3599 ἐκούφιζον
3432 3535 3526 3584 καὶ
3551 3533 3855 3601 κατέφερον
3874 3535 4043 3585 αὐτὸν

2479 3626 2664 3678 κακῶν
2696 3626 2878 3694 ἀπαθῆ
2929 3627 3020 3677 ἐπὶ
3054 3625 3143 3676 τὸν
3176 3624 3533 3687 ὑποκείμενον
3556 3624 3793 3675 αὐλῶνα.
3840 3624 4046 3675 Ἐλθὼν

2477 3715 2519 3766 δ’
2558 3716 2649 3767 ἐπὶ
2694 3716 2754 3765 τὸ
2783 3716 2996 3783 ἀρχεῖον
3022 3714 3241 3764 ἅπαντα
3267 3713 3487 3781 φράζει.
3542 3712 3650 3763 Καὶ
3675 3711 3765 3763 τὸν
3794 3712 3893 3779 μὲν
3922 3714 4046 3762 ἐπι-

2480 3805 2843 3857 δουλεύσαντα
2865 3807 2912 3855 οἱ
2951 3804 3210 3871 Ἐφέσιοι,
3247 3802 3567 3870 ἐλεγχθέντα
3597 3803 3690 3853 καὶ
3718 3802 3808 3853 τὸν
3841 3801 4046 3870 χρυσὸν

2481 3893 2965 3963 κατορωρυγμένον
2986 3895 3077 3944 καὶ
3109 3892 3308 3944 ἄκοντα
3331 3893 3690 3955 ἐπιδείξαντα,
3725 3891 4047 3960 τιμωροῦν-

2480 4002 2588 4045 ται,
2616 3983 2693 4051 τῷ
2728 3982 2771 4033 δ’
2796 3984 3107 4051 ἠδικημένῳ
3131 3983 3227 4049 τὴν
3256 3984 3511 4050 ἡμίσειαν
3540 3980 3634 4032 τοῦ
3669 3980 3875 4048 χρυσοῦ
3930 3981 4044 4031 νείο

2484 4092 2708 4144 μαντες,
2745 4075 2841 4142 τὴν
2868 4075 3059 4141 ἑτέραν
3084 4076 3340 4142 ἡμίσειαν
3375 4074 3523 4140 ἱεράν
3550 4073 3835 4141 ἀπέφηναν
3852 4074 4042 4140 Ἀρτέ-

2483 4166 2591 4233 μιδι
2622 4165 2715 4217 καὶ
2764 4164 3071 4215 Ἀπόλλωνι.
3111 4166 3168 4216 Ὀ
3186 4166 3240 4215 δὲ
3271 4164 3556 4225 διασωθεὶς
3579 4164 3673 4215 καὶ
3727 4162 3803 4230 τῷ
3833 4165 4044 4232 χρυσίῳ

2478 4253 2725 4323 τιμηθεὶς
2754 4254 2951 4322 ποιμὴν
2975 4254 3082 4304 τῶν
3115 4269 3175 4304 τε
3206 4255 3345 4305 πάνυ
3392 4253 3657 4303 πλουσίων
3688 4254 3912 4317 ἐγένετο
3944 4256 4039 4305 καὶ

2484 4345 2661 4413 βωμὸν
2686 4345 2771 4394 ἐπ’
2793 4345 2965 4411 ἄκρας
2998 4345 3095 4409 τῆς
3154 4344 3393 4412 κορυφῆς
3420 4343 3512 4395 τοῦ
3556 4345 3715 4411 δρους
3763 4344 4038 4395 Ἀπόλλω-

2481 4454 2567 4497 νος
2589 4436 2838 4494 sica-:0".
2867 4435 3238 4496 Γυπαιέωςείς
3271 4437 3532 4503 μνημεῖον
3562 4435 3663 4487 τῶν
3688 4435 4037 4503 συνενεχθέν-

818 4515 1038 4568 Vulturii
1067 4517 1301 4581 nomine,
1346 4517 1396 4569 in
1433 4519 1505 4571 rei
1530 4528 1692 4587 gestae
1742 4519 2052 4571 memoriam
2087 4520 2372 4588 sempiter-
2408 4540 2486 4595 οι

1234 4532 1301 4581 te,
1346 4517 1396 4569 in
1433 4519 1505 4571 rei
1530 4528 1692 4587 εοεαε
1742 4519 2052 4571 memoriam
2087 4520 2372 4588 sempiter-
2408 4540 2453 4595 θ
2479 4547 2587 4579 των
2616 4528 2902 4595 ὀνομάσας,

815 4621 953 4667 nam,
982 4606 1265 4661 dedicavit.

883 4694 1173 4749 Tricesima
1197 4708 1369 4750 sexta.
1395 4694 1742 4752 Philonom'us
1772 4697 2203 4753 Lacedarmonius
2234 4700 2371 4767 (54),

814 4787 1005 4853 Sparta
1034 4788 1382 4841 Doriensibus
1415 4790 1650 4856 prodita,
1689 4790 1938 4858 Amyclas
1967 4794 2223 4846 mercedis
2256 4792 2372 4846 loco

816 4878 1054 4944 accepit,
1094 4878 1143 4929 in
1172 4891 1396 4945 eamque
1438 4894 1504 4932 ex
1537 4879 1709 4933 imbro
1741 4889 1901 4946 atque
1938 4878 2136 4936 Lemno
2170 4882 2373 4937 incolas

814 4966 1002 5031 coegit.
1041 4964 1137 5030 Qui
1176 4981 1294 5018 cum
1326 4967 1476 5019 tertia
1513 4967 1633 5020 dein
1657 4977 1813 5021 :etate
1846 4970 2156 5025 seditionem
2180 4973 2371 5025 adver-

817 5070 908 5107 sus
969 5053 1252 5109 Dorienses
1317 5060 1673 5124 excitassent,
1726 5061 1963 5128 Amyclis
2012 5063 2147 5129 pulsi
2223 5075 2367 5117 sunt.

815 5145 1115 5212 Assumptis
1174 5147 1352 5212 itaque
1398 5162 1633 5202 secume
1685 5149 1970 5216 Spartiatis
2017 5154 2368 5218 quibusdam,

816 5235 1141 5304 ducibusque
1184 5236 1264 5290 usi
1304 5236 1485 5291 Pulidc
1514 5249 1566 5291 et
1598 5237 1827 5306 Delpho,
1862 5240 1912 5293 in
1956 5239 2165 5293 Cretam
2207 5244 2370 5293 adna-

2556 4702 2619 4751 Ὶί
2648 4701 2732 4763 λς’
2753 4702 2825 4759 ὼς
2849 4700 3132 4767 Φιλόνομος
3154 4702 3181 4749 ὁ
3223 4699 3566 4767 Σπαρτιάτης
3594 4698 3637 4730 ³⁸
3664 4698 3894 4765 προδοὺς
3924 4700 4036 4748 Λα-

2478 4792 2767 4859 κεδαίμονα
2796 4790 3052 4859 Δωριεῦσι
3092 4790 3263 4857 δῶρον
3302 4790 3413 4857 ἔχει
3454 4789 3751 4857 ’Λμύκλας,
3781 4790 3874 4839 καὶ
3908 4805 4034 4837 συν-

2475 4881 2665 4943 οικίζει
2719 4879 2918 4947 ταύτην
2943 4880 3001 4943 ἐξ
3033 4879 3257 4947 Ἴμϐρου
3318 4881 3409 4931 καὶ
3438 4881 3675 4948 Λήμνου.
3739 4877 3912 4947 Τρίτῃ
3977 4878 4032 4928 δὲ

2478 4974 2634 5039 γενεᾷ
2676 4972 3074 5033 στασιάσαντες
3133 4973 3267 5040 πρὸς
3318 4971 3555 5040 Δωριέας
3614 4970 4039 5039 μετανίστανται

2470 5057 2709 5131 [22911.]
2748 5060 3048 5128 Ἀμυκλῶν,
3096 5059 3617 5127 συμπαραλαϐόντες
3651 5059 3706 5110 δὲ
3737 5060 3827 5109 καί
3883 5074 4041 5118 τινας

2473 5151 2849 5219 Σπαρτιατῶν,
2875 5150 3192 5219 ἡγουμένων
3221 5151 3402 5211 αὐτοῖς
3432 5148 3647 5216 Πόλιδος
3679 5149 3772 5198 καὶ
3802 5146 4036 5211 Δελφοῦ.

2471 5245 2659 5296 ἔπλεον
2692 5246 2781 5297 ἐπὶ
2814 5244 2913 5311 τῆς
2935 5246 3176 5313 Κρήτης.
3214 5242 3299 5294 Ἐν
3324 5242 3401 5311 τῷ
3427 5239 3694 5311 παράπλῳ
3724 5239 3781 5290 δέ
3807 5237 3966 5290 τοῦδε
3993 5241 4037 5268 ³⁹

2070 5371 2305 5426 νΑιιιλΕ
2346 5370 2749 5426 LECTIONES.

885 5458 1201 5530 ﬁnding]
1229 5460 1296 5514 cf.
1339 5460 1523 5514 Schol.
1557 5463 1761 5516 Platon.

819 5531 859 5559 3‘
899 5529 954 5579 δέ
983 5528 1024 5577 Α
1066 5547 1079 5580 :
1116 5528 1205 5581 καί
1238 5548 1295 5593 ς.
1375 5532 1419 5561 ³⁵
1445 5534 1692 5586 ἐκάλευεν
1720 5534 1781 5584 Α.

823 5598 1136 5665 ὲὸωμήσατο
1166 5616 1308 5655 corr.
1328 5604 1391 5654 A.

1791 5480 1841 5533 p.
1881 5482 1950 5517 nt.
1989 5464 2110 5518 408.

1860 5535 1902 5565 ⁸³
1934 5534 2253 5605 διαφθείρων
2296 5553 2354 5597 ς.

2188 5467 2232 5497 ιο
2268 5468 2293 5497 Α
2326 5466 2385 5497 ..ἳ-

2268 5468 2294 5516 ὁ
2325 5468 2448 5565 μὲνὶ
2468 5468 2673 5551 ὅμωςεὸ
2713 5468 2809 5533 μέν
2854 5468 2916 5518 Α.
2998 5468 3036 5495 ³¹
3078 5468 3168 5516 καὶ
3194 5468 3251 5517 τὸ
3283 5468 3406 5543 add.
3449 5468 3509 5515 Α.
3565 5468 3670 5542 ι³¹ὲ

2296 5553 2354 5597 ς.
2455 5536 2714 5603 ⁸έ·ιταιρον
2766 5550 2907 5587 corr.
2971 5537 3027 5584 Α.
3070 5535 3235 5604 τινος]
3286 5550 3381 5599 της
3412 5533 3670 5585 Kattmus.

1470 5603 1512 5633 ³⁸
1538 5604 1608 5656 cf.
1635 5602 1842 5658 Mitller.
1878 5607 2128 5657 ()rcltottt.
2150 5602 2158 5605 ν
2184 5621 2234 5672 p.
2293 5606 2414 5657 516.

2998 5468 3036 5495 ³¹
3078 5468 3168 5516 καὶ
3194 5466 3251 5517 τὸ
3283 5464 3406 5516 add.
3449 5466 3509 5515 Α.
3587 5464 3629 5494 ⁸¹
3652 5460 3939 5531 ἐμϐάλλων
3970 5463 4032 5531 Αἴ

2468 5467 2673 5532 ὅμωςεὸ
2713 5466 2809 5533 μέν
2854 5467 2916 5518 Α.
2998 5468 3036 5495 ³¹
3078 5468 3168 5516 καὶ
3194 5466 3251 5517 τὸ
3283 5466 3406 5516 add.
3449 5466 3509 5515 Α.
3587 5466 3939 5531 ³¹ἐμ6άλλων
3970 5466 4032 5510 Α.

2468 5538 2714 5595 ίέταῖρον
2766 5550 2907 5587 corr.
2971 5537 3027 5584 Α.
3070 5535 3235 5595 τινοςΙ
3286 5534 3381 5595 τῆς
3412 5533 3670 5585 Kannius.
3748 5531 3790 5560 ⁸⁷
3827 5530 4034 5595 eierato]

2494 5606 2533 5635 ³⁹
2566 5604 2714 5656 τοῦδε
2773 5608 2895 5656 add.
2933 5607 2995 5656 Α.

2319 5718 2520 5773 ΝΟΤΛΞ
2531 5757 2543 5771 .

902 5805 1035 5875 (55⁸)
1064 5805 1216 5872 Quod
1249 5808 1417 5875 ipsum
1448 5810 1547 5860 alia
1580 5812 1739 5863 etiam
1767 5813 1969 5864 ratione
1994 5811 2140 5864 :tﬂ'crt
2168 5810 2373 5863 Surdas

2583 5811 2691 5875 ὧι)
2733 5810 2969 5865 Meminit
3017 5812 3209 5865 Strabo
3245 5812 3336 5861 illi.
3382 5827 3470 5862 Vlll
3498 5852 3511 5874 ,
3547 5808 3697 5860 initio
3739 5806 4007 5857 Laconicu-
