4224 6446
128 415 235 481 573

1186 417 1717 480 BIBLIOTHECA.
1742 447 1812 459 —
1838 420 2003 481 COD.
2032 418 2386 480 CLXXXVI.

3288 414 3392 481 su

127 524 222 576 τοῦ
269 520 464 576 στόλου
505 520 692 591 Μῆλον
730 521 1071 593 Ἀπόδασμος
1114 525 1329 592 οίκίξει,
1361 529 1455 582 καὶ
1505 529 1569 581 τὸ
1595 528 1706 580 τῶν
1736 536 1781 590 Α

1736 536 1781 590 Α
1809 531 2079 599 vigaruut.
2107 529 2212 586 Sed
2235 531 2358 585 dum
2390 529 2579 585 classis
2600 530 3031 600 preternavlgat,
3056 528 3390 597 Apodasmus

130 614 392 686 Μηλιέων
424 614 471 645 ⁸⁸
497 614 657 682 γένος
682 614 895 669 ἐνθένδε
916 617 1218 671 οἰκειοῦται
1254 621 1603 691 Σπαρτιάτας
1635 622 1702 674 δι.

130 706 196 760 Oi
230 706 291 757 δὲ
320 705 504 758 λοιποὶ
544 705 786 769 ἅπαντες
834 706 1110 779 Γόρτυναν
1161 709 1388 779 μηδενὸς
1432 710 1710 779 εῐργοντος

130 796 415 859 λαϐόντες,
467 798 677 869 ταύτην
746 798 861 869 ἔιμα
909 798 1018 852 τῶν
1068 803 1362 871 περιοίκων
1382 803 1429 833 ⁸⁸
1477 801 1711 871 Κρητῶν

133 891 561 954 συνοικίζουσιν.

212 982 282 1034 Ἠ
306 982 387 1045 λζ’
418 982 493 1045 ὡς
522 983 627 1034 ἀπὸ
650 982 827 1035 Θάσου
851 980 944 1034 τοῦ
976 984 1201 1053 Κάδμου
1225 986 1454 1054 ἀδελφοῦ
1484 987 1711 1059 Θάσοςή

131 1077 297 1144 νῆσος
328 1074 645 1143 ὠνομάσθη·
680 1076 797 1126 ἐκεῖ
824 1075 931 1144 γὰρ
954 1076 1115 1129 αὐτὸν
1134 1080 1161 1129 ό
1193 1078 1439 1145 ἀδελφὸς,
1469 1080 1591 1143 δούς
1621 1080 1714 1133 τοῦ

136 1164 377 1235 στρατοῦ
408 1168 621 1234 μοῖραν,
648 1166 955 1219 ἀπολείπει.
988 1167 1100 1220 Καὶ
1150 1168 1225 1230 ὡς
1248 1169 1468 1239 Κάδμος
1497 1171 1601 1224 ὐπὸ
1620 1170 1714 1224 τοῦ

134 1257 405 1308 Φοινίκων
438 1256 725 1325 βασιλέως,
764 1259 905 1326 μέγα
929 1258 1023 1310 καὶ
1044 1260 1207 1322 αὐτὸς
1241 1259 1538 1326 δυνάμενος
1567 1264 1717 1333 παρὰ

136 1350 400 1415 Φοίνιξιν,
429 1352 523 1403 ἐπὶ
549 1351 645 1421 τὴν
669 1353 941 1421 Εὐρώπην
978 1350 1223 1422 σταλείη.
1284 1354 1346 1405 Ol
1389 1353 1447 1406 δὲ
1474 1355 1718 1419 Φοίνικες

138 1442 257 1492 τότε
280 1439 415 1512 [445
442 1442 531 1512 R.]
564 1444 707 1511 μέγα
736 1460 795 1494 τε
828 1442 925 1511 (ὼς
956 1441 1136 1511 λόγος)
1164 1442 1368 1512 ἴσχυον,
1398 1446 1490 1497 καὶ
1518 1446 1718 1517 πολλὴν

137 1534 237 1601 τῆς
283 1534 476 1596 Ἀσίας
504 1534 1008 1604 καταστρεψάμενοι
1034 1535 1093 1586 τὸ
1118 1535 1386 1604 βασίλειον
1428 1540 1486 1590 ὲν
1511 1538 1719 1609 Θήϐαις

141 1628 266 1687 ταῖς
294 1626 629 1692 Αἰγυπτίαις
673 1622 838 1695 εἶχον.
880 1626 1146 1695 Σταλῆναι
1176 1628 1233 1680 δὲ
1260 1629 1481 1697 Κάδμον
1518 1631 1615 1699 οὐχ
1644 1631 1719 1691 ώς

144 1716 411 1786 Ἔλληνές
453 1734 621 1785 φασι,
669 1720 809 1771 κατὰ
852 1717 1077 1787 ζήτησιν
1114 1718 1414 1789 Εὐρώπης,
1455 1720 1522 1790 ήν
1552 1722 1719 1773 παῖδα

140 1810 395 1871 Φοίνικος
443 1805 608 1862 οὖσαν
652 1811 870 1880 ἥρπασε
920 1811 1055 1871 Ζεὺς
1100 1810 1160 1862 έν
1208 1811 1446 1881 σχήματι
1490 1810 1716 1882 ταύρου,

1813 620 2008 677 Melum
2044 622 2178 692 (55),
2211 622 2609 677 habitatoribus
2646 620 2903 687 instruit,
2939 621 3167 690 indeque
3212 620 3389 676 Pelic-

1812 730 1967 770 orum
2002 729 2173 783 genus
2194 713 2493 783 Spartanos
2514 712 2616 767 sibi
2655 710 3141 767 conciliat.Cateri
3173 726 3387 775 omnes,

1812 806 2128 877 Gortynam,
2180 815 2511 875 repugnante
2570 805 2818 867 nemine,
2875 814 3224 873 occupantes,
3283 818 3389 857 una

1814 912 1935 952 cum
1973 896 2307 951 Cretensium
2345 894 2541 950 accolis
2562 910 2681 948 eam
2709 894 3067 948 incoluerunt.

1885 986 2179 1042 Tricesima
2217 989 2463 1055 septima.
2494 984 2736 1041 ATbaso
2788 985 2914 1051 ('56)
2967 985 3156 1039 Cadmi
3219 985 3389 1038 fratre

1817 1079 2057 1133 Thasum
2099 1078 2327 1133 insulam
2375 1077 2693 1147 appellatam
2730 1076 2913 1131 refert.
2945 1076 3020 1129 lbi
3060 1078 3201 1130 enim
3241 1076 3387 1128 illum

1818 1169 1986 1222 frater
2010 1208 2025 1231 ,
2069 1171 2191 1223 data
2214 1170 2487 1224 exercitus
2514 1180 2666 1238 parte
2685 1210 2700 1234 ,
2731 1168 2965 1236 reliquit.
2994 1168 3227 1221 Cadmus
3277 1167 3387 1236 ('57)

1820 1265 1909 1319 hic
1948 1281 1975 1316 a
2004 1262 2314 1318 Phoenicum
2340 1278 2462 1332 rege
2485 1303 2500 1326 ,
2532 1277 2739 1333 magna:
2760 1263 2995 1331 alioquin
3026 1273 3080 1317 et
3107 1262 3223 1331 ipse
3248 1264 3389 1331 apud

1819 1352 2105 1407 Phoenicas
2163 1355 2516 1418 auctoritatis,
2588 1354 2640 1407 in
2701 1353 2966 1421 Europam
3020 1356 3217 1407 miSsus
3270 1362 3375 1407 est.

1820 1448 2027 1516 Quippe
2102 1447 2388 1501 Phoenices
2466 1461 2531 1500 eo
2615 1456 2856 1514 tempore
2937 1446 3143 1501 viribus
3217 1447 3387 1515 pluri-

1822 1555 1968 1595 mum
2022 1554 2087 1593 ac
2134 1544 2405 1608 polentia,
2452 1547 2509 1591 ut
2572 1537 2773 1601 ferunt,
2806 1537 3107 1601 valebant,
3170 1552 3391 1605 magna-

1821 1646 1927 1699 que
1992 1630 2131 1683 Asiae
2180 1640 2332 1698 parte
2386 1631 2436 1682 in
2509 1638 2827 1697 potestatem
2880 1628 3092 1681 redacta
3130 1666 3145 1690 ,
3191 1627 3389 1694 regiam

1822 1723 2002 1776 sedem
2037 1720 2238 1775 Thebis
2275 1720 2542 1789 Egyptiis
2581 1720 2997 1773 constituerunt.
3045 1717 3242 1771 Missus
3264 1732 3391 1785 ergo

1821 1812 2092 1876 Cadmus,
2114 1827 2220 1865 non
2254 1811 2334 1879 (ut
2366 1810 2538 1865 Grmci
2579 1808 2922 1877 fabulantur)
2950 1808 3220 1876 Europam
3243 1822 3391 1875 qua:-

144 1902 260 1955 ἁλλ⁹
302 1903 483 1973 ἀρχὴν
539 1902 638 1971 μὲν
689 1903 826 1955 ἰδίαν
876 1904 934 1954 ὲν
964 1902 1205 1973 Εὐρώπῃ
1257 1880 1649 1971 μηχανώμενον
1672 1905 1717 1935 ⁸³
1751 1880 1795 1937 Β

1751 1880 1795 1937 Β
1822 1906 2219 1973 siturus,quam
2237 1900 2506 1956 Phanicis
2528 1899 2711 1963 filiam,
2738 1899 2873 1952 tauri
2894 1898 3150 1952 mentitus
3164 1897 3390 1951 formam

144 1994 482 2047 πλάττεσθαι
512 1994 748 2062 ἀδελφῆς
777 1992 1134 2063 ἡρπασμένης
1173 1991 1440 2045 ποιεῖσθαι
1470 1993 1718 2064 ζήτησιν,

145 2087 203 2150 ἐξ
226 2081 288 2140 οὗ
316 2087 414 2139 καὶ
439 2086 469 2137 δ
504 2087 600 2154 τῆς
641 2083 914 2153 Εὐρώπης
949 2083 1115 2152 μῦθος
1156 2077 1291 2155 ἦκεν
1320 2085 1399 2146 είς
1430 2080 1717 2155 Ἕλληνας.

148 2175 473 2244 Περιπλέων
501 2176 555 2228 δὲ
586 2175 683 2244 τὴν
718 2172 987 2245 Εὐρώπην
1018 2172 1111 2225 τὸν
1141 2173 1240 2241 μὲν
1262 2173 1493 2242 ἀδελφὸν
1524 2175 1719 2240 Θάσον,

144 2267 219 2329 ὡς
247 2266 471 2336 εἴρηται
495 2306 510 2329 ,
558 2268 625 2337 τῇ
675 2267 821 2334 νήσῳ
847 2264 1045 2327 λείπει,
1078 2262 1240 2325 αὐτὸς
1275 2263 1320 2316 δ’
1354 2266 1431 2327 είς
1462 2266 1723 2318 Βοιωτίαν

148 2356 395 2419 πλεύσας
436 2357 611 2411 ἄνεισι
643 2358 781 2429 πρὸς
797 2357 844 2390 ⁸⁸
868 2356 965 2420 τὰς
994 2355 1090 2409 νῦν
1141 2354 1479 2424 καλουμένας
1513 2357 1719 2427 Θήϐας,

148 2453 240 2502 καὶ
276 2451 377 2501 σὺν
436 2451 504 2519 τῇ
560 2450 790 2520 δυνάμει
820 2452 1193 2522 περιτειχίσας
1225 2452 1286 2505 τὸ
1311 2450 1509 2522 χωρίον
1541 2450 1724 2518 Θήϐας

147 2540 255 2593 ἀπὸ
286 2542 391 2607 τῆς
420 2539 630 2599 οἰκείας
659 2541 983 2610 ἐπωνόμασε
1014 2544 1294 2612 πατρίδος.
1320 2542 1440 2594 Τῶν
1473 2542 1529 2594 δὲ
1558 2542 1723 2594 Βοιω-

149 2632 255 2684 τῶν
296 2634 381 2694 είς
422 2634 603 2702 μάχην
636 2634 820 2698 αὐτοῖς
853 2635 1281 2704 συμπλακέντων
1313 2634 1578 2704 ἡττῶνται
1603 2633 1724 2686 Φοί-

150 2741 322 2785 νικες,
366 2719 489 2777 εἶτα
514 2724 807 2793 κρατοῦσιν
838 2726 1080 2794 ἐνέδραις
1105 2729 1199 2780 καὶ
1217 2728 1604 2796 ’προλοχισμοῖς
1632 2728 1726 2780 καὶ

148 2816 211 2884 τῇ
245 2814 412 2883 ἀήθει
443 2815 553 2866 τῶν
579 2815 760 2869 ὃπλων
790 2816 911 2883 ὄψει
940 2832 955 2847 ⁸
983 2820 1181 2886 κράνος
1233 2819 1341 2887 γὰρ
1359 2817 1404 2850 ⁸⁸
1438 2820 1530 2871 κα)⁵
1561 2819 1725 2883 ἀσπὶς

147 2905 302 2958 οὐπω
328 2908 446 2968 τοῖς
466 2906 719 2976 Ἕλλησιν
742 2906 1002 2974 ἔγνωστο.
1033 2909 1141 2960 Καὶ
1174 2911 1365 2979 κρατεῖ
1387 2909 1605 2977 Κάδμος
1628 2910 1726 2977 τῆς

148 2995 405 3047 Βοιωτῶν
450 2998 553 3066 γῆς
578 3035 592 3059 ,
630 2996 722 3049 καὶ
757 2998 1035 3065 φυγόντων
1079 2998 1186 3050 τῶν
1229 2998 1599 3052 διασωθέντων
1632 3000 1725 3051 ἐπὶ

147 3088 241 3149 τὰς
274 3088 489 3148 οἰκείας
539 3088 723 3151 πόλεις
751 3088 945 3152 οίκίζει
977 3091 1230 3153 Φοίνικας
1258 3093 1316 3142 ὲν
1339 3091 1543 3159 Θήϐαις
1564 3133 1577 3155 ,
1634 3092 1726 3144 καὶ

146 3176 243 3246 τὴν
294 3177 517 3244 Ἀρεως
550 3177 596 3207 ⁸⁸
649 3178 742 3230 καὶ
802 3178 1124 3247 Ἀφροδίτης
1183 3178 1474 3247 Ἀρμονίαν
1536 3180 1720 3246 γαμεῖ.

151 3270 415 3332 Βοιωτοῖς
462 3270 518 3323 δὲ
548 3269 685 3339 πρὸς
715 3270 815 3340 τὴν
848 3270 1107 3338 ἔκπληξιν
1134 3269 1244 3322 τῶν
1274 3269 1455 3321 ὃπλων
1491 3269 1583 3321 καὶ
1616 3269 1723 3321 τῶν

148 3363 541 3432 προλογισμῶν
576 3364 667 3415 κα).
698 3363 794 3425 τῆς
843 3363 1065 3433 ἐνέδρας
1094 3363 1221 3428 δόξα
1261 3364 1511 3431 παρέστη
1542 3364 1727 3426 αὐτοῖς

144 3454 332 3516 ὅπλοις
366 3453 576 3506 ἀνεῖναι
599 3456 697 3522 τῆς
727 3455 830 3523 γῆς
846 3454 889 3484 ⁸⁷
922 3455 1045 3515 τοὺς
1070 3452 1288 3523 ἄνδρας,
1318 3453 1412 3505 καὶ
1442 3453 1726 3522 Σπαρτοὺς

145 3547 219 3611 ὡς
267 3550 334 3600 ὲκ
391 3546 483 3599 τοῦ
531 3548 751 3615 χωρίου
780 3545 982 3613 φύντας
1016 3548 1214 3608 αὐτοὺς
1258 3545 1545 3600 ἐκάλεσαν.
1598 3546 1731 3615 Περὶ

152 3639 313 3707 μὲνδο
345 3637 572 3706 Κάδμου
598 3640 692 3690 καὶ
727 3637 920 3707 Θηϐῶν
946 3640 1195 3699 οἰκίσεως
1209 3638 1253 3670 ⁸⁸
1281 3631 1437 3700 οὗτος
1466 3640 1494 3691 ό
1527 3637 1731 3708 ἀληθὴς

148 3732 331 3799 λόγος,
363 3730 427 3783 τὸ
453 3732 498 3784 δ’
524 3730 651 3786 ἀλλο
683 3730 849 3801 μῦθος
876 3733 968 3784 καὶ
993 3734 1217 3803 γοητεία
1239 3732 1428 3798 ἀκοῆς.

1818 1997 2027 2069 Jupiter
2069 1996 2354 2065 rapuisset,
2402 1994 2495 2048 sed
2532 1992 2804 2062 proprium
2832 1990 2932 2043 sibi
2963 1989 3014 2043 in
3046 1988 3258 2057 Europa
3285 1990 3389 2041 im-

1821 2091 2029 2161 perium
2070 2089 2400 2143 constituere
2435 2084 2677 2148 molitus,
2715 2090 2878 2151 raptae
2923 2081 3128 2135 sororis
3175 2079 3395 2134 investi-

1821 2182 2090 2251 gationem
2140 2176 2445 2247 praetexuit.
2476 2177 2652 2243 Atque
2703 2173 2829 2226 hinc
2854 2171 2942 2225 illa
2980 2173 3046 2225 de
3074 2172 3287 2239 EurOpa
3319 2172 3395 2225 fa-

1822 2273 1946 2327 hula
1976 2272 2041 2326 ad
2072 2270 2288 2326 Gnaeos
2335 2267 2549 2336 prodiit.
2587 2266 2853 2335 Europam
2889 2264 3052 2333 igitur
3078 2264 3389 2317 circumua-

1821 2366 2013 2436 vigans
2070 2363 2182 2426 ille,
2243 2362 2481 2417 Thasum
2532 2358 2776 2421 fratrem,
2833 2366 2890 2410 ut
2940 2356 3197 2419 diximus,
3240 2355 3292 2408 in
3330 2370 3391 2408 eu

1823 2457 1992 2513 insula
2044 2456 2278 2525 reliquit,
2313 2436 2425 2524 ipse
2471 2454 2521 2507 in
2576 2451 2835 2505 Bteotiam
2913 2449 3159 2511 tendens,
3194 2446 3387 2516 1331

1822 2549 2037 2603 Thebas
2093 2546 2232 2611 illas,
2284 2559 2404 2614 quae
2454 2557 2598 2597 nunc
2658 2540 3022 2611 appellantur,
3086 2538 3390 2598 aediﬁcavit,

1824 2652 2086 2706 muroque
2131 2636 2389 2691 comitum
2428 2648 2589 2702 opera
2623 2632 2857 2687 cinctum
2902 2631 3079 2685 locum
3125 2646 3153 2683 a
3208 2628 3397 2697 patriis

1827 2733 1897 2786 ita
1931 2729 2132 2784 Thebis
2158 2727 2464 2798 appellavit.
2499 2725 2711 2780 Bmotis
2741 2734 2917 2779 autem
2966 2738 3138 2792 pugna
3163 2736 3395 2777 concur-

1830 2822 2100 2886 rentibus,
2128 2821 2256 2873 victi
2280 2818 2509 2888 primum
2534 2816 2842 2878 Phasnices,
2874 2829 2969 2883 per
3010 2814 3229 2868 insidias
3251 2827 3395 2874 mox,

1827 2924 1890 2963 ac
1919 2918 2325 2979 stratagemata,
2358 2916 2411 2961 et
2445 2907 2757 2960 inusitatum
2794 2918 3065 2958 armorum
3094 2914 3394 2972 aspectum,

1828 3001 2136 3068 superiores
2175 3007 2501 3053 evaserunt:
2550 3012 2727 3065 neque
2754 2996 2894 3050 enim
2924 2994 3074 3064 galea
3100 3006 3156 3049 et
3184 3004 3396 3048 scutum

1829 3090 2044 3144 fuerunt
2098 3105 2333 3159 unquam
2377 3089 2579 3144 Gra‘cis
2624 3090 2687 3142 ad
2718 3102 2835 3141 eam
2864 3087 3021 3141 'diem
3056 3086 3289 3153 cognita.
3320 3085 3397 3139 lta

1828 3180 2081 3244 Cadmus,
2116 3182 2423 3235 Boeotorum
2454 3159 2656 3249 potiius
2689 3178 2924 3247 regione,
2956 3176 3279 3245 fugientibus
3306 3177 3399 3244 qui

1834 3272 1973 3325 cladi
2026 3280 2342 3340 supererant
2401 3272 2453 3323 in
2493 3284 2619 3323 suas
2665 3269 2893 3337 quisque
2949 3268 3146 3331 urbes,
3199 3266 3398 3321 Thebis

1836 3364 2143 3427 thnit‘as,
2166 3364 2256 3432 qui
2282 3362 2601 3425 incolerent,
2622 3362 2871 3426 collocat,
2900 3361 3014 3429 ipse
3047 3358 3395 3413 Harmoniam

1827 3454 2013 3509 Martis
2047 3469 2109 3509 ac
2139 3452 2363 3509 Veneris
2412 3452 2574 3506 filiam
2608 3467 2829 3505 uxorem
2887 3452 3054 3506 ducit.
3096 3449 3401 3504 Βωοιοτιιιιι

1828 3549 2040 3603 interim
2079 3548 2310 3610 animis,
2341 3546 2409 3599 ob
2435 3559 2710 3598 armorum
2762 3543 2909 3596 illum
2958 3552 3121 3611 atque
3181 3541 3406 3595 insidia-

1828 3656 1944 3694 rum
1963 3650 2181 3703 metum,
2200 3639 2313 3692 haec
2341 3638 2522 3706 opinio
2538 3636 2754 3699 insedit,
2775 3650 2897 3690 cum
2914 3636 3081 3688 armis
3100 3634 3232 3703 ipsis
3249 3633 3390 3685 viros

1830 3730 1999 3784 illose
2025 3740 2166 3783 terra
2198 3728 2487 3794 exstitisse,
2522 3737 2581 3780 ut
2610 3727 2731 3781 inde
2762 3726 2923 3780 etiam
2960 3725 3186 3796 Spartas
3249 3722 3362 3794 (58)
3388 3784 3404 3807 ’

156 3825 302 3878 velut
332 3840 400 3877 ex
438 3839 503 3878 eo
547 3824 661 3892 ipso
717 3825 835 3879 loco
888 3836 1054 3890 satos,
1110 3824 1462 3878 nominarint.
1503 3822 1668 3891 Igitur
1723 3822 1789 3876 dc
1822 3821 2030 3876 Cadmo
2111 3821 2523 3889 Thebarumque
2550 3818 2939 3873 inhabitatioue
2980 3832 3102 3872 vera
3130 3818 3241 3871 hzec
3282 3830 3407 3868 uar-

150 3920 291 3971 ratio
311 3926 395 3972 est
426 3935 442 3971 :
467 3917 631 3971 altera
658 3918 743 3970 illa
763 3958 777 3979 ,
807 3918 987 3972 fabula
1022 3918 1342 3984 auriumque
1366 3916 1664 3985 praestigia.

230 4007 297 4059 Ἢ
322 4007 407 4075 λη’
435 4005 511 4069 ὡς
534 4007 800 4075 Μιλήσιός
834 4025 918 4067 τις
945 4008 1083 4077 ἀνὴρ
1102 4047 1117 4069 ,
1153 4006 1255 4075 τῆς
1286 4005 1548 4075 πατρίδος
1578 4004 1729 4073 αὐτῷ

153 4098 259 4151 ὐπὸ
291 4098 575 4166 Ἀρπάγου
613 4097 707 4149 τοῦ
738 4097 924 4168 Κύρου
956 4100 1013 4151 ὲν
1056 4098 1286 4168 κινδύνῳ
1318 4095 1485 4164 οὐσης
1514 4137 1528 4158 ,
1565 4098 1643 4158 είς
1669 4096 1729 4147 τὸ

152 4191 211 4243 ὲν
234 4189 461 4259 Σικελίᾳ
491 4189 865 4258 Ταυρομένιον
894 4188 1116 4259 ἀπαίρει
1137 4191 1203 4252 ⁸ο,
1252 4190 1413 4243 κάκεῖ
1454 4187 1591 4259 φίλῳ
1626 4188 1731 4240 τινὶ

152 4280 464 4351 τραπεζίτῃ
516 4279 893 4349 παραθέμενος
933 4279 995 4332 τὸ
1057 4280 1278 4349 χρυσίον
1324 4280 1494 4333 οἴκαδ’
1552 4280 1726 4336 ἔπλει.

156 4368 292 4423 Εἶτα
337 4370 633 4422 δεδούλωτο
683 4370 778 4437 μὲν
820 4369 1057 4439 Μίλητος
1087 4370 1277 4442 Κύρῳ,
1304 4372 1474 4425 δεινὸν
1503 4372 1549 4423 δ’
1577 4371 1731 4423 οὐδὲν

1900 4006 2196 4059 Tricesima
2247 4012 2432 4059 octava
2463 4021 2476 4057 :
2505 4002 2743 4056 Milesius
2791 4001 3036 4069 quidam,
3065 3999 3407 4067 periclitante

1832 4098 1930 4151 sub
1970 4095 2215 4166 Harpago
2267 4095 2391 4166 Cyri
2428 4095 2535 4148 ﬁlio
2569 4096 2765 4163 patria,
2820 4092 3265 4151 Tauromenium,
3322 4088 3405 4141 Si-

1833 4188 1968 4243 cilia:
2007 4188 2193 4242 urbem
2242 4188 2625 4256 adnavigavit,
2683 4185 2989 4252 ibidemque
3032 4182 3172 4251 apud
3222 4193 3404 4233 nutum

1831 4280 2112 4349 quemdam
2144 4280 2455 4349 trapezitam
2487 4292 2621 4332 auro
2650 4276 2915 4344 deposito,
2960 4274 3175 4327 domum
3226 4271 3405 4325 rediit.

1835 4371 2009 4443 Cyrus
2059 4379 2181 4440 post
2237 4374 2350 4425 hac
2405 4369 2643 4424 Miletum
2699 4369 2751 4421 in
2806 4374 3128 4435 potestatem
3180 4362 3403 4431 redegit.

157 4461 288 4515 ἄλλο
309 4453 387 4513 ὧν
421 4461 708 4530 ὑφεωρᾶτο
726 4463 767 4492 ⁵³
797 4462 1086 4515 ἐπεπόνθει
1106 4477 1119 4491 ·
1146 4464 1243 4514 καὶ
1270 4465 1298 4515 ό
1320 4464 1580 4531 Μιλήσιος
1600 4459 1733 4533 ἧκεν

1836 4464 2077 4533 nihilque
2124 4464 2175 4518 in
2221 4479 2337 4519 eam
2375 4464 2613 4533 gravius,
2665 4471 2723 4513 ut
2767 4466 3074 4512 metuerant
3106 4456 3403 4510 constituit.

153 4554 236 4615 είς
271 4554 648 4621 Ταυρομένιον
699 4554 1160 4624 άνακομισόμενος
1183 4557 1229 4588 ⁸⁵
1278 4557 1376 4625 τὴν
1412 4573 1735 4626 παρακατα-

1836 4553 2019 4607 Rediit
2051 4554 2231 4621 itaque
2255 4551 2492 4606 Milesius
2529 4549 2970 4612 Tauromenium,
3004 4557 3063 4600 ut
3106 4546 3405 4612 depositum

156 4647 360 4714 θήκην.
398 4646 455 4697 ὐ
490 4644 546 4697 δὲ
576 4645 755 4697 λαϐὼν
786 4647 1043 4715 ὁμολογεῖ
1074 4647 1173 4715 μὲν
1204 4647 1409 4709 λαϐεῖν,
1442 4648 1730 4700 διετείνετο
1764 4667 1808 4720 ι)

1764 4644 1962 4720 Dillud
2016 4659 2170 4698 suum
2221 4643 2499 4710 reciperet.
2542 4640 2617 4694 lbi
2647 4639 2947 4693 mensarius
2990 4634 3210 4705 quidem
3244 4635 3407 4703 depo-

157 4738 205 4789 δ’
235 4736 666 4791 ἀποδεδωκέναι.
714 4737 801 4800 Ὠς
832 4738 889 4790 δὲ
917 4739 1053 4806 μετὰ
1085 4738 1283 4808 πολλὴν
1314 4740 1429 4808 ἔριν
1462 4739 1556 4791 καὶ
1583 4737 1735 4804 λογο-

1846 4736 2008 4791 situm
2073 4735 2349 4802 accepisse
2397 4748 2501 4786 non
2555 4731 2888 4799 abnegabat,
2947 4728 3042 4782 sed
3112 4726 3407 4780 reddidisse

162 4832 371 4897 μαχίαν
404 4832 431 4881 ό
460 4828 725 4897 Μιλήσιος
752 4832 832 4891 εἰς
862 4830 1022 4898 ὅρκον
1050 4830 1140 4881 τὸν
1166 4829 1455 4881 ἀδικοῦντα
1491 4828 1617 4900 [2'50
1643 4827 1734 4898 IL]

1845 4827 2225 4883 contendebat.
2253 4825 2469 4879 Utvero
2510 4823 2769 4883 Milesius,
2815 4829 2931 4888 post
2963 4818 3157 4870 multas
3193 4818 3405 4870 tandem

159 4920 546 4991 προύκαλεῖτο,
575 4923 601 4973 ὁ
627 4921 961 4991 τραπεζίτης
994 4924 1301 4991 μηχανᾶται
1335 4922 1562 4974 τοιόνδε·
1586 4920 1737 4992 Νάρ-

1848 4922 1997 4976 rixas
2023 4931 2186 4988 atque
2213 4916 2611 4978 contentiones,
2641 4914 2705 4967 ad
2727 4911 3104 4981 jusjurandum
3137 4909 3405 4962 hominem

164 5014 311 5082 θηκα
370 5013 629 5075 κοιλάνας
683 5013 930 5083 καθάπερ
978 5013 1139 5066 αὐλὸν
1196 5014 1291 5065 καὶ
1327 5016 1588 5082 συντήξας
1638 5016 1736 5082 τὴν

1847 5012 2044 5081 adegit,
2071 5010 2324 5077 trapezita
2354 5008 2456 5061 tale
2483 5007 2610 5075 quid
2639 5004 2979 5058 machinatus
3007 5011 3125 5053 est:
3158 4998 3405 5052 Ferulam

161 5097 556 5170 παραθήκην⁵³
588 5100 666 5171 τῷ
698 5102 932 5173 νάρθηκι
990 5103 1144 5172 ὲγχεί
1194 5104 1287 5155 καὶ
1334 5103 1690 5171 ἀσφαλίζεται
1716 5119 1730 5133 ⁶

1847 5104 1989 5157 tibiae
2038 5104 2210 5157 instar
2264 5115 2551 5163 excavans,
2598 5098 2649 5150 in
2698 5109 2870 5165 eaque
2914 5094 3213 5163 depositum
3241 5092 3409 5160 lique-

1439 5213 1664 5269 VARUE
1701 5211 2101 5268 LECTIONES.

233 5306 284 5337 “
313 5304 569 5379 βηλιέων
623 5322 705 5379 ςτξ
735 5306 944 5379 ἐνθένδε
1002 5306 1239 5379 lleynius
1268 5327 1280 5361 :
1320 5307 1441 5361 libri
1473 5308 1695 5379 ἐνθάδε,
1755 5307 1796 5337 ⁵¹
1834 5308 2171 5379 Σπαρτιᾶται
2197 5323 2256 5369 ς.
2332 5304 2376 5379 δέ
2404 5306 2528 5379 τοῖς-
2548 5300 2856 5379 περιοίκοις
2881 5298 3063 5379 Κρησί
3089 5315 3193 5379 gn
3229 5294 3274 5379 δέ
3302 5314 3408 5364 μη-

162 5365 503 5447 χανούμένον
534 5392 594 5447 ς.
632 5365 648 5369 ’
672 5374 716 5406 ⁸⁸
752 5378 886 5447 πρός
915 5380 955 5430 Α
990 5396 1002 5431 :
1062 5365 1151 5431 ἰαί
1178 5396 1238 5441 ς.
1316 5378 1361 5409 ⁸³
1392 5379 1497 5446 γὰρ
1551 5379 1593 5429 A
1631 5396 1643 5430 :
1680 5378 1736 5431 δέ
1775 5394 1831 5440 ς.
1889 5365 1999 5438 τοίς
2050 5365 2304 5444 Ἕλλησιν
2339 5378 2379 5425 Α
2414 5392 2440 5447 A:
2471 5365 2654 5433 αὐτοῖς
2690 5387 2749 5447 ς..
2799 5369 2871 5425 cf.
2902 5365 3115 5447 Muller.
3152 5365 3407 5447 gito-hom.

252 5445 384 5519 217.
460 5444 509 5476 “
535 5433 737 5519 δᾼρεος
865 5433 941 5478 ’⁸⁷
962 5448 1058 5518 τήν
1090 5433 1206 5517 γῆν
1228 5433 1483 5519 lleynius,
1509 5460 1674 5510 recte,
1702 5433 1803 5501 nisi
1830 5433 2106 5519 legendum
2137 5433 2362 5509 ἀνιέναι,
2497 5458 2545 5496 e.
2595 5440 2857 5519 prodiret
2901 5438 2946 5469 "
2980 5438 3078 5508 μὲν
3123 5433 3215 5519 οὐν
3348 5452 3407 5519 ς.

164 5504 208 5548 δ’
236 5504 511 5587 οἰκήσεως
558 5504 623 5570 Δί
701 5504 746 5548 δ’
770 5504 960 5589 ’ἀπῄει
1101 5504 1114 5517 ’
1142 5504 1187 5550 δι
1232 5504 1487 5589 ὐφῖυρᾶτο
1550 5535 1609 5581 ς.
1663 5504 1731 5549 ’⁸⁸
1767 5504 2239 5586 ἀνακομισάμενος
2276 5504 2358 5579 ς(
2412 5514 2459 5545 ⁵³
2504 5504 2992 5583 παρακαταθήκην
3028 5524 3089 5571 ς.
3114 5504 3215 5577 τῷ]
3239 5508 3306 5575 τῇ
3342 5510 3408 5556 Α.

1688 5614 1915 5672 NOTAE.

238 5704 355 5773 (35)
386 5704 679 5775 Cycladum
715 5721 819 5760 una
849 5706 1037 5777 Steph.
1076 5723 1197 5763 cum
1251 5709 1490 5777 cjusdcm
1524 5710 1757 5763 nominis
1866 5709 1983 5771 init,
2013 5706 2271 5775 Slephan.
2314 5706 2540 5777 ΤΙιςιειιη
2570 5714 2842 5777 gemmato
2870 5698 3277 5777 sibilonprofert.

169 5770 343 5847 ωδε(
402 5770 448 5847 Α*
508 5844 542 5847 __
650 5846 686 5847 ί
1278 5770 1295 5777 ⁷
1935 5770 2044 5847 (37)
2069 5770 2140 5830 De
2168 5777 2368 5831 Cadmo
2391 5770 2621 5847 Pausan.
2653 5773 2925 5847 legendus
2948 5773 2997 5847 i_n
3026 5770 3245 5824 Bmotic.

242 5845 353 5915 (56)
385 5844 881 5917 Apollod.Thasum
906 5844 1137 5918 Neptuni
1174 5848 1339 5905 lilium
1375 5849 1538 5915 facit,
1568 5848 1661 5905 lib.
1697 5865 1755 5905 ιιι
1938 5841 2049 5918 (58)
2076 5848 2306 5905 l‘ausan.
2345 5848 2462 5903 init.
2500 5841 2729 5899 Bmolic.’
2754 5854 2808 5900 ct
2841 5841 2987 5896 alibi.
