4224 6446
772 421 882 482 575

1926 396 2194 460 PHOTII
2220 387 2728 455 PATRIARCHE
2751 387 2863 446 CP.

3936 364 4055 432 5TB

771 530 972 587 factum
1010 521 1322 580 infundens,
1373 516 1537 586 probe
1582 515 1832 569 obturat.
1873 513 2150 566 Accedens
2186 508 2348 577 igitur
2376 506 2426 564 Α

2381 506 2426 564 Α
2450 502 2542 554 ἐπὶ
2575 501 2631 553 δὲ
2660 499 2755 551 τὸν
2777 499 2940 566 ὅρκον
2971 492 3146 552 libV".
3179 487 3423 556 κατέχων
3452 487 3524 548 ὼς
3557 481 3864 553 βακτηρίαν
3899 497 4049 546 προ-

772 621 841 673 ad
861 617 1170 684 iurandum,
1208 612 1495 675 ferensque
1525 621 1620 675 pro
1644 605 1886 670 scipione
1914 601 2164 663 ferulam,
2197 598 2350 668 quasi

773 711 1000 780 pedibus
1021 722 1162 774 ωεστ
1191 719 1255 757 ea
1287 700 1631 754 iniciebatur.
1667 697 1971 762 Antequam
2003 705 2178 746 tamen
2202 692 2353 757 jura-

779 811 881 863 ret,
902 798 1112 852 Milesio
1136 796 1234 848 sibi
1257 794 1478 853 astanti,
1506 789 1670 842 veluti
1694 803 1816 840 mox
1844 786 2172 854 repetiturus
2189 798 2354 834 arun-

780 894 958 946 dinem
981 888 1222 941 tradidit.
1243 885 1316 938 lta
1347 886 1472 936 dum
1500 880 1751 935 manibus
1776 877 1998 930 sublatis
2040 875 2272 941 dejerat,
2299 885 2357 923 se

783 983 1082 1050 depositum
1097 979 1329 1039 eidem,a
1346 989 1451 1042 quo
1469 964 2355 1039 accepisset,reddidisse,Milesius

786 1073 1068 1140 indignans
1094 1068 1412 1120 arundinem
1441 1061 1686 1131 projecit,
1713 1058 1870 1112 simul
1893 1058 2052 1109 etiam
2083 1054 2356 1108 hominum

787 1164 943 1216 tidem
975 1161 1238 1215 defecisse
1262 1158 1522 1210 clamans.
1553 1155 1687 1206 Tum
1705 1152 1871 1204 fracta
1899 1148 2163 1201 arundine
2187 1144 2360 1199 oculis

785 1258 946 1307 etiam
979 1254 1152 1322 patuit
1181 1251 1536 1318 compositum
1567 1246 1694 1298 illud
1719 1244 1834 1296 auri
1858 1256 2018 1295 causa
2039 1238 2358 1308 perjurium.

787 1347 1026 1399 Milesius
1054 1347 1233 1413 itaque
1259 1356 1450 1395 aurum
1493 1339 1591 1392 sibi
1627 1351 1786 1390 suum
1813 1333 2103 1386 vindicavit
2137 1348 2151 1384 :
2184 1341 2364 1397 trape-

790 1439 896 1490 zita
925 1453 1054 1490 vero
1088 1453 1194 1505 pne
1219 1432 1567 1493 verecundia,
1602 1440 1658 1481 et
1696 1425 1836 1497 quod
1869 1425 2147 1492 improbus
2179 1435 2362 1475 coram

791 1527 1039 1579 omnibus
1057 1525 1574 1592 deprehenderetur,
1595 1521 1786 1588 laqueo
1810 1518 1974 1570 vitam
1999 1514 2100 1569 sibi
2131 1512 2363 1581 abrupit.

864 1704 1160 1758 Triccsima
1187 1715 1348 1754 nona.
1391 1697 1691 1751 Melanthus
1727 1710 1793 1748 ex
1825 1706 2021 1762 genere
2059 1689 2159 1743 fuit
2192 1688 2369 1740 Elida-

796 1812 935 1860 rtnn,
985 1795 1174 1864 138!)
1218 1794 1308 1860 qui
1349 1792 1474 1860 Pylo
1507 1800 1561 1842 et
1595 1788 1857 1841 Messanae
1900 1784 2007 1851 jam
2041 1783 2164 1834 inde
2201 1797 2230 1834 a
2261 1779 2367 1832 Ne-

2457 593 2618 659 φάσει
2654 588 2830 641 ποδῶν
2849 586 2895 617 "
2941 581 3226 642 ἀσθενείας
3255 621 3269 642 ,
3299 578 3376 648 τῷ
3409 578 3641 645 νάρθηκι
3670 572 4012 640 ὲπηρείδετο
4033 585 4047 597 ·

2462 683 2668 753 μέλλων
2713 681 2758 732 δ’
2801 677 3024 746 ὀμνύειν
3059 673 3284 741 πλησίον
3319 670 3511 721 ἑστῶτι
3544 666 3619 734 τῷ
3653 664 3934 734 Μιλησίῳ,
3972 662 4054 722 ὡς

2459 774 2656 824 αὐτίκα
2689 769 2850 820 πάλιν
2904 763 3308 830 ἀναληψόμενος
3333 759 3470 822 ,τὸν
3503 757 3750 823 νάρθηκα.
3781 753 4051 804 ἐπιδίῖω-

2461 881 2568 915 σιν.
2617 863 2704 923 Ὠς
2758 860 2814 911 δὲ
2862 858 2959 918 τὰς
3009 857 3197 924 χεῖρας
3250 848 3500 918 ἀνασχὼν
3555 846 3881 913 κατώμνυτο
3944 845 4052 912 τὴν

2460 951 2934 1020 παρακαταθήκην
2968 942 3255 998 ἀποδοῦναι
3281 939 3357 1008 τῷ
3402 934 3851 1004 παραθεμένῳδσ,
3877 949 4050 999 περι-

2465 1044 2716 1112 παθήσας
2744 1041 2772 1090 6
2802 1038 3066 1105 Μιλήσιος
3097 1034 3275 1104 ῥίπτει
3303 1032 3394 1082 τὸν
3425 1025 3894 1095 νάρθηκα,ἕρῤειν
3923 1023 4052 1088 ἆμα

2464 1134 2793 1205 ἀνακραγὼν
2823 1131 2919 1200 τὴν
2948 1131 3004 1180 ἐν
3054 1124 3362 1195 ἀνθρώποις
3394 1121 3595 1173 πίστιν.
3636 1115 3744 1169 Καὶ
3776 1117 3805 1166 6
3833 1111 4056 1182 νάρθηξ

2465 1230 2791 1300 ἐρρήγνυτο,
2842 1223 2934 1274 καὶ
2979 1216 3277 1288 περιφανὲς
3332 1209 3399 1281 ἦν
3451 1210 3585 1278 πρὸς
3627 1208 3726 1275 τὴν
3773 1205 3897 1267 ὅφιν
3954 1200 4054 1252 τοῦ

2467 1295 2690 1392 χρυσίου
2727 1318 2787 1368 τὸ
2815 1315 3055 1380 σόφισμα
3084 1311 3183 1376 τῆς
3225 1303 3570 1375 ψευδορκίας.
3606 1299 3716 1352 Καὶ
3742 1299 3769 1348 6
3808 1297 3907 1364 μὲν
3945 1295 4057 1347 Μι-

2468 1415 2649 1483 λήσιος
2673 1411 2734 1462 τὸ
2766 1408 2894 1460 ῖδιον
2923 1400 3088 1472 εἶχεν,
3114 1402 3142 1452 6
3171 1399 3227 1450 δὲ
3258 1392 3592 1464 τραπεζίτης
3618 1389 3706 1442 ὑπ’
3739 1389 3925 1449 αἰδοῦς
3958 1384 4056 1437 καὶ

2469 1504 2562 1558 τοῦ
2608 1498 2934 1564 κακίζεσθαι
2974 1494 3108 1564 πρὸς
3143 1489 3400 1544 ἁπάντων
3444 1484 3625 1554 βρόχῳ
3657 1483 3753 1534 τοῦ
3786 1484 3886 1550 ζῇν
3920 1481 4061 1531 ἐαυ-

2469 1599 2561 1651 τὸν
2597 1597 2802 1661 ἐξάγει.

2554 1688 2617 1740 ’11
2652 1686 2725 1737 λθ¹
2756 1684 2829 1746 ὡς
2847 1684 2890 1718 ⁵⁷
2920 1679 3196 1740 Μέλανθος
3217 1675 3373 1743 γένος
3401 1674 3497 1744 μὲν
3521 1667 3587 1741 ἦν
3613 1669 3719 1721 τῶν
3742 1664 4056 1734 Νηλειδῶν,

2474 1783 2522 1835 οἳ
2553 1781 2725 1833 Πύλου
2755 1778 2851 1830 καὶ
2880 1777 3171 1843 Μεσσήνης
3201 1771 3309 1824 ἀπὸ
3342 1765 3673 1824 Ποσειδῶνος
3707 1759 4054 1812 ἐϐασίλευον.

985 1844 1144 1864 -..υ
1227 1844 1247 1860 ν.
1391 1844 1408 1860 .
1900 1844 1914 1851 -

796 1899 964 1955 ptuno
986 1886 1342 1950 imperarunt.
1373 1879 1525 1931 llunc
1548 1895 1668 1930 cum
1699 1875 1996 1928 l’leraclida:
2016 1873 2366 1940 expulissent,
2397 1844 2444 1902 Β

2397 1844 2444 1902 Β
2473 1871 2674 1926 Τοῦτον
2708 1869 3112 1935 ἀναστήσαντες
3153 1858 3504 1931 Ἡρακλεῖδαι
3544 1854 3765 1920 πολέμῳ
3806 1851 3906 1916 τὴν
3949 1848 4056 1914 γῆν

798 1976 964 2028 armis
1018 1975 1236 2036 regione
1286 1971 1438 2038 potiti
1493 1978 1638 2021 sunt.
1674 1966 1765 2018 ille
1794 1966 2034 2017 Athenas
2081 1977 2269 2014 versus
2302 1975 2368 2012 ex

798 2067 1016 2120 oraculo
1046 2065 1315 2124 discessit,
1355 2061 1685 2127 civitateque
1721 2059 1971 2118 donatus,
1995 2055 2188 2108 claruit
2215 2054 2286 2106 ibi
2317 2053 2367 2106 in

799 2160 1000 2226 paucis.
1045 2157 1254 2210 Accidit
1290 2165 1468 2206 autem
1507 2165 1565 2204 ut
1596 2151 1955 2203 Atheuienses
2000 2163 2121 2199 cum
2167 2147 2371 2200 Bmotis

799 2265 962 2317 super
994 2248 1179 2301 (Minoe
1221 2247 1331 2316 (59)
1376 2244 1571 2298 bellum
1607 2249 1877 2311 gererent,
1924 2240 2229 2307 placuitque
2260 2239 2373 2290 sin-

800 2338 968 2406 gulari
1017 2354 1197 2404 regum
1240 2335 1538 2389 certamine
1587 2334 1732 2386 litem
1766 2334 1966 2386 dirimi.
2011 2331 2084 2384 Ibi
2119 2331 2373 2400 Thymoe-

803 2442 882 2485 tes
934 2430 1068 2498 (40),
1107 2431 1194 2497 qui
1235 2439 1347 2482 tum
1401 2428 1625 2480 Athenis
1668 2427 1947 2493 regnabat,
1991 2425 2223 2478 duellum
2264 2423 2373 2478 for-

803 2522 1045 2588 midans,
1104 2535 1268 2589 regno
1321 2521 1480 2571 etiam
1542 2519 1708 2572 Cessit
1751 2517 1822 2581 ei,
1887 2518 2191 2585 quicunque
2252 2532 2370 2570 cum

801 2614 1018 2666 Xantho
1066 2611 1374 2665 Boeotorum
1412 2624 1536 2677 rege
1567 2609 1827 2661 dimicare
1861 2607 2040 2660 vellet.
2069 2607 2374 2660 Melanthus

801 2707 980 2772 itaque
997 2704 1143 2772 regni
1167 2701 1389 2768 praemio
1414 2701 1690 2762 invitatus,
1716 2699 1982 2766 pugnandi
2007 2698 2375 2752 conditionem

803 2797 1019 2862 accipit,
1073 2806 1126 2848 et
1183 2803 1339 2861 pacta
1372 2792 1752 2846 coniiciuntur.
1795 2788 1892 2843 Ubi
1929 2790 1992 2842 ad
2025 2804 2217 2842 manus
2250 2803 2377 2841 ven-

805 2898 913 2938 tum
934 2897 1038 2950 est,
1059 2887 1184 2939 vidit
1203 2883 1506 2937 Melanthus
1528 2884 1696 2935 visum
1717 2882 1983 2950 quoddam
2006 2879 2262 2933 imberbis
2279 2879 2376 2931 viri

804 2980 985 3046 Specie
1014 2978 1286 3032 Xanthum
1316 2977 1493 3043 sequi.
1531 2973 1603 3028 Ut
1627 2989 1752 3025 vero
1783 2974 1983 3040 injuste
2019 2971 2131 3024 ﬁeri
2169 2971 2256 3023 ille
2282 2985 2378 3024 ex-

806 3071 1084 3130 clamavit,
1115 3070 1259 3138 quod
1297 3080 1488 3120 contra
1530 3076 1683 3133 pacta
1721 3064 2096 3118 auxiliatorem
2127 3063 2381 3116 adduxis-

807 3169 910 3222 set,
974 3157 1223 3210 Xanthus
1281 3157 1417 3209 falso
1476 3170 1728 3209 sermone
1758 3156 2025 3216 turbatus,
2058 3154 2218 3206 vertit
2273 3169 2376 3207 se:

809 3261 972 3316 atque
1013 3250 1085 3301 ita
1118 3251 1260 3303 illico
1290 3248 1593 3302 Melanthus
1649 3248 1836 3299 lancea
1879 3247 2160 3311 trajectum
2207 3257 2382 3298 trans-

810 3339 962 3392 fodit.
1002 3338 1093 3393 Sit:
1145 3357 1250 3393 uno
1310 3339 1607 3392 certamine
1666 3336 1888 3391 OEnoen
1946 3339 2384 3398 Atheniensibus,

810 3433 912 3485 sibi
946 3447 1164 3501 regnum
1208 3432 1516 3501 acquisivit.
1549 3429 1708 3481 Certe
1749 3428 2194 3480 Erechthidarum
2220 3444 2387 3496 genus

811 3528 876 3578 ad
915 3525 1298 3589 Melanthidas,
1329 3540 1438 3594 quo
1488 3523 1540 3574 in
1569 3536 1793 3576 numero
1823 3529 1874 3572 et
1897 3519 2103 3572 Codrus
2153 3529 2291 3580 erat,
2321 3519 2388 3572 ab

813 3619 915 3671 hoe
952 3620 1257 3670 traductum
1283 3627 1386 3669 est.
1421 3615 1778 3666 Athenienses
1804 3627 1929 3662 veru
1961 3621 2142 3676 postea
2175 3609 2389 3664 Baccho

815 3709 1156 3762 Melanthida:
1190 3708 1301 3778 (41)
1344 3722 1408 3759 ετ
1454 3705 1676 3759 oraculo
1733 3703 1915 3754 fanum
1956 3701 2305 3763 dedicarunt.
2337 3712 2392 3757 et

816 3801 1104 3866 quotannis
1138 3815 1250 3852 rem
1291 3798 1528 3850 divinam
1565 3795 1812 3848 fecerunt
1841 3811 1852 3845 :
1882 3790 2002 3846 Jovi
2044 3793 2271 3861 insuper
2299 3796 2391 3848 de-

816 3891 1022 3959 ceptori
1054 3904 1239 3945 sacras
1269 3889 1488 3942 litantes
1509 3887 1781 3949 victimas,
1810 3884 1956 3953 quod
1977 3885 2029 3937 in
2056 3899 2234 3954 pugna
2269 3885 2390 3939 dolo

819 3981 1050 4033 fuissent
1091 3979 1171 4031 usi
1190 4019 1203 4032 .

888 4069 1311 4138 Quadragesima
1358 4067 1583 4121 historia
1614 4066 1727 4134 (49.)
1763 4066 1828 4118 de
1864 4065 2206 4119 Andromeda
2237 4080 2393 4120 secus

819 4170 1024 4225 narrat,
1056 4177 1218 4230 quam
1245 4159 1418 4213 Grreci
1462 4155 1792 4211 fabulantur.
1823 4157 1966 4210 Duos
1998 4155 2193 4210 fratres
2229 4156 2394 4212 fuisse

823 4253 1006 4317 refert,
1049 4253 1262 4321 Cephea
1295 4262 1349 4304 et
1387 4250 1589 4304 Phinea
1627 4270 1640 4305 :
1687 4265 1751 4304 ac
1785 4248 1989 4317 Cephei
2035 4249 2256 4318 quidem
2309 4265 2394 4304 re-

819 4360 1002 4414 gnum,
1041 4345 1328 4398 Phwnices
1365 4353 1548 4412 postea
1591 4357 1785 4396 nomen
1823 4342 2063 4397 induisse
2087 4383 2101 4407 ,
2154 4358 2279 4396 eum
2327 4342 2392 4395 ad

817 4452 938 4488 cum
981 4437 1122 4489 diem
1167 4434 1338 4504 Joppe
1374 4435 1490 4503 (45)
1519 4451 1545 4486 a
1595 4435 1866 4488 maritima
1903 4434 2122 4490 civitate
2153 4434 2391 4504 appella-

2470 1968 2658 2036 ἔσχον
2717 1965 2745 2014 6
2785 1963 2842 2014 δὲ
2889 1960 3031 2011 κατὰ
3062 1955 3344 2026 χρησμοὺς
3392 1946 3660 2017 ’Λθήναζε
3705 1946 4053 2011 ἀφικνεῖται,

2471 2058 2565 2110 καὶ
2594 2054 2818 2123 πολίτης
2845 2050 3076 2118 γίνεται,
3122 2045 3216 2098 καὶ
3244 2040 3311 2112 ἦν
3355 2040 3461 2093 τῶν
3493 2036 3838 2105 τιμωμένων.
3885 2032 4057 2096 Ἀθη-

2470 2149 2639 2211 ναίοις
2685 2147 2740 2198 δὲ
2791 2144 2886 2196 καὶ
2933 2140 3183 2199 Βοιωτοῖς
3235 2135 3468 2202 πόλεμος
3505 2131 3646 2197 ὑπὲρ
3693 2126 3889 2194 Οἰνόης
3925 2140 4058 2174 συν-

2475 2242 2686 2301 ίστατο,
2727 2235 2878 2306 [448
2922 2231 3010 2304 IL]
3059 2231 3152 2282 καὶ
3203 2227 3375 2279 ἐδόκει
3428 2227 3484 2276 ὲν
3534 2225 3598 2292 τῇ
3633 2221 3739 2272 τῶν
3778 2217 4057 2288 βασιλέων

2476 2329 2783 2402 μονομαχίᾳ
2810 2327 2908 2397 τὴν
2939 2321 3116 2396 κρίσιν
3142 2319 3299 2373 εἶναι.
3336 2316 3612 2385 Θυμοίτης
3647 2312 3743 2382 μὲν
3771 2310 3865 2362 οὖν
3897 2310 4058 2378 βασι-

2474 2425 2642 2477 λεύων
2686 2417 2984 2488 Ἀθηναίων
3017 2414 3271 2468 ἐδεδοίκει
3306 2412 3392 2463 τὸν
3426 2407 3636 2475 ἀγῶνα,
3673 2407 3765 2458 καὶ
3792 2407 4056 2469 ἐξίστατο

2474 2517 2572 2583 τῆς
2623 2512 2900 2582 βασιλείας
2943 2509 3020 2577 τῴ
3071 2505 3376 2576 βουλομένῳ
3437 2498 3874 2555 διακινδυνεῦσαι
3918 2496 4058 2564 πρὸς

2475 2608 2698 2669 Ξάνθον,
2723 2607 2782 2666 ὃς
2837 2601 3156 2656 ἐϐασίλευσε
3185 2595 3454 2648 Βοιωτῶν.
3503 2592 3613 2644 Καὶ
3645 2590 3928 2650 Μέλανθος
3968 2587 4055 2638 ἐπ’

2477 2701 2623 2768 ἆθλῳ
2671 2699 2769 2765 τῆς
2825 2693 3101 2763 βασιλείας
3120 2692 3165 2723 ⁸⁸
3212 2689 3510 2757 ὑπέρχεται
3561 2685 3652 2736 τὸν
3695 2682 3907 2748 ἀγῶνα,
3963 2679 4058 2730 καὶ

2479 2790 2861 2861 προϐαίνουσιν
2914 2787 2969 2837 αί
3023 2783 3308 2851 συνθῆκαι.
3373 2777 3525 2831 Ἐπεὶ
3570 2777 3613 2828 δ’
3645 2777 3689 2806 ⁸⁸
3743 2777 3822 2836 εἰς
3877 2774 4058 2841 μάχην

2478 2876 2636 2950 ἧκον,
2667 2877 2875 2947 καθορᾷ
2901 2877 2928 2928 ὁ
2953 2872 3233 2934 Μέλανθος
3255 2870 3448 2938 φάσμα
3481 2885 3534 2920 τι
3564 2866 3642 2934 τῷ
3670 2864 3860 2932 Ξάνθῳ
3886 2863 4061 2931 ἄνδρα

2481 2972 2746 3039 ἑπόμενον
2774 2967 3038 3034 ἀγένειον.
3080 2964 3167 3026 Ὠς
3193 2964 3236 3015 δ’
3267 2960 3530 3029 ἀνεϐόησε
3560 2958 3636 3026 μὴ
3667 2957 3851 3008 δίκαια
3883 2957 4062 3005 ποιείι

2485 3065 2635 3131 παρὰ
2689 3061 2787 3122 τὰς
2840 3058 3112 3126 συνθήκας
3174 3051 3576 3122 ὲπαγόμενονεο
3646 3047 3865 3118 βοηθὸν,
3929 3063 4061 3117 μετ-

2486 3154 2729 3223 εστράφη
2765 3152 2794 3201 ὁ
2822 3149 3022 3211 Ξάνθος
3048 3188 3061 3209 ,
3099 3147 3237 3215 πρὸς
3268 3147 3328 3196 τὸ
3387 3144 3615 3195 ἄπιστον
3648 3142 3741 3193 τοῦ
3771 3141 3930 3206 λόγον
3974 3143 4064 3190 ἐκ-

2488 3244 2748 3311 πλαγείςο
2795 3243 2890 3293 καὶ
2935 3240 3098 3293 αὑτὸν
3139 3238 3300 3299 εὐθὺς
3345 3237 3373 3288 6
3424 3235 3700 3295 Μέλανθος
3748 3233 3825 3300 τῷ
3877 3234 4065 3299 δόρατι

2491 3336 2666 3406 βαλὼν
2718 3332 2939 3396 κτείνει,
2988 3330 3081 3384 xui.
3124 3331 3222 3399 τήν
3270 3346 3328 3379 τε
3378 3328 3570 3394 Οἰνόην
3608 3324 3916 3391 Ἀθηναίοις
3975 3326 4065 3373 καὶ

2490 3427 2669 3495 ἐαυτῷ
2700 3424 2797 3494 τὴν
2835 3423 3109 3492 βασιλείαν
3139 3422 3216 3472 ἑνὶ
3241 3421 3666 3488 περιεποιήσατο
3696 3417 4062 3482 ἀγωνίσματι.

2490 3520 2563 3571 Τὸ
2606 3518 2702 3584 μὲν
2746 3516 2809 3582 δὴ
2853 3514 2960 3566 τῶν
3002 3511 3356 3582 Ἐρεχθειδῶν
3379 3511 3420 3541 ⁶¹
3473 3511 3632 3577 γένος
3667 3509 3745 3570 είς
3790 3508 3919 3568 τοὺς
3956 3509 4065 3558 Με-

2489 3611 2759 3670 λανθίδας,
2806 3602 2880 3659 ὧν
2913 3603 2979 3676 ἦν
3010 3606 3105 3657 καὶ
3150 3605 3354 3673 Κόδρος
3377 3642 3390 3663 ,
3423 3603 3530 3655 ἀπὸ
3556 3602 3748 3654 τούτου
3788 3601 4022 3668 μετέστη
4049 3613 4060 3625 ·

2502 3701 2777 3769 Ἀθηναῖοι
2829 3697 2873 3750 δ’
2927 3695 3153 3765 ὕστερον
3207 3692 3446 3761 Διονύσῳ
3493 3692 3803 3759 Μελανθίδῃ
3823 3693 3868 3722 θ’
3928 3689 4067 3741 κατὰ

2493 3789 2741 3861 χρησμὸν
2776 3789 2917 3856 ἱερὸν
2943 3785 3286 3855 ἱδρυσάμενοι
3313 3781 3530 3834 θύουσιν
3555 3782 3656 3834 ἀνα
3685 3781 3793 3833 πᾶν
3818 3781 3959 3841 ἔτος,
3977 3781 4068 3830 καὶ

2491 3883 2568 3952 τῷ
2595 3881 2913 3948 ἁπατουρίῳ
2951 3880 3033 3931 Διὶ
3067 3877 3186 3946 ἱερὰ
3235 3877 3566 3938 ἀνάπτοντες
3591 3914 3606 3938 ,
3652 3875 3734 3927 ὅτι
3783 3874 3968 3935 αὐτοῖς
4008 3875 4068 3923 ἐκ

2499 3976 2589 4044 τῆς
2619 3973 2836 4041 ἀπάτης
2868 3970 3155 4037 ἀγώνισμα
3195 3968 3431 4034 ἐγένετο.

2574 4065 2641 4116 Ἡ
2677 4063 2730 4132 μ’
2766 4063 2975 4131 ἱστορία
3023 4061 3091 4111 τα
3124 4060 3252 4125 περὶ
3295 4057 3651 4127 Ἀνδρομέδας
3698 4057 3907 4124 ἱστορεῖ
3951 4055 4064 4107 ἐτέ-

2497 4176 2604 4228 ρως
2653 4155 2750 4225 ﬁ”
2787 4155 2862 4216 ὡς
2908 4156 2936 4204 ὁ
2975 4153 3242 4222 Ἑλλήνων
3281 4150 3472 4218 μῦθος.
3515 4148 3805 4218 Ἀδελφοὺς
3838 4149 3937 4216 μὲν
3962 4149 4066 4215 γὰρ

2494 4251 2585 4303 δύο
2623 4247 2898 4316 γενέσθαι,
2936 4245 3134 4312 Κηφέα
3166 4245 3259 4296 καὶ¹
3299 4242 3482 4306 Φινέα,
3532 4242 3625 4294 καὶ
3671 4238 3810 4293 εἶναι
3845 4243 3944 4310 τὴν
3976 4239 4064 4292 τοῦ

2492 4343 2730 4413 Κηφέως
2787 4338 3064 4408 βασιλείαν
3115 4337 3236 4389 τότε
3265 4338 3322 4388 έν
3351 4338 3416 4405 τῇ
3469 4335 3938 4404 μετονομασθείσῃ
3973 4334 4066 4400 μὲν

2497 4434 2726 4502 ὕστερον
2766 4431 2985 4502 Φοινίκῃ
3011 4468 3024 4491 ,
3053 4427 3355 4495 τηνικαῦτα
3381 4427 3427 4478 δ’
3469 4427 3675 4495 Ἰώππα
3691 4427 3736 4456 ⁵⁵
3760 4425 3869 4477 ἀπὸ
3915 4425 4066 4476 Ἰώπ-

822 4539 932 4578 ιιιιη
987 4525 1197 4590 fuisset,
1237 4527 1601 4592 habuisseque
1636 4526 1846 4594 imperii
1879 4525 2138 4579 terminos
2177 4540 2206 4578 a
2253 4525 2386 4577 mari
2421 4533 2464 4587 ι)

2421 4533 2464 4587 ι)
2500 4538 2605 4591 πης
2637 4520 2736 4588 τῆς
2768 4517 3201 4570 ἐπιθαλασσιδίου
3240 4516 3448 4576 πόλεως
3480 4514 3717 4582 τοῦνομα
3744 4513 3982 4581 λαϐούσῃ
4003 4513 4065 4542 ⁶⁵·

819 4629 1004 4672 nostro
1035 4621 1100 4671 ad
1131 4632 1248 4671 eam
1274 4633 1442 4685 usque
1464 4618 1745 4681 Arabiam,
1775 4633 1894 4684 quae
1929 4619 1993 4670 ad
2051 4618 2389 4688 Erythraeam

817 4727 966 4765 mare
993 4712 1248 4780 pertinet.
1281 4710 1473 4765 Fuisse
1503 4712 1629 4764 item
1670 4710 1884 4779 Cepheo
1923 4710 2117 4778 insigni
2152 4712 2392 4779 pulchri—

2501 4616 2595 4668 καὶ
2637 4609 2704 4682 ἦν
2753 4610 2821 4662 τὰ
2869 4609 2966 4676 τῆς
2995 4607 3172 4676 ἀρχῆς
3201 4609 3324 4676 ὅρια
3371 4605 3477 4657 ἀπὸ
3507 4605 3605 4674 τῆς
3653 4603 3773 4656 καθ’
3798 4607 3948 4673 ἡμᾶς
3979 4605 4070 4656 θα-

2497 4707 2701 4772 λάσσης
2734 4698 3155 4771 μέχριἋρὰϐων
3174 4699 3218 4729 ⁸⁸
3243 4697 3351 4750 τῶν
3377 4697 3515 4767 πρὸς
3540 4701 3640 4765 τὴν
3666 4696 3939 4765 Ἐρυθρὰν
3978 4695 4064 4747 θά-

2100 4844 2336 4900 VARUE
2370 4839 2778 4898 LECTIONES.

889 4937 936 4968 “
969 4935 1062 4989 ίὼν
1092 4938 1186 4990 καὶ
1221 4955 1346 4990 κατ.
1397 4955 1454 5002 ς.

1533 4938 1578 4969 ⁸⁵
1616 4955 1780 5007 προφ.
1808 4938 1907 5004 τῆς
1953 4939 2060 4991 τῶν
2118 4938 2297 4990 ποδῶν
2330 4954 2389 4999 ς.

818 5026 868 5075 p.
903 5024 996 5062 lx:
1041 5007 1161 5060 libri
1215 5009 1431 5076 ὴλίδων,

1539 5009 1581 5039 ⁸⁸
1607 5010 1785 5061 malim
1818 5013 1881 5076 τῇ
1917 5008 2183 5078 βασιλεία.

2469 4938 2514 4968 ⁵⁸
2538 4933 2726 5003 περιθε
2738 4931 2882 4998 μένῳ
2911 4946 2970 4991 ς.

2287 5008 2332 5038 ⁵³
2374 5007 2558 5072 ἐπειδὴ
2589 5022 2648 5066 ς.

3046 4929 3091 4958 ⁸⁷
3120 4928 3193 4989 ὡς
3221 4941 3328 4977 om.
3382 4931 3446 4978 A.
3489 4925 3766 4992 Νηλειδῶν
3821 4923 4064 4978 Leichius

2737 4995 2780 5033 δο
2807 4995 3141 5064 ἐπαγόμενος
3179 5002 3237 5049 Α.
3319 4996 3361 5025 ⁶¹
3395 4995 3718 5062 Ἐρεχθίδων
3765 4997 3808 5048 Α
3846 5013 3859 5047 :
3915 4996 4064 5062 Ἐρε-

816 5065 1084 5146 ᾇίθούντων
1113 5095 1174 5140 ς.
1240 5065 1293 5106 ’δ’
1318 5065 1609 5130 Μελανθίδι
1640 5083 1701 5129 A.
1779 5080 1822 5109 ⁸³
1997 5081 2086 5132 καί
2118 5066 2181 5131 Ᾱ.
2227 5088 2345 5144 post
2374 5065 2772 5147 Verria-laticum
2796 5072 2840 5122 Α
2863 5069 3017 5124 Omisi
3046 5067 3195 5134 φασί.
3274 5066 3317 5095 ⁸⁸
3355 5065 3399 5118 δ’
3432 5065 3622 5135 Ἰόππα
3654 5067 3700 5118 Λ
3731 5084 3744 5118 :
3775 5066 3844 5118 δι’
3868 5065 3976 5118 ὅπα
4006 5081 4060 5125 ς’.

817 5133 1055 5216 ἶιεγιιὶυδ
1098 5133 1141 5200 δῖ
1179 5147 1363 5216 Ἰοπία.
1403 5147 1530 5219 ἀπὸ]
1567 5149 1594 5199 ὂ
1627 5148 1736 5201 ἀπό
1759 5148 1824 5202 Α.
1874 5133 2322 5218 ἈπλαϐούσηςἈ.

2397 5149 2441 5177 ⁶⁶
2479 5143 2756 5216 ’Λῤῥάεων
2783 5158 2842 5204 ς.

2296 5243 2525 5300 ΝΟΤᾸΞ.

888 5342 999 5409 (59)
1037 5339 1172 5410 Περὶ
1197 5339 1475 5392 Κελαινῶν
1508 5339 1657 5393 Suitl.
1685 5350 1739 5394 et
1768 5341 2000 5409 Polyaen.

887 5407 998 5482 (40)
1033 5407 1283 5465 Oxiutlne
1313 5410 1454 5482 [ilius
1484 5411 1572 5478 qui
1608 5407 1911 5479 postremus
1938 5413 2001 5463 de
2023 5407 2272 5464 Thesidis
2312 5425 2393 5482 re-

823 5481 1022 5550 gnavit.
1078 5482 1309 5534 I’ausan.
1343 5481 1580 5532 Corinth.
1622 5482 1852 5549 Attingit
1883 5495 2095 5547 quoque
2127 5483 2264 5532 hanc
2310 5481 2391 5531 hi-

820 5556 1039 5605 storiam
1076 5553 1272 5605 Strabo
1305 5551 1393 5603 lib.
1426 5567 1475 5602 ιχ
1512 5551 1627 5604 init.
1662 5562 1713 5603 et
1763 5554 1993 5604 nimime
2024 5550 2173 5601 Snid.
2223 5551 2392 5601 Ἀπα-

819 5625 1030 5692 coepiat.
1069 5623 1266 5689 lnterp.
1304 5623 1580 5683 Aristoph.
1611 5621 1846 5692 Polyaen.
1894 5624 1965 5674 lib
1995 5636 2032 5685 t,
2065 5620 2388 5688 Stratagem.

822 5694 1061 5746 Frontin.
1093 5693 1185 5744 lih.
1226 5707 1287 5752 tt,
1332 5707 1451 5756 cap.
1490 5692 1540 5743 5.

895 5763 1004 5825 (41)
1031 5763 1226 5816 Suidas
1245 5776 1378 5813 voce
1395 5762 1701 5830 ἁπατουρία
1721 5761 2030 5831 Dionysium
2055 5763 2198 5814 hunc
2224 5761 2391 5829 μελα-

821 5833 1034 5901 ναίγιδα
1062 5841 1217 5888 vocat
1245 5846 1312 5886 ex
1329 5834 1547 5902 CUquOd
1563 5832 1772 5903 τραγῆν
1797 5833 2097 5902 ἐνημμένος
2129 5832 2385 5900 μέλαιναν

2490 5336 2635 5387 visus
2685 5331 2774 5384 ille
2824 5336 2945 5395 post
2976 5325 3264 5395 Xanthum
3296 5325 3629 5390 apparuerit.
3672 5323 3846 5395 Hujus
3893 5334 4060 5376 tamen

2492 5406 2682 5458 Bacchi
2707 5393 2872 5455 wdetn
2897 5397 3129 5451 Pausan.
3158 5399 3208 5449 in
3229 5393 3551 5450 Corimhiac.
3582 5399 3720 5464 apud
3751 5394 4059 5447 'l‘rtezenios

2488 5485 2841 5610 Sl‘illglwide
2887 5537 3155 5610 Hyginum
3197 5535 3600 5610 Apollodorum,
3677 5535 4056 5610 et__interpret.

2490 5604 2738 5685 Apollon.
2765 5604 3119 5685 Arrati,_'atque
3139 5607 3402 5676 Lycuphr.
3446 5607 3605 5685 Qvid.
3654 5621 3690 5685 χ
3714 5604 4056 5685 Matrimonia.

2558 5684 2669 5750 (45)
2706 5674 3070 5750 διταὺογιισιίο
3110 5674 3236 5729 item
3263 5679 3584 5750 sententiam
3620 5674 3777 5728 ailert
3810 5677 3904 5750 lib.
3951 5691 3987 5750 ι,
4015 5687 4060 5723 et

2490 5744 2682 5809 iterum
2727 5767 2852 5817 xvi;
2903 5749 3106 5803 Plinius
3164 5761 3399 5816 quoque,
3439 5744 3671 5800 Pausan.
3725 5761 3788 5800 ac
3833 5748 4060 5814 plerique

2493 5838 2700 5882 omnes.
