4224 6446
178 398 278 461 577

1207 398 1733 462 BIBLIOTHECA.
1772 402 2021 463 -COD.
2059 404 2413 464 CLXXXVI.

3329 408 3433 472 578

176 506 387 559 λαοσαν
411 504 747 575 ᾠκημένων.
781 499 935 559 Εἶναι
969 504 1026 559 δδ
1049 504 1130 576 τῷ
1156 506 1340 577 Κηφεῖ
1364 510 1458 561 καὶ
1486 509 1760 581 θυγατέρα
1786 517 1837 573 Α

1786 517 1837 573 Α
1869 513 2055 568 tudine
2087 514 2251 568 ﬁliam
2303 513 2726 577 Andromedam,
2768 531 2929 583 quam
2958 518 3109 586 proci
3137 517 3428 584 ambirent,

174 598 319 651 πάνυ
342 597 518 667 καλὴν
545 597 929 666 Ἀνδρομέδαν,
960 597 1055 652 καὶ
1081 599 1251 668 αὐτὴν
1280 600 1517 668 μνᾶσθαι
1536 603 1760 657 Φοίνικά

175 706 234 740 τε
264 688 364 741 καὶ
397 688 492 741 τὸν
514 688 742 757 ἀδελφὸν
784 690 1020 759 Κηφέως
1043 691 1229 745 Φινέα.
1260 693 1487 761 Κηφεὺς
1523 694 1579 747 δὲ
1620 695 1761 764 μετὰ

178 779 410 842 πολλοὺς
435 782 563 841 τοὺς
597 780 683 848 ἐφ’
718 782 965 851 ἑκατέρῳ
994 779 1112 851 [251
1146 780 1237 853 Η.]
1286 781 1583 852 λογισμοὺς
1620 787 1760 853 ἔγνω

178 870 365 923 δοῦναι
417 873 517 940 μὲν
546 872 776 937 Φοίνικι,
828 873 1049 941 ἁρπαγῇ
1091 872 1149 925 δὲ
1195 872 1291 925 τοῦ
1348 876 1659 946 μνηστῆρος
1700 879 1761 931 τὸ

179 963 349 1014 αὑτοῦ
398 965 645 1016 ἑκούσιον
694 963 1109 1033 ἀποκρύπτειν*
1152 966 1246 1018 καὶ
1299 966 1605 1034 ἁρπάζεται
1652 971 1762 1025 ἀπό

176 1072 321 1116 τινος
354 1058 570 1124 νησῖδος
596 1058 805 1127 ἐρήμου
829 1059 862 1126 ἡ
899 1058 1245 1127 Ἀνδρομέδα,
1273 1062 1333 1114 ὲν
1361 1055 1407 1129 ᾧ
1435 1062 1616 1116 εἰώθει
1654 1065 1761 1116 άπ-

181 1148 336 1199 ιοῦσα
365 1147 566 1209 θυσίας
591 1151 658 1216 τῇ
704 1150 995 1220 Ἀφροδίτῃ
1030 1148 1199 1202 θύειν.
1231 1151 1477 1215 Φοίνικος
1507 1154 1553 1207 δ’
1585 1155 1763 1223 ἁρπά-

182 1256 382 1302 σαντος
424 1238 514 1309 νηῒ
561 1241 782 1309 (Κῆτος
830 1241 874 1292 δ’
920 1241 1059 1311 αὕτη
1101 1242 1390 1308 ἐκαλεῖτο,
1444 1246 1477 1315 ἢ
1530 1247 1763 1317 μίμησιν

178 1330 384 1399 ἔχουσα
413 1331 509 1384 τοῦ
538 1332 679 1395 ζὼου
705 1333 738 1403 ἢ
762 1334 856 1386 καὶ
871 1335 916 1366 ⁶¹
946 1336 1088 1388 κατά
1118 1336 1313 1407 τύχην)
1344 1339 1377 1407 ἡ
1408 1338 1759 1410 Ἀνδρομέδα,

177 1422 251 1486 ὡς
288 1425 434 1476 κατά
464 1424 690 1490 ἄγνοιαν
738 1425 832 1479 τοῦ
882 1428 1085 1497 πατρὸς
1120 1431 1479 1501 άρπαζομένη
1509 1472 1525 1497 ,
1556 1433 1761 1487 ἀνωλο-

178 1516 395 1586 φύρατὸ
423 1534 485 1569 τε
516 1519 608 1570 καὶ
645 1518 763 1587 μετ’
806 1519 1056 1589 οἰμωγῆς
1104 1522 1232 1583 τοὺς
1265 1522 1632 1594 βοηθήσοντας
1671 1530 1763 1580 άν-

179 1609 454 1663 εκαλεῖτο.
497 1611 745 1679 Περσεὺς
774 1611 819 1663 δ’
848 1612 876 1663 ὀ
906 1614 1119 1683 Δανάης
1154 1617 1295 1668 κατὰ
1328 1616 1556 1686 δαίμονα
1583 1637 1763 1687 παρα-

179 1701 363 1753 πλέων
393 1702 644 1771 κατίσχει
666 1742 681 1767 ,
714 1704 809 1756 καὶ
837 1705 974 1775 πρὸς
1000 1705 1098 1775 τὴν
1133 1707 1357 1777 πρώτην
1380 1709 1503 1778 ὄψιν
1530 1712 1629 1781 τῆς
1666 1713 1758 1765 κό-

181 1812 278 1864 ρης
308 1794 482 1863 οἴκτῳ
508 1796 601 1847 καὶ
628 1796 792 1866 ἔρωτι
826 1798 1103 1867 συσχεθεὶς
1133 1802 1193 1851 τό
1219 1818 1278 1853 τε
1309 1802 1512 1865 πλοῖον,
1537 1803 1603 1855 τὸ
1635 1805 1753 1874 Κῆ-

176 1903 289 1948 τος,
317 1886 650 1956 διαφθείρει,
699 1888 796 1941 καὶ
828 1889 951 1949 τοὺς
985 1890 1378 1958 ὲμπλέοντας⁶⁸
1410 1894 1515 1945 ὑπὸ
1543 1895 1753 1966 ἐκπλή-

178 1978 315 2040 ξεως
369 1978 532 2045 μόνον
575 1977 694 2048 οὐχ).
763 1978 1089 2043 λιθωθέντας
1144 1984 1378 2054 ἀναιρεῖ.
1437 1986 1546 2037 Καὶ
1598 1987 1757 2039 τοῦτο

181 2066 413 2137 Ἕλλησι
434 2068 498 2119 τὸ
525 2068 619 2121 τοῦ
656 2068 825 2139 μύθου
858 2072 1036 2139 Κῆτος
1071 2074 1165 2125 καὶ
1196 2077 1245 2127 οί
1274 2076 1539 2143 παγέντες
1563 2079 1643 2141 είς
1674 2079 1756 2131 λί-

180 2156 309 2219 θους
339 2158 624 2228 ἂνθρωποι
654 2160 811 2229 τῆς⁹⁹
846 2162 1108 2231 Γοργόνος
1138 2168 1205 2235 τῇ
1251 2166 1484 2236 κεφαλῇ.
1530 2169 1758 2237 Ἀγεται

178 2246 220 2297 δ’
253 2243 351 2299 οὖν
396 2252 633 2315 γυναῖκα
670 2248 769 2319 τὴν
808 2250 1187 2319 Ἀνδρομέδαν,
1237 2254 1331 2305 καὶ
1378 2254 1581 2323 οἴχεται
1622 2255 1759 2325 αὑτὴ

184 2340 544 2408 συμπλέουσα
584 2342 661 2403 είς
690 2341 788 2411 τὴν
834 2342 1056 2395 Ἐλλάδα
1086 2344 1164 2414 τῷ
1192 2346 1393 2415 Περσεί
1424 2386 1440 2411 ,
1476 2349 1568 2401 καὶ
1608 2348 1761 2418 βασι-

182 2434 437 2497 λεύοντος
463 2436 524 2489 τὸ
557 2436 761 2505 Ἀργος
784 2438 1038 2491 οἰκεῖται.

256 2608 322 2661 Ἦ
354 2614 445 2677 μα’
472 2608 547 2670 ὡς
581 2609 904 2681 Ἄντανδρον
949 2610 1177 2682 ᾤκησαν
1222 2615 1512 2684 Πελασγοὶ,
1542 2618 1660 2671 ἀλλ’
1684 2619 1760 2683 ὡς

180 2698 280 2769 μὲν
302 2699 446 2755 ἔνιοί
483 2717 617 2767 φασι
636 2740 651 2760 ,
682 2702 861 2765 δόντος
899 2706 1082 2766 αὐτοῖς
1104 2705 1392 2762 ’Δσκανίου
1418 2708 1615 2779 λύθρον
1644 2711 1761 2764 ἀνθ’

176 2789 371 2854 αὐτοῦ,
425 2790 550 2842 ἐπεὶ
582 2784 776 2862 ἐνέδρᾳ.
808 2794 1115 2865 συνελήφθη
1151 2796 1244 2849 ὑπ’
1268 2798 1468 2862 αὐτῶν,
1511 2803 1608 2855 καὶ
1631 2804 1764 2855 ἀπο-

176 2879 462 2941 λυθέντος·
512 2880 592 2933 διὸ
622 2883 714 2933 καὶ
758 2883 1099 2952 Ἄντανδρος,
1126 2887 1209 2938 ὅτι
1255 2887 1374 2940 ἀντὶ
1415 2890 1532 2953 ἑνὸς
1572 2894 1763 2963 ἀνδρὸς

176 2972 373 3024 ἔλαϐον
409 2972 584 3027 πόλιν.
604 2973 660 3026 '0
682 2975 727 3012 το
760 2973 804 3025 δ’
836 2976 1116 3039 Ἀσκάνιος
1146 2978 1261 3041 υἱὸς
1296 2980 1395 3047 μὲν
1425 2978 1493 3051 ἦν
1523 2985 1760 3051 Αἰνείου,

177 3067 321 3134 μετὰ
349 3065 409 3117 δὲ
440 3066 636 3133 Τροίας
673 3066 875 3119 ἅλωσιν
904 3068 1250 3122 ἐϐασίλευσεν
1276 3072 1438 3141 Ἴδης.
1476 3077 1538 3127 Ui
1564 3078 1621 3130 δέ
1661 3095 1765 3146 φα.

1863 604 2089 659 Phoenix
2160 606 2425 675 quidam,
2494 619 2550 660 et
2614 606 2728 673 ipse
2796 608 2993 677 Cephei
3076 610 3242 665 frater
3310 612 3435 666 Phi-

1864 711 2019 751 neus.
2076 696 2148 749 At
2196 695 2468 765 Cepheum
2535 708 2815 765 postquam
2892 703 3039 754 varia
3078 702 3147 756 de
3205 712 3435 770 utroque

1863 802 2044 843 secum
2071 788 2187 855 ipse
2214 789 2633 853 considerasset,
2677 788 2916 844 Phtenici
2953 793 3168 847 tandem
3202 795 3435 861 despon-

1864 881 1989 932 dere
2010 878 2171 931 ﬁliam
2196 880 2473 943 statuisse,
2497 895 2560 933 ac
2589 895 2684 950 per
2710 881 2829 937 ﬁliae
2854 892 3063 951 raptum
3092 886 3436 939 consentien—

1866 978 1969 1021 tem
2019 982 2170 1021 suam
2238 968 2564 1023 voluntatem
2611 972 2886 1036 obtegere.
2938 973 3228 1043 Abreptam
3270 973 3437 1043 igitur

1865 1057 2032 1112 fuisse
2062 1074 2129 1112 ex
2162 1059 2371 1113 deserta
2410 1060 2641 1129 quadam
2685 1062 2860 1116 insula
2896 1064 3320 1127 Andromedam,
3381 1065 3433 1117 in

1862 1166 2024 1219 quam
2070 1151 2269 1206 soleret
2320 1151 2512 1206 Veneri
2567 1154 2831 1208 sacriﬁcia
2860 1156 3107 1209 oblatura
3158 1158 3429 1211 secedere.

1863 1240 1937 1293 Ita
1978 1256 2102 1295 cum
2146 1240 2424 1297 Phoenicis
2462 1244 2622 1312 hujus
2655 1244 2914 1311 rapientis
2944 1247 3066 1299 navi
3108 1249 3248 1316 (qua:
3272 1248 3437 1304 Cetus

1864 1332 2005 1385 dieta
2031 1344 2133 1399 est,
2170 1333 2284 1388 sive
2308 1348 2338 1387 a
2377 1334 2540 1401 piscis
2571 1334 2712 1387 illius
2753 1336 3120 1403 similitudine,
3157 1339 3270 1393 sive
3308 1355 3435 1393 casu

1863 1423 2065 1494 aliquo)
2130 1425 2477 1479 Andromeda
2583 1426 2777 1497 139a
2851 1438 3103 1496 tanquam
3170 1434 3437 1489 insciente

1863 1528 2018 1587 patre
2068 1520 2411 1581 aveheretur,
2466 1520 2664 1574 misere
2712 1536 2828 1573 eam
2881 1522 3134 1591 cjulasse,
3173 1541 3437 1595 opemque

1864 1624 1986 1663 cum
2012 1609 2262 1680 lacrymis
2290 1613 2589 1667 invocasse.
2612 1614 2691 1666 Ad
2720 1629 2780 1667 ca
2802 1614 3056 1669 Perseum
3083 1618 3197 1686 (44)
3231 1618 3437 1673 Danaes

1863 1698 2032 1753 ﬁlium
2102 1703 2241 1756 forte
2289 1701 2503 1757 fortuna
2564 1709 3144 1776 prmternavigantem,
3214 1726 3432 1764 cursum

1864 1790 2167 1851 inhibuisse
2199 1812 2213 1846 :
2256 1794 2535 1863 primoque
2574 1813 2701 1851 mox
2749 1799 2934 1866 puellae
2964 1814 3207 1867 aspectu,
3238 1804 3435 1869 pietate

1860 1883 2040 1944 simul,
2075 1896 2131 1938 et
2175 1901 2357 1940 amore
2389 1898 2600 1957 captum
2634 1907 2647 1943 :
2683 1898 2793 1944 tum
2830 1894 3104 1960 navigium
3149 1896 3278 1947 illud
3317 1895 3435 1950 Ceti

1860 1978 2078 2031 nomine
2125 1994 2502 2051 expugnasse,
2552 1991 2608 2038 et
2664 1993 2908 2040 vectores
2965 1998 3172 2041 tantum
3221 2005 3325 2043 non
3383 1990 3435 2042 in

1859 2070 2063 2137 lapides
2105 2087 2215 2138 pra:
2263 2086 2405 2128 metu
2454 2090 2636 2130 versos
2665 2116 2680 2142 ,
2746 2078 3031 2134 occidisse.
3076 2084 3252 2149 Atque
3296 2084 3435 2136 hunc

1862 2162 2008 2216 illum
2059 2178 2181 2218 esse
2238 2164 2439 2219 Graecae
2488 2166 2681 2222 fabula:
2734 2168 2943 2233 Cetum,
3013 2173 3114 2227 hos
3168 2174 3434 2239 homines,

1860 2252 2126 2322 Gorgonis
2166 2254 2281 2326 (45)
2310 2257 2633 2328 visocapite,
2660 2261 2711 2313 in
2744 2276 2871 2316 saxa
2900 2274 3151 2319 mutatos.
3178 2266 3433 2322 Perseum

1862 2346 2026 2414 igitur
2048 2348 2450 2404 Andromedam
2476 2368 2699 2408 uxorem
2728 2358 3027 2426 accepisse,
3060 2374 3351 2430 secumque
3382 2362 3434 2414 in

1862 2434 2127 2492 Graciam
2162 2442 2373 2510 navigio
2391 2444 2625 2510 vexisse,
2656 2454 2821 2515 atque
2842 2451 3011 2517 Argos
3038 2452 3139 2505 sub
3169 2452 3310 2507 illius
3346 2454 3439 2506 im-

1861 2530 2013 2597 perio
2046 2531 2277 2587 habitari
2300 2545 2559 2603 coeptum.

1933 2620 2356 2692 Quadragcsima
2408 2629 2581 2695 prima
2652 2645 2665 2682 :
2729 2630 3063 2687 Antandrum
3127 2634 3441 2690 habitarunt

1864 2714 2097 2787 Pelasgi.
2122 2718 2645 2791 Verum(utquidam
2674 2728 2921 2795 narrant)
2939 2743 3001 2782 ex
3029 2744 3117 2792 eo,
3142 2733 3283 2797 quod
3302 2733 3440 2784 hanc

1869 2808 2001 2875 ipsis
2026 2812 2289 2867 Ascanius
2311 2830 2407 2884 pro
2430 2816 2813 2885 redemptionis
2838 2834 2949 2874 suae
2976 2824 3147 2889 pretio
3166 2824 3438 2885 donasset.

1865 2916 1986 2954 cum
2016 2917 2083 2957 ex
2131 2904 2340 2959 insidiis
2366 2917 2556 2975 captus
2609 2910 2675 2962 ab
2708 2913 2788 2965 his
2817 2914 3179 2984 dimissusque
3203 2916 3391 2971 fuisset
3424 2937 3437 2974 :

1868 2992 1997 3048 hinc
2020 2995 2164 3047 enim
2187 2998 2451 3051 Antandri
2471 3000 2685 3053 nomine
2707 3004 2891 3055 urbem
2907 3005 3301 3076 dixisse,quam
3321 3009 3441 3060 ἀντὶ

1870 3082 1990 3146 ἐνὸς
2028 3086 2221 3156 ἀνδρὸς
2269 3087 2390 3159 [pro
2436 3106 2540 3144 uno
2575 3090 2711 3164 viro]
2762 3097 3121 3165 accepissent.
3178 3100 3441 3154 Ascanius

177 3173 259 3207 σιν
297 3154 555 3207 ἐντεῦθεν
581 3157 798 3223 οἰκῆσαι
817 3157 855 3187 ⁷⁸
884 3158 1194 3226 Πελασγοὺς
1217 3163 1556 3233 Ἄντανδρον.
1578 3167 1765 3221 Ἀπόλ-
1796 3198 1837 3255 C

1796 3198 1837 3255 ο
1878 3187 2058 3229 autem
2095 3154 2179 3232 hic
2204 3154 2389 3235 Eneti:
2418 3182 2580 3246 ﬁlius,
2610 3154 2728 3247 fuit,
2757 3189 2848 3255 qui
2878 3154 3031 3255 capta
3050 3189 3159 3258 jam
3194 3190 3352 3260 Troja
3388 3194 3437 3245 in

175 3247 347 3308 λωνος
405 3247 501 3299 καὶ
558 3250 843 3316 Κρεούσης
872 3251 1052 3313 Ἀνιος
1088 3252 1297 3319 γίνεται
1341 3259 1469 3319 παῖς
1495 3259 1558 3324 ⁷³,
1595 3260 1691 3312 τοῦ
1713 3262 1768 3314 δὲ
1802 3247 1837 3255 *

1802 3247 1837 3255 *
1871 3268 1961 3323 lda
2009 3274 2286 3340 regnavit.
2335 3275 2437 3327 Alii
2495 3276 2617 3331 hinc
2658 3247 2833 3343 potius
2888 3247 3129 3337 referunt
3189 3284 3441 3355 Pelasgos

180 3339 435 3407 Ἀνδρος,
468 3338 524 3399 ὃς
556 3340 685 3408 μίαν
714 3342 943 3410 οἰκήσας
962 3345 1072 3394 τῶν
1101 3345 1281 3414 νήσων
1303 3346 1363 3399 τὸ
1397 3349 1568 3418 ὄνομα
1592 3352 1768 3405 λείπει

175 3434 240 3499 τῇ
265 3432 442 3499 νήσῳ,
507 3429 634 3500 [449
666 3431 755 3503 IL]
784 3434 924 3486 κατὰ
954 3437 1142 3489 στάσιν
1170 3439 1215 3490 δ’
1245 3440 1459 3493 ἐκεῖθεν
1499 3446 1765 3511 ἐκπεσὼν,

177 3524 271 3573 καὶ
314 3520 521 3590 χωρίον
542 3523 588 3552 ⁷³
620 3522 743 3574 ἰδὼν
794 3526 896 3577 ὑπὸ
924 3528 1022 3597 τὴν
1062 3529 1209 3598 Ἴδην
1239 3533 1618 3602 παραπλήσιον
1642 3539 1771 3589 Ἀν-

175 3615 309 3683 δρῳ,
375 3614 586 3677 πολίζει
620 3616 679 3667 τδ
710 3618 907 3686 χωρίον
953 3620 1048 3672 καὶ
1109 3623 1436 3693 Ἄντανδρον
1481 3629 1618 3698 πρὸς
1673 3631 1770 3701 τὴν

176 3711 487 3780 ὁμοιότητι
540 3712 818 3781 ὀνομάζει.
854 3714 964 3785 Τὴν
994 3716 1040 3768 δ’
1076 3717 1304 3787 Ἄνδρον
1352 3720 1559 3789 ἔρημον
1606 3720 1772 3774 οὖσαν

178 3801 309 3864 λαὸς
340 3802 638 3868 Πελασγῶν
665 3805 1049 3874 ὲσῳκίσατοτδ.
1102 3810 1212 3862 Καὶ
1244 3812 1276 3878 ἡ
1304 3810 1541 3874 Κύζικος
1573 3812 1631 3864 δὲ
1662 3816 1768 3866 Πε-

178 3893 424 3961 λασγοὺς
456 3892 615 3963 ἔσχεν
638 3898 928 3966 οἰκήτορας
953 3916 966 3927 ·
994 3901 1087 3951 καὶ
1112 3901 1221 3971 γὰρ
1244 3901 1480 3967 Κύζικος
1504 3904 1533 3956 ὁ
1578 3906 1771 3959 Ἀπόλ-

178 3986 377 4049 λωνος,
436 3987 736 4054 Πελασγῶν
783 3989 890 4042 τῶν
921 3992 979 4043 ἐν
1016 3991 1287 4064 Θεσσαλίᾳ
1315 3994 1635 4063 βασιλεύων,
1666 4000 1771 4052 ὑπὸ

178 4078 427 4131 Λίολὲων
471 4081 610 4147 μετὰ
638 4081 934 4149 Πελασγῶν
988 4084 1236 4137 ἐκπεσὼν
1285 4087 1384 4157 τὴν
1443 4091 1771 4161 χερρόνησον

178 4172 281 4240 τῆς
325 4171 517 4232 Ἀσίας
567 4172 796 4237 πολίζει,
842 4174 965 4236 δοὺς
1024 4178 1160 4246 αὐτῇ
1206 4180 1299 4232 καὶ
1348 4180 1609 4252 τοῦνομα.
1662 4188 1772 4239 Καὶ

178 4260 399 4330 ηὐξήθη
427 4262 493 4311 ὲκ
519 4264 779 4331 ταπεινῆς
834 4264 1058 4331 Κυζίκῳ
1123 4271 1201 4331 εἰς
1250 4272 1391 4337 μέγα
1422 4275 1451 4343 ἡ
1487 4274 1650 4347 ἀρχὴν
1679 4277 1772 4345 ἀφ’

180 4347 246 4406 οὖ
280 4352 519 4418 Κλείτην
570 4354 669 4421 τὴν
714 4354 986 4423 Μέροπος,
1016 4358 1073 4420 ὃς
1107 4359 1216 4411 τῶν
1283 4365 1410 4431 περὶ
1480 4365 1772 4420 Ῥυνδακὸν

180 4445 401 4513 χωρίων
447 4444 752 4507 ἐϐασίλευε,
808 4450 1046 4513 γυναῖκα
1087 4452 1343 4518 ἠγάγετο.
1383 4456 1445 4506 Ui
1480 4457 1534 4508 δὲ
1567 4458 1769 4525 μετὲιτε⁸

1871 3361 2209 3417 Antandrum
2267 3364 2579 3422 incoluisse.
2616 3368 2693 3422 Ex
2740 3373 3005 3439 Apolline,
3058 3377 3227 3444 aiunt,
3284 3391 3444 3448 atque

1870 3451 2074 3508 Creusa
2096 3456 2334 3525 gignitur
2360 3460 2553 3524 Anius,
2588 3472 2641 3515 et
2671 3478 2734 3517 ex
2768 3466 2869 3519 hoc
2899 3466 3138 3534 Andrus,
3163 3473 3251 3539 qui
3282 3488 3441 3526 unam

1874 3544 2171 3600 insularum
2232 3549 2565 3615 inhabitans,
2614 3570 2807 3610 nomen
2852 3559 2964 3629 (46)
3016 3577 3234 3632 quoque
3287 3582 3441 3621 suum

1875 3636 2069 3691 insula:
2124 3640 2371 3709 reliquit.
2421 3644 2525 3699 Sed
2584 3653 2789 3703 exortis
2844 3653 3039 3707 deinde
3089 3660 3444 3715 seditionibus

1873 3730 2002 3785 hinc
2053 3746 2299 3801 exactus,
2350 3739 2522 3793 locmn
2575 3746 2860 3812 quemdam
2918 3754 3311 3821 contemplatus
3362 3768 3445 3811 est

1874 3824 1974 3877 sub
2018 3823 2127 3889 lda,
2178 3827 2363 3882 Andro
2392 3831 2649 3899 vicinum,
2681 3836 2730 3888 in
2763 3853 2867 3903 quo
2901 3843 3087 3893 urbem
3134 3845 3441 3904 aediﬁcavit,

1873 3933 2033 3984 quam
2055 3920 2123 3973 ob
2167 3922 2574 3980 similitudinem
2610 3930 2943 3985 Antandrum
2987 3937 3299 3989 nominavit.
3336 3939 3443 3991 Λιι-

1874 4009 2030 4060 drum
2074 4010 2286 4065 interim
2314 4016 2590 4070 desertum
2622 4017 2967 4089 Pelasgorum
2994 4042 3124 4092 gens
3179 4030 3444 4081 inhabita-

1875 4100 1971 4153 vit.
2020 4100 2093 4155 lta
2138 4105 2369 4173 Cyzicus
2404 4122 2616 4175 quoque
2671 4097 2873 4167 incolas
2922 4117 3113 4173 habuit
3169 4120 3440 4192 Pelasgos.

1875 4190 2083 4246 Etenim
2146 4194 2371 4265 Cyzicus
2406 4199 2667 4267 Apollinis
2723 4203 2877 4262 ﬁlius.
2938 4208 3196 4280 Pelasgis,
3246 4190 3348 4282 qui
3391 4221 3441 4268 in

1876 4279 2153 4336 Thessalia
2189 4297 2365 4347 erant,
2396 4288 2689 4358 imperans,
2719 4295 2786 4348 ab
2810 4296 3154 4353 ASolensihus
3182 4318 3302 4355 cum
3330 4306 3442 4359 suis

1876 4372 2117 4444 Pelasgis
2162 4378 2385 4446 ejectus,
2442 4384 2493 4434 in
2553 4384 2893 4443 Cherroneso
2924 4392 3066 4444 Asia:
3110 4392 3219 4463 (Π)
3256 4398 3439 4449 urbem

1875 4469 1939 4520 de
1968 4484 2067 4524 suo
2100 4474 2314 4527 neruine
2335 4480 2621 4537 exstruxit.
2657 4479 2835 4542 ibique
2886 4499 2947 4535 ex
2983 4485 3165 4537 humili
3194 4506 3437 4556 magnam

194 4536 432 4597 Ἰάσονος
482 4537 576 4588 ἐπὶ
601 4536 661 4589 τὸ
689 4538 849 4606 δέρας
902 4540 1071 4604 ἰόντες
1121 4545 1437 4615 κατίσχουσι
1482 4550 1618 4617 πρὸς
1672 4554 1770 4621 τὴν
1803 4556 1845 4609 ι)

1803 4556 1845 4609 ι)
1878 4559 1926 4609 in
1968 4564 2262 4628 potentiam
2309 4569 2499 4633 crevit,
2548 4581 2826 4639 postquam
2862 4575 3029 4628 Cliten
3080 4578 3239 4629 liliam
3276 4553 3442 4634 biero-

179 4626 429 4689 Κύζικον
460 4630 528 4697 τῇ
576 4627 782 4697 ’Λργοί,
820 4632 913 4682 καὶ
962 4634 1224 4699 μαθόντες
1251 4640 1297 4689 οἱ
1331 4638 1602 4707 Πελασγοὶ
1628 4642 1766 4695 Θεσ-

182 4720 378 4771 σαιλίδα
406 4719 507 4788 τὴν
543 4720 696 4786 ναῦν,
742 4722 883 4774 κατά
942 4724 1103 4805 μῆνιν
1153 4728 1251 4797 τῆς
1297 4730 1528 4801 ἐκϐολῆς
1575 4735 1767 4798 νυκτὸς

180 4809 456 4877 ἐμάχοντο
479 4811 546 4879 τῇ
586 4810 791 4879 ’Δργοί.
846 4812 1083 4876 Κύζικον
1120 4815 1175 4869 δὲ
1223 4817 1379 4872 λῦσαι
1434 4823 1533 4891 τὴν
1583 4825 1764 4897 μάχην

1875 4650 1979 4717 pis,
2012 4654 2103 4721 qui
2152 4657 2324 4710 vicina
2360 4659 2613 4727 Ryndaco
2662 4663 2773 4733 (48)
2809 4666 2921 4719 loca
2964 4683 3055 4721 rex
3090 4671 3278 4733 tenuit,
3312 4688 3442 4725 con-

1874 4741 2039 4794 nubio
2072 4742 2172 4797 sibi
2218 4746 2659 4815 juuxit..Jasonis
2690 4753 2801 4822 (49)
2849 4766 3032 4823 postea
3063 4761 3309 4825 comites,
3348 4765 3437 4829 qui

1872 4846 1993 4883 cum
2050 4835 2138 4886 illo
2169 4838 2235 4889 ad
2267 4840 2433 4893 vellus
2461 4856 2682 4896 aureum
2732 4846 3208 4910 proﬁciscebantur
3230 4890 3244 4914 ,
3295 4854 3441 4917 Argo

1461 4938 1695 4997 VARhE
1734 4944 2135 5004 LECTIONES.

205 5097 214 5134 ι
253 5037 299 5071 ⁸⁷
336 5042 580 5124 autem.
619 5048 685 5134 A;
754 5048 1224 5134 θξὲμπλέονταςρ
1257 5071 1271 5108 :
1303 5056 1643 5134 Epireadvrac
1669 5078 1729 5125 ς.
1803 5064 1847 5094 ⁶⁹
1880 5066 1979 5134 τῆς
2009 5069 2131 5122 add.
2182 5071 2245 5124 A.
2323 5074 2368 5105 "°

180 5109 225 5161 A
254 5128 270 5163 :
304 5113 462 5182 παρά
494 5131 556 5178 ς.
640 5116 686 5147 ⁷³
716 5120 811 5171 καὶ
844 5109 905 5172 τὸ
937 5109 1227 5190 χωρίονἈ.
1303 5109 1347 5156 τί

1401 5129 1710 5184 ἐσοικίσατο
1748 5133 1794 5185 Α
1831 5152 1845 5187 :
1882 5129 2219 5209 εἰσῳκησατο
2245 5160 2303 5206 ς’,
2379 5146 2422 5175 ⁷⁸
2465 5148 2600 5215 μετὰ
2617 5129 2738 5200 add.
2778 5150 2841 5201 A.

2405 5075 2431 5125 ὃ
2458 5076 2499 5129 Α
2539 5095 2552 5127 :
2578 5076 2651 5137 ὡς
2682 5095 2739 5141 ς’.
2818 5079 2859 5109 ⁷¹
2881 5079 3081 5132 οἰκίσαι
3104 5082 3169 5133 Α.
3213 5142 3216 5145 π
3245 5084 3288 5114 ⁷¹
3315 5088 3439 5145 παῖς

1686 5252 1917 5311 NOTAE.

253 5323 371 5395 (44)
389 5324 573 5407 Persei
592 5327 751 5397 hujus
781 5329 1072 5407 imaginem
1100 5333 1305 5401 inspice
1336 5342 1476 5407 apud
1504 5338 1758 5398 Philostr.

183 5394 280 5449 lib.
310 5412 326 5450 l
375 5394 527 5449 lcan.
555 5394 887 5465 autepcuult.

208 5466 375 5589 ΙΙ(ΐδ)
422 5466 637 5531 Strabo,
674 5469 768 5523 lib.
819 5487 850 5523 ι
886 5481 1115 5527 extrem.
1170 5473 1303 5530 Vide
1340 5477 1498 5534 Ovid.
1553 5493 1608 5537 et
1646 5502 1761 5556 my-

186 5547 202 5588 t
244 5552 389 5589 oue.

244 5552 389 5604 ctog.

279 5608 373 5682 s6)
421 5604 763 5682 _Antaudrus,
824 5610 1000 5681 inquit
1040 5611 1297 5682 Stephan.
1354 5622 1423 5675 ab
1484 5622 1763 5679 Antandro

186 5674 541 5749 Aiolens‘ium‘
560 5688 816 5749 stratege.

256 5746 373 5814 (Π)
403 5746 833 5828 _Stt:abo__lib.'xtt
863 5761 1095 5828 extrem.
1124 5759 1377 5828 Cyzicum
1419 5761 1545 5815 facit
1609 5765 1758 5817 insn-

184 5813 314 5881 lani,
367 5825 426 5871 ut
466 5818 723 5887 Apollon.
771 5824 1113 5892 Argonautic.
1152 5813 1189 5882 t'.
1230 5831 1361 5885 Vide
1412 5813 1752 5889 έςίιόιίςζέιέιὲ.

1870 5349 2007 5420 Plin.
2070 5352 2184 5406 vult
2227 5354 2352 5408 olim
2403 5358 2633 5412 insulam
2690 5362 2757 5416 ab
2784 5363 3095 5418 Alexandro
3142 5366 3436 5420 continenti

1862 5419 2135 5486 junctam.

1941 5490 2051 5571 (48)
2091 5493 2399 5576 ῐὶγηςίειορε,
2450 5498 2629 5576 Strab.
2696 5501 2797 5576 lib.
2840 5519 2911 5556 xu
2958 5515 3096 5576 extr.
3134 5509 3185 5559 in
3217 5505 3432 5576 Cyzico,

1868 5558 2177 5642 "ll-VlIIE-cgl
2210 5566 2263 5642 in
2303 5558 2681 5642 Propontidem
2716 5575 2922 5626 exiens.
2963 5558 3238 5642 Stephano
3260 5558 3431 5630 etiam;

1869 5630 2320 5711 urbsﬁPln-ygiatn
2343 5630 2485 5691 inter
2515 5651 2567 5692 et
2617 5642 3035 5711 Hellespontum.

1871 5770 1883 5821 ι
2098 5701 2196 5758 ne
2213 5708 2407 5775 quibus
2433 5711 2676 5779 Apollon.
2726 5701 2815 5768 lih'.
2854 5730 2868 5766 ι
2901 5714 3195 5784 Argonaut.
3253 5727 3304 5770 et
3334 5715 3424 5769 Va-

1889 5788 1966 5825 cr.
2066 5789 2178 5825 acc.

1889 5788 1966 5825 ρι’.
2000 5788 2028 5825 l'
2046 5788 2178 5829 lilCC.
