4224 6446
771 422 877 484 579

1925 414 2185 473 ΡΗΟΤΙΙ
2218 410 2728 472 PATRIARCII/E
2758 409 2866 468 (ΞΡ.

3925 394 4044 457 580

777 536 897 589 navi
955 534 1018 587 ad
1065 531 1321 601 Cyzicum
1377 529 1702 597 appulerunt
1734 568 1747 591 ,
1806 542 1965 596 quam
2022 536 2078 579 ut
2130 524 2337 591 Pelasgi
2369 531 2445 583 A:

2375 523 2739 583 Αὲπιστάντα
2800 516 3013 586 ἀγνοῶν
3083 516 3270 567 Ἰάσων
3333 511 3551 573 κτείνει,
3606 508 3882 562 πεσόντων
3934 509 4043 559 καὶ

778 626 1146 682 Thessalicam
1191 638 1311 677 esse
1351 622 1531 675 navim
1564 621 1886 682 didicerunt,
1926 632 1991 671 ex
2031 619 2197 670 veteri
2256 617 2346 669 illo

777 719 924 779 odio,
951 714 1091 783 quod
1121 714 1190 766 ab
1217 713 1301 766 his
1327 710 1453 765 olim
1493 710 1697 778 expulsi
1736 710 1980 769 fuissent,
2013 718 2171 761 noctu
2204 708 2347 771 Argo

780 814 1109 876 Oppugnant.
1163 803 1423 872 Cyzicum
1476 801 1544 853 ibi
1586 816 1817 869 pugnam
1847 800 2100 853 dirimere
2141 812 2345 849 conan-

782 910 888 954 tem
918 896 1078 950 Jasou
1107 896 1304 948 occidit
1341 894 1676 959 imprudens,
1712 893 1865 944 caesis
1882 906 2001 943 cum
2034 890 2121 941 illo
2151 899 2202 942 et
2226 889 2347 940 aliis

782 991 986 1058 aliquot
1023 988 1263 1057 Pelasgis
1302 1005 1314 1039 :
1365 988 1477 1054 ipsa
1510 998 1636 1038 vero
1671 986 1816 1050 Argo
1848 984 1899 1035 in
1931 982 2185 1035 Colchida
2230 980 2345 1031 vela

784 1079 932 1131 fecit.
967 1077 1152 1143 Itaque
1192 1076 1398 1145 Pelasgi
1426 1076 1491 1127 de
1526 1075 1665 1141 regis
1691 1073 1771 1126 sui
1804 1073 2022 1125 interitu
2060 1072 2347 1125 admodum

785 1170 987 1231 mmsti,
1027 1181 1153 1222 tunc
1186 1169 1402 1237 quidem
1433 1167 1781 1235 optimatibus
1836 1165 1965 1227 suis,
1999 1166 2140 1231 quod
2194 1163 2350 1232 Cyzi-

784 1276 883 1313 cus
948 1261 1214 1312 lueredetn
1268 1259 1469 1311 nullum
1550 1257 1887 1325 reliquisset,
1963 1255 2345 1323 rempublicam

2454 616 2624 670 ἄλλων
2662 612 2973 678 Πελασγῶν.
3019 610 3126 661 Καὶ
3154 610 3186 674 ὴ
3215 608 3313 675 μὲν
3347 604 3526 673 Ἀργὼ
3586 603 3736 655 ἔπλει
3772 602 3865 652 ἐπὶ
3894 600 4045 653 Κόλ-

2454 723 2609 777 χους·
2640 707 2690 756 οί
2721 705 2776 756 δὲ
2806 704 2926 755 τότε
2990 702 3087 769 μὲν
3130 696 3616 765 ὑπερηχθέσθηταν
3671 693 3763 744 ἐπὶ
3810 693 3878 760 τῇ
3937 688 4045 741 τοῦ

2457 799 2717 868 βασιλέως
2780 796 3029 862 τελευτῇ,
3084 793 3176 844 καὶ
3202 794 3313 853 τοῖς
3336 805 3412 841 πα
3422 789 3468 857 ρ’
3494 789 3674 847 αὐτοῖς
3697 786 3943 845 δυνατοῖς
3968 784 4050 833 τὰ

2453 892 2549 959 τῆς
2600 890 2806 949 πόλεως
2861 886 3195 953 ἐνεχείρισαν
3232 881 3371 948 (οὐδὲ
3421 880 3529 948 γάρ
3558 875 3626 948 ἦν
3650 881 3777 939 παῖς
3805 876 4051 941 Κυζίκῳ

2454 980 2736 1048 διάδοχος),
2762 979 2984 1046 ὕστερον
3012 977 3068 1027 δὲ
3092 977 3195 1027 ὑπὸ
3226 973 3525 1044 Τυρρηνῶν
3553 969 3794 1032 Κυζίκου
3834 984 4053 1036 μετανο

2458 1073 2710 1140 έστησαν,
2739 1072 2829 1122 καὶ
2859 1069 3131 1139 Τυρῤηνοὶ
3162 1069 3259 1134 τὴν
3310 1065 3654 1136 Χερρόνησον
3684 1062 3861 1128 ἔσχον.
3921 1062 4044 1111 Καὶ

2458 1163 2676 1223 τούτους
2727 1161 3004 1228 Μιλησίων
3082 1160 3245 1227 μοῖρα
3300 1156 3448 1226 μάχῃ
3502 1154 3829 1222 νικήσαντες
3882 1150 4053 1202 αὐτοὶ

2457 1255 2692 1317 Κύζικον
2713 1252 2957 1320 ᾤκησαν.

787 1353 1223 1403 commiserunt:
1272 1352 1439 1401 donec
1484 1349 1821 1414 postmodum
1875 1346 2069 1416 Cyzico
2130 1346 2265 1415 pulsi
2322 1361 2349 1398 ο
2390 1344 2707 1414 Tyrrhenis,
2740 1343 2853 1410 qui,
2894 1340 3234 1395 Cherroneso
3284 1334 3473 1403 139i:
3508 1340 3790 1399 occupata,
3850 1337 3907 1383 et
3965 1330 4057 1381 his

789 1446 877 1515 qui
909 1444 1235 1496 Milesiorum
1282 1455 1407 1507 pars
1438 1449 1612 1501 erant,
1640 1456 1811 1508 pugna
1839 1441 2125 1507 superatis,
2149 1440 2366 1507 ipsimet
2392 1437 2644 1509 Cyzicum
2669 1436 3023 1489 incoluerunt.

864 1536 1281 1602 Quadragesima
1309 1532 1563 1584 secunda.
1591 1531 1757 1584 Gelon
1787 1531 2000 1582 Siculus
2026 1532 2361 1598 tyrannidem

792 1631 1049 1684 invadere
1080 1627 1326 1685 studens,
1372 1623 1757 1676 llimeraeorum
1796 1623 1909 1691 (50)
1937 1624 2184 1690 populum
2216 1623 2360 1675 cole-

792 1726 908 1788 bat,
934 1737 997 1775 ac
1023 1736 1119 1788 pro
1140 1734 1204 1772 eo
1232 1718 1489 1769 adversus
1520 1715 1851 1783 potentiores
1886 1714 2175 1782 pugnabat.
2210 1712 2364 1767 Unde

796 1821 966 1887 ipsum
1017 1815 1166 1881 plehs
1217 1812 1353 1863 adeo
1405 1810 1712 1870 atiamabat,
1762 1818 1820 1859 ιιι
1870 1808 2071 1874 petenti
2108 1808 2207 1860 sibi
2247 1808 2362 1859 dari

795 1907 1040 1974 corporis
1060 1906 1329 1963 custodes,
1349 1899 1747 1968 promptissime
1769 1914 1862 1950 eos
1880 1898 2205 1951 concesserit
2228 1897 2361 1963 (51).

799 1998 1141 2051 Stesichorus
1197 2002 1378 2045 tamen
1450 1988 1750 2041 Himerzeus
1823 2000 2013 2055 poeta,
2065 1988 2370 2057 suspicatus

803 2103 1025 2157 regnum
1050 2086 1303 2139 alfectare
1330 2083 1476 2134 illum
1500 2082 1654 2141 velle,
1686 2078 1969 2148 apologum
1996 2079 2136 2131 hunc
2176 2077 2370 2146 p0pulo

805 2180 1071 2241 recitavit,
1128 2176 1416 2243 imaginem
1468 2174 1689 2233 eorum,
1732 2186 1849 2238 qua:
1899 2179 2016 2237 post
2067 2170 2374 2223 acciderent

806 2271 1086 2323 malorum.
1126 2266 1308 2333 Equus
1341 2262 1475 2329 (59.),
1511 2262 1702 2329 inquit,
1741 2260 1876 2312 forte
1905 2272 2128 2325 pascens
2164 2259 2226 2310 ad
2253 2257 2371 2310 fon-

805 2376 912 2417 tem
958 2361 1223 2414 bibiturus
1268 2354 1584 2417 accedebat,
1634 2368 1754 2404 cum
1811 2367 1970 2404 cerva
2012 2351 2226 2404 interim
2280 2364 2374 2417 per

806 2468 990 2523 agrum
1041 2452 1184 2503 illum
1241 2448 1527 2509 transiens,
1567 2455 1619 2498 et
1654 2444 1870 2497 herbam
1923 2441 2289 2509 proculcavit,
2321 2452 2375 2493 et

807 2559 999 2613 aquam
1053 2540 1307 2594 turbavit.
1346 2538 1527 2605 Equus
1578 2537 1755 2603 itaque
1791 2534 2040 2586 vindicta:
2088 2532 2373 2585 admodum

807 2630 1051 2698 cupidus,
1105 2627 1197 2680 sed
1249 2626 1437 2693 pedum
1487 2623 1766 2675 celeritate
1817 2622 2058 2685 inferior,
2109 2622 2377 2674 venatoris

808 2736 965 2788 opem
1004 2717 1333 2785 imploravit.
1383 2714 1497 2777 llle,
1531 2717 1574 2766 si
1611 2714 1818 2766 frenum
1866 2728 1961 2764 ore
2001 2713 2287 2778 acciperet,
2325 2720 2379 2765 et

811 2825 961 2881 tergo
1012 2813 1198 2862 sedere
1232 2814 1525 2875 pateretur,
1568 2804 1819 2857 facillime
1850 2820 1905 2856 se
1936 2801 2089 2868 hujus
2130 2803 2377 2868 injuriam

812 2904 1045 2954 ulturum
1084 2900 1385 2967 pollicetur.
1418 2895 1569 2961 Quod
1604 2897 1692 2948 ubi
1730 2896 1807 2949 sic
1842 2896 2040 2947 factum
2084 2904 2188 2959 est,
2221 2910 2376 2947 cerva

810 2990 1027 3060 quidem
1086 2988 1205 3041 telis
1254 2985 1504 3039 confossa
1550 2985 1739 3052 jacuit,
1791 2986 1882 3037 sed
1926 3000 2097 3050 equus
2156 2984 2318 3035 etiam
2351 3000 2377 3033 a

812 3094 1069 3135 venatore
1114 3078 1454 3145 subjugatum
1509 3091 1569 3130 se
1608 3079 1797 3131 sensit.
1841 3077 2003 3139 Idem,
2046 3076 2236 3143 inquit,
2282 3090 2381 3142 ego

815 3188 1021 3237 vereor,
1055 3187 1087 3225 ο
1130 3170 1400 3234 Himermi,
1439 3184 1506 3223 ne
1541 3184 1681 3222 nunc
1706 3185 1826 3221 cum
1860 3170 1908 3220 in
1943 3168 2188 3236 populari
2238 3179 2378 3220 statu

2550 1529 2611 1581 Ἦ
2654 1528 2739 1595 μβ¹
2771 1530 2847 1589 ὡς
2901 1526 3077 1578 Γέλων
3103 1527 3131 1576 ὁ
3160 1515 3485 1589 Σικελιώτης
3533 1517 3807 1586 τυραννίδι
3860 1515 4058 1568 ἐπιθέ-

2469 1615 2591 1668 σθαι
2620 1614 2999 1682 διανοούμενος
3048 1612 3332 1680 Ἱμεραίων
3386 1610 3684 1678 ἐθεράπευε
3726 1606 3818 1657 τὸν
3851 1606 4053 1673 δῆμον,

2470 1708 2562 1759 καὶ
2590 1706 2727 1758 κατὰ
2753 1707 2861 1758 τῶν
2892 1704 3133 1757 δυνατῶν
3156 1703 3517 1771 ὑπερεμάχει,
3540 1701 3633 1752 καὶ
3664 1700 3825 1751 αὑτὸν
3855 1699 4060 1765 ἠγάπα

2468 1798 2528 1849 τὸ
2563 1796 2780 1865 πλῆθος,
2814 1797 2905 1849 κα)⁵
2940 1794 3182 1864 φυλακὴν
3210 1792 3304 1845 τοῦ
3348 1791 3595 1859 σώματος
3651 1788 3888 1841 αἰτοῦντι
3940 1786 4060 1855 ὼρκ

2474 1888 2668 1954 μᾶτο⁷⁸
2725 1885 2950 1938 διδόναι,
3001 1883 3328 1952 Στησίχορος
3357 1880 3401 1933 δ’
3429 1882 3457 1932 ὁ
3499 1880 3767 1948 Ἰμεραῖος
3794 1875 4058 1943 ποιητὴς,

2472 1980 2818 2047 ὑποτοπήσας
2851 1978 3148 2045 ἐπιχειρεῖν
3176 1975 3338 2026 αὑτὸν
3368 1971 3663 2041 τυραννίδι,
3719 1968 3850 2029 στὰς
3908 1965 4066 2019 αἶνον

2475 2071 2600 2143 [252
2623 2070 2714 2141 Η.]
2744 2069 2927 2135 ἔλεξεν
2948 2071 3025 2131 είς
3056 2069 3118 2120 τὸ
3148 2068 3370 2136 πλῆθος,
3421 2065 3603 2117 εἰκόνα
3632 2063 3725 2114 τοῦ
3768 2060 4063 2131 μέλλοντος

2474 2164 2701 2225 πάθους.
2734 2164 2953 2223 Ἵππος,
3002 2162 3155 2230 φησὶ,
3184 2159 3480 2227 νεμόμενος
3514 2156 3700 2223 ἐφοίτα
3734 2152 4069 2220 ποιούμενος

2473 2255 2563 2305 ἐπὶ
2584 2254 2811 2322 κρήνην,
2844 2254 2902 2303 ἕλ
2919 2270 3051 2319 αφος
3076 2252 3131 2303 δὲ
3154 2250 3214 2301 τὸ
3247 2249 3425 2301 πεδίον
3452 2246 3736 2300 διαθέουσα
3758 2245 3800 2274 ⁷⁷
3846 2243 3952 2310 τήν
4001 2259 4066 2293 τε

2474 2346 2610 2396 πόαν
2636 2344 2950 2396 κατέστειϐε
2983 2345 3077 2396 καὶ
3107 2344 3165 2395 τὸ
3190 2345 3337 2412 νᾶμα
3372 2342 3655 2409 ἐτάραττε.
3696 2336 3809 2389 Kal
3830 2336 3859 2386 6
3889 2334 4067 2393 ἵππος

2476 2436 2655 2487 ποθῶν
2696 2437 2794 2505 τὴν
2838 2435 3128 2488 ἀδικοῦσαν
3178 2434 3512 2504 τιμωρῆσαι,
3566 2431 3720 2498 τάχει
3775 2428 3835 2480 δὲ
3880 2425 4067 2477 ποδῶν

2475 2532 2814 2600 λειπόμενος,
2845 2531 3011 2601 ἄνδρα
3046 2530 3409 2599 κυνηγέτην⁷⁸
3458 2526 3647 2597 βοηθὸν
3674 2524 3860 2577 ἐκάλει
3880 2538 3895 2551 ³
3921 2521 3952 2572 ὁ
3982 2520 4065 2572 δὲ.

2478 2624 2525 2674 εἰ
2552 2624 2766 2691 χαλινὸν
2796 2622 2996 2684 δέξοιτο
3014 2624 3107 2673 καὶ
3132 2621 3431 2688 ἀναϐάτην,
3458 2622 3630 2688 ῥᾷστα
3653 2616 3883 2684 ἀμύνειν
3913 2612 4071 2679 αὑτῷ

2480 2715 2810 2783 ὑπισχνεῖτο.
2868 2716 2975 2766 Καὶ
3026 2714 3240 2781 ἐγένετο
3307 2712 3498 2773 οὕτως.
3532 2710 3695 2776 Καὶὴ
3733 2708 3833 2775 μὲν
3864 2706 4073 2772 ἔλαφος

2480 2808 2747 2869 ἀκοντίοις
2800 2807 2977 2859 ἔκειτο
3008 2807 3283 2875 βληθεῖσα,
3316 2807 3344 2856 ὁ
3369 2805 3413 2856 δ’
3442 2806 3608 2863 ἵππος
3658 2801 3857 2871 ᾔσθετο
3882 2799 4041 2850 δεδου
4060 2824 4075 2835 -

2480 2901 2717 2966 λωμένος
2748 2898 2824 2967 τῷ
2853 2901 3147 2968 κυνηγέτῃ.
3183 2898 3361 2959 Τοῦτ’,
3398 2896 3525 2965 ἔφη,
3554 2894 3764 2946 δέδοικα
3797 2892 3892 2944 καὶ
3910 2891 3959 2923 ⁷⁸
3974 2891 4073 2943 αὑ-

2480 2991 2589 3049 τὸς,
2623 2988 2666 3041 ὦ
2707 2991 2988 3058 Ἱμεραῖα,
3023 2991 3095 3058 μὴ
3150 2990 3241 3041 νῦν
3296 2989 3466 3057 δῆμος
3512 2987 3661 3047 ὄντες
3702 2984 3812 3035 τῶν
3853 2982 4077 3050 ὲχθρῶν

2487 3084 2584 3149 μὲν
2611 3082 2697 3133 διὰ
2726 3082 2959 3142 Γέλωνος
2992 3081 3374 3150 περιγενησοε,
3396 3080 3548 3132 αὐτοὶ
3567 3080 3612 3131 δ’
3642 3077 3865 3145 ὕστερον
3896 3075 4077 3126 Γέλω-

2484 3190 2534 3225 νι
2569 3173 2891 3242 δουλεύσητε
2914 3189 2926 3201 ·
2954 3174 3126 3240 φιλεῖν
3145 3174 3189 3204 '°
3217 3175 3325 3241 γὰρ
3357 3173 3574 3226 ἃπασαν
3603 3172 3701 3240 τὴν
3728 3170 3962 3237 δύναμιν
3990 3167 4072 3236 τῷ

815 3267 952 3325 sitis,
988 3263 1231 3316 hostibus
1259 3263 1473 3330 quidem
1508 3276 1603 3327 per
1638 3260 1892 3315 Gelonem
1932 3260 2238 3326 superiores
2268 3260 2383 3311 red-
2410 3276 2451 3331 (ς

2410 3276 2451 3331 C
2484 3264 2697 3315 λαϐόντι
2728 3264 2822 3315 ἐπὶ
2844 3265 2932 3315 τὸν
2960 3264 3121 3317 δόντα
3151 3260 3310 3328 εἷναι,
3334 3266 3462 3317 ὅταν
3482 3264 3670 3331 ῶσπερ
3691 3261 3873 3313 δοῦναι
3901 3259 4076 3327 αὐτὴν

818 3355 1042 3416 damini,
1072 3354 1163 3407 sed
1204 3354 1415 3405 tandem
1446 3354 1623 3405 adhuc
1660 3354 1831 3403 cidem
1878 3352 2067 3403 Geloni
2114 3352 2379 3403 serviatis.

2492 3356 2689 3424 μηκέτι
2720 3358 2785 3407 ἐκ
2810 3355 2903 3408 τοῦ
2936 3356 3121 3425 ὁμοίου
3152 3356 3477 3424 κομίσασθαι
3510 3357 3607 3424 ἔχῃ
3625 3356 3689 3407 ⁸η.

816 3454 984 3505 (irata
1038 3449 1181 3503 enim
1232 3447 1409 3503 oumis
1442 3447 1704 3517 potentia,
1749 3449 2004 3499 adversus
2033 3462 2155 3499 eum
2196 3451 2287 3515 qui
2318 3448 2544 3516 dederit,
2576 3451 2863 3521 accipienti
2904 3460 3005 3516 est,
3059 3452 3273 3518 quando
3328 3451 3467 3504 hanc
3518 3452 3604 3503 ille
3662 3464 3768 3502 non
3844 3448 4081 3517 amplius

822 3554 925 3594 tam
956 3540 1113 3593 facile
1141 3538 1352 3592 auferre
1389 3547 1585 3604 potest,
1620 3552 1779 3604 quam
1812 3548 1965 3589 antea
2001 3536 2248 3591 contulit.

888 3634 1305 3702 Quadragesima
1348 3632 1523 3684 tertia.
1577 3632 1717 3699 ignis
1765 3630 1960 3682 Aitnzei
2010 3643 2246 3685 crateres
2280 3633 2391 3701 (53)

823 3741 997 3782 tantas
1040 3725 1351 3794 aliquando,
1388 3723 1621 3775 iluminis
1652 3723 1843 3783 instar,
1876 3721 2115 3773 flaunnas
2145 3737 2239 3790 per
2273 3738 2392 3775 eam

823 3820 1093 3889 regionem
1112 3817 1436 3876 effuderunt,
1463 3822 1519 3865 ut
1541 3812 1803 3866 Catanmis
1826 3812 1977 3878 (urbs
2004 3824 2179 3866 autem
2205 3814 2394 3867 Grzeca

823 3911 1020 3963 Sicilia:
1057 3908 1259 3961 Catana
1296 3914 1399 3972 est)
1435 3914 1734 3957 extremum
1778 3906 1925 3956 urbis
1958 3905 2230 3956 interitum
2272 3920 2393 3957 cer-

824 4002 1030 4055 tissimo
1088 3999 1329 4051 allatura:
1383 3998 1712 4049 viderentur.
1768 3997 1842 4049 Ex
1903 4011 1963 4049 ea
2030 3996 2190 4064 igitur
2249 3996 2394 4050 cives

823 4109 981 4162 quam
1013 4092 1276 4145 citissime
1306 4089 1593 4157 iugientes,
1616 4104 1805 4140 aurum
1833 4089 1946 4149 alii,
1996 4090 2085 4141 alii
2112 4101 2391 4158 argentum

822 4184 1138 4249 efferebant,
1175 4183 1263 4235 alii
1298 4197 1426 4233 vero
1458 4195 1789 4248 quacunque
1822 4180 2117 4233 subsidium
2168 4182 2219 4233 in
2250 4183 2393 4235 exsi-

821 4277 895 4329 lio
952 4275 1176 4327 allatura
1226 4274 1564 4326 videbantur.
1630 4272 1866 4339 Anapias
1918 4272 2029 4340 (54)
2087 4282 2292 4326 tantum
2341 4282 2395 4325 et

820 4367 1229 4433 Amphiuomus,
1258 4379 1366 4431 prae
1388 4364 1634 4415 omnibus
1658 4374 1909 4431 parentes
1927 4364 2075 4417 senio
2097 4364 2389 4426 confectos,

824 4457 1063 4509 humeris
1121 4456 1400 4521 impositos
1461 4453 1725 4521 fugientes
1773 4454 2102 4507 extulerunt.
2155 4454 2391 4509 Caeteros

2582 3633 2647 3685 'H
2682 3640 2790 3700 μγ¹,
2812 3635 2860 3685 οἱ
2886 3635 2983 3700 τῆς
3013 3633 3209 3702 Αἴτνης
3234 3631 3328 3684 τοῦ
3346 3632 3515 3702 πυρὸς
3543 3633 3814 3701 κρατῆρες
3847 3633 4079 3685 ἀνέϐλυ-

2502 3728 2599 3778 σάν
2656 3744 2787 3777 ποτε
2841 3725 3085 3794 ποταμοῦ
3142 3725 3299 3791 δίκην
3352 3724 3526 3790 φλόγα
3558 3723 3698 3775 κατὰ
3741 3725 3841 3791 τῆς
3866 3724 4080 3796 χώρας,

2501 3818 2596 3870 καὶ
2650 3816 2979 3877 Καταναίοις
3022 3814 3198 3884 (πόλις
3226 3814 3271 3866 δ’
3308 3814 3497 3875 Ἑλλὰς
3529 3817 3586 3865 ὲν
3636 3815 3859 3885 Σικελίᾳ
3892 3816 3927 3881 ἡ
3962 3818 4081 3869 κα-

2500 3909 2655 3979 τάνη)
2693 3907 2839 3971 ἔδοξε
2878 3908 3144 3975 παντελὴς
3199 3906 3415 3957 ἔσεσθαι
3474 3906 3647 3975 φθορὰ
3688 3907 3788 3974 τῆς
3844 3908 4078 3969 πόλεως,

2500 4000 2593 4052 καὶ
2627 3998 2888 4068 ταύτης⁸⁸
2928 3997 3220 4066 φεύγοντες
3252 3997 3325 4058 ὡς
3346 3992 3490 4063 εἶχον
3511 3997 3707 4064 τάχους
3740 3997 3789 4048 οἱ
3818 3995 3918 4065 μὲν
3952 4016 4083 4066 χρυ-

2502 4093 2611 4153 σὸν,
2638 4093 2686 4143 οἱ
2718 4092 2771 4142 δὲ
2804 4092 3043 4161 ἄργυρον
3076 4091 3287 4158 ἔφερον,
3322 4092 3368 4141 oi.
3396 4090 3451 4140 δὲ
3485 4090 3511 4140 ὃ
3534 4107 3585 4140 τι
3615 4090 3678 4140 ἂν
3711 4108 3793 4151 τις
3831 4090 4081 4158 βούλοιτο

2499 4188 2848 4257 ἐπικούρημα
2878 4188 2977 4253 τῆς
2995 4186 3192 4254 φυγῆς.
3235 4187 3493 4247 Ἀναπίας
3526 4186 3579 4237 δὲ
3606 4188 3699 4237 καὶ
3739 4185 4081 4254 Ἀμφίνομος

2498 4281 2619 4333 ἀντὶ
2655 4282 2872 4331 πάντων
2924 4278 3048 4340 τοὺς
3096 4280 3273 4345 γονεῖς
3302 4279 3565 4343 γηραιοὺς
3585 4277 3741 4337 ὄντας
3792 4278 3886 4327 ὲπί
3953 4282 4080 4339 τοὺς

2498 4374 2681 4439 ὤμους
2731 4371 3052 4438 ἀναθέμενοι
3098 4371 3348 4437 ἔφευγον.
3385 4370 3494 4421 Καὶ
3521 4370 3644 4429 τοὺς
3676 4370 3773 4437 μὲν
3810 4370 4011 4432 ἄλλους
4043 4374 4073 4435 ἡ

2500 4465 2628 4531 φλὸξ
2674 4460 3145 4515 ἐπικαταλαϐοῦσα
3174 4459 3443 4527 ἔφθειρεν,
3484 4460 3676 4521 αὐτοὺς
3705 4459 3761 4511 δὲ
3792 4462 4076 4529 περιεσχίο

824 4548 1037 4599 interim
1085 4544 1299 4598 ﬂamma
1341 4547 1574 4598 adurens
1612 4546 1888 4609 exstinxit,
1932 4561 2049 4611 quae
2098 4548 2149 4598 in
2196 4548 2384 4599 horum
2422 4562 2462 4613 ι)

2422 4562 2462 4613 D
2494 4555 2594 4623 σΟη
2618 4555 2677 4605 τὸ
2698 4554 2828 4622 πῦρ,
2859 4554 2949 4605 καὶ
2970 4550 3156 4620 ῶσπερ
3187 4550 3347 4617 νῆσος
3380 4551 3437 4599 ἐν
3474 4552 3539 4618 τῇ
3567 4550 3724 4615 φλογὶ
3754 4551 3862 4607 πᾶς
3888 4551 3918 4601 ὁ
3948 4553 4079 4619 περὶ

824 4639 1049 4690 circuitu
1100 4637 1172 4689 ita
1226 4636 1423 4688 ilitliudi
1479 4635 1591 4688 visa
1620 4647 1718 4697 est,
1754 4647 1810 4687 ut
1840 4638 2025 4689 insulae
2070 4636 2119 4688 in
2172 4639 2385 4691 modum

825 4730 1171 4782 circumcirca
1213 4729 1360 4782 locus
1414 4728 1537 4795 igne
1585 4728 1721 4780 liber
1751 4729 1923 4782 fieret.
1983 4728 2159 4793 Quare
2219 4730 2383 4781 Siculi

2496 4648 2692 4707 αὐτοὺς
2748 4645 2924 4714 χῶρος
2964 4644 3199 4710 ἐγένετο.
3235 4642 3332 4693 Διά
3365 4640 3537 4693 ταῦτα
3564 4643 3611 4692 οἱ
3638 4640 3963 4693 Σικελιῶται
3987 4644 4080 4693 τόν

2494 4752 2551 4785 τε
2570 4735 2744 4803 χῶρον
2767 4737 2972 4785 ἐκεῖνον
2996 4733 3244 4784 Εὑσεὸῶν
3260 4731 3440 4801 χώραν
3458 4732 3502 4763 ⁸³
3531 4731 3812 4793 ἐκάλεσαν,
3834 4732 3967 4801 [452
3985 4732 4078 4799 IL]

2099 4846 2332 4899 VARI/ﬁ
2365 4848 2773 4902 LECTIONES.

895 4944 938 4973 ⁷⁸
972 4941 1197 5011 ῶρμητο
1232 4957 1374 4995 corr.
1410 4940 1507 5011 Aa
1551 4940 1591 4970 ⁷⁷
1615 4939 1895 4993 διελῡοῦσα
1929 4958 1990 5002 ς.

828 5015 870 5044 ⁰¹
904 5012 1015 5081 ἔχοι
1047 5016 1111 5065 Λ.

2068 4942 2111 4971 ⁷⁸
2150 4944 2455 5011 κυναγὲτην
2484 4944 2548 4997 Α.

2625 4947 2669 4976 ⁷9
2694 4946 2787 4995 καὶ
2840 4946 2960 4997 add.
2992 4947 3055 4996 A.
3133 4946 3177 4975 ⁸ο
3204 4944 3376 5010 φιλεῖν
3423 4940 3663 4994 Kannius
3695 4961 3706 4994 :
3746 4943 3869 4996 libri
3889 4944 4079 5010 φίλην.

1188 5012 1231 5041 θ’
1260 5022 1383 5063 ante
1412 5010 1613 5077 ταύτης
1645 5027 1763 5081 cum
1801 5012 1841 5061 Α
1872 5011 2058 5081 Ῠοιιιὶεἱ
2082 5013 2209 5081 ἀπό.
2260 5015 2333 5064 cf.
2364 5010 2419 5079 ρ.
2444 5013 2512 5065 55
2542 5017 2568 5064 b
2600 5014 2671 5067 97)
2690 5014 2879 5080 φεύγει
2912 5016 3012 5081 τῆς
3033 5015 3237 5074 πόλεως
3272 5023 3325 5065 et
3355 5028 3408 5079 p.
3444 5013 3544 5063 128
3581 5014 3608 5063 b
3635 5013 3704 5065 20
3732 5016 3929 5081 φυγεῖν
3981 5016 4083 5081 τῆς

829 5074 1107 5153 πατρίδος.
1150 5083 1278 5133 item
1317 5096 1368 5147 ρ.
1409 5081 1473 5131 Β.
1516 5074 1675 5141 H69,
1701 5080 1789 5131 25.
1866 5080 1911 5109 ⁸³
1938 5080 2141 5150 χώραν]
2183 5074 2375 5134 ιιιοΙὶιιί
2394 5083 2569 5152 χῶρον
2604 5074 2727 5136 cum
2764 5074 3057 5154 Lycurgo§
3093 5083 3161 5137 96
3192 5084 3277 5136 ed.
3315 5074 3542 5135 Bet‘olin.

2335 5170 2569 5226 NOTAE.

902 5260 1013 5330 (ΞΟ)
1056 5259 1287 5330 Polymn.
1320 5260 1412 5311 lib.
1440 5274 1468 5311 Σ
1497 5259 1728 5327 Strateg.
1755 5258 2080 5330 Syracusan.
2114 5268 2396 5327 tyrannum

829 5328 969 5385 hunc
1000 5328 1201 5383 factum
1238 5330 1447 5392 scribit,
1496 5331 1708 5395 aliaque
1744 5345 1896 5381 usum
1928 5328 2138 5382 fraude.

896 5400 1007 5471 (51)
1043 5400 1271 5453 Aristot.
1302 5415 1337 5451 ιι
1373 5399 1583 5452 Rhetor.
1635 5398 1801 5452 refert
1862 5400 1974 5452 [nec
2018 5398 2386 5453 Stesichorum

828 5475 879 5525 in
915 5471 1253 5523 Phalaridem
1291 5472 1571 5523 recitasse.

897 5540 1007 5609 (52)
1047 5538 1245 5593 Eadem
1300 5554 1439 5609 usus,
1458 5539 1634 5591 fabula
1670 5537 1859 5593 Horat.
1896 5538 1987 5591 lib.
2025 5540 2273 5609 1,7epist.
2306 5540 2393 5593 10.

894 5608 1005 5678 (55)
1039 5609 1113 5661 Ita
1140 5620 1334 5662 vocant
1378 5608 1557 5662 IEtnze
1592 5610 1789 5663 montis
1838 5610 2028 5661 fauces
2063 5608 2180 5663 illas
2218 5621 2273 5663 et
2299 5626 2391 5663 ora

832 5684 909 5747 (ut
958 5682 1115 5732 vertit
1155 5678 1373 5731 Lucret.
1413 5680 1505 5731 lib.
1543 5680 1647 5745 vt),
1687 5694 1781 5745 per
1808 5694 1924 5746 quze
1964 5678 2102 5745 ignis
2151 5683 2395 5742 cinisque

831 5751 1113 5801 evomitur.
1152 5749 1282 5801 Vide
1328 5749 1495 5801 Arist.
1528 5748 1602 5799 De
1629 5748 1843 5812 mundo,
1890 5749 2120 5801 Pausan.
2160 5750 2209 5800 in
2245 5748 2393 5801 Plio-

836 5821 981 5883 ciu’s,
1011 5818 1146 5873 I’liu.
1178 5819 1266 5873 lib.
1318 5833 1401 5881 ιιι,
1430 5834 1548 5885 cap.
1582 5820 1614 5869 8
1656 5835 1671 5883 ;
1716 5819 1895 5872 Strab.
1942 5833 1991 5870 γι
2047 5817 2195 5871 Sicil.
2254 5833 2394 5873 extr.

2506 5262 2623 5316 Val.
2673 5264 2812 5316 Max.
2844 5265 2934 5319 lib.
2984 5282 3036 5328 v,
3080 5279 3197 5332 cap.
3227 5266 3261 5319 4
3294 5282 3309 5330 ;
3341 5265 3611 5319 Elianum
3647 5266 3913 5329 Solinum,
3946 5280 4071 5331 cap.

2504 5334 2594 5397 H;
2623 5334 2996 5397 Claudiauum,
3030 5336 3271 5399 aliosque
3301 5351 3315 5400 ;
3350 5340 3487 5403 apud
3524 5351 3661 5404 quos
3690 5338 3852 5404 etiam
3880 5337 4081 5389 variari

2505 5405 2696 5456 horum
2761 5405 2987 5457 fratrum
3056 5406 3271 5458 nomina
3338 5402 3729 5472 deprehendes.
3794 5402 3965 5457 Porro
4011 5407 4085 5458 de

2500 5472 2678 5526 1Eth
2720 5474 2989 5538 incendio,
3027 5477 3354 5537 cratertbus,
3388 5478 3521 5536 situ,
3574 5486 3627 5529 et
3668 5478 3787 5528 aliis
3822 5490 3886 5526 eo
3916 5478 4085 5541 perti-

2502 5544 2775 5613 nentibus,
2808 5545 2929 5613 lege
2966 5545 3123 5612 plane
3151 5545 3466 5596 admiranda
3511 5545 3561 5596 in
3591 5544 3769 5613 libello
3787 5546 3917 5597 Aut.
3954 5545 4085 5596 Phi-

2498 5612 2658 5665 luthei
2693 5612 2757 5665 de
2775 5612 3079 5676 Hotnodeis,
3104 5616 3242 5665 inter
3264 5615 3555 5681 scriptores
3580 5612 3754 5667 Italia?
3778 5615 4082 5665 Hlustraur.

2573 5682 2683 5747 (54)
2727 5683 2946 5746 Strabo,
2978 5684 3070 5736 lib.
3108 5699 3155 5734 vr
3195 5684 3348 5738 Sicil.
3386 5686 3436 5736 in
3464 5684 3665 5737 Catana
3699 5700 3714 5747 ;
3747 5685 3978 5737 Seneca.
4012 5684 4087 5734 Ue

2503 5752 2716 5819 bigae/ie.
2748 5755 2839 5804 lih.
2875 5768 2955 5813 III,
2993 5768 3111 5819 cap.
3144 5752 3211 5803 27
3240 5768 3253 5812 ;
3286 5752 3473 5817 Silius,
3523 5753 3614 5807 lib.
3658 5768 3773 5818 xiv,
3806 5763 3864 5807 et
3898 5761 4087 5806 auctor

2506 5818 2686 5873 xEma:
2718 5824 2770 5876 in
2802 5818 3069 5876 Catalect.
3092 5822 3273 5890 Virgil.
