4224 6446
103 392 184 458 531
1140 374 1665 443 BIBLIOTHECA.
1699 402 1770 415 -
1804 377 1969 438 COD.
2010 377 2367 439 CLXXXVI.

3262 380 3365 442 58":l

106 508 187 559 ita".
246 503 458 565 λιθίνας
483 499 698 561 εἰκόνας
726 497 785 549 ἐν
815 491 964 562 αὐτῷ
1010 491 1121 545 τῶν
1153 490 1387 558 ἀνδρῶν,
1445 490 1688 559 μνημεῖα
1715 539 1718 546 λ

1794 487 2007 542 Piorum
2033 491 2304 559 regionem
2329 490 2500 544 locum
2524 503 2647 542 cum
2675 488 3031 559 appellarunt,
3052 500 3109 545 et
3128 491 3364 559 lapideas

104 598 255 651 θείων
293 610 358 647 τε
403 593 520 663 ἆμα
581 593 678 644 καὶ
720 583 1080 657 ἀνῢρωπίνων
1101 583 1148 614 ⁸⁵
1212 582 1388 653 ἔργων
1421 619 1436 645 ,
1499 578 1685 633 ἀνέθε-

106 706 211 739 σαν.

176 866 246 917 Ἢ
284 866 371 935 μδ¹
414 861 628 933 ἱστορία
681 858 845 927 φησὶν
898 855 976 918 ὡς
1009 851 1309 922 Λεωδάμας
1338 851 1431 903 καὶ
1486 847 1689 919 Φίτρης

106 962 294 1026 ἤρισαν
334 958 475 1025 ὑπὲρ
505 956 604 1023 τῆς
656 950 936 1020 Μιλησίων
961 946 1263 1016 βασιλείας,
1297 944 1485 1011 γένους
1523 941 1691 1011 ἄμφω

105 1053 248 1110 ὀντες
279 1046 583 1115 βασιλείου.
613 1043 686 1095 Τὸ
721 1041 896 1094 κοινὸν
927 1039 983 1091 δὲ
1014 1041 1080 1106 τῇ
1106 1035 1327 1089 ἐκείνων
1360 1033 1691 1101 κακούμενοι

110 1144 289 1193 στάσει
320 1138 425 1206 τῆς
450 1138 545 1206 μὲν
576 1132 905 1203 φιλονεικίας
924 1130 1059 1200 μετά
1084 1126 1257 1180 πολλὰ
1275 1127 1423 1193 πάϐη
1453 1122 1693 1186 ἐξίσταν-

108 1252 178 1298 το,
202 1235 427 1301 ἔκρινον
452 1230 496 1281 δ’
520 1230 722 1281 ἐκεῖνον
767 1222 1091 1292 βασιλεύειν,
1114 1221 1170 1281 ὃς
1199 1217 1495 1284 Μιλησίους
1524 1214 1695 1266 πλείω

108 1325 285 1391 ἀγαΟά
338 1324 650 1392 ὲργάσοιτο.
698 1313 880 1369 Ἦσαν
913 1315 957 1366 δ’
986 1314 1170 1375 αὐτοῖς
1206 1313 1324 1363 τότε
1348 1308 1440 1361 δύο
1468 1307 1695 1376 πόλεμοι

110 1417 445 1487 Καρυστίοις
476 1415 567 1465 καὶ
594 1408 881 1479 Μηλιεῦσι.
909 1407 1019 1459 Καὶ
1048 1406 1185 1474 πρὸς
1208 1404 1304 1472 μὲν
1324 1402 1509 1470 Μῆλον
1528 1398 1696 1468 (αὐτῷ

110 1511 210 1578 γάρ
243 1512 272 1561 ὁ
304 1508 510 1575 κλῆρος
563 1503 752 1555 τοῦτον
819 1499 989 1552 ἐδίδου
1049 1498 1139 1548 τὸν
1197 1493 1451 1563 πόλεμον)
1494 1492 1698 1559 Φίτρης

112 1597 454 1668 στρατεύσας
504 1595 798 1661 ἄπρακτος
855 1588 1184 1657 ἀναστρέφει
1226 1600 1239 1613 ’
1290 1583 1588 1651 Λεωδάμας
1643 1579 1698 1631 δὲ

110 1688 383 1760 λαμπρῶς
476 1685 618 1739 κατά
691 1677 1012 1748 Χαρυστίων
1079 1674 1531 1744 ἀνδραγαθήσας,
1603 1668 1699 1720 καὶ

113 1786 460 1852 κατακράτος
529 1777 665 1829 ἑλὼν
742 1774 841 1841 τὴν
918 1772 1071 1823 πόλιν
1150 1768 1245 1820 καὶ
1304 1761 1699 1834 ἀνδραποδισά-

117 1832 361 1852 --νννκινν
441 1832 458 1842 .
799 1832 810 1841 .
1406 1832 1414 1834 ἡ

117 1891 291 1944 μενος,
380 1870 621 1938 Μιλήτου
717 1861 956 1918 ἐπανιὼν
1016 1859 1159 1913 κατά
1219 1858 1288 1910 τά
1363 1855 1696 1923 συγκείμενα
1732 1832 1774 1889 Β

115 1960 415 2031 βασιλεύει.
475 1955 828 2025 Αἱχμάλωτον
855 1952 966 2004 δὲ⁸⁵
1016 1948 1157 2002 κατά
1189 1946 1432 2017 χρησμὸν
1467 1946 1699 2011 γυναῖκα

114 2053 436 2125 Καρυστίαν
468 2094 481 2117 ,
536 2049 701 2101 παῖδα
756 2046 1025 2114 φέρουσαν
1062 2039 1505 2110 ὑπομάσθιονθθ,
1564 2036 1699 2107 μετὰ

115 2148 325 2199 πολλῶν
385 2146 479 2196 καὶ
516 2143 691 2196 ἄλλων
736 2136 1126 2206 ἀναθημάτων,
1152 2134 1187 2187 ἃ
1218 2131 1421 2199 δεκάτη
1463 2131 1571 2182 τῶν
1602 2130 1698 2180 λα-

114 2241 300 2309 φύρων
332 2236 649 2303 ἐτύγχανον,
680 2230 993 2297 ἀνέπεμψεν
1020 2227 1078 2277 ὲν
1123 2224 1477 2295 Βραγχίδαις.
1531 2220 1702 2282 Αὐτὸς

114 2334 162 2385 δὲ
214 2333 337 2383 τότε
364 2329 611 2399 Βράγχος
647 2323 987 2393 προύστήκει
1036 2318 1128 2371 τοῦ
1178 2334 1236 2370 τε
1273 2315 1419 2386 ἱεροῦ
1461 2315 1555 2366 καὶ
1609 2309 1703 2364 τοῦ

118 2422 376 2492 μαντείου
406 2460 418 2482 ,
465 2419 521 2480 ὃς
560 2419 657 2485 τήν
700 2432 756 2466 τε
802 2411 1144 2481 αἰχμάλωτον
1193 2409 1425 2476 γυναῖκα
1487 2403 1703 2472 ἐνόμισε

116 2518 207 2568 καὶ
235 2515 331 2566 τὸν
357 2514 524 2563 παῖδα
565 2508 735 2575 αὐτῆς
767 2505 938 2557 ἔθετο.
974 2501 1185 2565 Ηΰξανε
1213 2498 1256 2552 δ’
1286 2501 1312 2550 ὁ
1339 2500 1467 2559 παῖς
1486 2497 1544 2548 οὐ
1567 2494 1708 2549 κατὰ

116 2609 291 2673 λόγον,
351 2601 493 2653 άλλά
554 2598 675 2668 Οείᾳ
719 2596 826 2647 τινὶ
864 2592 1021 2662 τύχῃ,
1052 2591 1145 2643 καὶ
1200 2588 1359 2641 πλέον
1388 2584 1579 2656 ἣπρὺς
1611 2582 1707 2653 τὴν

116 2698 338 2765 ἡλικίαν
392 2695 605 2761 ἀπήντα
650 2689 711 2740 τὸ
753 2686 1059 2738 εὐσύνετον.
1108 2682 1347 2735 Ποιεῖται
1389 2679 1433 2731 δ’
1489 2675 1651 2728 αὑτὸν
1681 2672 1708 2722 ὁ

118 2791 371 2861 Βράγχος
396 2786 491 2837 καί⁵
537 2768 769 2849 ἄγγελον
806 2777 913 2829 τῶν
952 2773 1368 2845 μαντευμάτων,
1405 2766 1708 2835 Εὑάγγελον

117 2881 419 2949 ὀνομάσας.
454 2871 692 2945 [25511.]
744 2863 911 2931 Οὗτος
956 2866 1164 2936 ὴόήσας
1185 2864 1245 2915 τὸ
1287 2861 1535 2931 Βράγχου
1586 2874 1712 2949 μανέ

116 2948 258 3025 τεῖον
289 2968 595 3034 ἐξεδέξατο,
622 2961 871 3032 καῖὰρχὴ
904 2960 1095 3026 γένους
1132 2950 1511 3021 Εὑαγγελιδῶν
1564 2948 1715 3017 παρά

118 3064 417 3130 Μιλησίοις
452 3059 686 3125 ἐγένετο.

200 3160 265 3210 'II
314 3160 402 3223 με’
447 3152 522 3212 ὡς
582 3145 853 3216 Ὀρφεὺς,
887 3143 914 3194 ὁ
970 3142 1207 3208 Οἰάγρου
1257 3136 1348 3187 καὶ
1399 3132 1715 3199 Καλλιόπης
1746 3177 1791 3237 C

122 3254 251 3321 μιᾶς
292 3247 410 3299 τῶν
449 3241 684 3296 Μουσῶν
712 3279 725 3300 ,
768 3234 1047 3288 ἐϐασίλευε
1104 3230 1432 3285 Μακεδόνων
1479 3226 1572 3278 καὶ
1617 3225 1716 3293 τῆς

130 3319 472 3410 Ὀδρυσίδος,
501 3332 795 3400 ἐπετήδευε
824 3329 880 3381 δὲ
912 3324 1195 3396 μουσικὴν,
1232 3322 1323 3374 καὶ
1374 3319 1610 3389 μάλιστα
1643 3334 1721 3410 κιῖ

120 3398 427 3501 Οαριρδίαν.
486 3425 595 3477 Καὶ
654 3398 1003 3491 (φιλόμουσον
1059 3416 1166 3485 γὰρ
1219 3415 1279 3465 τὸ
1335 3412 1569 3482 Θρακῶν
1622 3398 1721 3462 καὶ

120 3523 467 3579 Μακεδόνων
512 3513 685 3585 γένος)
734 3516 970 3584 ἣρεσκεν
1000 3512 1056 3563 ὲν
1089 3509 1301 3570 τούτοις
1357 3504 1723 3575 διαφερόντως

120 3619 200 3685 τῷ
228 3614 458 3682 πλήθει.
512 3610 756 3675 Κατὲσχε
787 3606 843 3658 δὲ
877 3603 1003 3668 δόξα
1056 3601 1129 3663 ὼς
1153 3601 1231 3661 είς
1295 3597 1457 3666 ’ᾼδου
1500 3595 1724 3648 κατάὸοι

124 3711 296 3781 ἔρωτι
324 3706 429 3773 τῆς
458 3699 715 3771 γυναικὸς
737 3694 1064 3764 Εὐρυδίκης,
1094 3690 1187 3743 καὶ
1213 3690 1287 3751 ὼς
1317 3688 1407 3739 τὸν
1437 3684 1724 3738 Πλούτωνα

125 3778 223 3855 καὶ
294 3801 403 3869 τὴν
462 3794 645 3863 Κόρην
704 3790 866 3859 ᾠδαῖς
904 3783 1207 3854 γοητεύσας
1237 3780 1407 3847 δῶρον
1438 3778 1591 3831 λαϐοῖ
1621 3778 1722 3845 τὴν

128 3896 380 3965 γυναῖκα
407 3907 419 3918 ·
468 3887 581 3940 ἀλλ’
616 3885 676 3936 ού
708 3882 816 3952 γὰρ
846 3878 1065 3932 δνασθαι
1095 3875 1194 3944 τῆς
1234 3875 1451 3944 χάριτος
1490 3868 1725 3923 ἀναὸιω-

131 3959 442 4056 ακομένης,
474 3978 771 4045 λαθόμενον
803 3970 910 4024 τῶν
932 3968 1060 4038 περὶ
1083 3966 1248 4033 αὐτῆς
1277 3962 1525 4016 ὲντολῶν.
1571 3959 1728 4014 Οὕτω

130 4082 192 4133 δὲ
219 4052 444 4142 Ο-ἐλγειν
500 4072 595 4122 καὶ
620 4063 950 4132 κατακηλεῖν
979 4061 1140 4112 αὑτὸν
1184 4057 1344 4128 ᾠδαῖς
1367 4052 1504 4108 εἶναι
1540 4054 1723 4122 σοφὸν,

130 4174 211 4235 ὡς
242 4169 344 4222 καὶ
376 4162 541 4233 Οηρία
558 4162 651 4212 καὶ
678 4155 898 4217 οἰωνοὺς
930 4153 1023 4205 καὶ
1050 4152 1114 4220 δὴ
1140 4150 1233 4202 καὶ
1263 4147 1395 4214 ξύλα
1424 4148 1516 4198 καὶ
1544 4146 1724 4207 λίθους

134 4285 200 4319 συ
210 4259 602 4335 μπερινοστείν
619 4251 926 4321 ύφ“ήδονῆς.
944 4245 1182 4312 Τελευτᾷ
1202 4243 1257 4295 δὲ
1272 4239 1728 4307 διασπασαμένων

133 4330 309 4413 αὑτὸν
341 4330 469 4404 ⁷τῶν
514 4346 763 4418 Θρᾳκίων
800 4341 895 4393 καὶ
936 4335 1262 4390 Μακεδόνων
1309 4331 1605 4400 γυναικῶν,
1648 4330 1729 4381 ὅτι

133 4453 199 4504 οὐ
218 4450 266 4482 ⁸⁷
301 4441 577 4514 μετεδίδου
600 4436 791 4495 αὑταῖς
816 4430 924 4483 τῶν
952 4428 1173 4498 ὀργίων,
1192 4426 1331 4493 τάχα
1361 4422 1460 4493 μὲν
1493 4422 1584 4474 καὶ
1610 4420 1728 4472 κατ’

1789 581 1842 635 in
1876 584 2066 636 hormn
2118 583 2357 637 virorum
2408 591 2758 635 monumento
2798 592 3027 648 statuas,
3061 584 3362 639 divinormn

1789 673 1949 726 simul
2002 674 2212 727 illorum
2261 684 2424 741 atque
2466 673 2821 727 humanorum
2864 673 3131 727 factorum
3177 684 3360 739 testes,

1789 767 1989 821 colloca
1999 777 2143 821 runt.

1862 860 2283 930 Quadragesima
2335 867 2521 927 quarta
2579 859 2803 913 historia
2868 859 3036 915 refert
3098 862 3369 930 quomodo

1795 952 2096 1006 Leodamas
2124 961 2179 1004 et
2213 952 2423 1006 Pliitres
2462 951 2527 1004 de
2562 950 2893 1005 Milesiorum
2950 967 3115 1016 regno
3144 964 3368 1006 conten-

1793 1044 1994 1106 derint,
2028 1046 2171 1110 regia
2193 1052 2421 1110 uterque
2445 1043 2613 1109 stirpe
2653 1042 2885 1095 oriundi.
2917 1041 3077 1095 Plchs
3096 1057 3223 1109 ergo
3248 1060 3370 1096 cum

1794 1150 1892 1202 per
1941 1134 2129 1187 horum
2194 1134 2595 1187 contentionem
2662 1132 2815 1186 malis
2876 1144 3197 1195 vexaretur,
3258 1146 3379 1199 post

1798 1226 1968 1279 multa
1991 1225 2204 1279 tandem
2224 1224 2558 1278 incommoda
2575 1223 2736 1278 finem
2754 1226 2880 1279 rixze
2898 1227 3172 1293 imposuit,
3186 1227 3378 1298 14οη

1799 1318 1941 1372 facto
1973 1319 2210 1381 decreto,
2265 1325 2323 1370 ut
2350 1317 2439 1385 qui
2472 1317 2537 1370 de
2570 1316 2789 1370 Milesiis
2820 1318 3009 1372 melius
3056 1331 3373 1385 mereretur,

1801 1410 1847 1463 is
1898 1412 2111 1462 demum
2164 1416 2435 1477 regnaret.
2491 1410 2659 1461 Erant
2704 1410 2831 1479 ipsis
2865 1412 2970 1463 duo
3013 1418 3141 1465 tunc
3198 1412 3380 1465 hostes

1801 1500 2031 1570 Carystii
2082 1509 2137 1553 et
2189 1498 2493 1554 Melienses.
2551 1502 2823 1555 Adversus
2878 1500 3099 1564 Melum,
3165 1503 3380 1558 Phitres

1802 1593 1949 1663 (huic
1966 1593 2109 1647 enim
2131 1604 2277 1647 sorte
2308 1593 2502 1646 bellum
2534 1593 2660 1646 illud
2688 1595 3003 1661 obvenerat)
3032 1596 3379 1663 expeditione

1803 1694 2077 1752 suscepta,
2107 1699 2166 1738 re
2210 1684 2407 1739 infecta
2444 1686 2621 1739 rediit.
2659 1684 2957 1740 Leodamas
2984 1702 3133 1751 vero,
3165 1702 3220 1740 re
3247 1704 3380 1741 con-

1804 1784 1885 1828 tra
1937 1778 2215 1845 Carystius
2267 1778 2474 1829 naviter
2520 1791 2583 1830 ac
2617 1778 2873 1844 praeclare
2916 1788 3090 1847 gesta,
3142 1781 3382 1845 nrheqne

1803 1883 1989 1922 eorum
2038 1870 2087 1921 vi
2121 1877 2443 1937 expugnata,
2479 1877 2642 1937 atque
2678 1870 2729 1922 in
2770 1871 3080 1925 servitutem
3138 1873 3376 1936 redacta,

1802 1960 2047 2013 Miletum
2089 1960 2260 2014 victor
2290 1938 2562 2022 reversus:
2600 1961 2893 2015 secundum
2929 1970 3081 2029 pacta
3116 1974 3379 2017 conventa

1805 2051 2075 2121 regnavit.
2130 2053 2309 2115 Quare
2360 2066 2426 2105 ex
2474 2052 2679 2104 oraculi
2715 2054 3027 2121 praescripto
3074 2052 3377 2123 Carystiam

1804 2141 2063 2196 feminam
2118 2143 2385 2207 captivam
2442 2141 2699 2194 infantem
2755 2142 3011 2195 uberibus
3059 2142 3379 2205 laetantem,

1806 2249 1929 2288 cum
1975 2234 2094 2288 aliis
2132 2235 2377 2301 plurimis
2410 2233 2678 2296 donariis,
2730 2234 3103 2286 manubiarum
3136 2235 3383 2299 decimis,

1806 2327 1871 2381 ad
1907 2326 2241 2381 Branchidas
2278 2326 2444 2380 misit.
2479 2326 2595 2393 lpse
2632 2339 2761 2379 vero
2787 2336 2912 2379 tunc
2940 2325 3218 2380 Branchus
3266 2326 3382 2395 (55)

1808 2430 1862 2474 et
1894 2420 2092 2489 templo
2119 2431 2174 2473 et
2206 2419 2427 2473 oraculo
2476 2428 2724 2487 prmerat,
2759 2421 2847 2487 qui
2888 2422 3154 2486 captivam
3193 2421 3384 2472 mulie-

1811 2528 1927 2567 rem
1963 2527 2155 2580 magna
2179 2526 2305 2566 cura
2338 2512 2559 2564 nutrivit
2589 2511 2723 2575 (56),
2764 2512 2987 2579 ejusque
3032 2511 3196 2563 filium
3253 2513 3387 2565 ado-

1812 2605 2001 2674 ptavit.
2046 2603 2187 2657 Puer
2233 2604 2346 2671 ipse
2382 2618 2485 2655 non
2523 2616 2631 2655 tam
2665 2604 2937 2656 hominum
2978 2604 3176 2657 usitato
3208 2608 3385 2668 modo,

1814 2712 1975 2767 quam
2009 2696 2189 2749 divina
2226 2698 2456 2762 quadam
2485 2696 2700 2748 fortuna
2749 2695 2938 2757 crevil,
2966 2704 3018 2748 et
3060 2710 3225 2763 supra
3258 2708 3390 2749 ωιιι-

1818 2800 1923 2844 tem
1952 2789 2186 2857 prudens
2214 2788 2400 2840 evasit.
2429 2786 2513 2839 Fit
2546 2786 2751 2854 igitura
2772 2785 3019 2840 Branclio
3044 2787 3388 2841 oraculorum

1820 2882 2062 2941 nuntius,
2096 2878 2393 2947 Evangelns
2420 2876 2740 2945 appellatus.
2775 2875 3001 2943 llicjam
3026 2877 3202 2929 adulta
3235 2887 3392 2931 atate

1822 2974 1873 3025 in
1922 2972 2140 3025 oraculo
2173 2970 2418 3024 Branclio
2470 2972 2754 3032 successit,
2799 2972 3233 3040 principiumque
3290 2973 3393 3025 fuit

1820 3075 1873 3117 et
1904 3073 2065 3129 caput
2097 3063 2545 3131 Evangelidarum
2578 3062 2717 3128 apud
2763 3061 3016 3115 Milesios.

1887 3155 2304 3223 Quadragesima
2339 3154 2559 3219 ﬁquinta.
2592 3153 2839 3219 Orpheus
2869 3152 3065 3221 ()Eagri
3098 3155 3209 3221 (57)
3250 3154 3391 3208 illius

1825 3255 1987 3316 atque
2009 3245 2297 3312 Calliopes,
2329 3258 2449 3312 quae.
2477 3258 2581 3295 una
2624 3245 2677 3295 in
2714 3258 2903 3295 novem
2936 3243 3101 3297 Musis
3139 3260 3393 3298 munera-

1824 3346 1937 3398 tur,
1970 3337 2319 3390 Macedonum
2359 3350 2449 3389 rex
2486 3334 2583 3387 fuit
2634 3343 2687 3387 et
2735 3333 3013 3404 Odrysidis
3047 3336 3179 3404 (58).
3225 3335 3395 3390 Mnsi-

1825 3446 1941 3485 cam
1989 3429 2075 3483 hic
2107 3438 2274 3482 artem
2303 3428 2569 3489 exercuit,
2614 3428 2960 3492 maximeque
3006 3427 3393 3481 citharisticam

1827 3523 2045 3593 (etenim
2066 3521 2336 3575 Thracum
2366 3519 2493 3573 illud
2516 3527 2569 3571 et
2603 3518 2949 3573 Macedonum
2976 3534 3145 3586 genus
3179 3523 3397 3574 musica:

1826 3614 2126 3669 studiosum
2179 3622 2262 3667 est
2304 3611 2384 3665 vel
2426 3612 2733 3679 imprimis),
2782 3610 2919 3678 plebi
2955 3625 3049 3679 per
3086 3626 3201 3664 eam
3233 3626 3395 3681 supra

1828 3708 2044 3762 modum
2072 3714 2275 3775 gratus.
2306 3703 2472 3757 Fama
2516 3712 2696 3755 autem
2745 3701 2866 3767 fuit,
2897 3703 2962 3755 ad
2993 3700 3192 3755 inferos
3224 3703 3396 3771 ipsum

1829 3814 2011 3853 amore
2058 3798 2347 3867 Eurydices
2377 3796 2620 3863 conjugis
2673 3794 2981 3859 adductum,
3018 3795 3357 3849 descendisse
3380 3837 3395 3859 ,

1830 3890 2009 3957 ibique
2056 3887 2335 3941 Plutonem
2380 3899 2443 3939 ac
2475 3881 2852 3952 Proserpinam
2887 3893 3047 3935 cantu
3089 3883 3166 3937 sic
3210 3885 3398 3938 conci-

1829 3979 2012 4040 liasse,
2070 3987 2129 4030 ut
2158 3976 2296 4030 dono
2327 3989 2547 4029 uxorem
2575 3982 2809 4041 caperet.
2853 3970 3050 4025 Verum
3103 3973 3201 4025 hac
3227 3972 3398 4041 gratia

1831 4068 1955 4131 frui,
1982 4082 2086 4137 qua
2111 4069 2176 4120 ad
2201 4067 2360 4119 vitam
2389 4066 2475 4118 illa
2501 4072 2750 4119 revocata
2778 4072 2879 4125 est,
2901 4078 3003 4114 non
3030 4064 3221 4130 potuit,
3254 4065 3399 4132 quod

1830 4177 1949 4230 qua:
2002 4162 2068 4214 de
2111 4161 2224 4227 ipsa
2273 4157 2525 4213 mandat'a
2568 4168 2770 4221 essent,
2804 4171 2907 4209 non
2962 4168 3231 4210 servasset
3262 4157 3397 4226 (59).

1830 4254 1977 4307 Adeo
1994 4262 2171 4304 autem
2191 4250 2463 4305 oblectare
2507 4249 2859 4316 cantibusque
2876 4247 3180 4302 demulcere
3197 4250 3401 4316 peritus

1832 4351 1968 4404 erat,
2001 4350 2131 4394 utet
2162 4339 2290 4393 ferae
2330 4348 2384 4393 et
2411 4353 2558 4401 aves,
2585 4347 2745 4405 atque
2771 4340 2904 4392 adeo
2925 4338 3066 4408 ligna
3097 4352 3159 4391 ac
3179 4338 3400 4406 lapides,

1833 4446 1953 4483 cum
1995 4430 2111 4499 ipso
2144 4444 2244 4481 una
2294 4443 2402 4495 pra:
2442 4426 2778 4493 jucunditate
2810 4428 3148 4480 oberrarent.
3176 4423 3404 4479 Interfe-

135 4512 317 4599 ἄλλας
363 4531 690 4601 προφάσεις,
752 4521 884 4590 φασὶ
908 4519 951 4571 δ’
978 4513 1069 4570 οὖν
1115 4514 1278 4570 αὑτὸν
1320 4512 1718 4581 δυστυχήσαντα

1794 4523 1954 4574 lctus
1997 4528 2174 4572 autem
2215 4528 2298 4572 est
2322 4516 2685 4570 lacerantibus
2719 4518 2889 4583 ipsum
2925 4514 3173 4569 Thressis
3199 4530 3260 4567 ac
3301 4514 3405 4567 Ma-

136 4630 279 4701 ιπερὶ
328 4600 566 4693 γυναῖκα
627 4618 736 4669 πᾶν
790 4610 1018 4682 ἔχοῆραι
1046 4607 1107 4661 τὸ
1130 4603 1593 4701 γένος.η’ίῐφοίτα
1631 4600 1729 4701 μέν

137 4692 237 4777 οὖν
252 4692 491 4775 τακταῖς
518 4711 609 4764 xc).
637 4706 869 4777 ήμέραις
903 4699 1244 4767 ὡπλισμένον
1272 4694 1472 4762 πλῆθος
1500 4692 1731 4764 Θρακῶν
1764 4716 1765 4719 η

140 4816 243 4867 καὶ
272 4804 609 4864 Μακεδόνων
634 4801 691 4850 ἐν
721 4791 1033 4862 Διϐήοροις,
1058 4792 1137 4851 εἰς
1161 4788 1364 4855 οἴκημα
1394 4784 1450 4835 ἓν
1479 4784 1525 4815 ⁸⁸
1542 4800 1732 4852 συνερ-

142 4909 385 4976 χόμενον
442 4896 584 4963 μέγα
602 4908 660 4943 τε
690 4887 783 4941 κα)⁵
821 4884 955 4952 πρὸς
999 4878 1219 4939 τελετὰς
1240 4873 1298 4929 εὖ
1330 4874 1696 4976 ττεποιημένιον
1717 4887 1730 4900 ⁸

144 4965 319 5051 37:21:
342 4991 388 5044 δ’
422 4986 700 5057 ὀργιάζειν
730 4980 952 5042 εἰσίασι,
982 4974 1087 5044 πρὸ
1106 4972 1214 5024 τῶν
1257 4969 1440 5022 πυλῶν
1483 4965 1738 5020 ἀπετίθε-

148 5088 253 5144 σαν
276 5086 347 5139 τά
376 5056 543 5136 ὅπλα.
573 5078 639 5129 '0
679 5075 732 5126 al.
765 5072 1019 5140 γυναῖκες
1056 5063 1477 5133 ὲπιτηρήσασαι,
1527 5057 1624 5110 καὶ
1670 5056 1738 5108 τὰ

1838 4610 2109 4665 cedonicis
2139 4609 2372 4671 feminis,
2405 4610 2545 4677 quod
2570 4610 2719 4679 orgia
2756 4623 2874 4660 cum
2906 4606 3008 4659 illis
3034 4621 3135 4659 non
3160 4620 3403 4658 commu-

1840 4704 2044 4756 nicaret
2090 4719 2103 4753 :
2142 4716 2204 4754 ac
2258 4702 2478 4755 forsitan
2527 4701 2689 4753 etiam
2738 4698 2857 4751 aliis
2893 4698 2957 4750 de
3010 4697 3209 4749 causis.
3244 4695 3407 4749 Aiunt

1841 4797 1982 4849 enim
2018 4793 2163 4847 illum
2199 4795 2264 4845 de
2295 4807 2461 4846 uxore
2498 4790 2788 4853 infelicem,
2842 4788 3154 4841 muliebrem
3191 4801 3405 4838 omnem

1843 4894 2026 4933 sexum
2073 4881 2272 4933 odisse.
2325 4879 2491 4948 Igitur
2528 4894 2649 4932 cum
2702 4876 2856 4930 statis
2903 4876 3090 4929 diebus
3138 4874 3407 4927 Thracum

1843 4983 1905 5021 ac
1979 4967 2329 5022 Macedonum
2391 4968 2578 5035 vulgus
2638 4967 2803 5019 armis
2876 4972 3075 5017 tectum
3140 4961 3411 5015 Libethris

1843 5060 2153 5113 conveniret
2180 5059 2232 5112 in
2284 5063 2498 5112 domum
2534 5056 2814 5126 magniﬁce
2850 5064 3205 5115 exstructam,
3250 5064 3304 5106 et
3344 5053 3411 5105 ad

1439 5210 1675 5267 VARl/E
1713 5210 2113 5271 LECTIONES.

225 5335 277 5367 ιδ
309 5328 524 5400 ἀνδρῶν
555 5324 633 5394 τῷ
667 5317 913 5393 μνημείῳ
944 5332 1007 5378 ς.
1080 5312 1124 5345 ⁸⁵
1152 5310 1208 5362 δὲ
1239 5323 1346 5361 om.
1388 5307 1453 5360 Δ.
1534 5305 1909 5374 ἐὐπομάζιον
1946 5327 2005 5372 ς.
2082 5312 2204 5363 "of:
2245 5325 2353 5363 om.
2408 5323 2487 5377 pr.
2525 5307 2590 5359 A.
2667 5304 2711 5336 ⁸⁸
2741 5304 2796 5355 ἓν
2854 5302 2979 5357 add.
3027 5302 3093 5356 Α.

1644 5417 1875 5474 NOTAE.

227 5545 349 5616 (55)
385 5542 461 5616 De
483 5553 591 5616 quo
625 5546 785 5616 supra
813 5532 1017 5581 narrat.
1046 5521 1135 5575 55.

386 5613 534 5677 Lego
562 5609 805 5674 ἐκόμισε.

242 5688 357 5738 157)
424 5682 499 5735 lle
556 5681 773 5738 Orpheu

242 5692 357 5757 (ΞΠ)
426 5692 499 5735 lle
556 5692 773 5753 Urpnco
827 5692 881 5727 lc;

162 5760 402 5813 Pausan.
453 5754 515 5805 in’
560 5748 776 5801 L-‘watic.
828 5748 881 5791 et

162 5838 312 5884 dant.

424 5652 532 5735 ὖὲν
826 5667 972 5737 leges
1017 5663 1185 5745 Inlulta
1234 5665 1431 5745 prmter
1462 5652 1576 5705 lucc
1605 5652 1742 5745 akpml

939 5735 1076 5803 apud
1133 5730 1491 5797 mythulugos,
1529 5739 1591 5775 ac
1622 5728 1744 5774 Sui-

1932 5517 2045 5587 (58)
2078 5519 2248 5583 Quam
2283 5515 2347 5569 ad
2378 5513 2679 5585 lThraciam
2718 5508 2955 5564 referunt
2994 5505 3208 5570 Strabo,
3241 5515 3294 5557 et
3352 5521 3417 5557 rx

1854 5602 1919 5642 eo
1955 5591 2212 5655 Strplian.

1927 5646 2263 5727 (SM-Virgil.
2301 5671 2351 5710 tv
2407 5653 2623 5723 Georg;
2677 5649 2986 5720 Apollodor.
3035 5646 3128 5701 lih.
3190 5662 3203 5697 l
3263 5646 3415 5701 init.:

1858 5728 2006 5781 Diurl.
2046 5727 2235 5790 Sicnl.,
2275 5728 2363 5779 lib.
2401 5741 2470 5777 ιν.
