4224 6446
816 397 924 463 583

1976 393 2245 456 ΡΗΟΤῙΙ
2275 394 2398 454 ΡΛἹ

2494 394 2788 454 [ARCH/E
2820 395 2926 454 CP.
3983 395 4074 459 584

814 521 931 562 rem
962 504 1202 559 divinam
1226 511 1620 571 comparatam,
1668 502 1851 572 ibique
1887 503 2038 572 orgia
2065 505 2390 558 celebraturi

2497 504 2638 557 ὅπλα
2674 504 3086 572 ἁρπασάμεναι,
3138 505 3232 556 ὑπ’
3260 503 3431 575 ὀργῆς
3477 505 3577 575 τῆς
3613 504 3702 557 διὰ
3730 507 3830 574 τὴν
3858 509 4071 577 ἀτιμίαν

812 603 1031 655 domum
1071 595 1296 666 ingressi
1318 595 1382 648 ad
1414 603 1622 662 portam
1648 608 1798 648 arma
1827 595 2176 662 deponerent,
2213 596 2400 649 obser-

813 706 976 746 vasse
1022 690 1123 744 hoc
1149 686 1428 748 mulieres,
1456 686 1832 752 correptisque
1872 686 2040 740 armis
2074 686 2180 740 illis
2207 701 2400 755 magna

815 782 898 835 ira
924 778 1303 841 inflammatas,
1329 775 1472 845 quod
1496 785 1995 834 contemnerentur.
2022 792 2142 828 cum
2170 788 2397 832 caeteros

813 873 890 927 ibi
925 871 1336 940 procumbentes
1385 865 1725 922 interfecisse
1751 907 1765 930 ,
1811 878 1921 918 tum
1961 865 2150 937 14οὺ
2181 867 2397 936 Orphea

815 969 990 1032 ipsum
1038 963 1375 1018 membratim
1409 962 1724 1022 dissectum,
1764 960 1816 1012 in
1863 975 2010 1012 mare
2039 961 2238 1028 passim
2271 975 2399 1030 pro-

813 1058 1030 1126 iecisse.
1066 1056 1379 1110 Pestilentia
1417 1054 1608 1107 deinde
1635 1053 1910 1120 regionem
1951 1052 2096 1104 illam
2125 1063 2394 1116 vastante,

815 1166 880 1204 eo
906 1151 1044 1218 quod
1080 1151 1145 1202 de
1187 1146 1400 1201 feminis
1436 1145 1653 1198 minime
1702 1153 1972 1210 sumptum
2017 1155 2162 1198 esset
2194 1147 2397 1215 suppli-

815 1245 980 1305 cium,
1029 1251 1281 1311 rogantes
1326 1239 1533 1292 incolas
1579 1238 1720 1291 luem
1756 1236 1970 1302 depelli,
2021 1253 2335 1306 responsum
2365 1252 2396 1293 e

819 1336 1026 1404 tripode
1077 1335 1360 1402 accepisse
1400 1351 1414 1386 :
1453 1329 1508 1384 Si
1545 1330 1742 1398 Orphei
1775 1328 1886 1399 (60)
1918 1341 2078 1397 caput
2122 1341 2395 1397 repertum

815 1428 963 1482 humi
994 1428 1307 1488 conderent,
1342 1424 1456 1477 fore
1491 1433 1550 1476 ut
1587 1426 1837 1494 contagio
1868 1425 2156 1478 desineret.
2199 1425 2276 1477 Ita
2309 1425 2394 1477 vix

812 1523 1028 1579 tandem
1081 1521 1211 1573 illud
1242 1519 1308 1572 ad
1357 1517 1496 1571 ostia
1539 1516 1742 1570 Meletis
1788 1516 2025 1569 flitruinis
2054 1531 2082 1567 a
2126 1515 2398 1584 piscatore

814 1615 1047 1684 quodam
1076 1627 1195 1666 esse
1231 1611 1532 1669 inventum,
1557 1608 1717 1659 etiam
1748 1617 1872 1660 tunc
1901 1623 2122 1670 canens,
2154 1608 2396 1676 nihilque

814 1724 844 1761 a
905 1705 1129 1759 marinis
1189 1700 1444 1753 fluctibus
1498 1697 1890 1761 deformatum,
1939 1713 2036 1751 nec
2097 1701 2393 1767 quidquam

813 1817 1000 1856 eorum
1055 1813 1298 1868 passum,
1331 1809 1450 1864 qua:
1497 1790 1654 1846 solita
1689 1794 1796 1845 sint
1830 1807 1927 1859 per
1965 1792 2192 1844 mortale
2221 1791 2390 1844 fatum

814 1893 866 1946 in
901 1891 1179 1946 hominum
1209 1883 1566 1940 cadaveribus
1594 1880 1736 1937 foeda
1767 1881 1967 1934 exoriri
1999 1896 2013 1931 :
2049 1880 2142 1933 sed
2175 1881 2394 1948 elegans

810 1985 994 2054 potius
1044 1981 1245 2049 ipsum,
1298 1974 1588 2040 nativoque
1636 1973 1897 2040 sanguine
1939 1970 2198 2024 imbutum
2247 1981 2396 2026 tanto

813 2080 935 2142 post
993 2079 1237 2136 tempore
1269 2064 1529 2133 viguisse.
1563 2060 1737 2130 Caput
1782 2075 1914 2126 ergo
1940 2060 2079 2113 istud
2117 2071 2396 2129 acceptum

2499 594 2627 657 τούς
2652 613 2709 646 τε
2729 595 3174 663 προσπίπτοντας
3204 595 3654 663 κατειργάσαντο,
3702 597 3799 649 καὶ
3834 599 3930 649 τὸν
3961 599 4072 668 Ὀρ-

2503 687 2607 752 φέα
2639 686 2779 737 κατά
2815 685 2950 754 μέλη
2977 685 3206 756 ἔρριψαν
3236 687 3316 748 εἰς
3344 687 3442 755 τήν
3471 687 3748 739 Θάλασσαν
3789 688 4073 757 σποράδην.

2501 778 2688 848 Λοιμῷ
2717 779 2773 829 δὲ
2801 781 2900 846 τῆς
2936 777 3139 848 χώρας.
3195 779 3274 830 ὅτι
3308 780 3384 849 μὴ
3418 779 3780 850 ἀπῃτήθησαν
3833 783 3989 852 δίκην
4028 784 4074 834 αἱ

2500 873 2778 936 γυναῖκες,
2847 871 3216 940 κακουμένης,
3262 871 3507 940 δεόμενοι
3534 873 3784 942 λωφῆσαι
3808 875 3867 927 τὸ
3892 876 4071 934 δεινὸν,

2501 963 2692 1015 ἔλαϐον
2744 964 3013 1032 χρησμὸν,
3063 964 3162 1033 τὴν
3217 964 3462 1034 κεφαλὴν
3514 968 3614 1034 τὴν
3634 966 3681 998 ⁸⁸
3736 967 3980 1033 Ὀρφέως
4017 970 4073 1022 ἂν

2501 1053 2827 1121 ἀνευρόντες
2885 1052 3121 1123 θάψωσι,
3179 1057 3361 1122 τυχεῖν
3395 1055 3736 1124 ἀπαλλαγῆς.
3774 1059 3884 1109 Καὶ
3937 1059 4074 1126 μόλις

2501 1146 2670 1213 αὐτὴν
2722 1147 2851 1215 περὶ
2905 1147 3002 1203 τὰς
3063 1145 3294 1210 ἐκϐολάς
3358 1148 3455 1200 τοῦ
3498 1149 3747 1218 Μέλητος
3805 1151 3871 1201 δι’
3895 1152 4075 1212 ἁλιέως

2505 1235 2732 1304 ἀνεῦρον
2767 1237 3032 1305 ποταμοῦ,
3087 1239 3182 1289 καὶ
3220 1238 3340 1290 τότε
3392 1239 3644 1308 ᾄδουσαν,
3679 1239 3808 1309 [455
3839 1239 3933 1311 IL]
3998 1244 4076 1292 καὶ

2504 1327 2672 1398 μηδὲν
2713 1328 2995 1382 παθοῦσαν
3050 1330 3153 1382 ὑπὸ
3210 1331 3308 1399 τῆς
3365 1330 3663 1401 Θαλάσσης,
3709 1325 3849 1401 μηδέ
3876 1351 3932 1384 τι
3965 1333 4076 1385 ἄλλο

2499 1421 2606 1474 τῶν
2634 1421 2733 1472 ὅσα
2765 1421 2933 1490 κῆρες
2983 1421 3323 1491 ἀνθρώπιναι
3372 1424 3580 1492 νεκρῶν
3609 1425 3774 1492 αἴσχη
3807 1426 4072 1493 φέρουσιν,

2498 1515 2614 1566 ἀλλ’
2673 1513 3097 1584 ἐπακμάζουσαν
3123 1515 3293 1585 αὐτὴν
3325 1518 3418 1569 καὶ
3449 1517 3631 1587 ζωῐκῷ
3663 1518 3754 1569 καὶ
3783 1520 3907 1569 τότε
3926 1518 3970 1549 ⁹⁰
4001 1518 4076 1570 αἷ-

2503 1623 2632 1675 ματι
2700 1606 2839 1675 μετά
2899 1608 3065 1659 πολὺν
3097 1609 3289 1677 χρὸνον
3316 1608 3679 1661 ἐπανθοῦσαν.
3701 1609 3974 1669 Λαϐόντες
3995 1605 4077 1658 οὖν

2501 1699 2606 1751 ὑπὸ
2655 1701 2858 1769 σήματι
2915 1701 3136 1769 μεγάλῳ
3171 1701 3455 1765 θάπτουσι,
3488 1703 3717 1768 τέμενος
3747 1702 3900 1770 αὐτῷ
3935 1717 4075 1766 περι-

2499 1790 2794 1860 είρξαντες,
2827 1793 2854 1845 ὂ
2874 1795 3011 1855 τέως
3063 1795 3160 1862 μὲν
3183 1793 3362 1863 ήρῷον
3386 1790 3475 1862 ἦν,
3520 1793 3744 1862 ὕστερον
3776 1795 3820 1846 δ’
3846 1795 4079 1858 ἐξενίκη-

2501 1901 2592 1935 σεν
2627 1885 2770 1954 ἱερὸν
2808 1881 2981 1937 εἶναι’
3017 1886 3230 1946 θυσίαις
3263 1903 3319 1937 τε
3347 1887 3456 1954 γάρ
3503 1887 3596 1938 καὶ
3641 1888 3786 1948 ὅσοις
3846 1887 4076 1946 άλλοις⁹¹

2502 1973 2612 2027 θεοὶ
2638 1977 2923 2046 τιμῶνται,
2966 1979 3309 2050 γεραίρεται.
3347 1981 3503 2032 Ἔστι
3535 1981 3592 2032 δὲ
3626 1981 3844 2048 γυναιξὶ
3892 1995 4082 2031 παντε-

2501 2065 2608 2128 λῶς
2630 2067 2851 2122 ἄϐατον.

817 2167 1021 2237 ingenti
1076 2162 1284 2217 tumulo
1344 2159 1673 2217 mandasse.
1745 2165 2265 2224 monumentumque
2311 2158 2410 2226 ipsi
2455 2161 2729 2215 heroicum
2793 2166 2858 2216 ah
2907 2165 3061 2218 initio
3097 2165 3546 2228 circumdetlissc,
3608 2166 3781 2219 dOItcc
3833 2166 3886 2219 itl
3946 2175 4086 2234 post-

815 2267 1031 2319 modum
1087 2256 1358 2320 obtinuit,
1419 2263 1474 2307 ut
1529 2266 1627 2322 pro
1678 2249 1862 2305 divino
1918 2248 2044 2302 fauo
2100 2251 2409 2306 haberetur.
2477 2252 2773 2311 Sacriliciis
2825 2262 2990 2323 enim,
3050 2260 3278 2328 aliisque
3316 2262 3473 2314 rebus
3545 2263 3959 2330 quibuseuuque
4015 2261 4077 2313 dii

817 2353 1073 2414 honorari
1099 2351 1296 2415 solent,
1328 2347 1490 2402 etiam
1523 2346 1637 2414 ipse
1660 2344 1876 2397 colitur.
1911 2341 2150 2398 Feminis
2180 2345 2396 2399 interim
2431 2350 2652 2402 omnino
2691 2353 3029 2406 inaccessum
3067 2355 3325 2422 templum
3364 2354 3491 2406 illud
3537 2364 3639 2408 est.

887 2443 1314 2515 Quadragesima
1353 2447 1547 2493 sexta:
1589 2437 1720 2489 Dum
1753 2433 1916 2503 Troja
1964 2445 2392 2504 expugnaretur,

817 2542 999 2597 emisit
1056 2539 1307 2593 Priamus
1361 2534 1413 2585 in
1472 2530 1694 2599 Lydiam
1755 2528 1892 2582 duos
1939 2527 2186 2583 llcctoris
2232 2528 2394 2595 filios,

819 2633 1089 2704 nynium
1120 2640 1174 2684 et
1204 2623 1624 2682 Scamandrum.
1659 2621 1827 2689 Capto
1854 2622 1975 2674 dein
2020 2619 2136 2685 Ilio,
2169 2621 2395 2683 Aineas,

817 2725 1070 2781 Anchisae
1109 2736 1172 2774 ac
1207 2716 1432 2772 Veneris
1465 2714 1627 2778 ﬁlius,
1674 2712 1890 2767 Graecos
1956 2710 2192 2780 fugiens,
2251 2713 2394 2767 Idam

819 2822 997 2887 primo
1022 2813 1250 2868 incoluit
1281 2829 1293 2864 :
1322 2811 1415 2863 sed
1447 2823 1568 2862 cum
1598 2806 1797 2860 reversi
1818 2821 1847 2857 e
1874 2803 2042 2873 Lydia
2074 2803 2319 2874 Oxynius
2342 2814 2396 2857 et

817 2910 1154 2966 Scamander
1199 2903 1384 2956 omnia
1441 2901 1644 2953 circqu
1700 2897 1853 2949 Ilium
1891 2899 2007 2950 loca
2047 2912 2108 2948 ex
2173 2909 2393 2964 paterna

815 2997 1301 3056 velutharreditate
1328 2991 1537 3053 relicta,
1567 2991 1667 3045 sibi
1698 2989 2035 3042 vindicarent
2067 3006 2081 3045 :
2116 3001 2395 3058 assumpto

818 3094 1023 3151 :Eueas
1064 3099 1218 3158 patre
1274 3085 1536 3146 Anchise,
1587 3094 1640 3136 et
1668 3091 1936 3150 quotquot
1982 3082 2153 3148 potuit
2209 3096 2238 3134 e
2272 3098 2398 3146 pro-

2585 2439 2647 2488 Ἥ
2706 2442 2801 2509 μετ’
2850 2444 2924 2508 ὼς
2979 2445 3180 2512 Τροίας
3234 2445 3608 2516 πορθουμένης
3639 2449 3684 2478 ⁹¹
3740 2449 4084 2502 ὑπεκτὶθεται

2501 2535 2747 2604 Πρίαμος
2799 2537 2878 2596 εἰς
2930 2536 3129 2589 Λυδίαν
3155 2537 3247 2589 δύο
3296 2540 3492 2601 παῖδας
3525 2541 3809 2608 Ἕκτορος,
3852 2543 4083 2607 Ὀξύνιον

2501 2628 2594 2678 καὶ
2650 2627 3020 2698 Σκάμανδρον.
3069 2629 3226 2682 Ἐπεὶ
3251 2630 3307 2682 δὲ
3339 2631 3399 2682 τὸ
3426 2633 3587 2683 Ἴλιον
3623 2634 3758 2702 ἥλω,
3813 2637 4030 2694 Αἰνείας
4059 2638 4081 2685 ὁ

2512 2718 2770 2786 Ἀγχίσου
2805 2721 2899 2771 καὶ
2938 2719 3280 2789 Ἀφροδίτης,
3326 2721 3602 2790 διαφυγὼν
3644 2726 3768 2784 τοὺς
3817 2726 4081 2793 ’Λχαιου;,

2497 2812 2555 2862 τὸ
2589 2812 2686 2880 μὲν
2715 2812 2932 2879 πρῶτον
2967 2811 3098 2882 ᾠκει
3121 2814 3219 2883 τὴν
3246 2814 3411 2883 Ἴδην·
3463 2817 3703 2881 Ὀξυνίου
3735 2817 3791 2870 δὲ
3825 2821 3917 2871 καὶ
3952 2820 4077 2870 Σκα-

2502 2899 2735 2965 μάνδρου
2755 2900 3165 2954 ἐπανελθόντων
3183 2903 3228 2934 ’³
3253 2903 3360 2954 ἀπὸ
3387 2904 3587 2968 Λυδίας
3615 2908 3706 2958 καὶ
3729 2909 3802 2968 ὠς
3825 2909 4081 2979 πατρῴας

2497 2989 2702 3058 λήξεως
2737 2993 3222 3061 μεταποιουμένων
3251 2993 3360 3047 τῶν
3416 2999 3543 3064 περὶ
3577 2997 3637 3048 τὸ
3678 2998 3840 3050 Ἴλιον
3883 3001 4079 3059 τόπων,

2504 3083 2788 3134 ἀναλαϐὼν
2829 3086 3090 3154 ’Λγχίσην
3156 3087 3246 3138 τὸν
3299 3092 3509 3158 πατέρα
3549 3091 3644 3141 καὶ
3685 3092 3844 3153 ὅσους
3871 3093 4084 3145 δύναιτο

822 3185 961 3253 fugis
990 3183 1154 3234 solem
1193 3193 1382 3232 versus
1409 3177 1673 3229 orientem
1712 3177 1822 3243 (6|)
1854 3180 1919 3229 de
1946 3176 2173 3230 Veneris
2207 3179 2397 3232 matris

2502 3175 2610 3225 τῶν
2669 3176 3061 3244 συμφυγάδων,
3089 3178 3227 3247 πρὸς
3253 3178 3403 3247 ἥλιον
3434 3181 3721 3250 ἀνίσχοντα
3746 3182 3922 3251 ᾤχετο
3946 3183 4080 3236 κατά

822 3278 1077 3332 mamlato
1104 3273 1350 3328 tetendit.
1377 3268 1627 3337 Trajecto
1664 3270 1826 3339 igitur
1853 3268 2221 3337 Hellesponto,
2252 3273 2396 3322 venit

819 3373 885 3424 ad
921 3372 1124 3432 sinum,
1157 3366 1248 3434 qui
1287 3365 1556 3416 Thermus
1577 3372 1660 3416 est
1694 3365 2027 3425 nominatus,
2074 3365 2161 3416 ubi
2196 3363 2396 3416 Auchi-

818 3480 915 3517 sen
949 3463 1058 3514 vita
1085 3459 1330 3512 functum
1368 3456 1578 3523 sepelit,
1602 3456 1822 3522 ipseque
1853 3456 2090 3506 oblatum
2124 3456 2396 3509 abiitcolis

822 3570 1045 3618 regnum
1079 3561 1318 3604 recusat.
1352 3547 1490 3600 Hine
1529 3547 1580 3598 in
1608 3545 1930 3598 Brusiadem
1969 3546 2080 3615 (62)
2120 3549 2393 3616 regionem

819 3645 1098 3713 profectus
1125 3653 1230 3704 est,
1264 3641 1350 3695 ubi
1388 3641 1656 3701 omnibus,
1689 3640 2100 3707 quibuscunque
2132 3652 2392 3703 uteretur,

819 3739 1094 3809 expetitus
1130 3745 1423 3804 gratusque
1484 3732 1607 3794 fuit,
1645 3733 1714 3785 ob
1775 3747 1985 3784 morum
2045 3733 2302 3784 nimirum
2365 3748 2394 3786 a

819 3828 1033 3882 Venere
1083 3827 1312 3880 inditam
1371 3824 1718 3876 suavitatem.
1766 3822 1840 3875 lbi
1904 3824 2200 3892 mugiente,
2275 3839 2394 3892 qua:

821 3923 993 3990 ipsum
1029 3935 1095 3972 ex
1129 3919 1216 3971 Ida
1274 3915 1623 3984 sequebatur,
1667 3916 1804 3968 hove
1866 3915 1969 3984 (sic
2021 3916 2163 3969 enim
2218 3914 2393 3970 Venus

823 4025 978 4066 antea
1011 4010 1344 4071 mandarat),
1377 4005 1492 4071 ejus
1512 4021 1619 4059 ora:
1649 4005 1932 4074 imperium
1954 4006 2279 4061 donantibus
2312 4009 2395 4060 iu-

818 4105 954 4158 eolis
1001 4100 1262 4168 suscepit,
1301 4099 1605 4165 bovemque
1642 4097 1799 4150 matri
1845 4099 2122 4151 mactavit.
2169 4101 2247 4151 Ad
2282 4100 2395 4153 hmo

822 4194 1009 4248 urbem
1067 4189 1328 4250 toudidit,
1383 4202 1503 4254 qu:e
1570 4195 1695 4241 tunc
1746 4187 1966 4255 quidem
2024 4203 2051 4239 a
2114 4192 2394 4242 conditore

817 4285 1138 4351 Ainea(63),
1175 4291 1295 4351 post
1323 4279 1522 4332 inflexo
1555 4279 1800 4332 nonnihil
1840 4280 2059 4332 nomine
2085 4279 2390 4350 AZuus(6i)

818 4383 980 4433 dicta.
1015 4377 1136 4430 chc
1170 4375 1330 4438 igitur
1355 4388 1458 4426 uua
1504 4373 1763 4430 narratio,
1813 4383 2012 4439 praeter
2047 4375 2149 4426 alia
2205 4377 2389 4436 multa,

819 4465 1056 4519 refertur
1084 4480 1110 4514 a
1142 4462 1364 4517 Cra-cis.
1416 4462 1600 4513 Altera
1627 4471 1802 4514 tamen
1845 4462 1954 4525 illa,
1989 4479 2107 4529 qua:
2131 4463 2385 4517 liomanze

2510 3265 2827 3334 ‘.\;po'o‘itr,;
2889 3268 3207 3336 ἐπίσκηψιν.
3265 3270 3467 3332 Διαδάς
3517 3269 3608 3324 οὖν
3659 3273 3786 3343 [234
3848 3274 3937 3346 ΙΙ.]
3994 3276 4078 3326 τὶν

2512 3357 2910 3426 Ἑλλήσποντον
2930 3399 2944 3423 ,
2978 3363 3071 3412 καὶ
3103 3363 3431 3428 ἀφικόμενος
3456 3363 3500 3393 ⁸⁵
3531 3366 3608 3425 εἰς
3639 3365 3853 3434 Θερμὸν
3886 3367 4082 3418 καλού-

2500 3467 2658 3520 μενον
2709 3451 2952 3518 κόλπον,
3008 3453 3265 3523 ’Λγχίσην
3327 3456 3424 3524 μὲν
3476 3458 3817 3510 ἀποθανόντα
3866 3460 4079 3522 θάπτει,

2496 3542 2659 3604 αὐτὸς
2703 3543 2758 3594 δὲ
2796 3543 2904 3595 τῶν
2953 3545 3266 3615 ἐπιχωρίων
3308 3547 3579 3616 δεομένων
3600 3549 3740 3601 ὥστε
3781 3551 4082 3619 Baetis-55w

2497 3635 2676 3686 αὐτῶν
2719 3636 2819 3688 οὐκ
2860 3637 3093 3702 ἐδέξατο.
3157 3635 3292 3691 Εἶτα
3348 3642 3426 3702 εἰς
3485 3641 3583 3710 τὴν
3624 3643 3925 3710 Προυσιάδα
3983 3647 4081 3711 γῆν

2496 3726 2714 3798 ἔρχεται
2740 3745 2751 3756 ·
2789 3729 2922 3781 πᾶσι
2948 3731 2991 3781 δ’
3018 3725 3086 3799 ἦν
3127 3731 3408 3799 ἐφίμερος,
3462 3731 3542 3796 οἷς
3590 3737 3897 3804 ἐτυγχάνοι,
3944 3739 4082 3788 κατά

2497 3821 2655 3890 χάριν
2687 3821 2788 3889 τῆς
2823 3821 3158 3892 Ἀφροδίτης.
3223 3825 3483 3879 Ἐνταῦθα
3533 3831 3930 3897 μυκησαμένης
3985 3832 4080 3895 si;

2499 3913 2877 3982 συνεπομένης
2904 3914 3053 3984 αὐτῷ
3105 3916 3224 3983 βοὸς
3251 3917 3306 3981 ἐξ
3338 3918 3482 3986 Ἴδης
3527 3919 3704 3986 (τοῦτο
3731 3921 3841 3990 γάρ
3888 3924 4081 3991 ’Λυρο-

2495 4006 2612 4076 δίτη
2643 4007 2942 4076 ἐπέσκηψε)
2977 4007 3244 4076 λαμϐάνει
3269 4011 3328 4062 τὸ
3358 4014 3553 4082 κράτος
3585 4015 3682 4082 τῆς
3702 4017 3804 4082 γῆς
3831 4018 4079 4070 διδόντων

2493 4099 2602 4149 τῶν
2656 4100 2985 4168 ἐπιχωρίων,
3045 4101 3138 4153 καὶ
3205 4105 3301 4171 τὴν
3333 4105 3458 4172 βοῦν
3483 4105 3597 4157 θύει
3643 4107 3956 4183 Ἀφροδίτῃ,
3989 4113 4081 4162 καὶ

2495 4189 2666 4252 κτὶζει
2725 4192 2896 4255 πόλιν,
2932 4192 2962 4262 ἢ
2994 4194 3113 4245 τότε
3176 4195 3337 4263 μὲν⁹⁸
3364 4197 3544 4248 Αῖνεια
3597 4198 3706 4250 ἀπὸ
3732 4201 3826 4252 τοῦ
3861 4203 4080 4254 κτίσαν-

2495 4298 2604 4347 τος,
2660 4283 2883 4350 ὖστερον
2909 4285 2965 4336 δὲ
3002 4287 3429 4356 παρενεγκόντος
3485 4290 3578 4342 τοῦ
3627 4292 3892 4360 ὀνόματος
3921 4293 4080 4355 Αἶνος

2494 4373 2718 4442 ἐκλήθη.
2779 4375 2950 4440 Λόγος
2991 4379 3088 4443 μὲν
3115 4376 3207 4428 οῦν
3231 4372 3310 4440 εἷς
3345 4372 3498 4442 οὗτος
3538 4382 3640 4432 ὑπὸ
3681 4383 3957 4455 Ἑλλήνων
3987 4389 4080 4438 ἐπὶ

2496 4464 2710 4526 πολλοῖς
2756 4465 2936 4527 ἄλλοις
2992 4467 3244 4534 λέγεται·
3277 4470 3304 4521 ὁ
3334 4469 3388 4520 δὲ
3418 4471 3478 4521 τὸ
3513 4472 3782 4540 Ῥωμαῖον
3819 4478 3975 4539 γένος
4002 4480 4081 4536 εἰς

817 4559 990 4627 gentis
1028 4557 1288 4625 originem
1321 4554 1389 4608 ab
1414 4555 1530 4621 ipso
1567 4555 1781 4622 repetit,
1817 4563 1868 4606 et
1892 4554 2038 4607 Alba}
2055 4556 2387 4609 cenditorein

2495 4561 2656 4612 αὑτὸν
2703 4562 2990 4630 ἀναφέρων
3033 4563 3124 4614 καὶ
3172 4566 3415 4634 οἰκιστὴν
3469 4567 3636 4618 ποιῶν
3696 4569 3922 4633 Ἄλϐας,
3984 4575 4080 4621 καὶ

818 4649 971 4710 facit,
1006 4646 1164 4700 simul
1187 4648 1347 4697 etiam
1375 4643 1676 4708 oraculum,
1697 4659 1798 4710 qua
1823 4644 2056 4696 incolere
2079 4645 2389 4710 jubebatur,

821 4740 908 4794 ubi
953 4740 1064 4806 ipse
1099 4752 1216 4790 cum
1273 4735 1435 4789 sociis
1466 4735 1638 4788 sacris
1689 4747 1969 4802 Operatus,
2002 4753 2240 4790 mensam
2278 4739 2388 4809 (63)

815 4850 1031 4903 quoque.
1065 4831 1481 4898 absumpsisset,
1510 4831 1646 4894 lucc,
1679 4831 1922 4900 inquam,
1965 4836 2207 4888 narratio
2239 4836 2393 4888 valde

810 4927 922 4995 jam
954 4927 1082 4978 trita
1110 4935 1212 4977 est.

2491 4650 2551 4699 τὸ
2631 4653 2964 4720 χρηστήριον
3027 4650 3055 4702 ὃ
3122 4656 3396 4704 κατοικεῖν
3472 4655 3774 4724 ἐπέτρεπεν
3811 4660 3859 4688 ’θ
3925 4661 4080 4710 ὁπότ’

2492 4743 2560 4793 ἂν
2587 4743 2749 4804 αὐτὸς
2798 4743 2913 4811 ἅμα
2944 4743 3051 4795 τῶν
3072 4746 3114 4776 ³⁷
3148 4747 3243 4796 σὺν
3269 4745 3417 4813 αὑτῷ
3446 4745 3611 4809 θύσας
3677 4750 3818 4813 μετά
3854 4751 3962 4802 τῶν
3995 4769 4076 4801 σι-

2489 4835 2619 4886 τίων
2677 4837 2982 4904 καταφάγοι
3035 4837 3129 4889 καὶ
3154 4838 3252 4900 τὰς
3293 4838 3592 4908 τραπέζας,
3629 4837 3783 4904 οὗτος
3819 4847 4080 4913 κατημα-

2489 4928 2694 4994 ξευται.

2121 5062 2352 5116 VARI/{‘3
2395 5061 2799 5118 LECTIONES.

885 5153 930 5184 ⁸9
963 5169 1087 5217 7-3?-
1147 5149 1239 5202 τοῦ
1276 5151 1335 5204 Ο·
1386 5151 1452 5221 ἦν
1488 5151 1572 5221 ἂν,
1606 5153 1857 5218 εὑρόντες
1883 5169 1942 5214 ς.

816 5294 860 5324 ⁸⁸
913 5295 1122 5362 ἔπρεπε
1150 5309 1209 5354 ς.
1287 5291 1328 5322 ⁸⁷
1365 5291 1496 5362 τῶν]
1563 5293 1642 5360 τῷ
1691 5293 1779 5345 Λι
1827 5295 1937 5356 τοῖς
1983 5312 2044 5357 ς.

1892 5169 1942 5214 ς.
2019 5155 2064 5184 ⁹⁰
2095 5156 2188 5207 καὶ
2228 5156 2346 5206 τότε
2384 5157 2502 5207 add.
2539 5159 2601 5208 Λ.

817 5223 1090 5291 κουμένης
1145 5222 1319 5273 malis.
1355 5222 1425 5273 cf.
1464 5236 1516 5288 p.
1559 5220 1620 5274 Β.
1661 5223 1788 5285 988,
1842 5224 1909 5276 45
1937 5233 1991 5277 et
2023 5225 2147 5288 989,
2182 5225 2274 5280 22.
2351 5227 2395 5256 ⁵³
2422 5227 2686 5278 ἐλθόντων
2707 5229 2771 5280 Α.

3174 5172 3254 5218 pr.
3314 5158 3377 5211 Α.

2865 5227 2908 5257 9"
2928 5227 3294 5296 ἁφικούμενος
3348 5245 3405 5291 ς.

2678 5159 2720 5187 ⁹¹
2757 5157 2950 5217 ἄλλους
3001 5173 3109 5209 om.
3174 5172 3254 5218 pr.
3314 5158 3377 5211 A.
3463 5159 3508 5188 ”
3541 5159 3592 5211 ni
3655 5159 3794 5213 forte
3846 5162 4070 5226 πολιορο

3485 5231 3528 5260 θ³
3556 5229 3650 5281 τοῦ
3705 5231 3805 5299 μὲν
3864 5250 3950 5285 κτ.
4007 5251 4069 5295 ς.

2291 5388 2518 5442 NOTAE.

889 5476 998 5542 (60)
1037 5475 1258 5529 Lucian.
1294 5476 1549 5529 Adversus
1584 5478 1774 5531 indocl.

887 5548 967 5614 (61
984 5550 997 5612 )
1017 5546 1333 5612 ’Λνίσχοντα
1351 5562 1541 5616 errore
1566 5549 1925 5616 geographico
1943 5567 2039 5615 pro
2056 5553 2358 5604 καταδυντα

884 5618 996 5685 (ϋὲ)
1031 5615 1478 5690 httﬂrusisi‘orte
1505 5615 1578 5690 atii
1600 5615 1836 5682 ἣξει-,ἱιιίι
1870 5620 2196 5675 Macedonizn
2219 5622 2385 5690 pars?

819 5687 950 5740 Eam
1005 5686 1072 5738 ah
1129 5685 1359 5739 Emathii
1393 5687 1501 5741 filio
1539 5686 1710 5741 Bruso
1748 5705 1941 5743 nomen
1984 5692 2180 5744 habere
2220 5685 2385 5745 ‘docet

818 5757 1006 5822 Steph.
1036 5756 1258 5825 Byzaul.

885 5827 994 5895 (65)
1036 5826 1187 5896 Apud
1216 5828 1403 5896 Steph.
1433 5828 1593 5884 ctiam
1621 5827 1862 5886 {Eneada
1904 5831 2101 5886 dictam
2137 5833 2382 5899 observo,

2493 5483 2663 5547 ibique
2705 5482 2965 5545 sepultum
3017 5483 3298 5536 Anchisen.
3347 5482 3487 5552 Lege
3544 5483 3689 5553 Virg.
3743 5502 3801 5538 ιιι
3844 5485 4070 5540 Λῐηεῐίί.

2493 5553 2612 5605 init.
2660 5562 2714 5622 et
2750 5553 2818 5603 ibi
2845 5553 3092 5606 Servium
3130 5566 3463 5622 czclerosque
3501 5556 3842 5622 interpretes.

2555 5622 2668 5696 (fit)
2702 5621 2775 5674 lla
2796 5623 3067 5696 Plini_uset
3091 5625 3280 5696 Pomp.
3309 5624 3464 5682 Mela,
3497 5625 3585 5677 lih.
3616 5621 3674 5685 ll,
3700 5641 3820 5678 eam
3849 5643 4072 5696 quoque

2493 5693 2762 5757 appellant
2791 5710 2802 5744 :
2837 5702 2885 5743 et
2919 5692 3148 5746 Pausan.
3185 5694 3407 5746 Eliacis.
3432 5696 3557 5747 Aur.
3605 5696 3792 5750 Victor
3813 5692 3993 5752 cum
4015 5702 4067 5752 iu

2497 5760 2645 5822 Oriq.
2672 5772 2810 5828 gent.
2847 5761 2993 5814 liam.

2568 5833 2677 5899 ((55)
2707 5836 2838 5887 Aur.
2866 5831 3067 5898 Victor,
3088 5831 3159 5886 De
3189 5835 3322 5904 orig.
3343 5844 3480 5903 gent.
3514 5833 3663 5890 Rom.
