4224 6446
218 402 329 473 585

1268 396 1790 460 BIBLIOTHECA.
1805 420 1875 434 --
1898 396 2062 459 COD.
2090 395 2441 460 CLXXXVI.

3344 406 3448 474 586

300 517 366 569 Ἠ
399 516 490 587 με’
523 515 598 578 ὥς
632 514 1010 587 ’Δλθαιμένης,
1058 512 1151 568 τοῦ
1186 512 1553 586 Ἡρακλειδῶν
1600 512 1792 581 γένους
1820 512 1868 571 Α
1958 517 1968 564 1

1777 512 1868 576 :A
1958 510 2379 584 Quadragesima
2416 511 2687 582 septima:
2728 513 3083 572 Althannenes
3108 514 3243 587 (66),
3278 515 3445 573 Hera-

214 607 376 677 τρίτη
410 606 573 674 γενεὰ
603 606 711 660 ἀπὸ
760 606 1032 676 Τεμένους
1049 605 1117 671 ⁸⁸,
1161 604 1440 668 στασιάζει
1481 604 1619 675 πρὸς
1666 604 1793 667 τοὺς

218 697 488 766 ἀδελφοὺς
537 696 826 767 (νεώτατος
844 696 892 749 δ’
915 692 1005 766 ἦν)
1032 697 1127 750 καὶ
1188 696 1572 766 μετανίσταται
1623 693 1791 747 Πελο-

217 789 517 858 ποννήσου,
577 788 807 860 στρατὸν
832 788 1082 860 Δωριέων
1112 788 1250 856 έχων
1288 788 1380 840 καί
1433 803 1583 848 τινας
1615 785 1793 840 Πελα-

218 878 389 944 σγῶν.
418 878 705 931 Ἐστιλλον
730 878 789 931 δὲ
816 881 911 931 καὶ
969 878 1238 949 ’ᾼθηναϊοι
1266 880 1385 931 τότε
1407 878 1505 947 τὴν
1544 877 1641 929 σὺν
1660 877 1790 930 Νειη

214 968 386 1038 λέῳυ
418 986 481 1021 τε
512 969 606 1021 καὶ
656 973 772 1032 τοῖς
828 971 1114 1040 Κοδρίδαις
1172 970 1462 1023 ἀποικίαν·
1507 968 1705 1037 ὁμοίως
1733 967 1790 1020 δὲ

214 1062 339 1115 καθ’
366 1062 597 1125 ἑαυτοὺς
643 1065 737 1115 καὶ
769 1062 1178 1132 Λακεδαιμόνιοι
1223 1063 1321 1123 ,τὸν
1344 1061 1635 1131 Φιλονόμου
1667 1062 1791 1115 λαὸν

210 1151 520 1219 ἀπῴκιζον,
549 1146 623 1204 ὧν
647 1154 831 1221 ήτεῖτο
885 1152 1083 1219 Δελφὸς
1107 1152 1274 1221 ὗνομα
1293 1152 1387 1204 καί
1416 1150 1595 1212 Πόλις.
1630 1149 1789 1204 Ἐκά·

213 1257 362 1309 τεροι
388 1247 404 1273 ³
438 1238 533 1312 οὖν
602 1244 944 1319 παρεκάλουν
1011 1243 1364 1311 ’Λλθαιμένην
1430 1241 1789 1311 συμμετέχειν

212 1335 404 1394 αὐτοῖς
450 1334 546 1385 τοῦ
600 1332 787 1404 ἔργου,
816 1334 873 1386 οἴ
916 1351 976 1386 τε
1003 1335 1223 1402 Δωριεῖς
1267 1331 1361 1385 τοῦ
1423 1332 1513 1383 ἐπὶ
1569 1332 1790 1401 Κρήτην

214 1425 375 1482 πλοῦ.
425 1424 523 1476 ac:
568 1428 661 1476 καὶ
714 1424 874 1477 αὐτὸν
906 1425 1116 1493 Δωριέα
1137 1424 1285 1485 ὄντα,
1318 1422 1373 1475 οἵ
1400 1439 1459 1474 τε
1503 1422 1681 1483 ’ῐωνες
1711 1422 1791 1482 είς

212 1514 306 1581 τὴν
342 1514 533 1566 ’Δσίαν
559 1514 697 1581 μετὰ
728 1515 876 1581 σφῶν
901 1512 1292 1581 περαιωθῆναι.
1315 1510 1405 1579 Τῷ
1425 1510 1469 1562 δ’
1493 1509 1788 1578 οὐδετέροις

210 1611 391 1662 ἐδόκει
448 1610 718 1677 συμπλεῖν
744 1648 760 1673 ,
818 1607 954 1660 ἀλλὰ
1020 1608 1160 1660 κατὰ
1216 1606 1307 1659 τὸν
1361 1605 1581 1657 δοθέντα
1640 1602 1788 1671 αὐτῷ

210 1701 467 1769 χρησμὸν
522 1702 614 1752 ἐπὶ
666 1701 765 1753 Δία
820 1701 914 1752 καὶ
943 1700 1130 1751 Ἥλιον
1155 1696 1497 1768 κομίζεσθαι,
1541 1696 1635 1750 καὶ
1658 1695 1788 1766 παρ’

210 1792 394 1843 αὐτῶν
424 1793 599 1843 αἰτεῖν
653 1793 733 1853 είς
762 1790 1081 1860 κατοίκησιν
1106 1790 1210 1857 γῆν
1239 1809 1250 1819 ι
1280 1787 1422 1841 εἶναι
1446 1789 1503 1841 δὲ
1534 1788 1654 1851 Διὸς
1686 1787 1785 1857 μὲν

210 1884 733 1952 Κρήτην,Ἦλίουδέ
763 1882 957 1935 Ῥόδον.
1021 1882 1378 1950 Ἀναγόμενος
1442 1875 1535 1934 οὖν
1586 1882 1651 1932 ἐκ
1677 1881 1783 1932 Πε-

210 1974 544 2044 λοποννήσου
576 1974 859 2043 προσίσχει
898 1972 1035 2044 πρὸς
1070 1974 1171 2042 τὴν
1205 1974 1449 2043 Κρήτην,
1487 1972 1583 2025 καὶ
1615 1970 1779 2041 μέρος

207 2067 299 2119 τοῦ
324 2067 464 2119 λαοῦ
490 2068 614 2129 τοὺς
642 2066 996 2136 βουλομένους
1016 2065 1201 2119 αὐτόθι
1230 2068 1397 2117 οίκείν
1428 2063 1748 2117 καταλείπει
1769 2080 1784 2095 ο

206 2156 371 2217 αὐτὸς
395 2157 451 2208 δὲ
478 2156 604 2218 τοὺς
627 2155 845 2219 πλείους
874 2154 1011 2225 ἔχων
1035 2153 1276 2225 Δωρικὸν
1305 2153 1457 2206 ἔπλει
1479 2155 1570 2206 ἐπὶ
1585 2154 1788 2210 Ῥόδον.

209 2251 323 2319 Τὴν
353 2249 414 2301 δὲ
458 2249 638 2301 Ῥόδον
666 2248 725 2301 τὸ
760 2250 858 2317 μέν
905 2251 1131 2318 ἀρχαῖον
1160 2248 1285 2310 λαὸς
1343 2248 1623 2317 αὐτόχθων
1674 2246 1789 2299 ἐνέ-

214 2358 400 2411 μοντο,
429 2333 507 2394 ὧν
534 2336 671 2411 ἦρχε
722 2341 783 2392 τὸ
827 2340 1119 2395 Ἡλιαδῶνί
1166 2339 1342 2408 γένος,
1398 2338 1491 2402 οὓς
1546 2338 1789 2401 Φοίνικες

210 2434 521 2501 ἀνέστησαν
567 2434 659 2484 xui.
686 2433 783 2498 τὴν
813 2432 973 2500 νῆσον
1024 2431 1180 2500 ἐσχον
1200 2445 1213 2459 ·
1248 2429 1375 2501 [456
1408 2428 1499 2501 IL]
1530 2430 1788 2483 Φοινίκων

208 2523 254 2574 δ’
280 2523 630 2575 ἐκπεσόντων
688 2522 872 2591 Κᾶρες
924 2520 1098 2590 ἔσχον,
1127 2522 1217 2574 ὅτε
1263 2521 1358 2572 καὶ
1382 2520 1480 2582 τὰς
1508 2520 1673 2583 ἄλλας
1697 2522 1789 2589 νή·-

212 2633 340 2677 σους
359 2618 462 2678 τὰς
489 2616 618 2683 περὶ
645 2615 706 2667 τὸ
723 2617 944 2682 Αἰγαῖον
974 2613 994 2645 ³
1027 2614 1271 2684 ᾤκησαν.
1304 2606 1399 2675 υἶς
1428 2611 1787 2664 ἐπιπλεύσαν-

210 2725 303 2771 τες
323 2712 376 2762 οἱ
401 2706 891 2777 Δωριεῖς,.πολέμῳ
917 2705 977 2757 τὸ
998 2705 1243 2775 Καρικὸν
1260 2702 1785 2772 καταστρεψάμενοι,

212 2804 363 2872 τρεῖς
398 2801 579 2863 πόλεις
612 2800 853 2862 ἔκτισαν,
884 2799 1091 2861 Λίνδον,
1128 2796 1367 2868 Ἰήλυσον
1427 2798 1523 2847 καί
1573 2794 1788 2860 Κάμει-

216 2894 376 2964 ρονδ.
415 2894 478 2944 Οἱ
515 2894 610 2960 μὲν
648 2886 741 2943 οὖν
779 2892 1001 2959 Δωριεῖς
1033 2889 1139 2941 ἀπὸ
1183 2885 1568 2955 Ἀλθαιμένους
1620 2884 1789 2955 ἀρξά-

216 3001 374 3054 μενοι
416 2982 575 3053 μέχρι
613 2985 708 3037 καὶ
744 2982 902 3050 δεῦρο
940 2979 1413 3049 καταόεόήκασιν”
1459 2978 1516 3029 αί
1545 2977 1603 3029 δὲ
1637 2978 1788 3045 τρεῖς

214 3074 406 3134 πόλεις
454 3073 535 3133 είς
583 3071 709 3140 μίαν
772 3069 1195 3122 ἀποκλεισθεῖσα
1260 3064 1500 3136 μεγάλην
1549 3065 1645 3116 καὶ
1706 3064 1789 3115 εὐ-

1894 604 2160 661 clidarum
2216 606 2428 677 generis
2480 606 2695 661 soboles
2751 605 2866 680 (67)
2896 607 3087 680 151a
3127 624 3157 663 a
3205 608 3443 665 Temene

1892 695 2073 761 tertia,
2104 697 2362 753 fratribus
2422 698 2747 753 dissentiens
2806 700 3248 755 tumultuabatur.
3302 699 3440 757 Natu

1891 803 2021 859 ergo
2055 790 2310 844 minimus
2364 806 2487 845 cum
2540 800 2704 855 esset,
2765 790 3134 860 Peloponneso
3188 794 3439 860 discedit,

1893 879 2234 936 Doriensium
2269 896 2451 937 secum
2485 884 2688 953 copias,
2715 892 2770 937 et
2810 882 3153 953 Pelasgorum
3179 886 3441 954 quosdam

1890 972 2112 1026 ducens.
2138 969 2399 1027 Miserum
2422 981 2531 1026 tum
2560 986 2774 1041 quoque
2793 974 3152 1030 Athenienses
3176 974 3444 1029 coloniam

1890 1077 2011 1116 cum
2044 1062 2206 1116 Neleo
2247 1062 2390 1132 (68),
2448 1072 2502 1119 et
2520 1062 2681 1118 Codri
2704 1063 2955 1130 posteris.
2994 1063 3263 1119 Similiter
3309 1078 3441 1119 vero

1889 1162 1945 1209 et
1964 1153 2353 1208 Lacedcmonil
2375 1155 2574 1222 eoipso
2603 1163 2842 1221 tempore
2871 1152 3171 1208 Pbilonomi
3199 1154 3313 1223 (69)
3350 1170 3446 1223 po-

1888 1244 2068 1313 pulum
2087 1244 2193 1299 alio
2220 1244 2519 1299 habitatum
2545 1244 2835 1308 miserunt,
2859 1259 3016 1314 quem
3036 1246 3189 1299 duxit
3206 1245 3442 1314 Delphus

1891 1336 2107 1404 quidam
2141 1335 2377 1401 nomine,
2417 1346 2472 1391 et
2503 1334 2668 1389 Polis.
2705 1332 2933 1403 Utrique
2975 1336 3362 1391 Althmmenem
3390 1337 3443 1391 In

1891 1427 2076 1495 operis
2112 1428 2425 1481 societatem
2471 1436 2755 1483 vocarunt.
2808 1429 2974 1483 Dores
3006 1429 3248 1499 quidem,
3292 1438 3352 1482 ut
3390 1430 3443 1483 in

1889 1515 2104 1569 Cretam
2149 1530 2252 1569 una
2296 1516 2608 1585 navigaret,
2657 1516 2798 1585 quod
2862 1525 2917 1570 et
2994 1517 3111 1585 ipse
3169 1516 3446 1572 Doriensis

1887 1613 2051 1660 esset.
2083 1605 2236 1660 Iones
2270 1621 2414 1671 vero,
2469 1615 2527 1659 ut
2580 1608 2630 1659 in
2680 1606 2859 1660 Asiam
2907 1621 3091 1661 secum
3146 1607 3441 1673 trajiceret,

1888 1701 2208 1755 invitabant.
2265 1700 2462 1755 Verum
2524 1698 2839 1753 Althaemeni
2900 1714 3020 1753 cum
3075 1699 3282 1753 neutris
3327 1714 3446 1755 sese

1888 1789 2211 1860 conjungere
2234 1790 2450 1859 placuit.
2483 1790 2775 1859 maluitque
2811 1804 2877 1843 ex
2927 1789 3129 1843 oraculi
3187 1803 3445 1856 responso

1887 1884 2027 1953 quod
2055 1891 2357 1950 acceperat,
2389 1881 2456 1935 ad
2485 1881 2669 1936 Jovem
2693 1890 2748 1934 et
2777 1881 2953 1934 Solem
2972 1879 3264 1949 proﬁcisci,
3287 1888 3445 1946 atque

1886 1975 1956 2029 ab
1986 1974 2070 2029 bis
2116 1974 2391 2029 habitandi
2422 1972 2596 2027 locum
2647 1971 2942 2042 postulare.
2973 1970 3190 2024 Cretam
3259 1979 3440 2023 autem

1888 2081 2008 2123 esse
2042 2066 2210 2132 Jovis,
2241 2065 2383 2122 Solis
2416 2065 2678 2119 Rhodum.
2717 2066 2946 2119 Evectus
2998 2064 3161 2133 igitur
3214 2075 3245 2117 e
3291 2061 3445 2116 Pelo-

1887 2173 2145 2231 ponneso,
2173 2159 2226 2213 in
2253 2158 2468 2212 Cretam
2500 2157 2724 2225 appulit,
2755 2155 3041 2225 populique
3072 2164 3303 2224 partem,
3325 2168 3445 2222 quze

1888 2254 2126 2307 residere
2151 2251 2222 2306 ibi
2276 2251 2455 2313 vellet,
2496 2249 2732 2317 reliquit.
2764 2248 2887 2317 Ipse
2940 2246 3204 2315 plurimos
3261 2260 3443 2300 secum

1888 2346 2094 2400 habens
2127 2344 2409 2398 Dorienses
2457 2343 2510 2395 in
2568 2340 2816 2394 Rhodum
2870 2339 3250 2407 adnavigavit:
3282 2351 3441 2405 quam

1888 2436 2103 2505 quidem
2161 2434 2388 2488 insulam
2421 2431 2718 2500 antiquitus
2753 2429 2939 2485 incola:
2985 2428 3185 2484 ibidem
3225 2429 3335 2483 nati
3362 2437 3443 2482 te-

1886 2534 2138 2587 nuerant,
2166 2522 2392 2578 Iliadum
2424 2522 2554 2590 ipsis
2576 2532 2733 2591 gente
2766 2520 3074 2589 praeposita,
3103 2533 3240 2589 quos
3264 2528 3443 2572 tamen

1887 2614 2171 2669 thnices
2195 2624 2313 2682 post
2356 2621 2684 2677 everterant,
2718 2622 2774 2667 et
2803 2611 3033 2664 insulam
3090 2620 3444 2678 occuparant,

1888 2700 2233 2755 Phoenicibus
2270 2713 2483 2767 quoque
2536 2698 2823 2766 aliquando
2873 2696 3084 2766 ejectis,
3107 2695 3276 2753 Cares
3314 2711 3442 2752 suc-

1887 2799 2168 2846 cesserant
2225 2803 2375 2857 :qua
2424 2797 2741 2856 tempestate
2781 2797 2837 2843 et
2888 2787 3025 2841 alias
3070 2788 3239 2843 maris
3278 2786 3446 2856 Egazi

1889 2882 2091 2937 insulas
2149 2880 2512 2936 incoluerunt.
2606 2880 2688 2934 Ad
2732 2882 2834 2934 bos
2883 2892 3012 2947 ergo
3066 2878 3447 2949 adnavigantes

1890 2972 2200 3037 Dorienses,
2247 2974 2413 3027 armis
2431 2972 2597 3027 Cares
2637 2972 2977 3040 pepulerunt,
3022 2964 3241 3039 tresque
3286 2972 3449 3025 urbes

1890 3066 2268 3129 condiderunt,
2294 3058 2544 3130 Lindum,
2586 3064 2815 3133 lelysum
2870 3072 2925 3117 et
2954 3063 3252 3116 Camirum.
3285 3060 3453 3131 Igitur

213 3165 471 3233 δαίμονα,
510 3164 703 3217 ταύτὸν
750 3161 921 3232 ὄνομα
956 3162 1021 3231 τῇ
1048 3161 1196 3229 νήσῳ
1251 3157 1437 3211 Ῥόδον
1466 3155 1653 3209 ἔδοσαν
1687 3172 1785 3207 κα·
1819 3171 1864 3233 C

1780 3184 1785 3194 ι
1819 3171 1864 3233 c
1895 3155 2208 3220 Dorienses,
2234 3157 2391 3210 ducta
2423 3156 2491 3210 ab
2543 3155 2878 3209 Althaemene
2931 3154 3166 3223 origine,
3209 3153 3273 3208 ad
3309 3155 3448 3207 hanc

214 3256 450 3310 λεῖσθαι.

304 3524 373 3575 Ἦ
408 3529 497 3592 μη¹
530 3521 599 3574 τὰ
626 3520 755 3591 περὶ
801 3518 1011 3590 Ῥώμου
1053 3518 1145 3571 καὶ
1183 3516 1458 3586 Ῥωμύλου
1487 3516 1785 3586 διηγεῖται,

220 3611 680 3681 παραλλάσσουσα
730 3610 864 3678 πρὸς
904 3609 1028 3670 τοὺς
1058 3607 1253 3669 ἄλλους
1301 3607 1358 3658 ἐν
1396 3623 1529 3658 τισι.
1564 3607 1701 3676 Φησὶ
1732 3607 1788 3659 δὲ

220 3705 299 3767 ὡς
354 3703 601 3772 Ἀμόλιος
646 3700 1032 3762 ἐπιϐουλεύσας
1080 3700 1406 3769 Νεμέτορα⁵
1439 3699 1529 3751 τὸν
1566 3699 1789 3766 ἀδελφὺν

221 3798 459 3858 κτείνει,
512 3798 607 3847 καὶ
650 3794 748 3863 τὴν
798 3793 961 3845 αὐτοῦ
1017 3791 1292 3863 θυγατέρα
1352 3790 1544 3856 Ἰλίαν⁹
1581 3792 1669 3843 ἵνα
1715 3791 1787 3860 μὴ

219 3890 377 3940 τέκοι
400 3885 521 3955 μηδ’
556 3883 875 3952 ἁνδρωθείη,
905 3882 1005 3951 τῆς
1037 3882 1252 3944 Ἑστίας
1285 3880 1485 3949 ἱέρειαν
1519 3882 1783 3951 ἀπέφηνε.

221 3979 414 4048 Ταύτῃ
468 3975 679 4045 μιχθεὶς
726 3974 932 4042 Ἀρης,
985 3971 1354 4042 ἀπολυόμενος
1396 3972 1493 4040 τῆς
1523 3970 1648 4043 [235
1692 3971 1786 4042 IL]

218 4067 445 4138 ὁμιλίας
466 4103 482 4128 ,
510 4068 656 4126 ὅστις
689 4080 746 4116 τε
786 4060 855 4133 ἦν
898 4062 1132 4131 ἐδήλωσε
1155 4101 1173 4125 ,
1204 4063 1299 4115 καὶ
1338 4062 1420 4114 ὅτι
1459 4061 1553 4115 δύο
1595 4062 1787 4131 κόρους

218 4160 439 4225 τέξεται
481 4160 540 4222 ἐξ
569 4157 733 4209 αὐτοῦ
762 4155 857 4207 καὶ
898 4154 1004 4224 χρὴ
1034 4154 1275 4224 θαρρεῖν.
1330 4154 1489 4208 Ἀλλὰ
1524 4156 1787 4207 τεκοῦσαν

218 4252 395 4321 αὐτὴν
432 4249 529 4318 μὲν
571 4249 816 4317 ’Δμόλιος
849 4246 930 4307 είς
958 4246 1330 4314 δεσμωτήριον
1364 4244 1555 4313 ἔτρυχε
1588 4244 1784 4313 βαλὼν,

218 4346 327 4396 τινὶ
351 4345 410 4395 δὲ
442 4343 660 4409 ποιμένι
698 4339 805 4391 τῶν
832 4337 982 4405 αὐτῷ
1020 4336 1224 4387 πιστῶν
1250 4336 1321 4387 τὰ
1350 4336 1605 4403 τεχθέντα
1624 4336 1643 4365 ⁸
1673 4338 1787 4388 δια-

220 4439 445 4506 φθεῖραι
479 4435 710 4486 δίδωσιν.
764 4431 822 4483 Ὀ
844 4431 902 4483 δὲ
934 4429 1112 4481 λαϐὼν
1138 4428 1198 4479 τὸ
1232 4428 1333 4496 μὲν
1369 4430 1581 4497 μίασμα
1603 4428 1786 4496 χερσὶν

222 4532 385 4590 ἰδίαις
421 4528 623 4595 πρᾶξαι
657 4525 717 4576 οὐ
763 4522 1054 4592 προσίετο,
1096 4521 1175 4580 εἰς
1225 4519 1438 4587 σκάφην
1478 4519 1534 4570 δέ
1580 4518 1784 4587 μεθῆκε

218 4623 366 4675 κατὰ
397 4618 491 4671 τοῦ
524 4615 815 4685 Θύόρεως⁶⁷
847 4612 1129 4683 φέρεσθαι.
1158 4610 1305 4679 Αὕτη
1331 4610 1387 4661 δὲ
1416 4614 1552 4678 μετὰ
1585 4610 1784 4680 πολλὴν

220 4713 399 4782 φορὰν
435 4709 563 4778 περὶ
590 4704 931 4775 προύχουσαν
957 4702 1089 4772 ᾐόνα
1112 4700 1424 4767 κατίσχεται
1460 4700 1637 4769 ῥίζαις
1666 4701 1782 4769 ἐρι..

218 4802 443 4865 νεοῦ,ὂς
470 4801 639 4869 μέγας
652 4800 829 4849 ἐκεῖσε
852 4792 1114 4861 ἐπεφύκει
1131 4791 1174 4844 ⁸.
1198 4791 1306 4843 Καὶ
1331 4792 1562 4859 ήσκάφη
1578 4790 1783 4843 ἐκεῖθεν

216 4898 287 4948 τά
324 4893 514 4945 παιδία
549 4890 683 4958 πρὸς
718 4888 815 4955 τὴν
844 4883 974 4953 ᾐόνα
1008 4880 1259 4934 ἐκϐάλλει
1287 4881 1379 4932 ἐπὶ
1414 4881 1660 4950 μαλακῆς
1690 4883 1782 4934 καὶ

217 4982 557 5056 ψαμμώδους
586 4979 711 5047 γῆς.
748 4976 925 5036 Λύκος
947 4974 1002 5026 δέ
1028 4974 1271 5035 νεοτόκος
1299 4974 1645 5041 ἐπιτυγχάνει
1670 4975 1781 5036 τοῖς

1893 3259 2067 3314 usque
2105 3255 2320 3299 aetatem
2368 3244 2778 3299 descenderunt.
2807 3243 2932 3297 Tria
2973 3259 3101 3298 vero
3141 3244 3229 3298 illa
3258 3244 3451 3312 oppida

1892 3338 1945 3390 in
1974 3350 2133 3389 unam
2164 3350 2433 3405 magnam,
2474 3336 2770 3404 opibusque
2801 3342 3073 3403 potentem
3116 3336 3301 3389 urbem
3334 3350 3455 3389 coa-

1890 3429 2123 3493 luerunt,
2156 3428 2241 3481 cui
2269 3436 2326 3483 et
2366 3428 2554 3481 insula:
2581 3426 2755 3481 Rhodi
2798 3441 2991 3480 nomen
3019 3426 3345 3481 indiderunt.

1959 3519 2379 3588 Quadragesima
2410 3530 2598 3574 octava
2662 3520 2730 3573 de
2774 3518 2944 3573 Romo
2973 3519 3084 3589 (70)
3129 3527 3183 3574 et
3225 3516 3453 3572 Romulo

1891 3620 2092 3674 narrat,
2129 3611 2369 3664 nonnihil
2420 3625 2449 3663 a
2503 3611 2729 3679 reliquis
2758 3611 2992 3663 diversa.
3044 3609 3310 3676 Amulius,
3372 3609 3454 3662 in-

1890 3704 2027 3769 quit,
2094 3698 2362 3756 Numitori
2394 3700 2550 3756 fratri
2610 3716 2797 3756 necem
2847 3716 2913 3755 ex
2977 3701 3188 3756 insidiis
3246 3700 3447 3764 intulit,

1893 3795 2163 3863 liliumque
2206 3795 2324 3861 ejus
2354 3794 2527 3858 Iliam,
2568 3809 2633 3847 ne
2682 3802 2919 3862 pareret,
2970 3808 3105 3847 neve
3160 3808 3280 3847 cum
3331 3792 3449 3847 viro

1889 3894 2290 3945 consuesceret,
2334 3883 2509 3937 Vestae
2568 3885 2899 3937 sacerdotem
2944 3881 3087 3937 fecit.
3122 3879 3247 3936 Haec
3273 3890 3453 3935 tamen

1889 3992 1917 4029 a
1949 3975 2117 4029 Marte
2168 3990 2474 4043 compressa
2518 3985 2623 4037 est,
2681 3976 2771 4042 qui
2822 3983 2945 4041 post
2989 3988 3351 4039 congressum,
3396 3981 3455 4026 et

1889 4070 2009 4135 quis
2052 4076 2197 4121 esset
2244 4066 2557 4130 declaravit,
2585 4075 2640 4119 et
2694 4066 2939 4133 geminos
2982 4065 3275 4133 parituram
3312 4077 3451 4132 pre-

1890 4161 2045 4226 dixit,
2096 4160 2239 4213 bono
2269 4174 2387 4213 eam
2424 4158 2608 4212 animo
2653 4172 2774 4212 esse
2804 4156 3017 4225 jubens.
3048 4153 3245 4208 Verum
3292 4164 3449 4222 partu

1888 4251 2168 4305 liberatam
2197 4251 2441 4304 Amulius
2462 4260 2689 4316 patruus
2740 4249 2790 4301 in
2816 4247 3029 4301 vincula
3052 4247 3273 4300 missam
3303 4259 3450 4297 com-

1888 4344 2066 4412 pegit:
2104 4343 2272 4396 fetum
2320 4352 2497 4396 autem
2531 4341 2635 4395 ﬁdo
2666 4340 2878 4394 cuidam
2908 4338 3111 4408 pastori
3148 4336 3448 4391 necandum

1889 4435 2127 4489 tradidit.
2164 4435 2331 4500 Quem
2372 4433 2679 4501 ntacccpit,
2715 4442 2930 4499 patrare
2956 4430 3169 4484 illesuis
3202 4428 3447 4481 manibus

1889 4527 2066 4581 scelus
2087 4526 2278 4586 noluit,
2313 4526 2407 4578 sed
2456 4525 2608 4577 alveo
2641 4537 2738 4592 per
2793 4521 3031 4575 Tiberim
3087 4518 3447 4587 deportandos

1891 4618 2161 4686 imposuit.
2206 4614 2400 4687 ιιιῡ
2432 4614 2629 4668 Alveus
2655 4621 2832 4667 autem
2884 4620 3007 4679 post
3031 4609 3251 4664 multam
3280 4608 3448 4675 jacta-

1888 4709 2089 4763 tionem
2123 4710 2333 4761 tandem
2364 4706 2508 4760 circa
2554 4705 2948 4772 prominentem
2985 4701 3153 4768 ripam
3204 4696 3445 4767 caprifici

1889 4800 2192 4869 cujusdam,
2248 4813 2367 4867 quae
2419 4798 2610 4865 ingens
2670 4796 2742 4850 ibi
2792 4801 3127 4856 excreverat,
3177 4790 3448 4845 radicibus

1888 4890 2123 4952 inhaesit,
2152 4898 2311 4957 atque
2349 4886 2474 4940 inde
2502 4900 2712 4954 pueros
2740 4885 2795 4939 in
2840 4885 3036 4952 ripam,
3067 4880 3211 4936 molli
3236 4890 3289 4934 et
3322 4894 3445 4933 are-

1888 4992 2021 5032 noso
2050 4976 2187 5041 solo,
2222 4976 2399 5043 ejecit.
2430 4974 2505 5030 lbi
2555 4974 2702 5042 lupa,
2752 4989 2871 5043 qua:
2913 4987 3101 5027 recens
3141 4978 3442 5040 pepererat,

1504 5115 1736 5170 VARIE
1777 5116 2187 5173 LECTIONES.

289 5243 336 5274 ³⁸
382 5237 629 5306 ’Τημένου
664 5232 926 5306 Kannius.
1021 5229 1082 5306 ”_
1133 5226 1413 5306 {Vnum}.
1459 5230 1787 5306 feni-cepe:
1813 5228 1977 5306 o§v_A
2012 5250 2023 5283 :
2066 5230 2436 5306 διαλέκάτεροι
2469 5246 2530 5306 ςΪ

219 5298 491 5366 Κτιηιιίυιίἰ
521 5327 532 5360 :
568 5305 685 5357 libri
730 5302 984 5355 Ἰλιάδων.
1063 5299 1287 5369 ³αῐγεον
1316 5298 1381 5347 A.
1457 5299 1478 5329 ⁵
1512 5298 1733 5368 ίήλνσαν
1779 5302 1872 5352 καὶ
1908 5301 2106 5369 άμιρον
2153 5302 2218 5353 Α,
2294 5302 2315 5332 ι

218 5401 325 5451 ing.
363 5383 426 5432 A.
501 5378 520 5407 "
556 5374 836 5443 θύμῦρεως
860 5388 922 5433 ς.
992 5366 1267 5433 ⁸πεφύκει
1307 5380 1368 5428 ς.

2613 5230 2634 5260 ²
2678 5222 2940 5279 Ἡλιαδῶν
3000 5217 3251 5272 Jackson.
3306 5218 3445 5283 apud

2397 5287 2665 5368 ουμέτορα
2735 5313 2795 5358 ς.
2874 5292 2894 5322 ⁶
2930 5288 3000 5341 τὰ
3035 5288 3289 5357 τεχθέντα
3319 5287 3442 5340 add.

1716 5452 1938 5507 ΝΟΤΑΕ.

278 5588 393 5653 (66)
428 5581 669 5636 Meminit
724 5579 911 5653 Steph.
953 5579 1177 5653 Byzant.
1222 5588 1350 5627 voce
1396 5569 1682 5639 κρητηνία,
1720 5581 1777 5623 et

220 5647 439 5712 Strabo,
463 5654 553 5704 lib.
589 5665 696 5709 Juv,
729 5651 780 5700 in
819 5647 1023 5700 Rhodo.

293 5726 406 5785 (ίὶἹ)
432 5726 501 5774 Ilo.
523 5736 629 5787 quo
653 5719 814 5771 multa
842 5718 1069 5769 Pausan.

294 5780 403 5845 ίϋδί
443 5780 801 5852 ViileASiinn.
836 5788 926 5838 lib.
962 5802 1053 5839 VIII
1078 5825 1091 5843 .
1118 5801 1235 5855 cap.
1262 5786 1314 5848 5,
1361 5783 1483 5837 Var.
1535 5780 1673 5833 Hist.

553 5884 816 5945 Pun-UL.
856 5882 969 5939 Gn.
1019 5880 1175 5941 CIII.

1961 5571 2070 5637 (69)
2110 5570 2243 5625 Vide
2271 5588 2419 5639 supr.
2457 5582 2659 5626 narrat.
2687 5571 2775 5626 36.

1962 5633 2074 5710 (70)
2104 5641 2197 5694 Sic
2226 5633 2439 5710 quoque
2461 5644 2738 5708 Anpiauus
2769 5656 2915 5707 supr.
2946 5638 3066 5692 cod.
3097 5635 3163 5687 57
3188 5633 3328 5685 hunc
3358 5643 3446 5681 no-

1894 5712 2081 5775 minat,
2109 5727 2266 5781 quem
2293 5710 2469 5766 Latini
2496 5711 2746 5765 Remum.

3026 5859 3098 5919 19
