4224 6446
824 438 924 501 587

1979 428 2243 489 ΡΗΟΤΙΙ
2284 426 2787 487 ΡΑΤΒΙΑΒΕΗΕ
2827 428 2935 486 CP.

3960 428 4071 496 588

826 552 878 603 in
910 546 1163 618 puerulos
1194 544 1334 598 forte
1366 542 1573 608 incidit,
1608 551 1663 597 et
1714 542 2134 610 circnmgressa,
2166 542 2387 610 vagien-
2413 544 2465 599 Λ
2491 564 2494 576 ε

2413 544 2465 599 Α
2491 541 2743 602 παιδίοις,
2775 558 2869 592 και
2906 538 3193 608 ἀμφιθᾶσα
3226 538 3785 610 κλαυθμυριζομένοις
3819 544 3913 595 καὶ
3954 550 4066 609 χεῖ.

827 643 986 703 tibus,
1020 650 1318 705 manusque
1344 635 1684 689 tendentibus
1723 650 1987 688 mammas
2023 636 2271 702 praebuit.
2306 634 2385 688 Ita

826 729 899 781 illi
954 727 1240 781 alebantur
1270 723 1387 777 solo
1442 738 1543 777 suo
1588 737 1720 777 casu
1772 723 2140 791 indignantem
2205 723 2385 789 lupam

824 828 1249 886 compescentes.
1277 815 1388 869 Hoc
1418 814 1505 867 ubi
1541 814 1670 867 vidit
1721 813 2008 867 Faustulus
2063 823 2265 880 pastor,
2303 814 2387 866 di-

824 910 1005 961 vinum
1052 907 1178 977 quid
1206 906 1373 960 latere
1419 916 1591 967 ratus,
1634 918 1831 973 pueros
1862 903 2018 967 tollit,
2050 914 2105 958 et
2148 918 2247 973 pro
2276 902 2389 957 suis

826 1003 1038 1054 educat.
1074 998 1260 1065 Longo
1293 1006 1410 1063 post
1434 1006 1675 1064 tempore
1697 995 1750 1048 in
1781 1010 1905 1049 eum
1932 994 2072 1049 forte
2100 995 2389 1049 Faustulus

828 1076 1095 1153 pastorem
1154 1088 1361 1151 incidit,
1417 1088 1507 1155 qui
1542 1096 1889 1156 exposuerat,
1944 1100 2109 1154 reque
2148 1087 2291 1139 omni
2326 1087 2390 1139 de

827 1180 1009 1248 pueris
1030 1179 1267 1244 cognita,
1308 1186 1490 1231 narrat
1511 1177 1621 1246 jam
1668 1176 1894 1240 adultis,
1928 1179 2079 1245 regio
2112 1177 2235 1230 illos
2267 1191 2390 1231 esse

826 1281 1111 1325 stemmate
1160 1277 1337 1334 natos,
1375 1269 1667 1337 Martisque
1715 1269 1974 1333 sobolem,
2012 1282 2237 1336 quaeque
2268 1282 2390 1320 cum

829 1363 1008 1425 matri,
1039 1371 1149 1415 tum
1177 1377 1276 1415 avo
1306 1372 1551 1413 materno
1600 1359 1930 1413 acciderant.
1985 1358 2155 1411 Erant
2205 1369 2385 1412 autem

827 1453 1042 1521 egregia
1076 1452 1269 1515 forma,
1299 1461 1353 1505 et
1398 1451 1639 1519 corporis
1682 1452 1875 1503 robore
1908 1450 2116 1512 invicti,
2170 1450 2395 1517 insigni—

830 1557 989 1612 taque
1025 1544 1270 1595 audacia.
1311 1542 1591 1610 Extemplo
1634 1541 1799 1609 igitur
1830 1543 2100 1609 pugiones
2150 1552 2395 1605 arreptos

829 1636 1070 1689 vestibus
1118 1644 1324 1701 tegunt,
1386 1632 1687 1700 Albamque
1728 1633 2009 1683 accedunt.
2088 1629 2186 1683 llic
2250 1631 2394 1696 qttod

830 1726 1257 1791 inexspectatum
1308 1732 1455 1775 esset
1506 1738 1693 1775 eorum
1749 1722 2067 1788 incoeptum,
2120 1722 2392 1772 Amulium

829 1816 946 1869 sine
972 1814 1214 1882 corporis
1251 1814 1564 1867 custodibus
1592 1814 1907 1882 ,reperiunt,
1944 1827 2239 1880 pinnasque
2286 1812 2394 1865 exi-

828 1918 1014 1979 gentes
1046 1908 1190 1962 ferro
1220 1908 1553 1969 confodiunt,
1585 1920 1638 1961 et
1670 1916 1895 1960 matrem
1922 1924 1951 1961 e
1992 1907 2234 1960 custodia
2264 1908 2395 1960 edu-

831 2012 978 2057 cunt.
998 2000 1152 2056 Plebs
1178 2015 1387 2069 quoque
1408 2000 1625 2054 dextras
1643 2000 1837 2069 jungit,
1867 2009 2197 2069 regnantque
2225 2000 2395 2065 Albae,

830 2106 885 2148 et
913 2094 1160 2148 ﬁnitimis
1183 2094 1234 2146 in
1271 2094 1428 2147 locis.
1467 2092 1669 2159 lugenti
1693 2093 1884 2145 deinde
1916 2092 2195 2145 hondnum
2224 2090 2399 2143 multi-

835 2187 1018 2241 tudine
1042 2188 1106 2238 ad
1150 2201 1243 2240 eos
1275 2186 1600 2247 conﬂuente,
1659 2186 1844 2239 relicta
1898 2185 2055 2249 Alba,
2085 2184 2271 2237 urbem
2304 2200 2399 2236 no.

836 2294 953 2332 vam
989 2278 1276 2338 aediﬁcant,
1312 2275 1650 2344 Romanique
1677 2276 1969 2344 appellant,
2008 2290 2126 2343 qua:
2153 2289 2313 2337 nunc,
2344 2282 2400 2326 ut

834 2370 912 2423 sic
946 2369 1145 2434 dicam,
1188 2367 1500 2422 mortalium
1548 2378 1693 2421 tenet
1744 2368 2050 2433 imperimu.
2103 2367 2155 2419 |n
2209 2382 2396 2420 eorum

837 2479 1025 2529 porro,
1067 2478 1184 2531 quae
1221 2472 1346 2515 tunc
1382 2463 1719 2523 acciderunt,
1767 2461 1926 2515 ﬁdem
1990 2462 2295 2515 ostenditur
2349 2463 2400 2515 in

837 2556 1085 2610 Romano
1113 2555 1231 2610 foro
1278 2570 1431 2609 sacra
1486 2555 1796 2623 capriﬁcus.
1852 2554 2017 2608 zeneis
2062 2555 2224 2607 curiae
2276 2570 2402 2607 can-

837 2648 988 2703 cellis
1016 2648 1374 2702 circumdata.
1419 2646 1714 2715 Tugurium
1752 2647 1875 2699 item
1921 2646 1973 2698 in
2031 2644 2181 2697 Jovis
2206 2646 2402 2711 templo

840 2738 1238 2806 (argumentum
1273 2735 1419 2788 illius
1451 2736 1660 2789 vivendi
1697 2736 1905 2800 furnue,
1927 2750 2089 2802 quam
2118 2734 2404 2790 Faustulus

841 2828 1028 2894 tenuit)
1055 2843 1083 2879 e
1122 2826 1428 2894 quisquiliis
1469 2834 1525 2879 et
1578 2826 1939 2879 tenerioribus
1978 2826 2224 2893 virgultis
2259 2837 2406 2879 stru-

838 2928 1008 2981 ctum,
1048 2928 1392 2971 conservant.

911 3008 1335 3077 Quadragesima
1370 3022 1505 3060 nona
1543 3027 1554 3059 :
1585 3007 1636 3061 In
1674 3008 1897 3075 Anaphe
1924 3008 2037 3075 (Ἠ)
2061 3007 2255 3071 insula,
2288 3023 2407 3076 qua:

841 3116 1001 3168 supra
1034 3098 1266 3151 Tlieram
1292 3100 1433 3165 jacet
1476 3115 1578 3151 non
1606 3100 1787 3167 procul
1818 3097 2222 3161 Lacedaemone,
2271 3110 2408 3151 tem-

2494 653 2594 703 ρας
2638 635 2890 703 ὀρέγουσι
2932 636 3161 703 παρεῖχε
3211 635 3312 695 τὰς
3347 634 3549 701 θηλάς·
3598 633 3663 686 τά
3707 632 3755 685 δ’
3806 637 4072 703 ἐτρέφετο

2490 728 2869 797 βαρυνομένην
2900 726 3252 779 ἀναπαύοντα
3282 728 3345 778 ὲκ
3370 728 3472 794 τῆς
3510 727 3803 794 συντυχίας
3834 730 3937 794 τὴν
3971 724 4069 777 λύ-

2489 837 2604 871 κον.
2641 818 2937 879 Φαιστύλος
2979 818 3036 869 δέ
3083 833 3164 878 τις
3206 816 3539 885 ποιμαίνων⁹
3593 816 3751 868 τοῦτο
3800 816 3923 868 ἰδὼν
3972 820 4072 869 καὶ

2490 910 2631 961 θεῖον
2660 909 2889 977 νομίσας
2910 948 2925 972 ,
2958 904 3401 975 ἀναλαμδάνεται
3428 906 3519 957 καὶ
3543 906 3619 967 ὡς
3647 904 3840 957 ἑαυτοῦ
3876 907 4069 975 τρέφει

2488 1002 2558 1055 τὰ
2593 1001 2800 1054 παιδία.
2832 999 3024 1070 Χρόνῳ
3052 998 3096 1050 δ’
3133 996 3361 1067 ὕστερον
3387 998 3775 1066 περιτυγχάνει
3802 997 3882 1065 τῷ
3909 998 4069 1048 ﬁxo:—

2496 1096 2641 1164 μένῳ
2681 1093 2900 1161 ποιμένι
2923 1133 2937 1155 ,
2977 1092 3071 1144 καὶ
3122 1091 3339 1144 ἅπαντα
3377 1092 3507 1160 παρ’
3562 1090 3727 1142 αὑτοῦ
3778 1089 3971 1157 μαθὼν
4002 1091 4073 1141 τὰ

2492 1188 2616 1255 περὶ
2650 1185 2758 1238 τῶν
2789 1184 3017 1246 παίδων,
3053 1181 3388 1251 ἀπαγγέλλει
3423 1182 3633 1243 τούτοις
3663 1180 3934 1249 ἠϐήσασιν
3966 1182 4067 1251 ἤδη

2490 1278 2564 1339 ὡς
2611 1276 2804 1343 εἴησαν
2840 1274 3110 1344 βασιλείου
3154 1290 3214 1326 τι
3264 1273 3455 1341 γένους
3494 1276 3588 1325 κα)⁸
3622 1275 3834 1341 Ἀρεως
3879 1276 4068 1339 γοναὶ,

2494 1369 2585 1418 καὶ
2638 1369 2736 1417 ὅσα
2767 1368 2799 1434 ἠ
2840 1368 3022 1436 μήτηρ
3070 1367 3167 1419 καὶ
3205 1368 3234 1419 δ
3269 1366 3641 1435 μητροπάτωρ
3688 1365 3875 1417 πάθοι.
3910 1366 3975 1415 Οί
4016 1366 4072 1415 δὲ

2496 1462 2699 1529 (ἧστην
2736 1460 2844 1529 γὰρ
2886 1460 2929 1490 ⁸⁸
2962 1460 3114 1512 καλοί
3147 1476 3207 1511 τε
3239 1459 3357 1527 ὄψει
3394 1460 3488 1511 καὶ
3525 1457 3715 1527 ῥώμην
3740 1460 3948 1526 ἄμαχοι
3980 1457 4072 1508 καὶ

2493 1553 2667 1624 τόλμῃ
2695 1552 2966 1620 γενναῖοι)
3016 1552 3213 1604 αὐτίκα
3260 1551 3564 1619 ἐγχειρίδια
3592 1550 3991 1617 ἀναλαϐόμενοι
4032 1550 4069 1576 ⁸⁸

2497 1644 2592 1694 καὶ
2628 1643 2937 1711 κρύψαντες
2965 1643 3057 1694 ἐπὶ
3092 1642 3190 1711 τὴν
3228 1640 3433 1692 Ἀλδαν
3461 1639 3721 1708 ἐχώρουν,
3764 1641 3857 1692 καὶ
3888 1642 4074 1691 ἐπιτυο

2497 1738 2683 1804 χόντες
2726 1734 2962 1804 ’Λμολίῳ
2988 1736 3029 1764 ¹¹
3059 1734 3147 1785 διὰ
3173 1733 3233 1784 τὸ
3263 1732 3671 1801 ἀπροσδόκητον
3706 1732 3805 1797 τῆς
3853 1732 4073 1781 ἐπιϐου-

2498 1824 2596 1893 λῆς
2626 1825 2924 1894 ἀφυλάκτῳ
2954 1825 3217 1890 ἐπάγουσι
3264 1821 3364 1888 τὴν
3394 1821 3683 1889 τιμωρίαν,
3734 1820 3949 1886 ξίφεσιν
3978 1824 4074 1872 αν-

2500 1916 2708 1977 ελόντες
2732 1956 2747 1979 ,
2779 1917 2874 1968 καὶ
2910 1916 3009 1984 την
3054 1912 3264 1982 μητέρα
3294 1910 3481 1963 λύουσι
3508 1910 3619 1963 τῶν
3644 1909 3885 1977 δεσμῶν,
3920 1913 3982 1963 τό
4014 1928 4069 1961 τε

2500 2006 2713 2076 πλῆθος
2747 2006 3049 2071 δεξιοῦνται
3076 2008 3149 2068 ⁸³,
3188 2006 3282 2057 καὶ
3317 2004 3693 2073 βασιλεύουσιν
3729 2003 3939 2064 ’Δλΰας
3984 2006 4076 2053 καὶ

2498 2100 2609 2151 τῶν
2641 2100 2769 2169 περὶ
2796 2098 2985 2168 αὑτήν.
3011 2097 3214 2149 Πολλοῦ
3240 2097 3295 2149 δὲ
3317 2097 3499 2159 αὐτοῖς
3524 2096 4005 2165 προσεῤῥυηκότος
4037 2098 4076 2125 ’δ

2500 2188 2741 2256 πλήθους
2776 2188 3140 2257 μεταστάντες
3173 2186 3378 2249 Ἀλόας
3410 2188 3653 2251 κτίζουσι
3699 2187 3885 2250 πόλιν,
3945 2185 4077 2238 Ῥώ-

2506 2296 2612 2347 μην
2654 2281 3093 2348 ἐπονομάσαντες
3117 2321 3130 2341 ,
3167 2280 3200 2347 ὴ
3235 2278 3332 2331 νῦν
3368 2278 3441 2342 ὡς
3479 2280 3653 2331 εἰπεῖν
3681 2279 3742 2330 τὸ
3772 2276 4077 2346 ἀνθρώπων

2503 2372 2618 2441 εχει
2640 2372 2861 2441 κράτος.
2894 2372 3180 2423 Δείκνυται
3203 2371 3261 2424 δὲ
3290 2371 3565 2441 μαρτυρία
3589 2372 3631 2401 ¹⁵
3654 2369 3761 2422 τῶν
3781 2371 3902 2422 τότε
3929 2388 4078 2437 παρα

2514 2465 2804 2531 Ῥωμαίοις
2832 2464 2923 2517 ἐπὶ
2954 2464 3053 2531 τῆς
3084 2464 3291 2533 ἀγορᾶς
3317 2464 3525 2533 ἐρινεὸς
3556 2464 3697 2533 ίερά,
3724 2463 3819 2515 τοῦ
3857 2463 4080 2529 βουλευ-

2502 2556 2694 2624 τηρίου
2721 2557 2961 2623 κιγκλίσι
2992 2558 3219 2626 χαλκαῖς
3248 2556 3674 2624 περιειργομένη
3697 2596 3711 2615 ,
3744 2555 3838 2606 καὶ
3867 2556 4079 2623 ηλύὸη

2503 2665 2586 2711 τις
2636 2650 2693 2700 ὲν
2733 2648 2810 2716 τῷ
2849 2648 2940 2701 τοῦ
2980 2648 3101 2712 Διὸς
3138 2649 3268 2719 ἱερῷ
3306 2647 3596 2719 γνώρισμα
3645 2648 3741 2715 τῆς
3779 2650 4079 2699 Φαιστύλου

2505 2740 2717 2806 διαίτης
2743 2740 2805 2802 “⁶,
2842 2742 2907 2809 ἠν
2947 2741 3010 2791 ἐκ
3041 2739 3292 2807 φορυτῶν
3323 2741 3419 2791 καὶ
3452 2739 3589 2791 νέων
3630 2737 3923 2809 φρυγάνων
3955 2756 4080 2791 συν-

2509 2833 2762 2898 ιστὼντες
2792 2832 3171 2895 διασώζουσιν.

2591 3010 2656 3060 'H
2700 3010 2808 3077 μο’,
2838 3010 2912 3071 ὡς
2958 3012 3016 3062 ἐν
3087 3010 3294 3081 Ἀνάφῃ
3331 3012 3397 3079 τῇ
3449 3010 3598 3079 νήσῳ
3628 3010 3801 3079 (αὕτη
3841 3011 3885 3062 δ’
3933 3011 4082 3062 ἐστὶν

2514 3102 2653 3168 ὑπὲρ
2702 3106 2864 3168 νήσου
2908 3101 3121 3169 Θήρας,
3160 3102 3256 3169 οὐχ
3289 3102 3420 3163 ἑκὰς
3456 3103 3555 3168 τῆς
3598 3103 4079 3170 Δακεδαιμονίων)

845 3193 987 3258 plum
1034 3199 1153 3244 erat
1198 3191 1435 3259 Apollini
1493 3190 1717 3257 [Egletae
1768 3207 1982 3245 sacrum
2048 3190 2184 3259 (72),
2219 3192 2407 3260 inquo
2436 3211 2481 3271 ο

2436 3211 2481 3271 c
2516 3192 2656 3260 ἱερὸν
2727 3193 3059 3254 Ἀπόλλωνος
3121 3194 3380 3261 αἰγλήτου
3454 3194 3692 3261 ἵδρυται,
3748 3198 3807 3245 ὲν
3864 3187 3910 3259 ᾧ
3990 3199 4082 3245 σὺν

844 3284 1226 3335 sacriﬁcabant
1291 3283 1519 3335 insulani
1569 3299 1691 3335 cum
1754 3283 2026 3342 irrisione,
2064 3283 2154 3335 tali
2187 3284 2303 3336 fere
2339 3284 2406 3336 de

845 3392 1003 3429 causa
1038 3374 1359 3437 :Jasonem,
1408 3391 1437 3427 e
1470 3374 1725 3427 Colchide
1758 3382 1907 3441 rapta
1965 3371 2148 3426 Medea
2189 3374 2405 3426 domum

848 3470 1183 3525 redeuntem.
1223 3467 1393 3517 valida
1425 3465 1693 3533 Oppressit
1724 3472 2038 3531 tempestas,
2075 3477 2243 3530 reque
2262 3464 2409 3515 omni

844 3564 1147 3627 desperata,
1178 3557 1360 3625 Argivi
1409 3557 1459 3608 in
1515 3558 1636 3607 navi
1667 3557 1729 3607 ad
1782 3569 1969 3622 preces
2024 3565 2251 3621 votaque
2276 3570 2410 3607 con-

848 3652 1081 3721 l'ugiunt.
1112 3649 1302 3716 Apollo
1334 3648 1501 3713 igitur
1541 3662 1725 3699 arcum
1759 3647 1888 3713 ipsis
1924 3647 2244 3711 obtendens,
2271 3651 2410 3701 mala

846 3744 1022 3795 omnia
1053 3740 1267 3797 avertit,
1290 3750 1342 3791 ct
1364 3738 1575 3804 fulgure
1600 3755 1628 3789 e
1656 3737 1795 3790 caelo
1814 3748 2151 3804 erumpente,
2182 3739 2408 3791 insulam

846 3835 1024 3887 subito
1046 3842 1193 3885 terra
1234 3846 1299 3885 ex
1333 3828 1445 3880 imo
1484 3830 1648 3880 maris
1689 3829 1901 3895 gurgite
1924 3828 2126 3891 emisit,
2172 3829 2409 3895 inquam

847 3925 1181 3985 desilientes,
1205 3922 1347 3990 quod
1386 3920 1617 3987 primum
1659 3934 1775 3971 eam
1808 3920 1888 3973 sol
1928 3930 2053 3973 tunc
2087 3920 2410 3987 aspexisset,

848 4016 1105 4084 Anaphen
1134 4015 1202 4066 ab
1223 4022 1419 4066 eventu
1448 4012 1816 4075 nominarunt,
1841 4022 1897 4064 et
1927 4020 2177 4077 tauquam
2205 4027 2411 4065 sacram

846 4105 1012 4157 aedem
1031 4101 1263 4171 Apollini
1307 4097 1533 4166 AEgIeL'e
1560 4108 1888 4161 statuerunt,
1934 4097 2236 4165 festumque
2269 4100 2410 4151 diem

851 4196 1021 4248 hilare
1053 4201 1282 4261 egerunt
1313 4206 1434 4244 cum
1463 4189 1657 4256 epulis,
1688 4205 1752 4242 eo
1779 4190 1921 4258 quod
1952 4189 2268 4242 incredibile
2292 4188 2415 4243 eil'n-

847 4288 1059 4352 gissent
1099 4283 1319 4336 malum.
1373 4279 1555 4333 Medea
1611 4281 1834 4333 interim
1886 4294 2009 4331 cum
2037 4280 2151 4333 suis
2178 4281 2411 4342 ancillis,

849 4392 987 4443 quas
1048 4376 1111 4426 ad
1178 4382 1489 4427 contractas
1540 4370 1734 4441 142a
1786 4386 1909 4425 cum
1954 4368 2152 4423 Jasone
2201 4374 2414 4435 nuptias

851 4468 991 4518 dono
1027 4462 1136 4533 (75)
1163 4471 1469 4531 acceperat,
1504 4471 1625 4529 post
1650 4461 1754 4513 vini
1790 4470 1973 4527 potum
2009 4458 2216 4524 ludens,
2240 4473 2414 4511 SCOIII-

2509 3284 2781 3351 τωθασμῷ
2836 3284 2883 3334 οἱ
2928 3283 3211 3352 ἐπιχώριοι
3259 3285 3447 3336 Θύουσι
3476 3286 3544 3336 δι’
3579 3286 3756 3336 αἰτίαν
3790 3286 4079 3352 τοιαύτη-ι’

2512 3375 2639 3425 "Urs
2688 3375 2877 3426 Ἰάσων
2924 3374 2988 3425 ὲκ
3035 3374 3256 3441 Κόλχων
3314 3375 3557 3443 Μήδειαν
3598 3376 3853 3441 ἀρπάσας
3908 3374 4081 3426 οἴκαδ’

2512 3464 2683 3526 ἔπλει,
2712 3463 2915 3531 χειμὼν
2946 3465 3139 3525 αὐτοὺς
3161 3465 3369 3531 ἀφατος
3399 3466 3650 3533 περιέσχε
3682 3466 3774 3516 καὶ.
3803 3466 4083 3533 ἀμηχανία

2513 3556 2697 3606 πᾶσα·
2736 3555 3044 3623 εὐχομένων
3078 3554 3137 3606 δὲ
3194 3555 3288 3606 καὶ
3341 3555 3510 3607 πολλὰ
3543 3556 3653 3606 τῶν
3693 3558 3753 3607 έν
3777 3559 3843 3623 τῇ
3902 3557 4083 3623 Ἀργοί

2510 3646 2802 3711 δεομένων,
2849 3647 3143 3707 Ἀπόλλων,
3176 3647 3328 3710 τόξον
3352 3648 3529 3697 αὐτῶν
3576 3648 3991 3715 ύπερανασχὼν,
4022 3650 4084 3697 τὰ

2510 3738 2661 3789 δεινὰ
2705 3737 2946 3789 διέλυσεν
3002 3736 3241 3798 ἅπαντα,
3307 3736 3431 3807 [457
3479 3737 3568 3807 IL]
3626 3739 3720 3790 καὶ
3761 3737 3984 3800 σέλατος
4031 3739 4084 3801 ἐξ

2514 3828 2741 3897 ούρανοῦ
2796 3828 3123 3889 διαῖσσοντος
3183 3829 3347 3896 νῆσον
3395 3831 3617 3897 ἀνέσχεν
3670 3831 3701 3897 ή
3764 3830 3835 3895 γῆ
3884 3832 3950 3882 ἐκ
3997 3829 4081 3880 toi

2517 3920 2698 3989 βυθοῦ,
2730 3921 2810 3982 είς
2842 3921 2909 3988 ἢν
2936 3920 3317 3989 ὁρμισάμενοι,
3353 3921 3427 3983 ὡς
3462 3923 3677 3989 πρῶτον
3704 3921 3971 3987 ὀφθεῖσαν
4000 3922 4085 3987 ὑφ’

2516 4014 2665 4081 ἡλίου
2714 4013 2855 4073 τότε,
2914 4012 3150 4081 Ἀνάφην
3188 4013 3295 4064 άπὸ
3342 4013 3439 4080 τῆς
3474 4014 3761 4081 συντυχίας
3800 4014 4083 4075 ἐκάλεσαν,

2517 4102 2612 4154 καὶ
2656 4102 2798 4168 ἱερὸν
2830 4103 2871 4133 ¹⁷
2919 4102 3252 4162 ’Λπόλλωνος
3306 4103 3569 4171 Αἰγλήτου
3631 4104 3956 4172 ἱδρύσαντο,
4000 4108 4088 4155 καὶ

2517 4192 2868 4260 εὐφραίνοντο
2899 4193 2997 4259 τῆς
3037 4191 3363 4243 ἀνελπίστου
3394 4191 3501 4243 τῶν
3544 4193 3731 4244 κακῶν
3767 4194 4114 4260 ἀπαλλαγῆς-

2518 4286 2610 4336 καὶ
2638 4286 2679 4315 ¹⁸
2710 4286 2827 4345 ταῖς
2854 4284 3040 4344 ἄλλαις
3062 4282 3333 4351 εὐωχίαις.
3356 4284 3567 4352 Μήδεια
3596 4284 3650 4335 δὲ
3680 4286 3775 4336 σὺν
3798 4288 3923 4346 ταῖς
3954 4287 4085 4352 ἀμφ’

2518 4375 2686 4444 αὐτὴν
2713 4376 2977 4442 γυναιξὶν,
3021 4374 3077 4426 αἶ
3101 4375 3274 4443 δῶρον
3302 4370 3443 4443 ἦσαν
3470 4376 3663 4443 γάμων
3685 4375 3795 4426 τῶν
3838 4376 4086 4437 Ἰάσονος,

2520 4465 2810 4529 παίζουσαι
2842 4466 2980 4533 μετά
3017 4463 3187 4533 μέθην
3234 4464 3513 4516 ἔσκωπτον
3540 4466 3665 4527 τοὺς
3706 4466 3895 4533 ἥρωας
3940 4468 3998 4517 ὲν
4027 4468 4087 4531 τῇ

857 4558 1013 4611 matis
1060 4556 1257 4609 heroas
1292 4554 1571 4622 pervigilio
1601 4552 1927 4620 excipiebat.
1978 4550 2055 4602 Illi
2106 4566 2234 4603 vero
2282 4566 2413 4602 cnn-
2448 4548 2525 4606 Di

2448 4548 2839 4624 υπαννυχίδιο
2890 4558 2937 4607 oi
2986 4556 3043 4607 δὲ
3091 4554 3464 4617 ἀντετώθαζον
3514 4557 3612 4616 τὰς
3645 4560 3936 4621 γυναῖκας.
3999 4557 4088 4609 Ἐκ

854 4650 990 4701 vicia
1020 4647 1261 4699 vicissim
1318 4644 1637 4697 mulieribus
1693 4642 2033 4711 regerebant.
2088 4640 2238 4694 Unde
2293 4650 2415 4691 nata

853 4738 1206 4799 consuetudo,
1266 4746 1325 4789 ut
1390 4736 1625 4789 insulani
1673 4735 1760 4788 isti
1806 4734 2072 4803 (habitata
2117 4732 2259 4783 enim
2302 4737 2421 4797 post

855 4830 1074 4899 Anaphe
1104 4829 1209 4895 est)
1250 4827 1626 4881 anniversario
1659 4825 1766 4878 ritu
1808 4823 2042 4892 Apollini
2089 4821 2425 4887 Egleucin-

858 4923 1025 4974 vicem
1051 4918 1445 4981 conviciantes,
1482 4918 1676 4971 festum
1703 4920 1844 4971 diem
1872 4916 1935 4968 ad
1978 4916 2189 4969 illorum
2240 4914 2421 4967 imita-

858 5016 1053 5066 tionem
1076 5009 1431 5065 celebrarent.

2524 4648 2715 4698 τούτου
2742 4644 3029 4713 τοιγαροῦν
3057 4646 3149 4697 καὶ
3177 4646 3465 4714 Ἃνάφηςη
3483 4646 3608 4716 [236
3633 4646 3721 4715 ΙΙ.]
3743 4650 3769 4698 ό
3797 4647 3928 4708 λαὸς
3946 4647 4089 4715 (tgna-Z-

2528 4738 2628 4807 σθη
2668 4738 2835 4805 γὰρὴ
2869 4738 3049 4805 νῆσος)
3090 4735 3194 4788 άνὰ
3230 4738 3335 4788 πᾶν
3371 4736 3487 4798 ἔτος
3530 4738 3827 4789 Ἀπόλλωνι
3862 4738 4090 4807 αἱγλήτη

2528 4824 2921 4895 κερτομοῦντες
2948 4823 3228 4893 ἀλλήλους,
3247 4823 3437 4893 ἑορτὴν
3460 4826 3505 4855 ¹⁰
3535 4825 3671 4878 κατὰ
3697 4827 3929 4895 μίμησιν
3953 4829 4089 4881 ἐκεί-

2530 4936 2633 4969 νων
2661 4918 2905 4982 ἄγουσιν.

2153 5142 2384 5197 νΑΒΙᾹΞ
2420 5142 2822 5199 LECTIONES.

2036 5239 2078 5268 ιο

926 5249 946 5279 ⁹
974 5248 1244 5316 ποιμένων
1275 5247 1317 5296 Α
1354 5261 1367 5295 :
1404 5242 1513 5293 τῶν
1568 5242 1837 5309 ποιμένων
1874 5256 1932 5302 ς.
2036 5242 2078 5268 ιο
2118 5242 2186 5305 τὰ

930 5316 1253 5359 ιιϐανόιιενοι
1281 5317 1341 5359 ΛΔ
1423 5314 1462 5343 ⁸³
1506 5313 1775 5359 Ἀαουλίω
1957 5308 1997 5337 ³³
2026 5308 2191 5359 δεξιοῦ

2057 5324 2287 5371 εςιουται
2330 5324 2387 5369 ς.

859 5311 1253 5385 λαμϐανόμενοι
1278 5317 1341 5367 Δ.
1410 5314 1462 5385 γ’γ’
1484 5313 1775 5385 ’Ἀμουλίῳ

859 5387 963 5456 πρὸ
1024 5387 1115 5438 τοῦ
1158 5385 1303 5454 βουλ.

859 5450 961 5525 leg.
998 5450 1344 5523 Ἀναφάίωνῖ
1418 5454 1461 5483 ’⁸
1498 5455 1611 5504 ἀλλ.
1646 5454 1736 5504 καὶ
1772 5450 1962 5518 ἑορτὴν
1998 5465 2056 5509 τ.

2276 5238 2398 5289 atltl.
2453 5240 2489 5287 Δ
2529 5256 2542 5289 :
2589 5238 2747 5289 idem.
2789 5254 2898 5291 υιιι.
2936 5255 3013 5290 τε.

2467 5311 2507 5336 ³³
2549 5308 2907 5374 προσρυέντος
2943 5326 3000 5370 ς.

1406 5384 1448 5413 ¹⁶
1479 5378 1770 5443 διαῖξοντος
1800 5382 1860 5432 Α.
1942 5378 1982 5407 ⁸⁷
2016 5380 2107 5429 καὶ
2144 5378 2217 5438 ὡς
2260 5378 2398 5443 ἱερὴν
2430 5394 2488 5439 ς.

3094 5238 3133 5269 ¹¹
3168 5237 3370 5305 τόλμαν
3403 5251 3548 5301 γενν.
3582 5234 3674 5287 καὶ
3702 5234 3822 5286 αὐτ.
3872 5250 3934 5296 ς.
3970 5236 4091 5285 ἀνα-

3106 5310 3147 5338 ¹⁸
3232 5306 3460 5375 αρτύρια
3496 5305 3778 5374 lleynins:
3823 5305 3914 5369 qui
3978 5320 4089 5353 mox

3054 5378 3150 5429 καὶ
3190 5325 3447 5429 ᾕεγιιίιιε.
3555 5377 3595 5406 ’ν
3622 5374 3872 5429 ἀναφέως
3904 5374 3966 5425 Α.
4031 5390 4089 5423 an

2570 5379 2608 5405 "‘
2649 5377 2775 5446 καὶ]
2810 5376 3018 5439 θυσίαις
3054 5378 3150 5429 καὶ
3192 5374 3447 5447 lleynitts.
3555 5377 3595 5406 ”
3622 5374 3872 5441 ἀναφέως
3904 5374 3966 5425 Α.
4031 5390 4090 5423 an

2408 5562 2632 5616 ΝΟΤΑΞ.

920 5686 1032 5752 (Ἠ)
1057 5685 1129 5737 De
1144 5698 1245 5751 qua
1263 5682 1450 5752 Steph.
1473 5680 1692 5749 Ilyzanl.
1712 5678 1901 5731 Totam
1922 5691 2083 5752 porro
2100 5674 2330 5752 fabulam
2346 5674 2423 5725 lc-

861 5748 952 5823 ges
973 5748 1306 5823 apudﬁpoll.
1341 5748 1602 5823 Rhodium
1641 5762 1883 5823 estremo
1921 5748 2013 5798 ιιι».
2054 5761 2108 5823 iv_
2134 5748 2426 5823 .trgouuut.

928 5815 1036 5881 '72-)
1075 5815 1280 5889 ΛΞ(ιῖωο
1312 5822 1494 5875 scribit
1528 5819 1773 5886 Apollod.
1813 5819 1903 5868 lib.
1941 5831 1979 5880 ι,
2024 5816 2110 5883 ιιιιί
2140 5815 2229 5865 tibi
2268 5815 2436 5880 Ιιιεινι-

2536 5677 2631 5726 dus
2664 5676 2769 5728 hic.

2614 5745 2722 5811 (75)
2763 5748 2841 5796 Ab
2874 5745 3032 5799 Arcte
3058 5744 3262 5799 Alcinoi
3297 5742 3698 5798 Phaeacensinm
3731 5742 3876 5805 regis
3912 5752 4091 5801 uxore,

2546 5816 2825 5868 duodecim
2862 5829 3104 5879 munero,
3157 5825 3209 5869 ut
3248 5824 3433 5869 narrat
3476 5812 3721 5883 Apollod.
3757 5812 3846 5865 lib.
3884 5826 3921 5863 ι.
