4224 6446
188 386 305 456 589

190 592 369 645 αὑτοῦ
411 593 573 661 γυνή.
605 590 752 659 Αὕτη
783 589 828 644 δ’
872 585 939 660 ἧν
988 589 1217 654 Ἰάσονος
1250 592 1348 662 μὲν
1387 591 1650 663 θυγάτηρ,
1683 593 1773 646 τοῦ

195 682 333 734 ποτὲ
383 680 685 742 Θεσσαλίας
710 681 753 710 ⁸⁸
796 681 1233 750 τυραννήσαντος
1254 720 1269 743 ,
1298 680 1555 749 ἀδελφοὺς
1574 682 1620 734 δ’
1664 680 1776 752 εἶχε

194 774 386 842 τρεῖς,
420 771 713 839 Τισίφονον
744 770 838 824 καὶ
888 772 1211 839 Λυκόφρονα
1248 771 1342 823 καὶ
1384 773 1673 826 Πυθόλαονη
1696 778 1739 806 ¹²
1760 791 1774 803 ·

194 866 538 934 ὁμομήτριοι
569 864 615 915 δ’
642 859 803 933 ἦσαν,
840 864 1022 931 πατὴρ
1056 864 1099 915 δ’
1134 864 1314 917 αὐτῶν
1345 865 1595 934 Εὐάλκης
1614 865 1659 897 ⁸³
1688 862 1775 935 ἦν.

1242 391 1759 455 BIBLIOTHECA.
1794 421 1861 433 -
1885 395 2048 458 COD.
2089 395 2434 456 CLXXXVI.

286 500 353 553 Ἦ
377 500 421 552 ν’
447 500 524 564 ὡς
558 499 901 570 Ἀλέξανδρον
928 500 1019 553 τὸν
1048 498 1309 570 τύραννον
1328 502 1478 571 Θήϐη
1504 505 1716 574 ἀναιρεῖ
1738 505 1772 574 ή
1798 508 1849 565 Λ

3339 398 3439 459 590

1942 504 2393 575 Quinquagesima
2412 502 2679 557 narratio:
2701 502 3003 557 Alexander
3034 502 3145 572 (75)
3181 511 3440 574 tyrannus

1881 612 1912 650 a
1963 596 2148 652 Thebe
2199 598 2425 666 conjuge
2491 595 2807 649 interfectus
2882 605 2985 649 est.
3041 595 3164 650 llaec
3231 595 3444 650 Ja'sonis

1885 698 2029 753 ejus,
2059 683 2153 753 qui
2184 683 2237 736 in
2267 681 2543 736 Thessalia
2575 681 2845 750 quondam
2883 691 3153 749 regnarat.
3190 682 3297 735 lilia
3317 683 3439 743 fmt,

1882 775 2184 842 fratresque
2214 773 2451 827 uterinos
2486 785 2616 835 tres,
2648 780 2798 840 patre
2833 772 3030 825 Eulabe
3064 772 3177 842 (ῖὸ)
3211 775 3445 841 genitos,

1884 866 2086 925 habuit,
2114 862 2484 931 Tisiphonum,
2514 862 2861 931 Lycophrona
2887 870 2937 915 et
2971 861 3309 929 Pytholaum.
3340 860 3447 913 llus

195 955 447 1016 Τούτους
488 953 841 1024 Ἀλέξανδρος
870 948 1023 1015 οὗτος
1043 956 1071 1007 ὁ
1096 953 1278 1022 Φερῶν
1292 955 1361 1006 δι’
1384 955 1617 1023 ὑποψίας
1646 954 1780 1024 ἔχων

1773 975 1780 1001 ι
1880 953 2185 1007 Alexander
2259 953 2347 1007 ille
2407 951 2754 1007 Pheraeorum
2809 962 3091 1020 suspectos
3146 952 3369 1016 habens,
3411 967 3441 1004 e

194 1046 444 1115 ἐμελέτα
489 1046 733 1099 ἀνελεῖν·
783 1043 935 1107 εἰδὼς
982 1045 1027 1096 δ’
1054 1046 1129 1107 ὡς
1159 1046 1259 1097 οὐκ
1300 1045 1587 1115 ἀνάσχοιτο
1630 1046 1778 1116 Θήϐη

197 1139 475 1208 περιιδεῖν
506 1138 632 1200 τοὺς
656 1136 1025 1206 ὁμομητρίους
1050 1135 1471 1205 ἀναιρουμένους
1496 1136 1778 1204 ἀδελφοὺς,

197 1230 297 1283 καὶ
324 1229 505 1298 αὐτὴν
526 1228 738 1280 ἐπενόει
766 1227 1093 1280 συνανελεῖν.
1116 1228 1225 1280 Καὶ
1253 1229 1436 1295 νήφων
1468 1227 1566 1295 μὲν
1588 1228 1783 1297 ἐκρυϐε

197 1320 259 1371 τὸ
285 1318 594 1387 βούλευμα,
635 1315 847 1385 μεθύων
873 1315 929 1368 δὲ
965 1310 1064 1385 (ἦν
1098 1314 1204 1383 γάρ
1221 1316 1399 1385 ἥττων
1431 1314 1608 1377 οτνου)
1643 1329 1784 1383 παρ-

198 1412 451 1479 εγύμνου
506 1425 563 1460 τε
596 1408 693 1460 κα)⁹
732 1407 1106 1460 ἀπεκάλυπτε.
1142 1406 1291 1475 Θήὸη
1334 1407 1389 1458 δὲ
1418 1405 1477 1457 τὸ
1517 1405 1786 1474 βούλευμα

202 1497 486 1566 μαθοῦσα,
520 1498 632 1557 τοῖς
676 1496 773 1565 μὲν
798 1495 1047 1563 ἀδελφοῖς
1081 1496 1380 1565 ἐγχειρίδια
1409 1495 1573 1547 δοῦσα
1609 1511 1787 1564 παρα-

201 1588 579 1651 σκευάζεσθαι
631 1587 767 1655 πρὸς
806 1588 905 1655 τὴν
958 1586 1171 1657 σφαγὴν
1210 1587 1531 1655 παρεκάλει,
1574 1585 1700 1654 οῐνῳ
1730 1586 1786 1638 δὲ

200 1678 395 1747 πολλῷ
468 1677 815 1746 Ἀλέξανδρον
884 1677 1194 1745 βαπτίσασα
1255 1679 1349 1728 καὶ
1413 1677 1786 1729 κατευνάσασα

201 1771 494 1838 ἐκπέμπει
536 1771 660 1827 τοὺς
690 1768 781 1820 τοῦ
815 1767 1057 1837 θαλάμου
1098 1768 1368 1837 φύλακας,
1415 1768 1685 1836 προφάσει
1714 1768 1788 1827 ὼς

1886 1045 2063 1099 medio
2130 1043 2317 1098 tollere
2372 1043 2643 1097 studebat.
2696 1041 2923 1109 Cognito
2986 1051 3166 1095 autem
3227 1039 3448 1095 Theben

1884 1149 2221 1203 nequaquam
2253 1148 2405 1201 aequo
2437 1134 2665 1187 laturam
2692 1135 2873 1186 animo
2926 1132 3259 1185 uterinorum
3316 1148 3441 1185 suo-

1885 1242 2000 1279 rmn
2036 1225 2265 1279 fratrum
2308 1226 2530 1286 czedem,
2564 1224 2732 1291 ipsam
2764 1237 2978 1291 quoque
3020 1222 3331 1276 interimere
3360 1225 3454 1277 de-

1884 1318 2078 1371 crevit.
2128 1316 2355 1372 Sobrius
2412 1317 2577 1385 igitur
2634 1314 2790 1368 facile
2853 1314 3136 1367 consilium
3200 1313 3450 1379 tegebat:

1887 1417 1941 1460 at
1972 1409 2096 1461 vino
2123 1416 2308 1474 captus
2333 1408 2615 1476 (ebriosus
2641 1405 2789 1458 enim
2822 1403 2976 1471 erat)
3006 1417 3117 1455 rem
3150 1403 3445 1470 aperiebat.

1888 1501 1958 1555 Ut
2003 1515 2131 1567 ergo
2195 1497 2378 1551 Thebe
2446 1498 2731 1551 consilium
2802 1496 2927 1548 illud
2986 1494 3268 1557 intellexit,
3331 1498 3457 1548 dato

1888 1591 2115 1657 singulis
2166 1589 2429 1643 fratribus
2475 1589 2705 1656 pugione
2731 1630 2744 1651 ,
2783 1588 2843 1639 ad
2877 1585 3077 1639 caedem
3127 1586 3450 1644 faciendam.

1890 1692 1947 1733 ut
1982 1696 2038 1733 se
2072 1688 2413 1748 comparent,
2445 1679 2710 1731 hortatur.
2761 1676 2875 1743 Ipsa
2909 1675 3273 1727 Alexandrum
3308 1690 3454 1728 mero

1891 1772 2114 1839 impleas
2147 1780 2200 1824 et
2226 1770 2465 1837 sopiens,
2500 1769 2739 1821 dimissis
2770 1782 2800 1818 e
2840 1765 3080 1819 conclavi
3117 1765 3451 1828 custodibus,

201 1861 459 1930 λουτροῖς
490 1863 829 1930 χρησομένη,
861 1861 954 1911 καὶ
982 1860 1105 1920 τοὺς
1136 1858 1399 1927 ἀδελφοὺς
1424 1859 1513 1909 ἐπί
1541 1858 1601 1909 τὸ
1631 1857 1788 1927 ἔργον
1820 1861 1860 1914 Β

1785 1861 2118 1927 'Bquaesito
2178 1860 2378 1922 colore,
2441 1858 2594 1925 quasi
2662 1858 2712 1908 in
2780 1856 2967 1909 balneo
3038 1854 3219 1905 lavare
3278 1852 3453 1916 vellet,

204 1950 422 2002 ἐκάλει.
453 1951 518 2000 Οἱ
547 1949 601 2001 δὲ
641 1950 979 2011 ἀπεδειλίων,
1012 1949 1106 2001 καὶ
1140 1951 1371 2017 μάλιστα
1400 1948 1579 2001 αὐτῶν
1601 1950 1629 2000 ὁ
1657 1948 1785 1999 νεώ-

204 2058 371 2102 τατος
395 2042 466 2096 “.
508 2040 570 2093 Ἢ
601 2040 658 2093 δὲ
692 2042 826 2094 ἀλλα
858 2058 915 2092 τε
949 2040 1431 2110 διαπειλησαμένη,
1460 2041 1554 2091 καὶ
1592 2038 1662 2101 ὼς
1697 2038 1784 2089 τὸν

215 2133 573 2201 Ἀλέξανδρον
624 2132 822 2187 αὐτίκα
848 2134 893 2164 ’⁸
942 2133 1192 2202 ἀνεγερεῖ
1242 2131 1334 2183 καί
1394 2130 1784 2199 καταγορεύσει

205 2223 394 2276 αὐτῶν
443 2222 535 2275 τὸν
587 2223 764 2289 φόνον,
824 2220 1046 2291 θαρρεῖν
1103 2221 1296 2282 αὐτοὺς
1350 2219 1638 2272 ἐϐιάσατοο
1692 2219 1783 2271 καὶ

206 2316 489 2369 κτείνουσι
518 2315 859 2384 κοιμώμενον
886 2314 974 2365 τὸν
1012 2310 1376 2380 Ἀλέξανδρον.
1407 2311 1557 2381 Θήϐη
1583 2311 1638 2363 δὲ
1661 2313 1784 2373 τοὺς

204 2409 494 2476 ἡγεμόνας
530 2406 638 2458 τῶν
668 2405 925 2474 φυλάκων
958 2404 1409 2472 είσκαλεσαμένη,
1454 2406 1549 2455 καὶ
1586 2402 1655 2455 τὰ
1691 2404 1787 2471 μὲν

209 2500 471 2559 ἀπειλαῖς
524 2498 592 2550 τά
643 2497 689 2550 δ’
737 2496 1089 2564 ἐπαγγελίαις
1148 2493 1449 2548 ὑπελθοῦσα
1474 2496 1552 2556 ’⁸,
1610 2495 1787 2547 πείθει

211 2587 756 2656 συγκατασκευάζειν
793 2589 930 2658 αὐτῇ
979 2589 1075 2657 τὴν
1108 2586 1411 2658 τυραννίδα.
1452 2588 1561 2639 Καὶ
1602 2588 1651 2638 οἱ
1691 2588 1787 2655 μὲν

212 2680 546 2746 ἐπέτρεπον.
576 2679 684 2751 καὶ
710 2678 846 2748 αὐτὴ
866 2679 965 2747 τὴν
990 2680 1087 2746 μὲν
1113 2680 1273 2747 ἰσχὺν
1288 2677 1523 2745 δέχεται,
1550 2676 1788 2745 τοῦνομα

207 2768 265 2820 δὲ
301 2769 400 2819 καὶ
440 2768 541 2836 τήν
569 2766 726 2830 δόξαν
763 2767 865 2836 τῆς
891 2768 1202 2837 τυραννίδος
1244 2767 1516 2836 Τισιφόνῳ
1539 2767 1618 2837 τῷ
1652 2784 1785 2837 πρε-

211 2860 469 2930 σϐυτάτῳ
491 2861 535 2892 ’τ
562 2860 670 2912 τῶν
701 2859 945 2927 ἀδελφῶν
974 2860 1176 2913 δίδωσι.

282 3035 481 3089 Ταῦτα
520 3036 618 3105 μὲν
650 3036 758 3089 τῶν
792 3037 1037 3099 Κόνωνος
1092 3043 1133 3087 ν’
1165 3036 1487 3105 διηγήσεων.
1549 3036 1789 3098 Ἀττικὸς

207 3127 267 3179 δὲ
303 3128 408 3197 τὴν
442 3128 644 3197 φράσιν
684 3128 819 3191 ἐστὶ,
852 3130 970 3189 ταῖς
1008 3144 1065 3179 τε
1101 3126 1395 3196 συνθήκαις
1423 3128 1515 3179 καὶ
1548 3130 1667 3189 ταῖς
1706 3126 1787 3178 λέ-

1896 1950 2094 2003 fratres
2139 1964 2259 2001 mox
2321 1948 2385 1999 ad
2459 1945 2667 1999 facinus
2721 1945 2929 1997 incitat.
2988 1942 3088 2007 Qui
3141 1956 3262 1996 cum
3317 1944 3458 1994 timi-

1892 2040 2012 2093 dius
2074 2049 2313 2109 agerent,
2373 2048 2427 2091 et
2494 2037 2725 2089 maxime
2781 2045 2909 2087 natu
2974 2032 3249 2096 minimus,
3321 2034 3458 2085 inter

1894 2131 1995 2182 alia
2046 2131 2370 2183 comminata
2420 2136 2522 2189 est,
2554 2141 2610 2179 se
2640 2137 2692 2179 et
2732 2123 3096 2177 Alexandrum
3161 2120 3450 2176 confestin.

1892 2222 2261 2284 excitaturam,
2284 2230 2337 2275 et
2360 2230 2415 2274 ut
2436 2220 2595 2274 czedis
2624 2233 2741 2271 reos
2758 2224 3156 2274 accusaturam.
3191 2216 3280 2272 Sic
3307 2216 3355 2269 vi
3383 2217 3455 2268 ίΗι

1895 2315 1959 2365 ad
2015 2314 2319 2368 audendum
2393 2313 2592 2373 adacti,
2666 2310 3023 2366 dormientem
3089 2309 3457 2365 Alexandrum

1891 2404 2301 2475 jugulant.Ncc
2364 2420 2512 2458 mora
2580 2402 2783 2465 Thebc,
2856 2404 3099 2471 corporis
3175 2404 3454 2457 custodum

1896 2495 2162 2563 prmfectis
2221 2494 2284 2547 ad
2332 2508 2389 2547 se
2446 2492 2745 2551 accersitis.
2799 2502 2852 2544 et
2917 2507 3025 2566 qua
3094 2494 3275 2564 minis,
3349 2508 3462 2567 qua

1898 2585 2377 2655 pollicitationibus
2446 2601 2565 2649 usa,
2633 2588 2940 2653 persuadet,
3008 2588 3108 2641 sibi
3159 2598 3218 2641 ut
3270 2590 3321 2641 in
3366 2603 3459 2640 ac—

1895 2675 2156 2744 quirendo
2206 2688 2369 2743 regno
2427 2675 2623 2727 adsint.
2674 2674 2749 2728 llli
2801 2675 3068 2742 postulata
3139 2677 3459 2734 concedunt,

1896 2778 2056 2835 atque
2087 2767 2199 2837 ipsa
2247 2766 2527 2834 imperium
2574 2765 2792 2833 quidem
2828 2765 2929 2818 sibi
2980 2766 3227 2834 sumpsit,
3268 2781 3458 2819 nomen

1896 2874 2024 2912 vero
2092 2858 2410 2925 titulumque
2472 2858 2621 2924 regni
2681 2854 2975 2925 Tisiphone
3036 2856 3265 2909 fratrum
3329 2868 3454 2910 natu

1897 2968 1947 3004 ιιι
1958 2952 2133 3003 axium
2170 2949 2457 3003 concessit.

1969 3040 2236 3095 Hactenus
2268 3056 2331 3091 ex
2375 3039 2761 3108 quinquaginta
2822 3040 2925 3093 illis
2977 3039 3212 3092 Cononis
3274 3055 3461 3093 narra-

1899 3135 2151 3189 ti0nibus.
2232 3132 2409 3185 Attico
2488 3132 2658 3184 utitur
2719 3144 3000 3193 sermone;
3071 3132 3459 3198 compositione

213 3219 331 3281 ξεσι
384 3219 597 3286 χαρίεις
642 3234 703 3269 τε
750 3219 843 3269 καὶ
892 3218 1275 3286 ἐπαφρόδιτος,
1310 3218 1449 3286 ἔχων
1479 3235 1530 3269 τι
1566 3218 1659 3269 καὶ
1694 3216 1787 3269 τού
1817 3216 1858 3271 C

1817 3216 1858 3271 C
1893 3238 2020 3276 vero
2068 3236 2132 3275 ac
2172 3221 2389 3274 vocibus
2450 3219 2721 3288 gratiosus
2761 3228 2840 3270 est
2883 3227 2937 3269 et
3014 3229 3302 3272 venustus:
3365 3220 3455 3271 ha-

216 3312 703 3380 συνεστραμμένου
725 3312 819 3364 καὶ
840 3310 1323 3382 ἀνακεχωρηκὸτος
1348 3312 1457 3372 τοῖς
1481 3310 1713 3373 πολλοῖς.

298 3490 392 3542 Ἐν
420 3488 500 3558 τῷ
524 3489 674 3558 αὐτῷ
694 3490 751 3543 δὲ
778 3490 958 3559 τεύχει
988 3492 1083 3543 καὶ
1108 3490 1508 3559 Ἀπολλοδώρου
1536 3507 1788 3560 γραμμα-

212 3582 377 3633 τικοῦ
402 3579 730 3649 βιϐλιδάριον
752 3580 1061 3649 ἀνεγνώσθη
1096 3598 1186 3649 μοι
1208 3598 1219 3611 ⁸
1254 3581 1610 3648 Βιδλιοθήκη
1644 3583 1789 3651 αὐτῷ

215 3676 248 3743 ή
276 3673 583 3741 ἐπιγραφή.
615 3672 861 3741 Περιεῖχε
890 3672 947 3723 δὲ
965 3672 1009 3703 ’⁸
1037 3673 1106 3723 τά
1132 3672 1433 3726 παλαίτατα
1456 3673 1565 3725 τῶν
1602 3674 1790 3743 Ἐλλή-

215 3781 350 3824 ww,
390 3762 491 3814 ὅσα
526 3779 583 3813 τε
628 3763 758 3831 περὶ
809 3761 948 3813 θεῶν
976 3763 1068 3814 καὶ
1102 3763 1296 3831 ήριὶιων
1335 3764 1363 3813 ὁ
1392 3763 1580 3831 χρόνος
1606 3765 1789 3825 αὐτοῖς

210 3853 467 3918 δοξάζειν
493 3852 691 3905 ἔδωκεν
712 3892 725 3915 ,
762 3852 1051 3921 ὀνομασίας
1083 3870 1141 3905 τε
1171 3854 1435 3920 ποταμῶν
1471 3855 1563 3906 καὶ
1596 3855 1789 3923 χωρῶν

216 3947 315 3996 καὶ
346 3942 518 3994 ἐθνῶν
546 3944 637 3993 καὶ
672 3942 900 4004 πόλεων,
934 3942 1078 4005 ὅθεν,
1109 3944 1203 3995 καὶ
1232 3944 1300 3996 τά
1342 3943 1480 3997 ἀλλα
1496 3946 1541 3976 ¹⁹
1581 3945 1679 3996 ὅσα
1712 3948 1789 4006 εἰς

214 4038 278 4087 τὸ
308 4037 537 4104 ἀρχαῖον
578 4035 887 4102 ἀνατρέχει,
920 4037 1015 4087 καὶ
1039 4036 1249 4088 κάτεισι
1294 4037 1456 4107 μέχρι
1479 4039 1586 4090 τῶν
1616 4040 1788 4106 Τρωῖ-

214 4126 360 4187 κῶν,
394 4126 491 4177 καὶ
537 4125 746 4193 ἀνδρῶν
795 4143 953 4177 τινων
995 4126 1129 4196 πρὸς
1161 4129 1422 4197 ἀλλήλους
1475 4131 1652 4199 μάχας
1697 4132 1790 4182 καὶ

216 4217 361 4288 ἔργα
400 4216 704 4285 ἐπιτρέχων
748 4216 843 4267 καὶ
882 4217 991 4268 τῶν
1017 4218 1125 4269 ἀπὸ
1156 4218 1354 4285 Τροίας
1390 4221 1595 4281 πλάνας
1620 4223 1785 4285 τινὰς,

219 4308 463 4373 μάλιστα
498 4307 542 4357 δ’
586 4306 907 4371 Ὀδυσσέως,
937 4309 1014 4368 εἰς
1039 4308 1097 4359 ὃν
1137 4308 1286 4376 αύτῴ
1314 4310 1408 4359 καὶ
1441 4312 1472 4376 ή
1506 4311 1790 4378 ἀρχαιολο-

213 4397 313 4464 γία
342 4398 663 4464 καταλήγει.
694 4396 919 4464 Σύνοψις
939 4398 982 4448 δ’
1010 4399 1127 4449 ἐστὶ
1150 4398 1217 4450 τά
1243 4398 1413 4450 πολλά
1440 4400 1535 4451 τοῦ
1563 4399 1786 4468 βιϐλίου,

213 4489 314 4539 καὶ
351 4488 452 4539 οὐκ
490 4489 761 4557 ἄχρηστος
796 4491 907 4550 τοῖς
930 4490 996 4540 τά
1026 4491 1230 4542 παλαιά
1261 4492 1353 4542 ἐπὶ
1390 4493 1609 4560 μνήμης
1645 4492 1789 4560 ἔχειν

1893 3315 1983 3368 bet
2044 3323 2220 3365 tamen
2284 3310 2477 3363 alicubi
2511 3319 2816 3363 contortum
2849 3310 2997 3377 quid,
3055 3320 3215 3379 atque
3247 3325 3275 3363 a
3309 3312 3453 3379 vulgi

1893 3405 2201 3473 cognitione
2232 3413 2519 3457 rem0tum.

1961 3494 2017 3547 ln
2053 3494 2240 3547 eodem
2279 3495 2402 3546 item
2430 3491 2697 3544 volmnine
2752 3492 2850 3559 legi
2901 3490 3210 3558 Apollodori
3276 3507 3454 3561 gram-

1893 3586 2075 3640 matici
2136 3585 2376 3639 libellum
2426 3585 2509 3636 cui
2566 3582 2903 3636 Bibliotheca:
2941 3583 3050 3652 (76)
3085 3583 3269 3636 titulus
3312 3594 3453 3635 erat.

1890 3679 2209 3735 Continebat
2257 3677 2657 3745 autiqnissimas
2700 3690 2937 3743 quasque
2981 3676 3290 3730 Graecorum
3369 3676 3452 3727 hi-

1891 3773 2108 3835 storias,
2142 3781 2195 3824 et
2239 3784 2355 3838 qua:
2383 3772 2493 3824 sive
2534 3771 2600 3823 tle
2640 3769 2763 3831 diis,
2799 3770 2913 3821 sive
2943 3769 3006 3821 tle
3043 3769 3293 3822 heroibus
3323 3777 3457 3821 tem.

1894 3860 2038 3924 poris
2098 3858 2235 3909 ratio
2293 3858 2441 3910 dedit
2504 3858 2944 3925 Opinamla,cum
3007 3857 3455 3925 appellationibus

1892 3950 2164 4002 llntninnm
2192 3990 2206 4014 ,
2263 3948 2450 4020 1421)
2490 3950 2783 4017 regionum,
2840 3949 3075 4017 gentium
3127 3960 3181 4003 et
3222 3951 3454 4005 urbium.

1894 4040 2029 4094 llinc
2068 4051 2121 4093 et
2148 4040 2403 4109 pleraque
2459 4042 2701 4107 antiqua,
2750 4040 2815 4092 atl
2850 4042 2963 4106 ipsa
3011 4055 3180 4109 usque
3222 4040 3452 4111 Trojana

1894 4141 2131 4196 tempora
2181 4131 2513 4185 descendens
2554 4131 2737 4185 refert.
2790 4132 3038 4183 Virorum
3066 4145 3280 4199 quoque
3321 4146 3455 4185 non-

1894 4222 2161 4274 nullorum
2215 4222 2355 4274 inter
2400 4238 2457 4276 se
2500 4238 2723 4291 pugnas,
2765 4236 2954 4287 resque
3005 4233 3189 4288 gestas
3221 4236 3441 4276 comme-

1895 4323 2088 4374 morat,
2141 4323 2195 4365 et
2255 4322 2409 4379 capta
2448 4312 2559 4379 jam
2614 4311 2798 4378 Truja,
2831 4326 3046 4366 errores
3076 4314 3451 4381 quorumdam,

1892 4404 2155 4470 praecipue
2186 4402 2412 4473 Ulyssis,
2462 4403 2514 4455 in
2561 4417 2717 4469 quem
2760 4402 2877 4468 ejus
2925 4404 3225 4470 priscarum
3274 4418 3451 4457 rerum

1894 4494 2133 4547 narratio
2179 4494 2525 4547 terminatur.
2564 4494 2957 4562 Compendiosa
3010 4495 3256 4561 quaedam
3324 4510 3454 4546 nar-

214 4577 377 4643 ὶόγον
408 4576 455 4606 ³⁸
497 4578 860 4645 ποιουμένοις,
926 4578 1076 4646 Ἔχει
1122 4581 1178 4632 δὲ
1226 4580 1319 4631 καὶ
1364 4579 1692 4651 ἐπίγραμμα
1730 4583 1789 4633 τὸ
1824 4564 1865 4617 D

1786 4564 1865 4627 ιι)
1900 4580 2035 4630 ratio
2076 4590 2159 4631 est
2217 4580 2449 4630 maxima
2498 4579 2655 4645 hujus
2700 4580 2862 4634 libelli
2918 4594 3064 4645 pars,
3100 4580 3163 4632 iis
3218 4596 3321 4633 non
3376 4581 3454 4632 in-

216 4668 553 4737 βιϐλιδάριον
585 4670 684 4721 οὐκ
711 4669 956 4739 ἄκομψον
985 4670 1102 4722 τόδε
1121 4710 1137 4734 ,

286 4845 419 4915 [460
451 4844 541 4913 8.]
573 4844 793 4910 Αιῶνος
819 4847 1123 4914 σπείρημα
1154 4846 1194 4874 ³¹
1231 4845 1661 4923 ἀφυσσάμενος

362 4984 634 5051 Παιδείης
652 5026 666 5049 ,
688 4987 917 5053 μύθους
947 4984 1123 5054 γνῶθι
1154 4916 1678 5053 παλαιγενέιιὲιειο
1702 4918 1710 4984 1

1892 4670 2058 4735 utilis,
2090 4670 2178 4736 qui
2208 4680 2385 4722 vetera
2434 4670 2715 4737 complecti
2750 4672 3003 4723 memoria
3033 4672 3233 4723 volunt.
3269 4672 3454 4723 Ascri-

1894 4773 2043 4828 ptnm
2084 4762 2208 4811 item
2242 4769 2361 4813 erat
2410 4759 2642 4827 lepidum
2677 4760 2817 4812 istud
2856 4760 3185 4827 epigramma
3224 4779 3235 4811 :

1999 4850 2284 4903 Sa'clorum
2322 4851 2508 4902 seriem
2538 4860 2719 4903 nostra
2756 4852 2802 4901 si
2844 4851 3028 4918 legeris
3060 4859 3193 4911 arte,

2094 4987 2314 5052 Antiqua
2350 4986 2471 5035 hinc
2491 4984 2578 5048 ﬁet
2615 4984 2793 5051 fabula
2827 4992 2946 5035 nota
2995 4984 3108 5036 tibi.

1486 5123 1712 5177 VARI/li
1760 5123 2154 5175 LECTIONES.

286 5242 331 5270 "
362 5238 657 5291 Θεσσαλίαν
693 5256 752 5304 ς.

212 5314 256 5342 ’⁸
301 5320 417 5377 post
454 5309 647 5360 αὐτίκα
694 5325 814 5361 cum
846 5311 885 5360 A
925 5310 1080 5362 omisi
1127 5326 1206 5363 τε.
1258 5310 1526 5376 ἀνεγείρει
1578 5312 1642 5359 A.

212 5383 337 5435 add.
380 5382 445 5432 A.
524 5380 567 5409 ¹⁹
597 5379 727 5433 ἄλλα
757 5381 801 5433 Α
839 5398 852 5434 ;
885 5379 1052 5431 πολλά
1076 5396 1135 5442 ς.

857 5241 902 5270 ³⁸
933 5238 1204 5291 Πυθόλαον
1266 5236 1597 5291 "(Psaltelius
1631 5257 1641 5290 :
1680 5238 1793 5308 libri
1819 5238 2026 5290 θόλαον.
2104 5241 2146 5270 ’³
2179 5241 2421 5308 Εύαλκὴς
2462 5242 2545 5292 A:
2592 5238 2833 5306 Εὑλαῆὴς
2884 5254 2921 5299 ς·

3022 5239 3067 5265 ’⁵
3104 5237 3363 5305 νεώτερος
3391 5256 3449 5299 ς’.

1749 5307 1791 5337 ³⁸
1838 5308 2166 5375 μετελθοῦσα
2204 5314 2264 5361 A.
2343 5312 2385 5340 ⁸⁷
2424 5310 2775 5378 πρεσϐυτέρῳ
2816 5310 2877 5360 Α.
2956 5307 2998 5337 ⁸⁸
3039 5307 3093 5357 δὲ
3142 5319 3195 5360 et
3240 5324 3360 5361 mox
3394 5325 3452 5359 τε

1225 5379 1267 5408 ³ο
1294 5378 1463 5444 λόγων
1501 5379 1980 5447 μεταποιουμένοις
2014 5397 2072 5441 ς.

2183 5381 2223 5411 ³¹
2256 5381 2503 5449 πείρημα
2544 5383 2604 5432 Α.

1740 5487 1965 5546 NOTAE.

286 5583 406 5651 (τι)
441 5579 711 5635 Videntlus
761 5581 954 5651 μεινετο
984 5580 1131 5650 Oﬂic.
1167 5597 1227 5643 tt,
1263 5580 1377 5651 init.
1402 5598 1415 5643 ;
1442 5579 1620 5633 Valer.
1655 5582 1797 5636 Max.

214 5648 310 5710 lib.
349 5669 424 5715 ιι,
461 5667 582 5717 cap.
618 5651 718 5715 l5;
761 5648 1064 5714 PlutarchI,
1103 5650 1385 5719 PeIOpida,
1424 5661 1688 5704 extremo.

289 5724 405 5790 (ἷῦ)
435 5722 519 5774 Al.
556 5718 765 5774 Eralce.

292 5794 409 5866 (76)
454 5790 581 5861 Ejus
625 5791 915 5859 partemin
965 5801 1073 5846 tres
1113 5791 1339 5848 divisam
1376 5790 1541 5846 libros
1592 5790 1787 5846 Beneu.

1910 5580 2120 5651 digitis,
2169 5582 2514 5635 ὕπνου-[ιω.
2560 5581 2646 5633 etl.
2690 5580 2917 5651 Roma‘,
2973 5579 3059 5651 ubi
3103 5588 3155 5651 et
3187 5578 3251 5630 de
3293 5580 3457 5632 variis

1898 5649 2211 5716 Apollodori
2257 5651 2546 5703 disseritur
2600 5668 2626 5699 ιι
2670 5650 2813 5709 Scip.
2878 5649 3081 5701 Tertio.
3138 5649 3301 5702 I’orm
3360 5651 3450 5704 lib.

1902 5736 2023 5772 xxiv
2066 5720 2306 5787 Apollod.
2344 5721 2502 5788 hnjus
2556 5720 2682 5787 περὶ
2736 5718 2884 5773 Θεῶν
2923 5720 3052 5772 citat
3096 5718 3189 5772 tibi
3229 5719 3455 5787 Sopater

1902 5806 2048 5860 Snpr.
2082 5791 2202 5845 cod.
2240 5789 2331 5843 161
2373 5790 2424 5843 in
2455 5790 2621 5859 princ.
