4224 6446
815 438 913 503 591

814 555 1095 610 Ma'onidw
1119 570 1178 605 ne
1205 551 1346 606 volve
1385 549 1675 611 volumina,
1711 564 1829 601 nere
1874 549 2113 617 elegiam,

888 688 965 741 Ne
1006 688 1261 747 trnqirnm
1308 683 1538 742 Musam.
1574 700 1636 733 ne
1669 684 1877 734 melicos
1913 698 2174 734 numeros.

812 759 1125 811 Mnltisouos
1158 754 1425 823 Cyclicum
1467 769 1642 805 verqu
1682 769 1743 803 ne
1781 768 1994 819 qurere:
2028 753 2165 820 quod
2212 752 2265 802 in
2300 765 2381 801 me

883 894 1121 948 Invenias
1148 891 1403 959 quidquid
1428 890 1690 943 maximus
1736 889 1877 940 orbis
1919 889 2093 941 habet.

1416 978 1772 1033 CLXXXVII.

814 1077 1122 1132 Nicomachi
1166 1073 1417 1127 ϐενσεεηί
1455 1072 1919 1124 Arithmeticorum
1980 1068 2385 1136 theologicomm

1493 1142 1613 1193 libri
1652 1156 1715 1193 ιι.

882 1235 1010 1305 Legi
1041 1232 1353 1288 Nicomachi
1391 1232 1651 1286 Geraseni
1723 1229 1799 1283 De
1828 1230 2163 1282 arithmetica
2212 1228 2278 1280 ad
2306 1242 2385 1278 res

812 1329 1020 1382 divinas
1077 1327 1343 1393 applicata
1397 1324 1563 1376 libros
1616 1327 1769 1377 duos.
1826 1322 1956 1387 Qum
2020 1321 2235 1388 quidem
2302 1319 2386 1371 in-

812 1420 1033 1487 scriptio
1098 1431 1345 1485 maguam
1417 1414 1848 1472 admirationem.
1909 1412 2389 1476 vehementemque

813 1524 1051 1563 amorem
1100 1508 1379 1561 concitare
1410 1514 1607 1572 queat:
1642 1518 1762 1556 cum
1822 1518 1960 1569 opus
1996 1512 2171 1555 tamen
2214 1500 2387 1568 ipsum

814 1604 905 1669 (ne
934 1601 982 1651 id
1050 1597 1494 1651 ratiocinationes
1538 1610 1726 1657 vanas,
1777 1594 2085 1661 perditique
2141 1592 2239 1645 otii
2300 1606 2389 1645 oc-

815 1692 1154 1757 cupationem
1182 1702 1304 1741 esse
1353 1686 1723 1753 dicam)longe
1763 1701 1790 1736 a
1826 1684 1978 1735 titulo
2014 1699 2110 1736 suo
2150 1696 2388 1735 recesse-

818 1784 908 1834 rit.
955 1779 1140 1846 Neque
1190 1778 1335 1831 enim
1385 1776 1469 1828 hic
1496 1776 1561 1829 de
1597 1776 1839 1827 numeris
1872 1775 1937 1825 ab
1980 1773 2186 1825 unitate
2217 1786 2386 1838 usque

1925 432 2186 494 ΡῐὶΟΤΙΙ
2218 427 2723 492 PATRIARCILE
2764 428 2872 487 (ΣΡ.

2420 556 2462 606 Λ
2493 544 2642 611 Μηδ*
2690 546 2753 608 ἐς
2816 544 3122 611 Ὁμηρείην
3163 542 3352 595 σελίδ⁹
3414 540 3699 609 ἕμΰλεπε,
3734 542 3876 609 μηδ’
3930 544 4080 593 eis-

3959 431 4076 493 $2

3764 628 3954 677 τειην.

2561 684 2653 748 Μὴ
2683 682 2967 749 τραγικὴν
3004 682 3288 739 Μοῦσαν.
3319 681 3476 748 μηδὲ
3507 684 3919 747 μελοπιαφιήν
3941 720 3957 742 ,

2487 754 2585 819 Μὴ
2646 754 2910 805 κυκλίων
2944 751 3093 815 ζήτει
3135 752 3478 816 πολύθρουν
3519 752 3769 819 στίχον·
3833 752 3921 810 εἰς
3964 751 4075 815 ἐν]ιέ

3577 818 3630 869 δ’
3662 819 3857 885 ἀθρῶν
3880 821 3960 851 ιιι
3985 821 3997 887 ι

2554 893 2861 960 Εὑρήσεις
2898 891 2968 942 ἐν
2995 891 3123 959 ἐμοὶ
3160 891 3331 944 πάνθ’
3369 890 3487 942 ὅσα
3525 888 3753 956 κόσμος
3786 890 3935 955 ἔχει.

2487 1067 2827 1136 Νικομάχου
2851 1068 3203 1135 Γερησητοῦ
3234 1068 3651 1135 Ἀριθμητικῶν
3678 1068 4073 1136 θεολογουμέ-

3046 1156 3167 1189 νων
3190 1138 3399 1201 βιϐλία
3423 1140 3507 1203 β’.

2562 1229 2689 1302 [-257
2725 1230 2819 1299 H.]
2869 1230 3206 1299 ’Δνεγνώσθη
3237 1231 3554 1300 Νικομάχου
3580 1229 3890 1299 Γερασηνοῦ
3927 1230 4074 1296 Ἀρι-

2490 1320 2791 1391 θμητικῶν
2821 1322 3304 1391 θεολογουμένων
3325 1322 3504 1391 βιϐλία
3533 1323 3596 1391 β’.
3627 1322 3689 1374 ’11
3718 1322 3817 1391 μὲν
3832 1318 3927 1374 οὖν
3950 1324 4074 1373 ὲπι-

2488 1414 2675 1485 γραφὴ
2735 1412 2879 1465 οὕτω
2928 1413 3203 1483 θαυμάσαι
3244 1414 3341 1466 καὶ
3377 1414 3576 1484 δριμὺν
3623 1414 3801 1483 ἔρωτα
3848 1412 4075 1480 κινῆσαι

2490 1506 2637 1572 ἀξία,
2674 1506 2703 1557 ὁ
2754 1505 2810 1557 δὲ
2842 1506 3023 1567 πόνος,
3073 1506 3159 1558 ἵνα
3194 1505 3270 1575 μὴ
3311 1505 3455 1573 λέγω
3487 1506 3765 1573 λογισμῶν
3794 1503 4077 1572 κενεμϐα-

2488 1597 2723 1650 τούντων
2754 1598 2847 1649 καὶ
2886 1596 3294 1665 ματαιοσχόλων
3341 1596 3522 1665 ἔργον,
3573 1597 3761 1667 πόῤῥω
3789 1595 3892 1661 τῆς
3944 1597 4076 1645 ἐπι·-

2489 1688 2713 1759 γραφῆς
2760 1688 3165 1759 διερῤιμμένος.
3210 1688 3579 1757 Διαλαμϐάνει
3630 1688 3727 1756 μὲν
3778 1686 3888 1755 γὰρ
3943 1686 4076 1753 περὶ

2492 1782 2601 1833 τῶν
2628 1780 2735 1831 ἀπὸ
2763 1780 2989 1848 μονάδος
3014 1780 3175 1849 μέχρι
3206 1779 3427 1841 δεκάδος
3455 1778 3725 1849 ἀριθμῶν,
3757 1779 3855 1846 οὑχ
3881 1777 4076 1844 ὥσπερ

819 1873 884 1925 ad
939 1870 1217 1924 denarium
1276 1868 1555 1920 disserens
1605 1866 1768 1935 (quod
1800 1865 1852 1916 in
1908 1863 2248 1917 arithmetica
2276 1862 2386 1931 (77)
2422 1891 2463 1945 Β

2497 1872 2553 1922 ἐν
2585 1874 2651 1939 τῇ
2681 1871 3045 1940 ἀριθμητικῇ·
3070 1869 3233 1922 αὐτοῦ
3264 1872 3359 1921 καὶ
3391 1870 3497 1940 πρὸ
3525 1870 3728 1937 ταύτης
3757 1871 4075 1937 εἰσαγωγῇ,

818 1981 934 2023 sua.
983 1964 1140 2029 eique
1174 1959 1448 2029 praemissa
1495 1958 1709 2026 isagoge
1751 1955 2027 2025 pru‘stitit)
2055 1955 2139 2006 illa
2186 1968 2392 2021 pertra-

818 2066 949 2117 ctat,
978 2069 1093 2120 qme
1124 2051 1363 2105 numeris
1406 2058 1593 2117 suapte
1642 2057 1832 2100 natura
1864 2048 2065 2108 insunt,
2098 2046 2393 2111 utilemque

818 2149 1017 2201 habent
1062 2142 1571 2210 contemplationem
1616 2160 1628 2191 :
1670 2140 1762 2192 sed
1803 2155 1865 2193 ea
1897 2138 2205 2206 plurimum,
2270 2151 2393 2204 qua:

821 2239 962 2291 noxii
1018 2246 1142 2289 sunt
1199 2232 1399 2303 ingenii
1451 2232 1733 2299 ﬁgmenta:
1781 2240 1835 2282 ct.
1891 2229 2008 2293 ejus
2039 2228 2253 2295 quidem
2302 2228 2390 2277 iu-

821 2332 982 2401 genii,
1041 2328 1179 2395 quod
1227 2342 1311 2379 res
1368 2328 1510 2394 ipsas
1541 2326 1603 2376 ad
1636 2340 1787 2377 suum
1832 2322 2007 2389 potius
2062 2318 2389 2385 speculatio-

824 2438 942 2475 nem
1009 2419 1346 2473 contentiose
1398 2424 1580 2483 aptare
1618 2413 1850 2473 studeat,
1902 2427 2059 2479 quam
2122 2410 2262 2478 quod
2324 2408 2388 2459 ad

825 2496 1000 2566 rerum
1053 2519 1298 2563 naturam
1342 2507 1536 2559 mentis
1571 2521 1678 2557 sua:
1725 2504 1959 2571 cogitata
2012 2502 2247 2569 dirigere
2297 2515 2391 2552 co-

824 2613 999 2655 netur.
1061 2600 1327 2653 Caeterum
1394 2595 1535 2663 quod
1582 2596 1664 2645 vir
1696 2594 1783 2646 ille
1821 2608 2022 2652 rerum,
2058 2606 2176 2659 qua:
2220 2590 2394 2643 subsi-

824 2701 992 2749 stunt,
1034 2699 1279 2741 naturam
1323 2686 1387 2738 ad
1438 2698 1783 2738 numerorum
1836 2682 2124 2737 essentiam
2167 2680 2391 2743 referre,

821 2793 874 2835 et
902 2782 1025 2835 huic
1056 2781 1256 2847 pariter
1293 2774 1565 2829 includere
1598 2788 1887 2843 aggressus
1927 2774 2020 2834 sit,
2069 2771 2390 2834 resecando,

828 2874 1099 2935 addendo,
1185 2868 1561 2937 pernmtamlo,
1615 2882 1680 2920 ac
1749 2865 2069 2927 divellendo,
2125 2863 2392 2917 interdum

823 2966 1038 3032 quidem
1094 2978 1181 3016 res
1222 2963 1384 3029 ipsas,
1441 2972 1822 3026 nonnunquam
1879 2957 2042 3009 etiam
2097 2956 2215 3009 illos
2258 2956 2394 3006 ami-

825 3072 918 3110 eos
957 3055 1091 3108 adeo
1135 3052 1237 3107 sibi
1292 3067 1546 3104 numeros
1599 3066 1661 3102 ac
1711 3050 1859 3110 deos,
1922 3048 2081 3114 idque
2138 3045 2221 3098 vel
2258 3045 2393 3097 alle-

833 3164 945 3197 rant
1020 3144 1394 3197 tantummodo
1460 3153 1687 3208 partem,
1758 3141 1837 3191 vel
1899 3148 2044 3191 certe
2109 3149 2392 3204 utramque

2493 1962 2591 2013 ὅσα
2616 1961 2727 2020 τοῖς
2751 1958 3003 2029 ἀριθμοῖς
3030 1959 3188 2027 φύσει
3220 1960 3481 2029 πρόσεστι
3508 1961 3599 2011 καὶ
3624 1959 3856 2027 θεωρίας
3886 1959 4074 2027 ἔχεται

2496 2049 2830 2112 σπουδαίας,
2878 2049 3121 2115 διεξιὼν,
3171 2051 3305 2103 ἀλλὰ
3351 2052 3419 2103 τὰ
3466 2051 3693 2103 πλεῖστα
3739 2049 3984 2111 διανοίας
4012 2050 4074 2100 οὐ

2494 2140 2905 2211 καθαρευούσης
2951 2141 3151 2210 βλάϐης
3193 2142 3617 2210 ἀναπλάσματα,
3649 2142 3743 2192 καὶ
3766 2141 3888 2206 οὐχὶ
3938 2140 4074 2208 πρὸς

2494 2235 2591 2302 τὴν
2626 2233 2730 2285 τῶν
2764 2234 3105 2302 πραγμάτων
3142 2232 3303 2297 φύσιν
3348 2233 3473 2293 τοὺς
3520 2230 3814 2300 λογισμοὺς
3847 2229 4075 2282 ίθυνού-

2497 2343 2595 2393 σης
2618 2365 2631 2385 .
2667 2326 2734 2378 τὰ
2760 2325 2817 2377 δὲ
2848 2326 3143 2393 πράγματα
3168 2324 3302 2394 πρὸς
3329 2322 3423 2385 τὰς
3452 2324 3584 2385 ἰδίας
3607 2322 3911 2391 φαντασίας
3944 2338 4075 2390 μετ-

2495 2417 2744 2484 αμείϐειν
2795 2414 3222 2483 φιλονεικούσης.
3269 2414 3407 2466 Ἀλλ’
3448 2415 3547 2466 ὅσα
3586 2414 3684 2483 μὲν
3726 2416 3754 2465 ὁ
3799 2413 3943 2481 ἀνὴρ
3978 2412 4074 2479 τὴν

2493 2506 2599 2559 τῶν
2633 2506 2799 2557 ὄντων
2837 2507 3000 2574 φύσιν
3051 2509 3130 2568 είς
3173 2506 3271 2575 τὴν
3316 2506 3422 2558 τῶν
3468 2506 3718 2573 ἀριθμῶν
3771 2504 4073 2556 ὑπόστασιν

2494 2598 2787 2667 ἀναφέρειν
2837 2615 2896 2650 τε
2945 2598 3038 2650 καὶ
3090 2599 3539 2666 συγκατακλείειν
3576 2598 3861 2666 διανέστη,
3911 2613 4071 2665 περι-

2496 2689 2732 2753 κόπτων,
2758 2689 3075 2758 περιτιθεὶς,
3112 2690 3376 2758 ἀμείϐων,
3404 2690 3647 2742 διασπῶν
3686 2688 3819 2741 ποτὲ
3852 2688 3957 2757 μὲν
4001 2686 4070 2738 τὰ

2495 2779 2800 2846 πράγματα
2832 2780 2961 2831 ποτὲ
2994 2780 3050 2832 δὲ
3086 2781 3212 2841 τοὺς
3243 2780 3429 2847 φίλους
3466 2780 3732 2849 ἀριθμοὺς
3763 2780 3858 2831 καὶ
3888 2778 4068 2839 θεοὺς,

2496 2871 2587 2920 καί
2618 2869 2773 2920 τοῦτο
2804 2870 2835 2938 ἢ
2876 2870 3024 2939 παρά
3038 2872 3081 2901 ³³
3117 2871 3281 2940 μέρος
3318 2870 3626 2941 ἑκάτερονῆ
3657 2872 3749 2922 καὶ
3772 2871 3839 2923 δι’
3868 2870 4072 2939 ἀμφοῖν

2498 2961 2590 3012 ίὼν
2614 3001 2629 3024 ,
2667 2962 2843 3013 καίτοι
2878 2962 3119 3031 μεγάλας
3154 2964 3374 3033 ὑπέχων
3420 2963 3647 3023 εὐθύνας
3667 3002 3681 3024 ,
3712 2964 3862 3031 ὅμως
3892 2960 4071 3015 ὲάσθω

2494 3052 2669 3108 τοῦτο.
2712 3055 2850 3105 Ἀλλ’
2880 3056 2962 3107 ὃτι
2992 3055 3145 3118 θεούς
3183 3073 3242 3107 τε
3276 3057 3369 3108 καὶ
3398 3055 3525 3119 θεὰς
3557 3056 3906 3123 ἐπιθυμήσας
3943 3055 4071 3104 ίδεῖν

2494 3148 2619 3207 τοὺς
2660 3146 2962 3215 ἀριθμοὺς,
3002 3148 3094 3199 καὶ
3130 3147 3288 3198 τοῦτο
3328 3147 3503 3208 διδοὺς
3558 3147 3739 3207 αὐτοῖς
3767 3146 3856 3197 διὰ
3902 3148 4070 3213 μόνην

824 3239 1107 3293 obeundo:
1141 3237 1243 3290 etsi
1280 3236 1435 3302 hujus
1465 3236 1539 3288 rei
1570 3235 1749 3286 multa:
1776 3240 1960 3286 essent
1984 3229 2081 3298 ipsi
2114 3229 2393 3281 reddenda.-
2420 3222 2463 3278 C

2496 3236 2593 3301 τὴν
2627 3237 2933 3299 ἰδιάζουσαν
2961 3238 3054 3289 καὶ
3081 3237 3393 3307 ὡρισμένην
3423 3239 3653 3292 ἑκάστου
3680 3238 3982 3305 ποσότητα,
4010 3236 4068 3287 οὐ

830 3331 1085 3390 rationes,
1138 3328 1190 3381 in
1240 3327 1416 3381 medio
1466 3337 1640 3379 tamen
1705 3324 1756 3376 id
1792 3323 2146 3392 relinquatur.
2205 3319 2277 3372 De
2327 3334 2391 3371 co

828 3436 1030 3476 tantum
1071 3417 1334 3490 [loquor]
1364 3418 1503 3485 quod
1536 3418 1661 3469 deos
1693 3424 1747 3468 et
1774 3415 1902 3466 deas
1960 3414 2143 3465 videre
2202 3425 2390 3464 nume-

825 3528 917 3568 ros
966 3521 1251 3580 emptans,
1294 3510 1451 3576 idque
1504 3507 1633 3576 ipsis
1688 3507 1862 3559 solum
1920 3503 2243 3565 attribuens,
2303 3516 2389 3553 se-

827 3604 1058 3657 cundum
1108 3600 1383 3669 propriam
1464 3598 1723 3664 cujusque
1775 3594 2161 3660 deﬁnitamque
2215 3609 2391 3659 quan-

828 3697 1063 3749 titatem:
1114 3696 1253 3746 hanc
1294 3700 1471 3743 tamen
1525 3688 1696 3756 ipsam
1743 3702 1847 3738 non
1892 3695 2071 3738 servet
2106 3685 2389 3752 integram,

827 3784 950 3836 dum
985 3782 1038 3834 in
1091 3782 1313 3833 deorum
1356 3778 1601 3831 ordinem
1662 3788 1917 3828 numeros
1974 3771 2159 3839 refert,
2191 3773 2281 3826 sed
2308 3773 2393 3840 (ut

826 3882 982 3925 antea
1012 3872 1121 3939 jam
1155 3867 1421 3935 diximus)
1448 3867 1699 3927 secando,
1729 3865 1999 3931 augendo,
2046 3862 2129 3916 vel
2174 3864 2393 3914 omnino

826 3966 986 4017 etiam
1044 3959 1376 4027 dissipando,
1430 3958 1510 4010 sic
1551 3957 1766 4009 tandem
1824 3957 1967 4022 ipsos
1994 3962 2051 4005 ut
2102 3953 2391 4021 plurimum

828 4070 925 4122 pro
951 4055 1055 4107 diis
1098 4054 1317 4116 adoret;
1372 4051 1657 4102 destruens
1716 4047 1930 4100 interim
1978 4061 2096 4099 eam
2160 4059 2275 4112 qua:
2324 4044 2392 4097 ab

830 4145 983 4198 initio
1037 4148 1226 4196 aderat
1300 4141 1684 4209 quantitatem,
1742 4149 1801 4191 ut
1883 4152 1979 4205 per
2048 4138 2187 4189 hanc
2249 4136 2389 4188 Deus

827 4230 1099 4307 [aliquis]
1126 4235 1235 4296 ﬁat,
1284 4229 1477 4303 ιωιι
1512 4238 1565 4283 et
1596 4231 1697 4283 hac
1748 4228 1900 4299 [ipsa
1956 4225 2205 4297 rursum]
2243 4242 2395 4280 eum-

828 4330 949 4380 dem
1008 4326 1153 4377 illum
1204 4324 1463 4391 spolians.
1520 4320 1703 4389 Neque
1753 4336 1879 4372 vero
1922 4329 2014 4372 aut
2076 4317 2390 4380 ineliabilis,

829 4428 921 4468 aut
949 4426 1132 4483 operta
1174 4415 1480 4483 hujusmodi
1518 4412 1780 4481 theologia
1814 4421 1915 4465 est.
1959 4411 2062 4465 Sed
2114 4413 2227 4463 bzec
2278 4408 2393 4475 ejus

827 4508 1141 4575 sapientior,
1206 4517 1260 4559 et
1309 4506 1479 4559 amati
1527 4504 1743 4574 dignior
1788 4517 1913 4573 pars
1958 4503 2189 4564 videtur,
2248 4501 2387 4566 quod

826 4610 1071 4667 oporteat
1120 4604 1489 4667 ingressurum
1522 4572 1756 4650 inibanc
1792 4572 2188 4647 admirabilem
2242 4595 2393 4647 tbeo-
2429 4572 2469 4625 ί)

826 4694 1045 4760 logiam,
1101 4692 1367 4758 altiusque
1424 4690 1474 4741 in
1524 4689 1838 4742 abscondita
1904 4686 2020 4755 ejus
2082 4696 2392 4754 penetratu-

831 4802 968 4849 rum,
1021 4784 1328 4854 geometriaa
1381 4782 1645 4849 imprimis
1693 4781 1878 4833 rudem
1944 4794 2047 4831 non
2092 4794 2234 4840 esse,
2298 4778 2392 4829 sed

828 4871 1139 4925 numerandi
1182 4883 1395 4939 quoque
1446 4868 1705 4920 rationem
1760 4878 2012 4919 accurate
2050 4878 2262 4919 tenere:
2303 4880 2394 4917 ne—

827 4978 931 5029 que
966 4964 1090 5013 item
1118 4972 1387 5013 astrorum
1441 4960 1825 5025 inspectionem
1885 4958 2059 5009 obiter
2116 4956 2391 5015 didicisse,

827 5056 955 5121 quin
1008 5055 1183 5119 potius
1209 5061 1261 5104 et
1316 5051 1366 5101 in
1424 5050 1643 5103 musicis
1702 5049 2178 5117 speculationibus,
2227 5060 2390 5115 atque

826 5147 957 5197 adeo
994 5144 1134 5196 illius
1166 5142 1541 5195 instrumentis
1570 5155 1688 5193 esse
1727 5140 2101 5193 exercitatum.
2145 5138 2210 5193 Ut
2247 5140 2387 5191 enim

825 5252 853 5286 e
891 5238 1127 5288 numeris
1178 5236 1304 5287 deos
1346 5232 1562 5293 eﬂiciut,
1598 5234 1925 5299 eosdemque
1989 5231 2164 5283 omnis
2203 5244 2381 5281 essen-

2500 3328 2754 3395 φυλάττει
2789 3328 2991 3397 ταύτην
3026 3330 3281 3399 ἀκέραιον
3330 3330 3617 3399 ἀναφέρων
3643 3330 3685 3358 ³³
3719 3330 3798 3390 είς
3835 3328 3897 3379 τὸ
3938 3326 4071 3377 θεῶν

2500 3420 2654 3485 γένος
2710 3421 2938 3482 αὐτοὺς,
2989 3420 3102 3472 ἀλλ’
3137 3420 3211 3481 ὡς
3257 3423 3351 3472 καὶ
3393 3421 3765 3489 προείπομεν,
3820 3419 4069 3487 τέμνων,

2499 3511 2709 3577 αὔξων,
2751 3512 3020 3575 παντοίως
3060 3512 3365 3580 κεραΐζων,
3403 3512 3573 3574 οὓτως
3616 3512 3813 3573 αὐτοὺς
3864 3512 3932 3563 ἐκ
3977 3508 4069 3561 τοῦ

2502 3604 2594 3655 ἐπὶ
2638 3604 2891 3656 πλεῖστον
2934 3604 3090 3667 Θεοὺς
3142 3608 3463 3673 προσκυνεῖ,
3511 3604 3608 3672 τὴν
3655 3603 3755 3671 μὲν
3796 3601 3856 3664 ἐξ
3900 3602 4071 3672 ἀρχῆς

2502 3694 2739 3763 φθείρων
2792 3696 3095 3763 ποσότητα,
3140 3696 3227 3747 ῐνα
3259 3695 3376 3756 θεὸς
3468 3696 3554 3747 διὰ
3597 3694 3800 3761 ταύτην
3820 3733 3834 3756 ,
3869 3694 4071 3758 ταύτης

2500 3787 2543 3839 δ’
2573 3786 2735 3839 αὑτὸν
2763 3787 3083 3859 ἀποστερῶν
3107 3803 3121 3817 ’
3145 3788 3207 3839 οὐ
3236 3787 3342 3855 γὰρ
3369 3788 3676 3855 ἀπόρρητος
3705 3787 3798 3838 καὶ
3834 3785 4071 3853 σεπτὴ³⁸

2501 3880 2534 3947 ἡ
2585 3878 2882 3948 τηλικαύτη
2923 3878 3192 3945 θεολογία.
3241 3880 3313 3931 Τὸ
3350 3880 3405 3931 δὲ
3437 3880 3743 3949 σοφώτερον
3780 3880 3879 3930 καὶ
3922 3878 4071 3944 στέρ-

2501 3971 2693 4038 γεσθαι
2722 3970 2947 4033 δίκαιον,
2978 3970 3057 4022 δεῖ
3083 3969 3161 4039 τῷ
3214 3970 3459 4038 μέλλοντι
3487 3973 3551 4038 τῇ
3585 3969 3864 4037 θαυμασία⁵
3900 3968 4067 4034 ταύτῃ

2501 4060 2803 4129 ὲμϐαθῦναι
2837 4061 3084 4130 θεολογίᾳ
3112 4062 3206 4113 καὶ
3235 4062 3330 4129 τῆς
3370 4059 3725 4127 κρυφιότητος
3746 4059 3879 4109 εἵσω
3904 4059 4067 4109 διεισ-

2498 4150 2653 4203 δῦναι
2684 4151 3024 4221 γεωμετρίας
3073 4153 3171 4218 μὲν
3208 4152 3305 4201 οὐκ
3332 4149 3562 4217 ἀμαθῶς
3593 4149 3758 4217 ἔχειν,
3793 4149 3990 4201 ἐλάσαι
4012 4148 4067 4200 δὲ

2501 4244 2593 4294 καὶ
2624 4241 2759 4310 πρὸς
2780 4241 3146 4311 ἀριθμητικὴν
3168 4240 3573 4310 ἀκριϐολογίαν,
3605 4240 3722 4292 οὐδὲ
3745 4243 3845 4309 τῆς
3872 4242 4066 4310 ἀστρο-

2500 4334 2757 4401 θεάμονος
2795 4332 2981 4400 σοφίας
3031 4334 3089 4386 ὲν
3120 4332 3199 4403 τῷ
3246 4332 3508 4402 παρέργῳ
3544 4331 3643 4400 τὴν
3682 4330 3923 4400 μάθησιν
3971 4346 4064 4381 πε-

2500 4421 2780 4489 ποιῆσθαι,
2820 4422 2916 4475 καὶ
2948 4421 3054 4491 μὴν
3079 4423 3121 4453 ³⁸
3164 4424 3393 4483 καὶτοῖς
3429 4422 3705 4489 μουσικοῖς
3744 4420 4065 4491 θεωρήμασι

2502 4515 2594 4565 καὶ
2626 4513 2689 4582 δὴ
2728 4513 2823 4565 καὶ
2854 4515 3103 4582 ὀργάνοις
3146 4510 3605 4581 ὲγγεγυμνάσθαι.
3647 4513 3762 4564 Ἵνα
3795 4513 3907 4581 γὰρ
3944 4514 4065 4575 τοὺς

2498 4602 2762 4670 ἀριθμοὺς
2817 4602 3111 4673 θεοποιήσῃ
3139 4603 3236 4656 καὶ
3275 4602 3383 4653 τῶν
3422 4601 3589 4654 ὄντων
3632 4603 3728 4670 τῆς
3753 4603 4065 4664 οὺσιώσεως

2496 4692 2700 4753 αἰτίους
2732 4693 2776 4723 ³⁸
2809 4692 3097 4765 ἀναπλάσῃ
3120 4736 3134 4758 ,
3169 4694 3262 4759 ἀφ’
3312 4692 3549 4762 ἑκάστης
3596 4693 3704 4745 τῶν
3756 4694 4064 4762 εἰρημένων

2498 4784 2821 4851 ἐπιστημῶν
2857 4784 2973 4837 ἔνιά
3025 4802 3145 4836 τινα
3183 4782 3289 4835 τῶν
3345 4783 3717 4853 θεωρημάτων
3762 4787 3827 4851 τῇ
3870 4784 4062 4855 περὶ³⁷

2495 4876 2621 4936 τοὺς
2675 4874 2940 4942 ἀριθμοὺς
2973 4876 3245 4943 ὲνυφαίνει
3295 4873 3657 4945 θεοπλαστίᾳ,
3695 4868 3769 4928 ὧν
3800 4878 3833 4945 ή
3871 4876 4008 4941 ἀγνο
4030 4894 4063 4927 α

2497 4962 2747 5031 ἐμποδὼν
2779 4962 2844 5015 ἂν
2876 4963 3033 5030 σταίη
3068 4962 3204 5031 πρὸς
3228 4961 3325 5032 τὴν
3370 4962 3479 5013 τῶν
3525 4962 3857 5031 τηλικούτων
3898 4979 4064 5031 μυστ-

2498 5052 2766 5118 αγωγίαν,
2800 5052 2893 5103 καὶ
2924 5053 3099 5120 μάτην
3144 5052 3204 5103 τὸ
3256 5052 3535 5121 πρόθυμον
3592 5051 3991 5116 ὲπιδείξεται³³
4038 5052 4062 5101 ό

2496 5145 2617 5203 ταῖς
2663 5143 2982 5210 εἰρημέναις
3032 5142 3105 5212 μὴ
3144 5143 3522 5210 προτελεσθεὶς
3554 5143 3913 5212 ἐπιστήμαις.
3958 5142 4062 5194 Καὶ

2496 5230 2574 5281 δεῖ
2615 5232 2743 5297 ἄρα,
2800 5231 2873 5293 ὡς
2915 5232 3078 5295 ἔοικε,
3120 5231 3231 5302 βίον
3262 5233 3549 5303 ἀνθρώπου
3593 5233 3927 5303 κατατρῖψαι
3976 5233 4062 5285 καὶ

2117 5363 2345 5417 VARI/13
2390 5362 2795 5419 LEC'I‘IONES.

896 5492 974 5521 ιιι
1007 5490 1061 5551 ξς
1112 5507 1174 5557 με
1208 5489 1317 5556 γάρ
1344 5487 1523 5555 ἀθρῶν
1558 5505 1613 5549 ς,
1688 5489 1728 5518 ³¹
1751 5488 1896 5555 παρὰ
1922 5487 1957 5537 Α
1987 5504 1997 5537 :
2026 5487 2151 5553 περὶ
2177 5503 2235 5547 ς.
2314 5488 2357 5515 ³³
2384 5485 2670 5553 ἀναφέρων
2694 5494 2812 5557 Ωοδῑ
2854 5486 3006 5552 γένος
3028 5488 3171 5555 βοηίι
3196 5505 3255 5551 ς’·

1454 5560 1495 5585 ³⁸
1536 5559 1710 5619 αἰτίας
1745 5574 1802 5619 ς.
1881 5558 1922 5585 ³⁷
1956 5558 2081 5625 περὶ
2116 5558 2156 5609 Α
2195 5574 2206 5606 :
2239 5556 2371 5625 πρὸς
2400 5572 2461 5618 ς’.
2537 5557 2581 5586 ³⁸
2609 5556 2909 5620 ὲπιὸἐξεται
2939 5573 2997 5619 τ.

825 5560 914 5613 καὶ
945 5563 987 5613 Λ
1033 5582 1043 5611 :
1092 5561 1196 5629 μὴν
1223 5563 1278 5609 ἐν
1316 5575 1373 5620 ς’.

3386 5488 3430 5527 ³⁸
3474 5488 3679 5556 σκεπτὴ
3720 5504 3781 5551 ς.
3886 5489 3933 5521 ³³
3959 5488 4057 5558 μὴν

2331 5664 2561 5736 NOT/E,

890 5793 1003 5861 (77.)
1034 5793 1197 5847 Cuius
1257 5790 1375 5845 libri
1440 5791 1541 5844 duo
1579 5790 1763 5843 Graece
1806 5789 1933 5841 editi
2000 5788 2214 5842 l‘arisits
2274 5806 2363 5841 au.
2428 5786 2582 5839 1.333.
