4224 6446
150 384 249 446 593
1164 389 1679 451 lilBLlOl‘HECA.
1716 417 1782 429 -
1803 396 1965 457 COD.
2000 399 2375 462 CLXXXVII.
3288 406 3387 471 594

143 491 534 559 προαναλῶσαι
582 494 678 560 τῆς
742 490 990 561 θεολόγου
1041 494 1243 563 ταύτης
1304 496 1410 548 τῶν
1464 498 1713 566 ἀριθμῶν

1758 502 1794 561 Α
1819 503 1904 556 tia:
1945 519 2121 560 rerum
2158 510 2562 563 snbsistentium
2598 520 2843 565 auctores
2887 526 2950 565 ne
2992 526 3188 567 causas
3236 517 3387 568 ellin-

144 583 462 650 τερατείας,
500 586 594 635 καὶ
625 585 984 654 φιλοσοφῆσαι
1011 590 1121 648 τοῖς
1148 587 1193 618 ³⁸
1234 586 1519 655 μαθήμασι
1555 604 1720 641 σπου-

1822 604 1931 663 gat,
1992 611 2023 650 e
2054 598 2280 667 singulis
2318 602 2431 669 jam
2486 601 2775 654 nominatis
2830 602 3131 670 disciplinis
3172 604 3385 657 theore-

142 674 331 735 δαίως,
371 674 438 725 ἶν’
474 676 569 744 ἐξῇ
615 677 705 727 καὶ
736 676 1161 745 ματαιολογῆσαι
1202 678 1441 739 τελείως.
1502 680 1587 741 Ὠς
1622 682 1721 749 μὲν

1823 694 1966 739 mata
2023 690 2265 755 qumdam
2334 692 2459 745 huic
2529 691 2751 745 deorum
2816 692 3068 748 eﬂictioni
3149 696 3382 758 intexit;

139 759 231 813 οὖν
274 764 339 813 ἐν
397 766 708 833 κεφαλαίῳ,
747 767 951 834 μᾶλλον
990 768 1043 820 δὲ
1087 770 1220 838 πρὸς
1262 771 1360 839 τὴν
1412 770 1721 840 ἐπιγραφὴν

1824 789 2048 840 quorum
2096 778 2307 832 scilicet
2369 780 2637 848 ignoratio
2696 790 2843 834 tanto
2878 784 2950 835 sit
2978 785 3043 835 ad
3076 782 3383 850 huiusmodi

140 855 347 919 φάναι,
397 856 636 909 τοιοῦτον
684 860 717 926 ἡ
758 859 849 910 τοῦ
896 859 1203 929 Γερασηνοί)
1253 862 1567 931 Νικομάχου
1601 863 1720 916 θεο-

1827 869 2209 935 mystagogiam
2257 870 2637 938 impedimento
2676 870 2876 936 futura,
2910 882 2966 937 ut
2996 872 3198 926 frustra
3224 890 3381 925 suam

140 943 326 1009 λογίαι.
1829 959 1894 1009 ad
1930 958 2245 1013 discendum
2304 962 2635 1016 alacritatem
2682 979 2791 1031 pra:
2834 979 2892 1017 se
2941 966 3077 1017 [erat
3117 965 3227 1027 ille,
3270 966 3389 1031 qui-

140 1056 370 1107 cunque
406 1042 738 1109 supradictis
783 1045 1081 1111 disciplinis
1120 1047 1231 1115 jam
1272 1058 1429 1103 antea
1490 1050 1725 1102 imbutus
1786 1064 1889 1101 non
1946 1049 2129 1103 fuerit.
2198 1052 2375 1117 Quare
2434 1062 2701 1122 oporteat,
2757 1064 2815 1107 ut
2874 1065 3120 1122 apparet,
3177 1064 3388 1107 aetatem

141 1148 467 1186 nnuwrsani
537 1138 601 1187 iis
660 1137 961 1204 disciplinis
1016 1141 1303 1209 diligenter
1366 1144 1724 1195 incnmbendo
1762 1147 2104 1208 contrivisse,
2138 1159 2297 1214 atque
2335 1149 2757 1215 consumpsisse,
2813 1157 3103 1217 antequam
3152 1150 3217 1200 ad
3277 1150 3387 1199 Iure

142 1224 461 1292 theologica
500 1226 644 1277 circa
674 1242 947 1293 numeros,
975 1241 1028 1283 et
1071 1232 1374 1300 prodigiosa
1410 1244 1709 1286 commenta
1745 1234 2003 1294 veniatur.
2062 1252 2169 1300 quo
2223 1239 2452 1292 delirare
2532 1241 2747 1293 tandem
2815 1242 3026 1310 penitus
3096 1244 3188 1297 tibi
3262 1260 3389 1298 cun-

144 1324 407 1367 cedatur.
499 1311 630 1366 Tale
684 1317 814 1382 quid
872 1317 1034 1385 igitur
1094 1321 1444 1379 summatim.
1506 1321 1589 1374 vel
1646 1320 1711 1373 de
1766 1322 1879 1374 solo
1942 1326 2118 1391 potius
2191 1330 2341 1381 titulo
2398 1330 2685 1399 loquendo,
2750 1328 3065 1387 Nicomachi
3130 1332 3389 1391 Geraseni

140 1408 421 1473 theologia
453 1417 559 1459 est.

213 1495 340 1564 [461
387 1496 481 1565 R.]
525 1499 686 1565 Λέγει
710 1498 888 1569 δὲτὴν
921 1500 1123 1569 μονάδα
1152 1501 1285 1555 ἀλλα
1316 1521 1374 1555 τε
1425 1506 1524 1556 οὐκ
1568 1504 1723 1572 ὀλίγα

140 1589 249 1639 τῶν
312 1588 655 1656 πλασμάτων
700 1592 765 1659 τῇ
810 1592 937 1659 περὶ
978 1593 1147 1660 αὐτὴν
1190 1594 1416 1663 ἀληθεία
1469 1597 1561 1647 καὶ
1612 1599 1723 1657 τοῖς

141 1677 418 1747 προσ-οὖσι
450 1680 494 1707 ⁸ο
530 1682 777 1745 φυσικοῖς
810 1680 1060 1748 ίδιώμασι
1115 1686 1476 1751 καταμιγνὺς,
1528 1687 1618 1736 καὶ
1648 1685 1722 1747 ὠς

141 1766 265 1827 νοῦς
302 1764 562 1836 [⁵158114
606 1784 664 1817 τε
710 1767 816 1836 εἴη,
874 1765 991 1819 εἶτα
1048 1769 1142 1820 καὶ
1194 1771 1579 1839 άρσενόθηλυς,
1630 1773 1724 1822 καὶ

141 1861 296 1920 Θεὸς,
341 1860 438 1910 καὶ
463 1858 561 1927 ’ὑλη
607 1860 664 1910 δέ
722 1878 857 1922 πως,
902 1861 1077 1913 πάντα
1120 1863 1373 1933 χρήματα
1432 1865 1625 1931 μιγνὺς
1650 1862 1723 1924 ὼς

141 1951 388 2017 ἀληθῶς,
454 1952 548 2002 καὶ
599 1952 896 2019 πανδοχεὺς
947 1952 1132 2004 λοιπὸν
1186 1952 1277 2003 καὶ
1322 1954 1597 2021 χωρητικὴ
1632 1954 1725 2004 καὶ

142 2044 312 2112 χάος,
374 2044 676 2111 σύγχυσις,
729 2044 1049 2113 σύγκρασις,
1102 2045 1371 2113 ἀλαμπία,
1438 2046 1722 2107 σκοτωδία,

144 2137 358 2203 χάσμα,
418 2136 717 2204 Τάρταρος.
777 2136 885 2188 Καὶ
947 2136 1123 2203 Στύγα
1157 2137 1211 2187 δὲ
1243 2138 1410 2206 αὐτὴν
1440 2138 1723 2205 τερατολο-

145 2225 330 2290 τοῦσι,
395 2226 489 2277 καὶ
546 2227 845 2293 φρικωδίαν
914 2228 1006 2279 καὶ
1069 2227 1291 2295 ἀμιξίαν
1330 2230 1421 2280 καὶ
1456 2230 1727 2298 βάραθρον

150 2316 501 2383 ὑποχθόνιον,
542 2317 635 2368 καὶ
665 2316 867 2384 Λήθην,
908 2318 999 2368 καὶ
1043 2318 1274 2386 στιφρὰν
1305 2320 1592 2387 παρθένον,
1634 2322 1726 2371 καὶ

151 2409 427 2459 Ἄτλαντα
446 2423 460 2436 ⁸
493 2406 633 2469 eam
654 2408 713 2459 τέ
735 2411 881 2460 ἐστιν
911 2410 1092 2470 αὐτοῖς
1117 2410 1210 2461 καὶ
1241 2410 1388 2477 ἥλιος
1428 2412 1520 2462 καὶ
1550 2413 1727 2479 πυρά-

146 2499 281 2562 λιος,
346 2499 443 2549 καὶ
496 2496 688 2566 μορφὼ
743 2498 800 2550 δὲ
840 2500 934 2550 καὶ
980 2499 1145 2558 Ζανὸς
1176 2500 1405 2569 πύργος,
1438 2502 1533 2552 καὶ
1561 2518 1729 2568 σπερ-

150 2590 389 2657 ματίτης
429 2589 605 2654 λόγος,
646 2582 915 2641 Ἀπόλλων
959 2607 1016 2641 τε
1048 2591 1139 2641 καὶ
1193 2592 1475 2661 προφήτης
1510 2592 1601 2643 καὶ
1640 2593 1725 2642 λό-

148 2695 289 2744 γιος.
327 2679 395 2729 Ἡ
424 2679 483 2729 δὲ
516 2680 622 2732 τῶν
654 2680 933 2746 ὀνομάτων
960 2682 1107 2732 αἰτία
1145 2681 1177 2748 ἡ
1208 2680 1305 2747 μὲν
1336 2682 1529 2748 φρενὸς
1561 2684 1727 2735 ἀστά-

150 2787 242 2821 του
287 2768 388 2820 καὶ
420 2770 943 2839 δεισιδαιμονούσης,
992 2775 1023 2841 η
1062 2773 1117 2824 δὲ
1145 2774 1264 2825 οὐδὲ
1299 2774 1397 2839 τῆς
1428 2770 1727 2840 παιδαριώ·

148 2860 273 2922 δους
304 2862 708 2923 ἀνατυπώσεως
738 2863 1154 2933 άπηλλαγμένη.
1197 2864 1335 2916 Ἀλλ’
1366 2866 1397 2931 ἠ
1432 2863 1530 2932 μὲν
1563 2862 1728 2931 μονάς

150 2953 296 3004 οὕτω
332 2954 636 3022 Νικομάχῳ
672 2958 765 3007 καὶ
794 2958 907 3016 τοῖς
960 2956 1127 3008 αὐτοῦ
1181 2955 1524 3017 διδασκάλοις
1550 2954 1727 3006 θεολο-

153 3046 337 3111 γείταί
364 3062 424 3097 τε
464 3045 581 3114 ἅμα
614 3048 708 3099 καὶ
737 3046 987 3115 βάλλεται
1024 3045 1200 3115 ὖὸρει.

240 3332 305 3383 Ἦ
342 3331 399 3383 δὲ
415 3330 546 3392 δυὰς
577 3330 752 3399 τόλμα
808 3328 869 3384 τέ
912 3331 1059 3383 ἐστιν
1102 3330 1305 3393 αὐτοῖς,
1352 3334 1444 3383 καὶ
1476 3331 1597 3401 ὖλη,
1639 3334 1733 3385 καὶ

154 3426 265 3478 τῶν
322 3424 598 3491 ἀνομοίων
654 3423 817 3487 αἰτία,
858 3423 951 3476 καὶ
1012 3422 1332 3491 μεταίχμιον
1376 3423 1611 3491 πλήθους
1644 3427 1731 3476 καὶ

161 3516 415 3585 μονάδος.
466 3515 557 3565 Ἐκ
599 3512 898 3573 συνθέσεώς
931 3530 988 3565 τε
1034 3514 1127 3565 καὶ
1184 3515 1572 3581 κατακράσεως
1598 3515 1732 3582 μόνη

164 3612 280 3660 ἶσον
310 3608 480 3665 ποιεῖ.
499 3606 578 3657 διὸ
605 3606 699 3657 καὶ
726 3607 839 3674 ἴση.
889 3606 1048 3658 Ἀλλά
1083 3607 1170 3657 καὶ
1198 3606 1397 3667 ἄνισος,
1450 3608 1539 3657 καὶ
1570 3607 1735 3657 ἔλλει-

157 3698 272 3762 ῲις,
318 3695 415 3747 καὶ
442 3694 797 3761 πλεονασμὸς,
848 3694 942 3744 καὶ
999 3696 1134 3762 μόνη
1190 3694 1592 3763 ἀσχημάτιστος
1642 3696 1736 3748 καὶ

159 3790 418 3857 ἀόριστος
440 3788 536 3837 καὶ
567 3787 810 3853 ἄπειρος,
837 3787 977 3855 ἀρχή
1018 3803 1077 3837 τε
1110 3787 1294 3855 ἀρτίου
1330 3787 1485 3856 μόνη,
1517 3788 1611 3839 καὶ
1638 3788 1737 3839 οὐκ

160 3881 377 3947 ἄρτιος,
414 3878 477 3928 οὐ
509 3879 614 3944 μὴν
640 3876 749 3927 οὐδ’
779 3877 1029 3944 ἀρτιάκις
1070 3878 1253 3945 ἀρτία,
1287 3878 1406 3929 οὐδὲ
1441 3880 1736 3947 περισσάρ-

159 3985 298 4029 τιος,
320 3966 437 4018 οὐδ’
470 3966 897 4034 ἀρτιοπέριττος.
936 3965 1094 4016 Ἀλλά
1122 3966 1326 4019 τούτων
1355 3967 1452 4031 μὲν
1481 3968 1549 4020 τά
1572 3968 1738 4019 πλείω

162 4058 334 4123 ἐγγύς
387 4058 503 4107 ἐστι
562 4059 627 4124 τῇ
680 4056 866 4117 δυάδος
919 4058 1119 4125 φυσικῇ
1182 4058 1445 4126 ἰδιότητι.
1488 4058 1607 4111 ἂδὲ
1641 4060 1739 4127 τῆς

160 4147 474 4217 τερατείας,
500 4147 650 4214 πηγή
687 4146 998 4214 ὲστιπάσης
1027 4147 1361 4216 συμφωνίας,
1388 4148 1483 4199 καὶ
1506 4148 1738 4200 Μουσῶν

163 4246 195 4309 ἡ
271 4237 509 4309 Ἐρατὼ,
571 4239 665 4290 καὶ
730 4238 965 4306 ἁρμονία
1016 4239 1083 4299 δι,
1126 4240 1220 4290 καὶ
1263 4239 1599 4308 τλημοσύνη,
1646 4241 1739 4291 καὶ

165 4333 313 4401 ῥίζα,
350 4331 415 4383 οὺ
452 4330 571 4381 κατ’
589 4330 868 4398 ὲνέργειάν
894 4346 1000 4393 πω,
1034 4332 1124 4383 καὶ
1170 4330 1419 4398 δύναμις,
1458 4332 1550 4383 καὶ
1580 4332 1740 4393 πόδες

164 4422 542 4475 πολυπιδάκου
568 4420 613 4450 δ’
645 4421 809 4487 Ἴδης,
841 4420 933 4472 καὶ
953 4420 1212 4489 κορυφαὶ,
1249 4421 1340 4471 καὶ
1362 4420 1559 4491 Φάνης.
1580 4422 1739 4474 Ἀλλά

1900 1503 1974 1557 οε
2000 1505 2208 1558 unitate
2238 1520 2366 1576 ergo
2387 1509 2605 1575 (praeter
2637 1509 2739 1561 alia
2770 1509 3020 1577 ﬁgmenta
3067 1526 3173 1564 non
3201 1529 3391 1582 pauca.

1827 1610 1948 1661 qua:
1988 1595 2147 1649 rebus
2177 1597 2240 1650 de
2285 1612 2347 1648 ea
2400 1598 2557 1661 veris,
2588 1601 3035 1668 naturalibusque
3086 1605 3390 1670 proprieta-

1832 1688 1973 1739 tihus
2014 1687 2067 1739 in
2106 1702 2223 1740 eam
2270 1690 2667 1757 quadrantibus
2708 1692 2988 1759 admiscet)
3036 1694 3203 1746 etiam
3263 1694 3391 1748 illud

1829 1778 1992 1832 rel'ert
2027 1796 2040 1830 :
2076 1778 2304 1833 Mentem
2360 1782 2495 1835 hanc
2547 1798 2685 1845 esse,
2729 1784 2921 1836 deinde
2967 1792 3023 1837 et
3055 1785 3171 1837 viro
3232 1784 3389 1839 lenui-

1828 1883 1949 1919 nam
2002 1869 2136 1937 (78),
2190 1886 2251 1923 ac
2302 1871 2488 1937 Deum,
2534 1885 2588 1926 et
2639 1877 2917 1927 materiam
2970 1877 3390 1944 quodammodo.

1829 1958 2081 2014 Eamdem
2134 1978 2220 2016 res
2258 1979 2445 2017 omnes
2491 1979 2675 2017 revera
2730 1967 2976 2029 miscere,
3029 1978 3084 2020 et
3134 1968 3393 2035 deinceps

1827 2050 2069 2102 onmium
2121 2054 2470 2121 receptricem
2520 2070 2639 2107 esse
2692 2064 2852 2121 atque
2893 2072 3172 2124 capacem,
3203 2058 3387 2120 chaos,

1828 2139 2198 2195 confusionem
2225 2182 2239 2207 ,
2304 2148 2853 2213 contemperationem
2879 2188 2896 2212 ,
2953 2150 3347 2204 obscuritatem
3375 2191 3391 2213 ,

1829 2235 2097 2295 tenebras,
2134 2236 2355 2298 hiatum,
2412 2236 2701 2291 Tartarum
2766 2240 2983 2309 insuper
3044 2243 3223 2307 hanc,
3282 2244 3391 2295 imo

1829 2326 1991 2393 Styga
2038 2341 2157 2379 esse
2210 2338 2495 2396 nugantur,
2536 2340 2588 2383 et
2642 2330 2947 2391 horrorem.
2984 2342 3151 2398 atque
3189 2335 3388 2401 imper-

1831 2419 2137 2469 mtstionem
2190 2437 2203 2471 :
2262 2419 2574 2472 barathrum
2641 2436 2854 2488 quoque
2932 2425 3385 2485 subterraneum,

1828 2505 2053 2569 Lethen,
2087 2510 2309 2577 rigidam
2364 2509 2624 2579 virginem
2664 2511 2794 2581 (79),
2833 2522 2887 2567 et
2941 2515 3234 2565 Allantem.
3260 2516 3391 2566 Asis

1831 2609 2090 2663 praeterea
2118 2602 2248 2667 ipsis
2277 2612 2381 2665 est,
2406 2613 2461 2653 et
2492 2602 2604 2666 Sol,
2630 2610 2683 2655 et
2709 2601 2976 2673 Pyralios.
3003 2603 3230 2669 Morpho
3252 2604 3388 2672 (80),

1827 2687 1974 2742 Jovis
2015 2706 2133 2755 arx,
2180 2706 2242 2745 ac
2281 2692 2556 2745 seminalis
2618 2694 2778 2748 ratio.
2812 2694 3004 2762 Apollo
3056 2698 3123 2747 ad
3174 2697 3288 2747 hzec
3338 2707 3385 2746 et

1830 2782 2116 2849 propheta,
2144 2795 2197 2835 et
2222 2782 2496 2837 fatidicus.
2529 2782 2814 2837 Nontinum
2852 2801 2979 2837 vero
3006 2788 3196 2838 horum
3230 2788 3389 2847 ratio,

1831 2875 2025 2941 partim
2053 2891 2080 2926 a
2107 2886 2285 2928 mente
2306 2885 2388 2929 est
2416 2876 2675 2937 instabili,
2699 2891 2761 2929 ac
2782 2878 3179 2943 superstitiosa,
3199 2878 3391 2943 partim

1833 2976 1897 3013 ne
1924 2976 1952 3012 a
1984 2962 2175 3029 puerili
2204 2963 2415 3029 quidem
2446 2963 2671 3015 recessit
2698 2963 3102 3031 imaginatibne.
3127 2963 3391 3017 Caeterum

1833 3054 2014 3107 unitas
2050 3055 2149 3108 hoc
2193 3066 2347 3123 pacto
2376 3070 2403 3106 a
2443 3053 2792 3119 Nicomacho,
2825 3056 3046 3123 ejusque
3096 3068 3389 3124 pracepto-

1758 3160 1800 3216 ρ
1834 3144 1983 3197 ribus
2024 3145 2181 3198 simul
2236 3146 2287 3198 in
2326 3146 2455 3198 deos
2496 3142 2747 3209 refertur,
2796 3155 2850 3199 et
2898 3146 3225 3200 contumelia
3274 3147 3389 3198 alli-

1833 3244 1996 3289 Clllll'.

1909 3327 2045 3395 ltyas
2074 3326 2285 3387 deinde,
2332 3343 2425 3379 seu
2455 3328 2697 3382 binarius
2723 3368 2739 3391 ,
2772 3330 2997 3383 audacia
3033 3332 3165 3397 ipsis
3205 3340 3287 3383 est
3334 3346 3395 3382 ac

1837 3420 2083 3482 materia,
2120 3420 2573 3487 dissimiliunitpie
2608 3437 2791 3485 causa,
2844 3434 2898 3473 et
2946 3424 3208 3474 unitatem
3258 3424 3397 3473 inter

1836 3525 1897 3560 ac
1962 3512 2361 3564 multitudinem
2430 3514 2804 3565 interstitium.
2868 3512 2944 3564 Ex
3008 3513 3399 3579 compositiom:

1836 3612 1998 3667 atque
2044 3604 2391 3667 permistionc
2442 3604 2589 3657 solus
2640 3605 2743 3657 hic.
2775 3604 3135 3671 mqualitatem
3187 3601 3392 3655 eilicit:

1837 3709 2006 3760 quare
2040 3695 2200 3746 etiam
2235 3696 2455 3761 aequalis
2484 3707 2586 3759 est,
2622 3698 2711 3749 sed
2756 3706 2810 3749 et
2851 3695 3133 3763 inatqualis
3166 3706 3269 3755 est.
3309 3698 3399 3748 dc-

1838 3786 2114 3853 l'cctnsqne
2162 3795 2215 3838 et
2254 3786 2440 3857 1&3!)
2485 3788 2810 3840 abundantia
2843 3805 2855 3839 :
2895 3788 3037 3840 solus
3066 3787 3194 3839 item
3225 3786 3377 3857 infnr

1841 3878 1965 3939 niis,
1990 3888 2041 3928 et
2072 3875 2398 3939 indelinitus,
2423 3891 2724 3943 carensque
2760 3877 3011 3928 termino.
3052 3874 3210 3927 Solus
3243 3876 3398 3941 paris

1842 3969 1966 4020 tatis
2013 3965 2378 4034 principium:
2430 3982 2528 4018 nec
2572 3976 2748 4017 tamen
2805 3981 2921 4031 par,
2964 3979 3139 4032 neque
3184 3980 3397 4017 rursum

1840 4060 2043 4127 pariter
2094 4074 2210 4122 par,
2262 4074 2433 4125 neque
2486 4059 2763 4125 inipariter
2816 4073 2933 4126 pur,
2989 4072 3165 4125 neque
3202 4055 3401 4123 pariter

1842 4151 2030 4217 impar.
2071 4146 2269 4201 Verum
2308 4151 2499 4201 horum
2535 4150 2764 4215 plurima
2792 4146 2968 4198 allinia
3003 4158 3130 4199 sunt
3172 4146 3399 4197 naturali

1841 4242 2035 4294 hinarii
2078 4242 2246 4308 ipsius
2277 4240 2619 4308 proprietati.
2668 4238 2798 4303 Quze
2831 4253 2959 4291 vero
2994 4237 3058 4289 ad
3098 4238 3399 4306 prodigiosa

1841 4341 2140 4384 commenta
2168 4334 2457 4398 pertinent,
2492 4332 2604 4383 hanc
2631 4329 2747 4383 fere
2773 4340 2918 4382 sunt.
2942 4329 3087 4382 Fons
3112 4340 3198 4380 est
3226 4330 3402 4381 ututiis

1844 4431 2159 4481 concentus,
2211 4433 2265 4471 et
2319 4421 2458 4473 inter
2508 4420 2686 4473 Musas
2721 4420 2906 4481 Erato,
2964 4419 3205 4485 itemque
3262 4415 3400 4468 Har-

167 4515 263 4565 καὶ
300 4514 416 4563 ἴσον
444 4512 542 4563 Δία
568 4511 613 4541 ⁸³
632 4511 729 4578 τὴν
784 4511 949 4562 δυάδα
977 4513 1008 4579 ἡ
1051 4512 1426 4579 μυθοπλαστία
1470 4512 1725 4580 θεολογεῖ,

1770 4497 1813 4550 Ῐ)
1844 4513 2041 4565 monia.
2078 4509 2383 4563 Tolerantia
2419 4513 2624 4574 adluec,
2654 4513 2910 4576 radiane
2934 4552 2949 4575 ,
3012 4512 3112 4562 etsi
3149 4525 3251 4561 non
3281 4518 3400 4559 actu

598 4604 690 4653 καὶ
709 4596 869 4663 Ἶσιν,
915 4603 1006 4652 καὶ
1065 4601 1247 4667 φύσιν,
1298 4603 1389 4653 καὶ
1432 4603 1614 4663 Ῥέαν,
1642 4606 1738 4656 καὶ

167 4694 492 4761 διομάτερα,
523 4694 616 4744 καὶ
663 4692 844 4760 πηγὴν
868 4692 1129 4759 διανομῆς
1157 4706 1169 4720 '
1202 4692 1314 4743 ἐστι
1363 4694 1408 4744 δ’
1444 4696 1627 4757 αὐτοῖς
1662 4696 1737 4758 ὡς

180 4784 308 4834 Ῥέα
333 4784 427 4833 καὶ
454 4781 658 4851 Φρυγία
691 4782 783 4832 καὶ
826 4780 990 4833 Λυδία
1018 4784 1109 4832 καὶ
1136 4783 1463 4852 Δινδυμήνη,
1502 4786 1596 4839 καὶ
1638 4787 1738 4854 Δή-

173 4891 361 4943 μητρα
388 4874 483 4925 καὶ
524 4872 844 4933 Ἐλευσινία,
899 4874 993 4924 καὶ
1044 4874 1326 4942 Ἄρτεμις,
1371 4877 1464 4927 καὶ
1499 4878 1735 4948 Ἵμερος,

172 4967 263 5015 καὶ
292 4962 580 5026 Δίκτυννα,
608 4962 701 5014 καὶ
744 4960 944 5030 ’Λερία,
984 4963 1077 5014 καὶ
1119 4960 1387 5034 Ἀστερία,
1444 4968 1536 5019 κα)⁴
1581 4971 1739 5023 Δίσα-

167 4604 261 4654 καὶ
288 4603 448 4671 δίκην
475 4603 539 4665 ⁸⁵,

1841 4604 2250 4672 quodammodo,
2303 4614 2539 4671 potestas
2590 4613 2869 4671 praeterea,
2924 4611 2977 4653 et
3028 4600 3192 4668 pedes
3238 4598 3401 4651 fonti-

1842 4699 1942 4749 bus
1961 4698 2072 4765 (Sl)
2092 4696 2413 4750 abundantis
2440 4696 2562 4757 Idm,
2588 4711 2651 4747 ac
2682 4696 2930 4756 vertices,
2958 4701 3013 4745 et
3038 4691 3403 4757 Phanes(82).

1842 4789 1979 4854 Quin
2028 4800 2081 4841 et
2120 4805 2149 4840 a
2182 4790 2392 4841 binario
2437 4803 2646 4855 :equum
2682 4801 2801 4839 esse
2852 4785 3061 4844 Jovem.
3100 4783 3401 4836 tabularum

1844 4884 1957 4934 haec
2017 4879 2194 4947 liglina
2244 4880 2536 4946 theologice
2563 4880 2796 4945 disputat
2829 4894 2843 4929 :
2882 4876 3155 4929 Justitiam
3181 4876 3295 4942 (85)
3315 4875 3381 4925 ad

1848 4977 1958 5027 haec
1992 4989 2108 5026 esse
2157 4973 2354 5040 Dyadu,
2389 4982 2441 5023 et
2486 4970 2613 5032 Isin,
2659 4968 2935 5029 Naturam,
2981 4980 3044 5018 ac
3081 4964 3313 5026 Rheam,
3350 4972 3402 5011 et

1444 5085 1673 5142 VARIAS
1712 5091 2113 5147 LECTIONES.

246 5200 288 5229 ³⁹
311 5197 445 5267 τοῖς]
490 5199 613 5267 περὶ
641 5203 753 5262 τοῖς
785 5202 847 5254 Α.
949 5202 991 5231 ⁸ο
1024 5196 1298 5267 προσιοῦσι
1340 5218 1398 5261 ς,

177 5271 221 5299 ι’
261 5270 363 5320 Δία
393 5270 478 5321 διὰ
514 5270 610 5338 τῄν
636 5286 697 5332 ς.
773 5272 817 5301 ⁸⁸
846 5270 963 5337 ἴσην
1015 5286 1095 5337 pr.
1136 5272 1202 5322 A.

1484 5203 1521 5231 “
1561 5204 1814 5277 ἁρμονία]
1847 5207 2081 5278 ἁρμονία
2097 5207 2239 5276 ωδυη
2272 5202 2378 5257 οἷον
2413 5206 2655 5271 ὑπομονὴ
2696 5205 2743 5251 ι.

2860 5198 2901 5225 δ’
2931 5192 3297 5251 πολυπίδακος
3338 5209 3398 5251 (Γ.

1701 5337 1932 5395 NOTAE.

248 5432 363 5489 (73)
412 5428 817 5493 Ἀρσενόοηλυς.
856 5430 1006 5495 Quod
1070 5430 1137 5482 de
1196 5428 1431 5481 Minerva
1487 5424 1734 5492 Orpheus

180 5517 395 5571 quoque
430 5501 632 5567 hymno
686 5501 881 5571 cecinit
906 5501 1111 5571 ’Λρσην
1150 5500 1247 5567 μὲν
1277 5495 1562 5571 καὶ-θῆλυς

247 5574 358 5639 (79)
410 5565 647 5638 Στιφρὰν
679 5565 1077 5637 παρθένονξιιιι
1114 5565 1339 5631 Seneca,
1370 5565 1574 5627 Medea,
1610 5567 1732 5618 Dia-

184 5660 299 5696 nam
340 5639 475 5691 dixit
506 5656 743 5702 asperum
773 5640 1042 5707 uirginem.

256 5712 368 5775 (80)
402 5711 624 5761 Veneris
671 5710 720 5761 id
769 5710 904 5774 apud
952 5709 1379 5763 Lacedaemonios
1408 5721 1730 5774 cognomen-

183 5793 312 5842 tum,
336 5784 401 5833 dc
435 5788 539 5847 qua
568 5778 796 5831 l'ausan.
838 5778 1075 5833 Laconici

1917 5431 2028 5496 (81)
2058 5429 2287 5481 llnntero
2320 5444 2532 5497 quoque
2574 5438 2692 5478 nota
2726 5425 3189 5497 τέολυττίδσιξῃέίδηἶ

1909 5494 2017 5568 (δῖ)
2051 5502 2140 5552 Sol
2176 5503 2259 5551 hic
2284 5494 2621 5568 quihusdanh
2644 5498 2765 5547 aliis
2797 5498 2980 5549 Antor.
3001 5494 3149 5568 rVide
3176 5494 3395 5568 Sublati.

1842 5563 1921 5623 ct-
1953 5563 2170 5639 Gvrald.
2202 5563 2314 5639 _De'
2344 5568 2524 5620 Phnne
2583 5566 2815 5619 Thebaru
2869 5567 3100 5633 quodam
3157 5563 3397 5615 meminit

1841 5637 2069 5693 Pausan.
2101 5642 2150 5690 in
2183 5637 2505 5693 Corinlltiac.

1912 5712 2023 5777 (85)
2065 5711 2195 5778 Δίκη
2229 5712 2293 5763 de
2315 5725 2416 5777 qua
2448 5707 2755 5775 inytholugi.
