4224 6446
791 371 895 438 595

1940 375 2201 438 PHOTII
2237 377 2736 437 PATRIARCHE
2778 379 2882 436 (ΖΡ.

790 484 937 537 Jovis
960 492 1206 547 matrem,
1240 483 1547 553 fontemque
1573 485 1986 541 distributionis.
2011 490 2103 543 Est
2130 490 2345 555 insuper
2374 496 2419 551 Α
2450 508 2458 557 ι

2374 496 2419 551 Α
2450 506 2546 557 μος
2578 492 2668 541 καὶ
2714 488 2903 547 Ἐστὼ,
2955 486 3045 540 καὶ
3095 487 3198 556 μὴν
3245 488 3335 541 καὶ
3376 489 3653 559 Ἀφροδίτη
3691 490 3787 543 καὶ
3819 492 4018 560 Attium,

791 575 921 640 ipsis
947 586 1194 640 tanquam
1227 574 1373 626 llhea
1403 582 1510 627 tam
1536 573 1790 645 Phrygia,
1815 591 1975 643 quam
2003 576 2167 646 Lydia
2190 587 2348 644 atque

792 664 1121 734 Dindymene
1169 663 1301 730 (84).
1336 664 1583 718 Demetra
1630 666 1741 735 (85)
1778 681 1988 736 quoque
2037 676 2086 720 et
2140 668 2349 720 Eleusi-

794 757 900 819 nia,
924 755 1111 818 Diana,
1139 756 1441 823 Appetitus,
1466 756 1723 826 Dictynna
1748 757 1884 826 (86).
1910 760 2089 818 Aeria,
2112 759 2344 822 Asteria,

794 847 1062 909 Disamus,
1114 857 1165 900 et
1211 849 1366 900 Vesta
1408 847 1539 916 (87).
1573 849 1713 913 Quin
1769 851 1931 903 etiam
1968 850 2167 913 Venus,
2224 852 2346 903 Dio-

2453 582 2544 632 καὶ
2568 580 2785 647 Μυχαία
2810 579 2902 631 καὶ
2930 578 3215 646 Κυθέρεια,
3262 581 3353 631 καὶ
3374 580 3559 646 ἄγνοια
3589 582 3681 632 καὶ
3713 584 4016 648 ἀγωπία,

2455 670 2547 721 καὶ
2570 668 2758 736 ψεῦδος
2795 670 2887 719 καὶ
2940 667 3253 735 ἁδιοριστῐα.
3291 669 3379 719 καὶ
3420 670 3670 738 ἑτερότης
3692 673 3785 721 καὶ.
3819 674 4018 733 νεῖκος,

2457 761 2551 810 καὶ
2607 757 2936 825 διχοστασία,
2990 758 3085 809 καὶ
3142 758 3303 826 μόρος
3366 759 3460 809 καὶ
3509 758 3752 820 θάνατος.
3786 759 4021 810 Τοιαῦτα

2460 850 2556 916 μὲν
2584 849 2763 909 αὐτοῖς
2794 849 2887 899 καὶ
2912 850 2944 915 ἡ
2969 848 3096 909 δυὰς
3123 847 3470 912 Θεολογεῖται.

790 952 858 992 ne
898 935 1033 1003 (88),
1064 935 1279 989 Miehma
1328 936 1459 1003 (89),
1496 937 1801 1005 Cythereia.
1861 937 2164 1007 Ignorantia
2228 940 2352 991 item
2384 938 2944 1003 atqueiniprmlentia,
2974 936 3190 997 falsmn.
3244 940 3522 1003 perniistio
3571 940 3704 1009 (90).
3754 941 4021 1006 simultas,

790 1030 1101 1088 contentio,
1164 1028 1440 1079 dissidiutn
1469 1068 1484 1090 ,
1521 1026 1687 1080 fatum
1732 1029 1959 1097 denique
2000 1038 2053 1081 et
2093 1045 2259 1083 mors.
2297 1026 2386 1081 Sic
2424 1029 2531 1080 lere
2583 1028 2649 1079 de
2686 1028 2892 1081 binario
2920 1028 2985 1079 ab
3017 1030 3144 1096 ipsis
3198 1041 3281 1081 est
3327 1031 3616 1099 theologice
3674 1033 4021 1099 disputatum.

860 1120 1152 1174 Ternarius
1193 1137 1319 1175 vero
1359 1124 1561 1189 primus
1592 1123 1833 1176 omnium
1871 1133 1991 1177 actu
2037 1127 2208 1192 impar
2243 1132 2347 1184 est,

796 1214 1108 1279 primusque
1142 1214 1408 1280 perlectus
1437 1230 1708 1278 numerus,
1742 1226 1795 1268 et
1826 1216 2109 1278 medietas,
2140 1232 2201 1269 ac
2225 1230 2347 1282 pro-

789 1306 1005 1368 portio:
1048 1304 1135 1371 qui
1168 1305 1384 1357 unitatis
1422 1305 1524 1357 vim
1561 1307 1610 1357 in
1644 1316 1822 1359 actum
1881 1316 2040 1372 atque
2100 1319 2357 1372 exporre-

791 1395 1020 1446 t-tionem
1055 1395 1341 1461 procedere
1370 1394 1515 1447 facit.
1551 1396 1691 1449 Idem
1714 1398 1884 1464 prima
1914 1408 1995 1449 est
2021 1398 2281 1460 omuimn,
2307 1403 2361 1448 et

792 1485 1003 1550 quidem
1036 1484 1246 1551 propria
1272 1485 1531 1536 unitatmu
1559 1486 1971 1552 coagmentatio.
2024 1485 2159 1538 llinc
2201 1499 2361 1551 porro

792 1576 857 1626 ad
894 1575 1279 1645 physiologiam
1328 1592 1607 1629 numerum
1676 1578 1814 1631 hunc
1856 1579 2157 1630 traducunt.
2190 1576 2361 1629 Causa

795 1671 936 1720 enim
999 1679 1082 1723 est
1136 1672 1210 1721 rei
1270 1670 1548 1736 Iripliciter
1578 1668 1911 1735 separabilis,
1945 1680 1997 1723 et
2047 1669 2361 1722 inﬁnitatem

2538 1122 2599 1173 Ἢ
2627 1122 2679 1173 δὲ
2710 1122 2865 1191 τριὰς
2896 1123 3009 1174 ἐστι
3041 1125 3138 1190 μὲν
3170 1125 3402 1193 πρῶτος,
3445 1126 3701 1195 περισσδς
3727 1128 3847 1178 κατ’
3876 1128 4026 1196 ἐνέρ-

2458 1229 2631 1277 γειαν,
2654 1216 2744 1264 καὶ
2770 1216 2969 1274 τέλειος
2988 1217 3198 1283 πρῶτος
3218 1216 3309 1268 καὶ
3344 1219 3595 1284 μεσότης,
3620 1219 3713 1270 καὶ
3731 1220 4023 1285 ἀναλογίαθ

2457 1305 2556 1372 τήν
2597 1321 2652 1355 τε
2684 1308 2781 1372 τῆς
2815 1306 3036 1373 μονάδος
3064 1306 3290 1375 δύναμιν
3343 1309 3419 1369 εἰς
3445 1309 3718 1376 ἐνέργειαν
3746 1312 3841 1363 καὶ
3861 1312 4027 1363 tua.

2459 1412 2612 1447 τασιν
2652 1398 2953 1465 προχωρεῖν
2997 1399 3156 1452 ποιεῖ.
3211 1397 3373 1450 Ἀλλὰ
3419 1398 3512 1451 καὶ
3553 1401 3869 1469 πρωτίστη,
3932 1402 4027 1455 καὶ

2468 1487 2671 1557 κυρίως
2742 1488 2982 1557 μονάδων
3048 1489 3318 1559 σύστημα.
3371 1488 3504 1545 Εἶτα
3554 1492 3736 1544 λοιπὸν
3778 1493 4026 1547 ἐντεῦθεν

2466 1577 2649 1638 αὐτοῖς
2696 1577 2831 1645 πρὸς
2884 1577 2944 1628 τὸ
2991 1578 3366 1644 φυσιολογικὸν
3414 1581 3624 1649 αἴρεται
3676 1583 3705 1633 ὁ
3755 1582 4024 1651 ἀριθμός

2464 1667 2611 1719 αἰτία
2641 1682 2699 1715 τε
2738 1667 2843 1733 γὰρ
2874 1666 2967 1717 τοῦ
2996 1668 3153 1736 τριχῆ
3199 1668 3501 1730 διαστατοῦ,
3545 1672 3636 1722 καὶ
3676 1675 4025 1741 περατωτικὴ

796 1774 1140 1811 numerorum
1189 1758 1450 1811 definiens
1490 1758 1707 1811 :siinile
1749 1772 1993 1826 quoque,
2027 1767 2079 1809 et
2120 1758 2280 1819 idem,
2312 1766 2367 1809 et
2463 1783 2464 1786 η

2354 1766 2367 1808 t
2463 1757 2563 1822 τῆς
2592 1756 2843 1824 ἀπειρίας
2862 1755 2961 1825 τῆς
2979 1758 3035 1807 ὲν
3066 1758 3301 1827 ἀριθμῷ,
3328 1761 3419 1811 καὶ
3447 1762 3649 1828 ὅμοιον,
3684 1765 3778 1814 καὶ
3806 1766 4022 1827 ταύτὸν,

795 1851 1027 1915 ejusdem
1105 1850 1501 1917 proportionis,
1562 1864 1624 1901 ac
1686 1849 2118 1901 determinatum.
2168 1845 2363 1900 Verum

2467 1848 2558 1899 καὶ
2604 1847 2883 1915 ὁμόλογον,
2942 1849 3033 1899 καὶ
3081 1847 3402 1917 ὡρισμένον.
3461 1851 3598 1902 Ἀλλ’
3646 1852 3798 1906 οὔπω
3854 1855 4025 1907 ταῦτα

795 1944 906 1995 haec
934 1943 1167 1995 nendum
1196 1942 1326 1993 adeo
1352 1940 1564 2000 stolida,
1586 1940 1781 2007 quibus
1812 1940 2000 1993 islhtec
2026 1954 2361 2006 nequaquam
2396 1928 2436 1982 Β

2355 1928 2436 1989 ιΒ
2466 1937 2719 2005 φορτικά.
2769 1935 2849 1989 Τὰ
2869 1936 2912 1987 δ’
2955 1938 3050 2004 οὺχ
3102 1938 3277 2005 ὃμοια.
3345 1939 3453 1991 Καὶ
3503 1941 3625 2002 νοῦς
3653 1958 3736 2003 τις
3784 1946 4023 2012 ἠτριᾶς,

792 2032 1010 2087 similia.
1056 2032 1201 2085 Mens
1244 2033 1485 2097 quaedam
1532 2032 1799 2084 ternarius
1842 2041 1962 2091 est,
2000 2043 2052 2083 et
2082 2032 2381 2098 sapientiai,

793 2133 952 2189 atque
1005 2123 1367 2191 intelligentize
1400 2138 1559 2175 causa
1590 2141 1601 2175 :
1632 2123 1866 2190 cognitio
1920 2124 1985 2174 ad
2054 2124 2187 2185 hzec,
2238 2137 2359 2191 quae

792 2214 1000 2267 muneri
1042 2226 1120 2268 est
1168 2230 1288 2282 pars
1322 2215 1555 2266 maxime
1598 2214 1838 2282 propria,
1885 2216 2103 2268 musicae
2146 2231 2357 2283 quoque

794 2307 1057 2360 universm
1093 2315 1347 2373 potestas,
1384 2321 1445 2359 ac
1485 2309 1800 2375 compositio
1837 2327 1848 2361 :
1888 2318 1940 2360 et
1972 2322 2099 2361 vero
2144 2320 2356 2373 geome-

795 2401 909 2453 tria“:
946 2401 1027 2453 vel
1061 2401 1315 2454 maxime.
1348 2398 1485 2465 Quin
1537 2401 1695 2453 etiam
1730 2400 1815 2453 hic
1858 2415 2035 2453 rermn
2073 2400 2137 2453 ad
2183 2411 2353 2454 astro-

792 2491 1049 2555 nomiam,
1080 2492 1192 2545 sive
1231 2492 1297 2544 ad
1346 2492 1643 2544 caelestium
1679 2501 1928 2545 naturam
1962 2508 2025 2546 ac
2073 2494 2352 2547 scientiam

793 2583 1175 2649 pertinentium
1202 2583 1307 2635 vim
1336 2598 1545 2635 omnem
1573 2582 1734 2635 habet
1765 2599 1827 2635 ac
1848 2585 2103 2645 continet.
2130 2600 2355 2653 eamque

798 2675 861 2727 ad
890 2676 1203 2726 substantiae
1240 2673 1645 2740 productionem
1676 2672 1923 2741 impellit.
1954 2675 2191 2729 Virtutes
2222 2691 2358 2744 quoe

795 2781 899 2830 que
930 2780 1119 2817 omnes
1151 2764 1217 2817 ab
1257 2764 1357 2817 hoc
1390 2780 1612 2819 numero
1650 2767 1974 2835 dependent.
2005 2777 2165 2836 atque
2199 2771 2265 2823 ab
2291 2784 2355 2822 eo

796 2858 1227 2922 proﬁciscuntur.
1276 2856 1535 2923 Deinceps
1568 2872 1685 2924 qure
1734 2858 1799 2909 ad
1860 2857 2067 2912 fabulas
2111 2869 2356 2929 spectant

798 2948 980 3001 refert.
1043 2947 1178 3000 Hinc
1232 2948 1364 2999 trias
1418 2948 1546 3015 ipsis
1596 2948 1848 3001 Saturnia
1897 2960 1999 3014 est,
2029 2961 2081 3004 et
2127 2952 2352 3014 Latona,

796 3040 1109 3090 Amaltheiae
1135 3053 1322 3090 cornu.
1372 3034 1631 3107 Ophionia
1661 3040 1771 3109 (9i)
1807 3041 1928 3092 item
1956 3056 2070 3092 eam
2102 3056 2218 3093 esse
2256 3058 2351 3092 nu-

794 3141 987 3196 gantur
1022 3147 1083 3184 ac
1130 3130 1343 3193 Thetin,
1378 3139 1430 3182 et
1463 3129 1778 3184 Harmonia.
1832 3130 2063 3183 Hecaten
2116 3147 2349 3195 quoque,

2461 2032 2552 2082 καὶ
2591 2029 2871 2090 εὐϐουλίας
2897 2032 2989 2081 καὶ
3011 2031 3274 2093 συνέσεως
3301 2034 3467 2094 αἰτία,
3500 2035 3591 2086 καὶ
3641 2036 3863 2101 γνῶσις,
3906 2038 4027 2105 ἀρι-

2460 2122 2595 2191 θμοῦ
2625 2123 2686 2173 τὸ
2717 2122 3072 2190 κυριώτατον,
3113 2125 3373 2191 μουσικῆς
3405 2139 3461 2175 τε
3496 2127 3674 2194 πάσης
3705 2128 3869 2195 κυρία
3932 2130 4027 2179 καὶ

2460 2214 2734 2276 σύστασις,
2761 2216 2854 2266 καί
2888 2231 2950 2281 γε
2985 2218 3078 2267 καὶ
3132 2218 3470 2284 γεωμετρίας
3509 2219 3589 2270 ὃτι
3626 2220 3882 2286 μάλιστα.
3916 2221 4026 2273 Καὶ

2460 2306 2565 2374 μὴν
2596 2306 2686 2358 καὶ
2716 2305 2823 2357 τῶν
2851 2306 2991 2357 κατὰ
3024 2308 3385 2375 ἀστρονομίαν
3402 2309 3496 2359 καὶ
3528 2309 3809 2377 οὐρανίων
3860 2308 4023 2377 φύσιν

2455 2414 2513 2447 τε
2546 2399 2637 2448 καὶ
2660 2398 2859 2462 γνῶσιν
2903 2397 3038 2466 αὕτη
3071 2398 3132 2449 τὸ
3162 2399 3358 2467 κράτος
3395 2398 3506 2466 ἔχει
3555 2399 3646 2451 καὶ
3680 2401 3896 2468 συνέχει
3933 2402 4026 2452 καὶ

2456 2491 2533 2549 εἰς
2563 2488 2816 2540 οὖσίωσιν
2850 2489 2990 2554 ἄγει.
3035 2489 3142 2541 Καὶ
3175 2489 3207 2556 ή
3252 2490 3420 2557 ἁρετὴ
3444 2490 3499 2541 δὲ
3524 2492 3675 2541 πᾶσα
3696 2490 3905 2557 ταύτης
3936 2492 4023 2555 ἐξο

2453 2583 2621 2650 ἧπται
2658 2582 2749 2632 καὶ
2772 2582 2835 2632 ὲκ
2873 2582 3073 2649 ταύτης
3104 2581 3371 2650 πρόεισιν.
3410 2580 3645 2651 [259114
3678 2578 3809 2633 Εἶτα
3841 2582 4025 2633 λοιπὸν

2454 2674 2521 2725 τὰ
2549 2674 2789 2741 μυθώδη.
2828 2672 2953 2742 [464
2979 2670 3071 2743 IL]
3098 2672 3195 2724 Διὰ
3218 2671 3391 2724 ταῦτα
3436 2673 3617 2734 αὐτοῖς
3638 2674 3670 2741 ἡ
3694 2674 3854 2742 τριὰς
3880 2675 4026 2743 Κρο-

2454 2768 2540 2817 νία
2566 2767 2657 2817 καὶ
2685 2764 2844 2817 Λατὼ
2874 2765 2969 2816 καὶ
3006 2763 3331 2831 Ἀμαλθείας
3359 2764 3547 2831 κέρας,
3587 2764 3807 2831 Ὀφὶονα
3844 2781 3907 2815 τε
3934 2766 4028 2817 αὐ-

2453 2852 2967 2923 τὴντερατολογοῦσι
2995 2854 3086 2905 καὶ
3114 2852 3267 2905 Θέτιν
3305 2854 3401 2905 καὶ
3438 2852 3752 2922 Ἀρμονῐαν,
3782 2853 4023 2905 Ἑκάταν

2453 2963 2511 2996 τε
2547 2948 2639 2997 καὶ
2677 2946 2905 3014 Ἐράναν
2929 2946 3019 2997 καὶ
3049 2945 3311 3013 Χαριτίαν
3331 2945 3423 2997 καὶ
3444 2944 3675 2997 Μουσῶν
3697 2944 4025 3012 Πολύμνιαν,

2467 3035 2642 3086 Ἀΐδαν
2671 3053 2727 3087 τε
2756 3035 2847 3087 καὶ
2876 3036 3569 3104 Λοξίαν,Ἀρκτον,”Ελικα,
3600 3036 3694 3087 καὶ
3721 3038 3847 3087 ποτὶ
3872 3036 4029 3105 βυθὸν

2453 3126 2512 3176 οὐ
2540 3126 2822 3193 δυομέναν,
2848 3127 3219 3195 Δαματρεὶμην
3244 3144 3301 3177 τε
3325 3128 3413 3178 καὶ.
3436 3128 3772 3195 Διοσκορίαν,
3799 3129 3897 3178 καὶ
3916 3128 4030 3194 Μῆ-

798 3232 850 3274 et
892 3222 1122 3273 Eranam
1181 3221 1291 3287 (9‘2)
1344 3230 1397 3273 et
1437 3221 1725 3274 Charitiam
1756 3262 1769 3283 ,
1806 3232 1966 3288 atque
2010 3238 2039 3275 e
2081 3222 2347 3274 Musarum
2376 3258 2418 3317 Ο
2453 3235 2466 3264 τ

2376 3258 2418 3317 C
2453 3234 2555 3277 τιν,
2585 3218 2674 3266 καὶ
2697 3216 2990 3284 Τριδύμην,
3024 3216 3290 3284 Τρίτωνα,
3337 3216 3733 3283 Ταλασσοῦχον,
3768 3216 4027 3283 Τριτογέ-

793 3313 957 3363 choro
987 3311 1339 3380 Polymnium.
1375 3308 1759 3377 Plutonemque
1793 3320 1845 3361 et
1882 3309 2122 3373 Loxiam,
2159 3306 2348 3360 Ursum

797 3412 1074 3469 prteterea,
1106 3412 1151 3452 et
1203 3400 1441 3463 Helicen,
1475 3407 1635 3465 atque
1670 3413 1788 3451 eam
1830 3398 1963 3465 (95),
1995 3414 2110 3465 quae
2140 3412 2351 3465 a-quore

796 3509 898 3545 non
938 3494 1216 3560 mergitur,
1256 3490 1652 3553 Damatramen,
1689 3490 2021 3543 Dioscoriam
2061 3488 2193 3556 (94),
2238 3487 2349 3539 Me-

795 3585 869 3634 tin
923 3582 1058 3651 (95),
1107 3580 1465 3648 Trigeminam
1488 3622 1501 3641 ,
1549 3578 1767 3632 Tritona
1788 3622 1800 3644 ,
1847 3578 2007 3633 Maris
2032 3581 2308 3648 praesidem
2331 3618 2344 3640 .

2459 3324 2624 3367 νειαν,
2644 3305 2923 3374 Ἀχελῷον,
2944 3306 3123 3357 νάστιν
3148 3307 3219 3369 ⁸⁵,
3243 3308 3335 3358 καὶ
3348 3306 3675 3374 ἀγυιόπεζαν
3695 3308 3807 3358 Κου
3818 3308 4028 3375 ρητίδα,

2459 3398 2758 3465 Κραταΐδα,
2802 3396 3107 3466 Ἀρμονίαν,
3144 3399 3469 3467 Συμὸηνίαν,
3496 3399 3695 3466 Γάμον,
3715 3398 4030 3465 Γοργονίαν,

2455 3488 2707 3555 Φορκίαν,
2737 3487 3013 3556 Τρίσαμον
3035 3490 3126 3540 καὶ
3148 3488 3355 3540 Λύδιον.
3386 3488 3539 3541 Οὕτω
3555 3491 3598 3519 ⁵⁸
3615 3490 3712 3558 μὲν
3737 3490 3927 3551 αὐτοῖς
3948 3489 4033 3540 καὶ

2456 3581 2487 3647 ἡ
2511 3579 2667 3646 τριὰς
2696 3581 2788 3631 καὶ
2823 3582 2901 3640 εις
2926 3581 3211 3639 τοσούτους
3225 3581 3402 3634 αὐτῶν
3427 3581 3581 3643 θεοὺς
3603 3581 4027 3633 ἀναπλάττεται.

796 3672 1222 3742 Tritogeneiam,
1285 3671 1607 3737 Aeheloam,
1672 3670 2088 3734 Habitatricem,
2132 3670 2520 3739 Truncipedem
2552 3671 2804 3725 Curetida
2836 3672 2970 3740 (9‘3),
3034 3673 3293 3727 Crat-.eida
3358 3674 3492 3742 (97),
3551 3672 3742 3743 ιΜη
3803 3672 4029 3725 Harum-

797 3768 960 3827 niam,
1012 3767 1377 3837 Symbeniam,
1436 3763 1684 3827 Genium,
1744 3764 2090 3836 Gergouiam,
2121 3764 2425 3829 Phorciam,
2473 3765 2799 3830 Trisamum,
2833 3775 2885 3819 et.
2919 3766 3141 3835 Lydium
3209 3767 3341 3834 (98).
3383 3765 3527 3820 Talis
3591 3767 3718 3835 ipsis
3764 3768 4031 3819 ternarias

793 3871 894 3925 est,
930 3872 1089 3931 atque
1116 3862 1167 3914 iu
1195 3870 1299 3914 tam
1324 3860 1519 3915 multos
1550 3876 1733 3915 eorum
1769 3862 1895 3915 deos
1919 3861 2217 3931 relingitur.

864 3955 1257 4020 Quaternarius
1327 3957 1450 4008 item
1511 3972 1701 4024 magno
1750 3956 1879 4025 ipsis
1930 3956 2189 4009 miraculo
2250 3964 2352 4018 est,

796 4063 965 4101 novus
999 4048 1151 4107 deus,
1179 4060 1231 4099 et
1260 4047 1474 4110 quidem
1526 4048 1821 4113 multiplex,
1870 4050 1950 4100 vel
1992 4049 2167 4115 potius
2192 4050 2359 4100 muni-

796 4138 949 4188 deus.
988 4135 1129 4189 Fons
1173 4137 1314 4188 enim
1372 4137 1496 4203 ipsis
1543 4146 1623 4189 est
1678 4137 1993 4189 naturalium
2041 4136 2351 4199 ell‘ectuum,

798 4232 957 4288 atque
1007 4234 1209 4277 natura:
1239 4225 1493 4291 claviger.
1526 4227 1629 4281 Sed
1661 4236 1714 4281 et
1756 4242 1906 4281 suam
1939 4229 2025 4280 hic
2053 4228 2355 4297 disciplinis

797 4314 1230 4368 constitutionem
1262 4331 1323 4369 ae
1355 4319 1782 4383 permansiouem
1812 4317 1984 4381 affert,
2019 4329 2178 4387 atque
2223 4335 2353 4372 con-

798 4399 976 4464 ciliat;
1008 4401 1113 4454 imo
1150 4410 1339 4454 natura
1368 4402 1477 4468 ipsa
1511 4414 1590 4457 est
1611 4415 1664 4457 et
1692 4404 1944 4457 varietas.
1973 4405 2113 4458 Idem
2139 4420 2351 4472 quoque

2547 3953 2611 4003 Ἠ
2648 3950 2706 4003 δὲ
2743 3949 2937 4017 τετρὰς
2961 3947 3121 4000 πάλιν
3155 3949 3337 4010 αὐτοῖς
3368 3948 3547 4017 Θαῦμα
3591 3948 3873 4016 μέγιστον,
3902 3950 4028 4015 ἄλλη

2458 4047 2574 4109 θεὸς
2609 4043 2887 4107 πολύοεος,
2930 4042 3128 4110 μᾶλλον
3155 4042 3211 4093 δὲ
3241 4042 3467 4103 πάνθεος
3489 4058 3503 4071 ·
3556 4040 3669 4092 ἔστι
3695 4041 3808 4107 γὰρ
3848 4044 4032 4101 αὐτοῖς

2456 4139 2566 4187 τῶν
2589 4153 2648 4186 τε
2676 4132 2918 4200 φυσικῶν
2940 4131 3389 4199 ἀποτελεσμάτων
3419 4130 3569 4198 πηγὴ
3591 4129 3685 4181 καὶ
3713 4129 4029 4197 κλειδοῦχος

2457 4227 2556 4293 τῆς
2585 4225 2815 4292 φύσεως.
2859 4222 3019 4275 Ἀλλὰ
3054 4222 3146 4274 καὶ
3183 4223 3280 4289 τῆς
3326 4224 3464 4273 κατὰ
3509 4220 3577 4271 τὰ
3606 4219 3909 4287 μαθήματα
3939 4236 4029 4269 συ-

2461 4313 2701 4375 στάσεώς
2726 4329 2784 4364 τε
2814 4314 2908 4365 καὶ
2937 4310 3193 4379 διαμονῆς
3213 4309 3350 4378 αὕτη
3384 4310 3707 4379 προαγωγὸς
3733 4309 3832 4360 καὶ
3857 4309 4027 4359 αἰτία.

2481 4403 2637 4454 Ἀλλὰ
2689 4402 2793 4454 καὶ·
2830 4401 2968 4468 αὐτὴ
3027 4399 3185 4467 φύσις
3238 4402 3329 4452 καὶ
3354 4400 3506 4451 αἰόλα
3554 4398 3701 4448 ἐστὶν
3724 4398 3911 4457 αὐτοῖς
3939 4400 4031 4447 καὶ

2066 4535 2297 4591 νᾹῐζιᾸι]
2337 4533 2738 4589 LECTIONES.

871 4624 913 4655 “
945 4625 1128 4677 νάστιν
1163 4626 1206 4677 Λ
1247 4641 1261 4677 :
1302 4629 1478 4678 ναέτιν
1508 4646 1566 4690 ς.
1599 4631 1912 4697 κραταινίδα
1948 4649 2007 4693 ς.

2082 4630 2125 4659 ⁸⁸
2148 4628 2344 4681 οὖτωΑ
2384 4646 2397 4680 :
2433 4629 2541 4697 ὅσῳ
2574 4644 2636 4689 ς.

2310 4742 2537 4797 ΝΟΤᾹΞ.

874 4834 982 4901 (Si)
1014 4833 1086 4889 De
1133 4835 1460 4903 Dindymene
1522 4848 1691 4892 matre
1741 4837 1972 4891 Pausan.
2006 4850 2059 4891 et.
2134 4837 2350 4907 Gyrald.
2386 4838 2428 4891 D
2459 4836 2609 4907 apud
2627 4831 2858 4907 Pausau.
2886 4832 2937 4886 in
2965 4833 3188 4907 Messen.

802 4904 1078 4971 Syntugm.
1120 4920 1191 4957 Iv.

872 4976 982 5040 (85)
1017 4973 1175 5026 Suida
1213 4989 1421 5042 quoque
1451 4976 1621 5043 ὄνομα
1662 4979 1809 5039 θεᾶς.

874 5044 984 5110 (86)
1030 5043 1435 5117 VidegPausan.
1473 5058 1524 5098 et
1570 5048 1795 5116 Gyrald.
1847 5047 2124 5117 Syutagm.
2161 5062 2259 5109 xu,
2302 5056 2357 5099 et

804 5118 1036 5175 reliquos
1065 5112 1355 5181 mytholog.

871 5184 980 5251 (87)
1012 5183 1206 5235 Ἐστώ.
1237 5182 1348 5235 Nisi
1384 5184 1467 5237 hic
1516 5186 1735 5238 Εὐεστὼ
1764 5188 2040 5239 legendum
2075 5188 2247 5239 malis.
2285 5187 2355 5238 De

803 5270 903 5322 qua
930 5251 1354 5322 l)iogen._Laert.
1380 5254 1427 5305 in
1454 5254 1761 5320 DemocriL,
1794 5256 2045 5311 (llemeus
2068 5258 2352 5317 Alexand.,

802 5320 838 5377 ti
871 5325 1091 5383 Strom.,
1125 5320 1349 5391 Ilesych.
1379 5334 1430 5375 et
1460 5326 1609 5378 Suid.

875 5393 987 5478 (88)
1017 5391 1270 5451 Διωναία,
1302 5394 1470 5460 inquit
1490 5395 1663 5459 Suid.,
1687 5398 1719 5460 ή
1744 5396 2053 5465 Ἀφροδίτη,
2071 5397 2163 5448 καὶ
2184 5394 2355 5464 Διώνη

862 5482 1020 5516 αυτη.

801 5468 832 5531 ἡ
862 5465 1244 5601 ῗέἔζιλίυχεὶα,
1264 5535 1297 5601 ἡ
1322 5534 1626 5602 ἰλφροδίτη.
1654 5536 1851 5599 8ιιίι1τρ,
1876 5552 1902 5588 a
1928 5537 2081 5605 μὺχῳ
2114 5537 2354 5590 forsitan.

876 5606 995 5678 (90)
1026 5604 1346 5678 ’Λδιοριστία
1367 5646 1378 5667 ,
1406 5605 1724 5678 ᾁδιὸριστον,
1756 5604 2367 5678 δυίό3,“ἀὸιαχώριστον,

806 5667 1037 5742 Hesyelt.
1062 5667 1233 5743 etiam
1264 5674 1485 5743 ἀναμίξ.

875 5740 985 5809 (9|)
1044 5740 1797 5810 Ophioneus'Messeniorum
1858 5756 2005 5801 vates
2063 5747 2364 5802 celebratur

2529 4905 2639 4973 (9'2)
2680 4902 2945 4973 Erganam
2976 4903 3116 4956 forte
3168 4903 3471 4973 legendum.
3499 4896 3574 4954 De
3609 4901 3881 4973 hacenim
3932 4900 4029 4953 Mi-

2459 4970 2628 5027 nerva
2681 4974 2842 5025 multa
2895 4972 3125 5027 Pausan.
3189 4970 3244 5026 ei
3285 4974 3425 5026 illius
3467 4976 3626 5025 etiam
3678 4970 3768 5023 hic
3822 4976 4032 5024 mentio

2460 5061 2548 5104 $60
2565 5086 2574 5095 .
2610 5061 2660 5104 ι).

2532 5059 2731 5180 ἰ95ι3Ἐ.
2769 5127 2905 5165 vers.
2946 5110 3132 5176 major,
3166 5115 3230 5166 de
3252 5128 3351 5180 qua
3381 5110 3534 5180 Hom.
3561 5107 3730 5180 (Iliad.
3767 5108 3829 5160 Σ.
3861 5104 3961 5161 Οἷα
3984 5109 4033 5161 δ’

2466 5182 2704 5251 ἔμμορός
2731 5188 2843 5236 ἐστι
2874 5181 3105 5248 λοετρῶν
3130 5179 3402 5235 ὠκεανοῖο.
3440 5179 3500 5232 Ι).
3531 5179 3593 5231 H.

2539 5249 2649 5319 (94)
2682 5254 2920 5306 Minerva
2960 5252 3130 5317 poetis
3153 5253 3348 5305 dicitur
3380 5251 3497 5311 Διὸς
3519 5249 3711 5317 κούρη.

2538 5324 2648 5393 (95)
2682 5323 2940 5393 Minervte
2985 5334 3362 5393 matrenream
3410 5319 3534 5372 facit
3581 5321 3797 5373 Hesiod.
3835 5319 4031 5385 Tluog.

2467 5393 2598 5445 V'i-le
2631 5389 2683 5444 et
2717 5389 2964 5458 Apollud.
2989 5401 3041 5440 et
3070 5392 3292 5459 Gyrald.
3328 5391 3614 5458 Syutagm.
3647 5404 3725 5459 >λιἶ

2546 5462 2653 5529 (96)
2709 5456 3008 5529 Empusatu
3084 5456 3307 5513 forsitan
3375 5456 3635 5527 intelligit.
3717 5456 3901 5529 Porro,
3963 5460 4031 5509 de

2465 5528 2747 5587 Curetibus
2770 5528 3155 5597 θεολογούμενα
3189 5529 3348 5582 multa
3376 5530 3589 5591 Strabo,
3617 5529 3707 5581 lih.
3745 5545 3771 5580 tt
3801 5540 3856 5581 et
3886 5528 4027 5581 Pau-

2478 5619 2595 5658 san.
2642 5603 2780 5669 Lege
2808 5612 2857 5653 et
2878 5598 3093 5669 Gyrald.
3120 5601 3344 5667 Synlag.
3378 5607 3457 5657 iit,
3488 5598 3550 5649 de
3584 5597 3797 5651 Juuone
3823 5598 4033 5652 Curi-ti.

2538 5672 2647 5739 (ΣΠ)
2682 5668 2919 5737 κριταῖς
2951 5668 3150 5739 Scylles
3182 5680 3351 5721 mater
3375 5669 3667 5739 Hesychia.

2546 5737 2655 5809 (98)
2699 5745 2815 5804 Quo
2842 5740 3055 5792 nomine
3086 5738 3350 5792 Bacchum
3375 5737 3593 5789 Nonnus
3623 5748 3802 5790 ornat.
