4224 6446
781 392 883 460 599

1928 396 2191 458 PHOTII
2232 395 2736 457 PATRIARCILE
2776 398 2879 457 ΟΡ.

3900 398 4003 461 eoo

782 508 1029 563 senarius
1059 505 1349 563 Harmonia
1380 517 1541 577 atque
1566 509 1816 566 universa
1847 522 2056 577 natura,
2081 522 2135 567 et
2165 514 2337 580 magis
2365 516 2413 573 Α
2441 512 2450 581 [

2332 528 2337 563 ι
2365 516 2413 573 Α
2441 511 2565 581 [405
2591 510 2682 582 R.]
2716 514 2808 564 καὶ
2832 511 3148 580 οὐλομέλιια
3179 511 3246 573 ³⁸,
3271 512 3364 564 καὶ
3393 511 3598 581 κυρίως
3631 511 3769 580 αὕτη
3791 514 3834 546 ⁸⁸
3869 512 4000 581 μᾶλ-

784 598 999 668 proprie
1032 598 1258 665 ipsamet
1301 596 1496 664 Venus,
1538 616 1659 654 cum
1703 602 1851 670 luga,
1898 610 2008 654 tum
2064 604 2337 670 nuptialis,

783 699 837 743 et
880 690 1224 757 androgynea
1271 690 1569 759 theologica
1617 693 1685 746 ab
1716 706 1781 746 eo
1828 693 2196 746 constituitur.
2243 692 2338 745 Ju-

782 780 915 849 galis
950 780 1134 833 adiisse
1181 790 1235 833 et
1276 779 1527 834 illecebra
1568 800 1580 834 :
1613 788 1731 850 {pax
1784 798 2017 851 quoque,
2071 786 2337 846 amicitia,

784 871 1009 934 sanitas,
1040 882 1095 924 et
1122 873 1321 924 Acmon
1356 872 1511 941 (10'),
1538 887 1601 927 ac
1627 874 1845 927 veritas.
1881 874 2093 927 llexada
2126 877 2343 942 insuper

785 964 969 1018 volunt
1008 964 1059 1017 hi
1093 964 1290 1019 Parcas
1322 966 1462 1018 inter
1494 965 1755 1020 Lachesin
1805 982 1946 1032 esse,
1986 969 2342 1036 principium-

784 1072 889 1125 que
917 1072 979 1109 ae
1014 1056 1293 1109 dimidium
1333 1058 1517 1123 totius,
1552 1068 1606 1112 et
1646 1060 1801 1125 longe
1830 1059 2157 1126 jaculautem
2200 1061 2334 1125 (11),

784 1164 849 1203 ac
872 1149 1137 1211 Triviam,
1174 1148 1517 1203 Dicbroniam
1545 1152 1699 1221 (1l'),
1731 1152 2005 1206 Perseiam
2040 1154 2181 1222 (12),
2217 1154 2343 1207 Tri-

786 1241 1032 1304 l'ormem,
1061 1241 1446 1306 Amphitriten,
1493 1243 1791 1297 Anchidica
1841 1244 1978 1313 (15),
2015 1256 2068 1299 et
2118 1248 2183 1299 de
2228 1246 2344 1299 Μιι-

784 1348 968 1386 sarum
1003 1348 1228 1385 numero
1260 1332 1559 1399 Thaleiam,
1587 1350 1651 1388 ac
1681 1334 2022 1391 Pauaceiam.
2064 1338 2137 1390 Ita
2175 1354 2346 1406 neque

784 1423 1029 1477 senarius
1070 1425 1136 1476 ab
1165 1423 1293 1491 ipsis
1326 1425 1627 1491 praeteritus
1658 1434 1764 1488 est,
1802 1427 1930 1495 quin
1968 1428 2122 1479 deum
2163 1429 2344 1481 deam-

784 1528 888 1580 que
910 1528 1031 1567 esse
1061 1515 1204 1568 omni
1240 1515 1418 1568 studio
1452 1516 1787 1584 probaretur.

855 1599 971 1656 Jam
1018 1603 1313 1657 hebdomas
1362 1605 1509 1672 (quid
1550 1607 1756 1670 dicas?)
1805 1608 2093 1662 confestim
2140 1610 2197 1663 lit
2236 1610 2347 1677 (14)

788 1692 1011 1753 σεπτὰς·
1040 1692 1126 1744 ubi
1146 1693 1190 1746 si
1223 1697 1552 1748 consuetudo
1577 1695 1688 1765 (15)
1716 1697 1909 1751 Xforte
1925 1709 2153 1765 exterat,
2186 1702 2349 1754 trahit

2442 608 2532 659 λον
2578 604 2863 674 Ἀφροδίτη
2898 604 3056 671 ζυγία
3078 621 3137 655 τε
3172 606 3267 656 καὶ
3326 605 3569 672 γαμηλία
3616 605 3710 657 καὶ
3750 604 4004 673 ἀνδρογυ·

2442 699 2528 749 νία
2561 699 2606 729 ⁸⁸
2641 697 2991 763 Οεολογεῖται,
3032 695 3189 748 ’Λλλὰ
3226 695 3319 746 καὶ
3362 697 3569 762 ζυγῖτις
3593 697 3687 747 καὶ
3724 696 4003 764 φιλοτησία

2442 792 2740 860 καὶείρήνη
2775 789 2870 841 καὶ
2899 789 3048 857 φιλία
3081 791 3175 840 καὶ
3221 788 3632 857 ὑγεία,¹’Λκμων
3662 806 3719 839 τε
3753 791 3848 840 καὶ
3877 788 4004 856 ἀλή-

2444 882 2584 933 οεια.
2612 882 2721 932 Καὶ
2754 880 2957 950 μοιρῶν
2977 880 3032 931 δὲ
3058 880 3291 947 Λάχεσιν
3315 879 3483 949 αὐτὴν
3528 878 3761 935 ποιοῦσι.
3793 880 3885 929 καὶ
3914 880 4006 946 ἁρ-

2443 973 2543 1041 χὴν
2559 972 2651 1023 καὶ
2666 972 2835 1040 ἥμισυ
2852 970 3166 1032 ἰταν·τὸς,κα)⁵
3188 969 3588 1039 ὲκατηδελέτιν,
3615 971 3706 1021 καὶ
3721 969 4004 1036 Τριοδῖτιν,

2445 1065 2539 1114 καὶ
2555 1062 2853 1131 Διχρονίαν,
2881 1062 2976 1112 καὶ
2998 1062 3282 1132 Περσείαν,
3298 1062 3391 1114 καὶ
3413 1060 3745 1129 Τρίμορφον,
3760 1060 3855 1111 καὶ
3879 1059 4008 1127 Ἀμ-

2448 1153 2721 1221 φιτρίτην,
2754 1153 2849 1203 κα)¹
2872 1152 3205 1222 Ἀγχιδίκαν,
3241 1154 3334 1204 καὶ
3367 1152 3597 1204 Μουσῶν
3636 1151 3888 1212 Θάλειαν,
3920 1153 4007 1201 καὶ

2448 1243 2775 1295 Πανάκειαν.
2809 1242 2962 1295 Οὕτω
3009 1242 3106 1311 μὲν
3134 1242 3241 1295 οὐδ’
3268 1245 3300 1311 ἡ
3333 1243 3457 1305 ἑξὰς
3498 1242 3683 1303 αὐτοῖς
3728 1241 3845 1303 θεὸς
3880 1238 4010 1292 εἶναι

2449 1336 2545 1387 καὶ
2569 1336 2709 1397 Θεοῖς
2734 1336 2777 1365 ⁵⁷
2803 1334 3021 1401 διέφυγε
3046 1334 3468 1402 φιλοτιμεῖσθαι.

2530 1602 2596 1653 ’11
2643 1601 2701 1653 δὲ
2756 1598 3040 1664 ἑϐδομὰς,
3081 1597 3132 1649 τί
3178 1596 3243 1649 ἄν
3313 1613 3397 1659 τις
3449 1598 3542 1648 καὶ
3611 1598 3795 1661 είποι;
3857 1599 4014 1661 εὐθὺς

2455 1695 2553 1762 μὲν
2598 1693 2692 1761 (ἀρ
2726 1694 2842 1743 ἐστι
2869 1690 3071 1749 cert-ui;
3094 1706 3107 1719 ’
3140 1687 3241 1739 κᾶν
3260 1688 3320 1739 τὸ
3351 1693 3397 1739 σ¹
3431 1687 3691 1756 φθείροιή
3737 1689 4011 1756 συνήθεια,

786 1785 889 1838 hoc
922 1782 1082 1838 facile
1128 1798 1192 1837 ex
1228 1784 1427 1852 duplici
1476 1785 1651 1839 littera
1693 1786 1750 1849 Ξ,
1785 1804 1945 1856 quam
1996 1791 2110 1858 ipsa
2159 1802 2345 1844 natura
2452 1788 2454 1798 “

2452 1785 2502 1837 ἓ)
2516 1802 2600 1836 κει
2624 1783 2779 1835 τοῦτο
2806 1784 2975 1851 ῥᾷστα
2992 1782 3055 1831 ἐκ
3091 1778 3277 1831 διπλοῦ
3302 1778 3394 1830 τοῦ
3426 1779 3493 1844 ξ’,
3526 1779 3663 1847 ὅπερ
3685 1781 3763 1847 τῷ
3784 1781 3891 1848 πρὸ
3923 1782 4014 1832 (1'3-

790 1876 855 1928 :nl
888 1878 1241 1945 pracedentis
1270 1878 1381 1945 (16)
1414 1879 1617 1931 numeri
1650 1878 1808 1932 linem
1837 1882 1996 1934 veluti
2026 1894 2172 1935 sorte
2203 1884 2350 1935 attri-
2382 1867 2424 1924 Β
2452 1896 2458 1909 ·

2345 1914 2350 1924 .
2382 1867 2424 1924 Β
2452 1876 2545 1929 τοῦ
2570 1874 2787 1946 ἀριθμῷ
2814 1877 2844 1943 ἡ
2884 1873 3042 1941 φύσις
3073 1873 3208 1943 πρὸς
3235 1871 3311 1940 τῷ
3339 1872 3483 1923 τέλει
3506 1873 3921 1941 ἀπεκλήρωσεν,
3952 1874 4013 1925 ἶν’

786 1969 922 2031 ltuit,
968 1978 1026 2022 ut
1078 1969 1192 2021 haec
1230 1969 1560 2023 adminiculo
1615 1972 1875 2024 adversus
1926 1973 2067 2039 vulgi
2128 1973 2350 2027 insidias
2452 1993 2454 2001 ί

2347 2008 2350 2023 .
2518 1971 2674 2021 τοῦτο
2705 1966 3050 2036 ἐπικούρημα
3083 1966 3159 2033 τῷ
3213 1964 3457 2033 σεϐαστῷ
3503 1965 3722 2035 ἀριθμῷ
3756 1966 3894 2033 πρὸς
3925 1967 4015 2034 τὴν

787 2071 1014 2129 augusto
1056 2060 1129 2113 illi
1168 2076 1392 2113 numero
1442 2072 1603 2115 esset.
1647 2063 1823 2130 Atque
1872 2063 1985 2117 hate
2034 2066 2348 2119 admiranda
2454 2090 2455 2093 η

2454 2061 2745 2128 ἐπιϐουλὴν
2770 2058 2869 2128 τὴν
2898 2059 3004 2109 ἀπὸ
3031 2057 3139 2109 τῶν
3179 2057 3407 2109 πολλῶν.
3440 2057 3675 2125 Τοιαύτη
3713 2059 3809 2125 μὲν
3828 2060 3861 2125 η
3885 2059 4016 2109 ἀπό-

789 2153 877 2203 illa
937 2152 1325 2205 demonsuatio
1387 2162 1501 2213 est,
1564 2169 1671 2221 qua
1745 2157 1812 2206 ita
1873 2156 2133 2210 exsistere
2198 2158 2353 2210 docet

788 2241 1023 2313 [vocem]
1060 2244 1281 2305 σεπτὰς,
1325 2254 1376 2296 et
1414 2244 1552 2296 cultu
1603 2244 1820 2311 dignum
1870 2262 2154 2301 numerum
2191 2248 2349 2301 ἑπτὰ.

786 2334 855 2384 At
893 2348 1105 2386 rursum
1152 2332 1316 2386 etiam
1371 2333 1481 2399 (17)
1535 2334 1620 2386 hic
1655 2336 1877 2387 unitatis
1925 2345 2008 2389 est
2057 2351 2119 2389 ac
2148 2339 2350 2391 denarii

790 2424 1073 2477 medietas.
1130 2423 1373 2476 Fortuna
1436 2425 1599 2488 item,
1658 2434 1710 2477 et
1757 2422 2019 2490 Occasio,
2074 2426 2351 2489 Minerva,

790 2512 952 2577 Mars,
978 2514 1244 2575 Acreotis,
1270 2513 1455 2583 Agelia
1491 2514 1623 2583 (18),
1657 2514 1944 2583 Atrytone,
1970 2524 2019 2567 et
2045 2514 2210 2585 Capta
2243 2517 2353 2586 (19)

787 2606 1086 2675 eademque
1142 2606 1323 2660 valido
1379 2604 1492 2676 (20)
1537 2616 1702 2675 “patre
1760 2615 1921 2669 nata,
1972 2606 2354 2677 Tritogeneia,

790 2698 979 2752 caesios
1028 2699 1231 2753 habens
1269 2698 1476 2761 oculos,
1509 2698 1905 2751 Alalcomeneia
1950 2698 2085 2767 (21),
2123 2699 2355 2754 Panteu-

792 2788 911 2841 cbia
944 2787 1087 2857 (22),
1122 2788 1330 2857 Ergaua
1371 2786 1485 2855 (25)
1515 2798 1567 2842 et
1608 2789 1788 2841 multis
1812 2789 2062 2857 precibus
2102 2793 2357 2858 expetita,

790 2880 1074 2949 integritas
1108 2890 1336 2942 naturae,
1375 2880 1695 2933 Amaltheiae
1734 2880 1923 2949 stirps,
1959 2879 2131 2951 Egis,
2163 2882 2354 2947 Osiris,

792 2986 1036 3037 somnus,
1069 2987 1194 3035 vox,
1231 2987 1419 3034 sonus,
1454 2981 1508 3025 et
1546 2978 1613 3026 de
1656 2971 1928 3025 Musarum
1966 2988 2190 3028 numero
2217 2975 2355 3029 Clio.

792 3062 847 3139 Si
884 3063 1034 3128 libet,
1065 3065 1226 3118 etiam
1254 3064 1537 3133 judicium,
1567 3074 1621 3117 et
1653 3065 1960 3126 Adrasteia,
1993 3075 2046 3118 et
2093 3066 2355 3134 ejusmodi

2453 2152 2616 2215 δειξις
2645 2148 2951 2216 Θαυμαστὴ,
3007 2146 3080 2207 ὼς
3151 2145 3262 2197 εστι
3316 2148 3531 2207 πάντως
3566 2148 3629 2179 ³7-
3675 2148 3880 2207 “mi;
3929 2148 4020 2199 καὶ

2457 2240 2729 2309 σεϐασμοῦ
2759 2238 2905 2302 ἄξιος
2944 2239 2972 2289 ὁ
3007 2237 3163 2289 ἑπτά.
3216 2236 3384 2288 Πάλιν
3413 2237 3468 2288 δὲ
3492 2236 3587 2289 καὶ
3612 2235 3749 2305 αὑτὴ
3789 2237 4021 2306 μεσότης

2462 2334 2683 2403 μονάδος
2712 2334 2806 2384 καὶ
2839 2330 3080 2395 δεκάδος,
3137 2329 3274 2397 τύχη
3318 2330 3415 2381 καὶ
3454 2329 3671 2398 καιρὸς,
3707 2330 3912 2399 Ἀθηνᾶ
3934 2334 4022 2381 καὶ

2462 2426 2652 2494 Ἀρης,
2679 2423 2773 2476 καὶ
2789 2420 3101 2491 ’Λκρεῶτις,
3118 2420 3211 2473 καὶ
3234 2421 3478 2487 ’Δγελεία
3495 2421 3561 2483 ⁸⁸,
3580 2424 3671 2473 καὶ
3691 2420 4021 2492 Ἀτρυτώνη,

2459 2516 2764 2584 φυλακῖτις,
2820 2512 3222 2583 ὁδριμοπάτρα,
3274 2514 3642 2581 Τριτογένεια,
3680 2513 4020 2580 γλαυκῶπις,

2469 2606 2911 2675 ’Λλαλκομὲνεια,
2942 2604 3525 2674 Παντευχία,Ἐργάνη,
3569 2606 3909 2675 πολυαρήτη,
3937 2606 4023 2657 οὑ-

2458 2700 2707 2768 λομέλεια
2731 2740 2744 2763 ,
2781 2696 3107 2765 Ἀμαλθείας
3130 2698 3304 2763 γένος,
3326 2697 3502 2763 Λίγὶς,
3530 2698 3762 2765 Ὄσιρις,
3796 2698 4021 2766 ὄνειρος,

2460 2793 2633 2861 φωνὴ,
2663 2792 2818 2859 αὐδὴ,
2849 2791 2943 2842 καὶ
2975 2790 3207 2843 Μουσῶν
3236 2793 3269 2857 ἠ
3300 2789 3499 2853 Κλειὼ,
3532 2792 3580 2840 εί
3614 2789 3788 2859 βούλει
3819 2790 3897 2853 δὲ,
3935 2788 4025 2840 καὶ

2460 2884 2639 2955 κρίσις
2663 2885 2756 2935 καὶ
2796 2882 3112 2951 ’Λδρὰστεια
3147 2882 3241 2933 καὶ
3302 2880 3469 2942 πολὺς
3500 2881 3739 2950 φλύαρος
3776 2880 3821 2912 ⁵⁸
3852 2878 4024 2931 τοιού-

2460 2994 2568 3037 τος.
2635 2975 2789 3026 Οὕτω
2851 2974 2949 3041 μὲν
3002 2975 3035 3041 ἠ
3092 2972 3399 3033 πάνσεπτος
3458 2972 3638 3032 αὐτοῖς
3691 2972 3861 3031 ἑπτὰς
3924 2990 4026 3040 μα-

2462 3068 2702 3137 κροτέρῳ
2731 3066 2879 3134 πόνῳ
2909 3066 3082 3133 μέγας
3115 3066 3206 3116 καὶ
3240 3064 3406 3125 πολὺς
3438 3062 3556 3124 Θεὸς
3581 3065 3920 3130 ἀνυμνεῖται.

791 3146 1005 3220 lneptim:
1037 3154 1237 3206 multat.
1299 3152 1391 3206 Sic
1444 3155 1601 3223 plane
1644 3155 1732 3207 ille
1777 3155 2081 3210 adorandus
2140 3163 2497 3228 septenarius,
2550 3160 2750 3229 ingenti
2807 3157 3071 3224 longoque
3143 3154 3349 3215 labore,
3418 3162 3474 3206 ut
3537 3169 3765 3223 magnus
3844 3152 4026 3207 multi-

790 3251 1021 3316 plexque
1049 3250 1183 3302 deus
1214 3250 1279 3303 ab
1312 3250 1442 3317 ipsis
1473 3249 1719 3303 laudibus
1755 3250 2079 3304 celebratur.

862 3342 1194 3398 Octonarius
1226 3344 1444 3408 deinde,
1473 3346 1573 3397 etsi
1616 3359 1954 3413 nequaquam
1990 3354 2193 3399 tantam
2247 3348 2357 3400 Iau-
2386 3355 2431 3414 ρ

793 3436 913 3490 dem
950 3435 1041 3505 (ne
1070 3446 1261 3489 octava
1291 3436 1505 3503 quidem
1537 3452 1600 3491 ex
1633 3436 1807 3506 parte)
1836 3436 2067 3490 obtinuit
2101 3458 2112 3491 :
2148 3442 2360 3504 quando

799 3540 976 3583 tamen
1008 3544 1105 3598 pro
1145 3531 1244 3581 deo
1278 3530 1443 3580 etiam
1480 3529 1567 3582 hic
1601 3530 1731 3597 ipsis
1772 3539 1878 3592 est,
1912 3546 1939 3581 e
1971 3531 2096 3583 sede
2126 3547 2219 3584 sua
2256 3548 2359 3586 non

795 3620 1018 3673 excidit.
1054 3620 1294 3672 Aderant
1314 3620 1455 3671 enim
1500 3620 1670 3688 ipsum
1719 3621 1870 3687 quasi
1911 3636 2173 3673 summam
2229 3622 2362 3676 Har-

798 3710 1029 3761 moniam
1081 3720 1135 3762 et
1180 3707 1489 3761 Cadmeiam
1547 3709 1657 3778 (24)
1717 3720 1978 3771 matrem,
2038 3725 2101 3763 ac
2158 3710 2361 3763 Rheam

800 3799 1168 3853 mulieriﬁcam
1221 3800 1357 3866 (25),
1408 3799 1679 3868 Cybelen,
1730 3799 1982 3870 Cybeben
2035 3801 2359 3870 Dindymen,

800 3891 1054 3960 urbisque
1084 3893 1383 3951 custodem.
1414 3893 1557 3945 velut
1586 3906 1825 3945 amorem
1861 3894 2013 3955 item,
2039 3901 2199 3960 atque
2230 3895 2363 3946 ami-

797 3980 1001 4043 citiam,
1051 3981 1408 4047 prudentiam,
1467 3983 1900 4048 intelligentiam,
1949 3982 2165 4035 Oreiam
2220 3983 2361 4051 (26),

799 4072 1026 4125 Themin
1084 4072 1234 4141 (27),
1294 4072 1500 4140 legem,
1554 4084 1736 4126 natum
1794 4073 1903 4143 (28)
1966 4087 2090 4128 ante
2144 4085 2364 4127 exactos

800 4178 1031 4230 menses,
1058 4174 1113 4217 et
1137 4164 1408 4217 Musarum
1438 4164 1728 4233 Euterpe".

867 4253 1205 4309 Novenarius
1256 4255 1383 4309 item
1434 4258 1805 4323 posthabetur,
1849 4265 1903 4309 et
1947 4257 1999 4308 iu
2042 4256 2258 4319 deitate,
2309 4266 2363 4308 et

2542 3348 2609 3400 ἸΙ
2641 3346 2695 3397 δὲ
2729 3343 2914 3405 ὀκτὰς,
2945 3344 2990 3393 εἰ
3016 3342 3106 3393 καὶ
3144 3340 3216 3409 μὴ
3264 3342 3375 3400 τοῖς
3403 3339 3539 3401 ἴσοις
3586 3338 3709 3406 μηδ’
3740 3338 3915 3406 ὀγδόῳ
3938 3339 4031 3407 μέ-

2467 3457 2568 3510 ρει,
2605 3431 2835 3490 ἁλλ⁹οὗν
2868 3432 2944 3502 τῷ
2996 3432 3115 3493 Θεὸς
3168 3432 3352 3491 αὐτοῖς
3400 3425 3537 3481 εἶναι
3600 3429 3708 3481 οὐδ’
3768 3429 3910 3499 αὐτὴ
3944 3428 4031 3481 τού

2463 3530 2652 3601 θρόνου
2707 3524 2985 3595 ἀπερρίφη
3012 3539 3025 3551 ·
3086 3521 3469 3589 Παναρμονίαν
3515 3521 3622 3587 γὰρ
3655 3519 3827 3586 αὐτὴν
3869 3537 4033 3589 προσ-

2463 3619 2706 3680 κυνοῦσι,
2736 3620 2828 3669 καὶ
2850 3614 3131 3684 Καδμείαν
3165 3613 3210 3644 ⁸ο
3237 3612 3449 3681 μητέρα
3493 3628 3552 3663 τε
3600 3613 3693 3663 καὶ
3736 3612 3896 3663 Ῥέαν
3943 3614 4034 3664 καὶ

2465 3712 2753 3783 θηλυποιὸν
2780 3710 2873 3761 καὶ
2925 3706 3194 3775 Κυϐέλην,
3231 3704 3491 3773 Κυδήδην
3521 3720 3579 3755 τε
3635 3703 3729 3754 καὶ
3759 3703 4035 3772 Δινδύμην

2465 3806 2559 3858 καὶ
2584 3802 2883 3869 πολιοῦχον,
2917 3798 3096 3868 ἔρωτά
3120 3814 3177 3848 τε
3208 3796 3299 3846 καὶ
3334 3794 3533 3861 φιλίαν,
3558 3794 3738 3863 μῆτιν,
3765 3794 4035 3856 ἐπίνοιαν,

2465 3896 2700 3965 Ὀρείαν,
2732 3892 2921 3960 Θέμιν,
2948 3889 3128 3958 νόμον,
3160 3886 3510 3956 ὴλιτομήναν,
3545 3886 3639 3937 καὶ
3666 3884 3775 3937 τῶν
3801 3885 4036 3938 Μουσῶν

2465 3987 2563 4055 τὴν
2589 3984 2890 4052 Εὐτέρπην.

2540 4247 2648 4297 Καὶ
2681 4246 2713 4311 ἡ
2745 4243 2899 4303 im;
2929 4241 2983 4292 δὲ
3020 4240 3235 4309 ὑστερεῖ
3267 4238 3364 4305 μὲν
3384 4239 3477 4289 καὶ
3502 4236 3601 4305 τῆς
3632 4236 3913 4304 Θειότητος
3945 4236 4037 4287 καὶ

799 4347 854 4402 iu
902 4347 1058 4417 longa
1120 4348 1511 4417 descriptione,
1547 4365 1648 4416 qua
1696 4350 2033 4418 septenarius
2088 4348 2142 4399 in
2194 4348 2357 4399 altum
2394 4340 2467 4393 Di

2394 4340 2438 4393 Ι)
2466 4343 2564 4406 τῆς
2600 4336 2814 4405 μακρᾶς
2850 4331 3194 4401 συγγραφῆς,
3226 4325 3307 4390 οἷς
3335 4330 3375 4359 ⁸³
3407 4331 3439 4397 ἡ
3475 4328 3705 4396 ἑϐδομὰς
3733 4328 4031 4397 ὑπερῆρτο·

2082 4458 2315 4513 νΑιιιλΕ
2356 4448 2763 4510 LECTIONES.

869 4554 1220 4625 ΙΙδούλομελία
1274 4557 1339 4607 Α.
1415 4558 1458 4587 ³⁵
1499 4557 1635 4625 αὐτὴ
1706 4574 1767 4619 ς.

799 4622 939 4697 οὕτω
970 4642 1027 4688 ς.
1064 4622 1075 4625 -
1106 4627 1149 4658 ⁸⁸
1172 4626 1361 4693 ἁγελία
1433 4626 1552 4679 libri
1606 4622 1877 4697 ἁκρέωσις
1916 4644 1975 4689 ς.
2023 4622 2033 4626 ⁷
2079 4622 2123 4657 ⁵⁵

797 4687 864 4765 ἦς
903 4708 952 4756 ς.

1844 4557 1888 4587 ⁵⁸
1925 4556 2283 4626 ἁνδρογυναία
2308 4571 2377 4626 ς.⁸
2403 4550 2658 4626 xui-post
2693 4543 2905 4626 {exitii
2937 4539 3062 4626 add:
3199 4624 3211 4626 _
3247 4536 3292 4626 δῖ
3333 4534 3519 4626 θεας,

2170 4628 2261 4677 καὶ
2295 4617 2668 4686 πολυφλύαρος
2722 4630 2781 4674 ς.

3619 4535 3686 4564 ⁵⁷⁵
3707 4534 3931 4595 πάντως
3950 4537 3990 4586 Α
4020 4529 4032 4563 ³

3755 4606 3796 4634 ω
3830 4601 3911 4667 οἷς
3947 4608 3989 4656 Α
4020 4601 4031 4635 ἒ

2862 4611 2905 4640 ⁶⁹
2938 4608 3212 4677 Καδμείας
3258 4623 3320 4668 ς’.
3360 4621 3418 4656 τε
3440 4604 3564 4657 add.
3585 4606 3651 4657 A.

2315 4771 2546 4828 NOTAE.

876 4876 1009 4991 (ὂο’)
1057 4872 1339 4926 Eustathio
1365 4870 1633 4932 Oceanus,
1668 4880 1722 4923 et
1757 4869 1973 4923 Saturni
2002 4882 2175 4937 pater.
2201 4868 2365 4922 Cons.

935 4946 1072 4991 arini
1111 4943 1364 4991 Lexicou.

803 4957 857 5001 et
888 4943 1073 4996 Varini
1111 4943 1364 4995 Lexicon.

876 5016 987 5081 (11)
1013 5011 1391 5079 ἑκατηϐελέτιν
1428 5009 1607 5081 Diana:
1636 5009 1803 5081 cpitlt.

878 5079 1014 5151 (11‘)
1052 5082 1441 5145 Bitemporenm
1459 5079 1645 5151 Latina
1681 5079 1853 5130 forma
1876 5080 2044 5151 dicas.

876 5147 989 5222 (12)
1029 5151 1258 5205 Hecates
1290 5147 1767 5222 aypatreuPerseo,
1801 5150 1965 5222 epith.
2000 5150 2140 5218 apud
2182 5147 2361 5201 Valer.

808 5217 1084 5278 Flac.'lib.
1114 5236 1187 5279 νι.
1221 5234 1285 5271 ex
1315 5220 1469 5283 Apol.
1506 5220 1596 5269 lib.
1625 5233 1706 5279 ιιι,
1738 5227 1792 5269 et
1820 5217 2054 5284 Orpheo.

880 5293 991 5361 (13)
1019 5291 1179 5361 Quasi
1214 5289 1383 5361 uicina
1428 5288 1658 5361 justitia,
1687 5296 1741 5339 et
1764 5302 1883 5361 quae
1927 5290 1992 5361 ad
2024 5304 2238 5340 manum
2272 5287 2361 5361 sit.

880 5358 991 5429 (14)
1033 5360 1271 5425 δεριεηὶο
1321 5358 1510 5409 Latum
1561 5358 2037 5429 l'orma_tioue_.__De_
2056 5359 2365 5429 septenario

811 5426 990 5485 autem
1024 5434 1189 5483 multa
1214 5442 1426 5494 quoque
1459 5428 1609 5479 Philo
1642 5426 1860 5494 scripsit
1888 5426 1981 5478 lib.
2011 5426 2083 5479 De
2111 5428 2372 5479 creatione

813 5501 1017 5561 mundi,
1044 5501 1095 5551 in
1114 5498 1309 5565 quibus
1337 5497 1511 5564 aliqua
1539 5498 1619 5548 his
1650 5511 1752 5547 non
1776 5498 2040 5548 absimilia
2063 5497 2366 5549 M.Varrou.

820 5570 1213 5623 Hebdomadum
1249 5567 1375 5635 libri
1414 5566 1820 5629 interciderunt,
1850 5568 2035 5633 quales
2068 5583 2235 5635 nuper
2266 5565 2369 5619 Fa-

815 5640 933 5692 bius
968 5639 1221 5689 Paulinus
1249 5633 1491 5687 Vetietiis
1534 5635 1703 5689 dedit.

887 5709 997 5776 (15)
1035 5709 1172 5759 ἑπτα
1202 5708 1344 5757 enim
1379 5705 1531 5772 vulgo
1560 5706 1807 5758 dicimus.

887 5778 998 5847 (16)
1039 5777 1096 5829 τδ
1123 5776 1178 5839 ἓξ
1211 5776 1475 5842 intelligit.

2550 4862 2661 4931 (17)
2707 4860 2773 4913 Ut
2805 4876 2963 4926 supra
2998 4861 3298 4931 quinarius.

2545 4926 2655 4998 (18)
2695 4931 2834 4999 Lege
2869 4932 3071 4982 Eustat.
3103 4932 3151 4999 in
3184 4928 3340 4981 Ilom.
3372 4938 3427 4981 et
3453 4926 3673 4995 Gyrald.
3705 4926 3934 4997 Syntag.
3965 4944 4035 4990 Si,

2477 5017 2601 5054 voce
2634 4998 3031 5068 ἀλαλκομενηὶς
3076 4998 3295 5068 Ἀθηνᾶ.

2550 5071 2659 5139 (19)
2698 5065 3004 5129 ίινυλακίτες.
3036 5065 3604 5139 ΟνὶιΙζὶιιιψίεὶθιιάιιξ,
3638 5079 3783 5139 xxxv
3818 5069 3971 5121 Fast.

2547 5135 2657 5209 (20)
2698 5141 3078 5208 ὀϐριμοπάτρα
3105 5140 3364 5190 rationem
3392 5135 3620 5188 nominis
3642 5135 3804 5193 docet
3832 5142 4034 5193 Eustat.

2545 5213 2657 5279 (21)
2699 5212 2919 5278 Gyrald.
2956 5224 3104 5274 Supt‘.

2544 5273 2655 5346 (22)
2692 5273 2840 5344 Quod
2869 5273 3319 5330 omniarmorum
3352 5287 3550 5343 genere
3582 5273 3848 5331 instructa
3876 5290 4034 5332 esset.

2571 5352 2657 5412 25)
2702 5350 2880 5401 Multis
2912 5367 2938 5397 ιι
2971 5348 3207 5399 Pausan.
3240 5348 3532 5398 celebrata.

2551 5420 2661 5486 (21)
2703 5419 2971 5479 Semelen,
3007 5429 3153 5483 puto,
3190 5419 3320 5467 vult.

2551 5484 2664 5555 (‘25)
2705 5488 3015 5557 Οηλυποιόνξ,
3047 5489 3117 5539 ob
3153 5484 3510 5557 etuusculalos
3539 5488 3728 5555 gallos.

2551 5562 2664 5628 (26)
2706 5556 2857 5610 sum.
2894 5560 2949 5609 ὲν
2977 5556 3127 5624 ὄρεσι
3156 5556 3661 5628 ἀναστρεφομένην.

2554 5625 2665 5696 (2ῑ)
2708 5628 2782 5680 De
2810 5643 2913 5694 qua
2943 5641 3158 5693 copiose
3184 5625 3608 5692 StephJ’ighius
3643 5630 3829 5685 libello
3860 5629 4037 5698 singu-

2502 5718 2601 5755 uri.

2480 5705 2666 5837 1³(28)
2715 5767 3061 5836 Ἥλιτόμηνει.
3098 5764 3361 5819 Bacchum
3395 5764 3621 5830 accipio.
