  <div class='ocr_page' id='page_1' title='image "/cluster/home/n/w/nwhite01/storage/ocr_20150623/103/nnc1.0046979689/308.png"; bbox 0 0 4224 6446; ppageno 0'>
   <div class='ocr_carea' id='block_1_1' title="bbox 160 384 250 451">
    <p class='ocr_par' dir='ltr' id='par_1_1' title="bbox 160 384 250 451">
     <span class='ocr_line' id='line_1_1' title="bbox 160 384 250 451; baseline 0 -3"><span class='ocrx_word' id='word_1_1' title='bbox 160 384 250 451; x_wconf 76' lang='grc'><strong>601</strong></span> 
     </span>
    </p>
   </div>
   <div class='ocr_carea' id='block_1_2' title="bbox 1171 381 2396 446">
    <p class='ocr_par' dir='ltr' id='par_1_2' title="bbox 1171 381 2396 446">
     <span class='ocr_line' id='line_1_2' title="bbox 1171 381 2396 446; baseline -0.001 -2"><span class='ocrx_word' id='word_1_2' title='bbox 1171 381 1692 445; x_wconf 81' lang='lat' dir='ltr'><strong>BIBLIOTHECA.</strong></span> <span class='ocrx_word' id='word_1_3' title='bbox 1712 406 1786 423; x_wconf 89' lang='lat'><strong>-</strong></span> <span class='ocrx_word' id='word_1_4' title='bbox 1806 383 1969 446; x_wconf 81' lang='lat' dir='ltr'><strong>COD.</strong></span> <span class='ocrx_word' id='word_1_5' title='bbox 2010 383 2396 446; x_wconf 77' lang='lat' dir='ltr'><strong>CLXXXVII-</strong></span> 
     </span>
    </p>
   </div>
   <div class='ocr_carea' id='block_1_3' title="bbox 3280 385 3388 449">
    <p class='ocr_par' dir='ltr' id='par_1_3' title="bbox 3280 385 3388 449">
     <span class='ocr_line' id='line_1_3' title="bbox 3280 385 3388 449; baseline 0 0"><span class='ocrx_word' id='word_1_6' title='bbox 3280 385 3388 449; x_wconf 73' lang='lat'><strong>602</strong></span> 
     </span>
    </p>
   </div>
   <div class='ocr_carea' id='block_1_4' title="bbox 160 492 1828 571">
    <p class='ocr_par' dir='ltr' id='par_1_4' title="bbox 160 495 1828 571">
     <span class='ocr_line' id='line_1_4' title="bbox 160 495 1828 571; baseline -0.004 -15"><span class='ocrx_word' id='word_1_7' title='bbox 160 504 292 570; x_wconf 77' lang='grc' dir='ltr'>πλὴν</span> <span class='ocrx_word' id='word_1_8' title='bbox 318 500 421 571; x_wconf 78' lang='grc' dir='ltr'>τῆς</span> <span class='ocrx_word' id='word_1_9' title='bbox 455 499 677 563; x_wconf 81' lang='grc' dir='ltr'>ὀκτάδος</span> <span class='ocrx_word' id='word_1_10' title='bbox 708 499 872 567; x_wconf 58' lang='grc' dir='ltr'>ἔγγὺς</span> <span class='ocrx_word' id='word_1_11' title='bbox 911 496 1261 565; x_wconf 76' lang='grc' dir='ltr'>θεολογεῐται.</span> <span class='ocrx_word' id='word_1_12' title='bbox 1309 495 1562 559; x_wconf 77' lang='grc' dir='ltr'>Ὠκεανὸς</span> <span class='ocrx_word' id='word_1_13' title='bbox 1600 496 1710 566; x_wconf 72' lang='grc' dir='ltr'>γὰρ</span> <span class='ocrx_word' id='word_1_14' title='bbox 1740 501 1828 560; x_wconf 75' lang='lat' dir='ltr'><strong>AI</strong></span> 
     </span>
    </p>
   </div>
   <div class='ocr_carea' id='block_1_5' title="bbox 1717 492 3385 571">
    <p class='ocr_par' dir='ltr' id='par_1_5' title="bbox 1740 492 3385 566">
     <span class='ocr_line' id='line_1_5' title="bbox 1740 492 3385 566; baseline 0.002 -17"><span class='ocrx_word' id='word_1_15' title='bbox 1740 496 2039 560; x_wconf 73' lang='lat' dir='ltr'><strong>Animium</strong></span> <span class='ocrx_word' id='word_1_16' title='bbox 2088 505 2347 566; x_wconf 88' lang='lat' dir='ltr'><strong>quantum</strong></span> <span class='ocrx_word' id='word_1_17' title='bbox 2413 502 2631 549; x_wconf 84' lang='lat' dir='ltr'><strong>evectus</strong></span> <span class='ocrx_word' id='word_1_18' title='bbox 2693 492 2919 549; x_wconf 85' lang='lat' dir='ltr'><strong>fuerat:</strong></span> <span class='ocrx_word' id='word_1_19' title='bbox 2972 504 3030 550; x_wconf 87' lang='lat' dir='ltr'><strong>at</strong></span> <span class='ocrx_word' id='word_1_20' title='bbox 3083 497 3385 565; x_wconf 78' lang='lat' dir='ltr'><strong>proximum</strong></span> 
     </span>
    </p>
   </div>
   <div class='ocr_carea' id='block_1_6' title="bbox 159 587 1716 661">
    <p class='ocr_par' dir='ltr' id='par_1_6' title="bbox 159 587 1716 661">
     <span class='ocr_line' id='line_1_6' title="bbox 159 587 1716 661; baseline -0.004 -15"><span class='ocrx_word' id='word_1_21' title='bbox 159 596 338 655; x_wconf 62' lang='grc' dir='ltr'>αὐτοῖς</span> <span class='ocrx_word' id='word_1_22' title='bbox 366 592 507 659; x_wconf 75' lang='grc' dir='ltr'>αὕτη</span> <span class='ocrx_word' id='word_1_23' title='bbox 535 593 879 661; x_wconf 71' lang='grc' dir='ltr'>περιρῤεῖται</span> <span class='ocrx_word' id='word_1_24' title='bbox 908 590 975 653; x_wconf 80' lang='grc'><strong>⁸⁸,</strong></span> <span class='ocrx_word' id='word_1_25' title='bbox 1016 590 1110 642; x_wconf 73' lang='grc' dir='ltr'>καὶ</span> <span class='ocrx_word' id='word_1_26' title='bbox 1133 588 1329 657; x_wconf 70' lang='grc' dir='ltr'>ὁρίζων</span> <span class='ocrx_word' id='word_1_27' title='bbox 1358 587 1674 657; x_wconf 82' lang='grc' dir='ltr'>ἀνυμνεῖται</span> <span class='ocrx_word' id='word_1_28' title='bbox 1700 604 1716 620; x_wconf 78' lang='grc' dir='ltr'><strong>ο</strong></span> 
     </span>
    </p>
   </div>
   <div class='ocr_carea' id='block_1_7' title="bbox 157 678 1719 753">
    <p class='ocr_par' dir='ltr' id='par_1_7' title="bbox 157 678 1719 753">
     <span class='ocr_line' id='line_1_7' title="bbox 157 678 1719 753; baseline -0.004 -15"><span class='ocrx_word' id='word_1_29' title='bbox 157 685 451 753; x_wconf 73' lang='grc' dir='ltr'><strong>Προμηθέα</strong></span> <span class='ocrx_word' id='word_1_30' title='bbox 473 701 530 736; x_wconf 88' lang='grc' dir='ltr'><strong>τε</strong></span> <span class='ocrx_word' id='word_1_31' title='bbox 565 683 733 752; x_wconf 83' lang='grc' dir='ltr'>αὐτὴν</span> <span class='ocrx_word' id='word_1_32' title='bbox 761 684 855 734; x_wconf 74' lang='grc' dir='ltr'><strong>καὶ</strong></span> <span class='ocrx_word' id='word_1_33' title='bbox 880 681 1131 749; x_wconf 79' lang='grc' dir='ltr'>ὁμόνοιαν</span> <span class='ocrx_word' id='word_1_34' title='bbox 1158 680 1251 731; x_wconf 74' lang='grc' dir='ltr'><strong>καὶ</strong></span> <span class='ocrx_word' id='word_1_35' title='bbox 1276 680 1539 749; x_wconf 76' lang='grc' dir='ltr'>[Ιερσείαν</span> <span class='ocrx_word' id='word_1_36' title='bbox 1563 679 1606 711; x_wconf 81' lang='grc'>⁸³</span> <span class='ocrx_word' id='word_1_37' title='bbox 1626 678 1719 731; x_wconf 80' lang='grc' dir='ltr'><strong>καὶ</strong></span> 
     </span>
    </p>
   </div>
   <div class='ocr_carea' id='block_1_8' title="bbox 160 770 1718 846">
    <p class='ocr_par' dir='ltr' id='par_1_8' title="bbox 160 770 1718 846">
     <span class='ocr_line' id='line_1_8' title="bbox 160 770 1718 846; baseline -0.006 -17"><span class='ocrx_word' id='word_1_38' title='bbox 160 777 340 829; x_wconf 81' lang='grc' dir='ltr'>’Λλιον</span> <span class='ocrx_word' id='word_1_39' title='bbox 370 775 753 846; x_wconf 79' lang='grc' dir='ltr'>ἱερολογοῦσιν,</span> <span class='ocrx_word' id='word_1_40' title='bbox 785 773 1049 835; x_wconf 85' lang='grc' dir='ltr'>ἀνεικίαν,</span> <span class='ocrx_word' id='word_1_41' title='bbox 1076 771 1353 840; x_wconf 83' lang='grc' dir='ltr'>ὁμοίωσιν,</span> <span class='ocrx_word' id='word_1_42' title='bbox 1393 770 1718 837; x_wconf 76' lang='grc' dir='ltr'>Ἰίφαιστον,</span> 
     </span>
    </p>
   </div>
   <div class='ocr_carea' id='block_1_9' title="bbox 160 861 1719 936">
    <p class='ocr_par' dir='ltr' id='par_1_9' title="bbox 160 861 1719 936">
     <span class='ocr_line' id='line_1_9' title="bbox 160 861 1719 936; baseline -0.004 -16"><span class='ocrx_word' id='word_1_43' title='bbox 160 869 359 936; x_wconf 84' lang='grc' dir='ltr'>Ἦραν,</span> <span class='ocrx_word' id='word_1_44' title='bbox 385 868 506 927; x_wconf 77' lang='grc' dir='ltr'>Διὸς</span> <span class='ocrx_word' id='word_1_45' title='bbox 520 865 751 933; x_wconf 75' lang='grc' dir='ltr'>ἀδελφὴν</span> <span class='ocrx_word' id='word_1_46' title='bbox 775 865 868 917; x_wconf 73' lang='grc' dir='ltr'>καὶ</span> <span class='ocrx_word' id='word_1_47' title='bbox 889 863 1160 924; x_wconf 78' lang='grc' dir='ltr'><strong>σύνευνον,</strong></span> <span class='ocrx_word' id='word_1_48' title='bbox 1183 861 1467 929; x_wconf 76' lang='grc' dir='ltr'>ἑκάεργον,</span> <span class='ocrx_word' id='word_1_49' title='bbox 1487 861 1719 922; x_wconf 77' lang='grc' dir='ltr'>Παιᾶνα,</span> 
     </span>
    </p>
   </div>
   <div class='ocr_carea' id='block_1_10' title="bbox 157 950 1722 1027">
    <p class='ocr_par' dir='ltr' id='par_1_10' title="bbox 157 950 1722 1027">
     <span class='ocr_line' id='line_1_10' title="bbox 157 950 1722 1027; baseline -0.006 -17"><span class='ocrx_word' id='word_1_50' title='bbox 157 958 460 1027; x_wconf 79' lang='grc' dir='ltr'>Νυσσηῖδα,</span> <span class='ocrx_word' id='word_1_51' title='bbox 494 956 730 1023; x_wconf 72' lang='grc' dir='ltr'>Ἀγυιέα,</span> <span class='ocrx_word' id='word_1_52' title='bbox 797 953 1087 1015; x_wconf 83' lang='grc' dir='ltr'>Ἐνυάλιον,</span> <span class='ocrx_word' id='word_1_53' title='bbox 1117 950 1413 1013; x_wconf 81' lang='grc' dir='ltr'>’Λγελείαν,</span> <span class='ocrx_word' id='word_1_54' title='bbox 1451 950 1722 1019; x_wconf 81' lang='grc' dir='ltr'>Τριτογέ-</span> 
     </span>
    </p>
   </div>
   <div class='ocr_carea' id='block_1_11' title="bbox 167 1042 1720 1115">
    <p class='ocr_par' dir='ltr' id='par_1_11' title="bbox 167 1042 1720 1115">
     <span class='ocr_line' id='line_1_11' title="bbox 167 1042 1720 1115; baseline -0.006 -14"><span class='ocrx_word' id='word_1_55' title='bbox 167 1067 337 1114; x_wconf 88' lang='grc' dir='ltr'>νειαν,</span> <span class='ocrx_word' id='word_1_56' title='bbox 382 1048 684 1115; x_wconf 83' lang='grc' dir='ltr'><strong>Ὁμόνοιαν,</strong></span> <span class='ocrx_word' id='word_1_57' title='bbox 720 1044 918 1104; x_wconf 83' lang='grc' dir='ltr'>Πειθὼ,</span> <span class='ocrx_word' id='word_1_58' title='bbox 944 1044 1252 1111; x_wconf 80' lang='grc' dir='ltr'>Κουρήτιδά</span> <span class='ocrx_word' id='word_1_59' title='bbox 1280 1059 1339 1093; x_wconf 87' lang='grc' dir='ltr'><strong>τε</strong></span> <span class='ocrx_word' id='word_1_60' title='bbox 1386 1042 1481 1093; x_wconf 82' lang='grc' dir='ltr'><strong>καὶ</strong></span> <span class='ocrx_word' id='word_1_61' title='bbox 1516 1042 1720 1111; x_wconf 80' lang='grc' dir='ltr'>Κόρην,</span> 
     </span>
    </p>
   </div>
   <div class='ocr_carea' id='block_1_12' title="bbox 171 1134 1327 1209">
    <p class='ocr_par' dir='ltr' id='par_1_12' title="bbox 171 1134 1327 1209">
     <span class='ocr_line' id='line_1_12' title="bbox 171 1134 1327 1209; baseline -0.007 -16"><span class='ocrx_word' id='word_1_62' title='bbox 171 1140 467 1209; x_wconf 85' lang='grc' dir='ltr'>Ὑπερίονα</span> <span class='ocrx_word' id='word_1_63' title='bbox 491 1139 558 1201; x_wconf 73' lang='grc'><strong>⁸⁵,</strong></span> <span class='ocrx_word' id='word_1_64' title='bbox 588 1138 681 1191; x_wconf 79' lang='grc' dir='ltr'><strong>καὶ</strong></span> <span class='ocrx_word' id='word_1_65' title='bbox 712 1136 947 1191; x_wconf 82' lang='grc' dir='ltr'>Μουσῶν</span> <span class='ocrx_word' id='word_1_66' title='bbox 970 1134 1327 1205; x_wconf 68' lang='grc' dir='ltr'><strong>Τερψιχόρην.</strong></span> 
     </span>
    </p>
   </div>
   <div class='ocr_carea' id='block_1_13' title="bbox 165 1220 3051 1296">
    <p class='ocr_par' dir='ltr' id='par_1_13' title="bbox 165 1220 3051 1296">
     <span class='ocr_line' id='line_1_13' title="bbox 165 1220 3051 1296; baseline -0.002 -14"><span class='ocrx_word' id='word_1_67' title='bbox 165 1247 273 1284; x_wconf 89' lang='lat' dir='ltr'><strong>rem</strong></span> <span class='ocrx_word' id='word_1_68' title='bbox 315 1240 372 1283; x_wconf 91' lang='lat' dir='ltr'><strong>et</strong></span> <span class='ocrx_word' id='word_1_69' title='bbox 417 1228 724 1296; x_wconf 75' lang='lat' dir='ltr'><strong>coniugem,</strong></span> <span class='ocrx_word' id='word_1_70' title='bbox 755 1227 966 1280; x_wconf 85' lang='lat' dir='ltr'><strong>eminus</strong></span> <span class='ocrx_word' id='word_1_71' title='bbox 997 1234 1308 1290; x_wconf 83' lang='lat' dir='ltr'><strong>cperantetn</strong></span> <span class='ocrx_word' id='word_1_72' title='bbox 1354 1221 1464 1290; x_wconf 73' lang='lat'><strong>(9.9)</strong></span> <span class='ocrx_word' id='word_1_73' title='bbox 1499 1220 1718 1283; x_wconf 67' lang='lat' dir='ltr'><strong>Paeana,</strong></span> <span class='ocrx_word' id='word_1_74' title='bbox 1759 1220 2044 1292; x_wconf 83' lang='lat' dir='ltr'><strong>Nysseida,</strong></span> <span class='ocrx_word' id='word_1_75' title='bbox 2097 1225 2304 1292; x_wconf 74' lang='lat' dir='ltr'><strong>Agyrea</strong></span> <span class='ocrx_word' id='word_1_76' title='bbox 2377 1224 2511 1294; x_wconf 82' lang='grc'>(50),</span> <span class='ocrx_word' id='word_1_77' title='bbox 2583 1224 2863 1292; x_wconf 85' lang='lat' dir='ltr'><strong>Enyaliutn</strong></span> <span class='ocrx_word' id='word_1_78' title='bbox 2916 1226 3051 1293; x_wconf 76' lang='lat' dir='ltr'><strong>(5i),</strong></span> 
     </span>
    </p>
   </div>
   <div class='ocr_carea' id='block_1_14' title="bbox 1816 587 3395 654">
    <p class='ocr_par' dir='ltr' id='par_1_14' title="bbox 1816 587 3395 654">
     <span class='ocr_line' id='line_1_14' title="bbox 1816 587 3395 654; baseline 0 -13"><span class='ocrx_word' id='word_1_79' title='bbox 1816 587 2005 641; x_wconf 97' lang='lat' dir='ltr'><strong>saltem</strong></span> <span class='ocrx_word' id='word_1_80' title='bbox 2057 590 2109 641; x_wconf 88' lang='lat' dir='ltr'><strong>in</strong></span> <span class='ocrx_word' id='word_1_81' title='bbox 2158 588 2439 642; x_wconf 84' lang='lat' dir='ltr'><strong>divinitate</strong></span> <span class='ocrx_word' id='word_1_82' title='bbox 2484 588 2706 654; x_wconf 75' lang='lat' dir='ltr'><strong>gradum</strong></span> <span class='ocrx_word' id='word_1_83' title='bbox 2745 602 2868 641; x_wconf 88' lang='lat' dir='ltr'><strong>cum</strong></span> <span class='ocrx_word' id='word_1_84' title='bbox 2931 589 3212 643; x_wconf 87' lang='lat' dir='ltr'><strong>octonario</strong></span> <span class='ocrx_word' id='word_1_85' title='bbox 3254 590 3395 643; x_wconf 80' lang='lat' dir='ltr'><strong>obti-</strong></span> 
     </span>
    </p>
   </div>
   <div class='ocr_carea' id='block_1_15' title="bbox 1816 678 3392 749">
    <p class='ocr_par' dir='ltr' id='par_1_15' title="bbox 1816 678 3392 749">
     <span class='ocr_line' id='line_1_15' title="bbox 1816 678 3392 749; baseline 0.001 -16"><span class='ocrx_word' id='word_1_86' title='bbox 1816 689 1928 733; x_wconf 82' lang='lat' dir='ltr'><strong>net.</strong></span> <span class='ocrx_word' id='word_1_87' title='bbox 1960 678 2431 734; x_wconf 88' lang='lat' dir='ltr'><strong>Circumfunditur</strong></span> <span class='ocrx_word' id='word_1_88' title='bbox 2464 679 2608 732; x_wconf 89' lang='lat' dir='ltr'><strong>cuitu</strong></span> <span class='ocrx_word' id='word_1_89' title='bbox 2656 680 2722 732; x_wconf 87' lang='lat' dir='ltr'><strong>ab</strong></span> <span class='ocrx_word' id='word_1_90' title='bbox 2768 679 2895 747; x_wconf 84' lang='lat' dir='ltr'><strong>ipsis</strong></span> <span class='ocrx_word' id='word_1_91' title='bbox 2930 689 3185 749; x_wconf 80' lang='lat' dir='ltr'><strong>tanquam</strong></span> <span class='ocrx_word' id='word_1_92' title='bbox 3218 680 3392 734; x_wconf 84' lang='lat' dir='ltr'><strong>Ocea-</strong></span> 
     </span>
    </p>
   </div>
   <div class='ocr_carea' id='block_1_16' title="bbox 1814 770 3392 843">
    <p class='ocr_par' dir='ltr' id='par_1_16' title="bbox 1814 770 3392 843">
     <span class='ocr_line' id='line_1_16' title="bbox 1814 770 3392 843; baseline 0.001 -19"><span class='ocrx_word' id='word_1_93' title='bbox 1814 786 1943 833; x_wconf 85' lang='lat' dir='ltr'><strong>nus,</strong></span> <span class='ocrx_word' id='word_1_94' title='bbox 1993 781 2156 838; x_wconf 88' lang='lat' dir='ltr'><strong>atqne</strong></span> <span class='ocrx_word' id='word_1_95' title='bbox 2204 779 2262 824; x_wconf 92' lang='lat' dir='ltr'><strong>ut</strong></span> <span class='ocrx_word' id='word_1_96' title='bbox 2315 773 2487 823; x_wconf 87' lang='lat' dir='ltr'><strong>visum</strong></span> <span class='ocrx_word' id='word_1_97' title='bbox 2544 771 2737 824; x_wconf 82' lang='lat' dir='ltr'><strong>lidiens</strong></span> <span class='ocrx_word' id='word_1_98' title='bbox 2784 772 3022 826; x_wconf 87' lang='lat' dir='ltr'><strong>circulus</strong></span> <span class='ocrx_word' id='word_1_99' title='bbox 3074 770 3392 843; x_wconf 77' lang='lat' dir='ltr'><strong>[llorizonla</strong></span> 
     </span>
    </p>
   </div>
   <div class='ocr_carea' id='block_1_17' title="bbox 1816 859 3396 931">
    <p class='ocr_par' dir='ltr' id='par_1_17' title="bbox 1816 859 3396 931">
     <span class='ocr_line' id='line_1_17' title="bbox 1816 859 3396 931; baseline 0.001 -16"><span class='ocrx_word' id='word_1_100' title='bbox 1816 860 1988 915; x_wconf 61' lang='lat' dir='ltr'><strong>Graeci</strong></span> <span class='ocrx_word' id='word_1_101' title='bbox 2063 859 2300 931; x_wconf 84' lang='lat' dir='ltr'><strong>vocant]</strong></span> <span class='ocrx_word' id='word_1_102' title='bbox 2380 860 2711 916; x_wconf 85' lang='lat' dir='ltr'><strong>celebratur.</strong></span> <span class='ocrx_word' id='word_1_103' title='bbox 2780 860 3107 916; x_wconf 81' lang='lat' dir='ltr'><strong>Promethea</strong></span> <span class='ocrx_word' id='word_1_104' title='bbox 3180 877 3396 931; x_wconf 90' lang='lat' dir='ltr'><strong>quoque</strong></span> 
     </span>
    </p>
   </div>
   <div class='ocr_carea' id='block_1_18' title="bbox 1830 952 3399 1020">
    <p class='ocr_par' dir='ltr' id='par_1_18' title="bbox 1830 952 3399 1020">
     <span class='ocr_line' id='line_1_18' title="bbox 1830 952 3399 1020; baseline 0.001 -15"><span class='ocrx_word' id='word_1_105' title='bbox 1830 953 2002 1020; x_wconf 85' lang='lat' dir='ltr'><strong>ipsum</strong></span> <span class='ocrx_word' id='word_1_106' title='bbox 2058 953 2282 1018; x_wconf 81' lang='lat' dir='ltr'><strong>faciunt,</strong></span> <span class='ocrx_word' id='word_1_107' title='bbox 2320 962 2375 1005; x_wconf 89' lang='lat' dir='ltr'><strong>et</strong></span> <span class='ocrx_word' id='word_1_108' title='bbox 2410 952 2745 1006; x_wconf 81' lang='lat' dir='ltr'><strong>Concordian</strong></span> <span class='ocrx_word' id='word_1_109' title='bbox 2774 995 2787 1007; x_wconf 92' lang='lat'><strong>.</strong></span> <span class='ocrx_word' id='word_1_110' title='bbox 2842 953 3113 1008; x_wconf 82' lang='lat' dir='ltr'><strong>Perseiam</strong></span> <span class='ocrx_word' id='word_1_111' title='bbox 3137 992 3155 1018; x_wconf 90' lang='lat'><strong>,</strong></span> <span class='ocrx_word' id='word_1_112' title='bbox 3199 964 3255 1008; x_wconf 91' lang='lat' dir='ltr'><strong>et</strong></span> <span class='ocrx_word' id='word_1_113' title='bbox 3297 953 3399 1007; x_wconf 72' lang='lat' dir='ltr'><strong>So~</strong></span> 
     </span>
    </p>
   </div>
   <div class='ocr_carea' id='block_1_19' title="bbox 1830 1043 3398 1113">
    <p class='ocr_par' dir='ltr' id='par_1_19' title="bbox 1830 1043 3398 1113">
     <span class='ocr_line' id='line_1_19' title="bbox 1830 1043 3398 1113; baseline 0 -16"><span class='ocrx_word' id='word_1_114' title='bbox 1830 1044 1934 1097; x_wconf 88' lang='lat' dir='ltr'><strong>lem</strong></span> <span class='ocrx_word' id='word_1_115' title='bbox 1972 1044 2273 1113; x_wconf 80' lang='lat' dir='ltr'><strong>ittdigitanl.</strong></span> <span class='ocrx_word' id='word_1_116' title='bbox 2322 1043 2571 1109; x_wconf 84' lang='lat' dir='ltr'><strong>Quietem</strong></span> <span class='ocrx_word' id='word_1_117' title='bbox 2624 1058 2837 1112; x_wconf 82' lang='lat' dir='ltr'><strong>quoque</strong></span> <span class='ocrx_word' id='word_1_118' title='bbox 2886 1059 2915 1096; x_wconf 77' lang='grc' dir='ltr'>ι</span> <span class='ocrx_word' id='word_1_119' title='bbox 2964 1046 3117 1106; x_wconf 84' lang='lat' dir='ltr'><strong>rixis,</strong></span> <span class='ocrx_word' id='word_1_120' title='bbox 3152 1056 3206 1098; x_wconf 93' lang='lat' dir='ltr'><strong>et</strong></span> <span class='ocrx_word' id='word_1_121' title='bbox 3241 1045 3398 1098; x_wconf 84' lang='lat' dir='ltr'><strong>simi-</strong></span> 
     </span>
    </p>
   </div>
   <div class='ocr_carea' id='block_1_20' title="bbox 1833 1132 3401 1205">
    <p class='ocr_par' dir='ltr' id='par_1_20' title="bbox 1833 1132 3401 1205">
     <span class='ocr_line' id='line_1_20' title="bbox 1833 1132 3401 1205; baseline 0.002 -20"><span class='ocrx_word' id='word_1_122' title='bbox 1833 1133 2131 1193; x_wconf 89' lang='lat' dir='ltr'><strong>Iitudinem,</strong></span> <span class='ocrx_word' id='word_1_123' title='bbox 2162 1132 2485 1198; x_wconf 83' lang='lat' dir='ltr'><strong>Vulcanum,</strong></span> <span class='ocrx_word' id='word_1_124' title='bbox 2517 1133 2807 1197; x_wconf 71' lang='lat' dir='ltr'><strong>lunonem,</strong></span> <span class='ocrx_word' id='word_1_125' title='bbox 2835 1132 2982 1189; x_wconf 78' lang='lat' dir='ltr'><strong>Jovis</strong></span> <span class='ocrx_word' id='word_1_126' title='bbox 3023 1135 3215 1205; x_wconf 59' lang='grc' dir='ltr'><strong>ιῶὅο</strong></span> <span class='ocrx_word' id='word_1_127' title='bbox 3249 1151 3401 1189; x_wconf 80' lang='lat' dir='ltr'><strong>soro-</strong></span> 
     </span>
    </p>
   </div>
   <div class='ocr_carea' id='block_1_21' title="bbox 3136 1226 3400 1295">
    <p class='ocr_par' dir='ltr' id='par_1_21' title="bbox 3136 1226 3400 1295">
     <span class='ocr_line' id='line_1_21' title="bbox 3136 1226 3400 1295; baseline -0.004 -16"><span class='ocrx_word' id='word_1_128' title='bbox 3136 1226 3400 1295; x_wconf 79' lang='lat' dir='ltr'><strong>Ageliam,</strong></span> 
     </span>
    </p>
   </div>
   <div class='ocr_carea' id='block_1_22' title="bbox 164 1314 3404 1389">
    <p class='ocr_par' dir='ltr' id='par_1_22' title="bbox 164 1314 3404 1389">
     <span class='ocr_line' id='line_1_22' title="bbox 164 1314 3404 1389; baseline -0.001 -13"><span class='ocrx_word' id='word_1_129' title='bbox 164 1322 555 1389; x_wconf 81' lang='lat' dir='ltr'><strong>Tritogeniam,</strong></span> <span class='ocrx_word' id='word_1_130' title='bbox 589 1319 975 1381; x_wconf 82' lang='lat' dir='ltr'><strong>Concordiam,</strong></span> <span class='ocrx_word' id='word_1_131' title='bbox 1009 1318 1270 1380; x_wconf 81' lang='lat' dir='ltr'><strong>Suadam,</strong></span> <span class='ocrx_word' id='word_1_132' title='bbox 1322 1315 1649 1378; x_wconf 82' lang='lat' dir='ltr'><strong>Curetidcnt,</strong></span> <span class='ocrx_word' id='word_1_133' title='bbox 1708 1314 2114 1383; x_wconf 85' lang='lat' dir='ltr'><strong>Proserpinam,</strong></span> <span class='ocrx_word' id='word_1_134' title='bbox 2178 1329 2231 1371; x_wconf 86' lang='lat' dir='ltr'><strong>ct</strong></span> <span class='ocrx_word' id='word_1_135' title='bbox 2272 1316 2652 1387; x_wconf 83' lang='lat' dir='ltr'><strong>llyperionem,</strong></span> <span class='ocrx_word' id='word_1_136' title='bbox 2684 1316 2957 1373; x_wconf 77' lang='lat' dir='ltr'><strong>Musarum</strong></span> <span class='ocrx_word' id='word_1_137' title='bbox 2996 1319 3226 1388; x_wconf 90' lang='lat' dir='ltr'><strong>denique</strong></span> <span class='ocrx_word' id='word_1_138' title='bbox 3273 1322 3404 1374; x_wconf 86' lang='lat' dir='ltr'><strong>&#39;l‘er-</strong></span> 
     </span>
    </p>
   </div>
   <div class='ocr_carea' id='block_1_23' title="bbox 164 1418 479 1487">
    <p class='ocr_par' dir='ltr' id='par_1_23' title="bbox 164 1418 479 1487">
     <span class='ocr_line' id='line_1_23' title="bbox 164 1418 479 1487; baseline -0.003 -18"><span class='ocrx_word' id='word_1_139' title='bbox 164 1418 479 1487; x_wconf 85' lang='lat' dir='ltr'><strong>psichoren.</strong></span> 
     </span>
    </p>
   </div>
   <div class='ocr_carea' id='block_1_24' title="bbox 242 1506 1726 1581">
    <p class='ocr_par' dir='ltr' id='par_1_24' title="bbox 242 1506 1726 1581">
     <span class='ocr_line' id='line_1_24' title="bbox 242 1506 1726 1581; baseline -0.003 -17"><span class='ocrx_word' id='word_1_140' title='bbox 242 1514 307 1564; x_wconf 84' lang='grc' dir='ltr'><strong>Ἦ</strong></span> <span class='ocrx_word' id='word_1_141' title='bbox 344 1513 525 1580; x_wconf 78' lang='grc' dir='ltr'>μέντοι</span> <span class='ocrx_word' id='word_1_142' title='bbox 555 1511 715 1573; x_wconf 73' lang='grc' dir='ltr'>δεκὰς</span> <span class='ocrx_word' id='word_1_143' title='bbox 754 1509 892 1581; x_wconf 78' lang='grc' dir='ltr'>αὕτη</span> <span class='ocrx_word' id='word_1_144' title='bbox 937 1512 1081 1563; x_wconf 72' lang='grc' dir='ltr'>ἐστὶν</span> <span class='ocrx_word' id='word_1_145' title='bbox 1109 1510 1289 1572; x_wconf 83' lang='grc' dir='ltr'>αὐτοῖς</span> <span class='ocrx_word' id='word_1_146' title='bbox 1316 1510 1376 1562; x_wconf 80' lang='grc' dir='ltr'><strong>τὸ</strong></span> <span class='ocrx_word' id='word_1_147' title='bbox 1414 1511 1556 1573; x_wconf 78' lang='grc' dir='ltr'>πᾶν,</span> <span class='ocrx_word' id='word_1_148' title='bbox 1593 1506 1726 1569; x_wconf 75' lang='grc' dir='ltr'>Θεὸς</span> 
     </span>
    </p>
   </div>
   <div class='ocr_carea' id='block_1_25' title="bbox 164 1599 1728 1673">
    <p class='ocr_par' dir='ltr' id='par_1_25' title="bbox 164 1599 1728 1673">
     <span class='ocr_line' id='line_1_25' title="bbox 164 1599 1728 1673; baseline -0.004 -15"><span class='ocrx_word' id='word_1_149' title='bbox 164 1605 431 1673; x_wconf 77' lang='grc' dir='ltr'>ὑπέρθεος</span> <span class='ocrx_word' id='word_1_150' title='bbox 479 1604 573 1655; x_wconf 80' lang='grc' dir='ltr'>καὶ</span> <span class='ocrx_word' id='word_1_151' title='bbox 606 1603 737 1665; x_wconf 76' lang='grc' dir='ltr'>Θεὸς</span> <span class='ocrx_word' id='word_1_152' title='bbox 764 1603 899 1655; x_wconf 85' lang='grc' dir='ltr'>θεῶν</span> <span class='ocrx_word' id='word_1_153' title='bbox 917 1641 932 1665; x_wconf 89' lang='grc'><strong>,</strong></span> <span class='ocrx_word' id='word_1_154' title='bbox 960 1603 1041 1655; x_wconf 82' lang='grc' dir='ltr'>ὅτι</span> <span class='ocrx_word' id='word_1_155' title='bbox 1069 1602 1199 1655; x_wconf 84' lang='grc' dir='ltr'>δέκα</span> <span class='ocrx_word' id='word_1_156' title='bbox 1247 1600 1441 1672; x_wconf 84' lang='grc' dir='ltr'>χειρῶν</span> <span class='ocrx_word' id='word_1_157' title='bbox 1476 1602 1569 1653; x_wconf 68' lang='grc' dir='ltr'>καὶ</span> <span class='ocrx_word' id='word_1_158' title='bbox 1597 1599 1728 1652; x_wconf 90' lang='grc' dir='ltr'><strong>δέκα</strong></span> 
     </span>
    </p>
   </div>
   <div class='ocr_carea' id='block_1_26' title="bbox 166 1690 1727 1762">
    <p class='ocr_par' dir='ltr' id='par_1_26' title="bbox 166 1690 1727 1762">
     <span class='ocr_line' id='line_1_26' title="bbox 166 1690 1727 1762; baseline -0.004 -15"><span class='ocrx_word' id='word_1_159' title='bbox 166 1697 343 1747; x_wconf 80' lang='grc' dir='ltr'>ποδῶν</span> <span class='ocrx_word' id='word_1_160' title='bbox 369 1695 657 1756; x_wconf 78' lang='grc' dir='ltr'>δάκτυλοι,</span> <span class='ocrx_word' id='word_1_161' title='bbox 682 1695 773 1747; x_wconf 69' lang='grc' dir='ltr'><strong>καὶ</strong></span> <span class='ocrx_word' id='word_1_162' title='bbox 794 1694 923 1745; x_wconf 82' lang='grc' dir='ltr'>δέκα</span> <span class='ocrx_word' id='word_1_163' title='bbox 947 1692 1267 1762; x_wconf 78' lang='grc' dir='ltr'>κατηγορίαι</span> <span class='ocrx_word' id='word_1_164' title='bbox 1286 1732 1300 1755; x_wconf 95' lang='grc'><strong>,</strong></span> <span class='ocrx_word' id='word_1_165' title='bbox 1327 1693 1419 1744; x_wconf 80' lang='grc' dir='ltr'><strong>καὶ</strong></span> <span class='ocrx_word' id='word_1_166' title='bbox 1448 1690 1540 1743; x_wconf 73' lang='grc' dir='ltr'>τοῦ</span> <span class='ocrx_word' id='word_1_167' title='bbox 1569 1690 1727 1757; x_wconf 84' lang='grc' dir='ltr'>λόγου</span> 
     </span>
    </p>
   </div>
   <div class='ocr_carea' id='block_1_27' title="bbox 163 1781 1729 1856">
    <p class='ocr_par' dir='ltr' id='par_1_27' title="bbox 163 1781 1729 1856">
     <span class='ocr_line' id='line_1_27' title="bbox 163 1781 1729 1856; baseline -0.004 -16"><span class='ocrx_word' id='word_1_168' title='bbox 163 1789 293 1841; x_wconf 80' lang='grc' dir='ltr'>δέκα</span> <span class='ocrx_word' id='word_1_169' title='bbox 326 1788 507 1855; x_wconf 84' lang='grc' dir='ltr'>μέρη·</span> <span class='ocrx_word' id='word_1_170' title='bbox 552 1787 634 1837; x_wconf 81' lang='grc' dir='ltr'>ἵνα</span> <span class='ocrx_word' id='word_1_171' title='bbox 659 1787 768 1854; x_wconf 76' lang='grc' dir='ltr'><strong>γάρ</strong></span> <span class='ocrx_word' id='word_1_172' title='bbox 863 1785 1041 1845; x_wconf 76' lang='grc' dir='ltr'>αὐτοῖς</span> <span class='ocrx_word' id='word_1_173' title='bbox 1071 1786 1245 1837; x_wconf 84' lang='grc' dir='ltr'>πάντα</span> <span class='ocrx_word' id='word_1_174' title='bbox 1267 1786 1299 1853; x_wconf 81' lang='grc' dir='ltr'>ὴ</span> <span class='ocrx_word' id='word_1_175' title='bbox 1324 1782 1489 1844; x_wconf 80' lang='grc' dir='ltr'>δεκάς</span> <span class='ocrx_word' id='word_1_176' title='bbox 1510 1823 1524 1845; x_wconf 94' lang='grc'><strong>,</strong></span> <span class='ocrx_word' id='word_1_177' title='bbox 1560 1797 1729 1851; x_wconf 81' lang='grc' dir='ltr'>προσ·</span> 
     </span>
    </p>
   </div>
   <div class='ocr_carea' id='block_1_28' title="bbox 1902 1504 3402 1575">
    <p class='ocr_par' dir='ltr' id='par_1_28' title="bbox 1902 1504 3402 1575">
     <span class='ocr_line' id='line_1_28' title="bbox 1902 1504 3402 1575; baseline -0.001 -15"><span class='ocrx_word' id='word_1_178' title='bbox 1902 1506 2162 1561; x_wconf 85' lang='lat' dir='ltr'><strong>Deuarius</strong></span> <span class='ocrx_word' id='word_1_179' title='bbox 2185 1506 2417 1575; x_wconf 88' lang='lat' dir='ltr'><strong>denique</strong></span> <span class='ocrx_word' id='word_1_180' title='bbox 2445 1505 2575 1574; x_wconf 84' lang='lat' dir='ltr'><strong>ipsis</strong></span> <span class='ocrx_word' id='word_1_181' title='bbox 2595 1513 2679 1560; x_wconf 88' lang='lat' dir='ltr'><strong>est</strong></span> <span class='ocrx_word' id='word_1_182' title='bbox 2716 1506 3048 1566; x_wconf 76' lang='lat' dir='ltr'><strong>universum,</strong></span> <span class='ocrx_word' id='word_1_183' title='bbox 3088 1504 3230 1559; x_wconf 88' lang='lat' dir='ltr'><strong>Deus</strong></span> <span class='ocrx_word' id='word_1_184' title='bbox 3262 1520 3402 1558; x_wconf 86' lang='lat' dir='ltr'><strong>sum-</strong></span> 
     </span>
    </p>
   </div>
   <div class='ocr_carea' id='block_1_29' title="bbox 1829 1598 3405 1665">
    <p class='ocr_par' dir='ltr' id='par_1_29' title="bbox 1829 1598 3405 1665">
     <span class='ocr_line' id='line_1_29' title="bbox 1829 1598 3405 1665; baseline -0.003 -12"><span class='ocrx_word' id='word_1_185' title='bbox 1829 1614 1973 1665; x_wconf 90' lang='lat' dir='ltr'><strong>mus,</strong></span> <span class='ocrx_word' id='word_1_186' title='bbox 2016 1606 2071 1652; x_wconf 87' lang='lat' dir='ltr'><strong>et</strong></span> <span class='ocrx_word' id='word_1_187' title='bbox 2120 1599 2339 1653; x_wconf 91' lang='lat' dir='ltr'><strong>deorum</strong></span> <span class='ocrx_word' id='word_1_188' title='bbox 2371 1598 2554 1663; x_wconf 89' lang='lat' dir='ltr'><strong>Deus,</strong></span> <span class='ocrx_word' id='word_1_189' title='bbox 2605 1598 2746 1665; x_wconf 88' lang='lat' dir='ltr'><strong>quod</strong></span> <span class='ocrx_word' id='word_1_190' title='bbox 2801 1613 3055 1650; x_wconf 90' lang='lat' dir='ltr'><strong>manuum</strong></span> <span class='ocrx_word' id='word_1_191' title='bbox 3102 1598 3405 1664; x_wconf 84' lang='lat' dir='ltr'><strong>pedumque</strong></span> 
     </span>
    </p>
   </div>
   <div class='ocr_carea' id='block_1_30' title="bbox 1833 1688 3405 1761">
    <p class='ocr_par' dir='ltr' id='par_1_30' title="bbox 1833 1688 3405 1761">
     <span class='ocr_line' id='line_1_30' title="bbox 1833 1688 3405 1761; baseline -0.001 -16"><span class='ocrx_word' id='word_1_192' title='bbox 1833 1692 2021 1746; x_wconf 86' lang='lat' dir='ltr'><strong>decem</strong></span> <span class='ocrx_word' id='word_1_193' title='bbox 2050 1692 2159 1745; x_wconf 82' lang='lat' dir='ltr'><strong>sint</strong></span> <span class='ocrx_word' id='word_1_194' title='bbox 2184 1692 2358 1758; x_wconf 80' lang='lat' dir='ltr'><strong>digiti,</strong></span> <span class='ocrx_word' id='word_1_195' title='bbox 2389 1693 2684 1758; x_wconf 88' lang='lat' dir='ltr'><strong>decemque</strong></span> <span class='ocrx_word' id='word_1_196' title='bbox 2718 1688 2798 1760; x_wconf 92' lang='lat' dir='ltr'><strong>[ut</strong></span> <span class='ocrx_word' id='word_1_197' title='bbox 2830 1690 2985 1758; x_wconf 77' lang='lat' dir='ltr'><strong>logici</strong></span> <span class='ocrx_word' id='word_1_198' title='bbox 3022 1689 3236 1761; x_wconf 81' lang='lat' dir='ltr'><strong>vocant]</strong></span> <span class='ocrx_word' id='word_1_199' title='bbox 3271 1705 3405 1758; x_wconf 68' lang='lat' dir='ltr'><strong>prte-</strong></span> 
     </span>
    </p>
   </div>
   <div class='ocr_carea' id='block_1_31' title="bbox 1837 1778 3403 1847">
    <p class='ocr_par' dir='ltr' id='par_1_31' title="bbox 1837 1778 3403 1847">
     <span class='ocr_line' id='line_1_31' title="bbox 1837 1778 3403 1847; baseline -0.003 -13"><span class='ocrx_word' id='word_1_200' title='bbox 1837 1782 2163 1843; x_wconf 89' lang='lat' dir='ltr'><strong>dicamenta,</strong></span> <span class='ocrx_word' id='word_1_201' title='bbox 2198 1791 2251 1835; x_wconf 90' lang='lat' dir='ltr'><strong>et</strong></span> <span class='ocrx_word' id='word_1_202' title='bbox 2286 1781 2552 1833; x_wconf 87' lang='lat' dir='ltr'><strong>orationis</strong></span> <span class='ocrx_word' id='word_1_203' title='bbox 2583 1790 2765 1847; x_wconf 73' lang='lat' dir='ltr'><strong>partes</strong></span> <span class='ocrx_word' id='word_1_204' title='bbox 2796 1780 3004 1831; x_wconf 79' lang='lat' dir='ltr'><strong>decem.</strong></span> <span class='ocrx_word' id='word_1_205' title='bbox 3039 1778 3231 1833; x_wconf 82' lang='lat' dir='ltr'><strong>Omnia</strong></span> <span class='ocrx_word' id='word_1_206' title='bbox 3262 1780 3403 1833; x_wconf 88' lang='lat' dir='ltr'><strong>enim</strong></span> 
     </span>
    </p>
   </div>
   <div class='ocr_carea' id='block_1_32' title="bbox 162 1872 1830 1945">
    <p class='ocr_par' dir='ltr' id='par_1_32' title="bbox 162 1873 1807 1945">
     <span class='ocr_line' id='line_1_32' title="bbox 162 1873 1807 1945; baseline -0.005 -15"><span class='ocrx_word' id='word_1_207' title='bbox 162 1879 376 1931; x_wconf 84' lang='grc' dir='ltr'>τιθέασι</span> <span class='ocrx_word' id='word_1_208' title='bbox 406 1876 517 1939; x_wconf 87' lang='grc' dir='ltr'>τοῖς</span> <span class='ocrx_word' id='word_1_209' title='bbox 538 1876 631 1929; x_wconf 82' lang='grc' dir='ltr'>τοῦ</span> <span class='ocrx_word' id='word_1_210' title='bbox 653 1877 809 1944; x_wconf 85' lang='grc' dir='ltr'>λόγου</span> <span class='ocrx_word' id='word_1_211' title='bbox 834 1875 961 1945; x_wconf 70' lang='lat' dir='ltr'><strong>[2H</strong></span> <span class='ocrx_word' id='word_1_212' title='bbox 1006 1874 1111 1945; x_wconf 72' lang='lat'><strong>11.]</strong></span> <span class='ocrx_word' id='word_1_213' title='bbox 1142 1875 1331 1944; x_wconf 80' lang='grc' dir='ltr'>μέρεσι</span> <span class='ocrx_word' id='word_1_214' title='bbox 1366 1873 1735 1945; x_wconf 77' lang='grc' dir='ltr'>προσηγορίαν</span> <span class='ocrx_word' id='word_1_215' title='bbox 1768 1918 1807 1945; x_wconf 65' lang='grc' dir='ltr'><strong>η</strong></span> 
     </span>
    </p>
   </div>
   <div class='ocr_carea' id='block_1_33' title="bbox 1738 1872 3406 1945">
    <p class='ocr_par' dir='ltr' id='par_1_33' title="bbox 1768 1872 3406 1945">
     <span class='ocr_line' id='line_1_33' title="bbox 1768 1872 3406 1945; baseline 0 -22"><span class='ocrx_word' id='word_1_216' title='bbox 1768 1918 1807 1945; x_wconf 66' lang='grc' dir='ltr'><strong>η</strong></span> <span class='ocrx_word' id='word_1_217' title='bbox 1838 1872 1969 1939; x_wconf 89' lang='lat' dir='ltr'><strong>ipsis</strong></span> <span class='ocrx_word' id='word_1_218' title='bbox 2006 1873 2166 1925; x_wconf 89' lang='lat' dir='ltr'><strong>decas</strong></span> <span class='ocrx_word' id='word_1_219' title='bbox 2210 1883 2266 1924; x_wconf 94' lang='lat' dir='ltr'><strong>ut</strong></span> <span class='ocrx_word' id='word_1_220' title='bbox 2309 1872 2400 1934; x_wconf 91' lang='lat' dir='ltr'><strong>sit,</strong></span> <span class='ocrx_word' id='word_1_221' title='bbox 2439 1872 2821 1925; x_wconf 87' lang='lat' dir='ltr'><strong>allocutionem</strong></span> <span class='ocrx_word' id='word_1_222' title='bbox 2879 1874 3091 1925; x_wconf 70' lang='lat' dir='ltr'><strong>caeteris</strong></span> <span class='ocrx_word' id='word_1_223' title='bbox 3147 1872 3406 1924; x_wconf 85' lang='lat' dir='ltr'><strong>orationis</strong></span> 
     </span>
    </p>
   </div>
   <div class='ocr_carea' id='block_1_34' title="bbox 164 1965 1736 2038">
    <p class='ocr_par' dir='ltr' id='par_1_34' title="bbox 164 1965 1736 2038">
     <span class='ocr_line' id='line_1_34' title="bbox 164 1965 1736 2038; baseline -0.005 -16"><span class='ocrx_word' id='word_1_224' title='bbox 164 1972 257 2023; x_wconf 76' lang='grc' dir='ltr'>καὶ</span> <span class='ocrx_word' id='word_1_225' title='bbox 291 1969 744 2038; x_wconf 79' lang='grc' dir='ltr'><strong>παραπλήρωμα.</strong></span> <span class='ocrx_word' id='word_1_226' title='bbox 794 1967 858 2019; x_wconf 89' lang='grc' dir='ltr'>Τί</span> <span class='ocrx_word' id='word_1_227' title='bbox 879 1968 958 2019; x_wconf 85' lang='grc' dir='ltr'><strong>δεῖ</strong></span> <span class='ocrx_word' id='word_1_228' title='bbox 988 1966 1166 2033; x_wconf 85' lang='grc' dir='ltr'>λέγειν</span> <span class='ocrx_word' id='word_1_229' title='bbox 1215 1965 1289 2027; x_wconf 82' lang='grc' dir='ltr'>ὡς</span> <span class='ocrx_word' id='word_1_230' title='bbox 1321 1966 1377 2015; x_wconf 81' lang='grc' dir='ltr'>ὲν</span> <span class='ocrx_word' id='word_1_231' title='bbox 1409 1967 1544 2030; x_wconf 75' lang='grc' dir='ltr'><strong>αὐτῇ</strong></span> <span class='ocrx_word' id='word_1_232' title='bbox 1583 1980 1736 2032; x_wconf 85' lang='grc' dir='ltr'>περι-</span> 
     </span>
    </p>
   </div>
   <div class='ocr_carea' id='block_1_35' title="bbox 162 2053 1737 2129">
    <p class='ocr_par' dir='ltr' id='par_1_35' title="bbox 162 2053 1737 2129">
     <span class='ocr_line' id='line_1_35' title="bbox 162 2053 1737 2129; baseline -0.004 -18"><span class='ocrx_word' id='word_1_233' title='bbox 162 2060 507 2129; x_wconf 77' lang='grc' dir='ltr'>λαμϐάνουσι</span> <span class='ocrx_word' id='word_1_234' title='bbox 542 2060 607 2111; x_wconf 81' lang='grc' dir='ltr'><strong>τά</strong></span> <span class='ocrx_word' id='word_1_235' title='bbox 635 2076 693 2109; x_wconf 89' lang='grc' dir='ltr'><strong>τε</strong></span> <span class='ocrx_word' id='word_1_236' title='bbox 717 2058 763 2089; x_wconf 80' lang='grc'><strong>⁸⁸</strong></span> <span class='ocrx_word' id='word_1_237' title='bbox 794 2056 987 2125; x_wconf 84' lang='grc' dir='ltr'>στερεά</span> <span class='ocrx_word' id='word_1_238' title='bbox 1012 2056 1107 2108; x_wconf 78' lang='grc' dir='ltr'><strong>καὶ</strong></span> <span class='ocrx_word' id='word_1_239' title='bbox 1133 2054 1203 2106; x_wconf 72' lang='grc' dir='ltr'>τὰ</span> <span class='ocrx_word' id='word_1_240' title='bbox 1241 2054 1469 2105; x_wconf 74' lang='grc' dir='ltr'>ἐπίπεδα</span> <span class='ocrx_word' id='word_1_241' title='bbox 1494 2093 1508 2115; x_wconf 90' lang='grc'><strong>,</strong></span> <span class='ocrx_word' id='word_1_242' title='bbox 1540 2053 1702 2122; x_wconf 78' lang='grc' dir='ltr'>ἄρτια</span> <span class='ocrx_word' id='word_1_243' title='bbox 1724 2093 1737 2115; x_wconf 92' lang='grc'><strong>,</strong></span> 
     </span>
    </p>
   </div>
   <div class='ocr_carea' id='block_1_36' title="bbox 162 2142 1738 2218">
    <p class='ocr_par' dir='ltr' id='par_1_36' title="bbox 162 2142 1738 2218">
     <span class='ocr_line' id='line_1_36' title="bbox 162 2142 1738 2218; baseline -0.007 -15"><span class='ocrx_word' id='word_1_244' title='bbox 162 2152 420 2218; x_wconf 74' lang='grc' dir='ltr'>περισσὰ,</span> <span class='ocrx_word' id='word_1_245' title='bbox 440 2147 849 2216; x_wconf 79' lang='grc' dir='ltr'>ἀρτιοπέρισσα,</span> <span class='ocrx_word' id='word_1_246' title='bbox 870 2146 1117 2205; x_wconf 82' lang='grc' dir='ltr'>τέλεια⁶⁶,</span> <span class='ocrx_word' id='word_1_247' title='bbox 1138 2144 1323 2213; x_wconf 86' lang='grc' dir='ltr'>πρῶτα</span> <span class='ocrx_word' id='word_1_248' title='bbox 1340 2146 1431 2194; x_wconf 77' lang='grc' dir='ltr'><strong>καὶ</strong></span> <span class='ocrx_word' id='word_1_249' title='bbox 1452 2142 1738 2205; x_wconf 77' lang='grc' dir='ltr'><strong>ἀσύνθετα,</strong></span> 
     </span>
    </p>
   </div>
   <div class='ocr_carea' id='block_1_37' title="bbox 165 2236 1738 2309">
    <p class='ocr_par' dir='ltr' id='par_1_37' title="bbox 165 2236 1738 2309">
     <span class='ocr_line' id='line_1_37' title="bbox 165 2236 1738 2309; baseline -0.004 -16"><span class='ocrx_word' id='word_1_250' title='bbox 165 2243 392 2309; x_wconf 82' lang='grc' dir='ltr'>ἰσότητα</span> <span class='ocrx_word' id='word_1_251' title='bbox 407 2240 503 2291; x_wconf 77' lang='grc' dir='ltr'>καὶ</span> <span class='ocrx_word' id='word_1_252' title='bbox 520 2239 828 2304; x_wconf 76' lang='grc' dir='ltr'>ἀνισότητα,</span> <span class='ocrx_word' id='word_1_253' title='bbox 850 2237 944 2300; x_wconf 83' lang='grc' dir='ltr'><strong>τάς</strong></span> <span class='ocrx_word' id='word_1_254' title='bbox 962 2238 1091 2288; x_wconf 83' lang='grc' dir='ltr'><strong>δέκα</strong></span> <span class='ocrx_word' id='word_1_255' title='bbox 1116 2236 1345 2304; x_wconf 79' lang='grc' dir='ltr'>σχέσεις,</span> <span class='ocrx_word' id='word_1_256' title='bbox 1364 2237 1432 2287; x_wconf 75' lang='grc' dir='ltr'>τὰ</span> <span class='ocrx_word' id='word_1_257' title='bbox 1452 2236 1738 2303; x_wconf 70' lang='grc' dir='ltr'>σφαιρικὰ,</span> 
     </span>
    </p>
   </div>
   <div class='ocr_carea' id='block_1_38' title="bbox 161 2323 1738 2394">
    <p class='ocr_par' dir='ltr' id='par_1_38' title="bbox 161 2323 1738 2394">
     <span class='ocr_line' id='line_1_38' title="bbox 161 2323 1738 2394; baseline -0.005 -13"><span class='ocrx_word' id='word_1_258' title='bbox 161 2331 228 2381; x_wconf 71' lang='grc' dir='ltr'><strong>τά</strong></span> <span class='ocrx_word' id='word_1_259' title='bbox 246 2327 508 2387; x_wconf 75' lang='grc' dir='ltr'>κυκλικά,</span> <span class='ocrx_word' id='word_1_260' title='bbox 526 2323 1128 2394; x_wconf 73' lang='grc' dir='ltr'>γεννητικά,τελεστικά</span> <span class='ocrx_word' id='word_1_261' title='bbox 1150 2364 1164 2386; x_wconf 90' lang='grc'><strong>,</strong></span> <span class='ocrx_word' id='word_1_262' title='bbox 1202 2323 1515 2391; x_wconf 83' lang='grc' dir='ltr'>ἑναρμόνια,</span> <span class='ocrx_word' id='word_1_263' title='bbox 1536 2323 1603 2373; x_wconf 81' lang='grc' dir='ltr'><strong>τά</strong></span> <span class='ocrx_word' id='word_1_264' title='bbox 1624 2339 1738 2373; x_wconf 87' lang='grc' dir='ltr'>τοι-</span> 
     </span>
    </p>
   </div>
   <div class='ocr_carea' id='block_1_39' title="bbox 164 2414 1740 2483">
    <p class='ocr_par' dir='ltr' id='par_1_39' title="bbox 164 2414 1740 2483">
     <span class='ocr_line' id='line_1_39' title="bbox 164 2414 1740 2483; baseline -0.005 -13"><span class='ocrx_word' id='word_1_265' title='bbox 164 2419 340 2481; x_wconf 82' lang='grc' dir='ltr'>αὖτα;</span> <span class='ocrx_word' id='word_1_266' title='bbox 374 2417 492 2469; x_wconf 78' lang='grc' dir='ltr'>ἀλλ’</span> <span class='ocrx_word' id='word_1_267' title='bbox 523 2418 669 2477; x_wconf 73' lang='grc' dir='ltr'>ὅπως</span> <span class='ocrx_word' id='word_1_268' title='bbox 697 2417 879 2475; x_wconf 81' lang='grc' dir='ltr'>αὐτοῖς</span> <span class='ocrx_word' id='word_1_269' title='bbox 908 2416 1107 2482; x_wconf 91' lang='grc' dir='ltr'>κόσμος</span> <span class='ocrx_word' id='word_1_270' title='bbox 1133 2415 1163 2483; x_wconf 82' lang='grc' dir='ltr'>ἡ</span> <span class='ocrx_word' id='word_1_271' title='bbox 1187 2414 1345 2474; x_wconf 78' lang='grc' dir='ltr'>δεκάς</span> <span class='ocrx_word' id='word_1_272' title='bbox 1380 2416 1471 2464; x_wconf 79' lang='grc' dir='ltr'>καὶ</span> <span class='ocrx_word' id='word_1_273' title='bbox 1495 2414 1740 2480; x_wconf 74' lang='grc' dir='ltr'>οὐρανὸς,</span> 
     </span>
    </p>
   </div>
   <div class='ocr_carea' id='block_1_40' title="bbox 164 2498 1739 2575">
    <p class='ocr_par' dir='ltr' id='par_1_40' title="bbox 164 2498 1739 2575">
     <span class='ocr_line' id='line_1_40' title="bbox 164 2498 1739 2575; baseline -0.003 -18"><span class='ocrx_word' id='word_1_274' title='bbox 164 2505 479 2575; x_wconf 78' lang='grc' dir='ltr'>εἱμαρμένη</span> <span class='ocrx_word' id='word_1_275' title='bbox 502 2545 515 2566; x_wconf 93' lang='grc'><strong>,</strong></span> <span class='ocrx_word' id='word_1_276' title='bbox 534 2503 665 2555; x_wconf 82' lang='grc' dir='ltr'><strong>αἰὼν</strong></span> <span class='ocrx_word' id='word_1_277' title='bbox 685 2543 699 2564; x_wconf 94' lang='grc'><strong>,</strong></span> <span class='ocrx_word' id='word_1_278' title='bbox 726 2505 944 2571; x_wconf 78' lang='grc' dir='ltr'>κράτος,</span> <span class='ocrx_word' id='word_1_279' title='bbox 977 2504 1155 2558; x_wconf 73' lang='grc' dir='ltr'>πίστις</span> <span class='ocrx_word' id='word_1_280' title='bbox 1176 2541 1190 2563; x_wconf 91' lang='grc'><strong>,</strong></span> <span class='ocrx_word' id='word_1_281' title='bbox 1216 2503 1427 2568; x_wconf 82' lang='grc' dir='ltr'>ἀνάγκη</span> <span class='ocrx_word' id='word_1_282' title='bbox 1446 2542 1458 2565; x_wconf 90' lang='grc'><strong>,</strong></span> <span class='ocrx_word' id='word_1_283' title='bbox 1491 2499 1620 2571; x_wconf 71' lang='grc'><strong>[468</strong></span> <span class='ocrx_word' id='word_1_284' title='bbox 1646 2498 1739 2571; x_wconf 70' lang='grc' dir='ltr'>Β.)</span> 
     </span>
    </p>
   </div>
   <div class='ocr_carea' id='block_1_41' title="bbox 168 2589 1745 2660">
    <p class='ocr_par' dir='ltr' id='par_1_41' title="bbox 168 2589 1745 2660">
     <span class='ocr_line' id='line_1_41' title="bbox 168 2589 1745 2660; baseline -0.006 -13"><span class='ocrx_word' id='word_1_285' title='bbox 168 2596 376 2655; x_wconf 64' lang='grc' dir='ltr'>Ἄτλας</span> <span class='ocrx_word' id='word_1_286' title='bbox 394 2632 407 2652; x_wconf 86' lang='grc'><strong>,</strong></span> <span class='ocrx_word' id='word_1_287' title='bbox 434 2592 650 2660; x_wconf 82' lang='grc' dir='ltr'>ἀκάμας</span> <span class='ocrx_word' id='word_1_288' title='bbox 671 2590 786 2652; x_wconf 74' lang='grc' dir='ltr'>Θεος</span> <span class='ocrx_word' id='word_1_289' title='bbox 807 2630 820 2653; x_wconf 90' lang='grc'><strong>,</strong></span> <span class='ocrx_word' id='word_1_290' title='bbox 842 2591 1039 2658; x_wconf 78' lang='grc' dir='ltr'>Φάνης,</span> <span class='ocrx_word' id='word_1_291' title='bbox 1061 2589 1268 2651; x_wconf 84' lang='grc' dir='ltr'>Ἥλιος,</span> <span class='ocrx_word' id='word_1_292' title='bbox 1301 2589 1537 2657; x_wconf 77' lang='grc' dir='ltr'>Οὐρανία</span> <span class='ocrx_word' id='word_1_293' title='bbox 1560 2632 1573 2653; x_wconf 90' lang='grc'><strong>,</strong></span> <span class='ocrx_word' id='word_1_294' title='bbox 1597 2589 1745 2657; x_wconf 82' lang='grc' dir='ltr'><strong>Μνή-</strong></span> 
     </span>
    </p>
   </div>
   <div class='ocr_carea' id='block_1_42' title="bbox 170 2674 1747 2755">
    <p class='ocr_par' dir='ltr' id='par_1_42' title="bbox 170 2674 1747 2755">
     <span class='ocr_line' id='line_1_42' title="bbox 170 2674 1747 2755; baseline -0.004 -18"><span class='ocrx_word' id='word_1_295' title='bbox 170 2704 271 2755; x_wconf 87' lang='grc' dir='ltr'><strong>μη,</strong></span> <span class='ocrx_word' id='word_1_296' title='bbox 290 2682 629 2751; x_wconf 75' lang='grc' dir='ltr'>Μνημοσύνη</span> <span class='ocrx_word' id='word_1_297' title='bbox 655 2700 669 2746; x_wconf 88' lang='lat'><strong>;</strong></span> <span class='ocrx_word' id='word_1_298' title='bbox 691 2683 781 2733; x_wconf 70' lang='grc' dir='ltr'>καὶ</span> <span class='ocrx_word' id='word_1_299' title='bbox 812 2682 987 2733; x_wconf 79' lang='grc' dir='ltr'>πάντα</span> <span class='ocrx_word' id='word_1_300' title='bbox 1007 2680 1072 2732; x_wconf 85' lang='grc' dir='ltr'>ἂν</span> <span class='ocrx_word' id='word_1_301' title='bbox 1100 2674 1257 2749; x_wconf 76' lang='grc' dir='ltr'>οἶμαι</span> <span class='ocrx_word' id='word_1_302' title='bbox 1284 2680 1348 2731; x_wconf 78' lang='grc' dir='ltr'>τὰ</span> <span class='ocrx_word' id='word_1_303' title='bbox 1371 2680 1747 2749; x_wconf 77' lang='grc' dir='ltr'>προειρημένα</span> 
     </span>
    </p>
   </div>
   <div class='ocr_carea' id='block_1_43' title="bbox 166 2766 1743 2837">
    <p class='ocr_par' dir='ltr' id='par_1_43' title="bbox 166 2766 1743 2837">
     <span class='ocr_line' id='line_1_43' title="bbox 166 2766 1743 2837; baseline -0.004 -12"><span class='ocrx_word' id='word_1_304' title='bbox 166 2774 278 2825; x_wconf 81' lang='grc' dir='ltr'>τῶν</span> <span class='ocrx_word' id='word_1_305' title='bbox 303 2772 445 2823; x_wconf 85' lang='grc' dir='ltr'>θεῶν</span> <span class='ocrx_word' id='word_1_306' title='bbox 479 2769 657 2821; x_wconf 79' lang='grc' dir='ltr'>αὐτῶν</span> <span class='ocrx_word' id='word_1_307' title='bbox 692 2769 927 2837; x_wconf 85' lang='grc' dir='ltr'>ὀνόματα</span> <span class='ocrx_word' id='word_1_308' title='bbox 968 2770 1031 2837; x_wconf 77' lang='grc' dir='ltr'>τῇ</span> <span class='ocrx_word' id='word_1_309' title='bbox 1052 2767 1232 2819; x_wconf 84' lang='grc' dir='ltr'>δεκάδι</span> <span class='ocrx_word' id='word_1_310' title='bbox 1263 2766 1536 2834; x_wconf 72' lang='grc' dir='ltr'>ἀνήψαντο</span> <span class='ocrx_word' id='word_1_311' title='bbox 1563 2767 1628 2819; x_wconf 86' lang='grc' dir='ltr'>ἂν</span> <span class='ocrx_word' id='word_1_312' title='bbox 1650 2806 1665 2830; x_wconf 89' lang='grc'><strong>,</strong></span> <span class='ocrx_word' id='word_1_313' title='bbox 1695 2769 1743 2819; x_wconf 87' lang='grc' dir='ltr'><strong>εί</strong></span> 
     </span>
    </p>
   </div>
   <div class='ocr_carea' id='block_1_44' title="bbox 172 2856 1747 2933">
    <p class='ocr_par' dir='ltr' id='par_1_44' title="bbox 172 2856 1747 2933">
     <span class='ocr_line' id='line_1_44' title="bbox 172 2856 1747 2933; baseline -0.003 -20"><span class='ocrx_word' id='word_1_314' title='bbox 172 2864 249 2933; x_wconf 84' lang='grc' dir='ltr'>μὴ</span> <span class='ocrx_word' id='word_1_315' title='bbox 281 2859 651 2932; x_wconf 77' lang='grc' dir='ltr'>προλαϐόντες</span> <span class='ocrx_word' id='word_1_316' title='bbox 673 2858 715 2889; x_wconf 82' lang='lat'><strong>&quot;</strong></span> <span class='ocrx_word' id='word_1_317' title='bbox 769 2861 963 2909; x_wconf 78' lang='grc' dir='ltr'>ἐκεῖνοι</span> <span class='ocrx_word' id='word_1_318' title='bbox 986 2857 1158 2909; x_wconf 77' lang='grc' dir='ltr'>ταῦτα</span> <span class='ocrx_word' id='word_1_319' title='bbox 1209 2856 1605 2925; x_wconf 80' lang='grc' dir='ltr'>ίδιοποιήσαντο</span> <span class='ocrx_word' id='word_1_320' title='bbox 1653 2856 1747 2908; x_wconf 74' lang='grc' dir='ltr'>καὶ</span> 
     </span>
    </p>
   </div>
   <div class='ocr_carea' id='block_1_45' title="bbox 170 2940 1747 3021">
    <p class='ocr_par' dir='ltr' id='par_1_45' title="bbox 170 2940 1747 3021">
     <span class='ocr_line' id='line_1_45' title="bbox 170 2940 1747 3021; baseline -0.004 -15"><span class='ocrx_word' id='word_1_321' title='bbox 170 2952 417 3021; x_wconf 84' lang='grc' dir='ltr'>συνεχῶς</span> <span class='ocrx_word' id='word_1_322' title='bbox 446 2952 515 3003; x_wconf 84' lang='grc' dir='ltr'><strong>τά</strong></span> <span class='ocrx_word' id='word_1_323' title='bbox 540 2949 677 3002; x_wconf 84' lang='grc' dir='ltr'><strong>αὑτά</strong></span> <span class='ocrx_word' id='word_1_324' title='bbox 700 2948 840 3001; x_wconf 82' lang='grc' dir='ltr'>κατὰ</span> <span class='ocrx_word' id='word_1_325' title='bbox 872 2948 1087 3000; x_wconf 87' lang='grc' dir='ltr'>πάντων</span> <span class='ocrx_word' id='word_1_326' title='bbox 1118 2947 1293 3013; x_wconf 83' lang='grc' dir='ltr'>λέγειν</span> <span class='ocrx_word' id='word_1_327' title='bbox 1314 2940 1458 2999; x_wconf 74' lang='grc' dir='ltr'>οὗτοι</span> <span class='ocrx_word' id='word_1_328' title='bbox 1484 2946 1747 3015; x_wconf 82' lang='grc' dir='ltr'>ἀπώκνη-</span> 
     </span>
    </p>
   </div>
   <div class='ocr_carea' id='block_1_46' title="bbox 174 3034 1749 3107">
    <p class='ocr_par' dir='ltr' id='par_1_46' title="bbox 174 3034 1749 3107">
     <span class='ocr_line' id='line_1_46' title="bbox 174 3034 1749 3107; baseline -0.004 -14"><span class='ocrx_word' id='word_1_329' title='bbox 174 3059 297 3106; x_wconf 88' lang='grc' dir='ltr'>σαν,</span> <span class='ocrx_word' id='word_1_330' title='bbox 329 3039 461 3091; x_wconf 73' lang='grc' dir='ltr'>ὲπεὶ</span> <span class='ocrx_word' id='word_1_331' title='bbox 490 3037 749 3107; x_wconf 81' lang='grc' dir='ltr'>ὑπέρθεός</span> <span class='ocrx_word' id='word_1_332' title='bbox 774 3053 837 3103; x_wconf 86' lang='grc' dir='ltr'><strong>γε</strong></span> <span class='ocrx_word' id='word_1_333' title='bbox 872 3036 1103 3103; x_wconf 84' lang='grc' dir='ltr'>αὺτοῖςή</span> <span class='ocrx_word' id='word_1_334' title='bbox 1131 3034 1320 3095; x_wconf 74' lang='grc' dir='ltr'>δεκὰς,</span> <span class='ocrx_word' id='word_1_335' title='bbox 1346 3035 1437 3086; x_wconf 80' lang='grc' dir='ltr'><strong>καὶ</strong></span> <span class='ocrx_word' id='word_1_336' title='bbox 1466 3035 1525 3086; x_wconf 85' lang='grc' dir='ltr'><strong>τὸ</strong></span> <span class='ocrx_word' id='word_1_337' title='bbox 1552 3036 1749 3105; x_wconf 85' lang='grc' dir='ltr'>κράτος</span> 
     </span>
    </p>
   </div>
   <div class='ocr_carea' id='block_1_47' title="bbox 172 3123 1749 3200">
    <p class='ocr_par' dir='ltr' id='par_1_47' title="bbox 172 3123 1749 3200">
     <span class='ocr_line' id='line_1_47' title="bbox 172 3123 1749 3200; baseline -0.006 -14"><span class='ocrx_word' id='word_1_338' title='bbox 172 3134 272 3200; x_wconf 82' lang='grc' dir='ltr'>τῆς</span> <span class='ocrx_word' id='word_1_339' title='bbox 317 3135 381 3184; x_wconf 85' lang='grc' dir='ltr'><strong>ἑν</strong></span> <span class='ocrx_word' id='word_1_340' title='bbox 434 3128 689 3199; x_wconf 82' lang='grc' dir='ltr'>ἀριθμοῖς</span> <span class='ocrx_word' id='word_1_341' title='bbox 720 3128 918 3196; x_wconf 78' lang='grc' dir='ltr'>ἑχουσα</span> <span class='ocrx_word' id='word_1_342' title='bbox 944 3126 1217 3197; x_wconf 84' lang='grc' dir='ltr'>θεότητος.</span> <span class='ocrx_word' id='word_1_343' title='bbox 1255 3127 1352 3179; x_wconf 85' lang='grc' dir='ltr'>Διά</span> <span class='ocrx_word' id='word_1_344' title='bbox 1383 3124 1543 3177; x_wconf 78' lang='grc' dir='ltr'>τοῦτο</span> <span class='ocrx_word' id='word_1_345' title='bbox 1583 3123 1749 3177; x_wconf 81' lang='grc' dir='ltr'>Νικο-</span> 
     </span>
    </p>
   </div>
   <div class='ocr_carea' id='block_1_48' title="bbox 1839 1962 3410 2032">
    <p class='ocr_par' dir='ltr' id='par_1_48' title="bbox 1839 1962 3410 2032">
     <span class='ocr_line' id='line_1_48' title="bbox 1839 1962 3410 2032; baseline -0.001 -18"><span class='ocrx_word' id='word_1_346' title='bbox 1839 1962 2081 2032; x_wconf 88' lang='lat' dir='ltr'><strong>partibus</strong></span> <span class='ocrx_word' id='word_1_347' title='bbox 2126 1971 2400 2031; x_wconf 84' lang='lat' dir='ltr'><strong>apponunt</strong></span> <span class='ocrx_word' id='word_1_348' title='bbox 2435 1973 2489 2015; x_wconf 91' lang='lat' dir='ltr'><strong>et</strong></span> <span class='ocrx_word' id='word_1_349' title='bbox 2524 1963 2981 2031; x_wconf 87' lang='lat' dir='ltr'><strong>supplementum.</strong></span> <span class='ocrx_word' id='word_1_350' title='bbox 3026 1963 3165 2027; x_wconf 84' lang='lat' dir='ltr'><strong>Quid</strong></span> <span class='ocrx_word' id='word_1_351' title='bbox 3215 1962 3410 2014; x_wconf 87' lang='lat' dir='ltr'><strong>attinet</strong></span> 
     </span>
    </p>
   </div>
   <div class='ocr_carea' id='block_1_49' title="bbox 1841 2052 3409 2122">
    <p class='ocr_par' dir='ltr' id='par_1_49' title="bbox 1841 2052 3409 2122">
     <span class='ocr_line' id='line_1_49' title="bbox 1841 2052 3409 2122; baseline -0.001 -17"><span class='ocrx_word' id='word_1_352' title='bbox 1841 2056 2040 2116; x_wconf 85' lang='lat' dir='ltr'><strong>dicere,</strong></span> <span class='ocrx_word' id='word_1_353' title='bbox 2099 2055 2385 2122; x_wconf 87' lang='lat' dir='ltr'><strong>complecti</strong></span> <span class='ocrx_word' id='word_1_354' title='bbox 2450 2054 2567 2108; x_wconf 89' lang='lat' dir='ltr'><strong>illos</strong></span> <span class='ocrx_word' id='word_1_355' title='bbox 2625 2052 2712 2108; x_wconf 89' lang='lat' dir='ltr'><strong>hic</strong></span> <span class='ocrx_word' id='word_1_356' title='bbox 2766 2054 2961 2117; x_wconf 89' lang='lat' dir='ltr'><strong>solida,</strong></span> <span class='ocrx_word' id='word_1_357' title='bbox 3011 2054 3190 2122; x_wconf 79' lang='lat' dir='ltr'><strong>plana,</strong></span> <span class='ocrx_word' id='word_1_358' title='bbox 3234 2053 3409 2120; x_wconf 82' lang='lat' dir='ltr'><strong>paria,</strong></span> 
     </span>
    </p>
   </div>
   <div class='ocr_carea' id='block_1_50' title="bbox 1843 2142 3410 2214">
    <p class='ocr_par' dir='ltr' id='par_1_50' title="bbox 1843 2142 3410 2214">
     <span class='ocr_line' id='line_1_50' title="bbox 1843 2142 3410 2214; baseline -0.003 -16"><span class='ocrx_word' id='word_1_359' title='bbox 1843 2144 2086 2212; x_wconf 90' lang='lat' dir='ltr'><strong>imparia,</strong></span> <span class='ocrx_word' id='word_1_360' title='bbox 2116 2145 2587 2214; x_wconf 85' lang='lat' dir='ltr'><strong>pariterimparia,</strong></span> <span class='ocrx_word' id='word_1_361' title='bbox 2615 2144 2870 2213; x_wconf 88' lang='lat' dir='ltr'><strong>perfecta,</strong></span> <span class='ocrx_word' id='word_1_362' title='bbox 2906 2148 3078 2212; x_wconf 86' lang='lat' dir='ltr'><strong>prima</strong></span> <span class='ocrx_word' id='word_1_363' title='bbox 3115 2151 3167 2196; x_wconf 83' lang='lat' dir='ltr'><strong>ct</strong></span> <span class='ocrx_word' id='word_1_364' title='bbox 3202 2142 3410 2210; x_wconf 85' lang='lat' dir='ltr'><strong>simpli-</strong></span> 
     </span>
    </p>
   </div>
   <div class='ocr_carea' id='block_1_51' title="bbox 1842 2234 3407 2304">
    <p class='ocr_par' dir='ltr' id='par_1_51' title="bbox 1842 2234 3407 2304">
     <span class='ocr_line' id='line_1_51' title="bbox 1842 2234 3407 2304; baseline -0.003 -15"><span class='ocrx_word' id='word_1_365' title='bbox 1842 2238 1945 2299; x_wconf 85' lang='lat' dir='ltr'><strong>cia,</strong></span> <span class='ocrx_word' id='word_1_366' title='bbox 1981 2238 2231 2303; x_wconf 75' lang='lat' dir='ltr'><strong>acqualia,</strong></span> <span class='ocrx_word' id='word_1_367' title='bbox 2276 2236 2581 2304; x_wconf 67' lang='lat' dir='ltr'><strong>inaequalia,</strong></span> <span class='ocrx_word' id='word_1_368' title='bbox 2618 2236 2801 2289; x_wconf 82' lang='lat' dir='ltr'><strong>decem</strong></span> <span class='ocrx_word' id='word_1_369' title='bbox 2850 2235 2994 2301; x_wconf 87' lang='lat' dir='ltr'><strong>ipsas</strong></span> <span class='ocrx_word' id='word_1_370' title='bbox 3042 2234 3407 2294; x_wconf 83' lang='lat' dir='ltr'><strong>habitudines,</strong></span> 
     </span>
    </p>
   </div>
   <div class='ocr_carea' id='block_1_52' title="bbox 1842 2325 3409 2395">
    <p class='ocr_par' dir='ltr' id='par_1_52' title="bbox 1842 2325 3409 2395">
     <span class='ocr_line' id='line_1_52' title="bbox 1842 2325 3409 2395; baseline -0.002 -15"><span class='ocrx_word' id='word_1_371' title='bbox 1842 2328 2135 2393; x_wconf 75' lang='lat' dir='ltr'><strong>spincrica,</strong></span> <span class='ocrx_word' id='word_1_372' title='bbox 2184 2327 2504 2391; x_wconf 88' lang='lat' dir='ltr'><strong>circnlaria,</strong></span> <span class='ocrx_word' id='word_1_373' title='bbox 2561 2328 2629 2381; x_wconf 84' lang='lat' dir='ltr'><strong>ad</strong></span> <span class='ocrx_word' id='word_1_374' title='bbox 2679 2328 2956 2395; x_wconf 79' lang='lat' dir='ltr'><strong>genituras</strong></span> <span class='ocrx_word' id='word_1_375' title='bbox 3020 2336 3181 2393; x_wconf 85' lang='lat' dir='ltr'><strong>atque</strong></span> <span class='ocrx_word' id='word_1_376' title='bbox 3230 2325 3409 2377; x_wconf 90' lang='lat' dir='ltr'><strong>imita-</strong></span> 
     </span>
    </p>
   </div>
   <div class='ocr_carea' id='block_1_53' title="bbox 1845 2417 3409 2486">
    <p class='ocr_par' dir='ltr' id='par_1_53' title="bbox 1845 2417 3409 2486">
     <span class='ocr_line' id='line_1_53' title="bbox 1845 2417 3409 2486; baseline -0.001 -15"><span class='ocrx_word' id='word_1_377' title='bbox 1845 2419 2019 2473; x_wconf 89' lang='lat' dir='ltr'><strong>tiones</strong></span> <span class='ocrx_word' id='word_1_378' title='bbox 2052 2419 2375 2486; x_wconf 85' lang='lat' dir='ltr'><strong>spectantia,</strong></span> <span class='ocrx_word' id='word_1_379' title='bbox 2408 2430 2460 2473; x_wconf 90' lang='lat' dir='ltr'><strong>et</strong></span> <span class='ocrx_word' id='word_1_380' title='bbox 2504 2420 2586 2473; x_wconf 85' lang='lat' dir='ltr'><strong>his</strong></span> <span class='ocrx_word' id='word_1_381' title='bbox 2637 2420 3060 2473; x_wconf 89' lang='lat' dir='ltr'><strong>consentientia.</strong></span> <span class='ocrx_word' id='word_1_382' title='bbox 3109 2417 3176 2471; x_wconf 89' lang='lat' dir='ltr'><strong>Ut</strong></span> <span class='ocrx_word' id='word_1_383' title='bbox 3225 2418 3409 2471; x_wconf 86' lang='lat' dir='ltr'><strong>itidem</strong></span> 
     </span>
    </p>
   </div>
   <div class='ocr_carea' id='block_1_54' title="bbox 1845 2508 3411 2577">
    <p class='ocr_par' dir='ltr' id='par_1_54' title="bbox 1845 2508 3411 2577">
     <span class='ocr_line' id='line_1_54' title="bbox 1845 2508 3411 2577; baseline 0 -16"><span class='ocrx_word' id='word_1_384' title='bbox 1845 2508 1977 2577; x_wconf 87' lang='lat' dir='ltr'><strong>ipsis</strong></span> <span class='ocrx_word' id='word_1_385' title='bbox 2012 2510 2172 2561; x_wconf 88' lang='lat' dir='ltr'><strong>dccas</strong></span> <span class='ocrx_word' id='word_1_386' title='bbox 2211 2508 2281 2561; x_wconf 86' lang='lat' dir='ltr'><strong>sit</strong></span> <span class='ocrx_word' id='word_1_387' title='bbox 2311 2510 2559 2575; x_wconf 88' lang='lat' dir='ltr'><strong>mundus,</strong></span> <span class='ocrx_word' id='word_1_388' title='bbox 2596 2510 2814 2575; x_wconf 66' lang='lat' dir='ltr'><strong>caelum,</strong></span> <span class='ocrx_word' id='word_1_389' title='bbox 2859 2509 3048 2575; x_wconf 85' lang='lat' dir='ltr'><strong>fatum,</strong></span> <span class='ocrx_word' id='word_1_390' title='bbox 3082 2525 3277 2571; x_wconf 77' lang='lat' dir='ltr'><strong>:evum,</strong></span> <span class='ocrx_word' id='word_1_391' title='bbox 3315 2524 3411 2576; x_wconf 90' lang='lat' dir='ltr'><strong>po-</strong></span> 
     </span>
    </p>
   </div>
   <div class='ocr_carea' id='block_1_55' title="bbox 1846 2598 3410 2670">
    <p class='ocr_par' dir='ltr' id='par_1_55' title="bbox 1846 2598 3410 2670">
     <span class='ocr_line' id='line_1_55' title="bbox 1846 2598 3410 2670; baseline 0.001 -19"><span class='ocrx_word' id='word_1_392' title='bbox 1846 2600 2035 2664; x_wconf 82' lang='lat' dir='ltr'><strong>tentia,</strong></span> <span class='ocrx_word' id='word_1_393' title='bbox 2064 2599 2214 2663; x_wconf 86' lang='lat' dir='ltr'><strong>lidcs,</strong></span> <span class='ocrx_word' id='word_1_394' title='bbox 2240 2602 2560 2665; x_wconf 88' lang='lat' dir='ltr'><strong>necessitas,</strong></span> <span class='ocrx_word' id='word_1_395' title='bbox 2588 2600 2757 2665; x_wconf 77' lang='lat' dir='ltr'><strong>Atlas,</strong></span> <span class='ocrx_word' id='word_1_396' title='bbox 2788 2600 3091 2655; x_wconf 87' lang='lat' dir='ltr'><strong>indefessus</strong></span> <span class='ocrx_word' id='word_1_397' title='bbox 3115 2602 3248 2654; x_wconf 87' lang='lat' dir='ltr'><strong>deus</strong></span> <span class='ocrx_word' id='word_1_398' title='bbox 3273 2598 3410 2670; x_wconf 79' lang='lat'><strong>(&#39;52),</strong></span> 
     </span>
    </p>
   </div>
   <div class='ocr_carea' id='block_1_56' title="bbox 1846 2688 3415 2761">
    <p class='ocr_par' dir='ltr' id='par_1_56' title="bbox 1846 2688 3415 2761">
     <span class='ocr_line' id='line_1_56' title="bbox 1846 2688 3415 2761; baseline 0.001 -20"><span class='ocrx_word' id='word_1_399' title='bbox 1846 2688 2079 2753; x_wconf 84' lang='lat' dir='ltr'><strong>Phanes,</strong></span> <span class='ocrx_word' id='word_1_400' title='bbox 2124 2688 2236 2753; x_wconf 89' lang='lat' dir='ltr'><strong>Sol,</strong></span> <span class='ocrx_word' id='word_1_401' title='bbox 2292 2690 2528 2755; x_wconf 81' lang='lat' dir='ltr'><strong>Urania,</strong></span> <span class='ocrx_word' id='word_1_402' title='bbox 2575 2690 2865 2753; x_wconf 80' lang='lat' dir='ltr'><strong>Memoria,</strong></span> <span class='ocrx_word' id='word_1_403' title='bbox 2924 2691 3292 2761; x_wconf 83' lang='lat' dir='ltr'><strong>lllnemosyne.</strong></span> <span class='ocrx_word' id='word_1_404' title='bbox 3349 2692 3415 2743; x_wconf 77' lang='lat' dir='ltr'><strong>Et</strong></span> 
     </span>
    </p>
   </div>
   <div class='ocr_carea' id='block_1_57' title="bbox 1852 2784 3417 2851">
    <p class='ocr_par' dir='ltr' id='par_1_57' title="bbox 1852 2784 3417 2851">
     <span class='ocr_line' id='line_1_57' title="bbox 1852 2784 3417 2851; baseline 0 -18"><span class='ocrx_word' id='word_1_405' title='bbox 1852 2796 1981 2835; x_wconf 79' lang='lat' dir='ltr'><strong>vero</strong></span> <span class='ocrx_word' id='word_1_406' title='bbox 2010 2785 2212 2845; x_wconf 90' lang='lat' dir='ltr'><strong>omnia,</strong></span> <span class='ocrx_word' id='word_1_407' title='bbox 2246 2784 2458 2851; x_wconf 88' lang='lat' dir='ltr'><strong>opinor,</strong></span> <span class='ocrx_word' id='word_1_408' title='bbox 2493 2784 2747 2851; x_wconf 62' lang='lat' dir='ltr'><strong>praedicta</strong></span> <span class='ocrx_word' id='word_1_409' title='bbox 2792 2784 3012 2835; x_wconf 77' lang='lat' dir='ltr'><strong>deorum</strong></span> <span class='ocrx_word' id='word_1_410' title='bbox 3058 2784 3277 2836; x_wconf 89' lang='lat' dir='ltr'><strong>nomina</strong></span> <span class='ocrx_word' id='word_1_411' title='bbox 3324 2784 3417 2833; x_wconf 60' lang='lat' dir='ltr'><strong>dev</strong></span> 
     </span>
    </p>
   </div>
   <div class='ocr_carea' id='block_1_58' title="bbox 1852 2873 3417 2943">
    <p class='ocr_par' dir='ltr' id='par_1_58' title="bbox 1852 2873 3417 2943">
     <span class='ocr_line' id='line_1_58' title="bbox 1852 2873 3417 2943; baseline 0 -17"><span class='ocrx_word' id='word_1_412' title='bbox 1852 2873 1971 2927; x_wconf 86' lang='lat' dir='ltr'><strong>cadi</strong></span> <span class='ocrx_word' id='word_1_413' title='bbox 2019 2876 2441 2928; x_wconf 82' lang='lat' dir='ltr'><strong>attribuissent:</strong></span> <span class='ocrx_word' id='word_1_414' title='bbox 2486 2875 2586 2928; x_wconf 92' lang='lat' dir='ltr'><strong>nisi</strong></span> <span class='ocrx_word' id='word_1_415' title='bbox 2626 2874 2714 2928; x_wconf 84' lang='lat' dir='ltr'><strong>bis</strong></span> <span class='ocrx_word' id='word_1_416' title='bbox 2749 2875 2879 2943; x_wconf 90' lang='lat' dir='ltr'><strong>ipsis</strong></span> <span class='ocrx_word' id='word_1_417' title='bbox 2918 2884 3073 2929; x_wconf 90' lang='lat' dir='ltr'><strong>antea</strong></span> <span class='ocrx_word' id='word_1_418' title='bbox 3115 2875 3417 2942; x_wconf 83' lang='lat' dir='ltr'><strong>occupatis,</strong></span> 
     </span>
    </p>
   </div>
   <div class='ocr_carea' id='block_1_59' title="bbox 1850 2965 3419 3036">
    <p class='ocr_par' dir='ltr' id='par_1_59' title="bbox 1850 2965 3419 3036">
     <span class='ocr_line' id='line_1_59' title="bbox 1850 2965 3419 3036; baseline -0.001 -18"><span class='ocrx_word' id='word_1_419' title='bbox 1850 2968 2067 3036; x_wconf 85' lang='lat' dir='ltr'><strong>propria</strong></span> <span class='ocrx_word' id='word_1_420' title='bbox 2098 2968 2206 3035; x_wconf 86' lang='lat' dir='ltr'><strong>jam</strong></span> <span class='ocrx_word' id='word_1_421' title='bbox 2251 2968 2337 3019; x_wconf 76' lang='lat' dir='ltr'><strong>illa</strong></span> <span class='ocrx_word' id='word_1_422' title='bbox 2380 2968 2503 3021; x_wconf 87' lang='lat' dir='ltr'><strong>aliis</strong></span> <span class='ocrx_word' id='word_1_423' title='bbox 2547 2965 2825 3029; x_wconf 81' lang='lat' dir='ltr'><strong>fecissent,</strong></span> <span class='ocrx_word' id='word_1_424' title='bbox 2860 2976 2915 3019; x_wconf 89' lang='lat' dir='ltr'><strong>et</strong></span> <span class='ocrx_word' id='word_1_425' title='bbox 2949 2967 3293 3020; x_wconf 84' lang='lat' dir='ltr'><strong>continenter</strong></span> <span class='ocrx_word' id='word_1_426' title='bbox 3323 2980 3419 3019; x_wconf 85' lang='lat' dir='ltr'><strong>ea-</strong></span> 
     </span>
    </p>
   </div>
   <div class='ocr_carea' id='block_1_60' title="bbox 1850 3056 3417 3126">
    <p class='ocr_par' dir='ltr' id='par_1_60' title="bbox 1850 3056 3417 3126">
     <span class='ocr_line' id='line_1_60' title="bbox 1850 3056 3417 3126; baseline -0.002 -17"><span class='ocrx_word' id='word_1_427' title='bbox 1850 3058 1968 3110; x_wconf 86' lang='lat' dir='ltr'><strong>dem</strong></span> <span class='ocrx_word' id='word_1_428' title='bbox 2022 3056 2089 3110; x_wconf 89' lang='lat' dir='ltr'><strong>de</strong></span> <span class='ocrx_word' id='word_1_429' title='bbox 2145 3059 2370 3125; x_wconf 79' lang='lat' dir='ltr'><strong>singulis</strong></span> <span class='ocrx_word' id='word_1_430' title='bbox 2422 3059 2601 3111; x_wconf 88' lang='lat' dir='ltr'><strong>dicere</strong></span> <span class='ocrx_word' id='word_1_431' title='bbox 2658 3058 2938 3126; x_wconf 78' lang='lat' dir='ltr'><strong>piguisset.</strong></span> <span class='ocrx_word' id='word_1_432' title='bbox 2995 3056 3220 3122; x_wconf 87' lang='lat' dir='ltr'><strong>Quando</strong></span> <span class='ocrx_word' id='word_1_433' title='bbox 3273 3058 3417 3109; x_wconf 88' lang='lat' dir='ltr'><strong>enim</strong></span> 
     </span>
    </p>
   </div>
   <div class='ocr_carea' id='block_1_61' title="bbox 1852 3146 3421 3216">
    <p class='ocr_par' dir='ltr' id='par_1_61' title="bbox 1852 3146 3421 3216">
     <span class='ocr_line' id='line_1_61' title="bbox 1852 3146 3421 3216; baseline -0.003 -17"><span class='ocrx_word' id='word_1_434' title='bbox 1852 3146 2148 3214; x_wconf 83' lang='lat' dir='ltr'><strong>superdeus</strong></span> <span class='ocrx_word' id='word_1_435' title='bbox 2182 3146 2292 3216; x_wconf 76' lang='lat'><strong>(53)</strong></span> <span class='ocrx_word' id='word_1_436' title='bbox 2340 3148 2505 3215; x_wconf 89' lang='lat' dir='ltr'><strong>ipsius</strong></span> <span class='ocrx_word' id='word_1_437' title='bbox 2541 3146 2799 3200; x_wconf 88' lang='lat' dir='ltr'><strong>denarius</strong></span> <span class='ocrx_word' id='word_1_438' title='bbox 2832 3156 2937 3211; x_wconf 89' lang='lat' dir='ltr'><strong>est,</strong></span> <span class='ocrx_word' id='word_1_439' title='bbox 2973 3148 3063 3216; x_wconf 88' lang='lat' dir='ltr'><strong>qui</strong></span> <span class='ocrx_word' id='word_1_440' title='bbox 3103 3147 3265 3200; x_wconf 88' lang='lat' dir='ltr'><strong>etiam</strong></span> <span class='ocrx_word' id='word_1_441' title='bbox 3307 3160 3421 3198; x_wconf 83' lang='lat' dir='ltr'><strong>om-</strong></span> 
     </span>
    </p>
   </div>
   <div class='ocr_carea' id='block_1_62' title="bbox 176 3218 1844 3317">
    <p class='ocr_par' dir='ltr' id='par_1_62' title="bbox 176 3218 1822 3317">
     <span class='ocr_line' id='line_1_62' title="bbox 176 3218 1822 3317; baseline -0.004 -40"><span class='ocrx_word' id='word_1_442' title='bbox 176 3227 340 3294; x_wconf 83' lang='grc' dir='ltr'>μάχῳ</span> <span class='ocrx_word' id='word_1_443' title='bbox 384 3224 478 3276; x_wconf 79' lang='grc' dir='ltr'><strong>καὶ</strong></span> <span class='ocrx_word' id='word_1_444' title='bbox 508 3221 828 3289; x_wconf 82' lang='grc' dir='ltr'>πολύστιχος</span> <span class='ocrx_word' id='word_1_445' title='bbox 857 3221 885 3271; x_wconf 86' lang='grc' dir='ltr'>ὁ</span> <span class='ocrx_word' id='word_1_446' title='bbox 914 3221 1042 3290; x_wconf 75' lang='grc' dir='ltr'>περὶ</span> <span class='ocrx_word' id='word_1_447' title='bbox 1079 3220 1250 3287; x_wconf 82' lang='grc' dir='ltr'>αὐτὴν</span> <span class='ocrx_word' id='word_1_448' title='bbox 1286 3220 1467 3279; x_wconf 85' lang='grc' dir='ltr'>πόνος.</span> <span class='ocrx_word' id='word_1_449' title='bbox 1527 3219 1591 3270; x_wconf 81' lang='lat' dir='ltr'><strong>El</strong></span> <span class='ocrx_word' id='word_1_450' title='bbox 1640 3218 1750 3287; x_wconf 85' lang='grc' dir='ltr'>γὰρ</span> <span class='ocrx_word' id='word_1_451' title='bbox 1777 3257 1822 3317; x_wconf 79' lang='lat' dir='ltr'><strong><em>C</em></strong></span> 
     </span>
    </p>
   </div>
   <div class='ocr_carea' id='block_1_63' title="bbox 1753 3218 3421 3317">
    <p class='ocr_par' dir='ltr' id='par_1_63' title="bbox 1777 3238 3421 3317">
     <span class='ocr_line' id='line_1_63' title="bbox 1777 3238 3421 3317; baseline 0 -28"><span class='ocrx_word' id='word_1_452' title='bbox 1777 3257 1822 3317; x_wconf 69' lang='grc' dir='ltr'>ο</span> <span class='ocrx_word' id='word_1_453' title='bbox 1854 3252 1976 3290; x_wconf 83' lang='lat' dir='ltr'><strong>nent</strong></span> <span class='ocrx_word' id='word_1_454' title='bbox 2021 3239 2139 3306; x_wconf 85' lang='lat' dir='ltr'><strong>ejus</strong></span> <span class='ocrx_word' id='word_1_455' title='bbox 2177 3238 2475 3292; x_wconf 83' lang='lat' dir='ltr'><strong>divinitatis</strong></span> <span class='ocrx_word' id='word_1_456' title='bbox 2516 3239 2643 3303; x_wconf 83' lang='lat' dir='ltr'><strong>vim,</strong></span> <span class='ocrx_word' id='word_1_457' title='bbox 2682 3254 2799 3306; x_wconf 69' lang='lat' dir='ltr'><strong>quae</strong></span> <span class='ocrx_word' id='word_1_458' title='bbox 2846 3238 2897 3290; x_wconf 93' lang='lat' dir='ltr'><strong>in</strong></span> <span class='ocrx_word' id='word_1_459' title='bbox 2944 3239 3181 3291; x_wconf 89' lang='lat' dir='ltr'><strong>numeris</strong></span> <span class='ocrx_word' id='word_1_460' title='bbox 3214 3238 3421 3290; x_wconf 81' lang='lat' dir='ltr'><strong>inveni-</strong></span> 
     </span>
    </p>
   </div>
   <div class='ocr_carea' id='block_1_64' title="bbox 174 3308 1842 3393">
    <p class='ocr_par' dir='ltr' id='par_1_64' title="bbox 174 3308 1822 3383">
     <span class='ocr_line' id='line_1_64' title="bbox 174 3308 1822 3383; baseline -0.004 -14"><span class='ocrx_word' id='word_1_461' title='bbox 174 3319 271 3369; x_wconf 84' lang='grc' dir='ltr'>καὶ</span> <span class='ocrx_word' id='word_1_462' title='bbox 303 3313 545 3383; x_wconf 71' lang='grc' dir='ltr'>πολλῷη</span> <span class='ocrx_word' id='word_1_463' title='bbox 581 3311 1087 3382; x_wconf 84' lang='grc' dir='ltr'>μακροστιχώτερος</span> <span class='ocrx_word' id='word_1_464' title='bbox 1113 3310 1141 3362; x_wconf 85' lang='grc' dir='ltr'><strong>ὃ</strong></span> <span class='ocrx_word' id='word_1_465' title='bbox 1168 3326 1227 3361; x_wconf 90' lang='grc' dir='ltr'><strong>τε</strong></span> <span class='ocrx_word' id='word_1_466' title='bbox 1255 3310 1366 3377; x_wconf 79' lang='grc' dir='ltr'>’τῆς</span> <span class='ocrx_word' id='word_1_467' title='bbox 1403 3308 1630 3377; x_wconf 78' lang='grc' dir='ltr'>μονάδος</span> <span class='ocrx_word' id='word_1_468' title='bbox 1654 3310 1750 3362; x_wconf 80' lang='grc' dir='ltr'><strong>καὶ</strong></span> <span class='ocrx_word' id='word_1_469' title='bbox 1784 3308 1822 3317; x_wconf 73' lang='grc'><strong><em>“</em></strong></span> 
     </span>
    </p>
   </div>
   <div class='ocr_carea' id='block_1_65' title="bbox 1749 3308 3417 3393">
    <p class='ocr_par' dir='ltr' id='par_1_65' title="bbox 1784 3308 3417 3393">
     <span class='ocr_line' id='line_1_65' title="bbox 1784 3308 3417 3393; baseline 0 -18"><span class='ocrx_word' id='word_1_470' title='bbox 1784 3308 1822 3317; x_wconf 65' lang='grc'><em>’</em></span> <span class='ocrx_word' id='word_1_471' title='bbox 1854 3331 1961 3387; x_wconf 91' lang='lat' dir='ltr'><strong>tur,</strong></span> <span class='ocrx_word' id='word_1_472' title='bbox 1995 3324 2236 3377; x_wconf 83' lang='lat' dir='ltr'><strong>obtineat</strong></span> <span class='ocrx_word' id='word_1_473' title='bbox 2271 3343 2283 3378; x_wconf 93' lang='lat'>:</span> <span class='ocrx_word' id='word_1_474' title='bbox 2320 3338 2605 3393; x_wconf 89' lang='lat' dir='ltr'><strong>propterea</strong></span> <span class='ocrx_word' id='word_1_475' title='bbox 2653 3341 2867 3393; x_wconf 88' lang='lat' dir='ltr'><strong>quoque</strong></span> <span class='ocrx_word' id='word_1_476' title='bbox 2907 3326 3057 3379; x_wconf 87' lang='lat' dir='ltr'><strong>fusus</strong></span> <span class='ocrx_word' id='word_1_477' title='bbox 3096 3328 3228 3380; x_wconf 84' lang='lat' dir='ltr'><strong>adeo</strong></span> <span class='ocrx_word' id='word_1_478' title='bbox 3260 3324 3417 3377; x_wconf 85' lang='lat' dir='ltr'><strong>Nico-</strong></span> 
     </span>
    </p>
   </div>
   <div class='ocr_carea' id='block_1_66' title="bbox 174 3400 1750 3477">
    <p class='ocr_par' dir='ltr' id='par_1_66' title="bbox 174 3400 1750 3477">
     <span class='ocr_line' id='line_1_66' title="bbox 174 3400 1750 3477; baseline -0.005 -17"><span class='ocrx_word' id='word_1_479' title='bbox 174 3407 513 3477; x_wconf 76' lang='grc' dir='ltr'>ἑϐδομάδος,</span> <span class='ocrx_word' id='word_1_480' title='bbox 564 3404 677 3456; x_wconf 85' lang='grc' dir='ltr'>ἀλλ’</span> <span class='ocrx_word' id='word_1_481' title='bbox 724 3405 753 3455; x_wconf 84' lang='grc' dir='ltr'><strong>ό</strong></span> <span class='ocrx_word' id='word_1_482' title='bbox 806 3404 903 3471; x_wconf 81' lang='grc' dir='ltr'>μὲν</span> <span class='ocrx_word' id='word_1_483' title='bbox 933 3402 1031 3470; x_wconf 75' lang='grc' dir='ltr'>τῆς</span> <span class='ocrx_word' id='word_1_484' title='bbox 1066 3401 1325 3469; x_wconf 85' lang='grc' dir='ltr'>μονάδος,</span> <span class='ocrx_word' id='word_1_485' title='bbox 1355 3400 1435 3451; x_wconf 84' lang='grc' dir='ltr'>ὅτι</span> <span class='ocrx_word' id='word_1_486' title='bbox 1485 3400 1579 3451; x_wconf 68' lang='grc' dir='ltr'><strong>καὶ</strong></span> <span class='ocrx_word' id='word_1_487' title='bbox 1622 3401 1750 3470; x_wconf 73' lang='grc' dir='ltr'>περὶ</span> 
     </span>
    </p>
   </div>
   <div class='ocr_carea' id='block_1_67' title="bbox 175 3492 1753 3567">
    <p class='ocr_par' dir='ltr' id='par_1_67' title="bbox 175 3492 1753 3567">
     <span class='ocr_line' id='line_1_67' title="bbox 175 3492 1753 3567; baseline -0.004 -16"><span class='ocrx_word' id='word_1_488' title='bbox 175 3500 286 3551; x_wconf 83' lang='grc' dir='ltr'><strong>τῶν</strong></span> <span class='ocrx_word' id='word_1_489' title='bbox 319 3499 449 3565; x_wconf 79' lang='grc' dir='ltr'>ἑξῆς</span> <span class='ocrx_word' id='word_1_490' title='bbox 474 3494 735 3567; x_wconf 80' lang='grc' dir='ltr'>ἀριθμῶν</span> <span class='ocrx_word' id='word_1_491' title='bbox 764 3494 865 3546; x_wconf 72' lang='grc' dir='ltr'><strong>οὐκ</strong></span> <span class='ocrx_word' id='word_1_492' title='bbox 894 3492 1047 3559; x_wconf 80' lang='grc' dir='ltr'><strong>ὀλίγα</strong></span> <span class='ocrx_word' id='word_1_493' title='bbox 1072 3492 1410 3561; x_wconf 82' lang='grc' dir='ltr'>διεξέρχεται</span> <span class='ocrx_word' id='word_1_494' title='bbox 1443 3493 1538 3544; x_wconf 80' lang='grc' dir='ltr'><strong>καὶ</strong></span> <span class='ocrx_word' id='word_1_495' title='bbox 1566 3509 1753 3560; x_wconf 66' lang='grc' dir='ltr'>προοιο</span> 
     </span>
    </p>
   </div>
   <div class='ocr_carea' id='block_1_68' title="bbox 1852 3416 3419 3487">
    <p class='ocr_par' dir='ltr' id='par_1_68' title="bbox 1852 3416 3419 3487">
     <span class='ocr_line' id='line_1_68' title="bbox 1852 3416 3419 3487; baseline 0.001 -20"><span class='ocrx_word' id='word_1_496' title='bbox 1852 3416 2079 3469; x_wconf 88' lang='lat' dir='ltr'><strong>machus</strong></span> <span class='ocrx_word' id='word_1_497' title='bbox 2131 3416 2181 3469; x_wconf 90' lang='lat' dir='ltr'><strong>in</strong></span> <span class='ocrx_word' id='word_1_498' title='bbox 2218 3418 2318 3471; x_wconf 91' lang='lat' dir='ltr'><strong>hoc</strong></span> <span class='ocrx_word' id='word_1_499' title='bbox 2350 3418 2702 3471; x_wconf 88' lang='lat' dir='ltr'><strong>describendo</strong></span> <span class='ocrx_word' id='word_1_500' title='bbox 2733 3432 2853 3472; x_wconf 86' lang='lat' dir='ltr'><strong>esse</strong></span> <span class='ocrx_word' id='word_1_501' title='bbox 2894 3419 3079 3483; x_wconf 79' lang='lat' dir='ltr'><strong>voluit,</strong></span> <span class='ocrx_word' id='word_1_502' title='bbox 3116 3432 3419 3487; x_wconf 84' lang='lat' dir='ltr'><strong>quanquam</strong></span> 
     </span>
    </p>
   </div>
   <div class='ocr_carea' id='block_1_69' title="bbox 1858 3504 3422 3577">
    <p class='ocr_par' dir='ltr' id='par_1_69' title="bbox 1858 3504 3422 3577">
     <span class='ocr_line' id='line_1_69' title="bbox 1858 3504 3422 3577; baseline 0.002 -20"><span class='ocrx_word' id='word_1_503' title='bbox 1858 3504 2029 3558; x_wconf 91' lang='lat' dir='ltr'><strong>multo</strong></span> <span class='ocrx_word' id='word_1_504' title='bbox 2062 3508 2237 3561; x_wconf 90' lang='lat' dir='ltr'><strong>adhuc</strong></span> <span class='ocrx_word' id='word_1_505' title='bbox 2276 3507 2484 3577; x_wconf 82' lang='lat' dir='ltr'><strong>l0ngior</strong></span> <span class='ocrx_word' id='word_1_506' title='bbox 2539 3510 2607 3561; x_wconf 89' lang='lat' dir='ltr'><strong>sit</strong></span> <span class='ocrx_word' id='word_1_507' title='bbox 2639 3509 2689 3560; x_wconf 93' lang='lat' dir='ltr'><strong>in</strong></span> <span class='ocrx_word' id='word_1_508' title='bbox 2722 3511 2948 3561; x_wconf 88' lang='lat' dir='ltr'><strong>monade</strong></span> <span class='ocrx_word' id='word_1_509' title='bbox 2980 3517 3140 3577; x_wconf 84' lang='lat' dir='ltr'><strong>atque</strong></span> <span class='ocrx_word' id='word_1_510' title='bbox 3175 3521 3422 3575; x_wconf 72' lang='lat' dir='ltr'><strong>septena-</strong></span> 
     </span>
    </p>
   </div>
   <div class='ocr_carea' id='block_1_70' title="bbox 182 3582 1850 3667">
    <p class='ocr_par' dir='ltr' id='par_1_70' title="bbox 182 3582 1754 3659">
     <span class='ocr_line' id='line_1_70' title="bbox 182 3582 1754 3659; baseline -0.004 -18"><span class='ocrx_word' id='word_1_511' title='bbox 182 3590 327 3659; x_wconf 82' lang='grc' dir='ltr'>μίοις</span> <span class='ocrx_word' id='word_1_512' title='bbox 367 3586 711 3640; x_wconf 82' lang='grc' dir='ltr'>πλατύνεται.</span> <span class='ocrx_word' id='word_1_513' title='bbox 738 3584 882 3652; x_wconf 74' lang='grc' dir='ltr'>Πλὴν</span> <span class='ocrx_word' id='word_1_514' title='bbox 916 3584 973 3635; x_wconf 89' lang='grc' dir='ltr'><strong>ἑν</strong></span> <span class='ocrx_word' id='word_1_515' title='bbox 992 3582 1035 3613; x_wconf 74' lang='grc'><strong>⁶⁹</strong></span> <span class='ocrx_word' id='word_1_516' title='bbox 1069 3582 1271 3650; x_wconf 81' lang='grc' dir='ltr'>ἀμφοῖν</span> <span class='ocrx_word' id='word_1_517' title='bbox 1301 3583 1467 3635; x_wconf 85' lang='grc' dir='ltr'>πολλα</span> <span class='ocrx_word' id='word_1_518' title='bbox 1501 3585 1595 3635; x_wconf 80' lang='grc' dir='ltr'><strong>καὶ</strong></span> <span class='ocrx_word' id='word_1_519' title='bbox 1627 3582 1754 3653; x_wconf 74' lang='grc' dir='ltr'>περὶ</span> 
     </span>
    </p>
   </div>
   <div class='ocr_carea' id='block_1_71' title="bbox 1752 3582 3420 3667">
    <p class='ocr_par' dir='ltr' id='par_1_71' title="bbox 1752 3596 3420 3667">
     <span class='ocr_line' id='line_1_71' title="bbox 1752 3596 3420 3667; baseline 0.001 -19"><span class='ocrx_word' id='word_1_520' title='bbox 1752 3621 1754 3632; x_wconf 66' lang='grc' dir='ltr'><strong>ι</strong></span> <span class='ocrx_word' id='word_1_521' title='bbox 1852 3596 1958 3650; x_wconf 86' lang='lat' dir='ltr'><strong>rio.</strong></span> <span class='ocrx_word' id='word_1_522' title='bbox 1992 3597 2189 3651; x_wconf 88' lang='lat' dir='ltr'><strong>Verum</strong></span> <span class='ocrx_word' id='word_1_523' title='bbox 2222 3600 2273 3651; x_wconf 87' lang='lat' dir='ltr'><strong>id</strong></span> <span class='ocrx_word' id='word_1_524' title='bbox 2307 3601 2376 3653; x_wconf 90' lang='lat' dir='ltr'><strong>ita</strong></span> <span class='ocrx_word' id='word_1_525' title='bbox 2412 3602 2462 3653; x_wconf 92' lang='lat' dir='ltr'><strong>in</strong></span> <span class='ocrx_word' id='word_1_526' title='bbox 2497 3603 2722 3653; x_wconf 89' lang='lat' dir='ltr'><strong>tnonade</strong></span> <span class='ocrx_word' id='word_1_527' title='bbox 2752 3600 2970 3663; x_wconf 88' lang='lat' dir='ltr'><strong>accidit,</strong></span> <span class='ocrx_word' id='word_1_528' title='bbox 3012 3602 3150 3667; x_wconf 91' lang='lat' dir='ltr'><strong>quod</strong></span> <span class='ocrx_word' id='word_1_529' title='bbox 3193 3600 3259 3652; x_wconf 92' lang='lat' dir='ltr'><strong>de</strong></span> <span class='ocrx_word' id='word_1_530' title='bbox 3300 3599 3420 3651; x_wconf 90' lang='lat' dir='ltr'><strong>reli-</strong></span> 
     </span>
    </p>
   </div>
   <div class='ocr_carea' id='block_1_72' title="bbox 178 3669 1846 3755">
    <p class='ocr_par' dir='ltr' id='par_1_72' title="bbox 178 3669 1755 3745">
     <span class='ocr_line' id='line_1_72' title="bbox 178 3669 1755 3745; baseline -0.004 -16"><span class='ocrx_word' id='word_1_531' title='bbox 178 3678 279 3745; x_wconf 80' lang='grc' dir='ltr'>τῆς</span> <span class='ocrx_word' id='word_1_532' title='bbox 300 3676 525 3736; x_wconf 75' lang='grc' dir='ltr'>δεκάδος</span> <span class='ocrx_word' id='word_1_533' title='bbox 547 3673 935 3741; x_wconf 70' lang='grc' dir='ltr'>ἐμφιλοχωρεῑ,</span> <span class='ocrx_word' id='word_1_534' title='bbox 963 3669 1149 3737; x_wconf 82' lang='grc' dir='ltr'>ὥσπερ</span> <span class='ocrx_word' id='word_1_535' title='bbox 1184 3672 1277 3721; x_wconf 76' lang='grc' dir='ltr'>καὶ</span> <span class='ocrx_word' id='word_1_536' title='bbox 1302 3673 1358 3721; x_wconf 86' lang='grc' dir='ltr'><strong>ἑν</strong></span> <span class='ocrx_word' id='word_1_537' title='bbox 1395 3670 1471 3738; x_wconf 83' lang='grc' dir='ltr'>τῷ</span> <span class='ocrx_word' id='word_1_538' title='bbox 1502 3673 1633 3741; x_wconf 78' lang='grc' dir='ltr'>περὶ</span> <span class='ocrx_word' id='word_1_539' title='bbox 1655 3672 1755 3741; x_wconf 80' lang='grc' dir='ltr'>τῆς</span> 
     </span>
    </p>
   </div>
   <div class='ocr_carea' id='block_1_73' title="bbox 1756 3669 3424 3755">
    <p class='ocr_par' dir='ltr' id='par_1_73' title="bbox 1858 3685 3424 3755">
     <span class='ocr_line' id='line_1_73' title="bbox 1858 3685 3424 3755; baseline -0.001 -18"><span class='ocrx_word' id='word_1_540' title='bbox 1858 3686 1981 3754; x_wconf 87' lang='lat' dir='ltr'><strong>quis</strong></span> <span class='ocrx_word' id='word_1_541' title='bbox 2009 3685 2134 3738; x_wconf 87' lang='lat' dir='ltr'><strong>item</strong></span> <span class='ocrx_word' id='word_1_542' title='bbox 2163 3688 2399 3741; x_wconf 87' lang='lat' dir='ltr'><strong>numeris</strong></span> <span class='ocrx_word' id='word_1_543' title='bbox 2430 3703 2533 3741; x_wconf 90' lang='lat' dir='ltr'><strong>non</strong></span> <span class='ocrx_word' id='word_1_544' title='bbox 2569 3687 2777 3740; x_wconf 89' lang='lat' dir='ltr'><strong>modica</strong></span> <span class='ocrx_word' id='word_1_545' title='bbox 2812 3685 2881 3739; x_wconf 86' lang='lat' dir='ltr'><strong>ibi</strong></span> <span class='ocrx_word' id='word_1_546' title='bbox 2913 3688 3170 3755; x_wconf 86' lang='lat' dir='ltr'><strong>disputat,</strong></span> <span class='ocrx_word' id='word_1_547' title='bbox 3200 3692 3254 3737; x_wconf 94' lang='lat' dir='ltr'><strong>et</strong></span> <span class='ocrx_word' id='word_1_548' title='bbox 3288 3699 3424 3752; x_wconf 78' lang='lat' dir='ltr'><strong>pra:-</strong></span> 
     </span>
    </p>
   </div>
   <div class='ocr_carea' id='block_1_74' title="bbox 180 3761 1848 3847">
    <p class='ocr_par' dir='ltr' id='par_1_74' title="bbox 180 3761 1752 3833">
     <span class='ocr_line' id='line_1_74' title="bbox 180 3761 1752 3833; baseline -0.003 -13"><span class='ocrx_word' id='word_1_549' title='bbox 180 3768 446 3828; x_wconf 82' lang='grc' dir='ltr'>πεντάδος</span> <span class='ocrx_word' id='word_1_550' title='bbox 477 3764 618 3832; x_wconf 84' lang='grc' dir='ltr'>λόγῳ</span> <span class='ocrx_word' id='word_1_551' title='bbox 650 3761 844 3832; x_wconf 80' lang='grc' dir='ltr'>μικροῦ</span> <span class='ocrx_word' id='word_1_552' title='bbox 877 3761 1013 3832; x_wconf 79' lang='grc' dir='ltr'>πρὸς</span> <span class='ocrx_word' id='word_1_553' title='bbox 1044 3761 1132 3812; x_wconf 79' lang='grc' dir='ltr'><strong>τὸν</strong></span> <span class='ocrx_word' id='word_1_554' title='bbox 1164 3762 1262 3831; x_wconf 84' lang='grc' dir='ltr'>τῆς</span> <span class='ocrx_word' id='word_1_555' title='bbox 1292 3762 1582 3829; x_wconf 73' lang='grc' dir='ltr'>ἑϐδομάδος</span> <span class='ocrx_word' id='word_1_556' title='bbox 1611 3779 1752 3833; x_wconf 89' lang='grc' dir='ltr'>παρ-</span> 
     </span>
    </p>
   </div>
   <div class='ocr_carea' id='block_1_75' title="bbox 1754 3761 3422 3847">
    <p class='ocr_par' dir='ltr' id='par_1_75' title="bbox 1857 3775 3422 3847">
     <span class='ocr_line' id='line_1_75' title="bbox 1857 3775 3422 3847; baseline -0.001 -19"><span class='ocrx_word' id='word_1_557' title='bbox 1857 3775 2375 3847; x_wconf 87' lang='lat' dir='ltr'><strong>fationibusinsuper</strong></span> <span class='ocrx_word' id='word_1_558' title='bbox 2412 3781 2740 3833; x_wconf 80' lang='lat' dir='ltr'><strong>extenditur.</strong></span> <span class='ocrx_word' id='word_1_559' title='bbox 2778 3776 2875 3831; x_wconf 88' lang='lat' dir='ltr'><strong>Ubi</strong></span> <span class='ocrx_word' id='word_1_560' title='bbox 2911 3787 2964 3831; x_wconf 92' lang='lat' dir='ltr'><strong>et</strong></span> <span class='ocrx_word' id='word_1_561' title='bbox 3022 3780 3121 3831; x_wconf 92' lang='lat' dir='ltr'><strong>hoc</strong></span> <span class='ocrx_word' id='word_1_562' title='bbox 3152 3779 3381 3830; x_wconf 79' lang='lat' dir='ltr'><strong>observo</strong></span> <span class='ocrx_word' id='word_1_563' title='bbox 3410 3813 3422 3834; x_wconf 88' lang='lat'><strong>.</strong></span> 
     </span>
    </p>
   </div>
   <div class='ocr_carea' id='block_1_76' title="bbox 184 3856 853 3928">
    <p class='ocr_par' dir='ltr' id='par_1_76' title="bbox 184 3856 853 3928">
     <span class='ocr_line' id='line_1_76' title="bbox 184 3856 853 3928; baseline -0.007 -15"><span class='ocrx_word' id='word_1_564' title='bbox 184 3878 300 3913; x_wconf 85' lang='grc' dir='ltr'>ισου</span> <span class='ocrx_word' id='word_1_565' title='bbox 309 3862 459 3928; x_wconf 84' lang='grc' dir='ltr'>μένῳ</span> <span class='ocrx_word' id='word_1_566' title='bbox 490 3857 627 3909; x_wconf 82' lang='grc' dir='ltr'>κατὰ</span> <span class='ocrx_word' id='word_1_567' title='bbox 661 3856 853 3924; x_wconf 86' lang='grc' dir='ltr'>μῆκος.</span> 
     </span>
    </p>
   </div>
   <div class='ocr_carea' id='block_1_77' title="bbox 1860 3864 3426 3934">
    <p class='ocr_par' dir='ltr' id='par_1_77' title="bbox 1860 3864 3426 3934">
     <span class='ocr_line' id='line_1_77' title="bbox 1860 3864 3426 3934; baseline 0.001 -18"><span class='ocrx_word' id='word_1_568' title='bbox 1860 3864 2117 3921; x_wconf 88' lang='lat' dir='ltr'><strong>libentius</strong></span> <span class='ocrx_word' id='word_1_569' title='bbox 2149 3884 2270 3921; x_wconf 87' lang='lat' dir='ltr'><strong>eum</strong></span> <span class='ocrx_word' id='word_1_570' title='bbox 2306 3872 2541 3923; x_wconf 90' lang='lat' dir='ltr'><strong>sermoni</strong></span> <span class='ocrx_word' id='word_1_571' title='bbox 2579 3872 2645 3924; x_wconf 90' lang='lat' dir='ltr'><strong>de</strong></span> <span class='ocrx_word' id='word_1_572' title='bbox 2686 3872 2904 3934; x_wconf 87' lang='lat' dir='ltr'><strong>decadc,</strong></span> <span class='ocrx_word' id='word_1_573' title='bbox 2934 3870 3056 3923; x_wconf 88' lang='lat' dir='ltr'><strong>dum</strong></span> <span class='ocrx_word' id='word_1_574' title='bbox 3101 3869 3167 3922; x_wconf 91' lang='lat' dir='ltr'><strong>de</strong></span> <span class='ocrx_word' id='word_1_575' title='bbox 3200 3878 3426 3929; x_wconf 88' lang='lat' dir='ltr'><strong>utroque</strong></span> 
     </span>
    </p>
   </div>
   <div class='ocr_carea' id='block_1_78' title="bbox 177 3946 3426 4035">
    <p class='ocr_par' dir='ltr' id='par_1_78' title="bbox 177 3946 3426 4035">
     <span class='ocr_line' id='line_1_78' title="bbox 177 3946 3426 4035; baseline 0.001 -24"><span class='ocrx_word' id='word_1_576' title='bbox 177 3958 271 4011; x_wconf 93' lang='lat' dir='ltr'><strong>illo</strong></span> <span class='ocrx_word' id='word_1_577' title='bbox 313 3967 541 4007; x_wconf 91' lang='lat' dir='ltr'><strong>numero</strong></span> <span class='ocrx_word' id='word_1_578' title='bbox 565 3951 818 4016; x_wconf 85' lang='lat' dir='ltr'><strong>disputat,</strong></span> <span class='ocrx_word' id='word_1_579' title='bbox 853 3948 1117 4002; x_wconf 66' lang='lat' dir='ltr'><strong>inhaerere</strong></span> <span class='ocrx_word' id='word_1_580' title='bbox 1156 3963 1170 4000; x_wconf 88' lang='lat'><strong>:</strong></span> <span class='ocrx_word' id='word_1_581' title='bbox 1203 3946 1344 4015; x_wconf 87' lang='lat' dir='ltr'><strong>quod</strong></span> <span class='ocrx_word' id='word_1_582' title='bbox 1377 3948 1515 3999; x_wconf 90' lang='lat' dir='ltr'><strong>idem</strong></span> <span class='ocrx_word' id='word_1_583' title='bbox 1556 3950 1606 4000; x_wconf 93' lang='lat' dir='ltr'><strong>in</strong></span> <span class='ocrx_word' id='word_1_584' title='bbox 1665 3953 1917 4019; x_wconf 88' lang='lat' dir='ltr'><strong>quinario</strong></span> <span class='ocrx_word' id='word_1_585' title='bbox 1962 3958 2114 4028; x_wconf 84' lang='lat' dir='ltr'><strong>facit,</strong></span> <span class='ocrx_word' id='word_1_586' title='bbox 2152 3962 2217 4017; x_wconf 93' lang='lat' dir='ltr'><strong>de</strong></span> <span class='ocrx_word' id='word_1_587' title='bbox 2292 3978 2399 4033; x_wconf 87' lang='lat' dir='ltr'><strong>quo</strong></span> <span class='ocrx_word' id='word_1_588' title='bbox 2451 3982 2603 4035; x_wconf 82' lang='lat' dir='ltr'><strong>aequo</strong></span> <span class='ocrx_word' id='word_1_589' title='bbox 2677 3978 2812 4034; x_wconf 88' lang='lat' dir='ltr'><strong>pene</strong></span> <span class='ocrx_word' id='word_1_590' title='bbox 2882 3965 3065 4017; x_wconf 88' lang='lat' dir='ltr'><strong>multis</strong></span> <span class='ocrx_word' id='word_1_591' title='bbox 3129 3974 3291 4031; x_wconf 90' lang='lat' dir='ltr'><strong>atque</strong></span> <span class='ocrx_word' id='word_1_592' title='bbox 3360 3960 3426 4019; x_wconf 81' lang='lat' dir='ltr'><strong>de</strong></span> 
     </span>
    </p>
   </div>
   <div class='ocr_carea' id='block_1_79' title="bbox 183 4040 787 4112">
    <p class='ocr_par' dir='ltr' id='par_1_79' title="bbox 183 4040 787 4112">
     <span class='ocr_line' id='line_1_79' title="bbox 183 4040 787 4112; baseline -0.017 -12"><span class='ocrx_word' id='word_1_593' title='bbox 183 4044 512 4112; x_wconf 86' lang='lat' dir='ltr'><strong>septenario</strong></span> <span class='ocrx_word' id='word_1_594' title='bbox 547 4040 787 4093; x_wconf 85' lang='lat' dir='ltr'><strong>disserit.</strong></span> 
     </span>
    </p>
   </div>
   <div class='ocr_carea' id='block_1_80' title="bbox 264 4122 1743 4201">
    <p class='ocr_par' dir='ltr' id='par_1_80' title="bbox 264 4122 1743 4201">
     <span class='ocr_line' id='line_1_80' title="bbox 264 4122 1743 4201; baseline 0.009 -29"><span class='ocrx_word' id='word_1_595' title='bbox 264 4135 429 4188; x_wconf 72' lang='grc' dir='ltr'><strong>Ἀλλά</strong></span> <span class='ocrx_word' id='word_1_596' title='bbox 455 4132 563 4201; x_wconf 79' lang='grc' dir='ltr'><strong>γὰρ</strong></span> <span class='ocrx_word' id='word_1_597' title='bbox 586 4131 721 4198; x_wconf 80' lang='grc' dir='ltr'>αὕτη</span> <span class='ocrx_word' id='word_1_598' title='bbox 748 4147 830 4182; x_wconf 89' lang='grc' dir='ltr'><strong>σοι</strong></span> <span class='ocrx_word' id='word_1_599' title='bbox 849 4166 864 4191; x_wconf 88' lang='grc'><strong>,</strong></span> <span class='ocrx_word' id='word_1_600' title='bbox 889 4122 933 4180; x_wconf 81' lang='grc' dir='ltr'>ὦ</span> <span class='ocrx_word' id='word_1_601' title='bbox 958 4127 1179 4195; x_wconf 79' lang='grc' dir='ltr'>φίλτατε</span> <span class='ocrx_word' id='word_1_602' title='bbox 1209 4129 1479 4195; x_wconf 69' lang='grc' dir='ltr'>ἀδελφῶν,</span> <span class='ocrx_word' id='word_1_603' title='bbox 1514 4132 1607 4183; x_wconf 75' lang='grc' dir='ltr'><strong>καὶ</strong></span> <span class='ocrx_word' id='word_1_604' title='bbox 1632 4131 1743 4185; x_wconf 83' lang='grc' dir='ltr'><strong>τῶν</strong></span> 
     </span>
    </p>
   </div>
   <div class='ocr_carea' id='block_1_81' title="bbox 179 4217 1748 4293">
    <p class='ocr_par' dir='ltr' id='par_1_81' title="bbox 179 4217 1748 4293">
     <span class='ocr_line' id='line_1_81' title="bbox 179 4217 1748 4293; baseline -0.008 -14"><span class='ocrx_word' id='word_1_605' title='bbox 179 4223 507 4293; x_wconf 80' lang='grc' dir='ltr'>Νικομάχου</span> <span class='ocrx_word' id='word_1_606' title='bbox 530 4220 776 4289; x_wconf 81' lang='grc' dir='ltr'>ἀριθμῶν</span> <span class='ocrx_word' id='word_1_607' title='bbox 797 4217 871 4279; x_wconf 83' lang='grc' dir='ltr'>ὡς</span> <span class='ocrx_word' id='word_1_608' title='bbox 897 4218 954 4268; x_wconf 86' lang='grc' dir='ltr'><strong>ὲν</strong></span> <span class='ocrx_word' id='word_1_609' title='bbox 980 4217 1257 4287; x_wconf 72' lang='grc' dir='ltr'>κεφαλαίῳ</span> <span class='ocrx_word' id='word_1_610' title='bbox 1282 4220 1314 4287; x_wconf 80' lang='grc' dir='ltr'><strong>η</strong></span> <span class='ocrx_word' id='word_1_611' title='bbox 1348 4219 1748 4289; x_wconf 76' lang='grc' dir='ltr'>πολυθρύλητος</span> 
     </span>
    </p>
   </div>
   <div class='ocr_carea' id='block_1_82' title="bbox 182 4310 1756 4383">
    <p class='ocr_par' dir='ltr' id='par_1_82' title="bbox 182 4310 1756 4383">
     <span class='ocr_line' id='line_1_82' title="bbox 182 4310 1756 4383; baseline -0.01 -14"><span class='ocrx_word' id='word_1_612' title='bbox 182 4318 279 4370; x_wconf 73' lang='grc' dir='ltr'>καὶ</span> <span class='ocrx_word' id='word_1_613' title='bbox 310 4314 633 4383; x_wconf 83' lang='grc' dir='ltr'>δυσεύρετος</span> <span class='ocrx_word' id='word_1_614' title='bbox 671 4310 950 4377; x_wconf 84' lang='grc' dir='ltr'>θεολογία,</span> <span class='ocrx_word' id='word_1_615' title='bbox 982 4310 1041 4362; x_wconf 75' lang='grc' dir='ltr'><strong>οὐ</strong></span> <span class='ocrx_word' id='word_1_616' title='bbox 1076 4310 1184 4379; x_wconf 84' lang='grc' dir='ltr'><strong>(μά</strong></span> <span class='ocrx_word' id='word_1_617' title='bbox 1214 4311 1312 4377; x_wconf 80' lang='grc' dir='ltr'>τὴν</span> <span class='ocrx_word' id='word_1_618' title='bbox 1338 4311 1380 4340; x_wconf 78' lang='grc' dir='ltr'><strong>⁷ο</strong></span> <span class='ocrx_word' id='word_1_619' title='bbox 1417 4311 1569 4378; x_wconf 82' lang='grc' dir='ltr'>ὑμῶν</span> <span class='ocrx_word' id='word_1_620' title='bbox 1601 4312 1756 4382; x_wconf 77' lang='grc' dir='ltr'>ἀγχί-</span> 
     </span>
    </p>
   </div>
   <div class='ocr_carea' id='block_1_83' title="bbox 182 4400 1755 4469">
    <p class='ocr_par' dir='ltr' id='par_1_83' title="bbox 182 4400 1755 4469">
     <span class='ocr_line' id='line_1_83' title="bbox 182 4400 1755 4469; baseline -0.004 -10"><span class='ocrx_word' id='word_1_621' title='bbox 182 4422 338 4459; x_wconf 86' lang='grc' dir='ltr'>νοιαν</span> <span class='ocrx_word' id='word_1_622' title='bbox 365 4403 461 4456; x_wconf 78' lang='grc' dir='ltr'>καὶ</span> <span class='ocrx_word' id='word_1_623' title='bbox 491 4400 838 4469; x_wconf 78' lang='grc' dir='ltr'>φιλοπονίαν)</span> <span class='ocrx_word' id='word_1_624' title='bbox 872 4401 957 4451; x_wconf 77' lang='grc' dir='ltr'><strong>διά</strong></span> <span class='ocrx_word' id='word_1_625' title='bbox 988 4400 1048 4451; x_wconf 84' lang='grc' dir='ltr'>τὺ</span> <span class='ocrx_word' id='word_1_626' title='bbox 1075 4403 1134 4451; x_wconf 82' lang='grc' dir='ltr'><strong>ἑν</strong></span> <span class='ocrx_word' id='word_1_627' title='bbox 1165 4400 1301 4469; x_wconf 79' lang='grc' dir='ltr'>αὐτῇ</span> <span class='ocrx_word' id='word_1_628' title='bbox 1327 4400 1663 4469; x_wconf 78' lang='grc' dir='ltr'>δυσέμϐατόν</span> <span class='ocrx_word' id='word_1_629' title='bbox 1695 4419 1755 4453; x_wconf 89' lang='grc' dir='ltr'><strong>τε</strong></span> 
     </span>
    </p>
   </div>
   <div class='ocr_carea' id='block_1_84' title="bbox 1927 4137 3425 4207">
    <p class='ocr_par' dir='ltr' id='par_1_84' title="bbox 1927 4137 3425 4207">
     <span class='ocr_line' id='line_1_84' title="bbox 1927 4137 3425 4207; baseline -0.001 -14"><span class='ocrx_word' id='word_1_630' title='bbox 1927 4139 2003 4193; x_wconf 88' lang='lat' dir='ltr'><strong>En</strong></span> <span class='ocrx_word' id='word_1_631' title='bbox 2059 4140 2179 4204; x_wconf 91' lang='lat' dir='ltr'><strong>tibi,</strong></span> <span class='ocrx_word' id='word_1_632' title='bbox 2223 4141 2544 4195; x_wconf 88' lang='lat' dir='ltr'><strong>charissime</strong></span> <span class='ocrx_word' id='word_1_633' title='bbox 2595 4137 2784 4203; x_wconf 80' lang='lat' dir='ltr'><strong>frater,</strong></span> <span class='ocrx_word' id='word_1_634' title='bbox 2833 4153 2929 4207; x_wconf 88' lang='lat' dir='ltr'><strong>per</strong></span> <span class='ocrx_word' id='word_1_635' title='bbox 2991 4154 3199 4192; x_wconf 87' lang='lat' dir='ltr'><strong>summa</strong></span> <span class='ocrx_word' id='word_1_636' title='bbox 3250 4137 3425 4205; x_wconf 86' lang='lat' dir='ltr'><strong>capita</strong></span> 
     </span>
    </p>
   </div>
   <div class='ocr_carea' id='block_1_85' title="bbox 1851 4230 3424 4298">
    <p class='ocr_par' dir='ltr' id='par_1_85' title="bbox 1851 4230 3424 4298">
     <span class='ocr_line' id='line_1_85' title="bbox 1851 4230 3424 4298; baseline -0.003 -13"><span class='ocrx_word' id='word_1_637' title='bbox 1851 4232 2177 4286; x_wconf 82' lang='lat' dir='ltr'><strong>recensitam</strong></span> <span class='ocrx_word' id='word_1_638' title='bbox 2245 4230 2559 4286; x_wconf 84' lang='lat' dir='ltr'><strong>Nicomachi</strong></span> <span class='ocrx_word' id='word_1_639' title='bbox 2615 4233 2761 4285; x_wconf 89' lang='lat' dir='ltr'><strong>illam</strong></span> <span class='ocrx_word' id='word_1_640' title='bbox 2813 4231 3078 4285; x_wconf 89' lang='lat' dir='ltr'><strong>celebrem</strong></span> <span class='ocrx_word' id='word_1_641' title='bbox 3113 4270 3129 4295; x_wconf 91' lang='lat'><strong>,</strong></span> <span class='ocrx_word' id='word_1_642' title='bbox 3178 4238 3424 4298; x_wconf 87' lang='lat' dir='ltr'><strong>repertu-</strong></span> 
     </span>
    </p>
   </div>
   <div class='ocr_carea' id='block_1_86' title="bbox 1850 4323 3425 4392">
    <p class='ocr_par' dir='ltr' id='par_1_86' title="bbox 1850 4323 3425 4392">
     <span class='ocr_line' id='line_1_86' title="bbox 1850 4323 3425 4392; baseline 0 -21"><span class='ocrx_word' id='word_1_643' title='bbox 1850 4338 1955 4391; x_wconf 91' lang='lat' dir='ltr'><strong>qne</strong></span> <span class='ocrx_word' id='word_1_644' title='bbox 2001 4323 2273 4377; x_wconf 83' lang='lat' dir='ltr'><strong>ditIicilem</strong></span> <span class='ocrx_word' id='word_1_645' title='bbox 2315 4325 2367 4377; x_wconf 92' lang='lat' dir='ltr'><strong>in</strong></span> <span class='ocrx_word' id='word_1_646' title='bbox 2416 4324 2663 4379; x_wconf 89' lang='lat' dir='ltr'><strong>numeris</strong></span> <span class='ocrx_word' id='word_1_647' title='bbox 2706 4324 3049 4392; x_wconf 79' lang='lat' dir='ltr'><strong>theologiam,</strong></span> <span class='ocrx_word' id='word_1_648' title='bbox 3083 4337 3202 4390; x_wconf 69' lang='lat' dir='ltr'><strong>qute</strong></span> <span class='ocrx_word' id='word_1_649' title='bbox 3252 4332 3425 4373; x_wconf 92' lang='lat' dir='ltr'><strong>tamen</strong></span> 
     </span>
    </p>
   </div>
   <div class='ocr_carea' id='block_1_87' title="bbox 1854 4410 3427 4484">
    <p class='ocr_par' dir='ltr' id='par_1_87' title="bbox 1854 4410 3427 4484">
     <span class='ocr_line' id='line_1_87' title="bbox 1854 4410 3427 4484; baseline -0.003 -17"><span class='ocrx_word' id='word_1_650' title='bbox 1854 4415 2035 4469; x_wconf 86' lang='lat' dir='ltr'><strong>hercle</strong></span> <span class='ocrx_word' id='word_1_651' title='bbox 2085 4416 2155 4469; x_wconf 90' lang='lat' dir='ltr'><strong>ob</strong></span> <span class='ocrx_word' id='word_1_652' title='bbox 2217 4417 2496 4471; x_wconf 87' lang='lat' dir='ltr'><strong>inaccessa</strong></span> <span class='ocrx_word' id='word_1_653' title='bbox 2535 4431 2672 4484; x_wconf 89' lang='lat' dir='ltr'><strong>pene</strong></span> <span class='ocrx_word' id='word_1_654' title='bbox 2725 4432 2841 4479; x_wconf 90' lang='lat' dir='ltr'><strong>sua,</strong></span> <span class='ocrx_word' id='word_1_655' title='bbox 2878 4424 3255 4483; x_wconf 75' lang='lat' dir='ltr'><strong>przeceptuque</strong></span> <span class='ocrx_word' id='word_1_656' title='bbox 3292 4410 3427 4464; x_wconf 78' lang='grc' dir='ltr'><strong>(Ιίσί-</strong></span> 
     </span>
    </p>
   </div>
   <div class='ocr_carea' id='block_1_88' title="bbox 180 4492 1848 4595">
    <p class='ocr_par' dir='ltr' id='par_1_88' title="bbox 180 4492 1839 4595">
     <span class='ocr_line' id='line_1_88' title="bbox 180 4492 1839 4595; baseline -0.004 -44"><span class='ocrx_word' id='word_1_657' title='bbox 180 4499 281 4551; x_wconf 80' lang='grc' dir='ltr'>καὶ</span> <span class='ocrx_word' id='word_1_658' title='bbox 310 4494 760 4562; x_wconf 78' lang='grc' dir='ltr'>δυσκατάληπτον</span> <span class='ocrx_word' id='word_1_659' title='bbox 794 4492 987 4561; x_wconf 84' lang='grc' dir='ltr'>μικροῦ</span> <span class='ocrx_word' id='word_1_660' title='bbox 1007 4492 1112 4544; x_wconf 82' lang='grc' dir='ltr'><strong>τῶν</strong></span> <span class='ocrx_word' id='word_1_661' title='bbox 1142 4492 1440 4560; x_wconf 79' lang='grc' dir='ltr'>ἀνθρώπων</span> <span class='ocrx_word' id='word_1_662' title='bbox 1472 4495 1754 4563; x_wconf 84' lang='grc' dir='ltr'>ἀνακεχω-</span> <span class='ocrx_word' id='word_1_663' title='bbox 1790 4534 1839 4595; x_wconf 71' lang='lat' dir='ltr'>D</span> 
     </span>
    </p>
   </div>
   <div class='ocr_carea' id='block_1_89' title="bbox 1760 4492 3428 4595">
    <p class='ocr_par' dir='ltr' id='par_1_89' title="bbox 1790 4506 3428 4595">
     <span class='ocr_line' id='line_1_89' title="bbox 1790 4506 3428 4595; baseline 0.002 -43"><span class='ocrx_word' id='word_1_664' title='bbox 1790 4506 1987 4595; x_wconf 74' lang='lat' dir='ltr'><strong>Dcilia</strong></span> <span class='ocrx_word' id='word_1_665' title='bbox 2030 4521 2208 4569; x_wconf 80' lang='lat' dir='ltr'><strong>sensa,</strong></span> <span class='ocrx_word' id='word_1_666' title='bbox 2254 4523 2596 4576; x_wconf 88' lang='lat' dir='ltr'><strong>nequaquam</strong></span> <span class='ocrx_word' id='word_1_667' title='bbox 2649 4509 2932 4576; x_wconf 79' lang='lat' dir='ltr'><strong>perspicax</strong></span> <span class='ocrx_word' id='word_1_668' title='bbox 2984 4517 3224 4559; x_wconf 85' lang='lat' dir='ltr'><strong>vestrum</strong></span> <span class='ocrx_word' id='word_1_669' title='bbox 3280 4506 3428 4573; x_wconf 83' lang='lat' dir='ltr'><strong>iugc-</strong></span> 
     </span>
    </p>
   </div>
   <div class='ocr_carea' id='block_1_90' title="bbox 186 4583 1755 4659">
    <p class='ocr_par' dir='ltr' id='par_1_90' title="bbox 186 4583 1755 4659">
     <span class='ocr_line' id='line_1_90' title="bbox 186 4583 1755 4659; baseline -0.002 -19"><span class='ocrx_word' id='word_1_670' title='bbox 186 4591 394 4659; x_wconf 85' lang='grc' dir='ltr'>ρηκυῖα</span> <span class='ocrx_word' id='word_1_671' title='bbox 414 4628 426 4646; x_wconf 88' lang='grc'><strong>,</strong></span> <span class='ocrx_word' id='word_1_672' title='bbox 451 4588 571 4637; x_wconf 69' lang='grc' dir='ltr'>ἐπεὶ</span> <span class='ocrx_word' id='word_1_673' title='bbox 600 4583 693 4635; x_wconf 82' lang='grc' dir='ltr'>νῦν</span> <span class='ocrx_word' id='word_1_674' title='bbox 719 4585 786 4636; x_wconf 85' lang='grc' dir='ltr'><strong>τά</strong></span> <span class='ocrx_word' id='word_1_675' title='bbox 817 4600 875 4634; x_wconf 87' lang='grc' dir='ltr'><strong>τε</strong></span> <span class='ocrx_word' id='word_1_676' title='bbox 906 4584 1258 4653; x_wconf 81' lang='grc' dir='ltr'>γεωμετρικά</span> <span class='ocrx_word' id='word_1_677' title='bbox 1293 4585 1386 4635; x_wconf 76' lang='grc' dir='ltr'><strong>καὶ</strong></span> <span class='ocrx_word' id='word_1_678' title='bbox 1420 4585 1755 4655; x_wconf 75' lang='grc' dir='ltr'>ἀριθμητικὰ</span> 
     </span>
    </p>
   </div>
   <div class='ocr_carea' id='block_1_91' title="bbox 186 4676 1753 4747">
    <p class='ocr_par' dir='ltr' id='par_1_91' title="bbox 186 4676 1753 4747">
     <span class='ocr_line' id='line_1_91' title="bbox 186 4676 1753 4747; baseline -0.002 -14"><span class='ocrx_word' id='word_1_679' title='bbox 186 4682 286 4733; x_wconf 64' lang='grc' dir='ltr'>καὶ</span> <span class='ocrx_word' id='word_1_680' title='bbox 307 4679 479 4733; x_wconf 74' lang='grc' dir='ltr'>τᾶλλα</span> <span class='ocrx_word' id='word_1_681' title='bbox 503 4678 609 4729; x_wconf 77' lang='grc' dir='ltr'>τῶν</span> <span class='ocrx_word' id='word_1_682' title='bbox 634 4676 988 4747; x_wconf 85' lang='grc' dir='ltr'>μαθημάτων,</span> <span class='ocrx_word' id='word_1_683' title='bbox 1013 4676 1086 4737; x_wconf 83' lang='grc' dir='ltr'><strong>ὡς</strong></span> <span class='ocrx_word' id='word_1_684' title='bbox 1111 4678 1205 4728; x_wconf 75' lang='grc' dir='ltr'><strong>καὶ</strong></span> <span class='ocrx_word' id='word_1_685' title='bbox 1232 4678 1296 4728; x_wconf 87' lang='grc' dir='ltr'><strong>σὺ</strong></span> <span class='ocrx_word' id='word_1_686' title='bbox 1334 4677 1717 4730; x_wconf 84' lang='grc' dir='ltr'>συνεπίστασαι</span> <span class='ocrx_word' id='word_1_687' title='bbox 1738 4716 1753 4742; x_wconf 90' lang='grc'><strong>,</strong></span> 
     </span>
    </p>
   </div>
   <div class='ocr_carea' id='block_1_92' title="bbox 1866 4597 3429 4666">
    <p class='ocr_par' dir='ltr' id='par_1_92' title="bbox 1866 4597 3429 4666">
     <span class='ocr_line' id='line_1_92' title="bbox 1866 4597 3429 4666; baseline -0.001 -18"><span class='ocrx_word' id='word_1_688' title='bbox 1866 4597 2009 4649; x_wconf 90' lang='lat' dir='ltr'><strong>nium</strong></span> <span class='ocrx_word' id='word_1_689' title='bbox 2045 4608 2205 4664; x_wconf 85' lang='lat' dir='ltr'><strong>atque</strong></span> <span class='ocrx_word' id='word_1_690' title='bbox 2234 4599 2564 4666; x_wconf 75' lang='lat' dir='ltr'><strong>diligentiam</strong></span> <span class='ocrx_word' id='word_1_691' title='bbox 2610 4609 2762 4651; x_wconf 78' lang='lat' dir='ltr'><strong>extra</strong></span> <span class='ocrx_word' id='word_1_692' title='bbox 2808 4600 3096 4651; x_wconf 78' lang='lat' dir='ltr'><strong>humanam</strong></span> <span class='ocrx_word' id='word_1_693' title='bbox 3145 4610 3429 4663; x_wconf 85' lang='lat' dir='ltr'><strong>propemo-</strong></span> 
     </span>
    </p>
   </div>
   <div class='ocr_carea' id='block_1_93' title="bbox 1857 4685 3427 4756">
    <p class='ocr_par' dir='ltr' id='par_1_93' title="bbox 1857 4685 3427 4756">
     <span class='ocr_line' id='line_1_93' title="bbox 1857 4685 3427 4756; baseline -0.001 -19"><span class='ocrx_word' id='word_1_694' title='bbox 1857 4687 1981 4737; x_wconf 87' lang='lat' dir='ltr'><strong>dum</strong></span> <span class='ocrx_word' id='word_1_695' title='bbox 2015 4687 2379 4739; x_wconf 88' lang='lat' dir='ltr'><strong>conditionem</strong></span> <span class='ocrx_word' id='word_1_696' title='bbox 2412 4701 2690 4741; x_wconf 86' lang='lat' dir='ltr'><strong>removere</strong></span> <span class='ocrx_word' id='word_1_697' title='bbox 2724 4688 2898 4756; x_wconf 80' lang='lat' dir='ltr'><strong>patuit</strong></span> <span class='ocrx_word' id='word_1_698' title='bbox 2937 4704 2949 4739; x_wconf 92' lang='lat'><strong>:</strong></span> <span class='ocrx_word' id='word_1_699' title='bbox 2989 4685 3427 4754; x_wconf 87' lang='lat' dir='ltr'><strong>quandoquidem</strong></span> 
     </span>
    </p>
   </div>
   <div class='ocr_carea' id='block_1_94' title="bbox 190 4763 1858 4843">
    <p class='ocr_par' dir='ltr' id='par_1_94' title="bbox 190 4763 1858 4837">
     <span class='ocr_line' id='line_1_94' title="bbox 190 4763 1858 4837; baseline -0.001 -15"><span class='ocrx_word' id='word_1_700' title='bbox 190 4772 385 4823; x_wconf 82' lang='grc' dir='ltr'>πολλοὶ</span> <span class='ocrx_word' id='word_1_701' title='bbox 431 4771 541 4820; x_wconf 80' lang='grc' dir='ltr'><strong>τῶν</strong></span> <span class='ocrx_word' id='word_1_702' title='bbox 571 4772 602 4837; x_wconf 85' lang='grc' dir='ltr'><strong>ή</strong></span> <span class='ocrx_word' id='word_1_703' title='bbox 614 4770 718 4837; x_wconf 82' lang='grc' dir='ltr'><strong>μᾶς</strong></span> <span class='ocrx_word' id='word_1_704' title='bbox 750 4768 1061 4834; x_wconf 81' lang='grc' dir='ltr'>ἐγνωκότων</span> <span class='ocrx_word' id='word_1_705' title='bbox 1086 4768 1183 4819; x_wconf 79' lang='grc' dir='ltr'><strong>οὐκ</strong></span> <span class='ocrx_word' id='word_1_706' title='bbox 1216 4767 1433 4819; x_wconf 73' lang='grc' dir='ltr'>ἔλαττον</span> <span class='ocrx_word' id='word_1_707' title='bbox 1466 4763 1619 4835; x_wconf 81' lang='grc' dir='ltr'>οἶμαι</span> <span class='ocrx_word' id='word_1_708' title='bbox 1665 4768 1755 4820; x_wconf 83' lang='grc' dir='ltr'>τοῦ</span> <span class='ocrx_word' id='word_1_709' title='bbox 1857 4830 1858 4835; x_wconf 21' lang='grc' dir='ltr'><strong>η</strong></span> 
     </span>
    </p>
   </div>
   <div class='ocr_carea' id='block_1_95' title="bbox 1760 4763 3428 4843">
    <p class='ocr_par' dir='ltr' id='par_1_95' title="bbox 1857 4773 3428 4843">
     <span class='ocr_line' id='line_1_95' title="bbox 1857 4773 3428 4843; baseline -0.001 -19"><span class='ocrx_word' id='word_1_710' title='bbox 1857 4773 1969 4841; x_wconf 86' lang='lat' dir='ltr'><strong>jam</strong></span> <span class='ocrx_word' id='word_1_711' title='bbox 2018 4775 2368 4843; x_wconf 80' lang='lat' dir='ltr'><strong>geometrica,</strong></span> <span class='ocrx_word' id='word_1_712' title='bbox 2415 4776 2779 4837; x_wconf 88' lang='lat' dir='ltr'><strong>arithmetica,</strong></span> <span class='ocrx_word' id='word_1_713' title='bbox 2831 4786 3163 4842; x_wconf 60' lang='lat' dir='ltr'><strong>ceterasque</strong></span> <span class='ocrx_word' id='word_1_714' title='bbox 3221 4774 3428 4824; x_wconf 76' lang='lat' dir='ltr'><strong>mathe-</strong></span> 
     </span>
    </p>
   </div>
   <div class='ocr_carea' id='block_1_96' title="bbox 188 4858 1757 4931">
    <p class='ocr_par' dir='ltr' id='par_1_96' title="bbox 188 4858 1757 4931">
     <span class='ocr_line' id='line_1_96' title="bbox 188 4858 1757 4931; baseline -0.003 -14"><span class='ocrx_word' id='word_1_715' title='bbox 188 4866 387 4927; x_wconf 80' lang='grc' dir='ltr'>παιδὸς</span> <span class='ocrx_word' id='word_1_716' title='bbox 454 4862 707 4931; x_wconf 86' lang='grc' dir='ltr'>Ἑρμείου</span> <span class='ocrx_word' id='word_1_717' title='bbox 736 4858 984 4931; x_wconf 75' lang='grc' dir='ltr'><strong>(οἶδαςΗ</strong></span> <span class='ocrx_word' id='word_1_718' title='bbox 1012 4860 1226 4922; x_wconf 85' lang='grc' dir='ltr'>πάντως</span> <span class='ocrx_word' id='word_1_719' title='bbox 1267 4860 1365 4927; x_wconf 86' lang='grc' dir='ltr'>τὴς</span> <span class='ocrx_word' id='word_1_720' title='bbox 1415 4861 1543 4929; x_wconf 79' lang='grc' dir='ltr'>περὶ</span> <span class='ocrx_word' id='word_1_721' title='bbox 1586 4861 1757 4914; x_wconf 81' lang='grc' dir='ltr'>ταῦτα</span> 
     </span>
    </p>
   </div>
   <div class='ocr_carea' id='block_1_97' title="bbox 185 4951 1759 5026">
    <p class='ocr_par' dir='ltr' id='par_1_97' title="bbox 185 4951 1759 5026">
     <span class='ocr_line' id='line_1_97' title="bbox 185 4951 1759 5026; baseline -0.003 -16"><span class='ocrx_word' id='word_1_722' title='bbox 185 4957 473 5026; x_wconf 78' lang='grc' dir='ltr'>δεξιότητα</span> <span class='ocrx_word' id='word_1_723' title='bbox 506 4954 598 5007; x_wconf 84' lang='grc' dir='ltr'>τοῦ</span> <span class='ocrx_word' id='word_1_724' title='bbox 634 4952 986 5022; x_wconf 84' lang='grc' dir='ltr'>Ἀμμωνίου)</span> <span class='ocrx_word' id='word_1_725' title='bbox 1037 4951 1410 5021; x_wconf 80' lang='grc' dir='ltr'>διακριὸοὗσι,</span> <span class='ocrx_word' id='word_1_726' title='bbox 1462 4953 1557 5004; x_wconf 81' lang='grc' dir='ltr'>καὶ</span> <span class='ocrx_word' id='word_1_727' title='bbox 1608 4954 1759 5005; x_wconf 78' lang='grc' dir='ltr'>οὐδὲν</span> 
     </span>
    </p>
   </div>
   <div class='ocr_carea' id='block_1_98' title="bbox 1866 4864 3430 4934">
    <p class='ocr_par' dir='ltr' id='par_1_98' title="bbox 1866 4864 3430 4934">
     <span class='ocr_line' id='line_1_98' title="bbox 1866 4864 3430 4934; baseline -0.001 -17"><span class='ocrx_word' id='word_1_728' title='bbox 1866 4866 2093 4918; x_wconf 86' lang='lat' dir='ltr'><strong>maticas</strong></span> <span class='ocrx_word' id='word_1_729' title='bbox 2132 4866 2447 4933; x_wconf 87' lang='lat' dir='ltr'><strong>disciplinas</strong></span> <span class='ocrx_word' id='word_1_730' title='bbox 2484 4866 2565 4934; x_wconf 90' lang='lat' dir='ltr'><strong>(ut</strong></span> <span class='ocrx_word' id='word_1_731' title='bbox 2612 4876 2666 4919; x_wconf 95' lang='lat' dir='ltr'><strong>et</strong></span> <span class='ocrx_word' id='word_1_732' title='bbox 2716 4877 2772 4918; x_wconf 93' lang='lat' dir='ltr'><strong>tu</strong></span> <span class='ocrx_word' id='word_1_733' title='bbox 2823 4866 2952 4932; x_wconf 89' lang='lat' dir='ltr'><strong>scis)</strong></span> <span class='ocrx_word' id='word_1_734' title='bbox 2995 4865 3241 4933; x_wconf 89' lang='lat' dir='ltr'><strong>plerique</strong></span> <span class='ocrx_word' id='word_1_735' title='bbox 3276 4864 3430 4916; x_wconf 92' lang='lat' dir='ltr'><strong>nobis</strong></span> 
     </span>
    </p>
   </div>
   <div class='ocr_carea' id='block_1_99' title="bbox 1868 4955 3428 5025">
    <p class='ocr_par' dir='ltr' id='par_1_99' title="bbox 1868 4955 3428 5025">
     <span class='ocr_line' id='line_1_99' title="bbox 1868 4955 3428 5025; baseline 0.004 -20"><span class='ocrx_word' id='word_1_736' title='bbox 1868 4970 1972 5006; x_wconf 92' lang='lat' dir='ltr'><strong>non</strong></span> <span class='ocrx_word' id='word_1_737' title='bbox 2030 4955 2197 5025; x_wconf 82' lang='lat' dir='ltr'><strong>ignoti</strong></span> <span class='ocrx_word' id='word_1_738' title='bbox 2257 4956 2425 5009; x_wconf 90' lang='lat' dir='ltr'><strong>nihilo</strong></span> <span class='ocrx_word' id='word_1_739' title='bbox 2478 4956 2859 5025; x_wconf 74' lang='lat' dir='ltr'><strong>negligentius,</strong></span> <span class='ocrx_word' id='word_1_740' title='bbox 2910 4956 3128 5025; x_wconf 90' lang='lat' dir='ltr'><strong>opinor,</strong></span> <span class='ocrx_word' id='word_1_741' title='bbox 3171 4964 3428 5012; x_wconf 78' lang='lat' dir='ltr'><strong>tractant.</strong></span> 
     </span>
    </p>
   </div>
   <div class='ocr_carea' id='block_1_100' title="bbox 1488 5061 2151 5122">
    <p class='ocr_par' dir='ltr' id='par_1_100' title="bbox 1488 5061 2151 5122">
     <span class='ocr_line' id='line_1_100' title="bbox 1488 5061 2151 5122; baseline 0.012 -9"><span class='ocrx_word' id='word_1_742' title='bbox 1488 5061 1717 5117; x_wconf 73' lang='grc' dir='ltr'>νΑιιιΑε</span> <span class='ocrx_word' id='word_1_743' title='bbox 1746 5064 2151 5122; x_wconf 85' lang='lat' dir='ltr'><strong>LECTIONES.</strong></span> 
     </span>
    </p>
   </div>
   <div class='ocr_carea' id='block_1_101' title="bbox 261 5156 2253 5237">
    <p class='ocr_par' dir='ltr' id='par_1_101' title="bbox 261 5156 2253 5237">
     <span class='ocr_line' id='line_1_101' title="bbox 261 5156 2253 5237; baseline 0.002 -26"><span class='ocrx_word' id='word_1_744' title='bbox 261 5162 306 5237; x_wconf 51' lang='grc' dir='ltr'>ξ’</span> <span class='ocrx_word' id='word_1_745' title='bbox 336 5159 643 5237; x_wconf 76' lang='grc' dir='ltr'>περιρεῖται</span> <span class='ocrx_word' id='word_1_746' title='bbox 751 5173 765 5210; x_wconf 90' lang='lat'><strong>:</strong></span> <span class='ocrx_word' id='word_1_747' title='bbox 809 5156 1174 5237; x_wconf 38' lang='lat' dir='ltr'><strong>«epitaphium</strong></span> <span class='ocrx_word' id='word_1_748' title='bbox 1202 5174 1262 5237; x_wconf 47' lang='lat' dir='ltr'><strong>gn.</strong></span> <span class='ocrx_word' id='word_1_749' title='bbox 1301 5156 1552 5237; x_wconf 78' lang='lat' dir='ltr'><strong>Fortasse</strong></span> <span class='ocrx_word' id='word_1_750' title='bbox 1590 5158 1867 5237; x_wconf 79' lang='lat' dir='ltr'><strong>legendum</strong></span> <span class='ocrx_word' id='word_1_751' title='bbox 1904 5163 2253 5237; x_wconf 61' lang='lat' dir='ltr'><strong>nsptppeics.</strong></span> 
     </span>
    </p>
   </div>
   <div class='ocr_carea' id='block_1_102' title="bbox 663 5226 2972 5301">
    <p class='ocr_par' dir='ltr' id='par_1_102' title="bbox 663 5226 2972 5301">
     <span class='ocr_line' id='line_1_102' title="bbox 663 5226 2972 5301; baseline 0.008 -26"><span class='ocrx_word' id='word_1_752' title='bbox 663 5226 707 5258; x_wconf 78' lang='lat'><strong>&quot;</strong></span> <span class='ocrx_word' id='word_1_753' title='bbox 732 5242 787 5301; x_wconf 66' lang='grc' dir='ltr'><strong>τε</strong></span> <span class='ocrx_word' id='word_1_754' title='bbox 817 5228 938 5301; x_wconf 75' lang='lat' dir='ltr'><strong>add.</strong></span> <span class='ocrx_word' id='word_1_755' title='bbox 980 5230 1044 5301; x_wconf 83' lang='lat' dir='ltr'><strong>A_.</strong></span> <span class='ocrx_word' id='word_1_756' title='bbox 1096 5227 1521 5301; x_wconf 62' lang='lat' dir='ltr'><strong>_“&#39;:éita._g._xai_</strong></span> <span class='ocrx_word' id='word_1_757' title='bbox 1560 5226 1683 5301; x_wconf 77' lang='lat' dir='ltr'><strong>ante</strong></span> <span class='ocrx_word' id='word_1_758' title='bbox 1702 5229 1842 5301; x_wconf 75' lang='grc' dir='ltr'>ἀνισ.</span> <span class='ocrx_word' id='word_1_759' title='bbox 1876 5241 1939 5301; x_wconf 89' lang='lat' dir='ltr'><strong>et</strong></span> <span class='ocrx_word' id='word_1_760' title='bbox 1963 5226 2084 5285; x_wconf 64' lang='lat' dir='ltr'><strong>moi</strong></span> <span class='ocrx_word' id='word_1_761' title='bbox 2110 5234 2179 5284; x_wconf 72' lang='grc' dir='ltr'>τὰ</span> <span class='ocrx_word' id='word_1_762' title='bbox 2220 5233 2341 5286; x_wconf 91' lang='lat' dir='ltr'><strong>add.</strong></span> <span class='ocrx_word' id='word_1_763' title='bbox 2377 5235 2442 5285; x_wconf 85' lang='lat' dir='ltr'><strong>A.</strong></span> <span class='ocrx_word' id='word_1_764' title='bbox 2480 5226 2556 5262; x_wconf 78' lang='grc'><strong>’⁸⁷</strong></span> <span class='ocrx_word' id='word_1_765' title='bbox 2580 5230 2972 5301; x_wconf 64' lang='grc' dir='ltr'>προδάντεςς-</span> 
     </span>
    </p>
   </div>
   <div class='ocr_carea' id='block_1_103' title="bbox 200 5228 584 5301">
    <p class='ocr_par' dir='ltr' id='par_1_103' title="bbox 200 5228 584 5301">
     <span class='ocr_line' id='line_1_103' title="bbox 200 5228 584 5301; baseline -0.013 -18"><span class='ocrx_word' id='word_1_766' title='bbox 200 5228 509 5301; x_wconf 61' lang='grc' dir='ltr'>Ὑπερίονα</span> <span class='ocrx_word' id='word_1_767' title='bbox 527 5244 584 5289; x_wconf 84' lang='grc' dir='ltr'><strong>ς.</strong></span> 
     </span>
    </p>
   </div>
   <div class='ocr_carea' id='block_1_104' title="bbox 2329 5161 3431 5232">
    <p class='ocr_par' dir='ltr' id='par_1_104' title="bbox 2329 5161 3431 5232">
     <span class='ocr_line' id='line_1_104' title="bbox 2329 5161 3431 5232; baseline 0.001 -18"><span class='ocrx_word' id='word_1_768' title='bbox 2329 5163 2372 5195; x_wconf 79' lang='grc'><strong><em>⁸⁸</em></strong></span> <span class='ocrx_word' id='word_1_769' title='bbox 2401 5162 2636 5232; x_wconf 81' lang='grc' dir='ltr'>Περσίαν</span> <span class='ocrx_word' id='word_1_770' title='bbox 2664 5162 2749 5232; x_wconf 58' lang='grc' dir='ltr'>Α.</span> <span class='ocrx_word' id='word_1_771' title='bbox 2806 5162 2851 5192; x_wconf 74' lang='grc'><strong>⁸⁵</strong></span> <span class='ocrx_word' id='word_1_772' title='bbox 2892 5161 3182 5232; x_wconf 77' lang='grc' dir='ltr'>Ὑπερίονα</span> <span class='ocrx_word' id='word_1_773' title='bbox 3202 5163 3263 5232; x_wconf 14' lang='lat' dir='ltr'><strong>7A</strong></span> <span class='ocrx_word' id='word_1_774' title='bbox 3298 5180 3309 5215; x_wconf 89' lang='lat'>:</span> <span class='ocrx_word' id='word_1_775' title='bbox 3338 5164 3431 5215; x_wconf 74' lang='grc' dir='ltr'>καὶ</span> 
     </span>
    </p>
   </div>
   <div class='ocr_carea' id='block_1_105' title="bbox 3048 5231 3427 5285">
    <p class='ocr_par' dir='ltr' id='par_1_105' title="bbox 3048 5231 3427 5285">
     <span class='ocr_line' id='line_1_105' title="bbox 3048 5231 3427 5285; baseline 0.005 -2"><span class='ocrx_word' id='word_1_776' title='bbox 3048 5231 3091 5262; x_wconf 81' lang='grc'><strong>⁸⁸</strong></span> <span class='ocrx_word' id='word_1_777' title='bbox 3128 5231 3337 5283; x_wconf 81' lang='grc' dir='ltr'>πολλῶν</span> <span class='ocrx_word' id='word_1_778' title='bbox 3365 5236 3427 5285; x_wconf 80' lang='grc' dir='ltr'>Α.</span> 
     </span>
    </p>
   </div>
   <div class='ocr_carea' id='block_1_106' title="bbox 192 5294 3326 5372">
    <p class='ocr_par' dir='ltr' id='par_1_106' title="bbox 192 5294 3326 5372">
     <span class='ocr_line' id='line_1_106' title="bbox 192 5294 3326 5372; baseline -0.001 -18"><span class='ocrx_word' id='word_1_779' title='bbox 192 5303 220 5354; x_wconf 84' lang='grc' dir='ltr'><em>ὃ</em></span> <span class='ocrx_word' id='word_1_780' title='bbox 250 5319 309 5354; x_wconf 85' lang='grc' dir='ltr'><strong>τε</strong></span> <span class='ocrx_word' id='word_1_781' title='bbox 336 5294 382 5355; x_wconf 67' lang='grc' dir='ltr'><strong>Α</strong></span> <span class='ocrx_word' id='word_1_782' title='bbox 411 5317 424 5352; x_wconf 90' lang='lat'><strong>:</strong></span> <span class='ocrx_word' id='word_1_783' title='bbox 455 5296 576 5350; x_wconf 79' lang='grc' dir='ltr'>οὔτε</span> <span class='ocrx_word' id='word_1_784' title='bbox 606 5314 667 5361; x_wconf 81' lang='grc' dir='ltr'><strong>ς.</strong></span> <span class='ocrx_word' id='word_1_785' title='bbox 741 5297 785 5328; x_wconf 80' lang='grc'><strong>⁸⁸</strong></span> <span class='ocrx_word' id='word_1_786' title='bbox 812 5298 869 5347; x_wconf 87' lang='grc' dir='ltr'><strong>ἑν</strong></span> <span class='ocrx_word' id='word_1_787' title='bbox 896 5298 975 5348; x_wconf 80' lang='grc' dir='ltr'><strong>Δ;</strong></span> <span class='ocrx_word' id='word_1_788' title='bbox 1005 5294 1062 5347; x_wconf 77' lang='grc' dir='ltr'>ἓν</span> <span class='ocrx_word' id='word_1_789' title='bbox 1090 5297 1147 5347; x_wconf 86' lang='grc' dir='ltr'>ὲν</span> <span class='ocrx_word' id='word_1_790' title='bbox 1172 5312 1231 5358; x_wconf 83' lang='grc' dir='ltr'>ς.</span> <span class='ocrx_word' id='word_1_791' title='bbox 1305 5296 1350 5326; x_wconf 76' lang='grc' dir='ltr'><strong>⁷ο</strong></span> <span class='ocrx_word' id='word_1_792' title='bbox 1371 5297 1429 5348; x_wconf 81' lang='grc' dir='ltr'><strong>οὐ</strong></span> <span class='ocrx_word' id='word_1_793' title='bbox 1461 5297 1536 5365; x_wconf 77' lang='grc' dir='ltr'><strong>μά</strong></span> <span class='ocrx_word' id='word_1_794' title='bbox 1562 5296 1679 5368; x_wconf 85' lang='grc' dir='ltr'>τὴν]</span> <span class='ocrx_word' id='word_1_795' title='bbox 1706 5299 1737 5366; x_wconf 72' lang='grc' dir='ltr'>ἡ</span> <span class='ocrx_word' id='word_1_796' title='bbox 1782 5298 1858 5367; x_wconf 78' lang='grc' dir='ltr'>μὰ</span> <span class='ocrx_word' id='word_1_797' title='bbox 1894 5300 1993 5370; x_wconf 77' lang='grc' dir='ltr'>τὴν</span> <span class='ocrx_word' id='word_1_798' title='bbox 2052 5317 2195 5355; x_wconf 84' lang='lat' dir='ltr'><strong>corr.</strong></span> <span class='ocrx_word' id='word_1_799' title='bbox 2234 5309 2299 5355; x_wconf 86' lang='lat' dir='ltr'><strong>A.</strong></span> <span class='ocrx_word' id='word_1_800' title='bbox 2338 5302 2397 5353; x_wconf 77' lang='grc' dir='ltr'><strong>οὐ</strong></span> <span class='ocrx_word' id='word_1_801' title='bbox 2446 5294 2709 5372; x_wconf 77' lang='grc' dir='ltr'>μάτην’ς·.</span> <span class='ocrx_word' id='word_1_802' title='bbox 2784 5301 2825 5331; x_wconf 80' lang='grc'><strong>⁷⁸</strong></span> <span class='ocrx_word' id='word_1_803' title='bbox 2867 5296 3011 5364; x_wconf 83' lang='grc' dir='ltr'>οἶδας</span> <span class='ocrx_word' id='word_1_804' title='bbox 3032 5300 3139 5369; x_wconf 72' lang='grc' dir='ltr'>γὰρ</span> <span class='ocrx_word' id='word_1_805' title='bbox 3174 5319 3234 5352; x_wconf 87' lang='grc' dir='ltr'><strong>π.</strong></span> <span class='ocrx_word' id='word_1_806' title='bbox 3265 5318 3326 5363; x_wconf 82' lang='grc' dir='ltr'><strong>ς.</strong></span> 
     </span>
    </p>
   </div>
   <div class='ocr_carea' id='block_1_107' title="bbox 1701 5414 1929 5472">
    <p class='ocr_par' dir='ltr' id='par_1_107' title="bbox 1701 5414 1929 5472">
     <span class='ocr_line' id='line_1_107' title="bbox 1701 5414 1929 5472; baseline 0.018 -4"><span class='ocrx_word' id='word_1_807' title='bbox 1701 5414 1929 5472; x_wconf 63' lang='grc' dir='ltr'><strong>ΝΟΤΔΕ.</strong></span> 
     </span>
    </p>
   </div>
   <div class='ocr_carea' id='block_1_108' title="bbox 263 5506 1314 5582">
    <p class='ocr_par' dir='ltr' id='par_1_108' title="bbox 263 5506 1314 5582">
     <span class='ocr_line' id='line_1_108' title="bbox 263 5506 1314 5582; baseline -0.007 -17"><span class='ocrx_word' id='word_1_808' title='bbox 263 5512 375 5582; x_wconf 64' lang='grc'>(29)</span> <span class='ocrx_word' id='word_1_809' title='bbox 427 5508 743 5582; x_wconf 75' lang='grc' dir='ltr'>Ἑκάεργον,</span> <span class='ocrx_word' id='word_1_810' title='bbox 862 5516 963 5569; x_wconf 88' lang='lat' dir='ltr'><strong>est,</strong></span> <span class='ocrx_word' id='word_1_811' title='bbox 995 5506 1314 5582; x_wconf 76' lang='lat' dir='ltr'><strong>Apollinem.</strong></span> 
     </span>
    </p>
   </div>
   <div class='ocr_carea' id='block_1_109' title="bbox 262 5576 1757 5647">
    <p class='ocr_par' dir='ltr' id='par_1_109' title="bbox 262 5576 1757 5647">
     <span class='ocr_line' id='line_1_109' title="bbox 262 5576 1757 5647; baseline -0.001 -15"><span class='ocrx_word' id='word_1_812' title='bbox 262 5576 377 5647; x_wconf 81' lang='grc'>(50)</span> <span class='ocrx_word' id='word_1_813' title='bbox 413 5576 676 5645; x_wconf 78' lang='lat' dir='ltr'><strong>Apollinis</strong></span> <span class='ocrx_word' id='word_1_814' title='bbox 709 5578 981 5647; x_wconf 77' lang='lat' dir='ltr'><strong>epitheton</strong></span> <span class='ocrx_word' id='word_1_815' title='bbox 1016 5581 1153 5645; x_wconf 85' lang='lat' dir='ltr'><strong>apud</strong></span> <span class='ocrx_word' id='word_1_816' title='bbox 1188 5576 1419 5630; x_wconf 82' lang='lat' dir='ltr'><strong>Macrob.</strong></span> <span class='ocrx_word' id='word_1_817' title='bbox 1453 5577 1544 5629; x_wconf 88' lang='lat' dir='ltr'><strong>lih.</strong></span> <span class='ocrx_word' id='word_1_818' title='bbox 1588 5594 1601 5631; x_wconf 96' lang='lat' dir='ltr'><strong>I</strong></span> <span class='ocrx_word' id='word_1_819' title='bbox 1661 5577 1757 5632; x_wconf 83' lang='lat' dir='ltr'><strong>Sa-</strong></span> 
     </span>
    </p>
   </div>
   <div class='ocr_carea' id='block_1_110' title="bbox 199 5646 1543 5715">
    <p class='ocr_par' dir='ltr' id='par_1_110' title="bbox 199 5646 1543 5715">
     <span class='ocr_line' id='line_1_110' title="bbox 199 5646 1543 5715; baseline -0.003 -13"><span class='ocrx_word' id='word_1_820' title='bbox 199 5646 396 5708; x_wconf 74' lang='lat' dir='ltr'><strong>turnal.</strong></span> <span class='ocrx_word' id='word_1_821' title='bbox 434 5649 562 5701; x_wconf 84' lang='lat' dir='ltr'><strong>Vide</strong></span> <span class='ocrx_word' id='word_1_822' title='bbox 597 5649 829 5715; x_wconf 83' lang='lat' dir='ltr'><strong>Pausan.</strong></span> <span class='ocrx_word' id='word_1_823' title='bbox 862 5657 914 5699; x_wconf 93' lang='lat' dir='ltr'><strong>et</strong></span> <span class='ocrx_word' id='word_1_824' title='bbox 940 5646 1158 5713; x_wconf 83' lang='lat' dir='ltr'><strong>Gyrald.</strong></span> <span class='ocrx_word' id='word_1_825' title='bbox 1196 5648 1415 5715; x_wconf 75' lang='lat' dir='ltr'><strong>Syntag.</strong></span> <span class='ocrx_word' id='word_1_826' title='bbox 1451 5663 1543 5700; x_wconf 81' lang='lat' dir='ltr'><strong>vit.</strong></span> 
     </span>
    </p>
   </div>
   <div class='ocr_carea' id='block_1_111' title="bbox 264 5713 1459 5784">
    <p class='ocr_par' dir='ltr' id='par_1_111' title="bbox 264 5713 1459 5784">
     <span class='ocr_line' id='line_1_111' title="bbox 264 5713 1459 5784; baseline -0.003 -13"><span class='ocrx_word' id='word_1_827' title='bbox 264 5722 376 5784; x_wconf 73' lang='grc'>(51)</span> <span class='ocrx_word' id='word_1_828' title='bbox 414 5717 543 5769; x_wconf 90' lang='lat' dir='ltr'><strong>Vide</strong></span> <span class='ocrx_word' id='word_1_829' title='bbox 574 5717 639 5767; x_wconf 86' lang='grc' dir='ltr'>Η.</span> <span class='ocrx_word' id='word_1_830' title='bbox 670 5716 752 5769; x_wconf 90' lang='lat' dir='ltr'><strong>St.</strong></span> <span class='ocrx_word' id='word_1_831' title='bbox 788 5714 1035 5784; x_wconf 72' lang='lat' dir='ltr'><strong>Tltesattr.</strong></span> <span class='ocrx_word' id='word_1_832' title='bbox 1066 5713 1255 5782; x_wconf 69' lang='lat' dir='ltr'><strong>lingute</strong></span> <span class='ocrx_word' id='word_1_833' title='bbox 1291 5713 1459 5768; x_wconf 64' lang='lat' dir='ltr'><strong>(inec.</strong></span> 
     </span>
    </p>
   </div>
   <div class='ocr_carea' id='block_1_112' title="bbox 266 5783 1756 5859">
    <p class='ocr_par' dir='ltr' id='par_1_112' title="bbox 266 5783 1756 5859">
     <span class='ocr_line' id='line_1_112' title="bbox 266 5783 1756 5859; baseline -0.001 -17"><span class='ocrx_word' id='word_1_834' title='bbox 266 5783 378 5859; x_wconf 68' lang='lat'><strong>(52)</strong></span> <span class='ocrx_word' id='word_1_835' title='bbox 429 5787 673 5853; x_wconf 84' lang='grc' dir='ltr'>Ἀκάμας</span> <span class='ocrx_word' id='word_1_836' title='bbox 721 5783 871 5847; x_wconf 84' lang='grc' dir='ltr'>Θεός.</span> <span class='ocrx_word' id='word_1_837' title='bbox 940 5783 1218 5849; x_wconf 85' lang='lat' dir='ltr'><strong>Quomodo</strong></span> <span class='ocrx_word' id='word_1_838' title='bbox 1282 5786 1566 5853; x_wconf 81' lang='grc' dir='ltr'>ἀκάμαντα</span> <span class='ocrx_word' id='word_1_839' title='bbox 1610 5786 1756 5857; x_wconf 74' lang='grc' dir='ltr'>ἥλιον</span> 
     </span>
    </p>
   </div>
   <div class='ocr_carea' id='block_1_113' title="bbox 1860 5513 2637 5570">
    <p class='ocr_par' dir='ltr' id='par_1_113' title="bbox 1860 5513 2637 5570">
     <span class='ocr_line' id='line_1_113' title="bbox 1860 5513 2637 5570; baseline 0 -3"><span class='ocrx_word' id='word_1_840' title='bbox 1860 5529 1963 5568; x_wconf 89' lang='lat' dir='ltr'><strong>n0n</strong></span> <span class='ocrx_word' id='word_1_841' title='bbox 1991 5513 2157 5569; x_wconf 84' lang='lat' dir='ltr'><strong>semel</strong></span> <span class='ocrx_word' id='word_1_842' title='bbox 2189 5515 2326 5569; x_wconf 78' lang='lat' dir='ltr'><strong>dixit</strong></span> <span class='ocrx_word' id='word_1_843' title='bbox 2353 5516 2637 5570; x_wconf 86' lang='lat' dir='ltr'><strong>Homerus.</strong></span> 
     </span>
    </p>
   </div>
   <div class='ocr_carea' id='block_1_114' title="bbox 1930 5580 3426 5655">
    <p class='ocr_par' dir='ltr' id='par_1_114' title="bbox 1930 5580 3426 5655">
     <span class='ocr_line' id='line_1_114' title="bbox 1930 5580 3426 5655; baseline -0.002 -17"><span class='ocrx_word' id='word_1_844' title='bbox 1930 5585 2040 5655; x_wconf 80' lang='grc'>(55)</span> <span class='ocrx_word' id='word_1_845' title='bbox 2098 5584 2409 5655; x_wconf 76' lang='grc' dir='ltr'>Ύπέρθεος.</span> <span class='ocrx_word' id='word_1_846' title='bbox 2435 5582 2891 5655; x_wconf 63' lang='lat' dir='ltr'><strong>Quemadmodum</strong></span> <span class='ocrx_word' id='word_1_847' title='bbox 2925 5581 3016 5655; x_wconf 81' lang='grc' dir='ltr'><strong>ὑφ’</strong></span> <span class='ocrx_word' id='word_1_848' title='bbox 3060 5580 3119 5635; x_wconf 79' lang='grc' dir='ltr'>ἓν</span> <span class='ocrx_word' id='word_1_849' title='bbox 3142 5580 3426 5655; x_wconf 66' lang='lat' dir='ltr'><strong>legendum</strong></span> 
     </span>
    </p>
   </div>
   <div class='ocr_carea' id='block_1_115' title="bbox 1860 5651 3426 5776">
    <p class='ocr_par' dir='ltr' id='par_1_115' title="bbox 1860 5651 3426 5776">
     <span class='ocr_line' id='line_1_115' title="bbox 1860 5651 3426 5775; baseline 0 -68"><span class='ocrx_word' id='word_1_850' title='bbox 1860 5651 2043 5775; x_wconf 59' lang='lat' dir='ltr'><strong>cptiset</strong></span> <span class='ocrx_word' id='word_1_851' title='bbox 2092 5651 2312 5710; x_wconf 81' lang='lat' dir='ltr'><strong>Senius</strong></span> <span class='ocrx_word' id='word_1_852' title='bbox 2370 5656 2498 5710; x_wconf 90' lang='lat' dir='ltr'><strong>illud</strong></span> <span class='ocrx_word' id='word_1_853' title='bbox 2551 5652 2697 5722; x_wconf 79' lang='lat' dir='ltr'><strong>Virg.</strong></span> <span class='ocrx_word' id='word_1_854' title='bbox 2753 5653 3115 5722; x_wconf 65' lang='lat' dir='ltr'><strong>“mpudens,</strong></span> <span class='ocrx_word' id='word_1_855' title='bbox 3183 5651 3426 5722; x_wconf 83' lang='lat' dir='ltr'><strong>aliasque</strong></span> 
     </span>
     <span class='ocr_line' id='line_1_116' title="bbox 1860 5739 1969 5776; baseline 0 -1"><span class='ocrx_word' id='word_1_856' title='bbox 1860 5739 1887 5775; x_wconf 86' lang='lat' dir='ltr'><strong>a</strong></span> <span class='ocrx_word' id='word_1_857' title='bbox 1917 5740 1969 5776; x_wconf 89' lang='lat' dir='ltr'><strong>ll.</strong></span> 
     </span>
    </p>
   </div>
  </div>
