4196 6442
782 407 892 470 603

1942 404 2205 465 PllOTII
2263 403 2758 463 PATRIARCILE
2798 403 2894 463 CP.

3924 405 4041 470 θοι

784 536 945 592 quam
981 518 1243 573 [Iermeim
1273 515 1588 587 [quondam]
1617 514 1757 570 illius
1789 517 1985 587 (neque
2013 520 2161 571 enim
2193 518 2351 585 igno-
2378 516 2409 574 Α

2469 516 2647 576 ιύτοὺς
2674 514 2824 566 λάθοι
2855 513 2920 566 ἂν
2947 513 3054 565 τῶν
3106 513 3495 582 θεωρημάτων,
3584 520 4043 572 συνεπεισκυκλεϊ

788 626 877 665 ras
898 608 1167 663 Ammonii
1203 607 1253 658 iu
1286 606 1370 659 his
1406 604 1614 658 artibus
1646 605 2083 674 dexteritatem);
2115 607 2275 673 plane
2303 614 2362 657 ut

2469 606 2773 674 Νικόμαχος
2821 604 2899 672 τῷ
2951 605 3083 675 περὶ
3114 606 3361 673 ἀριθμῶν
3400 607 3569 676 πόνῳ.
3616 608 3777 661 Ἀλλά
3827 611 4035 674 πόθενς

790 702 990 756 nullmn
1044 704 1190 766 ipsos
1251 698 1420 750 latere
1473 697 1643 765 possit
1696 711 1884 749 eorum
1941 698 2359 759 theorematum,

788 805 907 855 quae
937 801 1281 839 numerorum
1318 785 1440 837 huic
1482 785 1661 838 studio
1690 782 2052 836 Nicomachus
2094 783 2361 838 innexuit.

795 880 985 951 155i:
1050 879 1247 932 Verum
1305 876 1448 929 unde
1510 879 1621 929 haec
1689 874 2050 929 deiecerunt?
2106 874 2362 943 Tempus,

2474 696 2797 748 Ἐσπάνιςεν
2825 697 2854 745 ὁ
2892 695 3082 763 χρόνος
3106 735 3121 758 ,
3155 693 3341 763 οἶμαι,
3376 699 3470 750 καὶ
3510 699 3573 750 τδ
3624 698 3699 767 μὴ
3751 700 4039 766 φείδεσθαι

2460 783 2569 835 τῶν
2621 783 2907 852 χρησίμων
2939 788 3001 835 ἐκ
3025 784 3117 836 τοῦ
3175 788 3347 854 ῥᾷστα
3380 788 3447 839 τὰ
3494 788 3744 856 ἀχρηστα
3790 788 4041 855 φθείρειν

2463 875 2583 936 ἔθος
2620 875 2777 926 ἔλαϐε
2817 876 2957 945 μέγα
2984 879 3077 928 καὶ
3104 876 3313 945 ἄμαχον
3353 878 3549 946 κράτος
3569 918 3585 939 ,
3622 880 3717 930 καὶ
3742 880 4042 947 ἐκέρδανεν

791 975 1007 1039 opinor,
1040 980 1091 1023 et
1121 969 1263 1037 quod
1308 984 1372 1021 ne
1416 966 1637 1021 utilibus
1670 966 1884 1034 quidem
1926 976 2201 1035 parcatur.
2234 966 2359 1016 dum

2469 966 2529 1018 ἂν
2557 969 2651 1020 καὶ
2676 969 2709 1035 ἡ
2740 968 3052 1037 Νικομάχου
3084 968 3285 1037 σπουδὴ
3317 968 3377 1020 τὸ
3424 969 3559 1036 μετά
3606 968 3814 1020 πολλῶν
3846 971 4044 1037 χρησί-

794 1063 1002 1115 inutilia
1056 1077 1282 1131 qumque
1344 1060 1600 1112 facillime
1653 1058 2066 1119 labefactantur,
2122 1056 2357 1108 validam

796 1156 1001 1207 invexit
1030 1152 1474 1207 consuetudinem
1516 1151 1882 1214 invictamque
1915 1149 2042 1211 vim,
2074 1163 2170 1215 per
2200 1160 2359 1213 quam

794 1247 961 1299 etiam
1010 1247 1061 1297 id
1110 1244 1378 1297 commodi
1424 1242 1691 1309 acceperit
1727 1240 1855 1292 illud
1905 1238 2214 1291 Nicomachi
2247 1247 2363 1290 stu-

794 1338 962 1399 dium,
1023 1337 1167 1405 quod
1219 1350 1355 1403 pene
1406 1349 1526 1386 cum
1585 1332 1767 1384 multis
1814 1330 2034 1382 utilibus
2090 1337 2408 1381 censeretur
2470 1330 2721 1394 periisse.
2781 1330 3101 1397 Quanquam
3175 1334 3446 1401 hodieque
3519 1342 3797 1386 attonsum

2444 1071 2584 1126 ’μων
2630 1059 2828 1126 μικροῦ
2857 1059 3169 1127 νομίζεσθαι
3202 1058 3540 1127 διεφθάρθαι.
3587 1059 3727 1111 Ἀλλ’
3767 1060 3884 1110 εστι
3942 1062 4042 1111 καὶ

2468 1150 2763 1216 πράττεται
2784 1191 2798 1213 ,
2832 1151 2931 1203 οὐκ
2957 1151 3143 1220 ὀλίγην
3175 1151 3362 1215 δόξαν,
3383 1151 3459 1212 ὡς
3488 1152 3620 1221 ὁρᾷς
3644 1150 3737 1203 καὶ
3765 1147 3885 1203 οἶδα
3913 1151 4040 1219 ὄψει

2476 1238 2809 1309 σαφέστερον
2838 1281 2853 1302 ,
2883 1242 3316 1311 ἀποκειραμένη.

3874 1341 4045 1399 atque

798 1428 1035 1480 accisum
1093 1437 1151 1480 ut
1198 1438 1298 1491 est,
1339 1442 1443 1480 non
1496 1425 1745 1491 exiguam
1796 1423 2269 1490 (quemadmodum
2320 1428 2373 1472 ct
2405 1422 2561 1474 modo
2605 1423 2779 1485 vides,
2810 1433 2865 1477 et
2917 1434 3040 1493 post
3088 1425 3272 1489 etiam,
3330 1427 3465 1489 scio,
3531 1425 3738 1479 clarius
3803 1425 4047 1486 videbis)

799 1519 1023 1585 gloriam
1058 1520 1220 1587 parit.

1389 1616 1761 1669 CLXXXVIII.

805 1705 1089 1758 Alexandri
1147 1707 1548 1757 Admirabilium
1610 1707 1893 1767 Collectio,
1955 1712 2004 1755 et
2066 1700 2376 1767 Protagorae

1094 1774 1397 1828 Geometriw
1425 1778 1654 1828 universi
1686 1779 1827 1827 orbis
1860 1774 1979 1827 libri
2010 1788 2083 1825 VI.

875 1864 1035 1918 Lecta
1081 1876 1163 1918 est.
1201 1868 1605 1918 Admirabilium
1630 1867 1920 1919 Alexandri
1949 1864 2061 1933 (54)
2106 1861 2373 1916 Collectio.

809 1954 909 2019 Qui
951 1956 1113 2008 umlta
1164 1958 1378 2024 quidem
1416 1958 1719 2025 prodigiosa
1770 1958 1871 2011 hoc
1907 1956 2177 2009 volumine
2218 1964 2377 2019 atque

811 2045 1149 2097 incredibilia
1189 2058 1598 2111 connumnorat,
1630 2051 1722 2101 sed
1763 2048 1897 2101 alios
1936 2063 2039 2099 non
2081 2044 2379 2097 incelebres

812 2137 992 2189 laudat
1025 2148 1297 2199 auctores,
1331 2140 1419 2204 qui
1452 2142 1638 2191 eadem
1673 2140 1823 2207 prius
1852 2140 2145 2191 narrarint.
2178 2135 2379 2189 Scribit

811 2240 989 2281 autem
1045 2231 1108 2284 de
1159 2230 1505 2292 animalibus,
1554 2231 1619 2283 de
1667 2230 1887 2298 plantis,
1940 2230 2007 2283 de
2066 2227 2379 2297 regionibus

811 2320 1103 2385 nonnullis,
1132 2322 1195 2374 de
1214 2320 1543 2384 ﬂuminibus,
1565 2322 1628 2374 de
1656 2322 1889 2375 fontibus
1916 2329 1969 2374 et
1997 2320 2195 2378 herbis.
2218 2327 2378 2383 atque

814 2414 864 2464 id
898 2429 1063 2480 genus
1095 2413 1232 2467 aliis.
1264 2413 1422 2466 Clara
1452 2414 1569 2479 ejus
1614 2424 1699 2467 est
1744 2413 1930 2473 dictio,
1959 2411 2379 2477 suiniuatimque

813 2518 934 2557 cum
968 2515 1173 2566 narret,
1203 2520 1305 2557 non
1338 2505 1559 2556 omnino
1586 2503 1939 2572 jucunditatis
1968 2516 2161 2569 expers
2190 2510 2293 2553 est.

886 2594 943 2647 lu
983 2597 1084 2648 hoc
1120 2596 1307 2647 eodem
1352 2594 1627 2647 volumine
1672 2594 1981 2660 Protagorae
2010 2605 2222 2658 quoque
2251 2588 2385 2640 Gro-

816 2688 1035 2746 metriw,
1068 2700 1187 2753 qua:
1219 2683 1456 2737 Uuiversi
1486 2684 1624 2736 orbis
1654 2684 1866 2736 titulum
1898 2698 2007 2751 prie
2049 2698 2106 2735 se
2153 2681 2379 2743 ferebat,

819 2776 937 2826 libri
972 2791 1064 2829 sex
1108 2776 1546 2828 continebantur.
1582 2772 2091 2841 Horum'quinque,
2126 2774 2226 2826 etsi
2276 2790 2379 2827 non

816 2867 1151 2928 studiosam,
1203 2881 1378 2933 neque
1427 2866 1510 2934 (ut
1561 2878 1748 2933 pos1ea
1811 2864 1960 2929 fecit)
2030 2877 2377 2928 accuratam,

816 2959 957 3011 Asia:
990 2970 1190 3020 tamen,
1213 2968 1266 3009 et
1292 2956 1507 3019 Africm,
1531 2958 1656 3023 quin
1683 2967 1736 3009 et
1764 2956 1993 3023 Europa:
2023 2958 2163 3009 situs
2188 2956 2385 3009 descri-

818 3052 1055 3117 ptionem
1100 3050 1551 3117 complectuntur.
1586 3048 1784 3102 Sextus
1816 3063 1941 3101 vero
1980 3048 2116 3099 liber
2145 3048 2380 3099 Alexan-

819 3142 900 3193 dri
954 3141 1353 3207 qundammodo
1386 3139 1700 3193 CollectiOui
1753 3140 2065 3206 respondet.
2116 3138 2385 3191 Dcscribit

818 3236 983 3299 ιιιιίιιι,
1017 3250 1136 3302 qua:
1183 3236 1236 3286 in
1285 3236 1482 3287 mundo
1530 3235 1783 3289 universo
1831 3233 2102 3301 paradoxa
2150 3235 2387 3285 referun-

822 3337 907 3378 tur
960 3343 973 3378 :
1020 3342 1247 3392 quorum
1302 3324 1557 3393 pleraque
1619 3325 1891 3379 veteribus
1948 3336 2167 3391 accepta
2226 3325 2389 3375 rel‘ert

824 3415 1181 3482 si-riptoribus
1213 3432 1225 3465 :
1263 3414 1492 3480 plurima
1542 3415 1705 3466 etiam
1737 3429 1763 3464 a
1801 3429 1858 3465 se
1898 3415 2011 3465 visa
2051 3424 2251 3473 narrat,
2286 3429 2386 3463 nou

828 3504 1002 3555 minus
1030 3504 1270 3555 omnium
1303 3503 1633 3571 opinionem,
1673 3518 1829 3570 quam
1862 3506 2136 3567 superiora
2180 3504 2267 3555 illa
2300 3518 2392 3553 ex-

826 3595 1153 3662 superantia.
1198 3594 1488 3662 Perspicua
1533 3606 1586 3647 et
1611 3597 1765 3662 hujus
1805 3596 1967 3646 dictio
1990 3604 2091 3657 est,
2120 3608 2181 3648 ac
2216 3595 2394 3647 brevis

829 3686 1089 3745 narratio,
1118 3684 1220 3737 hoc
1249 3691 1405 3737 sexto
1434 3683 1569 3737 libro
1602 3684 1858 3736 maxime.

1437 3772 1768 3827 CLXXXIX.

830 3865 1009 3919 Sotion
1052 3868 1124 3919 De
1157 3867 1478 3931 fluminibus,
1526 3866 1780 3932 fontibus,
1818 3882 1878 3917 nc
1926 3864 2159 3919 lacubus.
2190 3894 2258 3905 —
2296 3862 2398 3917 Ni-

899 3937 1035 3987 ει)ίηί
1057 3936 1361 3987 Dantaareui
1400 3936 1599 3987 Marum
1630 3936 2015 3986 incredibilium
2040 3935 2393 3988 Collectanea.

896 4036 949 4043 —
993 4006 1311 4058 Acestoridw
1342 4004 1676 4073 Mytltulogia:
1702 4007 1929 4072 politicw
1956 4004 2076 4055 libri
2112 4020 2183 4059 tv.

905 4162 1027 4227 Legi
1062 4176 1180 4228 quae
1202 4160 1386 4212 Sotion
1413 4159 1524 4227 ('55)
1554 4159 1785 4227 sparsim
1818 4159 2091 4227 inopinata
2115 4161 2181 4214 de
2203 4160 2397 4224 ﬂuviis,

3183 1610 3359 1662 PIIH'.

2477 1697 2868 1761 Ἀλεξάνδρου
2900 1701 3254 1767 Θαυμασίων
3301 1700 3620 1769 Συναγωγή
3641 1743 3656 1765 ,
3690 1703 3787 1755 καὶ
3814 1708 4054 1769 Πρωτα-

2547 1772 2724 1835 γόρου
2744 1771 3109 1835 Γεωμετρίας
3135 1769 3243 1835 τῆς
3272 1772 3636 1839 οἰκουμένης
3650 1776 3820 1841 λόγοι
3857 1776 3951 1838 ἐξ.

2559 1879 3267 1950 Ἀνεγνώσθη’Ᾱλεξάνδρου
3304 1883 3661 1948 Θαυμασίων
3695 1886 4047 1952 Συναγωγή.

2479 1971 2640 2036 Λέγει
2674 1971 2771 2038 μὲν
2794 1973 2850 2021 ὲν
2872 1970 2948 2041 τῷ
2972 1971 3158 2039 βιϐλίῳ
3188 1973 3355 2023 πολλὰ
3383 1974 3659 2043 τερσλτώδη
3691 1977 3784 2027 καὶ
3815 1977 4047 2042 ἄπιστα,

2480 2062 2617 2130 πλὴν
2669 2062 2858 2124 ἄλλους
2887 2063 2994 2114 τῶν
3027 2063 3127 2114 οὐκ
3164 2063 3383 2129 ἀφανῶν
3428 2062 3637 2129 εἰσάγει
3684 2066 3859 2118 ταῦτα
3916 2085 4053 2136 προ-

2479 2155 2891 2223 ἱστορήσαντας.
2920 2154 3083 2221 Λέγει
3116 2155 3171 2206 δὲ
3202 2155 3327 2221 περί
3359 2172 3416 2205 τε
3441 2155 3594 2217 ζώων
3624 2158 3718 2209 καὶ
3745 2157 3931 2223 φυτῶν
3956 2160 4055 2209 καὶ

2481 2247 2670 2315 χωρῶν
2704 2264 2861 2297 τινων
2893 2249 2982 2298 καὶ
3004 2247 3047 2275 ⁷³
3077 2264 3210 2298 ποτα
3221 2246 3469 2315 μῶν,κα“ι
3508 2248 3746 2314 κρηνῶν,
3767 2250 3861 2299 καὶ
3898 2248 4055 2317 βοταο

2481 2339 2607 2401 νῶν,
2637 2341 2727 2389 καὶ
2770 2338 2875 2389 τῶν
2929 2338 3201 2391 τοιούτων.
3264 2339 3443 2408 Σαφὴς
3498 2339 3555 2391 δὲ
3585 2340 3686 2407 τὴν
3725 2342 3929 2409 φράσιν
3958 2343 4055 2393 καὶ

2483 2428 2863 2498 κεφαλαιώδης
2906 2430 3057 2493 ἐστὶ,
3107 2429 3199 2480 καὶ
3237 2428 3355 2479 οὐδὲ
3394 2428 3488 2480 τοῦ
3530 2430 3681 2497 ἡδέος
3738 2430 4055 2501 ἀπεστερηο

2486 2519 2665 2587 μένος.

2566 2614 2655 2664 Ἑν
2704 2613 2885 2682 ταὺτῷ
2925 2614 2981 2666 δὲ
3020 2613 3113 2666 καὶ
3144 2613 3505 2683 Πρωταγόρου
3538 2614 3906 2680 Γεωμετρίας
3946 2612 4056 2681 τῆς

2488 2703 2854 2771 Οἰκουμένης
2872 2704 3211 2771 ἐπιγραφὴν
3235 2703 3378 2771 ἕχον,
3414 2705 3558 2769 λόγοι
3587 2709 3661 2767 ς’,
3680 2699 3754 2755 ὧν
3776 2705 3845 2755 τά
3867 2704 3967 2772 μὲν
3992 2709 4055 2767 e’,

2486 2800 2532 2847 εἰ
2567 2797 2660 2847 καὶ
2695 2795 2769 2864 μὴ
2796 2795 3101 2857 σπουδαίως
3130 2795 3225 2845 καὶ
3267 2795 3341 2855 ὡς
3368 2796 3417 2846 οἱ
3436 2796 3481 2825 ⁷⁸
3517 2794 3744 2861 ὓστερον
3771 2794 4020 2863 ἀκριϐῶς
4039 2834 4055 2853 .

2487 2887 2600 2938 ἀλλ’
2634 2884 2724 2937 οὖν
2762 2887 2859 2953 τὴν
2888 2887 2987 2953 τῆς
3028 2886 3209 2946 Ἀσίας
3241 2885 3334 2936 καὶ
3367 2884 3571 2953 Λιϐύης
3592 2926 3607 2949 ,
3654 2884 3790 2937 ἀλλὰ
3824 2888 3923 2937 καὶ
3957 2886 4058 2937 Eii.

2495 2978 2679 3045 ρώπης
2717 2978 3042 3044 περιήγησιν
3070 2979 3325 3026 ποιεῖται.
3359 2976 3432 3027 Τὸ
3456 2975 3512 3026 δὲ
3538 2976 3697 3027 ἕκτον
3729 2975 4057 3045 σ’.5‹ι’“ιτοιχόν⁴’³

2494 3072 2607 3129 πῶς
2647 3072 2761 3119 ἐστι
2792 3071 2855 3136 τῇ
2903 3067 3249 3134 Ἀλεξάνδρου
3282 3067 3576 3137 Συναγωγῇ
3602 3084 3617 3098 ·
3642 3066 3753 3118 τῶν
3781 3067 3892 3135 γὰρ
3920 3068 4060 3119 κατὰ

2491 3162 2587 3228 τὴν
2612 3160 2935 3227 οἰκουμένην
2967 3159 3577 3228 παραδοξολογουμένων
3619 3159 3929 3227 ἀναγράφει
3963 3158 4059 3225 τὴν

2498 3250 2775 3319 ἱστορίαν,
2830 3246 2904 3301 ὢν
2955 3251 3021 3302 τὰ
3055 3250 3152 3317 μὲν
3208 3251 3288 3310 είς
3337 3250 3719 3318 ἀρχαιοτέρους
3769 3248 4058 3315 ἀναφέρει,

2498 3343 2665 3393 πολλὰ
2687 3344 2741 3393 δὲ
2764 3344 2857 3394 καὶ
2882 3343 2960 3403 είς
2988 3342 3249 3408 αὐτοψέαν
3270 3340 3396 3412 [242
3417 3339 3507 3410 IL]
3528 3340 3651 3391 ἐἷλκε
3662 3358 3697 3401 ι,
3721 3340 3822 3390 οὐκ
3844 3340 4060 3390 ἔλαττον

2495 3440 2602 3489 τῶν
2632 3438 2805 3490 ἄλλων
2854 3436 3265 3505 προϐαλλόμενα
3314 3434 3374 3485 τὸ
3432 3431 3749 3501 παράδοξον.
3802 3433 3987 3499 Σαφὴς
4010 3431 4063 3480 δὲ

2501 3535 2590 3583 καὶ
2622 3529 2773 3592 οὗτος
2818 3533 2911 3583 καὶ
2938 3528 3313 3597 κεφαλαιώδης
3339 3528 3480 3580 κατά
3510 3527 3571 3579 τὸ
3601 3527 3758 3578 ἕκτον
3786 3526 3892 3595 τὴν
3926 3524 4061 3596 φρὰο

2503 3641 2585 3675 σιν
2629 3624 2883 3692 μάλιστα.

3209 3797 3381 3851 ΡΠΘ’.

2504 3891 2808 3953 Σωτίωνος
2844 3888 2964 3942 Τῶν
2993 3887 3309 3955 σποράδην
3342 3885 3478 3953 Περὶ
3499 3884 3781 3953 ποταμῶν
3807 3886 3910 3938 καί
3934 3903 4064 3953 κρη-

2576 3960 2693 4011 νῶν
2717 3960 2812 4011 καὶ
2842 3957 3069 4025 λιμνῶν
3118 3956 3826 4023 παραδοξολογουμένων.
3855 3987 3928 3994 —
3973 3957 4064 4009 Νι-

2574 4029 2799 4081 κολάου
2824 4027 3179 4093 Παραδόξων
3200 4026 3348 4078 ἐθῶν
3372 4025 3789 4093 Συναγωγή.-
3805 4025 4069 4077 ’Λκεστοο

2568 4098 2740 4165 ρι’δου
2778 4096 2898 4149 Τῶν
2926 4096 3084 4148 Κατὰ
3107 4098 3288 4148 πόλιν
3308 4096 3575 4163 μυθικῶν
3594 4098 3759 4163 λόγοι
3784 4094 3855 4147 δ’.

2578 4184 2701 4255 [469
2724 4182 2817 4253 IL]
2883 4183 3217 4251 Ἀνεγνὼσθη
3278 4184 3551 4246 Σωτίωνος
3602 4182 3723 4236 Τῶν
3754 4184 4069 4250 σποράδην

833 4255 1071 4307 fontibus
1098 4268 1162 4304 ac.
1193 4250 1412 4303 lacubus
1469 4250 1655 4303 referri
1687 4251 1927 4315 scripsit.
1986 4250 2299 4319 Respondet
2343 4264 2395 4305 et

2469 4301 2470 4312 ι
2499 4250 2631 4345 περὶ
2653 4250 2931 4343 ποταμῶν
2962 4281 3059 4329 καὶ
3089 4250 3333 4343 κρηνῶν
3357 4277 3453 4329 καὶ
3480 4265 3708 4344 λιμνῶν
3733 4278 4066 4344 παραδοξο-

834 4346 922 4399 hic
947 4344 1177 4405 libellus,
1228 4342 1586 4406 convenitque
1618 4356 1740 4393 cum
1773 4340 2084 4408 Protagorae
2116 4352 2291 4406 sexto,
2344 4354 2397 4395 et

830 4434 1118 4487 Alexandri
1178 4432 1566 4493 Collectaueis,
1602 4433 1702 4485 nisi
1747 4434 1887 4500 quod
1942 4434 2028 4486 hic
2067 4435 2133 4486 de
2167 4433 2403 4486 fontibus

832 4538 1039 4579 tantum
1085 4536 1139 4579 et
1173 4525 1393 4578 lacubus
1429 4524 1763 4577 incredibilia
1809 4536 2223 4587 commemoret,
2280 4542 2401 4577 cum

835 4618 909 4670 illi
970 4617 1229 4683 ejusmodi
1290 4615 1357 4669 de
1413 4614 1535 4666 aliis
1590 4616 1754 4667 etiam
1818 4615 2066 4682 plurimis
2135 4615 2399 4669 scribant.

834 4710 1025 4761 Sermo
1080 4718 1255 4759 autem
1305 4721 1409 4759 non
1458 4706 1613 4774 longe
1672 4707 1739 4759 ab
1795 4706 2005 4759 illorum
2046 4709 2282 4761 dictione
2324 4722 2406 4761 re-

833 4801 1020 4853 cessit.

905 4888 957 4940 lu
1021 4892 1120 4942 hoc
1174 4890 1297 4943 item
1352 4887 1625 4942 volumine
1676 4890 1847 4941 lectus
1886 4900 1969 4941 est
1999 4888 2200 4943 Nicolai
2248 4891 2404 4957 liber,

834 4979 1029 5033 llcrodi
1070 4980 1182 5047 (36)
1214 4978 1518 5032 Judzeorum
1556 4980 1664 5048 regi
1699 4981 2009 5047 inscriptus,
2041 4996 2150 5049 quo
2176 4981 2409 5035 Incredi-

834 5075 1013 5125 bilium
1066 5090 1271 5124 morum
1320 5072 1570 5125 Collectio
1626 5073 2029 5127 continebatur.
2090 5073 2275 5126 Incidit
2311 5094 2407 5127 uu-

2504 4371 2902 4438 λογουμένων.
2930 4370 3213 4436 Σύστοιχον
3242 4370 3331 4420 καὶ
3360 4368 3516 4420 τοῦτο
3542 4370 3599 4420 τὸ
3633 4369 3969 4437 βιϐλιδάριον
3997 4370 4067 4437 τῷ

2504 4461 2646 4527 ἕκτῳ
2678 4476 2734 4509 τε
2764 4461 2869 4509 τῶν
2897 4460 3257 4527 Πρωταγόρου
3282 4459 3374 4510 καὶ
3412 4461 3477 4527 τῇ
3520 4459 3870 4527 Ἀλεξάνδρου
3912 4462 4071 4512 Συνα-

2507 4552 2685 4617 γωγῇ,
2705 4548 2839 4617 πλὴν
2869 4548 2950 4600 ὅτι
2980 4548 3292 4600 ἐνταῦθατά
3311 4549 3440 4616 περὶ
3471 4549 3685 4617 κρηνῶν
3711 4550 3871 4616 μόνον
3902 4552 3949 4579 ⁷⁸
3987 4552 4071 4601 καὶ

2507 4641 2709 4707 λιμνῶν
2741 4639 3307 4708 παραδοξολογούμενα
3344 4640 3658 4706 ἱστορεῖται,
3684 4643 3741 4692 ὲν
3763 4640 3995 4703 ἐκείνοις
4022 4642 4071 4691 δὲ

2513 4734 2606 4784 καὶ
2658 4730 2915 4781 πλειόνων
2970 4730 3164 4782 ἄλλων.
3226 4729 3289 4781 Ἡ
3348 4730 3402 4781 δὲ
3439 4731 3637 4797 φράσις
3700 4731 4073 4797 παραπλήσιος

2514 4824 2760 4884 ἐκείνοις.

2595 4896 2680 4944 Ἐν
2704 4892 2883 4959 ταὺτῷ
2902 4893 2957 4944 δὲ
3000 4891 3411 4960 συνανεγνώσοη
3430 4893 3475 4921 ⁷⁷
3508 4892 3601 4943 καὶ
3627 4891 3898 4943 Νικολάου
3927 4892 4073 4956 λόγος

2526 4984 2735 5053 Ἡρώδῃ
2762 4982 2836 5052 τῷ
2879 4982 3143 5034 Ἰουδαίων
3171 4982 3378 5048 βασιλεῖ
3417 4998 3785 5050 προσπεφωνη
3796 4982 3956 5050 μένος
3981 5020 3995 5042 ,
4023 4983 4074 5031 ἐν

2514 5072 2557 5145 ᾧ
2589 5076 2948 5143 Παραδόξων
2986 5074 3136 5127 ἐθῶν
3166 5078 3281 5127 ἐστι
3334 5074 3677 5142 Συναγωγή.
3726 5071 4073 5141 Συμόαίνειη

2099 5168 2330 5222 VAIiI/E
2369 5170 2778 5223 LECTIONES.

902 5262 945 5291 ⁷¹
976 5263 1067 5335 καὶ
1096 5272 1247 5335 _ante
1278 5261 1535 5335 ποταμῶν
1566 5274 1673 5335 om.
1856 5262 1900 5293 "
1940 5262 1995 5335 δὲ
2036 5265 2077 5314 Α
2108 5283 2119 5316 :
2159 5266 2263 5333 γὰρ
2281 5268 2333 5319 δὲ
2358 5286 2413 5330 ς.
2452 5268 2804 5335 γεωγραφίας
2846 5266 3215 5319 Casauhouus.
3294 5266 3342 5294 ⁷⁸
3377 5266 3421 5315 οἱ
3460 5264 3583 5317 add.
3621 5263 3657 5315 A
3695 5277 3866 5335 zicum
3896 5264 4071 5335 eodem

834 5342 947 5397 post
991 5332 1169 5391 Ἀσίας
1198 5332 1361 5403 omisi
1401 5348 1478 5382 τε.
1592 5332 1971 5403 ⁷⁵Ᾱσύστοιχον]
2038 5332 2296 5403 στοιχεῖον
2336 5340 2397 5390 Α.

837 5406 934 5470 μὲν
958 5405 1035 5465 εἰς
1059 5402 1250 5453 ταύτὸν
1277 5402 1322 5454 Α
1365 5422 1378 5454 :
1405 5403 1497 5452 καὶ
1523 5401 1810 5471 συμϐαίνει
1843 5404 1941 5471 μὲν
1975 5420 2035 5465 ς’.

2498 5340 2544 5368 ⁷⁵
2576 5334 2750 5405 μόνων
2786 5355 2845 5399 ς.
2920 5337 2964 5365 ’⁷
2992 5336 3297 5400 συνανέγνω
3318 5335 3552 5400 -λὸγον
3582 5338 3643 5386 Α.
3722 5334 3767 5363 ⁷⁸
3796 5334 4073 5403 ωμὸαίνει

2328 5498 2552 5555 NOTAE.

908 5586 1017 5653 (34)
1054 5584 1405 5655 Polyhistoris
1434 5586 1575 5641 illius
1630 5586 1862 5650 Milesii,
1896 5586 1962 5640 de
1995 5600 2103 5655 quo
2138 5587 2291 5643 Suid.
2355 5599 2409 5644 et

839 5656 1144 5708 Atheumus.

914 5726 1024 5796 (55)
1067 5727 1151 5796 An
1180 5725 1267 5778 hic
1317 5724 1405 5777 ille
1447 5727 1667 5782 forsitan
1720 5726 2133 5791 Alexandrinus,
2193 5730 2283 5796 qui
2337 5730 2403 5783 ab

853 5795 1111 5849 AlIlCllu‘O
1142 5795 1435 5848 laudatur?

2584 5589 2696 5657 (36)
2718 5587 2886 5655 Hujus
2914 5587 3061 5657 enim
3082 5583 3395 5657 ὑπογραφία
3424 5581 3592 5657 fuisse
3622 5580 4071 5657 Nicola_t_lnt__scr_i-

2516 5651 2601 5711 bit'
2640 5651 2851 5725 quoque
2896 5651 3285 5709 Constantinus
3332 5654 3736 5723 Porphyrogen.
3789 5652 3970 5706 libello
4008 5651 4071 5704 Dc

2518 5728 2849 5781 Tltematibua
2885 5725 3088 5778 Orient.
