4196 6442
176 388 279 455 605

921 396 1436 463 BIBLIOTHECA.
1476 430 1547 443 -
1583 406 1794 471 CODD.
1836 412 2249 496 CLXXXVIII,
2281 424 2634 489 CLXXXIX.

3294 441 3398 509 606

175 500 275 565 μὲν
303 498 389 561 είς
435 500 631 554 ταύτὸν
680 504 843 569 ἐνίοις
872 507 979 560 τῶν
1025 510 1128 562 ὑπὸ
1182 512 1523 585 Ἀλεξάνδρου
1565 534 1743 586 παρα·
1766 528 1815 585 Α

175 587 761 614 ιιι....-,-.--ὶ---ηι,.,
945 598 957 614 ι
1099 600 1111 614 .
1177 596 1201 614 ο
1292 603 1332 614 ...

1740 528 1815 585 ιΑ
1845 534 1949 579 tem
1980 526 2249 585 interdum
2283 535 2336 588 in
2362 538 2543 591 eadem
2582 540 2873 607 inopinata,
2907 559 3026 614 qum
3054 548 3122 603 ab
3156 549 3397 607 Alexan-

169 587 345 651 δόξων
374 591 835 661 συνειλεγμένων,
877 598 965 649 καὶ
995 600 1121 668 περὶ
1169 596 1244 653 ὦν
1288 603 1344 655 δὲ
1390 606 1577 658 Κόνων
1612 625 1735 661 συν-

170 678 409 744 έταξεν,
471 683 568 735 οὐκ
617 685 772 752 όλίγα
828 688 1174 760 προσέγραψε
1203 695 1247 724 ⁷⁸
1279 709 1294 724 ο
1337 696 1475 767 πλὴν
1520 698 1578 752 ἐν
1630 718 1739 753 τισι

165 770 552 837 παραλλάσσει
580 777 700 837 ταῖς
738 778 999 845 ἱστορίαις
1020 821 1036 846 ,
1078 781 1449 851 ἑτεροτρόπως
1492 788 1627 839 αὐτὰ
1660 789 1740 841 δι-

165 859 354 922 εξιών.
408 864 520 933 Τὴν
569 865 623 917 δὲ
670 869 869 936 φράσιν
898 871 1015 923 ἐστὶ
1032 873 1076 904 ⁸⁸
1106 874 1205 941 μὲν
1246 876 1338 927 καὶ
1384 879 1544 939 αὐτὸς
1572 898 1741 947 κεφα-

167 950 444 1016 λαιώδης,
476 953 537 1004 οὐ
568 955 673 1023 μὴν
722 958 841 1009 οὐδὲ
884 959 975 1010 τοῦ
1015 961 1217 1029 σαφοῦς
1264 964 1734 1035 ἀνακεχωρηκὼς,

169 1041 422 1108 μετέχων
449 1043 502 1093 δέ
535 1062 648 1105 πως
694 1049 787 1098 καὶ
826 1048 931 1100 τῶν
960 1054 1368 1120 προειρημένων
1401 1054 1597 1122 μᾶὶὲλον
1642 1075 1738 1110 συ-

168 1132 417 1199 στροφῆς
464 1152 603 1198 τινος
625 1137 668 1167 ⁸⁸
708 1138 802 1190 καὶ
838 1138 1156 1208 δεινότητος.
1202 1145 1360 1210 Λέγει
1399 1146 1443 1197 δ’
1482 1148 1595 1199 ἔνια
1640 1149 1737 1217 μὲν

166 1223 391 1286 πολλοῖς
417 1265 433 1286 ,
472 1227 518 1277 εί
550 1227 641 1278 καὶ
666 1229 937 1294 ξενίζοντα
966 1233 1048 1302 εἴη
1073 1272 1087 1296 ,
1124 1234 1271 1303 ὅμως
1300 1235 1734 1307 ὁμολογούμενα,

164 1314 287 1364 τινά
322 1315 369 1365 δ’
398 1316 735 1384 ἀγνοούμενα
783 1320 920 1386 μὲν,
972 1323 1032 1373 οὺ
1086 1323 1193 1392 μὴν
1236 1325 1299 1375 ὲκ
1322 1324 1413 1376 τοῦ
1462 1327 1737 1393 ἐμφανοῦς

168 1406 306 1472 πρὸς
338 1408 523 1475 μάχην
545 1410 618 1477 τῷ
648 1411 859 1480 πιθανῷ
882 1413 1252 1483 καθιστάμενα
1270 1433 1284 1446 ·
1310 1416 1404 1487 ἔθη
1434 1422 1540 1489 γὰρ
1569 1418 1736 1471 ἐθνῶν

169 1496 453 1566 ίδιότροπα
471 1502 537 1551 τὰ
569 1501 735 1554 πολλά
770 1506 1147 1573 περιαγγέλλει
1167 1524 1181 1537 ·
1214 1510 1395 1579 εὑρεῖν
1429 1510 1473 1562 δ’
1503 1512 1651 1564 ἐστιν
1677 1516 1735 1567 ὲν

166 1585 356 1648 αὐτοῖς
392 1589 485 1640 καὶ
528 1590 588 1641 τὸ
618 1592 880 1645 ἀπίθανον
916 1599 1303 1667 προϊσχόμενα.
1348 1600 1405 1653 Ὀ
1455 1604 1517 1653 ὲκ
1548 1606 1733 1671 Δαμα-

165 1675 296 1727 σκοῦ
328 1677 374 1729 δ’
408 1677 554 1730 ἔστιν
580 1674 749 1745 οὗτος,
775 1680 947 1752 οἶμαι,
973 1686 1268 1753 Νικόλαος,
1300 1692 1328 1743 ὁ
1357 1692 1446 1742 ἐπὶ
1485 1693 1591 1745 τῶν
1623 1695 1732 1747 Αὑ-

162 1766 401 1830 γούστου
428 1769 633 1837 χρόνων
656 1774 911 1841 ἀκμάσας
928 1777 1021 1828 καὶ
1041 1777 1189 1844 φίλος
1208 1780 1353 1850 αὐτῷ
1370 1800 1470 1853 χρη
1479 1784 1729 1851 ματίσαςο

162 1856 223 1919 ἐξ
248 1851 311 1911 οὗ
343 1862 437 1910 καὶ
462 1860 805 1915 πλακούντων
832 1883 884 1917 τι
907 1861 1043 1928 εἶδος
1062 1906 1077 1932 ,
1110 1868 1145 1921 ἂ
1174 1870 1441 1941 διέπεμπε
1474 1876 1729 1945 Καίσαρι,
1765 1865 1805 1922 Β

161 1950 244 2009 εἰς
300 1951 473 2019 τιμὴν
520 1952 611 2004 τοῦ
663 1954 1063 2025 δεξιουμένου⁸⁹
1116 1961 1391 2025 νικολάους
1435 1967 1463 2016 ὁ
1517 1967 1733 2036 Καῖσαρ

160 2040 446 2097 ἐκάλεσεν.
479 2039 642 2107 Οὗτος
671 2049 763 2099 καὶ
809 2050 1167 2120 Ἀσσυριακὴν
1182 2051 1228 2083 ⁸³
1272 2052 1533 2123 Ἱστορίαν
1555 2058 1613 2108 ἐν
1641 2074 1735 2109 πο-

158 2131 404 2203 λυστίχῳ
436 2134 625 2206 βιϐλίῳ
643 2178 657 2201 ,
678 2141 778 2192 ὅσα
810 2142 1040 2194 παλαιὰν
1071 2144 1291 2214 μνήμην
1308 2145 1354 2175 ⁸⁸
1376 2147 1732 2218 ἀναγνωσμά-

160 2240 270 2277 των
306 2226 509 2294 ἔχομεν
531 2266 547 2291 ,
589 2231 993 2286 καταλέλοιπεν.

243 2492 337 2543 Ἑν
368 2492 549 2561 ταύτῷ
593 2492 649 2543 δὲ
695 2493 873 2560 τεύχει
924 2497 1333 2568 πνανεγνώσθη
1373 2502 1432 2553 ἐν
1466 2501 1637 2571 λόγοις
1686 2504 1728 2557 δ’

155 2583 540 2653 Ἀκεστορίδου
584 2583 703 2636 Τῶγ
731 2586 888 2639 Κατὰ
927 2591 1105 2641 πόλιν
1142 2592 1418 2645 Μυθικῶν
1437 2594 1501 2647 ⁸⁸.
1544 2596 1727 2651 Ἐοικε

158 2676 259 2743 μὲν
289 2675 385 2727 οὖν
415 2670 567 2738 οὗτος
611 2678 639 2728 ό
678 2678 817 2747 ἀνὴρ
856 2680 953 2730 οὐκ
984 2680 1181 2747 ὀλίγων
1211 2683 1611 2757 εὐστοχώτερον
1657 2692 1721 2759 τῇ

156 2769 445 2837 ἐπιγραφῇ
478 2768 818 2838 κεχρῆσθαι·
846 2769 880 2822 ἀ
913 2769 1020 2839 γὰρ
1053 2758 1230 2839 ἕτεροι
1259 2773 1290 2843 ἢ
1328 2776 1380 2825 οῖ
1398 2793 1459 2841 γε
1495 2758 1728 2848 μετριώέ

153 2875 305 2927 τεροι
349 2857 515 2927 μηδὲν
560 2860 1025 2929 ὲπισημηνάμενοι
1050 2901 1065 2925 ,
1103 2862 1134 2930 ἢ
1167 2862 1297 2915 ἔνιοι
1327 2866 1417 2917 καὶ
1447 2868 1522 2928 ὡς
1552 2870 1723 2939 ἀληθῆ

156 2949 741 3019 σπωδαιολογὴσαντες
756 2952 804 2991 ⁸ο
832 2952 1231 3020 ἀνεγράψαντο,
1262 2954 1414 3008 ταῦθ’
1452 2952 1602 3020 οὗτος
1628 2962 1724 3012 σὺν

150 3042 229 3110 τῷ
263 3042 550 3111 φιλαλήθει
589 3043 788 3112 μύθους
828 3046 1061 3107 καλέσας
1088 3048 1187 3116 τὴν
1214 3049 1342 3117 περ).
1377 3051 1551 3102 αὐτῶν
1582 3053 1724 3103 ἱστο-

155 3137 279 3204 ρίαν
305 3134 340 3204 ἦ
378 3133 734 3202 μυθολογίαν,
756 3135 831 3197 ὡς
862 3136 954 3187 καὶ
983 3138 1141 3199 αὐτὸς
1168 3139 1346 3209 χαίρει
1375 3140 1546 3206 λέγων
1565 3183 1578 3203 ,
1604 3158 1723 3193 συν-

150 3202 404 3287 ετάξατο.
438 3225 612 3276 Πολλά
645 3226 742 3292 μὲν
774 3226 863 3279 οὖν
893 3227 1037 3280 ἐστιν
1061 3228 1120 3279 ὲν
1163 3228 1369 3293 τούτοις
1420 3233 1599 3301 εὑρεῖν
1620 3273 1634 3295 ,
1686 3234 1721 3286 ἆ
1747 3202 1789 3258 C

150 3333 207 3365 τε
240 3314 580 3367 συνείλεκται
602 3316 829 3379 Κόνωνι,
856 3319 947 3369 καὶ
968 3320 1359 3391 Ἀπολλόδωρος
1390 3324 1446 3374 ἐν
1471 3326 1537 3393 τῇ
1559 3324 1721 3376 αὑτοῦ

150 3401 271 3458 εἷπε
298 3406 631 3476 Βιϐλιοθήκῃ
667 3410 758 3460 καὶ
806 3411 1145 3482 Ἀλέξανδρος
1185 3414 1401 3483 ῆθροισε
1446 3419 1537 3467 καὶ
1557 3416 1720 3469 Νικό-

150 3497 278 3559 λαος
336 3499 725 3566 προσεφώνησέ
779 3503 874 3553 καὶ
913 3504 1277 3576 Πρωταγόρας
1333 3506 1718 3575 προδιέλα6εν⁶

148 3588 330 3640 ἔστιδ’
349 3589 691 3659 Ἀκεστορίδῃ
723 3592 895 3662 τούτῳ
912 3596 1001 3645 καί
1022 3596 1192 3648 πολλά
1219 3597 1317 3665 μὲν
1342 3598 1449 3649 τῶν
1484 3601 1714 3664 ἐκείνοις

146 3680 471 3747 ἀφειμένων
521 3682 1013 3753 ἀναγεγραμμένα,
1068 3686 1209 3757 πλὴν
1247 3689 1339 3741 καὶ
1368 3690 1426 3741 ὲν
1461 3691 1673 3755 πολλοῖς
1700 3733 1715 3757 ,

148 3774 279 3841 περὶ
310 3768 392 3825 ὧν
427 3765 580 3837 οὗτός
612 3792 672 3826 τε
718 3778 955 3828 κάκεῖνοι
978 3777 1333 3848 διεξέρχονται
1364 3822 1377 3844 ,
1409 3781 1721 3850 ἀσύμϐατον

146 3864 298 3916 ἔστιν
356 3864 541 3916 αὐτῶν
587 3865 882 3920 θεάσασθαι
932 3869 1030 3939 τὴν
1079 3870 1372 3941 ἀφήγησιν.
1413 3872 1585 3927 Πολλά
1622 3876 1721 3945 μὲν

145 3950 240 4007 οὖν
276 3954 307 4005 ὁ
347 3954 487 4023 ἀνὴρ
530 3956 625 4007 καὶ
681 3958 940 4027 ἱστορίαις
980 3960 1246 4024 ἐπιδόξοις
1299 3964 1720 4033 μαρτυρούμενα

146 4045 203 4094 ἐν
230 4047 350 4105 τοῖς
392 4045 557 4096 αὑτοῦ
589 4046 766 4113 λόγοις
796 4049 1127 4117 ἀναγράφει,
1180 4050 1292 4103 ἔστι
1329 4053 1375 4104 δ’
1406 4053 1441 4105 ἃ.
1474 4055 1568 4106 καὶ
1600 4059 1721 4118 ταῖς

145 4134 465 4202 ἑναργείαις
493 4138 553 4188 τὸ
577 4138 765 4189 πιστὸν
782 4138 824 4169 ⁸⁷
848 4140 1216 4194 ἐνδείκνυσθαι
1240 4142 1590 4213 δεδυνημένα.
1612 4148 1720 4199 Καὶ

144 4226 293 4277 ἔοικε
330 4227 534 4293 μᾶλλον
578 4228 639 4279 τὸ
675 4228 902 4297 μυθικὸν
936 4232 1034 4283 οὐκ
1079 4232 1170 4283 ἐπὶ
1201 4233 1421 4304 διαϐολῇ
1449 4236 1558 4287 τῶν
1594 4252 1721 4288 συν-

143 4316 502 4385 τεταγμένων
533 4318 681 4387 αὐτῷ
716 4321 1035 4390 ἐπειρῆσθαι
1058 4363 1071 4384 ,
1124 4322 1260 4375 ἀλλὰ
1302 4326 1361 4376 τὸ
1407 4325 1593 4395 χαρίεν
1627 4328 1720 4379 καὶ

142 4406 481 4475 ψυχαγωγὸν
504 4408 683 4459 αὐτῶν
705 4410 1092 4482 ὲνδεικνυμένῳ
1112 4454 1126 4478 ,
1159 4413 1287 4483 [472
1318 4416 1410 4488 R.]
1442 4418 1579 4487 πλὴν
1601 4420 1717 4472 ἀλλ’

1842 616 1939 669 dro
1958 618 2180 675 collecta
2213 623 2448 691 fuerunt,
2501 632 2751 701 ascriptis
2792 638 2954 690 etiam
2979 654 3085 693 non
3123 646 3303 709 paucis
3326 661 3393 700 ex

1840 706 2077 763 Cononis
2109 713 2218 783 (37)
2254 720 2668 775 narrationibus.
2711 724 2962 782 Attamen
2997 730 3047 783 in
3077 706 3394 800 quibusdam

1842 799 2083 853 historiis
2113 843 2126 865 ,
2154 804 2308 859 aliter
2341 806 2578 863 instituta
2610 814 2933 880 narratione,
2960 799 3227 874 dissentit.
3285 822 3396 876 llu-

1836 888 1925 957 jus
1958 906 2170 961 quoque
2201 898 2375 951 oratio
2420 899 2610 971 156a
2650 909 2873 961 summis
2922 913 3395 982 quasi‘capitibus

1840 980 2154 1046 absolvitur,
2215 1001 2311 1041 nec
2360 1004 2388 1041 a
2438 992 2821 1060 perspicuitate
2850 1015 3092 1067 unquam
3124 980 3392 1061 discedit:

1839 1071 2071 1126 adhibita
2101 1075 2316 1131 interim
2346 1078 2907 1154 frequentiore,quam
2938 1093 3198 1159 praedicti,
3220 1096 3395 1151 inver-

1838 1163 1988 1217 sione
2014 1181 2076 1219 ac
2101 1171 2380 1237 gravitate.
2441 1173 2628 1229 Refert
2661 1178 2785 1231 item
2813 1184 3090 1245 nonnulla,
3121 1201 3237 1253 qua!
3270 1188 3393 1242 licet

1839 1266 1934 1305 sua
1972 1257 2209 1311 novitate
2269 1262 2507 1327 turbent,
2572 1266 2754 1320 multis
2808 1278 2983 1324 tamen
3044 1274 3094 1325 in
3148 1275 3395 1330 confesso

1839 1352 1963 1395 sunt
1990 1360 2003 1397 :
2036 1354 2091 1397 et
2118 1362 2326 1401 rursum
2353 1351 2618 1419 incognita
2642 1357 2825 1419 multa,
2850 1360 2945 1411 sed
2972 1377 3091 1427 quae
3114 1365 3396 1419 manifesto

1842 1442 2016 1487 tamen
2045 1451 2164 1489 cum
2217 1441 2439 1495 veritate
2482 1458 2585 1496 non
2641 1458 2895 1516 pugnent.
2957 1451 3208 1507 Gentium
3249 1457 3391 1509 enim

1839 1540 2016 1579 mores
2048 1528 2332 1598 unicuique
2356 1536 2619 1601 proprios,
2653 1547 2706 1589 ut
2744 1538 3026 1606 plurimum
3065 1558 3394 1599 commemo-

1838 1624 1939 1669 rat.
1980 1616 2294 1687 Quanquam
2322 1632 2375 1675 et
2405 1626 2453 1675 in
2484 1625 2566 1677 his
2594 1630 2847 1694 reperias,
2896 1647 3011 1699 qua:
3035 1649 3157 1687 mox
3192 1636 3389 1689 nullam

1837 1710 2031 1762 mereri
2057 1709 2211 1764 fidem
2244 1714 2495 1769 indicent.
2538 1717 2903 1775 Damascenus
2936 1734 3114 1776 autem
3156 1726 3260 1789 hic,
3313 1728 3392 1781 uti

1837 1813 1933 1866 ego
1968 1801 2234 1866 existimo,
2268 1804 2515 1862 Nicolaus
2547 1809 2631 1862 ille
2663 1820 2747 1863 est
2768 1847 2792 1874 ,-
2820 1814 2909 1880 qui
2934 1818 3153 1883 Augusti
3183 1827 3390 1886 tempo-

1838 1890 2194 1952 ribuslloruit,
2218 1909 2385 1963 eoque
2401 1908 2481 1949 est
2502 1915 2627 1951 usus
2654 1900 2898 1955 familiari
2918 1904 3074 1973 (ὅτ).
3092 1907 3259 1972 Axino
3278 1909 3389 1973 (58)

1833 1990 1886 2031 et
1923 1981 2284 2046 placentarum
2340 2001 2506 2052 genus
2548 1989 2781 2043 nicolaos
2821 1992 2999 2047 Cmsar
3056 2000 3387 2063 nominabat,

1832 2084 1965 2137 quas
1992 2071 2109 2125 ideo
2140 2076 2204 2125 ad
2242 2076 2381 2131 hunc
2416 2078 2502 2131 ille
2545 2081 2764 2135 honoris
2805 2084 2971 2149 gratia
3007 2089 3218 2142 mittere
3248 2091 3390 2143 sole-

1830 2160 1941 2223 bat,
1983 2164 2124 2230 quod
2158 2179 2339 2231 parem
2368 2168 2466 2221 sibi
2507 2171 2870 2226 familiaritate
2922 2177 3255 2231 reddidisset.
3294 2180 3391 2233 Hic

1832 2254 1969 2307 idem
2032 2258 2231 2327 ingenti
2289 2262 2554 2317 volumine
2600 2267 2872 2335 Assyriam
2904 2270 3015 2339 (59)
3069 2270 3387 2337 Historiam,

1829 2357 2087 2412 quantum
2117 2352 2287 2415 potuit
2319 2368 2382 2406 ex
2415 2355 2633 2424 antiqua
2673 2360 2927 2413 memoria
2978 2360 3201 2427 legendo
3241 2379 3388 2419 asse—

1829 2437 1940 2503 qui,
1981 2440 2215 2507 reliquit.

1898 2526 1972 2580 Eo
1993 2528 2106 2597 ipso
2139 2531 2189 2584 in
2217 2534 2397 2588 codice
2439 2534 2662 2605 legimus
2693 2537 3017 2594 Acestnridze
3047 2542 3390 2596 Politicarum

1830 2616 2152 2673 Fabularum
2198 2624 2306 2693 (40)
2344 2626 2507 2680 libros
2539 2640 2792 2697 quatuor.
2831 2631 3048 2686 Videtur
3089 2647 3264 2689 autem
3304 2639 3391 2691 hic

1827 2710 2057 2777 scriptor
2084 2712 2284 2777 majore
2316 2715 2529 2767 solertia
2561 2718 2613 2769 in
2651 2717 2768 2771 libri
2791 2722 2871 2771 sui
2910 2722 3063 2775 titulo
3095 2739 3223 2778 usus
3246 2741 3386 2786 esse.

1826 2814 1983 2863 quam
2024 2801 2266 2870 plerique
2309 2805 2417 2857 alii.
2468 2803 2594 2870 Quae
2626 2809 2764 2861 enim
2800 2813 2976 2864 caeteri
3006 2814 3057 2865 ln
3104 2815 3214 2868 suis
3257 2818 3392 2869 scri-

1825 2891 1947 2957 ptis,
2008 2893 2197 2958 partim
2230 2896 2621 2949 moderatiores
2652 2912 2773 2950 cum
2810 2910 3009 2967 essent,
3073 2918 3139 2957 ne
3175 2904 3384 2960 indica-

1825 2982 2207 3049 runtquidem,
2259 2986 2448 3052 partim
2484 3000 2580 3052 pro
2610 2989 2751 3042 veris
2795 2992 2957 3043 etiam
2991 2995 3272 3049 venditare
3296 3012 3389 3050 vo-

1823 3069 2051 3131 luerunt,
2081 3073 2267 3125 eadem
2300 3073 2383 3126 hic
2402 3076 2643 3128 veritatis
2677 3079 2852 3131 studio
2883 3078 3113 3135 Fabulas
3145 3086 3389 3137 nomina-

1824 3161 1921 3223 vit,
1976 3169 2030 3213 et
2078 3176 2259 3214 earum
2298 3179 2479 3215 rerum
2513 3165 2817 3231 historiam,
2874 3184 2969 3222 seu
3003 3172 3383 3240 mythologiam

1824 3250 2112 3319 (quomodo
2155 3253 2381 3308 libenter
2427 3258 2540 3323 ipse
2562 3259 2809 3330 appellat)
2850 3266 3169 3331 composuit.
3207 3267 3372 3319 Multa

1825 3342 1986 3410 igitur
2026 3345 2075 3396 in
2131 3346 2214 3399 his
2267 3349 2522 3413 reperias,
2576 3365 2693 3418 quae
2735 3362 2788 3405 et
2813 3352 2995 3407 Conon
3047 3355 3282 3425 collegit,
3332 3366 3388 3411 et

1820 3431 2177 3498 Apollodorus
2208 3435 2259 3487 in
2281 3451 2429 3488 suam
2461 3439 2642 3489 retulit
2660 3438 3066 3507 Bibliothecam,
3089 3449 3387 3513 congessit-

1822 3534 1925 3586 que
1955 3521 2278 3588 Alexander,
2320 3533 2372 3578 et
2401 3525 2653 3581 Nicolaus
2679 3529 2788 3597 (Μ)
2822 3533 3107 3598 dedicavit,
3151 3549 3386 3603 occupa-

1821 3611 2003 3679 vitque
2033 3611 2370 3683 Protagoras.
2411 3619 2754 3675 Acestorides
2792 3637 2953 3690 porro
2995 3625 3223 3694 plurima
3254 3642 3385 3693 quo-

1820 3716 1923 3769 que
1952 3706 2020 3755 ab
2065 3705 2165 3759 illis
2202 3710 2468 3775 praeterita
2518 3715 2791 3765 memoria:
2840 3718 3152 3781 mandavit;
3196 3720 3294 3773 etsi
3332 3721 3385 3773 in

1820 3793 2113 3862 plerisque,
2163 3812 2280 3863 quas
2303 3807 2358 3851 et
2388 3802 2474 3853 hic
2507 3814 2560 3855 et
2590 3803 2663 3855 illi
2705 3813 2947 3869 narrant,
2992 3808 3385 3876 discrepantem

1822 3882 2006 3937 videas
2040 3885 2275 3953 ipsorum
2315 3891 2619 3945 historiam.
2662 3889 2897 3948 Plurima
2931 3897 3093 3964 igitur
3133 3899 3219 3953 hic
3248 3903 3386 3953 scri-

1821 3982 1959 4041 ptor,
2016 3978 2182 4031 certis
2228 3982 2540 4035 continuata
2607 3984 2871 4051 historiis,
2932 4004 3058 4042 suos
3113 3991 3163 4042 in
3220 3991 3385 4045 lit-ros

1823 4068 2006 4121 retulit
2038 4086 2051 4122 :
2082 4080 2136 4123 et
2165 4086 2293 4125 vero
2324 4075 2600 4139 nonnulla,
2658 4093 2775 4144 quae
2802 4080 3081 4134 evidenter
3122 4094 3179 4135 ut
3214 4084 3385 4151 pluri-

1824 4173 1967 4211 mum
1990 4159 2348 4216 demonstrari
2385 4177 2602 4232 queant,
2643 4179 2698 4221 ut
2722 4168 3021 4224 fabularum
3058 4173 3380 4227 vocabulum

1819 4264 1924 4303 non
1986 4260 2095 4304 tam
2151 4254 2217 4306 ad
2264 4254 2640 4310 calumnianda
2691 4258 2806 4325 ejus
2850 4264 3069 4330 scripta,
3126 4279 3285 4332 quam
3316 4266 3384 4318 ad

1819 4354 2004 4393 eorum
2036 4342 2263 4409 gratiam
2302 4342 2804 4415 iucunditatemque
2852 4351 3192 4405 indicandam
3230 4354 3382 4407 addi-

1823 4440 1932 4483 tum
1958 4446 2077 4485 esse
2109 4434 2374 4487 videatur.
2407 4439 2476 4489 At
2515 4452 2660 4501 vero,
2692 4452 2774 4491 me
2814 4440 2993 4505 judice
3018 4480 3032 4504 ,
3079 4456 3262 4510 azquus
3296 4443 3384 4497 hic

143 4504 336 4569 ἔμοιγε
370 4504 530 4571 κριτῇ
560 4504 899 4573 εὐγνώμονος
932 4506 997 4558 ἂν
1025 4509 1315 4575 ἀπενέγκοι
1348 4509 1474 4581 [245
1500 4511 1594 4581 Η.)
1622 4513 1709 4564 δό-
1742 4558 1786 4614 D

1742 4558 1786 4614 ο
1816 4536 1992 4576 rerum
2024 4525 2317 4579 aestimator
2342 4528 2527 4580 haberi
2564 4504 2852 4591 mereatur,
2882 4532 3024 4599 quod
3053 4532 3182 4585 falsa
3210 4531 3376 4584 tnulta

144 4593 262 4656 ξαν,
284 4592 548 4645 ὃτιπολλά
567 4592 737 4662 ψευδῆ
755 4599 866 4657 τοῖς
884 4600 1264 4669 γεγενημένοις
1284 4604 1713 4670 συναναγράφειν
1744 4592 1786 4614 ν

1744 4592 1786 4614 ν
1821 4614 1979 4667 rebus
2011 4630 2133 4669 vere
2175 4617 2337 4685 gestis
2385 4618 2684 4684 additurus,
2742 4620 2990 4688 ambiguo
3025 4633 3199 4675 tamen
3232 4624 3381 4676 titulo

147 4685 361 4751 μέλλων
390 4684 676 4754 ἀμφιῦόλῳ
700 4688 898 4755 ῥήματι
928 4690 1025 4758 τῆς
1054 4693 1368 4761 ἐπιγραφῆς
1394 4694 1713 4762 ἀφοσιοῦται

140 4777 239 4845 τὴν
276 4776 505 4845 μέμψιν.
537 4777 923 4850 Παραπλήσιος
955 4781 1129 4853 δὲτὴν
1160 4786 1360 4852 φράσιν
1386 4785 1478 4839 καὶ
1504 4779 1675 4847 οὗτος.

1821 4704 2220 4769 reprehensioni
2281 4709 2625 4762 satisfecerit.
2686 4710 2765 4763 Ad
2810 4712 3009 4779 stylum
3061 4727 3185 4767 vero
3238 4713 3381 4781 quod

1823 4795 2038 4861 attinet,
2061 4796 2224 4851 etiam
2258 4799 2347 4853 hic
2376 4800 2569 4853 similis
2599 4810 2681 4853 est
2709 4802 3151 4867 prmcedentium.

1418 4901 1503 4955 VA
1514 4903 1649 4972 RI‘IE
1688 4904 2085 4963 LECTIONES.

213 5014 259 5097 ’ξ’
292 5016 711 5104 προσανέγραψε
737 5035 797 5104 cn.
872 5019 1048 5104 ξξὲστὶ
1077 5018 1311 5104 τὶ.ι](ῘὲΑ.Α
1331 5021 1546 5103 “arvo;
1582 5027 1669 5104 A_;
1692 5044 1751 5104 τε
1787 5046 1848 5092 ς.
1870 5099 1881 5104 _
1921 5028 2441 5104 ⁸¹Δὲξισουμένουγς.
2506 5033 2906 5104 ⁸³7Ἃσυριακὴν
2939 5038 3002 5091 Α.
3080 5039 3125 5069 ⁸⁸
3150 5039 3383 5103 παλαιᾶς

140 5085 370 5153 μνήμης
405 5114 474 5123 -
502 5085 733 5156 ἐχόμενα
764 5089 1023 5159 Scaliger.
1094 5089 1139 5119 ⁸³
1174 5090 1451 5143 Σκυθικῶν
1486 5109 1546 5156 ς.
1621 5097 1668 5127 ’θ
1690 5085 2197 5168 δικαιολογήσᾶντεξ
2218 5119 2278 5165 ς.
2349 5085 2408 5135 ’τ’
2422 5103 2610 5155 πιστὸν
2638 5104 2683 5156 Α
2760 5085 3007 5159 πλείστον
3039 5125 3099 5172 ς.

1663 5216 1893 5273 NOTAE.

206 5293 325 5357 (57)
368 5292 445 5364 De
478 5309 581 5361 quo
607 5312 766 5364 supra
793 5296 923 5352 Coal.
956 5298 1075 5354 187.

203 5364 344 5443 (ii?)
392 5362 631 5443 :E'zaipgg
675 5362 841 5443 habet
870 5366 1158 5443 Athenaeus
1209 5370 1298 5443 lib.
1329 5388 1417 5425 xw
1469 5376 1556 5440 qui
1598 5376 1711 5443 pal-

143 5434 299 5483 mula:
336 5434 547 5487 misisse
564 5432 838 5489 Nicolaum
868 5436 1029 5491 refert
1058 5457 1070 5491 :
1105 5451 1230 5493 utet
1255 5432 1529 5497 Plutarch.
1569 5432 1711 5499 Con-

140 5503 311 5573 τιὴ-σι,
339 5502 430 5573 lib.
460 5518 576 5565 thl,
616 5521 735 5573 cap.
770 5504 823 5557 4.

207 5572 323 5651 (βξ)
367 5569 527 5651 Teste
556 5569 818 5651 llesy'chio
845 5576 1041 5651 illustri
1071 5578 1123 5651 in
1158 5578 1403 5644 Nicolao,
1430 5592 1485 5637 ct
1519 5585 1707 5651 Suida,

144 5642 339 5763 gilii’de
382 5642 487 5761 hloc
530 5642 700 5697 multa
738 5649 1019 5713 meminit;
1050 5649 1288 5718 ejusdem
1320 5642 1427 5706 non
1459 5656 1625 5708 semel
1658 5642 1713 5710 et

208 5749 222 5761 .
276 5724 407 5763 osen
430 5727 464 5763 ι.

190 5711 222 5762 Ι.
243 5711 464 5777 Josepb.

209 5780 325 5851 (59)
363 5781 539 5835 Monet
569 5781 787 5850 Snidas,
845 5785 1041 5858 aliique
1087 5787 1324 5859 ἱστορίας
1388 5792 1481 5847 sed
1548 5793 1706 5847 καθο-

1817 5310 1993 5378 λικῆς,
2028 5313 2447 5385 ‘octogesimum
2506 5314 2753 5379 explesse
2810 5313 3031 5368 librum.
3107 5314 3381 5385 Josephus

1817 5381 2130 5451 veroetiam
2156 5381 2220 5433 ad
2253 5382 2354 5435 124
2386 5399 2482 5435 nos
2509 5385 2742 5451 ablegat.

1879 5450 1991 5520 (ιθ)
2029 5450 2130 5522 Pro
2152 5451 2430 5504 Σκυθικῶν
2460 5453 2564 5514 hic,
2598 5450 2717 5506 cum
2749 5468 2879 5506 mss.
2910 5454 3114 5522 aliquot
3138 5455 3381 5522 μυθικῶν

1818 5517 1935 5591 lego
1964 5517 1981 5572 έ
2010 5530 2063 5591 et
2101 5521 2240 5573 infra
2281 5522 2405 5577 cod.
2441 5537 2558 5591 seq.
2614 5523 2709 5574 lib.
2740 5538 2789 5574 ν.
2846 5517 3076 5577 Ptoloin.
3106 5517 3377 5590 Hephaast.

1814 5589 2064 5662 Antiochi
2098 5590 2376 5659 cujusdam
2424 5592 2493 5644 τὰ
2520 5589 2678 5644 κατὰ
2708 5591 2862 5647 πόλιν
2912 5592 3118 5662 μυθικὰ
3164 5595 3377 5649 laudata

1821 5658 1996 5711 video.

1883 5726 1996 5797 (ll)
2040 5728 2235 5784 Herodi
2270 5744 2386 5784 suo.
