4196 6442
124 389 223 452 609

1276 380 1799 457 BIBLIOTHECA,
1822 408 1890 419 --
1920 384 2085 447 COD.
2123 387 2278 448 CXC.

3257 395 3361 461 610

124 498 272 561 οὗτος
316 497 621 568 Φόρϐαντος
649 495 787 567 κόρη
819 495 1080 549 ἐκαλεῖτο.
1118 494 1241 545 Ὅτι
1286 494 1622 564 Ἐρύμανθος
1661 496 1690 548 6
1714 498 1767 559 Α

1714 498 1767 559 A
1789 496 1928 565 pties
1955 506 2192 554 mutasse
2214 497 2348 567 (ιε),
2367 506 2421 553 et
2444 512 2543 553 cur
2573 500 2715 569 apud
2743 498 2933 558 Cretas
2951 502 3064 573 ipse
3080 503 3356 561 Phorban-

125 594 247 654 παις
285 589 620 651 Ἀπόλλωνος
667 587 984 656 ἐτυφλώθη,
1028 585 1160 639 διότι
1216 584 1313 638 ῐδοι
1366 584 1692 655 λουμένηνθδ

136 682 463 751 Ἀφροδίτην
505 679 613 733 ἀπὸ
640 679 737 747 τῆς
782 676 1060 740 Ἀδώνιδος
1093 676 1291 745 μίξεως
1314 715 1330 741 ,
1365 675 1458 728 καὶ
1504 675 1693 729 Ἀπόλ-

125 777 229 826 λων
261 773 501 841 μηνίσας
538 771 722 822 ἑαυτὸν
759 772 836 831 είς
866 768 1100 838 σύαγρον
1136 765 1560 835 μετεμόρφωσε,
1600 767 1694 820 καὶ

130 866 235 926 τοῖς
267 862 451 914 ὀδοῦσι
475 859 681 929 πλήξας
714 858 890 910 ἀνεῖλε
922 857 1012 910 τὸν
1039 854 1289 910 Ἄδωνιν.
1322 853 1448 926 [475
1476 854 1568 926 R.]
1596 854 1693 908 Διά

116 958 167 1008 τί
201 956 339 1028 [244
367 953 463 1025 IL]
489 956 516 1006 6
546 952 775 1023 ποιητὴς
806 951 1087 1013 πελειάδας
1118 949 1339 1016 ἐποίησε
1367 950 1465 1018 τῆς
1489 950 1691 1018 τροφῆς

116 1047 223 1099 τῶν
270 1046 415 1099 θεῶν
446 1045 722 1108 διακόνους
750 1085 765 1109 ,
802 1045 897 1095 καὶ
925 1044 1046 1096 τίνα
1096 1040 1444 1111 Ἀλέξανδρος
1470 1043 1497 1095 6
1531 1041 1688 1111 βασι-

122 1136 247 1198 λεὺς
303 1136 401 1187 καὶ
443 1134 815 1206 Ἀριστοτέλης
861 1135 940 1196 είς
996 1131 1151 1184 τοῦτο
1198 1126 1381 1193 εἷπον,
1423 1130 1516 1183 καὶ
1567 1131 1693 1200 περὶ

134 1226 384 1295 Ὀμήρου
410 1228 506 1278 καὶ
539 1226 855 1279 πελειάδων.
889 1226 1009 1277 Ὀτι
1043 1222 1380 1291 Ἐπίχαρμος
1406 1226 1433 1275 ὁ
1465 1223 1693 1291 ποιητὴς

113 1320 209 1371 ἀπ’
248 1317 543 1386 Ἀχιλλέως
570 1317 661 1369 τοῦ
698 1317 917 1385 Πηλέως
950 1312 1103 1371 εἷλκε
1135 1318 1197 1367 τὸ
1228 1315 1400 1383 γένος.
1429 1313 1549 1367 Ὀτι
1584 1314 1694 1367 Πά-

113 1410 345 1479 τροκλον
393 1410 598 1479 ἐξόχως
632 1410 880 1478 Ὅμηρος
935 1408 1104 1461 ἱππέα
1150 1408 1304 1460 καλεῖ
1350 1407 1423 1466 ὡς
1471 1405 1621 1475 παρὰ
1647 1405 1692 1437 ’⁸

114 1498 455 1561 Ποσειδῶνος
516 1499 746 1571 ἐραστοῦ
780 1498 1061 1567 γεγονότος
1092 1498 1330 1568 μαθόντα
1361 1498 1458 1566 τὴν
1484 1498 1684 1566 ἡνιοχι-

114 1595 239 1661 κήν.
265 1592 398 1642 Ὀτι
444 1591 732 1651 Ὀδυσσεὺς
749 1632 763 1653 ,
786 1589 918 1641 διότι
945 1582 1059 1643 ὦτα
1095 1588 1302 1658 μεγάλα
1329 1582 1473 1655 εἶχεν
1493 1627 1508 1649 ,
1534 1581 1693 1648 Οὖτις

116 1683 391 1752 πρότερον
418 1681 689 1733 ἐκαλεῖτο·
721 1678 876 1732 ὑετοῦ
903 1677 959 1731 δέ
983 1695 1113 1746 φησι
1138 1678 1421 1747 γινομένου
1448 1677 1525 1745 μὴ
1548 1677 1693 1728 ἀντι-

114 1773 358 1842 σχοῦσαν
408 1771 507 1839 τὴν
556 1770 768 1840 μητέρα
816 1769 1012 1836 ἔγκυον
1045 1763 1209 1820 οὖσαν
1258 1766 1400 1818 κατὰ
1446 1764 1542 1835 τὴν
1573 1764 1693 1816 όδὺν

114 1868 299 1916 τεκεῖν
325 1902 341 1925 ,
369 1861 574 1915 καὶτὸν
615 1861 873 1913 Ὀδυσσέα
900 1861 985 1915 διὰ
1006 1858 1164 1914 τοῦτο
1187 1856 1354 1919 οὕτως
1387 1854 1688 1924 ὀνομασθῆ-

109 1973 219 2010 ναι.
274 1956 402 2008 Ὀτι
459 1955 814 2024 Περιτάνος⁹⁶
868 1971 951 2016 τις
1002 1952 1169 2021 ὄνομα
1214 1947 1417 2019 Ἀρκὰς
1473 1946 1691 2016 Ἑλένην

112 2047 388 2100 συνοῦσαν
452 2044 784 2113 Ἀλεξάνδρῳ
837 2046 895 2097 ὲν
962 2041 1276 2113 Ἀρκαδίᾳθ⁷
1333 2040 1688 2110 ἐμοίχευσεν,

122 2138 479 2205 Ἀλέξανδρος
509 2137 553 2188 δ’
578 2137 739 2201 αὑτὸν
775 2137 965 2203 ποινὴν
1011 2134 1109 2203 τῆς
1159 2132 1403 2203 μοιχείας
1429 2134 1687 2201 εἰσπρατ-

108 2231 343 2301 τόμενος
374 2228 716 2298 ἐξευνούχισε
740 2230 808 2289 ’⁸,
836 2229 927 2280 καὶ
947 2225 1006 2289 ἐξ
1030 2226 1238 2278 ἐκείνου
1282 2224 1541 2294 Ἀρκάδες
1564 2223 1690 2284 τοὺς

108 2322 407 2391 εὐνούχους
424 2322 469 2352 ⁸⁸
507 2318 837 2388 περιτάνους
875 2317 1142 2384 λέγουσιν.
1186 2317 1275 2379 Ὠς
1314 2314 1556 2384 Ἀχιλλέα
1594 2314 1689 2382 μὲν

122 2416 503 2484 Ἀριστόνικος
530 2416 558 2467 6
590 2415 917 2481 Ταραντῖνος
946 2412 1286 2483 διατρίϐοντα
1308 2413 1365 2463 ὲν
1398 2412 1515 2471 ταῖς
1550 2427 1690 2480 παρ⁹

108 2509 288 2571 θένοις
312 2508 469 2578 παρὰ
492 2508 801 2577 Λυκομήδει
830 2508 1182 2577 Κερκυσέραν
1207 2504 1483 2557 καλεῖσθαί
1504 2522 1686 2574 φησιν,

112 2601 375 2653 ἐκαλεῖτο
426 2600 482 2652 δὲ
516 2601 610 2653 καὶ
668 2591 845 2651 ’Ῐσσὰν
880 2600 971 2650 καὶ
1000 2598 1221 2669 Πυρῤὰν
1253 2599 1345 2649 καὶ
1390 2599 1687 2658 ’Ἄσπετος¹

113 2694 203 2743 καὶ
228 2691 578 2759 Προμηθεύς.
604 2690 725 2741 Ὅτι
747 2690 981 2759 Βοτρύας
1006 2686 1279 2751 όΜύνδιος
1308 2688 1433 2750 τοὺς
1452 2691 1472 2719 ³
1489 2688 1691 2757 Νιόϐης

114 2784 315 2844 παῖδας
352 2781 717 2843 πάντας’ὑπὸ
775 2780 1109 2839 Ἀπόλλωνός
1155 2795 1318 2846 φησιν
1366 2778 1687 2848 ἀνῃρῆσθαι.

116 2876 239 2927 Ὀτι
291 2874 543 2925 Ὀδυσσεῖ
586 2872 816 2925 ἕπεσθαι
858 2871 1071 2923 δίδωσιν
1115 2871 1143 2921 6
1176 2872 1358 2940 πατὴρ
1406 2868 1690 2938 μνήμονα³

114 2965 369 3018 Μυῖσκον
415 2962 682 3031 τοῦνομα,
726 2962 1071 3031 Κεφαλλῆνα.
1106 2964 1301 3015 Εἵπετο
1334 2962 1425 3014 καὶ
1459 2961 1692 3031 Ἀχιλλεῖ

119 3056 359 3125 μνήμων
384 3052 622 3122 τοῦνομα
657 3054 895 3121 Νοήμων
918 3092 934 3113 .
984 3054 1131 3120 γένει
1167 3052 1555 3122 Καρχηδόνιος,
1599 3055 1691 3106 καὶ⁸

114 3146 421 3214 Πατρόκλῳ
463 3144 728 3215 Εὔδωρος.
765 3145 1118 3214 Ἀντίπατρος
1145 3143 1199 3195 δέ
1232 3160 1395 3212 φησιν
1437 3144 1465 3194 6
1493 3142 1690 3196 Ἀκάν-

115 3236 227 3297 θιος
264 3236 522 3304 Δάρητα,
561 3235 667 3305 πρὸ
710 3234 950 3303 Ὀμήρου
980 3234 1270 3302 γράψαντα
1310 3234 1409 3303 τὴν
1451 3234 1687 3297 Ἰλιάδα,

119 3331 379 3398 μνήμονα
438 3328 694 3393 γενέσθαι
747 3328 1008 3396 Ἕκτορος
1045 3326 1185 3396 ὑπὲρ
1220 3326 1311 3379 τοῦ
1363 3327 1435 3397 μὴ
1487 3328 1696 3381 ἀνελεῖν

111 3422 343 3491 ἑταῖρον
376 3419 690 3487 Ἀχιλλέως.
744 3419 851 3470 Καὶ
881 3418 1255 3486 Πρωτεσιλάου
1300 3417 1356 3468 δέ
1393 3434 1525 3485 φησι
1555 3419 1696 3486 Δάρ-

116 3514 276 3565 δανον
317 3512 612 3578 γενέσθαι.
637 3509 795 3576 γένος
839 3509 1127 3561 Θεσσαλόν.
1170 3509 1275 3561 Καὶ
1311 3508 1598 3576 Ἀντιλόχῳ
1640 3506 1697 3559 δὲ

116 3598 395 3652 Χάλκωνα
448 3597 792 3663 ὑπασπιστὴν
843 3599 936 3649 καὶ
991 3597 1241 3666 μνήμονα
1285 3596 1390 3647 ὑπὸ
1427 3596 1695 3663 Νέστορος

120 3687 484 3757 συνεζεῦχοαι
522 3686 611 3738 τοῦ
664 3686 889 3756 πατρός.
922 3688 1106 3739 Ταῦτα
1142 3689 1239 3757 μὲν
1270 3688 1327 3738 ὲν
1352 3690 1415 3756 τῇ
1451 3686 1499 3738 α’
1528 3686 1693 3756 βίϐλῳ

119 3780 183 3831 τὰ
211 3780 502 3847 κεφάλαια.

204 3870 269 3921 Ἡ
308 3870 367 3920 δὲ
476 3870 600 3939 περὶ
658 3868 1013 3937 Ἡρακλέους,
1042 3866 1114 3930 ὡς
1148 3868 1282 3937 μετὰ
1310 3867 1331 3894 ⁵
1368 3866 1465 3935 τὴν
1498 3867 1697 3936 μανίαν

114 3964 395 4031 ὲλλεόόρῳ
449 3960 751 4031 καθαρθείη
783 3960 887 4012 ὑπὸ
929 3960 1284 4028 ’Δντικυρέως
1346 3958 1436 4010 τοῦ
1487 3959 1580 4010 καὶ
1638 3959 1700 4012 τὸ

119 4058 423 4125 φάρμακον
455 4052 702 4120 εὑρόντος
756 4051 817 4102 τὸ
876 4052 932 4103 ὲν
982 4050 1272 4119 Ἀντικύρᾳ
1324 4052 1421 4119 τῆς
1463 4050 1699 4112 Φωκίδος

119 4147 443 4209 πλεονάζον,
479 4145 582 4196 κᾶν
611 4143 760 4195 ἄλλοι
789 4142 962 4204 ἄλλως
988 4141 1148 4193 αὑτόν
1180 4157 1311 4207 φασι
1333 4140 1695 4211 καθαρθῆναι.

120 4241 251 4291 Ὀτι
272 4236 529 4305 Νέστορά
557 4251 718 4302 φασιν
735 4234 755 4265 ⁵
778 4234 1051 4304 ἐρώμενον
1078 4230 1405 4301 Ἡρακλέους
1422 4231 1690 4299 γενέσθαι.

1795 584 1861 637 tis
1914 585 1984 638 sit
2035 586 2143 640 tilia
2182 588 2379 642 dictus.
2442 587 2828 658 Erymanthum
2884 592 3146 659 Apollinis
3186 594 3355 651 ﬁlium

1789 684 2137 737 excaecatum.
2193 676 2334 745 quod
2389 687 2511 745 post
2568 693 2919 749 congressum
2954 698 3077 738 cum
3114 685 3357 740 Adonide

1791 766 2062 822 lavantem
2118 767 2308 840 157a
2350 767 2609 825 Venerem
2653 771 2917 839 vidisset,
2953 783 3009 828 et
3056 776 3354 842 Apollinem

1793 859 2147 929 indignatum,
2204 862 2318 929 apri
2362 861 2532 916 forma
2576 862 2789 931 induta,
2838 866 3086 920 dentibus
3112 866 3360 920 vulnera-

1794 960 1902 1002 tum
1948 965 2163 1029 necasse
2206 952 2457 1011 Adonim.
2512 954 2687 1019 Quare
2729 966 2881 1024 poeta
2919 957 3197 1011 columbas
3245 957 3356 1027 (ωδ

1792 1040 1893 1094 cibi
1942 1038 2164 1096 deorum
2212 1045 2485 1100 ministras
2531 1046 2740 1112 fecerit,
2796 1058 2850 1102 et
2892 1048 3021 1118 quid
3058 1050 3361 1101 Alexander

1794 1144 1910 1194 rex.
1958 1144 2118 1201 atque
2142 1135 2275 1189 adeo
2303 1136 2621 1193 Aristoteles
2644 1154 2809 1209 super
2837 1140 2936 1194 hac
2970 1155 3026 1193 re
3050 1140 3356 1193 censuerit:

1793 1232 1846 1274 et
1892 1223 1955 1275 de
1981 1222 2212 1278 Homero
2253 1228 2367 1296 ipso
2416 1239 2579 1297 atque
2626 1231 2913 1286 columbis.
2973 1231 3357 1299 Epicharmum

1794 1327 2002 1381 poetam
2034 1318 2101 1369 ab
2134 1318 2343 1373 Achille
2372 1318 2518 1375 Pelei
2563 1320 2672 1375 lilio
2694 1337 2864 1391 genus
2898 1322 3115 1377 ducere.
3166 1324 3360 1377 Patro-

1792 1405 1931 1457 clum
1976 1422 2071 1472 per
2097 1411 2469 1465 excellentiam
2523 1412 2766 1481 Equitem
2809 1416 2875 1467 ab
2908 1413 3140 1467 Homero
3184 1417 3355 1466 nomi-

1793 1497 1906 1547 nari
1934 1494 2067 1566 (50),
2099 1500 2250 1566 quasi
2272 1516 2299 1553 a
2319 1500 2562 1571 Neptuno
2586 1504 2864 1569 aurigandi
2896 1515 3065 1559 artem
3086 1505 3355 1566 didicerit,

1791 1602 1913 1641 cum
1942 1590 2084 1644 illius
2110 1592 2197 1647 hic
2224 1605 2435 1649 amator
2464 1596 2586 1649 fuit.
2632 1598 2907 1666 Ulyssem,
2960 1599 3100 1665 quod
3138 1612 3360 1665 magnas

1793 1693 1949 1733 aures
1993 1680 2235 1750 haberet,
2297 1683 2457 1739 Outin
2505 1687 2658 1740 initio
2710 1688 3055 1757 appellatum.
3115 1686 3185 1739 At
3225 1686 3352 1753 quia

1794 1769 1970 1837 pluvia
2007 1773 2296 1840 aliquando
2339 1785 2546 1842 exorta,
2599 1793 2721 1831 cum
2760 1780 2987 1846 amplius
3024 1790 3232 1846 partum
3265 1793 3360 1847 ge-

1789 1868 1936 1912 stare
1964 1870 2136 1915 mater
2180 1863 2398 1933 gravida
2448 1881 2549 1919 non
2598 1875 2799 1934 posset,
2848 1867 2901 1920 in
2933 1867 3013 1918 via
3043 1876 3347 1935 pepererat,

1789 1943 2022 2016 Odyssea
2059 1949 2180 2003 inde
2216 1966 2335 2005 esse
2363 1953 2718 2006 nominatum.
2763 1954 2927 2006 Arcas
2956 1954 3173 2019 quidam
3198 1948 3347 2005 Peri-

1788 2048 1944 2093 tanus
1987 2041 2199 2094 nomine
2227 2039 2478 2097 Helenam
2515 2043 2651 2111 apud
2702 2040 2950 2097 Paridem
2999 2045 3051 2095 in
3116 2042 3343 2094 Arcadia

1788 2143 2035 2201 agentem
2085 2134 2414 2189 adulterarat
2443 2153 2456 2189 :
2487 2152 2653 2205 quare
2679 2134 2829 2191 Paris
2853 2134 3099 2188 adulterii
3139 2149 3352 2203 pinnam

1788 2224 2057 2294 irrogans,
2121 2227 2370 2295 genitalia
2418 2228 2491 2281 illi
2533 2230 2794 2281 exsecuit.
2834 2224 2984 2280 Unde
3036 2224 3262 2290 factum,
3299 2233 3357 2276 ut

1786 2314 2024 2369 Arcades
2053 2316 2132 2369 sic
2166 2315 2388 2371 affectos
2422 2328 2582 2386 atque
2626 2327 2867 2371 exsectos
2904 2316 3229 2385 περιτὰνους
3261 2330 3356 2367 νο·-

1788 2415 1932 2458 cent.
1968 2404 2231 2458 Achillem
2258 2406 2597 2459 Aristonicus
2646 2405 2975 2463 Tarentinus
3024 2420 3148 2457 cum
3191 2404 3357 2472 virgi-

1789 2496 1944 2549 nibus
2013 2495 2153 2564 apud
2211 2494 2566 2567 Lycomedem
2638 2506 2943 2550 versantem
3004 2497 3353 2566 Cercyseram

1788 2587 2112 2655 appellatum
2179 2602 2300 2641 esse
2346 2589 2552 2641 scribit.
2632 2587 2775 2641 lssan
2822 2603 3037 2657 quoque
3095 2586 3355 2656 Pyrrham

1790 2665 2071 2746 Aspetum,
2108 2686 2270 2747 atque
2314 2679 2658 2733 Promethea.
2709 2677 2932 2749 Botryas
2964 2680 3093 2731 item
3116 2676 3360 2746 Myndios

1792 2768 1986 2824 Niobes
2015 2771 2209 2824 liberos
2230 2785 2417 2824 omnes
2438 2772 2504 2823 ab
2529 2771 2776 2839 Apolline
2798 2772 3152 2837 interemptos
3172 2766 3356 2820 tradit.

1793 2860 1966 2932 Ulyssi
2001 2860 2149 2933 [ait]
2215 2863 2536 2917 monitorem
2566 2862 2678 2932 (51)
2733 2877 2930 2930 parens
2981 2861 3189 2915 addidit
3219 2857 3356 2929 Myi-

1789 2968 1939 3007 scum
1978 2956 2214 3017 nomine,
2265 2970 2331 3008 ex
2361 2956 2533 3009 insula
2559 2953 2906 3024 Cephalenia.
2935 2954 3275 3024 Sequebatur
3305 2967 3360 3010 et

1796 3044 2058 3099 Achillem
2090 3046 2324 3100 monitor
2354 3045 2371 3116 Ῐ
2398 3046 2621 3099 Phoenix
2660 3046 2817 3118 (52)]
2847 3049 3354 3117 nomine,prudens,

1790 3134 2117 3205 Calydonius
2150 3137 2259 3204 (53)
2294 3152 2489 3204 genere
2522 3156 2535 3190 :
2568 3149 2622 3191 ut
2653 3149 2708 3191 et
2741 3138 3048 3195 Patroclum
3090 3144 3356 3198 Eudorns.

1792 3228 2056 3282 Caeterum
2088 3230 2367 3297 Antipater
2399 3230 2698 3284 Acanthius
2736 3230 2903 3285 refert
2930 3232 3179 3287 Daretem
3206 3234 3319 3303 (56)
3339 3276 3357 3299 ,

1793 3320 1882 3387 qui
1907 3330 2028 3373 ante
2054 3321 2343 3374 Homerum
2374 3319 2601 3373 Iliadem
2644 3323 2995 3389 conscripsit.
3035 3326 3357 3380 monitorem

1793 3408 1959 3465 fuisse
1981 3408 2249 3472 Hectoris.
2271 3422 2656 3480 auctoremque
2686 3429 2750 3466 ne
2793 3415 3018 3469 Achillis
3047 3418 3251 3470 socium
3281 3419 3361 3471 in-

1795 3499 2090 3554 terimeret.
2136 3499 2543 3555 SicProtesilao
2581 3504 2739 3555 docet
2780 3502 3085 3557 Dardanum
3120 3504 3356 3570 aﬂ‘uisse,

1796 3590 2005 3657 origine
2062 3588 2378 3644 Thessalum
2412 3604 2427 3642 :
2464 3600 2518 3644 et
2548 3590 2837 3645 Antilocho
2868 3593 3198 3650 Chalconem
3252 3598 3359 3651 Ar-

1798 3682 2056 3750 migerum
2086 3681 2264 3746 simul,
2294 3691 2347 3735 et
2371 3682 2972 3741 monitoremaNestore
2993 3689 3359 3756 patredatum.

1799 3770 1924 3823 Haec
1954 3771 2112 3838 primi
2148 3771 2264 3824 libri
2293 3776 2492 3839 capita.

1868 3859 2053 3912 Altero
2086 3860 2278 3914 deinde
2306 3861 2446 3915 libro
2478 3862 2543 3916 de
2575 3860 2803 3917 Hercule
2842 3864 2973 3935 agit,
3001 3875 3059 3920 ut
3087 3882 3115 3921 ιι
3141 3868 3364 3922 demen-

1804 3952 1873 4005 tia
1899 3952 2137 4007 elleboro
2172 3954 2242 4007 sit
2284 3954 2545 4008 liheratus
2576 3958 2643 4009 ab
2673 3958 2983 4027 Anticyreo,
3018 3961 3108 4029 qui
3145 3962 3244 4014 hoc
3274 3977 3363 4015 re-

1804 4044 2033 4095 medium
2088 4043 2360 4113 Anticyrte
2403 4044 2516 4115 (55)
2568 4043 2819 4101 Phocidis
2889 4049 3039 4101 valde
3109 4048 3363 4115 frequens

1804 4136 2009 4203 primus
2046 4135 2287 4203 reperit:
2336 4137 2437 4189 etsi
2472 4137 2560 4189 alii
2594 4138 2751 4191 aliter
2776 4150 3055 4206 purgatum
3092 4142 3363 4193 memoria:

1801 4230 2166 4298 prodiderunt.
2191 4232 2235 4283 A
2257 4229 2483 4285 Nestore
2510 4247 2724 4300 quoque
2742 4231 3023 4288 Herculem
3057 4237 3361 4287 adamatum

118 4333 245 4385 Ὀτι
283 4331 347 4382 οὐ
376 4328 730 4397 Φιλοκτήτης,
771 4326 956 4395 φησὶν,
995 4324 1130 4378 ἀλλὰ
1163 4325 1445 4395 Μόρσιμος
1485 4326 1513 4376 6
1546 4324 1691 4393 Τρα-
1728 4337 1773 4394 υ

1728 4337 1773 4394 υ
1802 4332 2005 4376 narrat.
2051 4324 2179 4376 Item
2210 4338 2313 4377 non
2350 4323 2727 4390 Philoctetam,
2750 4327 2845 4379 sed
2874 4325 3186 4379 Morsimum
3240 4326 3362 4380 l‘ra-

1427 4478 1661 4534 VARUE
1703 4477 2102 4533 LECTIONES.

189 4586 239 4617 "
276 4581 551 4649 λουμένην
604 4594 686 4645 pr.
712 4573 1109 4649 ,Δί-λουομένην
1132 4591 1193 4649 ς..
1267 4574 1313 4605 ⁹¹
1350 4572 1431 4649 fit;
1456 4571 1634 4649 napi]
1668 4571 1788 4649 libri
1819 4569 2046 4649 ὥσπερλΔ
2103 4570 2147 4649 ξ⁶
2188 4568 2547 4649 ῌεριτὲτανος
2580 4587 2641 4633 ς.
2715 4570 3053 4649 ’ᾍἈρκαδία
3082 4587 3225 4649 corr.
3258 4573 3297 4625 Λ
3344 4589 3359 4627 :

134 4653 366 4724 Ἀρκάδι
385 4646 483 4724 ζ’.Δ
603 4646 939 4724 ἐξευνούχισε
964 4646 1006 4695 A
1056 4660 1070 4724 :_

1128 4645 1196 4696 τὰ
1246 4641 1538 4706 παιδογόνα
1592 4640 1832 4707 ἀπέτεμε
1865 4656 1923 4702 ς.

2002 4638 2047 4711 ’ξ
2072 4638 2352 4711 εὐνούχους
2461 4639 2632 4691 εοὺτω
2655 4638 3057 4711 παθόνταςγκαὶ
3094 4645 3361 4711 ἐκτετμη-

126 4708 321 4791 μένους
342 4708 422 4785 gf
470 4720 487 4750 ⁸
516 4708 1110 4791 ’ΔσπετοςιῬιιιμιι-οιιί
1138 4711 1560 4791 lopumiPyrhro
1582 4713 1645 4777 ι.)
1665 4708 2149 4778 apponitLeichius
2178 4726 2229 4777 p.
2270 4724 2323 4762 ι.
2382 4710 2402 4738 ¹
2422 4711 2544 4770 τοὺς
2566 4710 2611 4762 A
2639 4711 2767 4779 ετῆς
2786 4726 2846 4772 ς.
2932 4710 2953 4741 ³
2975 4708 3267 4780 μημόσυνα
3296 4708 3357 4775 ς.

124 4780 424 4862 Κεφαλῆνα
446 4807 508 4853 ς.
584 4789 606 4819 ⁸
637 4789 773 4841 κατὰ
798 4780 859 4848 ζ’.
933 4784 953 4814 ⁸
982 4799 1147 4853 φησιν
1168 4784 1235 4836 A.
1270 4780 1355 4851 οὑ]
1383 4784 1410 4834 6
1438 4782 1501 4834 A.

1628 4876 1860 4933 NOTAE.

193 4981 307 5049 (ια)
346 4978 491 5048 Lege
514 4975 855 5049 Eustatli_._a_d
887 4973 1075 5049 Qdyu.

1808 4967 1898 5021 lib.
1927 4982 1939 5017 t
1980 4962 2283 5033 Pmdagogi,
2308 4982 2355 5017 c.
2389 4965 2442 5017 8.
2474 4964 2557 5018 Cf.
2590 4964 2859 5017 Plutarch.
2896 4965 2944 5016 in
2982 4962 3236 5030 Pra'cept.
3264 4982 3357 5029 po-

195 5038 309 5120 (49)
364 5038 676 5120 Πελειάδας.
732 5045 861 5099 Vide
907 5038 1155 5097 Eustath.
1218 5040 1284 5092 ad
1328 5054 1540 5093 versum
1600 5038 1702 5093 639
1799 5038 1945 5120 litigi:

350 5118 486 5239 Vuidc
516 5184 764 5239 Eustath.
790 5184 854 5236 ad
880 5196 1092 5235 versum
1110 5180 1179 5234 65
1209 5178 1398 5247 Odyss.

198 5249 313 5326 (51)
350 5258 637 5324 Μνήμονα.
672 5254 1085 5326 Pmdngngorum
1117 5253 1332 5326 id,_sive
1358 5249 1531 5326 potius
1554 5262 1704 5326 __cnn-

132 5319 812 5381 siliariouuni-intimorum
838 5319 1036 5390 genus.
1067 5320 1319 5374 heroibus
1342 5320 1460 5390 addi
1488 5319 1704 5369 solitum

1874 5105 1983 5173 (5‘2)
2004 5107 2180 5158 Ausus
2218 5120 2334 5155 sum
2383 5102 2861 5156 celebratissimum
2890 5104 3026 5171 apud
3055 5118 3241 5155 omnes
3263 5121 3357 5155 un-

1804 5191 1924 5227 men
1961 5176 2045 5226 hic
2079 5176 2316 5227 inserere
2349 5191 2363 5227 :
2394 5174 2525 5225 nihil
2572 5173 2822 5241 dubitans
2862 5174 2987 5241 quin
3038 5174 3100 5223 τὸ
3144 5174 3357 5240 νοήμων

1804 5245 2209 5312 prmlentissuni
2239 5243 2334 5295 viri
2358 5244 2634 5312 epitheton
2664 5239 2843 5293 fuerit.

1877 5314 1987 5379 (55)
2013 5313 2101 5365 Sic
2128 5316 2268 5365 enim
2303 5313 2390 5365 hic
2413 5313 2550 5363 malo
2576 5311 2748 5378 legere
2767 5326 2924 5374 quam
2954 5311 3316 5380 Καρχηδόνιος
3342 5336 3351 5365 ι

133 5395 716 5463 maximejuniorihus.
747 5382 946 5463 Quavles
978 5392 1087 5443 fere
1133 5390 1290 5463 lto-die
1323 5388 1708 5463 gubernatores
1810 5386 1911 5463 etsi
1950 5399 2051 5463 no_n
2081 5384 2363 5463 ignorem,
2419 5382 2700 5463 ﬁcepsitnn
2746 5383 2883 5463 apud
2914 5382 3091 5463 Strab.
3134 5384 3221 5433 lib.
3260 5398 3354 5442 xu.

136 5448 355 5532 majoris
374 5448 1044 5532 potestatissigtiilicativos
1058 5448 1406 5528 appellamus.
1427 5458 1703 5522 Quomodo
1810 5448 2387 5532 ﬂuitant.(limenium
2419 5449 2688 5532 Phrenicis
2722 5451 2948 5532 patriam
2980 5448 3178 5532 facere.

132 5539 291 5590 etiam
325 5536 467 5587 dixit
494 5534 634 5585 Stat.
661 5548 674 5583 :

268 5604 531 5658 ludomiti
568 5602 790 5655 Phoenix
821 5601 1117 5652 moderator
1142 5598 1360 5651 alumni.

629 5672 764 5740 (Syl.
808 5686 859 5730 ν,
892 5669 1109 5737 Epiced.
1144 5669 1194 5720 in
1225 5668 1477 5740 patrem.)

137 5742 379 5796 Similem
426 5743 551 5803 huic
586 5738 996 5809 paedagogorum
1021 5740 1326 5809 contingunt
1376 5738 1451 5805 (in
1485 5749 1611 5809 Δ(ιιιο
1644 5743 1699 5787 et

136 5811 357 5868 l‘bteuix
400 5805 598 5869 Achilli
632 5805 883 5879 tributus)
930 5808 1043 5876 lege
1089 5811 1226 5875 apud
1271 5806 1438 5861 Clem.
1469 5805 1692 5858 Alexan.

1879 5523 1988 5591 (54)
2028 5525 2190 5575 Dares
2225 5523 2394 5591 etiam
2426 5523 2653 5591 quidam
2695 5521 2946 5591 sacerdos
2983 5518 3259 5591 Troianus
3288 5526 3355 5570 ab

1808 5588 2038 5646 Homero
2067 5593 2307 5644 laudatus
2344 5588 2507 5643 Iliad.
2540 5589 2600 5641 Ε.
2628 5588 2696 5639 At
2719 5590 2857 5655 quod
2894 5590 2944 5639 in
2980 5590 3225 5641 inanibus
3246 5590 3355 5657 jam

1805 5667 1871 5716 de
1906 5662 2046 5715 bello
2089 5660 2323 5723 Trojano
2361 5661 2575 5726 Poema,
2621 5658 2797 5712 Dareti
2834 5658 2969 5712 falso
3020 5663 3355 5728 suppositum

1805 5742 2030 5786 censent
2063 5731 2280 5783 eruditi.

1875 5801 1988 5869 (-55)
2018 5800 2143 5854 Vide
2173 5798 2479 5852 Proverbia.
