4196 6442
772 421 874 486 ΒΗ

1945 408 2204 470 ΡΙΙΟΤΙΙ
2244 406 2743 470 ΡΑἸῊΙΑΒΟῙῙᾹΞ
2781 408 2888 467 CP.

3920 407 4033 472 612

775 534 1015 590 chinium
1045 545 1232 603 pyram
1269 528 1482 583 llerculi
1528 527 1852 583 incendisse.
1890 524 2175 580 Herculem
2212 538 2350 592 pra:-

2471 522 2619 592 [ίνιος
2666 522 2875 590 ὑφῆψεν
2916 520 3176 593 Ἡρακλεῖ
3205 520 3299 589 τὴν
3342 520 3539 590 πυράν.
3583 520 3704 573 Ὀτι
3751 520 4033 593 Ἡρακλῆς

780 639 950 689 terea,
981 624 1239 678 devorato
1270 638 1298 676 a
1329 620 1581 675 Nemeteo
1606 621 1761 674 leone
1795 618 1985 689 1471)
2017 617 2181 685 digito
2220 630 2345 678 nuo,

776 733 967 774 novem
988 716 1246 770 duntaxat
1277 714 1474 783 digitos
1504 712 1782 777 habuisse,
1815 722 2141 777 exstareque
2170 718 2351 761 tumu-

777 810 888 864 lum
916 809 1066 879 digiti
1102 806 1293 859 avulsi.
1337 804 1440 858 Alii
1477 815 1655 857 tamen
1690 804 1982 871 pastinaca:
2034 801 2147 872 (56)
2190 801 2354 869 piscis

780 902 967 955 aculeo
1010 900 1235 969 digitum
1290 900 1547 951 amissum
1601 896 1803 949 ferunt.
1857 894 2091 948 Leonem
2139 910 2266 947 vero
2288 909 2354 947 ex

781 992 958 1062 lapide
982 990 1364 1044 Lacedmmone
1394 990 1573 1042 videre
1605 997 1689 1041 est
1716 986 1867 1055 digiti
1910 986 2114 1039 tumulo
2138 985 2353 1052 imposi-

784 1094 918 1146 tum,
965 1082 1269 1152 symbolum
1320 1081 1572 1133 nimirum
1626 1078 1875 1133 Herculei
1928 1079 2158 1132 roboris.
2212 1076 2360 1129 Unde

785 1189 904 1229 nios
931 1174 1151 1227 inolevit
1194 1176 1243 1225 in
1282 1172 1609 1239 reliquorum
1649 1187 1862 1239 quoque
1904 1170 2189 1237 sepulcris,
2227 1168 2360 1235 lapi-

786 1266 921 1320 deos
966 1276 1203 1320 statuere
1239 1265 1443 1319 leones.
1481 1262 1679 1316 Verum
1717 1264 1803 1315 alii
1836 1263 1989 1315 aliter
2016 1263 2082 1315 de
2124 1264 2277 1315 leone
2311 1262 2360 1312 in

788 1358 945 1425 cippo
996 1356 1360 1409 monumentis
1406 1355 1657 1420 imposito
1713 1354 1949 1405 tradunt.
1993 1353 2069 1405 Ex
2122 1351 2364 1404 Herculis

792 1464 920 1517 rogo
959 1462 1210 1517 magnam
1258 1447 1584 1499 locustarum
1608 1446 1713 1497 vim
1749 1453 1989 1509 enatam,
2022 1459 2139 1512 qua:
2191 1445 2365 1508 regio-

790 1555 914 1593 nem
953 1540 1114 1593 veluti
1144 1549 1294 1606 peste
1322 1539 1579 1599 vastavit,
1610 1548 1661 1591 et
1693 1551 1803 1606 quo
1834 1536 1991 1589 modo
2022 1551 2083 1589 ea
2120 1537 2236 1589 lues
2260 1551 2367 1601 ex—

791 1629 986 1682 stincta
1020 1628 1199 1681 fuerit.
1239 1627 1305 1681 Ut
1340 1627 1513 1680 Venus
1547 1639 1762 1695 propter
1793 1627 2111 1692 Adonidem,
2147 1643 2302 1680 suum
2322 1631 2377 1677 el.

794 1717 1042 1772 Herculis
1073 1721 1359 1783 amasium,
1403 1718 1631 1771 Nessqu
1691 1718 2040 1780 Centaurum,
2073 1734 2206 1787 quas
2242 1718 2374 1770 ller-

796 1807 901 1861 culi
936 1808 1161 1863 insidias
1184 1819 1439 1871 strueret,
1464 1808 1764 1861 edocuerit.
1793 1806 1860 1861 Ut
1888 1806 2100 1870 Nireus,
2132 1808 2375 1878 Symazus

2451 613 2864 682 ἀποὸρωθέντος
2912 610 3109 681 αὐτῷ⁸
3142 610 3251 662 τῶν
3303 609 3582 662 δακτύλων
3613 610 3733 672 ἐνὸς
3780 611 3884 662 ὑπὸ
3933 612 4033 663 τοῦ

2452 705 2724 775 Νεμεαίου
2786 704 2996 765 λέοντος
3058 702 3473 763 ἐννεαδάδιτυλος
3508 701 3719 769 γέγονε.
3772 701 3867 753 καὶ¹
3914 701 4034 754 ἐστι

2453 800 2621 866 τάφος
2667 796 2760 848 τοῦ
2817 794 3224 864 ἐκκεκομμένου
3270 790 3551 846 δακτύλουο
3600 793 3649 843 οἱ
3709 790 3763 842 δέ
3824 792 4037 860 κέντρῳ

2455 888 2712 958 τρυγόνος
2743 885 3040 939 ἀποὸαλεῖν
3075 885 3165 935 τὸν
3193 882 3453 935 δάκτυλον
3499 881 3725 950 ἔφασαν.
3759 880 3971 933 Λέοντα
3992 881 4036 932 δ’

2460 982 2605 1033 ἐστιν
2638 980 2763 1031 ἰδεῖν
2793 978 2871 1047 τῷ
2912 977 3007 1030 τοῦ
3039 976 3305 1029 δακτύλου
3337 975 3490 1044 ταφῳ
3518 976 3799 1043 ἐφεστῶτα
3832 974 4039 1026 λίθινον

2462 1076 2518 1124 ὲν
2554 1070 2936 1139 Λακεδαίμονι,
3002 1067 3265 1137 σύμϐολον
3317 1068 3414 1135 τῆς
3452 1066 3545 1118 τοῦ
3578 1067 3756 1137 ῆρωος
3783 1067 3803 1097 ⁷
3840 1066 4039 1133 ἀλκῆς.

2476 1166 2562 1230 Ἐξ
2592 1164 2798 1216 ἐκείνου
2855 1163 2909 1215 δέ
2957 1163 3050 1214 καὶ
3078 1163 3188 1223 τοῖς
3217 1159 3393 1212 ἄλλων
3430 1160 3619 1227 τάφοις
3673 1157 3910 1220 λιθίνους
3943 1160 4042 1224 ἔφυ

2468 1254 2689 1307 ιστῶσι⁸
2728 1255 2968 1315 λέοντας.
3005 1251 3189 1303 ’Λλλοι
3222 1248 3267 1301 δ’
3290 1247 3461 1310 ἄλλως
3486 1249 3611 1315 περὶ
3639 1247 3736 1315 τῆς
3762 1246 3855 1299 τοῦ
3889 1247 4045 1297 λέον-

2466 1363 2555 1407 τος
2578 1342 3005 1412 ἀναστηλώσεώς
3056 1357 3239 1407 φασιν.
3291 1339 3378 1400 Ὠς
3424 1340 3486 1390 ἐκ
3539 1339 3637 1407 τῆς
3704 1337 4045 1405 Ἡρακλέους

2469 1439 2646 1506 πυρᾶς
2679 1435 2913 1505 ἀκρίδων
2948 1436 2967 1465 ⁹
3010 1433 3213 1501 πλῆθος
3258 1431 3576 1501 ἁνήφθησαν
3607 1430 3700 1481 καὶ
3730 1430 3920 1498 λοιμοῦ
3969 1430 4050 1481 δίο

2471 1549 2572 1599 κην
2602 1530 2699 1598 τὴν
2734 1528 2915 1597 χώραν
2966 1526 3237 1587 ἐσίνοντο,
3290 1526 3383 1576 καὶ
3434 1524 3508 1586 ὼς
3544 1522 3909 1591 ἀνῃρέθησαν.
3957 1522 4051 1583 Ὠς

2486 1619 2771 1688 Ἀφροδίτη
2806 1618 2869 1670 δι’
2892 1619 3123 1670 Ἀδωνιν
3158 1617 3249 1668 τὸν
3278 1617 3444 1684 αὐτῆς
3472 1633 3531 1667 τε
3569 1617 3661 1667 καὶ¹
3707 1613 4051 1683 Ἡρακλέους

2477 1713 2748 1782 ἐρώμενον
2776 1712 2984 1763 Νέσσον
3010 1711 3100 1761 τὸν
3134 1710 3443 1777 Κένταυρον
3478 1708 3707 1771 διδάξειε
3764 1706 3864 1775 τὴν
3910 1708 4052 1758 κατα

2494 1803 2824 1873 Ἡρακλέους
2874 1801 3113 1868 ἐνέδραν.
3158 1801 3239 1862 Ὠς
3273 1800 3474 1870 Νιρεὺς
3515 1802 3543 1851 6
3591 1800 3827 1866 Σ’.›μαῖος
3878 1797 4053 1865 Ἡρα-

797 1896 1047 1952 Herculis
1098 1901 1351 1964 aniasius,
1393 1911 1579 1953 contra
1626 1898 1963 1952 lleliconium
2010 1899 2216 1952 leonem
2268 1915 2369 1951 una

2479 1870 2662 1957 κλέους
2690 1893 2757 1965 ῆν
2811 1897 3103 1964 ἐρώμενος,
3135 1894 3261 1966 [ἓ45
3291 1893 3383 1966 Η.]
3424 1895 3515 1946 καὶ
3545 1894 4053 1962 συγκατειργάσατο

799 1991 1086 2059 pugnarit:
1119 1992 1333 2059 quidam
1381 2001 1555 2045 tamen
1606 1991 1853 2045 llercnlis
1888 1991 2053 2043 lilium
2094 1990 2251 2044 Nirea
2294 1990 2374 2042 fa—

801 2082 969 2134 ciunt.
1000 2082 1259 2145 anenam
1295 2083 1405 2136 sint
1449 2083 1550 2135 illa:
1580 2084 1718 2151 apud
1753 2093 1962 2150 poetam
2004 2083 2209 2151 gratiae,
2254 2096 2374 2135 cum

802 2172 997 2239 quibus
1025 2171 1294 2239 Euphm-bi
1342 2172 1518 2225 crines
1550 2171 1979 2239 componit(5'i).
2013 2170 2295 2225 Herculem
2348 2187 2376 2223 a

805 2263 969 2317 natali
998 2262 1173 2316 Nilum
1205 2261 1373 2317 fuisse
1403 2263 1722 2331 appellatum
1753 2263 1947 2317 asserit
1983 2278 1998 2316 :
2030 2273 2083 2316 at
2116 2274 2235 2331 post
2266 2279 2382 2317 ser-

805 2364 986 2408 vatam
1035 2353 1320 2419 Junonem,
1375 2354 1672 2409 interiectis
1710 2356 1800 2424 qui
1851 2355 1993 2408 illam
2052 2356 2382 2409 invadebant

807 2449 1093 2516 Anonynio
1121 2456 1173 2499 et
1196 2446 1460 2513 Peripuoo
1486 2447 1811 2515 gigantibus,
1846 2448 2039 2501 exinde
2069 2449 2232 2517 (quod
2270 2449 2381 2501 hel-

808 2536 917 2589 lum
959 2552 986 2588 a
1010 2536 1219 2590 Junone
1242 2537 1602 2604 proﬂigasset)
1635 2553 1828 2591 nomen
1856 2549 2114 2591 mutasse.
2136 2539 2382 2593 Auderus

810 2625 1061 2681 Herculis
1087 2627 1349 2691 amasius,
1381 2642 1502 2681 cum
1540 2630 1604 2681 de
1635 2627 1795 2695 hujus
1830 2643 1959 2696 rogo
1996 2628 2212 2682 Theseo
2250 2646 2385 2681 nun-

810 2720 1021 2782 tiasset,
1059 2719 1124 2773 ab
1145 2720 1333 2772 eodem
1364 2729 1449 2772 est
1473 2720 1844 2788 interemptus.
1877 2720 2165 2773 Dimidium
2191 2720 2383 2791 Hydra:

812 2818 976 2877 caput
1006 2824 1229 2862 aureum
1268 2808 1456 2871 luisse,
1488 2821 1680 2863 auctor
1706 2819 1788 2863 est
1812 2810 2149 2864 Aristonicus
2178 2810 2385 2865 Taren-

814 2898 980 2950 tinus.
1036 2899 1339 2951 Alexander
1382 2913 1510 2951 vero
1563 2899 1807 2969 llyndius
1852 2900 2054 2966 refert,
2096 2903 2385 2955 draconem

814 2990 1231 3058 terra.genitum
1263 3004 1365 3040 una
1399 3004 1520 3042 cum
1546 2988 1771 3043 Hercule
1807 3006 2096 3059 pugnasse,
2128 2993 2388 3046 adversus

816 3074 1127 3130 Nemeaeum
1188 3076 1397 3130 leonem
1451 3095 1463 3128 :
1512 3094 1670 3144 quem
1716 3088 1770 3130 et
1811 3081 2104 3131 enutritum
2152 3080 2264 3149 (58)
2322 3082 2388 3133 ab

818 3168 1070 3232 Hercule,
1108 3167 1434 3235 Thebasque
1464 3169 1679 3221 ductum
1716 3168 1768 3221 in
1799 3169 1956 3235 hujus
1989 3174 2218 3224 tentorio
2240 3189 2387 3223 man-

819 3261 977 3323 sisse,
1003 3263 1360 3326 enmdemque
1401 3259 1548 3310 illum
1580 3274 1718 3322 esse,
1751 3264 1840 3327 qui
1869 3260 2037 3329 pullos
2068 3262 2177 3328 (559)
2209 3277 2393 3328 passe-

821 3356 897 3404 ris
944 3367 1066 3405 cum
1113 3352 1446 3411 devorasset,
1500 3351 1550 3402 in
1601 3351 1831 3417 lapidem
1878 3367 2170 3406 conversus
2207 3353 2389 3406 fuerit.

820 3441 964 3509 Argo
995 3456 1185 3493 navem
1215 3442 1269 3493 in
1302 3440 1434 3493 Ossa
1466 3439 1757 3495 Thessalia:
1787 3453 1964 3494 monte
1998 3440 2253 3495 Hercules
2268 3444 2391 3511 qui-

823 3533 941 3585 dem
964 3532 1351 3587 exaediﬁcavit:
1383 3546 1578 3584 nomen
1599 3548 1726 3585 vero
1750 3534 1847 3600 ipsi
1884 3534 2106 3586 inditum
2144 3534 2210 3586 ab
2228 3536 2391 3603 Argo,

824 3626 1038 3678 Jasonis
1072 3624 1201 3688 lilio,
1234 3624 1326 3693 qui
1357 3626 1454 3693 ipsi
1501 3627 1551 3677 in
1586 3626 1798 3679 deliciis
1828 3636 1963 3689 erat,
1994 3638 2391 3695 propterquem

825 3716 990 3769 etiatn
1023 3716 1113 3769 ille
1150 3733 1251 3769 una
1290 3732 1410 3768 cum
1442 3714 1638 3771 Jasone
1673 3720 1737 3769 ad
1765 3719 1997 3786 Scythas
2034 3720 2391 3787 adnavigavit.

826 3806 1092 3861 Junonem
1124 3823 1244 3861 cum
1280 3806 1527 3877 Geryone
1571 3822 1895 3877 pugnantem
1928 3812 1994 3861 ah
2029 3809 2255 3864 Hercule
2278 3812 2396 3863 vul-

830 3915 931 3952 nus
983 3902 1260 3967 accepisse
1308 3901 1599 3952 secundnm
1653 3904 1931 3953 dexterum
1984 3904 2136 3965 uber,
2188 3914 2241 3956 et
2278 3920 2397 3971 qu.e

834 3992 957 4044 inde
983 4002 1273 4045 consecuta
1311 3992 1439 4044 sint.
1469 3990 1761 4061 Corythus,
1795 4009 1990 4061 genere
2016 3994 2203 4047 lberns
2236 4005 2397 4063 atque

832 4083 1079 4135 llercnlis
1126 4081 1385 4144 amasios,
1430 4085 1637 4150 galeam
1680 4086 1884 4152 primus
1919 4085 2225 4138 fabricavit.
2263 4085 2399 4139 llinc

830 4185 885 4226 et
916 4175 1000 4227 his
1018 4174 1183 4227 armis
1228 4188 1421 4227 nomen
1463 4174 1512 4225 id
1558 4176 1789 4241 primum
1826 4175 2032 4228 datum.
2084 4177 2397 4244 Sepulcrum

833 4265 959 4318 illud
990 4267 1043 4319 in
1076 4264 1259 4328 Creta,
1286 4267 1428 4333 quod
1470 4264 1619 4318 Jovis
1650 4267 1970 4334 appellatur,
2016 4266 2225 4335 Olympi
2260 4268 2399 4322 illius

829 4359 1111 4412 Cretensis
1144 4373 1288 4421 esse,
1316 4358 1405 4425 qui
1442 4368 1688 4427 ereptum
1724 4358 1960 4412 Saturno
1982 4357 2165 4412 Jovem
2196 4361 2398 4413 educa-

831 4448 928 4511 vit,
980 4437 1405 4515 religionemque
1458 4449 1691 4502 edocuit.
1749 4446 1941 4501 Verum
1973 4451 2115 4501 enim
2143 4465 2272 4504 vero
2298 4466 2399 4503 nu-

2477 1991 2566 2041 τὸν
2605 1986 2914 2040 Ἑλικώνιον
2950 1989 3161 2039 λέοντα·
3219 1989 3268 2039 οἱ
3324 1988 3377 2038 δὲ
3437 1986 3548 2037 υἱὸν
3583 1986 3913 2054 Ἡρακλέους
3963 1986 4055 2035 τὴν

2480 2079 2651 2148 Νιρέα
2686 2078 2837 2145 φασί.
2870 2079 3025 2138 Τίνες
3054 2078 3108 2128 αἱ
3156 2076 3305 2145 παρᾶ
3345 2076 3424 2143 τῷ
3468 2079 3662 2144 ποιητῇ
3688 2077 3933 2143 χάριτες,
3968 2070 4055 2135 αἷς

2481 2166 2813 2237 παραϐάλλει
2864 2166 2959 2228 τὰς
3009 2165 3287 2234 Εὐφόρϐου
3343 2166 3538 2232 κόμας.
3608 2165 3729 2216 Ὀτι
3792 2163 3987 2225 Νεῖλος
4028 2165 4055 2213 ὁ

2492 2262 2770 2330 Ἡρακλῆς
2818 2260 2924 2312 ἀπὸ
2979 2257 3243 2326 γενέσεώς
3275 2274 3437 2327 φησιν
3465 2258 3507 2288 ¹⁰
3542 2257 3806 2321 ἐκαλεῖτο,
3845 2256 3969 2308 ἐπεὶ
4010 2256 4054 2307 δ’

2486 2352 2664 2421 ’Ἦραν
2722 2351 2925 2402 ἔσωσεν
2968 2350 3334 2419 ἐπερχόμενον
3374 2350 3507 2418 αὐτῇ
3540 2349 3744 2402 ἀνελὼν
3786 2350 3880 2402 τὸν
3913 2350 4055 2403 ἀνώ-

2484 2462 2649 2511 νυμον
2684 2445 2776 2495 καὶ
2808 2443 3102 2512 πυρίπνοον
3154 2442 3409 2509 Γίγαντα,
3449 2440 3572 2511 [476
3600 2442 3691 2513 3.]
3731 2443 3943 2495 ἐκεῖθεν
3972 2445 4060 2497 δια

2483 2537 2542 2587 τὸ
2575 2536 2905 2587 ἁπαλαλκεῖν
2956 2536 2994 2564 ¹¹
3028 2533 3125 2599 τῆς
3160 2534 3337 2602 Ἤρας
3374 2534 3463 2587 τὸν
3524 2535 3758 2602 πόλεμον
3790 2537 4058 2603 μετέϐαλε

2485 2627 2581 2695 τὴν
2616 2626 2827 2693 κλῆσιν.
2863 2626 2985 2676 ’Ὁτι
3024 2624 3293 2692 Ἀὅδηρος
3332 2627 3373 2655 ¹¹
3399 2626 3427 2676 ὁ
3464 2625 3793 2694 Ἡρακλέους
3847 2627 4058 2696 ἐρώμε-

2486 2733 2574 2777 νος
2600 2716 2667 2766 τὰ
2701 2716 2828 2783 περὶ¹
2873 2714 2972 2783 τῆς
3005 2714 3185 2782 πυρᾶς
3220 2713 3383 2764 αὑτοῦ
3415 2714 3581 2780 θησεί
3610 2714 3943 2781 ἁναγγείλας
3972 2718 4060 2766 ὑπ’

2487 2804 2652 2858 αὐτοῦ
2710 2805 3032 2871 ἀναιρεῖται.
3089 2802 3214 2854 Ὀτι
3275 2804 3375 2871 τῆν
3438 2804 3610 2873 μέσην
3660 2805 3918 2874 κεφαλὴνί
3964 2806 4060 2873 τῆς

2490 2880 2654 2965 ὕδρας
2698 2895 3060 2965 Ἀριστόνικος
3096 2895 3140 2925 ¹³
3192 2912 3353 2963 φησιν
3406 2897 3433 2947 6
3474 2896 3802 2965 Ταραντῖνος
3856 2898 4061 2965 χρυσῆν

2489 2988 2647 3041 εἶναι.
2681 2990 2801 3041 "Ott
2848 2987 3193 3055 Ἀλέξανδρος
3243 2988 3271 3037 6
3329 2986 3564 3051 Μύνδιός
3613 3005 3743 3059 φησι
3794 2990 4062 3058 δράκοντα

2488 3080 2696 3150 γηγενῆ
2750 3079 3107 3148 συμμαχῆσαι
3153 3078 3411 3147 Ἡρακλεῖ
3462 3080 3598 3148 πρὸς
3656 3081 3746 3131 τὸν
3793 3080 4063 3149 Νεμεαῖον

2491 3174 2701 3235 λέοντα,
2764 3171 2822 3222 ὃν
2870 3171 2965 3223 καὶ
3023 3170 3402 3238 ἀνατραφῆναι
3440 3170 3543 3221 ὑπὸ
3586 3170 3941 3238 Ἡρακλέους,
3975 3176 4065 3223 καὶ

2497 3264 3031 3333 συνακολουθήσαντα
3059 3260 3209 3329 αὐτῴ
3239 3261 3294 3322 ἐς
3342 3261 3521 3329 Θήϐας
3557 3264 3614 3313 ἐν
3645 3261 3817 3315 αὖλιδι
3848 3267 4025 3332 μεῖναι
4053 3282 4059 3289 ·

2494 3359 2587 3411 καὶ
2622 3358 2807 3409 τοῦτον
2836 3351 2971 3407 εἶναι
2992 3355 3082 3405 τὸν
3109 3356 3231 3415 τοὺς
3253 3355 3502 3415 νεοσσοὺς
3540 3356 3927 3423 καταφαγόντα
3970 3360 4063 3426 τῆς

2496 3449 2757 3518 στρουθοῦ
2816 3449 2908 3499 καὶ
2971 3445 3394 3497 ἅπολιθωθέντα.
3465 3445 3554 3507 Ὠς
3609 3446 3708 3514 τὴν
3774 3448 3959 3515 Ἀργὼ
4008 3450 4064 3499 ἐν

2502 3542 2673 3607 Ὄσσῃ
2696 3539 2791 3607 τῆς
2821 3536 3119 3597 Θεσσαλίας
3156 3535 3427 3602 Ἡρακλῆς
3450 3535 3490 3565 ¹¹⁵
3521 3536 3619 3604 μὲν
3644 3540 4065 3602 κατασκευάζει,

2496 3632 2667 3700 ὄνομα
2713 3630 2757 3681 δ’
2791 3630 2925 3699 αὐτῇ
2958 3630 3167 3697 τίθησιν
3216 3628 3322 3679 ἀπὸ
3352 3629 3557 3696 ’Λργου
3595 3630 3686 3682 τοῦ
3726 3630 3980 3695 Ἰάσονος,
4012 3633 4065 3694 ὃς

2496 3719 2568 3792 ῆν
2600 3722 2872 3792 ἐρώμενος
2924 3720 3091 3789 αὐτῷ,
3126 3720 3191 3772 δι’
3222 3721 3279 3772 ὃν
3316 3723 3410 3773 καὶ
3448 3722 3634 3775 Ἰάσονι
3672 3723 3763 3774 τὸν
3807 3725 3903 3776 ἐπὶ
3930 3725 4063 3775 Σκυ-

2499 3815 2619 3875 θίας
2650 3815 2916 3882 συνήρατο
2946 3812 3131 3865 πλοῦν.
3178 3811 3264 3874 Ὠς
3288 3812 3437 3881 ’Ἡρα
3468 3812 3831 3881 σδμμαλοῦσα
3857 3816 3937 3882 τῷ
3967 3816 4066 3883 Ιή-

2502 3906 2664 3975 ρυὸνῃ
2692 3906 2733 3934 ¹⁵
2757 3902 3115 3972 τιτρώσκεται
3145 3902 3234 3970 ὑφ’
3273 3903 3599 3973 Ἡρακλέους
3625 3905 3763 3956 κατὰ
3791 3906 3884 3956 τὸν
3904 3907 4069 3971 δεξιὸν

2502 3995 2691 4065 μαζὸν,
2722 3995 2812 4047 καὶ
2853 3996 2952 4045 ὅσα
3005 3993 3071 4056 ’ἐξ
3125 3994 3331 4045 ἐκείνου
3388 3998 3641 4047 τελεῖται.
3685 3996 3769 4058 Ὠς
3803 3997 4067 4065 Κόρυθος,

2504 4089 2662 4157 Ἴὸηρ
2693 4088 2753 4139 τὸ
2791 4087 2945 4153 γένος
2986 4086 3061 4137 ὢν
3098 4088 3191 4138 καὶ
3228 4086 3557 4157 Ἡρακλέους
3592 4087 3889 4158 ἐρώμενος,
3923 4092 4065 4159 ττρώ-

2498 4198 2588 4241 τος
2623 4178 2825 4248 κόρυθα
2859 4179 3275 4238 κατεσκεύασεν,
3322 4179 3381 4243 ἐξ
3412 4172 3470 4231 οὗ
3498 4180 3589 4230 καὶ
3620 4180 3719 4249 τῆν
3748 4182 4070 4250 ἐπωνυμίαν

2500 4272 2683 4323 λαϐεῖν
2714 4285 2846 4338 φησι
2876 4269 2935 4320 τὸ
2970 4269 3150 4321 ὅπλον.
3194 4268 3280 4330 Ὠς
3304 4271 3332 4321 6
3365 4268 3406 4298 ¹⁶
3454 4272 3510 4320 ἐν
3560 4271 3751 4339 Κρήτῃ
3779 4272 3953 4338 τάφος
3992 4272 4072 4322 λε-

2502 4363 2729 4430 γόμενος
2763 4360 2856 4411 τοῦ
2902 4360 3021 4422 Διὸς
3072 4359 3346 4428 Ὀλύμπου
3394 4358 3485 4411 τοῦ
3540 4360 3758 4429 Κρητός
3795 4362 3945 4413 ἐστιν
3970 4402 3984 4424 ,
4016 4363 4071 4423 ὃς

2504 4452 2655 4520 παρὰ
2682 4449 2775 4501 τοῦ
2811 4451 3018 4519 Κρόνου
3052 4449 3228 4501 λαϐὼν
3249 4450 3340 4501 τὸν
3369 4451 3466 4501 Δία
3491 4448 3685 4517 ἔτρεψέ
3716 4468 3773 4502 τε
3804 4452 3899 4503 καὶ
3926 4454 4072 4503 ἐπαί-

832 4541 1074 4592 tritorem
1102 4542 1488 4605 doctoremque
1510 4556 1668 4592 suum
1697 4538 1904 4607 Jupiter
1930 4541 2171 4604 fulmine,
2200 4542 2371 4609 inquit

2471 4543 2473 4562 '
2502 4547 2623 4597 δευε
2652 4544 2721 4597 τὰ
2756 4544 2895 4597 θεῖα.
2943 4544 3104 4595 Ἀλλὰ
3150 4544 3255 4615 γὰρ
3300 4543 3482 4613 βάλλει
3511 4544 3718 4613 (φησὶν)
3751 4546 3780 4595 6
3821 4547 3958 4605 Ζεὺς
3985 4549 4073 4599 τὸν

831 4633 1120 4701 percussit,
1156 4632 1294 4699 quod
1332 4630 1524 4700 158a
1563 4632 1806 4699 gigantes
1837 4648 2057 4695 regnum
2093 4633 2207 4698 ejus
2247 4636 2396 4686 iuva-

831 4722 959 4772 dere
995 4719 1128 4772 velle
1168 4719 1556 4785 suspicaretur.
1600 4722 1668 4769 At
1714 4733 1835 4770 cum
1876 4718 2059 4770 Jovem
2094 4730 2274 4785 postea
2310 4721 2399 4773 icti

831 4811 1062 4864 Cadaver
1119 4810 1227 4875 jam
1288 4809 1575 4861 habentem
1612 4806 1744 4861 facti
1810 4809 2180 4877 pmnituisset,
2226 4827 2401 4881 neque

832 4910 1011 4969 posset
1054 4900 1212 4954 aliter
1256 4901 1496 4953 dolorem
1547 4899 1740 4965 lenire,
1777 4915 1932 4953 suum
1973 4902 2157 4955 saltem
2204 4919 2398 4957 nomen

2505 4636 2706 4706 τροφέα
2739 4636 2832 4686 καὶ
2863 4633 3180 4688 διδάσκαλον
3209 4634 3481 4702 κεραυνῷ,
3510 4636 3592 4686 ὅτι
3622 4634 3684 4703 δὴ
3727 4637 3853 4696 τοὺς
3883 4636 3921 4686 Γ
3929 4637 4076 4701 ίγαν-

2504 4747 2602 4791 τας
2634 4727 2799 4780 αὑτοῦ
2828 4730 2895 4797 τῇ
2922 4724 3173 4796 βασιλεία
3224 4725 3507 4778 ἐπιθέσθαι
3560 4726 3869 4779 ὑπετίθετο.
3916 4728 4074 4778 Ἀλλὰ

2508 4819 2685 4889 βαλὼν
2704 4819 2793 4869 καὶ
2814 4817 3005 4886 νεκρὸν
3028 4816 3166 4884 έχων
3196 4816 3564 4885 μετεμελείτο’
3590 4817 3664 4885 μὴ
3686 4816 3825 4885 ἔχων
3840 4817 3884 4867 δ’
3902 4818 4073 4878 ἄλλως

2506 4912 2567 4965 τὸ
2600 4910 2769 4972 πάθος
2799 4910 3062 4973 ἐκκλῖναι,
3096 4908 3277 4961 δίδωσι
3328 4909 3389 4960 τὸ
3421 4908 3550 4961 ἴδιον
3580 4909 3751 4978 ὄνομα
3803 4910 3882 4980 τῷ
3919 4911 4072 4978 τάφῳ

2128 5041 2362 5098 VARle
2404 5042 2817 5101 LECTIUNES.

900 5156 919 5185 ⁸
954 5154 1117 5207 αὑτοῦ
1168 5154 1230 5207 Α.

831 5227 873 5257 ¹⁰
906 5243 1066 5293 φασιν
1110 5243 1168 5289 ς’.

830 5302 979 5367 ρυονι
1002 5301 1066 5350 Α.

1306 5156 1323 5185 ⁷
1366 5154 1543 5223 ἥρωος
1579 5156 1622 5207 Α
1676 5172 1689 5207 :
1741 5156 2067 5224 Ἡρακλέους
2119 5176 2155 5221 ς

1250 5226 1288 5256 ¹¹
1314 5224 1664 5295 ἁπαλαλκεῖν]
1700 5227 1977 5293 παλαλκὴν
2006 5230 2068 5278 Λ.

1144 5297 1187 5326 ⁸⁸
1216 5297 1243 5347 6
1293 5297 1415 5349 add.
1450 5297 1533 5347 A:
1571 5296 1857 5366 λεγόμενος
1896 5300 2060 5363 τάφος
2104 5317 2160 5362 τ.

2119 5176 2174 5221 ς.
2252 5160 2272 5191 ⁸
2307 5162 2570 5226 ἐφεστῶσι
2614 5180 2672 5225 ς.

2153 5232 2191 5259 ¹²
2226 5231 2359 5299 αύόη
2370 5249 2457 5299 ρος
2490 5250 2551 5296 ς.

2751 5162 2772 5191 ⁹
2802 5163 3023 5230 ἀκρξδος
3077 5161 3141 5213 Δ.
3191 5160 3531 5232 ἁνήφθησαν]
3592 5162 3698 5214 ἰιιιο
3735 5163 4081 5231 ἀνέπτησαν.,

2632 5234 2672 5261 ¹³
2736 5234 3127 5302 ’.Χριστόνεικος
3158 5233 3223 5284 Α.
3288 5235 3329 5261 ’δ
3370 5231 3679 5301 Ἡρακλέως
3728 5233 3795 5285 Α.
3880 5236 3920 5264 ⁸³
3968 5234 4068 5301 Γη-

2344 5418 2556 5473 NOTAE

899 5536 1010 5603 (56)
1046 5534 1118 5588 De
1164 5535 1459 5602 pastinacae
1495 5534 1776 5589 incurabili
1823 5548 2026 5598 morsu,
2062 5534 2259 5588 xElian.
2303 5552 2395 5589 va-

832 5607 925 5661 riis
960 5608 1112 5665 loci~,
1145 5618 1197 5657 et
1229 5606 1316 5656 alii
1348 5606 1520 5657 multi.
2061 5630 2069 5635 ·

902 5676 1012 5743 (57)
1060 5674 1221 5727 Iliad.
1256 5675 1313 5728 Ρ.
1351 5692 1493 5729 vers.
1529 5674 1615 5726 51.
1649 5673 1723 5727 De
1753 5673 2040 5741 Euphorbo
2070 5676 2233 5727 multa
2263 5674 2393 5727 Phi-

832 5753 923 5800 lost
938 5762 978 5796 r.
1010 5743 1219 5797 lleroic.

902 5816 1012 5885 (58)
1049 5816 1121 5869 De
1146 5813 1415 5884 χειρέκοει
1446 5814 1679 5869 dracone
1708 5813 1890 5868 Atacis
1919 5812 2092 5869 Locrii
2132 5815 2389 5885 legendus

2506 5536 2876 5589 Philostratus
2918 5534 3128 5588 lleroir.
3185 5538 3239 5587 in
3296 5534 3459 5601 Ajace
3498 5535 3652 5590 Loer.
3711 5538 3784 5587 De
3841 5537 4063 5588 aliorum

2501 5610 2853 5666 dracmnhus,
2897 5607 3008 5657 alii.
3051 5606 3315 5659 Ileroibtts
3350 5607 3493 5658 enim
3522 5622 3708 5659 saeros
3743 5606 3913 5660 fuisse
3942 5612 4064 5659 dra-

2499 5690 2667 5728 Cmoes
2708 5691 2734 5725 a
2759 5675 2941 5727 multis
2967 5676 3301 5727 ohsurvatnn'

2570 5745 2682 5812 (59';
2720 5747 2790 5795 Ile
2820 5747 3014 5815 quibus
3056 5745 3270 5799 llomcr.
3322 5742 3484 5798 Iliad.
3528 5746 3585 5811 ll,
3615 5763 3660 5798 ι’.
3700 5745 3793 5799 551
3838 5756 3890 5800 cl
3919 5760 4060 5815 seqq.

2501 5814 2579 5869 Tu
2609 5815 2678 5869 ibi
2712 5814 2954 5870 Eustatlt.
2978 5814 3109 5885 lege.
