4196 6442
824 419 933 485 615

1969 418 2234 482 PHOTII
2270 422 2772 485 ΡΑΤΒΙΑΒΕΗᾹΞ
2818 427 2928 489 CP.

3958 434 4072 499 615

822 530 937 603 est]
995 529 1284 584 draconem
1340 524 1540 597 alebat)
1556 526 1736 581 'lllium
1786 525 2042 583 habuisse
2084 529 2382 584 Draconem
2414 541 2456 591 Α

2414 541 2456 591 Α
2487 535 2673 601 φασὶν,
2721 536 2795 598 ὡς
2825 536 2913 588 διὰ
2952 535 3181 589 σταδίων
3225 542 3276 589 κ’
3329 536 3552 609 θεωρεῖν
3589 538 3821 610 ῥᾳδίως⁸
3858 542 3924 597 δν
3970 547 4066 597 καὶ

825 623 1066 687 nomine,
1106 619 1405 674 acutissimi
1450 620 1619 685 visus,
1654 619 1817 687 plane
1842 627 1902 673 ut
1928 633 2025 687 per
2054 619 2243 689 viginti
2272 618 2383 689 (68)

824 714 995 769 stadia
1019 711 1302 766 commode
1332 719 1598 765 cerneret.
1627 709 1781 764 Hunc
1811 710 1973 779 igitur
2003 710 2146 765 mille
2176 710 2387 765 talentis

822 804 1172 865 conductum,
1204 809 1258 855 et
1284 798 1453 853 Xerxi
1479 802 1578 855 sub
1608 816 1768 854 aurea
1794 800 2007 869 platano
2035 802 2385 867 assidentem,

824 912 1075 953 narrasse
1123 911 1283 965 quam
1321 899 1527 951 videret
1574 896 1882 951 Graecorum
1923 911 1987 951 ac
2027 896 2384 952 Barbarorum

824 990 1070 1043 navalem
1109 1004 1365 1057 pugnam,
1396 997 1449 1041 et
1488 988 1792 1043 Artemisiae
1834 987 1947 1054 (69)
1992 986 2384 1042 fortitudinem.

824 1080 1192 1135 Plesirrhoum
1247 1078 1566 1133 Thessalum
1604 1080 1924 1148 hymnorum
1968 1080 2284 1149 scriptorem
2322 1078 2387 1132 ab

825 1169 1098 1223 Herodoto
1145 1170 1479 1232 adamatum,
1526 1170 1897 1236 honorumque
1929 1168 2194 1222 bzeredem
2228 1169 2387 1222 iusti-

824 1269 994 1312 tutum
1023 1259 1192 1312 fuisse
1228 1277 1242 1311 :
1274 1260 1522 1311 eumdem
1554 1260 1715 1311 ctiam
1750 1257 2031 1311 exordium
2061 1257 2185 1310 libri
2226 1258 2385 1327 primi

824 1350 1185 1402 Historiarum
1215 1348 1471 1401 Herodoti
1497 1348 1893 1402 Halicarnassei
1924 1347 2151 1402 fecisse:
2186 1347 2388 1416 princi-

823 1444 970 1509 pium
1044 1442 1186 1494 enim
1248 1441 1609 1494 Historiarum
1665 1440 1920 1495 Herodoti
1970 1442 2245 1510 propriqu
2287 1442 2387 1494 hoc

824 1534 994 1588 fuisse
1024 1551 1037 1586 :
1066 1551 1083 1583 ι
1113 1533 1401 1587 Persarum
1445 1534 1714 1587 doctiores
1754 1543 2077 1594 memorant,
2098 1532 2389 1586 dissensio-

824 1642 953 1679 num
997 1636 1247 1679 auctores
1281 1627 1554 1680 exstitisse
1604 1626 1911 1680 Phoenicas.
1946 1624 2250 1695 Polyzelum
2285 1622 2388 1690 Cy-

823 1732 1058 1770 reuaaum
1105 1718 1291 1770 risisse
1342 1716 1451 1783 (70)
1501 1731 1772 1784 nunquam
1819 1714 2098 1782 :indeque
2148 1712 2387 1778 Agelasti

821 1819 1241 1877 Cognomentum
1294 1807 1367 1860 illi
1422 1809 1623 1860 datum.
1678 1806 1907 1859 Deorum
1963 1805 2109 1858 cultu
2161 1813 2386 1857 cancros

2485 623 2657 695 Ξέρξῃ
2680 625 2772 677 ἐπὶ
2786 625 2977 694 χιλίοις
2999 627 3680 696 συγγενόμενονταλάντοις
3705 629 3799 683 καὶ
3821 635 4067 701 συγκαθ-

2486 714 2743 784 εζόμενον
2780 716 2882 769 ὑπὸ
2924 721 2990 789 τῇ
3039 720 3213 789 χρυσῇ
3256 718 3513 788 πλατάνῳ
3571 720 3874 790 διηγεῖσθαι
3938 724 4067 793 βλέ-

2491 822 2665 857 ποντα
2708 806 2806 875 τὴν
2858 808 2904 839 "
2955 807 3223 877 Ἐλλήνων
3268 808 3362 861 καὶ
3415 808 3707 879 βαρϐάρων
3744 815 4067 882 ναυμαχίαν

2485 897 2579 949 καὶ
2603 898 2700 963 τὴν
2734 899 3079 969 Ἀρτεμισίας
3122 900 3365 971 ἀνδρίαν.
3403 902 3515 953 Καὶ
3559 902 3635 964 ὡς
3663 902 4010 975 Πλησίῥροος
4039 910 4068 960 ὁ

2484 986 2754 1051 Θεσσαλὸς
2807 991 2835 1041 ό
2884 990 3251 1059 ὑμνογράφος,
3303 990 3578 1060 ἐρώμενος
3611 993 3851 1061 γεγονὼς
3891 996 4067 1067 Ἡρο-

2483 1075 2636 1129 δότου
2663 1079 2756 1129 καὶ
2798 1078 3128 1148 κληρονόμος
3156 1081 3266 1132 τῶν
3317 1082 3503 1142 αὑτοῦ.
3541 1078 3694 1144 οὗτος
3727 1087 3979 1154 ποιήσειε
4004 1087 4067 1139 τό

2486 1170 2774 1238 προοίμιον
2803 1174 2902 1238 τῆς
2934 1171 3155 1241 πρώτης
3193 1172 3435 1241 ἱστορίας
3477 1172 3762 1244 Ἡροδότου
3808 1176 4067 1248 Ἀλικτιρ⁴

2484 1262 2725 1323 νασσέως
2753 1262 2817 1292 ³ο·
2844 1263 2941 1331 τὴν
2967 1264 3075 1331 γὰρ
3104 1264 3243 1315 κατὰ
3271 1263 3433 1332 φύσιν
3462 1260 3599 1317 εἶναι
3624 1266 3731 1317 τῶν
3766 1266 4064 1336 Ἡροδότου

2501 1352 2795 1418 Ἰστοριῶν
2813 1354 2987 1422 ἀρχὴν
3019 1373 3036 1404 ι
3050 1355 3301 1424 Περσέων
3328 1357 3377 1407 οἱ
3400 1357 3568 1423 λόγιοι
3583 1357 3834 1418 Φοίνικας
3848 1362 3937 1411 αίτ
3948 1361 4065 1423 ίους

2485 1444 2737 1510 γενέσθαι
2772 1448 2901 1513 φασὶ
2929 1446 3025 1514 τῆς
3060 1446 3347 1514 διαφορῆς.
3390 1467 3407 1499 ι
3450 1450 3557 1500 Kal.
3588 1450 3662 1511 ὡς
3696 1452 4012 1519 Κυρηναῖος
4036 1455 4065 1504 ὁ

2487 1534 2793 1604 Πολύζηλος
2814 1536 2933 1588 οὐδέ
2959 1554 3085 1589 ποτε
3120 1538 3417 1604 γελάσειεψ
3446 1540 3506 1604 ἐξ
3538 1534 3599 1591 οὗ
3634 1542 3728 1592 καὶ
3759 1545 3817 1592 τὸ
3849 1543 4066 1595 ἐπώνυ-

2488 1640 2588 1692 μον
2619 1625 2767 1693 αὑτῷ
2801 1628 2829 1678 ό
2856 1626 3173 1693 ἀγέλαστος.
3207 1629 3316 1679 Καὶ
3364 1627 3438 1689 ὡς
3472 1630 3563 1680 ἐπὶ
3602 1630 3884 1700 Θεοσεὸείᾳ
3931 1634 4065 1685 πάν.

2484 1728 2592 1763 των
2635 1712 2931 1776 διενεγκεῖν
3005 1717 3053 1766 οι
3095 1715 3195 1782 μὲν
3236 1715 3537 1782 Ἀντίγονον
3585 1717 3676 1768 τὸν
3705 1719 3976 1785 Ἐφέσιον,
4012 1723 4063 1771 οἱ

2486 1802 2543 1852 δὲ
2578 1803 2785 1855 Λυκίαν
2826 1804 2868 1834 ³¹
2910 1805 3003 1855 τὸν
3044 1800 3433 1874 Ἑρμιονέα,οὖ
3480 1808 3575 1859 καὶ
3606 1807 3956 1878 Θεόφραστος
4004 1814 4064 1862 ἐν

821 1914 1011 1952 omnes
1055 1913 1339 1967 superasse
1388 1897 1605 1960 ferunt,
1651 1897 1745 1949 alii
1782 1896 1997 1963 quidem
2049 1896 2377 1963 Antigonum
2414 1888 2455 1941 Β

2414 1888 2455 1941 Β
2490 1893 2795 1954 ἐπιστολαῖς
2822 1895 3171 1962 μνημονεύει,
3216 1898 3379 1963 φασίν
3413 1898 3479 1951 ⁸³.
3516 1899 3622 1950 Kal
3652 1900 3727 1963 ὡς
3771 1901 4063 1970 Ἀχιλλέως

823 1989 1141 2055 Ephesium,
1177 1990 1265 2043 alii
1302 1989 1525 2042 Lucium
1546 1986 1939 2050 Hermionium,
1966 1984 2118 2051 cujus
2139 1984 2384 2038 etTheo—

823 2080 1075 2148 phrastns
1106 2081 1158 2134 iu
1188 2080 1434 2149 epistolis
1470 2078 1731 2133 meminit.
1759 2077 1956 2131 Achilli
1988 2088 2151 2145 atque
2191 2076 2381 2129 Deida-

824 2171 977 2224 tueia:
1015 2180 1170 2225 natos
1198 2170 1334 2223 lilios
1363 2170 1519 2233 duos,
1549 2168 1958 2237 Neoptolemum
1993 2177 2047 2220 et
2068 2165 2325 2221 Oneirum
2362 2185 2376 2219 :

823 2264 1173 2330 occisumque
1235 2261 1303 2314 ab
1360 2262 1703 2328 imprudente
1769 2258 1961 2313 Oreste
2014 2257 2271 2313 Oneirum
2329 2261 2380 2311 in

2492 1982 2588 2034 καὶ
2643 1984 2935 2053 Δηϊδαμίας
2970 1986 3061 2038 δύο
3106 1988 3399 2057 ἐγενέσθην
3442 1992 3646 2055 παῖδες,
3678 1992 4064 2060 Νεοπτόλεμος

2488 2075 2583 2127 καὶ
2620 2076 2886 2142 Ὄνειρος·
2924 2078 3019 2129 καὶ
3040 2080 3343 2147 ἀναιρεῖται
3369 2084 3487 2135 κατ’
3514 2086 3735 2149 ἄγνοιαν
3762 2084 3870 2136 ὑπὸ
3904 2085 4063 2151 Ὀρέ-

2491 2183 2615 2219 στου
2641 2168 2699 2219 ἐν
2745 2170 2944 2223 Φωκίδι
2985 2172 3014 2221 ὁ
3047 2172 3315 2241 Ὀνειρος,
3347 2176 3473 2245 περὶ
3503 2176 3876 2246 σκηνοπηγίας
3911 2174 4063 2244 αὺτῷ

2490 2261 2888 2329 μαχεσάμενος.

823 2353 1079 2419 Phocide,
1109 2370 1229 2408 cum
1260 2355 1348 2408 hic
1373 2354 1438 2407 de
1470 2354 1692 2422 tigemlis
1727 2352 1971 2405 tentoriis
2007 2354 2264 2404 adversus
2299 2350 2444 2402 illum
2485 2364 2695 2407 certare
2718 2354 2990 2423 coepisset.

892 2447 1120 2499 Disserit
1153 2446 1346 2499 deinde
1375 2455 1430 2497 et
1468 2446 1535 2497 de
1568 2444 1849 2497 historicis
1886 2444 2207 2512 quibusdam
2245 2445 2386 2495 casi-

823 2535 943 2590 bus.
977 2536 1167 2606 Amyci
1204 2534 1454 2603 sepulcro
1504 2532 1942 2601 rhododaphnen:
1991 2532 2104 2601 (71)
2145 2532 2385 2583 innatam

825 2628 923 2691 ait,
965 2641 1123 2694 quam
1166 2626 1254 2693 qui
1316 2635 1668 2693 gustassent,
1724 2624 1991 2693 pugilatus
2041 2626 2221 2678 studio
2272 2626 2387 2691 capi

827 2717 1038 2769 solitos.
1086 2716 1422 2769 Autodorum
1461 2714 1663 2783 itaque,
1693 2729 1815 2768 cum
1847 2730 1913 2769 ex
1943 2729 2006 2767 ea
2058 2714 2210 2768 lauro
2253 2716 2393 2769 edis-

826 2815 931 2871 set,
958 2805 1223 2859 victorem
1255 2805 1517 2858 tredecies
1539 2820 1791 2858 coronam
1826 2806 2077 2857 retulisse
2109 2803 2386 2857 :eumdem

827 2908 1005 2949 tamen
1035 2913 1061 2949 a
1099 2897 1359 2950 Dioscoro
1394 2895 1618 2949 Theraeo
1660 2896 1713 2948 in
1747 2904 1940 2962 quarto
1978 2896 2185 2948 decimo
2209 2904 2389 2947 certa-

826 2991 971 3042 mine
1003 2990 1225 3050 victum,
1256 2986 1707 3055 quemadmodum
1751 2996 1804 3039 et
1838 2986 1953 3054 ipse
1991 2988 2226 3054 Amycus
2253 2984 2390 3037 dici-

829 3087 917 3128 tur
946 3077 1013 3128 ab
1036 3076 1206 3129 altero
1241 3076 1617 3128 Dioscurormn
1642 3074 1782 3127 lucta
1814 3088 2115 3141 superatus.
2141 3072 2386 3126 Crtesum

825 3183 1040 3237 quoque
1071 3167 1209 3220 festo
1247 3166 1469 3219 Veneris
1491 3167 1578 3218 die
1612 3178 1793 3217 natum
1831 3180 1971 3231 :quo
1999 3168 2125 3217 item
2151 3164 2236 3217 die
2256 3164 2383 3232 Lydi

2562 2442 2695 2498 Εἶτα
2742 2447 3099 2517 διαλαμϐάνει
3146 2446 3275 2518 περὶ
3322 2448 3753 2517 ωνεμπτώσεως
3778 2448 3823 2479 ³³
3853 2449 4061 2517 ἱστορι-

2491 2536 2612 2603 κῆς,
2648 2535 2723 2596 ὡς
2763 2535 3003 2605 Ἀμύκου
3054 2537 3131 2606 τῷ
3170 2538 3326 2604 τάφῳ
3381 2536 3672 2606 ῥοδοδάφνη
3709 2536 3833 2603 ἔφυ,
3865 2538 3962 2591 καὶ
4012 2539 4059 2589 oi

2491 2629 2756 2694 φαγόντες
2783 2628 2952 2697 αὐτῆς
2987 2627 3294 2697 ἐπεθύμουν
3317 2628 3606 2697 πυκτικὴν,
3641 2629 3735 2679 καὶ
3756 2628 3832 2689 ὠς
3876 2628 4062 2680 ’Δντό-

2491 2716 2660 2784 δωρος
2693 2715 2882 2784 φαγὼν
2915 2716 3084 2785 αὐτῆς
3121 2716 3403 2785 δεκατρεῖς
3449 2716 3747 2783 στεφάνους
3788 2716 4061 2781 ἀνείλετο,

2494 2806 2633 2875 πλὴν
2684 2808 2788 2858 ὑπὸ
2816 2809 3107 2878 Διοσκόρου
3147 2808 3239 2860 τοῦ
3286 2808 3523 2877 Θηραίου
3556 2810 3615 2860 ἐν
3652 2810 3717 2877 τῇ
3752 2824 4061 2878 τεσσαρεσο

2494 2891 2792 2969 καιδεκάτῃ
2865 2900 3073 2968 ἀγωνίᾳ
3115 2900 3365 2969 ἡττήθη,
3421 2899 3610 2968 ὥσπερ
3666 2900 3758 2951 καὶ
3813 2900 3977 2962 αὐτὸς
4031 2900 4061 2950 ὸ

2495 2989 2741 3052 ’Λμυκος
2787 2990 3003 3056 λέγεται
3036 2992 3124 3057 ὑφ’
3157 2992 3273 3053 ἐνὸς
3302 2991 3409 3042 τῶν
3440 2990 3780 3060 Διοσκούρων
3810 3008 4061 3044 καταπει-

2491 3082 2796 3151 λαισθῆναι.
2838 3084 2947 3135 Καὶ
2994 3084 3086 3135 τὸν
3119 3083 3350 3152 Κροῖσόν
3385 3100 3515 3151 φασι
3563 3084 3609 3123 ³⁸
3638 3083 3967 3151 γεννηθῆναι
4002 3086 4059 3133 ἐν

2492 3175 2650 3244 ἐορτῇ
2688 3177 3027 3245 Ἀφροδίτης,
3076 3177 3198 3229 καθ’
3224 3177 3290 3247 ἢν
3324 3177 3481 3229 Λυδοὶ
3509 3178 3598 3229 τὸν
3632 3178 3846 3229 ἅπαντα
3889 3176 4058 3228 πλοῦο

826 3272 1014 3311 Omues
1050 3258 1267 3309 divitias
1318 3271 1525 3324 pompa:
1571 3256 1787 3308 nomine
1837 3256 1911 3307 illi
1945 3256 2055 3309 dea:
2093 3265 2387 3322 apponunt.
2419 3256 2457 3307 C

2419 3256 2457 3307 (ἶ
2491 3283 2581 3316 τον
2632 3267 3000 3334 περιτιθέντες
3053 3268 3189 3336 αὐτῇ
3266 3267 3629 3334 πομπεύουσι.
3686 3269 3791 3318 Kal.
3858 3267 4058 3330 ταῦρον

827 3344 1065 3399 Taurum
1116 3344 1403 3411 aliquando
1457 3344 1787 3397 sacrificanti
1854 3347 1989 3412 patri
2044 3350 2386 3407 nuntiatum,

828 3448 1011 3491 natum
1043 3437 1140 3504 ipsi
1175 3450 1295 3489 esse
1329 3435 1767 3496 Themistoclem,
1817 3446 1869 3486 et
1891 3451 2017 3487 vero
2055 3436 2246 3489 hausto
2279 3437 2389 3504 (72)

831 3530 971 3584 idem
1008 3530 1223 3582 taurino
1249 3531 1508 3597 sanguine
1528 3530 1685 3595 perit.
1730 3527 2219 3596 l);iriusll:.2.taspis
2250 3528 2391 3579 ﬁlius

829 3636 859 3673 a
901 3630 1073 3672 matre
1110 3622 1412 3685 expositus,
1444 3634 1597 3687 equae
1629 3620 1888 3670 uberibus
1933 3619 2161 3671 Iactatus
2190 3630 2292 3681 est,
2326 3620 2391 3669 ab

830 3714 1161 3781 Spurgapiza
1195 3725 1457 3778 equorum
1490 3720 1706 3777 pastore
1742 3728 1753 3763 :
1788 3710 2036 3777 idemque
2062 3721 2246 3775 postea
2273 3711 2393 3761 hin-

838 3808 951 3856 nitu
981 3804 1103 3869 equi
1128 3818 1217 3854 rex
1240 3811 1478 3855 creatur.
1500 3800 1639 3869 Ibyci
1664 3808 1832 3867 poetae
1856 3799 2028 3851 melici
2054 3813 2241 3852 servus
2266 3798 2394 3852 Her-

829 3898 976 3948 cules
1000 3896 1109 3964 (75)
1134 3895 1373 3954 nomine,
1401 3893 1554 3944 vivus
1581 3902 1825 3952 exustus,
1859 3890 2138 3959 quodcqu
2172 3891 2394 3943 latroni-

832 3990 935 4042 bus
969 3990 1019 4039 in
1056 3990 1328 4039 domiumn
1355 3986 1747 4052 conspirasset.
1778 3982 2000 4037 Orestes
2022 3984 2233 4036 Cereris
2256 3983 2393 4034 illius

829 4080 970 4132 festo
1024 4080 1147 4141 die,
1192 4075 1385 4147 149α
1438 4091 1557 4143 qua:
1612 4074 1846 4143 Erinnys
1882 4072 2046 4137 dicta,
2087 4083 2243 4126 natus
2289 4081 2390 4125 est.

829 4170 1112 4237 Philippus
1149 4182 1281 4234 puer
1314 4166 1610 4220 etiamnum
1639 4164 1762 4216 illas
1812 4163 1965 4230 quasi
2004 4161 2211 4225 stellas,
2260 4175 2394 4228 quas

828 4276 928 4312 suo
978 4262 1209 4312 decursu
1255 4257 1501 4311 desilire-
1532 4253 1886 4317 advertebat,
1933 4253 2139 4321 vesperi
2185 4250 2395 4320 sagittis

837 4363 1021 4419 petere
1060 4351 1363 4403 conabatur
1398 4366 1411 4399 :
1443 4357 1497 4399 et
1533 4345 1852 4412 Diognetum
1881 4354 2055 4396 vatem
2086 4341 2395 4410 praedixisse

830 4442 1032 4503 ferunt,
1067 4440 1475 4492 dominaturum
1506 4436 1690 4489 multis
1724 4435 2143 4488 adolescentem.
2177 4431 2242 4484 Et
2267 4445 2395 4483 sane

842 4532 1137 4600 Astert'itl)
1183 4531 1256 4584 illi
1288 4543 1480 4582 nomen
1513 4527 1633 4590 luit,
1655 4527 1745 4595 qui
1787 4525 1957 4578 eidem
1988 4524 2199 4578 oculum
2232 4523 2395 4590 sagit-

2494 3357 2670 3408 θύοντι
2698 3357 2774 3425 τῷ
2803 3362 2971 3427 πατρὶ
2997 3359 3334 3427 ἀπήγγελται
3364 3361 3619 3427 τεχθῆναι
3651 3359 4053 3427 Θεμιστοκλῆς,

2491 3451 2585 3501 καὶ
2609 3450 2809 3517 ταύρου
2840 3450 2979 3501 πιὼν
3004 3444 3141 3520 αἷμα
3166 3451 3375 3503 άπεϐίω
3402 3452 3526 3522 [247
3556 3451 3647 3522 ll].
3689 3452 3773 3514 Ὠς
3800 3453 3829 3503 ὁ
3866 3452 4058 3503 ’Υστά-

2496 3560 2629 3594 σπου
2660 3544 2883 3611 Δαρεῖος
2912 3542 3153 3605 ἐκτεθεὶς
3185 3543 3289 3593 ὑπὸ
3316 3546 3414 3611 τῆς
3442 3544 3645 3611 μητρὸς
3674 3544 3840 3594 ἵππου
3870 3542 4057 3610 θηλαῖς

2492 3635 2768 3702 ἀνετράφη
2835 3634 2939 3685 ὑπὸ
2989 3633 3353 3705 Σπαργαπίσῃ
3406 3634 3484 3702 τῷ
3544 3632 3908 3701 ίπποφορῦῷ,
3968 3633 4055 3683 καὶ

2493 3723 2659 3774 ἵππου
2710 3721 3061 3791 χρεμετισμῷ
3118 3721 3410 3790 βασιλεύει.
3463 3723 3568 3774 Καὶ
3604 3723 3677 3782 ὡς
3724 3721 3932 3773 Ἰϐύκου
3962 3720 4052 3771 τοῦ

2496 3812 2781 3881 μελοποιοῦ
2839 3812 3111 3881 θεράπων,
3154 3810 3386 3880 τοῦνομα
3428 3811 3720 3880 Ἡρακλῆς,
3760 3811 3869 3873 ζῶν
3898 3812 4058 3862 ἐκαύ-

2494 3904 2582 3969 θη,
2618 3905 2985 3974 συναράμενος
3032 3907 3143 3965 τοῖς
3189 3904 3412 3972 λῃσταῖς
3463 3906 3599 3956 κατὰ
3645 3902 3739 3955 τοῦ
3773 3903 4053 3956 δεσπότου.

2505 3992 2591 4053 Ὠς
2620 3994 2878 4063 Ὀρέστης
2908 3993 3046 4045 κατὰ
3080 3993 3176 4059 τὴν
3205 3993 3395 4062 ἑορτὴν
3416 3994 3632 4061 τεχθείη
3658 3996 3755 4062 τῆς
3774 3995 4055 4063 Δήμητρος

2496 4083 2591 4151 τῆς
2627 4082 2967 4150 καλουμένης
3004 4081 3290 4151 Ἐριννύος.
3334 4083 3419 4143 ’ος
3450 4081 3712 4143 Φίλιππος
3740 4082 3819 4133 ἐτι
3853 4082 3898 4113 ³³
3930 4084 4055 4142 παῖς

2495 4170 2570 4222 ὢν
2605 4171 2731 4232 τοὺς
2783 4170 3184 4239 άφαλλομένους
3216 4171 3313 4239 τῆς
3346 4172 3610 4240 κινήσεως
3652 4170 3769 4241 [ὡς]
3825 4171 4056 4239 ἀστέρας

2498 4265 2754 4331 ἐπειρᾶτο
2802 4262 2925 4314 καθ’
2954 4263 3193 4332 ἑσπέραν
3220 4263 3477 4327 τοξεύειν,
3511 4264 3602 4315 καὶ
3642 4263 3933 4331 Διόγνητον
3960 4264 4055 4330 μὲν

2497 4356 2672 4405 εἰπεῖν
2706 4354 2797 4404 τὸν
2853 4353 3043 4419 μάντιν
3101 4355 3339 4421 ἐγκρατῆ
3394 4353 3601 4404 πολλῶν
3656 4352 3719 4404 τὸ
3774 4352 4055 4421 παιδάριον

2494 4442 2975 4512 ἔσεσθαι.)“Αστὴρ
3008 4443 3051 4495 δ’
3072 4439 3139 4511 ἦν
3166 4444 3331 4509 ὄνομα
3384 4444 3476 4494 καὶ
3518 4443 3594 4511 τῷ
3636 4443 3930 4510 ἐκκόψαντι
3964 4443 4054 4494 αὖ·

2494 4534 2589 4585 τοῦ
2622 4534 2666 4565 ³⁸
2698 4534 2839 4601 βέλει
2866 4535 2957 4586 τὸν
2983 4534 3275 4602 ὀφθαλμόν.
3324 4535 3406 4596 Ὠς
3439 4534 3703 4603 Μαρσύας
3732 4535 3759 4585 ὀ
3797 4535 4053 4603 αὑλητὴς,

833 4635 882 4677 ta
911 4627 1074 4677 eruit.
1116 4622 1359 4689 Marsyas
1385 4618 1608 4681 tibicen,
1646 4616 1736 4670 ille
1762 4617 1851 4685 qui
1886 4615 2024 4683 pelle
2054 4615 2166 4667 175l
2197 4626 2389 4670 exutus
2426 4615 2466 4666 D

2426 4615 2466 4666 ί)
2495 4624 2552 4686 ὃς
2582 4624 2829 4693 ἐξεδάρτι,
2867 4627 2925 4676 ἐν
2952 4626 3111 4695 ἐορτῇ
3155 4625 3307 4677 Ἀπόὶ
3322 4626 3487 4688 λωνος
3524 4626 3739 4697 ἐτέχθη,
3770 4627 3827 4677 ἐν
3929 4628 4057 4677 πάν-

2061 4752 2297 4807 VARIAS
2340 4754 2740 4812 LECTIONES.

901 4872 943 4901 ’θ
973 4868 1094 4939 τὴν]
1123 4867 1327 4939 τῶνίΑ.
1355 4936 1365 4939 _
1405 4866 1449 4896 ³⁸
1483 4864 1914 4939 ’Δλικαρνασέως
1948 4881 2042 4939 ς.⁸
2083 4865 2125 4894 ³¹
2153 4863 2441 4939 Λύκιον-ς.

2592 4869 2755 4944 φασίν
2784 4885 2891 4944 om.
3021 4872 3343 4944 Δηϊδαμείας
3372 4890 3439 4936 ς;
3462 4874 3893 4944 συνεμπτὼσεως
3929 4889 4053 4944 apo-

827 4932 1368 5008 graphu'tu'Slepltani
1396 4955 1409 4989 :
1438 4932 1859 4996 συνεκπτώσεως
1886 4950 1945 4996 ς.
1986 4932 2055 4986 cf.
2080 4948 2131 5001 p.
2166 4932 2266 4987 149
2290 4951 2320 4984 a
2356 4936 2439 4986 14.
2520 4936 2563 4967 ³³
2592 4932 2724 5005 φασί
2764 4941 2884 4993 add.
2912 4942 2977 4994 Α.
3043 4932 3093 4973 ³⁸’
3117 4932 3218 5013 ἔτι]
3270 4932 3481 5013 ἒτξιίρος
3507 4932 3603 4998 Af
3645 4944 3691 4976 ac
3744 4932 3893 5016 αὐτῷ
3923 4932 3985 5011 g'.

2326 5049 2557 5104 NUTJE.

900 5168 1011 5239 (68)
1044 5170 1119 5222 Ita
1152 5182 1215 5219 ex
1239 5163 1420 5239 Strab.
1456 5163 1963 5239 quidam‘Lyncerus
1983 5161 2381 5239 perléﬁmillia

831 5232 1082 5310 passuum
1117 5236 1499 5310 perspesit,‘ut
1524 5236 1851 5310 cal/annue
1884 5244 2102 5310 narrant
2128 5232 2263 5286 Plin.
2289 5235 2380 5310 lib.

829 5300 922 5371 'vu,
958 5324 1075 5375 cap.
1108 5300 1201 5369 il;
1243 5300 1353 5356 Val.
1392 5304 1530 5357 Max.
1554 5305 1710 5375 lib._t,
1736 5317 1853 5375 cap.
1885 5302 1939 5361 8;
1977 5300 2146 5375 son...
2184 5317 2303 5375 cap.
2331 5304 2383 5375 ti.

832 5379 964 5431 Vide
1004 5371 1057 5429 et
1086 5393 1203 5444 quae
1246 5387 1535 5427 narrantur
1572 5373 1671 5427 inf.
1703 5376 1765 5424 de
1792 5371 2050 5424 Candauli
2082 5372 2311 5439 conjuge
2334 5372 2385 5424 iu

828 5449 1097 5511 enterptis
1121 5463 1186 5499 ex
1213 5445 1305 5497 lib.
1334 5459 1363 5495 ν
1398 5444 1810 5511 Ηρριιωειίοιιὶε.

904 5464 989 5500 ΗΕΓ
1031 5464 1097 5498 US
1121 5464 1186 5499 CX
1213 5464 1305 5497 ΙΙυ.
1334 5464 1363 5495 ν
1398 5464 1810 5511 ηεριιωδιιυιιιδ.

904 5464 1024 5585 (ωδ)
1043 5518 1212 5581 Quam
1250 5516 1415 5566 habes
1450 5515 1773 5585 descriptam
1807 5507 1946 5585 apud
1986 5506 2239 5585 llerodot.

903 5577 1010 5651 (70)
1042 5577 1182 5639 Idem
1204 5585 1271 5637 de
1292 5586 1601 5651 Anaxagora
1620 5579 1965 5651 Clazorraeriio
1996 5578 2158 5651 refert
2182 5577 2383 5631 Ailiau.

831 5646 927 5725 τῆς
978 5646 1230 5722 Ποικίλης
1260 5669 1377 5715 vm,
1404 5646 1521 5725 cap.
1571 5652 1661 5715 15,
1696 5652 1845 5725 etde
1880 5648 1947 5700 M.
1984 5650 2387 5725 tirasstrp'oliu.

833 5717 947 5793 (τείν.
975 5727 1027 5779 4.
1053 5717 1244 5778 Cicero
1270 5724 1432 5777 semel
1466 5717 1947 5793 duntaxatrisisse,
1984 5717 2055 5771 De
2101 5717 2290 5784 ﬁnibus
2337 5734 2385 5770 ν.

836 5792 1064 5850 ειιηιιι.
1098 5796 1187 5849 lib.
1229 5808 1327 5858 vn,
1351 5808 1471 5861 cap.
1511 5792 1596 5846 l9.

2565 5168 2976 5246 (7l)_l)escrib_i_t
3006 5183 3125 5246 eam
3169 5168 3308 5223 Plin.
3336 5172 3425 5226 lib.
3464 5188 3574 5237 κνι,
3626 5189 3747 5241 cap.
3781 5175 3872 5228 20.
3896 5177 4050 5246 Apul.

2494 5252 2643 5288 rosea
2683 5239 2867 5289 laurea
2912 5239 3133 5291 dicitur.

2563 5306 2673 5382 (7?)
2718 5305 2847 5382 Yide
2874 5308 3019 5363 Ctes.
3064 5308 3261 5361 Persic.
3286 5326 3431 5379 supr.
3480 5313 3531 5365 in
3575 5313 3826 5382 Excerpt.
3860 5334 3922 5372 ex
3963 5318 4049 5367 litt.

2493 5390 2567 5427 xu
2604 5374 2802 5429 Persic.

2572 5445 2685 5511 (75)
2718 5446 2989 5502 Heracles.

2565 5516 2674 5582 (74)
2727 5513 2867 5583 Lege
2904 5516 3055 5571 Suid.
3093 5520 3145 5572 in
3181 5520 3435 5587 Κάρανος
3470 5539 3484 5574 :
3538 5530 3591 5574 et
3636 5522 3782 5578 Vitas
3823 5541 3852 5578 a
3904 5525 4053 5579 nobis

2498 5596 2840 5647 coiuparatas
2872 5587 3041 5640 Arist.
3083 5597 3135 5641 et
3170 5589 3440 5642 Demosth.

2570 5652 2680 5720 (75)
2726 5654 2809 5733 Ab
2839 5656 2954 5733 ipso
2980 5659 3249 5733 _Apolliue,
3288 5669 3342 5712 ut
3386 5659 3546 5713 refert
3590 5661 3830 5733 Xenoph.
3885 5666 3977 5717 lih.
4016 5681 4051 5722 ι.

2506 5719 2584 5777 De
2621 5719 2866 5791 expedit.
2891 5724 2964 5795 Cy
2979 5719 3040 5780 τι.
