4196 6442
156 423 263 483 617
1309 410 1830 476 BIBLIOTHECA.
1860 409 2103 476 -(.‘0D.
2134 412 2293 475 CXC.
3291 407 3394 473 618

164 554 283 591 των
309 536 425 589 τῶν
466 537 743 609 θυομένων
773 534 928 600 ζώων
952 534 1023 589 τὰ
1049 534 1297 604 δέρματα
1335 530 1485 602 αύτῷ
1529 531 1745 600 ἐκδερόη
1768 538 1820 596 Δ

1733 538 1820 596 »Α
1846 539 1952 596 est,
1985 546 2173 585 auram
2206 528 2425 585 vitalem
2458 527 2674 583 haurire
2693 526 2857 597 cmplt
2880 526 3390 597 eofestoApollinis,

161 644 311 697 μενά
342 629 677 686 ἀνατίθεται.
728 628 864 697 Περὶ
909 625 1104 679 Τιτυοῦ
1135 626 1177 655 ³⁷
1204 623 1297 676 τού
1325 622 1741 676 ἐπιϐουλεύσαν-

1737 651 1741 661 ι
1847 639 1953 691 quo
1990 624 2079 677 die
2117 622 2360 676 omnium
2395 636 2515 690 qua:
2553 621 2996 675 sacriﬁcarentur
3040 620 3394 673 animantium

157 732 258 790 τος
291 717 705 789 Ἀλέξανδρονη
741 718 868 790 [480
900 715 1015 788 Β.].
1053 716 1143 778 Ὠς
1190 714 1452 768 Κλαύδιον
1480 714 1682 766 κύουσα
1709 713 1744 784 ἡ

1738 732 1744 784 ι
1846 716 2013 786 pelles
2077 715 2311 782 dereptae
2360 713 2437 767 illi
2488 712 2897 767 dedicabantur.
2955 712 3031 766 De
3068 710 3256 781 Tityo,
3306 711 3395 777 qui

169 783 365 882 μήτηρ
401 783 659 884 βωλητῶν
679 783 805 876 τούς
826 783 1074 883 μύκητας
1092 811 1481 880 ὲπιθυμήσασα
1498 810 1542 842 ³⁸
1558 783 1742 877 φάγοι,

1739 852 1742 864 ι
1843 783 2154 861 Alexandro
2183 806 2383 859 struxit
2421 805 2663 859 insidias.
2696 803 2974 857 Claudium
3018 803 3396 869 imperatorem

164 904 263 956 καὶ
323 904 595 968 Κλαύδιος
652 905 902 975 μύκητας
935 902 1504 972 πεφαρμακευμένους
1554 899 1746 969 φαγὼν

1739 918 1746 946 ι
1846 894 2061 962 gravida
2093 903 2309 963 gestans
2337 902 2526 956 mater,
2555 893 2790 946 boletum
2822 890 3106 959 langorum
3129 889 3396 943 desiderio

164 993 446 1064 ἁποϐιῴη.
485 996 620 1065 Περὶ
652 996 964 1063 Κενταύρου
986 995 1078 1046 τοῦ
1111 993 1346 1061 Λαμίου,
1372 991 1446 1055 ὡς
1480 991 1746 1061 μοιχεύων

1741 1010 1746 1035 ι
1845 994 2001 1050 capta
2029 986 2265 1039 comedit
2310 984 2445 1052 (76),
2474 996 2529 1038 et
2567 982 2826 1037 Claudius
2853 980 3041 1050 fungos
3073 995 3280 1035 veneno
3314 981 3398 1033 in-

165 1081 424 1147 ληφθεὶς,
466 1084 515 1134 οἰ
570 1084 668 1151 μὲν
704 1083 809 1134 ὑπὸ
849 1082 1104 1152 Πειρίθου
1158 1080 1252 1133 τοῦ
1300 1080 1554 1149 εὐνούχου
1602 1080 1668 1141 ⁵⁸,
1697 1079 1747 1130 οι

1745 1116 1747 1126 .
1846 1074 2017 1128 lectos
2050 1076 2316 1128 devorans
2349 1073 2527 1141 periit.
2561 1072 2633 1126 De
2660 1071 2931 1126 Centauro
2966 1071 3164 1124 Lamiae
3206 1070 3315 1123 lilio
3342 1078 3402 1123 ut

168 1173 217 1221 δ’
256 1174 365 1223 ὑπὸ
403 1174 627 1240 Θησέως
664 1172 1041 1242 ἀναιρεθῆναι.
1072 1171 1228 1223 Οὕτω
1259 1170 1426 1223 πολλὰ
1454 1174 1572 1231 ταίς
1604 1171 1748 1222 ἱστο-

1744 1199 1748 1209 ι
1846 1165 2156 1218 adulterans
2202 1176 2392 1233 captus
2422 1166 2512 1229 sit,
2545 1180 2703 1233 quem
2735 1164 2822 1217 alii
2854 1179 2883 1217 a
2915 1162 3190 1217 Peirithoo
3234 1178 3401 1217 eunu—

172 1264 322 1329 ρίαις
352 1264 462 1316 τῶν
494 1264 933 1334 συνεμπτώσεων
963 1264 1175 1317 ἕπεται.
1221 1262 1383 1315 Ἀλλὰ
1406 1264 1497 1315 καί
1524 1262 1587 1315 τὸ
1616 1269 1664 1330 γ’
1689 1263 1749 1314 έν

1743 1278 1749 1306 ν
1846 1256 1973 1321 cho,
2031 1258 2119 1309 alii
2152 1273 2180 1310 a
2226 1254 2436 1310 Theseo
2474 1255 2811 1331 interfectum
2861 1255 3035 1308 aiunt.
3075 1254 3237 1308 Tales
3266 1253 3400 1307 varil

167 1354 393 1417 τούτοις
433 1353 660 1423 βιϐλίον.

1847 1351 1901 1403 in
1934 1349 2052 1403 istis
2091 1349 2333 1402 historiis
2359 1363 2517 1403 casus
2537 1359 2699 1416 atque
2727 1355 2915 1401 eventa
2940 1346 3267 1411 referuntur,
3284 1346 3404 1414 qui-

1846 1443 1947 1497 bus
1982 1444 2147 1495 etiam
2182 1442 2322 1495 liber
2351 1440 2543 1494 tertius
2566 1441 2780 1493 tandem
2806 1439 3122 1492 absolvitur.

244 1528 322 1581 Τὸ
358 1527 414 1579 δὲ
440 1527 483 1578 δ’
534 1525 865 1596 διεξέρχεται
912 1528 988 1591 ὼς
1037 1525 1225 1598 Ἑλένη
1250 1527 1438 1597 πρώτη
1488 1526 1748 1598 ἐπενόησε

1741 1546 1748 1579 ε
1917 1533 2083 1588 Libro
2128 1543 2307 1587 autem
2357 1541 2552 1600 quarto
2592 1532 2709 1586 haec
2761 1540 3049 1584 narrantur
3094 1545 3108 1582 :
3145 1529 3398 1583 Helenam

169 1619 268 1671 τὸν
319 1619 409 1670 διὰ
436 1617 714 1670 δακτύλων
746 1618 966 1687 κλῆρον,
999 1621 1093 1671 καὶ
1136 1619 1466 1688 Ἀλεξάνδρῳ
1508 1618 1747 1687 λαχοῦσα

1741 1638 1747 1670 '-
1846 1628 2078 1695 primum
2104 1625 2440 1691 excogitasse
2479 1623 2659 1693 digitis
2696 1623 2940 1675 micando
2970 1623 3398 1683 sortitionem,et

169 1710 435 1777 ἐνίκησεν
480 1710 574 1761 καὶ
619 1709 693 1771 ὡς
742 1710 1060 1779 ’Δφροδίτης
1099 1710 1184 1778 εἴη
1224 1710 1487 1779 θυγάτηρ.
1530 1712 1637 1763 Καὶ
1674 1710 1749 1772 ὡς

1742 1728 1749 1769 .'
1846 1732 1969 1770 cum
2009 1716 2317 1769 Alexandro
2345 1716 2659 1769 sortientem
2688 1715 2903 1779 vicisse,
2934 1712 3207 1781 fuisseque
3230 1712 3399 1765 Vene-

186 1805 420 1870 Ἐλένης
478 1804 572 1855 καὶ
612 1803 902 1872 Ἀχιλλέως
964 1805 1021 1855 ἐν
1080 1804 1344 1873 μακάρων
1392 1806 1571 1874 νήσοις
1620 1806 1748 1866 παῖς

1740 1821 1748 1864 ῖ
1850 1808 1926 1861 ris
1951 1806 2132 1859 ﬁliam.
2165 1805 2365 1861 Helena
2396 1806 2580 1860 adlnec
2604 1813 2657 1859 et
2682 1806 2889 1859 Achille
2926 1806 3093 1858 lilium
3123 1806 3175 1857 in
3207 1803 3397 1857 Beato—

174 1895 461 1963 πτερωτὸς
511 1894 744 1960 γεγόνοι,
790 1894 849 1946 ὃν
897 1894 983 1945 διὰ
1031 1894 1089 1946 τὸ
1141 1894 1242 1961 τῆς
1294 1892 1474 1962 χώρας
1518 1893 1745 1963 εὔφορον
1780 1890 1821 1945 Β

1780 1890 1821 1945 Β
1853 1914 1969 1950 rum
1998 1897 2187 1950 insulis
2222 1912 2345 1950 cum
2379 1897 2479 1949 alis
2515 1907 2719 1959 natum,
2747 1912 2903 1964 quem
2939 1896 3009 1949 ob
3043 1896 3275 1965 regionis
3298 1895 3402 1948 fer-

172 1984 507 2051 Εύερορίωνα
530 1983 820 2051 ὠνόμασαν
839 2002 853 2018 ·
888 1985 982 2036 καὶ
1011 1983 1087 2047 ὼς
1109 1986 1209 2054 ἐρᾷ
1238 1984 1429 2036 τούτου
1466 1986 1622 2046 Ζεὺς,
1654 1984 1751 2035 καὶ

1743 2003 1751 2034 ι
1854 1990 2101 2042 tilitatem
2151 1986 2553 2055 Euphorionem
2624 1986 2943 2056 appellarint
2994 2004 3008 2040 :
3050 1987 3167 2053 ejus
3222 1997 3400 2040 autem

171 2076 471 2142 σποτυχὼν
522 2077 778 2143 κεραυνοί
808 2077 867 2127 ἐν
923 2076 1096 2145 Μήλῳ
1146 2078 1213 2145 τῇ
1257 2077 1405 2145 νήσῳ
1431 2075 1752 2128 καταλαϐὼν

1745 2092 1752 2118 ν
1852 2094 2035 2131 amore
2060 2090 2274 2143 captum
2308 2076 2518 2141 Jovem,
2549 2088 2602 2132 et
2628 2079 2849 2131 minime
2876 2080 3187 2146 potientem,
3222 2077 3402 2131 fulmi—

171 2167 531 2234 ἰιωκόμενον,
558 2168 653 2219 καὶ
682 2166 779 2228 τὰς
822 2165 1059 2235 νύμφας,
1101 2167 1180 2218 ὅτι
1212 2167 1437 2235 θάψειαν
1461 2168 1643 2228 αὑτὸν,
1673 2168 1750 2228 εἰς

1746 2184 1750 2224 :
1854 2186 1921 2223 ne
1946 2170 1996 2222 in
2029 2169 2167 2222 Melo
2191 2169 2360 2221 insula
2388 2170 2724 2237 percussisse
2756 2168 3403 2239 fugitantem,nymphasc

174 2258 490 2326 βατράχους
533 2258 821 2325 μετέϐαλε.
868 2258 979 2309 Καὶ
1015 2257 1090 2319 ὡς
1132 2257 1474 2326 κυνηγοῦσαν
1535 2258 1753 2325 Ἑλένην

1746 2276 1753 2303 ν
1852 2274 1977 2330 que,
2018 2261 2159 2328 quod
2204 2274 2327 2313 eum
2362 2271 2520 2314 terra:
2566 2263 2932 2323 mandassent,
2969 2261 3018 2313 in
3064 2275 3224 2314 ranas
3254 2275 3403 2314 com-

171 2351 313 2399 ἔνιοί
352 2366 517 2415 φασιν
540 2350 598 2402 ἐν
628 2349 706 2416 τῷ
744 2348 1029 2417 Παρθενίῳ
1055 2350 1096 2379 ⁵¹
1131 2348 1244 2417 ὄρει
1292 2349 1635 2419 ἁρπασθῆναι
1660 2349 1751 2401 ὑπ’

1746 2351 1751 2370 ’
1854 2363 2110 2406 mutasse.
2150 2352 2408 2406 llelenam
2453 2355 2710 2421 quosdam
2752 2351 2955 2406 referre
2998 2355 3072 2406 ait
3120 2365 3403 2407 venantem

184 2438 573 2509 Ἀλεξάνδρου,
607 2441 696 2490 καὶ
742 2440 1107 2503 ὲκπλαγεῖσαν
1138 2440 1198 2492 τὸ
1229 2440 1419 2502 κάλλος
1455 2440 1752 2511 ἀκολουθῆ-

1746 2470 1752 2479 -
1855 2444 1908 2496 in
1938 2444 2184 2512 virginali
2232 2456 2412 2498 monte
2456 2455 2662 2513 raptam
2703 2462 2730 2499 a
2762 2446 2973 2507 Paride,
3008 2456 3061 2499 et
3091 2446 3247 2512 hujus
3286 2446 3403 2514 pul-

172 2546 267 2578 σαι
294 2528 373 2591 ὡς
402 2528 530 2598 θεῷ.
568 2530 699 2599 Περὶ
724 2530 817 2604 τοῦ
856 2526 1049 2581 κεστοῦ
1075 2530 1317 2599 ἱμάντος,
1355 2532 1428 2593 ὼς
1465 2531 1618 2583 λάϐοι
1654 2530 1752 2599 μὲν

1742 2548 1752 2580 ν
1856 2528 2166 2589 chritudine
2206 2545 2418 2604 captam
2468 2545 2719 2607 tanquam
2768 2539 2924 2592 deum
2949 2552 3070 2592 esse
3108 2549 3347 2591 secutam
3385 2555 3399 2591 :

172 2620 348 2670 αὐτὸν
371 2621 520 2688 Ἥρα
541 2621 587 2650 δ’
619 2621 768 2689 παρὰ
797 2622 1110 2693 Ἀφροδίτης
1122 2622 1236 2690 δοίη
1258 2622 1303 2673 δ’
1330 2622 1540 2691 Ἑλένῃ,
1565 2621 1751 2690 κλέψοι

1745 2658 1751 2672 .
1856 2625 1930 2678 De
1971 2641 2105 2678 zona
2159 2626 2271 2695 (77)
2301 2642 2399 2681 acu
2431 2628 2570 2697 picta
2603 2644 2763 2697 quam
2816 2644 2843 2681 a
2878 2628 3081 2684 Venere
3129 2638 3402 2697 acceptam

170 2706 217 2756 δ’
244 2707 414 2758 αὑτὸν
433 2708 466 2775 ἡ
504 2707 721 2777 Ἑλένης
750 2708 1053 2778 θεράπαινα
1084 2711 1477 2773 Ἀστυάνασσα,
1501 2712 1686 2778 ἀφέλοι
1707 2708 1751 2761 δ’

1746 2708 1751 2729 ’
1853 2716 1995 2771 Juno
2021 2720 2229 2774 dederit
2260 2719 2495 2784 Helenae,
2533 2736 2561 2773 a
2610 2736 2711 2787 qua
2743 2737 2950 2774 rursum
2982 2722 3175 2775 ancilla
3207 2723 3403 2791 Astya-

174 2794 351 2845 αύτὸν
404 2794 465 2856 ἐξ
511 2795 679 2862 αὐτῆς
720 2795 879 2847 πάλιν
928 2799 1233 2867 ’Δφροδίτη.
1267 2798 1331 2849 Τί
1377 2801 1491 2851 ἐστι
1533 2799 1595 2850 τὸ
1623 2798 1751 2868 παρ’

1745 2798 1751 2817 ’
1854 2823 2011 2861 nassa
2040 2808 2182 2863 furto
2199 2811 2494 2876 sustulerit,
2521 2813 2689 2865 donec
2714 2823 2831 2865 eam
2857 2810 3034 2863 Venus
3059 2822 3112 2864 et
3134 2813 3255 2865 huic
3282 2812 3402 2864 abs-

188 2887 424 2955 Ὁμήρῳ
451 2886 499 2915 ⁵⁸
526 2886 653 2956 περὶ
677 2887 776 2953 τῆς
794 2887 1007 2958 Ἑλένης
1038 2890 1325 2959 εἰρημένον
1344 2904 1361 2920 ⁸

1854 2899 1993 2952 tulit.
2047 2898 2183 2965 Quid
2250 2902 2322 2956 sit
2386 2902 2513 2956 illud
2566 2904 2632 2956 ab
2696 2900 2922 2954 llomern
2974 2903 3037 2954 de
3083 2901 3278 2955 Helena
3325 2904 3405 2955 sic

1858 2990 2057 3041 dicmm
2090 3008 2103 3043 :

1928 3081 2181 3145 Argivum
2210 3098 2396 3135 uxores
2426 3085 2637 3135 imitata
2664 3095 2739 3137 est
2760 3084 2967 3137 vocibus
3000 3100 3176 3136 omnes
3200 3084 3335 3154 ('78).

1861 3167 2067 3225 Dictum
2104 3171 2244 3227 Solis
2267 3186 2321 3227 et
2361 3174 2516 3229 Leda:
2548 3178 2709 3229 tiliam
2745 3178 2909 3231 fuisse
2946 3175 3223 3241 Helenam,
3252 3191 3407 3229 voca-

258 3062 515 3113 Πάντων
554 3063 827 3132 Ἀργείων
855 3064 1065 3131 φωνὴν
1090 3062 1386 3116 ῑσκουσ’“
1413 3064 1748 3130 ἀλόχοισιν.

192 3154 284 3214 Ὠς
324 3154 507 3206 Ἠλίου
533 3155 779 3223 θυγάτηρ
808 3157 901 3207 καὶ
944 3156 1120 3224 Λήδας
1167 3156 1375 3225 Ἑλένη,
1427 3158 1669 3207 ἐκαλεῖτο
1696 3156 1751 3206 δὲ

180 3244 409 3311 Λεοντή.
464 3246 572 3295 Καὶ
623 3246 698 3306 ὠς
738 3246 855 3297 κατ’
907 3245 1075 3314 ὀργὴν
1136 3246 1455 3313 Ἀφροδίτης
1484 3246 1580 3315 τὴν
1614 3248 1751 3314 πρὸς
1781 3229 1821 3283 C

1746 3264 1751 3304 ῐ
1781 3229 1821 3283 C
1857 3270 2072 3329 tamque
2112 3261 2368 3317 Leontem
2402 3284 2415 3319 :
2450 3277 2652 3333 raptam
2682 3276 2859 3319 autem
2917 3267 3084 3321 fuisse
3116 3268 3185 3321 ob
3212 3267 3403 3320 iratam

179 3334 465 3387 Μενέλαον
499 3337 599 3402 τὴν
631 3336 889 3403 ἁρπαγὴν
927 3336 1174 3402 λέγουσιν
1216 3336 1432 3406 Ἑλένης
1466 3338 1751 3403 γενέσθαι,

1748 3378 1751 3393 ›
1856 3348 2097 3402 Menelao
2147 3348 2426 3413 Venerem,
2469 3353 2609 3421 quod
2663 3355 3012 3407 hecatomben
3057 3370 3155 3423 pro
3203 3356 3405 3422 nuptiis

181 3426 311 3477 ἐπεὶ
346 3427 715 3496 ὑποσχόμενος
781 3428 1067 3498 Ἀφροδίτῃ
1116 3428 1425 3495 ἑκατόμϐην
1476 3429 1614 3496 ὑπὲρ
1660 3429 1753 3480 τοῦ

1750 3452 1753 3473 ’
1856 3437 2149 3505 pollicitus,
2184 3442 2293 3493 voti
2344 3457 2464 3495 reus
2498 3442 2609 3495 dea:
2639 3458 2743 3495 non
2796 3444 3063 3497 solvisset.
3110 3441 3186 3497 De
3236 3444 3407 3497 Hele-

180 3519 369 3586 γάμου
401 3519 502 3569 οὐκ
553 3520 820 3572 ἀπέδωκε.
861 3519 995 3587 Περί
1036 3520 1135 3586 τῆς
1198 3520 1461 3571 Ἐλενείου
1502 3521 1751 3588 βοτάνης,

1748 3561 1751 3577 .
1859 3530 1981 3579 neio
2012 3528 2123 3596 (79)
2151 3530 2337 3597 herba,
2370 3546 2489 3599 qua:
2524 3534 2577 3585 in
2605 3531 2794 3586 Rhodo
2826 3536 3086 3599 nascitur,
3111 3538 3177 3587 ab
3204 3534 3405 3589 Helena

182 3608 219 3676 ἦ
248 3612 309 3657 εν
350 3608 515 3675 Ῥόδῳ
540 3608 752 3675 φύεται,
782 3610 862 3660 ὃτι
888 3626 947 3660 τε
975 3608 1019 3639 ⁵⁸
1049 3610 1155 3661 ἀπὸ
1178 3610 1277 3676 τῆς
1313 3609 1531 3678 Ἑλένης
1554 3612 1757 3663 ἐπωνο-

1749 3643 1757 3653 -
1858 3632 2051 3671 nomen
2099 3620 2237 3673 hanc
2280 3624 2595 3689 sumpsisse.
2639 3622 2819 3676 Visam
2867 3626 3011 3677 enim
3052 3625 3118 3677 ad
3161 3626 3406 3679 eamdem

185 3698 375 3767 μάσοη
416 3701 594 3767 (παρὰ
621 3700 727 3768 γὰρ
780 3702 880 3770 τὴν
929 3699 1059 3767 δρῦν
1111 3699 1265 3770 ὤφθη
1310 3704 1520 3768 φυεῖσα,
1551 3705 1641 3769 ἀφ’
1690 3699 1756 3773 ἧς

1750 3721 1756 3759 :
1858 3708 2000 3761 nasci
2030 3724 2309 3777 quercum,
2340 3726 2405 3765 ex
2435 3728 2540 3779 qua
2558 3728 2614 3766 se
2646 3712 2841 3767 Helena
2876 3715 3223 3783 strangularit
3246 3717 3407 3782 ;qniu

180 3792 390 3858 ἑαυτὴν
440 3791 682 3859 ἀπῆγξεν
722 3790 931 3860 Ἑλένη)
977 3793 1072 3844 καὶ
1114 3792 1188 3853 ὼς
1226 3793 1277 3843 oi.
1303 3794 1563 3860 φαγόντες
1591 3796 1758 3863 αὐτῆς

1755 3816 1758 3824 ν
1860 3807 1914 3848 et
1942 3811 2060 3850 eam
2086 3801 2177 3865 qui
2216 3802 2427 3854 ederint
2449 3802 2513 3855 ad
2541 3803 2712 3855 rixam
2740 3805 2959 3857 omnino
2982 3805 3261 3857 concitari.
3280 3805 3412 3857 Ada-

181 3883 411 3943 πάντως
448 3885 525 3943 εἰς
554 3883 668 3951 ἔριν
698 3883 1068 3936 καθίστανται.
1120 3885 1205 3945 Ὡς
1234 3885 1511 3937 Μενελάου
1544 3888 1757 3957 ἠράσθη

1752 3909 1757 3957 ι
1862 3898 2062 3939 rnatum
2090 3889 2239 3955 prius
2266 3890 2333 3943 ab
2368 3890 2568 3944 Helena
2607 3891 2926 3958 Menelaum,
2950 3893 3029 3946 sic
3054 3897 3270 3946 tandem
3292 3908 3409 3946 eam

195 3972 415 4040 ’1-2λένη,
466 3972 561 4023 καὶ
585 3972 755 4035 οὕτως
779 3974 823 4002 ⁵⁵
882 3973 1084 4041 ἔγημεν
1117 3976 1306 4043 αὑτήν.
1350 3975 1435 4037 Ὠς
1483 3976 1613 4027 ἔνιοι
1660 3978 1759 4045 τὴν

1757 3998 1759 4015 ι
1860 3992 2082 4032 uxorem
2117 3980 2355 4034 duxisse.
2392 3982 2554 4035 Addit
2580 3996 2803 4035 narrare
2818 3985 3100 4050 quosdam,
3134 3985 3185 4035 in
3211 3984 3414 4037 Tauros

195 4064 425 4132 Ἐλένην
473 4066 606 4131 φασὶ
632 4064 675 4095 ⁸⁷
735 4064 1188 4134 παραγενομένην
1234 4066 1313 4127 εις
1362 4066 1611 4133 Ταύρους
1662 4069 1760 4135 τῆς

1755 4087 1760 4125 ῑ
1861 4068 2096 4139 Scythia:
2126 4070 2421 4139 profectam
2476 4089 2597 4126 cum
2625 4073 2862 4127 Menelao
2892 4074 3147 4127 Helenam
3172 4076 3234 4127 ad
3264 4077 3412 4126 inve-

187 4152 431 4211 Σκυθίας
476 4152 571 4202 σὺν
633 4152 897 4221 Μενελάῳ
939 4154 1033 4205 ἐπὶ
1080 4152 1178 4223 τὴν
1236 4154 1488 4223 Ὀρέστου
1537 4156 1761 4224 ζήτησιν

1755 4177 1761 4201 ν
1862 4162 2165 4227 Stigandum
2208 4159 2492 4226 Orestem,
2536 4164 2863 4215 immolatam
2917 4165 2987 4217 ibi
3058 4166 3198 4218 hanc
3227 4164 3412 4235 1590

186 4239 598 4306 σφαγιασθῆναι
648 4240 753 4291 ὑπὸ
815 4241 1133 4308 Ἰφιγενείας
1189 4246 1252 4313 τῇ
1341 4244 1612 4314 Ἀρτέμιδι
1666 4249 1762 4299 σὺν

1751 4266 1762 4297 ι
1862 4248 2045 4303 Diana:
2075 4266 2178 4303 una
2208 4266 2329 4304 cum
2363 4252 2603 4306 Menelao
2635 4255 2801 4307 fuisse
2822 4256 2888 4307 ab
2919 4254 3244 4323 lphigcneia.
3266 4255 3408 4309 Velle

183 4330 455 4397 Μενελάῳ
480 4346 495 4358 ·
534 4330 657 4400 [248
686 4329 776 4401 IL]
810 4333 858 4383 οἱ
884 4332 937 4383 δέ
971 4351 1133 4399 φασιν
1174 4335 1249 4394 ὡς
1271 4334 1423 4397 Θέτις
1453 4336 1639 4406 αὐτὴν,
1666 4339 1762 4389 ἀν-

1756 4367 1762 4377 ·
1869 4350 2046 4392 tamen
2100 4341 2237 4395 alios
2278 4357 2305 4392 a
2351 4341 2531 4405 Theti,
2575 4346 2771 4398 marini
2810 4345 2977 4398 forma
3024 4348 3172 4398 vituli
3210 4347 3413 4410 induta,

185 4422 298 4473 ἐλοι
322 4423 382 4471 ὲν
401 4421 479 4487 τῷ
498 4422 728 4491 ἀπόπλῳ
742 4423 848 4474 τῶν
863 4423 1148 4490 Ἑλλήνων,
1170 4425 1565 4478 ἀπεικασθεῖσα
1581 4429 1758 4499 φώκη.

1757 4474 1758 4479 η
1863 4430 2132 4481 sublatam
2165 4430 2332 4494 illam,
2366 4433 2487 4485 dum
2533 4433 2702 4487 Graeci
2740 4437 2961 4489 navibus
2998 4438 3214 4488 domum
3272 4438 3414 4489 redi-

184 4511 328 4562 Φασὶ
355 4510 401 4562 δ’
446 4509 590 4578 Ἠχὼ
623 4512 720 4580 μὲν
752 4514 852 4581 τὴν
900 4513 1120 4580 Ἑλένην
1165 4514 1225 4564 τὸ
1256 4514 1443 4583 κύριον
1498 4518 1758 4586 κληθῆναι
1792 4556 1834 4609 D

1792 4556 1834 4609 Β
1866 4530 2005 4573 rent.
2035 4520 2259 4586 Ferunt,
2310 4525 2404 4585 ait,
2465 4525 2610 4578 Echo
2655 4528 2925 4593 proprium
2963 4526 3177 4580 Helena:
3224 4544 3415 4581 nomen

188 4600 281 4651 διὰ
310 4600 373 4650 τὸ
409 4600 724 4669 φωνόμιμον
776 4603 944 4671 αὐτὴν
995 4605 1271 4669 γενέσθαι,
1325 4605 1539 4676 Ἑλένην
1568 4607 1625 4658 δὲ
1655 4610 1761 4659 ἀπὸ
1794 4600 1827 4609 ν

1794 4600 1827 4609 ν
1864 4614 2111 4675 inditum,
2142 4615 2283 4680 quod
2325 4615 2549 4669 aliorum
2587 4616 2675 4670 illa
2724 4633 2907 4671 vocem
2956 4619 3157 4672 imitari
3205 4624 3418 4688 egregie

185 4691 285 4743 τοῦ
311 4696 371 4743 ὲν
401 4691 512 4741 ἒλει
557 4693 663 4743 ὑπὸ
704 4693 887 4761 Λήδας
923 4693 1203 4761 τεχθῆναι.
1234 4694 1360 4746 Ὅτι
1385 4698 1413 4746 ὀ
1435 4697 1480 4727 ⁸⁸
1503 4700 1559 4748 ἐν
1586 4700 1763 4750 Λακε-

1761 4730 1763 4736 -
1863 4714 2083 4769 posset:
2116 4701 2372 4756 Helenam
2410 4720 2536 4758 vero
2562 4706 2786 4769 dictam,
2822 4711 2964 4775 quod
3024 4723 3143 4761 eam
3190 4708 3331 4762 Leda
3360 4712 3418 4763 ὲν

188 4783 416 4851 δαίμονι
460 4783 623 4843 τόπος
673 4784 734 4834 τὸ
778 4785 1063 4837 Σανδάλιον
1100 4785 1209 4838 ἀπὸ
1253 4785 1347 4838 τοῦ
1385 4789 1483 4857 τῆς
1547 4789 1761 4858 Ἑλένης

1860 4794 1972 4844 ἕλει
2002 4792 2080 4863 [in
2106 4792 2318 4864 palude]
2356 4796 2604 4849 ediderit.
2627 4796 3011 4853 Lacedaemone
3039 4800 3213 4853 locum
3234 4816 3420 4870 quem-

194 4873 506 4937 σανδαλῐου,
562 4875 888 4935 ἐκπεσόντος
946 4876 1116 4942 αὐτῆς
1159 4879 1216 4927 ὲν
1254 4876 1400 4947 αύτῷ
1428 4878 1763 4949 διωκομένης

1762 4902 1763 4905 η
1860 4884 1981 4935 dam
2037 4884 2348 4937 Sandalium
2396 4887 2719 4953 appellatum
2778 4888 2844 4941 ab
2882 4888 3096 4943 Helena!
3142 4893 3419 4955 sandalio,

190 4964 285 5016 ὑπ’
320 4964 697 5035 Ἀλεξάνδρου,
724 4965 869 5017 ἕλκει
894 4966 993 5034 τὴν
1017 4966 1229 5035 κλῆσιν.
1272 4968 1358 5030 Ὠς
1386 4971 1596 5035 γένοιτο
1629 4974 1758 5032 παῖς

1859 4974 2000 5041 quod
2050 4974 2161 5028 illic
2206 4978 2487 5042 exciderit,
2523 4979 2648 5031 dum
2696 4979 2841 5030 illam
2893 4981 3200 5035 Alexander
3233 4996 3417 5051 perse-

1469 5109 1703 5165 VARIAS
1738 5111 2141 5166 LECTIONES.

262 5223 630 5303 "_T§tuo;__g:.
704 5224 751 5256 ⁸⁸
788 5224 1123 5303 Ἀλεξάνδρῳ
1151 5243 1211 5288 ς.
1364 5228 1771 5303 έπιθυμὴσουσα
1809 5248 1866 5293 ς.
1945 5231 1988 5261 ’⁸ο
2013 5231 2266 5303 εὐνούχου
2309 5234 2348 5283 Α
2384 5251 2395 5285 :
2428 5234 2754 5303 ἡμιάρῤενος
2788 5250 2847 5295 ς.
2885 5302 2891 5303 7
2942 5234 2984 5264 “
3016 5235 3311 5302 παρθενίωι
3354 5235 3417 5287 Α.

192 5292 509 5426 τὶιδαᾷἐξνέ
535 5294 855 5420 “ﬂag-add:
893 5292 1133 5419 ἶμήρόυ
1160 5312 1221 5359 ς’
1293 5296 1341 5327 δ.
1371 5292 1627 5352 (almam-il
1650 5303 1716 5353 A.
1790 5292 1834 5332 δέ
1867 5319 1927 5352 τε
1966 5319 2071 5354 out.
2109 5292 2203 5356 Δί’
2250 5302 2293 5332 ⁵⁸
2321 5306 2415 5354 καὶ
2450 5292 2511 5355 δύ
2545 5292 2749 5371 ἑῆμεῦ
2778 5292 2938 5355 αὑτὸν
2968 5320 3051 5372 pr.
3076 5292 3140 5357 Ᾱ.
3214 5307 3255 5336 ⁸⁷
3291 5308 3421 5374 φασὶ

245 5402 288 5434 ⁸1
341 5402 436 5417 uno
472 5402 533 5426 δ’
676 5402 702 5416 υ
734 5402 858 5420 cuu-
893 5402 957 5419 ιι.

1722 5502 1951 5557 NOTAE.

264 5636 650 5728 ςῖθὶμδσξτσι-
676 5649 730 5728 et
780 5639 949 5728 Ilion...
983 5643 1195 5728 lib.ht.x_,
1250 5652 1511 5728 extremo,
1551 5646 1754 5728 addens
2064 5646 2341 5728 Legendus
2364 5647 2579 5728 llumer.
2609 5652 2769 5728 Iliad.
2792 5655 2851 5709 E.
2875 5666 2927 5709 et
2945 5658 3411 5728 ejnsinterprctes.

196 5706 482 5787 prdpterea
515 5706 783 5787 seueram
810 5711 1046 5764 libellum
1077 5713 1150 5766 De
1177 5706 1331 5781 hujus
1353 5726 1523 5770 morte
1552 5718 1749 5769 άποκο-
1930 5706 2042 5783 (78)
2082 5706 2345 5771 11ὀίιιειίιε
2372 5721 2561 5787 Odyss.
2594 5726 2654 5781 Δ,

193 5778 520 5829 Αοκύντωσιν
542 5779 901 5846 inscripsisse.
1245 5778 1258 5781 ⁷
1935 5778 2043 5843 (781⁷)
2073 5790 2331 5842 lirst'ribit
2368 5778 2591 5852 Plinius,
2628 5778 2717 5844 lih.
2754 5812 2862 5856 χχι,
2895 5778 3013 5857 cap.
3048 5798 3109 5849 10
3139 5808 3190 5852 cl.
3217 5798 3306 5850 21.

477 5870 749 5928 l'n'ttOL.
782 5871 895 5932 Gn.
944 5872 1104 5932 Clll.
2941 5892 3007 5950 illi
