4196 6442
877 389 978 452 619

2021 380 2279 440 ΡΙΙΟΤΙΙ
2320 379 2591 438 ΡΑΤΒΙΑ
2604 378 2821 437 ΙιΕΗίΕ
2849 382 2954 439 CP.

4004 394 4103 457 620

874 497 1076 565 quitur.
1137 490 1427 545 Snstnlisse
1464 490 1827 543 Alexandrum
1873 503 1938 543 ex
1987 488 2183 543 llelena
2242 486 2426 548 ﬁliam,
2459 491 2503 544 Λ

2459 491 2503 544 Α
2534 485 2720 552 θήλεια
2751 486 2808 549 ἐξ
2865 488 3203 559 Ἀλεξάνδρου
3249 490 3459 559 Ἑλένῃ,
3515 492 4101 565 διαφιλονεικησάντων

872 596 1094 651 ortaque
1147 585 1213 636 de
1276 580 1491 634 nomine
1544 584 1931 641 contentione,
1993 582 2137 633 illum
2211 579 2426 648 quidem

870 674 1252 734 Alexandrum,
1304 671 1444 724 hanc
1491 684 1670 724 autem
1717 671 1968 724 Helenam
2021 672 2283 723 nominari
2340 685 2427 721 ro-

869 762 1052 816 luisse.
1102 760 1303 814 V'icisse
1341 761 1555 813 tandem
1601 760 1851 816 llelenam
1892 760 2122 812 talorqu
2151 759 2296 824 jactu
2332 772 2424 810 su-

868 855 1155 922 periorem,
1188 863 1347 919 atque
1388 852 1457 904 ita
1496 852 1658 905 ﬁliatu
1705 851 1861 903 matri
1921 851 2297 917 cognominem
2345 848 2424 899 fa-

868 958 1008 997 ctam
1052 986 1065 999 .
1097 960 1255 1013 quam
1303 946 1369 997 ab
1406 944 1641 1005 llecuba,
1686 953 1840 1010 capto
1866 940 1977 1008 jam
2010 939 2125 1001 ilio,
2168 941 2423 993 interem-

868 1048 1010 1103 ptam
1066 1036 1261 1088 ferunt.
1304 1036 1385 1089 Ab
1434 1036 1610 1088 lliacis
1669 1048 1836 1101 usque
1879 1032 2252 1100 temporibus,
2312 1030 2422 1092 ait,

867 1127 1077 1179 llelenaa
1111 1126 1289 1181 multae
1321 1142 1513 1180 nomen
1548 1133 1669 1179 sunt
1718 1135 1967 1177 mutuatae
2007 1141 2021 1177 :
2056 1132 2112 1175 ut
2142 1121 2334 1189 Egisti
2373 1131 2425 1173 et

864 1220 1270 1288 Clytemnestraz
1318 1219 1445 1281 ﬁlia,
1497 1220 1561 1272 ab
1598 1217 1789 1271 Oreste
1835 1216 2153 1281 interfecta;
2204 1212 2424 1266 Veneris

864 1312 989 1363 item
1022 1311 1074 1362 in
1106 1325 1398 1380 congressu
1442 1325 1561 1362 cum
1598 1309 1854 1361 Adonide
1878 1307 2145 1370 ministra,
2169 1304 2423 1373 Epidam-

861 1404 933 1455 nii
960 1403 1087 1466 tilia,
1114 1416 1167 1456 et
1206 1404 1273 1457 ab
1316 1402 1628 1470 Epidauniis
1659 1402 1881 1455 Veneris
1918 1402 2084 1468 ﬁgura
2132 1401 2300 1459 culta,
2345 1395 2422 1447 di-

860 1496 1019 1548 vitias
1048 1495 1378 1548 inhiantibus
1413 1494 1674 1563 largiens;
1723 1491 1961 1545 Faustuli
1997 1501 2252 1559 printerea
2282 1488 2421 1540 illius

859 1585 989 1647 lilia,
1022 1586 1112 1652 qui
1144 1584 1372 1637 Romum
1404 1594 1458 1637 et
1488 1584 1770 1638 Romulum
1800 1582 2138 1636 educandum
2172 1578 2415 1633 curavit:

860 1686 917 1726 ut
967 1683 1022 1726 et
1058 1674 1146 1725 illa
1198 1682 1279 1725 est
1310 1670 1508 1725 Helena
1539 1671 1823 1739 appellata,
1862 1676 2188 1735 quarternos
2230 1666 2419 1717 edebat

855 1764 1095 1832 quotidie
1146 1763 1347 1816 haedos.
1383 1762 1676 1815 Dicaearchi
1722 1773 1936 1829 quoque
1973 1757 2203 1810 Telesini
2239 1770 2412 1814 soror.

855 1859 1079 1926 aliaeque
1111 1856 1431 1916 octodecim,
1467 1856 1519 1906 in
1562 1854 1757 1923 quibus
1790 1861 1843 1905 et
1886 1866 1946 1904 ea
2008 1848 2241 1903 Homero
2271 1850 2413 1900 anti-

855 1953 1014 2017 quior
1038 1948 1236 2001 Helena
1259 1956 1359 2007 est,
1387 1962 1503 2012 quae
1527 1946 1723 1999 bellum
1749 1942 2043 2009 Trojanum
2070 1940 2412 2008 conscripsit,

854 2042 1038 2095 Μυεωὶ
1069 2039 1414 2093 Atheniensis
1440 2038 1544 2089 ﬁlia
1577 2056 1586 2089 :
1618 2053 1645 2089 a
1676 2051 1783 2105 qua
1808 2046 1859 2088 et
1888 2033 2149 2086 llomerus
2174 2030 2285 2100 (80)
2321 2045 2415 2084 ac-

852 2133 1061 2199 cepisse
1094 2138 1462 2198 argumentum
1495 2129 1748 2191 creditur,
1783 2137 1839 2179 et
1888 2125 2177 2193 hilinguem
2215 2135 2409 2190 agnum

853 2222 1179 2290 possedisse.
1217 2219 1383 2288 Tityri
1421 2218 1637 2284 insuper
1663 2216 1827 2269 ίΕιοιί
1859 2216 1986 2279 lilia,
2015 2228 2130 2281 quae
2158 2212 2413 2278 singulari

854 2308 1113 2361 Achillem
1146 2308 1436 2361 certamine
1468 2320 1785 2373 provocans,
1821 2303 1955 2356 la:sit
1995 2302 2206 2370 quidem
2242 2302 2411 2361 illum,

853 2400 1058 2453 inﬂicto
1089 2398 1296 2451 mortali
1335 2412 1468 2465 pene
1503 2398 1795 2450 secundum
1839 2406 1997 2461 caput
2027 2394 2267 2456 vulnere,
2320 2392 2414 2445 sed

853 2494 965 2561 ipsa
999 2493 1268 2545 occubuit.
1304 2490 1502 2543 Helena
1548 2503 1760 2557 quoque
1798 2487 1847 2539 in
1888 2488 2027 2538 hunc
2068 2500 2286 2537 censum
2330 2498 2412 2536 re-

854 2584 1025 2636 fertur
1056 2584 1141 2635 illa
1192 2583 1439 2650 pingendi
1491 2582 1686 2648 perita,
1718 2577 1960 2631 Timonis
2008 2575 2247 2645 Egyptii
2284 2577 2411 2637 ﬁlia,

852 2690 970 2743 quae
1001 2675 1111 2727 suis
1143 2673 1469 2740 temporibus
1513 2682 1719 2739 gestum
1770 2670 1989 2722 lssicum
2030 2670 2222 2719 bellum
2268 2666 2416 2735 peni-

850 2767 973 2819 cillo
1006 2766 1197 2833 pinxit,
1226 2774 1278 2815 et
1330 2764 1381 2815 in
1412 2762 1563 2815 Pacis
1600 2760 1795 2823 templo
1827 2777 1853 2811 τι
1888 2757 2216 2825 Vespasiano
2253 2757 2417 2823 impe-

852 2872 1031 2911 ratore
1085 2856 1343 2909 collocata
1399 2855 1604 2923 pictura
1642 2852 2072 2906 est.-Archelans
2122 2865 2283 2918 porro
2314 2850 2417 2917 Cy-

851 2949 1037 3017 prius,
1088 2945 1380 2999 Stesichori
1436 2957 1601 3012 poetze
1662 2946 1889 2996 amicam
1951 2943 2106 2994 unice
2165 2942 2412 2994 dilectam

851 3037 1014 3089 fuisse
1044 3036 1119 3087 ait
1153 3032 1404 3086 Helenam
1466 3032 1794 3099 quamdam,
1826 3027 2048 3096 Micythi
2110 3024 2273 3078 ﬁliam
2311 3044 2324 3078 :
2363 3035 2415 3076 et

2529 576 2582 626 δὲ
2617 576 2744 644 περὶ
2784 580 2880 645 τῆς
2935 579 3180 647 κλήσεως
3209 583 3255 642 (ὁ
3288 583 3385 648 μὲν
3428 582 3535 651 γὰρ
3577 585 3962 656 ’Δλεξάνὸραν,
3996 596 4027 659 ἡ
4062 594 4102 642 δ’

2545 666 2761 734 Ἑλένην
2791 667 3072 736 ὀνομάζειν
3096 671 3292 737 ἠξίου),
3325 674 3451 740 νικᾷ
3485 673 3692 743 Ἑλένη,
3732 677 4103 745 ἀστραγάλοις

2529 755 2766 805 λαϐοῦσα
2800 756 2858 806 τὸ
2881 755 3065 825 κῦρος,
3110 761 3203 811 καὶ
3245 762 3279 828 ἡ
3333 764 3460 823 παῖς
3486 766 3551 831 τῇ
3588 768 3755 835 μητρὶ
3807 768 4099 835 ὁμώνυμος

2528 844 2805 911 ἐγεγόνει’
2840 846 3045 915 ταύτην
3099 849 3457 918 ἀναιρεθῆναί
3507 869 3669 918 φασιν
3702 855 3805 906 ὑπὸ
3860 858 4098 925 Ἐκὰδης

2527 939 2582 987 ἐν
2617 941 2681 1005 τῇ
2738 937 2891 989 Ἰλίου
2922 937 3141 991 ἁλώσει.
3175 941 3295 992 Ὀτι
3336 942 3443 993 ἀπὸ
3477 942 3583 993 τῶν
3625 944 3867 997 Ἰλιακῶν
3897 949 4098 1014 ὀνομα-

2528 1030 2648 1080 σταὶ
2681 1030 2967 1095 γεγόνασιν
3004 1032 3232 1085 Ἑλέναι⁹
3267 1038 3298 1103 ἠ
3335 1036 3593 1103 Αἰγίσθου
3626 1038 3718 1089 καὶ
3740 1038 4100 1107 Κλυταιμνή-

2528 1137 2693 1185 στρας
2739 1122 3009 1191 θυγάτηρ,
3046 1125 3111 1193 ἣν
3141 1125 3351 1177 ἀνεῖλεν
3396 1126 3675 1195 Ὀρέστης,
3712 1130 3805 1181 καὶ
3840 1130 3871 1197 ή
3913 1129 4097 1180 διαχο-

2524 1212 2735 1279 νήσασα
2799 1211 3082 1283 Ἀφροδίτη
3125 1215 3182 1265 ἐν
3222 1219 3287 1284 τῇ
3339 1218 3475 1286 πρὸς
3540 1218 3766 1269 Ἀδωνιν
3815 1220 4029 1289 ὁμιλία,
4069 1225 4096 1288 ἡ

2540 1302 2889 1371 Ἐπιδαμνίου
2915 1305 2959 1336 δ’
2996 1306 3257 1375 θυγάτηρ,
3293 1309 3358 1377 ἣν
3424 1311 3758 1378 Ἐπιδάμνιοι
3788 1315 3846 1364 ὲν
3891 1314 4096 1380 Ἀφροο

2524 1390 2673 1459 δίτης
2708 1396 2947 1463 σχήματι
2967 1398 3186 1464 τιμῶσι,
3217 1400 3474 1467 χρήματα
3500 1390 3860 1469 λιμώττουσιν
3882 1404 4097 1455 ἐπιδοῦ-

2525 1500 2621 1535 σαν
2643 1485 2712 1545 ⁸⁰,
2749 1488 2839 1537 καὶ
2889 1490 2919 1555 ἡ
2954 1490 3249 1541 Φαιστύλου
3290 1491 3536 1562 θυγάτηρ
3579 1494 3671 1545 τοῦ
3706 1494 4095 1563 ἀναθρεψαμέ-

2521 1590 2613 1625 νου
2684 1574 2893 1643 Ῥῶμον
2949 1578 3039 1627 καὶ
3111 1578 3405 1645 Ῥωμύλον.
3438 1582 3547 1633 Καὶ
3596 1583 3629 1649 ἡ
3679 1587 3827 1652 τρεῖς
3870 1585 4093 1655 ὲρίιρονς

2519 1665 2771 1717 ἐσθίουσα
2803 1666 2924 1718 καθ’
2964 1668 3174 1737 ἡμέραν
3218 1670 3400 1741 Ἐλένη
3438 1673 3703 1737 ἐκαλεῖτο,
3750 1675 3843 1726 καὶ
3870 1677 3903 1743 ὴ
3931 1677 3978 1707 ⁸¹
4006 1680 4091 1726 Δι-

2520 1757 2785 1824 καιάρχου
2848 1757 2943 1809 τοῦ
2996 1759 3275 1813 Τελεσίνου
3298 1762 3345 1792 ⁸³
3392 1763 3618 1831 ἀδελφὴ,
3678 1763 3933 1836 [4818]
3998 1769 4090 1817 καὶ

2517 1844 2699 1914 ἕτεραι
2722 1846 3111 1910 ὀκτωκαίδεκα,
3144 1844 3219 1902 ὧν
3251 1853 3401 1922 καὶὴ
3433 1854 3540 1922 πρὸ
3587 1854 3827 1923 Ὁμήρου
3875 1856 4089 1923 Ἑλένη,

2516 1938 2548 2006 ἠ
2571 1939 2661 1989 τὸν
2698 1939 2925 1991 Ἰλιακὸν
2949 1944 3376 2013 συγγραψαμὲνη
3404 1945 3657 2014 πόλεμον,
3691 1948 3967 1999 Μουσαίου
3996 1949 4091 2000 τοῦ

2529 2028 2808 2095 Ἀθηναίου
2854 2028 3099 2100 θυγάτηρ
3155 2034 3454 2101 γενομένη*
3488 2036 3615 2106 παρ’
3648 2030 3714 2105 ἦς
3768 2037 3859 2088 καὶ
3902 2036 4086 2104 Ὅμη-

2516 2138 2606 2189 ρον
2650 2120 2863 2187 λέγεται
2894 2122 3075 2175 λαϐεῖν
3098 2125 3191 2192 τὴν
3215 2125 3260 2155 ⁵³
3293 2127 3551 2179 ὑπόθεσιν
3573 2144 3587 2157 ⁸
3637 2129 3703 2197 ἦν
3747 2130 3837 2180 καὶ
3876 2130 4084 2196 κτήσα-

2516 2209 2638 2260 σθαι
2674 2209 2731 2261 τὸ
2758 2210 3050 2277 δίγλωσσον
3083 2214 3266 2281 ἀρνίον
3288 2231 3300 2244 ⁸
3340 2218 3487 2286 καὶὴ
3522 2218 3753 2287 Τιτύρου
3777 2215 3875 2269 τοῦ
3901 2222 4083 2270 Αίτω-

2516 2300 2606 2352 λοῦ
2634 2302 2901 2373 θυγάτηρ,
2943 2306 3061 2375 ἣτις
3101 2308 3178 2370 είς
3228 2310 3564 2378 μονομαχίαν
3605 2310 3850 2379 Ἀχιλλέα
3879 2329 4085 2381 προκα-

2515 2391 2784 2461 λεσαμένη
2806 2394 2850 2424 ⁵⁸
2902 2396 3107 2447 ἐκεῖνον
3169 2397 3267 2465 μὲν
3321 2399 3459 2450 κατᾶ
3492 2402 3590 2468 τῆς
3645 2401 3889 2470 κεφαλῆς
3918 2404 4084 2469 ἐγγὺς

2519 2484 2747 2536 θανατου
2807 2484 3081 2555 τραύματι
3109 2488 3154 2519 ⁵³
3200 2487 3454 2558 ἔτρωσεν,
3499 2492 3635 2560 αὑτὴ
3688 2492 3733 2544 δ’
3776 2493 3869 2544 ὑπ’
3918 2494 4082 2546 αὑτοῦ

2515 2578 2798 2648 ἀνῄρηται.
2836 2578 2947 2631 Καὶ
2999 2580 3347 2650 ήζωγράερος
3400 2583 3587 2650 Ἑλένη
3641 2584 3735 2635 τοῦ
3778 2587 4083 2654 καταλόγου

2514 2668 2631 2720 ἐστὶ
2656 2669 2865 2733 τούτου,
2921 2669 3166 2740 Τίμωνος
3206 2672 3298 2724 τοῦ
3338 2675 3633 2739 Αἰγυπτίου
3664 2675 3935 2746 θυγάτηρ,
3966 2678 4083 2746 ἥτις

2513 2761 2610 2829 τὴν
2642 2762 2699 2812 ὲν
2722 2762 2768 2791 ³⁸
2838 2762 2991 2831 Ἰσσῷ
3054 2763 3253 2832 μάχην,
3303 2765 3361 2815 ἐν
3410 2766 3636 2827 ἐκείνοις
3684 2768 4011 2834 ἀκμάζουσα
4037 2769 4081 2799 ⁸*

2514 2855 2623 2913 τοῖς
2656 2852 2887 2921 χρόνοις,
2914 2854 3147 2924 ἔγραψει
3190 2856 3283 2908 καὶ
3324 2859 3383 2907 ὲν
3412 2856 3489 2925 τῷ
3521 2858 3619 2925 τῆς
3651 2858 3896 2929 Εἰρήνης
3921 2861 4080 2928 τεμέ-

2515 2959 2591 2993 νει
2620 2943 2709 2992 ἐπὶ
2744 2943 3153 2996 Οὐεσπασιανοῦ
3179 2945 3424 2996 ἀνέκειτο
3471 2948 3732 3015 ήγραφή.
3774 2948 4064 3017 Ἀρχέλαος

2516 3032 2571 3082 δὲ
2600 3034 2626 3082 ό
2663 3032 2907 3103 Κύπριος
2937 3034 3265 3103 Στησιχόρου
3298 3036 3429 3102 φησὶ
3473 3036 3567 3087 τοῦ
3596 3037 3818 3104 ποιητοῦ
3860 3039 4081 3108 Ἑλένην

849 3124 1322 3180 discessisselianc
1358 3138 1385 3173 a
1418 3122 1753 3185 Stesichoro,
1782 3130 1941 3186 atque
1976 3118 2040 3169 ad
2072 3116 2331 3185 Bupalum
2355 3130 2412 3168 se
2440 3154 2480 3209 C

2440 3154 2480 3209 C
2531 3120 2803 3189 Ἰμεραίαν
2835 3124 3115 3192 ἐρωμένην
3151 3124 3438 3191 γενέσθαι,
3486 3127 3729 3179 Μικύθου
3765 3128 4076 3200 θυγατέρα’

849 3218 1140 3272 contulisse
1170 3234 1182 3267 :
1220 3217 1410 3267 iratum
1439 3230 1566 3282 ergo
1601 3215 1723 3266 hinc
1748 3214 1825 3266 sui
1860 3221 2167 3278 contemptu
2200 3217 2408 3274 poetam

850 3310 1129 3377 scripsisse
1164 3304 1426 3378 [carmen]
1456 3324 1467 3357 :
1499 3305 1694 3357 Helena
1726 3302 1898 3355 volens
1922 3302 2176 3353 discessit.
2203 3298 2413 3352 Falsam

849 3415 1024 3454 autem
1073 3414 1191 3453 esse
1245 3400 1354 3450 vult
1402 3397 1759 3449 narrationem
1817 3394 1962 3446 illaut
2014 3392 2077 3445 de
2106 3391 2415 3444 Slesichoro

850 3490 1285 3559 t-xcmcatot81).
1334 3487 1409 3541 De
1458 3488 1596 3557 moly
1635 3487 1747 3553 (8'2)
1800 3487 1989 3538 deinde
2064 3483 2227 3535 herba
2277 3481 2412 3549 apud

851 3585 1139 3638 llomerum
1168 3584 1297 3651 agit,
1327 3595 1485 3649 quam
1510 3594 1539 3633 e
1569 3580 1827 3646 sanguine
1855 3575 2118 3629 interfecti
2155 3574 2207 3626 in
2230 3573 2414 3625 Circes

850 3678 1020 3729 insula
1058 3673 1291 3743 gigantis
1311 3681 1525 3725 enatam
1564 3670 1761 3731 ferunt,
1792 3666 2097 3733 liabereque
2126 3664 2409 3715 candidum

848 3767 1032 3819 liorem
1057 3783 1069 3830 ;
1091 3765 1276 3818 Circes
1300 3771 1476 3814 autem
1506 3762 1557 3813 itt
1583 3774 1758 3828 pugna
1782 3758 1985 3811 socium
2014 3756 2219 3818 Solem,
2246 3756 2407 3807 etiam

852 3857 1040 3925 1500
1099 3857 1361 3923 gigantem
1432 3850 1809 3910 interemisse,
1864 3858 2025 3914 atque
2074 3846 2216 3907 inde,
2269 3845 2409 3913 quod

850 3948 1023 4016 μῶλος
1083 3961 1308 4013 pugnam
1350 3942 1636 4010 signiticet,
1674 3942 1901 3993 inditum
1953 3940 2129 3991 herba!
2189 3952 2404 3989 nomen.

846 4038 1030 4091 Refert
1063 4050 1275 4105 qitoque
1319 4034 1626 4103 Dionysium
1650 4033 1815 4084 fuisse
1843 4030 2093 4085 Chironis
2122 4028 2404 4088 amasium,

845 4143 898 4183 et
937 4130 1003 4181 ab
1038 4138 1220 4181 eodem
1254 4127 1691 4187 comessationes,
1722 4123 2207 4187 bacchationesque
2229 4135 2291 4173 ac
2320 4134 2407 4172 Sa-

844 4221 1047 4273 criﬁcia
1080 4219 1348 4271 didicisse.
1381 4217 1450 4269 De
1476 4215 1830 4285 Myrtillorum
1868 4215 1981 4282 (85)
2014 4215 2181 4279 patris
2209 4228 2270 4265 ac
2309 4211 2401 4264 ﬁlii

841 4308 1145 4375 Taraxippo
1175 4307 1226 4359 in
1259 4305 1525 4374 Olympia.
1585 4305 1767 4357 Solum
1814 4304 1942 4355 item
1998 4302 2399 4369 Neoptolemum

842 4400 1120 4452 idat-interii
1157 4398 1264 4466 (84)
1298 4397 1574 4448 oraculum
1608 4395 1943 4447 l’hemonoes
1975 4394 2041 4445 ab
2070 4392 2231 4446 [ΕΗιο
2254 4432 2266 4454 ,
2296 4407 2400 4443 ιιιιο

2517 3214 2830 3263 ἀποστᾶσαν
2860 3212 2917 3264 δὲ
2955 3216 3280 3283 Στησιχόρου
3332 3217 3425 3267 καὶ
3479 3218 3613 3287 πρὸς
3647 3216 3925 3271 Βούπαλον
3986 3238 4073 3271 πο·

2519 3303 2798 3370 ρευθεῖσαν
2848 3306 3183 3372 ἀμυνόμενον
3235 3306 3333 3373 τῆς
3392 3308 3692 3375 ὑπεροψίας
3727 3309 3818 3359 τὸν
3850 3312 4077 3379 ποιητὴν

2514 3393 2718 3460 γράᾲαι
2745 3394 2818 3455 ὡς
2846 3394 2890 3424 ⁵³
2929 3394 3141 3462 Ἑλένη
3176 3396 3403 3449 ἑκοῦσα
3434 3396 3635 3463 ἀπῆρε
3656 3412 3670 3427 ·
3704 3398 3873 3467 ψευδῆ
3904 3401 3962 3451 δὲ
3996 3402 4077 3451 τὸν

2518 3485 2639 3551 περὶ
2699 3483 2796 3551 τῆς
2855 3485 3155 3553 πηρώσεως
3202 3481 3340 3538 εῖναι
3398 3487 3573 3554 λόγον.
3626 3489 3761 3556 Περὶ
3792 3489 3886 3540 τοῦ
3942 3492 4067 3558 παρ’

2524 3575 2748 3643 Ὁμήρῳ
2783 3575 2990 3643 μώλυος
3012 3578 3106 3645 τῆς
3135 3576 3384 3647 βοτάνης,
3416 3582 3483 3648 ἢν
3509 3581 3573 3631 ἐκ
3595 3581 3684 3632 τοῦ
3715 3582 3951 3648 αἵματος
3978 3582 4066 3634 τοῦ

2510 3665 2887 3734 ἀναιρεθέντος
2920 3668 2975 3717 ὲν
3009 3670 3074 3736 τῇ
3120 3668 3331 3736 Κίρκης
3367 3671 3513 3738 νήσῳ
3564 3671 3824 3736 Γίγαντος
3856 3672 4071 3739 λέγουσι

2511 3755 2694 3821 φῦναι,
2736 3756 2770 3823 ἢ
2803 3757 2895 3808 καὶ
2931 3757 2990 3808 τὸ
3014 3756 3168 3818 ἀνθος
3208 3758 3318 3825 ἔχει
3349 3758 3536 3810 λευκόν
3559 3775 3571 3787 ·
3601 3760 3683 3811 ὃτι
3719 3761 3747 3810 ὁ
3771 3762 4072 3828 συμμαχῶν

2508 3850 2572 3914 τῇ
2602 3848 2781 3916 Κίρκη
2814 3849 2908 3900 καὶ
2929 3848 3130 3900 ἀνελὼν
3160 3850 3249 3901 τὸν
3281 3850 3516 3914 Γίγαντα
3545 3853 3573 3901 ὀ
3605 3852 3795 3913 Ἥλιος
3817 3848 3885 3922 ἦν
3913 3867 3927 3879 ·
3960 3855 4069 3922 μῶ-

2507 3939 2595 3999 λος
2623 3940 2666 3990 δ’
2699 3942 2730 4009 ἡ
2765 3941 2933 4009 μάχη,
2970 3942 3027 4007 ἐξ
3055 3936 3113 3993 οὗ
3158 3945 3251 3993 καὶ
3278 3944 3307 4010 ἡ
3359 3942 3576 4011 βοτάνη.
3631 3944 3719 4005 Ὠς
3749 3946 4005 4008 Διόνυσος
4027 3947 4067 3977 ⁸³

2507 4030 2779 4100 ἐρώμενος
2808 4033 3097 4102 Χείρωνος,
3128 4032 3183 4097 ἐξ
3212 4028 3271 4085 οὗ
3295 4037 3386 4085 καὶ
3420 4034 3579 4101 μάθοι
3600 4035 3725 4094 τοὺς
3757 4052 3814 4087 τε
3850 4036 4065 4104 κώμους

2508 4122 2599 4172 καὶ
2631 4122 2726 4181 τὰς
2767 4120 3024 4189 βακχείας
3079 4122 3170 4173 καὶ
3234 4123 3333 4181 τὰς
3396 4122 3637 4183 τελετάς.
3688 4125 3822 4190 Περὶ
3863 4125 3960 4176 τοῦ
4014 4128 4067 4176 ἐν

2520 4211 2791 4278 Ὀλυμπίᾳ
2818 4211 3168 4279 Ταραξίππου
3189 4212 3283 4263 καλ.
3313 4212 3355 4242 ⁶⁰
3378 4213 3483 4263 τῶν
3512 4213 3832 4282 Μυρτίλλων
3858 4218 4063 4284 πατρὸς

2504 4306 2598 4357 καὶ
2628 4306 2832 4367 παιδός.
2873 4306 2995 4358 Ὅτι
3032 4307 3116 4358 τὸν
3146 4306 3249 4357 ὑπὸ
3296 4307 3581 4375 Φημονόης
3610 4310 3855 4375 χρησμὸν
3908 4310 4063 4376 μόνον

2503 4396 2878 4465 Νεοπτόλεμον
2915 4398 3003 4448 τὸν
3042 4396 3338 4464 Μακιώτην
3393 4399 3543 4465 παρὰ
3577 4399 3739 4449 Δῖοου
3769 4398 3913 4460 τινὸς
3954 4401 4060 4450 τῶν

838 4508 867 4540 e
902 4489 1160 4541 fratribus
1207 4488 1477 4539 audivisse
1524 4489 1696 4548 aiunt,
1732 4501 1793 4536 ac
1826 4486 1889 4536 de
1937 4485 2037 4535 hoc
2066 4482 2232 4535 Aitho
2264 4484 2397 4533 libro
2430 4500 2472 4552 ο

2430 4486 2778 4553 οΔελςῶνθι
2829 4487 3053 4539 ἀκοῦσαί
3142 4505 3309 4555 φασιο
3373 4490 3503 4556 περὶ
3571 4489 3762 4540 τούτου
3832 4489 3889 4540 δὲ
3971 4491 4058 4541 τοῦ

838 4581 1010 4648 primo
1051 4578 1409 4631 Historiarum
1437 4575 1765 4629 Herodotum
1801 4576 2017 4627 dicere;
2053 4572 2167 4626 Etsi
2212 4590 2392 4625 nomen

835 4671 948 4737 ejus
997 4670 1123 4721 mihi
1156 4678 1357 4731 notum,
1396 4683 1497 4719 non
1535 4679 1705 4718 tamen
1740 4671 2058 4717 memorabo.
2096 4667 2170 4717 De
2204 4662 2400 4729 duplici

835 4763 971 4831 apud
1022 4762 1312 4814 llomerum
1380 4758 1760 4827 appellatione,
1831 4757 2001 4809 altera
2062 4754 2201 4822 apud
2251 4756 2397 4810 deos.

834 4855 1002 4907 altera
1037 4853 1279 4904 homines
1304 4851 1553 4917 quodque
1584 4848 1829 4900 Xanthus
1849 4848 1995 4900 solus
2017 4847 2154 4898 inter
2186 4843 2402 4896 ﬁmnina

838 4945 999 4998 luerit
1024 4943 1171 4997 Jovis
1202 4942 1362 4995 lilius.
1400 4940 1474 4995 De
1504 4942 1628 4993 aliis
1657 4942 1780 4992 item
1809 4938 2006 5006 duplici
2035 4936 2276 5004 przeditis
2307 4949 2401 4987 no-

2500 4579 2659 4628 Λίθον
2702 4580 2793 4629 καὶ
2838 4579 3111 4647 Ἡρόδοτός
3148 4597 3311 4649 φησιν
3332 4582 3450 4612 ⁶⁹νδ³
3477 4582 3599 4651 [24!)
3645 4580 3735 4650 IL]
3765 4582 3822 4631 ὲν
3868 4583 4059 4649 πρώτῃ

2504 4669 2751 4736 ἱστοριῶν
2774 4671 2852 4721 ὅτι
2876 4670 3059 4734 Εἰδὼς
3095 4672 3282 4724 αὐτοῦ
3318 4672 3382 4723 τὸ
3428 4673 3640 4738 ὄνομα,
3674 4675 3785 4723 οὐκ
3808 4673 4059 4739 ἐπιμνη-

2501 4761 2824 4826 σθήσομαι.
2860 4762 2991 4830 Περὶ
3017 4762 3114 4830 τῆς
3143 4762 3273 4831 παρ’
3320 4764 3541 4833 Ὀμήρῳ
3580 4765 3873 4832 διωνυμίας
3915 4771 4058 4833 παρα

2502 4848 2641 4909 θεοῖς
2671 4850 2766 4900 καὶ
2788 4850 3115 4918 ἀνθρώποις,
3138 4853 3229 4903 καὶ
3262 4852 3341 4904 ὅτι
3372 4852 3571 4914 Ξάνθος
3600 4854 3761 4920 μόνος
3797 4857 4057 4923 ποταμιυν

2503 4940 2621 5001 Διὸς
2673 4941 2806 5005 υίὸς,
2864 4943 2955 4994 καὶ
2997 4946 3122 5014 περὶ
3161 4944 3334 4997 ἄλλων
3386 4945 3688 5013 διωνύμων.
3736 4946 3847 4998 Καὶ
3885 4946 3963 5009 ὡς
4004 4947 4059 4998 ἐν

2103 5095 2335 5150 γΑιιιΑε
2362 5098 2759 5154 LECTIONES.

905 5220 947 5251 ‘9
988 5217 1312 5269 Ἐπιδαύνιοι
1352 5231 1409 5277 ς.
1488 5214 1532 5243 ⁸ο
1560 5210 1899 5264 ὲπιδιόοὖσαν
1928 5224 1985 5269 ς.

834 5289 1175 5354 καλεσαμένη
1205 5302 1264 5347 ς.
1338 5285 1382 5313 ⁵⁸
1411 5283 1749 5350 τραυματίαν
1784 5296 1843 5341 ς.
1866 5348 1904 5354 __
1946 5278 1989 5308 ⁵⁸⁵
2021 5277 2075 5325 ἐν
2104 5278 2223 5354 add.
2255 5281 2315 5331 A.

834 5362 877 5389 ⁵ο
919 5358 1012 5410 καὶ
1034 5347 1244 5408 έιάιᾙΑ.
1319 5354 1360 5383 ⁶¹
1394 5347 1634 5419 das-ha:th
1658 5368 1717 5413 ς.
1789 5348 1905 5380 ⁶¹·⁶³
1932 5363 2089 5413 φασιν
2123 5347 2187 5399 Α.

2074 5206 2112 5235 ω
2149 5209 2180 5263 ὴ
2234 5212 2353 5262 add.
2393 5212 2456 5263 Α.

2149 5209 2180 5272 ὴ
2234 5212 2353 5262 add.
2393 5212 2456 5263 A.
2544 5213 2587 5241 δ’
2626 5211 2926 5263 τελεστίνου
2956 5230 2994 5275 ς

2149 5278 2223 5329 .ld.
2255 5281 2315 5331 A.
2394 5280 2575 5333 “libri
2633 5282 2999 5350 ἀκμάζουσαν.

3367 5215 3432 5284 ἦν
3479 5213 3600 5266 add.
3648 5215 3746 5284 A._
3784 5212 3833 5242 “
3886 5231 4054 5281 p.576-

3592 5285 3636 5314 ⁵³
3670 5282 3945 5345 διόνυσσος
3990 5286 4052 5338 Α.

2544 5213 2587 5241 ⁸³
2626 5211 2926 5283 τελεστίνου
2956 5230 3017 5275 ς.
3108 5214 3152 5244 ⁸³
3174 5213 3269 5283 τὴν
3295 5224 3347 5267 et

3089 5283 3133 5314 ⁵⁸
3158 5286 3230 5345 ὡς
3262 5283 3396 5337 add.
3430 5286 3493 5335 Λ.

2365 5439 2588 5494 ΙΝΟΤᾹΞ.

906 5570 1284 5643 (80)“Similem
1320 5568 1463 5637 leges
1510 5577 1716 5621 narrat.
1752 5564 1875 5619 infr.
1930 5564 1982 5617 in
2020 5562 2296 5629 Excerptis
2324 5577 2386 5615 ex

832 5641 925 5698 lib.
956 5658 987 5692 ν
1024 5641 1292 5706 llepltznst.

901 5712 1013 5791 (θῇ)
1052 5703 1211 5779 Stipr.
1244 5718 1445 5763 narrat.
1476 5708 1560 5771 18,
1590 5707 1794 5763 Conon.
1830 5703 1981 5759 Plato
2028 5704 2079 5756 in
2141 5704 2383 5768 I’Im'dro,

831 5792 884 5838 et
911 5784 1024 5837 alii.

2569 5567 2682 5629 (8'2)
2708 5564 2860 5619 Hom.
2890 5566 3077 5633 Odyss.
3110 5563 3172 5619 Κ,
3216 5582 3267 5617 ν.
3300 5564 3425 5627 304,
3463 5576 3516 5615 et
3540 5563 3653 5631 ejus
3682 5565 3961 5633 interpret.

2565 5638 2672 5701 (83)
2724 5635 2863 5705 Lege
2922 5635 3150 5689 PauSan.
3230 5636 3400 5687 Eltac.
3465 5650 3540 5695 ιι,
3601 5649 3722 5703 pag.
3782 5632 3887 5686 199
3924 5636 4043 5689 etii.

2491 5705 2741 5759 Οιιιίιιιιτι.

2564 5777 2670 5846 ιδ’ί)
2709 5774 2781 5829 De
2805 5778 2902 5830 hac
2926 5788 3045 5830 vate
3078 5776 3303 5828 Pausan.
3353 5773 3574 5825 I’Iwcias
3618 5788 3722 5825 non
3753 5774 3942 5827 semel.
