4196 6442
172 422 281 489 621

1327 418 1854 479 BIBLIOTIIECA.
1884 444 1954 454 —
1990 419 2151 479 COD.
2195 421 2352 483 CXC.

3316 429 3421 491 622

171 528 469 603 Τυρρηνίᾳ
524 530 686 598 φασὶν
732 522 871 582 εἶναι
933 529 1087 591 ’Λλδς
1136 528 1343 599 πύργον
1402 530 1753 597 καλούμενον,
1785 540 1825 592 Α

1785 540 1825 592 Α
1862 530 2022 581 mine.
2060 529 2191 583 Esse
2224 530 2409 584 adhmc
2456 532 2509 584 in
2546 527 2848 601 Tyrrhenia
2878 529 3027 587 [Iulis
3068 534 3279 600 turrim,
3304 550 3422 605 quae

170 621 554 689 ὀνομασθῆναι
598 619 655 671 δὲ
700 619 806 670 ἀπὸ
865 619 1015 681 Ἀλὺς
1052 619 1340 689 Τυῤῥηνῆς
1390 620 1753 690 φαρμακίδος,

173 712 210 779 ἣ
244 711 468 778 Κίρκης
504 709 809 778 θεράπαινα
827 708 1091 777 γενομένη
1114 708 1297 776 διέδρα
1325 708 1423 777 τῆς
1442 710 1751 776 δεσποίνης.

172 802 328 869 Πρὸς
360 801 566 870 ταύτην
590 800 667 862 δὲ,
702 801 855 868 φησὶ,
888 799 1332 868 παραγενόμενον
1354 802 1444 852 τὸν
1496 801 1756 853 Ὀδυσσέα

174 893 256 953 εἰς
294 894 463 943 ἵππον
489 891 751 960 μετέϐαλε
772 893 884 953 τοῖς
908 892 1241 960 φαρμάκοις,
1274 893 1367 943 καὶ
1396 891 1589 961 ἔτρεφε
1624 892 1752 962 παρ’

170 986 347 1053 ἑαυτῇ
365 986 434 1049 ⁸³,
463 985 566 1046 ’έως
596 986 845 1053 γηράσας
887 983 1259 1051 ἐτελεύτησεν.
1304 983 1399 1034 Ἐκ
1425 983 1630 1048 ταύτης
1658 985 1755 1053 τῆς

173 1075 429 1143 ἱστορίας
457 1074 642 1126 λύεται
669 1073 764 1126 καὶ
790 1074 850 1124 τὸ
871 1074 1001 1142 παρ’
1032 1072 1255 1143 Ὁμήρῳ
1286 1072 1681 1142 ἀπορούμενον*

399 1290 412 1301 .
451 1288 467 1302 .
495 1290 507 1301 .
540 1291 552 1302 .
588 1289 601 1302 .
634 1288 649 1301 .
684 1288 697 1299 .
735 1249 996 1314 Θάνατος
1022 1248 1087 1302 δέ
1122 1267 1208 1303 τοι
1231 1250 1302 1314 ἐξ
1323 1250 1471 1315 ἁλὸς
1499 1250 1679 1314 αὐτῷ.

185 1340 279 1389 Ἐν
310 1342 527 1402 τούτοις
557 1340 654 1409 μὲν
684 1341 778 1392 καὶ
804 1340 863 1392 τὸ
890 1341 929 1392 δ’
963 1340 1187 1411 βιϐλίον.

259 1434 327 1483 Ἰί
356 1434 412 1484 δὲ
448 1439 486 1485 ε’
522 1432 723 1502 βίὸλος,
777 1432 850 1494 ὡς
894 1434 1033 1500 μετά
1068 1434 1306 1501 Ἀμύκου
1341 1433 1503 1500 φασὶν
1545 1433 1752 1497 Ἰάσων,

169 1524 292 1575 ἀλλ’
360 1526 485 1591 οὐχ).
542 1524 884 1593 Πολυδεύκης
944 1526 1271 1593 ἐμαχέσατο.
1341 1523 1452 1575 Καὶ
1505 1526 1531 1576 ὁ
1579 1523 1751 1594 χῶρος

172 1620 479 1685 μαρτυρεῖ,
556 1616 809 1683 Ἰησόνιος
889 1617 1059 1686 αἰχμὴ
1094 1618 1138 1647 ⁸⁵
1202 1616 1585 1683 καλούμενος·
1660 1619 1754 1668 καὶ

170 1709 331 1777 πηγὴ
394 1708 673 1760 ἀνατέλλει
730 1710 901 1777 ἀγχοῦ
982 1710 1150 1776 Ελένη
1181 1708 1494 1776 καλουμένη
1522 1709 1587 1760 ⁸⁸.
1660 1710 1752 1760 Ἐκ

166 1799 368 1848 τούτου
423 1798 610 1850 λύεται
670 1800 763 1851 καὶ
842 1800 904 1850 τὸ
962 1798 1307 1867 Κριναγόρου
1401 1799 1747 1868 ἐπίγραμμα.

170 1886 302 1941 ’Ὁτι
335 1890 415 1951 τὸ,

250 1983 361 2034 Καὶ
387 1983 433 2012 ⁵⁷
466 1981 812 2049 Προκλέους
853 1983 1024 2036 ἵπποι
1068 1984 1308 2050 χλωρὰν
1349 1984 1752 2122 ψαῗεὶὲιανθαν

1479 2070 1506 2103 ε
1549 2070 1749 2113 Ουσιν,

1479 2057 1749 2113 ἔδουσιν,

168 2144 449 2212 ἀγνοηθὲν
498 2145 856 2213 Καλλιμάχῳ,
903 2144 1174 2196 Εὐϐούλου
1221 2143 1339 2197 ἐστὶ
1374 2142 1468 2195 τοῦ
1504 2144 1749 2210 κωμικοῦ

169 2240 251 2296 εἰς
288 2236 568 2287 Διονύσιον
591 2237 633 2265 ⁸⁸
661 2237 917 2304 κωμῳδία
938 2253 948 2264 ·
985 2238 1076 2289 καὶ
1106 2238 1351 2305 περὶτῆς
1382 2237 1748 2308 παρῳδήσεως

168 2326 265 2378 ττιῦ
291 2326 503 2393 στίχου.
544 2327 607 2377 Ὶι
641 2326 695 2378 δὲ
717 2326 1038 2394 ψαλάκανθα
1060 2327 1253 2396 βοτάνη
1282 2328 1428 2379 ἐστὶν
1453 2330 1746 2394 Αἰγυπτία,

165 2420 293 2486 ἥτις
333 2419 522 2478 ἵπποις
553 2418 964 2487 περιαπτομένη
1007 2418 1168 2485 νίκην
1200 2419 1427 2487 παρέχει
1460 2420 1550 2470 καὶ
1576 2419 1749 2470 εὐδαι-

168 2508 392 2575 μονίαν.
429 2510 566 2560 Φασὶ
605 2508 662 2561 δὲ
697 2510 770 2571 ὡς
797 2513 828 2579 ἡ
863 2509 1200 2562 Ψαλάκανθα
1232 2509 1418 2579 νύμφη
1450 2511 1662 2577 ἐγένετο
1690 2511 1747 2562 ὲν

167 2598 393 2669 ἰκαρὶᾳ
425 2604 490 2669 τῇ
525 2600 843 2669 νήσῳ,’ἦτις
878 2602 1166 2669 ἐρασθεῖσα
1195 2602 1449 2654 Διονύσου
1481 2603 1746 2671 συνέπρα-

166 2694 260 2756 ξεν
301 2692 455 2757 αὐτῷ
489 2690 585 2759 τὴν
634 2691 771 2759 πρὸς
819 2691 1103 2761 Ἀριάδνην
1148 2692 1385 2761 ὁμιλίαν,
1446 2693 1530 2759 ἐφ’
1569 2686 1613 2758 ᾧ
1656 2694 1747 2744 καὶ⁹

164 2784 308 2851 αὐτῇ
347 2784 702 2848 συγγένοιτο·
764 2783 858 2834 καὶ
913 2783 987 2843 ὡς
1021 2784 1269 2843 Διόνυσος
1306 2784 1404 2851 μὲν
1434 2784 1532 2835 οὐκ
1582 2785 1747 2851 ὴὸου-

164 2876 309 2943 λήθη
337 2876 403 2938 (⁵⁸,
444 2875 570 2944 [484
595 2873 685 2945 [ὶ.]
709 2874 1046 2928 Ψαλάκανθα
1067 2876 1113 2927 δ’
1140 2875 1530 2927 ἐπεϐούλευσεν
1574 2877 1748 2945 ’Λριά-

162 2968 285 3035 δνῃ,
331 2970 357 3017 6
407 2966 453 3017 δ’
512 2966 789 3033 ὀργισθεὶς
845 2966 1275 3036 μετεμόρφωσεν
1338 2966 1509 3035 αὐτὴν
1542 2968 1620 3029 εἰς
1650 2970 1749 3035 τὴν

422 3056 727 3123 μεταγνοὺς
776 3056 833 3107 δὲ
905 3056 996 3107 ἐπὶ
1044 3058 1178 3125 τιμῇ
1206 3056 1249 3085 ⁷ο
1296 3054 1391 3106 τοῦ
1450 3057 1620 3123 φυτοῦ
1669 3057 1748 3127 τῷ

178 3149 477 3214 Ἀριάδνης
505 3146 635 3197 αὐτὸ
671 3145 968 3214 περιέθηκε
1000 3147 1247 3215 στεφάνῳ
1279 3146 1359 3215 τῷ
1420 3164 1745 3217 κατηστερι-

166 3240 360 3307 σμένῳ
408 3240 468 3289 ἐν
509 3238 740 3307 οὐρανῷ.
776 3238 885 3306 Τὴν
915 3238 971 3290 δὲ
1020 3238 1157 3291 πόαν
1205 3240 1253 3290 οἱ
1303 3238 1402 3307 μὲν
1454 3240 1751 3311 άρτεμισίᾳ

164 3331 434 3390 ἐοικέναι,
466 3330 515 3380 οἱ
547 3330 603 3380 δὲ
636 3330 932 3399 μελιλώτῳ.

247 3422 343 3481 Ὠς
375 3421 741 3489 Ἀθηνόδωρος
769 3424 796 3473 6
836 3422 1144 3491 Ἐρετριεὺς
1165 3422 1223 3474 ἐν
1252 3422 1422 3491 ὀγδόῳ
1455 3423 1748 3489 Ὑπομνη-

162 3513 373 3566 ιιάτων
412 3514 547 3581 φησί
585 3512 739 3565 Θέτιν
771 3514 863 3566 καὶ
894 3514 1131 3583 Μήδειαν
1154 3514 1333 3583 ἐρίσαι
1360 3514 1488 3584 περὶ
1520 3516 1749 3578 κάλλους

163 3608 223 3654 ὲν
255 3603 573 3671 θεσσαλίᾳ,
629 3605 721 3655 καὶ
766 3604 959 3673 κριτὴν
1009 3604 1265 3671 γενέσθαι
1318 3605 1607 3673 Ἰδομενέα,
1656 3606 1750 3657 καὶ

165 3696 507 3761 προσνεῖμαι
537 3693 713 3745 Θέτιδι
757 3696 855 3762 τὴν
904 3696 1085 3763 νίκην,
1118 3695 1356 3764 Μήδειαν
1392 3698 1436 3748 δ’
1476 3696 1748 3765 ὀργισθεῖ-

168 3802 274 3838 σαν
307 3784 508 3845 εἰπεῖν,
530 3784 755 3850 Κρῆτες
786 3783 877 3836 ἀεὶ
900 3785 1180 3852 ψεῦσται,
1242 3786 1335 3836 καὶ
1372 3785 1748 3855 ἐπαράσασθαι

164 3877 325 3946 αὐτῷ
390 3878 663 3945 μηδέποτε
723 3879 982 3948 ἀλήθειαν
1033 3881 1230 3943 εἰπεῖν,
1288 3879 1474 3950 ὥσπερ
1507 3882 1598 3933 ἐπὶ
1648 3882 1747 3950 τῆς

162 3969 415 4035 κρίσεως
446 3969 671 4036 ἐποίησε
691 3986 705 4000 ·
763 3972 856 4023 καὶ
886 3972 949 4022 ἐκ
981 3972 1171 4023 τούτου
1210 3974 1345 4041 φησὶ
1371 3974 1499 4035 τοὺς
1524 3974 1747 4043 Κρῆτας

161 4058 417 4122 ψεύστας
473 4057 821 4124 νομισθῆναι.
897 4058 1267 4126 Παρατίθεται
1314 4060 1371 4112 δὲ
1435 4062 1748 4130 ἱστοροῦντα

162 4146 332 4197 τοῦτο
386 4149 414 4197 6
481 4146 851 4216 Ἀθηνόδωρος
920 4147 1190 4217 Ἀντίοχον
1249 4151 1306 4203 ἐν
1338 4149 1574 4220 δευτέρῳ
1625 4150 1748 4204 Τῶν

163 4234 324 4285 κατὰ
364 4237 547 4287 πόλιν
578 4236 880 4290 Μυθικῶν.
922 4237 1045 4290 Ὅτι
1070 4233 1236 4304 Ἶλος,
1270 4241 1432 4309 φησὶν
1456 4242 1521 4306 ⁷³,
1556 4242 1585 4292 6
1610 4242 1747 4295 Λαο-

167 4324 430 4389 μέδοντος
476 4325 664 4373 πατὴο
714 4325 976 4395 ἵππουριν
1026 4322 1158 4395 εἶχε,
1189 4329 1283 4379 καὶ
1344 4330 1449 4381 τῶν
1495 4330 1745 4400 Πριάμου

165 4412 380 4462 παίδων
439 4412 793 4475 Μελάνιππος
839 4416 931 4466 καὶ
974 4415 1180 4478 Ἰδαῖος.
1254 4417 1341 4477 Ὠς
1402 4417 1604 4479 Ξάνθος
1652 4419 1745 4470 καὶ

164 3060 311 3107 πόαν
346 3072 358 3084 ·

1861 632 2104 684 vocatur,
2139 634 2353 692 sumpto
2386 626 2602 679 nomine
2647 629 2716 680 ab
2766 624 2904 691 llali,
2946 625 3226 697 Tyrrhena
3259 645 3424 685 vene-

1860 715 1983 777 fica,
2020 731 2138 783 qua:
2161 717 2345 771 Circes
2376 718 2569 772 famula
2603 734 2723 773 cum
2758 731 2924 785 esset,
2953 736 3020 775 ex
3051 722 3195 778 hera:
3218 725 3422 779 aedibus

1859 804 2082 873 aufugit.
2112 808 2192 859 Ad
2221 809 2359 861 hanc
2383 819 2560 861 autem
2591 809 2824 863 delatum
2860 810 3125 882 Ulyssem,
3154 816 3206 868 in
3224 830 3419 885 equum

1860 894 2316 953 incantationibus
2344 912 2755 965 commutatum,
2795 918 2956 971 atque
2980 906 3120 972 apud
3151 919 3270 959 eam
3298 908 3425 959 etin-

1855 998 2059 1055 catum,
2090 992 2261 1044 donec
2313 994 2463 1045 senio
2512 995 2788 1048 confectus
2821 998 2973 1058 obiit,
3012 996 3091 1050 Ex
3141 996 3241 1050 hac
3265 996 3426 1065 igitur

1857 1078 2080 1131 historia
2110 1083 2269 1135 etiam
2301 1085 2498 1138 nodum
2532 1085 2679 1139 illum
2706 1088 2845 1155 apud
2875 1086 3167 1141 llonterum
3182 1088 3421 1152 dissolvi,

1856 1184 1976 1222 Cum
2006 1173 2119 1241 (85)
2150 1175 2272 1227 ait:

2209 1302 2223 1317 .
2264 1305 2277 1318 .
2312 1305 2325 1317 .
2365 1305 2377 1317 .
2410 1303 2423 1317 .
2458 1306 2471 1319 .
2508 1308 2520 1319 .
2559 1266 2699 1322 Mors
2722 1269 2866 1322 illius
2894 1287 2956 1323 ea:
2982 1273 3138 1323 mari.

1856 1352 1955 1419 Qui
1990 1355 2113 1409 finis
2151 1359 2329 1424 quarti
2364 1357 2486 1412 libri
2520 1372 2622 1414 est.

1928 1449 2157 1511 Quintus
2189 1462 2308 1516 post
2338 1452 2451 1505 haec
2485 1452 2619 1505 liber
2657 1454 2755 1506 ista
2783 1464 3191 1509 connuemorat.
3222 1454 3425 1523 Pugna‘

1858 1540 1953 1600 vit,
1985 1542 2156 1605 aiunt,
2183 1540 2345 1595 Jason
2396 1559 2517 1595 cum
2555 1544 2779 1613 Amyco,
2831 1561 2933 1597 non
2986 1556 3163 1599 autem
3215 1546 3419 1601 Pollux.

1856 1628 2108 1681 Testatur
2133 1631 2182 1681 id
2222 1633 2370 1700 regio
2402 1632 2621 1686 Jasonia
2647 1638 2829 1699 cuspis
2859 1637 3021 1700 diota,
3053 1648 3107 1691 et
3135 1638 3421 1706 fonsjuxta

1856 1732 2079 1771 manans
2113 1719 2312 1774 llelena
2344 1725 2662 1791 appellatus.
2700 1726 2777 1779 Ex
2808 1727 2908 1780 hoc
2943 1732 3105 1782 etiam
3136 1731 3263 1784 illud
3302 1730 3422 1785 Cri-

1856 1822 2070 1874 nagorae
2096 1812 2318 1865 solvitur
2348 1817 2430 1867 eoi
2453 1832 2678 1868 'ramtna
2707 1832 2722 1869 :

1894 1982 1958 2035 Et
1993 1985 2167 2039 Procli
2200 1993 2316 2057 equi
2342 1993 2556 2044 viridem
2605 1993 3000 2059 pantacum/tam
3031 1997 3145 2068 (86)
3174 1998 3379 2054 habent.

1852 2139 2000 2204 Quod
2028 2142 2290 2211 ignoravit
2315 2148 2695 2215 Callimachus,
2723 2168 2842 2207 cum
2869 2156 2937 2208 sit
2961 2154 3072 2227 (87)
3104 2156 3291 2211 Eubuli
3325 2175 3417 2213 co-

1854 2233 1975 2283 mici
2002 2233 2050 2283 iii
2068 2235 2336 2289 Bacchum
2357 2243 2641 2295 comoedia.
2663 2245 2781 2309 Agit
2813 2256 2867 2298 et
2898 2246 2962 2299 de
2982 2249 3203 2314 parodia
3222 2265 3412 2305 versus

1851 2324 2014 2379 illius.
2062 2326 2412 2386 Psalacantlta
2453 2345 2630 2387 autem
2678 2336 2838 2390 herba
2868 2350 2949 2392 est
2990 2340 3269 2411 Aigyptia,
3296 2358 3413 2410 quae

1850 2422 2002 2487 equis
2052 2420 2415 2491 circumligata
2459 2425 2741 2479 victoriam
2771 2431 2968 2495 praebet
2990 2442 3043 2484 et
3080 2432 3409 2489 felicitatem.

1851 2509 2073 2571 Ferunt,
2114 2514 2284 2577 addit,
2321 2515 2408 2568 alii
2468 2514 2873 2573 Psalacanthain
2924 2526 3215 2593 nympham
3248 2528 3413 2583 fuisse

1852 2601 1905 2655 in
1941 2602 2113 2658 Icaria
2147 2606 2341 2669 insula,
2371 2624 2489 2677 qua:
2511 2607 2783 2664 Bacchum
2806 2616 3073 2671 adamans
3100 2618 3413 2675 allaborarit

1853 2696 1952 2762 ipsi
1987 2698 2052 2750 ad
2083 2700 2392 2766 potiendum
2415 2703 2673 2767 Ariadna,
2693 2708 2834 2771 quod
2860 2717 2911 2761 et
2929 2722 3063 2775 ,cum
3093 2709 3203 2779 ipsa
3229 2723 3408 2780 postea

1850 2789 2285 2856 congrederetur,
2307 2796 2445 2859 quod
2463 2797 2547 2848 ubi
2567 2797 2805 2853 Bacchus
2824 2813 3145 2859 recusasset.
3165 2804 3412 2859 Ariadna:

1852 2877 1988 2930 hanc
2020 2894 2142 2933 esse
2175 2882 2501 2950 insidiatant,
2527 2898 2687 2955 atque
2723 2890 2869 2944 illum
2902 2894 3257 2962 indignatum,
3282 2912 3410 2949 cuu—

1849 2972 2080 3024 vertisse
2108 2986 2226 3024 eam
2254 2974 2306 3025 in
2342 2976 2559 3029 herbam
2590 2996 2603 3031 :
2634 2982 2947 3045 poenitentia
3003 2997 3180 3041 tamen
3222 3001 3409 3057 postea

1850 3060 2097 3128 ductum,
2134 3063 2353 3118 honoris
2384 3083 2512 3130 ergo
2559 3070 2794 3138 plantam
2848 3075 2990 3128 illam
3038 3078 3289 3135 Ariadna
3316 3098 3410 3136 co-

1855 3166 2023 3214 rouze,
2051 3169 2169 3220 quae
2202 3156 2439 3211 caelestia
2469 3160 2580 3228 jam
2614 3162 2756 3217 inter
2785 3164 2958 3220 sidera
2997 3170 3253 3225 translata
3271 3185 3408 3237 erat,

1853 3242 2328 3313 circumposuisse.
2390 3250 2615 3304 Ilerhaui
2675 3255 2845 3321 ipsam
2899 3260 3035 3314 alios
3087 3263 3408 3332 Artemisiae,

1854 3331 2084 3387 Meliloto
2109 3336 2242 3391 alios
2273 3341 2502 3394 similem
2533 3343 2731 3400 facere.

1920 3426 2305 3484 Athenodorus
2349 3430 2571 3503 [inquit]
2640 3436 2984 3504 Eretriensis,
3032 3456 3223 3503 octavo
3278 3448 3411 3504 libro

1852 3516 2271 3574 Memorabilium
2303 3526 2485 3588 refert,
2528 3524 2719 3580 Thetin
2749 3542 2801 3581 et
2826 3532 3062 3588 Medeam
3088 3537 3154 3591 de
3171 3538 3408 3607 pulchri-

1852 3610 2035 3662 tudine
2063 3611 2114 3663 in
2150 3612 2427 3667 Thessalia
2462 3628 2734 3681 certasse,
2788 3626 3157 3696 at'bitrumque
3204 3632 3414 3686 adhibi-

1852 3710 1961 3751 tum
2003 3700 2287 3756 Idomenea
2320 3706 2531 3760 Thetidi
2580 3711 2861 3766 victoriam
2910 3716 3267 3782 adjudicasse.
3310 3722 3413 3777 Me-

1850 3793 2001 3845 tleatn
2021 3809 2149 3862 ergo
2174 3798 2651 3865 indignabundam,
2685 3805 2814 3857 illttd
2836 3808 3120 3872 protulisse
3154 3828 3169 3866 :
3202 3811 3411 3868 Creten-

1849 3898 1930 3934 ses
1976 3900 2178 3951 semper
2206 3887 2392 3958 1506
2426 3894 2692 3947 mendaces
2734 3895 2842 3967 (88)
2872 3914 2886 3949 :
2915 3899 3200 3970 eidemque
3224 3904 3412 3974 impre-

1850 3986 2048 4035 catam,
2100 3995 2167 4032 ne
2212 3996 2397 4036 verunt
2446 4000 2679 4054 unquam
2717 3989 2937 4056 diceret,
2980 4002 3039 4047 ut
3079 4010 3148 4050 ne
3200 3998 3252 4051 in
3308 4000 3409 4054 hac

1848 4064 2061 4130 quidem
2116 4073 2381 4123 sententia
2417 4074 2657 4129 dixisset.
2700 4074 2836 4132 Hinc
2874 4079 3075 4135 factum
3115 4085 3321 4149 scribit,
3351 4101 3407 4140 ut

1849 4154 2134 4210 mendaces
2184 4158 2485 4213 habeantur
2524 4163 2811 4221 Cretenses
2855 4186 2869 4221 :
2920 4172 3245 4243 adducitque
3305 4178 3407 4232 hoc

1848 4242 1987 4295 idem
2030 4258 2336 4301 narrantem
2390 4251 2717 4308 Antiochum
2747 4257 2858 4325 (89)
2910 4258 3003 4313 lib.
3068 4277 3107 4315 ιι
3158 4242 3406 4320 Civilium

1848 4332 2205 4391 Fabularum.
2234 4338 2360 4405 llus,
2419 4352 2477 4395 ut
2522 4358 2763 4411 narrant,
2806 4348 3183 4408 Laomedontis
3232 4368 3402 4423 pater,

1847 4419 2058 4483 equinis
2080 4422 2209 4477 setis
2239 4437 2487 4479 comante
2512 4429 2659 4495 galea
2699 4432 2966 4497 utebatur,
3001 4445 3055 4490 ut
3081 4451 3135 4492 et
3159 4454 3188 4492 e
3209 4419 3403 4497 Priami

164 4503 366 4563 1313.50;
395 4503 445 4553 οἱ
484 4502 770 4570 Ἀχιλλέως
803 4504 959 4555 ἵπποι
999 4506 1261 4575 πρότερον
1304 4506 1559 4574 Γίγαντες
1579 4503 1738 4577 ἦσαν,
1772 4527 1818 4585 ι)

1772 4508 2029 4585 Dliberis
2088 4511 2419 4583 Melanippus
2484 4529 2537 4572 et
2596 4520 2783 4577 ldmus.
2845 4525 3070 4583 Achillis
3102 4530 3229 4584 item
3260 4535 3400 4601 equi,

165 4594 263 4642 καί
321 4592 472 4658 μόνοι
519 4593 795 4659 Γιγάντων
845 4596 1230 4664 συνεμάχησαν
1259 4599 1372 4658 τοῖς
1406 4599 1547 4660 Θεοῖς
1596 4601 1736 4651 κατὰ

163 4682 275 4733 τῶν
306 4682 572 4749 ἀδελφῶν.
613 4684 702 4745 Ὠς
734 4684 862 4753 περὶ
893 4686 935 4715 ⁷⁸
973 4686 1070 4747 τὰς
1104 4686 1340 4748 Θύλας⁷⁸
1373 4688 1471 4755 τῆς
1494 4688 1737 4752 Σικελίας

164 4776 584 4843 ναυαγήσαντος
624 4775 923 4838 Ὀδυσσέως
952 4778 984 4845 ὴ
1018 4777 1301 4845 Ἀχιλλέως
1327 4780 1492 4840 ἀσπίς
1516 4777 1738 4849 ἐξεϐρά-

169 4866 276 4933 σοη
308 4867 440 4934 περὶ
483 4866 542 4918 τὸ
577 4870 840 4937 μνημεῖον
872 4867 967 4920 τοῦ
1002 4870 1251 4933 Αἴαντος,
1285 4869 1381 4922 καὶ
1419 4871 1736 4923 ἀνατεθεῖσα

1845 4600 2091 4655 Xanthus
2119 4615 2170 4657 et
2204 4605 2383 4662 Balius
2399 4611 2668 4677 appellati,
2702 4617 2946 4685 gigantes
2978 4622 3208 4688 primunt
3232 4600 3401 4687 t‘uere.

1844 4693 2049 4761 solique
2100 4696 2373 4764 gigantum
2406 4715 2501 4767 pro
2536 4705 2641 4756 diis
2673 4720 2974 4774 pugnarunt
3006 4712 3264 4769 adversus
3291 4715 3403 4767 fra-

1846 4792 1973 4876 tres.
2028 4786 2108 4876 Ad
2164 4787 2372 4876 rThylas
2422 4794 2535 4862 (90)
2589 4794 2785 4851 Sicilia:
2859 4802 3194 4871 naufragium
3243 4821 3404 4876 passo

1846 4870 2056 4941 Ulysse,
2083 4874 2305 4932 Achillis
2332 4879 2444 4948 (91)
2474 4892 2683 4937 scutum
2702 4885 2769 4941 ad
2788 4888 2967 4956 Ajacis
2994 4870 3402 4951 monumentum

1446 4980 1679 5035 VARIAS
1711 4981 2110 5040 LECTIONES.

238 5071 553 5143 ⁶⁸Ῠαύτῇηςῃ
632 5071 885 5143 ⁸⁸αἰχμὴ]
948 5075 1017 5126 cl.
1072 5073 1276 5127 Muller.
1319 5074 1573 5129 Orchom.
1612 5094 1661 5143 p.
1712 5077 1835 5129 267.

166 5142 378 5190 κανΟαν
430 5128 644 5192 ’ἔδουσιν
696 5128 802 5194 Am:
850 5128 965 5195 ’Ξιαὶ
1003 5144 1353 5211 ψαλακάνθαν
1404 5128 1713 5213 ἑχουσικῘς.

166 5281 527 5332 Casaubonus
581 5282 862 5347 πλαγκτὰς
887 5281 1189 5351 Lennepius
1220 5284 1433 5337 Phalar.
1479 5302 1528 5352 p.
1563 5287 1649 5339 55.

1831 5148 1873 5178 ⁸⁸
1898 5150 2146 5203 Διόνυσον
2182 5148 2241 5214 ς’.

172 5212 210 5238 ⁵⁸
264 5212 433 5276 φησὶν
460 5216 824 5277 :tpographuin
886 5216 1144 5289 :‘Stt-pltani
1188 5218 1397 5289 :_<pasl.v
1440 5232 1497 5276 ς.
1566 5216 1625 5289 ᾲτξ
1661 5218 1735 5278 ὡς
1770 5216 1921 5288 περὶ]
1982 5212 2270 5289 ὥσπερνΑ.

1962 5080 2007 5169 ἶ⁶
2044 5080 2262 5151 Ἑλένην
2312 5084 2650 5169 sileain?
2684 5108 2743 5153 ς·
2857 5096 3060 5169 καὶ
3108 5126 3177 5139 -
3232 5100 3404 5169 tam-

2334 5155 2687 5240 ⁸³..έΞοῑέλήεξη
2722 5178 2787 5240 τι
2957 5168 3048 5240 ἐπὶ
3076 5170 3141 5239 τῇ
3173 5155 3305 5240 “iiii
3339 5189 3400 5234 ς·

2372 5225 2415 5254 τι
2458 5225 2867 5299 Θύλας]’μύλας
2900 5225 3161 5307 Scaliger,
3202 5225 3404 5311 σεεῆλᾶς

1692 5374 1922 5431 NOTAE.

247 5460 359 5529 (85)
398 5460 589 5526 Odyss.
624 5461 688 5520 Λ,
728 5476 775 5512 ν.
807 5461 928 5515 155.

230 5533 346 5599 (δῦ)
380 5529 697 5600 ’Λδέσποτον
726 5532 861 5584 hunc
885 5532 1199 5600 quibusdam
1225 5535 1392 5589 videri
1431 5537 1738 5590 σοοειὺυιυιιι

168 5604 377 5654 lltttzn'tl
409 5599 639 5667 llesych.

236 5670 351 5735 ira,
383 5669 457 5720 De
488 5685 594 5741 quo
626 5670 787 5722 multa
823 5668 1036 5741 Cyrald.
1078 5671 1283 5741 Dialog.
1311 5690 1405 5737 vn,
1436 5674 1573 5728 Hist.
1601 5690 1736 5741 poet.

170 5740 411 5790 lli-nilntt
437 5749 490 5789 et
525 5738 676 5790 Snid.

238 5812 349 5873 ὥσ)
392 5808 521 5860 Vide
555 5805 811 5863 Proverb.
848 5810 999 5878 cujus
1027 5810 1185 5864 aliain
1224 5813 1313 5866 alii
1350 5828 1567 5867 causam
1596 5830 1739 5869 cuin-

1850 5470 2013 5523 tuenti
2043 5480 2187 5526 sunt.

1921 5542 2031 5609 (89)
2070 5542 2577 5620 y'iile_stipr._notas
2631 5552 2695 5603 ad
2736 5554 2855 5607 cod.
2914 5554 3036 5620 189,
3088 5557 3399 5613 Acestoritla

1849 5610 1927 5660 Τά
1960 5612 2097 5683 κατὰ
2128 5612 2279 5663 πόλιν
2305 5610 2513 5683 μυθικὰ
2546 5620 2677 5673 lecta
2704 5624 2963 5678 videmus.

1852 5682 2031 5801 lc(illi)
2062 5682 2231 5749 Mylas
2274 5701 2523 5754 reponam
2552 5704 2671 5758 ego.
2717 5707 2781 5745 ex
2818 5695 3246 5765 geograpltorum
3279 5713 3400 5753 sett-

1907 5767 1935 5800 ll
1968 5767 1978 5799 Ι
2021 5789 2033 5801 .

1918 5822 2028 5887 (9|)
2070 5821 2197 5877 Vide
2229 5824 2413 5878 Alciati
2456 5828 2715 5881 etnhlcuta
2743 5830 2831 5883 εις.
