4196 6442
785 395 888 458 623

1927 391 2189 452 PHOTII
2229 392 2728 453 PATRIARCHE
2767 394 2872 453 CP.

3922 384 4031 453 694

787 508 1025 570 emersit,
1067 515 1123 561 et
1171 503 1418 573 sepulcro
1473 504 1775 574 appositum
1818 506 2081 575 postridie
2136 507 2355 560 fulmine
2383 509 2431 565 Α

2383 509 2431 565 Α
2455 510 2530 575 τῷ
2552 509 2706 576 τάφῳ
2739 513 2803 577 τῇ
2853 508 3111 577 ἐπαύριον
3135 507 3503 577 ἐκεραυνώθη.
3551 507 3639 570 Ὦς
3671 509 3698 560 ό
3741 507 4030 575 Ἡρακλῆς

787 611 869 656 est
916 601 1100 654 ictum.
1152 595 1435 648 Herculem
1488 612 1591 648 non
1644 595 1869 648 Nemeaei
1932 597 2100 648 leonis
2161 598 2350 663 pellem

791 703 1030 765 gestasse
1059 692 1153 754 ait,
1190 689 1282 742 sed
1313 689 1511 741 Leonis
1566 690 1846 756 cujusdam
1887 703 1917 741 e
1947 691 2218 757 gigantum
2251 704 2350 741 ιιιι-

790 800 972 839 mero:
1007 784 1077 838 ob
1119 790 1466 852 provocatum
1498 780 1564 833 ad
1597 780 1872 849 singulare
1896 790 2168 834 certamen
2217 778 2352 832 Her-

790 875 963 930 culem
1036 874 1104 927 ab
1162 873 1348 926 eodem
1401 871 1778 938 interemptmn
1825 887 1838 924 :
1891 880 1947 924 et
1996 885 2158 924 aurea
2215 871 2350 923 mala

792 966 1097 1021 custodiens
1129 964 1315 1028 draco,
1356 963 1453 1024 ait,
1494 961 1716 1015 fratrem
1755 963 1938 1015 habuit
1965 962 2168 1016 leonem
2204 961 2351 1014 illum

793 1059 1116 1112 Nemeaeum.
1151 1054 1272 1108 Irus
1300 1056 1438 1122 apud
1466 1052 1759 1107 Homerum
1788 1053 2028 1108 Bmotius
2061 1053 2179 1107 fuit.
2212 1053 2353 1108 Can-

795 1149 964 1203 daulae
988 1147 1292 1216 conjugem,
1322 1145 1475 1212 cujus
1505 1145 1810 1198 Herodotus
1855 1144 1965 1212 (θῖ)
1997 1160 2188 1199 nomen
2221 1143 2352 1196 reti-

793 1253 902 1303 cet,
933 1243 1128 1295 dictam
1169 1253 1290 1294 esse
1325 1237 1592 1305 Nyssiam.
1620 1235 1748 1289 Eam
1793 1246 1844 1289 et
1888 1236 2081 1302 duplici
2133 1234 2351 1304 pupilla,

793 1345 846 1385 et
872 1331 1166 1383 acutissimi
1197 1328 1308 1399 (93)
1348 1327 1494 1380 visus
1518 1328 1702 1391 fuisse,
1729 1326 1873 1395 quod
1897 1327 2248 1379 dracontitem
2278 1324 2355 1376 la-

793 1425 968 1491 pidem
1027 1431 1303 1488 gestaret:
1343 1427 1401 1471 ut
1437 1433 1532 1487 per
1573 1418 1715 1485 ipsas
1759 1418 1918 1470 etiam
1958 1415 2099 1470 fores
2146 1415 2350 1485 Gygen,

795 1514 859 1565 ad
902 1512 1276 1580 inquirendum
1307 1523 1604 1577 egressum,
1644 1507 1857 1560 viderit.
1909 1505 2134 1571 Quidam
2176 1516 2352 1559 tamen

797 1605 964 1670 ipsam
997 1601 1204 1655 Tudum
1234 1601 1429 1654 dictam
1456 1601 1662 1666 volunt,
1686 1599 1773 1652 alii
1805 1599 2052 1669 Clytiam.
2080 1599 2223 1651 Abas
2255 1612 2354 1650 au-

797 1705 901 1748 tem
917 1693 1060 1746 Abro
1087 1701 1445 1760 nuncupatam
1473 1692 1655 1746 tradit.
1680 1691 1802 1745 Ideo
1846 1704 1973 1744 vero
1999 1690 2112 1756 eius
2140 1688 2354 1742 feminze

796 1801 986 1839 nomen
1017 1784 1082 1836 ab
1112 1782 1381 1836 Herodoto
1433 1783 1645 1836 silentio
1699 1796 1944 1851 pressum
1989 1782 2173 1843 aiunt,
2208 1781 2350 1848 quod

2453 601 2571 668 οὐχὶ
2602 601 2661 652 τὸ
2686 600 2780 652 τοῦ
2805 601 3078 668 Νεμεαίου
3101 601 3311 659 λέοντος
3344 600 3502 668 δέρας
3519 599 3855 668 ἠμπίσχετο,
3888 598 4033 650 ἀλλά

2453 692 2678 753 Λέοντός
2707 710 2850 754 τινος
2899 693 3016 753 ἐνὸς
3070 692 3177 743 τῶν
3221 691 3515 758 Γιγάντων,
3561 691 3656 741 ἐπὶ
3686 690 4032 757 μονομαχίας

2455 781 2750 850 προκλήσει
2774 781 2818 810 ⁷⁵
2863 781 2953 848 ὑφ’
2992 779 3320 847 Ἡρακλέους
3368 777 3732 846 ἀνῃρημένου.
3769 773 3900 844 [250
3933 770 4029 840 H.|

2465 872 2551 933 Ὠς
2581 870 2809 936 ἀδελφὸς
2838 865 2906 940 ἦν
2935 871 2962 920 ὁ
2986 870 3199 939 δράκων
3237 869 3265 919 ό
3289 869 3356 919 τά
3401 867 3580 935 χρυσᾶ
3621 865 3767 934 μῆλα
3813 862 4031 931 φυλάσ-

2455 980 2562 1017 σων
2582 962 2627 993 ⁷⁸
2643 962 2736 1014 τοῦ
2757 961 3027 1028 Νεμεαίου
3055 961 3286 1020 λέοντος.
3331 960 3401 1020 Ως
3417 961 3443 1009 ό
3460 958 3588 1025 παρ’
3629 957 3858 1025 Ὁμήρῳ
3872 951 4030 1023 Ἶρος

2455 1052 2682 1115 Βοιωτὸς
2723 1048 2810 1122 ἦν.
2855 1054 2943 1115 Ὠς
2995 1055 3028 1122 ἡ
3063 1050 3374 1104 Κανδαύλου
3408 1049 3564 1114 γυνὴ,
3602 1043 3681 1118 ’ἦς
3737 1046 4029 1113 Ἡρόδοτος

2452 1148 2512 1198 οὺ
2543 1147 2689 1213 λέγει
2716 1144 2975 1214 τοῦνομα,
3009 1146 3187 1197 Νυσέα
3209 1145 3252 1174 ⁷⁸
3275 1142 3518 1194 ἐκαλεῖτο
3541 1157 3556 1170 ο
3587 1141 3654 1209 ἦν
3685 1141 3778 1190 καὶ
3807 1139 4034 1204 δίκορον

2454 1239 2548 1291 καὶ
2571 1237 2986 1306 όξυωπεστάτην
3033 1237 3164 1302 φασὶ
3207 1234 3491 1302 γενέσθαι,
3533 1232 3623 1284 τὸν
3666 1229 4032 1300 δρακοντίτην

2455 1328 2808 1397 κτησαμένην
2855 1327 3022 1391 λίθον,
3073 1327 3153 1378 διὸ
3220 1327 3315 1378 καὶ
3364 1323 3645 1377 αἰσθέσθαι
3697 1323 3787 1374 τὸν
3844 1322 4032 1388 Γύγην

2455 1417 2667 1482 ἐξιόντα
2696 1419 2740 1449 ⁷⁷
2767 1416 2854 1469 διὰ
2889 1418 2995 1469 τῶν
3026 1416 3204 1486 θυρῶν
3230 1432 3241 1442 ·
3273 1415 3424 1468 ἄλλοι
3453 1413 3686 1466 Τουδοῦν
3717 1412 3892 1480 αὐτὴν
3926 1430 4034 1463 κα-

2455 1509 2682 1571 λεῖσθαι,
2720 1509 2768 1560 οἱ
2811 1509 2868 1560 δὲ
2921 1508 3176 1568 Κλυτίαν,
3236 1507 3408 1569 Ἀὖας
3465 1506 3519 1559 δὲ
3593 1502 3771 1573 Ἀὅρὼ
3819 1504 4036 1568 ταύτην

2455 1599 2758 1655 καλεῖσθαι.
2803 1600 3030 1667 Σιγῆσαι
3061 1598 3116 1650 δὲ
3175 1596 3415 1665 τοῦνομά
3465 1613 3598 1663 φασι
3640 1594 3739 1662 τῆς
3770 1594 4036 1661 γυναικὸς

2455 1694 2548 1745 τὸν
2593 1691 2892 1761 Ἡρόδοτον,
2925 1689 3048 1742 ἐπεὶ
3077 1691 3104 1741 ὁ
3141 1690 3415 1757 ἐρώμενος
3469 1686 3754 1755 Ἡροδότου
3789 1685 4037 1754 Πλησίρο

2460 1784 2578 1850 ροος
2600 1780 2807 1842 Νυσίας
2838 1779 2882 1810 ⁷⁸
2927 1778 3154 1846 ὀνόματι
3196 1776 3470 1846 ἐρασθεὶς,
3517 1775 3937 1842 Ἀλικαρνασίας
3970 1773 4035 1822 τὸ

798 1892 918 1929 cum
942 1876 1056 1942 ejus
1084 1877 1323 1928 amasius
1347 1874 1680 1928 Plesirrhous
1698 1873 1944 1943 Nyssiam
1973 1873 2189 1926 nomine
2217 1873 2352 1925 ami-
2387 1859 2428 1913 Β

2387 1859 2428 1913 Β
2457 1873 2632 1940 γένος,
2657 1873 2778 1922 ἐπεὶ
2807 1869 2881 1940 μὴ
2910 1869 3061 1938 τύχοι
3089 1868 3190 1936 τῆς
3224 1868 3467 1936 ἑταίρας,
3510 1867 3608 1918 οὐκ
3639 1864 3969 1932 ἀνεχόμενος
3987 1865 4032 1894 τ’

797 1983 914 2021 cam
949 1967 1190 2030 haberet,
1218 1964 1678 2018 Halicarnasseam
1711 1977 1927 2033 genere,
1952 1978 2049 2018 nec
2077 1978 2138 2016 ea
2170 1963 2351 2031 potiri,

798 2058 1066 2124 repulsam
1099 2071 1311 2125 passus,
1349 2058 1628 2124 potuisset,
1663 2058 1727 2111 de
1761 2056 2021 2123 superiori
2048 2055 2163 2108 loco
2193 2056 2355 2107 vitam

797 2149 900 2202 sibi
949 2147 1137 2215 laqueo
1190 2147 1483 2214 abruperit.
1543 2146 1681 2200 Hinc
1733 2147 1878 2200 velut
1931 2147 2194 2207 odiosum,
2241 2146 2358 2214 eius

799 2236 994 2305 ubique
1022 2248 1213 2288 nomen
1249 2235 1507 2303 refugisse
1529 2235 1879 2290 Herodotum.
1903 2235 2197 2290 Centauros
2219 2233 2357 2288 Iler-

799 2329 967 2382 culem
999 2329 1264 2397 fugientes
1292 2342 1384 2393 per
1412 2326 1728 2396 Tyrseniam
1759 2328 1896 2378 fame
1922 2327 2170 2394 periisse,
2203 2326 2356 2379 suavi

801 2418 1112 2471 Sirenarum
1143 2416 1254 2484 (94)
1283 2426 1444 2469 cantu
1493 2416 1766 2484 deceptos.
1797 2415 2068 2469 Abderum
2115 2415 2360 2470 Herculis

799 2509 1083 2573 amasium,
1136 2505 1364 2559 Patrocli
1404 2506 1622 2559 fratrem
1664 2505 1847 2558 fuisse.
1883 2506 2146 2574 Epipolim
2183 2507 2360 2576 ,Cary-

799 2600 980 2662 suam,
1012 2596 1334 2651 Trachionis
1369 2598 1552 2661 tiliam,
1574 2597 1888 2650 muliebrem
1911 2613 2096 2651 sexum
2116 2599 2361 2651 dissimu-

801 2693 994 2745 lantem
1027 2705 1147 2743 cum
1200 2689 1404 2743 Grazcis
1437 2689 1714 2750 militasse,
1756 2688 1847 2741 sed
1885 2701 1978 2757 per
2013 2688 2358 2742 Palamedem

801 2783 1012 2835 tandem
1039 2781 1331 2843 detectam,
1361 2795 1387 2830 a
1423 2778 1624 2831 Graecis
1647 2779 1893 2832 obrutam
1925 2794 2042 2832 esse
2074 2779 2358 2847 lapidibus.

801 2875 915 2938 Quo
948 2882 1186 2939 tempore
1222 2870 1528 2922 Alexander
1564 2868 1824 2922 Helenam
1874 2871 2136 2937 rapiebat,
2179 2869 2365 2923 Mene-

802 2963 938 3013 laum
973 2961 1246 3028 Gortyna},
1280 2959 1420 3024 quod
1456 2958 1790 3011 Cretensium
1827 2959 2076 3026 oppidum
2108 2969 2210 3021 est,
2245 2957 2363 3012 J0vi

801 3051 1149 3104 hecatomben
1195 3049 1522 3101 immolasse.
1571 3047 1909 3101 Palamedem
1950 3064 2046 3114 pro
2074 3049 2364 3118 Agamem-

801 3158 936 3196 none
957 3141 1158 3195 Crazcis
1177 3141 1487 3208 imperasse.
1506 3138 1638 3192 Cum
1667 3142 1807 3193 enim
1828 3140 1879 3193 in
1898 3141 2140 3194 Aulidem
2157 3143 2364 3194 delatus

800 3238 1161 3303 Agamemnon
1235 3240 1498 3300 agrestem
1552 3246 1812 3300 capram,

799 3326 907 3379 telo
936 3324 1269 3387 conﬁxisset,
1300 3331 1461 3388 atque
1502 3321 1631 3374 hinc
1674 3320 1868 3390 151a
1895 3321 2097 3376 Graecis
2139 3323 2363 3391 naviga-

802 3421 946 3474 tione
980 3419 1265 3490 prohibitis
1304 3415 1534 3471 Calchas
1577 3425 1725 3469 vates
1754 3417 2134 3485 respondisset,
2167 3416 2363 3484 placari

802 3527 1020 3574 nomen,
1046 3509 1574 3578 expiariquemalum
1599 3521 1774 3575 posse,
1800 3507 1842 3560 si
1873 3507 2230 3576 lphigeneiam
2256 3508 2363 3578 (95)

805 3604 969 3656 filiam
1003 3601 1248 3668 Neptuno
1281 3599 1584 3652 immolaret
1615 3598 2016 3667 Agamemnon:
2045 3599 2364 3652 detrectanti

807 3697 856 3747 id
891 3694 1070 3747 facere
1101 3690 1363 3759 indignati
1410 3688 1581 3744 Graeci
1633 3691 1910 3758 imperium
1947 3691 2281 3753 ademerunt,
2313 3701 2367 3743 et

806 3785 1145 3839 Palamedem
1188 3797 1369 3851 regem
1418 3791 1691 3835 crearunt.
1741 3781 1902 3833 Addit
1960 3780 2291 3834 Philocteten
2337 3799 2365 3834 ει

805 3885 1054 3943 serpente
1091 3887 1402 3943 percussum
1423 3872 1648 3940 periisse
1680 3886 1693 3922 :
1728 3881 1780 3924 et
1802 3869 2045 3922 Paridem
2073 3886 2100 3922 a
2128 3869 2368 3923 Menelao

807 3973 982 4020 femur
1008 3966 1162 4020 hasta
1186 3965 1372 4028 ictum,
1411 3966 1817 4031 interemptum.
1853 3961 2123 4015 Demetrio
2148 3960 2366 4033 [inquit]

816 4059 1039 4125 Sccpsio
1101 4065 1338 4117 mortuo,
1395 4053 1617 4108 Tellidis
1671 4054 1864 4106 librum
1918 4051 1986 4105 ad
2031 4062 2188 4120 caput
2252 4052 2370 4119 ejus

807 4159 1076 4219 repertum
1136 4146 1316 4201 ferunt
1372 4164 1386 4200 :
1437 4155 1491 4198 ut
1554 4154 1608 4198 ct
1650 4145 1926 4198 Alcmanis
1969 4154 2214 4198 natantes
2257 4143 2369 4213 (96)

816 4234 1097 4308 [feminas]
1145 4237 1209 4287 ad
1260 4234 1490 4288 cervical
1525 4231 1810 4302 Titonychi
1863 4231 2235 4287 Chalcidensis
2272 4251 2285 4285 :
2317 4243 2370 4286 ct

811 4327 1084 4395 Eupolidis
1107 4325 1216 4395 (97)
1249 4324 1652 4395 Hybristodicas
1679 4323 1790 4392 (98)
1821 4323 1887 4376 ad
1928 4321 2160 4390 Ephialti
2191 4334 2368 4392 caput.

807 4420 1118 4486 Cratinique
1169 4418 1409 4472 Eunidas
1439 4415 1545 4485 (99)
1588 4417 1727 4482 apud
1778 4415 2144 4468 Alexandrum
2195 4414 2371 4469 Mace-

809 4515 1010 4564 donum
1048 4526 1250 4581 regem.
1284 4510 1360 4564 Ita
1408 4509 1626 4563 Hesiodi
1677 4522 1836 4574 opera
1880 4515 1934 4558 et
1967 4507 2082 4559 dies
2117 4507 2372 4561 Seleucus

1887 3231 2066 3286 Diana:
2113 3248 2319 3286 sacram
2348 3270 2362 3294 ,
2391 3229 2434 3285 C

2464 1964 2642 2033 βρόχῳ
2705 1964 2895 2014 ἑαυτὸν
2958 1963 3264 2031 ἀνήρτησε’
3317 1959 3397 2010 διὸ
3444 1958 3489 1988 ⁸⁸
3546 1956 3886 2025 φυλάξασθαι
3957 1956 4034 2016 ὡς

2461 2054 2697 2122 ἀπεχθὲς
2717 2054 2759 2084 ⁸⁸
2793 2054 2965 2104 εἰπεῖν
3018 2053 3081 2103 τὸ
3129 2053 3226 2118 τῆς
3259 2050 3466 2112 Νυσίας
3501 2048 3672 2116 ὄνομα
3714 2045 4031 2116 Ἡρόδοτον.

2474 2148 2560 2208 Ὠς
2595 2149 2643 2197 οἱ
2673 2147 2976 2213 Κένταυροι
3010 2143 3308 2212 φεύγοντες
3365 2142 3640 2210 Ἡρακλέα
3671 2139 3759 2192 δια
3812 2139 4032 2209 Τυρση-

2462 2241 2580 2302 νίας
2609 2239 2751 2309 λιμῷ
2771 2238 3156 2307 διεφθάρησαν,
3182 2235 3493 2304 θελχθέντες
3511 2234 3615 2286 ὑπὸ
3641 2233 3740 2300 τῆς
3761 2233 4036 2302 Σειρήνων

2465 2332 2792 2402 ήδυφωνίας.
2840 2330 2928 2390 Ὠς
2994 2327 3262 2396 Ἀὗδηρος
3306 2327 3333 2377 ό
3375 2322 3706 2394 Ἡρακλέους
3758 2325 4035 2391 ἐρώμενος

2464 2423 2690 2490 ἀδελφὸς
2727 2418 2795 2493 ἦν
2839 2420 3174 2489 Πατρόκλου.
3222 2419 3308 2480 Ὠς
3358 2417 3616 2486 Ἐπιπόλη
3659 2417 3692 2485 ἡ
3724 2415 4035 2484 Καρυστία,

2467 2517 2499 2586 ὴ
2550 2516 2862 2585 Τραχίωνος
2911 2512 3178 2581 θυγάτηρ,
3224 2512 3539 2577 κρύπτουσα
3578 2509 3675 2575 τὴν
3715 2508 4036 2574 γυναικείαν

2468 2609 2629 2673 φύσιν
2661 2605 3116 2674 συνεστρατεύετο
3175 2605 3286 2664 τοῖς
3340 2602 3587 2668 Ἕλλησι,
3633 2600 3940 2669 μηνυθεῖσα
3991 2597 4035 2650 δ’

2469 2699 2575 2750 ὑπὸ
2631 2698 2995 2766 Παλαμήδους
3035 2695 3139 2746 ὑπὸ
3187 2693 3295 2745 τῶν
3337 2691 3606 2761 Ἑλλήνων
3673 2689 4034 2755 κατελεύσθη.

2480 2791 2567 2853 Ὠς
2612 2789 2956 2856 Ἀλεξάνδρου
2988 2786 3325 2856 ἁρπάζοντος
3360 2784 3576 2852 Ἑλένην
3600 2782 3644 2814 ⁸⁸
3682 2781 3955 2843 Μενέλαος
3975 2784 4037 2832 ἐν

2471 2882 2712 2952 Γορτύνῃ
2746 2881 2844 2947 τῆς
2910 2881 3131 2948 Κρήτης
3193 2876 3502 2945 ἑκατόμϐην
3531 2875 3654 2926 ἔθυε
3687 2856 3768 2943 τῷ
3797 2876 3903 2928 Διί.
3955 2875 4040 2936 Ὠς

2473 2972 2804 3040 Παλαμήδης
2832 2969 2943 3021 ἀντ’
2977 2968 3384 3036 Ἀγαμέμνονος
3424 2965 3691 3034 Ἑλλήνων
3718 2965 3995 3033 βασιλεύοι
4023 2981 4036 2992 ·

2471 3063 2528 3112 ἐν
2587 3060 2770 3111 Αὐλίδι
2820 3059 2927 3126 γὰρ
2983 3057 3429 3125 παραγενόμενος
3489 3055 3859 3123 Ἀγαμέμνων,
3909 3052 4040 3118 αἶγα

2471 3151 2667 3217 ἀγρίαν
2721 3150 2872 3218 ἱεράν
2931 3148 3242 3218 Ἀρτέμιδος
3288 3145 3658 3210 κατατοξεύοι,
3706 3146 3935 3206 ἀπλοίας
3983 3147 4038 3197 δὲ

2468 3242 2764 3309 γενομένης
2817 3242 2927 3301 τοῖς
2960 3239 3183 3307 Ἕλλησι
3212 3241 3318 3307 χρᾷ
3343 3237 3388 3267 ⁸³
3434 3236 3653 3303 Κάλχας
3714 3236 3942 3304 λυθῆναι
3981 3236 4040 3287 τὸ

2470 3335 2661 3395 δεινὸν,
2689 3335 2734 3383 εὶ
2762 3330 2940 3382 θύσειε
2966 3332 3061 3399 τὴν
3094 3331 3371 3399 θυγατέρα
3416 3328 3738 3396 Ἰφιγένειαν
3797 3327 4038 3394 ’Δγαμέ-

2474 3443 2618 3493 μνων
2641 3423 2969 3476 Ποσειδῶνι·
3007 3421 3100 3473 τοῦ
3130 3423 3185 3473 δὲ
3221 3422 3293 3490 μὴ
3328 3421 3722 3493 ἀνασχομένου,
3756 3421 4041 3486 ὀργισθέν-

2470 3533 2561 3579 τες
2606 3517 2653 3567 οἱ
2714 3515 2974 3583 Ἕλληνες
3016 3515 3300 3583 ἀφείλοντο
3348 3515 3512 3567 αὑτοῦ
3569 3516 3626 3566 τὸ
3679 3516 3902 3583 κράτος,
3949 3515 4041 3563 καὶ

2472 3606 2814 3673 κατέστησαν
2843 3604 3061 3672 βασιλέα
3095 3603 3448 3673 Παλαμήδην.
3483 3605 3610 3675 [485
3641 3604 3733 3672 H.)
3771 3604 3859 3663 Ὠς
3887 3604 4041 3654 Φιλο-

2473 3699 2675 3765 κτήτης
2705 3695 2809 3747 ὑπὸ
2827 3695 3002 3765 δφεως
3027 3696 3256 3763 πληγεὶς
3283 3697 3542 3768 ἀνῃρέθη,
3563 3697 3655 3747 καὶ
3695 3694 4041 3762 Ἀλέξανδρος

2474 3787 2577 3837 ὑπὸ
2602 3787 2875 3839 Μενελάου
2893 3787 3078 3855 δόρατι
3110 3789 3200 3838 τὸν
3233 3790 3402 3856 μηρὸν
3429 3787 3652 3854 πληγεὶς
3677 3787 3887 3837 πίπτει.
3920 3786 4041 3837 Ὀτι

2471 3878 2896 3946 τελευτήσαντος
2932 3879 3245 3947 Δημητρίου
3292 3879 3387 3930 τοῦ
3425 3880 3660 3948 Σκηψίου
3715 3878 3774 3929 τὸ
3835 3877 4042 3946 βιὸλίον

2473 3969 2718 4029 Τέλλιδος
2755 3971 2890 4038 πρὸς
2923 3973 2987 4039 τῇ
3022 3969 3227 4038 κεφαλῇ
3257 3970 3422 4022 αὑτοῦ
3449 3969 3644 4039 εὑρέθη
3673 3985 3687 3999 ’
3714 3969 3810 4030 τὰς
3843 3968 3900 4019 δὲ
3933 3969 4040 4020 Κο-

2473 4053 2766 4121 λυμὸώσας
2805 4056 3137 4124 Ἀλκμάνους
3151 4056 3195 4086 ⁸³
3215 4058 3348 4126 πρὸς
3365 4061 3429 4126 τῇ
3451 4057 3656 4126 κεφαλῇ
3674 4057 3975 4125 Τυρονίχου
3999 4058 4042 4089 ⁸³

2475 4145 2567 4196 τοῦ
2602 4146 2917 4209 Χαλκιδέως
2975 4148 3264 4216 εὑρεθῆναί
3321 4165 3480 4216 φασιν
3503 4149 3570 4212 ⁸⁸,
3620 4152 3743 4211 τοὺς
3775 4149 3818 4201 δ’
3858 4149 4044 4217 ’Υόριο

2479 4235 2729 4294 στοδίκας
2778 4238 3068 4300 Εὐπόλιδος
3133 4242 3268 4310 πρὸς
3324 4243 3388 4309 τῇ
3438 4240 3740 4307 Ἐφιάλτου,
3795 4240 3926 4302 τοὺς
3989 4240 4044 4291 δὲ

2477 4326 2730 4390 Εὑνείδας
2747 4329 2789 4360 ⁸⁷
2825 4330 3092 4398 Κρατίνου
3125 4333 3260 4400 πρὸς
3291 4335 3357 4399 τῇ
3396 4331 3740 4402 Ἀλεξάνδρου
3769 4331 3863 4383 τοῦ
3890 4331 4043 4399 βασι-

2477 4418 2612 4480 λέως
2665 4420 2986 4471 Μακεδόνων
3010 4422 3076 4485 ⁸⁸,
3130 4424 3196 4474 τὰ
3245 4422 3289 4474 δ’
3320 4424 3496 4489 Ἔργα
3519 4425 3611 4476 καὶ
3659 4427 3756 4484 τὰς
3796 4423 4043 4490 Ἡμέρας

2490 4509 2729 4561 Ἡσιόδου
2785 4512 2918 4580 πρὸς
2975 4515 3038 4582 τῇ
3097 4513 3186 4564 τοῦ
3248 4514 3509 4566 Σελεύκου
3567 4514 3660 4565 τοῦ
3738 4515 4043 4583 Νικατορος

809 4601 1074 4656 Nicatoris
1121 4600 1262 4654 filius
1307 4599 1374 4652 ad
1416 4607 1577 4664 caput
1608 4611 1824 4665 semper
1857 4596 2112 4648 admovit.
2148 4596 2285 4660 Quin
2325 4609 2377 4650 et
2410 4581 2452 4634 D

2410 4581 2452 4634 Β
2491 4605 2722 4673 κεφαλῇ.
2768 4606 2825 4655 ’()
2891 4581 3067 4676 μέντοι
3122 4609 3413 4680 νομοθέτης
3465 4609 3739 4676 Ἀρκάδων
3774 4581 4043 4675 Κερκίδας

2083 4710 2319 4765 VARUS
2352 4715 2642 4771 LECTION
2656 4719 2762 4774 ES.

880 4837 926 4867 ⁷³
955 4832 1411 4908 προσξελῂσειςίς.
1488 4831 1532 4860 ⁷⁸
1651 4829 1772 4908 $991-
1839 4827 2022 4908 Ta‘MXP-
2059 4829 2444 4908 μῆλα-δράκων
2503 4836 2730 4904 ἁδελφὸς
2785 4833 2854 4904 ἦν
2883 4855 2939 4900 ς.
3016 4841 3060 4870 ⁷⁸
3091 4838 3272 4889 Μυσία
3301 4856 3359 4900 ς.
3385 4840 3428 4868 ⁷⁷
3459 4838 3671 4902 ἐξιόντα
3703 4839 3780 4899 εἰς
3814 4837 4044 4908 ζητησιν

811 4907 895 4957 διὰ
936 4902 1007 4966 ς.
1074 4904 1117 4933 ⁷⁸
1162 4902 1404 4961 Νυσαίας
1435 4917 1491 4962 ς.
1537 4902 1612 4949 sic
1651 4904 1806 4952 intra.

811 4978 854 5007 ⁸⁸
910 4974 1019 5026 Ἑλ,
1081 4973 1216 5041 ἁρπ.
1282 4987 1344 5032 ς.
1448 4969 1493 4999 ⁸³
1544 4971 1706 5036 κιχρᾲ
1759 4986 1818 5031 ς.

812 5115 1035 5166 olleudit
1072 5113 1337 5163 Kusterus
1373 5109 1522 5160 Suid.
1556 5123 1601 5158 ν.
1657 5107 1914 5176 ’Λλκμάν.

811 5198 1023 5242 ευνιοας
1060 5200 1072 5234 ἶ

1892 4900 2322 4976 τξανεσχομ-ένης
2358 4904 2547 4968 ὑψόθεν
2577 4900 2756 4975 βρόχῳ
2923 4908 2966 4937 ⁸⁰
2996 4909 3071 4959 διὸ
3109 4909 3199 4959 καὶ
3230 4909 3349 4971 φυλ.
3387 4925 3445 4970 ς.

1915 4971 1958 4996 ⁸⁵
2015 4970 2308 5036 Ἀλκμᾶνος
2373 4970 2739 5028 (ὶειςῑιιιὺιιίιιιὲί

814 5045 974 5098 Henr.
1015 5039 1254 5094 Valesius
1282 5039 1441 5105 (apud
1477 5055 1576 5110 nos
1625 5041 2140 5110 Cumumtttur._trrit.
2207 5042 2256 5090 in
2305 5041 2575 5094 Platonem
2618 5062 2668 5110 [ι.
2713 5044 2804 5107 XI)
2836 5039 3141 5099 elNu'rktu;
3205 5048 3462 5110 (Cltmril.
3506 5039 3654 5099 Sinin.

3555 4909 3595 4937 ’”
3652 4907 3923 4975 ἀπεχθέον
3983 4927 4040 4971 ς,

2844 4978 2887 5009 ⁸⁵
2914 4979 3190 5046 τυρονίχου
3227 4980 3270 5028 Α
3297 4998 3307 5031 :
3342 4977 3650 5045 Τιτωνύχου
3691 4994 3750 5039 ς.
3782 4977 4042 5046 Τυννίχου

3691 5063 3740 5114 p.
3789 5046 3902 5115 59).
3939 5065 4040 5099 non

1160 5121 1337 5196 stertis
1373 5109 1524 5196 διιίιίἰ
1556 5123 1603 5196 vi
1636 5107 1971 5196 ςΛλκμάνΜ
1995 5107 2038 5135 ⁸⁵
2063 5108 2177 5196 εεὲρ.
2206 5112 2366 5196 (maliv
2397 5113 2440 5162 Α
2467 5107 2676 5196 ειφασὶν
2722 5117 2836 5184 εὑρ.
2872 5133 2934 5179 ς.
2964 5117 3087 5178 τοὺς
3122 5107 3365 5170 Valesius
3407 5134 3420 5170 :
3454 5116 3574 5169 libri
3607 5107 3725 5177 τάξ.
3801 5107 3872 5146 ⁸⁷’
3919 5117 4040 5170 libri

1111 5182 1181 5233 cl'.
1216 5179 1423 5232 Muller.
1482 5179 1736 5229 OrchonI.
1781 5194 1831 5244 p.
1877 5177 1998 5230 50L
2075 5176 2119 5205 ⁸⁸
2156 5179 2443 5244 μακεδόνος
2482 5176 2544 5234 Αξ

2328 5295 2559 5352 NOT/E.

884 5397 994 5466 (9:!)
1029 5395 1144 5448 Lib.
1184 5410 1223 5459 t,
1253 5406 1338 5445 um
1393 5403 1606 5443 onmem
1646 5404 1778 5456 pene
1817 5387 1879 5440 de
1910 5388 2056 5457 Gyge
2097 5387 2375 5440 historiam

813 5468 976 5522 ICL’uS.

1030 5531 1161 5585 Vide
1193 5546 1337 5599 supr.
1371 5529 1421 5579 in
1456 5537 1693 5595 cxcerpt.
1721 5542 1783 5578 ex
1808 5527 1900 5579 lib.
1940 5542 2018 5579 ιιι.

883 5607 993 5674 (ενι)
1032 5603 1163 5654 Vide
1196 5612 1395 5674 etiseq.
1426 5613 1547 5665 pug.

885 5665 997 5743 (υἷι)
1019 5669 1524 5743 'l‘rugmdiantnlianc
1559 5666 1742 5720 docuit
1775 5665 1954 5743 Eurip.

886 5735 996 5816 (90)
1030 5735 1152 5802 Τάξ
1173 5736 1530 5816 κολυμϐώσας
1561 5753 1573 5767 ·
1604 5751 1830 5805 quarum
1862 5740 2022 5789 ctiam
2057 5735 2249 5788 Suidas
2277 5750 2378 5788 tne-

816 5807 988 5872 tniint’
1007 5827 1132 5866 tote
1155 5811 1389 5861 Alcman.

2531 5393 2864 5512 [(9:1)‘Ejus.
2901 5397 3063 5446 vitam
3120 5395 3328 5463 collegit
3368 5392 3469 5446 Lil.
3503 5392 3772 5462 Gyraldus
3800 5391 3943 5445 Dial.
3970 5410 4037 5456 vi,

2582 5481 2608 5512 (Β
2682 5475 2888 5512 ΑΓέΙΙΙΙὶΙ-

2491 5478 2546 5512 ιιι
2582 5478 2630 5512 (ξι
2662 5478 2888 5517 ιιτειιιιιι.

2558 5532 2666 5594 (98)
2715 5533 3145 5602 Ὑϐριστοδίκαι,
3189 5535 3236 5585 οἱ
3266 5533 3337 5602 μὴ
3371 5532 3677 5600 βουλόμενοι
3735 5530 3832 5602 τὰς
3885 5531 4038 5590 δίκας

2485 5601 2825 5667 εἰσαγαγεῖν,
2853 5609 2990 5671 apud
3031 5603 3230 5656 Polluc.
3262 5601 3315 5656 ct
3347 5603 3540 5671 Hesyd.
3568 5603 3689 5654 vide
3729 5601 3917 5668 Sigon.
3970 5604 4037 5652 De

2486 5673 2694 5734 mugist.
2734 5674 2913 5723 Ill/aen.

2556 5743 2665 5806 (99)
2702 5742 2946 5804 Εὑνείόας
2981 5743 3130 5808 γένος
3162 5759 3213 5793 τι
3252 5740 3503 5809 Ἀθήνῃσι
3534 5735 4034 5807 κιθαριστῶν.νίι]σ

2488 5806 2721 5878 ΙΙοδ)ςΙι.
2760 5829 2821 5864 ac
2863 5806 3013 5866 b'uidv.
3043 5824 3094 5864 ct
3130 5806 3458 5864 citatiturah
3485 5806 3683 5863 Athon.
