4196 6442
198 420 306 482 6‘25

1287 423 1805 484 BIBLIOTHECA.
1847 448 1916 459 -
1952 426 2116 487 COD.
2151 427 2305 489 CXC.

3334 432 3438 495 626

196 541 543 604 συνταφῆναι
570 537 717 605 αὐτῷ
746 536 805 587 τὸ
844 538 883 587 Ᾱ
920 538 1012 588 καὶ
1045 538 1085 588 Β
1112 536 1157 569 ⁸³
1189 538 1290 606 τῆς
1333 539 1548 603 Ἰλιάδος
1580 540 1772 592 κελεύ-
1800 542 1845 595 Α

1800 542 1845 595 Α
1875 542 2143 595 Arcadum
2176 542 2449 611 legislator
2470 542 2726 599 Cercidas
2761 542 2963 597 tumulo
2987 559 3089 598 suo
3120 546 3349 611 primum
3383 558 3436 603 et

194 646 344 681 σειεν
368 645 383 657 ·
422 628 451 679 6
486 628 542 680 δὲ
576 627 858 694 Πομπήϊος
915 628 942 679 6
998 628 1215 694 Μάγνος
1252 630 1360 681 οὐδ’
1396 632 1477 691 είς
1537 630 1773 698 πόλεμον

193 722 381 789 προῒοι
407 722 455 753 ’⁸
509 720 637 790 πρὶν
665 721 729 771 ἂν
768 718 827 770 τὺ
857 718 959 769 Λ⁹¹
999 722 1097 789 τῆς
1158 720 1375 783 Ἰλιάδος
1418 721 1773 788 ἁναγνώσειε,

196 811 451 879 ζηλωτὴς
477 812 553 864 ὢν
592 813 993 882 Ἀγαμέμνονος
1018 828 1033 844 ⁸
1064 816 1091 865 6
1124 812 1180 864 δὲ
1216 813 1485 879 Ῥωμαῖος
1516 813 1772 882 Κικέρων

198 903 451 970 Μήδειαν
487 903 771 972 Εὐριπίδου
800 903 1206 971 ἀναγινώσκων,
1226 905 1282 955 ὲν
1315 904 1514 972 φορείῳ
1538 905 1774 972 φερόμε-

198 1011 315 1053 νος,
379 993 723 1062 ἁποτμηθείη
777 995 875 1063 τὴν
943 996 1225 1065 κεφαλήν·
1260 996 1334 1057 ὡς
1401 996 1688 1064 Διόγνητος
1746 996 1775 1047 6

200 1087 383 1155 Κρὴς,
436 1086 463 1139 5
498 1086 729 1153 πύκτης,
788 1087 1015 1154 νικήσας
1052 1086 1112 1137 οὐ
1167 1085 1321 1138 λάϐοι
1354 1084 1445 1136 τὸν
1484 1085 1773 1151 στέφανον,

202 1176 345 1227 ἀλλὰ
373 1179 469 1228 καὶ⁵
506 1178 720 1243 ὲλαϋείη
747 1176 849 1227 ὑπὸ
886 1176 1128 1237 Ἠλείων,
1166 1176 1300 1227 διότι
1333 1178 1360 1227 6
1398 1175 1640 1242 νικηθεὶς
1681 1176 1775 1227 καὶ

205 1270 519 1336 ἀναιρεθεὶς
547 1268 636 1320 ὑπ’
677 1268 842 1321 αὑτοῦ
891 1269 1164 1338 Ἡρακλῆς
1194 1267 1439 1319 ἐκαλεῖτο
1467 1267 1775 1334 ὁμωνυμῶν

207 1362 285 1428 τῷ
324 1363 466 1428 ἥρωϊ
500 1377 514 1390 ⁶
540 1361 727 1412 τοῦτον
759 1362 849 1412 τὸν
876 1362 1160 1429 Διόγνητον
1192 1361 1264 1422 ὡς
1294 1360 1451 1429 ἥρωα
1483 1360 1701 1428 Κρῆτες
1730 1361 1776 1390 ⁸⁸

206 1454 468 1521 τιμῶσιν.
510 1453 631 1505 Ὅτι
669 1454 729 1503 τὸ
778 1453 1094 1522 Ὁμηρικὸν,
1128 1450 1523 1521 τιτρώσκεσθαι
1561 1451 1781 1521 μέλλον-

208 1560 305 1604 τος
327 1584 342 1607 ν

215 1715 374 1767 Οὐδὲ
403 1716 604 1780 σέθεν,
636 1714 925 1778 Μενέλαε,
969 1717 1087 1769 θεοὶ
1124 1716 1388 1785 μάκαρες
1432 1717 1781 1780 λελάθοντο,

210 1805 409 1858 τοῦτον
440 1806 533 1858 τὸν
593 1806 773 1875 στίχον
826 1806 1150 1875 παρῴδησεν
1202 1808 1230 1857 6
1272 1808 1467 1868 Πύθιος
1499 1808 1782 1876 Μενέδημε

1876 631 2172 685 secundum
2222 632 2411 685 Iliados
2458 632 2650 685 librum
2699 632 2884 687 inferri
2932 631 3115 699 jussit.
3154 633 3437 703 Pompeius

1875 734 2090 789 quoque
2148 720 2371 788 Magnus
2408 720 2513 773 non
2546 722 2694 788 prius
2737 722 2787 775 in
2824 722 3204 791 expeditiones
3246 727 3432 780 tende-

1878 813 1989 876 bat,
2049 828 2210 881 quam
2271 813 2498 881 primum
2565 811 2761 866 Iliados
2814 812 3009 866 librum
3091 816 3434 884 perlegisset.

1875 904 2015 971 quod
2042 904 2260 956 ramulos
2292 913 2458 965 esset,
2496 903 2846 971 imitatorque
2883 905 3322 971 Agamemnonis.
3348 908 3437 961 Ci-

1877 1009 2001 1047 cero
2032 996 2155 1048 item
2195 994 2468 1048 Romanus
2494 993 2763 1064 Euripidis
2792 993 3028 1049 Medeam
3072 997 3346 1057 evolvens,
3386 999 3437 1049 iu

1878 1083 2093 1145 lectica,
2135 1100 2239 1151 qua
2281 1086 2616 1154 gestabatur,
2658 1084 2831 1153 capite
2864 1092 3142 1137 truncatus
3171 1095 3271 1137 est.
3314 1084 3435 1137 Dm-

1880 1184 2071 1241 gnetus
2101 1173 2380 1227 Cretensis
2420 1173 2545 1245 [ait]
2576 1175 2811 1242 pugilatu
2840 1174 3031 1239 victor,
3059 1190 3312 1227 coronam
3339 1192 3439 1226 non

1880 1263 2052 1315 solum
2081 1276 2185 1315 non
2224 1265 2453 1331 accepit,
2488 1266 2581 1317 sed
2612 1265 2773 1319 etiam
2802 1267 2868 1315 ab
2906 1262 3221 1317 Eleensibus
3258 1265 3443 1332 pulsus

1882 1352 1999 1417 luit,
2034 1363 2319 1422 propterea
2348 1355 2488 1423 quod
2523 1356 2717 1419 victus,
2750 1367 3026 1423 casusque
3062 1354 3130 1407 ab
3154 1354 3265 1415 illo,
3295 1370 3443 1407 com-

1882 1443 2025 1494 muni
2039 1442 2337 1507 cum,heroe
2352 1444 2569 1497 nomine
2586 1443 2845 1499 Hercules
2863 1443 3158 1512 appellatus
3175 1454 3275 1497 est.
3291 1442 3445 1499 Hunc

1881 1546 2059 1587 autem
2092 1534 2403 1601 Diognetum
2426 1544 2482 1587 ut
2500 1536 2663 1588 heroa
2681 1536 2963 1587 Cretenses
2979 1534 3186 1587 colunt.
3206 1532 3449 1586 Homeri-

1881 1642 2000 1680 cum
2025 1626 2173 1678 illum
2199 1641 2409 1678 versum
2432 1628 2494 1679 de
2515 1626 2737 1694 junnjam
2764 1625 3091 1678 vulnerando
3122 1624 3405 1696 [Menelao]
3433 1643 3445 1678 :

2100 1719 2229 1782 Nec,
2254 1718 2507 1780 Menelae,
2533 1718 2607 1769 tui
2633 1718 2828 1769 duxere
2851 1717 3043 1768 oblivia
3070 1716 3225 1779 Divi;

1885 1808 2030 1862 hunc
2058 1807 2328 1879 [inquam]
2379 1824 2592 1861 versum
2622 1823 2715 1876 per
2742 1808 3017 1875 parodiam
3051 1806 3301 1875 Pythius,
3330 1821 3447 1858 mu-

211 1897 337 1949 ἀντὶ
379 1895 475 1948 τοῦ
508 1896 555 1926 ’³
580 1896 848 1949 Μενέλαε.
879 1896 1157 1963 Προετάοη
1199 1897 1254 1947 δὲ
1288 1897 1346 1948 τὸ
1377 1897 1597 1966 ζήτημα
1636 1897 1789 1964 παρὰ
1823 1888 1862 1942 Β

1823 1888 1862 1942 Β
1891 1908 2000 1953 tato
2028 1898 2252 1953 Menelai
2289 1900 2505 1952 nomine
2552 1899 2605 1951 in
2638 1898 2959 1963 Menedemi,
3000 1898 3305 1966 usurpavit.
3346 1896 3450 1951 Po-

211 1987 432 2039 δείπνον
454 1985 763 2052 Αὐγούστου
793 1984 886 2042 τοῦ
912 1985 1193 2053 βασιλέως,
1224 1989 1374 2037 ποῖον
1402 1985 1580 2054 στίχον
1625 1986 1791 2054 Ὀμή-

218 2096 314 2146 ρου
334 2079 380 2109 ⁸⁸
405 2077 727 2148 παρῴδησεν
746 2078 773 2128 6
803 2078 1070 2147 χρησμὸς,
1102 2078 1194 2129 καὶ
1210 2077 1292 2137 τίς
1315 2078 1461 2128 ἐστιν
1482 2080 1508 2127 6
1536 2077 1654 2146 ιεδι
1694 2076 1789 2148 IL]

216 2174 276 2222 ὲν
319 2172 398 2239 τῷ
428 2164 686 2240 χρησμῷ
723 2170 1119 2240 ἱστορούμενος.
1183 2170 1293 2221 Καὶ
1349 2168 1424 2231 ὼς
1475 2170 1790 2237 Μενέδημος

230 2260 447 2323 Ἡλεῖος
476 2262 677 2314 Βουνέα
709 2263 819 2312 υἱὸν
860 2261 1137 2325 ὑπέδειξεν
1202 2260 1463 2328 Ἠρακλεῖ
1520 2262 1649 2329 περὶ
1693 2261 1792 2327 τῆς

220 2353 548 2419 καθάρσεως
580 2352 673 2404 τοῦ
720 2354 927 2419 Αὐγέου
954 2354 999 2383 ’⁸
1039 2354 1265 2420 κόπρου,
1324 2350 1467 2403 ὥστε
1524 2353 1793 2421 ἀποστρέ-

218 2445 321 2511 ψαι
345 2444 438 2494 τὸν
460 2442 735 2509 ποταμόν’
766 2441 824 2493 ὃν
856 2442 949 2493 καὶ
982 2441 1340 2510 συμμαχῆσαι
1386 2440 1665 2509 Ἠρακλεῖ.
1705 2440 1791 2490 Ἐν

220 2536 302 2604 τῷ
344 2536 481 2605 πρὸς
507 2536 720 2602 Αὐγέαν
748 2536 971 2604 πολέμῳ
1016 2536 1168 2602 φασὶ,
1220 2534 1317 2585 καὶ
1348 2532 1393 2565 ⁸⁸
1437 2532 1791 2602 ἀναιρεθέντα

220 2631 465 2696 ταφῆναι
531 2629 588 2677 ἐν
648 2627 943 2695 Λεπρέῳ¹⁹⁷
999 2626 1148 2695 παρὰ
1202 2624 1497 2692 πεύκηςθτ·
1570 2624 1789 2692 δένδρῳ.

233 2720 452 2785 Ἀγῶνα
483 2720 538 2771 δὲ
563 2720 675 2780 Osi;
699 2718 783 2770 ἐπ’
808 2716 955 2785 αὐτῷ
986 2715 1261 2785 Ἡρακλῆς
1297 2714 1560 2791 έπαλαισε
1584 2714 1752 2783 Θησεῖ
1776 2730 1790 2743 ·

225 2811 520 2872 ίσοπαλοῦς
544 2809 598 2861 δὲ
620 2808 711 2860 τοῦ
757 2808 967 2873 ἀγῶνος
1004 2806 1297 2872 γενομένου
1343 2804 1551 2875 ὲρῤήοη
1576 2806 1621 2837 ’⁸
1644 2807 1795 2875 παρὰ

220 2903 337 2953 τῶν
366 2900 574 2953 Οεατῶν
602 2901 728 2969 περὶ
755 2898 847 2950 τοῦ
878 2898 1098 2967 Θησέως
1120 2912 1133 2927 ·
1165 2899 1388 2960 "Aliae
1415 2892 1591 2961 οὗτος
1632 2896 1793 2963 Ἠρα-

224 2991 408 3059 κλῆς.
444 2992 566 3041 Ὀτι
606 2990 879 3041 Φαντασία
920 3005 1003 3049 τις
1048 2989 1324 3055 Μεμφίτις
1376 2986 1653 3055 Νικάρχου
1700 2986 1795 3037 Ου-

225 3084 409 3150 γάτηρ
454 3080 705 3143 συνέταξε
739 3080 844 3148 πρὸ
882 3080 1122 3146 Ὀμήρου
1157 3078 1246 3128 τὸν
1288 3076 1515 3128 Ἰλιακὸν
1557 3077 1795 3142 πόλεμον

225 3174 324 3225 καὶ
356 3173 455 3240 τὴν
496 3172 624 3240 περὶ
675 3170 984 3229 Ὀδυσσείας
1020 3168 1273 3235 διήγησιν
1298 3184 1310 3195 ·
1336 3169 1429 3221 καὶ
1473 3170 1794 3221 ἀποκεῖσθαί

226 3280 365 3330 φασι
394 3263 492 3323 τὰς
520 3261 732 3328 βίϐλους
788 3262 843 3310 ἐν
876 3259 1145 3327 Μέμφιδι,
1179 3259 1426 3327 Ὅμηρον
1458 3258 1514 3311 δὲ
1552 3276 1796 3328 παραγε-

226 3357 476 3421 νόμενον,
516 3354 607 3404 καὶ
646 3351 713 3403 τὰ
756 3350 1063 3418 ἀντίγραφα
1103 3348 1333 3400 λαϐόντα
1370 3348 1520 3419 παρὰ
1568 3348 1797 3402 Φανίτου

226 3444 324 3495 τοῦ
360 3439 869 3511 ἰερογραμματέως,
909 3437 1161 3501 συντάξαι
1197 3439 1422 3501 ὲκείνοις
1462 3438 1796 3502 ἀκολούθως.

242 3536 335 3593 Ὠς
368 3533 597 3593 Ἀδωνις
628 3531 947 3599 ἀνδρόγυνος
969 3529 1253 3595 γενόμενος
1280 3528 1349 3580 τὰ
1384 3532 1478 3597 μὲν
1509 3530 1729 3597 ἀνδρεῖα
1754 3532 1798 3561 ⁹⁹

230 3623 371 3692 πρὸς
416 3621 732 3689 Ἀφροδίτην
772 3619 1037 3687 πράσσειν
1074 3617 1310 3685 ἐλέγετο,
1346 3619 1417 3670 τὰ
1452 3618 1660 3688 θηλυκὰ
1686 3620 1702 3649 ¹
1744 3619 1799 3671 δὲ

230 3713 373 3780 πρὸς
426 3712 756 3764 Ἀπόλλωνα.

317 3802 406 3862 ὀς
448 3802 681 3870 ’Λλιρειῷ
707 3800 785 3871 τῷ
807 3803 1033 3876 ποεαμῷ
1055 3804 1223 3873 γέρας
1254 3803 1593 3873 δωρούμενος
1632 3804 1800 3873 Ἥρα-

234 3891 393 3959 κλῆς,
423 3892 649 3959 νικήσας
677 3893 734 3943 έν
778 3894 1064 3965 Ὀλυμπίᾳ,
1101 3894 1193 3947 ἀπ’
1227 3893 1391 3945 αὑτοῦ
1415 3894 1434 3922 ¹
1482 3895 1707 3947 ἐκάλεσε
1743 3896 1803 3947 τὸ

232 3986 383 4049 ἄλφα
429 3985 521 4036 καὶ
573 3984 837 4052 προέταξε
876 3985 984 4036 τῶν
1034 3986 1333 4055 στοιχείων.
1379 3986 1501 4038 ’Ότι
1550 3987 1804 4055 φλυαρῶν

233 4071 393 4136 οὗτος
420 4076 448 4125 6
482 4074 850 4143 μυθογράφος,
871 4077 1093 4145 Μωσῆς,
1112 4079 1274 4146 φησὶν
1308 4076 1513 4141 ’,ὁτῶν
1540 4077 1804 4147 Ἐϐραίων

243 4166 545 4235 νομοθέτης
576 4167 739 4233 ἄλφα
779 4167 1023 4219 ἐκαλεῖτο
1066 4168 1153 4219 διὰ
1200 4167 1260 4219 τὸ
1308 4167 1509 4235 ὰλφοὺς
1540 4169 1681 4237 ἔχειν
1714 4171 1805 4221 ἐπὶ

234 4258 333 4309 τοῦ
371 4256 645 4324 σώματος.
698 4258 736 4308 Γ
739 4257 953 4327 αλέριος
983 4258 1039 4310 δὲ
1073 4259 1325 4327 Κράσσος
1374 4261 1402 4311 6
1451 4260 1744 4329 χιλίαρχος,
1778 4262 1806 4312 6

236 4349 334 4399 ἐπὶ
362 4347 613 4416 Τιϐερίου
662 4348 961 4416 Καίσαρος,
1010 4346 1331 4419 [χιλίαρχος]
1357 4348 1522 4415 βῆτα
1563 4351 1806 4403 ἐκαλεῖτο

237 4435 411 4504 ἡδέως
449 4436 653 4505 σεύτλῳ
691 4436 1005 4505 χρώμενος,
1062 4436 1089 4489 ὃ
1145 4436 1209 4505 δὴ
1269 4436 1524 4505 βητάκιον
1578 4438 1804 4492 καλοῦσι

1890 1990 1991 2042 sita
2021 2000 2197 2043 autem
2220 1989 2321 2042 luit
2347 1990 2573 2057 qurestio
2598 1990 2647 2041 in
2673 2004 2826 2043 cmna
2850 1989 3075 2057 Augusti
3103 1989 3451 2057 imperatoris

1891 2081 2103 2147 qualem
2134 2092 2351 2131 versum
2381 2078 2656 2131 oraculum
2683 2095 2778 2148 per
2797 2081 3071 2147 parodiam
3094 2078 3451 2142 enuntiasset,

1892 2179 1948 2221 et
1978 2170 2098 2236 quis
2136 2168 2360 2221 oraculo
2404 2170 2720 2221 referretur.
2762 2169 3131 2223 Menedemum
3172 2168 3452 2223 Eleeusem

1892 2259 2088 2313 Bunete
2122 2259 2293 2313 lilium
2319 2259 2495 2313 lerunt
2522 2260 2739 2313 Herculi
2770 2261 3074 2315 ostendisse
3120 2262 3455 2331 expurgandi

1892 2350 2083 2403 stabuli
2104 2351 2283 2419 Augtei
2305 2352 2594 2411 rationem,
2614 2360 2773 2417 atoue
2800 2352 2931 2404 adeo
2956 2351 3152 2405 ﬂumen
3170 2353 3455 2407 avertisse.

1892 2441 2148 2495 Eumdem
2204 2457 2308 2493 una
2360 2457 2479 2495 cum
2531 2442 2760 2495 Hercule
2812 2442 2950 2496 bello
2996 2443 3247 2513 Augzeam
3290 2458 3460 2511 oppu-

1894 2546 2108 2599 guasse,
2146 2530 2491 2585 interfectum
2547 2533 2710 2585 humo
2767 2548 2886 2587 esse
2936 2534 3211 2586 conditum
3256 2533 3305 2585 in
3356 2532 3460 2586 Le-

1893 2637 2044 2691 prco,
2079 2634 2297 2692 propter
2326 2625 2532 2693 piceam
2562 2624 2832 2678 arborem.
2863 2623 3115 2677 lnstituto
3136 2636 3314 2677 autem
3341 2626 3460 2693 ejus

1893 2727 2050 2766 causa
2083 2716 2403 2778 certamine,
2446 2713 2732 2768 Herculem
2778 2716 2848 2767 ibi
2898 2730 3019 2768 cum
3072 2714 3284 2769 Tbeseo
3336 2731 3456 2768 cer-

1896 2814 2319 2873 tasse,cumque
2372 2806 2575 2858 viribus
2630 2819 2785 2872 pares
2837 2815 3054 2870 essent,
3107 2803 3373 2871 iactatum
3433 2818 3462 2855 a

1896 2895 2290 2958 spectatoribus
2346 2896 2409 2948 de
2456 2895 2713 2949 Theseo:
2752 2894 2896 2947 Alter
2944 2896 3025 2947 hic
3070 2894 3323 2948 Hercules
3365 2892 3461 2963 (l).

1897 2982 2239 3038 Pbantasiam
2288 2986 2437 3037 aiunt
2484 2987 2771 3054 quaindam
2811 2986 3178 3054 Mempliitida,
3216 2985 3464 3040 Nirarcbi

1897 3075 2059 3126 ﬁliam
2098 3086 2221 3127 ante
2250 3075 2534 3129 Homerum
2570 3076 2759 3145 151b
2791 3077 3004 3130 Iliacum
3039 3077 3236 3130 bellum
3268 3088 3320 3132 et
3344 3092 3469 3129 nar-

1900 3166 2163 3215 rationem
2197 3166 2260 3217 de
2290 3162 2478 3233 Ulysse
2516 3166 2886 3233 composuisse
2919 3165 3018 3236 (ἓ),
3060 3167 3468 3235 depositumque

1896 3268 2031 3319 opus
2084 3251 2400 3321 Memphide.
2444 3252 2729 3307 Homerum
2784 3269 2910 3321 ergo
2960 3252 3258 3321 profectum
3313 3268 3399 3315 eo,
3436 3268 3464 3306 a

1899 3343 2128 3397 Pbanite
2176 3360 2336 3398 sacro
2386 3346 2562 3398 scriba
2602 3347 2943 3399 couuuodato
2983 3346 3110 3398 illud
3164 3348 3462 3413 accepisse.

1901 3436 2126 3505 ejusque
2168 3452 2288 3491 esse
2331 3439 2574 3491 ordinem
2606 3440 2929 3491 insecutum.
2958 3437 3162 3491 Adonis
3193 3435 3465 3508 [narrant]

1902 3531 2245 3597 androgynos
2280 3543 2400 3581 cum
2432 3538 2598 3593 esset,
2624 3539 2682 3582 ut
2716 3529 2796 3581 vir
2830 3544 2949 3582 cum
2984 3528 3216 3593 Venere,
3253 3539 3307 3581 ut
3350 3544 3468 3581 mu-

1903 3621 2003 3674 lier
2021 3636 2141 3672 cum
2174 3620 2417 3689 Apolline
2446 3634 2770 3690 congressus
2800 3630 2904 3674 est.

1977 3800 2207 3868 Alplieio
2254 3802 2381 3855 item
2416 3800 2623 3855 ﬂumini
2661 3813 3104 3856 remuneraturus
3145 3802 3196 3855 in
3232 3804 3469 3873 Olympi-

1907 3894 1985 3948 cis
2023 3896 2200 3948 victor
2238 3894 2517 3961 Hercules,
2548 3896 2719 3965 Alpha
2770 3898 2839 3949 ab
2890 3912 2954 3949 eo
3003 3896 3235 3949 litteram
3290 3898 3468 3949 nomi-

1906 3984 2075 4047 navit,
2108 3984 2445 4053 primamque
2481 3988 2721 4040 omnium
2774 3986 3077 4039 collocavit.
3126 3985 3365 4055 Nugatur
3394 3987 3467 4054 (ὖ)

1906 4076 2071 4130 etiam
2104 4074 2410 4130 fabularum
2446 4076 2533 4129 hic
2575 4078 2828 4145 scriptor,
2859 4077 2982 4130 dum
3014 4078 3110 4141 ait,
3142 4076 3356 4147 Moysen
3391 4078 3468 4145 (4)

1910 4166 2255 4220 Ιίεὺταιοτυιυ
2294 4166 2657 4235 legislatorem
2705 4166 2864 4233 alpha
2905 4168 3107 4221 idcirco
3161 4168 3331 4221 fuisse
3378 4184 3472 4236 ap-

1909 4257 2190 4326 pellatum,
2223 4256 2363 4323 quod
2399 4254 2553 4323 ἁλφῷ
2586 4252 2711 4325 [hoc
2741 4264 2825 4307 est
2862 4254 3141 4325 vitiligine]
3168 4270 3364 4323 corpus
3390 4256 3472 4308 in-

1912 4349 2114 4401 lectum
2165 4347 2406 4399 haberet.
2454 4344 2703 4399 Galerius
2751 4346 3002 4408 Crassus,
3037 4345 3336 4413 imperante
3384 4343 3476 4397 Ti-

1912 4438 2063 4491 berio
2088 4436 2305 4491 Czesare
2341 4434 2588 4489 tribunus
2629 4436 2860 4489 militum
2900 4440 3013 4489 beta
3040 4445 3123 4489 est
3154 4436 3471 4504 appellatus,

249 4528 534 4593 Ῥωμαῖοι,
594 4526 702 4579 Καὶ
768 4525 1056 4595 Ὀρπυλλὶς
1084 4525 1142 4579 δὲ
1196 4528 1229 4595 ἠ
1283 4526 1564 4596 Κυζικηνὴ
1617 4527 1807 4596 ἑταίρα
1840 4540 1884 4595 ι)

1840 4540 1884 4595 ι)
1913 4532 2053 4597 quod
2087 4529 2175 4581 illa
2206 4529 2463 4581 libentius
2494 4527 2662 4581 herba
2710 4537 2972 4589 uteretur,
3005 4542 3125 4594 quae
3161 4543 3187 4579 a
3217 4526 3474 4579 Romanis

236 4616 459 4686 γάμμα.
500 4618 773 4685 Ἀντήνωρ
816 4617 872 4669 δὲ
902 4618 930 4667 6
956 4618 1055 4679 τὰς
1101 4616 1383 4687 Κρητικὰς
1415 4618 1632 4687 γράψας
1661 4621 1803 4673 ιστο-

242 4710 365 4779 ρίας
398 4709 580 4761 δέλτα
613 4709 699 4761 διὰ
731 4709 789 4761 τὸ
813 4708 1012 4775 ἀγαθὸς
1042 4704 1178 4760 εἶναι
1211 4711 1304 4761 καὶ
1333 4709 1609 4776 φιλόπολις
1630 4728 1644 4743 ·
1681 4714 1805 4777 τοὺς

238 4803 352 4870 γὰρ
385 4802 608 4868 Κρῆτας
639 4802 700 4853 τὸ
729 4800 930 4867 ἀγαθὸν
955 4800 1134 4853 δέλτον
1156 4799 1340 4853 καλεῖν
1364 4800 1404 4854 ⁸.
1448 4799 1805 4865 ’Δπολλώνιος

239 4893 288 4945 δ’
320 4894 349 4943 6
373 4894 413 4921 "
444 4894 502 4943 ὲν
528 4893 639 4952 τοῖς
668 4890 763 4941 τοῦ
792 4889 1153 4957 Φιλοπάτορος
1178 4889 1388 4957 χρόνοις
1420 4888 1505 4939 ἐπ’
1548 4890 1801 4959 ἀστρονο-

244 4985 348 5054 μία
372 4982 696 5052 περιῦόητος
728 4981 962 5050 γεγονὼς
988 4997 1017 5034 ε
1037 4983 1059 5014 ⁸
1086 4981 1351 5042 ἐκαλεῖτο,
1383 4978 1514 5032 διότι
1534 4981 1593 5032 τὸ
1620 4986 1802 5052 σχῆμα

1915 4624 2029 4675 beta
2061 4621 2387 4672 nominatur.
2418 4617 2686 4687 Horpyllis
2711 4633 2856 4680 vero,
2884 4618 3207 4687 Cyziceuum
3230 4628 3472 4671 scortum

1912 4728 2121 4783 gamma
2178 4710 2479 4763 dicebatur.
2510 4710 2774 4773 Antenor,
2810 4710 2854 4761 is
2883 4710 2972 4777 qui
3004 4708 3349 4763 Cretensium
3387 4710 3471 4760 bi-

1911 4804 2137 4857 storiam
2171 4800 2512 4868 conscripsit,
2558 4799 2715 4852 Delta
2739 4800 3147 4868 cognominatus
3199 4808 3303 4863 est,
3335 4801 3475 4866 quod

1914 4896 2084 4949 bonus
2116 4902 2284 4950 esset.
2324 4901 2377 4945 et
2413 4892 2649 4945 civitatis
2684 4905 2895 4943 amans.
2936 4889 3289 4944 Cretensibus
3330 4891 3472 4943 enim

1918 4988 2105 5039 bonum
2140 4984 2320 5036 δέλτον
2367 4983 2672 5053 signiﬁcare
2698 4981 2983 5036 allirmant.
3012 4984 3103 5037 Sic
3141 4982 3476 5052 Apollonius,

1537 5096 1770 5153 VARI/8
1802 5099 2199 5157 LECTIONES.

315 5194 364 5225 ⁸⁹
389 5193 449 5245 τὺ
477 5192 694 5261 πρῶτον
746 5191 842 5244 καὶ
905 5190 966 5243 τὸ
1013 5190 1261 5261 δεύτερον
1313 5206 1373 5253 ς.

240 5282 336 5317 τον
372 5280 434 5325 ς.
524 5260 582 5293 ί”
614 5263 767 5330 ἥρωα
827 5261 876 5313 οἱ
936 5260 1148 5329 Κρῆτες
1180 5276 1240 5323 ς’.

1479 5190 1524 5221 ’⁸
1550 5192 1667 5243 libri
1712 5192 1926 5261 προῄει.
1992 5192 2142 5261 πρὶν,
2191 5193 2227 5241 Α
2284 5209 2297 5243 :

1346 5260 1531 5312 ⁹³ἀντὶ
1578 5265 1623 5312 Α
1656 5278 1669 5311 :
1709 5267 1801 5313 καὶ
1830 5260 1974 5314 Θεοῦ
2035 5260 2157 5312 ἀντὶ

2357 5191 2390 5259 ἢ
2449 5192 2579 5260 πρὶν
2634 5207 2693 5253 ς.
2763 5190 2849 5260 7“
2904 5189 2966 5241 τὸ
3012 5187 3058 5241 λ.
3107 5190 3191 5260 A_:
3232 5188 3293 5260 το
3322 5186 3473 5260 πρῶ--

2216 5276 2275 5322 ς.
2343 5256 2696 5312 Casaubouus
2755 5259 2867 5321 Θεὶς
2928 5260 3066 5309 ἀντί.
3146 5258 3191 5288 ⁸⁸
3234 5256 3470 5323 Ὀμήρου

244 5335 371 5387 add.
503 5333 592 5408 _"_
637 5325 759 5384 libri
787 5325 1149 5408 Λοχαίουίρι
1189 5329 1609 5408 ιιιοιᾼᾼὺγαίαν.
1686 5332 1731 5363 θ’
1754 5333 1847 5408 καὶ
1873 5348 1984 5408 o_n_r_.
2019 5331 2082 5384 A.
2158 5330 2201 5359 ’⁷
2234 5332 2291 5408 έν
2316 5328 2587 5408 ,Λεπρέῳ1
2616 5330 2686 5408 εξ.
2720 5328 2924 5408 Muller.
2968 5346 3019 5396 p.
3049 5327 3175 5408 £575.
3238 5325 3477 5408 .⁹⁷”.πεύ-

241 5405 463 5471 κηςΑε
503 5400 671 5472 λεύκῃ
703 5417 762 5472 ς·
807 5398 883 5472 ,⁸⁸
931 5400 1126 5472 ὲρρἑη
1187 5416 1247 5461 ςι
1302 5400 1369 5472 _”
1402 5400 1625 5472 ,ἀνδρῴα
1674 5418 1734 5463 ς-

244 5468 453 5527 caiteri.
523 5472 544 5502 ³
601 5468 764 5538 φασιν
792 5469 857 5523 Α.
932 5470 1159 5521 δκαλείν
1193 5470 1355 5537 φασιν
1401 5468 1615 5523 Ἄπολλ.
1642 5487 1703 5533 ς·.

1814 5404 1829 5431 ¹
1894 5402 2057 5471 θήλεα
2104 5416 2164 5463 ς.

1780 5470 1822 5501 δ’
1859 5474 1885 5501 Α
1920 5473 2017 5501 ...l.l
2076 5470 2101 5501 Δ

1858 5474 1886 5523 6
1917 5468 2040 5524 add.
2071 5470 2134 5521 Α.
2210 5470 2230 5499 ⁸
2255 5485 2279 5520 ε
2309 5471 2350 5520 Α
2379 5488 2390 5522 :
2420 5468 2600 5536 ὲψιλὸν
2627 5486 2684 5531 ς.

2254 5402 2273 5429 ¹
2304 5400 2397 5451 ἀπ’
2428 5395 2589 5450 αὑτοῦ
2629 5395 3003 5460 Casaubouus,
3047 5400 3191 5449 ἆπαν
3225 5395 3293 5458 A,
3326 5395 3475 5449 ἅπαυ

1750 5580 1975 5637 NOT/E.

322 5678 400 5744 (Ι)
434 5676 570 5734 Vide
599 5676 855 5747 proverb.
891 5684 947 5730 et
976 5673 1416 5747 Ριυιπτήειειιπι
1449 5676 1566 5730 init.

321 5747 406 5869 (2|).
435 5746 680 5817 Supr.’iu
706 5755 946 5815 cxccrpt.
993 5759 1059 5799 cx
1100 5746 1191 5799 lib.
1227 5761 1301 5809 tv,
1336 5748 1564 5801 similem
1595 5755 1797 5800 narrat.

251 5830 369 5871 l’t‘ltl
397 5830 457 5871 ιι.

1983 5673 2057 5735 (5)
2094 5670 2162 5723 Ut
2192 5672 2371 5723 czrteri
2402 5686 2613 5738 quoque
2644 5671 2875 5740 gentium
2908 5672 3175 5727 historici.

1981 5744 2055 5813 (ι)
2095 5740 2235 5807 Lege
2268 5756 2385 5805 qua:
2424 5742 2487 5791 ad
2527 5738 2734 5798 Philan.
2770 5742 2897 5809 Περὶ
2930 5742 3037 5796 τῶν
3095 5738 3461 5813 μετονομαξνλ-

1938 5812 2106 5877 μένων
2138 5822 2315 5863 notata
2342 5820 2571 5863 exstant.
