4196 6442
779 374 880 438 627

1918 380 2178 439 ΡΗΟΤΙΙ
2221 376 2720 437 ΡΛΤΒΙΛΠΕΠᾹΞ
2742 379 2849 438 CP.

3915 392 4033 461 628

781 491 1136 560 Philopatoris
1160 493 1489 559 temporihus
1515 492 1845 547 astronomia
1883 494 2084 551 clarus.
2129 491 2342 559 Ἐψιλδν
2374 499 2415 552 Α

2452 492 2539 543 τοῦ
2568 508 2593 543 ε
2624 495 2645 524 ⁸
2690 492 3162 563 συμπεριφέρεται
3204 495 3331 566 [488
3374 498 3466 569 R.]
3501 500 3577 569 τῷ
3608 501 3710 570 τῆς
3758 505 4026 577 σελήνης,

780 587 955 637 dictus
980 594 1062 638 est
1086 599 1116 637 a
1154 584 1321 653 ﬁgura
1348 585 1535 639 littera:
1566 586 1627 647 E,
1661 600 1780 653 qum
1806 584 2192 652 circumagitur
2216 596 2338 633 cum

784 677 931 735 luna.
968 675 1020 727 in
1054 692 1213 743 quam
1251 676 1336 729 ille
1370 677 1592 729 multum
1626 678 1787 730 studii
1816 676 2139 730 contulerat.
2184 672 2341 741 Saty-

783 783 875 821 rus
907 770 1033 821 item
1066 768 1367 822 Aristarchi
1392 768 1669 821 familiaris
1692 770 1838 836 Ζῆτα
1868 775 1951 821 est
1981 780 2338 833 nuncupatus,

778 860 847 911 ah
900 858 1255 926 investigandi
1303 874 1481 912 rerum
1528 875 1720 913 causas
1765 860 1964 914 studio.
2000 856 2243 911 Narrant
2282 866 2337 911 et

779 950 1039 1019 Escpum
1094 951 1161 1003 ah
1208 949 1428 1006 Idmone
1479 952 1610 1005 hero
1657 966 1756 1004 suo
1806 951 1953 1017 Θῆτα
1986 950 2335 1019 appellatum,

779 1042 919 1108 quod
947 1042 1131 1095 servili
1164 1051 1311 1097 esset
1347 1042 1523 1095 indole
1550 1058 1613 1096 ac
1643 1043 1958 1110 versipellis.
1996 1040 2130 1093 Nam
2176 1039 2338 1108 θῆτες

779 1144 966 1183 servos
1000 1130 1289 1197 signiﬁcat.
1316 1130 1527 1197 Cupseli
1569 1131 1755 1185 adhazc
1790 1142 1982 1192 mater,
2011 1131 2153 1199 quod
2188 1129 2337 1196 pcdi-

779 1221 877 1275 bus
927 1219 1079 1290 valga
1129 1232 1291 1286 esset,
1344 1224 1573 1292 Λάμδδα
1624 1234 1812 1278 vocata
1860 1224 2089 1291 Apollini
2119 1221 2331 1291 Pythio.

778 1312 1131 1383 Pythagoram
1201 1316 1421 1385 insuper
1484 1333 1629 1381 enm,
1678 1320 1766 1386 qui
1830 1330 2084 1369 numeros
2143 1325 2332 1367 omnes

2444 584 2573 652 περὶ
2605 584 2671 653 ἢν
2702 586 2907 646 ἐκεῖνος
2939 586 3171 654 μάλιστα
3231 588 3527 657 ἠκριὸωτο.
3588 592 3835 663 Σάτυρος
3886 598 3930 648 δ’
3989 602 4021 647 ὁ

2457 676 2812 745 Ἀριστάρχου
2845 677 3121 746 γνώριμος
3145 678 3286 746 ζῆτα
3310 682 3553 735 ἐκαλεῖτο
3577 686 3663 737 διὰ
3693 687 3753 737 τὸ
3788 688 4024 755 ζητητιι

2443 765 2538 816 κὸν
2564 766 2749 817 αὑτοῦ.
2791 768 2900 819 Καὶ
2949 769 3199 823 Λῖσωπόν
3228 778 3393 839 φασιν
3427 775 3471 835 ⁷,
3517 773 3589 836 ὡς
3626 776 3731 827 ὑπὸ
3767 779 4024 846 Ἴδμονος

2442 855 2534 906 τοῦ
2564 856 2823 908 δεσπότου
2853 859 3002 925 θῆτα
3032 861 3279 913 ἐκαλεῖτο
3308 863 3396 916 διὰ
3418 864 3477 915 τὸ
3501 864 3743 927 δουλικός
3772 884 3859 929 τις
3881 866 4027 920 εἶναι

2445 946 2537 996 καὶ
2567 946 2905 1017 πολύτροπος
2933 964 2947 979 ·
2981 950 3141 1019 θῆτες
3190 953 3296 1020 γὰρ
3326 954 3377 1005 οἱ
3413 954 3610 1009 δοῦλοι.
3644 957 3754 1008 Καὶ
3781 958 3802 988 ³
3834 960 3865 1026 ὴ
3908 960 4028 1009 Κυ-

2442 1035 2607 1102 ψέλου
2640 1037 2695 1089 δὲ
2733 1038 2915 1109 μήτηρ
2944 1041 3009 1101 ⁸⁸,
3042 1043 3189 1110 χωλὴ
3219 1040 3374 1106 οὖσα,
3408 1045 3651 1113 Λάμϐδα
3679 1048 3887 1117 ἐκλήθη
3917 1050 4029 1100 ὑπὸ

2441 1123 2533 1175 τοῦ
2572 1126 2791 1180 Πυθίου.
2832 1130 3153 1200 Δημοκύδης
3196 1132 3253 1184 δὲ
3302 1133 3621 1202 Πυθαγόραν
3669 1137 3805 1205 φησὶ
3844 1140 3886 1198 ³,
3919 1154 4027 1188 κα-

2440 1216 2795 1283 ταγράψαντα
2824 1220 3029 1282 πάντας
3060 1222 3187 1282 τοὺς
3211 1224 3501 1293 ἀριθμοὺς,
3526 1225 3605 1295 τῷ
3626 1232 3673 1293 γ’
3692 1228 3735 1258 ⁹⁹
3764 1230 4026 1296 στοιχείῳ

2442 1307 2730 1376 κληθῆναι.
2768 1312 3017 1366 Τοσαῦτα
3057 1314 3152 1366 καὶ
3184 1316 3240 1367 τὺ
3274 1323 3311 1367 ε’
3336 1316 3558 1384 βιϐλίον.

776 1406 1085 1475 descripsit,
1136 1408 1307 1462 refert
1353 1409 1682 1479 Democydes
1727 1429 1756 1463 a
1800 1411 1956 1463 tertia
1990 1405 2428 1475 cognominatum
2486 1415 2606 1457 esse
2652 1403 2853 1459 littera.
2908 1408 2973 1462 Et
3051 1409 3162 1463 haec
3228 1411 3443 1479 quidem
3485 1413 3707 1481 quintus
3777 1414 4028 1467 continet

776 1496 928 1549 liber.

847 1591 1042 1646 Sextus
1091 1605 1274 1662 postea
1326 1596 1461 1649 liher
1529 1597 1707 1665 capita
1769 1597 1883 1650 hmc
1939 1592 2335 1662 complectitur.

775 1680 1022 1735 Occisum
1058 1685 1397 1739 Penthesilea
1428 1688 1708 1752 Achillem,
1732 1686 1979 1739 Thetidis
2006 1684 2192 1737 matris
2225 1697 2342 1750 pre-

2521 1584 2593 1636 Τὸ
2622 1583 2677 1635 δὲ
2705 1590 2756 1646 ς’
2782 1584 2981 1653 βιϐλίον
3007 1586 3277 1651 κεφάλαια
3308 1588 3550 1657 περιέχει
3568 1588 3712 1650 τάδε,
3737 1588 3813 1650 ὡς
3842 1591 4026 1655 ’Λχιλ-

2448 1673 2571 1735 λεὺς
2608 1675 2712 1725 ὑπὸ
2744 1675 3125 1736 Πενθεσιλείας
3167 1677 3496 1746 ἀναιρεθεὶς,
3533 1678 3817 1747 δεηθείσης
3852 1681 4024 1732 αὐτοῦ

774 1772 927 1825 cibus
981 1773 1032 1826 in
1097 1776 1255 1827 vitam
1288 1788 1623 1841 revocatum,
1678 1788 1732 1830 et
1781 1777 2117 1829 Penthesilea
2166 1775 2339 1826 inter-
2374 1793 2418 1848 Β

2452 1766 2545 1833 τῆς
2581 1767 2785 1835 μητρὸς
2808 1766 3044 1825 Θέτιδος,
3070 1767 3282 1819 άναὸιοῖ
3304 1769 3394 1820 καὶ
3415 1770 3615 1822 ἀνελὼν
3637 1770 4026 1822 Πενθεσιλείαν

774 1874 971 1932 empta,
1008 1882 1218 1918 rursum
1277 1869 1340 1917 ad
1383 1868 1579 1921 Orcum
1646 1869 1890 1921 rediisse.
1933 1866 2339 1936 Lycophrouem

774 1954 827 2009 iu
855 1956 1155 2012 Alexandra
1194 1972 1438 2025 poemate
1471 1961 1740 2013 dicentem
1776 1981 1789 2013 :

1021 2046 1205 2111 Qualis
1227 2048 1448 2101 Lacinia
1484 2051 1682 2103 sterilis
1708 2051 2069 2103 centauricida

845 2139 1067 2193 Sirenas
1099 2141 1174 2210 (5)
1217 2140 1283 2193 ibi
1336 2143 1730 2195 ceutnuricidas
1772 2142 2128 2209 significasse.
2179 2140 2340 2194 Hele-

777 2246 903 2285 unm
951 2232 1154 2285 Priami
1184 2234 1375 2295 lilium,
1417 2234 1669 2287 dilectum
1704 2236 1773 2287 ab
1796 2234 2063 2301 Apolline,
2101 2233 2342 2286 muneri-

775 2336 881 2391 que
910 2325 1185 2391 accepisse
1229 2340 1413 2377 arcum
1466 2325 1790 2384 eburneum,
1824 2340 1928 2392 quo
1963 2323 2224 2377 Achillem
2257 2338 2342 2376 se-

773 2415 1008 2467 cundum
1039 2430 1253 2466 manum
1303 2414 1520 2480 feriret;
1561 2414 1833 2469 Priamum
1878 2430 1998 2469 cum
2048 2416 2343 2467 Androma-

775 2505 1152 2573 cha,snisque
1205 2506 1391 2559 liberis
1452 2508 1747 2575 supplicem
1798 2507 2094 2559 accessisse
2148 2506 2341 2575 152a

776 2597 841 2647 ad
881 2596 1143 2649 Achillem
1197 2611 1293 2662 pro
1331 2595 1575 2649 Hectoris
1622 2596 1835 2649 ossibus
1874 2597 1982 2662 (6);
2014 2596 2207 2651 Thetin
2250 2612 2342 2650 scx

778 2700 1004 2740 numero
1039 2685 1241 2740 liberos
1282 2701 1311 2739 e
1359 2685 1517 2741 Peleo
1549 2698 1834 2754 susceptos
1860 2687 2045 2742 latenti
2072 2694 2196 2752 igne
2219 2704 2339 2741 sus-

778 2777 990 2840 tulisse,
1026 2780 1348 2846 tandemque
1396 2778 1659 2832 Achillem
1707 2794 1828 2834 esse
1878 2795 2210 2844 aggressam.
2248 2781 2345 2833 Pe-

781 2873 921 2925 leum
967 2886 1097 2941 ergo
1133 2886 1190 2925 re
1214 2871 1452 2937 cognita,
1491 2873 1537 2922 vi
1576 2872 1716 2923 hunc
1750 2870 2041 2937 eripuisse,
2076 2871 2184 2924 talo
2228 2881 2344 2923 tan-

777 2975 890 3017 tum
924 2965 1131 3017 dexteri
1164 2964 1314 3029 pedis
1346 2962 1558 3022 adUsto,
1591 2972 1642 3014 et
1673 2964 1812 3027 apud
1838 2960 2132 3013 Chironem
2165 2962 2345 3016 collo-

779 3071 953 3116 casse,
984 3055 1073 3122 qui
1107 3037 1304 3106 effosso
1344 3053 1555 3120 Damysi
1600 3053 1835 3120 gigantis
1866 3065 2110 3115 corpore,
2153 3053 2203 3102 in
2248 3051 2345 3104 Pa-

782 3147 898 3200 leue
923 3146 1025 3198 sito
1054 3145 1161 3214 (hic
1190 3145 1466 3211 gigantum
1491 3144 1726 3193 omnium
1754 3143 2127 3194 VelociSsimns
2150 3142 2342 3208 fuerat)
2378 3120 2420 3176 (ἶ

781 3237 1103 3303 sublatoque
1147 3237 1262 3302 ejus
1301 3236 1430 3296 talo,
1463 3234 1687 3287 Achillis
1722 3234 1926 3298 aptavit
1968 3236 2111 3300 pedi,
2143 3243 2197 3287 et
2232 3250 2344 3285 me-

781 3328 1102 3379 dicamentis
1152 3324 1409 3377 firmavit.
1464 3323 1612 3376 llnnc
1655 3334 1836 3392 postea
1866 3324 2029 3375 talttm
2081 3325 2346 3377 excidisse

784 3420 971 3480 refert,
1002 3422 1316 3484 insequente
1352 3416 1522 3482 ipsum
1550 3416 1817 3484 Apolline,
1851 3426 1905 3468 et
1940 3416 2236 3484 collapsum
2271 3419 2348 3470 sic

783 3525 903 3563 esse
955 3512 1361 3573 interemptum.
1412 3503 1617 3557 Ferunt
1661 3515 1839 3556 autem
1900 3513 1953 3557 et
1999 3507 2065 3559 ab
2113 3504 2347 3559 Homero

791 3602 1067 3669 ποδάρκην
1100 3598 1177 3669 (7)
1223 3595 1502 3663 appellari,
1561 3598 1702 3664 quod
1760 3594 1930 3648 Arccs
1992 3597 2102 3650 alas
2158 3596 2345 3649 infanti

786 3706 912 3748 nato
950 3694 1137 3746 Thetis
1182 3687 1494 3741 addiderit:
1534 3696 1584 3739 ut
1638 3687 1708 3739 sit
1750 3687 2045 3757 ποδάρκης,
2093 3688 2245 3755 quasi
2296 3690 2346 3742 in

788 3793 1011 3860 pedibus
1041 3790 1208 3843 Arces
1243 3786 1355 3839 alas
1405 3795 1615 3837 tenens.
1652 3785 1788 3837 Arce
1816 3785 1947 3841 lucc,
1979 3783 2148 3842 aiunt,
2169 3779 2351 3831 Thau-

792 3885 991 3937 mantis
1030 3891 1147 3936 erat
1173 3880 1299 3941 lilia,
1335 3888 1387 3932 ct
1420 3876 1576 3931 Iridis
1603 3891 1781 3937 soror,
1818 3890 1937 3941 quae
1974 3884 2213 3939 utrmque
2237 3873 2351 3924 alas

793 3976 1119 4029 habuerunt.
1147 3972 1292 4024 Bello
1330 3985 1459 4021 vero
1494 3968 1715 4021 deorum
1755 3981 1874 4017 cum
1904 3964 2211 4027 Titanibus,
2266 3963 2353 4015 de-

786 4068 1025 4120 sciscens
1053 4080 1083 4116 a
1110 4064 1211 4117 diis
1260 4061 1397 4114 Arce
1444 4061 1509 4111 ad
1554 4058 1777 4111 Titanas
1810 4055 2097 4125 transfugit
2135 4072 2146 4106 :
2185 4068 2351 4122 quare

791 4156 1075 4231 proﬂigato
1106 4154 1215 4221 jam
1254 4152 1413 4213 bello,
1461 4160 1724 4217 partaque
1774 4147 2018 4207 victoria,
2049 4145 2263 4212 Jupiter
2299 4146 2351 4197 ei

789 4252 841 4305 in
876 4248 1166 4301 Tartarum
1200 4245 1432 4298 detrnsze
1470 4242 1581 4293 alas
1618 4240 1837 4293 ademit.
1884 4238 1960 4289 Ad
1990 4238 2129 4289 Pelei
2161 4236 2352 4289 deinde

788 4351 841 4394 et
862 4338 1107 4392 Thetidis
1128 4334 1341 4402 nuptias
1360 4332 1644 4393 accedens,
1676 4329 1883 4380 muneri
1914 4328 2027 4380 alas
2058 4329 2187 4378 istas
2213 4325 2354 4377 The-

792 4432 884 4485 tidi
916 4428 1130 4491 obtulit,
1164 4427 1307 4478 sicut
1360 4422 1519 4475 Peleo
1574 4423 1627 4473 in
1680 4419 1879 4486 nuptiis
1930 4419 2159 4471 donasse
2204 4417 2355 4467 aiunt

790 4520 1086 4571 Vulcanum
1124 4530 1344 4582 ensem;
1379 4510 1641 4562 Venerem
1671 4507 1929 4575 scyphum
1978 4518 2222 4567 aureum,
2263 4504 2353 4569 qui

791 4608 1119 4673 insculptum
1164 4604 1395 4658 habebat
1439 4599 1805 4667 Cupidinem;
1848 4594 2148 4662 Neptunum
2186 4608 2355 4659 equos

790 4704 944 4761 duos,
978 4696 1249 4750 Xanthum
1285 4703 1339 4746 et
1379 4691 1608 4754 Baliuin,
1658 4689 1921 4742 Junoncm
1982 4686 2223 4753 pallium,
2254 4683 2355 4736 Mi—

792 4807 1014 4844 uervum
1050 4788 1230 4851 tibias,
1261 4783 1434 4837 Nerea
1464 4782 1693 4848 denique
1731 4779 1934 4838 Salem,
1972 4793 2129 4845 quem
2163 4786 2358 4829 Vocant

794 4886 1033 4935 divinum
1067 4882 1118 4934 in
1146 4877 1344 4951 arcula.
1389 4875 1479 4943 qui
1505 4873 1583 4927 sal
1617 4870 1984 4925 incredibilem
2029 4871 2224 4922 haheat
2249 4867 2352 4920 vir-

798 4988 967 5028 tutem
1018 4976 1085 5027 ad
1139 4969 1431 5041 iuvandam
1456 4965 1800 5026 edacitatem,
1859 4961 2160 5030 cdeudiqne
2200 4976 2361 5028 appe-

2444 1857 2523 1916 εἰς
2570 1855 2695 1926 ᾅδου
2729 1856 2886 1907 πάλιν
2932 1858 3284 1924 ὑποστρέφει.

2443 1945 2745 2014 Λυκόφρων
2776 1944 2946 1997 εἰπὼν
2981 1947 3045 2009 ⁸⁸,

2514 2040 2661 2091 Ποία
2690 2038 2740 2089 δ’
2769 2037 2970 2103 ἀηδὼν
3000 2038 3204 2104 στεῖρα
3228 2039 3292 2070 ¹⁰”
3332 2040 3857 2105 κενταυροκτόνος.

2443 2131 2540 2191 τὰς
2588 2130 2849 2199 Σειρῆνας
2878 2130 3420 2197 κενταυροκτόνους
3449 2126 3617 2182 εἶπεν.
3671 2132 3760 2191 Ὠς
3794 2131 4026 2192 Ἕλενος

2443 2226 2471 2276 ὁ
2504 2224 2754 2292 Πριάμου
2820 2223 3154 2285 ’Λπόλλωνος
3201 2221 3475 2291 ἐρώμενος
3526 2224 3567 2253 ¹¹
3618 2223 3854 2288 γένοιτο.
3925 2226 4023 2273 καὶ

2445 2317 2606 2369 ἔλαϐε
2632 2335 2744 2383 παρ
2786 2315 2950 2370 αὑτοῦ
2978 2316 3149 2385 δῶρον
3179 2315 3331 2379 τόξον
3354 2315 3718 2378 ἐλεφάντινον,
3836 2314 4023 2381 Ἀχιλ-

2446 2411 2539 2463 λέα
2568 2410 2843 2474 τοξεύσειε
2900 2408 3041 2461 κατὰ
3084 2410 3183 2475 τῆς
3214 2408 3416 2476 χειρός.
3452 2408 3571 2459 Ὀτι
3612 2406 3751 2474 μετὰ
3796 2406 4023 2475 Ἀνδρο-

2448 2506 2627 2574 μάχης
2649 2503 2741 2554 καὶ
2762 2502 2871 2555 τῶν
2898 2500 3028 2555 υἱῶν
3051 2499 3215 2552 αὐτοῦ
3246 2500 3492 2568 Πρίαμος
3522 2499 3661 2565 ὑπὲρ
3684 2498 3793 2549 τῶν
3820 2498 4023 2549 ’Έκτο-

2450 2613 2539 2665 ρος
2567 2594 2738 2647 ὀστῶν
2780 2593 2963 2660 ἱκέτης
2991 2591 3221 2658 ἀφίκετο
3248 2589 3322 2651 ὡς
3360 2588 3607 2659 ’Λχιλλέα
3641 2590 3705 2640 η.
3741 2588 3828 2649 Ὠς
3864 2588 4025 2644 Θέτις

2446 2690 2569 2750 τοὺς
2606 2688 2671 2739 ἐκ
2706 2685 2928 2753 Πηλέως
2963 2684 3099 2754 αὐτῇ
3147 2683 3466 2751 γινομένους
3525 2682 3720 2737 παῖδας
3756 2682 3895 2747 πυρὶ
3929 2681 4025 2729 λα-

2447 2779 2619 2849 θραίῳ
2672 2776 2996 2845 κατηνάλου,
3031 2774 3091 2837 ἓξ
3143 2775 3469 2841 γεγονότας·
3509 2773 3583 2833 ὡς
3636 2772 3692 2823 δὲ
3744 2770 3879 2839 [9.39.
3932 2769 4024 2837 ιιι

2449 2871 2543 2922 καὶ
2583 2869 2829 2938 ’Λχιλλέα
2864 2868 3210 2936 ἐπεχείρησε,
3236 2867 3395 2931 γνοὺς
3426 2864 3637 2930 Πηλεὺς
3662 2862 3903 2925 ἐξείλετο
3938 2862 4027 2912 τὶν

2451 2962 2797 3031 ἀστράγαλον
2829 2961 2987 3028 μόνον
3009 2957 3101 3010 τοῦ
3135 2956 3310 3019 δεξιοῦ
3350 2955 3507 3015 ποδὸς
3542 2954 3908 3021 κεκαυμένον,
3934 2953 4025 3003 καὶ

3347 1859 3434 1921 Ὠς
3478 1862 3535 1911 ἐν
3568 1863 3634 1928 τῇ
3689 1861 4025 1931 Ἀλεξάνδρᾳ.

2452 3054 2686 3121 Χείρωνι
2719 3051 3119 3119 παρατίθησιν
3177 3050 3204 3098 ὁ
3242 3047 3298 3098 δὲ
3347 3046 3612 3113 ἀνορύξας
3655 3043 3715 3094 τὸ
3769 3045 4027 3110 Δαμύπυ

2452 3144 2544 3197 τοῦ
2584 3145 2839 3210 Γίγαντος
2861 3141 3021 3209 σῶμα
3056 3144 3113 3191 ἐν
3148 3139 3397 3205 Παλλήνῃ
3424 3137 3673 3203 κείμενον
3698 3133 4029 3200 (ταχύτατος

2452 3236 2495 3287 δ’
2522 3231 2588 3304 ἦν
2617 3237 2643 3285 ὸ
2673 3235 2920 3301 Δάμυσος
2962 3232 3176 3282 πάντων
3232 3228 3522 3293 γιγάντων)
3576 3225 3671 3275 καὶ
3702 3224 4028 3289 ἀνελόμενος

2454 3325 2618 3377 αὐτοῦ
2649 3324 2739 3374 τὸν
2774 3321 3114 3390 ἀστράγαλον
3141 3317 3431 3386 ὲναρμὸζει
3455 3316 3531 3383 τῷ
3562 3314 3855 3381 Ἀχιλλέως
3892 3314 4029 3371 ταδὶ,

2455 3418 2548 3469 καὶ
2584 3414 2898 3484 φαρμάκοις
2954 3412 3118 3463 αὑτὸν
3172 3410 3560 3476 σωματοποιεῖ.
3601 3406 3804 3456 Τοῦτον
3836 3405 3898 3455 δὲ
3944 3406 4031 3454 τὶιν

2456 3506 2795 3576 ἀστράγαλον
2822 3506 3114 3556 ἀποπεσεῖν
3143 3499 3473 3568 διωκομένου
3498 3497 3658 3549 αὖτοῦ
3691 3496 3800 3546 ὑπὸ
3838 3495 4033 3547 Ἀπόλ-

2455 3600 2644 3661 λωνος,
2680 3598 2774 3649 καὶ
2798 3596 2970 3657 οὕτως
3009 3594 3168 3646 αὑτὸν
3216 3590 3569 3656 ἀναιρεθῆναι
3624 3588 4031 3639 καταπεσόντα.

2454 3692 2589 3743 Φασὶ
2622 3690 2677 3741 δὲ
2715 3688 2990 3756 ποδάρκην
3030 3684 3191 3735 αὑτὸν
3222 3682 3325 3733 ὑπὸ
3366 3680 3457 3732 τοῦ
3490 3678 3716 3747 ποιητοῦ
3747 3678 4031 3741 λέγεσθαι,

2456 3784 2537 3833 ὅτι
2573 3778 2705 3845 φασὶ
2738 3779 2835 3845 τῆς
2881 3778 3087 3846 ’Λρκης
3120 3775 3185 3826 τά
3225 3771 3401 3839 πτερὰ
3430 3772 3528 3839 τὴν
3575 3769 3732 3820 Θέτιν
3791 3769 4034 3834 περιῡεῐ-

2457 3892 2542 3924 ναι
2578 3874 2620 3903 ι’
2650 3870 2727 3939 τῷ
2770 3869 2919 3921 παιδὶ
2948 3867 3279 3935 γεννηθέντι,
3312 3866 3406 3915 καὶ
3448 3858 3586 3913 εἶναι
3629 3862 3689 3911 τὸ
3719 3860 4039 3924 ποδάρκης

2461 3968 2488 4016 ὁ
2517 3968 2561 3994 ¹⁵
2586 3965 2642 4013 ὲν
2676 3964 2785 4022 τοῖς
2819 3961 2947 4011 ποσὶ
2974 3960 3043 4010 τὰ
3080 3957 3177 4023 τῆς
3206 3958 3415 4024 Ἀρκης
3461 3953 3637 4020 πτερὰ
3672 3950 3834 4017 ἔχων.
3882 3950 3949 3999 Ἰι
3986 3948 4038 3998 δὲ

2464 4056 2641 4122 ’Ἄρκη
2673 4050 2991 4117 Θαύμαντος
3019 4044 3086 4114 ἦν
3122 4046 3387 4111 θυγάτηρ,
3420 4039 3487 4112 ἧς
3517 4044 3549 4110 ἡ
3596 4039 3801 4105 ἀδελφὴ
3858 4034 4037 4103 Ἶρις·

2461 4144 2635 4211 πτερὰ
2682 4141 2725 4192 δ’
2761 4134 2904 4206 εἶχεν
2955 4136 3210 4202 ἑκατέρα.
3267 4133 3355 4183 Ἐν
3393 4131 3447 4182 δὲ
3496 4129 3574 4197 τῷ
3629 4128 3764 4196 πρὸς
3799 4128 4041 4185 Τιτᾶνας

2459 4234 2566 4284 τῶν
2586 4231 2721 4283 θεῶν
2747 4229 2968 4295 πολέμῳ
2994 4224 3288 4277 ἀποπτᾶσα
3320 4220 3428 4271 τῶν
3454 4219 3590 4270 θεῶν
3615 4220 3645 4284 ἠ
3684 4219 3865 4283 ’Λρκη
3900 4216 4051 4283 πρὸς

2460 4324 2584 4383 τοὺς
2611 4321 2841 4379 Τιτᾶνας
2867 4315 2997 4385 ἦ).οε
3023 4331 3035 4343 '
3065 4312 3200 4381 μετὰ
3228 4311 3283 4361 δὲ
3309 4310 3406 4378 τὴν
3442 4309 3597 4377 νίκην
3616 4309 3643 4356 ὁ
3672 4308 3806 4365 Ζεὺς
3829 4304 3903 4354 τὰ
3939 4304 4037 4370 μὲν

2464 4414 2639 4480 πτερὰ
2669 4408 2836 4474 αὐτῆς
2863 4405 3134 4472 ἀφείλετο,
3162 4402 3329 4469 αὐτὴν
3364 4396 3742 4465 ταρταρώσας,
3781 4410 4041 4463 παραγε-

2460 4504 2680 4569 νόμενος
2713 4498 2768 4549 δὲ
2803 4498 2844 4527 ¹⁸
2880 4496 2971 4545 ἐπὶ
2997 4494 3073 4559 τῷ
3115 4490 3334 4559 Πηλέως
3368 4489 3461 4541 καὶ
3487 4486 3699 4546 Θέτιδος
3735 4485 3903 4551 γάμῳ
3932 4484 4041 4533 δῶν

2463 4610 2551 4661 ρον
2580 4591 2649 4642 τὰ
2673 4588 2846 4657 πτερὰ
2882 4589 2947 4654 τῇ
2981 4585 3158 4636 Θέτιδι
3194 4583 3487 4651 προσάγει.
3532 4580 3618 4639 Ὠς
3640 4577 3809 4644 Πηλεί
3833 4577 3929 4626 ἐπὶ
3963 4574 4044 4635 τῷ

2460 4685 2623 4750 γάμῳ
2666 4682 2797 4747 φασὶ
2841 4677 3191 4745 δωρήσασθαι
3225 4675 3529 4740 Ἥφαιστον
3587 4671 3684 4738 μὲν
3731 4669 4037 4735 μάχαιραν,

2475 4774 2795 4843 ’Λφροόίτην
2826 4770 2882 4821 δὲ
2931 4770 3128 4836 φιάλην
3161 4764 3613 4833 ἐγγεγλυμμένην
3648 4762 3872 4829 Ἔρωτα
3906 4778 4045 4825 χρυ-

2468 4870 2585 4935 σῆν,
2617 4862 2922 4917 Ποσειδῶνα
2946 4862 3001 4912 δὲ
3028 4861 3229 4917 ἵππους
3258 4856 3459 4908 Ξάνοον
3485 4859 3574 4907 καὶ
3604 4854 3821 4911 Βαλίον,
3857 4854 4045 4917 ’Ἦραν

2466 4962 2522 5013 δὲ
2580 4956 2825 5026 χλαμύδα
2874 4955 2966 5006 καὶ
3024 4951 3252 5018 ’ΛΟη-ιᾶν
3301 4948 3535 5011 αὐλοὺς,
3588 4944 3776 5015 Νηρέα
3811 4944 3870 4995 δὲ.
3917 4944 4049 5002 τοῦς

2075 5094 2306 5149 VARI/13
2357 5094 2759 5151 LEC'I‘IONES.

871 5256 891 5284 ⁸
918 5251 1095 5304 malim
1145 5248 1508 5314 συμφέρεται.
1552 5313 1556 5314 γ
1585 5242 1603 5271 ⁷
1638 5257 1800 5306 φασιν
1817 5238 1881 5314 ‘A_
1908 5254 1921 5289 :
1952 5238 2029 5314 63'_
2067 5254 2230 5303 φασιν
2263 5254 2319 5299 ς.

802 5326 967 5393 τρίτῳ
994 5338 1054 5382 ς.
1103 5319 1174 5393 -ξο
1203 5312 1406 5393 sinas:

817 5376 1021 5463 λλχίςί
1100 5389 1145 5419 ’³
1172 5376 1492 5457 παραθεῖναι
1525 5400 1585 5445 ς.
1667 5380 1705 5409 ⁸⁸
1728 5382 1755 5429 ὁ
1778 5376 1829 5429 Λ
1855 5396 1868 5430 :
1898 5379 2017 5429 ἀντὶ
2047 5376 2139 5427 τοῦ
2168 5378 2194 5426 ὁ
2220 5394 2277 5438 ς.

2400 5238 2420 5267 ⁸
2454 5237 2547 5288 καὶ
2575 5235 2696 5287 add.
2751 5236 2813 5285 A.

1522 5313 1585 5343 ιο·
1624 5308 1833 5377 στεῖρα]
1858 5309 1965 5375 ἦρα
2008 5310 2067 5359 Λ,
2118 5316 2214 5377 rt'st
2248 5324 2294 5357 ν.
2331 5306 2452 5358 (370.

2359 5378 2399 5404 ¹⁸
2426 5376 2481 5427 δὲ
2530 5376 2613 5427 Λ;
2650 5376 2705 5425 δὲ
2737 5374 2827 5424 καὶ
2860 5389 2917 5434 ς.

2891 5232 2932 5261 ⁸⁸
2977 5226 3179 5298 μήτηρ]
3212 5224 3370 5295 μηρὼ
3398 5224 3478 5298 Απ,
3533 5221 3812 5298 Nec”:
3893 5221 3934 5250 "
3963 5220 4040 5298 fl

2537 5308 2576 5335 ”
2610 5305 2881 5372 ἐρώμενος
2921 5292 3250 5358 Ἀ’πόλλων-ἇς
3442 5295 3482 5323 ⁸³
3516 5293 3589 5355 ὡς
3626 5293 3740 5358 Ἀχ.
3776 5292 3816 5341 Λ
3855 5308 3867 5341 :
3902 5292 4049 5358 πρὸς

2302 5488 2532 5542 NOTAE.

878 5624 952 5688 (3)
980 5622 1122 5674 Idem
1152 5618 1445 5671 indicatum
1478 5614 1752 5688 superiore
1780 5628 1906 5688 pag.

879 5680 954 5759 {ti}
990 5692 1117 5744 Vide
1147 5704 1265 5757 quia:
1298 5680 1903 5759 hicreferunturaliter
1928 5680 2180 5748 pleraque
2215 5693 2351 5732 nar--

814 5752 1090 5839 t-iaapud
1119 5752 1357 5827 Λίιυιιοει.
1388 5757 1477 5808 lib.
1518 5770 1573 5805 ιιι
1620 5752 1919 5803 ΙῆὺιέοιΙιιίπ

2541 5606 2615 5675 ('7)
2659 5605 2743 5666 Ὠς
2774 5604 3103 5672 ἐξαρκοῦντα
3143 5602 3255 5661 τοῖς
3288 5597 3435 5660 ποσὶ,
3478 5596 3570 5648 καὶ
3616 5591 3853 5645 ἐπιπολὺ
3895 5591 4043 5644 θέειν·

2467 5678 2781 5747 δυνάμενον,
2816 5676 3018 5726 nutavit
3052 5675 3272 5724 Ευδιαιιι
