4196 6442
195 413 302 486 629

1285 415 1804 478 BIBLIOTHECA.
1840 439 1908 452 ·-·
1941 418 2104 479 COD.
2131 417 2285 479 CXC.

3332 410 3439 472 630

202 532 385 595 Θείους
415 531 550 595 ἃλας
584 531 950 603 καλουμένους
982 532 1040 584 ὲν
1065 532 1292 585 κοίτιδι·
1322 532 1546 595 τούτους
1576 531 1633 583 δὲ
1672 529 1765 584 δὺ-
1800 534 1844 589 Α

1800 534 1844 589 A
1874 530 2051 595 tilum,
2079 540 2130 585 et
2165 534 2405 586 ciborum
2434 530 2867 585 concoctionem.
2896 529 3069 597 Atque
3094 524 3223 579 hinc
3251 522 3429 578 locum

195 643 362 694 ναμιν
395 625 544 695 ἐχειν
578 625 856 694 ἀμήχανον
896 624 1032 696 πρὸς
1071 623 1417 694 πολυφαγίαν
1464 625 1556 677 καὶ
1592 624 1773 694 ὄρεξιν

196 719 290 769 καὶ
328 718 513 785 πέψιν,
543 718 600 783 ἐξ
624 711 683 770 οὗ
705 717 892 770 λύεταί
924 735 1003 770 σοι
1027 718 1121 769 καὶ
1146 718 1227 770 τό·

340 810 556 864 Πάσσε
588 811 640 862 δ’
668 811 818 877 ἁλὸς
850 811 1048 865 θείοιο.

199 907 333 975 Περὶ
380 906 673 975 Ἀχιλλέως
705 905 797 958 τοῦ
822 906 1106 975 γηγενοῦς,
1132 908 1226 959 καὶ
1248 905 1357 960 ἀπὸ
1385 905 1493 959 τῶν
1525 904 1775 959 Ἰλιακῶν

197 997 311 1047 ὅσοι
349 998 395 1027 ¹⁶
428 996 674 1063 ἐγένοντο
709 996 973 1065 Ἀχιλλεῖς
997 996 1352 1066 περιώνυμοι.
1388 998 1498 1050 Kal
1522 996 1596 1059 ὡς
1621 991 1774 1059 οὗτος

198 1087 225 1136 ὁ
255 1086 505 1155 γηγενὴς
544 1086 850 1153 φεύγουσαν
880 1086 977 1155 τὴν
1011 1087 1187 1155 ’Ἥραν
1221 1085 1330 1137 ἀπὸ
1361 1087 1460 1154 τῆς
1511 1086 1603 1139 τοῦ
1656 1086 1774 1150 Διὸς

208 1178 415 1246 μίξεως
450 1178 742 1242 ὑπεδέξατο
767 1179 923 1248 ὲντῷ
962 1179 1125 1232 αὑτοῦ
1162 1180 1365 1249 ἄντρῳ,
1398 1179 1492 1231 καὶ
1522 1179 1776 1232 ἀνέπεισε

202 1272 487 1323 συνελθεῖν
520 1271 594 1340 τῷ
618 1271 733 1324 Διί·
766 1272 862 1325 κα)⁵
896 1272 1119 1342 πρώτην
1149 1272 1294 1341 μίξιν
1326 1272 1509 1341 Ἥρας
1540 1272 1634 1325 καὶ
1658 1272 1778 1333 Διὸς

197 1364 411 1435 ταύτην
468 1365 718 1432 γενέσθαι
755 1365 937 1433 φασίν.
1004 1365 1061 1417 '0
1111 1366 1167 1417 δὲ
1213 1367 1347 1427 Ζεὺς
1409 1365 1777 1433 ἐπηγγείλατο

212 1458 452 1525 Ἀχιλλεί
499 1458 705 1520 πάντας
738 1460 866 1521 τοὺς
900 1458 977 1528 τῷ
1013 1458 1140 1529 [489
1194 1457 1284 1528 IL]
1336 1458 1561 1527 ὀνόματι
1612 1457 1776 1510 αὐτοῦ

202 1548 378 1619 κληθη
413 1551 671 1619 σομένους
698 1551 1073 1621 περιωνύμους
1098 1555 1365 1620 ποιήσειν.
1389 1551 1486 1603 Διὰ
1507 1550 1663 1603 τοῦτο
1686 1552 1777 1602 κα“.

213 1642 496 1710 Ἀχιλλεὺς
527 1642 869 1712 περιώνυμος
898 1646 925 1696 ὁ
953 1647 1050 1709 τῆς
1099 1642 1335 1704 Θέτιδος.
1374 1644 1481 1695 Kal
1512 1646 1539 1695 ὁ
1574 1644 1780 1711 Χείρω⁴

212 1750 303 1793 ’,ος
345 1734 404 1785 δὲ
438 1734 753 1796 διδάσκαλος
804 1734 1078 1802 Ἀχιλλεὺς
1116 1735 1382 1797 ἐκαλεῖτο,
1422 1729 1594 1802 ἀφόὖ
1629 1735 1723 1786 καὶ
1751 1736 1780 1786 ὁ

204 1824 432 1891 Πηλέως
470 1824 513 1854 ¹⁷
542 1824 740 1893 ἐκλήθη
774 1825 879 1877 ὑπὸ
917 1826 1209 1894 Χείρωνος.
1248 1826 1357 1877 Kal
1388 1828 1416 1877 ὁ
1465 1826 1556 1879 τὸν
1584 1826 1781 1894 ὀστρα-

200 1913 407 1980 κισμὸν
459 1914 754 1983 ἐπινοήσας
831 1915 1121 1984 Ἀθήνῃσιν
1166 1915 1440 1984 Ἀχιλλεὺς
1512 1917 1775 1980 ἐκαλεῖτο,

200 2005 318 2066 υἱὸς
352 2004 627 2068 Λύσωνος.
688 2006 794 2057 Καὶ
817 2006 936 2070 Διὸς
968 2008 1063 2058 καὶ
1100 2008 1314 2076 Λαμίας
1360 2007 1607 2076 ’Δχιλλέα
1645 2008 1779 2075 φασὶ

197 2097 459 2163 γενέσθαι
506 2098 548 2127 ¹⁸
578 2098 638 2149 τὸ
694 2098 889 2161 κάλλος
928 2100 1228 2167 ἀμήχανον,
1284 2099 1341 2151 ὃν
1372 2100 1464 2152 καὶ
1525 2100 1779 2169 ἐρίσαντα.

199 2187 335 2256 περὶ
368 2188 599 2249 κάλλους
632 2189 875 2256 νικῆσαι,
900 2188 993 2241 τοῦ
1021 2188 1193 2249 Πανὸς
1224 2188 1511 2258 κρίναντος
1535 2205 1547 2217 ·
1575 2189 1668 2240 καὶ
1694 2189 1779 2241 διὰ

198 2278 364 2331 τἰὖτο
414 2280 699 2348 Ἀφροδίτη
746 2280 787 2310 ¹⁹
828 2280 1178 2348 νεμεσήσασα
1227 2278 1483 2348 ἐμϐάλλει
1518 2281 1649 2332 Πανὶ
1689 2280 1779 2331 τὸν

213 2373 413 2441 Ἠχοῦς
454 2372 655 2442 ἔρωτα,
696 2373 789 2424 καὶ
823 2372 926 2442 μὴν
974 2371 1069 2425 καὶ
1118 2374 1517 2441 κατειργάσατο
1574 2374 1667 2425 καὶ
1700 2374 1779 2436 είς

208 2466 312 2531 τὴν
351 2463 499 2514 ίδέαν
526 2462 708 2524 αὐτὸν,
743 2463 889 2525 ὅπως
921 2462 984 2514 ὲκ
1021 2462 1120 2529 τῆς
1182 2463 1394 2531 μορφῆς
1438 2464 1661 2532 αἰσχρὸς
1688 2464 1779 2515 καὶ

198 2554 506 2623 ἀνέραστος
526 2554 787 2621 φαίνοιτο.
810 2554 919 2605 Kal
942 2552 1183 2606 Γαλάτου
1202 2553 1344 2614 τινὸς
1365 2553 1477 2614 υἱὸς
1506 2551 1779 2621 Ἀχιλλεὺς

204 2646 435 2716 ἐκλήθη,
469 2646 528 2697 ὃν
577 2646 641 2697 ἐκ
685 2646 908 2714 γενετῆς
940 2645 1121 2697 πολιὸν
1170 2645 1420 2713 γενέσθαι
1472 2646 1629 2713 φησί.
1671 2645 1782 2698 Kal

203 2742 388 2808 ἕτεροι
432 2738 691 2808 Ἀχιλλεῖς
740 2739 1022 2806 ἐπιφανεῖς
1064 2737 1318 2804 γεγόνασι
1372 2738 1415 2767 ²⁰
1479 2736 1569 2787 ιδ’·
1609 2730 1684 2789 ὧν
1732 2736 1781 2787 οἱ

202 2830 300 2883 δύο
327 2830 489 2891 κύνες
528 2826 668 2899 ἦσαν
702 2831 794 2881 καὶ
827 2829 1120 2898 θαυμάσιοι
1165 2830 1234 2879 τά
1268 2827 1445 2881 κυνῶν
1480 2828 1633 2897 ἔργα.
1660 2828 1782 2881 ’Ὁτι

205 2926 460 2993 Πρίαμος
518 2924 639 2985 Διὸς
687 2924 962 2993 ἐρώμενος
1016 2922 1223 2990 γένοιτο
1252 2964 1266 2986 ,
1322 2924 1414 2973 καὶ
1450 2921 1601 2973 λάϐοι
1650 2923 1781 2992 παρ’

205 3017 375 3068 αὑτοῦ
410 3017 509 3084 τὴν
540 3018 744 3085 χρυσῆν
772 3016 1037 3083 ἄμπελον,
1071 3017 1136 3084 ἢν
1168 3015 1337 3083 δῶρον
1377 3014 1679 3083 Εὐρυπύλῳ
1708 3014 1785 3082 τῷ

203 3109 457 3177 Τηλέφου
516 3108 654 3176 ὑπὲρ
716 3107 1032 3177 συμμαχίας
1085 3106 1319 3159 δίδωσιν.
1390 3106 1477 3167 Ὡς
1535 3108 1784 3168 Αἴσωπος

205 3201 525 3269 ἁπιιρεθεὶς
549 3200 651 3251 ὑπὸ
681 3198 902 3266 Δελφῶν
937 3198 1221 3259 ἀνεϐίωσε,
1250 3198 1343 3250 καὶ
1363 3198 1707 3268 συνεμάχησε
1740 3198 1784 3227 ’ί
1812 3234 1853 3289 C

204 3298 324 3357 τοῖς
350 3293 580 3362 Ἐλλησι
616 3293 743 3361 περὶ
787 3291 1166 3360 Θερμοπύλας.
1217 3290 1306 3353 Ὠς
1334 3290 1670 3359 Φιλοκτήτην
1728 3292 1784 3341 ὲν

207 3391 418 3457 Λήμνῳ
456 3387 648 3447 Πύλιος
680 3385 809 3456 [9.53
833 3384 990 3453 H.|"
1021 3384 1297 3451 ἰάτρευσεν
1320 3383 1434 3443 υἱὸς
1466 3382 1783 3446 Ἡφαίστου,

208 3482 309 3533 καὶ
340 3479 510 3548 ἔμαθε
551 3479 682 3548 παρ’
714 3476 880 3529 αὑτοῦ
906 3478 1001 3545 τὴν
1035 3476 1277 3545 τοξικὴν.
1321 3473 1407 3533 Ὠς
1430 3473 1783 3542 Σκαμάνδρου

207 3573 305 3624 τοῦ
342 3568 590 3637 ποταμοῦ
645 3572 757 3631 υἱὸς
799 3570 985 3637 Μῆλος
1016 3569 1225 3634 γένοιτο
1256 3567 1418 3627 καλὸς
1466 3567 1562 3633 τὴν
1612 3565 1783 3635 ῶραν,

208 3666 344 3732 περὶ
383 3659 444 3715 οὗ
494 3663 672 3731 ἐρίσαι
724 3662 888 3727 φασὶν
934 3662 1110 3729 ’Ἥραν
1163 3676 1221 3711 τε
1257 3658 1350 3710 καὶ
1410 3658 1641 3725 ’Λυηνᾶν
1694 3659 1787 3710 καὶ

220 3750 551 3820 Ἀφροδίτην
611 3750 751 3812 τίνος
799 3748 1008 3815 γένοιτο
1068 3747 1271 3815 ἱερεὺς,
1336 3744 1682 3812 Ἀλέξανδρον
1730 3742 1786 3795 δὲ

209 3846 397 3913 κρῖναι
426 3842 579 3910 νικᾷν
624 3838 1063 3909 Ἀφροδίτην-ὲκ
1106 3835 1307 3903 ταύτης
1332 3833 1460 3901 γοῦν
1501 3835 1599 3903 τῆς
1646 3834 1788 3885 ἱστο-

214 3935 340 4005 ρίας
375 3937 403 3985 ὁ
434 3935 563 4000 περὶ
599 3930 692 3982 τοῦ
734 3930 905 3999 μήλου
954 3928 1109 3995 λόγος
1160 3927 1393 3995 διεδόθη.
1441 3926 1788 3996 Ὑπερμένης

208 4032 269 4081 ἐν
293 4026 374 4095 τῷ
398 4026 527 4095 περὶ
554 4024 685 4075 Χίου
724 4022 963 4091 Ὀμήρου
990 4018 1445 4088 φησ¹ιοεράποντα
1469 4018 1721 4085 γενέσθαι
1746 4020 1789 4051 ’³

210 4118 521 4183 Σκινδαψὸν
554 4115 819 4182 ὀνόματι·
873 4099 1067 4163 τοῦτον
1103 4109 1445 4179 ζημιωθῆναι
1501 4109 1604 4160 ὑπὸ
1643 4110 1788 4161 Χίων

210 4208 397 4279 χιλίας
424 4206 672 4276 δραχμὰς
712 4205 801 4256 διὰ
825 4204 885 4255 τὸ
931 4204 1004 4270 μὴ
1044 4202 1245 4254 καῦσαι
1276 4202 1674 4269 τελευτήσαντα
1702 4202 1791 4251 τὸν

210 4300 509 4367 δεσπότην.
550 4300 606 4349 ὐ
632 4298 686 4349 δὲ
712 4298 773 4347 τὸ
801 4296 1031 4365 ὄργανον
1060 4293 1237 4363 εὑρὼν
1259 4292 1319 4345 τὸ
1347 4292 1489 4344 οὕτω
1519 4293 1789 4362 καλούμε-

208 4411 303 4446 νον
343 4390 636 4458 σκινδαψὸν
673 4389 985 4457 Ἐρετριεὺς
1009 4386 1055 4415 ³⁵
1078 4381 1165 4454 ἦν,
1202 4385 1457 4453 Ποικίλης
1482 4383 1581 4450 τῆς
1617 4383 1785 4453 αὐλη-

207 4486 395 4554 τρίδος
436 4483 569 4543 υἱός.
607 4480 788 4533 Ταῦτα
816 4480 909 4530 καὶ
934 4479 991 4529 τὸ
1021 4483 1071 4541 ς’
1108 4475 1335 4543 βιϐλίον.

1875 625 2019 677 illum
2052 624 2257 679 clarum
2288 627 2520 679 evadere
2552 641 2566 675 :

2368 804 2492 857 Sale
2513 804 2736 871 aspersi!
2767 818 2940 857 sacro.

1872 896 1998 966 Agit
2027 906 2136 949 tum
2169 897 2233 949 de
2262 894 2468 949 Achille
2496 903 2639 947 terra
2668 896 2870 962 genito,
2892 904 2945 947 et
2975 901 3105 963 quot
3127 900 3248 962 post
3274 892 3437 945 Iliaca

1876 1001 2118 1059 tempora
2182 989 2325 1043 fama
2387 989 2518 1043 clari
2566 988 2806 1042 Achilles
2856 988 3078 1041 fuci-int.
3128 986 3228 1040 Hic
3276 994 3446 1050 terra;

1873 1083 2019 1138 ﬂlius
2049 1082 2338 1147 Junciiem.
2368 1083 2519 1140 Jovis
2551 1098 2902 1155 congressum
2934 1082 3255 1149 fugientem,
3286 1090 3442 1131 antro

1876 1188 1975 1229 suo
2006 1175 2233 1241 recepit,
2268 1174 2645 1242 persuasitque
2680 1172 2745 1224 ad
2784 1168 2969 1223 Jovem
2994 1168 3177 1222 redire
3203 1184 3216 1231 ;
3247 1174 3299 1218 ct
3328 1166 3441 1217 brec

1878 1269 2050 1336 prima
2076 1266 2197 1331 fuit,
2217 1277 2275 1320 ut
2307 1266 2507 1331 ferunt,
2536 1264 2682 1318 Jovis
2702 1273 2754 1318 et
2781 1260 3006 1317 Iunonis
3033 1260 3217 1315 coitio.
3240 1256 3439 1322 Quam-

1878 1360 2065 1411 obrem
2135 1356 2343 1425 Jupiter
2399 1370 2613 1424 quoque
2671 1354 2863 1407 Achilli
2928 1350 3200 1420 pollicitus
3243 1357 3327 1401 est
3363 1343 3440 1396 fa-

1879 1458 2094 1503 cturum
2112 1463 2193 1511 se,
2218 1458 2274 1500 ut
2297 1456 2558 1517 quotquot
2584 1444 2698 1513 eius
2719 1459 2911 1496 nomen
2936 1442 3286 1500 sortirentur,
3314 1435 3444 1487 clari

1880 1541 2228 1595 exsisterent.
2252 1539 2542 1607 Propterea
2566 1547 2615 1589 et
2640 1536 2879 1589 Achilles
2904 1535 2988 1587 ille
3009 1531 3250 1586 Thetidis
3278 1529 3438 1591 lilius,

1881 1628 2109 1681 illustris
2141 1627 2369 1679 exstitit.
2395 1624 2647 1677 Chironis
2678 1636 2894 1690 quoque
2934 1629 3231 1686 praeceptor
3263 1615 3445 1667 Achil-

1882 1720 1959 1774 les
1992 1719 2300 1773 nominatus
2334 1735 2347 1771 :
2390 1718 2529 1769 unde
2570 1714 2711 1768 Pelei
2749 1713 2889 1765 illius
2927 1726 3020 1778 per
3044 1708 3331 1762 Chironem
3368 1704 3448 1755 sic

1884 1811 2205 1881 appellatus.
2260 1809 2482 1869 Adhzcc,
2528 1807 2617 1875 qui
2669 1805 2875 1874 primus
2923 1800 3307 1855 ostracismnm
3369 1796 3445 1861 (8)

1881 1903 2110 1957 Athenis
2134 1900 2479 1969 cchgitavit,
2517 1898 2753 1952 Achilles
2788 1896 2981 1955 dictus,
3024 1891 3165 1944 filius
3199 1887 3441 1957 Lysonis.

1878 1997 1995 2051 Jovi
2054 2010 2271 2062 quoque
2334 2003 2389 2047 et
2438 1991 2637 2045 Lamiae
2704 1987 2939 2042 Achilles
3000 1986 3219 2053 quidam
3272 1990 3446 2042 natus,

1878 2093 2048 2152 aiunt,
2083 2086 2271 2155 152b
2299 2084 2745 2155 praestantissima
2800 2080 2957 2147 plane
2983 2079 3180 2138 forma,
3205 2086 3262 2128 ut
3285 2076 3447 2127 etiam

1879 2181 1945 2233 de
1978 2178 2381 2246 pulchritudine
2408 2174 2767 2234 contendens,
2809 2172 2954 2225 Pane
2992 2170 3093 2223 deo
3126 2168 3326 2236 judice,
3370 2166 3449 2214 vi-

1880 2271 2035 2325 cerit.
2072 2269 2144 2322 Ea
2169 2284 2297 2338 ergo
2323 2269 2387 2323 de
2418 2282 2579 2321 causa
2619 2263 2891 2319 Venerem
2927 2262 3286 2330 indignatam,
3315 2257 3448 2309 Pani

1881 2361 2060 2416 Echus
2100 2375 2339 2414 amorem
2370 2358 2658 2413 immisisse
2682 2374 2695 2409 :
2721 2364 2774 2408 et
2802 2364 2950 2406 certe
2982 2351 3063 2405 sic
3096 2350 3447 2408 deformasse.

1881 2464 1939 2507 ut
1987 2456 2101 2523 ipsa
2173 2454 2435 2505 duntaxat
2497 2449 2677 2519 specie
2740 2447 2909 2515 turpis
2961 2455 3017 2498 et
3056 2442 3303 2495 amabilis
3356 2454 3452 2491 ne-

1882 2547 2015 2600 mini
2057 2545 2352 2599 videretur.
2405 2543 2629 2611 lnsnper
2682 2551 2735 2593 ct
2784 2538 2956 2590 Galati
3001 2536 3281 2603 cujusdam
3309 2532 3449 2585 filius

1882 2636 2117 2691 Achilles
2166 2646 2406 2700 vocatus,
2456 2647 2611 2703 quem
2664 2633 2730 2685 ab
2788 2632 2897 2700 ipsa
2934 2628 3212 2681 nativitatc
3258 2640 3448 2679 canum

1884 2730 2049 2784 fuisse
2078 2727 2263 2781 refert.
2301 2725 2476 2780 Fuere
2503 2736 2556 2779 et
2592 2724 2683 2778 alii
2731 2723 2870 2777 fama
2914 2722 3152 2775 illustres
3185 2720 3451 2787 quinqua-

1886 2826 2033 2891 ginta
2070 2832 2305 2890 quatuor
2334 2819 2572 2873 Achilles
2605 2835 2619 2873 :
2647 2832 2878 2884 quorum
2912 2815 3015 2868 duo
3045 2827 3240 2867 canum
3284 2812 3452 2862 instar

1887 2914 2241 2981 impudentes,
2290 2913 2536 2966 nefandis
2582 2924 2799 2979 quoque
2828 2908 3082 2977 operibus
3120 2901 3446 2957 admirandi.

1885 3008 2153 3069 Priamus,
2188 3005 2384 3073 inquit,
2412 3003 2558 3058 Jovis
2593 3000 2832 3054 amasius
2874 3000 3071 3063 factus,
3122 3009 3337 3049 auream
3386 2994 3452 3043 ab

1885 3112 1949 3151 eo
1967 3096 2177 3164 accepit
2208 3097 2391 3157 vitent,
2414 3110 2572 3162 quam
2591 3092 2678 3145 ille
2703 3100 2823 3159 post
2840 3088 3090 3159 Eurypilo
3106 3085 3323 3153 Telephi
3347 3083 3453 3135 filio

1887 3189 2027 3257 quod
2060 3186 2203 3240 bello
2243 3186 2500 3241 auxilium
2528 3191 2815 3253 portassct,
2848 3179 3052 3234 muneri
3090 3177 3256 3229 dedit.
3295 3172 3455 3227 {Bso-

1889 3297 1989 3350 pus
2041 3295 2254 3348 quoque
2308 3278 2522 3346 Delphis
2565 3275 2881 3329 interfectus
2927 3273 3091 3323 vitam
3138 3268 3360 3333 recepit,
3400 3274 3455 3316 et

1890 3376 1956 3428 ad
1986 3373 2381 3441 Thermopylas
2419 3386 2521 3423 una
2576 3384 2694 3421 cum
2738 3365 2938 3419 Graecis
2967 3362 3237 3415 militavit.
3271 3359 3452 3411 Pliilw-

1887 3478 2083 3523 ctctem
2123 3468 2176 3520 in
2211 3466 2411 3518 Lemno
2441 3462 2610 3515 insula
2641 3460 2842 3529 Pylius,
2873 3454 3103 3508 Vulcani
3152 3453 3312 3513 Illius,
3346 3465 3455 3501 me-

1891 3562 2065 3614 dendo
2094 3557 2320 3617 sanavit,
2345 3554 2613 3624 jacnlandi
2654 3561 2823 3603 artem
2878 3545 3115 3599 vicissim
3148 3542 3215 3596 ab
3238 3557 3300 3595 eo
3330 3541 3457 3593 edo-

1892 3664 2035 3708 ctus.
2058 3652 2391 3704 Scamandro
2408 3647 2611 3700 ﬂumini
2638 3655 2822 3697 natum
2850 3642 3001 3695 aiunt
3050 3639 3216 3691 filium
3238 3636 3452 3695 Melum.

1892 3742 2089 3813 insigni
2138 3742 2380 3809 corporis
2421 3739 2589 3792 forma
2634 3736 2860 3803 ejusque
2904 3745 3066 3785 causa
3112 3726 3457 3781 contendisse

1892 3835 2043 3887 aiunt
2091 3830 2380 3892 lunonem,
2437 3828 2732 3885 Palladem,
2766 3831 2819 3876 et
2863 3822 3151 3878 Venerem.
3182 3819 3332 3885 cujus
3357 3831 3455 3882 po-

1906 3927 2176 3980 tissimum
2207 3926 2460 3977 sacerdos
2497 3928 2665 3973 esset.
2704 3916 2949 3970 Paridem
2996 3926 3123 3980 ergo
3164 3908 3458 3976 indicando

1894 4016 2186 4071 secundum
2220 4014 2480 4069 Venerem
2510 4010 2831 4065 sententiam
2860 4006 3084 4068 dixisse,
3119 4011 3279 4070 atque
3301 4015 3363 4053 ex
3396 4014 3456 4051 ea

1898 4108 2124 4163 historia
2146 4106 2222 4175 (9)
2244 4102 2476 4158 fabulam
2496 4116 2616 4155 esse
2639 4104 2704 4154 de
2724 4097 2862 4151 malo
2876 4105 3072 4149 ortam.
3090 4091 3457 4162 Hypermencs

1902 4198 2090 4251 adbmc
2114 4196 2167 4249 in
2191 4210 2287 4248 sua
2318 4195 2384 4247 de
2414 4192 2552 4247 Chio
2584 4189 2919 4249 narratione,
2950 4183 3169 4237 Homeri
3202 4179 3459 4234 famulum

1895 4288 2064 4341 fuisse
2093 4283 2257 4339 refert
2310 4282 2668 4350 Scindapsum
2727 4277 2965 4338 nomine,
3020 4274 3269 4339 huncque
3318 4268 3460 4320 mille

1893 4380 2131 4450 dragmis
2163 4393 2192 4430 a
2220 4377 2369 4431 Chiis
2398 4375 2701 4435 multatum,
2755 4368 2894 4437 quod
2945 4368 3139 4419 herum
3190 4370 3460 4415 mortuum

1893 4489 1997 4527 non
2033 4471 2350 4525 exussisset.
2384 4467 2452 4519 At
2485 4465 2575 4534 qui
2609 4461 2895 4529 σκινδαψὸν
2922 4460 2987 4512 ab
3027 4472 3091 4511 eo
3121 4453 3461 4509 nominatum

210 4583 633 4633 instrumentum
662 4576 772 4645 (10)
804 4575 1029 4645 lyricum
1066 4571 1287 4639 reperit,
1322 4570 1563 4624 Eretrins
1611 4571 1729 4633 fuit,
1757 4581 1809 4624 et
1847 4570 2075 4624 Pmciles
2110 4569 2342 4622 tibicina:
2374 4565 2534 4618 filius.
2567 4562 2688 4615 Ihec
2718 4559 2830 4612 fere
2882 4555 3003 4609 lihri
3050 4552 3188 4606 sexti
3250 4560 3461 4600 summa

207 4683 312 4728 est.

297 4763 384 4813 Ἐν
408 4763 465 4813 δὲ
498 4762 575 4830 τῷ
603 4762 645 4824 ζ’
689 4761 1001 4829 περιέχεται
1035 4758 1106 4820 ὡς
1133 4758 1403 4826 Θεόδωρος
1431 4761 1457 4809 ὁ
1482 4758 1775 4827 Σαμοορᾲξ
1819 4768 1862 4820 [)

1819 4768 1862 4820 [)
1962 4753 2207 4820 Septimo
2257 4748 2485 4815 denique
2531 4745 2670 4798 libro
2714 4742 2780 4795 de
2832 4741 2915 4793 his
2943 4735 3053 4804 agit
3094 4730 3456 4787 :Theodorus

207 4858 303 4908 ’.δν
337 4855 435 4906 Δία
487 4856 619 4921 φησι
662 4852 987 4919 γεννηθέντα
1038 4852 1129 4902 ἐπὶ
1154 4848 1291 4902 ἑπτὰ
1332 4849 1544 4918 ἡμέρας
1574 4851 1780 4901 ἀκατά-

208 4961 458 4999 παυστον
492 4944 741 5010 γελάσαι,
774 4943 867 4994 καὶ
911 4943 998 4994 διὰ
1023 4940 1177 4992 τοῦτο
1207 4939 1410 5000 τέλειος
1460 4940 1718 5009 ἐνομίσθη
1758 4942 1784 4991 ὁ

1889 4844 2213 4900 Samothrax
2246 4849 2428 4893 narrat
2483 4836 2668 4889 Jovem
2708 4840 2892 4885 natum
2924 4838 3129 4896 septem
3174 4823 3459 4877 continuos

1895 4939 2009 4992 dies
2061 4935 2245 4988 risisse
2290 4932 2424 5002 (ll),
2478 4930 2708 4996 indeque
2758 4921 3127 4993 septenarium
3169 4929 3457 4970 numerum

1532 5101 1758 5155 VARUS
1798 5101 2195 5157 LECTIONES-

284 5232 330 5261 “
381 5231 494 5281 ὅσοι
553 5236 675 5276 ante
731 5224 837 5276 ἀπὸ
888 5224 1038 5287 ponit
1092 5239 1150 5283 ς.
1181 5250 1247 5259 -
1280 5219 1354 5281 ὡς
1386 5221 1503 5271 add.
1558 5222 1617 5271 Α.

212 5317 391 5353 σασαν
428 5297 715 5365 ἐμϐάλλειν
746 5311 809 5365 ς’.
897 5295 940 5323 ²⁰
969 5294 1220 5358 γεγόνασι
1256 5290 1325 5340 νδ¹
1358 5306 1417 5352 ς.

208 5372 402 5423 τοῦτον
435 5361 473 5419 A
506 5386 519 5420 :
548 5368 639 5417 καὶ
662 5364 848 5417 τοῦτον
871 5381 930 5425 ς.
1008 5362 1052 5392 ³⁸
1079 5361 1347 5429 Ἐρέτριος
1384 5376 1443 5422 ς.

1697 5221 1737 5249 ’⁷
1772 5220 1973 5289 πηλεῦς
2006 5222 2069 5273 Α.

1517 5292 1558 5320 ¹¹
1596 5288 1888 5359 συνεμάχει
1922 5320 1987 5329 -
2013 5288 2372 5358 θερμοπύλης
2404 5302 2462 5347 ς.

2829 5209 2870 5239 ¹⁹
2910 5201 3256 5271 ἈφροδίτηνΔ
3285 5192 3457 5265 μισή-

2147 5219 2190 5250 "
2229 5214 2482 5282 γενέσθαι
2533 5212 2663 5278 φασὶ
2688 5227 2748 5272 ς.
2829 5212 2870 5239 ¹⁹
2910 5212 3234 5271 Ἀφροδίτην
3285 5212 3419 5265 μιση

2147 5288 2372 5339 ιοπύλης
2404 5302 2462 5339 ιτ.
2563 5283 2607 5311 ’³
2646 5280 2840 5339 Πήλιος
2876 5292 2935 5337 ς.
3013 5274 3057 5303 ⁸³
3086 5287 3203 5339 γεν.
3237 5267 3353 5337 θερ.
3388 5281 3428 5328 ς

2563 5283 2607 5311 ⁸³
2646 5280 2840 5347 Πήλιος
2876 5292 2935 5337 ς.

1722 5503 1952 5558 NOTAE.

282 5632 359 5711 (δ)
388 5628 571 5750 ριέξῗιηι
592 5628 831 5697 explicat
863 5627 1016 5680 Diod.
1066 5624 1231 5679 Sicnl.
1280 5623 1351 5675 lib
1388 5639 1464 5686 xu,
1514 5633 1567 5676 et
1620 5623 1771 5674 δαιτί.

290 5718 409 5750 "HIS
515 5714 545 5749 ll
580 5737 593 5750 .

209 5717 409 5751 ειη-ωας
452 5717 593 5750 ιἰιιι.

309 5709 409 5751 itus
452 5709 593 5750 l'lttt.

284 5722 360 5838 δι’)
391 5769 596 5822 Pnclcr
631 5767 896 5838 vulgarem
945 5766 1261 5819 sententiam
1299 5764 1488 5835 Hygini
1519 5763 1626 5817 Fab
1685 5765 1772 5827 9'1,

209 5850 460 5895 aliorum.

1961 5620 2073 5685 (10)
2108 5620 2305 5671 Athen.
2342 5614 2625 5675 describit,
2663 5612 2753 5664 lib.
2791 5624 2889 5685 iv.,
2920 5618 2975 5661 et
3011 5606 3263 5685 Eustath.

1957 5677 2065 5759 (Ill
2102 5689 2273 5742 Unum
2318 5688 2662 5759 Zoroastreut
2702 5683 3034 5759 eotleniuquo
3055 5677 3275 5759 genitus.
3306 5683 3457 5727 essm.

1885 5744 1994 5817 die,
2038 5744 2221 5879 ιὶἱδὶδευ
2265 5776 2358 5824 pro
2396 5756 2545 5808 valde
2599 5752 2815 5807 insolito
2842 5744 3014 5802 adfert.
3055 5748 3190 5801 l’ltn.
3224 5744 3317 5800 lib.
3352 5758 3457 5813 νγ,

1891 5848 2005 5879 σςιυ.
2073 5831 2122 5879 ϋ.

1891 5848 2005 5883 cati.
2047 5831 2122 5879 Ιϋ.
