4196 6442
751 377 851 439 631
1888 378 2150 440 ΡΗΟΤΙΙ
2184 379 2358 439 I’ATF

2448 380 2690 440 LRCHIE
2728 382 2840 443 ΟΡ.
3908 375 4017 439 63!

755 500 853 555 pro
901 484 1140 555 perfecto
1181 486 1531 541 aestimatum.
1580 486 1871 551 Achillem,
1921 489 2064 555 quod
2105 505 2169 543 ex
2204 490 2358 559 igne.

2448 490 2651 558 660px
2697 491 2743 523 "
2786 490 3043 561 dpt.p.6;.
3088 491 3175 552 Ὠς
3233 489 3513 558 ’Λχιλλεὺς
3568 488 3657 541 διὰ
3708 488 3811 557 μιν
3858 487 3923 540 τὸ
3951 490 4016 539 ἐκ

756 585 1003 630 servatus
1028 576 1120 641 sit,
1157 590 1278 630 cum
1321 576 1469 629 illum
1504 584 1677 630 mater
1706 578 1984 641 adureret,
2014 578 2327 649 Pyrissoom

2448 582 2603 650 τυρὸς
2645 582 2809 633 αὑτὸν
2839 580 3077 648 σωθῆναι
3110 580 3385 649 καόμενον
3411 581 3459 611 ’⁸
3509 579 3612 632 ὑπὸ
3664 580 3764 646 τῆς
3797 577 4016 645 μητρὸς

769 667 946 738 [quasi
982 670 1045 721 ab
1076 670 1192 736 igne
1220 666 1504 737 servatum]
1526 668 1675 735 prius
1704 682 1824 723 esse
1868 670 2094 723 dictum.
2113 671 2182 724 At
2203 672 2330 739 quia

2448 673 2731 741 1ορίσσοος
2762 673 3030 734 ἐκαλεῖτο,
3058 673 3191 725 διότι
3222 673 3266 703 ⁸⁷
3293 672 3351 723 δὲ
3378 670 3437 723 ἓν
3458 671 3565 723 τῶν
3588 671 3817 740 χειλέων
3847 669 4017 721 αὑτοῦ

762 763 965 815 labrum
1001 762 1165 829 ipsius
1195 761 1423 814 alterum
1443 763 1691 815 adustum
1723 774 1860 825 erat,
1890 775 2173 833 propterea
2206 780 2328 819 eum

2448 763 2823 831 ιατακαυθεὶη,
2870 764 3142 832 Ἀχιλλεὺς
3172 764 3278 815 ὑπὸ
3316 760 3410 815 τοῦ
3447 763 3653 831 πατρὸς
3684 761 4015 829 ὠνομάσθη.

761 862 915 922 pater
931 852 1188 905 Achillem
1210 850 1516 919 appellavit.
1542 851 1764 907 Sirenes
1783 853 2186 920 Telemachum,
2208 870 2331 909 cum

762 961 883 997 enm
921 944 1125 1013 Ulyssis
1168 942 1335 996 tilium
1387 959 1507 998 esse
1541 945 1887 1009 didicissent,
1920 947 2329 1001 interfecerunt.

766 1037 985 1107 Ulysscs
1026 1040 1076 1090 in
1106 1037 1404 1106 Tyrrhenia
1440 1040 1568 1092 tibia
1604 1041 1859 1105 certavit,
1891 1055 1953 1094 ac
1994 1043 2145 1096 vicit.
2174 1040 2331 1097 Ceci-

765 1128 847 1180 nit
876 1139 1056 1183 autem
1094 1126 1377 1181 Demodoci
1411 1127 1523 1197 (ιε)
1558 1144 1746 1197 poema
1795 1134 1860 1183 de
1894 1128 2070 1199 Troia
2098 1133 2333 1186 excidio.

768 1219 1019 1273 Iuventus
1058 1228 1140 1273 est
1176 1220 1415 1273 Stichius
1459 1219 1698 1282 Aitolos,
1753 1220 1997 1275 Herculis
2057 1225 2332 1287 amasios,

765 1326 887 1363 cum
932 1319 1235 1373 secaretur,
1288 1311 1555 1364 hirsutum
1609 1312 1724 1382 (l3)
1758 1328 1852 1365 cur
1904 1314 2126 1367 habere.
2161 1312 2335 1367 Inter-

770 1398 945 1454 fectus
990 1414 1117 1453 vero
1161 1408 1244 1452 est
1274 1398 1341 1451 ab
1383 1400 1497 1467 ipso
1530 1398 1784 1461 Hercule.
1816 1403 1941 1453 dum
1983 1400 2169 1455 furore
2212 1416 2338 1455 cor-

771 1500 952 1557 reptos
978 1490 1084 1553 hic,
1112 1504 1239 1543 suos
1268 1505 1480 1558 quoque
1506 1491 1703 1545 liberos
1754 1493 1987 1557 occidit;
2030 1493 2339 1562 adduntque

772 1591 990 1649 propter
1020 1580 1189 1633 solum
1229 1580 1371 1633 hunc
1410 1582 1627 1636 heroem
1672 1583 1821 1635 illum
1871 1583 2090 1637 luxisse.
2124 1584 2338 1638 Mercu-

772 1674 888 1726 rius
936 1670 1191 1735 Pollucis,
1246 1672 1404 1724 unius
1454 1674 1827 1741 gemellorum,
1894 1690 2078 1727 amore
2126 1687 2336 1743 captus,

775 1763 965 1832 153a
994 1762 1308 1816 Thessalico
1365 1779 1485 1816 eum
1526 1780 1664 1833 equo
1691 1768 1930 1819 moneris
1959 1766 2073 1819 loco
2094 1768 2335 1821 donavit.

769 1854 903 1909 Cum
933 1855 1120 1921 Apollo
1137 1853 1388 1906 funebres
1428 1857 1613 1909 ederet
1642 1856 1792 1909 ludos
1820 1856 2072 1925 Pythoni.
2104 1861 2339 1911 certavit

772 1947 843 1999 ibi
873 1944 1170 1998 Mercurius
1203 1960 1265 1998 ac
1296 1944 1494 2007 Venus,
1528 1955 1581 2000 et
1610 1946 1802 2000 victrix
1838 1948 1946 2010 illa,
1983 1950 2188 2018 prtemii
2224 1951 2341 2003 loco

772 2037 1035 2089 citharam
1074 2038 1301 2098 accepit.
1344 2052 1447 2104 qua
1480 2047 1599 2105 post
1621 2041 1841 2093 donavit
1881 2040 2151 2109 Paridem,
2187 2044 2341 2114 cuius

771 2139 827 2184 et
865 2127 1127 2181 Homeros
1161 2128 1241 2180 sic
1273 2128 1513 2181 meminit
1544 2145 1558 2180 :

1159 2214 1278 2269 Non
1307 2218 1399 2269 tibi
1430 2218 1685 2286 profuerit
1722 2219 1927 2272 cithara

770 2319 824 2363 et
852 2325 973 2378 qua:
996 2319 1313 2378 sequuntur.

842 2403 991 2472 Apml
1015 2402 1391 2472 Bacchylidem
1434 2403 1560 2469 quid
1594 2403 1683 2466 sit,
1725 2404 1865 2470 quod
1903 2416 2155 2473 tanquam
2186 2419 2216 2457 a
2254 2403 2341 2457 Si-

775 2496 893 2550 leno
935 2496 1139 2549 dictum
1178 2494 1366 2557 refert,
1408 2506 1460 2547 et
1493 2496 1574 2548 cui
1617 2496 1717 2549 hoc
1762 2511 1979 2549 carmen
2022 2497 2342 2563 pronuntia-

773 2597 907 2641 tum.
946 2586 1155 2641 Leucas
1190 2588 1307 2656 (ιιι)
1357 2598 1530 2655 petra,
1581 2588 1777 2655 inquit,
1838 2602 1866 2639 a
1922 2585 2099 2641 Leuco
2140 2587 2344 2658 Ulyssis

774 2681 917 2734 socio
983 2696 1176 2734 nomen
1231 2682 1502 2748 sumpsit,
1562 2682 1650 2748 qui
1718 2695 1917 2748 genere
1971 2680 2342 2751 Zacynthios,

779 2774 1094 2828 interfectus
1139 2782 1222 2828 est
1276 2774 1370 2842 (ot
1416 2773 1579 2827 refert
1626 2774 1740 2842 (l5)
1788 2772 2089 2841 Homerus)
2120 2774 2187 2827 ab
2232 2774 2345 2825 An-

774 2867 949 2937 tipho.
1008 2867 1163 2921 Hunc
1229 2881 1444 2935 quoque
1503 2866 1782 2921 dedicasse
1859 2866 2050 2933 ferontl
2091 2865 2343 2931 templum

775 2958 1014 3024 Apollini
1040 2958 1305 3011 Leucatae.
1353 2957 1455 3011 Eos
1488 2959 1670 3025 igitur.
1706 2960 1795 3026 qui
1839 2956 1943 3011 hoc
1980 2956 2178 3010 saliant
2214 2972 2345 3009 saxo

776 3064 961 3102 amore
1004 3048 1241 3111 liberari,
1282 3056 1441 3116 atque
1501 3051 1638 3102 hanc
1666 3064 1787 3103 esse
1821 3063 2058 3102 causam.
2100 3049 2229 3102 Post
2260 3049 2344 3101 in-

2434 856 2558 907 Ὄτι
2617 856 2939 926 Τηλέμαχον
3001 857 3301 917 Ὀδυσσέως
3362 854 3480 905 υἱὸν
3544 853 3821 922 μαθοῦσαι
3876 853 4020 905 εἶναι

2433 948 2642 999 ἀνεῖλον
2686 949 2739 999 αξ
2789 948 3065 1017 Σειρῆνες.
3124 948 3212 1011 Ὠς
3264 948 3555 1009 Ὀδυσσεὺς
3618 948 3677 998 ἐν
3728 944 4019 1015 Τυρρηνία

2434 1037 2737 1105 ὴγωνὶσατο
2784 1040 3104 1108 αὐλητικὴν,
3171 1040 3266 1092 καὶ
3337 1040 3625 1108 ἐνίκησεν·
3700 1035 3915 1105 ηὔλησε
3967 1036 4022 1087 δὲ

2448 1128 2602 1179 Ἰλίου
2636 1128 2856 1188 ἅλωσιν,
2889 1129 3199 1198 Δημοδόκου
3251 1127 3465 1195 ποίημα
3494 1126 3539 1157 ⁸⁸
3577 1142 3591 1156 ο
3626 1126 3701 1188 ὡς
3750 1125 3974 1193 Στίχιος
3998 1127 4023 1175 ὁ

2435 1220 2691 1282 Αἰτωλὸς,
2722 1222 2996 1290 ἐρώμενος
3021 1219 3097 1272 ὢν
3147 1220 3504 1289 Ἡρακλέους,
3535 1218 3748 1289 τεὺρέθη
3796 1218 4023 1284 ἀνασχι-

2440 1314 2588 1374 σθεὶς
2620 1315 3034 1384 τετριχωμένην
3086 1314 3228 1382 ἔχων
3262 1314 3361 1382 τὴν
3394 1313 3625 1382 καρδίαν
3649 1328 3661 1339 ’
3702 1310 3953 1381 ἀνῃρέθη
3982 1311 4025 1359 δ’

2437 1406 2527 1458 ὑπ’
2566 1404 2732 1457 αὐτοῦ
2786 1405 3140 1474 Ἡρακλέους,
3180 1408 3267 1457 ὅτε
3314 1406 3503 1474 μανεὶς
3550 1404 3810 1464 καὶτοὺς
3859 1401 4023 1463 ἰδίους

2437 1498 2614 1554 ἀνεῖλε
2648 1497 2841 1560 παῖδας
2863 1516 2875 1529 ο
2914 1500 3005 1550 καὶ
3052 1498 3143 1550 ἐπὶ
3188 1498 3365 1565 τούτῳ
3401 1496 3547 1565 μόνῳ
3575 1495 3711 1562 φασὶ
3746 1492 4026 1563 θρηνῆσαι

2438 1588 2529 1641 τὸν
2570 1588 2746 1657 ἥρωα.
2797 1588 2884 1649 Ὠς
2919 1590 2963 1619 ¹⁹
3028 1587 3238 1656 Ἐρμῆς
3320 1585 3689 1647 Πολυδεύκους
3737 1584 3858 1644 ἐνδς
3916 1581 4027 1634 τῶν

2440 1681 2779 1748 Διοσκούρων
2820 1682 2864 1713 ³⁸
2923 1683 3162 1747 γεγονὼς
3211 1682 3448 1751 ἐραστὴς
3510 1681 3824 1749 ἐδωρήσατο
3876 1678 4027 1744 αὑτῷ

2442 1772 2662 1841 Δώτορα
2693 1772 2738 1803 ³⁸
2782 1772 2874 1825 τὸν
2918 1772 3190 1825 Θεσσαλὸν
3255 1774 3443 1825 ἵππον.
3487 1772 3613 1823 Ὀτι
3683 1770 4027 1829 ’Λπόλλωνος

2441 1863 2815 1924 ἐπιτελοῦντος
2855 1862 3144 1927 ἐπιτάφιον
3180 1861 3397 1913 Πύθωνι
3445 1859 3664 1911 παλαίει
3720 1858 3762 1889 ³¹
3810 1857 4025 1925 Ἐρμῆς

2441 1957 2537 2008 καὶ
2572 1955 2883 2024 Ἀφροδίτη,
2916 1956 3009 2006 καὶ
3036 1955 3358 2023 κρατήσασα
3386 1953 3431 1983 ⁸³
3474 1947 3637 2004 ἆθλον
3668 1950 3831 2003 ἔλαϐε
3863 1947 4026 2001 κιθά-

2443 2067 2563 2119 ραν,
2617 2050 2686 2118 ἢν
2730 2048 2827 2100 καὶ
2870 2046 3186 2117 ἐδωρήσατο
3238 2043 3603 2112 Ἀλεξάνδρῳ·
3650 2044 3781 2112 περὶ
3811 2036 3882 2111 ἦς
3933 2042 4028 2093 καὶ

2442 2142 2711 2210 Ὅμηρος·

2578 2234 2699 2284 Οὺκ
2730 2232 2807 2284 ἄν
2830 2248 2918 2285 τοι
2946 2231 3209 2300 χραίσμῃ
3236 2228 3491 2295 κίθαρις,

2444 2325 2536 2379 και
2560 2324 2688 2390 tea;
2706 2322 2773 2376 ιι.

2516 2415 2643 2487 [492
2666 2414 2757 2487 8.]
2776 2416 2840 2467 Τί
2856 2415 2969 2467 ἐστι
2984 2412 3046 2465 τδ
3064 2413 3213 2481 παρὰ
3230 2410 3528 2480 Βακχυλίδῃ
3541 2410 3614 2472 ὡς
3633 2410 3740 2464 ἀπὸ
3765 2408 4025 2476 Σειληνοῦ

2446 2507 2757 2576 εἰρημένον,
2790 2506 2888 2557 καὶ
2915 2505 3050 2575 πρὸς
3079 2504 3202 2554 τινα
3225 2500 3347 2553 εἷπε
3370 2502 3429 2554 τὸ
3462 2500 3609 2563 ἔπος.
3640 2499 3779 2569 Ὧςή
3812 2498 4026 2558 Λευκάς

2446 2601 2621 2669 πέτρα
2660 2599 2767 2650 ἀπὸ
2807 2596 3015 2651 Λεύκου
3045 2594 3141 2647 τοῦ
3174 2594 3476 2654 Ὀδυσσέως
3510 2593 3734 2661 ἑταίρου
3765 2591 3866 2660 τὴν
3897 2589 4031 2655 κλῆ-

2447 2708 2532 2742 σιν
2586 2688 2794 2751 ἐλαὸεν,
2841 2686 2899 2749 ὃς
2941 2686 3239 2747 Ζακύνθιος
3291 2683 3389 2753 μὲν
3427 2683 3582 2750 γένος
3632 2678 3737 2753 ἦν,
3784 2681 4029 2751 ἀνῃρέθη

2446 2780 2513 2839 δ’.
2548 2780 2621 2841 ὦς
2651 2795 2815 2847 φησιν
2841 2779 2869 2829 ό
2910 2776 3162 2845 ποιητὴς,
3199 2772 3293 2826 ὑπ’
3329 2773 3578 2838 ’Λντίφου
3606 2789 3619 2801 ·
3658 2771 3849 2824 τοῦτον
3887 2772 4032 2840 ἱδρύε-

2450 2873 2643 2926 σασθαί
2700 2888 2830 2939 φασι
2862 2872 2952 2922 καὶ
2993 2870 3136 2939 ἱερὸν
3178 2870 3457 2921 Λευκάτου
3492 2870 3851 2929 Ἀπόλλωνος.
3890 2868 4032 2927 Τοὺς

2453 2966 2551 3035 μέν
2599 2962 2693 3017 οὖν
2726 2963 3165 3032 καθαλλομένους
3204 2962 3311 3013 ἀπὸ
3365 2961 3464 3027 τῆς
3492 2961 3699 3030 πέτρας
3755 2957 4032 3011 παύεσθαί

2451 3074 2583 3125 φασι
2606 3056 2702 3107 τοῦ
2738 3056 2958 3123 ἔρωτος.
2993 3054 3103 3104 Καὶ
3142 3054 3174 3120 ή
3221 3053 3399 3105 αἰτία·
3434 3051 3572 3119 μετὰ
3603 3051 3691 3101 τὸν
3721 3049 4030 3110 ’Λδιτ›νιδος,

780 3138 1062 3191 terfectnm
1112 3138 1436 3203 Adonidem,
1474 3139 1855 3193 obambulasse
1900 3150 2143 3201 narrant,
2187 3152 2346 3207 atque

2450 3149 2579 3214 φασὶ
2598 3147 2663 3206 ³⁸,
2698 3146 2928 3197 θάνατον
2960 3160 3113 3211 περιε
3126 3142 3365 3210 ρχομένη
3391 3141 3483 3192 καὶ
3504 3139 3740 3207 ζητοῦσα
3770 3141 3801 3208 ἡ
3827 3138 4031 3206 ’Λφρο-

777 3248 897 3283 enm
923 3232 1273 3299 investigasse
1298 3231 1580 3289 Venerem.
1609 3244 1987 3301 repertumque
2005 3233 2159 3303 Argi,
2185 3233 2344 3304 Cypri

780 3322 1023 3384 civitate,
1079 3322 1129 3373 in
1185 3321 1444 3387 Apollinis
1494 3321 1683 3375 Erithii
1733 3321 1882 3383 fano,
1929 3324 2122 3390 corpus
2164 3338 2346 3375 secum

780 3414 1051 3475 avexisse,
1084 3428 1337 3465 sermone
1373 3413 1535 3465 etiam
1570 3429 1689 3465 cum
1716 3413 1959 3479 Apolline
1989 3416 2053 3466 de
2088 3413 2350 3467 Ad0nidis

784 3520 967 3557 amore
994 3504 1207 3558 collato.
1254 3502 1405 3557 llunc
1452 3520 1581 3571 ergo
1619 3520 1739 3558 eam
1770 3505 1821 3557 in
1865 3503 2110 3558 Leucada
2140 3515 2347 3571 petram

784 3594 1091 3655 adduxisse,
1120 3603 1173 3648 et
1201 3594 1529 3663 praecipitem
1562 3596 1684 3648 inde
1704 3599 1831 3647 dare
1858 3610 1977 3649 sese
2003 3596 2229 3663 jussisse
2254 3613 2266 3647 :
2298 3606 2351 3647 et

785 3699 914 3737 vero
950 3699 1087 3739 saxo
1115 3685 1420 3747 salientem,
1446 3687 1648 3739 amoris
1670 3696 1801 3739 resto
1840 3686 2146 3743 liberatam.
2179 3686 2354 3741 Inter-

782 3787 1007 3843 rogante
1039 3791 1201 3843 porro
1230 3776 1326 3829 dea
1362 3792 1601 3841 causam,
1625 3778 1966 3847 respondisse
1991 3776 2170 3832 ferunt
2192 3779 2355 3850 Apol-

784 3866 970 3933 linem,
1002 3869 1140 3937 quod
1179 3878 1329 3921 vates
1353 3886 1475 3921 eum
1516 3879 1685 3934 esset,
1737 3871 1955 3923 sciverit
1997 3870 2183 3924 Jovem
2215 3887 2353 3941 quo-

784 3975 889 4026 que
920 3976 1135 4027 semper
1166 3958 1394 4015 Junonis
1434 3977 1617 4015 amore
1663 3973 1901 4030 captum.
1933 3964 1997 4016 ad
2029 3979 2220 4020 saxum
2256 3966 2355 4018 hoc

784 4051 1101 4115 accessisse,
1127 4062 1290 4119 atque
1338 4056 1385 4106 ei
1426 4053 1709 4107 insidendo
1734 4055 1937 4108 amoris
1980 4055 2353 4123 impotentiam

782 4142 1021 4206 sedasse,
1050 4143 1467 4211 compluresque
1512 4144 1649 4199 alios
1682 4145 1961 4213 utriusque
2004 4161 2166 4199 sexus
2214 4161 2354 4199 mor-

784 4233 918 4291 tales
941 4248 1125 4289 amore
1151 4236 1429 4297 ardentes,
1467 4236 1657 4289 eodem
1695 4236 1968 4304 liberatos,
2001 4252 2064 4293 ex
2100 4238 2199 4290 hoc
2223 4253 2357 4291 saxo

782 4324 1123 4386 desilientes.
1147 4326 1237 4380 Sic
1260 4327 1605 4381 Artemisiam
1632 4329 1773 4382 illam
1800 4328 2142 4399 Lygdamidis
2168 4332 2353 4393 tiliam,

780 4433 901 4487 qua:
936 4417 1115 4471 Persae
1158 4418 1428 4486 militavit,
1458 4434 1643 4473 amore
1677 4432 1894 4488 captam
1942 4420 2174 4475 Dardani
2218 4422 2358 4492 Aby-

2452 3239 2568 3306 δίτη
2620 3231 2776 3302 εὗρεν
2818 3235 2980 3287 αὑτὸν
3030 3234 3085 3284 ἐν
3114 3235 3308 3299 ’Λργει
3362 3230 3513 3281 πόλει
3552 3230 3653 3295 τῆς
3687 3230 3941 3297 Κύπρου,
3976 3231 4033 3279 ἐν

2452 3329 2527 3395 τῷ
2558 3327 2651 3379 τοῦ
2682 3326 2727 3357 ³⁸
2758 3327 2965 3394 ἐριθίου
3000 3323 3336 3384 ’Λπόλλωνος
3372 3322 3524 3392 ἱερῷ,
3557 3322 3655 3373 καὶ⁴
3686 3321 3899 3373 ἀνεῖλεν
3932 3322 4032 3372 α’)-

2452 3421 2562 3484 τὸν,
2591 3418 3080 3485 ἁνακοινωσαμένη
3108 3414 3408 3468 Ἀπόλλωνι
3451 3416 3545 3467 καὶ
3574 3414 3665 3466 τὸν
3710 3416 3843 3481 περὶ
3869 3414 4037 3465 Ἀδώο

2452 3510 2592 3571 νιδος
2622 3509 2820 3576 ἔρωτα.
2861 3507 2917 3560 Ὀ
2950 3507 2993 3558 δ’
3026 3506 3299 3559 Ἀπόλλων
3350 3502 3572 3571 ἀγαγὼν
3608 3502 3778 3571 αὐτὴν
3810 3503 3904 3553 ἐπὶ
3940 3502 4035 3571 τὴν

2454 3602 2706 3654 Λευκάδα
2742 3602 2948 3670 πέτραν
2973 3597 3277 3667 προσέταξε
3310 3595 3464 3664 ῥῖψαι
3502 3595 3643 3645 κατὰ
3672 3594 3771 3654 τῆς
3794 3594 4033 3660 πέτρας·

2454 3692 2560 3761 ἠδὲ
2592 3691 2794 3760 ἐαυτὴν
2838 3690 3042 3761 ῥίψασα
3070 3689 3350 3741 ἐπαύσατο
3378 3687 3471 3741 τοῦ
3504 3688 3724 3756 ἔρωτος.
3751 3685 4037 3753 Ζητούσης

2455 3785 2511 3837 δέ
2555 3785 2653 3853 τὴν
2707 3782 2888 3834 αἰτίαν
2942 3784 3116 3833 εἰπεῖν
3165 3781 3378 3846 λέγεται
3435 3779 3527 3830 τὸν
3569 3778 3908 3838 Ἀπόλλωνα,
3965 3777 4038 3837 ὡς

2459 3877 2651 3945 μάντις
2687 3872 2760 3925 ὢν
2797 3872 3028 3941 ἐγνώκει
3064 3872 3199 3925 διότι
3249 3876 3277 3924 ό
3326 3874 3461 3933 Ζεὺς
3512 3871 3599 3923 ἀεὶ
3660 3869 3802 3941 ἐρῶν
3855 3870 4037 3937 Ἤρας

2455 3966 2749 4037 ἐρχόμενος
2772 3966 2865 4017 ἐπὶ
2903 3966 2968 4033 τῇ
3002 3964 3177 4035 πέτρα
3208 3962 3502 4025 ἐκαθέζετο
3527 3962 3567 3992 ³⁷
3607 3962 3701 4013 καὶ
3730 3961 4040 4011 ἀνεπαύετο

2455 4054 2548 4107 τοῦ
2572 4054 2792 4124 ἔρωτος.
2824 4054 2932 4105 Καὶ
2960 4053 3145 4103 πολλοὶ
3172 4053 3229 4104 δέ
3261 4053 3410 4105 ἄλλοι
3440 4052 3533 4103 καὶ
3561 4050 3754 4103 πολλαὶ
3784 4049 3918 4119 [254
3944 4049 4037 4119 PL:

2457 4144 2618 4214 ἔρωτι
2675 4145 2979 4214 κάμνουσαι
3037 4144 3435 4213 ἀπηλλάγησαν
3476 4144 3572 4195 τοῦ
3636 4143 3866 4213 ἔρωτος,
3916 4144 4039 4193 ἐπεὶ

2455 4236 2554 4303 τῆς
2580 4235 2784 4303 πέτρας
2815 4233 3143 4303 καθήλαντο.
3176 4234 3262 4296 Ὠς
3293 4235 3387 4285 καὶ
3412 4232 3792 4303 ’Λρτεμισίαή
3823 4233 4040 4300 Λυγδά-

2460 4327 2632 4397 μιδος,
2668 4328 2698 4395 ή
2729 4325 2807 4393 τῷ
2842 4325 3029 4396 Πέρσῃ
3064 4325 3537 4393 συστρατεύσασα,
3572 4323 3868 4393 ἐρασθεῖσα
3897 4326 4040 4391 Δαρο

2456 4414 2614 4468 δανου
2666 4414 2959 4485 ’Λὸυδηνοῦ
3010 4415 3104 4467 καὶ
3159 4414 3556 4483 ὑπερορωμένη
3604 4412 3860 4481 ἐκκόψειέ
3911 4414 4039 4474 τοὺς

782 4509 927 4572 deni,
969 4510 1291 4564 dormientis
1330 4511 1539 4572 oculos.
1590 4526 1709 4564 cum
1748 4512 1791 4564 is
1835 4527 1954 4566 eam
1999 4514 2353 4582 contempsis-

2457 4506 2771 4575 ὀφθαλμοὺς
2810 4505 3179 4574 κοιμωμένου,
3211 4505 3307 4572 τῆς
3332 4504 3374 4555 δ’
3399 4504 3696 4573 ἐπιθυμίας
3725 4504 3870 4555 κατὰ
3902 4503 4041 4555 θεῶν

781 4607 885 4658 set,
930 4601 1189 4654 eruisse:
1236 4615 1419 4654 amore
1468 4616 1596 4655 vero
1648 4600 1791 4655 illius
1844 4602 2063 4655 deorum
2133 4604 2203 4656 ita
2237 4618 2353 4657 cre-

784 4700 988 4752 scente,
1019 4705 1083 4743 ex
1116 4692 1339 4744 oraculo
1365 4693 1429 4743 ad
1464 4692 1763 4747 Leucadem
1787 4692 2082 4763 profectam
2118 4694 2349 4761 seipsam

784 4782 1173 4846 przecipitasse,
1197 4791 1249 4835 et
1296 4783 1636 4837 interfectam
1670 4785 1867 4838 ibidem
1900 4800 2021 4840 esse
2060 4785 2348 4855 sepultam.

789 4870 1216 4940 Hippomedonta
1262 4890 1477 4942 quoque
1519 4876 1899 4946 Epidamnium
1926 4919 1939 4941 ,
1986 4877 2349 4932 adolescentis

2463 4603 2622 4669 μῆνιν
2675 4597 3026 4665 ἐπιταθείσης
3065 4594 3401 4665 πορευθεῖσα
3454 4595 3595 4646 κατὰ
3654 4594 3909 4665 χρησμὸν
3961 4595 4043 4655 εἰς

2458 4691 2709 4745 Λευκάδα
2735 4688 2955 4759 ἔρριψεν
2985 4687 3184 4755 ἑαυτὴν
3219 4686 3358 4737 κατὰ
3389 4688 3488 4754 τῆς
3520 4686 3726 4754 πέτρας
3757 4686 3851 4737 καὶ
3886 4686 4042 4736 ἀναιο

2462 4783 2677 4854 ρεθεῖσα
2722 4782 2918 4849 ἐτάφη.
2966 4780 3075 4832 Καὶ
3111 4778 3508 4847 Ἰππομέδοντά
3538 4795 3702 4847 φησιν
3741 4777 3785 4808 ⁸⁸
3816 4778 4043 4828 Ἐπιδαο

2461 4894 2633 4947 μνιον,
2662 4875 2852 4937 παιδὸς
2908 4872 3175 4942 ἐγχωρίου
3223 4871 3527 4941 ἐρασθέντα
3561 4871 3653 4922 καὶ
3709 4870 3782 4939 μὴ
3829 4870 4042 4938 τυγχά·

2094 4990 2329 5046 VARI/li
2379 4988 2788 5045 LECTIONES.

860 5130 902 5158 ’³
932 5131 959 5179 ὁ
988 5128 1237 5200 ἕϐδομος]
1277 5132 1383 5181 imo
1403 5132 1431 5181 ὁ
1462 5131 1619 5184 ἐπτά.
1724 5127 1777 5200 ῗ⁶λ
1800 5127 2090 5200 καιόμενον
2114 5145 2174 5190 ς.

787 5201 927 5269 χειλ,
955 5216 1012 5261 ς.
1090 5201 1134 5230 ’⁸
1161 5198 1468 5269 Δημῶκου
1506 5203 1716 5268 ποίημα.
1733 5198 1884 5269 Ἰλίου
1913 5198 2115 5269 ἅλωσιν
2152 5216 2213 5261 ς’.

788 5270 830 5355 A
870 5286 881 5320 :
916 5268 1179 5355 δῶραηςκ
1226 5268 1301 5355 ⁷³ι¹
1362 5272 1678 5355 ualuimus.
1760 5268 1805 5298 ³³
1832 5268 2115 5355 κιρατήσσες
2139 5284 2199 5355 S-

792 5354 909 5403 ,ato
942 5357 999 5403 ς.

2282 5126 2327 5157 ’⁷
2358 5124 2489 5177 διότι
2514 5125 2570 5177 δὲ
2611 5152 2680 5163 --
2735 5122 2807 5178 cf.
2844 5120 3106 5174 Meinebk.
3171 5121 3501 5189 Euphorion.
3576 5136 3629 5189 p.
3691 5120 3818 5171 19.8.
3870 5118 4038 5170 αὑτοῦ

2288 5196 2332 5226 ⁸⁹
2366 5196 2440 5257 ὡς
2466 5201 2507 5248 Α
2546 5214 2559 5247 :
2593 5193 2859 5256 καίὼςς.

2277 5267 2329 5342 "_
2356 5266 2481 5342 :53;
2588 5282 2599 5316 :
2630 5264 2705 5342 ’τὰ
2735 5264 2950 5342 ἑξῆς-ς.
2988 5333 2998 5342 _

1080 5342 1123 5372 ³⁸
1160 5344 1325 5411 φασιν
1354 5358 1413 5404 ς.
1489 5342 1554 5394 de
1582 5334 2005 5409 llippomed'oote
2035 5338 2105 5391 cf.
2144 5336 2370 5392 Meinek.
2406 5336 2737 5403 Euphorion.
2771 5351 2825 5402 p.
2876 5334 2944 5386 55
2988 5334 3116 5385 ima.

2937 5192 2980 5223 ³⁰
3014 5192 3132 5244 libri
3174 5192 3570 5261 Διοσκουριδῶν
3602 5210 3662 5255 ς.
3740 5194 3782 5221 ⁸³
3815 5190 4041 5261 Δὼτορα

3026 5263 3069 5293 ³³
3098 5264 3230 5331 φησὶ
3274 5280 3338 5327 ς.
3412 5260 3463 5292 7³⁸
3490 5262 3584 5315 τοῦ
3616 5262 3741 5316 add.
3777 5261 3821 5291 ³⁷
3848 5260 4039 5313 ἐκαθί-

2295 5450 2529 5506 NOTAE.

860 5566 972 5632 (12)
1008 5568 1137 5621 Vide
1170 5568 1417 5626 Soidam.
1464 5567 1515 5621 in
1559 5566 1779 5627 ’Λοιδός.

860 5638 972 5704 (15)
1002 5637 1143 5690 Idem
1182 5641 1249 5689 de
1296 5638 1637 5690 Aristomene
1684 5636 1951 5689 Messenio
1997 5634 2132 5688 Plin.
2162 5633 2253 5685 lib.
2288 5647 2350 5693 tt,

790 5722 908 5772 cap.
942 5707 1045 5768 37;
1081 5716 1135 5760 et
1180 5706 1357 5759 Valer.
1394 5708 1533 5759 Max.
1568 5708 1639 5759 lib
1674 5722 1711 5770 ι,
1748 5722 1869 5768 cap.
1907 5706 2005 5758 ιιΙε.
2063 5705 2259 5769 aliique
2284 5712 2353 5753 do

794 5775 1127 5848 Hermogene
1152 5778 1291 5831 rhet.
1330 5777 1584 5840 Leonida,
1618 5776 1918 5845 Lysandro,
1948 5792 2085 5833 Cultu
2120 5776 2346 5833 Alexan-

2462 5560 2566 5613 dri.
2593 5557 2730 5609 V'ide
2766 5555 3147 5617 Rbodigiuum,
3189 5556 3281 5608 lih.
3326 5572 3402 5621 tv,
3428 5570 3544 5624 cap.
3589 5555 3675 5608 16.

2466 5697 2511 5749 Ρ
2537 5628 2649 5696 (H)
2690 5628 2760 5680 De
2787 5643 2889 5695 qua
2928 5626 3145 5688 Strabo,
3212 5628 3305 5681 ltb.
3358 5620 3411 5693 xi,
3440 5620 3507 5680 et
3539 5624 3748 5695 Gylad.
3792 5620 3938 5679 Dial.
3971 5635 4027 5678 ιι

2517 5712 2615 5749 oet.

2517 5716 2648 5835 οίῗδ)
2686 5766 2845 5821 Iliad.
2872 5770 2929 5831 Δ,
2953 5783 2979 5819 v
3034 5767 3154 5822 691.
