4196 6442
154 387 271 455 633

1235 396 1768 465 BIBLIOTHECA.
1800 426 1873 441 -
1902 403 2069 469 COD.
2107 409 2280 472 CXCI

3306 410 3415 477 ϐπ

158 516 345 563 νοντα,
380 499 466 553 δτι
500 502 635 571 πρὸς
666 502 856 575 ἕτερον
896 503 1149 568 κλίνειεν,
1177 506 1407 573 ἀνελεῖν,
1443 513 1525 575 είς
1549 514 1606 567 δὲ
1633 514 1734 584 τὴν

1843 519 2119 588 cujusdam
2148 536 2259 576 ore
2288 520 2437 576 illius
2464 535 2649 577 amore
2680 537 2993 592 possessum
3028 540 3044 581 :
3070 538 3300 595 cumque
3328 542 3415 583 re-

153 594 421 647 Λευκάδα
449 598 895 667 παραγενόμενον
935 600 1029 652 καὶ
1055 601 1290 671 ῥίψαντα
1338 605 1501 660 αὑτὸν
1527 608 1571 641 ³⁸
1600 610 1739 662 ἀπο-

155 686 371 740 θανεῖν.
416 678 528 740 κάι
559 689 931 759 Νικόστρατον
969 691 1027 745 δὲ
1064 693 1155 745 τὸν
1203 698 1449 764 κωμικὸν
1496 700 1743 768 Τεττιγι-

154 774 319 837 δαίας
356 777 409 809 ⁸⁸
448 778 547 844 τῆς
578 779 886 848 Μυριναίας
911 779 956 813 ⁸⁸
1005 782 1306 850 ἐρασθέντα
1355 787 1507 856 ῥῖψαι
1547 789 1742 843 ἑαυτὸν

157 866 260 918 καὶ
297 866 683 936 ἀπαλλαγῆναι
714 870 807 923 τοῦ
850 872 1073 943 ἔρωτος.
1103 874 1340 943 Μάκητα
1381 876 1439 930 δέ
1487 896 1622 947 φασι
1651 880 1743 933 τὸν

158 956 512 1027 Βουθρὼτιον
538 960 922 1032 Λευκόπετραν
959 964 1342 1035 ἐπικληθῆναι,
1379 966 1515 1020 διότι
1550 971 1745 1040 τετρά-

157 1059 253 1105 κις
275 1045 444 1096 αὑτὸν
470 1047 791 1101 καταϐαλὼν
816 1050 923 1102 τῶν
947 1051 1226 1121 ἐρωτικῶν
1243 1054 1540 1113 κακώσεων
1563 1060 1742 1114 ἀπαλ-

158 1134 439 1189 λάττοιτο.
472 1139 579 1190 Καὶ
606 1137 807 1209 πλῆθος
837 1140 965 1195 ἄλλο
986 1142 1159 1208 οὕτως
1181 1147 1560 1220 ἀπαλλαγῆναι
1594 1152 1746 1221 λέγε-

157 1244 277 1280 ται.
326 1228 440 1280 Καὶ
483 1229 833 1302 Βουλαγόραν
860 1233 915 1285 δὲ
948 1233 1039 1286 τὸν
1083 1237 1458 1309 Φαναγορίτην
1500 1242 1571 1304 ⁸⁸,
1612 1242 1746 1313 ὲρα-

160 1317 369 1370 σθέντα
413 1321 680 1390 Διοδώρου
729 1323 823 1376 τοῦ
863 1325 1123 1395 αὐλητοῦ,
1171 1330 1548 1385 καταϐαλόντα
1584 1334 1747 1386 αὐτὸν

163 1410 531 1478 ἀναιρεθῆναι
580 1416 813 1485 γηραιὸν
857 1418 957 1489 ἤδη
1008 1418 1155 1473 ὄντα.
1191 1421 1571 1493 Ἀναιρεθῆναι
1621 1426 1747 1479 δὶδ⁸

162 1502 264 1553 καὶ
310 1503 575 1574 Ῥοδόπην
623 1510 669 1538 ⁵⁵
717 1508 1020 1581 Ἀμισηνὴν
1069 1512 1486 1569 καταϐαλοῦσαν
1526 1519 1746 1590 ἑαυτὴν,

158 1593 414 1663 διδύμων
446 1598 653 1651 παίδων
694 1603 1178 1670 σωματοφυλάκων
1208 1606 1485 1677 Ἀντιόχου
1518 1609 1615 1662 τοῦ
1648 1610 1747 1680 βα-

165 1686 371 1750 σιλέως
400 1689 754 1755 ἐρασθεῖσαν,
778 1687 859 1755 οἷς
881 1694 1121 1764 ὀνόματα
1144 1698 1405 1767 ’Δντιφῶν
1425 1701 1520 1754 καὶ
1544 1700 1746 1773 Κῦρος.

161 1776 411 1845 Χαρῖνος
462 1778 519 1831 δὲ
576 1782 952 1853 ἰαμϐογράφος
1003 1787 1220 1859 ἠράσθη
1273 1790 1515 1860 Ἔρωτος
1560 1792 1743 1846 εὐνού-

1840 607 2049 676 pulsam
2108 620 2406 677 pateretur,
2449 612 2593 680 quod
2643 613 2801 667 alteri
2850 614 2939 669 ille
2988 630 3050 670 se
3093 615 3412 687 applicaret,

1841 702 2089 755 eumdem
2128 702 2414 759 occidisse.
2436 702 2637 759 Verum
2663 705 2730 758 ad
2758 704 3060 762 Leucadem
3088 706 3409 773 profectum,

1842 805 1962 847 sese
2009 806 2073 846 ex
2120 792 2226 847 alto
2266 795 2698 862 praecipitantem
2732 797 2998 863 periisse.
3047 797 3411 853 Nicostratum

1843 882 1969 937 item
1997 883 2263 938 comicum
2299 885 2669 955 Tettigidaam
2698 886 2940 958 Myrrhin
2956 903 3089 943 cam
3115 900 3412 955 amantem,

1851 970 2089 1040 indeque
2117 988 2177 1026 se
2205 972 2571 1040 dejicientem,
2603 990 2787 1030 amore
2815 977 3047 1032 solutum
3079 977 3280 1033 lerunt.
3302 979 3414 1032 Ma-

1843 1073 1965 1117 ceta
2013 1072 2198 1118 autem
2258 1063 2606 1120 Butbmtium
2659 1068 2813 1121 aiunt
2878 1067 3271 1139 Leucopetram
3317 1086 3414 1124 co-

1844 1156 2220 1225 gnominatum
2261 1172 2403 1222 esse,
2430 1159 2576 1227 quod
2602 1170 2796 1227 quater
2837 1160 2965 1215 inde
3003 1176 3062 1215 se
3100 1162 3412 1226 demittens,

1847 1248 2053 1301 amoris
2086 1249 2159 1302 sit
2189 1250 2509 1318 impotentia
2558 1250 2847 1305 liberatus.
2898 1250 3145 1321 Magnam
3198 1267 3415 1322 quoque

1847 1335 2122 1391 hominum
2150 1342 2360 1409 copiam
2385 1342 2457 1396 ita
2492 1342 2777 1398 liberatam
2805 1344 3131 1410 praedicant.
3155 1343 3246 1399 Sic
3265 1346 3412 1398 enim

1846 1428 2166 1499 Bnlagoram
2222 1430 2659 1503 Pharagoritem,
2693 1434 2881 1505 1531i
2915 1434 3209 1488 Diodorum
3250 1436 3415 1490 Aule-

1848 1530 1935 1575 ten
1961 1522 2170 1591 perdite
2194 1533 2489 1587 amantem,
2532 1525 2768 1596 indeque
2791 1542 2850 1581 se
2872 1527 3329 1596 praecipitantem,
3360 1529 3412 1582 in

1846 1622 2062 1667 senecta
2093 1614 2339 1681 periisse.
2364 1614 2604 1671 Periisse
2636 1631 2853 1684 quoque
2894 1615 3196 1686 Rhodopen
3237 1618 3416 1673 Amis-

1846 1717 2056 1765 senam,
2090 1704 2217 1756 dum
2267 1718 2326 1758 se
2372 1704 2493 1757 inde
2534 1705 2862 1774 pracipitat,
2893 1707 3235 1777 geminorum
3277 1707 3415 1761 duo-

1849 1810 1986 1856 rum,
2012 1794 2101 1864 qui
2143 1795 2394 1848 Antiochi
2434 1795 2579 1865 regis
2621 1796 2868 1861 corporis
2927 1796 3183 1851 custodes
3232 1806 3414 1863 erant,

163 1885 266 1937 χου
295 1869 418 1901 “M
463 1870 559 1923 τοῦ
592 1870 908 1944 Εὐπάτορος
936 1855 1172 1946 οἰνοχόου
1208 1855 1306 1933 καὶ
1342 1855 1641 1946 πιστεύσας
1667 1884 1745 1955 τῷ

1846 1855 2042 1938 αιτιοι-ε’
2064 1894 2301 1953 captam.
2332 1855 2529 1955 quibus
2577 1855 2796 1941 nomina
2834 1898 2995 1943 erant
3018 1886 3145 1958 Cyri
3174 1897 3229 1944 et
3254 1855 3412 1943 Auli;

164 1959 302 2027 περὶ
344 1961 449 2029 τῆς
479 1964 685 2033 πέτρας
732 1965 877 2037 λόγῳ
926 1968 1226 2022 κατέϐαλεν
1256 1971 1480 2026 ἑαυτόνο
1517 1975 1641 2027 ἐπεὶ
1686 1976 1745 2029 δι

168 2052 502 2105 καταϐαλὼν
531 2055 593 2107 τὸ
638 2056 827 2121 σκέλος
861 2059 1103 2130 κατεάγη
1136 2064 1232 2117 καὶ
1277 2063 1381 2117 ὑπὸ
1411 2064 1602 2136 ὀδύνης
1630 2068 1747 2120 ἐτε-

162 2142 357 2211 λεύτα,
388 2147 663 2219 ἀπέρριψε
688 2150 815 2203 τάδε
846 2152 915 2205 τὰ
948 2152 1197 2223 ἰαμϐεῖα,

314 2407 570 2485 ςξῖῤῥοις,
596 2410 871 2485 mimi-ﬁn
900 2410 998 2464 καί
1028 2412 1186 2479 κακὴ
1211 2413 1395 2482 πέτρη
1418 2416 1673 2485 Λευκάς.

308 2478 588 2550 Χαρῖνον.
621 2480 683 2531 αἳ
704 2481 785 2541 αἳ,
815 2482 928 2545 τὴν
955 2484 1236 2550 ίαμόικὴν
1267 2478 1540 2546 Μοῦσαν.

310 2548 763 2624 ξατηθᾲζῳσας
792 2548 1040 2624 ἐλπίδος
1064 2548 1261 2620 κενοῖς
1282 2554 1328 2586 ⁸⁷
1345 2557 1579 2624 μύθοις.

311 2617 543 2671 Τοιαῦτ’
570 2621 826 2687 Ἔρωτος
852 2617 1143 2691 Εὐπάτωρ
1175 2617 1475 2695 ἐρασθείη.

240 2708 449 2776 Νιρεὺς
491 2708 537 2740 ⁸⁸
586 2710 654 2781 δὲ,
705 2713 1012 2775 Καταναῖος
1064 2716 1292 2787 ἠράσθη
1340 2721 1441 2787 τῆς
1495 2719 1748 2790 Ἀττικῆς

180 2800 486 2868 Ἀθηναίας
506 2841 522 2860 .
559 2803 654 2854 καὶ⁵
690 2803 860 2876 ἐλθὼν
892 2805 1189 2859 κατέϐαλεν
1224 2810 1418 2862 ἑαυτὸν
1450 2813 1557 2865 ἀπὸ
1578 2812 1624 2846 ⁸³
1650 2815 1750 2882 τῆς

164 2888 406 2955 πέτρας,
438 2889 532 2941 καὶ
562 2891 806 2961 ἀπελύθη
840 2893 935 2945 τοῦ
975 2895 1339 2965 διοχλοῦντος,
1372 2910 1553 2954 πεσών
1582 2903 1626 2954 δ’
1653 2904 1748 2957 οὖν

159 2980 245 3039 εἰς
280 2978 502 3033 δίκτυον
554 2982 810 3035 ἐνέπεσεν
850 2984 1061 3049 ἁλιέως,
1095 2989 1153 3039 ὲν
1202 2983 1247 3056 ᾧ
1278 2992 1604 3062 άνειλκύσθη
1651 2997 1748 3049 σὺν

160 3069 394 3139 κιϐωτῷ
448 3072 695 3141 χρυσίου.
729 3074 1115 3139 Ἐπεδικάζετο
1152 3080 1209 3133 δὲ
1252 3083 1385 3153 πρὸς
1432 3085 1526 3137 τὸν
1587 3087 1746 3140 ἁλιέα

160 3162 299 3229 περὶ
336 3160 433 3213 τοῦ
470 3164 723 3231 χρυσίου·
753 3166 868 3219 ἀλλ’
893 3168 921 3218 ὁ
968 3169 1246 3223 Ἀπόλλων
1293 3178 1579 3246 νυκτερινῇ
1627 3177 1748 3247 ἅψει
1773 3186 1817 3243 c

159 3252 480 3319 ἀπέστησεν
494 3255 655 3307 αὐτὸν
680 3256 773 3309 τοῦ
795 3260 1234 3327 ἐπιδικάζεσθαι,
1260 3264 1378 3317 δέον
1405 3268 1747 3337 εὐχαριστεῖν

161 3343 312 3413 ὑπὲρ
349 3344 451 3412 τῆς
473 3345 813 3417 ἀπαλλαγῆς,
834 3350 1289 3422 ἀπειλησάμενος,
1317 3355 1450 3408 ἀλλὰ
1478 3359 1550 3426 μὴ
1586 3360 1678 3411 καὶ
1700 3360 1748 3391 ⁸⁸

160 3432 455 3501 ἀλλότριον
482 3437 945 3504 περιεργάζεσθαι
975 3441 1217 3509 χρυσίον.
1244 3442 1370 3514 [495
1401 3445 1493 3516 R.]
1522 3449 1676 3501 Πᾶνα
1699 3448 1744 3481 ⁸¹

160 3540 336 3590 φασιν
356 3524 405 3554 ⁸³
444 3524 594 3593 ίχθὺν
640 3523 780 3581 εἶναι
821 3528 1110 3584 θαλάσσιον
1154 3535 1369 3605 κητώδη
1393 3577 1407 3598 ,
1445 3538 1631 3605 ὅμοιον
1668 3540 1747 3611 τῷ

161 3618 311 3669 Πανὶ
347 3618 490 3669 κατὰ
536 3620 636 3688 τὴν
683 3620 838 3689 ὄψινο
876 3624 935 3675 ὲν
984 3623 1162 3695 τούτῳ
1202 3627 1349 3681 λίθον
1396 3631 1747 3699 εὑρίσκεσθαι

159 3710 257 3762 τὸν
292 3709 613 3780 ἀστερίτην,
658 3712 718 3764 ὂν
754 3716 834 3777 είς
887 3714 1038 3784 ἥλιον
1090 3717 1315 3772 τεθέντα
1371 3722 1743 3788 ἀνάπτεσθαι,

162 3804 350 3852 ποιεῖν
387 3801 446 3853 δὲ
479 3803 576 3856 καὶ
609 3805 745 3874 πρὸς
784 3806 1005 3876 φίλτρον
1031 3809 1099 3865 ’⁸.
1135 3810 1339 3864 Τοῦτον
1367 3812 1431 3884 δὴ
1462 3816 1556 3867 τὸν
1597 3816 1745 3868 λίθον

160 3890 317 3963 εῖχεν
352 3892 562 3965 Ἑλένη,
597 3896 809 3967 γλυφὴν
859 3898 1048 3967 ἔχοντα
1100 3900 1263 3954 αὐτὸν
1311 3902 1403 3955 τὸν
1449 3904 1602 3974 ἰχθὺν
1653 3908 1745 3963 τὸν

162 3986 351 4049 Πᾶνα,
392 3988 486 4038 καὶ
516 3986 689 4059 ταύτῃ
717 3991 981 4060 ἐκέχρητο
1011 3994 1076 4061 τῇ
1118 3995 1394 4063 σφραγῖδι.
1426 3996 1517 4049 Ἐν
1545 3994 1626 4062 οἷς
1650 4002 1745 4054 καὶ

160 4078 259 4131 τοῦ
294 4078 339 4140 ζ’
369 4078 420 4109 ⁸⁵
444 4078 543 4148 τῆς
586 4081 917 4150 Πτολεμαίου
953 4083 1047 4135 τοῦ
1082 4085 1477 4154 Ἠφαιστίωνος
1520 4092 1601 4154 είς
1646 4109 1745 4146 πο-

160 4171 444 4243 λυμαθίαν
470 4177 665 4243 καινῆς
702 4175 944 4246 ἱστορίας
966 4176 1037 4229 τὰ
1068 4179 1356 4246 κεφάλαια.

879 4268 1040 4332 Pw.

346 4352 462 4407 Τοῦ
483 4353 750 4422 μεγάλου
774 4359 1098 4412 Βασίλειον
1130 4362 1202 4414 τὰ
1228 4362 1565 4431 Ἀσκητικά.

230 4444 585 4513 ’Λνεγνώσθη
624 4447 718 4499 τοῦ
772 4450 830 4500 ὲν
879 4449 1053 4516 ἁγίοις
1093 4453 1394 4517 Βασιλείου,
1437 4459 1737 4513 ἐπισκόπου

1843 1974 2083 2043 phontis.
2110 1973 2382 2029 Charinus
2419 1989 2642 2044 quoque
2694 1975 3000 2030 iamborum
3030 1976 3288 2045 scriptor,
3318 1990 3415 2031 eu-

1845 2067 2079 2120 nuchum
2102 2065 2384 2133 quemdem
2416 2066 2600 2129 Erota,
2619 2066 2909 2134 Eupatoris
2932 2066 3269 2134 pincernam,
3294 2082 3417 2136 per-

1843 2157 1955 2211 dite
1970 2158 2502 2227 amavit.:fabulzqiie
2516 2159 2581 2212 de
2593 2166 2741 2228 petra
2757 2157 2844 2211 illa
2865 2156 3023 2211 tidem
3042 2156 3264 2221 habens,
3279 2173 3417 2227 prae-

1843 2247 2087 2315 cipitavit
2130 2256 2185 2301 et
2228 2248 2338 2303 ille.
2369 2248 2440 2301 At
2463 2263 2585 2303 cum
2631 2263 2695 2302 ex
2730 2248 2883 2317 lapsu
2914 2262 3073 2303 crure
3101 2248 3293 2314 fracto,
3317 2250 3415 2303 do-

1844 2338 1976 2395 loris
1994 2340 2107 2409 jam
2138 2340 2188 2393 vi
2210 2340 2537 2409 exspiraret,
2560 2341 2661 2394 hos
2688 2354 2876 2395 versus
2904 2340 3166 2396 iambicos
3184 2339 3411 2396 ell'udit:

2021 2428 2219 2485 Fauna:
2237 2432 2370 2497 peri,
2395 2433 2529 2495 peri,
2553 2432 2693 2485 mala
2721 2448 2750 2485 ο
2779 2431 2977 2486 Leucas
2999 2443 3147 2497 pura
3180 2447 3200 2486 :

2021 2499 2309 2565 Charinon,
2340 2504 2459 2562 heu.
2484 2502 2604 2562 heu.
2633 2517 2713 2555 me
2746 2512 2949 2569 poetam
2972 2502 3254 2556 iambictmt

2023 2570 2143 2638 Spei
2164 2572 2408 2625 adussiin
2438 2572 2679 2624 inanibus
2702 2589 2817 2637 qua:
2844 2572 3062 2639 fabulis.

2022 2640 2089 2695 In
2116 2651 2318 2695 tantum
2354 2641 2540 2704 Erota,
2573 2642 2637 2695 o!
2669 2641 2906 2710 Eupalor
2923 2643 2968 2694 si
2998 2642 3209 2713 diligat.

1844 2737 2053 2793 Nereus
2097 2739 2315 2806 insuper
2350 2737 2632 2791 Catanzeus
2690 2735 2921 2790 Palladis
2980 2736 3173 2790 Atticae
3226 2749 3413 2791 amore

1846 2844 2146 2898 possessus,
2186 2843 2317 2882 saxo
2347 2828 2607 2881 accedens
2646 2840 2705 2880 se
2752 2827 3135 2895 praecipitavit,
3172 2832 3227 2879 et
3277 2826 3414 2879 Iibe-

1849 2934 1997 2976 ratus
2023 2930 2105 2974 est
2140 2920 2404 2975 molestia.
2439 2917 2608 2987 Igitur
2636 2917 2857 2986 illapsus
2885 2920 2937 2970 in
2982 2917 3267 2987 piscatoris
3298 2925 3413 2970 rete

1846 3011 2167 3077 subjectum,
2194 3024 2300 3079 quo
2335 3023 2441 3061 una
2481 3022 2604 3060 cum
2648 3006 2763 3058 auri
2797 3008 2948 3072 plena
3000 3004 3189 3058 cistqu
3232 3011 3415 3057 extra-

1848 3112 1971 3155 ctus
2005 3109 2109 3163 est,
2142 3099 2400 3168 piscatori
2430 3099 2594 3150 etiam
2637 3096 2705 3150 de
2737 3096 2855 3149 auri
2886 3093 3103 3164 capsula
3139 3094 3283 3147 litem
3325 3094 3411 3146 in-

1853 3191 2041 3244 tendit.
2083 3188 2282 3243 Verum
2317 3187 2507 3257 Apollo
2558 3189 2851 3240 secundum
2896 3186 3130 3253 quietem
3185 3184 3349 3245 visus,
3379 3200 3411 3233 ιι

1849 3281 2108 3350 litigando
2142 3279 2304 3333 minis
2331 3278 2622 3333 deterruit.
2667 3276 2932 3344 Oportere
2964 3275 3107 3327 enim
3156 3276 3224 3327 ob
3265 3275 3411 3327 soln-

1849 3383 1961 3426 tum
1989 3386 2229 3424 amorem
2278 3378 2489 3441 gratum
2513 3383 2655 3433 esse,
2687 3384 2791 3422 non
2832 3379 3012 3421 autem
3056 3366 3291 3420 alienum
3318 3381 3413 3417 au-

1846 3478 1967 3517 rum
1999 3471 2273 3531 appetere.

1916 3550 2061 3604 Pana
2089 3552 2289 3621 piscem
2320 3550 2396 3604 ait
2416 3564 2536 3606 esse
2577 3550 2871 3613 marinum,
2903 3548 3117 3603 Balena:
3146 3548 3412 3613 magnitu-

1846 3645 1990 3709 dine,
2024 3642 2195 3699 l‘orma
2222 3642 2351 3697 Pani
2389 3659 2494 3697 non
2517 3642 2852 3697 absimilem.
2877 3640 2934 3694 ln
2962 3641 3063 3694 hoc
3097 3640 3245 3707 pisce
3279 3639 3412 3706 lapi-

1845 3738 1966 3792 dem
2010 3736 2237 3804 reperiri
2285 3735 2569 3797 asteriten,
2624 3748 2786 3804 qnem
2845 3732 2943 3787 soli
2979 3731 3282 3800 oppositum
3330 3731 3414 3783 in-

1843 3827 2001 3882 cendi
2061 3826 2255 3890 ferant,
2305 3826 2484 3881 valere
2522 3824 2688 3880 etiam
2736 3823 2802 3876 ad
2848 3822 3102 3891 philtrqu
3132 3838 3146 3874 :
3174 3821 3413 3887 adeoque

1845 3919 1990 3974 hunc
2031 3916 2288 3972 Helenam
2342 3916 2575 3986 lapidem
2623 3914 2896 3979 habuisse,
2944 3911 3214 3981 insculpta
3251 3910 3412 3964 Panis

1843 4010 2005 4078 piscis
2047 4008 2299 4077 imagine,
2332 4024 2440 4077 quo
2471 4017 2529 4062 et
2570 4007 2625 4061 in
2663 4004 3003 4075 obsignando
3026 4005 3100 4058 sit
3131 4018 3255 4058 usa.
3288 4000 3412 4055 Haec

1840 4110 1970 4157 sunt
2004 4115 2136 4170 ergo
2182 4100 2357 4169 capita
2396 4098 2519 4153 libri
2560 4097 2776 4166 septimi
2824 4110 2977 4150 novae
3010 4093 3281 4149 Ptolemaei
3307 4090 3413 4146 He—

1840 4190 2151 4261 phaestionis
2180 4190 2245 4243 ad
2278 4191 2482 4244 variam
2526 4187 2882 4242 eruditionem
2916 4184 3166 4241 Historia:

2536 4275 2716 4333 CXCI.

2157 4368 2346 4424 Sancti
2374 4366 2565 4422 Basilii
2602 4366 2786 4437 Magni
2834 4367 3099 4421 Ascetica.

1910 4459 2162 4531 Legimus
2192 4461 2330 4515 beati
2372 4460 2553 4515 Basilii
2576 4460 2811 4529 episcopi
2833 4459 3090 4513 Caesarem
3126 4455 3413 4526 Cappado-

159 4536 511 4605 Καισαρείας
544 4538 964 4604 Καππαδοκίας,
999 4541 1067 4595 τά
1094 4543 1364 4614 λεγόμενα
1392 4547 1731 4616 Ἀσκητικὰ,

1843 4553 1957 4616 βίω,
1997 4553 2088 4622 qui
2132 4564 2397 4607 vocantur
2444 4554 2816 4608 Asceticorum
2851 4550 2985 4621 (ιδ’)
3032 4550 3202 4605 libros
3254 4550 3408 4603 duos.

158 4627 218 4676 ὲν
247 4624 381 4677 δυσὶ
420 4624 617 4691 λόγοις.
656 4630 940 4700 Χρήσιμον
981 4633 1079 4701 μιν
1111 4635 1173 4687 τὸ
1214 4636 1441 4704 βιϐλίον,
1486 4639 1642 4712 εῐπερ
1685 4658 1740 4694 τι

157 4714 322 4779 ἄλλο,
360 4716 579 4787 ἑκάστῳ
606 4718 714 4771 τῶν
761 4720 1004 4775 εὐσεϐεῖν
1034 4725 1374 4795 αἱρουμένων
1422 4730 1518 4782 καὶ
1553 4735 1740 4801 τυχεῖν

156 4807 275 4857 τῶν
306 4807 542 4861 αἰωνίων
582 4810 835 4877 ἀγαθῶν
871 4811 998 4885 [255
1027 4814 1121 4887 Η.]
1162 4818 1396 4886 μάλιστα
1434 4822 1493 4873 δὲ
1528 4826 1643 4886 τοῖς
1680 4826 1740 4879 ὲν

159 4898 427 4968 κοινοϐίῳ
458 4900 550 4953 τὸν
589 4904 887 4974 ἀσκητικὸν
914 4907 1223 4961 διαθλοῦσιν
1253 4912 1462 4978 ἀγῶνα.
1494 4915 1649 4983 Ἔχει
1681 4915 1737 4969 δὲ

157 4988 260 5039 καὶ
316 4988 530 5041 πολλῶν
576 4992 947 5063 ἀπορημάτων
987 4996 1032 5028 ⁸³
1092 4997 1404 5067 Γραφικῶν,
1454 5001 1557 5054 ὅσα
1615 5019 1738 5054 συν-

158 5082 463 5149 επικοσμεῖ
497 5081 557 5134 τὸ
594 5078 744 5154 ἦθος,
775 5088 834 5140 ἐν
873 5086 1091 5157 συνόψει
1116 5088 1296 5152 λύσεις
1320 5106 1381 5143 τε
1433 5093 1527 5144 καὶ
1559 5110 1735 5165 σαφη-

1842 4645 1984 4702 Utile
2010 4660 2141 4700 sane
2171 4644 2272 4700 hoc
2321 4660 2481 4716 opus,
2507 4647 2554 4701 si
2584 4646 2727 4715 quod
2760 4644 2927 4705 aliud.
2955 4643 3175 4712 pietatis
3202 4641 3410 4695 studio-

1840 4737 1937 4800 sis,
1969 4736 2169 4805 quique
2192 4744 2393 4789 acterna
2439 4735 2526 4789 illa
2555 4736 2691 4789 bona
2722 4742 3143 4790 consectantur:
3180 4730 3413 4783 maxime

1841 4840 1969 4879 vero
2020 4826 2109 4888 iis,
2162 4826 2251 4894 qui
2303 4827 2355 4879 in
2404 4826 2750 4880 monasteriis
2791 4826 2857 4880 ad
2906 4824 3160 4893 pietatem
3226 4834 3407 4873 veram

1840 4922 2181 4969 exercentur.
2211 4914 2462 4969 Continet
2488 4924 2668 4969 autem
2698 4928 2818 4968 cum
2854 4928 2885 4967 e
2914 4927 3069 4967 sacra
3102 4910 3405 4977 Scriptura,

1840 5006 2111 5059 variarum
2159 5008 2540 5076 quaestionum,
2587 5021 2708 5076 qua
2762 5006 2826 5059 ad
2866 5018 3045 5058 mores
3081 5017 3411 5072 componen-

1837 5098 1934 5152 dos
1964 5097 2181 5166 faciant,
2211 5100 2532 5154 breviarium
2568 5116 2583 5154 :
2617 5110 2728 5153 tum
2759 5097 2842 5153 Itis
2874 5097 3175 5152 solutiones
3195 5095 3410 5148 additas

1433 5224 1666 5281 VARIE
1709 5227 2119 5287 LECTIONES.

226 5349 283 5429 "_
314 5349 551 5429 ἑαυτὸν.-
575 5370 637 5429 ς,
700 5353 758 5429 ’⁸⁸
785 5355 1116 5429 τετεγιδαίας
1148 5358 1239 5429 A.
1287 5356 1331 5389 “
1362 5358 1703 5429 Μυρῤιναίας
1734 5378 1773 5424 ς

160 5420 335 5499 σηνὴν
367 5436 449 5499 ςᾷ
507 5421 632 5499 “_-‘_'
659 5420 1028 5499 euvoglouﬁ‘:
1076 5428 1408 5499 ήμιάῤῥενος
1568 5430 1614 5463 ⁸⁷
1670 5420 1777 5482 καὶε

1779 5403 1793 5416 .
1830 5434 1845 5435 7
1871 5361 1923 5435 “_
1950 5363 2321 5435 φαραγορίτην
2347 5381 2409 5428 ς.

1827 5434 1874 5494 ῖς
1898 5433 1962 5485 Δ.
2033 5433 2097 5465 ³³

2485 5365 2531 5397 ⁸³
2558 5364 2615 5417 δὲ
2646 5365 2769 5417 add.
2804 5364 2867 5419 A.
2944 5364 2995 5396 “
3032 5364 3218 5417 Ῥόπιν
3243 5364 3410 5431 ἀμισ-

2117 5435 2335 5505 Νηρεὺς
2366 5452 2468 5505 ςηᾼ
2514 5435 2560 5467 δ’
2595 5435 2705 5488 ὑπὸ
2736 5451 2797 5498 ς.
2889 5435 2935 5466 ⁸ο
2968 5435 3043 5505 μὴ
3066 5436 3159 5505 κα).
3188 5436 3230 5485 Α
3262 5451 3284 5505 ε
3315 5434 3409 5484 καὶ

160 5490 328 5577 θὴς.
405 5490 449 5577 ξ’
477 5494 700 5577 adluit
734 5511 747 5547 :
777 5490 926 5577 ita};
946 5495 1002 5547 δὲ
1025 5490 1195 5577 ςξίίιοι
1217 5490 1374 5577 eam“.
1399 5490 1571 5576 _Sniil.
1599 5513 1657 5577 χ.
1690 5490 1941 5577 diatono;
1969 5490 2397 5577 Μιθριδξίίιίιίιιὲ
2428 5502 2647 5561 Kuster.
2725 5490 2771 5537 ’ἶ
2806 5490 3056 5577 φησιν’έ.
3133 5504 3178 5535 ³³
3211 5502 3409 5573 φίλτρα

159 5561 360 5613 Suidas
381 5570 436 5615 et
477 5561 511 5614 l.
544 5564 648 5618 l.ct
679 5580 730 5617 ν.
777 5564 968 5634 Ἰχθύς.
1044 5568 1091 5598 ⁵⁸
1113 5568 1294 5619 καὶτὰ
1332 5567 1426 5619 τοῦ
1460 5585 1521 5631 ς’.
1596 5570 1646 5602 ⁸⁸
1678 5561 2054 5642 ἀπορημᾶτων
2085 5561 2394 5645 imum}.

1678 5688 1909 5751 NOTIE.

229 5794 365 5862 (lr‘i‘)
398 5795 607 5852 Similia
644 5798 838 5854 iterum
871 5801 1004 5858 lucta
1045 5802 1357 5861 referuntur
1380 5822 1530 5874 supr.
1559 5808 1680 5862 cod.
1726 5808 1854 5863 ιιι.
