4196 6442
798 420 904 479 635

1939 416 2200 477 ΡΗΟΤΙΙ
2235 419 2741 480 ΡΑΤΒῙΑΗΟΙΙΕ
2772 422 2881 481 CP.

3932 424 4047 487 636

798 543 959 597 atque
1012 525 1434 592 explanationes.
1480 526 1690 580 Eminet
1730 526 1841 594 (l6)
1885 542 2048 594 porro
2095 530 2254 596 huius
2304 529 2356 582 in
2387 534 2435 590 Α

2387 534 2435 590 Α
2462 534 2669 601 νισμόν.
2710 534 2798 585 Ἐν
2832 534 2926 603 μὲν
2971 532 3064 585 οὖν
3118 536 3229 596 τοῖς
3264 534 3441 602 λόγοις
3474 536 3531 588 τδ
3589 538 3819 607 σύνηθες
3866 540 4043 591 αὐτοῦ

801 623 950 676 libris
1000 618 1232 688 egregie,
1286 632 1388 669 non
1442 618 1528 669 ille
1577 620 1734 671 modo
1773 619 2027 672 solemnis
2077 622 2209 673 adeo
2259 621 2363 690 ipsi

800 715 1021 767 atl'ectns
1068 712 1264 772 lenior,
1302 711 1392 763 sed
1438 726 1567 775 pura
1624 712 1784 763 etiam
1823 714 2221 779 perspicuitas:
2260 714 2363 768 nisi

798 810 939 874 quod
972 806 1023 857 in
1069 802 1259 873 15m:
1326 803 1709 872 qnmstionibus
1754 803 2073 870 quibusdam
2140 807 2366 873 empha-

798 912 918 951 svos
944 896 1142 963 aliquid
1180 896 1247 947 ab
1288 909 1353 947 eo
1396 908 1670 961 aspersum
1706 902 1981 961 appareat,
2017 910 2121 947 non
2149 895 2198 947 id
2234 898 2366 948 adeo

801 990 1070 1043 vocabulis
1102 988 1277 1041 minus
1309 988 1519 1044 usitatis
1542 987 1851 1055 juveniliter
1882 988 2156 1047 adhibitis.
2192 1004 2365 1057 neque

800 1080 1187 1146 compositione
1227 1092 1321 1146 per
1351 1078 1839 1131 circumductiones
1881 1078 2207 1131 obscurata:
2236 1081 2363 1145 quin

802 1186 974 1239 neque
1016 1171 1191 1237 aliqua
1221 1169 1524 1237 peregrina,
1570 1178 1623 1221 et
1665 1184 1691 1221 a
1729 1171 1935 1235 privato
1977 1184 2074 1221 usu
2116 1170 2367 1237 civilique

802 1275 1048 1313 sermone
1082 1261 1370 1311 remotiore
1422 1259 1757 1322 curiositate,
1792 1268 1882 1311 aut
1919 1260 2233 1320 acrimonia,
2274 1261 2365 1312 sed

800 1352 940 1419 quod
983 1351 1128 1403 hisce
1180 1351 1245 1403 de
1276 1364 1422 1401 more
1466 1351 1717 1413 servatis,
1755 1351 2053 1416 emphasim
2086 1350 2249 1401 veluti
2289 1352 2369 1401 in-

807 1442 1067 1510 terjiciat;
1120 1444 1263 1495 nullo
1294 1443 1507 1495 interim
1562 1442 1796 1514 [lectori]
1826 1444 1991 1494 indito
2028 1444 2255 1495 instituti
2288 1444 2368 1495 sui

804 1547 982 1596 sensu,
1017 1547 1320 1600 quanquam
1350 1547 1409 1583 ea
1443 1546 1560 1598 qum
1600 1534 1834 1585 breviter
1865 1534 2161 1600 proposuit,
2196 1534 2368 1601 pluri-

805 1636 945 1671 mum
978 1635 1078 1671 non
1113 1631 1425 1685 pertractat,
1473 1636 1537 1673 eo
1584 1623 1724 1689 quod
1774 1637 1981 1673 summa
2029 1625 2201 1687 capita
2244 1624 2373 1673 dun-

805 1720 952 1762 taxat
982 1712 1224 1763 oratinnc
1261 1712 1505 1779 persequi
1542 1712 1873 1778 prepositnm
1906 1712 2128 1775 habens,
2166 1713 2368 1764 clario-

804 1802 879 1852 ris
928 1802 1299 1869 explicationis
1344 1804 1797 1867 Opportunitatem
1854 1803 2050 1854 nullam
2110 1803 2367 1869 reperiat.

2465 620 2595 693 ἦθος
2622 624 2666 655 ⁵⁸
2714 625 3001 692 διαπρέπει
3046 625 3141 677 καὶ
3171 626 3270 695 τῆς
3323 630 3617 696 σαφηνείας
3648 631 3706 681 τὸ
3754 632 4004 701 καθαρόν
4031 650 4043 660 -

2467 713 2603 779 πλὴν
2648 714 2732 764 ἐπ’
2788 714 2949 775 ἐνίοις
2991 713 3099 765 τῶν
3157 713 3490 782 ζητημάτων
3539 720 3655 769 ἐστί
3711 738 3829 783 πως
3890 723 4049 789 αὐτῷ

2467 805 2926 874 παρεσπαρμένον
2972 806 3066 857 καὶ
3116 806 3177 857 τὸ
3229 807 3549 873 ὲμφατικὸν,
3586 810 3645 860 ού
3698 812 3795 879 τῆς
3838 812 4050 876 λέξεως

2466 899 2546 958 είς
2585 898 2831 962 γλῶτταν
2862 898 3263 967 νεανιευούσης,
3298 898 3418 948 οὐδὲ
3447 903 3543 967 τῆς
3574 902 3850 971 συνθήκης
3885 922 4050 971 περι-

2468 987 2647 1049 ϐολαῖς
2672 986 3176 1056 ὲπηλυγαζομένης,
3209 990 3269 1040 οὐ
3309 990 3415 1059 μὴν
3461 991 3571 1041 οὐδ’
3602 992 3733 1061 ἄλλῃ
3762 994 3870 1043 τινὶ
3903 994 4050 1056 ξενι-

2469 1080 2632 1151 ζούσῃ
2665 1082 2754 1130 καὶ¹
2790 1080 3303 1153 ἀνακεχωρηκυίᾳῆ
3340 1082 3435 1135 τοῦ
3475 1084 3607 1135 ἰδίου
3647 1086 3849 1154 τρόπου
3881 1086 3913 1154 ἢ
3946 1087 4050 1137 τοῦ

2470 1170 2744 1222 πολιτικοῦ
2766 1171 2925 1237 λόγου
2951 1173 3243 1243 περιεργίᾳ
3271 1174 3364 1225 καὶ
3384 1174 3650 1241 δεινότητι
3673 1192 3684 1202 ·
3713 1176 3849 1228 ἀλλὰ
3872 1177 4051 1227 ταῦτα

2470 1263 2751 1327 φυλάττων
2801 1264 2875 1320 ὡς
2906 1262 3048 1325 ἔθος,
3080 1264 3140 1314 τὸ
3184 1266 3482 1333 ὲμφατικὸν
3531 1265 3718 1336 ῶσπερ
3752 1270 4054 1336 ὲναπορῤίο

2472 1371 2625 1411 πτει,
2686 1356 2957 1423 μηδεμίαν
3012 1356 3252 1421 ὲναφιεὶς
3304 1356 3731 1424 ἐπιτηδεύματος
3792 1358 4047 1419 ἔννοιαν,

2472 1444 2608 1509 πλὴν
2635 1446 2732 1495 ὅσα
2764 1462 2826 1511 γε
2861 1448 2924 1514 τῇ
2966 1446 3229 1515 συντομία
3279 1447 3575 1515 προϐάλλει
3610 1449 3763 1500 αὐτό.
3796 1450 3870 1500 Τὸ
3913 1452 4047 1516 μὲν-

2470 1553 2551 1585 τοι
2581 1535 2623 1565 ⁸⁷
2667 1536 2935 1602 εὐκρινὲς,
2970 1536 3061 1588 ἅτε
3098 1538 3160 1604 δὴ
3208 1538 3550 1607 κεφαλαιώδη
3598 1539 4049 1608 προϐεϐλημένος

2471 1626 2561 1676 τὸν
2587 1625 2761 1689 λόγον,
2799 1628 2984 1695 καιρὸν
3012 1628 3108 1695 οὐχ
3134 1627 3277 1692 ὁρῶν
3300 1627 3599 1695 εὑρίσκειν,
3631 1628 3739 1678 οὐδ’
3769 1631 4050 1697 ἐχρήσατο

2472 1717 2537 1767 τὰ
2579 1718 2768 1769 πολλὰ.
2804 1719 2990 1783 Διήκει
3026 1718 3069 1767 δ’
3119 1718 3281 1769 αὑτοῦ
3324 1718 3415 1768 καὶ
3451 1719 3509 1768 τὸ
3553 1718 3714 1785 δριμὺ
3760 1719 3900 1785 μετὰ
3948 1718 4049 1767 τοῦ

2476 1804 2701 1856 πιθανοῦ
2737 1805 3006 1873 πολλαχοῦ
3032 1806 3139 1856 τῶν
3163 1805 3490 1874 ζητημάτων
3520 1810 3638 1865 ταῖς
3675 1806 3883 1867 λύσεσι,
3910 1823 4049 1857 παν-

805 1891 869 1944 Ει
899 1892 1115 1945 adhibet
1156 1894 1241 1945 ille
1273 1894 1486 1958 quidem
1518 1908 1671 1944 suum
1708 1892 1771 1944 ad
1805 1893 2233 1959 persuadendum
2270 1908 2367 1945 ac-
2402 1878 2444 1936 Β

2402 1878 2444 1936 Β
2474 1896 2635 1964 ταχοῦ
2684 1896 2737 1947 δὲ
2770 1898 2826 1947 τὸ
2851 1896 3168 1964 ψυχωφελὲς
3203 1898 3293 1948 καὶ
3330 1898 3619 1965 σωτήριον.
3646 1898 3718 1947 Οῦ
3760 1897 3941 1963 μέντοι
3980 1901 4048 1964 τῇ

804 1987 1199 2036 commodatum
1236 1998 1461 2034 acumen
1510 1983 1691 2034 multis
1737 1983 2095 2049 qumstionnm
2143 1984 2366 2036 solutio-

804 2075 982 2136 nibus,
1020 2075 1112 2127 sed
1144 2074 1336 2125 animae
1364 2074 1510 2125 salus
1554 2084 1713 2141 atque
1747 2074 1947 2125 utilitas
1978 2073 2135 2141 plane
2172 2075 2370 2143 ubique

804 2174 1100 2231 spectatur.
1164 2163 1476 2230 Quanquam
1517 2178 1619 2214 non
1669 2164 1780 2214 sola
1818 2164 2084 2216 brevitate
2137 2162 2370 2215 violetur

803 2257 944 2321 apud
976 2271 1096 2308 eum
1146 2257 1505 2324 perSpieniIas
1539 2273 1553 2308 :
1600 2272 1779 2307 verum
1812 2266 1868 2307 et
1904 2270 1967 2308 ex
1997 2271 2081 2320 eo,
2110 2258 2247 2322 quod
2284 2272 2370 2309 so-

808 2346 1023 2398 lutionis
1082 2346 1408 2413 indigentem
1441 2346 1743 2397 orationem
1791 2346 2032 2410 claudat,
2064 2348 2205 2399 nulla
2235 2363 2372 2399 con—

806 2438 1053 2489 cludendi
1087 2438 1254 2490 forma
1287 2439 1525 2489 adhibita
1562 2455 1576 2493 :
1618 2449 1676 2490 ut
1726 2440 1865 2491 inter
1896 2438 2151 2508 disjectas
2184 2456 2374 2508 propu-

806 2530 1049 2591 sitiones,
1081 2540 1135 2582 et
1180 2530 1442 2582 inferendi
1492 2542 1543 2581 et
1588 2530 1949 2583 concludendi
2003 2533 2048 2583 vi
2081 2531 2368 2584 destitutas

806 2620 1167 2687 probationes,
1202 2637 1350 2673 mens
1397 2622 1632 2674 aberret.

881 2710 1079 2763 llarum
1115 2723 1291 2763 autem
1337 2728 1515 2763 rerum
1554 2727 1714 2766 causa
1759 2714 1809 2764 in
1843 2714 2043 2765 variam
2084 2714 2373 2781 providen-

807 2802 893 2854 tiae
918 2803 1225 2854 methodum
1254 2802 1579 2863 dissecatur,
1610 2820 1771 2871 quam
1806 2806 2083 2870 sapientia:
2122 2818 2225 2857 tuae
2263 2805 2373 2873 (l7)

807 2894 1253 2947 considerandam
1296 2897 1567 2961 permitto.
1614 2897 1668 2948 ln
1700 2898 1781 2949 his
1808 2895 2032 2966 [tamen]
2061 2897 2270 2949 duobus
2308 2897 2371 2948 li-

809 2989 923 3040 bris
948 3004 1049 3040 non
1082 3004 1296 3055 semper
1325 2990 1386 3040 ad
1407 2990 1704 3055 emphasim
1734 2992 1979 3043 recurrit.
2011 2990 2203 3042 Statim
2233 2992 2374 3043 enim

806 3078 1012 3143 primus
1060 3078 1196 3130 liber
1244 3078 1373 3129 nihil
1425 3093 1533 3143 pne
1572 3093 1628 3129 se
1677 3081 1780 3130 l'ert
1811 3078 1933 3138 tale,
1975 3080 2073 3131 nisi
2117 3083 2258 3148 quod
2288 3099 2377 3135 se-

810 3170 911 3220 mel
955 3170 1145 3221 alicubi
1188 3184 1282 3235 per
1318 3169 1655 3220 retiCenliam
1702 3170 1899 3220 malum
1937 3186 2095 3223 nmen
2136 3186 2368 3230 avertat.

808 3260 940 3311 Nam
989 3262 1053 3311 ad
1105 3272 1296 3311 cmlera
1329 3263 1469 3327 quod
1513 3263 1732 3321 attinet,
1778 3263 1929 3315 valde
1962 3264 2031 3315 ibi
2058 3276 2139 3316 est
2166 3269 2370 3329 tirmus,

810 3362 861 3403 et
893 3367 1043 3418 atque
1085 3368 1251 3419 purus
1287 3362 1447 3418 atque
1476 3354 1765 3417 dilucidus,
1812 3370 2011 3421 perque
2056 3359 2187 3408 dnus
2220 3358 2379 3410 hosce

814 3444 977 3496 libros
1022 3444 1261 3496 decurrit
1310 3445 1607 3507 simplicior
1656 3445 1873 3512 quidam
1908 3459 1957 3497 et
1995 3448 2380 3513 perfamiliaris

812 3550 995 3589 sermo
1035 3551 1097 3588 ac
1127 3536 1464 3604 compositio.
1499 3538 1563 3588 ad
1600 3537 1743 3605 vulgi
1784 3552 1939 3589 aures
1966 3552 2275 3606 cmuparata
2308 3556 2382 3595 at-

813 3643 919 3695 que
949 3629 1273 3690 demissa,et
1295 3629 1361 3680 ad
1379 3631 1545 3681 solam
1578 3630 1787 3680 demum
1811 3632 2114 3683 auditurum
2144 3632 2375 3685 Salutem

818 3721 1044 3772 intenta.
1076 3718 1241 3788 Igitur
1272 3721 1475 3787 primus
1506 3722 1619 3787 ejus
1653 3724 1787 3774 liber
1816 3723 1929 3790 (l8)
1957 3724 2215 3776 continet.
2254 3725 2383 3788 Quae

818 3811 891 3859 sit
934 3824 1119 3872 causa,
1172 3821 1542 3877 quantumque
1569 3813 1865 3878 periculum
1913 3814 2215 3880 hnjnsntudi
2259 3828 2379 3866 cum

819 3901 1177 3953 licclesiarum
1219 3900 1335 3961 Dei,
1397 3910 1508 3953 tum
1547 3902 1876 3969 singulorum
1928 3904 2199 3955 hominum
2246 3905 2381 3956 inter

822 3994 966 4057 ipsos
999 3992 1349 4043 dissensionis
1382 4001 1541 4058 atque
1571 3992 1802 4045 dissidii.
1842 3993 2061 4056 Deinde,
2090 3995 2228 4059 qnml
2268 4010 2382 4045 om-

821 4083 905 4135 nis
931 4083 1181 4149 praecepti
1217 4082 1382 4135 divini
1415 4084 1777 4150 transgressio
1802 4084 2150 4135 vehementer
2186 4099 2245 4135 ac
2274 4093 2381 4135 ter-

823 4172 1048 4224 ribiliter
1082 4174 1319 4239 punitur,
1366 4174 1523 4240 idque
1550 4189 1579 4227 e
1620 4173 1910 4239 Scripturis
1938 4175 2103 4227 sacris
2154 4175 2383 4228 demon-

821 4272 1072 4315 stratum.
1129 4262 1332 4327 Tertio,
1390 4266 1453 4315 de
1495 4266 1595 4317 lide
1641 4278 1819 4317 nostra
1862 4266 2146 4327 catholica,
2179 4268 2291 4318 sive
2319 4268 2383 4321 de

822 4368 954 4418 pura
1008 4363 1191 4406 nostra
1240 4364 1294 4408 et
1346 4357 1555 4409 sincera
1610 4357 1954 4409 confessione
2024 4358 2381 4411 sanctissima:

822 4444 1122 4498 Trinitatis.
1152 4444 1312 4499 Liber
1341 4460 1469 4499 vero
1498 4451 1787 4511 secundus,
1820 4450 2113 4502 Christiani
2147 4451 2380 4504 hominis

2475 1986 2734 2053 συντομία
2763 1986 2899 2055 μόνῃ
2930 1986 3316 2055 περιθραύεται
3339 1987 3399 2037 τὸ
3431 1989 3617 2053 σαφὲς,
3642 1988 3794 2038 οὐδὲν
3818 1988 3865 2037 δ’
3890 1988 4051 2038 ἔλατ-

2471 2096 2560 2129 τον
2589 2080 2681 2128 καὶ
2712 2078 2787 2146 τῷ
2814 2077 2861 2109 ⁸⁸
2887 2079 2958 2148 μὴ
2990 2080 3111 2141 τοῦς
3141 2081 3237 2147 τὴν
3258 2080 3412 2130 λύσιν
3440 2079 3821 2141 ἐπιτελοῦντας
3853 2081 4052 2145 λόγους

2472 2173 2548 2231 εἰς
2585 2172 2645 2222 τὸ
2679 2173 3116 2241 συμπεραντικὸν
3150 2172 3556 2241 ἀπαρτίζεσθαι
3594 2174 3797 2240 σχῆμα,
3837 2173 3954 2224 ἀλλ’
3991 2175 4053 2222 ὲν

2470 2262 2547 2329 τῷ
2588 2263 2960 2331 διερριμμένῳ
3006 2263 3100 2331 μὲν
3154 2264 3262 2313 τῶν
3296 2264 3610 2331 προτάσεων
3640 2264 3960 2330 ἀνεπιφὸρῳ
3992 2263 4050 2313 6':

2473 2357 2562 2405 καὶ
2593 2356 2651 2404 ού
2698 2355 3111 2425 συνειλημμένῳ
3156 2357 3262 2408 τῶν
3308 2355 3630 2418 ἀποδείξεων
3675 2356 3775 2425 τὴν
3802 2356 4055 2407 διάνοιαι

2473 2446 2935 2513 περιπλανᾶσϐαι.

2556 2709 2618 2759 'H
2667 2709 2723 2759 δὲ
2778 2708 2980 2760 τούτων
3026 2710 3174 2761 αἰτία
3225 2724 3306 2771 εις
3353 2711 3605 2779 ποικίλην
3666 2712 4052 2780 περισχίζεται

2478 2799 2699 2867 μέθοδον
2728 2799 3003 2867 προνοίας,
3030 2802 3097 2868 ἢν
3126 2799 3329 2868 ἀφίημί
3359 2817 3452 2852 σου
3480 2800 3540 2852 τὸ
3574 2803 3792 2852 συνετὸν
3824 2805 4051 2852 ἐπισκο-

2477 2894 2595 2940 πεῖν
2626 2892 2688 2941 “.
2738 2892 2850 2941 υῦκ
2886 2893 2941 2940 ἐν
2987 2894 3099 2951 τοῖς
3148 2891 3267 2942 δυσὶ
3317 2890 3373 2942 δὲ
3416 2891 3595 2956 λόγοις
3633 2892 3693 2942 τὸ
3745 2894 4055 2959 ἐμφατικὶν

2476 2984 2772 3050 ἐπιτρέχει.
2826 2984 3031 3034 Λύτίκα
3064 2986 3091 3034 ὁ
3122 2984 3336 3052 πρῶτος
3377 2985 3524 3036 οὐδὲν
3556 2986 3892 3035 ἐπιδείκνυσι
3944 3004 4053 3037 τοι·

2477 3074 2650 3134 οῦτον,
2679 3074 2816 3142 πλὴν
2851 3074 2995 3136 ἅπαξ
3031 3092 3132 3127 που
3168 3077 3231 3143 τῇ
3267 3077 3641 3141 ἀποσιωπήσει
3674 3076 3734 3127 τὸ
3765 3077 4052 3144 δύσφημον

2480 3165 2798 3231 οἰκονομῶν,
2851 3166 2972 3216 ἐπεὶ
3028 3166 3096 3217 τά
3133 3183 3197 3231 γε
3246 3167 3380 3217 ἄλλα
3442 3167 3609 3228 πολὺς
3671 3168 3771 3235 μέν
3820 3169 3942 3219 ἐστι
3992 3168 4053 3217 τὸ

2480 3260 2722 3325 ἀσφαλὲς
2745 3260 2810 3323 ⁶⁰,
2835 3259 2945 3320 ἶσος
2968 3258 3023 3309 δὲ
3044 3260 3104 3309 τὸ
3132 3258 3390 3327 καθαρὸν,
3415 3258 3548 3310 ἀλλὰ
3574 3259 3665 3311 καὶ
3690 3259 3750 3310 τὸ
3780 3260 4050 3326 εὐκρινές.

2480 3352 2577 3401 Διὰ
2615 3352 2797 3419 μέντοι
2828 3349 2933 3401 τῶν
2964 3349 3057 3401 δύο
3082 3348 3229 3415 αὐτῷ
3263 3349 3440 3416 διήκει
3469 3348 3531 3398 τὸ
3560 3348 3936 3415 ἁπλούστερον
3962 3348 4054 3397 καὶ

2481 3441 2927 3509 καθωμιλημένον
2973 3441 3079 3490 τῶν
3120 3456 3181 3490 τε
3234 3439 3433 3502 λέξεων
3476 3440 3568 3489 καὶ
3618 3440 3715 3506 τῆς
3750 3439 4050 3507 συνθήκης,

2482 3535 2617 3601 πρὸς
2647 3534 2745 3600 τὴν
2790 3532 2897 3583 τῶν
2930 3529 3141 3582 πολλῶν
3176 3529 3343 3597 ἀκοὴν
3377 3529 3807 3596 διατυπούμενόν
3846 3545 3912 3579 τε
3962 3530 4053 3579 καὶ

2481 3624 2927 3691 ταπεινούμενον,
2961 3624 3053 3673 καὶ
3090 3623 3253 3690 μόνης
3280 3622 3379 3688 τῆς
3410 3622 3517 3671 τῶν
3556 3620 3843 3689 ἀκροατῶν
3880 3637 4055 3685 σωτη-

2486 3719 2607 3785 ρίας
2654 3714 3215 3783 καταστοχαζόμενον.
3262 3714 3319 3763 Ὀ
3354 3713 3452 3780 μὲν
3502 3711 3599 3763 οὖν
3642 3710 3862 3778 πρῶτος
3910 3710 4055 3775 αὐτῷ

2482 3807 2636 3872 λόγος
2680 3806 3011 3873 διεξέρχεται
3070 3806 3151 3866 τίς
3182 3807 3214 3873 ἡ
3262 3806 3411 3857 αἰτία
3460 3806 3551 3855 καὶ
3603 3804 3631 3853 ὁ
3665 3803 3914 3863 κίνδυνος
3964 3804 4054 3867 τῆς

2481 3897 2749 3965 τοσαύτης
2802 3897 2909 3949 τῶν
2954 3897 3292 3964 Ἐκκλησιῶν
3345 3894 3439 3945 τοῦ
3484 3893 3618 3945 Θεοῦ
3674 3894 3770 3944 καὶ
3821 3894 4056 3944 ἑκάστου

2484 3988 2618 4055 πρὸς
2654 3988 2744 4038 τὸν
2778 3987 2967 4054 ἕτερον
2998 3986 3298 4050 διαφωνίας
3324 4002 3381 4035 τε
3415 3987 3509 4035 καὶ
3534 3984 3896 4043 διαστάσεως.
3932 3983 4056 4033 Δεύ-

2482 4096 2635 4144 τερον
2668 4081 2749 4130 ὃτι
2786 4078 2967 4145 πάσης
3003 4077 3221 4143 ἐντολῆς
3271 4075 3406 4126 θεοῦ
3461 4075 3774 4141 “cpiam;
3812 4075 4059 4141 σφθδρῶς

2483 4171 2577 4221 καὶ
2624 4168 2869 4237 φοϐερῶς
2909 4168 3237 4219 ἐκδικείταιθ
3290 4166 3385 4219 καὶ
3436 4165 3779 4233 ἡὰπόδειξις
3830 4167 3898 4215 ὲκ
3955 4167 4059 4216 τῶν

2482 4261 2736 4330 Γραςρῶν.
2766 4259 2893 4330 [496
2920 4258 3011 4329 8.]
3039 4260 3232 4328 Τρίτον
3256 4260 3383 4327 περὶ
3410 4257 3507 4325 τῆς
3537 4256 3792 4316 εὐσεϐοῦς
3819 4257 4059 4315 πίστεως

2484 4354 2661 4420 ἡμῶν,
2690 4354 2807 4421 ἢτοι
2852 4355 2947 4421 τῆς
2979 4355 3057 4415 εἰς
3090 4356 3185 4422 τὴν
3216 4352 3526 4421 ὑπεραγίαν
3557 4350 3763 4418 Τριάδα
3809 4351 4059 4418 καθαρᾶς

2482 4446 2637 4512 ἡμῶν
2675 4446 2767 4496 καὶ
2800 4444 3125 4513 εἰλικρινοῦς
3166 4444 3481 4510 ὁμολογίας.
3532 4443 3590 4493 Ὀ
3635 4442 3691 4492 δὲ
3728 4441 3770 4471 ⁸⁸
3805 4442 4059 4510 δεύτερος

820 4537 1105 4602 quamdam
1139 4538 1299 4589 veluti
1339 4538 1755 4606 descriptionem
1786 4540 1898 4609 (l9)
1924 4556 2017 4606 per
2045 4557 2253 4595 summa
2283 4556 2375 4593 ca-
2412 4529 2456 4587 ί)

2412 4529 2456 4587 D
2483 4530 2592 4586 οἷον
2631 4536 2953 4603 χαρακτῆρα
2985 4535 3308 4604 Χριστιανοῦ
3342 4532 3692 4602 κεφαλαιιῶη
3725 4536 3818 4583 καὶ
3868 4532 4056 4583 σύντο-

823 4626 931 4693 pita
967 4626 1308 4695 breviterque
1355 4630 1599 4696 proponit
1632 4648 1643 4681 :
1680 4632 2019 4699 similemque
2050 4648 2259 4685 rursum
2289 4632 2380 4685 de-

823 4716 1169 4781 scriptionem
1206 4732 1416 4781 eorum,
1460 4720 1550 4786 qtti
1604 4722 1845 4773 docendo
1874 4722 2162 4789 Evangelia
2190 4724 2381 4789 przefe-

824 4807 895 4859 cti
944 4817 1087 4860 sunt.
1140 4808 1338 4862 Deinde
1367 4811 1517 4877 quasi
1553 4813 1761 4879 regulas
1809 4812 2064 4879 quasdam
2124 4814 2385 4866 asceticas

2490 4645 2587 4697 μον
2612 4630 2990 4696 παρατίθεται,
3014 4630 3105 4679 καὶ
3130 4628 3453 4697 χαρακτῆρα
3479 4628 3639 4677 πάλιν
3670 4626 4059 4693 παραπλήσιον

2486 4720 2592 4771 τῶν
2632 4720 2986 4789 προεστώτων
3026 4719 3119 4771 τοῦ
3167 4719 3345 4784 λόγου.
3400 4714 3530 4768 Εἶτα
3564 4713 3675 4767 οἷον
3714 4718 3877 4782 ὅρους
3912 4715 4059 4771 τινὰς

2492 4813 2841 4881 ἀσκητικοὺς,
2866 4813 2939 4875 ὡς
2965 4816 3021 4865 ὲν
3045 4814 3307 4883 ἐρωτήσει
3343 4812 3437 4864 καὶ
3458 4810 3746 4877 ἀποκρίσει
3772 4808 4060 4877 προηγμέ-

2087 4988 2317 5042 VARle
2362 4988 2763 5043 LECTIONES.

898 5130 930 5155 δ’
967 5124 1116 5195 ἦθος]
1142 5128 1228 5178 τοῦ
1265 5129 1423 5195 ἤθους
1456 5133 1516 5180 Α.
1592 5129 1633 5156 ⁸⁷
1662 5130 1837 5192 μέντοι
1866 5129 1905 5179 Α
1947 5147 1959 5181 :
1996 5129 2092 5195 μέν
2126 5146 2176 5179 τι
2209 5147 2267 5191 ς.

828 5197 871 5227 ⁵⁵
912 5217 961 5249 το
994 5203 1207 5249 συνετόν
1236 5216 1325 5247 τοῦ
1363 5202 1707 5265 περισκοπεῖν
1740 5215 1798 5259 ς’.

2346 5131 2389 5160 ⁸⁸
2426 5131 2500 5180 τῶ
2532 5161 2597 5170 --
2626 5129 2830 5180 ἑπιτελ.
2874 5129 2912 5179 Α
2945 5149 2956 5181 :

1876 5198 1919 5228 ⁶⁰
1940 5185 2419 5268 ἀσφαλὲς]ἆφελὲς
2451 5185 2814 5269 .ipographunt
2849 5185 3124 5265 Stephani.

2992 5128 3062 5196 μὴ
3094 5126 3169 5196 τῷ
3196 5129 3319 5187 τοὺς
3353 5125 3506 5178 λύσιν
3562 5120 3961 5191 ἐπιζητοῦντας
3997 5138 4053 5183 ς.

3203 5198 3243 5226 ⁶¹
3272 5198 3327 5249 δὲ
3355 5197 3479 5248 add.
3506 5196 3573 5247 Α.

2328 5351 2557 5406 NOTAE.

904 5469 1010 5534 (16)
1070 5468 1261 5519 Iterum
1308 5468 1371 5519 dc
1406 5467 1465 5519 Β.
1523 5467 1700 5519 Basilii
1755 5468 1890 5536 stylo
1938 5467 2192 5533 judicium
2254 5469 2378 5522 ttilit

832 5556 978 5604 supr.
1014 5542 1127 5591 coal.
1166 5538 1283 5589 141.

906 5609 1012 5669 (l7)
1051 5607 1327 5659 Tarasiunt
1361 5604 1579 5657 irati-cm
1622 5606 1924 5668 compellat.
1988 5666 1989 5669 η

907 5680 1015 5739 (te)
1049 5677 1099 5728 Ιμ
1124 5688 1317 5741 gnutur
1370 5676 1479 5725 Ιιςνιε
1529 5679 1678 5727 hodie
1711 5677 1866 5727 aliter
1895 5677 2211 5729 distrihntzr.
2248 5675 2376 5727 Nam

837 5763 1006 5810 tuque
1039 5749 1087 5795 in
1119 5749 1283 5797 libros
1327 5746 1635 5795 tlivulnntnr
1665 5747 1930 5806 Asreiica,
1964 5755 2015 5797 et
2039 5758 2238 5813 septem
2269 5748 2373 5799 sal-

838 5834 942 5871 tum
999 5816 1281 5868 LCIIIIIluliL'
1337 5826 1445 5866 tres
1494 5816 1648 5866 hasce
1700 5830 1713 5865 ι
1758 5815 1875 5867 libri
1926 5826 2103 5880 partes
2154 5828 2373 5869 antece—

2484 5473 2615 5523 dunt
2664 5472 2835 5537 prima
2875 5471 3035 5523 etiam
3086 5470 3171 5521 hic
3204 5479 3259 5522 et
3303 5467 3536 5521 secunda
3584 5478 3737 5535 parte
3772 5466 3825 5516 in
3878 5480 4044 5516 unum

2490 5543 2556 5593 ‘lii
2583 5552 2747 5608 caput
2784 5542 2854 5591 De
2878 5541 3084 5606 judicio
3121 5539 3214 5591 Dei
3260 5550 3559 5603 compacta.

2554 5607 2664 5675 (l9)
2702 5610 2938 5677 Utraque
2980 5611 3092 5662 haec
3123 5611 3410 5675 descriptio
3438 5624 3579 5660 nunc
3609 5607 3917 5659 Ethicorum
3951 5608 4057 5658 liile

2482 5680 2774 5732 Moralium
2836 5679 3049 5733 nomine
3106 5680 3260 5746 vulgo
3319 5680 3515 5739 notior,
3579 5680 4042 5745 continenturque

2482 5751 2695 5819 ιιρευιω
2725 5750 2813 5802 80.
