4196 6442
170 408 277 470 637

1246 399 1782 462 BIBLIOTHECA.
1825 418 1896 439 -δ
1938 403 2103 466 COD.
2140 405 2366 468 CXCII.

3296 414 3407 478 638

177 538 322 582 θους,
352 518 651 579 ἐκτίθεται,
676 518 767 570 τδν
812 515 1039 584 ἀριθμὸν
1070 522 1160 579 νε’,
1207 517 1301 569 καὶ
1330 516 1492 568 πάλιν
1536 531 1721 566 συντο-
1751 516 1800 572 Δ
1830 518 1834 567 l

1751 516 1800 572 Δ
1830 517 2214 585 interrogando
2257 537 2320 575 ac
2373 523 2747 590 respondendo
2794 523 3099 590 propositas
3140 530 3387 594 exponit,

172 612 427 683 μὼτερον
448 612 666 681 ἑτέρους
693 610 850 678 ὄρους
882 615 1006 674 τιγ’.

878 783 1037 840 PLB’.

878 788 919 836 Ρ
963 788 1037 840 B'.

175 874 291 929 Τοῦ
323 874 397 927 ἐν
434 874 623 939 ἁγίοις
652 788 1058 937 Μαξίμουιιτοῦ
1089 874 1478 940 ὁμολογητοῧ.
1502 873 1743 943 Ἀπορη-

400 944 659 1007 ματικών
688 942 1005 1011 Γραφικῶν
1036 945 1332 1011 κεφάλαια
1361 943 1511 1011 ρξό.

241 1033 590 1104 Ἀνεγνὼσθη
622 1037 714 1088 τοῦ
744 1037 802 1087 ἑν
840 1036 1013 1102 ἁγίοις
1055 1036 1305 1104 Μαξίμου
1357 1036 1616 1105 μοναχοῦ,
1651 1036 1742 1090 τοῦ

169 1130 267 1180 καὶ
296 1131 656 1199 ὁμολοητοῦ,
690 1133 827 1201 πρὸς
852 1133 1151 1186 Θαλάσσιον
1186 1135 1479 1186 ὁσιώτατον
1504 1135 1745 1203 πρεσϐύ-

168 1238 331 1289 τερον
386 1223 483 1275 καὶ
547 1223 845 1292 ἡγούμενον
896 1230 1432 1298 προσπεφωνημένον
1478 1228 1606 1300 [⁸256
1649 1228 1741 1299 11.]

169 1312 402 1378 βιδλίον,
436 1316 495 1367 ὲν
542 1311 585 1383 ᾧ
644 1318 1409 1393 Γωφικῶνᾋπορημάτων
1443 1324 1575 1388 Γξδ’
1609 1324 1742 1376 ἀνα-

167 1404 376 1469 γράφει
405 1408 646 1474 Λύσεις.
664 1409 752 1460 Ἐν
786 1410 967 1478 μέντοι
994 1412 1069 1480 τῷ
1097 1415 1365 1483 προοιμίῳ
1386 1415 1742 1482 διαλαμϐάνει

169 1497 303 1561 περὶ
326 1498 428 1563 τῆς
460 1500 723 1563 γενέσεως
750 1502 858 1553 τῶν
888 1505 943 1555 ὲν
969 1504 1099 1572 ἡμῖν
1126 1506 1332 1569 παθῶν,
1357 1508 1449 1558 καί
1476 1525 1638 1576 φησιν
1667 1509 1742 1569 ὡς

167 1586 228 1635 τὸ
260 1587 432 1639 κακὸν
460 1591 627 1657 μηδὲν
666 1593 789 1659 μηδ’
827 1593 963 1655 ὅλως
1013 1595 1121 1647 τῶν
1152 1597 1320 1648 ὄντων
1362 1598 1627 1666 ὑπάρχον,
1668 1599 1739 1668 μὴ

170 1676 419 1743 ποιότης,
456 1679 531 1746 μὴ
563 1681 817 1750 ποσότης,
848 1683 921 1752 μὴ
948 1686 1149 1752 σχέσις,
1179 1686 1312 1738 ἀλλὰ
1340 1687 1475 1756 μηδὲ
1503 1690 1670 1751 πάθος
1696 1689 1740 1721 ⁸³

171 1775 424 1837 φυσικῶς
475 1792 580 1827 τινι
631 1777 737 1829 τῶν
783 1779 951 1831 ὄντων
989 1782 1440 1850 ὲνθεωρούμενον,
1488 1786 1569 1853 εἴη
1601 1785 1645 1815 ⁸³
1676 1784 1740 1836 ἂν

1852 621 2073 661 numero
2097 609 2476 678 quinquaginta
2526 610 2766 678 quinque
2794 625 2807 662 :
2854 611 3154 681 iterumque
3178 614 3394 670 brevio-

1852 712 1935 750 res
1966 699 2076 768 (20)
2109 700 2240 755 alias
2273 712 2541 756 trecentas
2570 703 2845 758 tredecim.

2546 793 2748 849 CXCII.

1851 881 1914 934 Β.
1943 880 2163 936 Maximi
2198 885 2435 936 monachi
2462 895 2510 938 et
2536 888 2842 954 confessoris
2868 887 3226 952 Quintianum
3258 908 3284 945 ε
3314 908 3403 945 σος

2192 970 2279 1005 cra
2308 954 2578 1019 Scriptura
2617 959 2896 1009 solutiones
2920 974 3095 1013 CLXIV.

2145 1040 2395 1108 Legimus
2422 1045 2479 1097 Β.
2514 1045 2728 1099 Maximi
2750 1048 2991 1101 n.0nachi
3012 1048 3145 1119 (20⁵)
3172 1051 3328 1105 simu:
3351 1061 3403 1104 et

1849 1132 2172 1187 confessoris
2213 1134 2492 1190 Thalassio
2530 1138 2846 1207 presbytero
2872 1142 3218 1195 sanctissimo
3238 1154 3399 1212 atque

1849 1223 2101 1291 praefecto
2140 1225 2454 1292 inscriptum
2492 1226 2654 1287 Opus,
2705 1244 2805 1294 quo
2854 1227 3215 1291 Οιιωειίοηιιηι
3246 1248 3273 1284 ι
3315 1250 3404 1284 sn-

1848 1329 1937 1364 cra
1989 1312 2258 1380 Scriptura
2308 1315 2589 1368 solutiones
2642 1315 2849 1369 CLXIV
2913 1324 3239 1375 continentur
3268 1324 3401 1393 (21).

1847 1401 2110 1456 Caterum
2136 1403 2187 1455 iit
2209 1406 2518 1471 prmfatione
2549 1407 2781 1474 disputat
2798 1410 2863 1461 de
2892 1421 3009 1462 ortu
3043 1412 3402 1466 humanarum

1847 1495 2306 1562 perturbationum
2335 1514 2348 1548 :
2374 1498 2674 1565 asserilqne
2714 1511 2985 1567 peccatum
3018 1518 3139 1555 cum
3174 1505 3305 1557 nihil
3333 1508 3405 1558 sit

1845 1583 2066 1636 omnino
2092 1583 2388 1639 subsistens
2409 1586 2535 1654 (non
2559 1586 2811 1654 qualitas,
2841 1604 2943 1641 non
2967 1594 3261 1657 quantitas,
3294 1609 3402 1647 non

1847 1672 2084 1737 habitus,
2130 1687 2234 1727 non
2286 1677 2621 1741 perturbatio
2672 1678 2902 1746 denique
2932 1680 3044 1746 ipsa
3084 1687 3403 1739 naturaliter

1846 1763 2035 1815 saltent
2065 1764 2115 1816 in
2151 1765 2524 1819 exsisteutium
2554 1768 2733 1835 aliquo
2764 1772 3162 1841 considerata);
3197 1787 3399 1830 tantum

167 1864 409 1932 ἔλλειψις
434 1867 533 1935 τῆς
562 1868 694 1935 πρὸς
715 1870 775 1921 τὸ
799 1872 952 1933 τέλος
975 1875 1253 1942 ἐνεργείας
1280 1875 1386 1927 τῶν
1408 1877 1738 1944 ἐγκειμένων
1775 1864 1815 1918 Β

1775 1864 1815 1918 Β
1846 1853 2127 1907 insitarum
2158 1858 2311 1911 nobis
2345 1874 2371 1911 a
2407 1869 2594 1913 natura
2632 1859 2945 1916 facultatum
2984 1882 3104 1919 esse
3139 1868 3398 1922 defectio-

167 1955 233 2021 τῇ
284 1954 449 2019 φύσει
494 1956 795 2025 δυνάμεων,
835 1960 939 2029 ﬁ“
993 1963 1087 2013 καὶ
1130 1962 1301 2025 οὕτω,
1353 1964 1461 2015 τῶν
1495 1969 1740 2032 φυσικῶν

166 2041 458 2109 δυνάμεων
482 2046 598 2097 κατ’
623 2048 966 2119 ὲσφαλμένην
999 2052 1179 2120 κρίσιν
1222 2054 1309 2105 ἐπ’
1338 2054 1464 2107 ἄλλο
1502 2061 1653 2126 παρὰ
1683 2056 1741 2107 τὸ

165 2134 320 2195 τέλος
377 2136 662 2201 ἀλόγιστος
708 2140 941 2207 κίνησις.
978 2143 1167 2207 Αίτίαν
1202 2144 1258 2196 δέ
1312 2164 1453 2214 φημι
1513 2147 1626 2211 νῦν,
1672 2145 1739 2216 ἧς

165 2226 347 2275 πάντα
405 2229 649 2293 φυσικῶς
697 2230 927 2296 ἐφίεται,
977 2233 1044 2303 ἢν
1076 2236 1103 2286 ὀ
1137 2235 1328 2303 Ἀδὰμ,
1377 2239 1592 2303 ἀπάτην
1646 2239 1736 2289 τοῦ

162 2315 414 2385 πονηροῦ
446 2322 696 2387 νοσήσας,
731 2323 989 2392 ἠγνόησε,
1031 2326 1167 2393 πρὸς
1195 2326 1322 2396 ὃλην
1362 2327 1417 2379 δὲ
1459 2328 1736 2397 κατεσύρη

162 2407 264 2473 τὴν
312 2409 603 2478 αἴσθησιν,
662 2414 1146 2484 παρασυμόληθεὶς
1197 2418 1309 2479 τοῖς
1370 2420 1606 2487 κτήνεσι,
1645 2424 1737 2474 καὶ

162 2498 290 2549 ὅσον
320 2501 425 2567 τῆς
456 2502 594 2569 πρὸς
620 2504 870 2577 αἴσθησιν
900 2508 1214 2577 ἐπεμελεῖτο
1244 2510 1288 2541 ⁸⁵
1315 2510 1586 2577 γνώσεως,
1615 2531 1737 2567 τοσ-

162 2588 323 2643 οῦτον
355 2591 460 2659 τῆς
501 2594 648 2657 θείας
681 2595 965 2659 ἐξέπιπτεν
1004 2600 1126 2652 ὅσον
1156 2602 1200 2632 ⁸⁸
1239 2601 1281 2653 δ’
1328 2604 1610 2656 ἐκπίπτων
1658 2606 1737 2658 δι-

164 2685 351 2749 ἐμενε,
390 2685 643 2737 τοσοῦτον
697 2691 762 2757 τῇ
795 2689 1089 2742 ἀπολαύσει
1131 2691 1248 2743 τῶν-
1265 2694 1614 2760 γνωσθέντων
1652 2699 1739 2748 at-

164 2773 385 2845 σθητῶν
411 2776 455 2807 ⁸⁷
488 2778 825 2849 προσηλοῡτο
858 2781 953 2834 καὶ
1002 2785 1466 2854 συγκατεφέρετο’
1508 2788 1632 2840 ὅσον
1679 2788 1737 2841 δὲ

162 2866 378 2930 τούτοις
402 2870 659 2932 ἐνέκειτο,
688 2872 938 2924 τοσοῦτον
958 2877 1057 2942 τῆς
1086 2876 1416 2939 ὲπιΰλαδοῦς
1446 2878 1736 2945 φιλαυτίας

162 2958 369 3026 ἐξῆπτε
408 2960 453 2991 ⁸⁸
478 2962 569 3013 τὸν
600 2961 776 3030 ἔρωτα
798 2981 811 2995 ο
848 2966 970 3017 ὅσον
999 2965 1044 3017 δ’
1085 2969 1263 3035 εἴχετο
1302 2969 1398 3037 τῆς
1428 2970 1729 3036 φιλαυτίας,

162 3049 425 3102 τοσοῦτον
454 3052 663 3105 ἐπενόει
711 3056 807 3116 τῆς
833 3056 1024 3124 ἡδονῆς
1058 3058 1340 3119 ποικίλους
1378 3063 1471 3111 καὶ
1505 3061 1731 3123 πολλοὺς

160 3140 443 3207 τρόπους·
496 3144 813 3211 γεννήματα
882 3147 990 3212 γὰρ
1040 3145 1141 3213 τῆς
1194 3147 1475 3212 φιλαυτίας
1537 3148 1728 3202 ταῦτα.

166 3230 273 3280 Καὶ
307 3229 499 3296 ἐπειδὴ
540 3233 687 3283 πᾶσα
715 3232 881 3284 κακία
903 3236 1014 3294 τοῖς
1051 3236 1373 3289 συνιστῶσιν
1402 3238 1572 3303 αὐτὴν
1613 3255 1735 3290 συν-

160 3316 562 3386 διαφθείρεται,
589 3320 860 3387 εὑρίσκων
891 3323 947 3386 ὲξ
974 3324 1144 3390 αὐτῆς
1187 3326 1384 3393 πείρας
1412 3327 1507 3393 τῆς
1540 3328 1734 3396 ἡδονῆς

161 3405 387 3469 πάντως
416 3407 656 3477 διάδοχον
698 3412 795 3477 τὴν
828 3410 1038 3481 ὀδύνην,
1067 3414 1165 3483 τῆς
1210 3416 1306 3483 μὲν
1337 3417 1473 3485 ὑπὲρ
1504 3417 1733 3485 δύναμιν

159 3499 465 3568 ἀντείχετο,
510 3501 611 3570 τῆς
664 3502 856 3571 ὀδύνης
898 3504 953 3555 δὲ
1010 3506 1252 3575 σφοδρῶς
1307 3508 1731 3577 κατηγωνίζετο,

159 3590 415 3658 οίόμενος
449 3593 583 3661 ὅπερ
609 3588 676 3660 ἦν
699 3595 998 3661 ἀμήχανον,
1034 3596 1322 3665 διαστῆσαι
1350 3600 1552 3662 ταύτας
1575 3604 1736 3670 ἀλλή-

160 3682 270 3733 λων
302 3682 399 3735 καὶ
435 3684 567 3752 μόνη
599 3688 664 3754 τῇ
702 3685 861 3755 ἡδονῇ
895 3689 1163 3756 ἐντρυφᾷν
1200 3692 1290 3741 καὶ
1321 3691 1418 3759 τὴν
1449 3693 1735 3758 φιλαυτίαν

160 3774 339 3843 ταύτῃ
374 3777 727 3844 συνημμένην
756 3776 918 3843 ἔχειν.
952 3778 1229 3833 Ἐντεῦθεν
1249 3784 1277 3833 ό
1310 3785 1416 3844 πᾶς
1444 3784 1601 3852 ὄχλος
1628 3787 1735 3837 τῶν

161 3866 359 3919 παθῶν
376 3884 393 3897 ·
426 3867 614 3934 ἡδονῆς
636 3867 741 3935 γὰρ
764 3868 853 3921 διὰ
875 3869 969 3939 τὴν
993 3870 1277 3938 φιλαυτίαν
1297 3876 1735 3945 ἀντιποιούμενοι

162 3956 257 4005 καὶ
299 3952 500 4022 ὀδύνην
528 3956 929 4022 ἀποφεύγοντες
973 3965 1070 4020 τὰς
1112 3960 1427 4029 ἀμυθήτους
1468 3964 1575 4016 τῶν
1606 3967 1734 4033 φθο-

163 4044 404 4111 ροποιῶν
436 4045 620 4097 παθῶν
669 4047 990 4116 ἐπινοοῦμεν
1017 4050 1281 4115 γενέσεις.
1310 4048 1437 4106 Οἷον
1466 4057 1510 4087 ⁸⁸
1538 4060 1587 4109 εί
1637 4059 1735 4125 μὲν

160 4137 262 4203 τῆς
301 4138 360 4187 ὲ)
417 4137 671 4207 φιλαυτία
704 4138 896 4207 ἡδονῆς
954 4141 1409 4212 ἀντιποιούμεθα,
1459 4150 1734 4217 γεννῶμεν

158 4230 260 4295 τὴν
317 4230 786 4297 γαστριμαργίαν,
825 4231 923 4301 τὴν
965 4233 1363 4303 ὑπερηφανίαν,
1411 4238 1508 4308 τὴν
1542 4242 1736 4311 φιλαρ-

160 4317 386 4387 γυρίαν,
417 4321 508 4369 καὶ
538 4321 637 4372 ὅσα
660 4321 749 4371 τὸν
774 4323 1004 4391 τυχόντα
1030 4327 1230 4393 τρόπον
1264 4329 1475 4396 πορίζει
1510 4332 1731 4398 ἡδονήν·

161 4412 207 4462 εἰ
236 4410 298 4461 δὲ
339 4409 442 4479 τὴν
475 4413 533 4462 ἐν
563 4412 822 4483 φιλαυτία
852 4414 1122 4484 φεύγομεν
1146 4418 1191 4447 ⁷ο
1217 4419 1427 4489 ὀδύνην,
1455 4426 1734 4492 γεννῶμεν

1842 1960 1961 1998 nem
2004 1962 2115 1999 suae
2157 1948 2385 2003 actionis
2412 1965 2440 2002 a
2472 1950 2597 2014 fine,
2640 1962 2697 2005 ut
2749 1954 2817 2005 sit
2848 1955 2946 2008 hoc
2993 1960 3149 2010 modo
3182 1971 3400 2012 natura-

1842 2036 1971 2089 lium
2016 2036 2329 2093 facultatum
2379 2057 2443 2095 ex
2490 2044 2931 2111 errantejudicio
2965 2048 3397 2106 inconsideratus

1838 2129 2054 2195 quidam
2090 2142 2285 2194 motus,
2326 2131 2391 2186 ad
2435 2133 2578 2186 aliud
2611 2150 2769 2202 quam
2811 2140 2873 2188 ad
2900 2154 3051 2189 suum
3084 2143 3240 2193 linem
3275 2154 3394 2195 ten-

1838 2221 1993 2276 dens.
2028 2221 2216 2275 Finem
2272 2238 2400 2277 vero
2431 2225 2579 2277 illum
2613 2227 2770 2279 modo
2804 2228 2943 2291 dico,
2981 2244 3138 2296 quem
3174 2243 3393 2285 natura-

1838 2313 1961 2367 liter
1998 2314 2214 2382 quidem
2245 2317 2423 2370 omnia
2465 2328 2745 2385 appetunt,
2778 2323 2872 2374 sed
2909 2338 3067 2391 quem
3096 2324 3204 2393 jam
3239 2327 3395 2380 dece-

1837 2416 1963 2475 ptus
2005 2422 2035 2460 a
2084 2419 2332 2475 serpente
2391 2411 2629 2465 Adamus
2682 2430 2785 2467 non
2829 2416 3069 2483 agnovit,
3109 2427 3286 2471 totum
3340 2421 3392 2474 in

1838 2515 2051 2555 sensum
2103 2516 2326 2569 pronus,
2372 2502 2734 2573 jumentisqne
2781 2507 2971 2562 similis
3030 2510 3224 2565 factus.
3285 2512 3395 2567 lino

1836 2601 2093 2659 quantum
2144 2594 2305 2646 studii
2358 2597 2593 2662 ponebat
2645 2596 2697 2649 iit
2750 2600 3077 2669 cognitione,
3141 2619 3257 2669 qua:
3298 2620 3394 2675 per

1836 2699 2056 2737 sensum
2094 2685 2395 2750 adducitur,
2432 2695 2637 2740 tantum
2688 2702 2716 2741 a
2764 2691 2937 2744 divina
2977 2696 3283 2763 cognitione
3320 2715 3395 2751 re-

1836 2774 2082 2830 cedebat.
2136 2774 2363 2830 Rursum
2409 2790 2668 2847 quantnm
2718 2782 2769 2833 in
2806 2782 2907 2835 hac
2940 2786 3243 2839 recnssione
3276 2803 3395 2853 per-

1836 2866 2141 2925 severabat,
2192 2874 2398 2920 tantum
2438 2871 2601 2922 etiam
2642 2885 2819 2924 rerum
2868 2876 3204 2942 cognitarum
3257 2876 3391 2931 frui-

1838 2959 1968 3011 tioni
2000 2960 2155 3026 quasi
2208 2962 2566 3024 assidebatur,
2627 2980 2839 3034 unaque
2870 2983 2987 3019 cum
3050 2968 3113 3021 iis
3158 2985 3394 3037 ρων-ειυς

1837 3050 2127 3105 ferebatur.
2188 3050 2456 3116 Quantum
2508 3054 2634 3106 item
2682 3055 2765 3108 his
2822 3056 3131 3123 inhaerebat,
3190 3071 3390 3113 tantum

1836 3154 2054 3208 quoque
2107 3142 2157 3194 in
2206 3156 2271 3195 eo
2317 3144 2506 3197 noxius
2543 3144 2630 3196 ille
2671 3160 2820 3199 amor
2854 3148 2933 3199 sui
2980 3151 3392 3203 accendebatur.

1837 3230 2006 3296 Quam
2037 3232 2269 3301 denique
2318 3233 2543 3287 firmiter
2596 3237 2766 3289 amori
2817 3239 3120 3293 adhmrehat
3152 3245 3253 3303 sui,
3283 3252 3392 3295 tam

1833 3323 1997 3375 etiam
2048 3324 2293 3377 studiose
2341 3324 2539 3376 multas
2586 3324 2871 3393 variasque
2902 3329 3195 3395 voluptatis
3223 3334 3391 3384 ratio-

1833 3430 1929 3469 nes
1958 3415 2484 3469 comminiscebatur.
2521 3414 2642 3468 llaec
2673 3418 2813 3469 enim
2852 3421 3049 3472 amoris
3071 3422 3153 3473 sui
3181 3422 3394 3475 soboles

1831 3512 1933 3558 est.
1972 3502 2239 3569 Quoniam
2274 3518 2403 3557 vero
2444 3506 2644 3558 malitia
2682 3508 2860 3561 omnis
2901 3523 3020 3561 cum
3077 3510 3141 3562 iis
3174 3528 3274 3561 una
3312 3528 3395 3564 rc-

1832 3592 1933 3649 bus
1972 3595 2189 3661 iinterit,
2236 3609 2355 3662 qua
2396 3595 2537 3647 illam
2578 3606 2850 3660 crearant,
2909 3598 3125 3664 ipseque
3178 3603 3393 3666 experi-

1833 3693 2014 3738 mento
2048 3685 2285 3739 discebat
2314 3686 2598 3754 voluptatis
2618 3688 2836 3739 omnino
2862 3690 3122 3742 comitem
3150 3706 3267 3745 esse
3301 3694 3395 3743 dn-

1834 3775 2027 3837 lorem,
2066 3774 2209 3827 illam
2243 3776 2324 3828 vel
2361 3791 2518 3841 supra
2565 3777 2713 3828 \‘ires
2744 3778 2974 3831 retinere
3009 3792 3249 3839 conatus.
3276 3797 3394 3833 cum

1834 3867 2019 3921 dolore
2097 3867 2297 3920 acriter
2365 3869 2656 3933 pugnabat,
2729 3868 2841 3921 fieri
2898 3885 3054 3936 posse
3110 3871 3398 3926 arbitratus

1833 3958 1999 4025 (quod
2029 3956 2174 4011 nullo
2206 3957 2367 4010 modo
2411 3958 2645 4026 poterat)
2682 3968 2737 4011 ut
2773 3961 2838 4012 ab
2874 3960 3101 4013 invicem
3145 3962 3289 4014 hisce
3321 3964 3399 4013 di-

1834 4048 2023 4108 vulsis,
2052 4055 2108 4100 et
2137 4047 2251 4100 sola
2292 4046 2562 4114 voluptate
2608 4045 2997 4114 pet’frnerctur,
3030 4058 3085 4103 et
3127 4051 3205 4101 sui
3245 4066 3397 4103 amo-

1837 4157 1948 4193 rem
1981 4142 2104 4194 huic
2134 4140 2392 4206 voluptati
2444 4140 2759 4207 permistqu
2808 4144 3089 4195 retineret.
3130 4143 3261 4196 Ilinc
3293 4142 3397 4214 [er-

1835 4248 1900 4301 go
1930 4232 2030 4303 ait]
2056 4233 2231 4286 omnis
2265 4232 2733 4300 perturbationum
2777 4232 3077 4286 multitudo.
3125 4232 3255 4286 Nam
3304 4250 3397 4287 vo—

1836 4325 2091 4393 luptatem
2116 4338 2225 4392 prze
2269 4337 2451 4376 amore
2482 4323 2654 4375 nostri
2682 4333 3082 4385 consectautes,
3119 4326 3392 4377 dolorem-

1833 4430 1941 4485 que
1994 4414 2284 4483 fugientes,
2338 4411 2740 4481 inexplicabiles
2796 4412 2915 4465 illos
2972 4414 3396 4481 perniciosarum

157 4502 247 4553 τὸν
305 4500 502 4568 θυμὸν,
544 4503 632 4554 τὸν
681 4502 894 4570 φθόνον.
922 4506 983 4557 τὸ
1026 4510 1202 4576 μῖσος.
1257 4511 1355 4579 τὴν
1399 4515 1726 4581 ἀπόγνωσιν,
1767 4528 1807 4581 ο

1767 4528 1807 4581 ο
1837 4508 2144 4576 passionum
2196 4513 2346 4557 ortus
2401 4513 2580 4556 mente
2634 4504 2987 4570 concipimus.
3034 4504 3098 4555 Et
3131 4514 3396 4571 quatenus

159 4593 255 4643 καὶ
315 4593 420 4644 ὅσα
457 4594 587 4645 ἄλλα
646 4595 743 4662 τῆς
784 4597 1077 4667 ἡδυνούσης
1116 4602 1184 4630 ⁷⁰⁶
1219 4602 1504 4673 ἐστέρηται
1554 4606 1729 4659 διαθέ-

160 4699 323 4744 σεως.
371 4681 465 4733 Ἐκ
491 4683 546 4733 δὲ
582 4683 684 4751 τῆς
720 4687 921 4753 ἀμφοῖν
976 4688 1175 4751 μίξεως
1225 4691 1461 4747 τίκτεται
1515 4699 1547 4766 ἡ
1602 4698 1731 4751 ὑπό-

160 4789 368 4838 κρισις,
403 4774 436 4840 ἡ
485 4773 762 4836 κολακεία,
797 4778 823 4828 ό
860 4776 1030 4839 δόλος,
1078 4780 1172 4831 καὶ
1212 4782 1401 4843 ἁπλῶς
1443 4786 1541 4837 ὅσα
1596 4788 1730 4841 ἄλλα

162 4864 473 4933 μοχθηρίας
504 4865 613 4933 εἴδη
648 4867 743 4934 τῆς
777 4870 972 4935 μικτῆς
1004 4871 1116 4921 ἐστι
1145 4876 1483 4942 πανουργίας
1513 4880 1729 4948 ὲπινοή-

160 4972 311 5025 ματα
335 4956 377 4985 ’ί
415 4953 538 5025 [497
562 4956 676 5027 IL].
732 4958 870 5010 Ἀλλ’
907 4960 935 5011 ὃ
969 4965 1061 5013 καλ⁴
1085 4965 1420 5036 προέφημεν,
1448 4971 1547 5038 τῆς
1577 4973 1727 5040 Θείας

1834 4600 2049 4669 quidem
2080 4596 2134 4649 in
2166 4610 2350 4649 amore
2381 4594 2598 4662 proprio
2640 4592 2961 4659 voluptatem
3000 4604 3393 4657 consectantur,

1831 4707 1900 4745 ex
1944 4704 2008 4743 eo
2056 4686 2232 4756 gulam
2282 4685 2570 4754 gignimus,
2626 4684 2954 4751 superbiam,
3008 4684 3293 4735 avaritiam
3345 4694 3398 4737 et

1832 4796 2168 4853 quaecunque
2218 4796 2315 4849 pro
2359 4793 2417 4833 re
2470 4789 2594 4831 nata
2634 4776 2959 4842 voluptatem
3011 4776 3265 4843 pariunt:
3311 4779 3396 4831 sin

1832 4896 1897 4932 ex
1946 4889 2128 4929 amore
2176 4874 2396 4940 proprio
2442 4872 2682 4923 dolorem
2738 4867 2993 4935 fugimus,
3055 4870 3188 4920 iram
3248 4884 3393 4931 mox,

1831 4969 2110 5029 invidiam,
2144 4965 2347 5026 odium,
2392 4962 2814 5029 desperationem
2866 4959 3125 5026 parimus,
3169 4971 3223 5012 et
3264 4962 3398 5013 alias

1466 5084 1549 5141 VA
1560 5088 1695 5145 RIIE
1737 5087 2137 5148 LECTIONES.

224 5166 271 5191 ε’
303 5162 437 5230 μηδὲ
459 5163 517 5213 τὸ
542 5164 707 5225 πάθος
762 5182 819 5227 ς.
895 5167 941 5197 ⁸³
983 5170 1064 5235 εἴη
1103 5171 1141 5220 Α
1177 5188 1190 5223 :
1238 5175 1330 5223 καὶ
1360 5176 1443 5245 εἴη
1486 5196 1545 5239 ς.
1622 5183 1667 5212 ⁸³

158 5234 197 5263 ⁸⁷
234 5233 517 5312 αἰσθητιῦν
541 5246 590 5285 et
616 5235 705 5284 τις».
741 5238 835 5303 τῆς
890 5238 1011 5289 add.
1040 5233 1101 5290 Α.
1181 5241 1225 5271 ⁸⁸
1246 5233 1567 5312 ἐξῆπται-ς.

161 5304 195 5333 ⁷¹
228 5303 609 5369 επινοσήματα
635 5321 693 5366 ς.

1697 5184 1726 5251 ἦ
1756 5186 1907 5259 -atld.
1936 5187 2000 5234 Α.
2051 5251 2061 5259 ι
2096 5184 2154 5259 ⁶⁸ν

1648 5253 1692 5283 ⁸⁸
1717 5247 1836 5305 ὀἷον
1861 5256 1903 5304 Α
1931 5270 1943 5303 :
1980 5251 2072 5309 καὶ
2102 5247 2211 5299 οἷον
2233 5263 2293 5309 ς.

2648 5169 2693 5199 ⁸⁸
2715 5169 2836 5219 ὅσον
2865 5167 2909 5218 δ’
2943 5168 2985 5218 Α
3012 5186 3024 5219 :
3058 5165 3151 5219 καὶ
3176 5167 3298 5218 ὅσον
3327 5184 3387 5231 ς’.

2910 5238 2978 5269 ⁷⁸¹
3009 5237 3296 5306 όδυνούσης
3329 5254 3391 5300 ς.

2096 5180 2138 5209 ⁸⁸
2180 5173 2488 5227 ὲπετελεῖτο
2513 5188 2572 5234 ς.

2369 5244 2419 5273 ⁷ο
2448 5241 2736 5309 φεύγωμεν
2767 5240 2831 5291 Α.

1655 5412 1883 5467 NOTAE.

225 5489 343 5558 (20)
381 5488 474 5541 llis
526 5492 686 5564 etiam
718 5492 1018 5564 ἐπιτιμίας.
1064 5497 1176 5547 sive
1211 5499 1714 5564 transgredientium

158 5576 349 5678 pugnas
405 5575 500 5625 pro
544 5561 839 5625 virginibus
888 5565 940 5615 iit
988 5564 1135 5617 libris
1198 5561 1711 5635 editis—subjunctas

172 5646 293 5678 1'20.

172 5646 293 5681 ('20-

166 5668 361 5775 Ilio)
399 5697 537 5775 Lege
586 5699 778 5775 resuab
824 5715 887 5754 eo
937 5715 1112 5772 gestas
1140 5706 1252 5759 sive
1295 5706 1521 5774 scriptas
1550 5712 1734 5775 apudsi

160 5770 347 5821 Uuron.
383 5769 534 5823 card.
571 5778 610 5820 t.
646 5767 776 5821 Vlll.

1896 5499 2321 5574 (Qllwlv-ri-psisse
2357 5500 2441 5551 hic
2480 5497 2713 5550 notitiam
2750 5513 2789 5561 p
2842 5503 3054 5574 constat
3101 5508 3393 5574 Cttrri‘nmi-

1830 5562 1927 5625 nisi
1985 5572 2051 5623 Ui
2099 5562 2429 5633 Qn:t-5tiniics
2501 5579 2615 5633 post.
2676 5576 2947 5618 enunieret
2993 5562 3145 5615 Pltot.
3201 5562 3388 5633 Esslztt

1826 5645 1970 5706 (lpus
2009 5632 2131 5691 hoc,
2158 5654 2276 5691 cum
2314 5638 2431 5689 aliis
2469 5632 2705 5704 pluribus
2730 5637 2966 5702 ejusdem
3011 5634 3176 5706 sancti
3223 5632 3391 5706 Maii-

1839 5704 1907 5760 nii
1939 5726 2059 5760 cum
2095 5710 2143 5758 in
2191 5709 2443 5761 Vaticana
2474 5746 2489 5772 ,
2527 5719 2635 5759 tum
2683 5707 2731 5758 in
2769 5706 2993 5774 August.
3029 5704 3116 5755 illa
3166 5704 3392 5754 nobilis.

1832 5781 1965 5831 sima
1996 5778 2238 5832 biblioth.
