4196 6442
775 450 882 513 639

1907 444 2174 505 PHOTEI
2200 440 2713 504 PATRIARCH/E
2742 441 2852 502 CP.

3926 443 4035 507 640

776 557 829 608 iu
854 570 1044 624 genus,
1085 569 1202 623 qua:
1229 565 1417 609 carent
1438 554 1719 609 aﬂ'ectione
1748 554 1987 607 dolorem
2021 555 2347 607 concitante.
2376 601 2379 608 .

2474 552 2489 601 5
2538 551 2827 620 ἄνθρωπος
2877 551 2963 603 διὰ
2997 553 3096 620 τῆς
3134 552 3354 621 ἀπάτης
3405 551 3733 605 καταπεσὼν
3771 551 4034 618 γνώσεως

782 645 859 699 Ex
909 648 1187 714 utriusque
1237 662 1398 714 porro
1446 647 1699 699 mistione
1763 647 2005 697 nascitur
2058 642 2348 703 simulatio,

783 738 1105 800 assentatio,
1158 738 1334 801 dolus,
1386 746 1438 791 et
1470 739 1512 791 si
1577 753 1696 805 qua:
1738 734 1959 789 omnino
2000 734 2103 787 alia
2153 735 2353 801 impro-

782 828 966 883 bitatis
1027 845 1243 897 genera,
1304 829 1475 882 mista:
1534 839 1659 881 sunt
1690 828 1939 881 versutia:
1985 826 2351 894 aegritudines.

788 922 980 991 155a
1014 922 1080 972 At
1123 930 1404 987 postquam
1451 923 1530 990 (ut
1586 919 1694 986 jam
1742 918 1899 986 paulo
1932 927 2056 971 ante
2086 914 2352 982 diximus)

786 1029 883 1080 per
913 1013 1279 1078 deceptionem
1320 1015 1477 1064 homo
1512 1027 1539 1063 a
1574 1011 1752 1063 divina
1786 1011 1987 1062 excidit
2018 1008 2356 1078 cognitione,

786 1114 840 1155 et
890 1103 954 1155 ad
1005 1118 1223 1156 sensum
1274 1118 1393 1156 sese
1446 1104 1658 1171 penitus
1698 1102 1989 1160 convertit.
2024 1112 2355 1162 creaturam,

788 1212 907 1263 qua:
947 1195 1047 1248 sub
1080 1206 1357 1264 aspectum
1410 1196 1573 1259 cadit,
1627 1210 1723 1262 pro
1752 1195 1855 1247 Deo
1904 1195 2067 1261 cmpit
2100 1207 2357 1261 perverse

790 1303 1103 1356 agnoscere,
1153 1289 1222 1339 ob
1254 1287 1545 1339 utilitatem
1590 1287 1825 1347 scilicet,
1851 1299 2012 1352 quam
2041 1300 2107 1337 ex
2139 1298 2200 1337 ea
2238 1298 2361 1335 cor-

790 1395 889 1445 pus
934 1378 1288 1446 percipiebat,
1343 1388 1606 1431 creaturae
1660 1378 1837 1445 potius
1898 1390 2059 1444 quam
2111 1374 2358 1428 Creatori

788 1468 1033 1521 serviens
1063 1480 1110 1521 κ.
1161 1467 1277 1533 Quo
1308 1468 1524 1535 quidem
1576 1482 1802 1534 corpore
1833 1466 2195 1534 perniciosum
2234 1464 2360 1517 illud

791 1560 1100 1626 praestando
1144 1558 1487 1627 obsequium,
1538 1560 1868 1624 voluptatein
1915 1557 2131 1611 assidue
2164 1558 2364 1611 sentie-

792 1650 907 1711 bat,
942 1651 1426 1719 vehementemque
1471 1651 1737 1714 dolorem,
1772 1650 1946 1718 reipsa
1983 1666 2198 1718 semper
2243 1650 2363 1702 ino-

791 1742 1077 1795 bedientiae
1128 1742 1255 1795 illud
1288 1742 1488 1811 lignum
1535 1742 1664 1795 boni
1702 1752 1757 1796 et
1797 1742 1922 1795 mali
1955 1746 2271 1807 comedens,
2309 1752 2361 1797 et

791 1834 1097 1888 sensibilcm
1148 1834 1247 1887 sibi
1301 1836 1660 1902 cognitionem
1708 1833 1961 1888 aﬂ'erens.
2020 1835 2199 1901 Quare
2249 1836 2362 1889 lor-

793 1934 960 1985 tasse.
991 1926 1081 1992 qui
1117 1926 1315 1995 lignum
1364 1926 1490 1978 boni
1542 1936 1596 1979 et
1629 1926 1754 1979 mali
1796 1926 2018 1989 dixerit,
2051 1938 2361 1982 creaturam

790 2032 913 2071 esse
942 2019 1231 2083 visibilem,
1274 2034 1304 2071 a
1334 2034 1463 2073 vero
1506 2035 1610 2073 non
1655 2020 1952 2074 aberrabit.
1986 2019 2188 2075 Natura
2221 2026 2367 2077 enim

794 2109 907 2177 ipsa
957 2110 1027 2163 ita
1065 2120 1431 2178 comparatum
1473 2123 1577 2176 est,
1631 2122 1690 2165 ut
1736 2128 1865 2167 usus
1914 2114 2033 2182 ejus
2080 2115 2372 2185 voluptatis

794 2201 1102 2270 dolorisque
1135 2204 1397 2257 alliciendi
1430 2206 1539 2257 vim
1564 2206 1776 2258 habeat.
1812 2205 1909 2259 Vel
1946 2222 2158 2261 rursum
2191 2209 2366 2275 :Quia

793 2302 849 2344 et
875 2294 1186 2361 spirituales
1220 2296 1381 2349 habet
1417 2297 1657 2350 rationes
1709 2299 2058 2366 aspectabilis
2090 2311 2364 2363 creatura,

792 2400 913 2453 qua:
957 2396 1190 2440 mentem
1233 2388 1482 2441 nutriunt
1513 2407 1528 2442 :
1580 2400 1632 2443 et
1666 2393 1855 2445 iterum
1895 2391 2006 2462 (22)
2038 2394 2145 2447 vim
2178 2410 2369 2463 quam-

795 2475 917 2526 dam
960 2476 1290 2539 naturalem,
1333 2493 1452 2545 quin
1483 2494 1700 2532 sensum
1730 2482 1949 2548 quidem
1987 2482 2241 2549 delectat,
2275 2486 2368 2539 sed

796 2576 1032 2618 mentem
1085 2570 1363 2633 pervertit,
1401 2584 1682 2638 propterea
1717 2572 1920 2641 lignum
1966 2576 2208 2631 scientiae
2241 2578 2363 2631 boni

796 2666 848 2707 et
894 2657 1015 2708 mali
1052 2658 1163 2710 ham
1194 2667 1275 2712 est
1308 2662 1593 2728 appellata.
1639 2662 1958 2717 Passionum
1996 2670 2140 2718 enim
2193 2669 2361 2738 magi-

798 2756 907 2798 stra
948 2746 1004 2799 lit
1040 2749 1103 2801 iis
1132 2749 1223 2816 qui
1251 2751 1369 2818 ejus
1410 2762 1616 2818 partem
1655 2755 1890 2823 aliquam
1922 2771 2187 2825 corporeo
2216 2762 2373 2814 modo

799 2837 1087 2904 accipiunt.
1121 2840 1255 2895 llinc
1286 2842 1425 2897 forte
1457 2854 1511 2897 et
1542 2847 1744 2899 homini
1782 2846 1942 2912 Deus,
1985 2864 2053 2903 ne
2084 2851 2246 2918 hujus
2276 2853 2370 2905 ﬁe-

800 2936 884 2979 ret
925 2930 1196 2995 particeps
1235 2944 1392 2987 antea
1434 2935 1752 2991 interdixit:
1789 2948 1847 2992 ut
1890 2941 2044 3008 prius
2081 2941 2247 3013 (quod
2280 2961 2375 3013 par

800 3019 940 3085 erat)
988 3036 1083 3088 per
1118 3025 1307 3092 gratia:
1351 3028 1820 3095 participationem
1870 3032 2091 3100 proprio
2138 3034 2253 3102 ipse
2285 3052 2375 3089 co-

2458 638 2553 690 καὶ
2614 642 2750 706 πρὸς
2798 641 2898 707 τὴν
2944 642 3199 709 αἴσθησιν
3246 643 3368 705 ὅλος
3419 644 3467 673 τ’
3519 643 3879 711 ἐπιστραφεὶς
3933 645 4035 711 τὴν

2457 730 2792 797 φαινομένην
2826 731 3000 782 κτίσιν
3056 734 3134 792 εἰς
3178 733 3313 784 Θεὸν
3365 734 3773 802 παρεγνώρισε,
3806 735 3897 785 διὰ
3933 736 4036 802 τὴν

2456 822 2550 871 ἀπ’
2582 821 2754 888 αὐτῆς
2789 822 2883 873 τοῦ
2938 820 3187 891 σώματος
3225 824 3415 891 χρείαν
3444 827 3509 893 τῇ
3542 825 3716 876 κτίσει
3759 824 4043 892 λατρεύων

2458 914 2608 981 παρὰ
2658 915 2747 965 τὸν
2781 914 3075 975 Κτίσαντα,
3137 916 3257 967 καθ’
3289 916 3316 967 ὃ
3367 917 3524 985 σῶμα
3572 918 3669 985 τὴν
3713 916 4045 984 φθοροποιὸν

2459 1006 2723 1057 ἐπιτελῶν
2752 1005 3007 1074 λατρείαν
3034 1006 3226 1075 ἡδονὴν
3255 1004 3399 1075 εἶχεν
3429 1010 3513 1060 ἀεὶ
3540 1011 3631 1058 καὶ
3659 1008 3857 1076 ὀδύνην
3888 1010 3969 1059 ὲνε
3982 1026 4042 1076 ρ·-

2459 1098 2753 1165 γουμένην,
2802 1096 2997 1148 ἐσθίων
3056 1099 3142 1149 ἀεὶ
3181 1097 3241 1148 τὸ
3287 1098 3332 1127 ⁷³
3381 1099 3533 1160 ξύλον
3583 1102 3685 1165 τῆς
3748 1100 4042 1166 παρακοῆς

2459 1188 2552 1239 τοῦ
2579 1188 2620 1216 ⁷⁸
2648 1186 2815 1238 καλοῦ
2847 1190 2937 1239 καὶ
2976 1188 3147 1239 κακοῦ
3181 1189 3267 1239 διὰ
3297 1191 3397 1256 τῆς
3424 1192 3619 1257 πείρας
3646 1192 3689 1219 ⁷⁵
3724 1190 3917 1257 αὺτῆἶν
3947 1192 4045 1239 7'1"

2461 1280 2601 1330 κατὰ
2633 1280 2731 1347 τὴν
2762 1278 3014 1347 αἴσθησιν
3039 1282 3296 1349 παρέχων
3314 1282 3411 1348 τὴν
3440 1282 3483 1311 ⁷³
3510 1281 3733 1346 γνῶσιν.
3768 1282 3878 1332 Καὶ
3902 1281 4045 1347 τάχα

2464 1370 2619 1433 ξύλον
2646 1365 2787 1422 εἶναι
2819 1369 2983 1421 καλοῦ
3009 1374 3102 1421 καὶ
3130 1372 3369 1439 πονηροῦ
3398 1372 3494 1439 τὴν
3520 1372 3854 1439 φαινομένην
3873 1373 4049 1422 εἰπὼν

2464 1463 2640 1514 κτίσιν
2670 1479 2752 1523 τις
2786 1464 2887 1513 οὑκ
2914 1463 2977 1513 ἂν
3004 1463 3237 1530 ἁμάρτοι
3265 1464 3363 1531 τῆς
3394 1462 3649 1529 ἀληθείας
3669 1481 3680 1493 ·
3710 1462 3904 1531 ἡδονῆς
3936 1465 4049 1531 γὰρ

2465 1557 2561 1608 καὶ
2605 1554 2782 1625 λύπης
2816 1556 3107 1623 ποιητικὴν
3154 1554 3267 1622 ἔχει
3299 1555 3542 1622 φυσικῶς
3576 1556 3673 1622 τὴν
3713 1556 4047 1623 μετάληψινο

2469 1650 2538 1701 Ἢ
2561 1648 2741 1712 πάλιν,
2778 1647 2965 1715 ἐπειδὴ
3003 1648 3097 1699 καὶ
3147 1646 3336 1710 λόγους
3389 1646 3501 1714 ’ἔχει
3560 1648 3969 1713 πνευματικοῦς
4014 1648 4049 1714 ἡ

2465 1741 2716 1809 ὁρωμένη
2757 1738 2934 1799 κτίσις
2963 1736 3085 1787 νοῦν
3115 1735 3241 1806 [257
3268 1734 3360 1805 H.]
3390 1736 3707 1803 τρέφοντας,
3746 1734 3844 1786 καὶ¹
3885 1734 4051 1786 δύνα-

2473 1850 2562 1900 μιν
2589 1832 2753 1882 ⁸πάλιν
2790 1830 3027 1899 φυσικὴν
3068 1828 3163 1897 τὴν
3202 1829 3303 1897 μὲν
3334 1828 3584 1897 αἴσθησιν
3616 1828 3930 1895 τέρπουσαν
3957 1829 4051 1880 τὸν

2467 1926 2523 1977 δὲ
2577 1924 2701 1977 νοῦν
2754 1924 3211 1995 διαστρέφουσαν,
3266 1922 3355 1975 διὰ
3408 1923 3569 1975 τοῦτο
3615 1921 3769 1985 ξύλον
3804 1923 4053 1990 γνωστὸν

2469 2021 2637 2074 καλοῦ
2692 2040 2752 2073 τε
2792 2022 2886 2073 καὶ
2953 2018 3123 2073 κακοῦ
3187 2018 3641 2088 προσηγορεύθη·
3704 2017 3899 2069 παθῶν
3941 2015 4054 2085 γὰρ

2470 2114 2679 2181 γίνεται
2708 2112 3026 2173 διδασκαλος
3052 2112 3164 2171 τοῖς
3203 2110 3530 2179 σωματικῶς
3560 2109 3727 2178 αὐτῆς
3768 2107 4056 2177 μεταλαμ-

2474 2208 2717 2260 ϐάνουσι.
2753 2205 2844 2257 Διὸ
2869 2204 3031 2274 τυχὸν
3059 2204 3153 2256 καὶ
3190 2202 3267 2271 τῷ
3306 2202 3579 2271 ἀνθρώπῳ
3606 2200 3704 2270 τὴν
3749 2199 4056 2268 μετάληψιν

2476 2299 2644 2365 αὐτῆς
2670 2301 2697 2351 ὁ
2723 2298 2855 2360 Θεὸς
2876 2296 3227 2367 ἀπηγόρευσε
3249 2295 3405 2355 τέως,
3427 2293 3515 2345 ἵνα
3550 2293 3838 2361 πρότερον,
3864 2291 4057 2359 ὥσπερ

2474 2387 2541 2461 ἦν
2574 2390 2804 2451 δίκαιον,
2844 2388 2931 2441 διὰ
2979 2390 3077 2456 τῆς
3124 2390 3179 2439 ὲν
3219 2386 3403 2455 χάριτι
3459 2384 3688 2453 μετοχῆς
3722 2384 3821 2451 τὴν
3846 2382 4057 2435 οἰκείαν

2475 2484 2729 2549 ἐπιγνοὺς
2754 2482 2932 2533 αἰτίαν
2968 2479 3061 2531 καὶ
3095 2479 3192 2547 τὴν
3241 2478 3425 2545 χάριτι
3452 2475 3697 2528 δοθεῖσαν
3724 2474 4051 2535 ἀθανασίαν,

2475 2576 2563 2627 διὰ
2613 2577 2711 2641 τῆς
2747 2572 3004 2639 τοιαύτης
3061 2570 3414 2640 μεταλήψεως
3454 2567 3590 2637 πρὸς
3636 2565 3913 2617 ἀπάθειαν
3962 2568 4057 2616 καὶ

2477 2666 2743 2736 ἁτρεψίαν
2785 2664 3093 2733 στομώσας,
3127 2662 3203 2724 ὡς
3243 2661 3376 2722 Θεὸς
3419 2661 3518 2728 ἤδη
3556 2662 3621 2727 τῇ
3671 2656 3868 2709 θεώσει
3900 2657 4056 2724 γενό-

2481 2776 2638 2829 μενος
2671 2758 2807 2826 μετὰ
2831 2754 2967 2807 Θεοῦ
2996 2754 3063 2805 τὰ
3086 2752 3179 2804 τοῦ
3206 2751 3342 2803 Θεοῦ
3368 2748 3726 2817 διασκέψηται
3752 2748 4051 2815 κτίσματα,

2480 2850 2647 2919 μηδὲν
2680 2850 2769 2900 ὑπ’
2817 2847 3000 2899 αὐτῶν
3042 2844 3570 2913 παραϐλαπτόμενος
3603 2842 3695 2892 καὶ
3724 2840 3825 2907 τὴν
3875 2839 4057 2891 αὐτῶν

2478 2943 2826 3013 ἀναλήψηται
2855 2940 3056 3010 γνῶσιν
3103 2939 3178 2999 ὡς
3205 2937 3386 3005 χάριτι
3416 2934 3547 2995 Θεὸς
3572 2932 3667 2985 καὶ
3708 2932 3810 2984 οὐκ
3843 2932 4060 3000 ἄνθρω-

2481 3055 2602 3100 πος.

803 3111 951 3175 guito
980 3122 1200 3167 auctore
1229 3132 1332 3168 una
1369 3134 1489 3169 cutn
1555 3121 1727 3187 gratis
1788 3121 2056 3190 impartila
2099 3128 2528 3193 immortalitate,
2580 3146 2673 3198 per
2727 3132 2864 3180 hanc
2926 3119 3394 3192 participationem
3458 3120 3522 3169 ad
3594 3116 3944 3169 indolentiam
4006 3123 4062 3168 et

806 3200 1299 3259 iunnutahilitatem
1354 3210 1617 3272 lirmatus,
1664 3227 1728 3265 ac
1756 3214 1902 3267 velut
1936 3216 2073 3270 Deus
2103 3218 2216 3287 jam
2255 3236 2349 3289 per
2407 3223 2799 3275 deilicationetn
2837 3218 3031 3275 factus,
3085 3230 3207 3267 cum
3267 3212 3375 3263 Deo
3442 3210 3897 3275 contemplaretur
3967 3206 4058 3261 Dei

806 3303 1108 3354 creaturas,
1144 3298 1399 3365 nulloque
1460 3300 1622 3355 abiis
1667 3314 1888 3370 accepto
1918 3306 2243 3363 detrimento
2304 3327 2489 3366 earum
2521 3312 2885 3380 cognitionem
2949 3317 3400 3377 consequeretur;
3476 3302 3626 3371 quasi
3687 3301 3826 3353 Deus
3890 3301 4062 3353 nimi-

806 3398 925 3435 rum
971 3384 1165 3450 aliquis
1206 3402 1302 3454 per
1341 3390 1593 3457 gratiam,
1634 3407 1737 3444 non
1785 3395 1945 3447 homo
1988 3396 2237 3452 allectus.

882 3475 1003 3529 lla-c
1034 3489 1087 3529 et
1124 3479 1229 3531 alia
1246 3482 1547 3533 consimilia
1591 3483 1641 3534 in
1681 3486 1945 3550 prooemio
1972 3487 2379 3557 philosophatus

2560 3486 2746 3540 Ταῦτα
2768 3485 2860 3537 καὶ
2883 3483 3109 3537 τοιαῦτα
3139 3483 3181 3513 ⁷⁷
3222 3483 3279 3533 ὲν
3310 3481 3621 3550 προοιμίοις
3662 3479 4063 3548 φιλοσοφήσας,

812 3575 975 3631 atque
1027 3567 1299 3633 pollicitus
1332 3570 1507 3638 (quasi
1552 3582 1700 3625 esset
1731 3574 1858 3627 alibi
1893 3576 2189 3641 perfectius
2219 3596 2383 3634 accu-

811 3659 1091 3725 ratiusqne
1139 3661 1208 3713 de
1252 3660 1317 3713 iis
1365 3671 1611 3724 acturus,
1657 3678 1720 3715 ac
1770 3667 2048 3732 praprium
2084 3669 2131 3721 ei
2169 3672 2384 3739 negotio

811 3758 1103 3802 tractatum
1154 3751 1574 3821 destinaturus).
1625 3756 2089 3825 lnterrogationes
2130 3760 2387 3829 deinceps

812 3838 1320 3910 llesponsionesque
1359 3845 1669 3912 aggreditur
1708 3863 1722 3899 :
1756 3862 1984 3914 quarum
2015 3851 2187 3917 prima
2235 3868 2388 3920 qua:-

812 3934 919 3986 stio
962 3944 1081 3989 est:
1117 3936 1258 4001 Quid
1300 3937 1431 3996 illud
1470 3938 1737 4005 signiticet
1773 3957 1785 3991 :
1839 3937 2002 3992 Pater
2037 3958 2182 3996 meus
2233 3947 2386 3999 modo

812 4036 1058 4079 oneratur
1085 4025 1132 4079 δ.
1170 4026 1354 4080 Altera
1398 4028 1463 4080 de
1508 4028 1623 4089 illo,
1667 4030 1757 4096 qui
1817 4029 1868 4082 in
1927 4030 2224 4100 Evangelia
2268 4050 2387 4087 am-

815 4116 1039 4183 phoram
1069 4132 1221 4185 aqua:
1253 4117 1457 4185 bajulat
1482 4129 1529 4171 ε.
1555 4120 1739 4172 Tertia
1772 4121 1836 4173 de
1882 4122 1971 4176 illo
2000 4140 2012 4175 :
2062 4123 2239 4178 Nolite
2263 4143 2387 4194 pos-

813 4209 983 4261 sidere
1013 4209 1146 4261 duas
1179 4209 1447 4263 tunicasd.
1478 4209 1565 4265 ιν.
1596 4212 1669 4264 De
1701 4212 1984 4266 maledicta
2012 4224 2154 4268 terra
2187 4216 2238 4269 in
2263 4231 2391 4284 ope-

815 4300 963 4353 ribus
1014 4302 1184 4353 Adam
1220 4313 1267 4356 θ.
1304 4300 1372 4356 V.
1405 4302 1479 4356 De
1514 4303 1646 4357 illo:
1696 4304 1797 4368 Qui
1837 4317 1992 4359 natus
2030 4316 2105 4359 est
2152 4325 2215 4361 ex
2243 4308 2387 4373 Deo,

813 4400 1083 4456 peccatum
1138 4407 1239 4443 non
1283 4391 1405 4459 fecit
1439 4391 1482 4444 τ.
1538 4391 1623 4444 Vl.
1676 4394 1749 4445 De
1793 4393 1929 4447 illo:
1986 4393 2103 4447 Hoc
2164 4398 2300 4449 enim
2340 4406 2388 4450 ει

816 4483 1035 4535 mortuis
1056 4483 1468 4551 euangelizatum
1487 4495 1558 4537 est
1577 4486 1622 4539 ε.
1648 4485 1837 4554 1551)
1862 4485 1973 4540 VII.
1993 4487 2068 4541 De
2096 4488 2186 4541 illo
2215 4506 2228 4541 :
2252 4489 2389 4541 Deus

818 4572 911 4625 lux
930 4586 1002 4625 est
1038 4574 1089 4624 h.
1125 4572 1261 4627 Vlll.
1295 4575 1367 4627 De
1404 4576 1493 4627 illo
1527 4574 2068 4649 :Quomodo[Nunc]
2093 4596 2273 4631 sumus
2292 4580 2389 4645 lilii

818 4663 938 4727 Dei,
984 4676 1037 4717 et
1068 4669 1345 4733 quomodo
1380 4679 1498 4734 post
1544 4670 1657 4721 base
1703 4670 1907 4721 erimus
1936 4668 1979 4724 ί.
2028 4669 2115 4722 IX.
2150 4670 2224 4723 De
2258 4672 2387 4723 illo:

821 4758 926 4821 Qui
973 4758 1147 4821 timet,
1207 4774 1308 4810 non
1353 4768 1425 4810 est
1452 4759 1707 4825 perfectus
1757 4760 1811 4811 in
1862 4759 2137 4812 dilectione
2171 4760 2216 4815 i.
2272 4761 2385 4814 Et:

2488 3579 2584 3632 xui.
2637 3576 3103 3645 ἐπαγγειλάμενος
3145 3574 3218 3634 ὡς
3270 3574 3324 3623 ὲν
3360 3571 3565 3639 ἑτέροις
3616 3570 3952 3636 τελειότερον
4004 3587 4064 3621 τε

2488 3670 2581 3723 καὶ
2605 3667 2996 3737 ἀκριϐέστερον
3026 3666 3153 3733 περὶ
3183 3663 3360 3714 αὐτῶν
3408 3661 3756 3728 ἐπισκέψοιτο
3805 3660 3905 3713 καὶ
3961 3661 4067 3730 ἰδία

2487 3760 2847 3832 πραγματείᾳ
2876 3758 2972 3829 τὴν
3004 3758 3134 3825 περὶ
3182 3755 3361 3807 αὐτῶν
3395 3754 3613 3821 ἁφοριεῖ
3647 3753 4063 3822 πραγματείαν,

2490 3854 2687 3923 ἐφεξῆς
2727 3853 2835 3905 τῶν
2895 3852 3217 3921 ἐρωτήσεων
3264 3847 3357 3899 καὶ
3408 3844 3751 3915 ἀποκρίσεων
3808 3843 4065 3896 ἅπτεται.

2488 3939 2591 3996 Ὧν
2620 3942 2837 4013 πρῶτον
2871 3942 3093 4011 ζήτημα
3148 3938 3275 4008 περὶ
3310 3935 3403 3989 τοῦ
3446 3936 3497 3987 τί
3530 3936 3806 4004 σημαίνει·
3849 3935 3914 3986 '0
3948 3938 4068 3987 Ha-

2489 4034 2601 4102 τήρ
2655 4050 2773 4101 μου
2822 4031 2932 4096 ἕως
2963 4030 3091 4097 ἄρτι
3120 4024 3436 4095 ἐργάζεται.
3471 4025 3524 4075 Β¹
3569 4025 3697 4092 περὶ
3721 4024 3840 4054 ⁷⁸⁸⁷⁵
3866 4022 3964 4074 τοῦ
4015 4024 4070 4072 ἐν

2488 4125 2566 4193 τῷ
2613 4122 2927 4191 Εὑαγγελίῳ
2972 4121 3033 4174 τὸ
3095 4118 3355 4188 κεράμιον
3384 4116 3478 4169 τοῦ
3543 4114 3733 4177 ὓδατος
3772 4114 4071 4183 βαστάζονο

2488 4233 2598 4277 τος.
2629 4215 2681 4266 1"
2709 4213 2837 4283 περὶ
2865 4212 2980 4276 τοῦ,
3036 4210 3131 4275 Μὴ
3192 4210 3499 4275 κτήσησθε
3521 4207 3566 4237 ⁸ο
3621 4206 3730 4258 δύο
3787 4204 4066 4267 χιτῶνας.

2490 4313 2541 4360 Δ¹
2568 4307 2697 4377 περὶ
2725 4309 2826 4375 τῆς
2862 4302 3262 4373 καταραθείσης
3310 4300 3413 4368 γῆς
3465 4301 3522 4351 ὲν
3573 4300 3685 4358 τοῖς
3729 4296 3917 4367 ἔργοις
3974 4295 4069 4347 τοῦ

2503 4400 2693 4468 Ἀδάμ.
2736 4397 2790 4449 E'
2842 4397 2972 4466 περὶ
3028 4394 3145 4458 τοῦ,
3204 4394 3255 4444 '0
3312 4390 3749 4460 γεγεννημένος
3830 4389 3900 4441 ἐκ
3960 4388 4070 4439 τοῦ

2493 4491 2640 4546 Θεοῦ
2670 4489 2961 4559 ἁμαρτίαν
2988 4489 3059 4540 οὐ
3079 4484 3250 4538 ποιεῖ.
3285 4482 3353 4549 ς’
3384 4483 3510 4551 περὶ
3537 4480 3651 4543 τοῦ,
3678 4482 3780 4543 Είς
3812 4479 3856 4509 ⁸⁸
3891 4478 4071 4531 τοῦτο

2489 4583 2601 4653 γὰρ
2652 4583 2748 4634 καί
2797 4577 3030 4647 νεκροῖς
3088 4574 3511 4643 εὐηγγελίσθη.
3557 4573 3607 4623 Z’
3638 4572 3767 4639 περὶ
3821 4570 3962 4632 τοῦ,
4018 4569 4069 4619 '0

2493 4675 2637 4737 Θεὸς
2688 4670 2816 4739 φῶς
2860 4670 3047 4723 ἐστιν.
3078 4670 3139 4721 H’
3179 4667 3310 4735 napi.
3363 4664 3457 4717 τοῦ
3516 4663 3629 4724 πῶς
3699 4664 3867 4729 ἐσμεν
3906 4661 4073 4713 τέκνα

2494 4761 2627 4814 Θεοῦ
2658 4761 2751 4813 καὶ
2781 4760 2899 4822 πῶς
2926 4761 2971 4790 ⁸¹
3009 4756 3148 4827 μετὰ
3209 4754 3381 4807 ταῦτα
3414 4752 3666 4820 ἐσόμεθα.
3701 4751 3754 4801 Θ¹
3786 4750 3919 4818 περὶ
3978 4748 4073 4800 τοῦ

822 4846 948 4900 Νυη
987 4858 1062 4901 est
1105 4849 1281 4915 inapia
1312 4850 1606 4917 timentibus
1634 4866 1751 4903 eum
1779 4851 1826 4906 ι.
1874 4849 1942 4903 Χ.
1975 4850 2107 4916 Quis
2132 4852 2208 4904 illi
2241 4853 2379 4921 prin-

2494 4852 2643 4915 πῶς,
2717 4851 2779 4903 '0
2855 4850 3224 4918 φοϐούμενος
3288 4847 3360 4899 οὺ
3431 4842 3799 4896 τετελείωται
3871 4840 3945 4892 ἐν
4001 4838 4074 4905 τῇ

892 5041 917 5068 α
954 5028 1111 5082 Rom.
1147 5048 1185 5087 ι.
1214 5029 1304 5083 ‘25.
1358 5028 1384 5066 δ
1414 5029 1571 5085 Joan.
1614 5045 1663 5095 v,
1702 5030 1786 5084 17.
1858 5041 1878 5068 ο
1913 5030 2079 5086 Marc.
2127 5048 2238 5096 xiv,
2290 5032 2387 5097 13;
2421 5033 2552 5087 an.
2590 5048 2679 5095 xx,
2732 5032 2817 5085 l0.

2206 5104 2233 5143 δ
2263 5103 2281 5155 Ι
2312 5102 2467 5157 Juan.
2506 5121 2543 5167 ι,
2581 5104 2632 5157 5.

822 5115 903 5159 ιιι,
946 5100 1031 5151 17.

823 5185 1018 5232 xum,
1047 5170 1098 5224 9.

1123 5099 1139 5137 ί
1174 5098 1192 5151 l
1224 5098 1382 5153 Joau.
1412 5116 1493 5165 Ill,
1523 5102 1576 5153 9.
1668 5111 1692 5147 ις
1728 5102 1914 5155 lPetr.
1946 5117 2017 5169 tv,
2059 5103 2113 5156 6.

2896 5030 2922 5069 ά
2960 5030 3149 5083 Matth.
3206 5045 3260 5090 κ,
3300 5030 3394 5090 10;
3435 5024 3565 5078 Luc.
3598 5039 3675 5084 Ix,
3710 5021 3764 5073 5.
3858 5031 3881 5059 ε
3914 5017 4071 5090 Gen"

2754 5104 2768 5142 ἱ
2807 5099 3007 5154 Noun.
3050 5116 3130 5163 tu,
3159 5098 3213 5151 2.
3250 5088 3255 5090 ’
3306 5096 3319 5146 l
3364 5088 3389 5150 li
3417 5097 3573 5149 Juau.
3610 5110 3683 5157 tv,
3720 5092 3802 5145 l8.
3868 5090 3895 5128 ι
3929 5088 4073 5141 Ρδειι.

2118 5330 2349 5385 νΑιιιΑξ
2389 5326 2771 5384 ΙᾸΞΟΤΙΟΝΕΞ

1270 5458 1316 5489 ⁷³
1340 5457 1400 5507 τὸ
1436 5456 1560 5509 add.
1591 5458 1653 5509 A.
1739 5455 1785 5485 ⁷⁵
1813 5451 1937 5525 τοῦ]
1958 5454 2016 5506 τὸ
2061 5454 2123 5505 Α.

1307 5528 1426 5559 ἐ’-⁷⁸
1476 5536 1601 5580 ante
1650 5526 1777 5594 περὶ
1832 5522 1953 5578 cum
1992 5526 2035 5576 A
2088 5522 2245 5577 omisi
2304 5522 2381 5573 δέ.

900 5466 943 5497 ’³
970 5462 1103 5523 ὅλως
1136 5478 1172 5523 ς
1184 5500 1195 5511 .

826 5532 1049 5584 τοιαῦτα
1104 5549 1163 5593 ς’.

829 5604 874 5639 ’ί
914 5602 1028 5662 πῶς
1064 5604 1184 5654 :ttld.
1212 5603 1275 5653 Α.

2200 5452 2245 5482 ⁷⁵
2286 5448 2479 5519 πείρας
2507 5449 2551 5501 Α
2582 5463 2595 5498 :
2635 5448 2861 5519 πορείας
2886 5464 2946 5519 ς.

3038 5445 3083 5474 ⁷⁸
3116 5444 3213 5509 τὴν
3236 5452 3290 5495 ει
3318 5441 3401 5509 19.
3434 5455 3491 5491 τε
3513 5440 3633 5509 athl.
3667 5440 3763 5509 A.‘
3808 5436 3856 5466 "
3893 5440 3988 5489 καὶ
4019 5436 4076 5509 τὰ

2475 5519 2522 5551 ⁸ο
2552 5504 2856 5588 κτήσασθαί
2878 5504 2946 5570 Ᾱ.
3052 5514 3093 5544 ⁸⁸
3154 5504 3231 5573 εἰς
3263 5504 3382 5565 add.
3414 5510 3479 5563 A.
3531 5508 3604 5563 cl.
3663 5509 3683 5561 ι
3734 5505 3975 5574 Petrav,
4028 5504 4075 5560 6.

2359 5741 2582 5797 NOTAE.

910 5878 1021 5947 (‘22)
1060 5878 1314 5945 Etpungo
1355 5890 1475 5945 qua:
1523 5874 1622 5925 huc
1672 5872 1788 5925 loco
1832 5871 1880 5921 in
1915 5879 2055 5921 textu
2088 5868 2273 5920 Greco
2304 5865 2490 5917 vitiose
2525 5869 2857 5929 repetuntur,
2900 5874 3054 5910 voces
3088 5851 3367 5923 pauculas.
