  <div class='ocr_page' id='page_1' title='image "/cluster/home/n/w/nwhite01/storage/ocr_20150623/103/nnc1.0046979689/328.png"; bbox 0 0 4196 6442; ppageno 0'>
   <div class='ocr_carea' id='block_1_1' title="bbox 127 390 221 455">
    <p class='ocr_par' dir='ltr' id='par_1_1' title="bbox 127 390 221 455">
     <span class='ocr_line' id='line_1_1' title="bbox 127 390 221 455; baseline 0.021 -2"><span class='ocrx_word' id='word_1_1' title='bbox 127 390 221 455; x_wconf 78' lang='grc'><strong>641</strong></span> 
     </span>
    </p>
   </div>
   <div class='ocr_carea' id='block_1_2' title="bbox 1204 390 2278 453">
    <p class='ocr_par' dir='ltr' id='par_1_2' title="bbox 1204 390 2278 453">
     <span class='ocr_line' id='line_1_2' title="bbox 1204 390 2278 453; baseline 0 -1"><span class='ocrx_word' id='word_1_2' title='bbox 1204 391 1724 453; x_wconf 74' lang='grc' dir='ltr'><strong>ΒΙΒΙᾸΟΤΗΕΟΑ.</strong></span> <span class='ocrx_word' id='word_1_3' title='bbox 1758 415 1829 427; x_wconf 90' lang='grc'><strong><em>-</em></strong></span> <span class='ocrx_word' id='word_1_4' title='bbox 1865 390 2027 451; x_wconf 89' lang='lat' dir='ltr'><strong>COD.</strong></span> <span class='ocrx_word' id='word_1_5' title='bbox 2055 391 2278 452; x_wconf 85' lang='lat' dir='ltr'><strong>CXCII.</strong></span> 
     </span>
    </p>
   </div>
   <div class='ocr_carea' id='block_1_3' title="bbox 3256 391 3361 457">
    <p class='ocr_par' dir='ltr' id='par_1_3' title="bbox 3256 391 3361 457">
     <span class='ocr_line' id='line_1_3' title="bbox 3256 391 3361 457; baseline -0.01 0"><span class='ocrx_word' id='word_1_6' title='bbox 3256 391 3361 457; x_wconf 71' lang='grc'><strong>642</strong></span> 
     </span>
    </p>
   </div>
   <div class='ocr_carea' id='block_1_4' title="bbox 124 499 1781 577">
    <p class='ocr_par' dir='ltr' id='par_1_4' title="bbox 124 499 1769 570">
     <span class='ocr_line' id='line_1_4' title="bbox 124 499 1769 570; baseline 0 -17"><span class='ocrx_word' id='word_1_7' title='bbox 124 501 335 567; x_wconf 69' lang='grc' dir='ltr'><em>ἀγάπῃ,</em></span> <span class='ocrx_word' id='word_1_8' title='bbox 362 501 481 564; x_wconf 75' lang='grc' dir='ltr'><em>καὶ,</em></span> <span class='ocrx_word' id='word_1_9' title='bbox 510 501 628 555; x_wconf 75' lang='grc' dir='ltr'><strong>Οὐκ</strong></span> <span class='ocrx_word' id='word_1_10' title='bbox 684 500 856 554; x_wconf 78' lang='grc' dir='ltr'><em>ἔστιν</em></span> <span class='ocrx_word' id='word_1_11' title='bbox 888 499 1193 570; x_wconf 82' lang='grc' dir='ltr'><em>ὑστέρημα</em></span> <span class='ocrx_word' id='word_1_12' title='bbox 1249 501 1374 567; x_wconf 86' lang='grc' dir='ltr'><em>τοῖς</em></span> <span class='ocrx_word' id='word_1_13' title='bbox 1398 502 1692 569; x_wconf 74' lang='grc' dir='ltr'><strong>φοϐουμό-</strong></span> <span class='ocrx_word' id='word_1_14' title='bbox 1725 506 1769 560; x_wconf 75' lang='grc' dir='ltr'>Α</span> 
     </span>
    </p>
   </div>
   <div class='ocr_carea' id='block_1_5' title="bbox 1703 499 3360 577">
    <p class='ocr_par' dir='ltr' id='par_1_5' title="bbox 1725 500 3360 577">
     <span class='ocr_line' id='line_1_5' title="bbox 1725 500 3360 577; baseline 0.004 -22"><span class='ocrx_word' id='word_1_15' title='bbox 1725 506 1769 560; x_wconf 77' lang='grc' dir='ltr'>Α</span> <span class='ocrx_word' id='word_1_16' title='bbox 1800 502 2009 569; x_wconf 89' lang='lat' dir='ltr'><strong>cipatus</strong></span> <span class='ocrx_word' id='word_1_17' title='bbox 2042 500 2226 566; x_wconf 80' lang='lat' dir='ltr'><strong>fuerit,</strong></span> <span class='ocrx_word' id='word_1_18' title='bbox 2256 514 2417 570; x_wconf 86' lang='lat' dir='ltr'><strong>quem</strong></span> <span class='ocrx_word' id='word_1_19' title='bbox 2464 514 2572 554; x_wconf 92' lang='lat' dir='ltr'><strong>non</strong></span> <span class='ocrx_word' id='word_1_20' title='bbox 2615 500 2887 555; x_wconf 84' lang='lat' dir='ltr'><strong>servarint</strong></span> <span class='ocrx_word' id='word_1_21' title='bbox 2922 501 3123 570; x_wconf 64' lang='lat' dir='ltr'><strong>angeli,</strong></span> <span class='ocrx_word' id='word_1_22' title='bbox 3149 515 3204 559; x_wconf 92' lang='lat' dir='ltr'><strong>et</strong></span> <span class='ocrx_word' id='word_1_23' title='bbox 3236 522 3360 577; x_wconf 63' lang='lat' dir='ltr'><strong>quae</strong></span> 
     </span>
    </p>
   </div>
   <div class='ocr_carea' id='block_1_6' title="bbox 123 592 1688 663">
    <p class='ocr_par' dir='ltr' id='par_1_6' title="bbox 123 592 1688 663">
     <span class='ocr_line' id='line_1_6' title="bbox 123 592 1688 663; baseline 0.002 -21"><span class='ocrx_word' id='word_1_24' title='bbox 123 607 241 655; x_wconf 84' lang='grc' dir='ltr'><em>νοις</em></span> <span class='ocrx_word' id='word_1_25' title='bbox 261 592 469 643; x_wconf 88' lang='grc' dir='ltr'><em>αὐτόν.</em></span> <span class='ocrx_word' id='word_1_26' title='bbox 503 594 535 643; x_wconf 92' lang='lat' dir='ltr'><strong>I&#39;</strong></span> <span class='ocrx_word' id='word_1_27' title='bbox 570 592 696 661; x_wconf 68' lang='grc' dir='ltr'><em>περὶ</em></span> <span class='ocrx_word' id='word_1_28' title='bbox 736 593 835 645; x_wconf 72' lang='grc' dir='ltr'><strong>τοῦ</strong></span> <span class='ocrx_word' id='word_1_29' title='bbox 874 592 955 653; x_wconf 80' lang='grc' dir='ltr'><em>τίς</em></span> <span class='ocrx_word' id='word_1_30' title='bbox 1020 593 1215 662; x_wconf 76' lang='grc' dir='ltr'><strong>ἡάρχὴ</strong></span> <span class='ocrx_word' id='word_1_31' title='bbox 1270 593 1377 646; x_wconf 84' lang='grc' dir='ltr'><em>τῶν</em></span> <span class='ocrx_word' id='word_1_32' title='bbox 1416 594 1489 663; x_wconf 85' lang='grc' dir='ltr'><em>μὴ</em></span> <span class='ocrx_word' id='word_1_33' title='bbox 1518 608 1688 661; x_wconf 82' lang='grc' dir='ltr'><em>τηρη-</em></span> 
     </span>
    </p>
   </div>
   <div class='ocr_carea' id='block_1_7' title="bbox 134 683 1681 750">
    <p class='ocr_par' dir='ltr' id='par_1_7' title="bbox 134 683 1681 750">
     <span class='ocr_line' id='line_1_7' title="bbox 134 683 1681 750; baseline 0.001 -18"><span class='ocrx_word' id='word_1_34' title='bbox 134 684 337 733; x_wconf 81' lang='grc' dir='ltr'><em>σὰντων</em></span> <span class='ocrx_word' id='word_1_35' title='bbox 390 685 559 748; x_wconf 78' lang='grc' dir='ltr'><em>αὐτὴν</em></span> <span class='ocrx_word' id='word_1_36' title='bbox 594 684 859 750; x_wconf 72' lang='grc' dir='ltr'><em>ἀγγέλων,</em></span> <span class='ocrx_word' id='word_1_37' title='bbox 891 683 985 736; x_wconf 71' lang='grc' dir='ltr'><strong>καὶ</strong></span> <span class='ocrx_word' id='word_1_38' title='bbox 1023 685 1123 736; x_wconf 87' lang='grc' dir='ltr'><strong>ὅσα</strong></span> <span class='ocrx_word' id='word_1_39' title='bbox 1160 685 1341 746; x_wconf 80' lang='grc' dir='ltr'><em>αὐτοῖς</em></span> <span class='ocrx_word' id='word_1_40' title='bbox 1370 685 1681 736; x_wconf 79' lang='grc' dir='ltr'><em>ἀπόκειται.</em></span> 
     </span>
    </p>
   </div>
   <div class='ocr_carea' id='block_1_8' title="bbox 130 774 1691 845">
    <p class='ocr_par' dir='ltr' id='par_1_8' title="bbox 130 774 1691 845">
     <span class='ocr_line' id='line_1_8' title="bbox 130 774 1691 845; baseline 0 -18"><span class='ocrx_word' id='word_1_41' title='bbox 130 775 206 827; x_wconf 81' lang='grc' dir='ltr'><strong>1Δ¹</strong></span> <span class='ocrx_word' id='word_1_42' title='bbox 234 774 316 837; x_wconf 81' lang='grc' dir='ltr'><em>τίς</em></span> <span class='ocrx_word' id='word_1_43' title='bbox 344 776 374 825; x_wconf 83' lang='grc' dir='ltr'>ὀ</span> <span class='ocrx_word' id='word_1_44' title='bbox 409 776 515 827; x_wconf 85' lang='grc' dir='ltr'><strong>ἀπὸ</strong></span> <span class='ocrx_word' id='word_1_45' title='bbox 574 774 674 843; x_wconf 84' lang='grc' dir='ltr'><em>τῆς</em></span> <span class='ocrx_word' id='word_1_46' title='bbox 729 776 929 844; x_wconf 81' lang='grc' dir='ltr'><em>σαρκὸς</em></span> <span class='ocrx_word' id='word_1_47' title='bbox 962 775 1330 844; x_wconf 83' lang='grc' dir='ltr'><em>ἐσπιλωμένος</em></span> <span class='ocrx_word' id='word_1_48' title='bbox 1402 775 1588 845; x_wconf 83' lang='grc' dir='ltr'><em>χιτών.</em></span> <span class='ocrx_word' id='word_1_49' title='bbox 1626 774 1691 828; x_wconf 88' lang='lat' dir='ltr'><strong>IB</strong></span> 
     </span>
    </p>
   </div>
   <div class='ocr_carea' id='block_1_9' title="bbox 126 865 1695 934">
    <p class='ocr_par' dir='ltr' id='par_1_9' title="bbox 126 865 1695 934">
     <span class='ocr_line' id='line_1_9' title="bbox 126 865 1695 934; baseline 0.002 -18"><span class='ocrx_word' id='word_1_50' title='bbox 126 865 325 928; x_wconf 75' lang='grc' dir='ltr'><em>τίέστι,</em></span> <span class='ocrx_word' id='word_1_51' title='bbox 360 866 437 919; x_wconf 82' lang='grc' dir='ltr'><em>Τὰ</em></span> <span class='ocrx_word' id='word_1_52' title='bbox 496 868 602 934; x_wconf 68' lang='grc' dir='ltr'><strong>γύρ</strong></span> <span class='ocrx_word' id='word_1_53' title='bbox 638 867 859 932; x_wconf 81' lang='grc' dir='ltr'><strong>ἀόρατα</strong></span> <span class='ocrx_word' id='word_1_54' title='bbox 888 867 1073 919; x_wconf 86' lang='grc' dir='ltr'><em>αὐτοῦ</em></span> <span class='ocrx_word' id='word_1_55' title='bbox 1111 867 1230 920; x_wconf 81' lang='grc' dir='ltr'><strong>ἀπὸ</strong></span> <span class='ocrx_word' id='word_1_56' title='bbox 1296 868 1546 931; x_wconf 81' lang='grc' dir='ltr'><strong>κτίσεως</strong></span> <span class='ocrx_word' id='word_1_57' title='bbox 1595 868 1695 919; x_wconf 82' lang='grc' dir='ltr'><strong>κό-</strong></span> 
     </span>
    </p>
   </div>
   <div class='ocr_carea' id='block_1_10' title="bbox 127 956 1689 1025">
    <p class='ocr_par' dir='ltr' id='par_1_10' title="bbox 127 956 1689 1025">
     <span class='ocr_line' id='line_1_10' title="bbox 127 956 1689 1025; baseline 0.002 -19"><span class='ocrx_word' id='word_1_58' title='bbox 127 968 275 1022; x_wconf 88' lang='grc' dir='ltr'><em>σμου</em></span> <span class='ocrx_word' id='word_1_59' title='bbox 298 956 429 1020; x_wconf 88' lang='grc' dir='ltr'><em>τοῖς</em></span> <span class='ocrx_word' id='word_1_60' title='bbox 456 956 745 1025; x_wconf 78' lang='grc' dir='ltr'><em>ποιήμασι</em></span> <span class='ocrx_word' id='word_1_61' title='bbox 774 958 819 987; x_wconf 86' lang='grc'><strong>⁸³</strong></span> <span class='ocrx_word' id='word_1_62' title='bbox 850 959 1143 1025; x_wconf 79' lang='grc' dir='ltr'><strong>νοούμενα</strong></span> <span class='ocrx_word' id='word_1_63' title='bbox 1164 957 1501 1025; x_wconf 81' lang='grc' dir='ltr'><em>καθορᾶται.</em></span> <span class='ocrx_word' id='word_1_64' title='bbox 1538 958 1613 1010; x_wconf 82' lang='grc' dir='ltr'><strong>1Γ¹</strong></span> <span class='ocrx_word' id='word_1_65' title='bbox 1638 957 1689 1010; x_wconf 86' lang='grc' dir='ltr'><em>τί</em></span> 
     </span>
    </p>
   </div>
   <div class='ocr_carea' id='block_1_11' title="bbox 130 1045 1694 1117">
    <p class='ocr_par' dir='ltr' id='par_1_11' title="bbox 130 1045 1694 1117">
     <span class='ocr_line' id='line_1_11' title="bbox 130 1045 1694 1117; baseline 0.002 -20"><span class='ocrx_word' id='word_1_66' title='bbox 130 1048 254 1108; x_wconf 82' lang='grc' dir='ltr'><em>ἐστι,</em></span> <span class='ocrx_word' id='word_1_67' title='bbox 290 1045 406 1098; x_wconf 78' lang='grc' dir='ltr'><strong>Καὶ</strong></span> <span class='ocrx_word' id='word_1_68' title='bbox 438 1045 811 1113; x_wconf 72' lang='grc' dir='ltr'><strong>ἐλάτρευσαν</strong></span> <span class='ocrx_word' id='word_1_69' title='bbox 859 1047 933 1117; x_wconf 77' lang='grc' dir='ltr'><em>τῇ</em></span> <span class='ocrx_word' id='word_1_70' title='bbox 962 1050 1161 1101; x_wconf 80' lang='grc' dir='ltr'><strong>κτίσει</strong></span> <span class='ocrx_word' id='word_1_71' title='bbox 1212 1049 1371 1115; x_wconf 84' lang='grc' dir='ltr'><em>παρὰ</em></span> <span class='ocrx_word' id='word_1_72' title='bbox 1423 1049 1528 1102; x_wconf 83' lang='grc' dir='ltr'><em>τὸν</em></span> <span class='ocrx_word' id='word_1_73' title='bbox 1560 1049 1694 1101; x_wconf 81' lang='grc' dir='ltr'><strong>Κτί-</strong></span> 
     </span>
    </p>
   </div>
   <div class='ocr_carea' id='block_1_12' title="bbox 131 1136 1696 1211">
    <p class='ocr_par' dir='ltr' id='par_1_12' title="bbox 131 1136 1696 1211">
     <span class='ocr_line' id='line_1_12' title="bbox 131 1136 1696 1211; baseline 0.003 -22"><span class='ocrx_word' id='word_1_74' title='bbox 131 1154 336 1193; x_wconf 74' lang='grc' dir='ltr'><em>σαντα.</em></span> <span class='ocrx_word' id='word_1_75' title='bbox 384 1136 461 1191; x_wconf 82' lang='lat' dir='ltr'><strong>IA&#39;</strong></span> <span class='ocrx_word' id='word_1_76' title='bbox 490 1141 617 1208; x_wconf 77' lang='grc' dir='ltr'><em>περὶ</em></span> <span class='ocrx_word' id='word_1_77' title='bbox 671 1140 799 1204; x_wconf 81' lang='grc' dir='ltr'><em>τοῦ,</em></span> <span class='ocrx_word' id='word_1_78' title='bbox 832 1140 906 1195; x_wconf 84' lang='grc' dir='ltr'><strong>Τὸ</strong></span> <span class='ocrx_word' id='word_1_79' title='bbox 948 1143 1055 1211; x_wconf 76' lang='grc' dir='ltr'><em>γὰρ</em></span> <span class='ocrx_word' id='word_1_80' title='bbox 1092 1143 1393 1210; x_wconf 70' lang='grc' dir='ltr'><em>ἄφθαρτον</em></span> <span class='ocrx_word' id='word_1_81' title='bbox 1461 1140 1696 1209; x_wconf 80' lang='grc' dir='ltr'><em>πνεῦμὰ</em></span> 
     </span>
    </p>
   </div>
   <div class='ocr_carea' id='block_1_13' title="bbox 132 1229 1699 1302">
    <p class='ocr_par' dir='ltr' id='par_1_13' title="bbox 132 1229 1699 1302">
     <span class='ocr_line' id='line_1_13' title="bbox 132 1229 1699 1302; baseline 0.003 -23"><span class='ocrx_word' id='word_1_82' title='bbox 132 1229 236 1280; x_wconf 87' lang='grc' dir='ltr'><strong>σού</strong></span> <span class='ocrx_word' id='word_1_83' title='bbox 287 1230 464 1281; x_wconf 81' lang='grc' dir='ltr'><em>ἐστιν</em></span> <span class='ocrx_word' id='word_1_84' title='bbox 484 1230 552 1280; x_wconf 86' lang='grc' dir='ltr'><em>ἐν</em></span> <span class='ocrx_word' id='word_1_85' title='bbox 574 1229 743 1284; x_wconf 81' lang='grc' dir='ltr'><em>πᾶσι.</em></span> <span class='ocrx_word' id='word_1_86' title='bbox 772 1230 853 1283; x_wconf 82' lang='lat' dir='ltr'><strong>IE&#39;</strong></span> <span class='ocrx_word' id='word_1_87' title='bbox 886 1234 1014 1302; x_wconf 78' lang='grc' dir='ltr'><em>περὶ</em></span> <span class='ocrx_word' id='word_1_88' title='bbox 1051 1233 1146 1284; x_wconf 79' lang='grc' dir='ltr'><strong>τοῦ</strong></span> <span class='ocrx_word' id='word_1_89' title='bbox 1170 1234 1228 1285; x_wconf 89' lang='grc' dir='ltr'><strong>ἐν</strong></span> <span class='ocrx_word' id='word_1_90' title='bbox 1263 1235 1325 1301; x_wconf 81' lang='grc' dir='ltr'><em>τῇ</em></span> <span class='ocrx_word' id='word_1_91' title='bbox 1361 1232 1553 1301; x_wconf 81' lang='grc' dir='ltr'><em>ἐρήμῳ</em></span> <span class='ocrx_word' id='word_1_92' title='bbox 1590 1250 1699 1300; x_wconf 81' lang='grc' dir='ltr'><strong>χω-</strong></span> 
     </span>
    </p>
   </div>
   <div class='ocr_carea' id='block_1_14' title="bbox 133 1319 1697 1393">
    <p class='ocr_par' dir='ltr' id='par_1_14' title="bbox 133 1319 1697 1393">
     <span class='ocr_line' id='line_1_14' title="bbox 133 1319 1697 1393; baseline 0.004 -24"><span class='ocrx_word' id='word_1_93' title='bbox 133 1319 406 1380; x_wconf 80' lang='grc' dir='ltr'><em>νευθέντος</em></span> <span class='ocrx_word' id='word_1_94' title='bbox 462 1322 681 1389; x_wconf 84' lang='grc' dir='ltr'><strong>μόσχου.</strong></span> <span class='ocrx_word' id='word_1_95' title='bbox 718 1323 812 1390; x_wconf 69' lang='grc' dir='ltr'><strong>κῖ</strong></span> <span class='ocrx_word' id='word_1_96' title='bbox 865 1324 989 1393; x_wconf 84' lang='grc' dir='ltr'><em>περὶ</em></span> <span class='ocrx_word' id='word_1_97' title='bbox 1040 1324 1133 1376; x_wconf 82' lang='grc' dir='ltr'><strong>τοῦ</strong></span> <span class='ocrx_word' id='word_1_98' title='bbox 1158 1325 1391 1391; x_wconf 78' lang='grc' dir='ltr'><strong>ἀγγέλου</strong></span> <span class='ocrx_word' id='word_1_99' title='bbox 1420 1324 1513 1377; x_wconf 81' lang='grc' dir='ltr'><strong>τοῦ</strong></span> <span class='ocrx_word' id='word_1_100' title='bbox 1544 1326 1697 1376; x_wconf 82' lang='grc' dir='ltr'><em>ἀπει-</em></span> 
     </span>
    </p>
   </div>
   <div class='ocr_carea' id='block_1_15' title="bbox 134 1408 1695 1484">
    <p class='ocr_par' dir='ltr' id='par_1_15' title="bbox 134 1408 1695 1484">
     <span class='ocr_line' id='line_1_15' title="bbox 134 1408 1695 1484; baseline 0.006 -26"><span class='ocrx_word' id='word_1_101' title='bbox 134 1408 390 1476; x_wconf 69' lang='grc' dir='ltr'><em>λήσαντος</em></span> <span class='ocrx_word' id='word_1_102' title='bbox 434 1410 660 1464; x_wconf 82' lang='grc' dir='ltr'><em>Θάνατον</em></span> <span class='ocrx_word' id='word_1_103' title='bbox 689 1414 767 1483; x_wconf 81' lang='grc' dir='ltr'><em>τῷ</em></span> <span class='ocrx_word' id='word_1_104' title='bbox 799 1415 986 1466; x_wconf 85' lang='grc' dir='ltr'><strong>Μωσεῖ</strong></span> <span class='ocrx_word' id='word_1_105' title='bbox 1030 1417 1087 1468; x_wconf 93' lang='grc' dir='ltr'><strong>ἐν</strong></span> <span class='ocrx_word' id='word_1_106' title='bbox 1120 1418 1186 1484; x_wconf 82' lang='grc' dir='ltr'><em>τῆ</em></span> <span class='ocrx_word' id='word_1_107' title='bbox 1241 1414 1345 1483; x_wconf 84' lang='grc' dir='ltr'><strong>ὁδῷ</strong></span> <span class='ocrx_word' id='word_1_108' title='bbox 1404 1415 1695 1480; x_wconf 77' lang='grc' dir='ltr'><strong>Αἰγύπτου.</strong></span> 
     </span>
    </p>
   </div>
   <div class='ocr_carea' id='block_1_16' title="bbox 139 1501 1701 1577">
    <p class='ocr_par' dir='ltr' id='par_1_16' title="bbox 139 1501 1701 1577">
     <span class='ocr_line' id='line_1_16' title="bbox 139 1501 1701 1577; baseline 0.005 -28"><span class='ocrx_word' id='word_1_109' title='bbox 139 1501 206 1550; x_wconf 91' lang='lat' dir='ltr'><strong>IZ&#39;</strong></span> <span class='ocrx_word' id='word_1_110' title='bbox 234 1502 365 1571; x_wconf 73' lang='grc' dir='ltr'><strong>περῖ⁵</strong></span> <span class='ocrx_word' id='word_1_111' title='bbox 396 1501 514 1563; x_wconf 80' lang='grc' dir='ltr'><em>τοῦ,</em></span> <span class='ocrx_word' id='word_1_112' title='bbox 543 1503 591 1554; x_wconf 79' lang='lat' dir='ltr'><strong>ei</strong></span> <span class='ocrx_word' id='word_1_113' title='bbox 644 1504 692 1554; x_wconf 81' lang='lat' dir='ltr'><strong>oi</strong></span> <span class='ocrx_word' id='word_1_114' title='bbox 747 1505 967 1573; x_wconf 74' lang='grc' dir='ltr'><em>ποιηταὶ</em></span> <span class='ocrx_word' id='word_1_115' title='bbox 1008 1505 1103 1558; x_wconf 85' lang='grc' dir='ltr'><em>τοῦ</em></span> <span class='ocrx_word' id='word_1_116' title='bbox 1130 1507 1292 1575; x_wconf 84' lang='grc' dir='ltr'><em>νόμου</em></span> <span class='ocrx_word' id='word_1_117' title='bbox 1317 1506 1701 1577; x_wconf 68' lang='grc' dir='ltr'><strong>δικαιωθήσονς</strong></span> 
     </span>
    </p>
   </div>
   <div class='ocr_carea' id='block_1_17' title="bbox 136 1590 1701 1669">
    <p class='ocr_par' dir='ltr' id='par_1_17' title="bbox 136 1590 1701 1669">
     <span class='ocr_line' id='line_1_17' title="bbox 136 1590 1701 1669; baseline 0.006 -28"><span class='ocrx_word' id='word_1_118' title='bbox 136 1609 243 1654; x_wconf 82' lang='grc' dir='ltr'><em>ται,</em></span> <span class='ocrx_word' id='word_1_119' title='bbox 285 1590 406 1653; x_wconf 81' lang='grc' dir='ltr'><em>πῶς</em></span> <span class='ocrx_word' id='word_1_120' title='bbox 458 1594 505 1645; x_wconf 75' lang='grc' dir='ltr'><strong>οἱ</strong></span> <span class='ocrx_word' id='word_1_121' title='bbox 558 1594 632 1647; x_wconf 85' lang='grc' dir='ltr'><em>Εν</em></span> <span class='ocrx_word' id='word_1_122' title='bbox 690 1594 839 1664; x_wconf 86' lang='grc' dir='ltr'><em>νόμῳ</em></span> <span class='ocrx_word' id='word_1_123' title='bbox 888 1597 1253 1667; x_wconf 76' lang='grc' dir='ltr'><strong>δικαιούμενοι</strong></span> <span class='ocrx_word' id='word_1_124' title='bbox 1311 1600 1410 1667; x_wconf 81' lang='grc' dir='ltr'><em>τῆς</em></span> <span class='ocrx_word' id='word_1_125' title='bbox 1480 1601 1701 1669; x_wconf 80' lang='grc' dir='ltr'><em>χάριτος</em></span> 
     </span>
    </p>
   </div>
   <div class='ocr_carea' id='block_1_18' title="bbox 138 1684 1701 1758">
    <p class='ocr_par' dir='ltr' id='par_1_18' title="bbox 138 1684 1701 1758">
     <span class='ocr_line' id='line_1_18' title="bbox 138 1684 1701 1758; baseline 0.006 -24"><span class='ocrx_word' id='word_1_126' title='bbox 138 1684 674 1757; x_wconf 80' lang='grc' dir='ltr'><strong>ἐκπίπτουσιν;[500</strong></span> <span class='ocrx_word' id='word_1_127' title='bbox 730 1686 820 1758; x_wconf 81' lang='lat' dir='ltr'><strong>R.]</strong></span> <span class='ocrx_word' id='word_1_128' title='bbox 866 1687 951 1741; x_wconf 79' lang='lat' dir='ltr'><strong>lll&#39;</strong></span> <span class='ocrx_word' id='word_1_129' title='bbox 998 1688 1051 1741; x_wconf 83' lang='grc' dir='ltr'><em>τί</em></span> <span class='ocrx_word' id='word_1_130' title='bbox 1106 1690 1286 1755; x_wconf 80' lang='grc' dir='ltr'><em>ἐστιν,</em></span> <span class='ocrx_word' id='word_1_131' title='bbox 1343 1690 1510 1744; x_wconf 87' lang='grc' dir='ltr'><strong>Ὅσοι</strong></span> <span class='ocrx_word' id='word_1_132' title='bbox 1559 1692 1701 1743; x_wconf 78' lang='grc' dir='ltr'><strong>ἀνό-</strong></span> 
     </span>
    </p>
   </div>
   <div class='ocr_carea' id='block_1_19' title="bbox 137 1774 1704 1845">
    <p class='ocr_par' dir='ltr' id='par_1_19' title="bbox 137 1774 1704 1845">
     <span class='ocr_line' id='line_1_19' title="bbox 137 1774 1704 1845; baseline 0.003 -19"><span class='ocrx_word' id='word_1_133' title='bbox 137 1792 252 1841; x_wconf 83' lang='grc' dir='ltr'><strong>μως</strong></span> <span class='ocrx_word' id='word_1_134' title='bbox 268 1774 557 1841; x_wconf 78' lang='grc' dir='ltr'><em>ἥμαρτον,</em></span> <span class='ocrx_word' id='word_1_135' title='bbox 590 1776 824 1845; x_wconf 84' lang='grc' dir='ltr'><em>ἀνόμως</em></span> <span class='ocrx_word' id='word_1_136' title='bbox 847 1779 942 1831; x_wconf 80' lang='grc' dir='ltr'><strong>καὶ</strong></span> <span class='ocrx_word' id='word_1_137' title='bbox 960 1778 1347 1833; x_wconf 77' lang='grc' dir='ltr'><em>ἀπολοῦνται.</em></span> <span class='ocrx_word' id='word_1_138' title='bbox 1371 1780 1447 1832; x_wconf 82' lang='grc' dir='ltr'><strong>ΙΘ¹</strong></span> <span class='ocrx_word' id='word_1_139' title='bbox 1476 1779 1529 1831; x_wconf 86' lang='grc' dir='ltr'><strong>τι</strong></span> <span class='ocrx_word' id='word_1_140' title='bbox 1558 1782 1704 1831; x_wconf 87' lang='grc' dir='ltr'><em>ἐστιν</em></span> 
     </span>
    </p>
   </div>
   <div class='ocr_carea' id='block_1_20' title="bbox 141 1864 1705 1940">
    <p class='ocr_par' dir='ltr' id='par_1_20' title="bbox 141 1864 1705 1940">
     <span class='ocr_line' id='line_1_20' title="bbox 141 1864 1705 1940; baseline 0.005 -25"><span class='ocrx_word' id='word_1_141' title='bbox 141 1864 531 1934; x_wconf 79' lang='grc' dir='ltr'><strong>ὴξηρανθεῖσα</strong></span> <span class='ocrx_word' id='word_1_142' title='bbox 580 1870 637 1919; x_wconf 85' lang='grc' dir='ltr'><strong>ἐν</strong></span> <span class='ocrx_word' id='word_1_143' title='bbox 699 1867 776 1937; x_wconf 84' lang='grc' dir='ltr'><em>τῷ</em></span> <span class='ocrx_word' id='word_1_144' title='bbox 842 1869 1155 1940; x_wconf 80' lang='grc' dir='ltr'><em>Εὑαγγελίῳ</em></span> <span class='ocrx_word' id='word_1_145' title='bbox 1234 1871 1395 1939; x_wconf 80' lang='grc' dir='ltr'>συκῆ,</span> <span class='ocrx_word' id='word_1_146' title='bbox 1462 1872 1559 1923; x_wconf 77' lang='grc' dir='ltr'><strong>καὶ</strong></span> <span class='ocrx_word' id='word_1_147' title='bbox 1606 1871 1705 1923; x_wconf 80' lang='grc' dir='ltr'><strong>ὅσα</strong></span> 
     </span>
    </p>
   </div>
   <div class='ocr_carea' id='block_1_21' title="bbox 1801 589 3360 663">
    <p class='ocr_par' dir='ltr' id='par_1_21' title="bbox 1801 589 3360 663">
     <span class='ocr_line' id='line_1_21' title="bbox 1801 589 3360 663; baseline 0.002 -16"><span class='ocrx_word' id='word_1_148' title='bbox 1801 592 1907 647; x_wconf 88' lang='lat' dir='ltr'><strong>illis</strong></span> <span class='ocrx_word' id='word_1_149' title='bbox 1952 601 2301 647; x_wconf 72' lang='lat' dir='ltr'><strong>reservantur</strong></span> <span class='ocrx_word' id='word_1_150' title='bbox 2340 589 2382 644; x_wconf 72' lang='grc' dir='ltr'><em>ι.</em></span> <span class='ocrx_word' id='word_1_151' title='bbox 2442 590 2537 643; x_wconf 85' lang='lat' dir='ltr'><strong>XI.</strong></span> <span class='ocrx_word' id='word_1_152' title='bbox 2578 590 2710 655; x_wconf 73' lang='lat' dir='ltr'><strong>Quae</strong></span> <span class='ocrx_word' id='word_1_153' title='bbox 2751 591 2822 645; x_wconf 88' lang='lat' dir='ltr'><strong>sit</strong></span> <span class='ocrx_word' id='word_1_154' title='bbox 2872 591 2961 646; x_wconf 91' lang='lat' dir='ltr'><strong>illa</strong></span> <span class='ocrx_word' id='word_1_155' title='bbox 3013 608 3109 663; x_wconf 87' lang='lat' dir='ltr'><strong>per</strong></span> <span class='ocrx_word' id='word_1_156' title='bbox 3138 609 3360 651; x_wconf 90' lang='lat' dir='ltr'><strong>carnem</strong></span> 
     </span>
    </p>
   </div>
   <div class='ocr_carea' id='block_1_22' title="bbox 1799 681 3363 748">
    <p class='ocr_par' dir='ltr' id='par_1_22' title="bbox 1799 681 3363 748">
     <span class='ocr_line' id='line_1_22' title="bbox 1799 681 3363 748; baseline 0.001 -10"><span class='ocrx_word' id='word_1_157' title='bbox 1799 683 2188 738; x_wconf 84' lang='lat' dir='ltr'><strong>oommaculats</strong></span> <span class='ocrx_word' id='word_1_158' title='bbox 2221 684 2400 736; x_wconf 83' lang='lat' dir='ltr'><strong>tunica</strong></span> <span class='ocrx_word' id='word_1_159' title='bbox 2436 693 2497 735; x_wconf 73' lang='grc' dir='ltr'><strong>ιι.</strong></span> <span class='ocrx_word' id='word_1_160' title='bbox 2535 681 2650 736; x_wconf 89' lang='lat' dir='ltr'><strong>XII.</strong></span> <span class='ocrx_word' id='word_1_161' title='bbox 2686 682 2824 748; x_wconf 89' lang='lat' dir='ltr'><strong>Quid</strong></span> <span class='ocrx_word' id='word_1_162' title='bbox 2863 682 2988 736; x_wconf 89' lang='lat' dir='ltr'><strong>illud</strong></span> <span class='ocrx_word' id='word_1_163' title='bbox 3020 703 3034 737; x_wconf 90' lang='lat'><strong>:</strong></span> <span class='ocrx_word' id='word_1_164' title='bbox 3071 683 3363 740; x_wconf 76' lang='lat' dir='ltr'><strong>Inuisibilia</strong></span> 
     </span>
    </p>
   </div>
   <div class='ocr_carea' id='block_1_23' title="bbox 1800 772 3365 842">
    <p class='ocr_par' dir='ltr' id='par_1_23' title="bbox 1800 772 3365 842">
     <span class='ocr_line' id='line_1_23' title="bbox 1800 772 3365 842; baseline 0.001 -14"><span class='ocrx_word' id='word_1_165' title='bbox 1800 777 1937 829; x_wconf 89' lang='lat' dir='ltr'><strong>enim</strong></span> <span class='ocrx_word' id='word_1_166' title='bbox 1994 775 2159 842; x_wconf 88' lang='lat' dir='ltr'><strong>ipsius</strong></span> <span class='ocrx_word' id='word_1_167' title='bbox 2203 790 2237 826; x_wconf 90' lang='lat' dir='ltr'><strong>a</strong></span> <span class='ocrx_word' id='word_1_168' title='bbox 2275 784 2521 827; x_wconf 86' lang='lat' dir='ltr'><strong>creatura</strong></span> <span class='ocrx_word' id='word_1_169' title='bbox 2574 772 2776 834; x_wconf 86' lang='lat' dir='ltr'><strong>mundi,</strong></span> <span class='ocrx_word' id='word_1_170' title='bbox 2822 788 2914 839; x_wconf 86' lang='lat' dir='ltr'><strong>per</strong></span> <span class='ocrx_word' id='word_1_171' title='bbox 2934 789 2994 825; x_wconf 90' lang='lat' dir='ltr'><strong>ea</strong></span> <span class='ocrx_word' id='word_1_172' title='bbox 3029 790 3145 842; x_wconf 75' lang='lat' dir='ltr'><strong>qua:</strong></span> <span class='ocrx_word' id='word_1_173' title='bbox 3186 785 3365 830; x_wconf 87' lang='lat' dir='ltr'><strong>creata</strong></span> 
     </span>
    </p>
   </div>
   <div class='ocr_carea' id='block_1_24' title="bbox 1804 862 3363 932">
    <p class='ocr_par' dir='ltr' id='par_1_24' title="bbox 1804 862 3363 932">
     <span class='ocr_line' id='line_1_24' title="bbox 1804 862 3363 932; baseline 0 -13"><span class='ocrx_word' id='word_1_174' title='bbox 1804 875 1927 920; x_wconf 87' lang='lat' dir='ltr'><strong>sunt</strong></span> <span class='ocrx_word' id='word_1_175' title='bbox 1993 866 2261 918; x_wconf 87' lang='lat' dir='ltr'><strong>intellecta</strong></span> <span class='ocrx_word' id='word_1_176' title='bbox 2309 864 2704 932; x_wconf 88' lang='lat' dir='ltr'><strong>conspiciuntur</strong></span> <span class='ocrx_word' id='word_1_177' title='bbox 2750 872 2798 917; x_wconf 76' lang='grc' dir='ltr'><em>ι’.</em></span> <span class='ocrx_word' id='word_1_178' title='bbox 2854 862 2991 919; x_wconf 88' lang='lat' dir='ltr'><strong>XIII.</strong></span> <span class='ocrx_word' id='word_1_179' title='bbox 3044 864 3180 931; x_wconf 88' lang='lat' dir='ltr'><strong>Quid</strong></span> <span class='ocrx_word' id='word_1_180' title='bbox 3236 867 3363 919; x_wconf 90' lang='lat' dir='ltr'><strong>illud</strong></span> 
     </span>
    </p>
   </div>
   <div class='ocr_carea' id='block_1_25' title="bbox 1799 954 3362 1024">
    <p class='ocr_par' dir='ltr' id='par_1_25' title="bbox 1799 954 3362 1024">
     <span class='ocr_line' id='line_1_25' title="bbox 1799 954 3362 1024; baseline 0 -15"><span class='ocrx_word' id='word_1_181' title='bbox 1799 958 1997 1011; x_wconf 82' lang='lat' dir='ltr'><strong>ibidem</strong></span> <span class='ocrx_word' id='word_1_182' title='bbox 2036 974 2052 1011; x_wconf 89' lang='lat'><strong>:</strong></span> <span class='ocrx_word' id='word_1_183' title='bbox 2095 954 2384 1011; x_wconf 85' lang='lat' dir='ltr'><strong>Coluerunt</strong></span> <span class='ocrx_word' id='word_1_184' title='bbox 2424 963 2474 1008; x_wconf 90' lang='lat' dir='ltr'><strong>et</strong></span> <span class='ocrx_word' id='word_1_185' title='bbox 2512 956 2719 1009; x_wconf 79' lang='lat' dir='ltr'><strong>servien</strong></span> <span class='ocrx_word' id='word_1_186' title='bbox 2744 965 2792 1007; x_wconf 89' lang='lat' dir='ltr'><strong>nt</strong></span> <span class='ocrx_word' id='word_1_187' title='bbox 2854 966 3111 1009; x_wconf 74' lang='lat' dir='ltr'><strong>creatum</strong></span> <span class='ocrx_word' id='word_1_188' title='bbox 3171 958 3362 1024; x_wconf 90' lang='lat' dir='ltr'><strong>potius,</strong></span> 
     </span>
    </p>
   </div>
   <div class='ocr_carea' id='block_1_26' title="bbox 1794 1044 3367 1117">
    <p class='ocr_par' dir='ltr' id='par_1_26' title="bbox 1794 1044 3367 1117">
     <span class='ocr_line' id='line_1_26' title="bbox 1794 1044 3367 1117; baseline -0.001 -17"><span class='ocrx_word' id='word_1_189' title='bbox 1794 1063 1950 1117; x_wconf 80' lang='lat' dir='ltr'><strong>quam</strong></span> <span class='ocrx_word' id='word_1_190' title='bbox 1997 1046 2237 1102; x_wconf 74' lang='lat' dir='ltr'><strong>Creatori</strong></span> <span class='ocrx_word' id='word_1_191' title='bbox 2254 1054 2357 1099; x_wconf 82' lang='lat' dir='ltr'><strong>°&#39;P.</strong></span> <span class='ocrx_word' id='word_1_192' title='bbox 2392 1044 2533 1100; x_wconf 83' lang='lat' dir='ltr'><strong>XIV.</strong></span> <span class='ocrx_word' id='word_1_193' title='bbox 2592 1046 2665 1100; x_wconf 86' lang='lat' dir='ltr'><strong>De</strong></span> <span class='ocrx_word' id='word_1_194' title='bbox 2693 1046 2777 1097; x_wconf 47' lang='lat' dir='ltr'><strong>ita</strong></span> <span class='ocrx_word' id='word_1_195' title='bbox 2826 1064 2838 1097; x_wconf 87' lang='lat'><strong>:</strong></span> <span class='ocrx_word' id='word_1_196' title='bbox 2873 1046 3013 1099; x_wconf 87' lang='lat' dir='ltr'><strong>Nam</strong></span> <span class='ocrx_word' id='word_1_197' title='bbox 3051 1048 3367 1114; x_wconf 79' lang='lat' dir='ltr'><strong>incorrupti-</strong></span> 
     </span>
    </p>
   </div>
   <div class='ocr_carea' id='block_1_27' title="bbox 1798 1136 3367 1207">
    <p class='ocr_par' dir='ltr' id='par_1_27' title="bbox 1798 1136 3367 1207">
     <span class='ocr_line' id='line_1_27' title="bbox 1798 1136 3367 1207; baseline 0.001 -18"><span class='ocrx_word' id='word_1_198' title='bbox 1798 1138 1915 1191; x_wconf 85' lang='lat' dir='ltr'><strong>bilis</strong></span> <span class='ocrx_word' id='word_1_199' title='bbox 1975 1138 2195 1207; x_wconf 89' lang='lat' dir='ltr'><strong>spiritus</strong></span> <span class='ocrx_word' id='word_1_200' title='bbox 2249 1150 2369 1191; x_wconf 90' lang='lat' dir='ltr'><strong>tuus</strong></span> <span class='ocrx_word' id='word_1_201' title='bbox 2411 1146 2487 1191; x_wconf 89' lang='lat' dir='ltr'><strong>est</strong></span> <span class='ocrx_word' id='word_1_202' title='bbox 2542 1138 2596 1189; x_wconf 88' lang='lat' dir='ltr'><strong>in</strong></span> <span class='ocrx_word' id='word_1_203' title='bbox 2644 1136 2756 1205; x_wconf 77' lang='lat'><strong>(33)</strong></span> <span class='ocrx_word' id='word_1_204' title='bbox 2804 1138 3059 1190; x_wconf 80' lang='lat' dir='ltr'><strong>omnibus.</strong></span> <span class='ocrx_word' id='word_1_205' title='bbox 3115 1138 3227 1191; x_wconf 91' lang='lat' dir='ltr'><strong>XV.</strong></span> <span class='ocrx_word' id='word_1_206' title='bbox 3296 1141 3367 1191; x_wconf 83' lang='lat' dir='ltr'><strong>De</strong></span> 
     </span>
    </p>
   </div>
   <div class='ocr_carea' id='block_1_28' title="bbox 1797 1226 3368 1297">
    <p class='ocr_par' dir='ltr' id='par_1_28' title="bbox 1797 1226 3368 1297">
     <span class='ocr_line' id='line_1_28' title="bbox 1797 1226 3368 1297; baseline -0.002 -15"><span class='ocrx_word' id='word_1_207' title='bbox 1797 1230 1968 1283; x_wconf 89' lang='lat' dir='ltr'><strong>vitulo</strong></span> <span class='ocrx_word' id='word_1_208' title='bbox 2001 1244 2161 1297; x_wconf 87' lang='lat' dir='ltr'><strong>quem</strong></span> <span class='ocrx_word' id='word_1_209' title='bbox 2195 1230 2247 1281; x_wconf 93' lang='lat' dir='ltr'><strong>in</strong></span> <span class='ocrx_word' id='word_1_210' title='bbox 2275 1230 2494 1283; x_wconf 84' lang='lat' dir='ltr'><strong>deserto</strong></span> <span class='ocrx_word' id='word_1_211' title='bbox 2524 1226 2949 1281; x_wconf 65' lang='lat' dir='ltr'><strong>tzonllaruntq-r.</strong></span> <span class='ocrx_word' id='word_1_212' title='bbox 2996 1227 3129 1280; x_wconf 93' lang='lat' dir='ltr'><strong>XVI.</strong></span> <span class='ocrx_word' id='word_1_213' title='bbox 3167 1228 3238 1282; x_wconf 85' lang='lat' dir='ltr'><strong>De</strong></span> <span class='ocrx_word' id='word_1_214' title='bbox 3269 1246 3368 1280; x_wconf 87' lang='lat' dir='ltr'><strong>au-</strong></span> 
     </span>
    </p>
   </div>
   <div class='ocr_carea' id='block_1_29' title="bbox 1800 1314 3367 1387">
    <p class='ocr_par' dir='ltr' id='par_1_29' title="bbox 1800 1314 3367 1387">
     <span class='ocr_line' id='line_1_29' title="bbox 1800 1314 3367 1387; baseline -0.001 -15"><span class='ocrx_word' id='word_1_215' title='bbox 1800 1319 1919 1387; x_wconf 75' lang='lat' dir='ltr'><strong>geIo</strong></span> <span class='ocrx_word' id='word_1_216' title='bbox 1969 1328 2199 1372; x_wconf 86' lang='lat' dir='ltr'><strong>mortem</strong></span> <span class='ocrx_word' id='word_1_217' title='bbox 2233 1317 2576 1370; x_wconf 73' lang='lat' dir='ltr'><strong>minitantem</strong></span> <span class='ocrx_word' id='word_1_218' title='bbox 2610 1314 2745 1369; x_wconf 78' lang='lat' dir='ltr'><strong>Mosi</strong></span> <span class='ocrx_word' id='word_1_219' title='bbox 2781 1317 2831 1368; x_wconf 92' lang='lat' dir='ltr'><strong>in</strong></span> <span class='ocrx_word' id='word_1_220' title='bbox 2862 1318 3051 1369; x_wconf 85' lang='lat' dir='ltr'><strong>itinere</strong></span> <span class='ocrx_word' id='word_1_221' title='bbox 3073 1316 3286 1386; x_wconf 49' lang='grc' dir='ltr'><em>ὧραι)ιί</em></span> <span class='ocrx_word' id='word_1_222' title='bbox 3320 1325 3367 1370; x_wconf 80' lang='grc'><em>³.</em></span> 
     </span>
    </p>
   </div>
   <div class='ocr_carea' id='block_1_30' title="bbox 1802 1407 3367 1477">
    <p class='ocr_par' dir='ltr' id='par_1_30' title="bbox 1802 1407 3367 1477">
     <span class='ocr_line' id='line_1_30' title="bbox 1802 1407 3367 1477; baseline -0.002 -12"><span class='ocrx_word' id='word_1_223' title='bbox 1802 1410 1963 1465; x_wconf 90' lang='lat' dir='ltr'><strong>XVII.</strong></span> <span class='ocrx_word' id='word_1_224' title='bbox 2018 1411 2092 1465; x_wconf 84' lang='lat' dir='ltr'><strong>De</strong></span> <span class='ocrx_word' id='word_1_225' title='bbox 2139 1411 2231 1464; x_wconf 90' lang='lat' dir='ltr'><strong>illo</strong></span> <span class='ocrx_word' id='word_1_226' title='bbox 2270 1428 2283 1462; x_wconf 93' lang='lat'>:</span> <span class='ocrx_word' id='word_1_227' title='bbox 2320 1408 2381 1464; x_wconf 87' lang='lat' dir='ltr'><strong>Si</strong></span> <span class='ocrx_word' id='word_1_228' title='bbox 2423 1410 2650 1477; x_wconf 83' lang='lat' dir='ltr'><strong>factores</strong></span> <span class='ocrx_word' id='word_1_229' title='bbox 2693 1409 2817 1477; x_wconf 81' lang='lat' dir='ltr'><strong>legis</strong></span> <span class='ocrx_word' id='word_1_230' title='bbox 2841 1407 3277 1476; x_wconf 77' lang='lat' dir='ltr'><strong>justiﬁcabuntur</strong></span> <span class='ocrx_word' id='word_1_231' title='bbox 3326 1413 3367 1462; x_wconf 69' lang='grc' dir='ltr'><em>ί.</em></span> 
     </span>
    </p>
   </div>
   <div class='ocr_carea' id='block_1_31' title="bbox 1802 1498 3366 1571">
    <p class='ocr_par' dir='ltr' id='par_1_31' title="bbox 1802 1498 3366 1571">
     <span class='ocr_line' id='line_1_31' title="bbox 1802 1498 3366 1571; baseline -0.003 -14"><span class='ocrx_word' id='word_1_232' title='bbox 1802 1504 2083 1570; x_wconf 79' lang='lat' dir='ltr'><strong>Quomodo</strong></span> <span class='ocrx_word' id='word_1_233' title='bbox 2117 1503 2207 1571; x_wconf 85' lang='lat' dir='ltr'><strong>qui</strong></span> <span class='ocrx_word' id='word_1_234' title='bbox 2248 1502 2365 1571; x_wconf 69' lang='lat'><strong>(34)</strong></span> <span class='ocrx_word' id='word_1_235' title='bbox 2418 1503 2470 1554; x_wconf 92' lang='lat' dir='ltr'><strong>in</strong></span> <span class='ocrx_word' id='word_1_236' title='bbox 2506 1502 2622 1571; x_wconf 74' lang='lat' dir='ltr'><strong>lege</strong></span> <span class='ocrx_word' id='word_1_237' title='bbox 2651 1498 3036 1568; x_wconf 82' lang='lat' dir='ltr'><strong>justiﬁcantur,</strong></span> <span class='ocrx_word' id='word_1_238' title='bbox 3069 1501 3239 1569; x_wconf 77' lang='lat' dir='ltr'><strong>gratia</strong></span> <span class='ocrx_word' id='word_1_239' title='bbox 3268 1514 3366 1553; x_wconf 80' lang='lat' dir='ltr'><strong>ex-</strong></span> 
     </span>
    </p>
   </div>
   <div class='ocr_carea' id='block_1_32' title="bbox 1803 1591 3369 1659">
    <p class='ocr_par' dir='ltr' id='par_1_32' title="bbox 1803 1591 3369 1659">
     <span class='ocr_line' id='line_1_32' title="bbox 1803 1591 3369 1659; baseline -0.004 -9"><span class='ocrx_word' id='word_1_240' title='bbox 1803 1596 2009 1650; x_wconf 88' lang='lat' dir='ltr'><strong>cidunt.</strong></span> <span class='ocrx_word' id='word_1_241' title='bbox 2045 1592 2233 1648; x_wconf 81' lang='lat' dir='ltr'><strong>XVIII.</strong></span> <span class='ocrx_word' id='word_1_242' title='bbox 2286 1594 2421 1659; x_wconf 87' lang='lat' dir='ltr'><strong>Quid</strong></span> <span class='ocrx_word' id='word_1_243' title='bbox 2452 1603 2535 1646; x_wconf 84' lang='lat' dir='ltr'><strong>est</strong></span> <span class='ocrx_word' id='word_1_244' title='bbox 2570 1610 2584 1646; x_wconf 85' lang='lat'><strong>:</strong></span> <span class='ocrx_word' id='word_1_245' title='bbox 2622 1592 2926 1657; x_wconf 78' lang='lat' dir='ltr'><strong>Quicunque</strong></span> <span class='ocrx_word' id='word_1_246' title='bbox 2956 1593 3065 1644; x_wconf 82' lang='lat' dir='ltr'><strong>sine</strong></span> <span class='ocrx_word' id='word_1_247' title='bbox 3109 1591 3216 1659; x_wconf 85' lang='lat' dir='ltr'><strong>lege</strong></span> <span class='ocrx_word' id='word_1_248' title='bbox 3248 1608 3369 1658; x_wconf 89' lang='lat' dir='ltr'><strong>pec-</strong></span> 
     </span>
    </p>
   </div>
   <div class='ocr_carea' id='block_1_33' title="bbox 1802 1682 3369 1754">
    <p class='ocr_par' dir='ltr' id='par_1_33' title="bbox 1802 1682 3369 1754">
     <span class='ocr_line' id='line_1_33' title="bbox 1802 1682 3369 1754; baseline 0 -16"><span class='ocrx_word' id='word_1_249' title='bbox 1802 1696 2071 1748; x_wconf 78' lang='lat' dir='ltr'><strong>cauerunt,</strong></span> <span class='ocrx_word' id='word_1_250' title='bbox 2102 1688 2214 1739; x_wconf 89' lang='lat' dir='ltr'><strong>sine</strong></span> <span class='ocrx_word' id='word_1_251' title='bbox 2251 1685 2358 1754; x_wconf 85' lang='lat' dir='ltr'><strong>lege</strong></span> <span class='ocrx_word' id='word_1_252' title='bbox 2404 1688 2563 1737; x_wconf 88' lang='lat' dir='ltr'><strong>etiam</strong></span> <span class='ocrx_word' id='word_1_253' title='bbox 2604 1683 2843 1750; x_wconf 78' lang='lat' dir='ltr'><strong>peribunt</strong></span> <span class='ocrx_word' id='word_1_254' title='bbox 2886 1695 2933 1737; x_wconf 78' lang='grc' dir='ltr'><em>υ.</em></span> <span class='ocrx_word' id='word_1_255' title='bbox 2980 1682 3123 1738; x_wconf 88' lang='lat' dir='ltr'><strong>XIX.</strong></span> <span class='ocrx_word' id='word_1_256' title='bbox 3148 1684 3287 1748; x_wconf 84' lang='lat' dir='ltr'><strong>Quid</strong></span> <span class='ocrx_word' id='word_1_257' title='bbox 3317 1684 3369 1738; x_wconf 92' lang='lat' dir='ltr'><strong>in</strong></span> 
     </span>
    </p>
   </div>
   <div class='ocr_carea' id='block_1_34' title="bbox 1805 1774 3367 1844">
    <p class='ocr_par' dir='ltr' id='par_1_34' title="bbox 1805 1774 3367 1844">
     <span class='ocr_line' id='line_1_34' title="bbox 1805 1774 3367 1844; baseline -0.001 -14"><span class='ocrx_word' id='word_1_258' title='bbox 1805 1776 2095 1844; x_wconf 78' lang='lat' dir='ltr'><strong>Evangelia</strong></span> <span class='ocrx_word' id='word_1_259' title='bbox 2134 1777 2207 1828; x_wconf 93' lang='lat' dir='ltr'><strong>sit</strong></span> <span class='ocrx_word' id='word_1_260' title='bbox 2260 1776 2392 1829; x_wconf 85' lang='lat' dir='ltr'><strong>licus</strong></span> <span class='ocrx_word' id='word_1_261' title='bbox 2437 1774 2699 1837; x_wconf 79' lang='lat' dir='ltr'><strong>arefacta,</strong></span> <span class='ocrx_word' id='word_1_262' title='bbox 2743 1783 2799 1828; x_wconf 93' lang='lat' dir='ltr'><strong>et</strong></span> <span class='ocrx_word' id='word_1_263' title='bbox 2844 1789 2963 1842; x_wconf 71' lang='lat' dir='ltr'><strong>qua:</strong></span> <span class='ocrx_word' id='word_1_264' title='bbox 3006 1776 3072 1826; x_wconf 87' lang='lat' dir='ltr'><strong>ad</strong></span> <span class='ocrx_word' id='word_1_265' title='bbox 3106 1790 3222 1827; x_wconf 86' lang='lat' dir='ltr'><strong>eam</strong></span> <span class='ocrx_word' id='word_1_266' title='bbox 3247 1790 3367 1841; x_wconf 83' lang='lat' dir='ltr'><strong>spe-</strong></span> 
     </span>
    </p>
   </div>
   <div class='ocr_carea' id='block_1_35' title="bbox 1803 1862 3370 1931">
    <p class='ocr_par' dir='ltr' id='par_1_35' title="bbox 1803 1862 3370 1931">
     <span class='ocr_line' id='line_1_35' title="bbox 1803 1862 3370 1931; baseline -0.003 -11"><span class='ocrx_word' id='word_1_267' title='bbox 1803 1874 1954 1920; x_wconf 87' lang='lat' dir='ltr'><strong>ctant</strong></span> <span class='ocrx_word' id='word_1_268' title='bbox 1982 1874 2031 1919; x_wconf 77' lang='grc' dir='ltr'><em>ν.</em></span> <span class='ocrx_word' id='word_1_269' title='bbox 2066 1864 2186 1919; x_wconf 91' lang='lat' dir='ltr'><strong>XX.</strong></span> <span class='ocrx_word' id='word_1_270' title='bbox 2223 1865 2297 1919; x_wconf 89' lang='lat' dir='ltr'><strong>De</strong></span> <span class='ocrx_word' id='word_1_271' title='bbox 2343 1865 2434 1917; x_wconf 91' lang='lat' dir='ltr'><strong>illo</strong></span> <span class='ocrx_word' id='word_1_272' title='bbox 2464 1881 2478 1918; x_wconf 88' lang='lat'><strong>:</strong></span> <span class='ocrx_word' id='word_1_273' title='bbox 2509 1862 2828 1931; x_wconf 69' lang='lat' dir='ltr'><strong>Exspatiata</strong></span> <span class='ocrx_word' id='word_1_274' title='bbox 2853 1864 3175 1929; x_wconf 84' lang='lat' dir='ltr'><strong>principatus</strong></span> <span class='ocrx_word' id='word_1_275' title='bbox 3198 1873 3246 1916; x_wconf 92' lang='lat' dir='ltr'><strong>et</strong></span> <span class='ocrx_word' id='word_1_276' title='bbox 3274 1880 3370 1931; x_wconf 85' lang='lat' dir='ltr'><strong>po-</strong></span> 
     </span>
    </p>
   </div>
   <div class='ocr_carea' id='block_1_36' title="bbox 142 1957 1799 2029">
    <p class='ocr_par' dir='ltr' id='par_1_36' title="bbox 142 1957 1707 2029">
     <span class='ocr_line' id='line_1_36' title="bbox 142 1957 1707 2029; baseline 0.005 -23"><span class='ocrx_word' id='word_1_277' title='bbox 142 1958 259 2023; x_wconf 76' lang='grc' dir='ltr'><em>περὶ</em></span> <span class='ocrx_word' id='word_1_278' title='bbox 292 1957 501 2027; x_wconf 83' lang='grc' dir='ltr'><em>αὑτήν;</em></span> <span class='ocrx_word' id='word_1_279' title='bbox 532 1959 592 2010; x_wconf 81' lang='grc' dir='ltr'><strong>Κ¹</strong></span> <span class='ocrx_word' id='word_1_280' title='bbox 620 1960 869 2029; x_wconf 75' lang='grc' dir='ltr'><em>περὶτοῦ</em></span> <span class='ocrx_word' id='word_1_281' title='bbox 920 1960 973 2012; x_wconf 81' lang='grc' dir='ltr'><em>τί</em></span> <span class='ocrx_word' id='word_1_282' title='bbox 1034 1963 1203 2026; x_wconf 85' lang='grc' dir='ltr'><em>ἐστιν,</em></span> <span class='ocrx_word' id='word_1_283' title='bbox 1262 1962 1707 2029; x_wconf 79' lang='grc' dir='ltr'><em>Ἐκδυσάμενος</em></span> 
     </span>
    </p>
   </div>
   <div class='ocr_carea' id='block_1_37' title="bbox 1710 1957 3367 2029">
    <p class='ocr_par' dir='ltr' id='par_1_37' title="bbox 1807 1957 3367 2028">
     <span class='ocr_line' id='line_1_37' title="bbox 1807 1957 3367 2028; baseline -0.002 -14"><span class='ocrx_word' id='word_1_284' title='bbox 1807 1972 2013 2014; x_wconf 89' lang='lat' dir='ltr'><strong>testates</strong></span> <span class='ocrx_word' id='word_1_285' title='bbox 2066 1970 2135 2025; x_wconf 75' lang='grc' dir='ltr'><em>ι,</em></span> <span class='ocrx_word' id='word_1_286' title='bbox 2192 1970 2247 2015; x_wconf 89' lang='lat' dir='ltr'><strong>et</strong></span> <span class='ocrx_word' id='word_1_287' title='bbox 2296 1960 2523 2028; x_wconf 85' lang='lat' dir='ltr'><strong>reliqua.</strong></span> <span class='ocrx_word' id='word_1_288' title='bbox 2566 1958 2633 2013; x_wconf 88' lang='lat' dir='ltr'><strong>Et</strong></span> <span class='ocrx_word' id='word_1_289' title='bbox 2678 1957 2947 2025; x_wconf 88' lang='lat' dir='ltr'><strong>quomodo</strong></span> <span class='ocrx_word' id='word_1_290' title='bbox 2988 1959 3227 2023; x_wconf 82' lang='lat' dir='ltr'><strong>exuitur,</strong></span> <span class='ocrx_word' id='word_1_291' title='bbox 3277 1958 3367 2024; x_wconf 89' lang='lat' dir='ltr'><strong>qui</strong></span> 
     </span>
    </p>
   </div>
   <div class='ocr_carea' id='block_1_38' title="bbox 145 2046 1802 2125">
    <p class='ocr_par' dir='ltr' id='par_1_38' title="bbox 145 2050 1708 2125">
     <span class='ocr_line' id='line_1_38' title="bbox 145 2050 1708 2125; baseline 0.004 -23"><span class='ocrx_word' id='word_1_292' title='bbox 145 2050 239 2114; x_wconf 85' lang='grc' dir='ltr'><em>τὰς</em></span> <span class='ocrx_word' id='word_1_293' title='bbox 264 2053 459 2118; x_wconf 81' lang='grc' dir='ltr'><em>ἀρχὰς</em></span> <span class='ocrx_word' id='word_1_294' title='bbox 482 2053 582 2105; x_wconf 79' lang='grc' dir='ltr'><strong>καὶ</strong></span> <span class='ocrx_word' id='word_1_295' title='bbox 606 2054 711 2119; x_wconf 87' lang='grc' dir='ltr'><em>τὰς</em></span> <span class='ocrx_word' id='word_1_296' title='bbox 733 2054 1039 2120; x_wconf 79' lang='grc' dir='ltr'><em>ἐξουσίας,</em></span> <span class='ocrx_word' id='word_1_297' title='bbox 1055 2057 1147 2109; x_wconf 80' lang='grc' dir='ltr'><strong>καὶ</strong></span> <span class='ocrx_word' id='word_1_298' title='bbox 1172 2056 1297 2125; x_wconf 80' lang='grc' dir='ltr'><strong>ἑξῆς</strong></span> <span class='ocrx_word' id='word_1_299' title='bbox 1312 2058 1380 2120; x_wconf 71' lang='grc'><strong>⁸⁵,</strong></span> <span class='ocrx_word' id='word_1_300' title='bbox 1411 2060 1504 2109; x_wconf 75' lang='grc' dir='ltr'><strong>καὶ</strong></span> <span class='ocrx_word' id='word_1_301' title='bbox 1539 2058 1650 2119; x_wconf 78' lang='grc' dir='ltr'><em>πῶς</em></span> <span class='ocrx_word' id='word_1_302' title='bbox 1679 2058 1708 2109; x_wconf 84' lang='grc' dir='ltr'>ὁ</span> 
     </span>
    </p>
   </div>
   <div class='ocr_carea' id='block_1_39' title="bbox 1713 2046 3370 2125">
    <p class='ocr_par' dir='ltr' id='par_1_39' title="bbox 1809 2046 3370 2121">
     <span class='ocr_line' id='line_1_39' title="bbox 1809 2046 3370 2121; baseline -0.005 -15"><span class='ocrx_word' id='word_1_303' title='bbox 1809 2067 2154 2121; x_wconf 82' lang='lat' dir='ltr'><strong>nequaquam</strong></span> <span class='ocrx_word' id='word_1_304' title='bbox 2196 2051 2413 2105; x_wconf 86' lang='lat' dir='ltr'><strong>induit?</strong></span> <span class='ocrx_word' id='word_1_305' title='bbox 2444 2048 2585 2103; x_wconf 95' lang='lat' dir='ltr'><strong>XXI.</strong></span> <span class='ocrx_word' id='word_1_306' title='bbox 2624 2048 2678 2103; x_wconf 94' lang='lat' dir='ltr'><strong>Si</strong></span> <span class='ocrx_word' id='word_1_307' title='bbox 2706 2046 2969 2120; x_wconf 87' lang='lat' dir='ltr'><strong>[demum]</strong></span> <span class='ocrx_word' id='word_1_308' title='bbox 3001 2048 3209 2101; x_wconf 64' lang='lat' dir='ltr'><strong>sarculis</strong></span> <span class='ocrx_word' id='word_1_309' title='bbox 3243 2061 3370 2099; x_wconf 84' lang='lat' dir='ltr'><strong>ven—</strong></span> 
     </span>
    </p>
   </div>
   <div class='ocr_carea' id='block_1_40' title="bbox 150 2142 1807 2214">
    <p class='ocr_par' dir='ltr' id='par_1_40' title="bbox 150 2143 1702 2214">
     <span class='ocr_line' id='line_1_40' title="bbox 150 2143 1702 2214; baseline 0.004 -20"><span class='ocrx_word' id='word_1_310' title='bbox 150 2143 261 2209; x_wconf 57' lang='lat' dir='ltr'><strong>prﬁ‘</strong></span> <span class='ocrx_word' id='word_1_311' title='bbox 314 2144 457 2205; x_wconf 81' lang='grc' dir='ltr'><em>ὅλως</em></span> <span class='ocrx_word' id='word_1_312' title='bbox 505 2144 862 2214; x_wconf 85' lang='grc' dir='ltr'><em>ἐνδυσάμενος</em></span> <span class='ocrx_word' id='word_1_313' title='bbox 911 2146 1193 2213; x_wconf 84' lang='grc' dir='ltr'><em>ἐκδύεται;</em></span> <span class='ocrx_word' id='word_1_314' title='bbox 1243 2144 1353 2199; x_wconf 76' lang='lat' dir='ltr'><strong>KA&#39;</strong></span> <span class='ocrx_word' id='word_1_315' title='bbox 1410 2148 1458 2199; x_wconf 80' lang='lat' dir='ltr'><strong>ei</strong></span> <span class='ocrx_word' id='word_1_316' title='bbox 1496 2150 1552 2199; x_wconf 83' lang='grc' dir='ltr'><strong>ἐν</strong></span> <span class='ocrx_word' id='word_1_317' title='bbox 1590 2150 1702 2209; x_wconf 79' lang='grc' dir='ltr'><em>τοῖς</em></span> 
     </span>
    </p>
   </div>
   <div class='ocr_carea' id='block_1_41' title="bbox 1709 2142 3366 2214">
    <p class='ocr_par' dir='ltr' id='par_1_41' title="bbox 1820 2142 3366 2209">
     <span class='ocr_line' id='line_1_41' title="bbox 1820 2142 3366 2209; baseline -0.003 -12"><span class='ocrx_word' id='word_1_318' title='bbox 1820 2146 1955 2197; x_wconf 89' lang='lat' dir='ltr'><strong>turis</strong></span> <span class='ocrx_word' id='word_1_319' title='bbox 1989 2144 2129 2197; x_wconf 79' lang='lat' dir='ltr'><strong>Deus</strong></span> <span class='ocrx_word' id='word_1_320' title='bbox 2160 2144 2411 2198; x_wconf 81' lang='lat' dir='ltr'><strong>ostendet</strong></span> <span class='ocrx_word' id='word_1_321' title='bbox 2444 2143 2662 2195; x_wconf 84' lang='lat' dir='ltr'><strong>divitias</strong></span> <span class='ocrx_word' id='word_1_322' title='bbox 2694 2142 2951 2195; x_wconf 85' lang='lat' dir='ltr'><strong>bonitatis</strong></span> <span class='ocrx_word' id='word_1_323' title='bbox 3001 2156 3109 2195; x_wconf 62' lang='lat' dir='ltr'><strong>suae</strong></span> <span class='ocrx_word' id='word_1_324' title='bbox 3142 2150 3189 2204; x_wconf 67' lang='grc' dir='ltr'><em>γ,</em></span> <span class='ocrx_word' id='word_1_325' title='bbox 3231 2156 3366 2209; x_wconf 87' lang='lat' dir='ltr'><strong>quo-</strong></span> 
     </span>
    </p>
   </div>
   <div class='ocr_carea' id='block_1_42' title="bbox 146 2228 1803 2306">
    <p class='ocr_par' dir='ltr' id='par_1_42' title="bbox 146 2228 1779 2306">
     <span class='ocr_line' id='line_1_42' title="bbox 146 2228 1779 2306; baseline 0.002 -20"><span class='ocrx_word' id='word_1_326' title='bbox 146 2236 295 2288; x_wconf 83' lang='grc' dir='ltr'><em>αἱῶσι</em></span> <span class='ocrx_word' id='word_1_327' title='bbox 336 2238 453 2297; x_wconf 84' lang='grc' dir='ltr'><em>τοῖς</em></span> <span class='ocrx_word' id='word_1_328' title='bbox 504 2238 888 2306; x_wconf 77' lang='grc' dir='ltr'><strong>ἐπερχομένοις</strong></span> <span class='ocrx_word' id='word_1_329' title='bbox 938 2241 967 2291; x_wconf 84' lang='grc' dir='ltr'>ὁ</span> <span class='ocrx_word' id='word_1_330' title='bbox 994 2238 1124 2302; x_wconf 84' lang='grc' dir='ltr'><strong>Θεὸς</strong></span> <span class='ocrx_word' id='word_1_331' title='bbox 1151 2238 1309 2303; x_wconf 74' lang='grc' dir='ltr'>δείξει</span> <span class='ocrx_word' id='word_1_332' title='bbox 1353 2238 1442 2292; x_wconf 83' lang='grc' dir='ltr'><em>τὸν</em></span> <span class='ocrx_word' id='word_1_333' title='bbox 1479 2238 1707 2291; x_wconf 84' lang='grc' dir='ltr'><em>πλοῦτον</em></span> <span class='ocrx_word' id='word_1_334' title='bbox 1738 2228 1779 2283; x_wconf 83' lang='grc' dir='ltr'>Β</span> 
     </span>
    </p>
   </div>
   <div class='ocr_carea' id='block_1_43' title="bbox 1712 2228 3369 2306">
    <p class='ocr_par' dir='ltr' id='par_1_43' title="bbox 1738 2228 3369 2302">
     <span class='ocr_line' id='line_1_43' title="bbox 1738 2228 3369 2302; baseline 0.002 -20"><span class='ocrx_word' id='word_1_335' title='bbox 1738 2228 1967 2288; x_wconf 81' lang='lat' dir='ltr'><strong>Btnodo</strong></span> <span class='ocrx_word' id='word_1_336' title='bbox 2028 2236 2079 2287; x_wconf 92' lang='lat' dir='ltr'><strong>in</strong></span> <span class='ocrx_word' id='word_1_337' title='bbox 2144 2249 2240 2289; x_wconf 88' lang='lat' dir='ltr'><strong>nos</strong></span> <span class='ocrx_word' id='word_1_338' title='bbox 2310 2233 2631 2287; x_wconf 70' lang='lat' dir='ltr'><strong>saeculorum</strong></span> <span class='ocrx_word' id='word_1_339' title='bbox 2693 2233 2825 2287; x_wconf 84' lang='lat' dir='ltr'><strong>lines</strong></span> <span class='ocrx_word' id='word_1_340' title='bbox 2880 2245 3246 2302; x_wconf 86' lang='lat' dir='ltr'><strong>pervenerunt</strong></span> <span class='ocrx_word' id='word_1_341' title='bbox 3306 2232 3369 2286; x_wconf 62' lang='grc' dir='ltr'><strong>πῖ</strong></span> 
     </span>
    </p>
   </div>
   <div class='ocr_carea' id='block_1_44' title="bbox 145 2324 1802 2401">
    <p class='ocr_par' dir='ltr' id='par_1_44' title="bbox 145 2327 1707 2401">
     <span class='ocr_line' id='line_1_44' title="bbox 145 2327 1707 2401; baseline 0.003 -24"><span class='ocrx_word' id='word_1_342' title='bbox 145 2327 237 2396; x_wconf 80' lang='grc' dir='ltr'><em>τῆς</em></span> <span class='ocrx_word' id='word_1_343' title='bbox 266 2328 636 2397; x_wconf 79' lang='grc' dir='ltr'><strong>χρηστότητος</strong></span> <span class='ocrx_word' id='word_1_344' title='bbox 665 2330 849 2392; x_wconf 82' lang='grc' dir='ltr'><em>αὑτοῦ,</em></span> <span class='ocrx_word' id='word_1_345' title='bbox 876 2331 993 2393; x_wconf 85' lang='grc' dir='ltr'><em>πῶς</em></span> <span class='ocrx_word' id='word_1_346' title='bbox 1029 2333 1106 2394; x_wconf 86' lang='grc' dir='ltr'><strong>εἰς</strong></span> <span class='ocrx_word' id='word_1_347' title='bbox 1137 2333 1283 2401; x_wconf 83' lang='grc' dir='ltr'><em>ἡμᾶς</em></span> <span class='ocrx_word' id='word_1_348' title='bbox 1325 2332 1393 2385; x_wconf 75' lang='grc' dir='ltr'><em>τὰ</em></span> <span class='ocrx_word' id='word_1_349' title='bbox 1435 2332 1563 2400; x_wconf 82' lang='grc' dir='ltr'><em>τέλη</em></span> <span class='ocrx_word' id='word_1_350' title='bbox 1600 2331 1707 2383; x_wconf 85' lang='grc' dir='ltr'><em>τῶν</em></span> 
     </span>
    </p>
   </div>
   <div class='ocr_carea' id='block_1_45' title="bbox 1712 2324 3369 2401">
    <p class='ocr_par' dir='ltr' id='par_1_45' title="bbox 1808 2324 3369 2380">
     <span class='ocr_line' id='line_1_45' title="bbox 1808 2324 3369 2380; baseline -0.002 -1"><span class='ocrx_word' id='word_1_351' title='bbox 1808 2325 1970 2379; x_wconf 88' lang='lat' dir='ltr'><strong>XXII.</strong></span> <span class='ocrx_word' id='word_1_352' title='bbox 2000 2326 2075 2380; x_wconf 84' lang='lat' dir='ltr'><strong>De</strong></span> <span class='ocrx_word' id='word_1_353' title='bbox 2129 2326 2219 2379; x_wconf 89' lang='lat' dir='ltr'><strong>illo</strong></span> <span class='ocrx_word' id='word_1_354' title='bbox 2250 2326 2392 2379; x_wconf 78' lang='lat' dir='ltr'><strong>dicto</strong></span> <span class='ocrx_word' id='word_1_355' title='bbox 2420 2345 2433 2379; x_wconf 88' lang='grc'>;</span> <span class='ocrx_word' id='word_1_356' title='bbox 2474 2326 2627 2377; x_wconf 86' lang='lat' dir='ltr'><strong>Dabit</strong></span> <span class='ocrx_word' id='word_1_357' title='bbox 2654 2326 2733 2376; x_wconf 86' lang='lat' dir='ltr'><strong>illi</strong></span> <span class='ocrx_word' id='word_1_358' title='bbox 2764 2324 2903 2377; x_wconf 87' lang='lat' dir='ltr'><strong>Deus</strong></span> <span class='ocrx_word' id='word_1_359' title='bbox 2950 2325 3158 2377; x_wconf 83' lang='lat' dir='ltr'><strong>domum</strong></span> <span class='ocrx_word' id='word_1_360' title='bbox 3206 2324 3369 2377; x_wconf 78' lang='lat' dir='ltr'><strong>David</strong></span> 
     </span>
    </p>
   </div>
   <div class='ocr_carea' id='block_1_46' title="bbox 150 2418 1807 2492">
    <p class='ocr_par' dir='ltr' id='par_1_46' title="bbox 150 2420 1707 2492">
     <span class='ocr_line' id='line_1_46' title="bbox 150 2420 1707 2492; baseline 0.003 -21"><span class='ocrx_word' id='word_1_361' title='bbox 150 2420 345 2472; x_wconf 79' lang='grc' dir='ltr'><strong>αἰώνων</strong></span> <span class='ocrx_word' id='word_1_362' title='bbox 388 2422 759 2491; x_wconf 78' lang='grc' dir='ltr'><em>κατήντησενς</em></span> <span class='ocrx_word' id='word_1_363' title='bbox 795 2423 898 2476; x_wconf 85' lang='lat' dir='ltr'><strong>KB&#39;</strong></span> <span class='ocrx_word' id='word_1_364' title='bbox 925 2423 1056 2492; x_wconf 78' lang='grc' dir='ltr'><em>περὶ</em></span> <span class='ocrx_word' id='word_1_365' title='bbox 1112 2422 1228 2488; x_wconf 81' lang='grc' dir='ltr'><em>τοῦ,</em></span> <span class='ocrx_word' id='word_1_366' title='bbox 1269 2422 1449 2476; x_wconf 85' lang='grc' dir='ltr'><em>Δὼσει</em></span> <span class='ocrx_word' id='word_1_367' title='bbox 1489 2422 1648 2487; x_wconf 83' lang='grc' dir='ltr'><em>αὐτῷ</em></span> <span class='ocrx_word' id='word_1_368' title='bbox 1674 2424 1707 2475; x_wconf 87' lang='grc' dir='ltr'><strong><em>ό</em></strong></span> 
     </span>
    </p>
   </div>
   <div class='ocr_carea' id='block_1_47' title="bbox 1711 2418 3368 2492">
    <p class='ocr_par' dir='ltr' id='par_1_47' title="bbox 1807 2418 3368 2487">
     <span class='ocr_line' id='line_1_47' title="bbox 1807 2418 3368 2487; baseline -0.001 -17"><span class='ocrx_word' id='word_1_369' title='bbox 1807 2421 1969 2485; x_wconf 82' lang='lat' dir='ltr'><strong>patris</strong></span> <span class='ocrx_word' id='word_1_370' title='bbox 2028 2419 2111 2471; x_wconf 84' lang='lat' dir='ltr'><strong>sui</strong></span> <span class='ocrx_word' id='word_1_371' title='bbox 2150 2430 2196 2471; x_wconf 75' lang='grc' dir='ltr'><em>ι.</em></span> <span class='ocrx_word' id='word_1_372' title='bbox 2246 2418 2526 2484; x_wconf 86' lang='lat' dir='ltr'><strong>Quomodo</strong></span> <span class='ocrx_word' id='word_1_373' title='bbox 2568 2419 2695 2471; x_wconf 89' lang='lat' dir='ltr'><strong>dare</strong></span> <span class='ocrx_word' id='word_1_374' title='bbox 2739 2428 2936 2487; x_wconf 86' lang='lat' dir='ltr'><strong>potest,</strong></span> <span class='ocrx_word' id='word_1_375' title='bbox 2988 2434 3108 2470; x_wconf 72' lang='lat' dir='ltr'><strong>(tum</strong></span> <span class='ocrx_word' id='word_1_376' title='bbox 3154 2433 3368 2485; x_wconf 73' lang='lat' dir='ltr'><strong>regnum</strong></span> 
     </span>
    </p>
   </div>
   <div class='ocr_carea' id='block_1_48' title="bbox 152 2508 1710 2584">
    <p class='ocr_par' dir='ltr' id='par_1_48' title="bbox 152 2508 1710 2584">
     <span class='ocr_line' id='line_1_48' title="bbox 152 2508 1710 2584; baseline 0.001 -22"><span class='ocrx_word' id='word_1_377' title='bbox 152 2513 282 2576; x_wconf 80' lang='grc' dir='ltr'><em>Θεὸς</em></span> <span class='ocrx_word' id='word_1_378' title='bbox 323 2510 436 2564; x_wconf 87' lang='grc' dir='ltr'><em>τὸν</em></span> <span class='ocrx_word' id='word_1_379' title='bbox 494 2508 661 2584; x_wconf 79' lang='grc' dir='ltr'><em>οἷκον</em></span> <span class='ocrx_word' id='word_1_380' title='bbox 703 2512 878 2566; x_wconf 80' lang='grc' dir='ltr'><strong>Δαϐὶδ</strong></span> <span class='ocrx_word' id='word_1_381' title='bbox 942 2514 1048 2567; x_wconf 87' lang='grc' dir='ltr'><em>τοῦ</em></span> <span class='ocrx_word' id='word_1_382' title='bbox 1094 2514 1318 2581; x_wconf 81' lang='grc' dir='ltr'><em>πατρὸς</em></span> <span class='ocrx_word' id='word_1_383' title='bbox 1360 2513 1565 2578; x_wconf 82' lang='grc' dir='ltr'><em>αὑτοῦ,</em></span> <span class='ocrx_word' id='word_1_384' title='bbox 1593 2513 1710 2575; x_wconf 86' lang='grc' dir='ltr'><em>πῶς</em></span> 
     </span>
    </p>
   </div>
   <div class='ocr_carea' id='block_1_49' title="bbox 151 2602 1708 2675">
    <p class='ocr_par' dir='ltr' id='par_1_49' title="bbox 151 2602 1708 2675">
     <span class='ocr_line' id='line_1_49' title="bbox 151 2602 1708 2675; baseline 0.003 -22"><span class='ocrx_word' id='word_1_385' title='bbox 151 2602 339 2663; x_wconf 80' lang='grc' dir='ltr'><strong>δίδωσι,</strong></span> <span class='ocrx_word' id='word_1_386' title='bbox 372 2604 479 2671; x_wconf 84' lang='grc' dir='ltr'><em>τῆς</em></span> <span class='ocrx_word' id='word_1_387' title='bbox 514 2604 787 2673; x_wconf 68' lang='grc' dir='ltr'><em>βασιλείας</em></span> <span class='ocrx_word' id='word_1_388' title='bbox 833 2605 997 2658; x_wconf 67' lang='grc' dir='ltr'><strong>Δασὶδ</strong></span> <span class='ocrx_word' id='word_1_389' title='bbox 1030 2607 1109 2669; x_wconf 76' lang='grc' dir='ltr'><strong>εἰς</strong></span> <span class='ocrx_word' id='word_1_390' title='bbox 1148 2608 1216 2657; x_wconf 77' lang='grc' dir='ltr'><em>τὰ</em></span> <span class='ocrx_word' id='word_1_391' title='bbox 1267 2605 1552 2671; x_wconf 72' lang='grc' dir='ltr'><strong>ἐπιγνόντα</strong></span> <span class='ocrx_word' id='word_1_392' title='bbox 1582 2606 1708 2675; x_wconf 74' lang='grc' dir='ltr'><strong>ἔθνη</strong></span> 
     </span>
    </p>
   </div>
   <div class='ocr_carea' id='block_1_50' title="bbox 150 2693 1711 2763">
    <p class='ocr_par' dir='ltr' id='par_1_50' title="bbox 150 2693 1711 2763">
     <span class='ocr_line' id='line_1_50' title="bbox 150 2693 1711 2763; baseline 0.006 -22"><span class='ocrx_word' id='word_1_393' title='bbox 150 2693 232 2742; x_wconf 74' lang='grc' dir='ltr'><em>τὸν</em></span> <span class='ocrx_word' id='word_1_394' title='bbox 247 2694 299 2756; x_wconf 81' lang='grc' dir='ltr'><em>ἐξ</em></span> <span class='ocrx_word' id='word_1_395' title='bbox 316 2693 485 2745; x_wconf 76' lang='grc' dir='ltr'><em>αὑτοῦ</em></span> <span class='ocrx_word' id='word_1_396' title='bbox 511 2696 946 2763; x_wconf 51' lang='grc' dir='ltr'><em>μεταπεσούσης</em></span> <span class='ocrx_word' id='word_1_397' title='bbox 969 2697 1139 2749; x_wconf 80' lang='grc' dir='ltr'><strong>ΚΓ¹τί</strong></span> <span class='ocrx_word' id='word_1_398' title='bbox 1174 2699 1324 2761; x_wconf 73' lang='grc' dir='ltr'><em>ἐστι,</em></span> <span class='ocrx_word' id='word_1_399' title='bbox 1368 2700 1711 2762; x_wconf 72' lang='grc' dir='ltr'><strong>Διελθόντες</strong></span> 
     </span>
    </p>
   </div>
   <div class='ocr_carea' id='block_1_51' title="bbox 154 2784 1711 2859">
    <p class='ocr_par' dir='ltr' id='par_1_51' title="bbox 154 2784 1711 2859">
     <span class='ocr_line' id='line_1_51' title="bbox 154 2784 1711 2859; baseline 0.005 -26"><span class='ocrx_word' id='word_1_400' title='bbox 154 2784 383 2850; x_wconf 74' lang='grc' dir='ltr'><em>πρώτην</em></span> <span class='ocrx_word' id='word_1_401' title='bbox 418 2786 515 2837; x_wconf 77' lang='grc' dir='ltr'><strong>καὶ</strong></span> <span class='ocrx_word' id='word_1_402' title='bbox 536 2786 825 2852; x_wconf 83' lang='grc' dir='ltr'><em>’δευτέραν</em></span> <span class='ocrx_word' id='word_1_403' title='bbox 848 2789 1150 2855; x_wconf 74' lang='grc' dir='ltr'><em>φυλακὴν,</em></span> <span class='ocrx_word' id='word_1_404' title='bbox 1186 2791 1301 2849; x_wconf 76' lang='grc' dir='ltr'><em>καὶ,</em></span> <span class='ocrx_word' id='word_1_405' title='bbox 1341 2790 1482 2859; x_wconf 81' lang='grc' dir='ltr'><em>τίςή</em></span> <span class='ocrx_word' id='word_1_406' title='bbox 1517 2791 1711 2859; x_wconf 80' lang='grc' dir='ltr'><strong>σιδηρᾶ</strong></span> 
     </span>
    </p>
   </div>
   <div class='ocr_carea' id='block_1_52' title="bbox 153 2877 1708 2951">
    <p class='ocr_par' dir='ltr' id='par_1_52' title="bbox 153 2877 1708 2951">
     <span class='ocr_line' id='line_1_52' title="bbox 153 2877 1708 2951; baseline 0.015 -27"><span class='ocrx_word' id='word_1_407' title='bbox 153 2877 323 2945; x_wconf 73' lang='grc' dir='ltr'><em>πύλης</em></span> <span class='ocrx_word' id='word_1_408' title='bbox 352 2877 459 2928; x_wconf 83' lang='grc' dir='ltr'><strong>ΚΔ¹</strong></span> <span class='ocrx_word' id='word_1_409' title='bbox 490 2881 618 2946; x_wconf 82' lang='grc' dir='ltr'><em>περὶ</em></span> <span class='ocrx_word' id='word_1_410' title='bbox 664 2880 778 2942; x_wconf 82' lang='grc' dir='ltr'><em>τοῦ,</em></span> <span class='ocrx_word' id='word_1_411' title='bbox 812 2880 939 2951; x_wconf 71' lang='grc'><strong>[258</strong></span> <span class='ocrx_word' id='word_1_412' title='bbox 968 2879 1059 2950; x_wconf 82' lang='grc' dir='ltr'><strong>Η.]</strong></span> <span class='ocrx_word' id='word_1_413' title='bbox 1117 2882 1347 2947; x_wconf 85' lang='grc' dir='ltr'><em>Παντὸς</em></span> <span class='ocrx_word' id='word_1_414' title='bbox 1404 2882 1623 2950; x_wconf 64' lang='grc' dir='ltr'><em>ἀνδρὸς</em></span> <span class='ocrx_word' id='word_1_415' title='bbox 1670 2882 1708 2947; x_wconf 74' lang='lat' dir='ltr'><strong>7i</strong></span> 
     </span>
    </p>
   </div>
   <div class='ocr_carea' id='block_1_53' title="bbox 155 2968 1710 3043">
    <p class='ocr_par' dir='ltr' id='par_1_53' title="bbox 155 2968 1710 3043">
     <span class='ocr_line' id='line_1_53' title="bbox 155 2968 1710 3043; baseline 0.005 -26"><span class='ocrx_word' id='word_1_416' title='bbox 155 2968 379 3035; x_wconf 68' lang='grc' dir='ltr'><em>κεφαλὴ</em></span> <span class='ocrx_word' id='word_1_417' title='bbox 428 2972 460 3022; x_wconf 84' lang='grc' dir='ltr'><em>ὀ</em></span> <span class='ocrx_word' id='word_1_418' title='bbox 506 2971 761 3037; x_wconf 83' lang='grc' dir='ltr'><em>Χριστός</em></span> <span class='ocrx_word' id='word_1_419' title='bbox 790 2972 942 3035; x_wconf 83' lang='grc' dir='ltr'><em>ἐστι,</em></span> <span class='ocrx_word' id='word_1_420' title='bbox 1002 2974 1096 3023; x_wconf 80' lang='grc' dir='ltr'><strong>καὶ</strong></span> <span class='ocrx_word' id='word_1_421' title='bbox 1123 2973 1268 3039; x_wconf 79' lang='grc' dir='ltr'><em>ἑξῆς.</em></span> <span class='ocrx_word' id='word_1_422' title='bbox 1300 2973 1406 3025; x_wconf 80' lang='grc' dir='ltr'><strong>ΚΕ¹</strong></span> <span class='ocrx_word' id='word_1_423' title='bbox 1440 2972 1566 3043; x_wconf 77' lang='grc' dir='ltr'><em>περὶ</em></span> <span class='ocrx_word' id='word_1_424' title='bbox 1616 2974 1710 3025; x_wconf 83' lang='grc' dir='ltr'><strong>τοῦ</strong></span> 
     </span>
    </p>
   </div>
   <div class='ocr_carea' id='block_1_54' title="bbox 157 3058 1710 3129">
    <p class='ocr_par' dir='ltr' id='par_1_54' title="bbox 157 3058 1710 3129">
     <span class='ocr_line' id='line_1_54' title="bbox 157 3058 1710 3129; baseline 0.005 -21"><span class='ocrx_word' id='word_1_425' title='bbox 157 3058 409 3123; x_wconf 82' lang='grc' dir='ltr'><em>βασιλέως</em></span> <span class='ocrx_word' id='word_1_426' title='bbox 446 3060 763 3123; x_wconf 78' lang='grc' dir='ltr'><em>Βαϐυλῶνος</em></span> <span class='ocrx_word' id='word_1_427' title='bbox 783 3064 877 3115; x_wconf 80' lang='grc' dir='ltr'><strong>καὶ</strong></span> <span class='ocrx_word' id='word_1_428' title='bbox 918 3062 1083 3114; x_wconf 84' lang='grc' dir='ltr'><strong>Ἰούδα</strong></span> <span class='ocrx_word' id='word_1_429' title='bbox 1113 3062 1337 3114; x_wconf 76' lang='grc' dir='ltr'><em>καὶτῶν</em></span> <span class='ocrx_word' id='word_1_430' title='bbox 1375 3062 1560 3115; x_wconf 78' lang='grc' dir='ltr'><em>ἐθνῶν.</em></span> <span class='ocrx_word' id='word_1_431' title='bbox 1589 3064 1710 3129; x_wconf 67' lang='lat' dir='ltr'><strong>KG’</strong></span> 
     </span>
    </p>
   </div>
   <div class='ocr_carea' id='block_1_55' title="bbox 159 3153 1710 3225">
    <p class='ocr_par' dir='ltr' id='par_1_55' title="bbox 159 3153 1710 3225">
     <span class='ocr_line' id='line_1_55' title="bbox 159 3153 1710 3225; baseline 0.006 -26"><span class='ocrx_word' id='word_1_432' title='bbox 159 3153 400 3219; x_wconf 77' lang='grc' dir='ltr'><em>περὶτῆς</em></span> <span class='ocrx_word' id='word_1_433' title='bbox 443 3153 841 3221; x_wconf 68' lang='grc' dir='ltr'><strong>ἀποκαλύψεως</strong></span> <span class='ocrx_word' id='word_1_434' title='bbox 896 3155 1103 3224; x_wconf 84' lang='grc' dir='ltr'><strong>Πέτρου</strong></span> <span class='ocrx_word' id='word_1_435' title='bbox 1132 3156 1229 3225; x_wconf 84' lang='grc' dir='ltr'><em>τῆς</em></span> <span class='ocrx_word' id='word_1_436' title='bbox 1262 3155 1352 3207; x_wconf 66' lang='grc' dir='ltr'><em>ἐπὶ.</em></span> <span class='ocrx_word' id='word_1_437' title='bbox 1384 3155 1463 3221; x_wconf 85' lang='grc' dir='ltr'><em>τῷ</em></span> <span class='ocrx_word' id='word_1_438' title='bbox 1501 3158 1710 3225; x_wconf 81' lang='grc' dir='ltr'><strong>Κορνη-</strong></span> 
     </span>
    </p>
   </div>
   <div class='ocr_carea' id='block_1_56' title="bbox 154 3241 1714 3313">
    <p class='ocr_par' dir='ltr' id='par_1_56' title="bbox 154 3241 1714 3313">
     <span class='ocr_line' id='line_1_56' title="bbox 154 3241 1714 3313; baseline 0.003 -23"><span class='ocrx_word' id='word_1_439' title='bbox 154 3241 259 3309; x_wconf 54' lang='lat' dir='ltr'><strong>ligo,</strong></span> <span class='ocrx_word' id='word_1_440' title='bbox 292 3243 388 3293; x_wconf 77' lang='grc' dir='ltr'><strong>καὶ</strong></span> <span class='ocrx_word' id='word_1_441' title='bbox 445 3242 561 3304; x_wconf 85' lang='grc' dir='ltr'><em>πῶς</em></span> <span class='ocrx_word' id='word_1_442' title='bbox 614 3244 938 3312; x_wconf 80' lang='grc' dir='ltr'><em>διεκρίνοντό</em></span> <span class='ocrx_word' id='word_1_443' title='bbox 996 3262 1139 3307; x_wconf 86' lang='grc' dir='ltr'><em>τινες</em></span> <span class='ocrx_word' id='word_1_444' title='bbox 1178 3246 1312 3313; x_wconf 78' lang='grc' dir='ltr'><em>πρὸς</em></span> <span class='ocrx_word' id='word_1_445' title='bbox 1370 3245 1573 3311; x_wconf 87' lang='grc' dir='ltr'><em>Πέτρον</em></span> <span class='ocrx_word' id='word_1_446' title='bbox 1625 3244 1714 3295; x_wconf 87' lang='grc' dir='ltr'>διὰ</span> 
     </span>
    </p>
   </div>
   <div class='ocr_carea' id='block_1_57' title="bbox 154 3334 1714 3403">
    <p class='ocr_par' dir='ltr' id='par_1_57' title="bbox 154 3334 1714 3403">
     <span class='ocr_line' id='line_1_57' title="bbox 154 3334 1714 3403; baseline 0.003 -21"><span class='ocrx_word' id='word_1_447' title='bbox 154 3335 235 3383; x_wconf 61' lang='grc' dir='ltr'><em>τὸν</em></span> <span class='ocrx_word' id='word_1_448' title='bbox 303 3334 623 3403; x_wconf 75' lang='grc' dir='ltr'><strong>Κορνήλιον.</strong></span> <span class='ocrx_word' id='word_1_449' title='bbox 678 3338 779 3388; x_wconf 82' lang='lat' dir='ltr'><strong>KZ&#39;</strong></span> <span class='ocrx_word' id='word_1_450' title='bbox 826 3337 906 3401; x_wconf 81' lang='grc' dir='ltr'><em>τὸ,</em></span> <span class='ocrx_word' id='word_1_451' title='bbox 963 3335 1138 3390; x_wconf 82' lang='grc' dir='ltr'>Δεῦτε</span> <span class='ocrx_word' id='word_1_452' title='bbox 1210 3337 1304 3388; x_wconf 76' lang='grc' dir='ltr'><em>καὶ</em></span> <span class='ocrx_word' id='word_1_453' title='bbox 1354 3336 1714 3399; x_wconf 75' lang='grc' dir='ltr'><em>καταϐάντες</em></span> 
     </span>
    </p>
   </div>
   <div class='ocr_carea' id='block_1_58' title="bbox 157 3424 1706 3497">
    <p class='ocr_par' dir='ltr' id='par_1_58' title="bbox 157 3424 1706 3497">
     <span class='ocr_line' id='line_1_58' title="bbox 157 3424 1706 3497; baseline 0.013 -22"><span class='ocrx_word' id='word_1_454' title='bbox 157 3424 499 3493; x_wconf 72' lang='grc' dir='ltr'><em>σιντχέωμεν</em></span> <span class='ocrx_word' id='word_1_455' title='bbox 517 3425 713 3479; x_wconf 83' lang='grc' dir='ltr'><em>αὐτῶν</em></span> <span class='ocrx_word' id='word_1_456' title='bbox 740 3428 845 3493; x_wconf 85' lang='grc' dir='ltr'><em>τὰς</em></span> <span class='ocrx_word' id='word_1_457' title='bbox 868 3429 1168 3496; x_wconf 76' lang='grc' dir='ltr'><strong>γλώσσας,</strong></span> <span class='ocrx_word' id='word_1_458' title='bbox 1198 3429 1329 3496; x_wconf 77' lang='grc' dir='ltr'><em>πρὸς</em></span> <span class='ocrx_word' id='word_1_459' title='bbox 1357 3430 1505 3491; x_wconf 82' lang='grc' dir='ltr'><em>τίνας</em></span> <span class='ocrx_word' id='word_1_460' title='bbox 1555 3430 1706 3497; x_wconf 59' lang='grc' dir='ltr'>εἴρηε</span> 
     </span>
    </p>
   </div>
   <div class='ocr_carea' id='block_1_59' title="bbox 157 3513 1715 3587">
    <p class='ocr_par' dir='ltr' id='par_1_59' title="bbox 157 3513 1715 3587">
     <span class='ocr_line' id='line_1_59' title="bbox 157 3513 1715 3587; baseline 0.004 -23"><span class='ocrx_word' id='word_1_461' title='bbox 157 3531 254 3565; x_wconf 76' lang='grc' dir='ltr'><em>ται.</em></span> <span class='ocrx_word' id='word_1_462' title='bbox 288 3513 473 3566; x_wconf 76' lang='lat' dir='ltr'><strong>Kll&#39;tl</strong></span> <span class='ocrx_word' id='word_1_463' title='bbox 504 3518 616 3567; x_wconf 79' lang='grc' dir='ltr'><em>ἐστι</em></span> <span class='ocrx_word' id='word_1_464' title='bbox 662 3516 721 3568; x_wconf 76' lang='grc' dir='ltr'><em>τὸ</em></span> <span class='ocrx_word' id='word_1_465' title='bbox 770 3519 824 3568; x_wconf 88' lang='grc' dir='ltr'><strong>ἐν</strong></span> <span class='ocrx_word' id='word_1_466' title='bbox 863 3520 981 3580; x_wconf 85' lang='grc' dir='ltr'><em>ταῖς</em></span> <span class='ocrx_word' id='word_1_467' title='bbox 1038 3520 1326 3587; x_wconf 78' lang='grc' dir='ltr'><em>Πράξεσιν,</em></span> <span class='ocrx_word' id='word_1_468' title='bbox 1368 3520 1592 3583; x_wconf 80' lang='grc' dir='ltr'><em>Οῖτινες</em></span> <span class='ocrx_word' id='word_1_469' title='bbox 1621 3517 1715 3571; x_wconf 82' lang='grc' dir='ltr'><strong>διὰ</strong></span> 
     </span>
    </p>
   </div>
   <div class='ocr_carea' id='block_1_60' title="bbox 158 3602 1713 3675">
    <p class='ocr_par' dir='ltr' id='par_1_60' title="bbox 158 3602 1713 3675">
     <span class='ocr_line' id='line_1_60' title="bbox 158 3602 1713 3675; baseline 0.005 -23"><span class='ocrx_word' id='word_1_470' title='bbox 158 3602 253 3654; x_wconf 83' lang='grc' dir='ltr'><em>τοῦ</em></span> <span class='ocrx_word' id='word_1_471' title='bbox 285 3605 630 3671; x_wconf 81' lang='grc' dir='ltr'><em>Πνεύματος</em></span> <span class='ocrx_word' id='word_1_472' title='bbox 680 3605 895 3673; x_wconf 80' lang='grc' dir='ltr'><em>ἕλετον</em></span> <span class='ocrx_word' id='word_1_473' title='bbox 922 3605 1001 3670; x_wconf 86' lang='grc' dir='ltr'><em>τῷ</em></span> <span class='ocrx_word' id='word_1_474' title='bbox 1051 3609 1266 3670; x_wconf 85' lang='grc' dir='ltr'><em>Παύλῳ</em></span> <span class='ocrx_word' id='word_1_475' title='bbox 1307 3608 1393 3675; x_wconf 85' lang='grc' dir='ltr'><em>μὴ</em></span> <span class='ocrx_word' id='word_1_476' title='bbox 1419 3606 1713 3674; x_wconf 79' lang='grc' dir='ltr'><strong>ἀναϐῆναι</strong></span> 
     </span>
    </p>
   </div>
   <div class='ocr_carea' id='block_1_61' title="bbox 158 3695 1716 3768">
    <p class='ocr_par' dir='ltr' id='par_1_61' title="bbox 158 3695 1716 3768">
     <span class='ocr_line' id='line_1_61' title="bbox 158 3695 1716 3768; baseline 0.004 -23"><span class='ocrx_word' id='word_1_477' title='bbox 158 3695 238 3757; x_wconf 79' lang='grc' dir='ltr'><strong>εις</strong></span> <span class='ocrx_word' id='word_1_478' title='bbox 295 3695 717 3763; x_wconf 84' lang='grc' dir='ltr'><strong>’1εροσόλυμα;</strong></span> <span class='ocrx_word' id='word_1_479' title='bbox 743 3697 851 3748; x_wconf 78' lang='grc' dir='ltr'><strong>ΚΘ¹</strong></span> <span class='ocrx_word' id='word_1_480' title='bbox 881 3699 963 3759; x_wconf 81' lang='grc' dir='ltr'><em>τίς</em></span> <span class='ocrx_word' id='word_1_481' title='bbox 996 3700 1029 3767; x_wconf 78' lang='grc' dir='ltr'><strong>ἡ</strong></span> <span class='ocrx_word' id='word_1_482' title='bbox 1054 3698 1284 3768; x_wconf 77' lang='grc' dir='ltr'><strong>διαφορὰ</strong></span> <span class='ocrx_word' id='word_1_483' title='bbox 1309 3700 1567 3767; x_wconf 83' lang='grc' dir='ltr'><strong>ποτηρίου</strong></span> <span class='ocrx_word' id='word_1_484' title='bbox 1623 3700 1716 3752; x_wconf 80' lang='grc' dir='ltr'><strong>καὶ</strong></span> 
     </span>
    </p>
   </div>
   <div class='ocr_carea' id='block_1_62' title="bbox 161 3780 1718 3856">
    <p class='ocr_par' dir='ltr' id='par_1_62' title="bbox 161 3780 1718 3856">
     <span class='ocr_line' id='line_1_62' title="bbox 161 3780 1718 3856; baseline 0.006 -26"><span class='ocrx_word' id='word_1_485' title='bbox 161 3780 528 3849; x_wconf 66' lang='grc' dir='ltr'><em>βαπτίσματος</em></span> <span class='ocrx_word' id='word_1_486' title='bbox 573 3799 588 3847; x_wconf 88' lang='grc'><strong>;</strong></span> <span class='ocrx_word' id='word_1_487' title='bbox 631 3784 689 3835; x_wconf 86' lang='lat' dir='ltr'><strong>A&#39;</strong></span> <span class='ocrx_word' id='word_1_488' title='bbox 738 3786 865 3851; x_wconf 73' lang='grc' dir='ltr'><em>περὶ</em></span> <span class='ocrx_word' id='word_1_489' title='bbox 922 3785 1057 3850; x_wconf 83' lang='grc' dir='ltr'><em>τοῦ,</em></span> <span class='ocrx_word' id='word_1_490' title='bbox 1112 3790 1160 3838; x_wconf 75' lang='grc' dir='ltr'>εἰ</span> <span class='ocrx_word' id='word_1_491' title='bbox 1225 3789 1345 3839; x_wconf 80' lang='grc' dir='ltr'><strong>Οὐκ</strong></span> <span class='ocrx_word' id='word_1_492' title='bbox 1400 3789 1469 3840; x_wconf 83' lang='grc' dir='ltr'><em>ὲν</em></span> <span class='ocrx_word' id='word_1_493' title='bbox 1530 3806 1718 3856; x_wconf 82' lang='grc' dir='ltr'><em>χειρο-</em></span> 
     </span>
    </p>
   </div>
   <div class='ocr_carea' id='block_1_63' title="bbox 160 3874 1717 3949">
    <p class='ocr_par' dir='ltr' id='par_1_63' title="bbox 160 3874 1717 3949">
     <span class='ocr_line' id='line_1_63' title="bbox 160 3874 1717 3949; baseline 0.008 -28"><span class='ocrx_word' id='word_1_494' title='bbox 160 3874 421 3938; x_wconf 75' lang='grc' dir='ltr'><em>ποιήτοις</em></span> <span class='ocrx_word' id='word_1_495' title='bbox 459 3875 629 3939; x_wconf 80' lang='grc' dir='ltr'><em>ναοῖς</em></span> <span class='ocrx_word' id='word_1_496' title='bbox 678 3878 709 3927; x_wconf 88' lang='grc' dir='ltr'><em>ό</em></span> <span class='ocrx_word' id='word_1_497' title='bbox 746 3876 887 3941; x_wconf 81' lang='grc' dir='ltr'><em>Θεὸς</em></span> <span class='ocrx_word' id='word_1_498' title='bbox 918 3878 1195 3941; x_wconf 83' lang='grc' dir='ltr'><em>κατοικεῖ,</em></span> <span class='ocrx_word' id='word_1_499' title='bbox 1230 3878 1346 3942; x_wconf 83' lang='grc' dir='ltr'><em>πῶς</em></span> <span class='ocrx_word' id='word_1_500' title='bbox 1374 3882 1431 3932; x_wconf 86' lang='grc' dir='ltr'><strong>ἐν</strong></span> <span class='ocrx_word' id='word_1_501' title='bbox 1480 3882 1556 3949; x_wconf 80' lang='grc' dir='ltr'><em>τῷ</em></span> <span class='ocrx_word' id='word_1_502' title='bbox 1608 3883 1717 3935; x_wconf 84' lang='grc' dir='ltr'><em>τῶν</em></span> 
     </span>
    </p>
   </div>
   <div class='ocr_carea' id='block_1_64' title="bbox 172 3962 1717 4041">
    <p class='ocr_par' dir='ltr' id='par_1_64' title="bbox 172 3962 1717 4041">
     <span class='ocr_line' id='line_1_64' title="bbox 172 3962 1717 4041; baseline 0.01 -29"><span class='ocrx_word' id='word_1_503' title='bbox 172 3962 431 4017; x_wconf 82' lang='grc' dir='ltr'><strong>Ἰουδαίων</strong></span> <span class='ocrx_word' id='word_1_504' title='bbox 461 3966 575 4033; x_wconf 84' lang='grc' dir='ltr'><strong>ναῷ</strong></span> <span class='ocrx_word' id='word_1_505' title='bbox 602 3966 817 4033; x_wconf 75' lang='grc' dir='ltr'><em>ἐλέγετο</em></span> <span class='ocrx_word' id='word_1_506' title='bbox 844 3970 1044 4033; x_wconf 72' lang='grc' dir='ltr'><em>οὶκεῐνς</em></span> <span class='ocrx_word' id='word_1_507' title='bbox 1079 3971 1181 4021; x_wconf 81' lang='lat' dir='ltr'><strong>AA&#39;</strong></span> <span class='ocrx_word' id='word_1_508' title='bbox 1206 3971 1467 4041; x_wconf 71' lang='grc' dir='ltr'><em>περὶτοῦ,</em></span> <span class='ocrx_word' id='word_1_509' title='bbox 1502 3976 1568 4026; x_wconf 83' lang='lat' dir='ltr'><strong>El</strong></span> <span class='ocrx_word' id='word_1_510' title='bbox 1606 3973 1717 4040; x_wconf 79' lang='grc' dir='ltr'><strong>ἄρα</strong></span> 
     </span>
    </p>
   </div>
   <div class='ocr_carea' id='block_1_65' title="bbox 164 4056 1713 4133">
    <p class='ocr_par' dir='ltr' id='par_1_65' title="bbox 164 4056 1713 4133">
     <span class='ocr_line' id='line_1_65' title="bbox 164 4056 1713 4133; baseline 0.006 -26"><span class='ocrx_word' id='word_1_511' title='bbox 164 4056 593 4123; x_wconf 63' lang='grc' dir='ltr'><em>ψηλαφήσειαν</em></span> <span class='ocrx_word' id='word_1_512' title='bbox 647 4060 743 4110; x_wconf 77' lang='grc' dir='ltr'><strong>καὶ</strong></span> <span class='ocrx_word' id='word_1_513' title='bbox 807 4059 1037 4126; x_wconf 82' lang='grc' dir='ltr'><em>εὒροιεν</em></span> <span class='ocrx_word' id='word_1_514' title='bbox 1070 4064 1237 4115; x_wconf 84' lang='grc' dir='ltr'><em>Θεόν.</em></span> <span class='ocrx_word' id='word_1_515' title='bbox 1274 4064 1373 4115; x_wconf 85' lang='lat' dir='ltr'><strong>AB’</strong></span> <span class='ocrx_word' id='word_1_516' title='bbox 1409 4066 1539 4133; x_wconf 77' lang='grc' dir='ltr'><em>περὶ</em></span> <span class='ocrx_word' id='word_1_517' title='bbox 1596 4065 1713 4128; x_wconf 84' lang='grc' dir='ltr'><em>τοῦ,</em></span> 
     </span>
    </p>
   </div>
   <div class='ocr_carea' id='block_1_66' title="bbox 172 4146 1717 4221">
    <p class='ocr_par' dir='ltr' id='par_1_66' title="bbox 172 4146 1717 4221">
     <span class='ocr_line' id='line_1_66' title="bbox 172 4146 1717 4221; baseline 0.008 -25"><span class='ocrx_word' id='word_1_518' title='bbox 172 4146 347 4212; x_wconf 77' lang='grc' dir='ltr'><em>’Δμὴν</em></span> <span class='ocrx_word' id='word_1_519' title='bbox 419 4148 575 4215; x_wconf 76' lang='grc' dir='ltr'><em>λέγω</em></span> <span class='ocrx_word' id='word_1_520' title='bbox 627 4149 883 4216; x_wconf 82' lang='grc' dir='ltr'><em>ὑμῖν,δς</em></span> <span class='ocrx_word' id='word_1_521' title='bbox 924 4151 1001 4204; x_wconf 85' lang='grc' dir='ltr'><em>ἂν</em></span> <span class='ocrx_word' id='word_1_522' title='bbox 1028 4152 1164 4221; x_wconf 71' lang='grc' dir='ltr'><em>εἴπῃ</em></span> <span class='ocrx_word' id='word_1_523' title='bbox 1221 4152 1301 4218; x_wconf 81' lang='grc' dir='ltr'><em>τῷ</em></span> <span class='ocrx_word' id='word_1_524' title='bbox 1345 4154 1462 4221; x_wconf 88' lang='grc' dir='ltr'><em>ὄρει</em></span> <span class='ocrx_word' id='word_1_525' title='bbox 1512 4158 1717 4219; x_wconf 79' lang='grc' dir='ltr'><em>τούτῳ,</em></span> 
     </span>
    </p>
   </div>
   <div class='ocr_carea' id='block_1_67' title="bbox 162 4236 1721 4313">
    <p class='ocr_par' dir='ltr' id='par_1_67' title="bbox 162 4236 1721 4313">
     <span class='ocr_line' id='line_1_67' title="bbox 162 4236 1721 4313; baseline 0.008 -28"><span class='ocrx_word' id='word_1_526' title='bbox 162 4237 246 4285; x_wconf 77' lang='grc' dir='ltr'><strong>καὶ</strong></span> <span class='ocrx_word' id='word_1_527' title='bbox 268 4236 392 4305; x_wconf 80' lang='grc' dir='ltr'><strong>ἑξῆς</strong></span> <span class='ocrx_word' id='word_1_528' title='bbox 430 4239 503 4291; x_wconf 84' lang='grc'><strong>⁸⁵.</strong></span> <span class='ocrx_word' id='word_1_529' title='bbox 537 4239 786 4309; x_wconf 72' lang='grc' dir='ltr'><strong>ΔΓνπερὶ</strong></span> <span class='ocrx_word' id='word_1_530' title='bbox 836 4240 950 4306; x_wconf 82' lang='grc' dir='ltr'><em>τοῦ,</em></span> <span class='ocrx_word' id='word_1_531' title='bbox 1006 4242 1152 4295; x_wconf 87' lang='grc' dir='ltr'><em>Ὅσα</em></span> <span class='ocrx_word' id='word_1_532' title='bbox 1208 4242 1287 4298; x_wconf 85' lang='grc' dir='ltr'><em>ἂν</em></span> <span class='ocrx_word' id='word_1_533' title='bbox 1328 4247 1721 4313; x_wconf 83' lang='grc' dir='ltr'><em>προσευχόμε-</em></span> 
     </span>
    </p>
   </div>
   <div class='ocr_carea' id='block_1_68' title="bbox 161 4329 1717 4405">
    <p class='ocr_par' dir='ltr' id='par_1_68' title="bbox 161 4329 1717 4405">
     <span class='ocr_line' id='line_1_68' title="bbox 161 4329 1717 4405; baseline 0.008 -28"><span class='ocrx_word' id='word_1_534' title='bbox 161 4342 244 4378; x_wconf 88' lang='grc' dir='ltr'><em>νοι</em></span> <span class='ocrx_word' id='word_1_535' title='bbox 270 4329 521 4395; x_wconf 67' lang='grc' dir='ltr'><em>αἰτῆσθε</em></span> <span class='ocrx_word' id='word_1_536' title='bbox 539 4331 607 4391; x_wconf 81' lang='grc'><strong>⁸⁸.</strong></span> <span class='ocrx_word' id='word_1_537' title='bbox 639 4334 950 4385; x_wconf 83' lang='grc' dir='ltr'><em>πιστεύετε</em></span> <span class='ocrx_word' id='word_1_538' title='bbox 977 4334 1065 4385; x_wconf 83' lang='grc' dir='ltr'><em>ὅτι</em></span> <span class='ocrx_word' id='word_1_539' title='bbox 1086 4335 1432 4403; x_wconf 79' lang='grc' dir='ltr'><em>λαμϐάνετε,</em></span> <span class='ocrx_word' id='word_1_540' title='bbox 1462 4338 1553 4389; x_wconf 78' lang='grc' dir='ltr'><strong>καὶ</strong></span> <span class='ocrx_word' id='word_1_541' title='bbox 1573 4339 1717 4405; x_wconf 68' lang='grc' dir='ltr'><em>ἑξῆς.</em></span> 
     </span>
    </p>
   </div>
   <div class='ocr_carea' id='block_1_69' title="bbox 164 4417 1717 4496">
    <p class='ocr_par' dir='ltr' id='par_1_69' title="bbox 164 4417 1717 4496">
     <span class='ocr_line' id='line_1_69' title="bbox 164 4417 1717 4496; baseline 0.007 -28"><span class='ocrx_word' id='word_1_542' title='bbox 164 4417 253 4467; x_wconf 73' lang='lat' dir='ltr'><strong>AA’</strong></span> <span class='ocrx_word' id='word_1_543' title='bbox 285 4421 415 4488; x_wconf 77' lang='grc' dir='ltr'><em>περὶ</em></span> <span class='ocrx_word' id='word_1_544' title='bbox 444 4419 540 4471; x_wconf 79' lang='grc' dir='ltr'><em>τοῦ</em></span> <span class='ocrx_word' id='word_1_545' title='bbox 559 4422 637 4473; x_wconf 87' lang='grc' dir='ltr'><em>ὅτι</em></span> <span class='ocrx_word' id='word_1_546' title='bbox 689 4424 731 4453; x_wconf 81' lang='grc'><strong>⁸⁷</strong></span> <span class='ocrx_word' id='word_1_547' title='bbox 765 4424 1096 4493; x_wconf 79' lang='grc' dir='ltr'><em>κελευόμεοα</em></span> <span class='ocrx_word' id='word_1_548' title='bbox 1124 4425 1354 4495; x_wconf 84' lang='grc' dir='ltr'><em>τρώγειν</em></span> <span class='ocrx_word' id='word_1_549' title='bbox 1402 4427 1497 4495; x_wconf 86' lang='grc' dir='ltr'><em>τὴν</em></span> <span class='ocrx_word' id='word_1_550' title='bbox 1540 4428 1717 4496; x_wconf 77' lang='grc' dir='ltr'><em>σάρκα</em></span> 
     </span>
    </p>
   </div>
   <div class='ocr_carea' id='block_1_70' title="bbox 164 4507 1722 4584">
    <p class='ocr_par' dir='ltr' id='par_1_70' title="bbox 164 4507 1722 4584">
     <span class='ocr_line' id='line_1_70' title="bbox 164 4507 1722 4584; baseline 0.01 -28"><span class='ocrx_word' id='word_1_551' title='bbox 164 4508 247 4557; x_wconf 78' lang='grc' dir='ltr'><strong>καὶ</strong></span> <span class='ocrx_word' id='word_1_552' title='bbox 294 4511 473 4562; x_wconf 86' lang='grc' dir='ltr'><em>πίνειν</em></span> <span class='ocrx_word' id='word_1_553' title='bbox 515 4512 575 4563; x_wconf 82' lang='grc' dir='ltr'><em>τὸ</em></span> <span class='ocrx_word' id='word_1_554' title='bbox 635 4507 809 4580; x_wconf 77' lang='grc' dir='ltr'><em>αἷμα,</em></span> <span class='ocrx_word' id='word_1_555' title='bbox 849 4515 923 4583; x_wconf 82' lang='grc' dir='ltr'><em>μὴ</em></span> <span class='ocrx_word' id='word_1_556' title='bbox 987 4516 1289 4584; x_wconf 74' lang='grc' dir='ltr'><strong>συπρίὸειν</strong></span> <span class='ocrx_word' id='word_1_557' title='bbox 1350 4517 1404 4569; x_wconf 83' lang='grc' dir='ltr'>δὲ</span> <span class='ocrx_word' id='word_1_558' title='bbox 1449 4519 1519 4569; x_wconf 75' lang='grc' dir='ltr'><em>τὰ</em></span> <span class='ocrx_word' id='word_1_559' title='bbox 1572 4520 1722 4572; x_wconf 82' lang='grc' dir='ltr'><strong>ὀστᾶ.</strong></span> 
     </span>
    </p>
   </div>
   <div class='ocr_carea' id='block_1_71' title="bbox 165 4599 1722 4676">
    <p class='ocr_par' dir='ltr' id='par_1_71' title="bbox 165 4599 1722 4676">
     <span class='ocr_line' id='line_1_71' title="bbox 165 4599 1722 4676; baseline 0.009 -28"><span class='ocrx_word' id='word_1_560' title='bbox 165 4599 254 4649; x_wconf 81' lang='grc' dir='ltr'><strong>ΛΕ¹</strong></span> <span class='ocrx_word' id='word_1_561' title='bbox 298 4603 427 4671; x_wconf 78' lang='grc' dir='ltr'><em>περὶ</em></span> <span class='ocrx_word' id='word_1_562' title='bbox 457 4601 553 4654; x_wconf 83' lang='grc' dir='ltr'><em>τοῦ</em></span> <span class='ocrx_word' id='word_1_563' title='bbox 624 4604 705 4655; x_wconf 75' lang='grc' dir='ltr'><em>ἕνα</em></span> <span class='ocrx_word' id='word_1_564' title='bbox 739 4606 853 4655; x_wconf 69' lang='grc' dir='ltr'><em>ἐστὶ</em></span> <span class='ocrx_word' id='word_1_565' title='bbox 881 4605 946 4658; x_wconf 76' lang='grc' dir='ltr'><em>τὰ</em></span> <span class='ocrx_word' id='word_1_566' title='bbox 978 4606 1086 4658; x_wconf 82' lang='grc' dir='ltr'><em>τῶν</em></span> <span class='ocrx_word' id='word_1_567' title='bbox 1116 4607 1404 4676; x_wconf 84' lang='grc' dir='ltr'><em>θυομένων</em></span> <span class='ocrx_word' id='word_1_568' title='bbox 1433 4608 1585 4672; x_wconf 78' lang='grc' dir='ltr'><strong>ζώων</strong></span> <span class='ocrx_word' id='word_1_569' title='bbox 1621 4610 1722 4662; x_wconf 85' lang='grc' dir='ltr'><strong>σώ-</strong></span> 
     </span>
    </p>
   </div>
   <div class='ocr_carea' id='block_1_72' title="bbox 168 4696 1719 4772">
    <p class='ocr_par' dir='ltr' id='par_1_72' title="bbox 168 4696 1719 4772">
     <span class='ocr_line' id='line_1_72' title="bbox 168 4696 1719 4772; baseline 0.016 -32"><span class='ocrx_word' id='word_1_570' title='bbox 168 4706 297 4755; x_wconf 67' lang='lat' dir='ltr'><strong>una.</strong></span> <span class='ocrx_word' id='word_1_571' title='bbox 333 4696 445 4757; x_wconf 85' lang='grc' dir='ltr'><em>τοῖς</em></span> <span class='ocrx_word' id='word_1_572' title='bbox 520 4696 903 4763; x_wconf 76' lang='grc' dir='ltr'><em>Ἰσραηλίταις.</em></span> <span class='ocrx_word' id='word_1_573' title='bbox 934 4697 1053 4764; x_wconf 65' lang='grc' dir='ltr'><strong>Λς⁹</strong></span> <span class='ocrx_word' id='word_1_574' title='bbox 1084 4699 1213 4767; x_wconf 75' lang='grc' dir='ltr'><em>περὶ</em></span> <span class='ocrx_word' id='word_1_575' title='bbox 1263 4699 1361 4769; x_wconf 82' lang='grc' dir='ltr'><em>τῆς</em></span> <span class='ocrx_word' id='word_1_576' title='bbox 1422 4701 1635 4770; x_wconf 81' lang='grc' dir='ltr'><strong>ἐχίδνης</strong></span> <span class='ocrx_word' id='word_1_577' title='bbox 1686 4702 1719 4772; x_wconf 69' lang='grc' dir='ltr'>ἢ</span> 
     </span>
    </p>
   </div>
   <div class='ocr_carea' id='block_1_73' title="bbox 264 4847 1379 4915">
    <p class='ocr_par' dir='ltr' id='par_1_73' title="bbox 264 4847 1379 4915">
     <span class='ocr_line' id='line_1_73' title="bbox 264 4847 1379 4915; baseline 0.003 -12"><span class='ocrx_word' id='word_1_578' title='bbox 264 4847 282 4889; x_wconf 76' lang='grc' dir='ltr'>ι</span> <span class='ocrx_word' id='word_1_579' title='bbox 310 4847 480 4909; x_wconf 62' lang='lat' dir='ltr'><strong>Iudae,</strong></span> <span class='ocrx_word' id='word_1_580' title='bbox 511 4850 561 4903; x_wconf 85' lang='lat'><strong>6.</strong></span> <span class='ocrx_word' id='word_1_581' title='bbox 592 4858 630 4885; x_wconf 72' lang='grc'><strong>⁵³</strong></span> <span class='ocrx_word' id='word_1_582' title='bbox 656 4850 821 4915; x_wconf 68' lang='lat' dir='ltr'><strong>Judze,</strong></span> <span class='ocrx_word' id='word_1_583' title='bbox 858 4851 945 4905; x_wconf 74' lang='lat'><strong>25.</strong></span> <span class='ocrx_word' id='word_1_584' title='bbox 1006 4863 1033 4889; x_wconf 69' lang='grc' dir='ltr'><strong>υ</strong></span> <span class='ocrx_word' id='word_1_585' title='bbox 1062 4852 1252 4906; x_wconf 78' lang='lat' dir='ltr'><strong>Rom.l</strong></span> <span class='ocrx_word' id='word_1_586' title='bbox 1290 4853 1379 4911; x_wconf 73' lang='grc'><strong>20.</strong></span> 
     </span>
    </p>
   </div>
   <div class='ocr_carea' id='block_1_74' title="bbox 171 4920 1342 4986">
    <p class='ocr_par' dir='ltr' id='par_1_74' title="bbox 171 4920 1342 4986">
     <span class='ocr_line' id='line_1_74' title="bbox 171 4920 1342 4986; baseline 0.008 -20"><span class='ocrx_word' id='word_1_587' title='bbox 171 4920 332 4979; x_wconf 64' lang='lat'><strong>&quot;,12</strong></span> <span class='ocrx_word' id='word_1_588' title='bbox 368 4928 415 4973; x_wconf 84' lang='grc' dir='ltr'><strong>,υ</strong></span> <span class='ocrx_word' id='word_1_589' title='bbox 447 4920 639 4975; x_wconf 82' lang='lat' dir='ltr'><strong>Matth.</strong></span> <span class='ocrx_word' id='word_1_590' title='bbox 671 4937 779 4983; x_wconf 80' lang='lat' dir='ltr'><strong>ut,</strong></span> <span class='ocrx_word' id='word_1_591' title='bbox 826 4926 925 4985; x_wconf 81' lang='lat' dir='ltr'><strong>I9;</strong></span> <span class='ocrx_word' id='word_1_592' title='bbox 961 4922 1121 4974; x_wconf 76' lang='lat' dir='ltr'><strong>Marc.</strong></span> <span class='ocrx_word' id='word_1_593' title='bbox 1154 4939 1227 4986; x_wconf 75' lang='grc' dir='ltr'><em>ιι,</em></span> <span class='ocrx_word' id='word_1_594' title='bbox 1254 4924 1342 4977; x_wconf 79' lang='lat'><strong>‘20.</strong></span> 
     </span>
    </p>
   </div>
   <div class='ocr_carea' id='block_1_75' title="bbox 170 4992 1141 5050">
    <p class='ocr_par' dir='ltr' id='par_1_75' title="bbox 170 4992 1141 5050">
     <span class='ocr_line' id='line_1_75' title="bbox 170 4992 1141 5050; baseline 0.003 -10"><span class='ocrx_word' id='word_1_595' title='bbox 170 4999 190 5023; x_wconf 74' lang='grc'>⁸</span> <span class='ocrx_word' id='word_1_596' title='bbox 221 4993 332 5042; x_wconf 74' lang='lat' dir='ltr'><strong>Art.</strong></span> <span class='ocrx_word' id='word_1_597' title='bbox 368 5005 465 5050; x_wconf 82' lang='lat' dir='ltr'><strong>xu,</strong></span> <span class='ocrx_word' id='word_1_598' title='bbox 511 4992 596 5044; x_wconf 82' lang='grc'><strong>10.</strong></span> <span class='ocrx_word' id='word_1_599' title='bbox 700 4992 724 5028; x_wconf 77' lang='lat' dir='ltr'><strong>b</strong></span> <span class='ocrx_word' id='word_1_600' title='bbox 758 4993 770 5041; x_wconf 95' lang='grc' dir='ltr'><strong>Ι</strong></span> <span class='ocrx_word' id='word_1_601' title='bbox 805 4992 929 5044; x_wconf 86' lang='lat' dir='ltr'><strong>Cor.</strong></span> <span class='ocrx_word' id='word_1_602' title='bbox 964 5008 1041 5050; x_wconf 75' lang='lat' dir='ltr'><strong>xl.</strong></span> <span class='ocrx_word' id='word_1_603' title='bbox 1089 4993 1141 5043; x_wconf 78' lang='lat'><strong>3.</strong></span> 
     </span>
    </p>
   </div>
   <div class='ocr_carea' id='block_1_76' title="bbox 171 5057 615 5111">
    <p class='ocr_par' dir='ltr' id='par_1_76' title="bbox 171 5057 615 5111">
     <span class='ocr_line' id='line_1_76' title="bbox 171 5057 615 5111; baseline 0.016 -7"><span class='ocrx_word' id='word_1_604' title='bbox 171 5057 193 5093; x_wconf 76' lang='grc' dir='ltr'>ε</span> <span class='ocrx_word' id='word_1_605' title='bbox 220 5062 328 5110; x_wconf 74' lang='lat' dir='ltr'><strong>Act.</strong></span> <span class='ocrx_word' id='word_1_606' title='bbox 364 5075 497 5111; x_wconf 79' lang='lat' dir='ltr'><strong>xm.</strong></span> <span class='ocrx_word' id='word_1_607' title='bbox 529 5062 615 5111; x_wconf 59' lang='lat'><strong>‘24.</strong></span> 
     </span>
    </p>
   </div>
   <div class='ocr_carea' id='block_1_77' title="bbox 1456 4854 2011 4919">
    <p class='ocr_par' dir='ltr' id='par_1_77' title="bbox 1456 4854 2011 4919">
     <span class='ocr_line' id='line_1_77' title="bbox 1456 4854 2011 4919; baseline 0.007 -16"><span class='ocrx_word' id='word_1_608' title='bbox 1456 4864 1537 4903; x_wconf 68' lang='grc' dir='ltr'><strong>ουρ</strong></span> <span class='ocrx_word' id='word_1_609' title='bbox 1566 4856 1729 4908; x_wconf 79' lang='lat' dir='ltr'><strong>Exod.</strong></span> <span class='ocrx_word' id='word_1_610' title='bbox 1763 4870 1930 4919; x_wconf 78' lang='lat' dir='ltr'><strong>xuii,</strong></span> <span class='ocrx_word' id='word_1_611' title='bbox 1958 4854 2011 4907; x_wconf 74' lang='grc'><em>4.</em></span> 
     </span>
    </p>
   </div>
   <div class='ocr_carea' id='block_1_78' title="bbox 1427 4924 1901 4988">
    <p class='ocr_par' dir='ltr' id='par_1_78' title="bbox 1427 4924 1901 4988">
     <span class='ocr_line' id='line_1_78' title="bbox 1427 4924 1901 4988; baseline -0.002 -11"><span class='ocrx_word' id='word_1_612' title='bbox 1427 4935 1451 4962; x_wconf 74' lang='grc' dir='ltr'>ν</span> <span class='ocrx_word' id='word_1_613' title='bbox 1484 4924 1682 4977; x_wconf 83' lang='lat' dir='ltr'><strong>Coloss.</strong></span> <span class='ocrx_word' id='word_1_614' title='bbox 1724 4940 1783 4988; x_wconf 88' lang='lat' dir='ltr'><strong>II,</strong></span> <span class='ocrx_word' id='word_1_615' title='bbox 1818 4925 1901 4977; x_wconf 87' lang='lat' dir='ltr'><strong>I5.</strong></span> 
     </span>
    </p>
   </div>
   <div class='ocr_carea' id='block_1_79' title="bbox 1263 4993 1779 5060">
    <p class='ocr_par' dir='ltr' id='par_1_79' title="bbox 1263 4993 1779 5060">
     <span class='ocr_line' id='line_1_79' title="bbox 1263 4993 1779 5060; baseline 0.002 -15"><span class='ocrx_word' id='word_1_616' title='bbox 1263 5004 1283 5031; x_wconf 79' lang='grc' dir='ltr'>ε</span> <span class='ocrx_word' id='word_1_617' title='bbox 1313 4993 1431 5045; x_wconf 78' lang='lat' dir='ltr'><strong>Act.</strong></span> <span class='ocrx_word' id='word_1_618' title='bbox 1465 4997 1571 5055; x_wconf 78' lang='lat' dir='ltr'><strong>x,l</strong></span> <span class='ocrx_word' id='word_1_619' title='bbox 1630 5010 1779 5060; x_wconf 84' lang='lat' dir='ltr'><strong>seqq.</strong></span> 
     </span>
    </p>
   </div>
   <div class='ocr_carea' id='block_1_80' title="bbox 724 5058 2289 5125">
    <p class='ocr_par' dir='ltr' id='par_1_80' title="bbox 724 5058 2289 5125">
     <span class='ocr_line' id='line_1_80' title="bbox 724 5058 2289 5125; baseline 0.001 -13"><span class='ocrx_word' id='word_1_620' title='bbox 724 5058 749 5095; x_wconf 62' lang='grc' dir='ltr'><em>ιι</em></span> <span class='ocrx_word' id='word_1_621' title='bbox 778 5063 896 5112; x_wconf 84' lang='lat' dir='ltr'><strong>Act.</strong></span> <span class='ocrx_word' id='word_1_622' title='bbox 933 5077 1064 5119; x_wconf 77' lang='lat' dir='ltr'><strong>xvii.</strong></span> <span class='ocrx_word' id='word_1_623' title='bbox 1105 5061 1193 5113; x_wconf 72' lang='grc'><strong>27.</strong></span> <span class='ocrx_word' id='word_1_624' title='bbox 1280 5062 1294 5101; x_wconf 80' lang='grc' dir='ltr'>ί</span> <span class='ocrx_word' id='word_1_625' title='bbox 1332 5062 1493 5115; x_wconf 75' lang='lat' dir='ltr'><strong>Mare.</strong></span> <span class='ocrx_word' id='word_1_626' title='bbox 1526 5080 1596 5123; x_wconf 75' lang='grc' dir='ltr'><em>λι,</em></span> <span class='ocrx_word' id='word_1_627' title='bbox 1643 5058 1755 5124; x_wconf 50' lang='grc' dir='ltr'><strong>’ἰδέ</strong></span> <span class='ocrx_word' id='word_1_628' title='bbox 1798 5061 1987 5115; x_wconf 80' lang='lat' dir='ltr'><strong>Matth.</strong></span> <span class='ocrx_word' id='word_1_629' title='bbox 2038 5079 2168 5125; x_wconf 76' lang='lat' dir='ltr'><strong>xvu,</strong></span> <span class='ocrx_word' id='word_1_630' title='bbox 2204 5065 2289 5119; x_wconf 71' lang='lat'><strong>20.</strong></span> 
     </span>
    </p>
   </div>
   <div class='ocr_carea' id='block_1_81' title="bbox 174 5119 2234 5203">
    <p class='ocr_par' dir='ltr' id='par_1_81' title="bbox 174 5119 2234 5203">
     <span class='ocr_line' id='line_1_81' title="bbox 174 5119 2234 5203; baseline 0.005 -26"><span class='ocrx_word' id='word_1_631' title='bbox 174 5119 195 5157; x_wconf 63' lang='grc' dir='ltr'><strong>λ</strong></span> <span class='ocrx_word' id='word_1_632' title='bbox 224 5128 369 5180; x_wconf 78' lang='lat' dir='ltr'><strong>toan.</strong></span> <span class='ocrx_word' id='word_1_633' title='bbox 407 5142 483 5191; x_wconf 67' lang='lat' dir='ltr'><strong>vr,</strong></span> <span class='ocrx_word' id='word_1_634' title='bbox 532 5140 588 5182; x_wconf 85' lang='lat' dir='ltr'><strong>et</strong></span> <span class='ocrx_word' id='word_1_635' title='bbox 621 5145 733 5190; x_wconf 78' lang='lat' dir='ltr'><strong>XIX,</strong></span> <span class='ocrx_word' id='word_1_636' title='bbox 763 5130 862 5197; x_wconf 79' lang='lat'><strong>33;</strong></span> <span class='ocrx_word' id='word_1_637' title='bbox 889 5128 1056 5184; x_wconf 70' lang='lat' dir='ltr'><strong>Exodi</strong></span> <span class='ocrx_word' id='word_1_638' title='bbox 1090 5146 1185 5194; x_wconf 74' lang='lat' dir='ltr'><strong>sit,</strong></span> <span class='ocrx_word' id='word_1_639' title='bbox 1221 5130 1290 5196; x_wconf 89' lang='lat'><strong>9;</strong></span> <span class='ocrx_word' id='word_1_640' title='bbox 1326 5133 1487 5185; x_wconf 87' lang='lat' dir='ltr'><strong>Num.</strong></span> <span class='ocrx_word' id='word_1_641' title='bbox 1524 5119 1595 5195; x_wconf 74' lang='lat' dir='ltr'><strong>ix,</strong></span> <span class='ocrx_word' id='word_1_642' title='bbox 1627 5149 1679 5203; x_wconf 86' lang='lat'><strong>9.</strong></span> <span class='ocrx_word' id='word_1_643' title='bbox 1732 5119 1764 5169; x_wconf 59' lang='grc' dir='ltr'>ἰ</span> <span class='ocrx_word' id='word_1_644' title='bbox 1791 5133 1911 5187; x_wconf 81' lang='lat' dir='ltr'><strong>Act.</strong></span> <span class='ocrx_word' id='word_1_645' title='bbox 1946 5147 2134 5198; x_wconf 75' lang='lat' dir='ltr'><strong>XXVIII,</strong></span> <span class='ocrx_word' id='word_1_646' title='bbox 2158 5119 2234 5187; x_wconf 62' lang='grc'><strong>’5.</strong></span> 
     </span>
    </p>
   </div>
   <div class='ocr_carea' id='block_1_82' title="bbox 1812 2510 3372 2577">
    <p class='ocr_par' dir='ltr' id='par_1_82' title="bbox 1812 2510 3372 2577">
     <span class='ocr_line' id='line_1_82' title="bbox 1812 2510 3372 2577; baseline 0.001 -17"><span class='ocrx_word' id='word_1_647' title='bbox 1812 2510 1977 2562; x_wconf 85' lang='lat' dir='ltr'><strong>David</strong></span> <span class='ocrx_word' id='word_1_648' title='bbox 2025 2510 2089 2562; x_wconf 87' lang='lat' dir='ltr'><strong>ad</strong></span> <span class='ocrx_word' id='word_1_649' title='bbox 2123 2525 2215 2563; x_wconf 86' lang='lat' dir='ltr'><strong>eas</strong></span> <span class='ocrx_word' id='word_1_650' title='bbox 2245 2510 2525 2563; x_wconf 85' lang='lat' dir='ltr'><strong>devenerit</strong></span> <span class='ocrx_word' id='word_1_651' title='bbox 2573 2518 2781 2576; x_wconf 75' lang='lat' dir='ltr'><strong>gentes,</strong></span> <span class='ocrx_word' id='word_1_652' title='bbox 2818 2524 2936 2577; x_wconf 68' lang='lat' dir='ltr'><strong>qua:</strong></span> <span class='ocrx_word' id='word_1_653' title='bbox 2982 2519 3169 2561; x_wconf 84' lang='lat' dir='ltr'><strong>natum</strong></span> <span class='ocrx_word' id='word_1_654' title='bbox 3201 2525 3264 2561; x_wconf 82' lang='lat' dir='ltr'><strong>ex</strong></span> <span class='ocrx_word' id='word_1_655' title='bbox 3308 2522 3372 2561; x_wconf 83' lang='lat' dir='ltr'><strong>eo</strong></span> 
     </span>
    </p>
   </div>
   <div class='ocr_carea' id='block_1_83' title="bbox 1811 2599 3372 2670">
    <p class='ocr_par' dir='ltr' id='par_1_83' title="bbox 1811 2599 3372 2670">
     <span class='ocr_line' id='line_1_83' title="bbox 1811 2599 3372 2670; baseline -0.001 -15"><span class='ocrx_word' id='word_1_656' title='bbox 1811 2616 1916 2655; x_wconf 85' lang='lat' dir='ltr'><strong>non</strong></span> <span class='ocrx_word' id='word_1_657' title='bbox 1966 2602 2373 2670; x_wconf 78' lang='lat' dir='ltr'><strong>cognoverunt?</strong></span> <span class='ocrx_word' id='word_1_658' title='bbox 2427 2600 2612 2654; x_wconf 90' lang='lat' dir='ltr'><strong>XXIII.</strong></span> <span class='ocrx_word' id='word_1_659' title='bbox 2666 2600 2803 2667; x_wconf 82' lang='lat' dir='ltr'><strong>Quid</strong></span> <span class='ocrx_word' id='word_1_660' title='bbox 2848 2610 2975 2655; x_wconf 88' lang='lat' dir='ltr'><strong>est:</strong></span> <span class='ocrx_word' id='word_1_661' title='bbox 3029 2599 3372 2653; x_wconf 76' lang='lat' dir='ltr'><strong>Transeuntes</strong></span> 
     </span>
    </p>
   </div>
   <div class='ocr_carea' id='block_1_84' title="bbox 1812 2695 3373 2762">
    <p class='ocr_par' dir='ltr' id='par_1_84' title="bbox 1812 2695 3373 2762">
     <span class='ocr_line' id='line_1_84' title="bbox 1812 2695 3373 2762; baseline 0.001 -17"><span class='ocrx_word' id='word_1_662' title='bbox 1812 2698 2033 2762; x_wconf 78' lang='lat' dir='ltr'><strong>primum</strong></span> <span class='ocrx_word' id='word_1_663' title='bbox 2093 2706 2138 2747; x_wconf 84' lang='lat' dir='ltr'><strong>et</strong></span> <span class='ocrx_word' id='word_1_664' title='bbox 2206 2697 2489 2749; x_wconf 77' lang='lat' dir='ltr'><strong>secundum</strong></span> <span class='ocrx_word' id='word_1_665' title='bbox 2556 2698 2845 2747; x_wconf 72' lang='lat' dir='ltr'><strong>custodiam</strong></span> <span class='ocrx_word' id='word_1_666' title='bbox 2898 2695 2973 2748; x_wconf 73' lang='lat' dir='ltr'><strong>bi</strong></span> <span class='ocrx_word' id='word_1_667' title='bbox 3020 2704 3075 2748; x_wconf 89' lang='lat' dir='ltr'><strong>et</strong></span> <span class='ocrx_word' id='word_1_668' title='bbox 3123 2710 3239 2761; x_wconf 47' lang='lat' dir='ltr'><strong>quae</strong></span> <span class='ocrx_word' id='word_1_669' title='bbox 3281 2696 3373 2748; x_wconf 85' lang='lat' dir='ltr'><strong>illa</strong></span> 
     </span>
    </p>
   </div>
   <div class='ocr_carea' id='block_1_85' title="bbox 1819 2785 3373 2853">
    <p class='ocr_par' dir='ltr' id='par_1_85' title="bbox 1819 2785 3373 2853">
     <span class='ocr_line' id='line_1_85' title="bbox 1819 2785 3373 2853; baseline 0.002 -17"><span class='ocrx_word' id='word_1_670' title='bbox 1819 2796 1969 2853; x_wconf 91' lang='lat' dir='ltr'><strong>porta</strong></span> <span class='ocrx_word' id='word_1_671' title='bbox 2020 2786 2223 2839; x_wconf 81' lang='lat' dir='ltr'><strong>ferrea?</strong></span> <span class='ocrx_word' id='word_1_672' title='bbox 2260 2785 2447 2840; x_wconf 86' lang='lat' dir='ltr'><strong>XXIV.</strong></span> <span class='ocrx_word' id='word_1_673' title='bbox 2506 2786 2579 2839; x_wconf 90' lang='lat' dir='ltr'><strong>De</strong></span> <span class='ocrx_word' id='word_1_674' title='bbox 2650 2786 2783 2839; x_wconf 90' lang='lat' dir='ltr'><strong>illo:</strong></span> <span class='ocrx_word' id='word_1_675' title='bbox 2831 2785 3014 2839; x_wconf 85' lang='lat' dir='ltr'><strong>Omnis</strong></span> <span class='ocrx_word' id='word_1_676' title='bbox 3080 2787 3173 2839; x_wconf 76' lang='lat' dir='ltr'><strong>viri</strong></span> <span class='ocrx_word' id='word_1_677' title='bbox 3222 2797 3373 2853; x_wconf 85' lang='lat' dir='ltr'><strong>caput</strong></span> 
     </span>
    </p>
   </div>
   <div class='ocr_carea' id='block_1_86' title="bbox 1812 2876 3367 2947">
    <p class='ocr_par' dir='ltr' id='par_1_86' title="bbox 1812 2876 3367 2947">
     <span class='ocr_line' id='line_1_86' title="bbox 1812 2876 3367 2947; baseline -0.002 -16"><span class='ocrx_word' id='word_1_678' title='bbox 1812 2876 2049 2931; x_wconf 75' lang='lat' dir='ltr'><strong>Christus</strong></span> <span class='ocrx_word' id='word_1_679' title='bbox 2067 2886 2166 2938; x_wconf 84' lang='lat' dir='ltr'><strong>est.</strong></span> <span class='ocrx_word' id='word_1_680' title='bbox 2193 2887 2248 2931; x_wconf 92' lang='lat' dir='ltr'><strong>et</strong></span> <span class='ocrx_word' id='word_1_681' title='bbox 2271 2894 2389 2947; x_wconf 69' lang='lat' dir='ltr'><strong>quae</strong></span> <span class='ocrx_word' id='word_1_682' title='bbox 2409 2889 2712 2945; x_wconf 85' lang='lat' dir='ltr'><strong>sequuntur</strong></span> <span class='ocrx_word' id='word_1_683' title='bbox 2746 2887 2791 2929; x_wconf 75' lang='grc' dir='ltr'><em>ε.</em></span> <span class='ocrx_word' id='word_1_684' title='bbox 2827 2876 2987 2929; x_wconf 82' lang='lat' dir='ltr'><strong>XXV.</strong></span> <span class='ocrx_word' id='word_1_685' title='bbox 3021 2877 3096 2930; x_wconf 88' lang='lat' dir='ltr'><strong>De</strong></span> <span class='ocrx_word' id='word_1_686' title='bbox 3124 2893 3244 2946; x_wconf 80' lang='lat' dir='ltr'><strong>rege</strong></span> <span class='ocrx_word' id='word_1_687' title='bbox 3276 2878 3367 2929; x_wconf 61' lang='grc' dir='ltr'><strong>Βησ</strong></span> 
     </span>
    </p>
   </div>
   <div class='ocr_carea' id='block_1_87' title="bbox 1815 2969 3377 3039">
    <p class='ocr_par' dir='ltr' id='par_1_87' title="bbox 1815 2969 3377 3039">
     <span class='ocr_line' id='line_1_87' title="bbox 1815 2969 3377 3039; baseline 0.001 -18"><span class='ocrx_word' id='word_1_688' title='bbox 1815 2969 2049 3039; x_wconf 82' lang='lat' dir='ltr'><strong>bylonis,</strong></span> <span class='ocrx_word' id='word_1_689' title='bbox 2081 2981 2137 3024; x_wconf 90' lang='lat' dir='ltr'><strong>et</strong></span> <span class='ocrx_word' id='word_1_690' title='bbox 2159 2969 2324 3033; x_wconf 84' lang='lat' dir='ltr'><strong>Juda,</strong></span> <span class='ocrx_word' id='word_1_691' title='bbox 2354 2980 2408 3024; x_wconf 89' lang='lat' dir='ltr'><strong>et</strong></span> <span class='ocrx_word' id='word_1_692' title='bbox 2431 2972 2691 3039; x_wconf 79' lang='lat' dir='ltr'><strong>gentium.</strong></span> <span class='ocrx_word' id='word_1_693' title='bbox 2720 2970 2903 3023; x_wconf 86' lang='lat' dir='ltr'><strong>XXVI.</strong></span> <span class='ocrx_word' id='word_1_694' title='bbox 2936 2971 3008 3024; x_wconf 89' lang='lat' dir='ltr'><strong>De</strong></span> <span class='ocrx_word' id='word_1_695' title='bbox 3050 2972 3377 3023; x_wconf 74' lang='lat' dir='ltr'><strong>revelatione</strong></span> 
     </span>
    </p>
   </div>
   <div class='ocr_carea' id='block_1_88' title="bbox 1812 3058 3376 3129">
    <p class='ocr_par' dir='ltr' id='par_1_88' title="bbox 1812 3058 3376 3129">
     <span class='ocr_line' id='line_1_88' title="bbox 1812 3058 3376 3129; baseline 0.001 -16"><span class='ocrx_word' id='word_1_696' title='bbox 1812 3058 1977 3114; x_wconf 91' lang='lat' dir='ltr'><strong>Petro</strong></span> <span class='ocrx_word' id='word_1_697' title='bbox 2024 3076 2187 3128; x_wconf 89' lang='lat' dir='ltr'><strong>super</strong></span> <span class='ocrx_word' id='word_1_698' title='bbox 2225 3062 2482 3115; x_wconf 79' lang='lat' dir='ltr'><strong>Cornelio</strong></span> <span class='ocrx_word' id='word_1_699' title='bbox 2528 3061 2689 3125; x_wconf 76' lang='lat' dir='ltr'><strong>facta,</strong></span> <span class='ocrx_word' id='word_1_700' title='bbox 2737 3072 2902 3129; x_wconf 89' lang='lat' dir='ltr'><strong>utque</strong></span> <span class='ocrx_word' id='word_1_701' title='bbox 2938 3062 3169 3115; x_wconf 83' lang='lat' dir='ltr'><strong>Cornelii</strong></span> <span class='ocrx_word' id='word_1_702' title='bbox 3219 3078 3376 3114; x_wconf 70' lang='lat' dir='ltr'><strong>causa</strong></span> 
     </span>
    </p>
   </div>
   <div class='ocr_carea' id='block_1_89' title="bbox 1813 3151 3378 3221">
    <p class='ocr_par' dir='ltr' id='par_1_89' title="bbox 1813 3151 3378 3221">
     <span class='ocr_line' id='line_1_89' title="bbox 1813 3151 3378 3221; baseline 0.006 -20"><span class='ocrx_word' id='word_1_703' title='bbox 1813 3152 2026 3220; x_wconf 87' lang='lat' dir='ltr'><strong>quidam</strong></span> <span class='ocrx_word' id='word_1_704' title='bbox 2066 3155 2327 3206; x_wconf 86' lang='lat' dir='ltr'><strong>adversus</strong></span> <span class='ocrx_word' id='word_1_705' title='bbox 2388 3151 2608 3207; x_wconf 87' lang='lat' dir='ltr'><strong>Petrum</strong></span> <span class='ocrx_word' id='word_1_706' title='bbox 2667 3154 3017 3221; x_wconf 83' lang='lat' dir='ltr'><strong>disceptarint</strong></span> <span class='ocrx_word' id='word_1_707' title='bbox 3062 3152 3111 3205; x_wconf 79' lang='grc' dir='ltr'><em>ά.</em></span> <span class='ocrx_word' id='word_1_708' title='bbox 3166 3152 3378 3210; x_wconf 76' lang='lat' dir='ltr'><strong>XXVII.</strong></span> 
     </span>
    </p>
   </div>
   <div class='ocr_carea' id='block_1_90' title="bbox 1814 3241 3357 3308">
    <p class='ocr_par' dir='ltr' id='par_1_90' title="bbox 1814 3241 3357 3308">
     <span class='ocr_line' id='line_1_90' title="bbox 1814 3241 3357 3308; baseline 0.001 -15"><span class='ocrx_word' id='word_1_709' title='bbox 1814 3243 1892 3294; x_wconf 78' lang='lat' dir='ltr'><strong>Ad</strong></span> <span class='ocrx_word' id='word_1_710' title='bbox 1924 3257 2061 3308; x_wconf 88' lang='lat' dir='ltr'><strong>quos</strong></span> <span class='ocrx_word' id='word_1_711' title='bbox 2098 3242 2299 3295; x_wconf 89' lang='lat' dir='ltr'><strong>dictum</strong></span> <span class='ocrx_word' id='word_1_712' title='bbox 2328 3243 2438 3297; x_wconf 90' lang='lat' dir='ltr'><strong>sit:</strong></span> <span class='ocrx_word' id='word_1_713' title='bbox 2472 3241 2671 3305; x_wconf 80' lang='lat' dir='ltr'><strong>Venite,</strong></span> <span class='ocrx_word' id='word_1_714' title='bbox 2695 3254 2742 3296; x_wconf 85' lang='lat' dir='ltr'><strong>et</strong></span> <span class='ocrx_word' id='word_1_715' title='bbox 2761 3245 3153 3304; x_wconf 83' lang='lat' dir='ltr'><strong>descettdamus,</strong></span> <span class='ocrx_word' id='word_1_716' title='bbox 3185 3256 3228 3294; x_wconf 88' lang='lat' dir='ltr'><strong>et</strong></span> <span class='ocrx_word' id='word_1_717' title='bbox 3262 3262 3357 3295; x_wconf 82' lang='lat' dir='ltr'><strong>con</strong></span> 
     </span>
    </p>
   </div>
   <div class='ocr_carea' id='block_1_91' title="bbox 1816 3334 3373 3403">
    <p class='ocr_par' dir='ltr' id='par_1_91' title="bbox 1816 3334 3373 3403">
     <span class='ocr_line' id='line_1_91' title="bbox 1816 3334 3373 3403; baseline 0.002 -17"><span class='ocrx_word' id='word_1_718' title='bbox 1816 3335 2101 3402; x_wconf 78' lang='lat' dir='ltr'><strong>fundamus</strong></span> <span class='ocrx_word' id='word_1_719' title='bbox 2147 3335 2379 3401; x_wconf 85' lang='lat' dir='ltr'><strong>ipsorum</strong></span> <span class='ocrx_word' id='word_1_720' title='bbox 2419 3336 2626 3403; x_wconf 82' lang='lat' dir='ltr'><strong>linguas</strong></span> <span class='ocrx_word' id='word_1_721' title='bbox 2672 3346 2716 3388; x_wconf 77' lang='grc' dir='ltr'><em>ο.</em></span> <span class='ocrx_word' id='word_1_722' title='bbox 2771 3334 3007 3388; x_wconf 76' lang='lat' dir='ltr'><strong>XXVIII.</strong></span> <span class='ocrx_word' id='word_1_723' title='bbox 3058 3335 3193 3401; x_wconf 87' lang='lat' dir='ltr'><strong>Quid</strong></span> <span class='ocrx_word' id='word_1_724' title='bbox 3224 3339 3292 3387; x_wconf 92' lang='lat' dir='ltr'><strong>sit</strong></span> <span class='ocrx_word' id='word_1_725' title='bbox 3323 3338 3373 3389; x_wconf 89' lang='lat' dir='ltr'><strong>in</strong></span> 
     </span>
    </p>
   </div>
   <div class='ocr_carea' id='block_1_92' title="bbox 1815 3425 3380 3493">
    <p class='ocr_par' dir='ltr' id='par_1_92' title="bbox 1815 3425 3380 3493">
     <span class='ocr_line' id='line_1_92' title="bbox 1815 3425 3380 3493; baseline 0.002 -15"><span class='ocrx_word' id='word_1_726' title='bbox 1815 3426 1966 3479; x_wconf 81' lang='lat' dir='ltr'><strong>Actis</strong></span> <span class='ocrx_word' id='word_1_727' title='bbox 2015 3425 2379 3491; x_wconf 85' lang='lat' dir='ltr'><strong>apostolorum</strong></span> <span class='ocrx_word' id='word_1_728' title='bbox 2430 3444 2444 3479; x_wconf 90' lang='lat'>:</span> <span class='ocrx_word' id='word_1_729' title='bbox 2495 3426 2597 3490; x_wconf 85' lang='lat' dir='ltr'><strong>Qui</strong></span> <span class='ocrx_word' id='word_1_730' title='bbox 2634 3444 2722 3493; x_wconf 82' lang='lat' dir='ltr'><strong>per</strong></span> <span class='ocrx_word' id='word_1_731' title='bbox 2759 3430 2998 3492; x_wconf 78' lang='lat' dir='ltr'><strong>spiritum</strong></span> <span class='ocrx_word' id='word_1_732' title='bbox 3035 3426 3199 3478; x_wconf 78' lang='lat' dir='ltr'><strong>Paulo</strong></span> <span class='ocrx_word' id='word_1_733' title='bbox 3236 3431 3380 3481; x_wconf 73' lang='lat' dir='ltr'><strong>dixe-</strong></span> 
     </span>
    </p>
   </div>
   <div class='ocr_carea' id='block_1_93' title="bbox 1818 3513 3354 3583">
    <p class='ocr_par' dir='ltr' id='par_1_93' title="bbox 1818 3513 3354 3583">
     <span class='ocr_line' id='line_1_93' title="bbox 1818 3513 3354 3583; baseline 0.002 -18"><span class='ocrx_word' id='word_1_734' title='bbox 1818 3524 1956 3575; x_wconf 85' lang='lat' dir='ltr'><strong>runt,</strong></span> <span class='ocrx_word' id='word_1_735' title='bbox 2014 3530 2075 3566; x_wconf 87' lang='lat' dir='ltr'><strong>ne</strong></span> <span class='ocrx_word' id='word_1_736' title='bbox 2109 3516 2406 3567; x_wconf 85' lang='lat' dir='ltr'><strong>ascenderet</strong></span> <span class='ocrx_word' id='word_1_737' title='bbox 2444 3514 2861 3583; x_wconf 78' lang='lat' dir='ltr'><strong>Hierosolymam</strong></span> <span class='ocrx_word' id='word_1_738' title='bbox 2898 3514 2953 3566; x_wconf 67' lang='grc' dir='ltr'><strong>(ἲ</strong></span> <span class='ocrx_word' id='word_1_739' title='bbox 2982 3513 3171 3567; x_wconf 82' lang='lat' dir='ltr'><strong>XXIX.</strong></span> <span class='ocrx_word' id='word_1_740' title='bbox 3205 3514 3354 3579; x_wconf 87' lang='lat' dir='ltr'><strong>Quod</strong></span> 
     </span>
    </p>
   </div>
   <div class='ocr_carea' id='block_1_94' title="bbox 1824 3605 3381 3672">
    <p class='ocr_par' dir='ltr' id='par_1_94' title="bbox 1824 3605 3381 3672">
     <span class='ocr_line' id='line_1_94' title="bbox 1824 3605 3381 3672; baseline 0.001 -15"><span class='ocrx_word' id='word_1_741' title='bbox 1824 3620 1945 3657; x_wconf 89' lang='lat' dir='ltr'><strong>nam</strong></span> <span class='ocrx_word' id='word_1_742' title='bbox 1971 3605 2040 3657; x_wconf 89' lang='lat' dir='ltr'><strong>sit</strong></span> <span class='ocrx_word' id='word_1_743' title='bbox 2072 3606 2245 3670; x_wconf 84' lang='lat' dir='ltr'><strong>poculi</strong></span> <span class='ocrx_word' id='word_1_744' title='bbox 2274 3616 2327 3657; x_wconf 92' lang='lat' dir='ltr'><strong>et</strong></span> <span class='ocrx_word' id='word_1_745' title='bbox 2351 3606 2691 3672; x_wconf 85' lang='lat' dir='ltr'><strong>baptismatis</strong></span> <span class='ocrx_word' id='word_1_746' title='bbox 2715 3606 3001 3659; x_wconf 90' lang='lat' dir='ltr'><strong>discrimen</strong></span> <span class='ocrx_word' id='word_1_747' title='bbox 3035 3608 3093 3657; x_wconf 70' lang='grc' dir='ltr'><strong>εἳ</strong></span> <span class='ocrx_word' id='word_1_748' title='bbox 3121 3606 3281 3658; x_wconf 88' lang='lat' dir='ltr'><strong>XXX.</strong></span> <span class='ocrx_word' id='word_1_749' title='bbox 3312 3608 3381 3658; x_wconf 86' lang='lat' dir='ltr'><strong>De</strong></span> 
     </span>
    </p>
   </div>
   <div class='ocr_carea' id='block_1_95' title="bbox 1823 3694 3380 3763">
    <p class='ocr_par' dir='ltr' id='par_1_95' title="bbox 1823 3694 3380 3763">
     <span class='ocr_line' id='line_1_95' title="bbox 1823 3694 3380 3763; baseline 0 -14"><span class='ocrx_word' id='word_1_750' title='bbox 1823 3694 1914 3749; x_wconf 89' lang='lat' dir='ltr'><strong>illo</strong></span> <span class='ocrx_word' id='word_1_751' title='bbox 1978 3712 1992 3746; x_wconf 88' lang='lat'><strong>:</strong></span> <span class='ocrx_word' id='word_1_752' title='bbox 2036 3696 2091 3748; x_wconf 85' lang='lat' dir='ltr'><strong>Si</strong></span> <span class='ocrx_word' id='word_1_753' title='bbox 2121 3712 2223 3748; x_wconf 87' lang='lat' dir='ltr'><strong>non</strong></span> <span class='ocrx_word' id='word_1_754' title='bbox 2253 3698 2307 3748; x_wconf 91' lang='lat' dir='ltr'><strong>in</strong></span> <span class='ocrx_word' id='word_1_755' title='bbox 2340 3698 2655 3763; x_wconf 77' lang='lat' dir='ltr'><strong>manufactis</strong></span> <span class='ocrx_word' id='word_1_756' title='bbox 2688 3698 2886 3763; x_wconf 88' lang='lat' dir='ltr'><strong>templis</strong></span> <span class='ocrx_word' id='word_1_757' title='bbox 2921 3698 3119 3750; x_wconf 80' lang='lat' dir='ltr'><strong>habitat</strong></span> <span class='ocrx_word' id='word_1_758' title='bbox 3158 3696 3290 3750; x_wconf 89' lang='lat' dir='ltr'><strong>Deus</strong></span> <span class='ocrx_word' id='word_1_759' title='bbox 3313 3697 3380 3749; x_wconf 73' lang='lat' dir='ltr'><strong>h?</strong></span> 
     </span>
    </p>
   </div>
   <div class='ocr_carea' id='block_1_96' title="bbox 1821 3787 3384 3857">
    <p class='ocr_par' dir='ltr' id='par_1_96' title="bbox 1821 3787 3384 3857">
     <span class='ocr_line' id='line_1_96' title="bbox 1821 3787 3384 3857; baseline 0.004 -18"><span class='ocrx_word' id='word_1_760' title='bbox 1821 3788 2089 3854; x_wconf 86' lang='lat' dir='ltr'><strong>quomodo</strong></span> <span class='ocrx_word' id='word_1_761' title='bbox 2158 3789 2208 3841; x_wconf 92' lang='lat' dir='ltr'><strong>in</strong></span> <span class='ocrx_word' id='word_1_762' title='bbox 2257 3787 2568 3843; x_wconf 74' lang='lat' dir='ltr'><strong>Judzeorum</strong></span> <span class='ocrx_word' id='word_1_763' title='bbox 2636 3791 2835 3857; x_wconf 89' lang='lat' dir='ltr'><strong>templo</strong></span> <span class='ocrx_word' id='word_1_764' title='bbox 2888 3791 3133 3845; x_wconf 81' lang='lat' dir='ltr'><strong>habitare</strong></span> <span class='ocrx_word' id='word_1_765' title='bbox 3166 3791 3384 3846; x_wconf 69' lang='lat' dir='ltr'><strong>dictus?</strong></span> 
     </span>
    </p>
   </div>
   <div class='ocr_carea' id='block_1_97' title="bbox 1822 3876 3377 3951">
    <p class='ocr_par' dir='ltr' id='par_1_97' title="bbox 1822 3876 3377 3951">
     <span class='ocr_line' id='line_1_97' title="bbox 1822 3876 3377 3951; baseline 0.002 -20"><span class='ocrx_word' id='word_1_766' title='bbox 1822 3876 2014 3933; x_wconf 83' lang='lat' dir='ltr'><strong>XXXI.</strong></span> <span class='ocrx_word' id='word_1_767' title='bbox 2074 3879 2144 3932; x_wconf 84' lang='lat' dir='ltr'><strong>De</strong></span> <span class='ocrx_word' id='word_1_768' title='bbox 2178 3880 2269 3934; x_wconf 89' lang='lat' dir='ltr'><strong>illo</strong></span> <span class='ocrx_word' id='word_1_769' title='bbox 2304 3898 2316 3933; x_wconf 90' lang='lat'>:</span> <span class='ocrx_word' id='word_1_770' title='bbox 2354 3879 2414 3935; x_wconf 84' lang='lat' dir='ltr'><strong>Si</strong></span> <span class='ocrx_word' id='word_1_771' title='bbox 2472 3883 2602 3948; x_wconf 67' lang='lat' dir='ltr'><strong>forte</strong></span> <span class='ocrx_word' id='word_1_772' title='bbox 2854 3892 3145 3947; x_wconf 82' lang='lat' dir='ltr'><strong>attrectent,</strong></span> <span class='ocrx_word' id='word_1_773' title='bbox 3178 3894 3263 3934; x_wconf 85' lang='lat' dir='ltr'><strong>aut</strong></span> <span class='ocrx_word' id='word_1_774' title='bbox 3297 3883 3377 3934; x_wconf 86' lang='lat' dir='ltr'><strong>in-</strong></span> 
     </span>
    </p>
   </div>
   <div class='ocr_carea' id='block_1_98' title="bbox 1821 3970 3381 4027">
    <p class='ocr_par' dir='ltr' id='par_1_98' title="bbox 1821 3970 3381 4027">
     <span class='ocr_line' id='line_1_98' title="bbox 1821 3970 3381 4027; baseline 0.003 -5"><span class='ocrx_word' id='word_1_775' title='bbox 1821 3971 2028 4022; x_wconf 81' lang='lat' dir='ltr'><strong>veniant</strong></span> <span class='ocrx_word' id='word_1_776' title='bbox 2079 3970 2245 4023; x_wconf 90' lang='lat' dir='ltr'><strong>Deum</strong></span> <span class='ocrx_word' id='word_1_777' title='bbox 2297 3972 2342 4024; x_wconf 73' lang='grc' dir='ltr'><em>ἱ.</em></span> <span class='ocrx_word' id='word_1_778' title='bbox 2376 3971 2590 4025; x_wconf 88' lang='lat' dir='ltr'><strong>XXXII.</strong></span> <span class='ocrx_word' id='word_1_779' title='bbox 2637 3971 2709 4025; x_wconf 87' lang='lat' dir='ltr'><strong>De</strong></span> <span class='ocrx_word' id='word_1_780' title='bbox 2739 3972 2831 4025; x_wconf 91' lang='lat' dir='ltr'><strong>illo</strong></span> <span class='ocrx_word' id='word_1_781' title='bbox 2860 3973 3041 4026; x_wconf 87' lang='lat' dir='ltr'><strong>dicto:</strong></span> <span class='ocrx_word' id='word_1_782' title='bbox 3079 3979 3244 4027; x_wconf 81' lang='lat' dir='ltr'><strong>Amen</strong></span> <span class='ocrx_word' id='word_1_783' title='bbox 3264 3975 3381 4027; x_wconf 84' lang='lat' dir='ltr'><strong>dico</strong></span> 
     </span>
    </p>
   </div>
   <div class='ocr_carea' id='block_1_99' title="bbox 1819 4063 3380 4136">
    <p class='ocr_par' dir='ltr' id='par_1_99' title="bbox 1819 4063 3380 4136">
     <span class='ocr_line' id='line_1_99' title="bbox 1819 4063 3380 4136; baseline 0.003 -21"><span class='ocrx_word' id='word_1_784' title='bbox 1819 4063 1981 4125; x_wconf 78' lang='lat' dir='ltr'><strong>vobis,</strong></span> <span class='ocrx_word' id='word_1_785' title='bbox 2028 4066 2319 4133; x_wconf 86' lang='lat' dir='ltr'><strong>quicunque</strong></span> <span class='ocrx_word' id='word_1_786' title='bbox 2366 4065 2554 4119; x_wconf 73' lang='lat' dir='ltr'><strong>dixerit</strong></span> <span class='ocrx_word' id='word_1_787' title='bbox 2596 4066 2715 4117; x_wconf 85' lang='lat' dir='ltr'><strong>huic</strong></span> <span class='ocrx_word' id='word_1_788' title='bbox 2756 4068 2919 4118; x_wconf 90' lang='lat' dir='ltr'><strong>monti</strong></span> <span class='ocrx_word' id='word_1_789' title='bbox 2968 4063 3015 4128; x_wconf 89' lang='lat' dir='ltr'><strong>i,</strong></span> <span class='ocrx_word' id='word_1_790' title='bbox 3051 4078 3104 4119; x_wconf 92' lang='lat' dir='ltr'><strong>et</strong></span> <span class='ocrx_word' id='word_1_791' title='bbox 3155 4067 3380 4136; x_wconf 89' lang='lat' dir='ltr'><strong>reliqua.</strong></span> 
     </span>
    </p>
   </div>
   <div class='ocr_carea' id='block_1_100' title="bbox 1821 4151 3383 4225">
    <p class='ocr_par' dir='ltr' id='par_1_100' title="bbox 1821 4151 3383 4225">
     <span class='ocr_line' id='line_1_100' title="bbox 1821 4151 3383 4225; baseline 0.003 -19"><span class='ocrx_word' id='word_1_792' title='bbox 1821 4151 2059 4209; x_wconf 89' lang='lat' dir='ltr'><strong>XXXIII.</strong></span> <span class='ocrx_word' id='word_1_793' title='bbox 2101 4153 2176 4208; x_wconf 89' lang='lat' dir='ltr'><strong>De</strong></span> <span class='ocrx_word' id='word_1_794' title='bbox 2224 4156 2313 4210; x_wconf 92' lang='lat' dir='ltr'><strong>illo</strong></span> <span class='ocrx_word' id='word_1_795' title='bbox 2348 4172 2361 4208; x_wconf 90' lang='lat'><strong>:</strong></span> <span class='ocrx_word' id='word_1_796' title='bbox 2397 4156 2729 4225; x_wconf 69' lang='lat' dir='ltr'><strong>Quacunque</strong></span> <span class='ocrx_word' id='word_1_797' title='bbox 2770 4167 2975 4210; x_wconf 87' lang='lat' dir='ltr'><strong>orantes</strong></span> <span class='ocrx_word' id='word_1_798' title='bbox 3020 4159 3216 4224; x_wconf 87' lang='lat' dir='ltr'><strong>petitis.</strong></span> <span class='ocrx_word' id='word_1_799' title='bbox 3272 4173 3383 4211; x_wconf 87' lang='lat' dir='ltr'><strong>cre-</strong></span> 
     </span>
    </p>
   </div>
   <div class='ocr_carea' id='block_1_101' title="bbox 1820 4245 3381 4315">
    <p class='ocr_par' dir='ltr' id='par_1_101' title="bbox 1820 4245 3381 4315">
     <span class='ocr_line' id='line_1_101' title="bbox 1820 4245 3381 4315; baseline 0.005 -20"><span class='ocrx_word' id='word_1_800' title='bbox 1820 4245 1927 4297; x_wconf 88' lang='lat' dir='ltr'><strong>dite</strong></span> <span class='ocrx_word' id='word_1_801' title='bbox 1974 4249 2111 4314; x_wconf 88' lang='lat' dir='ltr'><strong>quod</strong></span> <span class='ocrx_word' id='word_1_802' title='bbox 2141 4247 2403 4313; x_wconf 87' lang='lat' dir='ltr'><strong>accipietis</strong></span> <span class='ocrx_word' id='word_1_803' title='bbox 2444 4247 2508 4314; x_wconf 72' lang='grc' dir='ltr'><strong>ὶίς</strong></span> <span class='ocrx_word' id='word_1_804' title='bbox 2552 4258 2605 4301; x_wconf 90' lang='lat' dir='ltr'><strong>et</strong></span> <span class='ocrx_word' id='word_1_805' title='bbox 2635 4263 2751 4314; x_wconf 68' lang='lat' dir='ltr'><strong>qua:</strong></span> <span class='ocrx_word' id='word_1_806' title='bbox 2799 4259 3117 4315; x_wconf 81' lang='lat' dir='ltr'><strong>sequuntur.</strong></span> <span class='ocrx_word' id='word_1_807' title='bbox 3143 4246 3381 4303; x_wconf 89' lang='lat' dir='ltr'><strong>XXXIV.</strong></span> 
     </span>
    </p>
   </div>
   <div class='ocr_carea' id='block_1_102' title="bbox 1822 4332 3384 4404">
    <p class='ocr_par' dir='ltr' id='par_1_102' title="bbox 1822 4332 3384 4404">
     <span class='ocr_line' id='line_1_102' title="bbox 1822 4332 3384 4404; baseline 0.003 -18"><span class='ocrx_word' id='word_1_808' title='bbox 1822 4332 1897 4386; x_wconf 92' lang='lat' dir='ltr'><strong>De</strong></span> <span class='ocrx_word' id='word_1_809' title='bbox 1926 4334 2049 4398; x_wconf 90' lang='lat' dir='ltr'><strong>illo,</strong></span> <span class='ocrx_word' id='word_1_810' title='bbox 2077 4339 2219 4403; x_wconf 90' lang='lat' dir='ltr'><strong>quod</strong></span> <span class='ocrx_word' id='word_1_811' title='bbox 2245 4336 2496 4404; x_wconf 85' lang='lat' dir='ltr'><strong>jubetnur</strong></span> <span class='ocrx_word' id='word_1_812' title='bbox 2525 4337 2808 4390; x_wconf 87' lang='lat' dir='ltr'><strong>comedere</strong></span> <span class='ocrx_word' id='word_1_813' title='bbox 2840 4353 3080 4403; x_wconf 85' lang='lat' dir='ltr'><strong>carnem,</strong></span> <span class='ocrx_word' id='word_1_814' title='bbox 3114 4349 3167 4391; x_wconf 90' lang='lat' dir='ltr'><strong>et</strong></span> <span class='ocrx_word' id='word_1_815' title='bbox 3199 4339 3384 4391; x_wconf 88' lang='lat' dir='ltr'><strong>bibere</strong></span> 
     </span>
    </p>
   </div>
   <div class='ocr_carea' id='block_1_103' title="bbox 1824 4426 3381 4493">
    <p class='ocr_par' dir='ltr' id='par_1_103' title="bbox 1824 4426 3381 4493">
     <span class='ocr_line' id='line_1_103' title="bbox 1824 4426 3381 4493; baseline 0.005 -19"><span class='ocrx_word' id='word_1_816' title='bbox 1824 4426 2194 4493; x_wconf 78' lang='lat' dir='ltr'><strong>sanguinem;</strong></span> <span class='ocrx_word' id='word_1_817' title='bbox 2268 4442 2373 4481; x_wconf 90' lang='lat' dir='ltr'><strong>non</strong></span> <span class='ocrx_word' id='word_1_818' title='bbox 2461 4437 2637 4481; x_wconf 85' lang='lat' dir='ltr'><strong>tamen</strong></span> <span class='ocrx_word' id='word_1_819' title='bbox 2710 4429 3078 4483; x_wconf 89' lang='lat' dir='ltr'><strong>comminuere</strong></span> <span class='ocrx_word' id='word_1_820' title='bbox 3145 4445 3268 4482; x_wconf 87' lang='lat' dir='ltr'><strong>ossa</strong></span> <span class='ocrx_word' id='word_1_821' title='bbox 3340 4428 3381 4482; x_wconf 78' lang='grc' dir='ltr'><em>ι.</em></span> 
     </span>
    </p>
   </div>
   <div class='ocr_carea' id='block_1_104' title="bbox 1823 4512 3386 4589">
    <p class='ocr_par' dir='ltr' id='par_1_104' title="bbox 1823 4512 3386 4589">
     <span class='ocr_line' id='line_1_104' title="bbox 1823 4512 3386 4589; baseline 0.005 -22"><span class='ocrx_word' id='word_1_822' title='bbox 1823 4512 2039 4570; x_wconf 85' lang='lat' dir='ltr'><strong>XXXV.</strong></span> <span class='ocrx_word' id='word_1_823' title='bbox 2102 4515 2231 4583; x_wconf 63' lang='lat' dir='ltr'><strong>Quae</strong></span> <span class='ocrx_word' id='word_1_824' title='bbox 2294 4518 2493 4572; x_wconf 90' lang='lat' dir='ltr'><strong>l&#39;uerint</strong></span> <span class='ocrx_word' id='word_1_825' title='bbox 2544 4518 2801 4572; x_wconf 86' lang='lat' dir='ltr'><strong>Israelitis</strong></span> <span class='ocrx_word' id='word_1_826' title='bbox 2851 4520 3225 4587; x_wconf 88' lang='lat' dir='ltr'><strong>animantium,</strong></span> <span class='ocrx_word' id='word_1_827' title='bbox 3263 4536 3386 4589; x_wconf 73' lang='lat' dir='ltr'><strong>qna:</strong></span> 
     </span>
    </p>
   </div>
   <div class='ocr_carea' id='block_1_105' title="bbox 1823 4604 3385 4679">
    <p class='ocr_par' dir='ltr' id='par_1_105' title="bbox 1823 4604 3385 4679">
     <span class='ocr_line' id='line_1_105' title="bbox 1823 4604 3385 4679; baseline 0.006 -22"><span class='ocrx_word' id='word_1_828' title='bbox 1823 4604 2271 4672; x_wconf 86' lang='lat' dir='ltr'><strong>immolabantur,</strong></span> <span class='ocrx_word' id='word_1_829' title='bbox 2305 4610 2575 4678; x_wconf 77' lang='lat' dir='ltr'><strong>corpora?</strong></span> <span class='ocrx_word' id='word_1_830' title='bbox 2622 4607 2862 4663; x_wconf 83' lang='lat' dir='ltr'><strong>XXXVI.</strong></span> <span class='ocrx_word' id='word_1_831' title='bbox 2913 4610 2987 4664; x_wconf 90' lang='lat' dir='ltr'><strong>De</strong></span> <span class='ocrx_word' id='word_1_832' title='bbox 3026 4613 3228 4679; x_wconf 81' lang='lat' dir='ltr'><strong>vipera,</strong></span> <span class='ocrx_word' id='word_1_833' title='bbox 3264 4629 3385 4679; x_wconf 75' lang='lat' dir='ltr'><strong>qua:</strong></span> 
     </span>
    </p>
   </div>
   <div class='ocr_carea' id='block_1_106' title="bbox 1823 4696 3385 4770">
    <p class='ocr_par' dir='ltr' id='par_1_106' title="bbox 1823 4696 3385 4770">
     <span class='ocr_line' id='line_1_106' title="bbox 1823 4696 3385 4770; baseline 0.002 -16"><span class='ocrx_word' id='word_1_834' title='bbox 1823 4696 1975 4754; x_wconf 90' lang='lat' dir='ltr'><strong>Pauli</strong></span> <span class='ocrx_word' id='word_1_835' title='bbox 2015 4714 2227 4753; x_wconf 90' lang='lat' dir='ltr'><strong>manum</strong></span> <span class='ocrx_word' id='word_1_836' title='bbox 2276 4701 2703 4770; x_wconf 87' lang='lat' dir='ltr'><strong>comprehendit.</strong></span> <span class='ocrx_word' id='word_1_837' title='bbox 2747 4701 3006 4755; x_wconf 89' lang='lat' dir='ltr'><strong>XXXVII.</strong></span> <span class='ocrx_word' id='word_1_838' title='bbox 3046 4705 3117 4757; x_wconf 93' lang='lat' dir='ltr'><strong>De</strong></span> <span class='ocrx_word' id='word_1_839' title='bbox 3169 4702 3385 4759; x_wconf 82' lang='lat' dir='ltr'><strong>Saddu-</strong></span> 
     </span>
    </p>
   </div>
   <div class='ocr_carea' id='block_1_107' title="bbox 2089 4853 3383 4921">
    <p class='ocr_par' dir='ltr' id='par_1_107' title="bbox 2089 4853 3383 4921">
     <span class='ocr_line' id='line_1_107' title="bbox 2089 4853 3383 4921; baseline 0.007 -17"><span class='ocrx_word' id='word_1_840' title='bbox 2089 4853 2360 4921; x_wconf 53' lang='lat' dir='ltr'><strong>q-quod.</strong></span> <span class='ocrx_word' id='word_1_841' title='bbox 2390 4870 2459 4915; x_wconf 86' lang='lat' dir='ltr'><strong>tv.</strong></span> <span class='ocrx_word' id='word_1_842' title='bbox 2513 4856 2600 4909; x_wconf 75' lang='grc'><strong>24.</strong></span> <span class='ocrx_word' id='word_1_843' title='bbox 2679 4866 2700 4895; x_wconf 80' lang='grc'><strong><em>⁸</em></strong></span> <span class='ocrx_word' id='word_1_844' title='bbox 2740 4856 2894 4911; x_wconf 81' lang='lat' dir='ltr'><strong>Rom.</strong></span> <span class='ocrx_word' id='word_1_845' title='bbox 2932 4874 2990 4919; x_wconf 86' lang='lat' dir='ltr'><strong>tt,</strong></span> <span class='ocrx_word' id='word_1_846' title='bbox 3025 4860 3110 4915; x_wconf 78' lang='grc'><strong>15.</strong></span> <span class='ocrx_word' id='word_1_847' title='bbox 3178 4863 3195 4896; x_wconf 68' lang='grc' dir='ltr'>ι</span> <span class='ocrx_word' id='word_1_848' title='bbox 3225 4862 3383 4919; x_wconf 82' lang='lat' dir='ltr'><strong>Rom.</strong></span> 
     </span>
    </p>
   </div>
   <div class='ocr_carea' id='block_1_108' title="bbox 2010 4925 3387 4993">
    <p class='ocr_par' dir='ltr' id='par_1_108' title="bbox 2010 4925 3387 4993">
     <span class='ocr_line' id='line_1_108' title="bbox 2010 4925 3387 4993; baseline 0.009 -17"><span class='ocrx_word' id='word_1_849' title='bbox 2010 4933 2035 4960; x_wconf 76' lang='grc' dir='ltr'><strong><em>ι</em></strong></span> <span class='ocrx_word' id='word_1_850' title='bbox 2069 4925 2219 4977; x_wconf 68' lang='lat' dir='ltr'><strong>Itoni.</strong></span> <span class='ocrx_word' id='word_1_851' title='bbox 2270 4940 2324 4989; x_wconf 88' lang='lat' dir='ltr'><strong>II,</strong></span> <span class='ocrx_word' id='word_1_852' title='bbox 2358 4925 2407 4977; x_wconf 81' lang='grc'><em>5.</em></span> <span class='ocrx_word' id='word_1_853' title='bbox 2472 4934 2500 4973; x_wconf 71' lang='grc' dir='ltr'><strong><em>γ</em></strong></span> <span class='ocrx_word' id='word_1_854' title='bbox 2526 4927 2541 4977; x_wconf 93' lang='lat' dir='ltr'><strong>l</strong></span> <span class='ocrx_word' id='word_1_855' title='bbox 2565 4927 2689 4979; x_wconf 75' lang='lat' dir='ltr'><strong>Cor.</strong></span> <span class='ocrx_word' id='word_1_856' title='bbox 2719 4943 2770 4991; x_wconf 73' lang='grc' dir='ltr'><strong>ι,</strong></span> <span class='ocrx_word' id='word_1_857' title='bbox 2804 4930 2890 4980; x_wconf 81' lang='lat' dir='ltr'><strong>il.</strong></span> <span class='ocrx_word' id='word_1_858' title='bbox 2985 4940 3005 4965; x_wconf 79' lang='grc' dir='ltr'><strong>ι</strong></span> <span class='ocrx_word' id='word_1_859' title='bbox 3039 4929 3192 4983; x_wconf 70' lang='lat' dir='ltr'><strong>Luca:</strong></span> <span class='ocrx_word' id='word_1_860' title='bbox 3228 4948 3265 4993; x_wconf 89' lang='grc' dir='ltr'><strong>ι,</strong></span> <span class='ocrx_word' id='word_1_861' title='bbox 3297 4936 3387 4989; x_wconf 78' lang='lat'><strong>32.</strong></span> 
     </span>
    </p>
   </div>
   <div class='ocr_carea' id='block_1_109' title="bbox 1900 4992 3382 5070">
    <p class='ocr_par' dir='ltr' id='par_1_109' title="bbox 1900 4992 3382 5070">
     <span class='ocr_line' id='line_1_109' title="bbox 1900 4992 3382 5070; baseline 0.007 -24"><span class='ocrx_word' id='word_1_862' title='bbox 1900 4992 2090 5070; x_wconf 41' lang='lat' dir='ltr'><strong>{Gelu</strong></span> <span class='ocrx_word' id='word_1_863' title='bbox 2136 4994 2285 5070; x_wconf 57' lang='lat'><strong>“,1.</strong></span> <span class='ocrx_word' id='word_1_864' title='bbox 2403 4994 2591 5070; x_wconf 62' lang='lat' dir='ltr'><strong>f_(_;en.</strong></span> <span class='ocrx_word' id='word_1_865' title='bbox 2641 4998 2834 5070; x_wconf 32' lang='lat' dir='ltr'><strong>mut.</strong></span> <span class='ocrx_word' id='word_1_866' title='bbox 2898 4999 2976 5070; x_wconf 45' lang='lat' dir='ltr'><strong>ut</strong></span> <span class='ocrx_word' id='word_1_867' title='bbox 3012 4998 3176 5053; x_wconf 82' lang='lat' dir='ltr'><strong>Marc.</strong></span> <span class='ocrx_word' id='word_1_868' title='bbox 3207 4992 3259 5061; x_wconf 69' lang='grc' dir='ltr'><em>ι.</em></span> <span class='ocrx_word' id='word_1_869' title='bbox 3294 5006 3382 5057; x_wconf 75' lang='grc'><strong>58.</strong></span> 
     </span>
    </p>
   </div>
   <div class='ocr_carea' id='block_1_110' title="bbox 2397 5062 3387 5132">
    <p class='ocr_par' dir='ltr' id='par_1_110' title="bbox 2397 5062 3387 5132">
     <span class='ocr_line' id='line_1_110' title="bbox 2397 5062 3387 5132; baseline 0.014 -19"><span class='ocrx_word' id='word_1_870' title='bbox 2397 5062 2412 5113; x_wconf 82' lang='lat' dir='ltr'><strong>i</strong></span> <span class='ocrx_word' id='word_1_871' title='bbox 2449 5062 2611 5119; x_wconf 75' lang='lat' dir='ltr'><strong>Marc.</strong></span> <span class='ocrx_word' id='word_1_872' title='bbox 2648 5082 2723 5130; x_wconf 76' lang='lat' dir='ltr'><strong>XI,</strong></span> <span class='ocrx_word' id='word_1_873' title='bbox 2760 5066 2857 5130; x_wconf 66' lang='lat'><strong>24;</strong></span> <span class='ocrx_word' id='word_1_874' title='bbox 2898 5067 3084 5122; x_wconf 75' lang='lat' dir='ltr'><strong>Matth.</strong></span> <span class='ocrx_word' id='word_1_875' title='bbox 3125 5086 3247 5132; x_wconf 75' lang='lat' dir='ltr'><strong>XXI,</strong></span> <span class='ocrx_word' id='word_1_876' title='bbox 3296 5073 3387 5127; x_wconf 74' lang='grc'><em>22..</em></span> 
     </span>
    </p>
   </div>
   <div class='ocr_carea' id='block_1_111' title="bbox 1440 5290 2113 5349">
    <p class='ocr_par' dir='ltr' id='par_1_111' title="bbox 1440 5290 2113 5349">
     <span class='ocr_line' id='line_1_111' title="bbox 1440 5290 2113 5349; baseline 0.006 -4"><span class='ocrx_word' id='word_1_877' title='bbox 1440 5290 1671 5345; x_wconf 60' lang='lat' dir='ltr'><strong>VARI/i3</strong></span> <span class='ocrx_word' id='word_1_878' title='bbox 1713 5290 2113 5349; x_wconf 85' lang='lat' dir='ltr'><strong>LECTIONES.</strong></span> 
     </span>
    </p>
   </div>
   <div class='ocr_carea' id='block_1_112' title="bbox 232 5405 1159 5476">
    <p class='ocr_par' dir='ltr' id='par_1_112' title="bbox 232 5405 1159 5476">
     <span class='ocr_line' id='line_1_112' title="bbox 232 5405 1159 5476; baseline 0.005 -20"><span class='ocrx_word' id='word_1_879' title='bbox 232 5405 582 5476; x_wconf 13' lang='lat' dir='ltr'><strong>&#39;fﬁﬁOtﬁpIUt</strong></span> <span class='ocrx_word' id='word_1_880' title='bbox 640 5419 680 5460; x_wconf 79' lang='grc' dir='ltr'><strong>Α</strong></span> <span class='ocrx_word' id='word_1_881' title='bbox 749 5426 763 5462; x_wconf 94' lang='lat'><strong>:</strong></span> <span class='ocrx_word' id='word_1_882' title='bbox 807 5410 1064 5475; x_wconf 82' lang='grc' dir='ltr'><em>κτίσμασι</em></span> <span class='ocrx_word' id='word_1_883' title='bbox 1100 5427 1159 5473; x_wconf 84' lang='grc' dir='ltr'><strong>ς.</strong></span> 
     </span>
    </p>
   </div>
   <div class='ocr_carea' id='block_1_113' title="bbox 995 5409 2027 5491">
    <p class='ocr_par' dir='ltr' id='par_1_113' title="bbox 995 5409 2027 5491">
     <span class='ocr_line' id='line_1_113' title="bbox 995 5409 2027 5491; baseline 0.007 -32"><span class='ocrx_word' id='word_1_884' title='bbox 995 5426 1159 5491; x_wconf 43' lang='grc' dir='ltr'><strong>ισι-ς,ἔ</strong></span> <span class='ocrx_word' id='word_1_885' title='bbox 1235 5409 1314 5491; x_wconf 41' lang='grc'><strong>,⁸⁸</strong></span> <span class='ocrx_word' id='word_1_886' title='bbox 1365 5409 1491 5491; x_wconf 51' lang='grc' dir='ltr'><em>ἐξῆ-ς</em></span> <span class='ocrx_word' id='word_1_887' title='bbox 1534 5412 1573 5463; x_wconf 74' lang='grc' dir='ltr'>Α</span> <span class='ocrx_word' id='word_1_888' title='bbox 1788 5409 1911 5478; x_wconf 76' lang='grc' dir='ltr'><strong>ἑξῆς</strong></span> <span class='ocrx_word' id='word_1_889' title='bbox 1965 5426 2027 5473; x_wconf 87' lang='grc' dir='ltr'><em>ς.</em></span> 
     </span>
    </p>
   </div>
   <div class='ocr_carea' id='block_1_114' title="bbox 174 5475 1773 5548">
    <p class='ocr_par' dir='ltr' id='par_1_114' title="bbox 174 5475 1773 5548">
     <span class='ocr_line' id='line_1_114' title="bbox 174 5475 1773 5548; baseline 0.002 -22"><span class='ocrx_word' id='word_1_890' title='bbox 174 5482 218 5523; x_wconf 81' lang='lat' dir='ltr'><strong>et</strong></span> <span class='ocrx_word' id='word_1_891' title='bbox 243 5475 324 5529; x_wconf 73' lang='lat'><strong>28.</strong></span> <span class='ocrx_word' id='word_1_892' title='bbox 353 5491 398 5529; x_wconf 87' lang='lat' dir='ltr'><strong>et</strong></span> <span class='ocrx_word' id='word_1_893' title='bbox 428 5475 569 5545; x_wconf 61' lang='lat' dir='ltr'><strong>saepe</strong></span> <span class='ocrx_word' id='word_1_894' title='bbox 594 5488 799 5548; x_wconf 86' lang='lat' dir='ltr'><strong>postea.</strong></span> <span class='ocrx_word' id='word_1_895' title='bbox 845 5478 926 5509; x_wconf 62' lang='lat'><strong>‘3‘</strong></span> <span class='ocrx_word' id='word_1_896' title='bbox 953 5480 1186 5532; x_wconf 85' lang='grc' dir='ltr'><strong>αἰτεῖσθε</strong></span> <span class='ocrx_word' id='word_1_897' title='bbox 1222 5479 1286 5533; x_wconf 78' lang='grc' dir='ltr'><em>Δ.</em></span> <span class='ocrx_word' id='word_1_898' title='bbox 1364 5480 1407 5510; x_wconf 85' lang='grc'><strong>⁸⁷</strong></span> <span class='ocrx_word' id='word_1_899' title='bbox 1447 5475 1526 5532; x_wconf 80' lang='grc' dir='ltr'><em>ὅτι</em></span> <span class='ocrx_word' id='word_1_900' title='bbox 1559 5475 1667 5531; x_wconf 71' lang='lat' dir='ltr'><strong>oni.</strong></span> <span class='ocrx_word' id='word_1_901' title='bbox 1707 5480 1773 5531; x_wconf 83' lang='lat' dir='ltr'><strong>A.</strong></span> 
     </span>
    </p>
   </div>
   <div class='ocr_carea' id='block_1_115' title="bbox 2130 5410 3387 5481">
    <p class='ocr_par' dir='ltr' id='par_1_115' title="bbox 2130 5410 3387 5481">
     <span class='ocr_line' id='line_1_115' title="bbox 2130 5410 3387 5481; baseline 0.011 -20"><span class='ocrx_word' id='word_1_902' title='bbox 2130 5410 2176 5441; x_wconf 84' lang='grc'><strong>⁸⁸</strong></span> <span class='ocrx_word' id='word_1_903' title='bbox 2209 5410 2333 5481; x_wconf 80' lang='grc' dir='ltr'><em>ἐξῆς</em></span> <span class='ocrx_word' id='word_1_904' title='bbox 2362 5412 2405 5464; x_wconf 79' lang='grc' dir='ltr'><strong>Α</strong></span> <span class='ocrx_word' id='word_1_905' title='bbox 2438 5430 2451 5466; x_wconf 89' lang='lat'><strong>:</strong></span> <span class='ocrx_word' id='word_1_906' title='bbox 2481 5412 2549 5465; x_wconf 56' lang='lat' dir='ltr'><strong>1a:</strong></span> <span class='ocrx_word' id='word_1_907' title='bbox 2584 5411 2715 5481; x_wconf 83' lang='grc' dir='ltr'><em>ἐξῆς</em></span> <span class='ocrx_word' id='word_1_908' title='bbox 2751 5418 2809 5467; x_wconf 81' lang='grc' dir='ltr'><em>ς.</em></span> <span class='ocrx_word' id='word_1_909' title='bbox 2850 5413 2973 5467; x_wconf 70' lang='lat' dir='ltr'><strong>item</strong></span> <span class='ocrx_word' id='word_1_910' title='bbox 3026 5429 3077 5470; x_wconf 71' lang='grc' dir='ltr'><strong>τ.</strong></span> <span class='ocrx_word' id='word_1_911' title='bbox 3133 5416 3166 5470; x_wconf 83' lang='grc' dir='ltr'>ι</span> <span class='ocrx_word' id='word_1_912' title='bbox 3196 5429 3250 5472; x_wconf 85' lang='lat' dir='ltr'><strong>et</strong></span> <span class='ocrx_word' id='word_1_913' title='bbox 3294 5419 3387 5477; x_wconf 70' lang='lat'><strong>95.</strong></span> 
     </span>
    </p>
   </div>
   <div class='ocr_carea' id='block_1_116' title="bbox 1647 5619 1869 5675">
    <p class='ocr_par' dir='ltr' id='par_1_116' title="bbox 1647 5619 1869 5675">
     <span class='ocr_line' id='line_1_116' title="bbox 1647 5619 1869 5675; baseline -0.005 -1"><span class='ocrx_word' id='word_1_914' title='bbox 1647 5619 1869 5675; x_wconf 71' lang='grc' dir='ltr'><strong>ΝΟΤᾸΞ.</strong></span> 
     </span>
    </p>
   </div>
   <div class='ocr_carea' id='block_1_117' title="bbox 236 5710 1720 5781">
    <p class='ocr_par' dir='ltr' id='par_1_117' title="bbox 236 5710 1720 5781">
     <span class='ocr_line' id='line_1_117' title="bbox 236 5710 1720 5781; baseline 0.001 -19"><span class='ocrx_word' id='word_1_915' title='bbox 236 5710 340 5781; x_wconf 76' lang='grc'><strong>(55)</strong></span> <span class='ocrx_word' id='word_1_916' title='bbox 392 5711 523 5781; x_wconf 72' lang='lat' dir='ltr'><strong>Sup.</strong></span> <span class='ocrx_word' id='word_1_917' title='bbox 560 5730 659 5775; x_wconf 76' lang='lat' dir='ltr'><strong>XII,</strong></span> <span class='ocrx_word' id='word_1_918' title='bbox 695 5714 717 5766; x_wconf 78' lang='lat' dir='ltr'><strong>I</strong></span> <span class='ocrx_word' id='word_1_919' title='bbox 755 5732 767 5766; x_wconf 89' lang='lat'><strong>:</strong></span> <span class='ocrx_word' id='word_1_920' title='bbox 795 5714 1101 5766; x_wconf 84' lang='lat' dir='ltr'><strong>Secundum</strong></span> <span class='ocrx_word' id='word_1_921' title='bbox 1130 5716 1236 5766; x_wconf 84' lang='grc' dir='ltr'><em>τῶν</em></span> <span class='ocrx_word' id='word_1_922' title='bbox 1268 5712 1403 5765; x_wconf 80' lang='lat' dir='ltr'><strong>LXX</strong></span> <span class='ocrx_word' id='word_1_923' title='bbox 1432 5730 1569 5767; x_wconf 73' lang='lat' dir='ltr'><strong>wrs.</strong></span> <span class='ocrx_word' id='word_1_924' title='bbox 1600 5730 1720 5764; x_wconf 79' lang='lat' dir='ltr'><strong>nam</strong></span> 
     </span>
    </p>
   </div>
   <div class='ocr_carea' id='block_1_118' title="bbox 175 5780 1722 5851">
    <p class='ocr_par' dir='ltr' id='par_1_118' title="bbox 175 5780 1722 5851">
     <span class='ocr_line' id='line_1_118' title="bbox 175 5780 1722 5851; baseline 0.004 -23"><span class='ocrx_word' id='word_1_925' title='bbox 175 5780 296 5847; x_wconf 69' lang='lat' dir='ltr'><strong>Vulg.</strong></span> <span class='ocrx_word' id='word_1_926' title='bbox 318 5780 527 5851; x_wconf 80' lang='lat' dir='ltr'><strong>Oquam</strong></span> <span class='ocrx_word' id='word_1_927' title='bbox 548 5783 711 5837; x_wconf 86' lang='lat' dir='ltr'><strong>bonus</strong></span> <span class='ocrx_word' id='word_1_928' title='bbox 732 5796 777 5837; x_wconf 85' lang='lat' dir='ltr'><strong>et</strong></span> <span class='ocrx_word' id='word_1_929' title='bbox 798 5786 968 5836; x_wconf 72' lang='lat' dir='ltr'><strong>suavis</strong></span> <span class='ocrx_word' id='word_1_930' title='bbox 984 5796 1081 5848; x_wconf 81' lang='lat' dir='ltr'><strong>est,</strong></span> <span class='ocrx_word' id='word_1_931' title='bbox 1110 5785 1344 5847; x_wconf 84' lang='lat' dir='ltr'><strong>Domine,</strong></span> <span class='ocrx_word' id='word_1_932' title='bbox 1362 5786 1570 5850; x_wconf 72' lang='lat' dir='ltr'><strong>spiritus</strong></span> <span class='ocrx_word' id='word_1_933' title='bbox 1584 5797 1722 5835; x_wconf 88' lang='lat' dir='ltr'><strong>tuus.</strong></span> 
     </span>
    </p>
   </div>
   <div class='ocr_carea' id='block_1_119' title="bbox 1903 5709 3385 5783">
    <p class='ocr_par' dir='ltr' id='par_1_119' title="bbox 1903 5709 3385 5783">
     <span class='ocr_line' id='line_1_119' title="bbox 1903 5709 3385 5783; baseline 0.005 -20"><span class='ocrx_word' id='word_1_934' title='bbox 1903 5711 2014 5777; x_wconf 71' lang='grc'><strong>(54)</strong></span> <span class='ocrx_word' id='word_1_935' title='bbox 2054 5710 2230 5783; x_wconf 70' lang='lat' dir='ltr'><strong>Galat.</strong></span> <span class='ocrx_word' id='word_1_936' title='bbox 2273 5728 2321 5771; x_wconf 79' lang='grc' dir='ltr'><strong>ν,</strong></span> <span class='ocrx_word' id='word_1_937' title='bbox 2352 5710 2413 5763; x_wconf 67' lang='lat' dir='ltr'><strong>ti</strong></span> <span class='ocrx_word' id='word_1_938' title='bbox 2450 5729 2463 5765; x_wconf 88' lang='lat'><strong>:</strong></span> <span class='ocrx_word' id='word_1_939' title='bbox 2498 5709 2753 5765; x_wconf 79' lang='lat' dir='ltr'><strong>Evacuati</strong></span> <span class='ocrx_word' id='word_1_940' title='bbox 2798 5716 2918 5767; x_wconf 86' lang='lat' dir='ltr'><strong>estis</strong></span> <span class='ocrx_word' id='word_1_941' title='bbox 2957 5734 2987 5767; x_wconf 88' lang='lat' dir='ltr'><strong>a</strong></span> <span class='ocrx_word' id='word_1_942' title='bbox 3039 5716 3268 5783; x_wconf 57' lang='lat' dir='ltr'><strong>Clu-tuo,</strong></span> <span class='ocrx_word' id='word_1_943' title='bbox 3294 5719 3385 5777; x_wconf 58' lang='grc' dir='ltr'><em>..π</em></span> 
     </span>
    </p>
   </div>
   <div class='ocr_carea' id='block_1_120' title="bbox 1836 5780 2427 5849">
    <p class='ocr_par' dir='ltr' id='par_1_120' title="bbox 1836 5780 2427 5849">
     <span class='ocr_line' id='line_1_120' title="bbox 1836 5780 2427 5849; baseline 0 -18"><span class='ocrx_word' id='word_1_944' title='bbox 1836 5781 1887 5831; x_wconf 79' lang='lat' dir='ltr'><strong>in</strong></span> <span class='ocrx_word' id='word_1_945' title='bbox 1917 5784 2023 5849; x_wconf 83' lang='lat' dir='ltr'><strong>lege</strong></span> <span class='ocrx_word' id='word_1_946' title='bbox 2046 5780 2427 5847; x_wconf 76' lang='lat' dir='ltr'><strong>justi/immitti.</strong></span> 
     </span>
    </p>
   </div>
  </div>
