4196 6442
812 415 917 480 647

1934 401 2198 463 ΡΠΟΤῙῘ
2239 398 2522 463 PATRIA
2532 398 2753 460 RCHIE
2783 400 2890 461 (ΣΡ.

3961 405 4059 476 648

816 528 1017 581 Ilarum
1036 532 1153 578 erat
1173 536 1277 576 una
1303 534 1436 575 oene
1475 517 1626 589 longa
1645 517 1710 570 ad
1741 515 2001 571 Joannem
2026 515 2399 585 philosophum

2510 516 2636 587 θμὸν
2665 515 2706 580 ζ’
2742 517 2839 570 xui.
2861 514 2931 570 x'.
2958 508 3061 567 ’Ὧν
3086 509 3157 586 ἦν
3184 513 3282 584 μία
3308 514 3651 585 πολύστιχος,
3688 514 3828 590 [καὶ]
3862 520 3898 589 ή
3932 524 4059 590 πρός

819 620 982 671 missa
1016 633 1030 669 :
1064 615 1216 682 cujus
1248 615 1361 665 haec
1397 612 1509 663 fere
1552 610 1726 675 capita
1758 606 1897 678 (ω’)
1931 624 1945 660 :
1982 607 2248 666 Primum,
2289 603 2382 658 In-

816 708 1061 776 crepatio
1111 718 1322 765 eorum,
1364 700 1477 770 tqui
1533 700 1910 753 haereticorum
1963 705 2283 761 sectatores,
2320 710 2385 749 ac

824 800 1167 869 potissimum
1206 794 1416 856 Severi,
1469 792 1835 847 defendendos
1887 799 2266 861 susceperunt.
2294 790 2387 843 Al-

825 903 1001 947 terum
1044 890 1257 952 deinde,
1304 889 1566 956 Oportere
1594 885 1741 938 omni
1771 883 1978 937 ratione
2006 884 2251 934 traditam
2295 897 2389 933 no-

822 983 907 1035 bis
954 984 1320 1047 incorruptam
1351 991 1572 1029 servarc
1625 974 1966 1045 religionem.
2017 974 2283 1036 Tertium,
2315 972 2390 1026 De

821 1070 1147 1132 diﬂerentia,
1174 1083 1390 1136 quaque
1423 1068 1629 1121 ratione
1664 1067 1911 1121 cantiteri
1939 1065 2025 1135 pie
2052 1065 2232 1128 liceat,
2259 1068 2390 1120 duas

834 1166 885 1215 in
946 1159 1163 1214 Christo
1218 1168 1337 1228 post
1388 1157 1641 1209 unionem
1676 1166 1920 1208 naturas.
1976 1152 2237 1219 Quartum
2285 1161 2388 1217 est,

825 1256 1122 1309 Numerum
1156 1266 1331 1319 neque
1361 1250 1624 1309 dividere,
1682 1262 1855 1315 neque
1895 1246 2086 1310 dividi,
2116 1259 2217 1299 nec
2253 1244 2391 1297 divi-

828 1348 1036 1401 sionem
1083 1346 1135 1397 in
1172 1344 1485 1395 universum
1550 1340 1713 1393 ullam
1765 1341 2059 1393 secundum
2110 1337 2388 1405 propriam

828 1440 1097 1494 rationem
1162 1437 1359 1490 afferre
1422 1436 1508 1499 iis,
1573 1435 1766 1501 quibus
1820 1432 2055 1485 additur.
2110 1420 2394 1495 Quintum,

833 1535 1118 1601 Quomodo
1154 1535 1239 1603 pie
1282 1546 1539 1584 nutncrus
1567 1532 1632 1582 ad
1656 1529 1993 1583 indicandam
2038 1525 2393 1579 differentiam

828 1627 1170 1681 adhibeatur.
1200 1624 1448 1686 Sextum,
1485 1623 1764 1688 Quomodo
1795 1620 1938 1674 beati
1979 1620 2163 1689 Cyrilli
2195 1618 2396 1671 dictum

828 1719 1055 1788 epistola
1086 1718 1151 1770 ad
1181 1716 1510 1770 Succensum
1550 1716 1620 1767 sit
1643 1713 2050 1782 accipiendum.
2083 1710 2197 1764 Non
2232 1710 2396 1763 etiam

833 1824 1072 1879 pugnare
1102 1810 1240 1861 hanc
1272 1822 1455 1861 vocem
1478 1807 1529 1859 in
1558 1805 1782 1867 duabus,
1810 1819 1931 1856 cum
1958 1803 2043 1865 iis,
2085 1802 2173 1869 qui
2204 1802 2394 1854 dicunt

834 1917 994 1953 unam
1022 1899 1180 1953 Verbi
1216 1908 1460 1950 naturam
1490 1911 1709 1949 carnem
1759 1910 1878 1947 esse
1936 1893 2154 1957 factam,
2201 1893 2303 1945 nisi
2334 1908 2397 1945 ex

838 1995 1102 2060 opinione
1124 1990 1356 2046 Nestorii
1384 1989 1546 2056 impie
1572 1998 1835 2041 sumatur.
1867 1984 2191 2051 Septimum,
2217 1998 2403 2036 rerum

833 2088 947 2140 sive
973 2084 1395 2139 substantiarum
1413 2081 1526 2148 (41)
1555 2083 1604 2133 in
1627 2080 1865 2142 Christo,
1890 2092 2010 2132 esse
2026 2075 2405 2135 differentiam,

834 2192 941 2231 non
976 2175 1340 2245 qualitatum;
1388 2186 1712 2240 omnemque
1760 2170 1896 2221 adeo
1935 2166 2411 2221 dilferentiamne—

834 2269 1091 2325 cessitate
1113 2267 1343 2335 quadam
1361 2264 1629 2317 adducere
1647 2276 1825 2315 secum
1846 2274 2035 2313 eorum
2052 2273 2279 2328 quorum
2305 2268 2407 2321 est,

835 2362 1188 2428 quantitatem
1214 2376 1227 2412 :
1260 2355 1711 2426 quemadmodum
1746 2369 1954 2406 rursum
1980 2353 2251 2419 quantitas
2276 2350 2412 2418 (sive

836 2452 1094 2505 continua
1129 2451 1215 2504 illa
1247 2451 1338 2509 sit,
1366 2452 1480 2502 sive
1518 2444 1772 2515 discreta)
1822 2459 2103 2497 numerum
2148 2457 2207 2496 se
2227 2444 2411 2511 expri-

836 2550 1087 2596 mentem
1145 2538 1387 2593 adducit.
1428 2536 1712 2597 Octavum,
1754 2534 1921 2601 lmpie
1952 2532 2080 2595 dici,
2133 2530 2411 2583 Christum

839 2648 1000 2685 unam
1050 2646 1173 2685 esse
1227 2630 1581 2696 compositam
1648 2636 1935 2678 naturam:
1990 2622 2230 2690 illudque
2292 2634 2413 2672 cum

838 2726 1071 2777 \eritale
1111 2735 1372 2791 pugnare.
1406 2717 1638 2781 Nonum,
1671 2718 1744 2769 De
1775 2714 2051 2785 hypostasi
2083 2711 2412 2778 composita,

844 2826 901 2870 et
932 2816 1114 2869 brevis
1145 2811 1410 2881 expositio
1440 2818 1777 2877 receptarum
1810 2808 1876 2859 de
1918 2805 2019 2858 lide
2048 2819 2264 2864 vocum,
2296 2816 2417 2870 quae

844 2919 994 2963 recte
1015 2908 1082 2961 de
1122 2905 1341 2959 Christo
1381 2918 1448 2956 ex
1509 2917 1604 2955 usu
1661 2899 1917 2952 Ecclesia:
1958 2897 2239 2951 catholica:
2290 2909 2415 2963 pro-

844 2998 1115 3051 feruntur.
1148 2993 1447 3056 Decimum,
1479 2991 1553 3045 De
1590 2990 1878 3059 Hypostasi
1908 2988 2213 3055 composita
2246 2984 2417 3051 magis

843 3088 1109 3141 naturalis
1134 3086 1450 3153 disputatio,
1480 3098 1584 3136 una
1625 3098 1745 3135 cum
1781 3091 2035 3134 accurata
2068 3082 2409 3131 demonstra-

2482 632 2605 668 τινα
2640 613 2686 645 ⁸⁸
2724 611 3014 681 φιλόσοφον
3064 610 3342 679 Ἰωάννην.
3378 601 3488 672 Ἧς
3520 612 3637 663 ἔστι
3684 612 3752 663 τὰ
3794 614 4062 679 κεφάλαια

2484 706 2703 777 πρῶτον
2733 703 3052 774 ἐπιτίμησις
3079 704 3191 765 τοῖς
3218 701 3559 770 ιδιεκδικοῦσι
3593 704 3720 766 τοὺς
3751 705 4057 773 αίρετίζονο

2484 816 2584 861 τας
2605 837 2620 859 ,
2656 797 2751 849 xui.
2779 795 3011 865 μάλιστα
3030 795 3158 857 τοὺς
3185 793 3294 845 ἀπὸ
3315 794 3577 863 Σεϐήρου·
3606 795 3863 864 δεύτερον
3884 797 3967 848 ὅτι
3990 796 4063 849 δεῖ

2488 888 2652 941 παντὶ
2682 886 2869 957 τρόπῳ
2892 884 2991 954 τὴν
3023 883 3467 955 παραδεδομένην
3497 882 3949 955 εὐσέϐειαν’[⁴ὶ60
3978 886 4065 956 Η.)

2488 980 2891 1049 ἀπαράτρωτον
2912 978 2953 1007 ⁸⁸
2982 975 3383 1042 διαφυλάττεινο
3414 976 3597 1045 τρίτον
3628 978 3756 1045 περὶ
3782 978 4063 1046 διαφορᾶς,

2491 1073 2584 1125 xui.
2611 1070 2727 1132 πῶς
2755 1070 2905 1122 ἔστιν
2937 1068 3175 1129 εὐσεϐῶς
3209 1068 3301 1119 δύο
3324 1067 3511 1136 φύσεις
3543 1070 3638 1120 ἐπὶ
3667 1069 3909 1136 Χριστοῦ
3937 1071 4069 1139 μετὰ

2491 1164 2590 1232 τὴν
2624 1163 2818 1214 ἒνωσιν
2845 1162 3145 1230 ὁμολογεῖν·
3175 1159 3215 1211 δ’
3260 1160 3394 1211 ὃτιὸ
3432 1160 3665 1229 ἀριθμὸς
3710 1161 3833 1212 οὔτε
3877 1163 4072 1232 διαιρεί

2493 1255 2618 1308 οὔτε
2643 1254 2957 1322 διαιρεῖται,
2980 1252 3103 1305 οὔτε
3127 1252 3395 1320 διαίρεσιν
3425 1254 3634 1319 εἰσάγει
3657 1256 3797 1305 κατὰ
3826 1254 3917 1305 τὸν
3948 1256 4073 1307 [διον

2493 1347 2650 1415 λόγον
2676 1347 2738 1399 τὸ
2776 1345 3020 1406 σύνολον,
3058 1341 3138 1408 οἷς
3175 1345 3503 1412 ἐπιλέγεται·
3543 1352 3583 1396 ε’
3628 1346 3745 1407 πῶς
3776 1347 4017 1408 εὐσεϐῶς
4046 1351 4074 1401 ὁ

2496 1440 2727 1509 ἀριθμὸς
2758 1439 2896 1508 πρὸς
2933 1439 3165 1507 δήλωσιν
3209 1438 3311 1505 τῆς
3342 1439 3603 1507 διαφορᾶς
3644 1440 4075 1507 παραλαμϐάνε-

2494 1547 2607 1583 ται.
2643 1537 2694 1595 ς’
2724 1530 2842 1593 πῶς
2871 1530 2976 1601 χρὴ
3006 1534 3145 1583 νοεῖν
3166 1532 3265 1600 τήν
3292 1532 3554 1601 κειμένην
3589 1534 3743 1600 ρἦιν
3765 1536 3822 1585 ὲν
3847 1536 3915 1602 τῇ
3945 1536 4078 1604 πρὸς

2498 1621 2798 1674 Σούκενσον
2828 1621 3087 1691 ἐπιστολῇ
3123 1620 3218 1673 τοῦ
3259 1621 3414 1687 ἁγίου
3452 1622 3743 1691 Κυρίλλου,
3779 1624 3873 1675 καὶ
3903 1626 3987 1674 ὃτι
4018 1624 4077 1674 οὐ

2504 1711 2736 1780 μάχεται
2768 1713 2801 1780 ἠ
2832 1710 2901 1763 ὲν
2938 1710 3047 1763 δύο
3078 1712 3229 1781 φωνὴ
3250 1714 3363 1774 τοῖς
3392 1710 3609 1778 λέγουσι
3637 1712 3767 1781 μίαν
3797 1713 3962 1781 φύσιν
3988 1715 4078 1766 τοῦ

2502 1804 2673 1869 Λόγου
2724 1804 3175 1872 σεσαρκωμένην,
3216 1804 3263 1855 εί
3301 1806 3374 1872 μὴ
3428 1805 3569 1857 κατὰ
3615 1805 3676 1856 τὸ
3707 1806 3753 1836 ⁶¹
3803 1805 4084 1874 Νεστορίῳ

2504 1893 2692 1946 δοκοῦν
2716 1894 2925 1955 ἀσεϐῶς
2948 1894 3351 1964 λαμϐανομένη·
3378 1896 3422 1957 ζ’
3445 1896 3527 1948 ὅτι
3548 1897 3889 1963 πραγμάτων
3918 1898 4083 1964 ἤγουν

2504 1985 2702 2038 οὐσιῶν
2737 1985 2831 2037 ἐπὶ
2876 1986 3117 2056 Χριστοῦ
3150 1989 3182 2055 ἡ
3212 1987 3446 2054 διαφορὰ
3471 2029 3484 2050 ,
3518 1988 3630 2039 ἀλλ’
3662 1989 3724 2039 οὐ
3755 1991 4083 2057 ποιοτήτων,

2508 2079 2599 2131 καὶ
2632 2080 2712 2131 ὅτι
2750 2079 2899 2131 πᾶσα
2928 2079 3159 2146 διαφορά
3202 2079 3259 2141 ἐξ
3292 2081 3535 2146 ἀνάγκης
3570 2082 3881 2147 συνεισάγει
3920 2084 4085 2149 ἑαυτῇ

2508 2170 2606 2241 τὴν
2638 2164 2712 2222 ὧν
2732 2172 2846 2222 ἐστι
2876 2172 3179 2241 ποσότητα,
3214 2174 3307 2224 xui.
3331 2174 3362 2242 ἡ
3390 2174 3629 2241 ποσότης
3653 2173 3817 2226 πάλιν
3844 2173 3939 2226 τὸν
3964 2176 4087 2226 ἑαυ-

2509 2261 2608 2327 τῆς
2637 2262 2973 2329 σημαντικὸν
3007 2262 3260 2332 ἀριθμὸν,
3291 2265 3392 2317 κάν
3411 2283 3467 2317 τε
3503 2268 3733 2337 συνεχής
3763 2270 3880 2320 ἐστι
3913 2270 4018 2321 κᾶν
4032 2286 4087 2320 τε

2510 2352 2839 2423 διῃρημένη
2884 2359 2934 2420 η’
2976 2355 3058 2406 ὅτι
3104 2355 3299 2417 ἀσεϐές
3328 2358 3443 2408 ἐστι
3484 2358 3544 2409 τὸ
3573 2359 3754 2425 λέγειν
3802 2362 3936 2428 μίαν
3970 2361 4090 2412 σύν-

2513 2446 2667 2497 θετον
2694 2446 2854 2510 φύσιν
2874 2447 2965 2498 τὸν
2990 2448 3247 2516 Χριστὸν.
3281 2450 3375 2500 καὶ
3402 2453 3468 2519 τῇ
3484 2451 3725 2522 ,ἀληθείᾳ
3758 2454 4089 2521 μαχόμενον

2514 2536 2559 2589 θ’
2590 2539 2719 2607 περὶ
2752 2538 3101 2601 ὑποστάσεως
3134 2540 3413 2603 συνθέτου,
3445 2544 3539 2595 xui
3570 2543 3786 2605 ἐκθεσις
3828 2544 4095 2612 σύντομος

2512 2630 2613 2697 τῆς
2643 2630 3002 2698 ἐκδοχῆςτῶν
3034 2631 3208 2700 ὀρθῶς
3236 2633 3327 2684 ἐπὶ
3359 2633 3597 2701 Χριστοῦ
3627 2636 3771 2688 κατὰ
3816 2635 3916 2704 τὴν
3959 2636 4092 2687 καθα

2514 2719 2702 2789 ολικὴν
2740 2721 3068 2789 Ἐκκλησίαν
3095 2723 3543 2793 ὁμολογουμένων
3574 2729 3673 2793 τῆς
3704 2727 3943 2790 πίστεως
3973 2746 4096 2795 φω-

2515 2813 2644 2864 νῶν*
2679 2810 2710 2863 ι’
2740 2814 2867 2881 περὶ
2914 2814 3265 2877 ὑποστάσεως
3297 2817 3553 2869 συνθέτου
3597 2822 3953 2886 φυσικωτέρα
3983 2821 4096 2872 διά-

2516 2901 2707 2971 ληψις,
2759 2905 2852 2955 xui.
2900 2904 3174 2967 ἀπόδειξις
3219 2906 3454 2975 ἀκριϐὴς
3491 2908 3581 2959 τοῦ
3638 2910 3712 2979 μὴ
3756 2912 3870 2971 τοῖς
3918 2912 4099 2974 uuto't;

2520 2990 2870 3059 περιπίπτειν
2918 2994 3043 3053 τοὺς
3078 2994 3475 3062 ὁμολογοῦντας
3508 2999 3638 3064 μίαν
3675 2999 3931 3051 σύνθετον
3964 3002 4099 3053 ὑπό-

2524 3098 2713 3132 στασιν
2739 3082 2830 3133 τὸν
2854 3084 3088 3152 Χριστὸν
3113 3086 3224 3145 τοῖς
3254 3087 3383 3152 μίαν
3412 3088 3573 3139 αὐτὸν
3598 3089 3851 3141 σύνθετον
3881 3091 4101 3157 λέγουσι

845 3180 1013 3240 tione,
1070 3177 1214 3245 quod
1264 3176 1318 3227 in
1356 3176 1543 3227 eadem
1608 3186 1949 3241 nequaquam
2003 3168 2265 3231 incidant,
2322 3166 2410 3233 qui

2525 3172 2705 3238 φύσιν
2749 3179 2816 3223 ια’
2862 3173 2944 3224 ὅτι
2985 3174 3127 3226 κατὰ
3176 3177 3479 3243 πρόσληψιν
3524 3180 3556 3246 ή
3602 3179 3740 3247 πρὸς
3778 3180 3878 3248 τὴν
3921 3182 4102 3250 σάρκα

844 3270 1118 3323 Christum
1156 3269 1479 3334 proﬁtentur
1509 3280 1669 3317 unam
1699 3263 2053 3330 compositam
2078 3260 2417 3328 bypostasin,

847 3374 972 3412 cum
999 3359 1067 3411 iis
1103 3358 1192 3425 qui
1222 3372 1383 3409 uuam
1424 3370 1544 3407 eum
1575 3355 1760 3407 dicunt
1787 3367 1911 3405 esse
1936 3350 2293 3418 compositam
2328 3362 2424 3400 na-

848 3459 1048 3501 turam.
1123 3444 1507 3506 Uudecimum,
1570 3443 1759 3512 157b
1822 3441 1922 3493 Per
1998 3436 2423 3505 assumptionem

854 3542 1057 3593 factam
1088 3554 1210 3592 esse
1249 3537 1418 3591 solam
1446 3537 1593 3589 illam
1631 3534 1787 3588 Verbi
1808 3548 1931 3586 cum
1964 3546 2125 3583 carne
2149 3530 2427 3588 unionem,

869 3646 1124 3698 tanquam
1159 3631 1611 3699 prmexsistentis,
1630 3640 1685 3681 et
1706 3628 1771 3679 ad
1798 3627 2049 3679 unionem
2074 3622 2253 3675 carnis
2285 3619 2428 3671 uniri

851 3724 1127 3777 volentis:
1166 3723 1309 3790 quod
1371 3723 1425 3774 in
1461 3721 1566 3774 alio
1614 3719 1837 3773 omnino
1868 3716 2166 3785 composito
2202 3713 2423 3766 minime

848 3818 1191 3867 observetur.
1262 3812 1318 3865 In
1366 3812 1488 3865 aliis
1537 3813 1706 3875 enim,
1782 3824 1887 3861 non
1951 3821 2045 3874 per
2108 3803 2426 3858 alterutrius

850 3905 1273 3973 assumptionem
1323 3905 1381 3957 tit
1433 3904 1582 3969 unio,
1629 3905 1722 3959 sed
1766 3900 2046 3961 ambobus,
2087 3914 2155 3952 ex
2181 3913 2245 3951 eo
2269 3896 2413 3966 quod

2528 3262 2663 3331 μόνη
2700 3261 2795 3314 τοῦ
2827 3263 3000 3330 Λόγου
3048 3266 3271 3331 γέγονεν
3317 3268 3509 3330 ἓνωσις
3532 3310 3547 3333 ,
3593 3270 3668 3331 ὡς
3704 3271 3969 3336 προόντος
4012 3275 4104 3325 xui

2527 3353 2664 3419 πρὸς
2702 3353 2896 3406 ἕνωσιν
2928 3356 3128 3424 σαρκὸς
3166 3357 3432 3425 ὲνωΟῆναι
3461 3362 3809 3428 Οελήσαντος·
3842 3362 3982 3431 ὅπερ
4006 3365 4105 3415 οὐκ

2528 3444 2677 3496 ἔστιν
2733 3447 2867 3509 ὅλως
2920 3447 3006 3498 ἐπ’
3046 3449 3205 3500 ἄλλου
3268 3450 3376 3499 τῶν
3431 3451 3702 3503 συνθέτων
3760 3454 3910 3507 ίδείν.
3984 3456 4105 3507 Ἐπὶ

2530 3538 2772 3606 γάριτῶν
2794 3538 2968 3590 ἄλλων
2997 3539 3057 3590 οὐ
3086 3541 3225 3591 κατὰ
3254 3542 3557 3611 πρόσληψιν
3589 3544 3818 3612 θατέρου
3853 3548 3884 3612 ἡ
3915 3547 4105 3607 ’ἐνωσις

2533 3632 2781 3696 γίνεται,
2807 3630 2923 3684 ἀλλ’
2951 3631 3119 3699 ἄμφω
3152 3632 3441 3685 συνιόντων
3480 3637 3543 3687 ἐκ
3593 3637 3688 3687 τοῦ
3722 3638 3795 3704 μὴ
3832 3638 3988 3694 ὄντος
4033 3640 4104 3698 εἰς

2529 3720 2628 3789 τὴν
2677 3720 2771 3772 τοῦ
2825 3722 3081 3773 συνθέτου
3126 3723 3519 3792 συμπλήρωσιν
3556 3728 3651 3777 καὶ
3696 3726 3979 3780 οὐσίωσιν.
4050 3728 4106 3778 'll

2535 3812 2635 3881 μὲν
2659 3812 2704 3842 ⁸³
2730 3813 2867 3881 πρὸς
2908 3813 3160 3883 Ἰωάννην
3191 3816 3446 3885 ἐπιστολὴ
3480 3817 3617 3887 α’ὐτη
3656 3819 3750 3869 xui.
3785 3817 3858 3869 τὰ
3888 3821 3949 3869 ἐν
3975 3820 4106 3886 αὐτῇ

2524 3902 2732 3969 κεφάλα
2742 3920 2813 3955 ια.

850 4018 958 4057 non
998 4012 1103 4067 est,
1156 4004 1224 4057 ad
1288 4001 1573 4068 compositi
1648 3999 2038 4067 perfectionem
2092 4005 2256 4065 atque
2321 4000 2765 4052 constitutionem
2816 3970 3284 4056 concurrentibus.
3330 4002 3453 4057 Hec
3493 4017 3620 4071 ergo
3651 4001 3818 4055 estad
3850 4003 4113 4057 Joannem

851 4098 1097 4165 epistola,
1136 4096 1330 4163 eteius
1364 4096 1449 4146 illa
1473 4095 1671 4162 capita.

931 4185 1285 4255 Reliquarum
1337 4186 1534 4238 deinde
1598 4194 1709 4237 tres
1770 4183 1908 4236 data:
1954 4182 2020 4233 ad
2091 4179 2432 4233 Thalassium

861 4280 1248 4348 presbyterum
1278 4291 1341 4328 ac
1368 4275 1680 4343 praelectum
1712 4291 1728 4340 ;
1760 4275 1879 4327 dua:
1912 4275 1979 4325 ad
2007 4270 2266 4325 Joannem
2292 4272 2438 4324 cubi-

2614 4181 2736 4234 Τῶν
2763 4181 2808 4234 δ’
2840 4181 3018 4235 ἄλλων
3047 4183 3347 4236 ἐπιστολῶν
3384 4187 3531 4253 τρεῖς
3566 4184 3665 4253 μέν
3706 4186 3812 4237 είσι
3843 4186 3984 4254 πρὸς
4012 4186 4115 4238 Θα-

2538 4269 2760 4323 λάσσιον
2808 4273 3181 4344 πρεσϐύτερον
3236 4274 3329 4325 καὶ
3374 4276 3696 4343 ἡγούμενον,
3741 4276 3835 4327 δύο
3879 4278 3936 4327 δὲ
3984 4277 4119 4346 πρὸς

858 4370 1151 4431 cnlarium,
1220 4368 1442 4421 totidem
1521 4369 1588 4419 ad
1670 4366 2033 4434 Sophronium
2111 4364 2425 4416 monachum

2510 4420 2511 4427 η
2553 4361 2807 4429 Ἰωάννην
2862 4362 3329 4433 κουϐικουλάριον,
3377 4363 3470 4415 δύο
3516 4364 3574 4415 δὲ
3626 4364 3761 4432 πρὸς
3810 4364 4120 4431 Σωφρὸνιον

858 4471 1222 4529 cognomento
1247 4459 1566 4511 Eucratam:
1599 4472 1704 4510 una
1734 4457 1799 4509 ad
1816 4454 2078 4509 Joannem
2100 4454 2434 4521 Sophistam,

858 4560 915 4603 et
946 4549 1119 4603 altera
1173 4551 1240 4601 ad
1280 4547 1494 4601 Janiam
1533 4546 1864 4616 prafectam.
1904 4546 2099 4598 lterum
2144 4562 2250 4597 una
2296 4543 2437 4597 Tha-

861 4639 1029 4692 lassio
1056 4636 1315 4708 praefecto
1341 4652 1404 4689 ac
1429 4637 1748 4706 presbytero
1773 4634 1959 4697 missa,
1986 4634 2151 4687 altera
2187 4632 2440 4686 Jordaua:

868 4732 1215 4800 presbytero,
1254 4729 1637 4796 Stephanoque
1692 4726 1947 4795 praefecto
1988 4740 2050 4779 ac
2106 4727 2440 4794 presbytero.

872 4820 987 4872 Una
1018 4834 1232 4888 quoque
1260 4817 1527 4888 Cyrisicio
1578 4819 1855 4885 episcopo,
1908 4830 2233 4883 rursumque
2268 4814 2441 4867 altera

867 4907 1064 4964 Joanni
1128 4910 1500 4973 cubiculario,
1565 4908 1817 4962 similiter
1865 4916 1920 4961 et
1978 4906 2253 4973 Stephano
2304 4920 2444 4975 prae-

872 5000 1056 5066 fecto,
1114 5016 1237 5054 cum
1300 5014 1405 5053 una
1462 4999 1528 5052 ad
1602 4998 1877 5054 Cononem
1946 4998 2320 5068 presbyterum
2383 5011 2449 5050 ac

2544 4450 2848 4519 μονάζοντα
2899 4451 2991 4504 τὸν
3036 4453 3267 4519 ἐπίκλην
3319 4454 3625 4522 Εὑκρατᾶν,
3679 4454 3774 4505 xui.
3829 4454 3927 4521 μία
3985 4455 4122 4521 πρὸς

2559 4542 2816 4611 Ἰωάννην
2870 4543 3151 4613 σοφιστὴν,
3199 4546 3293 4594 xui.
3331 4545 3431 4612 μία
3465 4545 3599 4613 πρὸς
3639 4544 3835 4596 ἰανίαν
3884 4546 4123 4612 ἡγουμέ-

2543 4649 2661 4700 νην,
2703 4633 2796 4683 xui.
2829 4631 2927 4701 μία
2959 4631 3245 4703 Θαλασσίῳ
3280 4636 3567 4703 ἡγουμένῳ
3601 4638 3691 4686 καὶ
3722 4636 4084 4705 πρεσϐυτέρῳ
4107 4674 4120 4697 ,

2547 4727 2637 4774 xui.
2674 4725 2771 4792 μία
2825 4724 3065 4797 Ἰορδάνῃ
3111 4726 3468 4797 πρεσϐυτέρῳ
3516 4731 3607 4779 xu".
3657 4729 3915 4797 Στεφάνῳ
3958 4731 4122 4797 ἡγου-

2553 4816 2699 4884 μένῳ
2731 4816 2826 4867 καὶ
2874 4817 3233 4886 πρεσϐυτέρῳ
3255 4856 3270 4876 ,
3319 4819 3409 4869 xui.
3440 4819 3538 4885 μία
3569 4819 3612 4848 ⁸⁸
3657 4820 3965 4888 Κυρισικίῳ
4002 4822 4124 4868 ἑπι-

2554 4908 2783 4977 σκόπῳ,
2821 4909 2914 4959 xui.
2971 4909 3051 4961 ἐτι
3085 4910 3127 4938 ⁵⁵
3185 4910 3345 4977 ἑτέρα
3400 4912 3495 4977 μία
3560 4911 3779 4979 Ἰωάννη
3836 4916 4123 4961 κουϋικευ-

2552 5000 2763 5069 λαρίῳ,
2808 5000 3011 5069 ὁμοίως
3061 5001 3157 5053 xui.
3214 5002 3467 5072 Στεφάνῳ
3527 5002 3890 5072 πρεσϐυτέρῳ
3946 5020 4039 5054 και
4082 5004 4123 5028 ⁸⁸

2163 5158 2401 5214 VARUE
2445 5158 2853 5217 LECTIONES.

942 5277 987 5306 ⁸ο
1022 5293 1141 5327 τινα
1174 5274 1459 5343 φιλόσοφον
1476 5273 1750 5341 Ἰωάννην]
1770 5274 2021 5343 Ἰωάννην
2037 5275 2155 5326 τινά
2186 5277 2252 5327 Α.

869 5341 961 5397 οὖν
992 5347 1124 5415 πρὸς
1144 5341 1201 5409 ςζ

872 5416 917 5446 ⁸⁸
946 5417 1297 5486 πρεσϐυτέρῳ
1331 5418 1423 5466 καὶ⁵
1457 5417 1580 5469 add.
1613 5422 1676 5467 A.

2332 5276 2373 5303 °‘
2408 5276 2803 5347 ἁπαράτρωτον
2830 5279 3109 5331 εὐσέϐειαν
3136 5297 3194 5343 ς.

1310 5346 1353 5375 “
1384 5348 1475 5397 xui
1509 5347 1604 5413 μία
1640 5343 1966 5416 Κυρισίνδῳ]
1994 5348 2103 5399 haec
2131 5345 2267 5397 infra
2295 5347 2445 5413 ponit
2469 5343 2665 5400 A‘ant‘e
2704 5349 2788 5401 illa
2834 5364 2884 5403 ν.
2930 5351 3018 5403 l9.
3058 5350 3151 5401 xui.
3205 5349 3299 5402 δύο
3340 5349 3395 5403 Ἰ.

3271 5282 3315 5310 σε
3338 5280 3474 5348 τὸτῷ
3504 5278 3781 5348 Νεστορίῳ
3812 5297 3871 5343 ς.
3951 5280 3995 5307 ﬂ
4030 5283 4129 5347 μὲν

3494 5351 3538 5379 ⁶⁵
3574 5350 3671 5418 μία
3734 5351 3818 5401 ἐτι
3858 5348 4021 5418 ἑτέρα
4068 5369 4125 5415 ς,

2386 5551 2614 5607 NOTAE.

950 5671 1079 5736 (40⁸)
1118 5670 1245 5737 Quae
1276 5686 1409 5737 pene
1440 5674 1621 5724 omnia
1672 5672 1896 5740 repetita
1932 5670 2081 5740 leges
2109 5671 2174 5723 ad
2219 5667 2434 5722 Petrum

881 5740 1145 5795 lllustretn
1170 5745 1265 5793 ml.
1289 5744 1405 5796 cod.
1440 5758 1554 5809 set].

2565 5670 2734 5808 mgni.)
2771 5669 3105 5724 Naturarum
3156 5688 3368 5743 quoquc
3398 5687 3601 5739 vertas,
3658 5688 3715 5729 nt
3763 5688 3948 5731 notum
3986 5684 4129 5732 ειη-«ι.
