4196 6442
151 406 257 467 649

1073 401 1599 461 BlBLIOTIIECA.
1623 423 1691 436 --
1712 401 1929 461 CODD.
1965 401 2224 475 CXCIII,
2260 402 2497 462 CXCIV.

3305 403 3410 467 650

151 518 446 588 ἡγουμένῳ
481 516 609 588 [505
636 516 730 587 IL]
764 516 857 569 καὶ
890 516 987 585 μία
1022 516 1231 568 Κόνωνι
1259 515 1613 584 πρεσϐυτέρῳ
1643 516 1737 567 καὶ
1762 532 1808 591 Α

1762 514 2172 591 Aprael'ecmm.
2251 515 2447 569 Iterum
2516 514 2796 571 Thalassio
2851 517 3102 586 prml'ecto
3152 526 3208 571 et
3248 532 3406 586 pres-

151 611 467 679 ἡγουμένῳ,
490 611 571 661 ἔτι
600 610 889 677 Θαλασσῖῳ
911 608 1197 677 ἡγουμένῳ
1226 608 1319 658 καὶ
1349 606 1729 676 πρεσϐυτέρῳ,

152 698 367 751 καὶδύο
410 700 626 768 Ἰωάννῃ
658 700 963 767 ἐπισκὸπῳ,
992 697 1071 750 ἔτι
1110 698 1353 766 Ἰωάννῃ,
1381 696 1737 749 κουῦικουλαο

155 793 252 861 ρίῳ
290 793 424 860 περὶ
468 792 564 859 τῆς
597 792 740 842 κατὰ
786 790 919 842 Θεὸν
952 790 1128 856 λύπης
1159 832 1173 854 ,
1200 792 1294 841 καὶ
1339 788 1736 858 Κωνσταντίνῳ

166 882 512 952 Ἰλλουστρίῳ
545 886 636 934 καὶ
660 883 766 935 ἀπὸ
797 881 1166 950 σακελλαρίων
1207 882 1298 933 δύο
1320 922 1334 942 ,
1370 883 1464 933 καὶ
1491 883 1568 950 τῷ
1596 881 1739 949 άεόᾷ

156 975 507 1043 Πολυχρονίῳ
553 977 741 1043 τρεῖς,
788 978 883 1027 καὶ
925 975 1058 1043 πρὸς
1112 974 1235 1043 [261
1300 972 1391 1042 IL]
1454 974 1738 1025 Ἰουλιανὸν

167 1066 546 1133 Ἀλεξανδρέα,
567 1066 674 1115 ἀπὸ
704 1068 801 1133 τῆς
830 1066 938 1116 τῶν
970 1065 1289 1131 Ἀκεφάλων
1318 1062 1586 1130 αἱρέσεως
1618 1066 1740 1115 ἐπι-

160 1156 511 1223 στραφέντα,
546 1157 662 1223 μία,
717 1156 813 1208 καὶ
865 1155 939 1217 ώς
998 1156 1106 1208 άπὸ
1159 1155 1432 1221 Γεωργίου
1496 1154 1739 1222 ἐπάρχου

172 1248 440 1315 Ἀφρικῆς
510 1248 645 1316 πρὸς
705 1246 1035 1317 μοναστρίας
1102 1246 1629 1314 άποκοινωνησάσας
1684 1246 1742 1296 ἐν

172 1339 282 1388 '.\'/.:
305 1338 555 1407 ξανδρείᾳ
607 1338 724 1407 μία.
771 1338 859 1391 Ἑν
890 1339 1116 1400 ταύταις
1144 1333 1235 1390 οὖν
1271 1336 1512 1397 άπάσαις
1551 1339 1672 1397 ταῖς
1700 1337 1743 1398 ζ’

162 1432 253 1480 καὶ
282 1438 330 1481 x'
372 1430 683 1491 ἐπιστολαῖς
718 1433 745 1482 6
787 1431 887 1499 μὲν
928 1431 1083 1493 ἄλλος
1123 1429 1411 1499 χαρακτὴρ
1443 1428 1606 1482 αὑτοῦ
1638 1428 1744 1481 τῶν

162 1522 336 1585 λόγων
393 1524 487 1572 καὶ
537 1523 567 1589 ἡ
618 1523 867 1575 εύσέΰεια
916 1522 1153 1591 μάλιστα
1193 1520 1564 1585 διασώζεται,
1598 1522 1659 1572 τὸ
1701 1521 1744 1573 δ’

163 1612 409 1679 ἀσαφὲς,
460 1613 516 1665 εὖ
558 1631 619 1680 γε
667 1614 761 1665 τοῦ
811 1615 1001 1683 ἀνδρὸς
1034 1614 1315 1672 ποιοῦντος
1356 1614 1449 1665 καὶ
1476 1613 1748 1680 τιμῶντος

166 1704 461 1773 ἐπιστολῆς
489 1706 629 1757 κατά
666 1706 824 1757 τοῦτο
858 1708 1084 1775 νόμους,
1116 1707 1217 1757 οὐκ
1249 1704 1375 1773 ἔσχε
1422 1705 1482 1755 τὸ
1529 1706 1745 1757 ἀνοικο-

1838 608 2051 677 bytero,
2097 616 2152 660 et
2196 608 2314 661 dme
2370 609 2436 661 ad
2483 606 2742 662 Joannem
2790 610 3120 677 episcopum.
3170 607 3407 663 Rursum

1838 695 2029 750 Joanni
2060 696 2417 760 cubiculario,
2446 698 2511 751 de
2562 713 2649 761 eo,
2689 698 2778 764 qui
2809 700 3101 751 secundum
3133 698 3297 751 Deum
3325 706 3411 753 est

1839 789 2070 852 dolore;
2102 798 2155 842 et
2201 788 2557 843 Constantino
2590 789 2790 843 lllustri
2834 806 2896 845 ac
2938 792 3225 844 sacellario
3266 792 3405 846 dum.

1840 879 2035 931 Abbati
2092 894 2307 947 quoque
2362 879 2718 949 Polychronio
2768 891 2898 940 tres.
2926 892 2981 936 et
3019 884 3085 936 ad
3140 880 3409 936 Jbliannm

1841 969 2292 1034 Alexandrinum,
2326 971 2393 1023 ah
2420 971 2815 1039 Acephalorum
2837 973 3026 1025 haeresi
3055 988 3403 1035 canversuni,

1841 1062 2077 1130 epistola
2112 1078 2239 1125 una,
2292 1062 2571 1131 alteraque
2625 1062 2846 1129 Georgii
2882 1064 2997 1133 (Ω.)
3034 1064 3229 1117 Africae
3273 1081 3413 1134 prae-

1844 1150 1969 1205 l'ecti
2009 1154 2227 1206 nomine
2258 1152 2324 1205 ad
2346 1153 2636 1207 monachus
2659 1157 3163 1207 excommunicatas
3182 1157 3415 1208 Alexan-

1844 1244 1997 1299 drite.
2040 1242 2096 1295 In
2128 1244 2212 1297 his
2242 1244 2494 1297 onmibus
2537 1244 2725 1312 viginti
2766 1254 2971 1312 septem
2997 1247 3263 1313 epistulis,
3290 1263 3413 1300 cum

1846 1334 1947 1385 alia
2004 1333 2243 1402 ejusdem
2275 1335 2486 1388 dicendi
2522 1334 2693 1388 forma
2739 1346 2793 1389 et
2832 1337 3003 1403 pietas
3060 1338 3404 1403 potissimum

1845 1427 2035 1489 enitet,
2073 1436 2184 1479 tum
2214 1428 2516 1480 obscnritas
2531 1428 2683 1496 (euge
2712 1427 2903 1490 virum,
2933 1427 3023 1495 qui
3054 1428 3159 1480 hac
3187 1428 3238 1480 in
3262 1440 3416 1498 parte

1846 1518 2033 1571 saltem
2065 1520 2303 1587 epistolae
2325 1520 2463 1573 colat
2488 1521 2631 1588 leges
2650 1529 2809 1587 atque
2837 1520 3110 1588 observet)
3146 1536 3412 1589 nusquam

1850 1622 2052 1665 temere
2085 1614 2327 1666 adhibita
2380 1613 2500 1666 fuit.
2564 1612 2757 1681 Liquet
2811 1628 2939 1665 vero
3004 1616 3419 1683 qmedam,qu:n

1848 1706 2233 1758 obscuritatem
2280 1703 2578 1757 aﬂ‘erebant
2610 1704 2746 1773 (65),
2778 1705 2976 1773 partim
3034 1707 3124 1759 hic
3166 1722 3285 1761 esse
3334 1722 3418 1761 re-

165 1795 302 1862 νὸμη
319 1812 421 1847 εον.
456 1798 623 1864 Δῆλον
652 1798 695 1848 δ’
725 1798 805 1849 ὅτι
844 1800 933 1849 καὶ
962 1798 997 1850 ἂ
1028 1798 1126 1866 τὴν
1157 1798 1428 1864 ἀσάφειαν
1461 1796 1656 1861 ἐποίει,
1681 1797 1747 1848 τά

903 1800 933 1849 ιὶ
962 1798 997 1850 ἂ
1028 1798 1126 1866 τὴν
1157 1798 1428 1864 ἀσάφειαν
1461 1796 1656 1861 ἐποίει,
1681 1797 1747 1848 τά
1842 1794 2005 1862 jecta,
2044 1799 2240 1865 partim
2278 1798 2560 1867 castigata.

170 1885 269 1952 μὲν
301 1886 559 1955 ἔρριπται
591 1890 657 1937 τὰ
679 1887 732 1938 δὲ
766 1887 1112 1939 κεκόλασται.

880 1999 1044 2064 mra

174 2111 284 2163 Τοῦ
316 2108 507 2163 αὐτοῦ
530 2110 861 2175 ἀσκητικὸς
896 2112 1088 2178 Λόγος
1110 2127 1125 2141 ο
1164 2110 1256 2163 καὶ
1286 2110 1453 2176 ἑτέρα
1483 2125 1751 2177 πραγμα-

383 2182 510 2232 τεία
540 2182 679 2246 Περὶ
708 2182 965 2249 ἀγάπης,
1000 2184 1069 2233 ἐν
1094 2179 1143 2234 v'
1173 2183 1537 2247 κεφαλαίοις.

252 2277 593 2344 ’Λνεγνώσθη
620 2278 661 2307 ⁸⁷
694 2277 783 2328 τοῦ
840 2276 1003 2329 αὑτοῦ
1033 2277 1079 2308 ⁸³
1129 2278 1289 2343 ἁγίου
1330 2274 1583 2342 Μαξίμου
1644 2276 1754 2328 Λό-

170 2384 274 2434 τος
341 2368 709 2433 ἀσκητικὸς,
769 2370 847 2430 εἰς
895 2368 1087 2419 πεῦσιν
1138 2369 1609 2437 ἐσχηματισμένος
1662 2370 1754 2419 καὶ

172 2460 468 2528 ἀπόκρισιν
496 2459 559 2511 ⁸³.
587 2461 870 2529 Χρήσιμος
896 2460 993 2528 μὲν
1023 2460 1229 2512 ἅπασιν
1260 2462 1287 2511 6
1315 2460 1491 2526 λόγος,
1520 2460 1753 2529 μάλιστα

170 2550 214 2600 δ’
245 2545 328 2611 οἷς
376 2550 604 2618 ἄσκησις
633 2553 665 2618 ὴ
716 2550 981 2601 πολιτεία’
1021 2549 1168 2618 nam
1220 2551 1327 2619 γὰρ
1370 2550 1435 2601 δι’
1466 2543 1541 2600 ὧν
1574 2549 1637 2600 ἄν
1670 2566 1754 2610 τις

172 2642 597 2711 ούρανοπολίτης
622 2643 849 2708 γένοιτο,
878 2644 993 2694 ἐστὶ
1020 2642 1341 2703 διδάσκαλος
1375 2644 1470 2692 καὶ
1499 2642 1545 2671 ⁷ο
1576 2658 1752 2709 γεωρ-

174 2735 290 2797 γὸς,
321 2733 555 2799 μάλιστα
591 2734 647 2783 δὲ
679 2736 777 2801 τῆς
806 2733 1024 2801 ἀγάπης
1054 2733 1149 2783 καὶ
1174 2732 1273 2801 τὴν
1298 2730 1501 2796 γνῶσιν
1534 2731 1629 2783 καὶ
1657 2730 1755 2799 τὴν

175 2823 444 2893 ἐργασίαν
471 2822 670 2886 πολλὰς
708 2823 981 2875 ἐνδίδωσιν
1011 2821 1258 2874 ἐπελθεῖν
1286 2822 1559 2890 ἀφορμάς.

247 3089 617 3141 Συνετέτακτο
643 3087 701 3139 δὲ
730 3088 825 3139 καὶ
868 3087 1031 3155 ἐτέρα
1060 3087 1431 3156 πραγματεία,
1481 3086 1559 3147 είς
1591 3092 1635 3136 υ’
1667 3102 1757 3138 κε-

176 3182 390 3249 φάλαια
451 3180 870 3248 πληθυνομένη,
920 3181 954 3248 ἢ
988 3180 1082 3231 καὶ
1123 3177 1583 3247 προσεπεφώνητο
1638 3180 1754 3230 Ἐλ-

2527 2001 2750 2055 CXCIII.

1857 2111 2108 2180 Ejusdem
2148 2112 2285 2166 beati
2320 2110 2727 2235 Haxgnidlfber
2768 2116 3042 2179 asceticus,
3086 2124 3133 2167 et
3176 2118 3421 2171 centuria:

2494 2201 2519 2235 e
2587 2196 2843 2235 tccltone.

2494 2201 2519 2235 ϐ
2548 2196 2843 2237 αιιεειιοηρ.

1927 2274 2229 2344 Legebatur
2263 2276 2427 2328 etiam
2485 2276 2724 2343 ejusdem
2774 2277 2945 2331 sancti
2999 2276 3218 2332 Maximi
3268 2279 3423 2333 Liber

1856 2370 2134 2432 aaceticus,
2189 2384 2287 2436 per
2359 2368 2837 2439 interrogationem
2906 2371 3421 2440 reSponsionemque

1857 2458 2245 2514 conformatus.
2312 2458 2473 2513 Utilis
2518 2476 2648 2513 sane
2703 2462 2986 2525 omnibus,
3024 2470 3135 2514 tum
3182 2476 3309 2514 vero
3359 2462 3426 2515 iis

1859 2551 2111 2613 maxime,
2138 2550 2231 2620 qui
2268 2552 2486 2619 pietatis
2513 2553 2694 2605 studio
2720 2552 2955 2604 deditam
3000 2552 3203 2605 ducunt
3238 2554 3423 2608 vitam.

1858 2639 2054 2692 Eorum
2086 2644 2230 2692 enim
2261 2656 2467 2693 morum
2501 2641 2755 2708 magister
2790 2649 2873 2693 est
2924 2650 2978 2694 et
3022 2641 3426 2710 cultor,qnibus

1859 2730 1978 2783 cmli
2012 2731 2147 2784 civis
2175 2732 2295 2800 quis
2325 2731 2553 2784 evadat:
2583 2733 2928 2801 maximeque
2961 2734 3263 2793 charitatis,
3302 2748 3426 2802 par-

1859 2820 1951 2870 tim
1986 2820 2253 2885 notitiam,
2302 2822 2493 2889 partim
2545 2822 2987 2874 exercitationem
3036 2825 3424 2892 consequendi,

1865 2910 2074 2961 variam
2111 2926 2242 2965 sane
2267 2913 2725 2981 Opportunitatem
2760 2914 2979 2982 praebet.

1929 3088 2055 3142 Erat
2092 3089 2144 3142 in
2176 3093 2365 3144 eodem
2420 3090 2689 3145 volumine
2723 3091 2832 3161 (44)
2888 3107 3024 3161 opus
3067 3092 3427 3161 quadringen-

1862 3189 2039 3234 torum
2074 3180 2337 3249 capittttn,
2366 3180 2577 3249 Elpidio
2601 3182 2812 3235 cuidam
2839 3183 3141 3234 sanctitatis
3189 3184 3428 3237 studioso

176 3240 341 3341 πιδῖῳ
372 3272 501 3333 τινὶ,
535 3240 771 3339 ὧιότητι
799 3240 1229 3339 έαθώσιωμένίρ.
1266 3240 1565 3331 Καὶ-αὐτος
1604 3271 1703 3338 μὲν
1732 3273 1759 3323 6
1784 3240 1827 3297 Ω

1784 3240 1827 3297 C
1866 3274 2201 3340 inscriptum,
2257 3274 2341 3325 cui
2402 3272 2612 3326 titulum
2673 3275 2901 3341 ipsemet
2952 3273 3143 3343 158a
3198 3277 3427 3342 scriptor

178 3365 540 3431 συγγραφεὺς
584 3364 721 3428 Περὶ
770 3362 1006 3430 ἀγάπης
1062 3362 1155 3413 τὸν
1214 3364 1376 3413 πόνον
1434 3364 1753 3429 ἐπιγράφει,

177 3458 315 3518 ῑσως
354 3457 437 3507 ὅτι
469 3454 672 3524 ταύτην
700 3472 758 3506 τε
801 3455 973 3523 ἀρχὴν
1008 3454 1086 3522 τῷ
1122 3456 1412 3522 γράμματι
1458 3456 1758 3508 ὑποϐάλλε-

174 3566 306 3610 ται,
346 3549 444 3600 καὶ
489 3546 721 3614 ἀλλαχοῦ
764 3546 1023 3607 πολλάκις
1056 3548 1183 3614 περὶ
1222 3546 1392 3615 αὐτῆς
1422 3546 1759 3598 καταὸάλλε-

176 3658 270 3691 ται
297 3639 478 3705 λόγον’
527 3638 589 3689 ού
630 3636 736 3706 μὴν
765 3637 899 3688 ἀλλά
929 3638 1035 3703 γάρ
1066 3638 1160 3687 καὶ
1186 3635 1401 3686 πολλῶν
1434 3635 1757 3704 προϐλημά-

176 3747 290 3781 των
333 3745 394 3779 τε
438 3731 535 3779 καὶ
586 3726 956 3794 θεωρημάτων
1002 3720 1106 3793 (οἷς
1142 3724 1390 3790 θεολογία
1440 3725 1762 3793 κρατύνεται

180 3820 277 3870 καὶ
306 3819 342 3869 ἆ
368 3818 516 3869 ὅσιον
555 3816 646 3868 τὸν
676 3815 787 3883 βίον
810 3816 903 3868 καὶ
932 3814 1167 3885 καθαρὸν
1194 3814 1369 3883 ποιεῖ)
1405 3815 1590 3883 ἱκανὴν
1616 3814 1763 3866 ἐστιν

180 3913 240 3962 ἐν
264 3912 450 3970 αὐτοῖς
475 3911 586 3971 τοῖς
608 3908 906 3975 φιλοπόνως
928 3908 1066 3960 αὐτὰ
1092 3906 1334 3977 μετιοῦσι
1361 3906 1762 3976 καρπώσασθαι

179 4005 284 4071 τὴν
311 4002 600 4067 ὠφέλειαν.

257 4095 369 4146 Καὶ
398 4092 461 4144 τὲ·
494 4088 632 4153 εἶδος
660 4092 807 4160 αύτῷ
832 4091 925 4144 τοῦ
947 4091 1105 4156 λόγου
1130 4092 1210 4152 εἰς
1237 4092 1299 4142 τὸ
1343 4090 1537 4142 λευκόν
1562 4107 1621 4141 τε
1668 4090 1762 4141 καὶ

183 4188 459 4254 ἐντορνον,
504 4185 647 4252 ἢπερ
688 4185 737 4235 οἱ
783 4183 966 4246 ἄλλοι,
1008 4182 1359 4233 διατυποῦται
1386 4181 1451 4242 ⁷¹,
1490 4181 1583 4232 καὶ
1612 4181 1763 4232 οὐδὲν

182 4278 421 4345 παρέχει
464 4276 493 4326 ὃ
521 4277 586 4328 ἄν
629 4293 712 4337 τις
751 4275 1085 4345 διερευνήσοι
1112 4275 1157 4305 ⁷³
1209 4272 1593 4341 μωμήσασθαι,
1626 4272 1763 4339 πλὴν

181 4368 260 4426 ὡς
287 4367 335 4397 ⁷³
377 4364 493 4415 ἐσθ’
537 4366 644 4433 ὅπη
691 4364 789 4435 τὴν
828 4364 1085 4432 Ἀττικὴν
1128 4363 1225 4431 τῆς
1263 4358 1425 4429 ἄλλης
1470 4361 1653 4427 φωνῆς
1699 4362 1761 4411 οὐ

180 4457 498 4529 προκρίνει.

891 4567 1046 4631 PLA'.

187 4677 304 4732 Τοῦ
350 4676 539 4730 αὐτοῦ
570 4676 717 4743 πρὸς
742 4675 1038 4743 Γεώργιον
1084 4678 1350 4741 ἔπαρχον
1399 4675 1720 4741 Ἐπιστολὴ
1745 4692 1759 4705 ο

255 4748 360 4799 καὶ
404 4742 673 4813 λόγουθ’,
709 4746 777 4796 ἐν
805 4742 895 4808 οἷς
940 4747 1264 4809 Θεολοτικά
1291 4742 1388 4795 καὶ
1432 4746 1628 4797 Ἠθικά
1666 4762 1759 4797 κε›

253 4818 489 4886 sptium)
511 4822 587 4881 α’,
612 4816 709 4867 καὶ
728 4816 1074 4868 Ἐπιστολαὶ
1102 4814 1165 4866 ε’.

261 4910 390 4960 Ἔτι
415 4906 730 4975 ἀνεγνώσθη
758 4906 804 4936 ⁷⁸
852 4904 945 4957 τοῦ
976 4904 1141 4957 αὐτοῦ
1191 4903 1347 4972 ἁγίου
1382 4905 1568 4973 ἀνδρὸς
1600 4906 1754 4971 Πρὸς

185 5006 234 5056 Γ
236 5001 491 5068 εώργιον
507 4998 1129 5066 ἔπαρχον-Ἐπιστολὴ,
1150 4996 1350 5063 πολλῆς
1372 4996 1639 5063 ὠφελείας
1666 4998 1760 5049 καὶ

187 5091 542 5153 κατανύξεως
571 5090 836 5159 γέμουσα·
871 5089 963 5139 καὶ
988 5088 1047 5138 τὸ
1080 5087 1179 5156 τῆς
1212 5089 1462 5156 φράσεως
1488 5090 1653 5157 αὐτῆς
1682 5091 1761 5149 εἰς

184 5190 246 5239 τὸ
272 5184 450 5251 σαφές
471 5198 530 5234 τε
555 5182 651 5234 καὶ
683 5181 872 5251 ἠθικὸν
910 5182 1316 5250 ἀνεπτυγμένον
1342 5180 1477 5249 πρὸς
1502 5180 1567 5231 τά
1595 5187 1639 5230 υ⁹
1670 5196 1761 5231 κε-

1785 4588 1837 4645 D

1864 3360 2055 3412 indidit
2087 3358 2164 3412 De
2190 3361 2479 3422 charitate,
2534 3363 2733 3415 idcirco
2794 3360 3046 3425 fortasse,
3112 3366 3253 3431 quod
3310 3366 3429 3419 inde

1862 3454 2145 3505 exordium
2196 3456 2510 3521 sumpserit,
2539 3463 2592 3507 et
2628 3455 2758 3507 alibi
2792 3454 3106 3523 frequenter
3141 3455 3209 3509 de
3240 3461 3426 3510 eadem

1862 3547 2116 3600 disserat.
2146 3546 2466 3615 Quanquam
2504 3557 2559 3601 et
2585 3563 2614 3601 e
2643 3548 2824 3601 multis
2852 3548 3047 3601 ibidem
3077 3550 3427 3617 problematis

1862 3654 1926 3693 ac
1974 3640 2324 3693 theorematis
2376 3640 2604 3709 (quibus
2647 3654 2768 3692 cum
2826 3641 3093 3710 theologia
3159 3641 3422 3704 ﬁrmatur,

1865 3740 1976 3782 tum
2006 3730 2247 3784 sanctior
2306 3745 2369 3783 ac
2402 3733 2593 3799 purior
2614 3733 2849 3785 hominis
2907 3733 3013 3784 vita
3046 3732 3304 3801 redditur)
3335 3746 3425 3786 co-

1863 3824 2071 3892 piosum
2122 3838 2251 3875 sane
2290 3823 2549 3890 colligere
2592 3814 2829 3878 fructum
2862 3833 3060 3892 queant
3109 3825 3142 3877 ii
3178 3824 3270 3894 qui
3312 3826 3422 3881 haec

1863 3915 2148 3984 diligenter
2174 3915 2479 3985 perlegant.

1938 4084 2198 4138 Dictionis
2249 4100 2423 4152 genus
2478 4086 2766 4139 candidum
2829 4101 2937 4153 pra:
2984 4086 3198 4140 caeteris
3253 4098 3417 4155 atque

1864 4186 2132 4229 tornatam
2165 4176 2253 4229 hic
2303 4177 2639 4230 instituitur:
2675 4193 2773 4230 nec
2798 4179 3091 4246 quidquam
3139 4180 3207 4232 ibi
3243 4180 3420 4241 all‘ert,

1861 4269 2003 4334 quod
2036 4269 2465 4336 reprehendendi
2493 4285 2657 4322 causa
2680 4271 2942 4338 quispiam
2962 4282 3217 4324 excutere
3234 4275 3421 4339 possit.

1864 4359 2097 4414 Tantum
2163 4361 2360 4415 alicubi
2405 4376 2569 4415 voces
2620 4363 2827 4415 Atticas
2879 4363 3089 4416 caeteris
3120 4377 3225 4415 non
3269 4376 3420 4415 ante-

1862 4452 2033 4519 ponit.

2531 4562 2759 4619 CXCIV.

1863 4676 2117 4759 Ejusdem
2138 4678 2274 4759 benti
2309 4678 2538 4759 Maximi
2564 4678 2904 4759 Epistolqud
2938 4677 3221 4759 Georgium
3270 4692 3426 4743 ερατ-

1924 4747 2604 4815 cltum.—Theologicorum
2632 4749 3017 4816 Mor-aliumque
3046 4749 3277 4812 capitum
3307 4762 3426 4798 ceu-

1922 4818 2095 4879 (urire,
2120 4818 2221 4869 sive
2249 4818 2371 4869 libri
2404 4833 2463 4881 ll,
2493 4818 2746 4881 Epistola:
2773 4834 2823 4870 ν.

1934 4903 2097 4957 Lecta
2128 4914 2385 4973 praeterea
2418 4916 2502 4959 est
2541 4906 2793 4975 ejusdem
2846 4906 3017 4960 sancti
3042 4906 3145 4959 viri
3188 4904 3424 4971 Epistula

1869 4998 1936 5047 ad
1963 4992 2240 5064 Georgium
2273 4999 2583 5063 eparclium,
2616 4998 2880 5065 perutilis,
2909 5012 3038 5051 sane
3084 5008 3138 5051 et
3167 5013 3424 5064 compun-

1872 5088 2068 5142 ctionis
2099 5089 2279 5156 plena.
2313 5090 2487 5141 Dictio
2521 5104 2647 5142 vero
2680 5088 2796 5155 ejus
2829 5090 2883 5143 in
2911 5089 3346 5158 perspicuitatem
3373 5100 3426 5141 et

1877 5180 2152 5233 lenitatem
2176 5194 2493 5244 excurrens,
2524 5180 2744 5235 minime
2774 5181 3009 5249 spuriam
3039 5195 3160 5235 sese
3194 5178 3425 5234 retinere

1454 5314 1687 5369 VARI/E
1715 5314 2118 5371 LECTIONES.

260 5417 304 5446 ”
341 5422 469 5465 ante
505 5410 840 5478 Ἀνεγνώσθη
902 5426 1021 5464 cum
1071 5411 1114 5462 A
1156 5409 1311 5461 omisi
1375 5408 1512 5460 Ἔτι.
1593 5411 1636 5441 ⁸⁸
1676 5410 1842 5463 αὑτοῦ
1906 5426 2013 5463 Olli.
2072 5416 2135 5465 Α.

191 5489 228 5519 ’³
268 5482 660 5537 διατυπούνται
689 5482 1000 5549 -τταρὲχοι
1033 5481 1097 5531 Α.
1176 5480 1221 5508 ⁷⁸
1269 5479 1587 5549 διερευνήσῃ
1652 5498 1711 5543 ς.
1787 5481 1830 5511 ⁷³
1880 5481 1953 5543 ὡς
2005 5485 2126 5535 add.
2158 5485 2221 5536 Α.

2231 5414 2276 5444 θ’
2303 5413 2503 5482 άπόκρ.
2535 5413 2630 5464 καὶ
2661 5412 2821 5482 χρήσ.
2857 5428 2916 5474 ς.
2994 5412 3036 5441 ⁷ο
3074 5412 3166 5462 καὶ
3221 5425 3328 5464 om.
3358 5411 3423 5463 A.

2298 5485 2343 5513 ⁷⁸
2370 5480 2489 5534 Ἔτι
2520 5480 2834 5551 ἀνεγνώσθη
2886 5496 2991 5534 om.
3026 5484 3089 5533 A.

1702 5618 1931 5675 ΝΟΤΑΞ.

256 5736 380 5795 (ιε)
412 5735 556 5787 Idem
596 5731 790 5783 alicubi
855 5729 1138 5803 Gregorius
1190 5731 1489 5797 appellatus
1539 5734 1753 5803 legitur.

257 5809 376 5876 (ιδ)
400 5806 455 5857 In
487 5804 695 5857 caloris
721 5803 862 5853 beati
895 5800 1105 5851 Maximi
1140 5815 1370 5870 διτισιμιις,

483 5900 754 5958 Parnm.
797 5896 913 5955 Gn.
943 5894 1096 5955 CIII.

1937 5740 2044 5809 (ill
2072 5739 2259 5797 (ιι-ωας
2282 5741 2409 5793 olim
2440 5750 2495 5795 et
2522 5739 2713 5797 Latine
2752 5742 2805 5797 in
2854 5740 3144 5797 Germania
3190 5742 3419 5797 editum.

3002 5900 3067 5956 Si
