4196 6442
764 342 864 407 651

1904 343 2163 404 ΡΙΙΟΤΙῙ
2203 342 2474 402 ΡΛΤΗΙΛ
2488 342 2705 400 ΠΟΙΙ.Ε
2742 342 2848 401 (Il‘.

3896 349 3999 413 652

770 472 896 512 cum
930 455 1340 527 quadringentis
1369 454 1470 508 illis
1499 454 1763 523 capitibus
1787 452 1942 522 quasi
1960 454 2330 521 cognationem

2439 451 2644 519 φάλαια
2672 452 2769 519 τὴν
2804 452 3125 518 συγγένειαν
3152 454 3437 509 ἀνόθευτον
3471 457 3741 509 δείκνυσιν
3772 459 3859 511 ὅτι
3887 460 3979 512 δια

771 550 911 603 satis
936 548 1194 601 declarat.

835 639 891 692 In
923 654 988 692 eo
1042 640 1157 707 ipso
1204 637 1476 690 volumine
1524 637 1697 690 lectus
1751 636 1864 702 (45)
1920 636 2055 689 liber
2112 647 2329 688 centum

772 740 1028 783 constans
1060 728 1348 795 capitibus,
1384 736 1440 780 et
1475 727 1609 780 alter
1642 728 1769 778 item
1799 720 2018 780 totidem
2058 726 2330 794 capitibus

772 821 1144 883 absolutus,in
1195 820 1390 887 quibus
1428 834 1529 871 non
1582 818 1753 871 solum
1806 818 2110 869 divinarum
2150 832 2328 869 rerum

771 914 1000 968 scientia
1048 912 1248 974 elucet,
1300 912 1392 963 sed
1450 911 1686 963 moribus
1736 924 1953 977 quoque
2002 910 2332 963 exornandis

770 1016 895 1075 apta
931 1005 1177 1059 doctrina
1210 1001 1447 1055 excellit.
1484 1002 1723 1067 Quorum
1760 1001 1974 1069 quidem
2005 1001 2146 1053 nulla
2193 1001 2245 1053 iu
2275 1016 2333 1053 re

771 1113 893 1149 cum
931 1095 1351 1165 quadringentis
1422 1094 1531 1147 illis
1589 1093 1858 1161 capitibus
1913 1092 2106 1146 similis
2148 1092 2333 1160 genius

769 1186 1182 1247 adulteraretur,
1208 1184 1250 1237 si
1281 1199 1383 1237 non
1416 1184 1702 1252 supposita:
1735 1183 2007 1250 plerisque
2035 1182 2325 1249 allegorim,

769 1279 945 1331 aliiuia
977 1278 1089 1331 hinc
1111 1278 1158 1330 ei
1196 1278 1399 1342 scripto
1431 1274 1827 1343 quodammodo
1860 1271 2153 1338 edicerent,
2185 1273 2329 1339 quod

770 1366 1086 1435 diligentem
1123 1364 1268 1417 illam
1307 1364 1590 1415 dubiorum
1640 1376 1704 1414 ac
1742 1362 2069 1415 solutionum
2104 1375 2133 1413 e
2175 1374 2328 1413 sacra

774 1460 1052 1526 Scriptura
1119 1455 1552 1522 explanationem
1612 1453 1978 1522 persequitur,
2036 1452 2324 1506 Thalassio

770 1552 1086 1620 presbytero
1115 1563 1177 1602 ac
1209 1545 1459 1614 prazfeclo
1516 1545 1841 1598 dedicatum.
1877 1544 2197 1612 Quanquam
2226 1544 2325 1597 lio-

770 1657 887 1695 rum
920 1641 1081 1694 etiam
1132 1639 1392 1691 librorum
1430 1652 1548 1689 cum
1609 1637 1713 1689 illis
1743 1637 2009 1703 capitibus
2048 1637 2325 1704 cognatio,

768 1752 862 1805 per
921 1734 1231 1787 aliiuitatem
1289 1747 1410 1785 cum
1504 1733 1605 1785 hoc
1670 1734 1872 1801 scripto
1956 1730 2347 1802 [conﬁrmata],

766 1844 887 1884 eum
915 1842 1031 1881 esse
1062 1826 1245 1878 retium.

837 1921 892 1975 In
912 1923 1096 1975 eodem
1119 1918 1277 1973 simul
1302 1918 1895 1985 volumiuelegebantur
1913 1920 2074 1971 variae
2090 1919 2328 1987 ejusdem
2363 1923 2407 1982 Β

761 2015 1056 2080 Ερὶειοιιεε
1090 2026 1318 2079 quarum
1343 2011 1511 2077 prima
1541 2011 1604 2061 ad
1626 2008 1845 2061 Petrum
1874 2008 2164 2063 lllustrem.
2201 2011 2327 2076 Ejus

768 2106 957 2159 titulus
988 2123 1000 2157 :
1038 2102 1225 2158 Oratio
1258 2103 1423 2155 brevis
1454 2102 1516 2153 de
1571 2104 1816 2169 mysterio
1856 2099 2054 2155 Clu-isti
2095 2100 2328 2161 Domini,

769 2208 813 2249 et
846 2199 1093 2248 adversus
1150 2192 1323 2247 Severi
1374 2194 1638 2261 dogmata.
1677 2190 1864 2257 Capita
1900 2193 2011 2245 lizec
2061 2190 2196 2259 (46).
2258 2189 2331 2244 De

770 2302 995 2342 numero
1029 2295 1277 2340 enatura
1314 2285 1484 2353 magis
1535 2283 1699 2352 petita
1728 2284 2003 2335 tractatio.
2044 2281 2118 2336 De
2175 2280 2328 2342 diiIe-r

772 2380 945 2435 rentia
975 2388 1028 2433 et
1059 2377 1322 2446 qualitate
1358 2377 1683 2437 accuratius,
1716 2378 1890 2443 deque
1925 2375 2115 2428 horum
2140 2376 2331 2427 ortho-

769 2476 909 2525 doxa
936 2468 1291 2537 professione.
1318 2468 1423 2520 Pro
1446 2465 2121 2534 blasphemiahabendum,
2147 2466 2189 2518 si
2212 2466 2332 2533 quis

768 2566 843 2619 ita
871 2563 1191 2632 simpliciter
1213 2562 1356 2613 dicat
1412 2560 1685 2614 Chrismm
1722 2575 1883 2613 unam
1912 2575 2029 2613 esse
2056 2570 2328 2612 naturam.

770 2656 846 2708 De
876 2654 1174 2723 composita
1228 2662 1444 2715 natura,
1479 2654 1701 2721 ejusque
1738 2653 1985 2704 ratione:
2016 2660 2069 2703 et
2104 2651 2268 2717 impie
2304 2668 2330 2701 a

770 2747 1088 2814 quibusdam
1115 2745 1243 2809 dici,
1283 2744 1559 2797 Christum
1591 2760 1752 2797 unam
1800 2758 1923 2798 esse
1971 2745 2328 2810 compositam

773 2848 1041 2892 naturam.
1081 2836 1182 2900 Qui
1213 2836 1416 2887 dixerit
1448 2834 1722 2889 Christum
1762 2835 1926 2887 Deum
1960 2844 2013 2887 et
2053 2835 2328 2887 hominem

770 2941 892 2996 post
924 2930 1198 2991 unionem,
1256 2926 1301 2978 is
1335 2926 1492 2979 simul
1546 2943 1665 2979 cum
1698 2926 1830 2993 ipsis
1861 2926 2169 2978 nominibus
2201 2940 2329 2977 con-

769 3022 949 3073 ﬁtelur
977 3031 1193 3072 naturas
1225 3019 1530 3070 necessario
1549 3028 1666 3085 post
1694 3019 1946 3070 unionem
1979 3032 2134 3081 esse;
2164 3026 2327 3073 recte.

767 3124 825 3163 ut
857 3121 1098 3178 apparet,
1133 3120 1187 3161 et
1240 3120 1638 3176 consequenter
1676 3110 1740 3160 iis
1768 3123 1886 3175 qua:
1918 3108 2075 3169 dixit,
2105 3111 2329 3161 credere

765 3201 971 3255 volens.
1009 3200 1197 3269 158b
1268 3198 1341 3251 De
1401 3214 1527 3250 voce
1572 3200 1625 3251 in
1682 3197 1904 3251 duabus.
1968 3197 2134 3250 Recta
2194 3214 2325 3249 con-

768 3292 931 3344 fessio
964 3294 1122 3344 uuius
1150 3300 1358 3342 natura:
1390 3289 1548 3342 Verbi
1580 3303 1645 3340 ex
1670 3288 1889 3340 Patrum
1933 3290 2235 3349 sententia,
2273 3296 2327 3339 et

766 3382 987 3451 rejectio
1018 3382 1175 3435 unius
1198 3381 1507 3447 compositas
1530 3390 1754 3432 naturae.
1791 3378 1863 3430 De
1885 3379 2153 3445 hypostasi
2179 3394 2327 3431 com-

763 3473 936 3542 pOsita
998 3471 1167 3539 magis
1241 3468 1504 3522 naturalis
1569 3468 1883 3536 disputatio.
1926 3467 2326 3520 Demonstratio

765 3566 927 3617 item:
962 3562 1146 3616 Nouiu
1171 3560 1355 3614 eadem
1388 3560 1629 3613 incidere
1646 3558 1907 3624 absurda,
1940 3558 2027 3625 qui
2050 3558 2323 3611 Christum

763 3668 882 3707 esse
918 3669 1077 3705 unam
1118 3652 1469 3720 compositam
1504 3650 2179 3720 hypostasinconlitcntur,
2205 3665 2323 3703 cum

762 3750 831 3803 iis
886 3749 974 3816 qui
1016 3750 1186 3815 ipsum
1216 3761 1335 3799 esse
1367 3757 1623 3798 asserunt
1660 3760 1816 3797 unam
1848 3745 2199 3810 compositam
2227 3758 2325 3794 ua-

762 3852 960 3893 turam.
992 3838 1094 3891 Per
1122 3837 1288 3890 solam
1314 3837 1739 3905 assumptiouem
1772 3835 1966 3888 factam
2019 3849 2141 3887 esse
2172 3834 2319 3886 illam

759 3932 1055 3986 secundum
1111 3944 1329 3983 carnem
1356 3930 1604 3983 unionem
1633 3926 1840 3997 [Verbi]
1895 3936 2149 3993 tauquam
2188 3941 2324 3995 prae-

759 4024 1069 4079 exsistentis
1118 4033 1171 4075 et
1226 4021 1500 4074 voluntate
1562 4023 1812 4072 unionem
1839 4019 1952 4088 (47)
2003 4033 2123 4071 cum
2160 4032 2323 4071 carne

760 4115 1057 4184 operantis.
1093 4112 1215 4166 llmc
1252 4113 1315 4165 ad
1342 4110 1555 4165 Petrum
1584 4110 1875 4163 illustrem.

816 4205 996 4258 Altera
1012 4204 1205 4259 deinde
1228 4204 1292 4255 ad
1307 4202 1558 4255 Cosmam
1583 4202 1871 4254 diaconum
1897 4198 2320 4253 Alexandrinum

758 4295 1039 4360 scribitur,
1074 4296 1147 4347 De
1176 4294 1445 4347 communi
1478 4303 1532 4345 et
1562 4294 1797 4359 proprio,
1830 4292 1943 4344 sive
1974 4291 2039 4343 de
2082 4290 2319 4344 essentia

756 4397 812 4439 et
845 4384 1214 4439 subsistentia.
1254 4380 1422 4450 Hujus
1445 4392 1603 4449 caput
1633 4382 1864 4449 primum
1902 4395 1930 4433 e
1958 4388 2145 4432 natura
2185 4393 2320 4446 pra:-

756 4478 911 4545 cipua
944 4476 1111 4545 petita
1154 4472 1405 4543 probatio
1440 4481 1521 4526 est
1552 4489 1564 4524 :
1631 4470 1773 4523 Nihil
1804 4470 2057 4523 videlicet
2114 4484 2308 4523 eorum

2441 543 2622 602 σώζει.

2519 628 2605 678 Ἐν
2634 628 2687 677 δὲ
2723 627 2794 695 τῷ
2823 628 2969 697 αὑτῷ
2999 630 3177 699 τεύχει
3210 636 3617 707 συνανεγνώσθη
3648 638 3806 705 λόγος
3836 656 4003 707 κεφαο

2436 720 2605 781 λαὶοις
2634 728 2677 788 ρ’
2704 720 3083 790 διειλημμένος
3108 765 3120 786 ,
3154 725 3246 774 καὶ
3278 726 3460 795 ἕτερος
3499 728 3698 796 ὁμοίως
3728 734 3843 792 τοῖς
3872 733 4003 793 ⁸’σοις

2436 813 2880 880 ἀπηρτισμένος,
2934 817 2991 866 ἐν
3042 810 3123 876 οἷς
3170 816 3414 884 θεολογία
3461 836 3520 870 τε
3565 820 3865 889 διαλάμπει
3916 826 4005 874 καὶ

2437 905 2581 973 ἠθῶν
2606 905 2965 973 διακόσμησις
3009 907 3319 976 διαπρέπει.
3355 911 3461 962 Καὶ
3493 912 3591 963 οὑκ
3624 913 3688 964 ἂν
3732 914 3790 965 ἐν
3829 915 4005 965 οὐδενὶ

2436 996 2494 1047 τὸ
2521 997 2759 1063 ὀμοφυὲς
2798 999 2981 1059 αὐτοῖς
3011 1000 3143 1068 πρὸς
3169 998 3236 1050 τὰ
3260 1007 3301 1050 υ¹
3333 1001 3601 1067 κεφάλαια
3630 1002 3929 1063 ἐνοθεύετο,
3960 1007 4004 1053 εἰ

2438 1088 2514 1156 μὴ
2560 1090 2618 1139 τὸ
2670 1089 3027 1159 ἁλληγορικὸν
3075 1092 3134 1141 ἐν
3178 1091 3391 1154 πολλοῖς
3429 1092 3867 1161 ὑποϐαλλόμενον
3913 1095 4005 1145 καὶ

2435 1179 2681 1246 ὁμόφυλά
2730 1198 2847 1242 πως
2898 1180 3035 1234 αὑτά
3097 1182 3452 1249 παραστῆσαν
3490 1183 3533 1213 ⁷⁸
3579 1186 3645 1252 τῇ
3716 1184 4002 1246 συντάξει,

2441 1267 2564 1339 [508
2594 1270 2686 1339 [1.]
2735 1272 2855 1339 ἥτις
2892 1271 3181 1339 Γραφικῶν
3210 1272 3253 1304 ⁷⁸
3278 1274 3645 1341 ἀπορημάτων
3673 1276 3767 1325 καὶ
3798 1274 4005 1327 λύσεων

2439 1358 2649 1410 ἔκθεσιν
2697 1358 2989 1421 σπουδάζει
3032 1360 3126 1412 καὶ
3173 1360 3462 1431 Θαλασσίῳ
3500 1364 3616 1412 ἐστὶ
3645 1363 4004 1432 πρεσϐυτέρῳ

2436 1451 2529 1504 καὶ
2562 1452 2848 1522 ἡγουμένῳ
2892 1454 3405 1523 προσπεφωνημένη
3430 1494 3444 1517 ,
3480 1454 3540 1506 τὸ
3585 1455 3719 1523 πρὸς
3755 1456 3933 1507 ταῦτα
3964 1457 4003 1485 ⁷⁷

2438 1544 2694 1609 συγγενὲς
2735 1543 2823 1595 διὰ
2860 1545 2959 1612 τῆς
3008 1546 3144 1613 πρὸς
3184 1547 3399 1614 ἐκείνην
3448 1545 3773 1608 οἱκειώσεως
3801 1548 4004 1600 ὑποδο-

2434 1634 2648 1702 λιμαῖον
2679 1635 2721 1665 ⁷⁸
2753 1632 2891 1688 εἶναι
2920 1635 3213 1704 λογισμοὺς
3245 1638 3609 1706 ἀναρριπίζει.

2420 1747 2611 1785 omnes
2662 1733 2889 1800 repellat
2965 1747 3157 1785 causas
3247 1732 3601 1803 [suspicandi]
3663 1734 4002 1801 suppositum

2519 1921 2605 1970 Ἐν
2636 1919 2817 1987 ταυτῷ
2854 1919 2907 1970 δὲ
2941 1915 3456 1983 ωνανεγνὼσθησαν
3501 1916 3592 1967 τοῦ
3639 1914 3806 1968 αὑτοῦ
3846 1914 4005 1968 Ἑπι-

2433 2010 2645 2061 στολαὶ
2672 2009 2935 2078 διάφοροι.
2984 2003 3082 2059 Ὧν
3117 2007 3308 2077 πρώτη
3344 2008 3441 2076 μὲν
3484 2007 3618 2076 πρὸς
3650 2008 3857 2075 Πέτρον
3910 2008 4005 2059 Ἰλ-

2433 2099 2814 2180 λοὺστριον,ἧς
2846 2100 3125 2171 ἐπιγραφὴ
3147 2101 3191 2131 τ’
3228 2102 3346 2169 μὲν,
3380 2100 3513 2167 Περὶ
3555 2099 3656 2152 τοῦ
3687 2099 3840 2151 κατὰ
3875 2101 4006 2160 Χριο

2433 2196 2584 2249 στὸν
2602 2196 2935 2262 μυστηρίου
2961 2196 3149 2263 Λόγος
3178 2194 3455 2262 ἐπίτομος
3476 2193 3570 2245 καὶ
3594 2193 3741 2245 κατὰ
3760 2191 3888 2262 [262
3914 2191 4002 2261 IL]

2435 2287 2549 2339 τῶν
2596 2287 2857 2355 Σεΰήρου
2908 2285 3232 2354 δογμάτων,
3266 2286 3534 2353 κεςάλαια
3580 2284 3635 2336 δὲ
3662 2284 3782 2336 τάδε
3817 2299 3832 2313 °
3868 2286 4006 2351 Περὶ

2434 2380 2665 2449 ἀριθμοῦ
2717 2380 3061 2449 φυσικωτέρα
3110 2378 3389 2447 διάληψις,
3443 2378 3569 2445 περὶ
3604 2377 3868 2443 διαφορὶς
3911 2378 4004 2427 καὶ

2435 2473 2715 2540 ποιότητος
2770 2471 3157 2542 ἀκριϐέστερον
3221 2471 3314 2521 καὶ
3360 2469 3458 2537 τῆς
3515 2468 3690 2520 αὐτῶν
3744 2468 4004 2529 εὑσεδοῦς

2433 2564 2739 2632 ὁμολογίας·
2784 2566 2864 2617 ὅτι
2911 2564 3229 2632 βλάσφημον
3272 2563 3331 2614 τὸ
3378 2563 3555 2627 λέγειν
3603 2563 3773 2622 οὑτως
3816 2560 4004 2622 ἁπλῶς

2433 2658 2520 2710 τὸν
2550 2659 2782 2727 Χριστὸν
2829 2658 2955 2725 μίαν
3000 2657 3180 2723 φύσιψ
3226 2656 3355 2725 περὶ
3387 2656 3637 2707 συνθέτου
3664 2655 3877 2718 φύσεως
3908 2655 4003 2705 καὶ

2433 2753 2524 2804 τοῦ
2568 2750 2686 2801 κατ’
2718 2751 2883 2818 αὑτὴν
2926 2750 3104 2813 λόγου,
3137 2748 3231 2799 καὶ
3260 2749 3333 2808 ὡς
3358 2746 3646 2799 ἀσεϐοῦσιν
3676 2748 3723 2797 οἱ
3755 2746 4004 2812 λέγοντες

2434 2846 2521 2894 τὸν
2553 2842 2786 2911 Χριστὸν
2814 2842 2939 2910 μίαν
2975 2839 3226 2891 σύνθετον
3250 2840 3294 2869 ⁸ο
3326 2839 3503 2904 φύσιν·
3536 2840 3616 2890 ὅτι
3650 2839 3678 2889 ό
3708 2838 3881 2903 λέγων
3913 2838 4004 2889 τὸν

2434 2936 2664 3003 Χριστὸν
2696 2933 2826 2984 Θεὸν
2870 2937 2961 2984 καὶ
2997 2932 3280 3000 ἄνθρωπον
3330 2930 3465 2999 μετᾶ
3525 2930 3620 2999 τὴν
3649 2932 3844 2982 ἕνωσιν
3878 2948 4003 2981 συν-

2436 3026 2687 3092 ομολογεῖ
2717 3028 2826 3086 τοῖς
2850 3025 3073 3090 ὀνόμασι
3098 3024 3195 3083 τάς
3240 3023 3427 3088 φύσεις
3471 3022 3528 3085 ἐξ
3573 3023 3819 3090 ἀνάγκης
3862 3025 4001 3090 μετὰ

2430 3116 2526 3184 τὴν
2557 3118 2769 3172 ἕνωσιν.
2803 3116 2976 3184 ὀρθῶς
3006 3115 3245 3182 δηλονότι
3279 3115 3368 3164 καὶ
3396 3114 3701 3175 ἀκολούθως
3738 3107 3818 3175 οἷς
3852 3114 3999 3179 λέγει

2432 3204 2708 3255 πιστεύειν
2742 3205 3032 3273 ᾑρημένος
3068 3203 3317 3271 περὶτῆς
3342 3204 3410 3253 ἐν
3438 3203 3546 3254 δύο
3576 3204 3841 3270 φωνῆςυθ
3872 3205 4002 3270 περὶ

2430 3294 2525 3362 τῆς
2556 3295 2681 3361 μιᾶς
2704 3294 2795 3345 τοῦ
2824 3293 2982 3361 λόγου
3010 3292 3221 3360 φύσεως
3246 3292 3470 3360 εὐσεϐὴς
3494 3292 3537 3321 ⁸³
3571 3292 3829 3359 ὁμολογία
3859 3294 3999 3345 κατὰ

2428 3388 2552 3447 τοὺς
2584 3386 2829 3453 Πατέρας
2854 3424 2869 3447 ,
2902 3386 2991 3437 καὶ
3030 3385 3281 3450 ἀθέτησις
3318 3384 3416 3452 τῆς
3456 3386 3583 3453 μιᾶς
3616 3385 3872 3437 συνθέτου
3902 3388 3999 3453 φύ-

2430 3495 2587 3539 σεωςο
2626 3478 2754 3546 περὶ
2789 3476 3138 3536 ὑποστάσεως
3185 3475 3437 3526 συνθέτου
3486 3475 3838 3545 φυσικωτέρα
3882 3477 3997 3529 διά-

2427 3570 2588 3637 ληψις
2612 3610 2626 3633 ,
2686 3569 2779 3620 καὶ
2816 3567 3089 3631 ἀπόδειξις
3131 3567 3204 3628 ὡς
3256 3566 3376 3635 οὐχὶ
3409 3568 3522 3627 τοῖς
3558 3566 3738 3626 αὑτοῖς
3776 3568 3997 3628 ἀτόποις

2428 3660 2845 3729 περιπίπτουσιν
2889 3660 2936 3710 oi
2989 3658 3117 3726 μίαν
3161 3657 3415 3709 σύνθετον
3470 3659 3765 3710 ὑπόστασιν
3802 3659 3997 3727 ὁμολο-

2426 3749 2643 3815 γοῦντες
2664 3749 2753 3800 τὸν
2779 3746 3007 3817 Χριστὸν
3032 3750 3139 3806 τοῖς
3166 3746 3292 3814 μίαν
3318 3747 3477 3799 αὑτὸν
3502 3747 3754 3801 σύνθετον
3777 3749 3998 3815 λέγουσι

2427 3840 2607 3907 φύσινι
2642 3841 2684 3891 θ’
2720 3840 3010 3906 κεφάλαιον
3038 3837 3082 3868 ⁸³
3116 3839 3194 3890 ὅτι
3231 3839 3370 3891 κατά
3412 3839 3715 3907 πρόσληψιν
3758 3842 3929 3911 μόνην
3952 3843 3999 3873 ⁸⁸

2424 3932 2455 3997 ή
2495 3929 2628 3996 πρὸς
2655 3929 2752 3997 τὴν
2780 3930 2955 3996 σάρκα
2982 3928 3200 3995 γέγονεν
3225 3928 3416 3989 ’ένωσις
3437 3971 3451 3991 ,
3479 3929 3554 3991 ὡς
3586 3929 3871 3998 προόντος,
3907 3935 4000 3985 καὶ

2423 4020 2689 4088 θελήματι
2713 4019 2807 4089 τὴν
2830 4021 2964 4089 πρὸς
2981 4020 3025 4052 ⁸⁸
3045 4020 3223 4088 σάρκα
3247 4021 3687 4089 διαπραξαμένου
3708 4021 3909 4076 ἕνωσιν
3932 4025 3997 4078 ⁸⁸.

2437 4111 2576 4161 Ἀλλ’
2612 4114 2644 4179 ἡ
2679 4110 2776 4179 μὲν
2807 4112 2942 4179 πρὸς
2977 4111 3183 4179 Πέτρον
3226 4111 3599 4181 Ίλλούστριον.

2507 4198 2697 4269 Ἑτέρα
2742 4198 2798 4251 δὲ
2832 4198 2969 4267 πρὸς
3015 4200 3242 4268 Κοσμᾶν
3289 4201 3534 4252 διάκονον
3585 4201 3997 4271 Ἀλεξανδρείας

2424 4287 2551 4353 περὶ
2577 4283 2754 4337 κοινοῦ
2793 4288 2887 4339 καὶ
2922 4287 3074 4350 ἰδίου,
3108 4288 3383 4340 τουτέστιν
3413 4290 3601 4351 οὑσίας
3628 4292 3723 4343 καὶ
3757 4292 3997 4344 ὑποστάο

2425 4394 2579 4437 σεως.
2622 4372 2728 4439 1'H;
2772 4378 3065 4444 κεφάλαιον
3090 4379 3133 4409 ⁸⁷
3171 4381 3479 4449 κατασκευὴ
3520 4381 3872 4451 φυσικωτέρα
3920 4384 3995 4446 ὡς

2420 4468 2571 4519 οὐδὲν
2602 4468 2709 4520 τῶν
2741 4469 2909 4521 ὄντων
2942 4470 3112 4540 ἑτέρῳ
3144 4471 3250 4523 τινὶ
3284 4472 3479 4523 ταυτόν
3507 4475 3620 4524 ὲστι
3654 4475 3776 4525 κατ’
3803 4476 3993 4527 οὐσίαν

755 4583 872 4634 quae
904 4577 1052 4630 sunt,
1085 4569 1223 4620 idem
1260 4565 1420 4617 etiam
1448 4564 1741 4617 secundum
1779 4561 2071 4615 essentiam
2106 4570 2159 4615 et
2191 4560 2315 4613 sub-

2424 4562 2516 4610 καὶ
2548 4560 2862 4623 ὑπόστασιν,
2905 4561 2992 4613 διὰ
3042 4563 3103 4612 τὸ
3140 4562 3214 4631 μὴ
3258 4563 3453 4615 ταυτὸν
3502 4560 3637 4615 εἶναι
3672 4566 3863 4618 οὐσίαν
3899 4566 3993 4617 καὶ

754 4659 1055 4712 sisteutiam
1106 4672 1227 4709 cum
1257 4656 1426 4709 altero
1451 4670 1591 4718 esse,
1642 4664 1923 4721 propterea
1972 4652 2111 4719 quod
2168 4651 2308 4703 idem

755 4762 1091 4814 nequaquam
1121 4748 1187 4799 sit
1213 4746 1449 4798 essentia
1476 4755 1637 4811 atque
1671 4741 2048 4805 subsistentia,
2090 4740 2227 4793 adeo
2254 4750 2314 4791 ut

752 4854 873 4907 qua:
923 4839 1157 4893 essentia
1218 4837 1404 4892 eadem
1461 4846 1605 4898 sunt,
1663 4833 2009 4889 subsistentia
2069 4830 2310 4902 [saltem]

2009 4965 2242 5018 VARLE

1411 5101 1425 5137 :
1472 5084 1823 5150 παραστήσας
1870 5076 1935 5149 ἦν
1992 5100 2047 5144 ς.

822 5093 869 5123 ⁷⁵
901 5089 1257 5159 παραστήσας
1310 5086 1355 5138 Α
1411 5101 1425 5137 :
1472 5102 1544 5135 πα
1586 5086 1823 5150 αστήσας
1870 5086 1935 5149 ὴν
1992 5100 2047 5144 ς.

840 5159 1259 5219 ὑπερόολιμαῖον
1326 5173 1383 5219 ς.
1472 5156 1517 5183 ⁷⁹
1546 5100 1612 5219 ἐς
1651 5155 1681 5219 ἡ
1717 5151 1990 5219 ἐπιγραφὴ
2043 5169 2079 5213 ς

753 5166 801 5195 ’⁸
840 5159 1269 5229 ὑπερόολιμαῖον
1300 5173 1383 5229 Ag.

752 5303 874 5357 libri
897 5291 1123 5353 κένωσιν
1221 5296 1265 5326 ⁸⁷
1292 5291 1602 5363 κεφάλαιον]
1653 5293 1785 5345 adde
1809 5291 1875 5342 α’.

2422 4652 2737 4713 ὑπόστασιν,
2770 4653 2903 4705 ἀλλά
2928 4654 2995 4705 τὰ
3032 4653 3128 4722 μὲν
3152 4655 3271 4705 κατ’
3301 4655 3487 4706 οὐσίαν
3515 4656 3685 4707 ταυτά
3713 4660 3836 4719 ταῖς
3868 4659 3994 4726 ὑποε

2424 4744 2675 4797 στάσεσιν
2707 4745 2888 4813 ἕτερα,
2926 4745 2961 4798 ἃ
2990 4745 3044 4797 δὲ
3076 4748 3247 4799 ταυτὰ
3285 4748 3406 4799 καθ’
3431 4747 3474 4778 ⁸⁸
3509 4748 3830 4811 ὑπόστασιν,
3871 4750 3991 4802 κατ’

2424 4834 2610 4887 οὑσίαν
2650 4838 2742 4887 καὶ⁸
2788 4838 2947 4904 φύσιν
2993 4836 3244 4908 διάφορα.
3282 4838 3542 4908 Δεύτερον
3574 4841 3657 4892 ὅτι
3696 4840 3726 4891 ὁ
3755 4840 3990 4909 Χριστος

2307 4966 2702 5023 LECTIONES.

2161 5083 2205 5111 ⁷⁸
2234 5086 2619 5151 συγγραφικῶν
2652 5088 2713 5137 Λ.

2191 5152 2234 5181 ⁸ο
2276 5153 2525 5204 σύνθετον
2592 5156 2718 5221 μίαν
2752 5175 2809 5220 ς.

753 5235 797 5265 ⁸³
822 5233 864 5283 θ’
894 5222 1186 5299 κεφάλαιον
1209 5227 1330 5278 add.
1370 5228 1432 5278 A.
1508 5222 1770 5314 “prii/qv]
1808 5222 1938 5289 μόνη
2002 5230 2114 5272 erat
2150 5238 2201 5287 p.
2247 5222 2344 5274 157
2385 5224 2410 5274 ὑ
2439 5226 2485 5276 1.

755 5303 871 5341 ΙίΙιΙιί
897 5301 1123 5341 γένιιισιν
1221 5296 1265 5326 ⁸⁷
1292 5295 1601 5341 κεωάλαιονι
1653 5293 1785 5341 adde
1809 5291 1875 5341 α’.
1952 5291 1994 5320 ⁸⁸
2019 5290 2137 5340 καθ’
2169 5293 2211 5341 Λ
2240 5309 2251 5341 ;
2290 5294 2426 5341 κατά
2456 5312 2483 5341 τ

2019 5296 2137 5340 καθ’
2169 5296 2211 5341 Λ
2240 5309 2251 5343 ;
2290 5296 2426 5344 κατά
2456 5296 2552 5361 τὴν
2571 5314 2630 5359 ς’.

2808 5087 2848 5117 ’⁷
2894 5105 3092 5156 προσπ.
3156 5087 3247 5138 καὶ
3301 5090 3359 5138 τὸ
3410 5086 3540 5155 πρὸς
3597 5086 3771 5139 ταῦτα
3815 5088 3871 5139 δὲ
3922 5105 3984 5151 ς.

2888 5157 2930 5187 ⁸¹
2963 5158 3143 5225 φωνῆς
3180 5159 3271 5208 καὶ
3305 5157 3433 5222 περὶ
3456 5159 3519 5211 Α.
3597 5157 3981 5219 δἐὑσεϐῶςΛ.

2563 5226 2607 5255 ⁸³
2644 5228 2776 5296 πρὸς
2803 5227 2899 5297 τὴν
2925 5227 2968 5279 Λ
2995 5250 3007 5283 ;
3040 5227 3180 5279 κατά
3202 5244 3261 5290 ς.
3358 5227 3402 5257 ⁸⁸
3437 5228 3626 5289 ἓνωσις
3680 5227 3937 5280 Schottus
3966 5245 3981 5280 :

2278 5408 2507 5462 ΝΟΤΛΞ.

823 5527 932 5597 (ιὸ)
957 5526 1129 5595 Hujus
1162 5531 1460 5597 argtmientt
1494 5530 1939 5597 centuri‘septem
1968 5521 2017 5592 in
2054 5521 2299 5597 biblintli.

756 5588 930 5650 Va‘tic:
990 5588 1207 5649 eistare
1231 5588 1465 5645 amrmat
1517 5595 1667 5644 card.
1694 5588 1980 5654 Barouius,
2022 5601 2149 5643 tom.
2191 5591 2299 5643 Vlll

756 5667 952 5717 Annal.
978 5675 1035 5717 ttt
1067 5673 1123 5717 et
1153 5663 1446 5729 Augustani
1477 5662 1528 5713 iu
1560 5660 1692 5729 Sttd.

816 5736 928 5804 (i6)
958 5734 1128 5803 Supra
1164 5728 1374 5800 quoque
1399 5730 1503 5784 992
1527 5730 1590 5783 ad
1616 5728 1873 5786 Joannem
1928 5729 2304 5799 pliilosOphum

2406 5529 2618 5593 pm'srri
2631 5537 2674 5572 ut
2688 5545 2712 5573 τι
2724 5568 2735 5579 ,

2446 5596 2581 5717 l(4'7)
2615 5600 2845 5650 ’Ἑνωσιν
2878 5600 3104 5653 emendo
3127 5613 3191 5654 ex
3233 5597 3452 5665 cpistola
3500 5601 3565 5653 ad
3600 5596 3817 5653 Petrum
3850 5596 3973 5648 illu-

2472 5681 2578 5717 fClll
2607 5684 2753 5717 SIIIH‘.

2414 5680 2578 5719 Slrcut
2607 5684 2753 5731 supr.
