4196 6442
166 419 268 484 653

1231 413 1748 473 BIBIJOTIIECA.
1789 436 1856 445 -
1901 411 2063 469 COD.
2102 412 2372 472 CXCXIV

3305 407 3406 472 654

162 537 281 594 ταῖς
469 531 587 583 κατ’
634 531 821 581 οὐσίαν
865 526 973 578 τῶν
1012 525 1226 577 οἰκείων
1277 525 1457 592 μερῶν
1500 525 1637 592 πρὸς
1671 524 1739 574 τὰ

1842 524 2274 588 distinguantur;
2300 534 2355 576 et
2381 520 2618 592 [contra]
2648 535 2767 587 qua:
2796 515 3151 573 subsistentia
3184 519 3397 580 eadem.

168 628 311 691 άκρα
347 622 656 689 κοινότησιν
685 618 972 684 ἐνούμενος
996 657 1009 677 ,
1038 616 1137 683 τὴν
1166 616 1303 683 πρὸς
1340 615 1473 668 ἄλλα
1501 617 1610 666 τῶν
1641 631 1739 683 με-

170 716 275 781 ρῶν
309 714 627 780 σωζομένην
662 706 774 777 εἶχε
804 707 1087 776 διαφοράν,
1136 709 1253 767 ταῖς
1301 706 1358 757 δὲ
1403 706 1512 757 τῶν
1556 707 1738 774 μερῶν

172 802 399 869 ἰδιότησι
426 802 488 852 τὸ
521 799 641 851 καθ’
674 799 972 850 ὑπόστασιν
1005 795 1270 847 διεδείκνυ
1306 795 1382 855 ὡς
1410 794 1530 845 ὅλον
1561 798 1739 845 κοινὸν

168 894 519 960 ἀμφοτέρων.
554 891 603 941 Γ¹
633 890 713 940 ὅτι
736 888 805 939 τά
846 888 944 956 μὲν
977 887 1097 937 καθ’
1128 886 1424 936 ὑπόστασιν
1447 884 1599 935 κοινὰ
1631 885 1741 937 τῶν

173 982 358 1048 μερῶν
397 982 461 1032 τὸ
498 980 640 1041 δλον,
671 981 837 1047 ’ἤγουν
864 978 956 1029 τὸν
989 976 1244 1046 Χριστὸν,
1280 973 1537 1042 ὴφόριζον
1564 975 1608 1006 ⁸³
1635 975 1741 1027 τῶν

168 1074 378 1139 ἄκρων,
412 1072 484 1122 τὰ
512 1072 567 1121 δὲ
612 1072 729 1121 κατ’
778 1070 966 1119 οὐσίαν
997 1067 1133 1136 πρὸς
1178 1067 1247 1117 τὰ
1275 1065 1420 1132 ἄκρα
1451 1065 1606 1116 κοινὰ
1634 1065 1743 1115 τῶν

172 1163 356 1230 μερῶν
405 1162 482 1222 ὡς
528 1162 644 1212 δλον
680 1161 918 1228 συνῆπτε
961 1161 1071 1219 τοῖς
1104 1159 1295 1223 ἄκροις
1328 1156 1601 1217 οὑσιωδώς
1652 1155 1743 1206 τὸν

169 1253 431 1321 Χριστόν.
465 1250 515 1302 Δ¹
544 1253 625 1302 δτι
653 1251 782 1313 Θεὸς
812 1252 1071 1319 ὑπάρχων
1098 1248 1301 1309 τέλειος
1328 1250 1356 1299 ὁ
1389 1246 1622 1315 Χριστὸς
1648 1246 1743 1296 καὶ

169 1346 456 1413 ἄνθίιιηιπος
472 1345 671 1405 τέλειος
692 1346 720 1396 ὁ
746 1342 927 1404 αὑτὸς,
954 1339 1065 1411 εἶχε
1089 1343 1152 1392 τὸ
1169 1341 1347 1392 κοινὸν
1369 1338 1548 1390 αὐτῶν
1570 1338 1665 1390 καὶ
1686 1337 1745 1388 τὸ

171 1436 294 1487 ἴδιον
325 1431 409 1496 οἷς
441 1434 578 1503 πρὸς
608 1435 796 1485 ἑαυτὸν
824 1436 1059 1485 ἐποιεῖτο
1083 1432 1180 1499 τὴν
1209 1432 1317 1481 τῶν
1340 1430 1525 1498 ἄκρων
1551 1428 1743 1479 ἓνωσιν

171 1526 575 1594 καὶδιάκρισιν,
606 1527 671 1593 τῇ
709 1525 805 1591 μὲν
836 1524 968 1589 πρὸς
1000 1522 1186 1574 ἐαυτὸν
1221 1521 1410 1573 ἐνώσει
1433 1520 1539 1571 τῶν
1561 1519 1744 1586 ἄκρων

171 1617 222 1665 ἐν
236 1614 421 1679 ἐαυτῷ
442 1613 753 1681 σωζομένας
774 1613 871 1674 τὰς
887 1613 945 1675 ἐξ
961 1606 1031 1664 ὧν
1048 1612 1299 1679 συνετέθη
1318 1611 1510 1677 φύσεις
1527 1610 1744 1662 πιστού-

173 1719 352 1769 μενος,
390 1706 458 1771 τῇ
491 1704 546 1754 δὲ
595 1703 729 1770 πρὸς
778 1704 970 1753 ἑαυτὸν
1016 1702 1280 1769 διακρίσει
1320 1702 1427 1754 τῶν
1468 1703 1651 1770 ἄκρων
1685 1701 1745 1753 τὸ

176 1790 464 1856 μοναδικζν
485 1791 583 1855 τῆς
607 1791 814 1846 οἰκείας
842 1790 1111 1857 παριστὰς
1136 1790 1503 1852 ὑποστάσεως.
1540 1790 1590 1841 Ε⁹
1618 1791 1745 1858 περὶ

1840 613 2079 664 essentia
2109 612 2215 664 sint
2248 620 2412 679 atque
2441 620 2631 664 natura
2650 610 2882 664 diversa.
2914 608 3222 663 Secundum
3246 624 3406 678 caput

1841 705 1943 755 ista
1994 705 2223 769 exponit
2252 720 2264 755 :
2298 703 2545 756 Christus
2577 702 2874 755 rationibus
2920 702 3139 769 quidem
3164 716 3391 754 commu.

1841 796 1997 847 nibus
2056 795 2353 847 secundum
2414 794 2707 846 essentiam
2755 792 3091 860 propriarum
3162 792 3397 860 partium

1840 900 1962 938 eum
1988 886 2251 939 extremis
2282 886 2485 945 unitus.
2525 884 2730 937 salvam
2794 883 2845 935 in
2891 881 3115 949 reliquis
3169 881 3401 950 partium

1841 978 2247 1031 distinctionem
2329 978 2638 1039 retinebat;
2708 984 2762 1027 at
2807 990 2933 1027 vero
2984 974 3405 1042 pr0prietatibus

1844 1066 2035 1119 harum
2067 1068 2297 1133 partium
2351 1067 2516 1120 veluti
2569 1075 2739 1119 totum
2794 1065 3061 1133 quoddam
3118 1065 3402 1117 ambarum

1843 1170 2166 1219 commune,
2219 1157 2532 1226 hypostasin
2586 1154 2895 1209 exhibebat.
2967 1154 3408 1219 'l‘ertiumzuum

1844 1250 2135 1302 secimdum
2170 1249 2479 1318 hypostasin
2506 1262 2825 1301 communes
2854 1256 3009 1300 erant
3034 1247 3269 1299 rationes
3294 1260 3409 1314 par-

1848 1342 2191 1403 tium,totum
2227 1341 2422 1407 ipsum,
2456 1340 2506 1391 id
2540 1347 2624 1392 est
2650 1338 2952 1400 Christum,
3005 1337 3408 1405 distinguebant

1847 1430 1913 1484 ab
1943 1432 2201 1483 extremis
2229 1447 2241 1482 :
2284 1446 2402 1498 quae
2445 1445 2575 1482 vero
2606 1429 2896 1483 secundum
2916 1428 3210 1481 essentiam
3252 1438 3408 1479 erant

1847 1520 2151 1573 communia
2196 1522 2428 1588 partium
2482 1521 2548 1573 ad
2586 1530 2849 1581 extrema,
2904 1518 3181 1571 Christum
3241 1518 3404 1571 veluti

1850 1621 2020 1663 tomm
2054 1611 2419 1665 essentialiter
2451 1626 2571 1663 cum
2596 1613 2852 1664 extremis
2877 1610 3193 1678 iungebant.
3228 1609 3403 1674 Quar-

1847 1711 1996 1754 tum:
2039 1700 2172 1754 Cum
2200 1700 2447 1755 Christus
2472 1703 2609 1755 Deus
2652 1703 2918 1770 perfectus
2959 1710 3123 1763 esset,
3160 1700 3406 1767 idemque

1850 1791 2009 1843 homo
2074 1792 2363 1860 perfectus,
2407 1791 2588 1861 [simul
2648 1792 2730 1862 et]
2786 1793 2927 1860 quod
2980 1805 3265 1845 commune
3324 1791 3406 1844 his

170 1883 437 1949 8112,7495;
466 1880 712 1947 διάληψις
745 1881 1027 1949 σύντομος,
1060 1882 1125 1933 δι’
1149 1877 1214 1950 ἧς
1240 1882 1512 1933 δείκνυται
1538 1882 1597 1933 τὸ
1625 1883 1743 1935 κατ’

1847 1894 1961 1937 erat
1991 1884 2239 1948 habebat,
2275 1895 2330 1937 et
2376 1888 2516 1953 quod
2549 1888 2820 1953 proprimn
2858 1885 3093 1951 ;quibus
3134 1893 3192 1935 et
3225 1889 3407 1935 extre-

172 1973 360 2023 οὐσίαν
393 1971 559 2023 ποσὸν
588 1972 697 2024 τῶν
746 1972 1039 2041 ήνωμὲνων
1084 1973 1409 2040 σωζόμενον.
1460 1975 1528 2037 α’
1572 1990 1739 2024 κατα-

173 2066 338 2133 σκευὴ
358 2065 670 2132 πλατυτέρα
688 2067 783 2118 καὶ
801 2065 1149 2135 φυσικωτέρα
1165 2067 1291 2134 περὶ
1308 2066 1570 2135 διαφορᾶς
1586 2067 1679 2117 καί
1693 2066 1739 2097 ⁹⁰

171 2158 470 2225 ποσότητος
522 2158 617 2208 καὶ
666 2157 760 2208 τοῦ
828 2156 1111 2225 δηλοῦντος
1168 2158 1335 2218 αὑτὰς
1386 2159 1429 2186 ⁹¹
1481 2158 1739 2225 ἀριθμοῦ.

172 2248 293 2317 [509
320 2248 414 2317 ll.)
447 2249 498 2298 Z'
523 2250 601 2300 ὅτι
632 2250 659 2299 ὁ
690 2249 764 2315 μὴ
792 2250 990 2300 ταυτὸν
1020 2248 1171 2309 εἰδὼς
1200 2248 1361 2315 φύσιν
1387 2248 1478 2299 καὶ
1508 2249 1743 2299 ὑπόστα-

170 2360 251 2393 σιν
285 2342 529 2401 εὐσεϐῶς
559 2342 649 2392 ἐπὶ
677 2339 911 2409 Χριστοῦ
943 2338 1258 2408 δογματίζει
1293 2341 1391 2409 τὴν
1422 2340 1614 2390 ἕνωσιν
1650 2341 1741 2391 καὶ

168 2433 261 2500 τὴν
287 2431 580 2499 διαᾳοράν,
609 2425 683 2483 ὧν
705 2432 763 2481 τὸ
794 2431 890 2498 μὲν
920 2433 1111 2499 ὁρᾶται
1142 2430 1282 2482 κατὰ
1304 2431 1402 2497 τὴν
1424 2430 1735 2491 ὑπόστασιν,

168 2520 223 2570 τὸ
256 2521 314 2570 6’5
363 2520 515 2571 κατὰ
545 2518 644 2586 τὴν
683 2518 860 2585 φύσιν.
898 2519 958 2569 Il'
993 2520 1073 2569 δτι
1104 2518 1341 2586 Σεϐἦρος
1369 2519 1565 2569 ταυτὸν
1600 2514 1739 2571 εἶναι

170 2612 492 2678 βιαζόμενος
522 2610 682 2675 φύσιν
717 2612 810 2661 καὶ
848 2610 1143 2660 ὑπόστασιν
1192 2610 1386 2675 συγχεί
1414 2600 1517 2677 τὴν
1548 2608 1739 2661 ἕνωσιν

169 2703 261 2754 καὶ
301 2705 451 2753 ποιεῖ
473 2703 517 2731 ⁹¹
544 2702 807 2768 διαίρεσιν
841 2700 938 2769 τὴν
966 2700 1224 2767 διαφοράν
1244 2716 1256 2728 ο
1281 2700 1403 2750 καθ’
1437 2701 1501 2767 ἣν
1530 2700 1736 2751 δείκνυ-

166 2812 251 2844 ται
286 2796 385 2845 καί
414 2794 505 2844 τὸν
533 2792 630 2858 τῆς
656 2792 699 2823 9’
740 2792 967 2860 Τριάδος
998 2793 1077 2853 εἰς
1115 2792 1343 2859 τετράδα
1372 2791 1735 2853 διασκεδάζων

168 2884 360 2949 Λόγον,
416 2884 507 2933 καὶ
539 2882 598 2932 τὸ
648 2882 744 2948 τῆς
794 2884 920 2949 μιᾶς
969 2881 1217 2947 θεότητος
1268 2880 1618 2947 κατατέμνων
1656 2883 1735 2942 είς

166 2977 329 3029 δυάδα
364 2976 683 3044 μυστήριον,
734 2976 827 3024 καὶ
867 2974 1044 3039 πάσης
1072 2973 1163 3023 τὸν
1194 2974 1424 3042 Χριστὸν
1474 2973 1730 3041 ὑπερορί-

168 3068 271 3129 ζων
303 3066 579 3125 οὑσιωδὼς
602 3065 648 3095 ’⁸
670 3064 975 3130 ὑπάρξεως.
1008 3063 1134 3130 1265
1158 3062 1247 3132 IL]
1279 3064 1332 3115 6'
1360 3063 1573 3123 ἕκθεσις
1610 3065 1731 3115 623v“-

1850 1990 2056 2027 morum
2092 1976 2157 2027 ad
2189 1978 2426 2044 seipsum
2461 1977 2712 2029 unionem
2776 1975 3064 2038 efliciehat,
3099 1987 3163 2027 ac
3206 1973 3408 2027 discre-

1850 2067 2066 2118 tionem.
2094 2066 2198 2120 Per
2247 2068 2499 2121 unionem
2532 2068 2745 2135 quidem
2793 2077 3186 2127 extremorum,
3226 2079 3405 2118 secum

1846 2154 2024 2207 salvas
2062 2156 2111 2206 in
2136 2157 2313 2222 seipso
2346 2167 2590 2217 naturas,
2627 2172 2693 2209 ex
2722 2156 2916 2222 quibus
2933 2153 3267 2222 compositus
3301 2161 3405 2215 cst,

1848 2254 2100 2296 testatum
2143 2247 2367 2309 faciens,
2396 2247 2488 2299 sed
2527 2245 2853 2299 discretione
2876 2255 3241 2299 extremorum
3267 2259 3294 2294 a
3326 2257 3403 2305 se,

1844 2334 2076 2402 prOpt-iae
2106 2337 2455 2404 hypostaseos
2486 2335 2748 2390 exhibens
2787 2337 3071 2387 unitatem.
3100 2332 3357 2398 Quintum
3389 2348 3401 2383 :

1847 2427 2037 2480 Brevis
2094 2428 2161 2481 de
2201 2427 2506 2481 differentia
2558 2428 2871 2496 disputatio,
2936 2441 3041 2494 qua
3102 2426 3406 2479 ostenditur

1844 2519 2194 2573 essentialem
2235 2522 2509 2573 unitorum
2548 2520 2906 2588 quantitatem
2933 2517 3137 2569 salvam
3157 2516 3400 2568 retineri.

1845 2614 2067 2667 Sextum
2104 2631 2117 2665 :
2150 2613 2344 2668 Fusior
2401 2614 2680 2682 magisque
2736 2611 3096 2680 philosophica
3153 2608 3406 2662 tractatio

1838 2703 1903 2755 de
1925 2702 2219 2755 differentia
2272 2704 2367 2772 (et)
2419 2705 2736 2768 quantitate,
2786 2715 2849 2752 ac
2899 2700 2964 2753 de
3018 2712 3283 2761 numero,
3317 2697 3404 2763 qui

1838 2794 2028 2846 harum
2067 2795 2226 2847 index
2257 2804 2360 2848 est.
2418 2794 2713 2861 Septimum
2753 2811 2766 2845 :
2808 2792 2905 2858 Qui
2970 2793 3070 2844 scit
3129 2805 3234 2843 non
3290 2803 3409 2841 esse

1836 2887 1973 2939 idem
2011 2894 2254 2937 naturam
2280 2898 2334 2938 et
2375 2885 2705 2954 hypostasin,
2732 2885 2775 2937 is
2804 2885 2887 2952 pie
2930 2885 2981 2935 in
3010 2881 3224 2936 Christo
3251 2880 3411 2932 tradit

1836 2977 2131 3030 unitionem
2167 2992 2229 3028 ac
2281 2976 2641 3030 differentiam
2677 2992 2741 3029 ex
2795 2976 2987 3041 quibus
3036 2973 3122 3025 illa
3194 2971 3408 3039 quidem

1834 3078 2103 3135 spectatur
2126 3068 2417 3121 secundum
2446 3069 2776 3135 hypostasiu,
2808 3068 2919 3120 hate
2952 3080 3080 3119 vero
3115 3063 3408 3115 secundum

165 3176 329 3225 τομος
375 3158 519 3224 μετὰ
550 3157 646 3223 τῆς
686 3156 852 3225 ὀρθῆς
893 3155 1217 3220 συνηγορίας
1245 3154 1343 3220 τῆς
1373 3154 1603 3221 ἀληθοῦς
1624 3156 1732 3205 τῶν

1838 3170 2103 3214 naturam.
2130 3158 2388 3214 Octavum
2418 3177 2430 3211 :
2453 3158 2683 3213 Severus
2710 3160 2833 3211 dum
2859 3174 2951 3225 per
2974 3158 3076 3209 vim
3108 3158 3245 3210 idem
3278 3166 3398 3207 esse

169 3249 433 3316 Πατέρων
476 3247 783 3312 ὁμολογίας.
833 3245 969 3295 Ἀλλ’
1002 3246 1059 3295 ἐν
1084 3245 1293 3306 τούτοις
1324 3246 1420 3313 μὲν
1451 3248 1543 3296 καὶ
1576 3246 1733 3314 αὕτη.

168 3342 275 3391 Καὶ
305 3338 468 3406 δῆλον
497 3339 590 3390 καὶ
619 3337 675 3399 ἐξ
706 3335 881 3387 αὑτῶν
915 3335 1021 3385 τῶν
1057 3335 1364 3400 κεφαλαίων
1388 3338 1446 3386 τὸ
1476 3338 1553 3396 είς
1579 3336 1737 3386 εὑσέ-

166 3431 319 3481 δειαν
350 3432 644 3497 χρῆσιμον.
700 3430 809 3480 Καὶ
860 3431 893 3495 ἡ
946 3428 1144 3496 φράσις
1188 3427 1244 3478 δὲ
1286 3427 1360 3487 ὡς
1399 3429 1455 3477 ἐν
1512 3427 1734 3495 τοιαύτῃ

164 3519 223 3569 τὸ
256 3520 432 3585 σαφὲς
462 3518 645 3569 διώκει
675 3521 766 3569 καὶ
798 3519 897 3570 οὑκ
924 3520 1190 3586 ἄκομψον.

168 3613 218 3663 iu
241 3612 349 3663 duo
380 3624 591 3671 secare,
622 3612 766 3662 etab
800 3610 943 3662 omni
978 3610 1135 3662 simul
1166 3610 1505 3663 substantiali
1567 3609 1913 3663 subsistentia
1960 3609 2230 3665 Christum
2299 3623 2565 3668 extorrem
2630 3614 2829 3667 facere.

1844 3251 1986 3317 cogit
2014 3261 2259 3302 naturam
2289 3259 2447 3317 atque
2498 3250 2832 3317 hypostasin,
2888 3258 2941 3299 et
2998 3248 3246 3299 unionem
3278 3262 3408 3299 con-

1844 3338 2039 3402 fundit,
2086 3348 2140 3391 et
2183 3340 2499 3393 divisionem
2556 3340 2682 3391 facil.
2719 3339 2907 3407 159a
2969 3354 3032 3391 ex
3068 3335 3403 3391 dilferentia:

1843 3430 1985 3483 unde
2018 3431 2381 3496 convincitur,
2409 3442 2462 3485 et
2495 3431 2779 3485 Trinitatis
2820 3434 3078 3484 rationem
3112 3431 3165 3483 in
3191 3439 3407 3498 quater-

1842 3520 2062 3572 nitatem
2090 3520 2411 3586 diffundere,
2444 3532 2496 3577 et
2528 3524 2686 3576 unius
2744 3524 3055 3590 mysterium
3109 3518 3408 3574 Divinitatis

2910 3613 3115 3666 Nouum
3158 3628 3171 3665 :
3220 3611 3403 3665 Brevis

166 3715 249 3757 est
278 3704 575 3773 expositio,
605 3717 726 3754 cum
765 3710 906 3755 recta
940 3701 1247 3757 defensione
1276 3718 1416 3757 vera:
1452 3713 1757 3755 sanctorum
1790 3701 2006 3755 Patrum
2038 3704 2406 3759 confessionis.
2432 3705 2488 3758 ln
2511 3706 2592 3760 his
2614 3721 2746 3775 ergo
2774 3706 2860 3759 illa
2891 3718 3135 3759 versatur
3160 3705 3401 3773 epistola,

168 3812 225 3853 ut
263 3815 331 3854 ex
380 3795 513 3863 ipsis
560 3810 682 3847 mox
728 3794 994 3861 capitibus
1044 3805 1221 3863 pateat
1271 3795 1388 3863 ejus
1436 3797 1502 3848 ad
1555 3796 1772 3863 pietatis
1802 3796 2033 3848 studiqu
2065 3800 2484 3864 promovendum
2515 3799 2735 3853 utilitas.
2797 3800 2966 3854 Dictio
2996 3815 3176 3869 porro,
3246 3811 3304 3853 ut
3346 3801 3398 3853 in

169 3909 226 3946 re
281 3890 403 3954 tali,
443 3888 879 3956 perspicuitatem
931 3896 1191 3950 sectatur,
1241 3901 1413 3954 neque
1449 3898 1532 3940 est
1575 3887 1869 3957 inelegans.

240 3987 365 4037 Ἔτι
397 3982 455 4033 δὲ
488 3980 623 4047 πρὸς
656 3978 890 4047 Πύρρον,
922 3978 1002 4029 ἐτι
1028 3980 1398 4049 πρεσϐυτέρου
1430 3980 1495 4011 ⁸⁸·
1535 3979 1742 4050 βαθμὸν

166 4080 363 4147 ἔχοντα.
397 4073 494 4125 καὶ
540 4070 693 4122 οὔπω
720 4069 822 4137 τῆς
865 4072 1258 4139 ἀρχιερατικῆς
1289 4071 1558 4125 ἐπιϐάντα
1612 4071 1742 4124 καθ-

164 4172 350 4241 έδρας.
406 4166 620 4228 Θειάξει
660 4166 706 4220 δ’
735 4168 793 4217 ἐν
819 4164 955 4232 αὐτῇ
1018 4162 1108 4215 τὸν
1166 4163 1401 4233 Πύρρον,
1426 4164 1517 4215 καὶ
1547 4164 1741 4232 εὐσεόῆ

165 4264 369 4330 γνῶσιν
403 4259 553 4327 αὐτῷ
604 4259 699 4311 καὶ
757 4258 1009 4324 ὁσιότητα
1065 4253 1518 4322 ἐπιμαρτὺρεται.
1587 4254 1745 4305 Ἀλλὰ

165 4352 257 4403 καὶ
290 4348 427 4419 περι
446 4366 628 4411 τινων,
656 4349 731 4410 ὡς
757 4347 954 4409 ἔοικεν,
984 4345 1311 4409 ἀξιώσαντος
1349 4344 1499 4412 αὑτῷ
1524 4345 1739 4413 γραφῆς

164 4460 251 4493 ναι
284 4444 313 4494 ὁ
338 4440 507 4507 σοφὸς
536 4439 785 4507 Μάξιμος
807 4439 867 4490 οὑ
895 4439 1052 4506 μόνον
1076 4439 1439 4504 παραιτεῖται,
1474 4437 1735 4503 ἰσχνόφω-

163 4550 250 4583 νον
279 4532 485 4583 ὲαυτὸν
507 4532 601 4582 καὶ
638 4530 1056 4600 βραδὺγλωσσον
1104 4528 1416 4587 ἀποκαλῶν,
1446 4528 1560 4578 ἀλλ’
1608 4529 1733 4579 άντ-

1907 3979 2107 4035 Scribit
2154 3990 2409 4049 preterea
2438 3980 2662 4051 Pyrrho,
2710 3984 2968 4052 dignitate
3002 3993 3111 4037 tum
3146 3988 3398 4055 temporis

1839 4069 2172 4139 presbytero,
2204 4081 2257 4126 et
2286 4074 2597 4127 cathedram
2625 4090 2894 4128 summam
2930 4078 3160 4131 nondum
3188 4080 3396 4147 adepto.

1842 4161 1955 4225 Qua
2007 4161 2060 4213 in
2097 4164 2323 4230 epistola
2356 4165 2591 4218 divinum
2639 4180 2758 4219 eum
2804 4168 3078 4234 praedicat,
3125 4178 3180 4223 et
3215 4171 3402 4224 ortho-

1843 4251 2035 4304 doxam
2078 4254 2237 4305 tidem
2274 4254 2372 4322 ipsi
2406 4270 2468 4310 ac
2502 4258 2910 4311 sanctimoniam
2953 4274 3049 4312 suo
3091 4261 3400 4316 testimonio

1844 4342 2051 4395 tribuit.
2084 4343 2183 4408 Qui
2218 4355 2272 4398 et
2304 4346 2369 4399 de
2398 4347 2739 4414 quihusdam,
2769 4362 2825 4401 ut
2876 4360 3114 4418 apparet.
3163 4353 3402 4407 scribere

1843 4431 2132 4487 Maximum
2163 4450 2284 4488 cum
2316 4446 2577 4505 rogasset.
2606 4441 2821 4503 sapiens
2851 4442 2937 4494 hic
2976 4442 3057 4494 vir
3090 4456 3195 4494 non
3224 4442 3396 4496 solum

1843 4526 2252 4593 tergiversatur,
2274 4530 2485 4582 balbum
2513 4529 2624 4597 (48)
2651 4546 2709 4585 se
2734 4544 2787 4584 et
2812 4530 3065 4585 infantem
3084 4533 3357 4601 appellans
3382 4553 3394 4587 :

164 4622 306 4684 αξιοί
322 4620 489 4673 αὑτὸν
501 4623 545 4653 ⁹⁸
564 4621 850 4689 γράμματι
869 4620 1065 4686 μᾶλλον
1077 4619 1306 4682 διδάξαι,
1322 4619 1403 4677 τίς
1420 4620 1450 4685 ἠ
1464 4619 1730 4686 ἐνέργεια,

1840 4631 2029 4668 verum
2068 4629 2255 4670 contra
2302 4619 2623 4686 obtestatur,
2655 4633 2711 4674 ut
2759 4638 2851 4689 per
2884 4623 3091 4677 litteras
3134 4638 3194 4677 se
3221 4625 3398 4694 potius

166 4716 258 4764 καὶ
287 4712 528 4780 ὁσαχῶς,
555 4714 647 4763 καὶ
670 4713 720 4761 τί
748 4713 901 4780 παρά
930 4711 1127 4778 ταύτην
1172 4712 1287 4761 ἐστὶ
1330 4710 1389 4761 τὺ
1434 4710 1733 4777 ἐνέργημα,

165 4806 258 4855 καὶ
292 4803 347 4853 τί
390 4802 597 4853 τούτων
626 4803 933 4870 διενήνοχεν
994 4803 1026 4869 ἠ
1078 4802 1271 4871 πρᾶξις
1328 4801 1422 4852 καὶ
1462 4800 1520 4852 τὸ
1554 4799 1733 4868 ἔργον,

165 4893 258 4943 καὶ
293 4891 421 4951 πῶς
462 4890 574 4941 ἔστι
609 4891 843 4959 λέγεινῆ
894 4894 1093 4943 ἐννοεῖν
1132 4892 1231 4957 τὴν
1261 4890 1388 4957 μίαν
1432 4890 1733 4958 ἐνέργειαν.

174 4983 316 5035 Ἀλλ’
344 4985 409 5035 ἐν
448 4983 654 5044 τούτοις
691 4982 791 5051 μὲν
830 4984 924 5035 καὶ
957 4984 989 5050 ἡ
1017 4981 1151 5051 πρὸς
1180 4983 1413 5051 Πύρρον.

236 5160 454 5227 Γράφει
480 5159 537 5210 δὲ
564 5160 654 5211 καὶ
679 5159 813 5228 πρὸς
834 5160 1035 5227 Θωμᾶν
1076 5178 1217 5222 τινα,
1242 5160 1602 5227 αἰτησάμενον
1634 5163 1733 5230 ρη-

165 5256 273 5307 τῶν
309 5271 485 5306 τινων
525 5251 915 5321 ἀπορουμένων
940 5251 1236 5314 ὲπιλύσεις.
1262 5252 1343 5303 Τά.
1358 5252 1412 5303 δὲ
1457 5253 1594 5322 ῥητά
1641 5252 1732 5302 τοῦ

1842 4707 2033 4759 doceat
2070 4725 2083 4759 :
2119 4709 2256 4771 Quid
2280 4713 2543 4778 operatio,
2572 4724 2623 4765 et
2652 4715 2941 4781 quotnplex
2968 4715 2990 4765 ?
3019 4725 3067 4766 et
3109 4716 3234 4782 quid
3266 4731 3398 4782 prir-

1846 4808 1923 4850 ter
1954 4798 2089 4852 hanc
2120 4802 2188 4852 sit
2216 4800 2433 4856 effectus
2458 4804 2478 4855 ?
2509 4804 2742 4872 quidque
2774 4808 2839 4857 ab
2864 4806 2945 4859 his
2975 4806 3227 4859 diﬂerant
3257 4809 3398 4861 actio

1842 4898 1896 4939 et
1942 4904 2075 4953 opus
2100 4890 2121 4940 ?
2149 4900 2202 4943 et
2234 4907 2467 4958 quanam
2501 4898 2671 4961 possit
2730 4897 2935 4948 ratione
2975 4898 3076 4950 dici
3117 4899 3396 4960 sentirive,

1845 4992 2004 5028 uuam
2057 4994 2176 5033 esse
2230 4982 2281 5031 in
2338 4980 2553 5034 Christo
2598 4985 3015 5050 operationem?
3060 4991 3234 5054 Atque
3286 4990 3397 5043 hch

1844 5069 2056 5135 quidem
2083 5070 2132 5120 in
2171 5072 2394 5135 epistola
2430 5076 2492 5125 ad
2532 5072 2815 5143 Pyrrhum.

1911 5159 1991 5211 Ad
2038 5160 2295 5214 Thomam
2346 5164 2453 5232 (49)
2488 5166 2703 5231 insuper
2728 5172 3009 5234 quemdam
3054 5171 3259 5235 scribit,
3301 5172 3391 5240 qui

1839 5250 2212 5317 ambiguorum
2234 5256 2583 5321 quorumdam
2617 5258 2853 5312 locorum
2884 5262 3173 5315 sulutiOues
3208 5274 3392 5330 postu-

1439 5402 1670 5456 VAliUF.
1709 5403 2107 5465 LECTIONES.

238 5518 283 5549 ιη
314 5518 414 5568 τὸν
461 5516 692 5583 Χριστὸν
740 5517 999 5586 ὴφόριζον
1047 5519 1087 5568 Α

166 5602 305 5641 Curr.
354 5588 425 5638 Α.
502 5587 546 5616 ³³
586 5587 682 5654 τῆς
726 5602 833 5640 οιιι.
882 5591 946 5639 Α.

1132 5518 1450 5585 εάᾳώριζον
1498 5536 1557 5582 ς.
1654 5521 1696 5550 ⁰⁰
1734 5524 1825 5575 καὶ
1885 5535 2008 5580 ante
2064 5546 2184 5581 ποσ.
2217 5532 2347 5582 add.
2378 5533 2440 5583 Α.

1024 5588 1069 5618 ³⁵
1096 5586 1379 5648 οὑσιώδους
1416 5604 1518 5656 mg.
1600 5590 1662 5619 Μ’·
1701 5590 1752 5656 β.
1787 5596 1981 5661 πρεσϐ.

2519 5534 2558 5562 ⁹¹
2588 5536 2754 5596 αὑτὰς
2781 5551 2887 5589 οιιι.
2948 5536 3013 5589 Α.
3086 5539 3129 5568 ³⁸
3159 5541 3390 5590 ποιεῖται

2057 5600 2100 5629 9⁵
2126 5600 2284 5650 αὑτὸν
2315 5604 2403 5651 καὶ
2430 5619 2521 5670 γρ,
2556 5604 2619 5654 Λ.

1674 5704 1902 5761 NOTAE.

236 5790 350 5861 (ιε)
386 5789 550 5845 Musis
573 5792 815 5858 exemplo
844 5789 1007 5843 Exodi
1045 5806 1112 5843 tv.

1910 5801 2017 5870 (ιο)
2053 5803 2692 5876 Constantinopolitanum
2728 5810 2950 5869 forsitan
2993 5817 3281 5884 patriarch.
