4196 6442
820 387 926 445 655

1930 379 2190 439 ΡΠΟΤΙΙ
2232 380 2731 438 PATRIARCIL’E
2763 381 2849 439 (ΣΡ

3942 385 4043 445 $6

808 501 967 551 larat.
1005 494 1170 546 Erant
1220 502 1398 545 autem
1442 492 1684 561 quaedam
1724 491 1969 557 Gregorii
2010 492 2293 560 Tlteologi,
2324 503 2377 544 et
2406 509 2448 554 Α

2406 509 2448 554 Α
2480 494 2737 560 Θεολόγου
2770 496 2827 546 τέ
2860 497 2973 547 ἐστι
3006 495 3301 566 Γρηγορίου
3336 496 3432 547 καὶ
3458 496 3549 548 τοῦ
3572 495 3716 547 θείου
3745 500 4042 557 Διονυσίου,

806 590 972 643 divini
1009 584 1245 654 Dionysii
1277 585 1625 637 assertiones.
1656 583 1732 636 Ex
1759 584 1903 637 illius
1931 584 2142 651 quidem
2170 586 2367 635 oratio-

806 699 875 737 ne
898 680 966 733 de
989 678 1121 732 Filio
1152 678 1286 744 (50),
1312 676 1395 728 illa
1436 695 1455 726 ι
1492 674 1785 743 Propterea
1834 677 2013 728 unitas
2046 690 2075 729 a
2099 674 2365 742 principio

808 782 971 831 mota,
1014 787 1033 818 ι
1096 778 1150 822 et
1176 783 1293 835 qua:
1325 777 1621 832 sequuntur
1658 782 1672 829 ;
1705 776 1759 818 et
1788 781 1802 817 :
1847 783 1865 815 ι
1902 764 2118 819 Unitate
2146 763 2362 832 quidem

805 863 873 913 ob
932 859 1143 912 divitias
1203 866 1343 909 mota
1383 873 1396 906 :
1440 874 1457 906 ι
1492 855 1635 921 quod
1690 866 1771 907 est
1808 868 1873 906 ex
1907 855 2151 907 oratione
2198 854 2365 920 ipsius

804 954 971 1004 altera
1001 950 1110 1017 (51)
1141 948 1212 1000 De
1231 961 1380 1011 pace.
1409 944 1589 999 Altera
1613 946 1765 998 hazc:
1799 962 1817 993 ‹
1851 942 1949 997 Uni
1978 959 2104 997 vero
2126 944 2307 1010 capiti,
2340 960 2357 991 ι

804 1052 859 1095 et
887 1040 1111 1107 reliqua.
1138 1037 1344 1098 Tertia,
1376 1051 1442 1088 ex
1472 1050 1534 1089 ea
1566 1036 1675 1102 ipsa
1710 1033 1971 1095 oratione,
2027 1034 2110 1085 illa
2146 1049 2162 1087 :
2201 1052 2218 1083 ‹
2270 1032 2365 1085 llic

803 1134 948 1186 enim
1008 1133 1096 1198 qui
1155 1145 1293 1183 nunc
1330 1144 1358 1181 a
1411 1140 1463 1181 te
1524 1111 1885 1180 contemnitur
1931 1125 2062 1195 (52),
2106 1144 2124 1176 ι
2158 1138 2212 1179 et
2248 1140 2365 1193 quae

803 1233 1117 1291 sequuntur.
1152 1221 1395 1286 Quarta:
1438 1236 1455 1268 ‹
1494 1216 1565 1272 Ut
1599 1218 1827 1271 Verbum
1868 1218 2006 1271 enim
2048 1232 2217 1284 neque
2237 1218 2365 1269 obe-

804 1314 955 1363 dicns
1009 1320 1144 1372 erat,
1202 1324 1373 1375 neque
1421 1308 1734 1361 inobediens
1781 1308 1915 1375 (55),
1980 1325 1998 1357 ι
2041 1317 2093 1360 et
2147 1317 2359 1360 cmtera.

806 1403 974 1454 llivini
1006 1415 1131 1453 vero
1165 1398 1399 1467 Dionysii
1426 1398 1548 1451 illud
1575 1398 1833 1466 explicat:
1859 1417 1875 1448 ι
1913 1398 2185 1462 Quomodo
2210 1398 2361 1460 dicis,

799 1491 973 1555 Jesus,
1017 1494 1106 1560 qui
1139 1499 1220 1543 est
1263 1504 1423 1555 supra
1472 1490 1674 1551 omnia,
1711 1505 1831 1542 cum
1880 1491 2126 1542 omnibus
2150 1501 2233 1543 est
2265 1490 2364 1541 lio-

802 1579 1033 1631 minibus
1072 1577 1500 1631 substantialiter
1535 1578 1877 1631 coordinatus
1922 1578 2055 1645 (54),
2090 1597 2108 1628 ι
2156 1588 2211 1629 et
2238 1578 2364 1629 reli-

800 1683 901 1735 qua
934 1686 945 1719 :
982 1677 1036 1721 et
1087 1666 1189 1718 alia
1224 1667 1348 1719 item
1382 1667 1525 1718 varia
1568 1666 1706 1720 loca.
1736 1666 1864 1733 Quae
1889 1670 2103 1737 quidem
2140 1668 2364 1735 epistola

802 1759 889 1811 illa
925 1760 989 1810 ad
1017 1758 1277 1811 Thomam
1312 1756 1482 1823 prima
1514 1760 1860 1811 continentur
1898 1774 1911 1809 :
1952 1774 2070 1810 nam
2106 1758 2157 1811 in
2199 1758 2363 1811 altera

2473 587 2535 635 ἐκ
2576 586 2673 652 μὲν
2694 585 2786 637 τοῦ
2816 587 2944 654 περὶ
2976 586 3102 638 Υίοῦ
3137 590 3216 648 εἰς
3248 588 3331 649 τὸ,
3367 607 3384 637 ι
3421 588 3517 637 Διὰ
3544 586 3704 639 τοῦτο
3737 590 3907 656 μονὰς
3951 591 4039 642 ἀπ’

2473 677 2645 745 ἀρχῆς
2673 677 3004 745 κινηθεῖσα,›
3034 679 3289 747 καὶὲξῆς,
3319 678 3464 742 καὶ,ι
3508 678 3734 746 μονάδος
3760 681 3859 747 μὲν
3889 698 4040 750 κινη-

2476 766 2660 831 θείσης
2690 767 2775 817 διὰ
2804 768 2865 818 τὸ
2911 769 3182 829 πλούσιον,
3230 789 3246 819 ι
3284 771 3420 837 ὅπερ
3458 770 3606 821 ἐστὶν
3636 772 3699 821 ἐκ
3729 770 3824 820 τοῦ
3858 772 4041 822 δευτέ-

2476 875 2567 926 ρου
2604 857 2919 926 Εἰρηνικοῦ·
2954 857 2996 926 β’
3026 861 3103 920 είς
3136 859 3214 922 τὸ,
3250 878 3267 908 ι
3323 861 3403 911 ἐνὶ
3450 859 3505 911 δὲ
3540 862 3841 927 κεφαλαίῳ,
3882 879 3899 909 ι
3954 862 4043 913 καὶ

2473 947 2599 1013 ἑξῆς
2626 964 2637 975 ·
2664 946 2843 1015 τρίτον
2871 948 2935 998 ὲκ
2963 947 3055 998 τοῦ
3078 947 3238 998 αὐτοῦ
3268 947 3424 1015 λόγου
3462 950 3540 1010 είς
3572 950 3654 1011 τὸ,
3678 967 3697 998 ι
3735 946 3906 1011 Οὗτος
3938 951 4043 1015 γὰρ

2473 1038 2500 1087 6
2530 1038 2622 1087 νῦν
2652 1054 2734 1087 σοι
2791 1038 3314 1105 καταφρονούμενος,
3355 1056 3374 1087 ι
3426 1039 3521 1089 καὶ
3562 1040 3723 1106 ἐξῆς’

2471 1128 2549 1187 εἰς
2570 1126 2627 1177 τὸ
2658 1127 2723 1189 9“,
2764 1144 2780 1175 ι
2834 1126 2919 1186 Ὠς
2951 1128 3045 1194 μὲν
3074 1127 3181 1195 γὰρ
3224 1127 3377 1192 λόγος
3407 1126 3529 1178 οὔτε
3554 1129 3791 1197 ὑπήκοος
3815 1126 3883 1198 ἦν
3922 1130 4043 1180 οὔτε

3780 1041 4044 1108 τέταρτον

2472 1218 2722 1285 ἀνήκοος,
2756 1236 2773 1267 ι
2812 1220 2905 1268 καὶ
2937 1218 3083 1287 ἑξῆς.
3122 1219 3227 1271 Τοῦ
3267 1220 3323 1270 δέ
3346 1236 3407 1285 γε
3447 1219 3730 1271 θεσπεσίου
3763 1223 4042 1272 Διονυσίου

2471 1310 2551 1369 εἰς
2579 1308 2690 1371 τὸ,«
2723 1306 2846 1368 Πῶς
2870 1308 2996 1375 φὴς,
3041 1309 3243 1376 Ἰησοῦς
3277 1312 3304 1361 6
3331 1310 3546 1362 πάντων
3577 1312 3836 1363 ἐπέκεινα
3879 1313 4043 1362 πᾶσίν

2471 1401 2617 1449 ἐστιν
2669 1396 2977 1466 ἀνθρώποις
3035 1400 3305 1461 οὺσιωδῶς
3368 1402 3844 1467 συντεταγμένος;
3887 1422 3905 1453 ι
3953 1404 4039 1453 κιὶ

2473 1489 2619 1553 ἑξῆς,
2650 1490 2742 1539 καὶ
2767 1490 2845 1549 εἰς
2876 1488 3036 1558 ἕτερα
3094 1490 3345 1559 διάφορα.
3393 1491 3501 1542 Καὶ
3557 1491 3728 1544 ταῦτα
3761 1492 3863 1560 μὲν
3898 1496 3955 1544 ἐν
3978 1498 4037 1561 τῇ

2474 1581 2605 1646 πρὸς
2636 1580 2836 1649 Θωμᾶν
2864 1581 3055 1651 πρώτῃ
3080 1582 3336 1650 ἐπιστολῇ
3359 1597 3372 1609 ·
3408 1583 3464 1632 ἐν
3492 1583 3547 1633 δὲ
3568 1585 3632 1650 τῇ
3665 1583 3902 1651 δευτέρᾳ.
3932 1578 4038 1634 οἷον

2473 1668 2813 1735 ὲπανὰληψιν
2866 1669 3023 1721 ἐνίων
3091 1670 3269 1737 ῥητῶν
3328 1668 3437 1719 τῶν
3489 1671 4038 1738 προσαφηνισθέντων

2475 1758 2538 1808 ὲκ
2561 1757 2661 1824 τῆς
2696 1756 3005 1826 θεολογικῆς
3038 1758 3342 1820 συντάξεως
3375 1761 3629 1819 ποιεῖται,
3668 1760 3760 1810 καὶ
3806 1760 3947 1827 πρός
3976 1777 4034 1823 γε

801 1851 963 1905 veluti
1012 1850 1388 1918 repetitionem
1430 1850 1715 1913 quamdam
1754 1866 1815 1902 ex
1870 1863 2032 1916 opere
2069 1849 2365 1916 theologico
2398 1848 2440 1901 Β

2398 1848 2440 1901 Β
2467 1847 2575 1911 me
2608 1847 2704 1898 Διὰ
2744 1847 2917 1915 μέσου
2952 1848 3071 1910 νοὸς
3104 1849 3371 1917 ὁμιλήσας
3399 1848 3565 1917 σαρκὶ
3590 1849 3693 1910 ἕως
3735 1847 3831 1899 τοῦ
3856 1849 4037 1917 κρείτ-

801 1942 1173 1997 nonnullorum
1218 1943 1269 1994 in
1297 1957 1362 1995 eo
1384 1942 1494 2010 jam
1519 1952 1673 1996 antea
1694 1943 2057 2010 expositorum
2090 1943 2321 1995 instituit
2345 1958 2359 1996 :

802 2043 961 2099 atque
989 2032 1116 2084 illud
1136 2034 1352 2098 insuper
1373 2034 1560 2083 eodem
1587 2033 1742 2084 modo
1765 2032 2151 2100 interpretatur
2175 2052 2188 2086 :
2218 2049 2239 2085 ί
2263 2032 2365 2087 Per

800 2126 1030 2179 medium
1056 2139 1205 2178 mens
1224 2125 1373 2177 carni
1404 2139 1782 2185 consuescens,
1809 2125 1980 2178 donec
2009 2126 2149 2194 quod
2172 2124 2364 2181 fortius

800 2227 883 2271 est
914 2218 1194 2271 victoriam
1230 2219 1540 2285 reportarit.
1580 2234 1597 2266 ι
1636 2216 1740 2269 Sed
1780 2217 1894 2269 haec
1931 2217 2023 2270 ibi.

1474 2306 1679 2359 CXCV.

802 2397 1053 2468 Ejusdem
1088 2399 1255 2451 sancti
1314 2396 1535 2468 Maximi
1564 2394 1815 2468 Epistola
1840 2399 1906 2448 ad
1941 2395 2283 2468 VMafianum,
2316 2406 2365 2449 et

870 2470 1123 2536 Dialogus
1172 2484 1287 2519 cum
1326 2466 1550 2534 Pyrrho.
1590 2467 1660 2518 De
1692 2465 1894 2519 duabus
1932 2467 1985 2519 in
2033 2465 2247 2520 Christo
2281 2482 2365 2520 ro-

874 2541 1162 2590 luntattbus
1190 2548 1235 2588 et
1266 2537 1682 2597 operationibus.

871 2626 1032 2681 Lecta
1116 2636 1199 2680 est
1264 2625 1502 2691 ejusdem
1588 2627 1761 2679 sancti
1835 2625 2049 2679 Maximi
2109 2626 2365 2695 Epistola,

803 2735 920 2787 qua:
982 2718 1170 2786 1596
1221 2714 1460 2768 Mariano
1504 2719 1815 2785 presbytero
1860 2716 2189 2770 inscribitur.
2269 2715 2369 2769 Hic

804 2817 868 2864 de
920 2812 1150 2864 naturali
1197 2808 1488 2873 voluntate,
1523 2810 1633 2862 sive
1664 2809 1987 2876 appetitione
2030 2811 2161 2873 agit,
2205 2820 2257 2862 et
2296 2810 2363 2862 de

804 2904 1026 2957 consilio
1072 2917 1165 2955 seu
1196 2900 1601 2953 deliberatione.
1632 2900 1761 2952 Item
1804 2901 1866 2952 de
1890 2901 2282 2966 praelectione,
2317 2910 2370 2952 et

805 2995 868 3044 de
898 2992 1218 3057 quibusnam
1256 2989 1645 3042 consultemus.
1679 2987 1753 3041 De
1784 2989 2045 3041 sententia
2088 2998 2365 3056 praeterea,

803 3093 855 3135 et
887 3092 1146 3149 potestate
1172 3082 1359 3141 libera,
1383 3092 1433 3133 et
1459 3082 1726 3147 opinione.
1760 3080 1957 3132 Adhzec
1977 3081 2039 3132 de
2066 3080 2365 3147 prudentia,

804 3173 905 3226 hoc
950 3182 1051 3233 est,
1094 3172 1441 3239 providentia
1474 3187 1487 3221 :
1522 3180 1574 3223 et
1602 3171 1871 3239 quomodo
1916 3184 2019 3222 non
2066 3185 2161 3238 per
2188 3169 2364 3221 omnia

804 3272 921 3329 post
971 3262 1424 3314 resurreCtionem
1472 3275 1579 3312 una
1632 3260 1736 3313 erit
1780 3275 1840 3312 ac
1882 3269 2068 3311 mutua
2125 3259 2367 3313 voluntas

801 3342 1111 3405 sanctorum
1162 3364 1319 3419 atque
1370 3351 1482 3413 Dei,
1538 3365 1635 3403 nec
1700 3366 1803 3402 una
1863 3366 1947 3403 res
2011 3365 2168 3418 quam
2205 3351 2371 3402 velint

802 3450 1017 3503 omnes,‘
1068 3451 1125 3494 ut
1167 3441 1380 3508 quidam
1417 3451 1665 3492 asserunt
1721 3454 1737 3490 :
1785 3438 1981 3506 quibus
2028 3438 2367 3490 undecimum

802 3532 1010 3585 accedit
1059 3539 1215 3598 caput
1259 3545 1276 3585 :
1342 3527 1454 3583 Non
1486 3542 1641 3596 posse
1683 3543 1843 3581 unam
1883 3526 2098 3581 Christo
2148 3527 2365 3579 attribui

803 3621 1152 3684 voluntatem,
1183 3620 1295 3673 sive
1326 3619 1620 3672 naturalem
1666 3618 1890 3680 dixeris,
1924 3617 2035 3671 sive
2068 3616 2366 3677 elcctivam,

803 3724 859 3765 ut
887 3711 1203 3781 quibusdam
1230 3711 1401 3764 visum
1433 3720 1533 3764 est.
1567 3709 1690 3764 Hmc
1718 3710 1806 3764 illa
1838 3710 2087 3777 epistola,
2115 3723 2231 3777 qua:
2263 3723 2367 3761 non

802 3802 866 3852 ad
890 3809 1090 3852 rectam
1116 3799 1271 3853 modo
1298 3800 1613 3868 religionem
1644 3802 1868 3853 multum
1903 3798 2061 3853 atTert
2088 3800 2365 3859 momenti,

802 3891 893 3943 sed
918 3892 1079 3943 etiam
1101 3890 1166 3942 ad
1185 3889 1315 3944 alias
1340 3892 1533 3946 multas
1573 3892 1929 3961 pulchrasque
1955 3889 2367 3958 contemplatio-

803 3997 897 4035 nes
930 3983 1073 4035 utilis
1100 3996 1200 4038 est.

870 4074 1065 4129 Lectus
1090 4090 1300 4143 quoque
1332 4075 1381 4128 iu
1419 4075 1602 4129 eodem
1653 4074 1772 4142 ipso
1800 4073 2071 4128 volumine
2110 4072 2363 4139 Dialogus

801 4166 862 4217 de
885 4166 1079 4232 duplici
1113 4167 1167 4219 in
1206 4167 1410 4218 Christo
1444 4175 1491 4218 et
1518 4166 1777 4218 voluntate
1833 4177 1878 4217 et
1910 4164 2203 4231 operatione
2227 4162 2361 4230 (55).

799 4255 1047 4311 Personae
1080 4267 1259 4312 autem
1294 4259 1619 4312 inducuntur
1665 4257 1909 4328 Pyrrhus
1944 4266 1999 4310 et
2052 4253 2317 4306 Maximus
2346 4271 2358 4305 :

799 4364 1027 4416 quorum
1055 4351 1140 4404 hic
1167 4351 1381 4419 quidem
1402 4350 1759 4403 orthodoxam
1788 4358 1966 4401 tuetur
1996 4346 2316 4400 sententiam
2343 4361 2357 4409 ;

798 4440 884 4491 ille
929 4455 1078 4505 vero,
1110 4442 1210 4495 etsi
1268 4440 1638 4492 haereticorum
1681 4446 1976 4505 propugnat
2032 4434 2356 4501 Opinionem,

2468 1957 2615 1999 τονος
2641 1941 3046 2008 ἐκνικήσαντος,
3063 1960 3081 1993 ι
3110 1940 3634 2011 ὁμοίωςὲρμηνεύει.
3677 1942 3842 1993 Ἀλλὰ
3863 1942 4036 1995 ταῦτα

2472 2027 2570 2097 μὲν
2600 2028 2657 2081 ἐν
2684 2027 2911 2090 τούτοις.

3164 2295 3327 2361 mea

2477 2388 2584 2441 Τοῦ
2610 2389 2796 2441 αὐτου
2836 2386 3159 2453 Ἐπιστολὴ
3190 2388 3337 2453 πρὸς
3363 2390 3688 2454 Μαριανόν·
3716 2391 3812 2439 καὶ
3836 2389 4037 2442 Anile-

2538 2476 2643 2524 τος
2682 2456 2814 2522 περὶ
2837 2456 2955 2509 τῶν
2981 2457 3089 2510 δύο
3110 2458 3478 2525 θελημάτων,
3506 2458 3605 2511 καὶ
3650 2458 3766 2510 τῶν
3800 2458 3912 2512 δύο
3940 2461 4035 2512 ἐπὶ

2540 2528 2793 2592 Χριστοῦ
2823 2526 3148 2595 ἐνεργειῶν.

2553 2616 2891 2684 Ἀνεγνώσθη
2918 2617 3009 2669 τοῦ
3039 2617 3201 2669 αὑτοῦ
3235 2618 3392 2684 ἁγίου
3438 2618 3629 2687 ἀνδρὸς
3666 2621 3957 2688 Ἐπιστολὴ
3994 2622 4035 2652 ’τ

2476 2706 2757 2775 (Μαριανῷ
2791 2707 3146 2777 πρεσϐυτέρῳ
3177 2709 3673 2779 προσπεφώνηται),
3696 2707 3807 2783 ἐνῇ
3838 2714 4036 2781 περετε

2474 2796 2705 2864 φυσικοῦ
2737 2797 3038 2865 θελήματος
3072 2801 3187 2868 ἢτοι
3215 2800 3484 2868 θελήσεως
3530 2802 3751 2866 διέξεισι
3776 2806 3873 2854 καὶ
3910 2806 4030 2871 βου-

2472 2890 2679 2959 λήσεως
2707 2891 2798 2941 καὶ
2836 2889 3027 2958 βουλῆς
3048 2892 3165 2959 ἦτοι
3189 2890 3539 2959 βουλεύσεως,
3584 2893 3709 2961 περί
3740 2911 3799 2944 τε
3841 2913 4036 2963 προαι-

2478 2982 2699 3052 ρέσεως,
2732 2981 2824 3031 καὶ
2856 2982 2983 3050 περὶ
3009 2984 3167 3033 τίνων
3199 2983 3578 3052 βουλευόμεθα,
3617 2986 3711 3037 καὶ
3739 2986 3871 3052 περὶ
3900 2986 4037 3051 γνώ-

2478 3088 2582 3139 μης
2631 3072 2723 3123 καὶ
2752 3071 2996 3134 ἐξουσίας
3028 3075 3118 3124 καὶ
3145 3074 3321 3142 δόξης,
3373 3079 3466 3127 καὶ
3504 3078 3630 3144 περὶ
3682 3083 4036 3145 φρονήματος

2403 3194 2437 3215 ,π
2474 3165 2647 3214 cito-iv
2670 3167 2979 3231 φρονήσεως
3001 3180 3013 3192 ·
3048 3167 3141 3215 καὶ
3173 3165 3245 3226 ὡς
3285 3167 3343 3217 οὐ
3372 3168 3510 3219 κατὰ
3544 3168 3722 3220 πάντα
3748 3170 3955 3235 τρόπον
3984 3170 4039 3219 ἒν

2473 3254 2619 3304 ἔσται
2647 3254 2781 3321 {liti
2804 3254 2901 3322 τὴν
2932 3256 3226 3307 ἀνάστασιν
3254 3257 3313 3308 τὸ
3344 3256 3550 3325 θέλημα
3591 3259 3726 3326 πρὸς
3772 3259 4039 3327 ἀλλήλους

2470 3342 2576 3393 τῶν
2612 3345 2781 3408 ἁγίων
2805 3343 3017 3395 καὶτοῦ
3053 3344 3207 3405 Θεοῦ,
3240 3344 3340 3397 κᾶν
3370 3346 3413 3376 ’⁸
3442 3346 3569 3416 [διε
3594 3347 3683 3417 IL]
3709 3350 3764 3397 ἓν
3797 3349 3858 3399 τὸ
3883 3350 4039 3417 θεληο

2472 3436 2561 3485 θὲν
2590 3437 2811 3499 inuam,
2854 3434 2926 3496 ῶς
2978 3453 3120 3496 τινες
3174 3436 3413 3503 λέγουσι.
3468 3439 3575 3489 Καὶ
3621 3440 3910 3491 ἑνδέκατον
3950 3444 4035 3492 ἐπὶ

2469 3527 2672 3588 τούτοις
2728 3528 3037 3594 κεφάλαιον,
3108 3529 3299 3599 ὅτιπερ
3345 3529 3402 3581 ἒν
3443 3530 3649 3598 θέλημα
3699 3533 3758 3583 οὐ
3815 3532 4035 3585 δύναται

2469 3620 2560 3671 ἐπὶ
2581 3619 2817 3689 Χριστοῦ
2840 3620 3120 3687 λέγεσθαι,
3144 3621 3249 3672 εἴτε
3274 3624 3496 3688 φυσικὸν
3520 3624 3627 3674 εἴτε
3652 3628 4035 3693 προαιρετικὸν

2468 3712 2656 3780 λεχθῇ,
2687 3710 2762 3774 ὣς
2808 3729 2947 3764 τισιν
2983 3713 3179 3778 ἔδοξεν.
3214 3714 3360 3781 Αὖτη
3415 3715 3512 3780 μὲν
3554 3716 3585 3781 ἡ
3640 3717 3935 3785 ἐπιστολή·
3976 3718 4032 3766 οὐ

2472 3803 2629 3869 μόνον
2655 3802 2696 3852 δ’
2720 3803 2798 3864 εἰς
2829 3802 3108 3855 εὐσέϐειαν
3139 3802 3272 3855 πολὺ
3303 3802 3364 3854 τὸ
3405 3803 3657 3873 χρειῶδες
3706 3807 4030 3875 παρέχεται,

2466 3890 2601 3942 ἀλλὰ
2631 3892 2724 3943 καὶ
2750 3893 2827 3953 εἰς
2858 3892 3021 3955 ἄλλας
3052 3892 3251 3956 πολλὰς
3280 3895 3373 3946 καὶ
3404 3894 3575 3957 καλὰς
3602 3896 3863 3964 θεωρίας.

2544 4068 2881 4137 Ἀνεγνώσθη
2913 4070 2955 4121 δ’
2984 4071 3041 4123 ἐν
3069 4069 3145 4140 τῷ
3171 4070 3319 4140 αὐτῷ
3352 4070 3533 4141 τεύχει
3566 4073 3855 4141 Διάλογος
3894 4079 4027 4142 περὶ

2463 4161 2582 4213 τῶν
2629 4161 2737 4213 δύο
2793 4163 3140 4230 θελημάτων
3180 4162 3277 4214 καὶ
3323 4163 3439 4214 τῶν
3478 4164 3586 4217 δύο
3626 4165 3722 4216 ἐπὶ
3767 4170 4027 4233 Χριστοῦ

2461 4252 2787 4322 ἐνεργειῶν.
2834 4255 2915 4305 Τὰ
2946 4256 3211 4323 πρόσωπα
3248 4254 3304 4307 δὲ
3347 4257 3391 4286 ’⁸
3436 4256 3525 4308 τοῦ
3574 4257 3826 4325 διαλόγου
3879 4263 4026 4331 Πύρ·-

2463 4340 2694 4409 ρος(264
2720 4337 2811 4408 IL]
2839 4342 2931 4392 καὶ
2957 4336 3315 4408 Μάξιμος,ὧν
3338 4344 3365 4394 6
3398 4344 3495 4410 μὲν
3519 4345 3616 4412 τῆς
3636 4346 4027 4419 ὀρθοδοξοῦσης

2460 4433 2783 4500 προΐσταται
2803 4430 3044 4501 γνώμης,
3068 4433 3278 4504 Πύρρος
3308 4434 3362 4486 δὲ
3389 4433 3482 4485 τοῦ
3511 4434 3878 4503 αἱρετίζοντος
3900 4442 4025 4492 ἀντ-

799 4542 973 4583 tamen
1014 4532 1164 4599 quasi
1189 4534 1532 4584 consentiens
1554 4546 1674 4582 cum
1722 4528 2053 4589 orthodoxis,
2077 4524 2356 4592 enthyme—
2388 4528 2430 4581 D

2388 4528 2430 4581 Ι)
2459 4524 2713 4592 εχόμενος
2748 4525 3092 4592 φρονήματος
3118 4564 3130 4587 ,
3157 4527 3324 4592 ὅμως,
3353 4526 3539 4596 ὥσπερ
3568 4532 3927 4598 συνεχόμενός
3961 4551 4018 4585 τε

797 4631 936 4673 mata
966 4636 1028 4675 ac
1058 4623 1302 4692 dogmata
1335 4637 1431 4691 pro
1468 4631 1609 4675 recta
1640 4618 1903 4672 sententia
1954 4614 2105 4669 aﬂ'ert
2133 4632 2145 4666 :
2176 4613 2349 4665 fassus

800 4716 1025 4782 ingenue
1088 4730 1145 4769 se
1195 4715 1348 4768 initio
1390 4729 1494 4767 non
1548 4723 1693 4765 recte
1753 4710 2007 4764 sensisse.
2040 4707 2157 4774 lpsa
2197 4719 2355 4773 porro

795 4804 965 4855 oratio
992 4802 1173 4856 Romae
1211 4802 1323 4872 (56)
1353 4819 1472 4855 eum
1508 4803 1705 4855 indicat
1735 4802 1801 4853 ad
1838 4800 1975 4850 hanc
2015 4794 2355 4848 descendisse

794 4892 1207 4959 disputationem
1237 4907 1250 4943 :
1278 4900 1623 4959 posteaquam
1649 4889 1901 4943 nimirum
1936 4888 2047 4954 ipse
2065 4881 2353 4954 [Pyrrhus]

2454 4612 2547 4662 καὶ
2584 4611 3034 4679 συνελαυνόμενος
3054 4616 3164 4673 τοῖς
3192 4614 3561 4681 ὁρθοδοξοῦσιν
3584 4618 3788 4689 ὲνθυμή
3800 4625 3935 4689 μασί
3961 4641 4017 4676 τε

2460 4701 2551 4751 καὶ
2566 4700 2797 4767 δόγμασι
2836 4702 2875 4765 ¹,
2895 4702 3099 4753 τίθεται
3121 4705 3184 4770 τῇ
3208 4703 3456 4774 εὐσεϐείᾳ
3473 4744 3487 4767 ,
3507 4708 3854 4775 ἀνομολογῶν
3895 4713 4022 4763 ἑαυ-

2459 4789 2548 4840 τὸν
2611 4789 2710 4839 οὐκ
2745 4788 2920 4857 ὀρθῶς
2980 4794 3381 4859 πεφρονηκέναι
3408 4794 3474 4845 τὰ
3505 4797 3789 4865 πρότερον.
3852 4800 3941 4851 Ἐν
3965 4802 4018 4852 δὲ

2459 4884 2528 4947 τῇ
2578 4879 2762 4947 Ῥώμῃ
2790 4879 2953 4931 αὑτὸν
2985 4882 3013 4932 6
3041 4881 3197 4947 λόγος
3234 4883 3505 4936 δείκνυσιν
3540 4887 3834 4953 ἀφικέσθαι
3884 4892 4019 4959 πρὸς

2049 5014 2279 5071 VARle
2316 5010 2717 5065 LECTIONES.

863 5122 905 5151 ⁹⁶
938 5123 1014 5183 εἰς
1041 5121 1101 5173 τὸ
1147 5121 1269 5172 add.
1300 5124 1361 5174 Α.
1448 5122 1491 5151 ’⁷
1521 5118 1772 5186 ἐπιστολὴ
1800 5118 1921 5186 ἥτις
1949 5115 2094 5184 Μαρ.
2130 5129 2190 5175 ς.

791 5210 912 5243 ωπα
952 5209 1010 5254 ς.
1103 5192 1117 5221 ⁸
1153 5190 1503 5261 ἐνθυμήματὰ
1526 5191 1851 5258 -δόγματα
1888 5204 1947 5249 ς.

2282 5109 2326 5139 ’⁸
2362 5108 2465 5159 κᾶν
2494 5111 2536 5158 A
2570 5124 2582 5158 :
2622 5105 2717 5157 καὶ
2744 5123 2801 5168 ς.

2908 5106 2952 5137 ⁹⁹
2974 5106 3041 5159 τὰ
3074 5108 3340 5177 πρόσωπα
3383 5111 3438 5163 δὲ
3467 5112 3509 5164 Α
3542 5130 3555 5166 ;
3582 5114 3676 5165 καὶ
3726 5115 3793 5168 τὰ
3845 5120 4013 5187 πρός-

2279 5287 2510 5346 NOTAE.

792 5478 804 5489 ι
862 5406 973 5473 (50)
1001 5406 1065 5458 Et
1090 5406 1302 5489 quidem
1336 5404 1503 5473 prima
1537 5404 1677 5473 (qua:
1703 5410 1784 5454 est
1816 5400 1868 5453 in
1900 5396 2036 5451 Billii
2090 5394 2216 5450 edit.
2252 5392 2343 5462 35)

792 5485 905 5546 ipso
944 5493 1064 5528 mox
1090 5485 1206 5529 init.

861 5546 973 5617 (51)
1014 5546 1227 5601 Decima
1259 5545 1410 5599 tertia
1433 5557 1673 5605 numero,
1725 5540 1861 5609 apud
1894 5534 2104 5592 Billium
2142 5535 2193 5589 in
2230 5534 2344 5604 ipso

792 5618 975 5753 ωεῗὲάέ)
1004 5685 1181 5741 Prima
1219 5686 1283 5739 de
1312 5685 1448 5739 Filio
1484 5686 1582 5737 sub
1610 5684 1700 5735 lin.

860 5748 969 5829 (ὸῦ)
998 5758 1270 5830 Legunlur
1299 5758 1408 5810 hanc
1429 5765 1567 5807 Orat.
1605 5753 1772 5806 altera
1802 5750 1867 5805 de
1898 5748 2033 5804 Filio
2064 5749 2339 5817 aliquanto

2452 5394 2574 5455 post
2598 5386 2829 5455 princip.

2530 5459 2641 5528 (54)
2672 5459 2889 5529 lnitiurn
2912 5457 3013 5510 hoc
3038 5471 3120 5515 est
3142 5460 3299 5529 epist.
3322 5462 3355 5514 4
3373 5461 3431 5515 Β.
3454 5458 3672 5529 Dionys.
3700 5462 3767 5513 ad
3798 5464 4008 5521 Caium.

2520 5532 2629 5601 (55)
2661 5528 2849 5601 GEBCO
2872 5528 3113 5601 La_tinnm
3138 5528 3304 5584 edidit
3328 5534 3475 5586 card.
3506 5528 3700 5584 Baron.
3730 5545 3857 5585 tom.
3889 5536 4014 5601 \lll,

2450 5598 2669 5666 interpr.
2704 5598 2893 5653 Franc.
2932 5598 3211 5655 Turriano.

2528 5676 2638 5742 (56)
2677 5673 2787 5724 lnm
2841 5674 2890 5723 in
2944 5672 3139 5735 Africa,
3180 5680 3238 5727 ut
3284 5673 3436 5727 docct
3474 5672 3665 5726 Baron.
3704 5682 3836 5726 tom.
3882 5676 4013 5740 Vlll,

2450 5752 2513 5804 ad
2552 5762 2676 5799 ann.
2717 5743 2847 5795 Chr.
2874 5744 2995 5795 (3.65.
