4196 6442
168 397 275 464 657

1032 396 1556 467 ΒΓΒΙᾸΟΤΗΕΟΑ.
1576 432 1644 443 -
1683 409 1900 470 CODD.
1942 410 2204 484 CXCXV,
2233 411 2518 474 CXCXVI.

3291 410 3397 473 658

163 513 261 578 τὴν
293 511 555 575 διάλεξιν,
587 511 705 580 μεθ’
735 506 796 565 οὗ
820 508 887 581 ἦν
916 514 935 542 ³
976 514 1137 576 αὐτὸς
1181 515 1359 584 ἐαυτῷ
1394 518 1570 585 φυγὴν
1614 522 1734 570 ἐπι·
1765 528 1809 579 Α

1765 528 1809 579 Α
1838 519 2032 573 exsilio
2060 519 2163 573 sibi
2185 519 2386 573 Indicto
2412 518 3003 587 Constantinopolitana
3025 519 3152 575 sede
3174 523 3395 578 excidit.

157 601 345 654 ϐαλὼν
372 602 468 653 τοῦ
528 603 549 634 ³
596 604 1216 668 Κωνσταντινουπόλεως
1264 606 1489 670 ἐξέπεσε
1524 608 1736 677 θρόνου.

172 694 235 746 '0
273 695 467 762 μέντοι
535 694 780 762 διάλογος
820 698 900 758 εἰς
941 697 1001 748 τὸ
1057 698 1439 766 ταπεινότερόν
1496 702 1613 751 ἐστι
1664 701 1742 753 δι-

164 782 592 852 εσκευασμένος,
609 784 717 834 εἴτε
738 783 797 835 τὸ
825 784 1168 853 αὐτοσχέδιον
1195 784 1303 837 τῶν
1324 785 1701 855 διειλεγμένων
1720 787 1741 817 ⁸

163 874 456 936 διασώζειν
480 874 736 943 ἀκέραιον
765 873 1090 942 βουλομένου
1123 873 1217 927 τοῦ
1263 876 1736 944 συγγεγραφότος,

164 966 269 1016 εἴτε
307 966 405 1017 καὶ
437 965 627 1035 ἔτερόν
657 981 709 1016 τι
736 963 1205 1033 διοικονομοῦντος
1224 982 1237 996 ·
1264 966 1333 1018 δι’
1380 966 1523 1038 ἅπερ
1548 966 1657 1019 οὐδ’
1688 968 1736 1019 οί

163 1055 517 1123 διαλεκτικῆς
563 1056 758 1123 ἀὐτῷ
782 1056 934 1125 νόμοι
984 1054 1229 1125 εὐμενῶς
1276 1056 1520 1109 θέλουσιν
1572 1058 1739 1128 ἐχειν.

166 1145 311 1214 Πλὴν
334 1147 437 1197 καὶ
452 1145 596 1198 οὕτω
612 1146 870 1215 χρειῶδες
893 1149 1006 1212 τοῖς
1026 1147 1276 1200 εὐσεϐέσι
1298 1147 1359 1200 τὸ
1380 1148 1673 1217 ἀγώνισμα
1697 1152 1739 1205 ⁸.

841 1238 1020 1302 ma.

389 1330 504 1382 Τοῦ
533 1329 602 1381 ἐν
626 1329 816 1397 ἁγίοις
831 1330 1177 1398 Ἐρραιμιου
1208 1331 1382 1399 Λόγοι
1414 1327 1530 1399 μέν.

246 1420 702 1489 Ἀνεγνώσθησαν
728 1419 821 1471 τοῦ
869 1422 927 1473 ἐν
965 1421 1139 1489 ἁγίοις
1192 1422 1431 1491 Ἐφραὶμ
1478 1422 1655 1491 Λόγοι
1687 1422 1747 1477 ϐ’

172 1515 266 1566 καὶ
292 1519 387 1567 Μ’·
420 1507 497 1565 ὧν
526 1515 554 1565 6
584 1513 679 1581 μὲν
711 1516 766 1565 A‘
799 1513 991 1566 ἑαυτόν
1015 1530 1074 1564 τε
1106 1515 1247 1563 ποιεῖ
1267 1512 1746 1583 ἁπολοφυρόμενον

168 1599 245 1666 οἷς
285 1604 445 1667 ἐϐίω,
480 1606 574 1657 καὶ
608 1605 769 1656 τόπον
800 1605 819 1635 ⁷
854 1604 1039 1672 ἐπέχει
1088 1604 1360 1671 προλόγου
1394 1604 1504 1655 τῶν
1547 1603 1745 1671 ἐφεξῆς

170 1698 571 1765 παραινέσεων.
617 1698 675 1749 '0
719 1697 776 1748 66
821 1696 873 1747 B'
919 1699 1029 1758 τοῖς
1072 1697 1128 1746 ἐν
1188 1696 1438 1761 κοινοϐίῳ
1500 1696 1747 1764 ἀδελφοῖς

169 1786 497 1855 παραίνεσὶν
546 1787 691 1837 ἐστιν
738 1784 1143 1853 εἰσηγούμενος.
1189 1786 1561 1855 Προτρέπεται
1609 1786 1746 1855 πρὸς

1842 608 2224 663 Verumtamen
2252 609 2491 677 dialogus
2520 610 2606 664 hie
2628 609 2918 664 humiliore
2942 620 3025 664 est
3059 614 3399 679 conscriptus

1841 700 2000 771 stylo,
2036 701 2149 754 sive
2175 701 2314 768 quod
2360 701 2727 754 sinceritatem
2761 703 3030 755 sermonis
3059 717 3125 755 ex
3162 712 3402 772 tempore

1844 790 2014 844 habiti
2049 806 2269 846 servare
2292 800 2484 843 auctor
2514 792 2738 852 studuit,
2764 792 2877 845 sive
2905 793 3038 860 quid
3077 793 3219 846 aliud
3243 793 3401 847 insti-

1844 878 1965 941 tuit,
2004 893 2128 934 cum
2179 894 2247 933 ne
2282 879 2575 933 dialectica!
2599 882 2817 947 quidem
2861 879 3009 947 leges
3057 880 3192 935 satis
3222 896 3399 934 serva-

1843 971 1934 1024 rit.
1985 969 2304 1038 Quanquam
2353 971 2515 1025 etiam
2570 970 2644 1024 ita
2692 969 2839 1025 utilis
2873 972 2946 1025 sit
2974 971 3078 1039 piis
3102 973 3405 1026 hominibus

1845 1061 1962 1116 hac
1986 1062 2299 1130 disputatio.

2512 1332 2754 1393 CXCVI.

2266 1415 2519 1481 Ephraim
2554 1417 2798 1471 Mamilia:
2840 1434 2989 1474 xux.

1920 1510 2168 1580 Legimus
2190 1513 2364 1563 sancti
2397 1510 2647 1577 Ephraim
2671 1511 2783 1580 (57)
2806 1511 3081 1566 Sermones
3108 1511 3410 1579 undequin-

1848 1601 2123 1669 quaginta.
2165 1601 2400 1665 Qnorum
2443 1601 2645 1668 primus
2680 1603 2795 1670 (58)
2827 1602 3195 1669 deplorantem
3235 1601 3406 1668 ipsum

1847 1692 2053 1745 inducit
2116 1708 2237 1759 qua:
2288 1692 2575 1745 admiserat
2638 1693 2689 1744 in
2750 1693 2897 1755 vita,
2946 1701 3000 1745 et
3070 1694 3408 1757 sequentium

1848 1784 2099 1850 deinceps
2141 1783 2563 1837 admonitionum
2615 1784 2820 1851 prologi
2867 1782 3033 1835 vicem
3076 1786 3293 1849 pnehet.
3344 1782 3406 1832 Il.

169 1879 456 1929 εὐσέϐειαν
483 1879 509 1929 6
543 1876 615 1931 I".
668 1879 723 1930 '0
753 1879 809 1930 66
839 1881 889 1928 Δ⁹
912 1879 1037 1940 τοὺς
1089 1876 1198 1929 τῶν
1235 1877 1483 1946 μοναχῶν
1521 1879 1737 1946 εἰσαγο-
1774 1856 1815 1911 Β

1774 1856 1815 1911 Β
1848 1871 2140 1927 Fratribus
2170 1874 2224 1927 in
2250 1874 2497 1926 emnobio
2520 1873 2840 1939 degentibus
2860 1872 3167 1925 adhortatio
3186 1881 3287 1922 ρει.
3318 1869 3407 1921 IlI.

169 1975 369 2039 μένους
397 1976 670 2041 στοιχειοῖ,
713 1974 807 2027 καὶ
838 1976 864 2024 6
887 1974 939 2023 E'
971 1974 1065 2025 καὶ
1086 1976 1110 2024 6
1137 1972 1207 2038 (τ’
1239 1973 1332 2025 καὶ
1358 1974 1385 2023 6
1410 1974 1461 2024 Z'
1498 1972 1591 2023 καὶ
1629 1975 1656 2023 6
1679 1973 1737 2023 H’

169 2066 264 2116 καὶ
296 2067 323 2117 6
347 2066 425 2117 6’.
461 2065 750 2116 Ἐπίκοινοι
777 2065 798 2095 ⁸
830 2064 887 2116 δέ
916 2082 1029 2126 πως
1053 2062 1127 2116 6I'
1157 2064 1253 2116 καὶ
1273 2065 1298 2115 6
1328 2066 1408 2116 IA'
1431 2065 1451 2094 ⁹
1469 2065 1562 2115 καὶ
1589 2065 1615 2115 6
1639 2064 1738 2116 IB’.

169 2156 549 2222 Εἰσαγωγικὸς
584 2157 626 2185 ¹⁰
675 2155 719 2206 6'
773 2155 971 2225 ὁμοίως
1028 2158 1122 2208 καὶ
1167 2158 1195 2208 6
1255 2153 1330 2207 II"
1380 2156 1473 2207 καὶ
1523 2157 1551 2209 6
1581 2157 1679 2219 ΙΝ,
1716 2156 1744 2207 6

178 2266 226 2299 ξε
262 2248 341 2299 1Ε¹
374 2248 469 2300 καὶ
505 2249 599 2312 ις’
632 2250 723 2299 καὶ
756 2250 828 2300 IZ'
849 2248 943 2300 καὶ
972 2249 1054 2300 Ill'
1080 2249 1268 2301 καὶῐΘ¹
1292 2248 1333 2279 ¹¹
1368 2248 1471 2309 ⁸ἐως
1497 2247 1590 2299 τοῦ
1615 2248 1740 2301 Kl".

170 2335 307 2391 Εἶτα
328 2339 358 2389 6
388 2339 512 2406 ἑξῆς
535 2340 716 2408 κοινὴν
741 2341 1061 2409 παραίνεσιν
1081 2340 1415 2407 ἀπογράφει,
1454 2338 1512 2391 '0
1530 2339 1584 2390 66
1611 2340 1742 2402 KE’,

168 2431 253 2481 ὅτι
296 2430 376 2497 μὴ
399 2429 478 2481 δεῖ
497 2430 693 2492 τόπους
722 2431 992 2500 ἀμείϐειν,
1016 2431 1113 2501 τὴν
1138 2431 1460 2500 παραίνεσιν
1484 2433 1740 2484 ποιεῖται.

183 2520 242 2571 '0
272 2520 329 2571 66
362 2522 498 2583 κη’,
529 2522 609 2572 ὅτι
640 2521 714 2589 μὴ
747 2522 828 2572 δεῖ
856 2521 946 2572 τὸν
988 2521 1304 2574 ἀποστάντα
1334 2521 1430 2573 τοῦ
1476 2522 1743 2574 κοινοϐίου

172 2612 592 2678 ὑποστρέφοντα
628 2614 722 2664 καὶ
768 2613 1240 2682 μεταϐαλλόμενον
1286 2614 1642 2667 ἀπωθεῖσθαι.
1687 2614 1745 2665 '0

169 2704 228 2754 E6
262 2702 376 2753 ΚΘ¹
398 2703 457 2765 ἐξ
490 2703 727 2771 ἱστορίας
748 2704 1121 2773 γεγενημένης
1138 2698 1391 2757 οἷόνέστι
1413 2705 1580 2755 κακὸν
1601 2721 1745 2773 παρ-

174 2792 393 2860 ίστησιν
434 2794 467 2861 ή
531 2792 803 2863 παρακοὴ,
854 2792 945 2845 καὶ
978 2793 1062 2845 ὅτι
1097 2794 1140 2823 ⁸³
1174 2793 1255 2844 δεῖ
1290 2792 1381 2844 τὸν
1422 2794 1747 2861 Χριστιανὸν

174 2882 537 2951 μακρόθυμον
585 2883 681 2933 καί
729 2883 1096 2952 μνησικακίας
1128 2882 1363 2951 κρείττω
1405 2879 1564 2938 εἶναι.
1595 2886 1658 2935 '0
1689 2883 1747 2937 Λ⁹

172 2976 305 3042 περὶ
342 2973 556 3038 παθῶν,
598 2974 679 3025 ὅτι
700 2974 777 3026 δεῖ
818 2975 1037 3042 φεύγειν
1063 2976 1224 3027 αὐτὰ.
1275 2976 1331 3028 Ὁ
1362 2976 1466 3027 AA’
1494 2976 1568 3038 ὠς
1605 2975 1647 3005 ¹³
1671 2976 1750 3027 δεῖ

170 3067 300 3127 τοὺς
330 3066 729 3135 ὀλιγωροῦντας
781 3068 1141 3132 παρακαλεῖν.
1184 3066 1242 3119 '0
1273 3066 1375 3119 AB'
1416 3069 1492 3129 ὡς
1522 3069 1579 3118 ἐν
1601 3067 1749 3120 ἀντι-

1842 1966 1923 2017 Ad
1958 1966 2212 2032 pietatem
2244 1964 2455 2017 invitat.
2485 1963 2569 2016 IV.
2597 1962 2699 2015 Eos
2731 1962 2864 2031 (58‘)
2899 1964 2988 2030 qui
3027 1966 3091 2013 ad
3119 1966 3411 2014 monachos

1843 2059 2074 2126 primum
2125 2057 2481 2121 adducuntur,
2533 2054 2842 2108 informat:
2892 2064 2948 2107 ut
2991 2055 3154 2108 etiam
3199 2051 3262 2115 V,
3324 2050 3409 2110 VI.

1848 2148 1959 2211 VII,
2007 2159 2062 2202 et
2092 2146 2221 2210 VIII,
2270 2147 2463 2216 quilms
2506 2160 2559 2199 et
2592 2147 2660 2208 X,
2713 2147 3106 2215 quodammodo
3141 2143 3413 2198 consentit

1846 2252 2007 2309 atque
2059 2240 2125 2295 XI
2173 2242 2308 2309 (69).
2355 2238 2467 2303 XII,
2531 2238 2776 2292 similiter
2832 2238 3251 2292 introductorius
3306 2249 3409 2300 est,

1845 2339 1900 2385 et
1953 2331 2090 2394 XIII,
2142 2330 2286 2392 XIV,
2316 2330 2429 2392 XV,
2465 2328 2601 2390 XVI,
2649 2327 2806 2390 XVII,
2841 2326 3029 2391 XVIII,
3062 2325 3199 2389 XIX,
3243 2342 3413 2395 usque

1846 2425 1911 2478 ad
1960 2422 2125 2477 XXIII
2149 2423 2285 2491 (60).
2356 2421 2488 2475 Nam
2533 2420 2623 2489 qui
2672 2421 2921 2488 deinceps
2967 2421 3227 2487 sequitur,
3264 2434 3414 2469 coin-

1845 2532 2059 2569 munem
2113 2516 2355 2568 continet
2404 2512 2843 2567 admonitionem.
2902 2510 3092 2579 160.:
3154 2510 3221 2562 At
3268 2508 3410 2562 XXV

1852 2622 1958 2659 non
1993 2617 2250 2674 oportere
2283 2604 2392 2675 (61)
2431 2605 2604 2659 locum
2637 2613 2847 2656 mutare
2877 2604 3145 2656 hortatur.
3176 2598 3409 2654 XXVIII.

1852 2698 2040 2770 [Num.
2066 2698 2179 2769 63.]
2204 2700 2319 2753 Non
2352 2711 2601 2769 oportere
2631 2698 2744 2766 (62)
2775 2698 2929 2750 docet
2965 2696 3198 2750 eaanobii
3230 2698 3413 2748 deser-

1852 2802 2021 2844 torem
2054 2792 2361 2844 redeuntem
2404 2805 2467 2844 ac
2499 2790 2847 2857 pmnitentem
2879 2788 3186 2856 repudiare.
3248 2784 3413 2839 XXIX

1853 2881 2043 2952 [Num.
2096 2882 2210 2952 63.]
2240 2882 2310 2935 Ex
2353 2883 2575 2936 historia
2622 2894 2769 2951 gesta
2803 2880 2983 2942 refert,
3006 2894 3167 2947 quam
3199 2879 3267 2931 sit
3292 2894 3413 2945 per-

1854 2973 2113 3025 niciosum
2183 2973 2590 3038 praesidentibus
2654 2988 2758 3025 non
2805 2972 3021 3025 obedire
3092 2987 3107 3024 :
3166 2981 3415 3035 oportere

1858 3062 2049 3133 [Νωη.
2096 3063 2191 3133 68]
2223 3080 2436 3134 quoque
2481 3064 2850 3119 Christianum
2904 3062 3038 3115 iram
3095 3060 3328 3123 differre,
3365 3070 3419 3111 et

173 3158 334 3226 λογίᾳ
373 3160 440 3227 τῇ
474 3158 793 3230 σωφροσύνῃ
828 3160 923 3212 καὶ
968 3160 1161 3229 ἁγνείᾳ
1190 3161 1250 3212 τὸ
1298 3161 1500 3225 κράτος
1532 3161 1623 3213 καὶ
1652 3160 1748 3229 τὴν
1778 3184 1819 3238 c

1778 3156 2175 3238 cinjuriarum
2252 3157 2518 3210 oblivisci.
2594 3154 2763 3211 XXX.
2844 3152 2917 3207 De
2993 3152 3418 3221 perturbationi-

176 3251 334 3318 ἰσχὺν
370 3248 598 3317 βεϐαιοῖ.
654 3251 761 3301 Καὶ
808 3251 836 3302 ὀ
884 3251 984 3303 Al"
1038 3252 1168 3320 περὶ
1204 3252 1422 3318 ἁγνείας
1472 3256 1747 3323 παραινεῖ.

183 3339 243 3392 '0
274 3341 380 3390 ΛΔ⁷
410 3339 452 3370 ιδ
481 3339 577 3409 τὴν
604 3341 834 3408 ἡσυχίαν
864 3340 1113 3409 προξενεῖ
1136 3345 1247 3403 τοῖς
1284 3341 1495 3393 θέλουσι
1540 3343 1579 3373 ¹⁵
1621 3358 1747 3393 συν-

176 3430 339 3481 ιέναι.
372 3430 483 3480 Καὶ
510 3432 536 3481 6
555 3431 657 3483 AE'
681 3433 803 3502 περὶ
834 3432 928 3483 τοῦ
964 3432 1038 3501 μὴ
1067 3432 1364 3502 ῥέμϐεσθαι
1396 3434 1752 3503 διαλαμϐάνει

172 3524 287 3583 τοῖς
314 3522 646 3592 ὀφθαλμοῖς·
681 3524 773 3575 καὶ
801 3523 876 3586 ὡς
922 3523 989 3575 δι’
1035 3526 1361 3593 ἐρωτήσεως
1408 3524 1748 3586 διδασκαλία,

173 3616 225 3665 εἰ
258 3614 327 3667 δι’
362 3615 573 3683 ἀποχῆς
599 3614 901 3683 βρωμάτων
933 3616 961 3667 6
992 3616 1092 3682 τῆς
1117 3618 1370 3683 πορνείας
1396 3618 1752 3684 καταργεῖται

176 3705 470 3773 λογισμὸς,
508 3706 601 3757 καὶ
634 3706 736 3757 τίνι
784 3705 950 3773 ἄλλῳ.
1010 3706 1066 3757 '0
1092 3705 1146 3757 δὲ
1176 3706 1219 3735 ¹⁶
1247 3708 1366 3771 AC,"
1421 3710 1549 3775 περὶ
1579 3710 1753 3777 πραῢ-

175 3794 440 3857 παθείας.
489 3795 547 3847 Ὀ
575 3796 631 3847 δὲ
667 3797 765 3847 ΛΖ’
810 3796 946 3865 πρὸς
998 3796 1406 3859 ἀνυποτάκτους
1441 3798 1608 3860 ἐστὶν,
1658 3796 1751 3859 οὓς

174 3886 274 3937 καὶ
302 3885 681 3950 καταστέλλει,
715 3886 790 3955 μὴ
819 3887 954 3956 πρὸς
997 3886 1059 3938 τὸ
1088 3887 1312 3955 ἔσχατον
1333 3887 1431 3957 τῆς
1470 3887 1749 3951 ἀπωλείας

175 3976 728 4046 ὲκτραχηλισθέντας,
753 3979 830 4048 τῷ
856 3981 918 4031 ἐκ
942 3979 1076 4031 Θεοῦ
1105 3979 1253 4049 φόϐῳ
1281 3980 1373 4033 καὶ
1404 3980 1480 4048 τῷ
1503 3980 1596 4033 τοῦ
1628 3982 1753 4051 μέλ-

173 4065 365 4124 λοντος
399 4066 781 4135 δικαιωτηρίου
817 4068 1066 4137 κρίματι.
1108 4068 1236 4140 [515
1273 4068 1362 4140 3.]
1415 4071 1475 4123 '0
1534 4071 1593 4124 66
1640 4072 1751 4125 AH'

174 4156 278 4224 τὴν
308 4156 482 4225 καλὴν
499 4156 778 4211 εὐλάϐειαν
806 4159 1130 4213 ἐκδιδάσκει.
1171 4162 1229 4214 '0
1252 4163 1309 4215 δὲ
1340 4161 1443 4215 AG’
1468 4164 1604 4231 πρὸς
1624 4164 1752 4227 τοὺς

175 4249 236 4313 ἐξ
272 4248 483 4311 οἰκείας
512 4251 878 4314 ἐκπίπτοντας
920 4253 1180 4321 ἀμελείας
1216 4254 1311 4307 καὶ
1352 4252 1752 4325 προφασιζομέ·

174 4360 305 4404 νους
338 4347 641 4411 προφάσεις
688 4347 746 4396 ἐν
780 4345 1093 4414 ἁμαρτίαις.
1137 4346 1195 4398 '0
1225 4346 1283 4398 66
1316 4345 1382 4399 M'
1428 4346 1565 4415 πρὸς
1594 4346 1750 4398 ἀδελ-

175 4434 281 4499 φόν
308 4436 458 4485 ἐστιν
487 4436 804 4497 ἐκπεσόντα,
830 4437 1070 4506 καὶπερὶ
1103 4437 1411 4506 μετανοίας.
1446 4437 1506 4490 '0
1528 4437 1585 4489 66
1609 4438 1747 4499 ΜΝ,

1856 3248 1952 3300 hos
1978 3247 2087 3317 (65)
2122 3249 2284 3301 animi
2332 3248 2615 3315 fugiendis.
2652 3246 2838 3299 XXXI.
2877 3245 2896 3317 [
2930 3245 3091 3298 Num.
3133 3243 3262 3314 7L]
3310 3242 3415 3294 Ah-

1852 3338 1993 3404 jecto
2044 3341 2225 3393 animo
2258 3342 2347 3409 qni
2386 3342 2515 3403 sint,
2547 3355 2665 3394 esse
2719 3339 3088 3392 consolatione
3109 3338 3412 3403 erigendos.

1855 3427 2081 3481 XXXII.
2147 3429 2248 3483 Per
2298 3431 2778 3483 contradictionem
2841 3430 2953 3499 (64)
3021 3437 3145 3499 [qua
3206 3429 3417 3482 diabolo

1854 3520 2140 3587 quemdam
2204 3529 2590 3589 repugnantem
2660 3519 2895 3589 inducit]
2940 3521 3308 3587 temperantiae
3364 3529 3418 3569 c-t

1857 3610 2089 3663 castitati
2129 3612 2290 3663 robur
2321 3614 2568 3679 viresque
2602 3613 2769 3663 addit.
2799 3610 3037 3664 XXXIII.
3074 3609 3263 3682 [Νειηι.
3300 3609 3413 3682 51.]

1857 3700 1931 3753 De
1975 3702 2223 3755 castitate
2270 3716 2531 3771 przecepta
2560 3706 2670 3755 dat.
2703 3701 2938 3756 XXXIV.
2972 3703 3220 3767 Quietem
3258 3713 3417 3769 atque

1856 3794 2127 3846 silentium
2180 3796 2247 3849 iis
2304 3798 2662 3861 commendat,
2698 3799 2788 3865 qui
2832 3798 3021 3866 degere
3063 3811 3165 3848 una
3207 3796 3412 3848 volunt.

1854 3884 2071 3939 XXXV.
2108 3885 2223 3940 Non
2247 3903 2365 3943 esse
2398 3890 2569 3943 oeulis
2596 3892 2894 3960 vagandum
2924 3891 3102 3943 docet.
3158 3887 3318 3952 Qnmd
3332 3904 3416 3939 am

1854 3976 2016 4031 etiam
2038 3979 2187 4046 quasi
2206 3980 2758 4049 adintermgationem
2794 3980 2986 4032 factam
3020 3979 3301 4031 institutio.
3333 3979 3411 4029 An

1855 4069 2099 4123 ciborum
2144 4072 2469 4125 abstinentia
2505 4072 2879 4125 fornicationis
2911 4069 3195 4139 frangatur
3223 4070 3419 4137 cogita-

1855 4160 1951 4223 tio.
1984 4171 2039 4215 et
2065 4178 2169 4230 qua
2199 4178 2257 4217 re
2281 4164 2405 4217 alia.
2438 4163 2672 4217 XXXVI.
2698 4162 2885 4234 [Num.
2922 4163 3039 4231 74.)
3074 4162 3144 4214 De
3174 4176 3418 4212 mansue-

1856 4253 2059 4306 tudine.
2094 4252 2357 4309 XXXVII.
2383 4253 2579 4323 [Num.
2614 4254 2726 4325 76.]
2763 4253 2989 4307 Habitus
3019 4267 3197 4306 serqu
3228 4260 3310 4303 est
3351 4251 3419 4302 ad

1852 4343 2313 4414 inobsequentes:
2354 4361 2487 4414 quos
2512 4348 2673 4399 etiam
2728 4346 2791 4415 (si
2844 4360 2948 4397 non
3004 4346 3067 4396 ad
3116 4352 3413 4396 extremum

1852 4436 2106 4489 interitus
2158 4437 2564 4503 praecipitarunt)
2600 4451 2721 4489 cum
2778 4436 2867 4487 Dei
2926 4447 3092 4497 metu,
3130 4445 3239 4485 tum
3270 4433 3415 4499 justo

173 4524 252 4587 ὡς
303 4524 365 4575 οὐ
415 4524 496 4577 δεῖ
536 4525 757 4593 ὀμνύειν
802 4526 924 4578 οὐδὲ
960 4526 1293 4595 δυσφημεῖν,
1350 4529 1619 4596 παραινεῖ.
1665 4526 1745 4585 εὈ
1780 4522 1822 4577 D

1780 4522 1822 4577 Ι)
1845 4526 2047 4591 judicio
2075 4525 2256 4581 futuro
2294 4529 2601 4595 compescit.
2639 4528 2921 4582 XXXVIII.
2947 4528 3137 4599 [Nam
3166 4527 3279 4598 76.]
3313 4526 3413 4581 lic-

1484 4660 1719 4715 VARIA‘I
1757 4661 2157 4717 LECTIONES.

248 4774 275 4803 ³
302 4762 363 4822 οὗ
506 4769 684 4821 malim
716 4772 811 4854 ἠνζ
929 4770 1085 4854 τοῦΔΑ
1110 4787 1125 4825 :
1154 4772 1243 4854 ᾖε
1281 4771 1387 4854 ⁵τοῦ
1414 4788 1473 4835 ς.

1561 4772 1583 4801 ⁸
1602 4772 1997 4841 διειλημμένων
2023 4791 2060 4836 ς
2073 4812 2084 4823 .

2186 4778 2206 4808 ⁸
2238 4774 2561 4826 διαλεκτικοὶ
2590 4792 2652 4839 ς.
2727 4775 2748 4805 ⁸
2774 4771 3086 4842 ἀγώνισμα]
3114 4774 3284 4838 aptius
3306 4773 3415 4825 for-

178 4851 327 4895 tasse
381 4841 735 4911 ἀνάγνωσμα.
794 4842 997 4893 ττύπον
1014 4844 1077 4894 Α.
1152 4843 1174 4874 ⁸
1202 4843 1469 4894 ἐπίκοινα.
1499 4843 1562 4893 Α.
1605 4844 1817 4911 '76ante
1844 4843 1923 4894 IA'
1953 4853 2005 4896 et
2030 4844 2122 4895 καὶ
2150 4855 2269 4911 post
2307 4842 2385 4896 IA'
2412 4860 2517 4895 Olli.
2548 4846 2613 4896 A.
2691 4844 2733 4874 ¹⁰
2760 4841 3113 4909 εἰσαγωγικδς
3145 4842 3190 4894 δ’
3223 4844 3418 4910 ὁμοίως

179 4912 413 4977 Λεὸμο

175 4983 252 5043 ὡς
288 4980 354 5031 Α.

176 5058 252 5118 μ’,
292 5048 336 5113 ζ’
371 5049 463 5101 καὶ
498 5054 569 5118 μ’.

420 4910 509 4968 ίως
560 4912 911 4978 εἰσαγωγικδς
968 4930 1029 4975 ς.

658 5051 700 5082 ³⁵
727 5050 966 5103 ἐθέλωσι
991 5068 1052 5114 ς.
1110 5052 1153 5082 ⁸⁸
1175 5054 1204 5104 6
1230 5050 1288 5104 δέ
1324 5053 1370 5103 Δ
1398 5069 1411 5104 :
1436 5052 1529 5105 καὶ
1561 5054 1589 5104 6
1616 5068 1678 5113 ς.

250 5288 371 5357 (57)
420 5288 494 5342 De
522 5302 628 5355 quo
664 5288 829 5341 multa
878 5286 1209 5341 Sozomenus
1238 5285 1332 5340 Iib.
1384 5302 1469 5353 ιιι,
1504 5302 1622 5355 cap.
1657 5287 1743 5341 I5.

247 5361 368 5429 (58)
422 5357 593 5429 Cujus
621 5360 930 5429 argumenti
954 5367 1062 5410 tres
1095 5359 1258 5411 habes
1295 5359 1346 5411 in
1396 5374 1565 5429 nuper
1590 5359 1748 5413 editis

181 5426 356 5499 hujus'
374 5428 545 5481 sancti
566 5426 741 5481 Patris
767 5426 1020 5499 operibus
1043 5442 1341 5499 sermones,
1364 5426 1493 5481 tom.
1522 5427 1563 5483 I.
1598 5444 1746 5499 num.

180 5496 267 5555 σιξ
292 5500 482 5551 Altero
512 5499 634 5550 item
658 5498 1055 5559 tomo,uum.I,
1084 5496 1217 5550 etlll
1246 5498 1494 5564 denique,
1522 5514 1668 5550 nmn.
1694 5496 1747 5549 6.

184 5571 439 5637 I‘Ieriqne
463 5575 640 5620 autem
674 5569 865 5621 horum
896 5567 963 5620 49
987 5582 1289 5620 sermonum
1326 5568 1391 5620 ad
1423 5567 1546 5621 illud
1589 5570 1749 5636 quin-

182 5640 441 5706 quaginta
468 5637 822 5708 Paraeneseou
854 5652 989 5703 opus
1015 5646 1281 5705 spectant,
1316 5641 1456 5708 quod
1483 5654 1619 5708 pene
1663 5652 1749 5692 sc-

182 5710 419 5763 cundum
454 5707 718 5760 editorum
753 5716 952 5760 tomum
995 5708 1228 5763 cettlicit.

254 5778 391 5847 (58⁸)
429 5777 583 5832 Tom.
619 5776 677 5837 ll,
722 5791 775 5827 ιι.
813 5775 900 5828 5.3.

1105 4912 1145 4942 “
1170 4924 1292 4965 ante
1351 4914 1433 4963 lii’
1474 4920 1526 4964 et
1556 4910 1635 4963 ΙΘ⁶
1664 4928 1781 4963 eum
1814 4913 1859 4963 Α
1901 4915 2058 4965 omisi
2090 4914 2134 4965 6.
2167 4917 2302 4967 idem
2339 4917 2464 4965 IIIII‘.
2515 4929 2623 4967 om.
2654 4913 2769 4964 τοῦ.

436 4980 478 5065 ξ’
607 4978 782 5065 Αιίδςεξ
894 4980 939 5010 ¹⁸
965 4978 1414 5065 ΛΝἿ-ᾼῌἌδί-
1438 4980 1479 5031 ε’
1508 4984 1604 5065 καὶ
1634 4981 1675 5031 λ’
1703 4985 1795 5035 καὶ
1814 4982 1855 5033 λ’
1886 4984 1953 5036 Α.
1990 4983 2128 5036 idem
2171 4990 2223 5045 ς’
2253 4984 2345 5035 καὶ
2375 4981 2414 5034 λ’
2450 4994 2504 5036 et
2536 4986 2691 5065 G'Ixai
2717 4986 2757 5035 λ’
2807 4994 2858 5037 et
2878 4990 2925 5036 α’
2964 4987 3056 5035 καὶ
3114 4978 3165 5051 μ’
3192 5020 3207 5045 ,
3238 4988 3290 5044 ς’
3324 4981 3419 5034 καὶ

2845 4916 2887 4945 ¹²
2922 4915 3015 4964 καὶ
3043 4912 3147 4980 ὅτι]
3180 4915 3207 4963 6
3251 4912 3305 4962 66
3339 4914 3415 4962 κθ’

1758 5170 1965 5227 NOTAE
1978 5210 1992 5229 .

1926 5286 2277 5352 (59)Videtur
2303 5290 2369 5343 ad
2401 5300 2527 5343 tom.
2557 5289 2597 5355 I,
2628 5305 2774 5343 nam.
2803 5289 2889 5353 55,
2914 5289 3135 5344 traiatus
3161 5290 3211 5343 in
3236 5291 3411 5345 editis.

1928 5358 2045 5424 (60)
2082 5357 2235 5411 Τοιιι.
2269 5360 2333 5423 II,
2367 5377 2423 5413 ll.
2458 5361 2547 5413 '57.

1930 5430 2038 5495 (6I)
2070 5428 2125 5479 In
2162 5430 2318 5481 editis
2347 5431 2472 5482 tomi
2516 5430 2581 5489 ll.
2622 5445 2767 5483 num.
2802 5429 2890 5483 69..

1928 5499 2039 5565 (62)
2064 5498 2133 5549 ‘26
2160 5510 2213 5551 et
2245 5499 2316 5550 27
2367 5504 2631 5567 praeterita
2666 5510 2805 5554 sunt.

1925 5569 2035 5689 ((ἐξ)
2065 5567 2221 5621 Num.
2260 5569 2348 5633 70,
2379 5582 2432 5623 et
2474 5572 2660 5623 eodem
2710 5579 3022 5640 argumento
3050 5570 3187 5623 alter
3212 5581 3339 5623 tom.
3372 5571 3412 5627 I.

1992 5656 2040 5688 ι).

1859 5658 1915 5693 Il.
1956 5656 2040 5689 DD.

1854 5706 2433 5830 nuiﬁmdxnunhc'id
2488 5712 2706 5766 "Omine
2742 5720 2914 5765 exstat
2964 5711 3013 5764 in
3048 5712 3181 5766 edit.
3212 5721 3337 5766 tom.
3374 5718 3410 5765 '..
