4196 6442
762 388 868 450 659

1902 385 2164 446 PHOTII
2207 384 2707 444 PATRIARCIIJS
2736 385 2843 444 CI’.

3902 396 4005 463 660

761 510 904 553 cum
942 496 1196 564 pietatem
1225 492 1433 547 edocet.
1459 491 1675 547 XXXIX
1715 492 1905 563 [Νωη.
1970 493 2081 564 77.]
2114 495 2192 547 Ad
2214 509 2326 555 eos,
2360 502 2403 553 Λ

2360 502 2403 553 Λ
2431 493 2486 544 δὲ
2513 492 2621 543 MII'
2649 493 2689 520 ¹⁷
2715 494 3023 561 συνίστησιν
3053 492 3127 554 ὡς
3152 492 3335 546 δίκαια
3366 497 3628 550 πέπονθεν
3678 502 3793 553 Ἠλὶ
3834 505 3875 535 ⁸⁸
3900 508 3927 556 ὁ
3954 512 4004 558 ἐι,

762 591 859 659 qui
891 605 984 643 sua
1008 588 1328 656 negligentia
1363 588 1703 647 labuntur,et
1725 586 2105 640 excusationes
2134 588 2327 639 deinde

762 686 1025 731 excusant
1066 677 1119 728 in
1180 675 1431 741 peccatis.
1464 674 1574 727 XL.
1621 674 1807 745 [Num.
1844 675 1956 745 78.]
1990 678 2067 727 Ad
2111 676 2331 727 fratrem

764 769 973 832 lapsum
1038 766 1251 818 habitus
1295 773 1395 825 est,
1443 776 1494 817 et
1544 768 1651 833 agit
1708 767 1773 816 de
1822 766 2157 833 pmnitentia.
2196 765 2329 817 XLI.

769 856 961 927 [Νιηη.
1028 854 1143 925 79.]
1189 855 1393 907 Snadet
1438 871 1467 907 a
1517 855 1823 923 juramento
1884 872 1946 908 ac
2003 856 2331 909 maledicen-

770 950 841 1000 tia
904 947 1305 1000 abstinendum.
1346 944 1499 999 XLII.
1555 946 1667 1013 (65)
1725 947 1942 1016 Colligit
1986 947 2135 1013 juste
2169 948 2327 1013 puni-

768 1050 881 1092 tum
909 1038 1021 1091 lleli
1051 1039 1381 1091 sacerdotem
1421 1037 1549 1107 legis
1584 1055 1596 1096 :
1630 1038 1695 1089 ad
1726 1052 1847 1089 eum
1874 1039 1964 1104 qui
2003 1039 2105 1091 hac
2136 1040 2248 1106 ipsa
2266 1038 2333 1091 de

773 1147 828 1184 re
854 1131 1151 1184 dubitabat.
1189 1130 1261 1183 De
1295 1131 1484 1183 timore
1518 1129 1629 1197 (66)
1668 1143 1827 1194 porro
1872 1127 1963 1181 Dei
2016 1127 2177 1181 XLIII
2222 1144 2335 1180 ser-

771 1236 929 1273 mone
979 1221 1193 1273 disserit
1226 1238 1240 1272 :
1271 1231 1330 1272 ut
1376 1229 1429 1272 et
1485 1220 1549 1272 de
1607 1218 1892 1271 dilectione
1937 1216 2121 1271 XLIV.
2169 1215 2330 1268 XLV.

772 1311 939 1385 [Num
970 1314 1084 1383 82.]
1109 1313 1391 1365 Multarum
1428 1314 1682 1364 virtutum
1741 1311 2132 1363 admonitiones
2156 1323 2218 1363 ac
2245 1312 2340 1361 do—

768 1405 996 1457 ctrinam
1033 1406 1098 1457 ad
1135 1404 1436 1472 Eulogium,
1468 1405 1560 1471 qui
1589 1405 1700 1456 lucc
1728 1400 2042 1471 postularat,
2076 1401 2328 1468 explicat.

769 1495 951 1549 XLVI.
982 1496 1061 1547 Ad
1103 1496 1456 1563 negligentem
1489 1504 1543 1546 et
1575 1494 1823 1560 ignavum
1880 1494 2199 1545 monachum
2232 1490 2327 1541 ha-

768 1588 935 1648 bitus,
986 1588 1317 1655 argumentis
1373 1587 1611 1654 pulchris
1659 1599 1722 1637 ac
1764 1584 1929 1636 variis
1974 1598 2004 1635 a
2050 1582 2224 1635 reditu
2266 1581 2332 1634 ad

770 1678 1133 1749 [smcularem]
1184 1680 1347 1731 vitam
1401 1676 1807 1731 revocareillum
1842 1675 2083 1729 studens.
2115 1671 2325 1725 XLVII.

771 1773 1097 1847 [.Vunt.84.]
1139 1773 1503 1841 Reprehensio
1534 1782 1617 1824 est
1648 1785 1933 1838 pravorum
1986 1784 2216 1820 morum.
2270 1766 2497 1820 XLVIII.
2550 1768 2742 1838 [Νιιηι.
2808 1772 2921 1843 85.]

2440 582 2517 649 τῷ
2552 584 2697 648 νόμῳ
2735 584 2930 651 ἱερεὺς,
2957 584 3093 651 πρὸς
3122 585 3213 635 τὸν
3245 588 3371 654 περὶ
3399 588 3561 641 αὐτού
3604 593 3793 643 τούτου
3844 596 4011 646 ἐπιδιο

2443 672 2727 729 στάζοντα.
2763 672 2896 738 Περὶ
2929 672 2985 722 δὲ
3018 671 3182 737 φόδου
3214 673 3347 724 Θεοῦ
3384 677 3410 725 ὁ
3437 676 3567 737 IIII",
3610 680 3701 728 καὶ
3728 680 3855 743 περὶ
3878 682 4005 745 ἀγά-

2441 780 2548 830 πης
2570 767 2595 814 ὁ
2634 762 2761 816 MA'.
2810 764 2868 815 ’0
2897 765 2952 816 δὲ
2982 765 3094 817 ME'
3127 766 3261 832 πρὸς
3287 766 3542 834 Εύλόγιον
3574 772 3669 837 μὲν
3708 775 4005 840 αἰτήσαντα

2441 856 2732 922 γράφεται,
2780 856 3037 907 πλειόνων
3082 859 3123 888 ¹⁹
3154 858 3210 908 δὲ
3264 860 3705 928 κατορθωμάτων
3743 867 4003 933 παραινέ-

2444 960 2557 1005 σεις
2622 945 2715 995 καὶ
2783 945 3136 998 διδασκαλίαν
3206 949 3563 1003 ἀναπτύσσει.
3645 953 3703 1004 ὐ
3758 955 3815 1005 δὲ
3879 958 4002 1022 MCT

2440 1036 2575 1103 πρὸς
2607 1037 2651 1065 ²⁰
2684 1036 2811 1104 [9.65
2843 1036 2934 1106 IL]
2961 1038 3294 1105 ἀκηδιαστήν
3320 1042 3436 1092 ἐστι
3468 1044 3702 1110 μοναχὸν
3735 1048 4007 1098 συντεθει-

2445 1129 2625 1193 μένος,
2658 1128 2883 1188 πολλαῖς
2907 1130 2999 1179 καὶ
3034 1130 3224 1193 καλαῖς
3248 1132 3550 1199 ὑποθήκαις
3578 1137 3806 1200 ἀπάγων
3847 1139 4006 1189 αὑτὸν

2440 1219 2536 1284 τῆς
2562 1219 2694 1285 πρὸς
2724 1221 2816 1270 τὸν
2850 1220 2962 1288 βίον
3008 1223 3288 1274 ἐπανόδου.
3330 1225 3387 1275 Ὀ
3417 1226 3470 1276 δὲ
3518 1228 3625 1278 ΜΖ¹
3660 1228 4006 1296 καταδρομὴν

2444 1314 2677 1362 ποιεῖται
2716 1312 2815 1378 τῆς
2848 1314 3193 1381 κακοηθείας.
3234 1316 3291 1367 ὐ
3316 1318 3372 1368 δὲ
3423 1320 3560 1379 MH',
3599 1320 3721 1369 δεον
3772 1320 4008 1388 διενήνο-

2438 1419 2530 1467 χεν
2564 1404 2591 1453 ὀ
2628 1403 2913 1467 μοναδικὸς
2944 1406 3053 1471 βίος
3084 1408 3183 1475 τῆς
3222 1408 3279 1459 ὲν
3302 1408 3491 1477 κόσμῳ
3531 1410 3832 1471 πολιτείας,
3890 1414 4006 1462 ἐπι-

2436 1492 2691 1543 δεικνύει.
2736 1493 2792 1543 '0
2822 1494 2876 1545 δὲ
2912 1496 3023 1545 ΜΘ⁹
3052 1496 3147 1563 τὴν
3187 1497 3444 1566 δευτέραν
3480 1499 3573 1549 τοῦ
3600 1501 3806 1568 Κυρίου
3834 1500 3985 1551 διατυ

2440 1584 2530 1631 ποῖ
2560 1584 2882 1651 παρουσίαν,
2917 1591 3010 1637 καὶ
3049 1589 3360 1655 παρακαλεί
3393 1590 3525 1658 πρὸς
3565 1594 3856 1658 μετάνοιαν
3886 1593 4007 1651 τοὺς

2440 1674 2781 1744 ἀνθρώπους.

3007 1772 3275 1838 Quantum
3338 1777 3549 1830 differat
3604 1779 3848 1831 solitaria
3904 1780 4007 1831 vita

770 1886 799 1919 ιι
833 1868 1099 1930 saeculari,
1136 1867 1204 1918 ob
1239 1865 1423 1917 oculos
1457 1865 1621 1933 ponit.
1657 1862 1843 1915 XLIX.
1878 1860 2183 1914 Secundum
2229 1859 2361 1930 (66')
2385 1858 2585 1914 Christi
2622 1864 2911 1917 adventum
2959 1866 3234 1932 describit,
3276 1880 3329 1922 et
3374 1871 3438 1922 ad
3484 1872 3856 1938 penitentiam
3919 1874 4011 1925 ho-

771 1961 945 2013 mines
980 1959 1244 2011 hortatur.

844 2050 899 2101 In
941 2050 1023 2103 his
1056 2048 1431 2100 admonitoriis
1471 2046 1642 2099 sancti
1678 2046 1777 2099 viri
1813 2045 2173 2110 sermonibus,
2208 2044 2328 2112 jure
2370 2045 2412 2102 Β

771 2143 897 2209 quis
948 2142 1268 2202 admiretur,
1322 2155 1481 2207 quam
1518 2140 1626 2191 alte
1678 2149 1924 2206 penetret
1978 2138 2335 2206 persuadendi

770 2236 873 2293 vis.
916 2244 1289 2303 quantumque
1338 2234 1403 2283 ab
1456 2232 1539 2283 bis
1587 2231 1717 2283 linat
1748 2230 2122 2297 iucunditatis,
2176 2244 2335 2297 quam

773 2326 1006 2392 denique
1038 2325 1329 2377 aliectnum
1365 2323 1515 2390 copia
1550 2322 1735 2375 referti
1769 2322 1896 2376 sint.
1936 2321 2124 2374 Oratio
2160 2330 2339 2373 tamen

776 2417 913 2482 ejus,
941 2432 1002 2469 ac
1032 2418 1213 2485 ligura:
1242 2414 1373 2466 nihil
1402 2416 1617 2476 mirum,
1646 2416 1688 2466 si
1720 2414 1784 2465 ad
1819 2424 2133 2466 consuetum
2169 2412 2341 2465 homi-

777 2508 971 2561 liarum
1022 2522 1199 2569 usum,
1245 2514 1298 2559 et
1333 2506 1722 2559 inelaboratum
1756 2505 1967 2559 dicendi
2004 2518 2174 2571 genus
2220 2520 2340 2557 ver-

777 2611 924 2667 gant.
948 2599 1062 2653 Non
1086 2600 1229 2653 enim
1259 2600 1311 2651 in
1340 2610 1617 2652 auctorem
1648 2614 1928 2657 sensuum,
1956 2600 2047 2650 sed
2075 2598 2126 2649 in
2153 2597 2341 2649 horum

779 2693 1125 2759 interpretem
1156 2706 1217 2744 ea
1246 2693 1569 2745 conferenda
1598 2690 1773 2757 culpa.
1810 2689 1999 2758 160b
2056 2689 2155 2753 Qui
2192 2705 2342 2739 nam-

782 2799 888 2849 que
918 2783 1155 2852 Syriaca:
1188 2794 1311 2835 sunt
1333 2782 1527 2849 lingua:
1561 2783 1696 2835 bene
1724 2784 1895 2848 periti,
1920 2781 2097 2833 verbis
2118 2781 2253 2831 adeo
2283 2795 2345 2832 ac

782 2876 950 2943 tropis
981 2876 1243 2929 excellere
1278 2887 1497 2935 nontnt,
1534 2886 1587 2927 ιιι
1615 2875 1925 2939 ambiguum
1952 2874 2042 2933 sit,
2076 2875 2142 2925 ah
2193 2872 2346 2923 hisne

781 2984 850 3019 an
895 2984 923 3019 a
953 2983 1109 3019 sensu
1162 2968 1461 3027 recondito,
1495 2976 1643 3016 tanta
1681 2964 1795 3029 ejus
1822 2963 2031 3016 dicendi
2076 2964 2153 3014 vis
2187 2974 2347 3028 atque

782 3057 1052 3122 elegantia
1112 3054 1503 3122 proﬁciscatur.
1554 3055 1913 3116 Quanmbretn
1965 3069 2066 3105 non
2117 3063 2221 3103 tam
2270 3051 2349 3101 di-

780 3147 978 3199 ctionis
1015 3145 1292 3197 humilitas
1322 3145 1654 3204 admiranda,
1684 3161 1841 3212 quant
1893 3144 2015 3195 illtld
2047 3144 2346 3208 suspicien-

780 3239 932 3300 dum,
991 3236 1258 3303 quomodo
1315 3252 1411 3304 per
1466 3246 1663 3288 tantam
1716 3240 2001 3288 verborum
2061 3237 2343 3293 vilitatem,

782 3338 927 3381 tanta
963 3330 1107 3382 salus
1136 3339 1296 3395 atque
1331 3328 1540 3379 utilitas
1592 3328 1642 3379 in
1695 3329 1938 3395 legentes
1980 3327 2125 3379 velut
2172 3326 2345 3379 ell'un-

782 3423 957 3476 datur.

854 3511 1051 3565 Eadem
1107 3525 1187 3564 est
1240 3513 1474 3567 refertus
1511 3514 1725 3567 dicendi
1778 3514 1827 3566 vi
1883 3524 1936 3567 et
1986 3515 2155 3581 gratia
2201 3514 2341 3581 ejus-

785 3610 903 3657 dem
933 3604 1043 3672 (67)
1095 3607 1159 3657 de
1202 3606 1505 3658 humilitate
1537 3608 1726 3672 suique
1764 3607 2108 3674 despectione
2148 3622 2346 3671 sermo,

783 3696 838 3748 in
874 3706 1089 3748 centum
1125 3699 1418 3764 productus
1452 3699 1647 3763 capita.
1692 3696 1761 3749 Ut
1811 3714 1909 3749 nec
1968 3698 2055 3749 illa
2109 3708 2346 3749 mutuam

784 3798 907 3835 cum
933 3784 1301 3852 superioribus
1333 3784 1643 3837 aliinitatem
1681 3802 1740 3836 ac
1775 3786 2179 3837 similitudinem
2215 3785 2349 3839 falso

788 3876 988 3929 indicat
1034 3879 1227 3937 oratio,
1281 3892 1384 3943 qua
1424 3878 1599 3929 ridere
1633 3879 1743 3945 (68)
1778 3890 1939 3946 atque
1978 3880 2161 3931 extolli
2193 3888 2351 3947 negat

785 3974 1052 4031 oportere,
1085 3966 1177 4018 sed
1215 3966 1265 4016 in
1301 3981 1529 4019 maerore
1561 3969 1737 4034 potius
1766 3968 2063 4034 degendum
2093 3982 2230 4020 esse.
2270 3969 2348 4019 Ad

786 4056 1032 4108 eumdem
1069 4058 1283 4108 modum
1328 4067 1383 4107 et
1419 4058 1505 4107 illa
1547 4056 1613 4108 ad
1664 4057 1964 4109 Metebinos
2012 4056 2119 4122 ((59)
2162 4072 2348 4109 mona-

786 4147 917 4199 rhos
949 4148 1015 4199 ab
1068 4148 1183 4215 ipso
1231 4147 1411 4199 habita
1467 4148 1661 4209 oratio,
1708 4164 1825 4216 qum
1869 4158 1924 4199 ut
1976 4148 2251 4200 lenitatem
2291 4162 2352 4199 ac

786 4239 1250 4292 mansuetudinem
1329 4240 1509 4301 docet,
1575 4241 1644 4292 ita
1703 4240 1961 4291 malitiam
2042 4241 2348 4308 fugiendam

788 4331 999 4395 suadet,
1028 4331 1284 4397 ducitque
1311 4332 1376 4382 ad
1422 4331 1907 4398 longanimitatem,
1941 4331 2215 4383 iracundia
2268 4347 2351 4383 re-

788 4424 1073 4490 prehensa.
1110 4422 1199 4476 Sic
1238 4422 1490 4489 patientia
1523 4424 1719 4476 ccc-lum
1752 4423 1929 4490 parari
1962 4439 2023 4476 ac
2062 4422 2350 4476 beatitudi-

788 4528 907 4565 nem
944 4515 1202 4575 ostendit,
1235 4514 1398 4565 animi
1438 4516 1595 4567 simul
1635 4515 1826 4579 abiecti
1866 4516 2127 4581 prolatam
2182 4516 2348 4566 mise-

789 4607 919 4655 riam
955 4620 1245 4671 exponens.
1288 4604 1559 4658 Timorem
1598 4607 1815 4673 insuper
1841 4608 1957 4670 Dei,
1991 4608 2079 4673 qui
2126 4607 2348 4673 sapien-

2527 2042 2613 2093 Ἐν
2654 2044 2863 2105 τούτοις
2890 2048 2999 2107 τοῖς
3047 2051 3453 2116 παραινετικοῖς
3496 2051 3674 2116 λόγοις
3707 2051 3803 2102 τοῦ
3860 2052 4009 2117 ἁγίου

2444 2134 2773 2201 θαυμάσειεν
2805 2136 2869 2187 ἄν
2900 2155 2983 2198 τις
3015 2140 3137 2189 ὅσον
3172 2140 3267 2208 μὲν
3307 2140 3670 2207 ἐμϐαθύνεται
3697 2142 3761 2192 τὸ
3803 2144 4009 2206 πεῖθον,

2441 2226 2563 2278 ὅσον
2587 2229 2628 2279 δ’
2655 2228 2834 2279 αὐτῶν
2859 2229 3155 2291 ἀποστάζει
3195 2234 3256 2281 τὺ
3307 2232 3497 2299 ἠδῦνον
3527 2234 3592 2297 ’⁸,
3641 2235 3737 2285 καὶ
3762 2234 3900 2296 ὅλως
3936 2238 4012 2298 εἱς

2441 2318 2560 2369 ὅσον
2598 2318 2751 2387 βρύει
2783 2319 2842 2369 τὸ
2868 2315 3017 2389 ἦθος.
3059 2320 3121 2372 'II
3153 2322 3208 2373 δὲ
3252 2321 3397 2384 λέξις
3426 2323 3520 2374 καὶ
3558 2324 3625 2375 τὰ
3670 2327 3929 2392 σχήματα
3956 2328 4013 2377 ού

2444 2412 2753 2479 θαυμαστὸν
2784 2415 2831 2464 εἰ
2876 2415 3011 2483 πρὸς
3058 2418 3115 2467 τὸ
3156 2416 3463 2484 κοινότερον
3500 2418 3597 2484 τῆς
3647 2418 3866 2485 ὁμιλίας
3924 2419 4017 2469 καὶ

2444 2504 2787 2571 ἠμελημένον
2817 2505 3067 2557 νένευκεν
3089 2522 3101 2534 ’
3135 2508 3195 2557 οὑ
3228 2510 3335 2576 γὰρ
3366 2510 3445 2567 είς
3466 2508 3552 2559 τὸν
3584 2510 3887 2580 γεννήτορά
3910 2512 4017 2561 τῶν

2444 2597 2749 2664 νοημάτων,
2777 2596 2893 2647 ἀλλ’
2929 2599 3008 2659 είς
3062 2598 3153 2649 τὸν
3196 2598 3368 2649 ταῦτα
3430 2602 3930 2667 μεταφρασάμενον
3983 2602 4015 2668 ἡ

2446 2690 2589 2741 αἰτία
2618 2689 2889 2741 διαϐαίνει
2921 2692 2987 2754 ²¹,
3022 2691 3143 2741 ἐπεὶ
3172 2693 3222 2742 οἴ
3245 2708 3307 2758 γε
3348 2691 3449 2757 τῆς
3482 2692 3657 2761 Σύρας
3704 2694 3893 2760 φωνῆς
3924 2694 4017 2760 τὴν

2449 2779 2734 2847 ἀκρίϐειαν
2783 2782 3081 2849 ἠσκημένοι
3123 2783 3215 2833 ἐπὶ
3252 2782 3507 2834 τοσοῦτον
3553 2786 3672 2845 ταῖς
3706 2784 3889 2846 λέξεσι
3930 2789 4019 2835 καὶ

2448 2875 2555 2931 τοῖς
2588 2872 2861 2939 σχήμασιν
2890 2872 3049 2923 αὑτὸν
3083 2872 3261 2924 ἴσασιν
3305 2873 3685 2943 εὐδοκιμῆσαι,
3720 2875 3797 2935 ὡς
3862 2876 4016 2942 ἀμφ-

2449 2965 2672 3029 ήριστον
2703 2959 2842 3014 εἶναι
2875 2964 3105 3030 πότερον
3137 2964 3221 3014 διὰ
3245 2964 3417 3016 ταῦτα
3446 2964 3478 3032 ἢ
3515 2963 3601 3015 διὰ
3630 2965 3720 3015 τὸν
3752 2966 3811 3014 ἐν
3840 2966 4021 3024 αὐτοῖς

2449 3054 2574 3103 νοῦν
2604 3054 2635 3121 ἡ
2678 3054 2914 3121 τοσαύτη
2952 3055 3112 3120 χάρις
3135 3054 3226 3105 καὶ
3247 3054 3472 3121 δύναμις
3495 3054 3601 3105 τῶν
3626 3055 3841 3105 ἐκείνου
3886 3057 4020 3124 πρέ-

2451 3162 2552 3195 εισι
2594 3145 2787 3210 λόγων.
2830 3146 2904 3195 UO
2961 3146 3273 3213 θαυμαστὸν
3300 3141 3391 3197 οὖν
3422 3148 3455 3213 ἡ
3505 3146 3602 3212 τῆς
3642 3146 3900 3215 φράσεως
3934 3165 4024 3197 τα-

2452 3239 2703 3303 πεινότης
2732 3254 2744 3265 ·
2779 3238 2889 3289 ἀλλ’
2914 3240 3088 3289 ἐκεῖνο
3115 3237 3445 3305 θαυμαστὸν,
3464 3241 3537 3298 ὡς
3564 3239 3656 3289 καὶ
3681 3237 3769 3289 διὰ
3803 3239 4022 3305 χυδαιό-

2450 3345 2609 3395 τητος
2662 3328 2913 3397 τοιαύτης
2987 3329 3245 3398 ῥημάτων
3295 3329 3589 3399 τηλικαύτη
3635 3329 3881 3398 σωτηρία
3938 3332 4025 3381 καῖ⁶

2455 3417 2690 3482 ὠφέλεια
2719 3421 2830 3479 τοῖς
2864 3419 3188 3487 προσέχουσι
3220 3423 3518 3486 προχεῖται.

2527 3509 2636 3576 Τῆς
2667 3510 2710 3561 δ’
2766 3511 2935 3579 αὐτῆς
2968 3513 3114 3562 ἐστιν
3164 3511 3473 3579 ἠρτημένος
3522 3512 3613 3561 καὶ
3647 3527 3873 3579 χάριτος
3941 3509 4023 3561 καὶ

2454 3601 2738 3668 δυνάμεως
2765 3603 2859 3653 καὶ
2888 3602 2915 3651 ὁ
2942 3602 3071 3669 περὶ
3102 3600 3605 3669 ταπεινοφροσύνης
3639 3602 3817 3666 λόγος,
3853 3618 4025 3668 κεφα-

2451 3692 2621 3753 λαίοις
2662 3691 2701 3759 ρ’
2743 3692 3131 3761 ἀνηπλωμένος
3178 3692 3243 3744 ³³.
3291 3692 3564 3753 Ὡσαύτως
3590 3692 3683 3743 καὶ
3710 3694 3752 3721 ’δ
3775 3694 3802 3743 ὁ
3824 3691 4028 3757 λόγοςό

2455 3786 2582 3851 περὶ
2621 3784 2713 3834 τοῦ
2743 3785 2823 3835 ὅτι
2851 3784 2925 3852 μὴ
2954 3784 3059 3853 χρὴ
3094 3785 3257 3853 γελᾷν
3297 3786 3388 3836 καὶ¹
3430 3783 3882 3854 μετεωρίζεσθαι,
3914 3785 4025 3835 ἀλλ’

2455 3876 2511 3923 ἐν
2543 3874 2727 3923 πένθει
2761 3873 2961 3940 μᾶλλον
3012 3873 3298 3935 διατελεῖν,
3355 3875 3414 3924 οὐ
3458 3875 3713 3941 ψεύδεται
3758 3882 3859 3941 τὴν
3894 3874 4028 3942 πρὺς

2452 3967 2580 4026 τοὺς
2625 3966 2816 4026 ἄλλους
2854 3967 2899 3996 ⁸⁵
2963 3967 3303 4033 συγγένειαν.
3357 3967 3632 4027 Ὡσαύτως
3679 3967 3789 4017 οὐδ’
3832 3970 3860 4018 ὁ
3895 3968 4028 4035 πρῖις

2454 4057 2783 4119 Μετεϐίνους
2810 4057 3073 4125 μοναχοὺς
3103 4058 3252 4126 αὐτῷ
3290 4058 3648 4125 διειλεγμένος
3676 4057 3818 4120 ²⁶,δς
3854 4058 4029 4127 πραό-

2456 4164 2596 4216 τητα
2657 4147 2755 4215 μὲν
2796 4146 3124 4210 ἐκδιδάσκει,
3180 4147 3445 4215 πονηρίαν
3487 4146 3530 4197 δ’
3565 4147 3891 4215 ἀποτρέπει,
3942 4147 4029 4196 καὶ

2462 4240 2599 4307 πρὸς
2644 4240 2740 4306 μὲν
2780 4238 3163 4306 μακροθυμίαν
3202 4237 3347 4303 ἄγει,
3372 4236 3622 4304 ὀξύχολον
3656 4238 3711 4288 δὲ
3737 4236 4027 4303 διελέγχει,

2456 4333 2549 4381 καὶ
2570 4332 2669 4398 τὴν
2697 4330 2794 4397 μὲν
2818 4330 3094 4395 ὑπομονὴν
3118 4329 3466 4397 μακαρισμοῦ
3486 4328 3741 4396 πρόξενον
3766 4328 4028 4385 δεικνύει,

2456 4422 2550 4473 τοῦ
2581 4422 2623 4471 δ’
2655 4422 2915 4490 ὁλιγώρου
2948 4422 3008 4472 τὸ
3043 4420 3226 4472 ἄθλιον
3277 4420 3601 4488 στηλιτεύει,
3641 4422 3734 4472 καὶ
3782 4419 3875 4470 τὸν
3933 4420 4031 4486 μὲν

2459 4512 2601 4563 Οεῐον
2640 4511 2803 4576 φόϐον
2828 4512 2925 4578 τῆς
2966 4511 3139 4563 ἀϊδίου
3187 4509 3525 4578 εὐφροσύνης
3571 4508 3807 4577 χορηγὸν
3854 4526 4029 4561 κατα-

2460 4603 2734 4666 σκευάζει,
2779 4602 2869 4654 τὸν
2910 4602 2966 4652 δὲ
3019 4602 3440 4669 καταφρονητὴν
3492 4600 3667 4660 δίκαις
3711 4600 4031 4662 ὑποϐάλλει,

790 4698 874 4744 tia:
896 4704 1112 4747 :etcrnze
1153 4706 1340 4747 auctor
1367 4707 1445 4747 est
1476 4712 1537 4749 ac
1566 4698 1911 4765 principium,
1959 4698 2184 4756 inducit,
2221 4712 2347 4748 con-
2386 4712 2431 4769 ο

2386 4712 2431 4769 ο
2460 4696 2551 4746 καὶ
2577 4699 2674 4761 τὴν
2720 4695 2815 4761 μὲν
2862 4693 3081 4761 ἀγάπην
3131 4694 3266 4762 πρὸς
3316 4694 3447 4745 Θεὸν
3488 4694 3709 4759 ἀνάγειν
3748 4694 3816 4754 ’⁷,
3874 4693 3937 4743 τὸ
3977 4693 4031 4743 δὲ

794 4798 1214 4855 temptoremque
1229 4786 1343 4857 [Dei
1369 4787 1663 4858 hominem]
1688 4790 1861 4857 poenis
1879 4792 2117 4842 damnat.
2138 4788 2214 4841 Ad
2240 4788 2353 4839 haec

2464 4788 2617 4855 μῖσος
2650 4786 2727 4854 τῷ
2753 4786 2981 4854 διαϐόλῳ
3010 4785 3369 4852 ἀποφαίνεται
3390 4786 3433 4816 ³⁸
3470 4786 3760 4837 συνάπτειν
3784 4803 3796 4815 ·
3833 4786 3927 4837 καὶ
3957 4784 4033 4845 ὠς

2077 4946 2110 4997 V
2123 4946 2308 5002 ARIES
2359 4949 2653 5006 LECTION
2664 4949 2763 5003 ES.

863 5038 901 5067 "
928 5037 982 5087 δὲ
1015 5035 1149 5107 MB’]
1186 5036 1294 5088 MB’
1335 5038 1389 5088 δὲ
1426 5039 1484 5091 Α.
1569 5039 1609 5069 ³⁸
1647 5039 1793 5089 Ἠλεὶ
1830 5056 1887 5101 ς’.

790 5108 1017 5158 fortasse
1039 5123 1181 5160 corr.
1259 5110 1302 5137 "
1342 5107 1695 5175 διαλαμϐάνει
1725 5126 1783 5171 ς.

790 5180 836 5209 ³⁸
864 5176 1241 5246 διειλημμένος
1256 5194 1315 5239 ς.
1395 5178 1437 5208 ³⁷
1470 5180 1654 5246 άνάγει
1684 5196 1765 5247 pr.
1801 5180 1860 5229 Α.
1940 5180 1984 5209 ²⁸
2017 5176 2270 5247 φαίνεται
2294 5200 2352 5245 ς.

1968 5040 2009 5069 ¹⁹
2043 5040 2300 5104 πλειόνως
2334 5062 2391 5106 ς.

1862 5110 1907 5138 ⁸³
1932 5111 2311 5177 ὲνηπλωμένος
2348 5132 2406 5176 ς.

2489 5048 2533 5075 ²⁰
2558 5047 2685 5109 Μζῖ1
2725 5043 2819 5094 καὶ
2887 5044 2992 5112 μὴν
3049 5041 3187 5112 προς
3236 5042 3329 5093 άκ.
3360 5060 3418 5105 ς’.
3498 5044 3539 5071 ’⁸
3566 5039 3776 5109 ἡδῦνον]
3818 5041 3939 5112 ,ἡδὺ
3964 5041 4029 5103 Α,

2484 5118 2530 5144 ’⁵
2548 5118 2639 5166 καὶ
2666 5116 2706 5164 Α
2734 5115 2823 5165 εδὲ
2847 5110 3023 5175 καις.
3094 5110 3165 5145 ’³⁸
3195 5114 3319 5175 τοὺς
3344 5112 3537 5173 ἄλλους
3558 5112 3603 5163 Α
3630 5131 3641 5165 :
3677 5110 3942 5179 ἀλλήλους
3970 5129 4029 5174 ς.

2313 5274 2543 5330 NOTAE.

862 5361 971 5427 (65)
1010 5360 1106 5414 IIic
1139 5372 1223 5416 est
1253 5373 1383 5415 tom.
1420 5363 1457 5421 1,
1496 5382 1640 5419 nunt.
1668 5368 1720 5419 5.

858 5431 967 5494 (66)
1008 5432 1163 5485 Τοιη.
1203 5432 1265 5491 ΙΙ,
1303 5449 1448 5486 ntttn.
1477 5436 1563 5487 50.

863 5500 1198 5625 (Ξϐ⁴ὲΟΝυιιι.
1242 5504 1331 5557 95.
1366 5506 1459 5558 Cui
1499 5524 1601 5559 non
1638 5508 1898 5561 absimilis
1930 5508 2065 5561 alter
2105 5518 2234 5561 tom.
2280 5510 2346 5570 V,

870 5591 879 5621 l
926 5611 938 5623 ι
1043 5610 1058 5625 ο

791 5589 938 5626 1111111.
971 5589 1058 5625 δυο

792 5642 1183 5767 ¹¹ξ27)81;²1)ει
1212 5658 1333 5697 cum
1378 5646 1428 5696 itt
1484 5661 1672 5702 reccns
1724 5649 1885 5703 editis
1932 5648 2082 5704 libris
2118 5657 2246 5703 t0tn.
2292 5648 2351 5709 ll,

814 5730 861 5764 11
927 5750 940 5764 ο
1050 5749 1071 5765 ι

814 5729 940 5764 111111.
978 5729 1071 5765 δέ.

864 5780 971 5850 ωδ)
998 5782 1149 5838 Tom.
1185 5782 1225 5847 I,
1257 5798 1405 5837 nunt.
1443 5785 1530 5839 43.

2541 5372 2791 5442 (69“)!Al.
2847 5373 3184 5426 Metebonos:
3245 5387 3403 5438 quam
3457 5370 4035 5442 inscriptionem_nou

2471 5440 2703 5495 videtur
2729 5448 2993 5509 reperisse
3051 5443 3321 5495 recentior
3372 5444 3662 5509 interpres,
3710 5457 3831 5491 cum
3892 5440 4039 5491 hunc

2472 5515 2644 5579 ipsum
2698 5524 2982 5565 tractatum
3020 5528 3142 5566 cum
3194 5513 3506 5580 epigraplte,
3551 5511 3624 5562 De
3659 5510 3938 5580 virtutibus
3984 5518 4037 5561 et

2470 5582 2604 5633 vitiis
2643 5599 2734 5648 per
2768 5584 3167 5650 oppositionem,
3200 5579 3382 5650 retulit
3414 5582 3463 5632 in
3508 5591 3639 5632 tum.
3675 5579 3715 5641 I,
3757 5596 3913 5650 num.
3947 5580 4034 5639 11³,

2468 5663 2521 5701 et
2554 5648 2807 5706 undecim
2840 5652 3180 5721 sequentium
3219 5648 3451 5719 capitum
3483 5651 3670 5704 ordine
3718 5649 4041 5718 plerumque.

2470 5730 2690 5775 mutatu.
