4196 6442
169 381 266 446 661

1265 389 1792 450 BIBLIOTHECA.
1835 414 1903 425 —
1942 390 2105 451 COD.
2139 391 2412 453 CXCVII.

3307 392 3412 456 662

172 500 204 566 ἡ
232 495 468 566 ἀλήθεια
489 497 696 552 πολλῶν
724 499 837 553 ἐστι
861 502 1042 572 μήτηρ
1073 498 1530 570 κατορθωμάτων,
1564 499 1741 568 φθορά
1768 509 1814 564 Α

1768 509 1814 564 Α
1843 500 2166 554 charitatem
2213 502 2279 555 ad
2311 502 2476 555 Deum
2516 499 2718 556 ducere
2751 518 2766 556 :
2806 501 2985 556 odium
3024 518 3150 559 vero
3185 504 3408 559 daeninui

169 589 226 640 δὲ
263 588 473 642 τούτων
497 589 557 642 τὸ
592 589 807 659 ψεῦδος,
839 591 1098 655 ὡσαύτως
1127 593 1160 662 ἡ
1187 593 1399 662 ὑπακοὴ
1443 594 1524 646 ὅτι
1563 611 1745 662 μακα-

175 685 324 750 ρίους
352 685 483 744 τοὺς
518 685 834 753 χρωμένους
853 686 1164 754 ἀποφαίνει,
1193 687 1254 738 τὸ
1288 686 1333 739 δ’
1367 686 1745 740 ἀνυπότακτον

172 773 422 840 κατάρας
448 774 542 826 καὶ
568 773 767 842 πολλῆς
817 776 983 845 ἄλλης
1012 775 1269 846 αἰσχύνης
1313 779 1456 828 ποιεῖ
1484 776 1744 846 κληρονό-

175 880 311 930 μους
339 880 354 892 ·
392 864 485 916 xui.
512 863 573 915 τὸ
605 865 879 934 καθαροὺς
910 862 1049 918 εἶναι
1078 867 1270 935 φθόνου
1301 869 1393 919 καὶ
1410 867 1572 937 ζήλου
1606 868 1746 934 ἀγά-

172 971 282 1022 πην
342 955 461 1006 ἐστὶ
496 956 1045 1021 καταπεπλουτίσθαι,
1081 957 1363 1026 ἐνέχεσθαι
1401 959 1455 1010 δὲ
1512 962 1638 1021 τοὺς
1662 962 1747 1010 ὲν-

177 1045 508 1112 ισχημένους
552 1045 630 1113 τῷ
681 1046 842 1098 πάθει
871 1051 981 1110 τοῖς
1016 1048 1109 1099 τοῦ
1168 1048 1415 1101 διαῦόλου
1456 1051 1743 1119 κρίμασιν,

175 1133 371 1205 ὥσπερ
406 1137 502 1188 καὶ
555 1138 681 1199 τοὺς
733 1137 1022 1207 λοιδορίαις
1071 1139 1402 1202 ἑαλωκότας.
1463 1141 1572 1193 Καὶ
1620 1142 1749 1209 περὶ

175 1226 506 1292 ἐγκρατείας
534 1227 590 1280 δὲ
639 1228 731 1279 καὶ
763 1230 1033 1298 ἀκρασίας
1067 1230 1208 1281 κατά
1246 1231 1306 1282 τὸ
1344 1232 1603 1298 ἀνάλογον
1631 1232 1749 1284 δια-

177 1313 471 1380 λαμϐάνει.
519 1315 576 1367 '0
629 1318 725 1386 μὲν
772 1313 866 1370 οὖν
907 1317 1041 1386 πρὸς
1071 1320 1194 1379 τοὺς
1227 1319 1554 1383 Μετεϐίνους
1597 1321 1751 1387 λόγος

178 1403 274 1454 ἐπὶ
301 1404 582 1467 τοσούτοις
617 1406 1042 1475 διαπεραιοῦται.
1095 1406 1221 1477 [516
1253 1407 1346 1479 Ιὶ.]
1374 1409 1483 1462 Καὶ
1532 1410 1667 1463 ἄλλα
1693 1410 1750 1462 δὲ

177 1496 411 1548 πλεῖστα
469 1498 562 1550 τοῦ
614 1499 825 1567 ἀνδρὸς,
871 1502 1282 1569 μεταϐληθέντα
1321 1504 1453 1572 πρὸς
1496 1504 1597 1571 τὴν
1638 1503 1754 1555 Ἐλ-

177 1586 338 1649 λάδα,
385 1589 733 1658 συντάγματα
768 1590 989 1658 φέρεται
1042 1592 1222 1662 πλήρη
1263 1593 1484 1661 χάριτος
1532 1593 1626 1645 καὶ
1658 1593 1750 1644 δυ-

179 1679 421 1746 νάμεως.
455 1678 641 1748 Σύρων
664 1681 720 1732 δὲ
750 1681 936 1744 παῖδές
984 1700 1144 1750 φασιν
1180 1684 1318 1752 ὑπὲρ
1374 1684 1471 1746 τάς
1513 1683 1753 1752 χιλιάδας

178 1769 374 1834 λόγους
406 1770 566 1820 αὑτὸν
596 1771 928 1841 ἀναγράψαι,
964 1768 1044 1835 οἷς
1063 1776 1164 1825 καί
1189 1775 1216 1826 6
1244 1775 1373 1844 περὶ
1396 1775 1493 1843 τὴν
1515 1775 1753 1845 ἱστορίαν

1863 585 2070 640 similes
2109 585 2341 652 allicere,
2387 596 2724 655 compertum
2778 588 2899 661 [ait]
2959 592 3209 647 habetur.
3240 594 3408 659 Quem

1848 676 1974 730 item
2009 677 2076 730 ad
2107 680 2322 730 modum
2356 677 2560 732 veritas
2592 678 2878 733 multorum
2920 691 3003 736 est
3042 692 3189 738 recte
3239 683 3413 737 facte-

1854 783 1970 821 rum
1995 784 2214 836 parens,
2241 769 2434 837 quibus
2472 768 2810 824 mendacium
2844 773 3135 841 perniciem
3179 773 3409 838 afferat;

1853 860 1925 911 ita
1973 860 2279 913 obedientia
2336 861 2518 914 beatos
2555 861 2750 925 reddit,
2806 874 2859 916 et
2906 865 3262 918 inobedientia
3312 865 3406 918 Dei

1850 951 2279 1003 malcdictionem
2314 951 2588 1018 multaque
2616 961 2813 1019 praeter
2854 968 2973 1006 eam
3021 955 3282 1008 dedecora
3326 970 3414 1008 ac-

1849 1039 2033 1107 quirit.
2069 1039 2237 1092 Puros
2287 1051 2549 1108 praeterea
2599 1041 2668 1096 ab
2715 1042 2914 1095 invidia
2965 1053 3021 1096 et
3073 1044 3414 1096 aemulatione

1849 1131 2117 1184 charitate
2161 1132 2355 1185 divites
2412 1132 2526 1185 fieri
2556 1132 2835 1204 [ostendit]
2877 1134 3184 1187 :obnoxios
3226 1145 3415 1187 contra

1852 1217 2048 1269 diaboli
2090 1216 2297 1284 judicio
2322 1217 2484 1282 efIici,
2515 1222 2607 1288 qui
2657 1221 2760 1276 hoc
2797 1222 2983 1276 morbo
3011 1222 3274 1288 laborent,
3312 1240 3413 1277 non

1855 1310 2034 1362 minus
2065 1326 2224 1376 quam
2257 1309 2348 1378 qui
2390 1312 2652 1366 conviciis
2674 1314 2940 1382 jacicndis
2969 1315 3134 1369 dediti
3175 1316 3307 1370 sint.
3342 1315 3416 1370 De

1862 1403 2214 1467 temperantia
2246 1402 2477 1470 denique
2499 1413 2660 1470 atque
2693 1405 3105 1472 intemperantia
3129 1407 3240 1472 pari
3261 1408 3418 1460 modo

1855 1495 1984 1559 agit.
2009 1493 2183 1561 Atque
2215 1494 2326 1548 hinc
2363 1495 2476 1549 fere
2517 1496 2690 1550 oratio
2732 1496 2817 1550 illa
2859 1497 2923 1549 ad
2969 1496 3261 1552 Metebinos
3307 1513 3420 1551 mo-

1856 1585 2056 1639 uacltos
2075 1587 2317 1640 continet
2348 1603 2361 1640 :
2403 1603 2706 1656 quanquam
2760 1588 2862 1641 alia
2894 1587 3006 1657 (70)
3054 1605 3265 1658 quoque
3300 1591 3416 1658 plu-

1858 1678 1991 1730 rima
2045 1678 2219 1732 sancti
2292 1679 2391 1731 viri
2446 1680 2496 1731 iu
2547 1679 2786 1734 Graecam
2866 1695 3124 1734 conversa
3186 1681 3418 1748 linguam

1859 1766 2119 1833 Opnscula
2165 1767 2642 1833 circumferuntur,
2685 1769 2896 1823 dicendi
2926 1771 2975 1823 vi
3028 1785 3091 1824 ac
3144 1781 3421 1824 venustate

177 1863 281 1913 οὐκ
311 1860 715 1924 ἀναξιόπιστος,
748 1863 795 1913 εἰ
833 1863 928 1915 καὶ
971 1863 1045 1933 μὴ
1080 1865 1147 1915 τὰ
1195 1864 1464 1932 δόγματα,
1494 1865 1751 1928 Εὐσέϐιος
1784 1853 1825 1908 Β

1784 1853 1825 1908 Β
1858 1855 2075 1910 referta.
2113 1857 2234 1928 Syri
2271 1873 2398 1912 vero
2441 1857 2706 1912 afﬁrmant
2760 1864 3032 1914 orationes
3071 1877 3230 1928 supra
3278 1862 3420 1913 mille

177 1953 207 2005 6
239 1952 301 2004 τὸ
329 1952 618 2020 Παμφίλου
654 1951 939 2022 ἐπώνυμον
979 1955 1157 2024 φέρων
1204 1956 1641 2026 ἐπιμαρτύρεται
1680 1957 1748 2010 ³⁵.

183 2313 311 2386 [266
345 2313 416 2386 H]
442 2314 787 2369 Κασσιανοῦ
810 2311 1079 2383 μοναχοῦ
1119 2311 1297 2381 Λόγοι
1321 2311 1636 2376 ἀσκητικοὶ
1678 2317 1754 2377 γ’.

265 2408 610 2476 Ἀνεγνώσθη
639 2407 968 2476 βιϐλιδάριον
1002 2407 1058 2458 ὲν
1085 2397 1128 2471 ᾧ
1152 2402 1460 2456 Κασσιανοῦ
1497 2402 1755 2472 μοναχού,

191 2499 422 2570 Ῥώμην
492 2500 746 2569 λαχόντος
799 2499 1072 2568 πατρίδα,
1127 2499 1398 2565 περιῆσαν
1460 2497 1607 2564 λόγοι
1671 2496 1754 2565 β’,

179 2585 255 2643 ὧν
291 2595 318 2644 6
351 2592 449 2660 μὲν
480 2592 1013 2662 Κάστοριὲπισκόπῳ
1039 2591 1439 2658 ἀνεγέγραπτο,
1487 2588 1634 2656 αύτῷ
1661 2606 1759 2640 πε-

181 2681 466 2750 ποιημένῳ
499 2681 540 2711 ³ο
570 2682 668 2748 τὴν
699 2680 806 2731 τῶν
840 2679 1242 2748 γεγραμμένων
1277 2678 1511 2752 αἴτησιν.
1544 2677 1759 2740 Τόπους

180 2769 224 2821 δ’
248 2763 407 2830 οὗτος
451 2770 546 2822 κα)⁸
578 2769 807 2830 κανόνας
853 2767 1203 2836 ἀπαγγέλλει,
1237 2767 1355 2818 καθ’
1391 2765 1481 2827 οὒς
1525 2767 1670 2818 ὲ6ίου
1703 2767 1761 2818 τὸ

183 2864 239 2912 ὲν
269 2859 534 2927 Αἰγύπτῳ
558 2861 697 2912 κατά
727 2861 1050 2928 συστήματα
1080 2858 1362 2928 μοναδικόν
1385 2857 1426 2888 ³⁸
1447 2873 1460 2886 ⁸
1495 2859 1762 2911 κοινόϐια

181 2953 236 3002 δὲ
268 2951 414 3003 αὐτὰ
436 2953 463 3002 ὁ
502 2952 563 3002 ὲκ
595 2952 691 3017 τῆς
720 2951 1048 3018 ἐτυμότητος
1085 2947 1339 3018 ὀνομάζει
1366 2949 1545 3018 λόγος.
1600 2950 1709 3001 Καὶ
1735 2952 1763 3002 6

183 3042 440 3111 δεύτερος
497 3042 553 3092 δὲ
589 3041 666 3106 τῷ
712 3041 858 3109 αὐτῷ
890 3040 1425 3110 προαπεφωνημένος
1467 3041 1604 3103 ἐστὶ,
1633 3041 1762 3109 περὶ

183 3134 292 3184 τῶν
317 3130 466 3184 ὀκτὼ
483 3131 538 3182 δὲ
567 3130 840 3200 λογισμῶν
873 3131 969 3200 τὴν
1010 3130 1318 3199 ἐπιγραφὴν
1347 3131 1523 3200 φέρει,
1557 3127 1637 3192 οἷς
1663 3147 1761 3196 γα-

187 3223 584 3294 στριμαργίαν,
623 3223 900 3290 πορνείαν,
929 3222 1315 3292 φιλαργυρίαν,
1365 3221 1555 3289 ὀργὴν.
1587 3220 1762 3290 λύπην

186 3316 284 3368 καὶ
315 3314 567 3382 ἀκηδίαν,
585 3313 887 3378 κενοδοξίαν
912 3331 967 3364 τε
999 3316 1088 3365 καὶ
1119 3313 1494 3383 ὑπερηφανίαν
1519 3313 1763 3376 ἐξάπτει.

185 3407 456 3477 Χρήσιμα
490 3405 568 3468 δὲ,
603 3406 759 3474 εἴπερ
793 3407 835 3436 ³²
891 3423 944 3456 τι
973 3405 1118 3468 ἄλλο,
1151 3406 1220 3457 τὰ
1249 3406 1403 3471 λόγια
1450 3404 1622 3456 ταῦτα
1655 3406 1767 3465 τοῖς

186 3499 540 3568 αἱρουμένοις
570 3497 660 3548 τὸν
698 3498 992 3565 ἀσκητικὸν
1025 3497 1382 3565 ἀναδέχεσθαι
1414 3497 1620 3563 ἀγῶνα,
1658 3497 1767 3548 Καὶ

187 3590 284 3641 ἐπὶ
303 3589 569 3642 τοσοῦτον
589 3589 648 3640 τὸ
674 3589 716 3619 ³³
733 3589 957 3640 δυνατὸν
980 3589 1159 3650 αὐτοῖς
1184 3589 1276 3641 καὶ
1301 3589 1439 3640 θεῖον
1463 3589 1762 3658 περίεστιν,

188 3681 333 3732 ὥστε
364 3681 462 3731 καὶ
495 3681 653 3748 μέχρι
677 3679 791 3743 νῦν,
819 3681 871 3732 εἴ
898 3698 950 3732 τι
974 3682 1114 3732 κατὰ
1143 3682 1269 3742 τοὺς
1287 3680 1488 3743 τύπους
1517 3681 1767 3732 τουτουσὶ

188 3773 288 3824 καὶ
314 3771 385 3823 τὰ
415 3771 754 3838 διατάγματα
789 3771 1109 3838 μοναστικὸν
1136 3770 1181 3802 ³³
1209 3771 1461 3839 σύστημα
1483 3770 1768 3822 πολιτεύοι-

188 3880 272 3925 το,
299 3861 455 3914 ἀνθεῖ
472 3877 530 3912 τε
565 3859 639 3922 ὡς
672 3860 714 3891 ³⁵
739 3860 955 3930 ἀληθῶς
995 3861 1085 3912 καὶ
1113 3859 1220 3914 τῶν
1247 3859 1420 3913 ἄλλων
1453 3860 1768 3929 προλάμπει

188 3954 290 4005 καὶ
321 3953 433 4004 τῶν
484 3952 691 4020 ἀρετῶν
721 3953 908 4022 ὁρᾶται
940 3952 1325 4021 ἐργαστήριον,
1371 3952 1428 4013 ὃς
1458 3952 1514 4004 δὲ
1545 3951 1768 4012 τούτους

190 4043 552 4112 διεγράψατο,
589 4043 682 4094 ἐπὶ
715 4046 928 4111 μικροῖς
957 4061 1066 4095 τισι
1118 4043 1392 4110 λειψάνοις
1423 4043 1528 4095 τῶν
1558 4044 1769 4111 ἀρετῶν

192 4134 421 4187 σαλεύει
544 4136 637 4186 καὶ
673 4136 914 4205 ναυαγίῳ
949 4135 1280 4205 περιδύεται.
1324 4134 1414 4186 Διὸ
1454 4134 1630 4202 χρεών
1657 4137 1769 4186 ἐστι

192 4226 368 4296 μηδὲν
394 4225 504 4279 τῶν
538 4228 594 4278 ἐν
638 4227 821 4286 αὐτοῖς
859 4226 1306 4296 παραδεδομένων
1337 4228 1614 4296 παρορᾷν·
1675 4230 1770 4277 Δε-

190 4315 467 4384 σποτικῆς
481 4317 586 4386 γὰρ
615 4317 784 4369 ταῦτα
806 4317 1125 4386 νομοθεσίας
1153 4318 1247 4368 καὶ
1277 4315 1375 4384 τῆς
1406 4315 1770 4383 εὐαγγελικῆς

190 4406 476 4468 πολιτείας
532 4408 578 4438 ³⁸
623 4409 771 4460 ἐστὶν
824 4406 1119 4470 ἀνάπτυξίς
1162 4424 1221 4459 τε
1283 4408 1378 4459 καὶ
1436 4408 1768 4472 ἐξάπλωσις.

1854 1949 2180 2016 scripsisse:
2212 1950 2407 2018 quibus
2443 1952 2604 2004 etiam
2657 1952 3017 2006 testimonium
3042 1953 3215 2005 reddit
3247 1953 3423 2021 (cujus

1856 2042 2035 2110 gravis
2096 2051 2178 2096 est
2231 2043 2284 2095 in
2336 2042 2587 2109 historia,
2625 2060 2729 2097 non
2791 2045 2916 2097 item
2973 2045 3024 2097 in
3086 2045 3423 2114 dogmatibus

1859 2136 2009 2206 fides)
2045 2137 2301 2191 Eusebius
2350 2136 2440 2190 ille
2483 2135 2744 2204 Pamphili
2777 2147 3149 2205 cognomento.

2509 2228 2761 2287 CXCVII.

2100 2319 2340 2374 Cassiani
2379 2322 2618 2375 monachi
2643 2320 2789 2374 Libri
2823 2324 3033 2376 asceticr
3065 2332 3190 2376 tres.

1930 2411 2127 2466 Lectus
2183 2414 2416 2477 libellus,
2467 2429 2575 2482 quo
2628 2413 2873 2469 Cassiani
2930 2415 3199 2474 monachi.
3249 2415 3422 2482 patria

1862 2503 2087 2557 Romani
2131 2505 2266 2574 (7i),
2300 2506 2419 2559 libri
2460 2510 2567 2559 duo
2620 2508 3052 2560 continebantur.
3106 2507 3294 2576 161a
3330 2508 3424 2558 lin-

1863 2612 1978 2650 rum
2031 2597 2168 2650 alter
2214 2598 2426 2652 Castori
2477 2598 2686 2650 cuidam
2748 2601 3003 2668 episcopo
3067 2612 3423 2666 nuncupatur,

1861 2689 1951 2757 qui
1998 2688 2140 2742 hunc
2172 2690 2354 2744 abillo
2377 2689 2543 2743 scribi
2574 2689 2895 2757 postularat.
2933 2689 3158 2743 Formas
3186 2689 3296 2756 (7:2l
3326 2706 3424 2742 au—

1864 2786 1969 2829 tem
2011 2792 2074 2830 ac
2114 2778 2325 2846 regulas
2363 2778 2686 2845 praescribit,
2718 2793 2782 2830 ex
2831 2793 3060 2847 quarum
3117 2779 3426 2844 prmscripto

1865 2866 2044 2918 vivant
2094 2867 2144 2919 in
2197 2865 2428 2934 lEgypto
2476 2866 2723 2920 monachi
2757 2883 2852 2935 per
2883 2879 3057 2920 emtas
3090 2867 3207 2920 illos
3247 2868 3421 2921 distri-

1864 2953 1999 3014 buti,
2034 2967 2167 3020 quos
2198 2969 2260 3006 ex
2288 2954 2435 3005 vocis
2463 2953 2670 3020 origine
2702 2955 2868 3019 petita
2909 2955 3136 3013 ratione,
3183 2952 3426 3006 cceiiobia

1867 3042 2165 3094 nominant.
2215 3042 2363 3094 Alter
2397 3058 2612 3110 quoque
2680 3044 2815 3095 liber
2866 3043 3038 3095 eidem
3103 3043 3423 3107 inscriptus,

1867 3133 1934 3185 ab
1985 3143 2107 3185 octo
2154 3133 2262 3201 (75)
2321 3133 2427 3187 illis
2462 3131 2722 3204 [vitiosis]
2760 3134 3180 3203 cngitationilius
3215 3135 3426 3186 titulum

1868 3237 2163 3288 mutuatur,
2222 3229 2419 3295 quibus
2481 3228 2696 3294 gulam,
2750 3228 3048 3291 luxuriam,
3111 3229 3427 3291 avaritiam,

1868 3312 2022 3373 iram,
2075 3313 2354 3379 invidiam,
2408 3317 2674 3378 acediam,
2723 3317 2934 3370 inanem
2987 3317 3209 3384 gloriam
3270 3327 3430 3384 atque

1867 3404 2169 3470 superbiam
2219 3407 2485 3459 attribuit.
2521 3405 2820 3459 Utilissima
2871 3422 3022 3472 vero,
3058 3407 3103 3461 si
3144 3423 3264 3476 qua:
3301 3409 3426 3470 alia,

1869 3492 1984 3546 lucc
2011 3494 2077 3548 iis
2103 3505 2228 3548 sunt
2256 3497 2621 3562 pronuntiata,
2650 3499 2738 3565 qui
2767 3498 3068 3566 religiosam
3098 3499 3235 3550 inire
3269 3499 3427 3551 vitam

1869 3588 2109 3654 cupiunt.
2143 3586 2208 3639 Et
2240 3602 2366 3640 vero
2411 3597 2555 3639 tanta
2604 3589 2668 3640 iis
2700 3589 2778 3640 vis
2811 3589 2970 3650 inest,
3018 3603 3081 3641 ac
3113 3588 3264 3655 quasi
3295 3588 3430 3641 divi-

1871 3679 2030 3742 nitas,
2064 3687 2123 3730 ut
2153 3688 2208 3731 et
2249 3679 2300 3730 in
2343 3679 2483 3731 hunc
2514 3695 2682 3747 usque
2716 3680 2877 3743 (lieni,
2905 3679 2950 3730 si
2991 3679 3112 3745 quis
3143 3679 3420 3731 monacho-

1871 3787 1987 3824 rum
2024 3783 2318 3825 conventus
2344 3773 2441 3824 hac
2469 3787 2534 3825 ex
2579 3772 2748 3826 forma
2785 3783 2836 3827 et
2870 3772 3020 3826 hisce
3062 3773 3432 3840 praeceptioni-

1873 3865 1971 3916 bus
2021 3863 2372 3931 gubernetur,
2426 3879 2610 3916 revera
2666 3864 2928 3929 tantisper
2961 3862 3165 3924 floreat,
3200 3863 3422 3916 caeteris-

1872 3972 1976 4024 que
1999 3956 2294 4024 prtelucens
2327 3957 2582 4008 virtutum
2615 3971 2734 4009 esse
2763 3954 2974 4009 officina
3007 3961 3279 4017 cernatur,
3311 3969 3430 4006 Cllm

1871 4049 1961 4116 qui
2015 4050 2127 4101 inec
2177 4048 2466 4113 repudiarit
2525 4057 2718 4110 ctetus,
2755 4048 2934 4115 parvis
2970 4047 3287 4116 quibusdam
3325 4047 3430 4097 vir-

1876 4149 2043 4191 tutum
2083 4139 2300 4205 reliquis
2341 4137 2703 4208 [instructus],
2761 4139 2917 4192 veluti
2969 4141 3018 4191 in
3061 4137 3308 4191 fluctibus
3353 4137 3432 4205 ja-

1873 4240 2070 4293 ctetur,
2107 4231 2188 4282 vel
2218 4231 2378 4282 etiam
2425 4229 2762 4297 naufragium
2795 4231 2976 4286 faciat.
3019 4230 3194 4295 Quare
3220 4230 3435 4295 expedit

1877 4321 2007 4372 nihil
2048 4336 2234 4373 eorum
2285 4336 2402 4386 qua:
2449 4320 2517 4371 ibi
2570 4322 2852 4374 traduntur
2899 4329 3263 4374 contemnere.
3300 4319 3430 4370 Nam

1875 4412 2168 4465 Dmninicre
2211 4414 2325 4466 haec
2374 4413 2504 4480 legis
2553 4421 2677 4465 sunt
2716 4423 2876 4480 atque
2911 4411 3230 4481 evangelica:
3276 4410 3436 4463 disci-

194 4499 360 4550 Ἔστι
379 4498 436 4550 δὲ
460 4499 607 4566 αύτῷ
637 4502 809 4553 οἰκεῖα
835 4503 946 4561 τοῖς
967 4500 1290 4568 διανοήμασι
1315 4499 1409 4552 καὶ
1434 4502 1500 4550 τὰ
1527 4501 1767 4568 ῥήματα,
1804 4529 1846 4582 D

1804 4529 1846 4582 ο
1876 4502 2032 4568 plina:
2076 4503 2339 4570 expositio
2387 4512 2442 4555 et
2489 4502 2819 4569 explanatio.
2870 4502 3133 4555 Creterum
3189 4500 3435 4553 sensibus

188 4589 250 4639 τό
282 4605 346 4640 τε
378 4589 548 4656 σαφὲς
596 4590 1008 4654 ἀποστίλϐοντα,
1068 4591 1161 4642 καί
1200 4590 1258 4640 τὸ
1286 4590 1484 4657 ῥαδίως
1513 4593 1633 4650 ταῖς
1665 4589 1768 4656 ψυ-

188 4684 323 4749 χαῖς
377 4683 476 4733 καὶ
531 4682 851 4750 ἀνεπαχθῶς
891 4683 934 4712 ³⁷
969 4681 1412 4750 ὲγχαράσσεσθαι
1460 4681 1557 4752 τὴν
1607 4681 1768 4750 χάριν

190 4771 627 4841 κληρωσάμενα,
660 4773 777 4842 ἅμα
798 4775 890 4826 καὶ
916 4773 1007 4825 τοῦ
1043 4774 1086 4804 ³⁸
1121 4773 1445 4842 συμπείθειν
1474 4774 1567 4824 καὶ
1586 4774 1767 4824 ἕλκειν

188 4863 372 4926 αὐτὰς
401 4865 537 4932 πρὸς
563 4865 624 4917 τὸ
654 4865 1108 4934 σπουδαζόμενον.
1147 4866 1255 4917 Καὶ
1297 4865 1438 4916 οὕτω
1471 4866 1645 4916 πάντα
1677 4881 1766 4916 σο-

1877 4594 1991 4658 ipsa
2021 4607 2233 4661 quoque
2285 4595 2422 4660 apud
2455 4609 2580 4647 eum
2619 4594 2905 4661 respondet
2936 4592 3190 4654 elocutio,
3224 4602 3277 4643 ut
3318 4607 3436 4658 qum

1878 4698 1981 4734 non
2042 4685 2475 4751 perspicuitatem
2532 4685 2704 4738 solum
2752 4700 2930 4738 secum
2974 4683 3186 4747 afferat,
3235 4685 3324 4736 sed
3376 4699 3435 4735 ea

1878 4775 2095 4842 insuper
2123 4776 2193 4828 sit
2231 4777 2486 4829 facultate
2519 4778 2762 4845 praedita,
2795 4787 2851 4827 ut
2884 4776 3040 4829 facile
3080 4790 3143 4827 ac
3189 4775 3302 4827 sine
3333 4774 3434 4826 ulla

1884 4867 1930 4917 vi
1981 4866 2254 4919 hominum
2298 4869 2494 4921 animis
2551 4869 2889 4936 imprimatur
2923 4886 2934 4920 :
2972 4867 3099 4931 quin
3134 4877 3189 4919 et
3221 4867 3435 4918 eosdem

1471 5023 1702 5076 VAllIAE
1737 5021 2137 5079 LECTIONES.

267 5139 318 5169 ”
375 5146 495 5203 post
514 5139 947 5211 ἐπιμαρτύρεται
970 5143 1020 5193 in
1055 5141 1097 5192 Α
1125 5155 1312 5194 .acuna
1347 5155 1602 5211 versuum
1646 5141 1678 5192 5
1714 5156 1725 5190 :
1764 5139 1813 5191 in
1855 5139 1894 5191 C
1943 5140 2124 5191 unius.

191 5211 234 5240 ³³
275 5207 569 5281 μοναχικὸν
599 5226 660 5272 ς.
698 5207 987 5281 ”³²ἐί’περ]
1031 5211 1170 5277 ὑπὲρ
1237 5212 1299 5261 Α.
1378 5209 1422 5239 ³³
1453 5210 1512 5259 τὸ
1539 5226 1647 5260 om.
1700 5217 1764 5260 Α.

191 5275 323 5348 post
351 5275 656 5341 ἐξάπλωσις
701 5283 846 5347 ponit
877 5275 936 5345 g.

1865 5212 1881 5238 "
1940 5226 2108 5277 μοναχ
2117 5209 2228 5261 ικὸν
2258 5228 2316 5273 ς.

1011 5281 1051 5311 ³⁷
1081 5282 1173 5332 κ·ι“ι
1202 5281 1362 5332 ἀνεπ,
1423 5281 1614 5347 ἐγχαρ.
1678 5281 1796 5339 ταῖς
1841 5279 2037 5348 ψυχαῖς
2072 5297 2130 5342 ς.

2220 5139 2263 5169 ³ο
2321 5140 2676 5208 πεποιημένῳ
2739 5149 2856 5204 pust
2920 5138 3133 5209 αἴτησιν
3189 5138 3430 5209 punit}:-

2426 5213 2467 5242 ³³
2508 5207 2588 5271 ὡς
2629 5212 2673 5261 Λ
2708 5226 2722 5261 :
2754 5210 2887 5272 τέως
2943 5207 3039 5272 ςᾏ
3079 5210 3123 5239 ³η
3163 5207 3434 5259 πολιτείας

2208 5281 2250 5310 ³⁸
2283 5280 2375 5331 τοῦ
2411 5280 2495 5332 A:
2537 5281 2596 5331 τὸ
2628 5297 2686 5342 ς.

1677 5391 1716 5438 i‘i
1729 5387 1906 5441 ΟΤιΕ.

293 5481 387 5550 70)
415 5482 457 5535 E
492 5483 684 5549 quibus
714 5497 872 5550 supra
906 5492 1142 5542 centum,
1177 5493 1370 5547 praster
1397 5482 1506 5548 jam
1539 5496 1765 5534 emunc-

195 5561 316 5604 rata
351 5552 544 5606 Latine
573 5552 780 5604 reddita
822 5554 1047 5620 protulit
1075 5551 1300 5605 Gerard.
1337 5550 1556 5605 Vossius
1583 5551 1766 5604 lloina:

192 5631 250 5673 et
279 5623 522 5675 Coloniae
552 5623 718 5675 edita.

274 5690 392 5759 (Ἡ)
436 5691 516 5745 Au
547 5691 677 5760 quia
710 5693 850 5744 inter
894 5691 1114 5744 Latinos
1151 5689 1400 5745 Massilia:
1429 5691 1601 5743 vixit?
1635 5689 1766 5742 Nam

200 5763 471 5830 Scythaui
499 5764 718 5817 natione
747 5761 914 5817 fuisse
940 5761 1249 5817 Gennadius
1280 5772 1466 5817 auctor
1503 5763 1555 5815 in
1591 5760 1767 5816 Catul.

1872 5496 1990 5547 cap.
2028 5481 2116 5533 Gl.

1946 5552 2056 5617 (7-2)
2102 5550 2319 5604 [libellis
2360 5560 2609 5616 quatuor,
2637 5554 2724 5618 qui
2767 5553 2961 5621 passim
2998 5561 3212 5606 exstant
3245 5551 3434 5604 Latino

1873 5630 1926 5672 ct
1959 5621 2145 5691 Graece
2177 5621 2228 5671 in
2262 5621 2513 5674 biblioth.
2543 5623 2771 5691 August.

1951 5691 2064 5754 (75)
2101 5689 2347 5761 Tmidelll
2396 5692 2586 5745 libellis
2633 5689 2809 5749 editus
2861 5691 3072 5758 Latine,
3111 5692 3199 5761 qui
3245 5691 3428 5746 (Irasci;

1877 5774 1998 5813 sunt
2025 5762 2074 5814 in
2113 5759 2356 5816 bibliutlt.
2381 5762 2608 5828 August.
