4196 6442
776 371 880 439 663

1932 380 2192 439 I’HOTII
2234 382 2736 445 PATRIARCH/E
2766 386 2879 447 CP.

3911 392 4015 460 εει

777 484 1143 554 persuadere,
1195 497 1357 551 atque
1404 484 1469 536 ad
1524 486 1827 540 institutum
1873 504 2026 543 suum
2066 492 2527 564 nttrahercArpd'i

2448 498 2560 564 φῶς
2581 514 2637 549 τε
2669 497 2762 549 καὶ
2809 496 2996 562 δεξιῶς
3033 495 3297 567 κέκραται
3334 500 3428 551 καὶ
3454 498 3914 569 διαμεμὸρφωται
3940 504 4006 559 ³⁸,

775 586 960 640 queat.
983 574 1093 626 Imo
1115 576 1389 641 sapienter
1408 575 1543 630 adeo
1571 589 1695 630 sunt
1720 580 1897 631 omnia
1921 592 1971 633 et
1995 583 2183 636 dextre
2208 594 2337 637 tem-

776 673 959 733 perata
991 674 1152 731 atque
1179 664 1478 730 elformata,
1511 676 1569 719 ut
1601 682 1700 720 nec
1733 671 2047 737 tropologiis
2079 673 2217 725 liber
2245 688 2335 725 se-

777 755 983 807 cundus
1014 754 1361 816 destituatur,
1411 758 1503 809 sed
1551 762 1715 811 multa
1762 764 2051 827 contineat,
2096 781 2214 831 qua:
2247 767 2341 819 de-

780 846 1050 899 nmlceant
1082 857 1244 914 atque
1274 847 1517 902 alliciant
1545 869 1558 902 :
1592 866 1654 903 ac
1678 853 1827 920 plura
1858 855 2043 917 etiam,
2072 873 2192 924 qua:
2212 874 2335 911 cum

778 945 977 989 metum
1003 952 1066 989 ac
1095 948 1355 990 terrorem
1400 940 1688 1005 incutiant,
1722 953 1831 996 tuin
1865 945 2106 1000 homines
2133 948 2198 1000 ad
2226 964 2340 1017 pa:-

779 1028 1058 1080 nitentiam
1086 1031 1457 1083 commovendi
1490 1032 1597 1084 vim
1626 1033 1879 1087 habeant.

848 1118 1090 1172 Tertium
1121 1120 1429 1187 adjunctum
1458 1122 1540 1176 his
1576 1123 1809 1178 libellum
1842 1126 2089 1196 legimus,
2113 1146 2273 1198 quem
2310 1147 2337 1183 ιι

780 1210 1021 1263 Castoris
1064 1213 1301 1279 episcopi
1360 1223 1536 1266 morte
1593 1215 1865 1284 inscripsit
1909 1222 2139 1273 cmuobii
2200 1222 2342 1277 illius

780 1305 1129 1365 moderatori,
1184 1305 1337 1371 cujus
1372 1307 1602 1359 camobii
1648 1323 1832 1375 causa,
1886 1321 1940 1363 et
1988 1314 2185 1382 regula:
2240 1317 2342 1369 illa:

780 1393 978 1465 [prius]
1009 1397 1185 1448 misszc
1208 1396 1443 1448 fuerant.
1469 1397 1567 1463 Qui
1599 1401 1815 1467 quidem
1845 1402 2055 1457 libellus
2092 1406 2178 1469 iis,
2208 1421 2342 1475 quos

773 1484 882 1551 jam
901 1486 1640 1548 enumeravitnns,adsimilis
1676 1502 1777 1543 est.
1803 1492 2091 1563 Docet(74)
2120 1497 2262 1549 enim
2288 1499 2340 1550 in

778 1576 967 1643 primis
1002 1578 1129 1643 quid
1162 1578 1417 1633 discretio
1446 1583 1515 1635 sit
1548 1598 1559 1633 :
1597 1582 1897 1650 deimlcque
1938 1586 2189 1653 majorem
2223 1604 2341 1641 eam

777 1681 897 1719 esse
922 1668 1136 1721 cmteris
1164 1670 1476 1733 virtutibus,
1503 1682 1611 1724 tum
1648 1678 1785 1727 unde
1817 1678 2087 1744 gignatur,
2120 1696 2182 1733 ac
2211 1698 2344 1747 quo-

775 1760 935 1812 modo
958 1760 1069 1812 haec
1091 1764 1277 1814 eadem
1305 1764 1515 1817 caelitus
1537 1768 1849 1837 plerumque
1874 1771 2109 1824 donetur
2132 1791 2144 1824 :
2170 1774 2340 1826 donec

2436 590 2574 643 ὥστε
2613 590 2707 641 καὶ
2760 588 3115 658 τροπολογίας
3142 591 3170 641 ὁ
3217 588 3470 658 δεύτερος
3512 590 3670 656 λόγος
3696 591 4013 643 ὑποϐαλλό-

2442 689 2619 754 μενος,
2646 683 2738 734 καὶ
2766 682 2898 733 πολὺ
2930 683 2988 733 τὸ
3010 683 3297 748 ἐπαγωγὸν
3323 681 3457 751 ἔχων
3484 683 3574 734 καὶ
3597 683 3921 751 θελκτήριον
3942 685 4013 736 ⁸⁸»

2440 776 2599 828 πλέον
2645 774 2941 842 παρέχεται
2994 774 3054 826 τὸ
3088 774 3287 842 (potion
3319 792 3378 826 τε
3428 776 3521 826 καὶ
3558 774 4009 843 καταπληκτικὸν

2440 870 2536 919 καὶ
2561 867 2782 919 δυνατὸν
2813 869 3159 937 ἐπιστρέφειν
3190 868 3324 933 πρὸς
3352 869 3659 936 μετάνοιαν.

2510 1136 2621 1187 Καὶ
2644 1136 2825 1205 τρίτον
2852 1135 2896 1186 δ’
2934 1135 3025 1186 ἐπὶ
3065 1134 3273 1196 τούτοις
3316 1134 3543 1201 λογίδιον
3569 1134 4011 1203 συνανεγνώσθη,

2440 1227 2469 1279 ὃ
2504 1224 2639 1294 μετὰ
2676 1224 2932 1292 τελευτὴν
2965 1224 3246 1294 Κάστορος
3290 1223 3384 1275 τοῦ
3419 1224 3714 1275 ἐπισκόπου
3756 1223 3834 1291 τῷ
3897 1224 4013 1274 δια-

2441 1319 2716 1387 δεξαμένῳ
2761 1315 2858 1385 τὴν
2902 1317 3223 1386 ἐπιμέλειαν
3252 1318 3353 1383 τῆς
3400 1317 3587 1385 μονῆς,
3617 1318 3681 1367 δι’
3734 1318 3798 1385 ἣν
3826 1320 3923 1368 καὶ
3963 1319 4011 1368 οἱ

2444 1412 2666 1472 κανόνες
2697 1410 3020 1478 ἐστάλησαν,
3052 1410 3541 1477 προσπεφώνηται.
3579 1410 3732 1459 Ἐστι
3764 1410 3861 1473 μὲν
3884 1427 4013 1474 πυγ-

2442 1504 2596 1569 γενὲς
2623 1504 2663 1532 ⁵³
2700 1504 2810 1563 τοῖς
2840 1504 3275 1572 προειρημένοις,
3328 1501 3567 1553 διδάσκει
3612 1501 3667 1551 δὲ
3700 1503 3750 1552 τί
3804 1502 3861 1551 τέ
3895 1504 4013 1553 ἐστι

2443 1593 2735 1658 διάκρισις,
2769 1590 2860 1641 καὶ
2892 1591 2974 1642 ὅτι
3017 1590 3216 1658 μείζων
3247 1589 3383 1657 αὕτη
3434 1589 3540 1640 τῶν
3573 1590 3748 1642 ἄλλων
3776 1592 4011 1657 ἀρετῶν,

2442 1684 2536 1735 καὶ
2566 1684 2685 1733 ὅθεν
2725 1681 2989 1740 τίκτεται,
3016 1684 3108 1732 καὶ
3130 1681 3203 1740 ὡς
3235 1682 3295 1731 τὸ
3325 1681 3485 1732 πλέον
3507 1680 3607 1747 τῆς
3673 1681 3878 1732 ἄνωθέν
3899 1685 4015 1733 ἐστι

2443 1775 2673 1844 δωρεᾶς.
2716 1774 2823 1825 Καὶ
2862 1774 2987 1837 περὶ
3043 1772 3361 1839 ἐξαγγελίιας
3405 1773 3710 1840 Γραφικαῖς
3744 1776 4011 1835 πίστεσιν,

776 1851 989 1902 tandem
1019 1850 1309 1919 Scriptura:
1341 1856 1662 1911 testimoniis
1690 1861 1885 1927 probat
1929 1862 1976 1891 ”
2011 1878 2165 1914 suum
2222 1865 2338 1930 qui-
2373 1834 2411 1889 Β
2442 1867 2513 1929 ὡς

2448 1867 2513 1929 ὡς
2544 1868 2623 1917 δεῖ
2672 1864 2876 1932 ταύτην
2940 1865 3218 1933 πράττειν,
3263 1866 3679 1927 κατασκευάζει,
3734 1866 3825 1916 καὶ
3882 1866 4014 1925 τίςό

775 1956 880 2006 que
916 1942 1153 1995 animum
1198 1947 1396 1997 seniori
1448 1963 1568 2001 esse
1616 1951 1982 2004 indicandum.
2011 1953 2173 2005 Addit
2206 1971 2341 2023 prze-

774 2041 921 2085 terea
958 2034 1076 2100 quis
1108 2049 1303 2102 scopus
1335 2038 1444 2107 (73)
1486 2055 1548 2092 ac
1592 2042 1715 2095 linis
1754 2059 1940 2096 eorum
1971 2060 2091 2098 esse
2127 2047 2338 2110 debeat,

772 2127 863 2193 qui
909 2130 1279 2197 religiosorum
1322 2135 1802 2186 exercitationibus
1854 2137 2168 2203 probantur.
2222 2138 2343 2193 ILec

773 2219 956 2274 .‘vlosen
1000 2224 1283 2290 quemdam
1313 2226 1598 2277 virtutibus
1645 2227 2016 2281 admirandum
2054 2232 2223 2283 virum
2272 2234 2341 2285 ita

775 2314 1055 2368 docentem
1086 2316 1311 2380 inducit,
1344 2318 1532 2386 161b
1592 2330 1647 2369 ut
1684 2319 1814 2385 ipsis
1844 2336 2059 2389 quoque
2090 2325 2342 2388 operibus

772 2407 842 2457 ob
867 2406 1050 2459 oculos
1086 2412 1465 2477 pr0pemodum
1515 2414 1730 2465 Statutis
1778 2414 2025 2480 dogmata
2072 2430 2166 2468 sua
2212 2430 2343 2468 cou-

774 2498 971 2550 lirmet.
1007 2498 1131 2552 Post
1177 2516 1294 2567 qure
1333 2501 1593 2554 Serenum
1620 2502 1731 2572 (76)
1763 2506 2072 2572 quemdam,
2107 2507 2227 2558 vitm
2257 2522 2343 2572 ge-

777 2606 905 2643 nere
948 2592 1112 2646 nihilo
1159 2593 1490 2659 inkariorem,
1529 2607 1582 2650 et
1629 2600 1742 2667 pari
1790 2599 2004 2666 quidem
2049 2600 2195 2653 illum
2239 2604 2343 2655 do-

776 2686 947 2739 ctrina
985 2697 1246 2750 utentem,
1281 2688 1332 2740 in
1362 2688 1592 2741 medimu
1627 2692 1872 2757 producit
1905 2709 1918 2743 :
1957 2691 2068 2744 lieri
2091 2692 2342 2743 nimirum

777 2795 881 2831 non
922 2795 1100 2847 posse,
1133 2782 1257 2848 quin
1294 2784 1537 2836 turbetur
1569 2798 1594 2834 a
1621 2784 1956 2836 diBIIIOIlIblIS
1985 2799 2135 2837 mens
2156 2784 2345 2836 Imma-

776 2885 867 2932 na,
916 2886 1228 2939 quanquam
1272 2874 1543 2940 compelli,
1571 2886 1731 2940 atque
1766 2875 2073 2928 necessario
2119 2877 2258 2944 cogi,
2290 2885 2347 2929 ut

775 2960 828 3011 iu
873 2961 1069 3014 malum
1121 2963 1344 3025 incidat,
1373 2978 1647 3031 nunquam
1686 2974 1865 3031 queat.
1897 2965 2153 3017 Nostrum
2200 2966 2343 3018 enim

775 3066 895 3103 esse
923 3054 1128 3105 turbam
1173 3053 1316 3105 illam
1361 3065 1673 3123 motumque
1702 3056 1779 3107 vel
1817 3056 2105 3123 depellere,
2140 3059 2223 3108 vel
2252 3056 2345 3109 ad-

2445 1960 2643 2019 σκοπὸς
2670 1961 2761 2009 καὶ
2778 1957 2828 2007 τί
2855 1958 2914 2008 τὸ
2939 1958 3089 2017 τέλος
3108 1956 3215 2006 τῶν
3238 1958 3294 2008 ὲν
3322 1958 3433 2017 τοῖς
3467 1958 3781 2024 ἀσκητικοῖς
3806 1956 4013 2021 ἀγῶσιν

2445 2050 2865 2115 ἐξεταζομένων.
2920 2046 3103 2100 Ταῦτα
3155 2049 3355 2100 Μωσέα
3394 2049 3514 2099 τινὰ
3557 2047 3866 2115 Θαυμαστὸν
3894 2050 4012 2108 ταῖς

2444 2144 2663 2211 ἀρεταῖς
2696 2140 2907 2206 εἰσάγει
2939 2138 3257 2190 διδάσκοντα
3307 2139 3402 2190 καὶ
3450 2140 3771 2206 πράγμασιν
3806 2140 4012 2202 αὐτοῖς,

2448 2232 2643 2302 μικροῦ
2676 2232 2946 2299 κειμένοις
2970 2232 3061 2283 ὑπ’
3089 2230 3231 2298 ὄψιν,
3258 2230 3325 2281 τὰ
3354 2230 3574 2298 ῥήματα
3604 2228 4011 2297 βεϐαιούμενον.

2444 2323 2574 2377 Εἶτα
2623 2325 2857 2391 Σερῆνον
2913 2325 2957 2353 ⁸²
3008 2325 3068 2375 οὐ
3103 2323 3353 2392 δεύτερον
3413 2326 3477 2391 τῇ
3532 2322 3775 2391 πολιτεία
3818 2323 3915 2374 καὶ
3949 2325 4012 2390 τῇ

2444 2419 2604 2486 ὁμοία
2641 2417 2918 2486 χρώμενον
2948 2416 3265 2485 διδασκαλία
3297 2416 3638 2484 παριστάνει,
3684 2415 3807 2486 [517
3834 2414 4014 2485 Π.]ὡ;

2444 2511 2503 2561 τὸ
2543 2510 2639 2577 μὲν
2679 2510 2751 2577 μὴ
2779 2507 3225 2577 παρενοχλεῖσθαι
3244 2508 3341 2576 τὴν
3370 2507 3605 2559 διάνοιαν
3635 2507 3738 2558 ὑπὸ
3773 2507 3881 2559 τῶν
3906 2508 4016 2558 δαι-

2449 2604 2649 2671 μονίων
2673 2600 2931 2651 ἀδύνατον
2955 2595 3093 2651 εἶναι
3128 2600 3193 2663 ⁸³,
3225 2600 3285 2650 τὸ
3313 2600 3367 2649 δὲ
3396 2599 3747 2652 συνωθεῖσοαι
3773 2600 3868 2651 καὶ
3891 2602 4017 2651 ἀνα-

2445 2694 2749 2760 γκάζεσθαι
2782 2693 3145 2744 καταπίπτειν
3195 2690 3330 2759 πρὸς
3363 2691 3429 2740 τὰ
3457 2690 3637 2757 φαῦλα
3665 2690 3873 2753 οὐκέτι,
3907 2689 4022 2741 ἀλλ’

2446 2782 2713 2851 ἡμέτερον
2750 2783 2842 2833 καὶ
2869 2782 2926 2832 τὸ
2950 2779 3256 2832 διωθεῖσθαι
3287 2778 3384 2847 τὴν
3409 2778 3631 2846 ὄχλησιν
3689 2780 3783 2829 καὶ
3819 2778 3881 2829 τὸ
3922 2796 4025 2829 πα-

2451 2873 2769 2943 ραδέχεσθαι
2795 2873 2965 2939 αὑτήν
2983 2888 2995 2900 ·
3030 2871 3125 2922 καὶ
3166 2871 3238 2931 ὡς
3265 2870 3324 2919 οὐ
3371 2869 3649 2940 χωροῦντα
3676 2868 3765 2921 διὰ
3788 2869 3889 2937 τῆς
3919 2869 4023 2936 φυ-

2449 2964 2551 3034 χῆς
2589 2968 2657 3017 τὰ
2712 2962 2966 3029 δαιμόνια
2995 2964 3118 3023 τοὺς
3153 2962 3530 3028 ἀνθρωπίνους
3560 2956 3665 3011 οἶδε
3702 2960 4024 3027 λογισμοὺς,

2448 3054 2562 3105 ἀλλ’
2616 3052 2721 3103 ἀπό
2754 3070 2912 3102 τινων
2960 3053 3275 3119 τεκμηρίων
3333 3052 3530 3113 ἔξωθεν
3582 3052 3728 3118 θηρᾷ
3768 3050 4024 3111 τούτουςυ

775 3143 1007 3194 mittere.
1037 3144 1266 3196 Ilursum
1298 3158 1400 3195 non
1429 3146 1781 3211 pervadentes
1806 3146 2046 3195 animum
2073 3147 2341 3197 «lannones
2372 3171 2414 3226 ο
2456 3147 2521 3213 μό

2456 3147 2621 3213 μόνης
2653 3146 2760 3212 γὰρ
2795 3140 2933 3195 εἶναι
2966 3144 3065 3209 τῆς
3106 3144 3267 3208 ἁγίας
3323 3144 3552 3211 Τριὰδος
3611 3144 3668 3193 τὸ
3702 3142 3791 3193 διὰ
3848 3142 4029 3209 ψυχῆς

774 3230 1041 3285 humanas
1092 3236 1446 3302 cogitationes
1502 3248 1855 3303 cognoscere,
1914 3238 2007 3287 sed
2061 3251 2125 3287 ex
2177 3250 2339 3302 argu-

778 3325 974 3376 mentis
1002 3326 1325 3391 quibusdam
1360 3328 1602 3379 externis
1629 3340 1721 3379 eas
1748 3327 1952 3378 rimari.
1990 3326 2168 3378 Solius
2198 3327 2340 3379 enim

775 3427 894 3466 esse
951 3427 1151 3468 sanctae
1198 3413 1503 3482 Trinitatis,
1540 3417 1778 3469 animum
1809 3428 2112 3484 caeteraque
2162 3419 2342 3469 omnia

775 3508 1089 3573 pervadere.
1124 3507 1281 3561 Varia
1331 3510 1454 3563 item
1500 3524 1618 3562 esse
1652 3509 1951 3562 daemonum
1987 3526 2222 3576 genera;
2262 3511 2340 3563 fe-

777 3599 921 3651 rocia
946 3602 1160 3668 quidem
1195 3602 1323 3662 alia,
1355 3612 1407 3654 et
1439 3602 1592 3655 valde
1618 3604 1809 3664 noxia;
1844 3604 1944 3654 alia
1970 3618 2097 3655 vero
2120 3605 2294 3656 minus
2326 3622 2338 3657 :

778 3704 1101 3758 rursumque
1149 3692 1250 3744 alia
1294 3694 1501 3758 jocosa.
1553 3695 1730 3761 Atque
1780 3694 1867 3747 hic
1917 3695 2057 3746 tertii
2092 3694 2212 3747 linis
2263 3704 2345 3748 est

776 3778 918 3832 libri.
953 3781 1158 3835 Sereno
1187 3782 1403 3836 interim
1434 3788 1803 3852 promittente,
1831 3789 2200 3850 expositurum
2230 3784 2345 3856 (77)

778 3885 835 3921 se
856 3882 1160 3939 npportuno
1189 3882 1430 3940 tempore
1455 3876 1594 3941 quod
1628 3875 1912 3941 qumsitum
1945 3872 2123 3927 fuerat
2156 3891 2172 3927 :
2215 3875 2341 3927 illud

779 3977 1028 4013 IIIIIIII'UIII
1075 3980 1088 4015 Ζ

784 4068 856 4108 ιιο
885 4055 996 4126 (78)
1031 4068 1209 4109 autem
1240 4057 1431 4110 tertius
1460 4057 1547 4111 hic
1580 4058 1794 4112 libellus
1823 4058 2122 4111 dedicatur.

1427 4172 1704 4227 CXCVIII.

778 4284 1097 4341 Sanctorum
1133 4287 1360 4339 virorum
1409 4288 1557 4350 liber,
1597 4305 1683 4341 seu
1736 4287 1874 4341 Vita:
1908 4299 2210 4341 sanctorum
2262 4289 2349 4356 qui

1032 4358 1216 4424 Magni
1258 4356 1470 4409 Antonii
1511 4370 1733 4424 tempore
1770 4360 2082 4425 ﬂoruerunt.

854 4446 1104 4517 Legimus
1141 4448 1457 4502 Sanctorum
1486 4454 1718 4503 virorum
1750 4452 1963 4509 librum,
1984 4456 2073 4519 qui
2112 4453 2347 4519 ipsorum

786 4541 922 4594 vitas
961 4549 1015 4594 et
1064 4553 1211 4595 recte
1244 4543 1381 4595 facta
1415 4545 1699 4604 narrabat,
1742 4544 1805 4594 ad
1855 4544 2186 4610 spiritualem
2227 4542 2352 4613 [uti-

2450 3238 2542 3289 καὶ¹
2571 3238 2680 3289 τῶν
2732 3238 2903 3289 ἄλλων
2938 3235 3061 3307 [267
3091 3234 3182 3305 ΙΙ.]
3239 3236 3494 3286 ἁπάντων
3554 3236 3773 3303 χωρεῖν.
3810 3236 3923 3285 Καὶ
3957 3234 4027 3295 ὼς

2448 3330 2683 3397 διάφορα
2737 3327 2878 3395 φῦλα
2912 3327 3225 3395 δαιμονίων,
3282 3330 3373 3379 καὶ
3401 3328 3466 3378 τὰ
3512 3329 3609 3394 μέν
3642 3326 3825 3376 αὐτῶν
3859 3328 4027 3392 ἄγρια

2448 3421 2542 3471 καὶ
2573 3420 2858 3471 κακωτικά
2889 3419 3031 3482 λίαν,
3067 3417 3163 3469 ἅδ’
3192 3412 3372 3486 ἧττον,
3407 3418 3498 3469 καὶ
3527 3418 3659 3469 ἄλλα
3689 3418 4024 3484 εὐτράπελα.

2448 3507 2541 3574 Οἷς
2569 3512 2659 3563 καὶ
2681 3514 2708 3563 ὁ
2732 3512 2909 3579 τρίτος
2931 3510 3338 3579 ςυμπ).ηροῦται
3362 3512 3534 3576 λόγος,
3556 3511 4029 3576 ἐπαγγελλομένου

2452 3603 2725 3654 διαλαϐεῖν
2752 3602 2844 3653 τοῦ
2862 3604 3093 3669 Σερὴνου
3129 3605 3185 3652 ἐν
3218 3602 3391 3670 καιρῷ
3415 3604 3505 3653 καὶ
3537 3620 3599 3652 πε
3612 3604 3661 3669 ρί
3685 3602 3780 3652 τοῦ
3810 3604 4029 3672 ἠρωτη-

2455 3696 2637 3765 μένου,
2664 3696 2799 3763 ὅπερ
2835 3691 3020 3765 ἦν,οὺ
3045 3694 3154 3764 γάρ
3190 3696 3232 3725 ⁵⁵
3262 3696 3434 3747 ἐστιν
3459 3696 3603 3763 ἡμῖν
3624 3696 3660 3761 ἡ
3692 3696 3857 3761 πάλη
3886 3696 4030 3761 πρὸς

2451 3784 2593 3855 αἷμα
2635 3790 2731 3839 καὶ
2756 3790 2971 3855 σάρκα,
3016 3791 3109 3841 καὶ
3152 3790 3301 3856 ἑξῆς.
3336 3789 3584 3850 Λεόντιος
3614 3790 3656 3840 δ’
3688 3786 3751 3859 ἦν
3777 3789 3955 3858 ὄνομα
3989 3789 4029 3816 ⁸⁵

2451 3871 2495 3943 ᾦ
2527 3879 2675 3929 τουτὶ
2703 3879 2762 3929 τὸ
2792 3879 2971 3948 τρίτον
3008 3879 3185 3945 λόγιον
3215 3882 3608 3949 προσεφωνήθη
3642 3882 3705 3932 δί’.

1136 3961 1257 4015 Non
1298 3972 1373 4016 est
1404 3967 1541 4017 enim
1584 3967 1728 4018 nobis
1759 3966 2063 4019 colluctatio
2087 3968 2339 4020 adversus
2378 3984 2588 4022 carnem
2637 3982 2686 4022 et
2738 3972 3042 4039 sanguinem
3076 3975 3142 4035 ",
3204 3985 3257 4025 ct
3296 3988 3415 4040 quaz
3468 3986 3787 4041 sequuntur.
3858 3972 4028 4026 Leon-

3162 4174 3334 4238 PLJI'.

2462 4284 2724 4353 Ἀνδρῶν
2743 4284 2927 4353 ἁγίων
2947 4288 3182 4348 Βίϐλος,
3204 4286 3241 4351 ἢ
3262 4286 3390 4348 βίοι
3422 4284 3540 4337 τῶν
3561 4286 3691 4353 περὶ
3719 4286 4029 4339 Ἀντώνιον

2944 4359 3052 4408 τὸν
3084 4356 3284 4422 Μέγαν
3327 4356 3528 4423 ἁγίων.

2535 4447 2875 4514 ’Λνεγνώσθη
2903 4448 3125 4511 Βίϐλος
3154 4444 3391 4512 ἀνδρῶν
3429 4446 3635 4513 ἁγίων,
3674 4446 3956 4507 πολιτείας
3983 4446 4027 4477 ⁸⁷

2452 4542 2545 4595 καὶ
2571 4539 2974 4609 κατορθώματα
2999 4540 3136 4608 πρὸς
3168 4536 3405 4604 ψυχικὴν
3440 4535 3723 4605 προκοπὴν
3751 4537 3847 4587 καὶ
3874 4537 4027 4603 ὠφέ-

784 4648 887 4701 que
916 4633 1231 4706 legentium]
1282 4635 1581 4704 profectum
1629 4648 1787 4704 atque
1820 4638 2125 4691 utilitatem.
2168 4639 2349 4705 Epitn-
2379 4634 2427 4689 D
2453 4636 2527 4685 λεε

2453 4636 2603 4685 λειαν
2669 4631 3106 4698 ἀπαγγέλλουσα.
3173 4630 3657 4694 Συγκεφαλαίωσις
3712 4629 3757 4680 δ’
3802 4624 3897 4697 ἦν,
3950 4630 4025 4690 ὡς

779 4740 864 4777 ma
908 4737 1083 4778 autem
1120 4738 1257 4789 erat,
1286 4737 1341 4779 ut
1365 4739 1606 4793 apparet,
1638 4730 2117 4793 etcomprehensio
2141 4728 2340 4797 Magni,

779 4830 935 4883 quem
975 4820 1273 4881 nominaut,
1304 4817 1725 4889 Limonarii[seu
1760 4820 1897 4885 prati
1938 4818 2214 4889 spiritalis]
2246 4834 2349 4887 quo

2452 4724 2614 4781 ἔοικε,
2645 4722 2737 4772 καὶ
2777 4720 2995 4786 σύνοψις
3035 4718 3128 4770 τοῦ
3192 4718 3469 4784 Μεγάλου
3515 4717 3850 4784 καλουμένου
3894 4724 4027 4771 Λει-

2458 4813 2782 4882 μωναρίου,
2814 4811 2841 4862 ὃ
2867 4810 3200 4877 ἀπαγγέλλει
3225 4810 3348 4871 τοὺς
3379 4809 3525 4877 βίους
3548 4812 3642 4861 καὶ
3667 4810 3735 4860 τὰ
3759 4808 3899 4878 ἔργα
3923 4812 4028 4861 τὼν

851 4974 897 5004 ⁸³
925 4972 941 5025 Ι
970 4972 1103 5043 Reg.
1136 4991 1227 5041 Ill;
1261 4975 1377 5027 Act.
1412 4991 1485 5027 ιιι.
1514 4975 1575 5040 6;
1612 4976 1785 5030 Calat.
1821 4993 1881 5042 ιι,
1914 4976 1965 5029 2.
2003 4978 2049 5007 ’⁸
2083 4977 2283 5044 Ephes.
2328 4992 2405 5040 vt,
2441 4975 2527 5028 I2.

2040 5088 2275 5143 VARI/E
2299 5084 2704 5142 LECTIONES.

856 5203 897 5234 ³⁹
913 5203 1007 5254 καὶ
1032 5203 1480 5272 διαμεμόρσωται
1502 5220 1611 5259 om.
1650 5205 1716 5260 A.

782 5272 825 5302 “
849 5274 1060 5339 Σερῖνον
1093 5291 1150 5336 ς.
1226 5276 1270 5304 ⁸⁵³
1299 5271 1455 5343 εἶναι]
1494 5276 1603 5329 imo
1637 5279 1770 5328 ἐστι.

783 5347 933 5395 ιυρυι
973 5359 1155 5397 versus
1181 5345 1215 5399 5
1251 5382 1266 5397 .

1792 5209 1837 5237 ⁸ο
1868 5207 2005 5275 ἔχων
2034 5208 2095 5259 τὸ
2121 5208 2445 5279 θελκτήριον
2472 5225 2527 5279 τε
2550 5207 2651 5279 καὶ
2676 5203 2961 5279 ἐπαγωγὸν
2998 5219 3057 5279 ς..

1849 5278 1893 5308 ⁸⁵
1915 5280 1973 5329 οὑ
2008 5277 2139 5348 γάρ]
2174 5277 2367 5345 Ephes.
2402 5294 2475 5340 VI,
2510 5278 2593 5348 12τ

1345 5346 1387 5374 ⁸⁷
1422 5346 1627 5416 ἀνδρῶν
1653 5348 1825 5415 ἁγίων
1857 5349 2035 5416 βίϐλος
2084 5346 2355 5410 πολιτείας
2384 5366 2441 5399 τε
2466 5346 2645 5399 αὐτῶν
2701 5346 2794 5397 καὶ
2836 5361 2895 5406 ς.

3131 5199 3175 5231 ⁸¹
3210 5198 3309 5268 μὲν
3339 5195 3433 5251 οὖν
3456 5196 3728 5249 καὶτοῦτο
3763 5213 3926 5263 συγγ.
3964 5211 4025 5259 ς.

2674 5277 2717 5307 ⁸⁵
2757 5275 2925 5340 ὄνομα
2946 5273 3068 5327 add.
3100 5270 3165 5325 Α.
3240 5273 3285 5300 ⁵⁵
3312 5280 3431 5339 post
3459 5268 3861 5339 προσεφωνὴθη
3896 5272 3948 5320 in
3982 5271 4024 5317 Α

2290 5464 2521 5519 NOTAE.

854 5574 966 5642 (74)
1005 5574 1252 5643 Quinque
1291 5577 1389 5627 ista
1428 5577 1601 5641 capita
1631 5589 1843 5632 exstant
1879 5579 2073 5633 Collut.
2111 5596 2172 5633 tl.

854 5646 967 5715 (75)
1001 5650 1152 5711 Quod
1190 5648 1375 5714 prima:
1405 5646 1713 5701 Cullationis
1751 5659 1831 5701 cst
1881 5652 1930 5702 itt
1984 5652 2142 5703 hodie
2192 5649 2349 5703 editis

1300 5786 1384 5840 hic
1424 5788 1651 5843 cntcudo
1678 5806 1690 5841 :
1722 5790 1811 5858 qui
1854 5789 2045 5843 Collat.
2077 5805 2172 5855 vn,
2206 5790 2347 5857 apud

2456 5581 2773 5634 Cassianum
2802 5581 2914 5634 hac.
2940 5580 3273 5633 declamitat.

2530 5651 2641 5717 (77)
2689 5652 2839 5715 Quod
2871 5662 2926 5704 et
2964 5651 3279 5716 prmstitisse
3314 5647 3521 5702 indicat
3551 5662 3671 5717 qua:
3698 5647 3764 5700 de
3812 5648 3917 5701 hoc
3949 5662 4030 5701 ar-

2458 5730 2719 5792 gumento
2746 5731 2948 5779 exstat.
2967 5719 3275 5792 Q0llat,_v.tt.

2530 5792 2642 5858 (78)
2681 5788 2798 5844 Una
2823 5806 2943 5845 cum
2974 5789 3237 5857 IIclladio,
3266 5799 3322 5843 ut
3352 5788 3406 5843 iu
3446 5787 3608 5843 editis
3642 5786 3892 5856 planum.
