4196 6442
102 406 224 469 €65

1010 406 1542 468 BIBLIOTHECA.
1569 433 1637 444 -
1668 406 1883 468 CODD.
1921 409 2225 487 CXCVIII,
2278 410 2519 473 CXCIX.

3280 420 3385 486 666

107 523 261 593 περὶ
314 521 602 576 ’Λντώνιον
636 523 727 574 τὸν
748 521 939 588 Μέγαν
992 521 1359 589 ἀκμασάντων
1384 519 1433 552 ⁸⁸
1478 521 1574 573 καλ⁹
1598 518 1707 571 τῶν
1736 526 1764 578 Α

1736 526 1863 578 Aet
1909 522 2031 575 vita:
2070 538 2233 593 opera
2308 536 2618 588 narrantur,
2668 540 2789 580 cum
2840 530 3013 598 magni
3060 531 3280 586 Antonii
3330 544 3382 589 et

105 616 358 682 ἐφεξῆς,
388 614 576 685 ὥσπερ
604 616 697 667 καὶ
729 616 773 646 ⁸⁸
794 617 853 666 τὸ
891 613 1220 681 καλούμενον
1247 612 1403 667 Νέον
1426 611 1709 680 παραδεί-

108 725 274 759 (nor
312 710 358 740 ⁵⁵
399 708 495 769 τάς
541 707 649 757 τῶν
705 708 784 757 ἑτι
832 706 1110 773 νεωτέρων
1148 706 1339 773 μέχρις
1386 704 1709 774 ’Ἡρακλείου

108 800 213 853 τοῦ
256 800 533 868 βασιλέως
599 800 693 849 καὶ
747 798 938 866 μικρὸν
1001 799 1080 850 ἐτι
1130 799 1463 866 προσωτέρω
1516 798 1641 859 τοὺς
1666 798 1709 827 ⁵¹

111 895 476 960 ἀσκητικοὺς
501 890 715 957 ἀγῶνας
738 890 1061 957 ἀναγράφει.
1107 889 1245 940 Ἀλλ’
1276 888 1368 940 οὖν
1404 889 1463 940 τδ
1488 888 1713 956 προκεί-

116 1002 302 1064 μενον
330 985 536 1053 βιϐλίον
571 986 649 1046 εἰς
686 984 728 1051 β’
761 984 855 1035 καὶ
890 989 934 1034 κ’
987 981 1555 1050 συγκεφαλαιούμενον
1577 984 1712 1032 ὑπο-

114 1074 341 1136 Θέσεις,
373 1076 610 1140 ἑκάστης
635 1072 811 1125 αὐτῶν
843 1074 1014 1123 καὶτὸ
1041 1074 1314 1140 χρήσιμον
1340 1073 1431 1123 καὶ
1459 1071 1557 1141 τὴν
1583 1072 1717 1139 κτῆ-

116 1179 212 1213 σιν
238 1163 537 1232 ἓ··ιφόροις
566 1162 895 1232 διηγήμασιν
922 1162 1230 1230 ἐμφανίζει.

196 1333 313 1389 ’Ὧν
346 1339 413 1390 τὸ
450 1340 547 1407 μὲν
572 1340 789 1409 πρῶτον
820 1341 1115 1408 κεφάλαιον
1143 1338 1459 1409 παραίνεσιν
1486 1341 1563 1403 είς
1588 1358 1718 1409 προ-

117 1436 315 1497 κοπὴν
341 1432 680 1500 τελειότητος
715 1434 778 1485 ἐκ
805 1433 1077 1501 διαφόρων
1104 1430 1412 1502 προσώπων
1446 1434 1716 1501 περιέχει,

115 1526 183 1574 τὸ
207 1525 478 1592 δεύτερον
504 1525 554 1575 δὲ
592 1525 651 1576 τὸ
678 1526 783 1577 ἀπὸ
814 1526 913 1592 τῆς
957 1525 1186 1592 ἡσυχίας
1213 1524 1449 1576 δείκνυσι
1505 1525 1719 1593 κέρδος,

116 1618 184 1667 τὸ
211 1615 263 1682 γ’
298 1618 441 1685 περὶ
482 1617 806 1685 ἐγκρατείας
839 1618 1213 1685 διαλαμϐάνει,
1262 1617 1355 1667 καὶ
1412 1617 1486 1677 ὡς
1516 1617 1597 1668 δεῖ
1623 1618 1721 1685 τὴν

118 1709 478 1777 ἐγκράτειαν
543 1711 615 1775 μὴ
656 1708 962 1777 βρωμάτων
995 1711 1039 1741 ⁵²
1072 1710 1253 1778 μόνον,
1291 1708 1429 1760 ἀλλὰ
1473 1710 1565 1760 καὶ
1613 1710 1720 1761 τῶν

120 1802 343 1851 λοιπῶν
376 1804 481 1868 τῆς
510 1800 689 1867 ψυχῆς
720 1800 1035 1868 κινημάτων
1088 1801 1288 1868 ὁμοίως
1322 1799 1613 1852 ποιεῖσθαι.
1646 1799 1719 1851 Τὸ

116 1894 176 1943 δὲ
204 1893 247 1942 δ’
291 1892 417 1955 πῶς
442 1892 521 1943 δεῖ
562 1891 957 1958 ἀσφαλίζεσθαι
988 1893 1131 1960 ἡμᾶς
1167 1892 1303 1960 πρὸς
1330 1892 1455 1950 τοὺς
1482 1890 1588 1941 ἀπὸ
1620 1889 1717 1955 τῆς

120 1984 403 2052 πορνείας
463 1984 927 2052 ἐπανισταμένους
980 1985 1109 2050 ἡμῖν
1141 1984 1432 2052 πολέμους.
1467 1983 1538 2033 Τὸ
1593 1981 1647 2033 δέ
1676 1980 1717 2032 ε’

118 2093 189 2124 πε
205 2076 261 2141 pi.
315 2074 734 2142 ἀκτημοσύνης,
770 2075 863 2125 καὶ
916 2073 989 2134 ὡς
1022 2074 1102 2125 δεῖ
1158 2075 1251 2125 καὶ
1281 2074 1378 2141 τὴν
1402 2072 1720 2137 πλεονεξίαν

121 2166 537 2233 φυλάττεσθαι.
570 2168 701 2236 Περὶ
730 2167 1005 2233 ὑπομονῆς
1030 2166 1083 2217 δὲ
1119 2167 1210 2216 καὶ
1242 2166 1494 2233 ἀνδρείας
1528 2168 1589 2218 τὸ
1644 2172 1719 2230 ς’,

122 2259 227 2309 καὶ
261 2258 326 2309 τὸ
365 2258 413 2320 ζ’
443 2258 526 2309 ὅτι
561 2258 640 2309 δεῖ
683 2258 847 2327 μηδὲν
878 2258 1011 2325 πρὸς
1036 2257 1297 2322 ἐπίδειξιν
1317 2260 1511 2320 ποιεῖν,
1537 2258 1631 2309 καὶ
1662 2257 1723 2310 τὸ

119 2349 182 2419 η’
204 2351 294 2401 ὅτι
351 2349 420 2401 οὐ
449 2350 529 2401 δεῖ
556 2366 677 2400 τινα
709 2348 936 2416 κρίνειν.
968 2348 1101 2417 Περὶ
1129 2346 1457 2417 διακρίσεως
1484 2348 1541 2399 δὲ
1562 2349 1623 2400 τὸ
1653 2346 1718 2398 Θ¹.

120 2444 200 2493 To
229 2442 291 2493 δὲ
336 2441 371 2492 ι’
407 2441 536 2509 περὶ
568 2440 660 2493 τοῦ
694 2441 803 2492 δεῖν
857 2441 946 2491 ἀεὶ
968 2442 1178 2508 νήφειν,
1211 2440 1309 2492 καὶ
1333 2440 1392 2491 τὸ
1426 2446 1492 2492 ια’
1522 2442 1603 2492 ὅτι
1643 2440 1724 2491 δεῖ

117 2531 504 2593 ἀδιαλείπτως
527 2532 620 2583 καὶ
650 2533 709 2591 ἐν
740 2532 896 2600 νήψει
917 2531 1334 2600 προσεύχεσθαι,
1365 2533 1459 2583 καὶ
1477 2532 1537 2583 τὸ
1562 2532 1628 2600 ιβ’
1649 2532 1724 2594 ὡς

123 2628 447 2692 φιλοξενεῖν
491 2625 573 2676 δεῖ
602 2626 697 2677 καὶ
739 2624 911 2675 ἐλεεῖν
964 2626 1021 2676 ἐν
1066 2624 1367 2693 ἱλαρότητι.
1428 2624 1564 2692 Περὶ
1590 2624 1647 2675 δὲ
1677 2624 1722 2655 ⁸³

121 2720 398 2786 ὑπακοῆς
442 2718 745 2771 ἐκδιδάσκει
775 2718 836 2770 τὸ
875 2716 965 2784 ιγ’,
1003 2716 1063 2769 τὸ
1089 2718 1143 2769 δὲ
1183 2717 1244 2768 ιδί
1281 2718 1410 2787 περὶ
1468 2734 1723 2769 ταπεινο-

120 2814 444 2879 φροσύνης,
482 2816 575 2863 καὶ
611 2812 671 2862 τὸ
709 2809 773 2861 ιε’
804 2810 929 2879 περὶ
954 2808 1322 2872 ἀνεξικακίας,
1353 2809 1481 2878 περὶ
1505 2809 1726 2879 ἀγάπης

118 2905 178 2955 δὲ
204 2904 272 2954 τὸ
310 2909 412 2965 ις’.
447 2902 520 2953 Τὸ
557 2902 737 2963 μέντοι
765 2900 830 2963 ις’
885 2900 1012 2969 περὶ
1036 2899 1377 2967 διορατικῶν,
1408 2902 1501 2951 καὶ
1555 2900 1615 2952 τὸ
1645 2898 1717 2969 ιη’

120 3014 191 3045 πε
206 2996 261 3062 pi.
291 2993 681 3061 σημειοφόρων
702 2993 993 3060 γερόντων.
1024 2991 1095 3042 Τὸ
1120 2991 1173 3041 δὲ
1204 2988 1267 3042 ιϐ’
1296 2993 1421 3058 περὶ
1448 2990 1727 3053 πολιτείας

122 3084 429 3149 Οεοςνιλοῦς
457 3084 727 3152 διαφόρων
771 3082 1050 3147 Πατέρων.
1085 3080 1196 3133 Καὶ
1219 3080 1405 3131 λοιπὸν
1428 3081 1489 3131 τὸ
1514 3086 1564 3131 κ’
1588 3082 1727 3132 ἀποο

1812 614 2121 681 :equalium,
2186 626 2293 669 tum
2363 632 2549 671 eorum
2610 622 2698 686 qui
2753 630 2872 688 post
2918 638 3010 677 eos
3058 623 3375 679 floruerunt.

1813 705 2273 769 Quemadmodum
2315 720 2369 762 et
2397 713 2487 780 qui
2530 712 3077 769 dictusestflorlulus
3118 734 3275 769 novus
3296 719 3379 771 his

1818 799 2175 853 recentiorum
2230 804 2294 855 ad
2341 813 2554 857 :etatem
2604 820 2772 873 usque
2819 805 3077 870 Heraclii,
3130 820 3182 862 et
3220 811 3377 877 paulo

1815 888 1976 942 etiam
2008 891 2327 945 viciniorum
2360 895 2496 947 vitas
2548 896 2931 963 religiosasque
2955 900 3375 953 exercitationes

1814 979 2297 1035 describitNernm
2334 984 2419 1037 hic
2444 984 2578 1037 liber
2611 986 2660 1037 in
2694 985 2801 1038 duo
2836 987 2950 1053 (79)
2972 998 3022 1038 et
3047 988 3379 1055 vigintieon-

1818 1078 2022 1124 tractus
2045 1084 2379 1141 argumenta,
2419 1089 2605 1128 eormn
2649 1077 2912 1145 cujusque
2959 1080 3276 1146 utilitatem,
3328 1094 3381 1135 et

1817 1160 2096 1216 obtinendi
2124 1165 2411 1229 rationem,
2440 1167 2607 1219 variis
2642 1168 3046 1223 narrationibus
3073 1174 3381 1239 expositam

1818 1254 2055 1306 exhibet.

1899 1343 2099 1398 Horum
2151 1348 2315 1415 igttttr
2361 1358 2521 1414 caput
2562 1349 2791 1416 primttnt
2852 1352 3145 1403 admonitio
3191 1362 3272 1403 est
3319 1355 3381 1403 ad

1822 1440 2169 1508 perfectionis
2215 1439 2538 1507 profectum,
2570 1453 2624 1493 et
2660 1457 2685 1492 ιι
2734 1441 2903 1494 variis
2928 1443 3145 1507 quidem
3183 1444 3268 1495 illa
3305 1446 3385 1497 in-

1822 1533 2005 1583 stituta
2026 1535 2286 1599 personis.
2320 1532 2375 1583 9..
2400 1532 2471 1584 Tr
2484 1534 2729 1600 anquilla:
2748 1534 2866 1585 vita:
2885 1549 2948 1587 ac
2970 1536 3227 1590 solitaria:
3267 1536 3385 1589 fru-

1824 1632 1968 1676 ctum
1991 1625 2250 1675 ostendit.
2273 1625 2382 1691 (80)
2410 1626 2459 1676 3.
2484 1624 2557 1676 De
2582 1626 2915 1677 continentia
2934 1628 3062 1695 agit,
3086 1643 3245 1695 quam
3279 1643 3383 1680 non

1823 1720 1876 1767 in
1905 1716 2047 1767 victu
2078 1716 2339 1767 duntaxat
2369 1757 2382 1779 ,
2416 1716 2506 1767 sed
2533 1728 2585 1770 et
2615 1718 2664 1769 iu
2695 1718 2913 1783 reliquis
2948 1720 3113 1771 animi
3148 1718 3383 1772 motibus

1825 1808 2076 1861 similiter
2113 1810 2467 1861 exercendam
2498 1809 2675 1863 docet.
2703 1810 2757 1862 4.
2799 1811 2863 1865 Ut
2894 1826 2949 1864 se
2980 1813 3192 1864 munire
3234 1814 3384 1879 quis-

1824 1913 1927 1967 que
1962 1899 2151 1950 debeat
2178 1899 2436 1951 adversus
2470 1899 2810 1966 insurgentes
2842 1915 2869 1952 a
2900 1898 3260 1953 fornicatione
3285 1916 3381 1967 pu-

1825 2002 1976 2057 gnas.
2023 1989 2081 2041 5.
2139 1988 2215 2040 De
2269 1999 2625 2057 paupertate,
2674 1999 2835 2057 utque
2889 1990 3062 2044 vitare
3101 1991 3380 2042 avaritiam

1823 2088 2087 2148 oporteat.
2130 2079 2185 2134 6.
2222 2080 2294 2132 De
2332 2080 2586 2148 patientia
2641 2095 2705 2133 ac
2760 2079 3093 2133 fortitudine.
3140 2079 3191 2132 7.
3241 2078 3385 2134 Nihil

1824 2187 1947 2226 esse
1994 2185 2089 2239 per
2145 2171 2561 2224 ostentatiOnem
2620 2173 2902 2239 agendum.
2946 2172 2999 2225 8.
3036 2172 3226 2241 162a
3270 2171 3383 2226 Non

1825 2274 2075 2330 oportere
2093 2279 2416 2331 quemquam
2443 2264 2705 2329 judicare.
2739 2266 2791 2319 9.
2825 2266 2897 2319 De
2930 2268 3269 2320 discretione.
3296 2266 3381 2319 10.

1827 2356 2077 2410 Sobrium
2113 2355 2251 2424 (sive
2285 2358 2761 2424 circumspectum)
2806 2372 3018 2425 semper
3070 2372 3188 2411 esse
3226 2373 3387 2425 opor-

1828 2459 1960 2505 tere.
1992 2449 2080 2501 11.
2114 2449 2336 2501 Assidue
2370 2464 2512 2511 esse,
2552 2460 2605 2502 et
2651 2464 2785 2502 cum
2828 2450 3122 2503 attentione
3162 2465 3387 2517 precan-

1826 2545 1973 2595 dmn.
2008 2542 2095 2595 12.
2126 2540 2559 2609 Hospitalitatem
2580 2556 2700 2594 esse
2731 2556 2793 2595 ac
2819 2543 3242 2595 miscricordiam
3266 2560 3383 2594 t'nut

1827 2633 2101 2689 hilaritate
2133 2635 2517 2686 exercendam.
2564 2632 2647 2685 l5.
2690 2630 3058 2685 Obedientiutn
3091 2632 3265 2685 docet.
3297 2632 3383 2685 14.

1831 2726 1902 2779 De
1929 2726 2252 2779 humilitate.
2300 2725 2389 2778 15.
2423 2726 2493 2777 lie
2537 2724 2798 2777 malorum
2846 2724 3145 2777 tolerantia.
3192 2724 3275 2778 16.
3315 2724 3387 2776 De

1828 2817 2133 2870 dilectione.
2179 2817 2266 2869 17.
2297 2815 2371 2869 De
2403 2817 2467 2869 iis
2490 2815 2600 2886 (81)
2633 2816 2975 2885 quivisiones
3007 2816 3273 2869 viderunt.
3296 2816 3379 2869 18.

1829 2909 1902 2962 De
1932 2912 2151 2964 senibus
2170 2911 2259 2977 qui
2285 2910 2542 2964 miracula
2567 2917 2869 2976 patrarunt.
2900 2909 2984 2963 19.
3008 2910 3082 2963 De
3116 2909 3384 2963 variorum

1828 3014 2133 3057 sanctorum
2170 3004 2388 3055 Patrum
2434 3004 2546 3055 vita
2583 3002 2689 3056 Deo
2724 3013 2895 3068 grata.
2925 3001 3013 3056 20.
3043 3000 3385 3069 Aliquot(8%t

1830 3111 2012 3149 eorum
2035 3095 2125 3163 qui
2160 3096 2211 3147 in
2235 3095 2527 3147 monastica
2555 3094 2943 3147 exercitatione
2997 3104 3387 3146 consenuerant

124 3177 444 3242 πρᾶιέγματα
492 3174 599 3225 τῶν
659 3175 715 3224 ἐν
748 3173 981 3241 ἀσκήσει
1027 3172 1409 3240 γηρασάντιων.
1448 3167 1566 3223 εἶτα
1592 3171 1653 3223 τὸ
1678 3178 1723 3224 α’
1752 3195 1781 3252 ε

1752 3195 1794 3252 C
1829 3188 1965 3241 scite
2025 3189 2186 3240 dicta.
2232 3186 2321 3239 21.
2382 3186 2710 3239 Collationes
2768 3185 2876 3255 (83)
2914 3187 3157 3239 continet
3198 3200 3381 3237 senum

123 3270 227 3319 καὶ
279 3267 331 3317 κ’
384 3266 648 3328 διαλέξεις
708 3266 917 3331 εἰσάγει
971 3263 1242 3331 γερόντων
1276 3263 1403 3330 περὶ
1447 3262 1725 3330 λογισμῶν

122 3360 277 3426 πρὸς
306 3357 595 3426 ἀλλήλους.
632 3357 743 3408 Καὶ
780 3356 840 3407 τὸ
899 3355 990 3405 ἐπὶ
1022 3356 1157 3405 πᾶσι
1212 3353 1255 3420 β’
1280 3354 1371 3404 καὶ
1406 3352 1451 3404 κ’
1480 3352 1607 3423 [520
1632 3351 1724 3423 R.]

136 3449 420 3517 Ἰἶσνχίου
446 3448 817 3517 πρεσϐυτέρου
864 3445 1254 3514 Ἰεροσολύμων
1280 3443 1505 3511 γνώμας
1576 3462 1728 3513 περι-

126 3546 275 3610 έχει.
327 3542 423 3594 Ἐν
452 3536 532 3601 οἷς
562 3540 653 3591 καὶ
677 3540 705 3589 ὁ
735 3538 954 3606 σύμπας
971 3536 1064 3589 τοῦ
1092 3536 1297 3604 βιϐλίου
1320 3536 1651 3604 ἀπηρτίζετο
1681 3536 1727 3567 ⁵⁸

123 3636 322 3699 λόγος,
356 3631 777 3700 χρειωδέστατος
804 3629 1097 3690 καθεστὼς,
1126 3629 1285 3696 εἴπερ
1346 3644 1402 3678 τι
1431 3628 1579 3687 ἄλλο,
1616 3630 1726 3691 τοῖς

126 3727 227 3778 ἐπὶ
272 3723 356 3791 τῷ
407 3722 590 3791 κλήρῳ
634 3721 743 3772 τῶν
766 3720 1013 3791 οὐρανῶν
1060 3720 1149 3772 τὸν
1194 3718 1305 3787 βίον
1340 3719 1725 3789 ἀσκουμένοις.

130 3819 304 3883 Ἔχει
335 3816 393 3865 δὲ
420 3815 559 3865 κατά
586 3814 682 3882 τὴν
704 3812 1035 3880 ἐπαγγελίαν
1052 3812 1110 3864 τὸ
1143 3812 1189 3841 ⁸⁵
1220 3812 1407 3879 σαφὲς,
1443 3814 1538 3864 καὶ
1560 3808 1728 3864 τᾶλλα

124 3907 411 3968 τοιοῦτος,
436 3902 545 3967 οἷος
577 3906 640 3958 ἀν
671 3908 879 3973 γένοιτο
902 3906 1155 3974 ἀνδράσιν
1180 3902 1436 3973 ἁρμόζων
1461 3905 1596 3975 πρὸς
1629 3904 1726 3973 μὲν

126 3997 423 4054 roranti
442 3995 631 4064 λόγους
676 3996 861 4064 ἀγῶνα
897 3997 1019 4066 μηδ’
1046 3997 1173 4066 [‘268
1199 3994 1292 4065 11.]
1331 3997 1725 4066 ἐπεστραμμέ-

127 4112 274 4157 νοις,
312 4093 494 4144 πάντα
522 4092 575 4142 δὲ
601 4092 689 4142 τὸν
716 4090 872 4141 πόνον
905 4089 1000 4141 καὶ
1030 4088 1126 4156 τὴν
1156 4088 1390 4158 σπουδήν
1411 4090 1491 4152 είς
1519 4090 1614 4160 τὴν
1635 4091 1726 4143 ἐπὶ

126 4191 251 4249 τοῖς
284 4185 474 4254 ἔργοις
505 4183 736 4251 ἄσκησιν
759 4182 1229 4251 ἀναδεδεγμένοις.

862 4274 1023 4339 Ριιθο.

143 4371 441 4426 Ἰωάννου
461 4368 567 4422 τοῦ
596 4368 845 4437 Μόσχου
870 4372 933 4454 τὸ
956 4370 1109 4423 Νέον
1159 4372 1485 4442 λεγόμενον
1509 4376 1727 4439 Λειμω-

818 4455 1047 4505 raptor.

1830 3278 1971 3331 inter
2002 3278 2146 3346 ipsos
2188 3280 2251 3331 de
2303 3280 2415 3331 suis
2449 3277 2990 3331 consideratimiibus.
3021 3279 3101 3330 Ad
3136 3277 3248 3330 haec
3273 3292 3388 3329 om-

1828 3371 1939 3434 nia,
1978 3370 2049 3422 22
2093 3380 2146 3423 et
2173 3370 2415 3424 ultimum
2476 3381 2660 3439 caput,
2695 3373 2989 3424 sententias
3010 3371 3120 3438 (84)
3149 3372 3388 3423 continet

1830 3461 2084 3531 Hesychii
2132 3464 2432 3532 presbyteri
2468 3462 2950 3529 llierosolymitani
2987 3465 3214 3529 :quibus
3242 3472 3293 3515 et
3326 3462 3388 3514 li-

1828 3555 1924 3608 ber
1957 3556 2045 3609 hic
2077 3566 2218 3608 totus
2275 3555 2593 3618 absolvitur,
2646 3554 2963 3607 utilissimus
3010 3554 3249 3620 profecto
3294 3556 3379 3616 iis,

1829 3647 1871 3699 si
1900 3647 2019 3713 quis
2048 3645 2204 3709 alius,
2237 3646 2327 3712 qui
2360 3648 2426 3698 ad
2458 3644 2599 3698 C(ele
2615 3654 2749 3697 stem
2791 3644 3153 3697 [nereditatem
3187 3660 3385 3711 paran—

1831 3737 1952 3791 dam
1992 3736 2154 3788 vitam
2191 3752 2342 3789 suam
2378 3745 2725 3803 componunt.
2768 3734 2997 3789 Adhibet
3032 3736 3190 3799 idem,
3228 3750 3385 3801 quam

1831 3829 2173 3898 promiserat,
2204 3829 2643 3897 perspicuitatem
2677 3842 2890 3897 quoque
2927 3845 2940 3881 :
2974 3828 3382 3895 alioquieaztera

1831 3919 1973 3984 talis,
2010 3921 2184 3988 qualis
2236 3922 2301 3973 iis
2352 3931 2508 3987 aptus
2554 3920 2625 3973 sit
2659 3921 2811 3982 viris,
2852 3921 2940 3987 qui
2990 3922 3186 3974 nonde
3212 3920 3387 3971 verbis

1831 4011 2099 4073 laborent,
2130 4014 2219 4065 sed
2238 4028 2452 4066 omnem
2486 4027 2703 4080 operam
2726 4022 2885 4081 atque
2905 4022 3154 4066 conatum
3186 4013 3235 4065 in
3260 4027 3388 4079 0pc-

1832 4101 1912 4155 rib
1951 4117 1977 4155 s
2010 4103 2323 4155 exercendis
2362 4112 2580 4170 ponant.

2491 4276 2717 4331 CXCIX.

2491 4277 2579 4331 CX
2631 4277 2717 4331 IX.

1948 4370 2170 4424 Joannis
2200 4368 2398 4423 Moschi
2423 4277 2667 4435 Pratufn,
2688 4369 2790 4423 sive
2819 4367 3076 4421 Hortalus
3102 4384 3283 4421 novus.

222 4531 579 4602 Ἀνεγνώσθη
632 4530 830 4601 βιϐλίον
871 4533 1028 4584 δ’κα).
1082 4530 1124 4585 τ’
1178 4533 1476 4603 διηγήμασι
1526 4551 1734 4606 περιει-
1765 4526 1811 4579 Ῑ)

1765 4526 1811 4579 D
1908 4528 2105 4582 Leotus
2136 4536 2220 4580 est
2267 4526 2401 4579 liber
2452 4535 2683 4594 quatuor
2722 4533 2776 4577 et
2833 4524 3087 4578 trecentis
3136 4534 3391 4579 constans

133 4626 456 4697 λημμένον.
494 4625 638 4692 Πρὸς
662 4625 759 4692 τὴν
782 4623 1080 4692 ἀσκητικὴν
1107 4624 1162 4676 δὲ
1195 4626 1465 4678 καὶτοῦτο
1516 4627 1585 4678 τά
1623 4627 1728 4696 μάο

137 4719 313 4771 λιστα
345 4714 630 4768 συντελῶν
656 4716 771 4766 ἐστι
804 4713 1098 4775 πολιτείαν,
1128 4714 1197 4767 τά
1236 4714 1375 4767 αὑτά
1433 4732 1548 4777 πως
1589 4732 1723 4784 πρα-

1834 4620 2268 4674 Narrationibus.
2315 4616 2412 4672 Hic
2460 4632 2672 4687 quoque
2713 4618 3022 4670 monasticae
3051 4617 3388 4684 petissitnum

1834 4714 1957 4767 vitae
1979 4713 2252 4775 conducit,
2287 4713 2581 4777 eademque
2624 4708 2743 4762 fere
2789 4722 2909 4762 cum
2952 4710 3231 4776 superiore
3270 4723 3390 4777 per-

1394 4851 1627 4906 VARUE
1685 4848 2091 4904 LECTlONES.

221 5018 273 5049 ⁸³
310 5016 405 5067 καὶ
448 5016 573 5077 τοὺς
600 5014 1117 5084 ἐξῆςάκμασάντων
1148 5032 1208 5077 ς.

146 5091 196 5121 ⁸³
236 5087 501 5157 βρώμασι
540 5102 598 5148 ς’.
672 5086 719 5118 ⁸³
742 5085 798 5137 δὲ
829 5081 950 5139 add.
986 5085 1051 5138 Α.
1128 5085 1174 5115 "
1194 5081 1556 5151 ἀπαρτίζεται
1581 5097 1641 5143 ς.

1284 5011 1326 5042 ⁸³
1350 5012 1443 5061 καὶ
1462 5011 1502 5060 Λ
1537 5028 1549 5062 :
1576 5010 1683 5079 γάρ
1716 5027 1777 5071 ς.
1852 5011 1898 5042 ⁸ο
1928 5010 2245 5078 παράδεισιν
2264 5010 2296 5062 Α

1284 5081 1556 5143 αρτίςεται
1581 5097 1641 5143 ς.
1718 5080 1765 5111 ⁸⁸
1795 5080 1854 5131 τὸ
1883 5081 1928 5133 Α
1956 5098 1968 5133 :
1998 5081 2095 5132 καὶ
2141 5082 2202 5133 τὸ
2237 5097 2296 5143 ς.

1852 5011 1898 5042 ⁸ο
1928 5010 2245 5078 παράδεισιν
2264 5009 2328 5063 Α.
2401 5011 2444 5043 ⁸¹
2472 5011 2598 5073 τοὺς
2626 5010 2673 5064 Α
2702 5026 2719 5064 :
2752 5010 3023 5072 πολιτείας
3048 5011 3141 5064 καὶ
3169 5012 3293 5074 τοὺς
3324 5028 3383 5074 ς’.

1658 5194 1895 5251 NOTAE.

226 5296 346 5367 (79)
376 5294 508 5367 Quae
528 5292 708 5347 omnia
740 5289 1000 5367 ΔΗιιεχοίιὶἱ
1020 5290 1300 5367 duntaxat
1329 5288 1614 5342 sententiis
1638 5303 1733 5341 ex-

151 5362 376 5438 ceptis,
443 5364 711 5438 leguntur;
740 5364 806 5438 iu_
838 5363 974 5415 Vitis
1018 5362 1278 5438 Patimur,
1316 5371 1468 5425 parte
1513 5373 1573 5417 ιι,
1614 5368 1734 5421 post

153 5429 592 5494 Adhortationes
637 5432 735 5486 SS.
774 5432 993 5485 Patrum
1027 5429 1505 5500 professionesque
1544 5443 1735 5482 mona-

156 5512 424 5565 chorum.
462 5515 517 5555 ut
547 5503 616 5555 ibi
646 5505 870 5555 editum.

230 5575 355 5642 (80)
392 5573 734 5626 Prteteritum
770 5570 1054 5642 ttic,rquod
1082 5570 1147 5624 de
1170 5567 1587 5637 compunctione
1617 5575 1731 5621 ter-

159 5652 241 5704 tio
274 5641 398 5699 luto
432 5645 481 5695 in
507 5643 655 5695 libris
686 5642 843 5694 editis
888 5641 1100 5706 legitur.

237 5717 358 5785 (81)
395 5714 531 5779 Περὶ
568 5710 911 5785 διορατικῶν.
949 5709 1299 5764 Euteudanda
1329 5706 1418 5761 hic
1458 5707 1726 5761 editorum

162 5783 438 5854 libroruin
462 5783 762 5851 ἐπιγραφή.
890 5850 900 5854 _
975 5848 985 5854 .
1050 5848 1093 5854 __
1199 5848 1208 5854 _
1325 5847 1391 5854 η
1594 5846 1604 5854 ,

236 5854 357 5927 (89.)
400 5851 514 5908 lluc
541 5847 747 5918 septem
788 5848 1019 5920 capitula
1048 5848 1242 5918 Moysis
1271 5847 1335 5903 ad
1360 5847 1720 5917 Pyrmcnium,

1834 5299 1887 5344 et
1918 5302 2037 5356 quaa
2066 5289 2136 5343 ibi
2173 5299 2494 5356 sequuntur,
2521 5287 2715 5344 refero.

1903 5360 2016 5431 (83)
2042 5359 2151 5413 Hoc
2185 5360 2313 5412 illud
2350 5374 2469 5431 esse
2496 5374 2615 5427 cap.
2660 5364 2933 5428 existimo,
2964 5360 3107 5431 quod
3144 5358 3194 5411 in
3236 5358 3386 5414 libris

1831 5430 1991 5480 editis
2043 5445 2118 5491 tv,
2167 5430 2341 5497 partis
2388 5430 2483 5481 ult.
2526 5436 2592 5482 de
2641 5430 3083 5487 meditationibus
3138 5444 3211 5482 sit
3259 5444 3386 5481 ana-

1835 5500 2203 5572 chorctarum.
2245 5499 2595 5572 inscribitur,
2613 5499 2869 5572 idemque
2908 5503 3048 5572 quod
3079 5502 3131 5555 in
3156 5501 3382 5568 August.

1832 5569 2078 5621 bibliotb.
2116 5568 2388 5636 Catalogo,
2416 5570 2537 5623 cod.
2569 5568 2657 5627 68.
2694 5568 2837 5628 num.
2863 5574 2914 5625 2.

1908 5638 2018 5707 (84)
2048 5638 2309 5711 Ducentte
2350 5641 2511 5711 hodie
2539 5642 2603 5691 ad
2635 5638 2960 5711 ’I‘lteOtlolttnt
2994 5653 3225 5707 exstant,
3267 5654 3384 5711 post

1835 5706 2622 5783 opuscula__Ma_rei_anachor.
2652 5710 2878 5767 Lutetiae
2912 5712 3122 5783 vulgata
3165 5706 3383 5768 a’Joan.

1837 5777 1961 5834 Pico
1991 5779 2057 5831 A.
2090 5779 2189 5835 Clt.
2223 5778 2382 5833 1565.
