4196 6442
114 413 216 475 669

1124 417 1645 478 BIBLIOTHECA.
1675 414 1980 475 --CODD.
2013 414 2120 488 CC,
2156 414 2289 476 CCI.

3242 415 3345 481 670

115 527 365 591 γλῶτταν
387 525 430 557 ⁶⁹
450 540 465 555 ·
499 525 545 575 εἱ
572 525 628 576 δέ
668 542 769 577 που
797 525 923 594 [269
950 525 1042 593 11.!
1074 526 1133 577 τὸ
1181 528 1387 589 ἀσαφὲς
1410 528 1687 592 ἐνορᾶται,
1718 528 1765 581 Α

1718 528 1765 581 Α
1794 536 1983 577 curate
2031 524 2266 589 linguam
2316 533 2623 590 componat.
2678 523 2857 578 Sicubi
2905 541 3033 581 vero
3064 530 3114 582 in
3147 533 3229 585 his
3247 537 3345 589 ob-

116 619 192 686 τῷ
226 618 318 670 διὰ
369 616 618 685 πράξεως
672 618 808 669 αύτά
843 618 1139 682 πεφυκέναι
1174 613 1373 683 μᾶλλον
1399 613 1681 664 κατανοεῖ-

122 711 247 759 σθαι
290 708 565 774 ἀναχωρεί
600 707 697 772 τῆς
746 705 836 757 διὰ
881 705 1053 771 λόγων
1103 703 1421 773 ἑρμηνείας,
1456 702 1579 769 οὐχὶ
1609 701 1687 769 τῷ

119 797 400 858 δυσκόλως
431 797 702 863 εἰρῆσθαι.
733 796 804 846 Τὸ
828 796 883 847 δὲ
916 797 1154 847 τοιοῦτον
1177 796 1276 846 οὐκ
1301 796 1358 845 ὲν
1388 795 1501 853 τοῖς
1534 794 1688 860 εἰρη-

124 888 310 951 μένοις
346 887 507 953 μόνον
560 884 922 949 ἀναφαίνεται
966 885 1166 949 λόγοις,
1214 882 1348 935 ἀλλά
1378 883 1470 932 καὶ
1490 884 1549 933 ὲν
1575 881 1689 940 τοῖς

121 976 283 1042 ἑξῆς·
321 976 417 1026 καὶ
438 975 558 1042 οὐχὶ
587 975 730 1043 μόνῳ
750 974 884 1043 τῷδε
907 976 984 1043 τῷ
1041 975 1214 1042 ἀνδρὶ,
1252 972 1386 1025 ἀλλά
1415 974 1459 1002 ⁷ο
1489 969 1687 1039 μικροῦ

124 1075 317 1133 πᾶσιν,
343 1066 426 1132 οἷς
454 1072 780 1138 ἀσκητικοὺς
806 1072 997 1139 νόμους
1015 1071 1106 1121 καὶ
1137 1069 1279 1136 πάθη
1304 1069 1395 1119 καὶ
1424 1066 1691 1126 διαθέσεις

123 1164 188 1215 δι’
242 1163 426 1231 ἔργων
469 1161 748 1230 χωρούσας
778 1160 1143 1227 ἀπαγγέλλειν
1188 1158 1377 1225 γέγονε
1407 1155 1634 1223 σπουδὴ,
1667 1156 1694 1205 ὁ

126 1256 226 1321 τῆς
249 1254 509 1321 τοιαύτης
538 1253 803 1318 ἀσαφείας
837 1251 1049 1319 ὲνιαχοῦ
1089 1249 1415 1318 συμπρόεισι
1472 1247 1693 1315 τρόπος,

129 1348 228 1414 τῆς
255 1348 321 1398 ὲκ
343 1346 389 1375 ⁷³
420 1345 527 1397 τῶν
558 1344 733 1413 ἔργων
759 1344 937 1395 αὐτῶν
992 1341 1337 1407 ἐπιγνώσεως
1382 1338 1442 1390 οὗ
1466 1356 1519 1390 τι
1557 1337 1698 1406 μάλα

135 1432 591 1502 στεργούσηςτάς
612 1433 699 1483 διὰ
723 1432 831 1482 τῶν
857 1431 1115 1500 ῥημάτων
1144 1428 1524 1497 ὲπιδηλώσεις.
1557 1426 1696 1478 Ἀλλ’

130 1524 277 1573 οὕτω
318 1524 418 1589 μὲν
445 1523 573 1590 περ).
587 1522 795 1573 τούτου.
830 1522 898 1573 Ὅ
925 1538 986 1587 γε
1025 1523 1129 1589 μὴν
1150 1520 1190 1573 δ’
1224 1521 1400 1585 λόγος,
1428 1520 1505 1580 εἰς
1531 1518 1699 1570 τύπον

134 1614 467 1681 ἐρωτήσεως
493 1614 583 1664 καὶ
614 1613 956 1681 ἀποκρίσεως
979 1611 1472 1680 ἐσχηματισμένος,
1498 1610 1703 1661 δείκνυ-

1794 613 2030 666 scuritas
2075 612 2250 679 aliqua
2274 616 2539 676 cernitur,
2580 616 2700 669 ideo
2732 617 2983 669 nimirum
3014 620 3084 673 ab
3116 637 3198 682 ca,
3229 638 3346 690 qua:

1795 721 1893 773 per
1926 707 2090 759 verba
2119 705 2177 758 fit
2208 703 2403 774 [clara]
2432 708 2793 774 explicatione
2826 710 3051 771 recedit,
3080 714 3219 779 quod
3237 715 3347 767 lucc

1795 796 2204 864 ejusmodisint,
2250 802 2305 847 ut
2348 810 2442 861 per
2477 800 2741 850 actionem
2806 800 2971 865 ipsam
3015 802 3345 864 potissimum

1797 887 2000 954 percipi
2042 886 2293 948 debeant,
2330 900 2434 937 non
2468 887 2610 949 quod
2640 886 2925 940 dillicultcr
2958 890 3143 940 eadem
3172 893 3351 957 expri-

1800 980 1870 1031 mi
1903 979 2149 1030 oratione
2186 977 2415 1043 possint.
2443 978 2592 1040 Quod
2620 992 2687 1028 no
2761 979 2809 1028 in
2841 978 2985 1031 hisce
3006 983 3177 1031 solum
3204 982 3350 1034 libris

1801 1087 1900 1123 usu
1942 1071 2121 1134 venit,
2175 1070 2267 1122 sed
2314 1080 2368 1122 et
2416 1069 2467 1121 in
2516 1069 2638 1121 aliis
2679 1069 2776 1121 ULi.
2808 1085 2927 1136 seps
2981 1074 3349 1139 sequentibus.

1801 1162 1939 1227 Quin
1972 1176 2142 1228 neque
2179 1162 2231 1213 in
2266 1161 2365 1213 hoc
2389 1160 2646 1212 duntaxat
2668 1161 2952 1227 scriptore,
2985 1177 3164 1215 verum
3192 1165 3350 1215 etiam

1805 1256 1857 1307 in
1890 1254 2140 1305 omnibus
2168 1252 2337 1306 ferme
2369 1253 2458 1314 iis,
2493 1252 2582 1320 qui
2623 1253 2688 1304 de
2712 1253 2959 1305 asceticis
2988 1255 3272 1317 inStitutis,
3303 1266 3356 1308 et

1803 1346 1870 1397 de
1916 1344 2409 1412 perturbationibus
2447 1353 2605 1410 atque
2649 1342 3046 1406 affectionibus,
3099 1360 3216 1413 que
3265 1362 3358 1413 per

1806 1436 1919 1503 ipsa
1949 1436 2315 1503 producuntur
2343 1449 2528 1501 opera,
2562 1436 2756 1488 docere
2782 1437 2982 1503 aliquid
3015 1439 3353 1503 studuerunt,

1805 1527 2065 1593 ejusmodi
2098 1526 2444 1579 obscuritatis
2467 1526 2652 1578 vitium
2674 1526 2867 1578 alicubi
2902 1528 3172 1579 invenitur
3199 1544 3212 1591 ;
3238 1544 3355 1596 qua:

1808 1621 1951 1672 enim
1984 1633 2048 1671 ex
2088 1619 2219 1685 ipsis
2269 1626 2351 1669 est
2385 1618 2638 1682 operibus
2665 1629 2916 1684 percepta
2946 1620 3203 1685 cognitio,
3253 1636 3354 1671 non

136 1722 223 1756 σιν
257 1703 337 1764 ὡς
373 1703 435 1756 τὸ
464 1705 728 1771 σωτήριον
779 1702 1060 1770 βάπτισμα
1110 1703 1208 1771 τὴν
1255 1700 1567 1769 ἐλευθερίαν
1609 1702 1704 1753 καὶ
1737 1718 1780 1774 Β

1702 1738 1704 1747 ι
1737 1718 1780 1774 Β
1808 1723 1978 1775 usque
2008 1712 2141 1761 adeo
2185 1708 2362 1760 verbis
2390 1709 2655 1773 explicari
2694 1718 2943 1761 contenta
2980 1718 3081 1761 est.
3112 1710 3212 1761 Sed
3247 1711 3359 1762 haec

134 1793 226 1845 τὸν
271 1793 616 1861 καθαρισμὸν
655 1792 762 1843 τῶν
798 1792 1210 1861 ἁμαρτημάτων
1267 1791 1543 1859 μυστικῶς
1575 1791 1707 1860 ἡμῖν

138 1886 441 1955 ἐχαρίσατο
487 1887 530 1915 ⁷³
574 1887 667 1936 καὶ
700 1886 798 1954 τὴν
832 1886 990 1954 χάριν
1029 1884 1122 1936 τοῦ
1174 1885 1437 1949 παναγίου
1484 1882 1707 1952 ἐνῴκισε

138 1976 484 2044 Πνεύματος,
527 1977 620 2028 καὶ
675 1976 881 2027 τοιαῦθ’
915 1976 1096 2044 ἔτερα.
1137 1975 1194 2027 Ὁ
1222 1974 1278 2026 δὲ
1306 1981 1345 2026 ε’
1398 1975 1711 2027 διαπλάττει

138 2073 231 2125 τὸν
261 2071 392 2123 νοῦν
443 2071 577 2139 πρὸς
610 2072 709 2137 τὴν
748 2071 951 2122 οἰκείαν
1001 2070 1178 2139 ψυχὴν
1239 2070 1549 2139 συμϐουλὴν
1601 2065 1710 2121 οἷον

139 2164 620 2231 ἀνακοινούμενον,
648 2163 712 2214 δι’
735 2158 801 2233 ἧς
844 2165 942 2215 οὐκ
972 2162 1162 2224 ἄλλους
1212 2164 1435 2224 αἰτίους,
1471 2161 1583 2213 ἀλλ’
1616 2162 1715 2213 αύ-

140 2259 270 2318 τοὺς
306 2258 453 2324 ἡμᾶς
477 2255 585 2306 τῶν
615 2255 1077 2324 ἁμαρτανομένων
1132 2255 1511 2320 ἀποφαίνεται,
1553 2255 1660 2306 Καὶ
1686 2254 1714 2305 ὁ

143 2346 201 2410 ς’
228 2347 287 2398 δὲ
314 2348 397 2407 εἰς
417 2345 658 2411 διάλογον
679 2342 1091 2413 σχηματίζεται,
1114 2346 1464 2413 σχολαστικὸν
1481 2347 1714 2412 είσάγων

141 2438 266 2489 τινὰ
294 2436 435 2504 πρὸς
460 2437 685 2503 Μάρκον
710 2437 871 2487 αὑτὸν
897 2435 1298 2503 διαλεγόμενον,
1324 2430 1398 2489 ὧν
1444 2439 1512 2488 τά
1542 2436 1713 2502 κεφά-

143 2528 275 2579 λαια
308 2530 395 2580 ὅτι
416 2526 494 2579 δεῖ
522 2527 881 2601 ἀδικούμενον
912 2528 983 2597 μὴ
1032 2527 1335 2595 ἀμύνεσθαι
1377 2528 1506 2597 μηδὲ
1546 2544 1715 2579 κατα-

145 2623 361 2690 κρίνειν
410 2622 531 2682 τοὺς
574 2622 913 2684 ἀδικοῦντας,
946 2621 1062 2671 ἀλλ’
1110 2620 1253 2673 ίδίων
1308 2621 1716 2689 ἁμαρτημάτων

146 2714 471 2781 εἰσπράξεις
501 2714 750 2782 ἡγεῖσθαι
783 2713 882 2774 ιάς
911 2714 968 2777 ἐξ
995 2713 1356 2781 ἐτέρωνιὴμίν
1388 2713 1718 2781 ἐπιφερομέ-

146 2823 245 2867 νας
269 2806 315 2835 ⁷⁸
337 2804 630 2873 ἐπηρείας·
671 2806 760 2856 mi
793 2805 872 2856 ὅτι
918 2804 1154 2872 χαλεπὸν
1176 2806 1208 2872 ἡ
1238 2804 1716 2873 ἀνθρωπαρεσκία,

148 2900 243 2949 καὶ
270 2898 349 2958 ὡς
381 2899 462 2949 δεῖ
495 2897 695 2957 παντὸς
726 2896 1038 2963 σωματικοῦ
1071 2897 1232 2965 ἔργου
1253 2896 1430 2965 πολλῷ
1468 2897 1545 2965 τῷ
1574 2896 1721 2964 μέσῳ

146 2991 246 3053 τὴν
268 2989 583 3057 προσευχὴν
622 2989 966 3055 προτάττειν,
1031 2991 1125 3039 καὶ
1157 2988 1209 3039 τί
1237 2990 1351 3038 ἐστι
1402 2988 1463 3039 τὸ
1510 2987 1720 3053 θέλημα

1811 1800 2090 1853 hactenus.
2128 1799 2363 1863 Quartus
2421 1813 2581 1864 porro
2619 1798 2753 1852 liber
2791 1799 3171 1865 interrogantis
3200 1810 3359 1865 atque

1813 1892 2179 1959 respondentis
2196 1890 2366 1944 forma
2384 1906 2499 1944 com
2509 1892 2733 1959 positus,
2751 1893 2902 1945 docet
2918 1892 3247 1945 salutiferttm
3268 1894 3362 1946 ba-

1812 1986 2029 2055 ptisma,
2053 1998 2172 2037 cum
2199 1984 2568 2037 liberationem
2591 1984 3056 2052 expiationemque
3075 1985 3356 2037 criminum

1813 2077 2035 2143 mystice
2050 2074 2201 2127 nobis
2220 2073 2529 2136 contulisse,
2552 2081 2662 2125 tum
2686 2072 2856 2125 sancti
2881 2071 3114 2137 Spiritus
3136 2072 3359 2139 gratiam

1814 2167 2118 2220 infudisse:
2155 2164 2345 2234 163a
2392 2174 2445 2217 et
2483 2165 2533 2218 id
2568 2180 2736 2231 genus
2786 2163 3153 2229 alia.Quintus
3173 2166 3361 2218 deinde

1816 2257 2010 2309 mentis
2045 2258 2190 2309 velut
2220 2257 2692 2321 consultationem,
2726 2272 2843 2309 cum
2873 2271 2967 2309 sua
2998 2256 3162 2322 ipsius
3186 2259 3361 2310 anima

1818 2351 1890 2402 ita
1923 2350 2147 2411 inducit,
2178 2358 2235 2401 ut
2260 2363 2356 2401 nos
2387 2349 2532 2415 ipsos
2568 2358 2814 2400 auctores
2851 2362 2971 2402 esse
3000 2359 3359 2415 peccatorum,

1818 2454 1921 2492 non
1953 2454 2079 2491 vero
2111 2439 2163 2490 in
2184 2437 2317 2490 alios
2340 2442 2551 2504 culpam
2581 2435 2983 2499 conferendam,
3011 2438 3361 2490 demonstret.

1821 2530 2016 2584 Sextus
2040 2541 2218 2583 autem
2247 2529 2441 2597 dialogi
2499 2528 2667 2582 forma
2711 2530 3068 2595 conscriptus,
3097 2543 3201 2596 quo
3241 2543 3366 2581 cau-

1820 2624 2021 2677 sidicus
2054 2622 2267 2689 quidam
2303 2637 2424 2673 cum
2459 2619 2638 2673 Marco
2665 2621 2778 2686 ipso
2806 2620 3077 2673 disserens
3104 2622 3366 2672 inducitur

1822 2724 2161 2781 tractantque
2190 2715 2299 2766 haec
2331 2712 2441 2764 fere
2467 2715 2639 2779 capita
2673 2730 2687 2765 :
2719 2713 2818 2776 Qui
2853 2712 3100 2780 injuriam
3149 2728 3369 2780 accepe-

1821 2807 1915 2869 rit,
1956 2804 2141 2857 ulcisci
2195 2819 2299 2857 non
2334 2804 2549 2865 debere,
2603 2816 2699 2855 nec
2744 2805 2875 2854 adeo
2930 2804 3047 2855 illus
3096 2804 3367 2866 damnare,

1823 2895 1912 2963 qui
1964 2895 2213 2961 injttriam
2252 2893 2500 2954 fecerint,
2529 2907 2647 2944 cum
2701 2906 2974 2957 pceuarutn
3019 2892 3281 2958 sitpotius
3307 2894 3368 2944 de

1825 2990 2061 3057 peccatis
2118 2988 2322 3040 nostris
2370 2988 2659 3051 rcputanda
2709 2984 2939 3045 exactio,
2986 2998 3105 3051 qua:
3145 2984 3210 3035 ab
3256 2984 3371 3036 aliis

145 3082 249 3148 τῆς
278 3082 504 3147 σαρκός.
547 3081 602 3131 Ὀ
630 3080 685 3132 δὲ
712 3080 775 3142 ζ’,
810 3083 909 3131 οὐκ
940 3082 1019 3140 είς
1040 3081 1106 3131 τὰ
1136 3080 1243 3131 τῶν
1274 3081 1531 3148 ῥημάτων
1565 3080 1722 3146 ἀμοι-
1746 3059 1791 3122 C

1714 3059 1791 3122 -Ο
1827 3083 1982 3135 nobis
2014 3079 2315 3131 inferantur
2338 3078 2567 3145 injuriae.
2600 3075 3044 3143 Diﬂlcilequoquc
3066 3076 3371 3128 esschmni-

145 3172 282 3223 6αἷα
306 3172 355 3202 ⁷⁸
416 3170 861 3237 διατυπούμενος,
897 3170 1022 3239 περὶ
1051 3171 1303 3238 νηστείας
1349 3169 1723 3237 διαλαμϐάνει.

155 3262 219 3315 Ὀ
252 3263 312 3315 δὲ
341 3268 420 3330 η’,
464 3262 716 3328 Νικολάῳ
749 3261 855 3312 τινὶ
903 3261 1120 3329 μοναχῷ
1160 3263 1543 3329 γεγραμμένος
1565 3302 1579 3325 ,
1618 3264 1725 3314 τίσι

150 3354 395 3422 μάλιστα
442 3352 749 3415 κοιμίζεται
784 3352 829 3381 ⁷⁸
870 3351 1035 3419 θυμὸς
1063 3353 1157 3403 καὶ
1187 3352 1380 3419 ὲργὴῆ
1422 3352 1515 3402 καὶ
1546 3353 1726 3403 τέλεον

146 3445 535 3509 καταργεῖται,
561 3443 926 3504 ἀναδιδάσκει,
961 3444 1054 3494 καὶ
1077 3443 1219 3493 τίσιν
1247 3444 1279 3508 ἡ
1314 3458 1377 3491 σα
1390 3443 1545 3509 ρκίνη
1602 3444 1724 3491 επι-

149 3535 342 3603 θυμία.
369 3533 555 3586 Ταῦτα
591 3536 708 3602 μὲν,
739 3536 786 3585 εί
816 3534 908 3586 καὶ
934 3533 1073 3585 κατὰ
1107 3534 1166 3584 τὸ
1212 3534 1407 3602 μᾶλλον
1444 3534 1538 3585 καὶ
1570 3528 1728 3601 ἧττον

150 3626 405 3691 ἀλλήλων
435 3623 776 3691 διαφέροντα,
805 3624 950 3690 ὅμως
967 3624 1043 3682 είς
1069 3621 1165 3689 τὴν
1197 3623 1505 3691 πρακτικὴν
1575 3639 1727 3690 χειρ-

149 3717 367 3782 αγωγεῖ
402 3713 719 3782 φιλοσοφίαν
764 3714 833 3765 τά
860 3713 1001 3764 ὀκτὼ
1027 3713 1070 3741 ⁷⁸
1099 3713 1206 3764 τῶν
1237 3713 1449 3781 λογίων.
1486 3717 1545 3765 'U
1574 3714 1629 3765 δὲ
1663 3714 1725 3777 0',

152 3808 300 3861 κατά
330 3805 800 3874 Μελχισεδεκιτῶν
859 3805 1276 3872 ἀγωνιζόμενος,
1308 3805 1457 3857 οὐδὲν
1513 3806 1732 3857 ἔλαττον

150 3900 245 3950 τὸν
268 3897 680 3965 γεννησάμενον
700 3896 861 3947 αὐτὸν
898 3895 1160 3965 αἱρέσεως
1192 3896 1373 3963 ἔνοχον
1407 3897 1466 3947 οὐ
1500 3913 1731 3964 μετριω-

153 3988 323 4057 τέρας
364 3987 697 4056 στηλιτεύει·
745 3985 885 4056 πλὴν
941 3986 1018 4053 τῷ
1068 4004 1131 4053 γε
1184 3986 1355 4056 θηρᾷν
1400 3988 1732 4056 πανταχόθεν

156 4080 439 4147 ἐφιεμένῳ
477 4080 537 4129 τὸ
585 4083 873 4147 χρήσιμον,
917 4079 1015 4131 οὐκ
1048 4079 1341 4148 ἀσυντε).ὴς
1380 4080 1528 4149 αύτῷ
1556 4080 1662 4131 οὐδ’
1698 4082 1731 4149 ἡ

159 4177 225 4226 ὲκ
268 4172 463 4224 τούτου
486 4172 792 4236 ἀνάγνωσις
836 4170 1009 4221 ἔσται.
1038 4170 1147 4239 Τὴν
1180 4170 1237 4221 δὲ
1286 4169 1393 4221 τῶν
1427 4172 1733 4239 εἰρημένων

158 4266 338 4329 λόγων
376 4263 531 4328 τάξιν
556 4263 615 4313 οὺ
650 4263 825 4314 πάντα
852 4262 920 4314 τὰ
940 4262 1247 4329 ἀντίγραφα
1298 4262 1395 4331 τὴν
1427 4264 1596 4333 αὐτὴν
1619 4263 1735 4315 δια-

161 4358 356 4420 σώζει.
383 4356 518 4407 ἀλλά
553 4354 668 4406 ἔνια
702 4355 800 4422 μὲν
818 4354 862 4383 ⁷⁷
890 4354 1199 4420 προτάττει,
1246 4351 1381 4404 ἄλλα
1413 4352 1469 4403 δὲ
1500 4352 1731 4404 ὑποτάτ-

159 4466 245 4500 τει
280 4448 359 4508 ὥς
387 4463 507 4498 τινα
532 4447 623 4497 καὶ
656 4444 753 4515 τὴν
775 4445 1008 4513 ἐσχάτην
1030 4445 1142 4504 τοῖς
1169 4442 1405 4510 πρώτοις
1434 4443 1732 4513 ἀπονέμειν

159 4537 354 4608 χώραν
377 4536 445 4589 ⁷⁸.

1828 3175 1984 3227 nibus
2021 3172 2254 3240 placere.
2296 3170 2664 3223 Precatinnem
2699 3168 2893 3221 dehinc
2923 3172 3224 3234 cuicunque
3252 3182 3372 3218 cor—

1827 3263 1996 3328 porali
2029 3261 2180 3328 operi
2231 3261 2389 3327 longo
2419 3273 2537 3312 esse
2582 3258 2864 3311 intervallo
2915 3255 3368 3323 praeponendam:

1826 3368 1881 3410 et
1909 3371 2026 3425 quze
2059 3356 2129 3407 sit
2160 3355 2389 3419 denique
2422 3351 2599 3404 carnis
2640 3350 2907 3401 voluntas.
2944 3348 3214 3415 Septimus
3245 3346 3377 3399 liber

1831 3450 1958 3520 [non
1992 3462 2086 3516 per
2128 3445 2396 3513 dialogum
2424 3440 2680 3512 scriptus]
2719 3444 2784 3493 de
2807 3439 3012 3508 jejunio
3047 3440 3176 3508 agit.
3208 3436 3371 3489 Octa-

1829 3556 1927 3593 vus
1977 3538 2189 3591 tandem
2233 3535 2451 3587 Nicolao
2495 3534 2705 3586 cuidam
2742 3531 3016 3584 ‘tuonacbo
3063 3530 3378 3595 inscriptus,

1834 3633 2028 3700 quibus
2054 3629 2392 3696 potissimum
2429 3627 2504 3677 ira
2536 3640 2597 3675 ac.
2631 3624 2779 3675 furor
2814 3623 2974 3673 animi
3007 3621 3266 3687 sopiatur,
3298 3622 3377 3670 vel

1832 3723 1991 3775 etiam
2023 3722 2237 3788 penitus
2286 3718 2517 3777 tollatur,
2558 3725 2611 3768 et
2641 3716 2833 3782 quibus
2878 3712 3038 3765 etiam
3083 3711 3257 3763 carnis
3287 3723 3381 3761 ex—

1832 3817 2145 3882 stinguatur
2178 3810 2635 3877 concupiscentia,
2660 3812 2867 3858 educet.
2892 3804 2990 3869 Qui
3019 3802 3231 3871 quidem
3261 3810 3382 3852 octo

1835 3908 1983 3965 libri,
2018 3907 2119 3959 etsi
2146 3905 2266 3973 plus
2296 3904 2536 3954 minusve
2575 3902 2680 3951 sint
2710 3900 2851 3950 inter
2880 3912 2938 3949 se
2959 3896 3175 3957 diversi,
3197 3907 3384 3944 omnes

1836 4010 2013 4054 tamen
2065 4000 2128 4050 ad
2176 4004 2492 4064 operantem
2540 3992 2857 4061 sapientiam
2889 3988 3039 4055 quasi
3090 4000 3245 4037 manu
3284 3984 3385 4035 du-

1835 4102 1983 4146 cunt.
2013 4091 2257 4142 Accessit
2296 4097 2346 4140 et
2399 4098 2567 4138 nonus
2606 4084 2763 4143 liber,
2816 4094 2920 4147 quo
2963 4079 3086 4129 dum
3134 4076 3386 4127 adversus

1838 4181 2298 4236 Melchisedccitas
2352 4175 2461 4243 (87)
2504 4176 2791 4240 depugnat,
2846 4169 3010 4220 nihilo
3042 4166 3251 4218 interim
3282 4166 3383 4214 mi—

1840 4287 1937 4324 nus
1962 4272 2015 4323 in
2058 4270 2230 4336 ipsum
2273 4276 2548 4336 parentem
2584 4278 2762 4323 suum,
2812 4258 3033 4312 hteresis
3077 4256 3231 4323 hujus
3270 4254 3386 4305 labe

1840 4362 2287 4419 contaminatum,
2335 4358 2681 4409 vehementer
2724 4350 2993 4404 invehitur
3027 4364 3040 4398 :
3070 4346 3158 4413 qui
3208 4356 3383 4395 tamen

1841 4454 2123 4506 utilitatem
2156 4450 2389 4517 undique
2428 4445 2753 4510 investigare
2788 4441 3079 4498 desideret,
3110 4436 3194 4488 ille
3230 4449 3293 4486 ne
3335 4434 3385 4484 in

1844 4544 1943 4595 hoc
1968 4541 2182 4608 quidem
2222 4538 2441 4606 legendo
2472 4547 2686 4601 operam
2714 4530 2877 4581 ludet.
2910 4528 3054 4581 Ordo
3098 4539 3221 4577 vero
3256 4523 3390 4575 isto-

163 4647 289 4683 rum
316 4629 575 4682 librorum
610 4641 715 4679 non
746 4627 882 4680 idem
919 4625 970 4677 in
1005 4625 1254 4678 omnibus
1286 4634 1368 4677 est
1400 4627 1715 4688 codicibus:
1757 4636 1859 4689 alia
1906 4636 2046 4689 enim
2088 4633 2306 4700 quidam
2380 4635 2697 4697 pneponunt
2722 4661 2737 4685 ,
2788 4623 2889 4672 alia
2977 4616 3285 4685 subjiciunt,
3335 4624 3394 4666 ut

164 4720 365 4792 primis
395 4720 557 4774 etiam
593 4720 756 4787 aliqui
784 4727 1083 4770 extremum
1125 4717 1365 4769 tribuant
1392 4718 1596 4775 locum.

868 4808 986 4861 ΣΝ.

167 4905 466 4971 Διαδόχου
496 4901 761 4968 ψωτιχῆς
793 4902 862 4953 ἐν
883 4900 956 4965 τῇ
973 4898 1197 4966 παλαιᾷ
1212 4901 1459 4967 Ἠπείρῳ
1491 4904 1736 4959 ἐπισκό-

240 4992 364 5027 που
396 4973 519 5038 ὅροι
554 4980 614 5024 ι”
648 4974 746 5024 καὶ
774 4971 1069 5033 ἀσκητικὰ
1107 4972 1489 5039 κεράλαιαβ.
1510 5002 1575 5009 —
1613 4976 1741 5027 Νεί-

236 5050 358 5097 λου
384 5044 653 5109 μαντικοῦ
676 5043 865 5109 Λόγος
900 5041 968 5090 ἐν
994 5042 1341 5105 κεφαλαίοις
1366 5049 1515 5109 pr)“.
1535 5073 1606 5081 —
1632 5045 1741 5097 Καὶ

252 5113 537 5166 Ἰωάννου
563 5112 666 5163 τοῦ
695 5111 1031 5176 Καρπαυίου
1056 5114 1530 5175 ιιαρακλητικός.

241 5203 374 5275 (524
408 5201 500 5272 8.]
550 5201 883 5269 Ἀνεγνώσθη
913 5200 1114 5268 βιϐλίον
1146 5203 1254 5262 τοῖς
1287 5202 1573 5269 ἑπομένοις
1636 5203 1734 5271 μὲν

2559 4800 2687 4856 CCI.

1839 4904 2097 4961 Diadoclti
2153 4899 2387 4951 Photica:
2419 4898 2602 4949 veteris
2635 4893 2783 4960 Epiri
2839 4890 3001 4961 episc.
3052 4887 3388 4961 Deﬁnitioncs

1910 4993 1961 5028 χ.
1988 4986 2031 5026 et
2067 4972 2255 5034 Capita
2298 4985 2345 5021 (ι.
2381 4997 2449 5007 ——
2485 4966 2595 5019 Nili
2627 4959 2977 5034 tuende/tich
3024 4959 3256 5034 oratioue
3309 4971 3399 5005 cu-

1907 5046 2016 5113 pita
2051 5027 2199 5095 CLlll.
2226 5038 2533 5090 -—Joanuis
2569 5032 2838 5099 Carpathii
2872 5027 3290 5082 Causalalorius.

1913 5200 2039 5268 Legi
2082 5197 2315 5251 libellum
2348 5193 2454 5263 (88)
2488 5192 2540 5244 in
2583 5204 2712 5259 quo,
2746 5196 2858 5255 post
2885 5183 3070 5236 decem
3117 5179 3396 5232 admodum

1441 5342 1671 5397 VARUE
1706 5338 2108 5396 LECTIONES.

244 5439 291 5469 "
332 5436 583 5501 γλῶσσαν
606 5452 665 5498 ς’.

172 5510 221 5539 ’⁸
236 5508 534 5575 ἀμείϐοντα
552 5522 613 5567 ς.

172 5594 283 5631 0m.
313 5581 378 5630 A.

765 5435 809 5465 το
841 5434 975 5487 ἀλλά
1011 5435 1105 5486 καὶ
1156 5451 1212 5501 μ.
1242 5450 1301 5495 ς.

708 5505 751 5534 ⁷⁸
781 5506 1080 5571 κοιμίζεται
1140 5503 1371 5571 μαλιστα
1426 5519 1483 5564 ς.

459 5574 504 5606 ⁷⁸
533 5586 653 5643 post
684 5573 865 5644 χώραν
923 5578 974 5626 in
1005 5576 1050 5625 Α
1080 5589 1265 5627 versus
1292 5573 1324 5625 5
1360 5572 1533 5625 vacui.

1404 5433 1447 5461 '”
1483 5434 1580 5501 τῆς
1604 5436 1648 5484 δ’
1685 5437 1749 5485 ἐκ
1778 5452 1835 5496 ς.
1937 5433 2324 5512 ’ίηέχαρίσατο
2381 5433 2511 5505 ἡμίν
2562 5438 2621 5483 ς.
2736 5433 2752 5497 ’0

1599 5506 1641 5535 7“
1661 5506 1727 5556 τά
1753 5490 1895 5555 ὀκτὼ
1951 5490 2280 5565 τίῖ›ν’λογίων
2313 5490 2433 5565 ρυδῖ
2462 5496 2610 5562 ὅμως
2634 5490 2781 5558 ponit
2802 5490 2864 5537 Α.

2730 5417 2775 5447 ⁷³
2804 5408 3197 5481 ἐπιφερομένας
3238 5406 3397 5481 *ἡμῖνε

1937 5434 1981 5461 ”
2034 5428 2324 5497 ἐχαρίσατο
2381 5426 2511 5494 ἡμῖν
2562 5438 2621 5483 ς.
2730 5426 2775 5447 ⁷³
2804 5426 3197 5481 ὲπιφερομενας
3247 5426 3397 5486 ημινὶ.

1951 5501 2058 5547 ’τῶν
2088 5500 2280 5547 λογίων
2313 5507 2433 5547 Dost
2462 5496 2610 5547 ὅμως
2634 5490 2781 5547 ponit
2802 5490 2864 5537 Α.
2958 5483 2997 5512 ⁷⁷
3030 5482 3125 5547 μὲν
3155 5488 3205 5529 et
3227 5476 3315 5527 9.0.
3347 5487 3401 5523 ιε

1700 5658 1928 5712 NOTAE.

248 5761 363 5829 (87)
395 5758 704 5829 Dequibtts
742 5765 1080 5829 cxivetcru‘m
1111 5753 1505 5829 scriptisplura
1534 5752 1739 5808 cardiu.

176 5823 467 5897 Baroutus,
500 5823 636 5884 (om.
664 5825 731 5893 ll,
762 5828 827 5882 ad
855 5842 984 5880 autt.
1012 5824 1214 5881 Christi
1249 5823 1370 5877 196.

1929 5747 2040 5815 (88)
2072 5747 2402 5815 Etexst:tt_a
2442 5750 2655 5815 nostt'o_
2680 5735 2872 5815 Frattc.
2908 5731 3168 5784 Turriattu
3210 5726 3396 5781 Latine

1849 5806 2057 5885 versus,
2091 5825 2141 5872 cl
2169 5814 2308 5883 typis
2338 5808 2689 5868 Plantiuiauis
2712 5806 2836 5861 olim
2876 5817 3125 5856 cxcusus.
