4196 6442
808 408 906 472 671

1922 420 2187 480 PHOTII
2214 421 2720 482 PATRIARCH/E
2762 423 2871 481 CP.

3953 428 4062 491 672

809 518 1058 585 prooemii
1120 518 1327 585 capita,
1370 528 1584 573 centum
1641 532 1940 588 sequuntur
1994 525 2095 576 alia
2122 564 2137 589 ,
2180 528 2453 595 qttibusA

2403 532 2453 587 Λ
2478 529 2794 597 κεφαλαίοις
2814 536 2860 594 ρ’
2886 529 3341 597 ἁπαρτιζόμενον,
3367 530 3479 592 τοῖς
3510 531 3583 593 ὡς
3614 534 3659 563 τ’
3690 535 3749 585 ὲν
3784 538 4060 604 προοιμίῳ

814 615 963 657 totus
990 606 1310 658 absolvitur.
1340 605 1556 659 Illorum
1585 607 1815 673 primum
1841 609 1963 660 ﬁdei
1986 618 2070 661 est
2090 609 2368 663 deﬁnitio:

809 695 1115 763 Conceptus
1147 694 1447 767 [nimirum]
1481 700 1679 751 mentis
1712 702 1776 752 de
1803 699 1913 750 Deo
1940 696 2244 753 affectionis
2274 716 2371 754 ex.

809 798 954 850 pers.
992 784 1234 836 Alterum
1270 785 1390 838 dein
1420 785 1664 840 deﬁnitio
1686 786 1801 851 spei
1841 804 1853 838 :
1886 786 2146 854 Egressio
2176 790 2373 845 mentis

810 876 877 926 ad
908 888 969 926 ea
1032 890 1153 941 quae
1198 887 1504 943 sperantur.
1561 875 1825 940 Tertium,
1864 880 2137 945 patientia:
2184 882 2375 934 deﬁni-

812 965 927 1019 tio:
966 964 1159 1019 Mentis
1202 969 1375 1019 oculis
1407 965 1626 1039 [Deum]
1673 970 2019 1036 invisibilem,
2057 973 2285 1040 perinde
2314 989 2377 1027 ac

810 1055 853 1105 si
884 1054 1113 1106 visibilis
1156 1064 1299 1107 esset
1342 1055 1623 1118 intuendo,
1663 1058 1735 1109 ita
1769 1058 2374 1117 indesinentertlurare.

809 1144 1093 1211 Quartum,
1131 1146 1372 1199 deﬁnitio
1407 1146 1713 1204 affectionis
1754 1152 1974 1204 minime
2009 1167 2209 1207 avarae.
2242 1152 2376 1207 Tam

810 1255 933 1293 esse
966 1239 1263 1291 animatum
1293 1240 1359 1292 ad
1390 1255 1497 1292 non
1534 1241 1837 1295 habendum
1864 1258 2022 1310 quam
2054 1244 2193 1297 alius
2224 1246 2378 1313 quis-

810 1332 951 1399 piam
982 1330 1049 1384 ad
1087 1331 1414 1383 habendum.
1441 1330 1722 1395 Quintum,
1750 1334 1997 1387 deﬁnitio
2025 1336 2374 1403 cognitionis:

814 1420 1061 1487 Seipsnm
1100 1421 1331 1483 nescire,
1357 1431 1512 1475 extra
1541 1438 1599 1475 se
1634 1423 1863 1490 positum
1896 1424 1945 1475 in
1974 1423 2103 1478 Deo.
2133 1424 2379 1490 Sextum,

812 1507 1130 1560 humilitatis
1150 1508 1390 1561 deﬁnitio
1416 1525 1428 1561 :
1457 1508 1721 1562 Contiuua
1758 1510 1958 1562 oblivio
1985 1526 2207 1565 suorum
2234 1524 2381 1566 recte

814 1596 1101 1649 factorum.
1128 1598 1452 1665 Septimum,
1487 1598 1731 1651 deﬁnitio
1752 1600 2039 1652 vacuitatis
2063 1601 2193 1654 irze:
2224 1602 2383 1654 vehe-

815 1703 966 1739 iueus
989 1690 1315 1741 desiderium
1353 1705 1455 1741 non
1494 1690 1781 1742 irascendi.
1807 1691 2092 1754 Octavum,
2127 1694 2383 1745 castimo-

816 1782 916 1832 nia:
948 1797 961 1832 :
998 1778 1203 1833 Sensus
1244 1795 1460 1845 semper
1498 1780 1601 1833 Deo
1646 1779 1855 1833 afﬁxus.
1918 1780 2150 1845 Nonum,
2193 1783 2380 1852 163b

2475 617 2531 669 δὲ
2569 616 2659 669 τὸν
2699 617 2829 669 δέκα
2866 618 2964 687 οὑχ
3016 619 3459 687 ὑπερϐαίνουσιν,
3512 618 3586 675 ὧν
3640 625 3856 693 πρῶτόν
3913 627 4062 677 ἔστιν

2475 708 2550 769 ὡς
2608 708 2820 776 πρῶτος
2895 711 3020 777 ὄρος
3075 710 3173 779 τῆς
3231 711 3467 773 πίστεως
3522 712 3698 766 ἔννοια
3754 717 3884 785 περὶ
3928 717 4063 768 Θεοῦ

2476 799 2722 865 ἀπαθὴς,
2759 800 2802 867 β’
2836 800 2911 863 ὡς
2943 801 3195 871 δεύτερος
3224 804 3347 871 ὅρος
3404 805 3506 871 τῆς
3567 806 3777 868 ἐλπίδος
3831 809 4065 875 ὲκδημία

2474 890 2570 941 τοῦ
2599 890 2690 941 νοῦ
2725 891 2861 960 πρὸς
2890 893 2959 944 τά
2993 893 3342 962 ἐλπιζόμενα,
3375 902 3425 961 γ’
3466 898 3592 965 ὄρος
3622 898 3721 965 τῆς
3749 898 4056 966 ὑπομονῆς.

2475 982 2566 1032 τὸν
2595 981 2825 1049 ἀόρατον
2872 983 2948 1043 ὡς
2996 985 3191 1052 ὁρατὸν
3243 987 3456 1054 ὁρῶντα
3507 992 3621 1050 τοῖς
3668 990 3765 1053 τῆς
3821 990 4061 1052 διανοίας

2477 1071 2774 1139 ὀφθαλμοῖς
2797 1073 3154 1137 ἀδιαλείπτως
3182 1081 3488 1144 καρτερεῖν,
3536 1079 3578 1129 δ’
3609 1081 3735 1147 ὄρος
3766 1081 3865 1147 τῆς
3899 1083 4064 1147 ἀφιλ-

2478 1162 2765 1230 αργυρίας,
2790 1162 2963 1226 οὕτως
3014 1165 3159 1230 ἔχειν
3204 1166 3265 1217 τὸ
3319 1167 3391 1236 μὴ
3426 1168 3569 1235 ἔχειν
3596 1169 3670 1231 ὡς
3700 1170 3841 1222 θέλει
3874 1188 3961 1232 τις
4008 1172 4067 1221 τ’)

2480 1252 2642 1320 ἔχειν,
2676 1251 2714 1303 ε’
2743 1255 2869 1322 ὅρος
2893 1256 2993 1321 τῆς
3024 1256 3394 1322 ἐπιγνώσεως,
3427 1260 3642 1323 ἀγνοεῖν
3670 1260 3864 1312 ἑαυτὸν
3894 1263 3956 1311 ἐν
3977 1261 4052 1324 τῷ

2482 1345 2737 1412 ἐκστῆναι
2771 1344 2897 1415 [270
2931 1344 3021 1415 Η.]
3045 1346 3185 1415 Θεῷ,
3222 1347 3276 1411 ς’
3305 1349 3431 1413 ὄρος
3476 1349 3577 1414 τῆς
3632 1350 4064 1417 ταπεινοφροσύ-

2481 1453 2598 1503 νης,
2631 1437 2766 1508 λήθη
2799 1437 2907 1490 τῶν
2932 1441 3384 1509 κατωρθωμένων
3413 1442 3704 1509 προσεχὴς,
3732 1442 3777 1504 ζ’
3815 1444 3943 1509 ὄρος
3970 1444 4065 1509 τῆς

2482 1528 2804 1596 ἀοργησίας,
2854 1530 3116 1598 ἐπιθυμία
3146 1532 3314 1597 πολλὴ
3347 1532 3439 1583 τοῦ
3490 1534 3565 1600 μὴ
3626 1534 3967 1601 ὀργίζεσθαι.
4022 1523 4066 1600 η’

2483 1617 2606 1684 ὅρος
2640 1618 2739 1685 τῆς
2765 1619 3006 1683 ἁγνείας,
3036 1620 3285 1687 αἴσθησις
3304 1621 3389 1672 ἀεὶ
3425 1622 3651 1688 κεκολλη
3665 1623 3795 1689 μένη
3826 1622 3905 1687 τῷ
3928 1622 4066 1687 Θεῷ,

2485 1701 2526 1752 θ’
2564 1704 2687 1769 ὄρος
2721 1705 2819 1771 τῆς
2853 1706 3090 1773 ἀγάπης,
3116 1707 3345 1775 αὑξησις
3375 1710 3555 1775 φιλίας
3578 1710 3711 1777 πρὸς
3745 1709 3883 1769 τοῦς
3916 1710 4071 1776 ὑϐρί-

2487 1790 2700 1852 ζοντας,
2737 1800 2766 1844 ι’
2806 1794 2931 1863 ὃρος
2963 1797 3062 1863 τῆς
3114 1798 3322 1860 τελείας
3372 1799 3729 1859 ἀλλοιώσεως.
3791 1802 3848 1850 ἐν
3886 1802 4067 1868 τρυφῇ

814 1873 1095 1927 eltaritatis
1132 1892 1145 1926 :
1184 1875 1395 1927 Amoris
1427 1874 1815 1927 incrementum
1847 1889 1974 1941 erga
2010 1889 2102 1927 eos
2148 1876 2237 1943 qui
2296 1876 2375 1927 in-
2410 1871 2452 1928 Β

2416 1871 2452 1928 Β
2482 1882 2615 1933 Θεοῦ
2648 1885 2823 1952 χαράν
2860 1888 3109 1952 ἡγεῖσθαι
3149 1888 3208 1939 τὸ
3240 1890 3467 1955 στυγνὸν
3496 1891 3588 1941 τοῦ
3628 1891 3881 1941 θανάτου.
3947 1892 4073 1941 Τού-

811 1963 1011 2028 juriam
1046 1963 1305 2016 inferunt.
1339 1964 1638 2026 Decimum,
1667 1962 1918 2032 perfecta:
1947 1965 2380 2017 immntationis:

816 2055 1007 2110 Mortis
1048 2058 1327 2110 horrorem
1367 2074 1463 2125 pro
1494 2057 1688 2125 gaudio
1718 2066 1967 2125 reputare
1994 2058 2045 2111 in
2096 2057 2195 2111 Dei
2240 2060 2389 2113 oble-

819 2149 1074 2202 ctatione.
1107 2149 1297 2201 Decem
1351 2164 1479 2217 ergo
1529 2150 1676 2203 hisee
1729 2149 2130 2203 deﬁnitionibus
2173 2162 2388 2204 centum

822 2239 909 2291 illa
950 2240 1127 2307 eapita
1173 2240 1413 2305 subjecta
1459 2248 1605 2294 sunt.
1654 2240 1752 2293 llic
1798 2249 1974 2292 autem
2023 2241 2160 2293 liber
2203 2242 2267 2294 iis
2307 2241 2390 2294 vel

826 2332 1063 2384 maxime
1088 2333 1424 2395 commodus,
1451 2332 1540 2398 qui
1575 2347 1633 2386 se
1661 2330 1767 2402 [ad
1787 2312 2206 2403 perfectionem]
2234 2350 2391 2387 exer-

827 2433 974 2479 cent.
1005 2422 1114 2474 imo
1152 2429 1207 2475 et
1248 2423 1337 2489 qui
1377 2422 1426 2473 in
1473 2422 1601 2489 ipsis
1644 2423 1947 2476 actionibus
1988 2416 2392 2491 perﬁcientibus

819 2512 929 2576 jam
959 2516 1237 2567 exercitati
1276 2522 1429 2578 sunt;
1478 2514 1609 2567 nihil
1644 2515 1857 2568 interim
1894 2515 2048 2581 paulo
2094 2516 2383 2571 obscurius

826 2601 1093 2668 alIerens;
1132 2605 1357 2656 scientia
1391 2604 1535 2655 enim
1567 2618 1661 2670 per
1682 2603 2072 2670 experientiam
2102 2602 2378 2672 percepta,

2482 1992 2596 2036 τοις
2623 1974 2715 2027 οῦν
2747 1980 2859 2037 τοῖς
2888 1978 3020 2030 δέκα
3050 1980 3116 2031 τά
3150 1981 3344 2031 ἑκατὸν
3366 1983 3752 2034 ὑποτέτακται.
3791 1984 3901 2034 Καὶ
3923 1983 4065 2032 ἔστιν

2499 2059 2653 2127 οὗτος
2687 2068 2714 2117 0
2746 2067 2901 2134 λόγος
2934 2071 3014 2128 είς
3047 2070 3107 2121 τὸ
3131 2069 3352 2141 ἄριστον
3389 2074 3503 2133 τοῖς
3535 2073 3891 2139 ἀσκουμένοις
3943 2090 4034 2137 συγ

2485 2155 2756 2223 κείμενος,
2784 2159 2877 2209 καὶ
2903 2162 3011 2220 τοῖς
3041 2163 3098 2211 ὲν
3152 2163 3342 2221 αὑταῖς
3372 2163 3909 2231 ἐγγεγυμνασμένοις
3960 2166 4072 2221 ταῖς

2487 2246 2843 2311 τελειοποιοῖς
2874 2252 3138 2319 πράξεσιν
3167 2252 3273 2303 οὐδ’
3297 2255 3503 2319 ἀσαφές
3524 2272 3575 2305 τι
3598 2255 4070 2322 ἐμπαρεχόμενος·

2494 2338 2526 2404 ἠ
2557 2338 2665 2404 γάρ
2690 2339 2776 2390 διὰ
2812 2340 3007 2407 πείρας
3057 2342 3250 2407 γνῶσις
3289 2343 3529 2412 εὐχερῶς
3588 2345 3687 2411 τῆς
3714 2345 3760 2372 ⁸⁰
3786 2344 3872 2395 διὰ
3897 2344 4069 2408 λόγων

2494 2428 2802 2483 ἐπιϐατεύει
2827 2431 3196 2495 διδασκαλίας.
3230 2436 3448 2500 Πατέρα
3477 2435 3533 2486 δὲ
3559 2436 3651 2487 τοῦ
3696 2437 3855 2501 λόγου
3890 2436 4073 2486 Διάδο-

2500 2521 2652 2587 χονὴ
2690 2520 2969 2590 ἐπιγραφὴ
3017 2522 3188 2589 λέγει,
3217 2524 3467 2591 Φωτικῆς
3524 2525 3623 2593 τῆς
3667 2526 3723 2575 ὲν
3753 2528 3819 2594 τῇ
3874 2525 4075 2593 δαλαιᾷ

2513 2609 2754 2677 Ἠπείρῳ
2792 2610 3107 2665 ἐπίσκοπον.

828 2692 985 2745 facile
1019 2708 1077 2746 se
1125 2693 1307 2745 verbis
1350 2693 1529 2744 doceri
1579 2692 1800 2759 patitur.
1860 2692 2151 2745 Auctorem
2209 2693 2328 2759 ejus
2356 2694 2642 2764 inscriptio
2699 2700 2814 2764 ipsa
2866 2700 3000 2755 facit
3059 2702 3414 2769 Diadoehum,
3479 2704 3729 2758 Pbotices
3773 2705 3919 2759 illius
3964 2722 4078 2773 qua:

827 2794 911 2838 est
944 2785 997 2837 in
1038 2795 1221 2838 vetere
1249 2783 1433 2850 Epiro,
1458 2784 1796 2853 episcOpum.

899 2878 958 2931 In
989 2877 1177 2931 eodem
1230 2877 1501 2931 volumine
1542 2878 1711 2931 lectus
1736 2878 1864 2930 item
1896 2876 2103 2931 estNili
2138 2880 2391 2933 monachi

829 2970 961 3024 liber
1005 2971 1057 3023 in
1102 2978 1315 3022 centum
1360 2968 1469 3037 (89)
1507 2978 1561 3022 et
1613 2970 2004 3037 quinquaginta
2057 2970 2161 3023 tria
2217 2971 2394 3037 capita

831 3064 1071 3116 divisus:
1118 3061 1313 3129 quibus
1353 3060 1612 3128 precandi
1661 3061 1889 3114 formam
1930 3061 2011 3112 vir
2043 3061 2132 3114 ille
2182 3062 2398 3114 divinus

830 3155 1099 3220 exposuit.
1137 3152 1407 3205 Feruntur
1438 3150 1675 3216 ejusdem
1715 3161 1769 3204 et
1827 3152 1931 3202 alia
1970 3152 2196 3219 plurima
2257 3151 2396 3205 lectu

2577 2880 2663 2931 Ἐν
2693 2896 2795 2931 ταυ
2808 2878 2885 2947 τῷ
2915 2879 2971 2931 δὲ
3001 2880 3182 2948 τεύχει
3211 2882 3303 2933 καὶ
3333 2882 3526 2933 Νείλου
3562 2884 3797 2952 μοναχοῦ
3853 2884 4015 2951 λόγον
4036 2888 4072 2916 ⁸¹

2509 2969 2772 3035 ἀνέγνων,
2813 2970 2958 3038 τρισὶ
2988 2972 3081 3021 καὶ
3106 2978 3146 3021 ν’
3196 2971 3287 3021 καὶ
3318 2980 3362 3041 ρ’
3422 2974 3733 3040 κεφαλαίοις
3764 2975 4076 3045 διαιρούμε-

2497 3078 2586 3112 νον
2617 3062 2684 3112 ⁸¹.
2725 3061 2828 3112 Τὸν
2883 3061 2981 3126 τῆς
3032 3063 3342 3130 προσευχῆς
3388 3064 3444 3115 δὲ
3496 3066 3553 3114 ὲν
3591 3065 3801 3125 τούτοις
3855 3070 3885 3118 0
3936 3068 4072 3128 θεῖος

2497 3152 2636 3219 ἀνὴρ
2682 3151 3015 3203 ἀναπτύσσει
3042 3151 3234 3203 τύπον.
3271 3153 3446 3204 Πολλά
3490 3153 3546 3205 δὲ
3596 3156 3690 3205 καὶ
3748 3155 3887 3207 ἄλλα
3924 3156 4077 3206 αὑτοῦ

834 3247 996 3314 digna
1027 3245 1223 3297 diversi
1256 3243 1832 3310 argumentiopnscula
1865 3242 1998 3311 (90),
2032 3243 2231 3308 partim
2282 3243 2400 3309 epi-
2429 3282 2471 3338 α

2429 3282 2471 3338 C
2504 3242 2774 3308 ἀξιόλογα,
2806 3243 3053 3303 ποικίλας
3095 3242 3379 3305 ὑποθέσεις
3416 3244 3853 3311 ὑποϐαλλόμενα,
3914 3246 3998 3307 εἷς
4027 3262 4076 3295 τε

833 3338 1006 3401 slolze,
1045 3337 1238 3405 partim
1274 3336 1514 3388 historia:
1538 3334 1710 3389 forma
1755 3338 2084 3405 conscripta,
2124 3352 2243 3405 qum
2290 3352 2395 3389 non
2429 3315 2471 3338 ῃ

2429 3315 2471 3338 ῃ
2506 3335 2594 3385 τὸν
2624 3332 3028 3402 ὲπιστολιμαῖον
3057 3335 3255 3404 τρόπον
3288 3336 3383 3385 καὶ
3431 3337 3509 3396 είς
3560 3335 3651 3386 τὸν
3698 3336 3743 3365 ⁸³
3780 3352 4079 3405 συγγραφι-

833 3447 1055 3498 opernm
1109 3438 1317 3483 tantum
1359 3429 1749 3496 perfectionem
1792 3430 2078 3497 insignem,
2106 3431 2199 3484 sed
2240 3431 2291 3483 in
2326 3430 2400 3482 di-

836 3526 1006 3578 cendo
1058 3538 1268 3590 quoque
1328 3522 1633 3575 facultatem
1681 3523 1796 3590 ejus
1842 3531 2132 3576 tes1antur.
2197 3523 2396 3575 Verum

837 3615 937 3668 etsi
976 3613 1202 3667 diffusus
1236 3627 1387 3679 aeque
1425 3612 1724 3664 Diadochns
1748 3626 1853 3663 non
1894 3620 1977 3663 est
2012 3650 2027 3673 ,
2064 3627 2183 3678 qua:
2220 3620 2398 3663 tamen

842 3706 910 3757 ab
943 3705 1057 3771 ipso
1088 3702 1397 3768 conscripta
1423 3711 1547 3754 sunt
1573 3711 1788 3754 centum
1818 3700 2018 3769 capita,
2054 3700 2255 3753 nullam
2277 3714 2402 3767 par-

842 3807 949 3848 tem
996 3794 1254 3847 inferiore
1290 3794 1455 3861 gradu
1481 3792 1844 3854 collocantur,
1886 3804 2045 3857 quam
2085 3806 2207 3859 qua:
2242 3789 2402 3842 modo

841 3883 1018 3937 retuli.
1044 3882 1176 3934 Nam
1206 3891 1258 3935 et
1287 3883 1452 3935 dictio
1482 3882 1551 3934 ita
1568 3882 1865 3949 composita
1899 3890 2001 3943 est,
2021 3889 2079 3931 ut
2104 3881 2401 3948 reprehen-

843 3977 892 4029 di
927 3983 1179 4044 nequeat,
1218 3982 1272 4028 et
1312 3988 1504 4025 sensus
1536 3988 1599 4025 ex
1632 3972 1938 4024 actionibus
1975 3980 2152 4022 natam
2195 3971 2402 4037 sapien-

842 4068 970 4116 tiam
1002 4062 1239 4131 praefert.
1275 4062 1541 4115 Caaterum
1575 4059 1742 4113 Marci
1790 4060 1984 4111 librum
2018 4074 2139 4111 cum
2175 4069 2404 4126 utraque

844 4158 1025 4227 [quam
1070 4152 1203 4225 dixi]
1241 4155 1409 4207 forma
1453 4154 1759 4220 praecedat,
1801 4152 1995 4203 alicubi
2030 4152 2248 4217 insuper
2288 4166 2407 4203 sen-

845 4246 1025 4299 tentiis
1061 4245 1352 4298 autecellit.
1400 4243 1616 4297 Dederit
1643 4258 1769 4296 vero
1808 4254 1861 4295 et
1890 4242 1979 4294 ille
2011 4242 2077 4293 ad
2122 4241 2280 4293 ﬁnem
2314 4256 2407 4293 eu—

842 4338 1033 4405 jusque
1061 4336 1251 4403 capitis
1268 4350 1455 4388 ansam
1488 4336 1553 4387 iis
1570 4335 1659 4402 qtti
1688 4336 1999 4402 incorrupte
2026 4335 2402 4402 pronuntiant,

844 4427 985 4489 quod
1021 4426 1134 4479 sive
1157 4426 1470 4478 accessione
1498 4424 1725 4492 alicujus
1756 4424 2110 4487 adulteratus,
2143 4422 2405 4477 sivealias

846 4517 1269 4570 hallucinatione
1302 4517 1481 4579 aliqua
1513 4517 1769 4584 abreptus
1804 4516 1903 4568 ista
1936 4516 2152 4567 dixerit.
2196 4512 2402 4567 Vellem

2500 3424 2593 3474 κον
2622 3424 2901 3492 ἀνηγμένα
2928 3426 3281 3493 συντάγματα
3344 3426 3590 3493 φέρεται,
3621 3427 3720 3493 τήν
3750 3443 3808 3477 τε
3844 3431 3987 3478 κατὰ
4018 3428 4079 3477 τὰ

2501 3514 2637 3584 ἔργα
2665 3514 2976 3584 τελειότητα
3010 3516 3102 3567 κα)⁵
3133 3516 3230 3587 τὴν
3259 3518 3315 3567 ἐν
3340 3516 3521 3583 λόγοις
3549 3518 3943 3585 μαρτυρόμενα
3986 3519 4077 3570 δύο

2501 3623 2685 3674 ναμιν.
2730 3606 2872 3676 Πλὴν
2913 3608 2962 3658 εί
2989 3608 3083 3658 καὶ
3113 3607 3188 3676 μὴ
3214 3607 3480 3676 πολύχους
3508 3610 3706 3675 ὁμοίως
3738 3613 3765 3661 0
3798 3610 4072 3677 Διάδοχος,

2503 3697 2637 3749 ἀλλὰ
2666 3698 2733 3750 τά
2763 3716 2825 3764 γε
2860 3700 3331 3767 ἀναγεγραμμένα
3370 3700 3518 3768 αύτῴ
3557 3700 3759 3751 ἑκατὸν
3814 3702 4077 3768 κεφάλαια

2503 3790 2602 3841 οὑκ
2636 3792 2714 3851 εἰς
2747 3791 3005 3843 ἐλάττονα
3036 3790 3241 3858 βαθμὸν
3272 3793 3330 3841 ὲν
3364 3790 3628 3860 οὐδετέρῳ
3656 3792 3811 3861 μέρει
3844 3793 3957 3843 τῶν
4001 3794 4074 3842 εἰ·

2509 3880 2759 3949 ρημένων
2784 3879 2999 3949 τίθησιν
3030 3895 3047 3911 ⁶
3090 3881 3118 3933 ὂ
3144 3898 3201 3932 τε
3231 3882 3337 3946 γάρ
3360 3881 3515 3946 λόγος
3542 3882 3688 3950 αὐτῷ
3720 3884 3800 3943 εἰς
3832 3882 3897 3933 τὸ
3926 3883 4075 3949 ἀμώ-

2509 3989 2679 4041 μητον
2720 3970 3025 4037 σύγκειται,
3062 3972 3155 4024 καὶ
3183 3974 3210 4023 0
3250 3971 3373 4034 νοῦς
3400 3973 3500 4039 τὴν
3528 3972 3632 4024 ἀπὸ
3682 3972 3791 4023 τῶν
3827 3973 4078 4039 πράξεων

2509 4063 2699 4128 σοφίαν
2732 4062 3114 4131 προϐάλλεται.
3141 4062 3247 4114 Τοῦ
3276 4063 3457 4129 μέντοι
3483 4064 3711 4132 Μάρκου
3730 4064 3797 4115 δι’
3816 4066 4078 4133 ἑκατέρας

2508 4152 2755 4222 προέχων
2794 4152 2955 4215 ἰδέας,
2982 4152 3075 4202 καὶ
3107 4151 3321 4218 ἐνιαχοῦ
3355 4154 3471 4212 ταῖς
3503 4153 3748 4220 γνώμαις
3794 4153 4080 4222 ἀντιφέρε-

2504 4260 2618 4296 ται.
2669 4242 2883 4316 Δοίη,δ’
2942 4242 3008 4294 ἂν
3053 4244 3148 4295 καὶ
3201 4243 3361 4304 αὐτὸς
3409 4242 3579 4312 λαϐὴν
3615 4246 3727 4301 τοῖς
3775 4244 4082 4301 ἀδεκάστως

2507 4332 3054 4402 ἀκριϐολογουμένοις
3086 4335 3222 4385 κατά
3246 4334 3306 4384 τὸ
3343 4333 3495 4394 τέλος
3556 4332 3648 4384 τοῦ
3706 4334 4004 4384 έκατοστοῦ
4040 4334 4081 4361 ⁸⁷⁵

2509 4422 2825 4489 κεφαλαίου,
2856 4422 2967 4473 εἴτε
3019 4422 3337 4491 παρενθήκη
3371 4423 3514 4482 τινὸς
3564 4420 3939 4489 νοθευὸμενος,
3981 4423 4081 4473 εἴτε

2508 4512 2678 4572 ἄλλως
2701 4513 2806 4563 τινὶ
2828 4512 3223 4579 συναρπασθεὶς
3251 4511 3598 4580 παροράματι
3626 4513 3691 4541 ⁸⁸·
3725 4513 3786 4563 τὸ
3817 4515 3927 4583 γάρ
3951 4518 4081 4563 κατα

844 4608 1008 4670 enim,
1056 4622 1121 4661 nc
1162 4622 1287 4660 vere
1317 4607 1637 4659 conﬁrmare
1683 4620 1919 4674 possein,
1954 4606 2258 4674 opinionem
2303 4603 2411 4657 sal-
2442 4606 2484 4659 D

2153 4620 2258 4658 tem
2303 4603 2411 4657 sal-
2442 4606 2484 4659 D
2513 4604 2668 4667 δόξαν
2698 4602 2898 4654 ἁλῶναι
2925 4602 3189 4671 εὐξαίμην
3220 4602 3284 4653 ἂν
3331 4603 3405 4671 μὴ
3438 4604 3810 4673 ἐπαληθεύειν.

848 4706 951 4748 tem
984 4697 1099 4763 ejus
1131 4698 1439 4751 damnatam
1468 4694 1657 4749 fuisse.

923 4788 1085 4843 Valde
1132 4800 1310 4842 autem
1366 4790 1419 4841 in
1468 4789 1553 4852 iis,
1593 4804 1713 4857 qua:
1754 4790 1910 4855 paulo
1968 4797 2091 4839 aute
2136 4785 2400 4847 recensui,

2592 4780 2801 4847 Κρατεῐ
2829 4778 2873 4828 δ’
2902 4772 2995 4828 οὖν
3022 4778 3078 4827 ὲν
3100 4778 3210 4838 τοῖς
3239 4775 3343 4845 πρὸ
3366 4776 3546 4845 ὀλίγου
3568 4778 3876 4847 εἰρημένοις
3910 4778 4081 4842 πολλῷ

2064 4911 2297 4965 ῩΑΒΙΑΞ
2335 4910 2740 4967 LECTIONES.

919 5034 963 5065 ⁷⁹
1000 5033 1074 5095 ὼς
1129 5032 1252 5086 add.
1289 5031 1352 5084 Α.
1428 5031 1473 5062 ⁸³
1505 5031 1569 5097 τῇ
1592 5026 1881 5096 ἐμϐατεύει
1914 5027 2249 5097 διδασκαλία
2289 5045 2350 5089 ς.

852 5105 895 5134 ⁸⁸
928 5101 1241 5172 ὲκατοστοῦ]
1266 5108 1311 5171 ρ’
1366 5100 1412 5153 Α
1443 5117 1458 5154 :
1494 5099 1722 5151 ἑκάστου
1772 5115 1831 5161 ς.

2450 5027 2491 5057 ⁸³
2519 5026 2674 5090 λόγος
2717 5023 3028 5092 ἀνεγνώσθη
3050 5041 3107 5087 ς.

1908 5096 1953 5127 ⁸⁵
1980 5094 2330 5167 παροράματι
2353 5094 2501 5147 ταῦτ’
2569 5096 2777 5163 εἴρηκε.
2811 5095 2870 5147 τὸ
2898 5112 2958 5158 ς.

3222 5023 3267 5054 ⁸⁸
3293 5022 3667 5093 διαιρούμενος
3692 5040 3751 5087 ς.
3864 5026 3913 5055 ⁸³
3942 5024 4002 5075 τὸ
4028 5040 4074 5086 ς.

2352 5250 2585 5307 NOTAE.

939 5380 1048 5451 (89)
1087 5378 1199 5451 108
1234 5376 1501 5451 duntaxat
1552 5372 1811 5427 exhibent
1848 5369 1971 5423 libri
2010 5368 2241 5437 evulgati
2290 5382 2319 5419 a
2353 5368 2413 5422 P.

859 5448 1054 5505 Franc.
1087 5448 1375 5501 Turriano.

934 5520 1041 5587 (90)
1083 5518 1172 5582 Ut,
1205 5518 1277 5569 De
1310 5514 1439 5587 nihil
1480 5511 1831 5587 possidendo;
1874 5509 2414 5587 Περὶ-,προστασίας

864 5579 946 5645 De‘
978 5579 1311 5660 philosophia
1354 5583 1683 5660 Christiana,
1734 5582 1798 5660 de
1843 5579 2412 5660 virtutibtts'etvitiis;

864 5661 938 5713 De
970 5648 1374 5728 comparatione
1419 5656 1543 5728 vitae
1577 5651 1959 5728 monachorum
2013 5648 2101 5728 qui
2130 5649 2200 5728 lin
2232 5649 2417 5700 solitu-

866 5734 1010 5793 dine,
1043 5717 1208 5795 et'qui
1249 5729 1301 5799 in
1332 5726 1549 5799 civitate
1578 5723 1832 5799 degunt‘i
1859 5719 1931 5771 De
1959 5720 2101 5799 eas-de
2266 5731 2414 5799 Inar-

873 5785 1047 5870 tyruiu
1074 5785 1456 5853 monachorum
1493 5796 1543 5847 iu
1568 5785 1748 5846 monte
1780 5789 1929 5841 Sina.
1962 5785 2121 5839 Liber
2148 5787 2273 5840 item
2294 5786 2417 5853 Epi-

2523 5370 2807 5435 stolarum,
2844 5388 2962 5439 qu:e
3004 5371 3054 5423 in
3088 5369 3253 5422 Italiae
3288 5368 3920 5439 bibliothecisAexstant.
3962 5368 4076 5422 “re

2523 5452 2709 5494 noster
2739 5436 3043 5494 Turrianus
3078 5449 3326 5493 recenset
3358 5440 3422 5490 ad
3445 5454 3600 5490 suum
3626 5436 3827 5490 Nilum.
3856 5437 4073 5505 Niceph.

2520 5510 2612 5563 lib.
2646 5526 2754 5573 xiv,
2812 5526 2930 5576 cap.
2990 5512 3078 5564 54.
3134 5512 3283 5562 addit
3322 5509 3386 5561 ad
3435 5509 3638 5561 Graecae
3682 5511 4077 5574 superstitionis

2520 5590 2839 5640 sectatores,
2868 5581 3170 5647 scripsisse,
3198 5577 3339 5647 etad
3368 5578 3645 5647 Eulogium
3673 5579 3991 5644 quemdam.
4018 5580 4073 5628 At

2518 5665 2637 5702 cum
2675 5650 2851 5717 plures
2885 5646 3272 5705 enumeretttur
3298 5646 3425 5713 Nili,
3450 5646 3676 5702 lorsitan
3699 5662 3807 5702 non
3841 5647 4079 5715 ejusdem

2518 5730 2641 5773 sunt
2667 5735 2870 5774 omnia.
