4196 6442
164 406 268 476 673

1105 416 1637 484 BIBLIOTHECA.
1672 447 1743 461 —
1773 424 1987 486 CODD.
2018 427 2189 503 CCII,
2222 430 2427 493 CCIII.

3330 451 3435 519 674

162 525 257 575 καὶ
302 522 555 575 Ἰωάννου
589 522 682 574 τοῦ
722 522 1065 591 Καρπαθίου,
1096 523 1157 587 ὃς
1209 527 1524 594 ἐπιγραφὴν
1586 527 1743 581 αὑτοῦ

1857 533 2021 585 etiam
2060 537 2334 591 antecellit
2374 538 2636 595 Joannem
2683 544 2796 614 (9|)
2848 548 2995 603 illum
3046 551 3423 624 Carpathium.

160 616 238 681 τῷ
278 615 561 682 πονήματι
592 614 775 666 δίδωσι
804 632 819 644 ·
851 614 1005 680 Πρὸς
1035 615 1177 680 τοὺς
1211 616 1327 670 ἀπὸ
1396 618 1507 686 τῆς
1551 618 1743 686 Ἰνδίας

1864 622 1956 690 qui
1986 623 2127 677 hunc
2155 629 2306 693 operi
2341 645 2441 683 suo
2481 633 2691 687 titulutn
2726 637 2919 692 indidit
2957 660 2970 695 :
3011 642 3095 695 Ad
3122 614 3295 701 India:
3318 614 3433 704 mo;

160 707 624 773 προτρέψαντας
652 723 958 773 μοναχους
985 711 1458 776 παρακλητικός.
1494 710 1550 765 P'
1575 710 1634 763 δὲ
1657 713 1755 766 καὶ

159 793 316 860 οὗτος
354 798 675 865 κεφαλαίοις
712 802 929 869 περαιοῐ
955 799 1086 852 αὑτό
1115 800 1187 852 ⁸⁸.

889 891 1004 946 ΣΒ’.

174 983 544 1036 Ἱππολύτου
577 982 915 1056 ἐπισκόπου
952 984 1048 1036 καὶ
1072 985 1376 1056 μάρτυρος
1403 991 1491 1055 είς
1512 989 1620 1043 τὸν
1645 991 1756 1043 Δα-

227 1055 379 1127 inhi
423 1056 741 1127 a‘pjmvet'a'
802 1053 901 1105 καὶ
948 1053 1321 1125 λόγος’περὶ
1352 1053 1612 1127 Χριστοῦ
1656 1060 1757 1114 καὶ

231 1124 675 1190 Ἀντιχρίστου.

231 1216 366 1285 [59.3
402 1216 493 1287 IL]
556 1216 896 1287 Ἀνεγνὼσθη
949 1218 1265 1273 Ἱππολύτου
1310 1222 1609 1297 ἐπισκόπου
1659 1227 1753 1279 καὶ

162 1308 448 1376 μάρτυρος
480 1311 746 1377 ἑρμηνεία
781 1313 861 1370 εἰς
892 1309 982 1361 τὸν
1015 1312 1236 1381 Δανιήλ.
1267 1314 1423 1367 Κατὰ
1453 1316 1599 1382 λέξιν
1656 1318 1755 1388 μὲν

154 1398 216 1447 οὐ
253 1400 493 1449 ποιεῖται
518 1399 616 1467 τὴν
645 1400 963 1466 ἀνάπτυξιν,
981 1402 1119 1472 πλὴν
1151 1404 1240 1453 τὸν
1258 1402 1381 1455 νοῦν
1410 1422 1495 1471 γε,
1522 1408 1597 1468 ὡς
1622 1406 1754 1471 ἔπος

156 1491 361 1553 εἰπεῖν,
398 1490 457 1539 οὐ
496 1493 833 1559 παρατρέχει
865 1508 879 1522 ·
913 1492 1080 1545 πολλὰ
1116 1494 1301 1560 μέντοι
1344 1496 1755 1567 ἀρχαιοτρόπως

156 1583 253 1630 καί
293 1580 398 1632 οὐκ
434 1581 515 1641 είς
559 1581 621 1632 τὸ
673 1581 899 1651 ὕστερον
948 1584 1387 1654 διηκριὸωμένον
1440 1588 1751 1656 καταλέγει.

167 1673 310 1724 Ἀλλ’
338 1674 568 1727 ἐκείνων
613 1675 712 1726 οὐκ
758 1675 823 1727 ἂν
876 1678 962 1746 εἴη
1011 1678 1219 1741 δίκαιος
1271 1680 1426 1746 λόγον
1484 1682 1748 1751 ύπέχειν’

152 1765 285 1827 τοὺς
315 1764 428 1833 γὰρ
459 1764 635 1833 ἀρχὴν
667 1764 902 1835 Θεωρίας
946 1769 1453 1839 καταϐαλλομένους
1488 1773 1548 1824 οὐ
1586 1774 1631 1803 ⁸⁷
1671 1774 1751 1825 δί-

1863 713 2082 775 nae/tos,
2103 731 2255 781 quem
2287 720 2648 788 postularant,
2669 722 3085 785 Consolatorius.
3108 733 3279 791 Porro
3306 756 3433 793 cen-

1863 816 1975 857 tutn
2009 816 2060 860 et
2093 807 2183 862 hic
2208 812 2475 880 capitibus
2508 814 2705 870 librum
2737 834 2890 873 suum
2923 824 3177 880 absolvit.

2572 905 2722 962 CCII.

1860 988 2322 1070 Beatiﬂippolyti
2362 998 2542 1070 Δςρὶεις.
2573 1010 2619 1070 e_t
2644 1012 2800 1054 mort.
2835 1001 3211 1070 Interpretatio
3237 1010 3431 1066 Danie-

1998 1062 2084 1128 lis,
2118 1075 2165 1118 et
2212 1062 2448 1119 Humilia
2474 1068 2538 1121 de
2565 1067 2775 1126 Christo
2829 1084 2875 1126 et
2898 1062 3265 1146 Antichristo;

1928 1218 2055 1289 Legi
2084 1219 2353 1293 Hippolyti
2379 1222 2490 1295 (92)
2516 1226 2751 1296 episcopi
2780 1244 2840 1284 ac
2882 1236 3135 1301 martyris
3160 1235 3426 1306 Interpre-

1859 1315 2110 1365 tationem
2134 1313 2413 1378 Danielis;
2441 1333 2598 1385 quem
2635 1321 2740 1375 etsi
2771 1324 2837 1375 ad
2870 1326 3091 1379 verbum
3130 1345 3235 1383 non
3258 1335 3431 1401 expli-

1857 1410 1967 1465 cat,
2002 1404 2205 1457 nullum
2240 1415 2417 1460 tamen
2456 1423 2699 1474 sensum,
2735 1421 2793 1465 ut
2825 1428 3010 1467 verum
3056 1418 3251 1485 dicam,
3285 1437 3425 1490 prte-

1857 1494 2131 1550 termittit.
2155 1496 2418 1567 Pleraque
2449 1515 2609 1568 porro
2640 1505 2807 1558 veteri
2839 1521 3011 1571 more,
3042 1526 3149 1563 non
3194 1523 3249 1565 ut
3274 1526 3427 1581 post-

1856 1599 1917 1637 ea
1966 1585 2116 1639 fuere
2176 1592 2483 1643 accuratius
2504 1607 2755 1658 excussa,
2810 1610 3075 1664 recenset,
3115 1620 3424 1673 quanquam

1854 1691 2042 1729 eorum
2076 1679 2247 1745 ipsum
2294 1683 2523 1737 reddere
2575 1686 2838 1741 rationem
2892 1705 3103 1760 mquum
3165 1712 3267 1749 non
3319 1709 3423 1754 est.

1858 1765 2023 1821 Decet
2053 1771 2195 1821 enim
2227 1771 2295 1824 ab
2325 1773 2409 1834 iis,
2443 1776 2532 1842 qui
2560 1777 2897 1847 principium
2924 1783 3166 1838 scientia:
3199 1787 3426 1859 alicujus

154 1873 256 1917 κας
287 1858 544 1909 ἀπαιτεῖν
575 1857 683 1910 τῶν
718 1861 1087 1928 παρειμένων,
1123 1862 1236 1914 ἀλλ’
1263 1865 1486 1934 ἀγαπᾷν
1513 1865 1743 1934 μάλιστα

1855 1866 2183 1924 statuerunt,
2214 1877 2320 1914 non
2352 1880 2636 1934 reposcere
2652 1869 2915 1925 rationem
2942 1887 3127 1927 eorum
3156 1893 3425 1949 quaapraa-

153 1949 325 2017 αὐτῆς
356 1966 417 2000 τε
441 1950 539 2019 τῆς
585 1951 842 2023 ἐπιϐολῆς
870 1955 962 2004 καὶ
990 1955 1073 2021 ἐφ’
1101 1955 1227 2006 ὅσον
1286 1955 1350 2007 ἂν
1383 1957 1748 2027 καταλήψεως

150 2038 261 2089 τῶν
310 2040 797 2111 διασκοπουμένων
875 2048 1209 2117 προχωροίη.
1261 2049 1332 2100 Τὸ
1383 2049 1438 2101 δὲ
1488 2051 1587 2121 τὴν
1656 2054 1749 2105 τοῦ

179 2134 543 2201 Αντιχρίστου
596 2137 920 2203 παρουσίαν,
972 2139 1091 2191 καθ’
1124 2142 1188 2209 ἣν
1222 2142 1314 2192 καὶ
1342 2143 1373 2210 ἡ
1398 2141 1492 2193 τοῦ
1554 2146 1752 2215 αξσΟη-

152 2224 245 2275 τοῦ
283 2225 496 2293 κόσμου
531 2226 682 2278 τοῦδε
712 2231 991 2283 συντέλεια
1029 2232 1263 2297 ἵσταται,
1304 2236 1436 2302 μηδὲ
1478 2239 1589 2299 τοῖς
1631 2256 1736 2307 μα-

152 2317 351 2386 θηταῖς
382 2318 658 2386 δεομένοις
691 2321 782 2373 τοῦ
814 2324 1059 2392 Σωτῆρος
1108 2326 1580 2395 ἀποκαλύψαντος,
1632 2327 1751 2384 εἶτα

154 2410 338 2459 αὐτῶν
399 2410 605 2480 ταύτην
655 2416 1031 2478 πεντακοσίοις
1084 2416 1203 2488 ['271
1249 2417 1337 2490 IL]
1403 2420 1577 2473 ἔτεσιν
1644 2424 1751 2476 ἀπὸ

153 2502 398 2571 Χριστοῦ
430 2503 739 2572 ὑπαχθέντα
774 2507 1236 2577 περιγράψασθαι,
1274 2511 1476 2565 ὡσανεὶ
1509 2513 1618 2565 τῶν
1638 2516 1748 2567 άπδ

155 2595 388 2663 πρώτης
421 2594 517 2647 τοῦ
568 2597 773 2666 κόσμου
837 2600 1140 2669 καταϐολῆς
1182 2603 1561 2671 ἑξακισχιλίων
1614 2608 1749 2659 ἐτῶν

156 2688 630 2755 συντελουμένων,
662 2692 754 2740 καὶ
788 2690 885 2760 τὴν
921 2692 1166 2745 διάλυσιν
1226 2696 1388 2748 αὑτοῦ
1426 2700 1746 2763 ἐφεστάναι,

152 2781 314 2832 τοῦτο
340 2782 436 2832 καὶ
478 2780 816 2851 θερμοτέρας
849 2783 914 2835 ἂν
945 2785 1028 2854 εἰη
1065 2786 1158 2837 τοῦ
1193 2790 1567 2857 προσήκοντος
1611 2794 1749 2858 γνώ-

156 2890 289 2939 μης,
318 2872 417 2924 καὶ
443 2873 477 2940 ὴ
508 2874 780 2939 ἀπόφασις
814 2874 1164 2944 ἀνθρωπίνης
1188 2878 1432 2944 ἀγνοίας,
1476 2880 1590 2932 ἀλλ’
1648 2882 1747 2935 οὐκ

153 2965 447 3025 ἐπιπνοίας
477 2964 577 3033 τῆς
609 2966 813 3017 ἄνωθεν
852 2966 1139 3035 διελέγχει.
1186 2969 1251 3022 Ἠ
1285 2971 1339 3022 δὲ
1371 2974 1569 3041 φράσις
1598 2974 1747 3044 αὐτῷ

152 3057 214 3107 τὸ
253 3060 425 3121 σαφὲς
454 3056 537 3108 ὅτι
575 3057 807 3125 μάλιστα
840 3059 1184 3129 οἰκειουμένη
1214 3063 1413 3131 πρέποι
1468 3064 1535 3117 ἂν
1573 3067 1745 3137 ἑρμη-

154 3148 281 3217 νείᾳ
309 3149 384 3205 ⁸⁸,
415 3150 462 3200 εί
490 3149 583 3200 καὶ
615 3151 740 3209 τοὺς
777 3151 1053 3214 Ἀττικοὺς
1100 3152 1159 3204 οὔ
1186 3171 1237 3205 τι
1266 3156 1410 3223 μάλα
1441 3156 1675 3226 θεσμοὺς
1694 3158 1740 3190 ⁸⁸

153 3241 514 3293 δυσωπεῖται.

227 3334 652 3403 Συνανεγνώσθη
686 3335 850 3388 αὑτοῦ
900 3336 996 3389 καὶ
1023 3337 1208 3407 ἓτερος
1238 3338 1394 3405 λόγος
1446 3340 1575 3409 περὶ
1612 3342 1747 3409 Χρι-

157 3423 291 3478 στοῦ
326 3426 422 3476 καὶ
482 3426 867 3495 Ἀντιχρίστου,
899 3431 956 3480 ἐν
988 3422 1031 3496 ᾧ
1061 3431 1094 3498 ἦ
1134 3447 1191 3481 τε
1244 3433 1380 3501 αὑτὴ
1419 3433 1527 3484 τῶν
1574 3434 1745 3499 λόγων

160 3515 276 3567 ἰδέα
305 3516 619 3584 διαπρέπει,
654 3520 747 3569 καὶ
791 3518 851 3570 τὸ
878 3518 985 3572 τῶν
1031 3522 1320 3590 νοημάτων
1374 3523 1745 3595 άπλούστερόν

156 3623 215 3657 τε
241 3608 337 3659 καὶ
371 3609 766 3678 άρχαιότροπον
785 3610 850 3662 9°.

888 3703 1002 3755 ΣΡ.

164 3789 280 3843 Τοῦ
345 3791 639 3868 μακαρίρυ
700 3792 1073 3868 Θεοδωρήτου
1138 3794 1476 3868 ἐπισκόπου
1550 3800 1745 3868 Κύρου

551 3861 835 3928 ἑρμηνειά
864 3866 950 3927 εὶς
981 3864 1087 3915 τὸν
1114 3866 1356 3931 Δανιήλ.

228 3952 574 4021 Ἀνεγνώσθη
606 3953 700 4005 τοῦ
737 3956 1001 4024 μακαρίου
1038 3956 1408 4027 Θεοδωρήτου,
1441 3960 1742 4014 ἐπισκόπου

156 4045 374 4113 Κύρου,
428 4044 745 4110 Ἑρμηνεία
795 4049 881 4111 εις
932 4048 1039 4100 τὸν
1091 4051 1332 4115 Δανιὴλ.
1383 4053 1596 4124 Μακρῴ
1644 4058 1744 4125 μὲν

155 4128 316 4197 οὗτος
345 4137 375 4185 ὁ
407 4135 566 4201 σοφὸς
604 4137 744 4204 ἀνὴρ
772 4137 869 4207 οὐχ
924 4138 1238 4192 Ἱππολύτου
1275 4143 1456 4211 μόνον,
1486 4146 1623 4198 ἀλλὰ
1650 4149 1743 4199 καὶ

156 4226 376 4277 πολλῶν
416 4226 589 4277 ἄλλων
625 4229 690 4295 τῇ
718 4228 827 4279 τῶν
864 4232 1232 4299 προφητικῶν
1295 4236 1558 4304 ῥημάτων
1606 4239 1739 4291 ἁνα-

156 4315 359 4377 πτύξει
392 4332 449 4366 τε
475 4316 568 4367 καὶ
606 4315 958 4386 διακαθάρσει
990 4325 1218 4390 κρατεῖ·
1251 4322 1364 4374 ἔστι
1392 4325 1447 4377 δὲ
1484 4326 1581 4395 τὴν
1603 4330 1742 4397 φρά-

155 4424 264 4469 σιν,
296 4407 453 4467 εἴτις
482 4408 659 4470 ἄλλος,
692 4410 1009 4478 ἑρμηνείαις
1033 4414 1281 4483 πρέπων,
1321 4416 1397 4483 τῷ
1423 4435 1483 4470 τε
1510 4420 1738 4490 καθαρῷ

156 4496 253 4545 καὶ
312 4494 536 4563 εὑσήμῳ
600 4496 708 4547 τῶν
768 4500 1028 4567 ῥημάτων
1062 4504 1461 4557 ἀνακαλύπτων
1497 4508 1564 4558 τὰ
1612 4526 1737 4561 συν-

1856 1952 2169 2006 terierunt:
2216 1955 2409 2027 164a
2468 1959 2562 2012 sed
2603 1970 2917 2016 contentum
2954 1983 3075 2021 esse
3115 1972 3294 2037 potius
3334 1990 3425 2029 co-

1852 2052 1983 2094 natu
2018 2042 2154 2110 ipso,
2182 2056 2236 2098 et
2262 2048 2327 2101 iis
2362 2064 2483 2116 qua:
2511 2062 2777 2119 quatenus
2807 2055 2978 2118 licuit,
3008 2074 3038 2111 e
3078 2064 3426 2118 consideran-

1855 2133 1939 2186 dis
1968 2138 2203 2190 assecuti
2237 2148 2384 2195 sunt.
2418 2140 2707 2210 Caeterum,
2728 2149 2869 2215 quod
2892 2151 3210 2208 Antichristi
3232 2157 3424 2211 adven-

1855 2234 1966 2279 tum
1997 2228 2236 2296 (quando
2290 2233 2451 2287 etiam
2488 2238 2668 2290 mundi
2705 2238 2863 2307 hujus
2904 2247 3246 2311 aspectabilis
3285 2249 3423 2304 inte-

1853 2319 1990 2373 ritus
2030 2324 2307 2395 sequetur)
2343 2341 2500 2395 quem
2550 2346 2616 2384 ne
2653 2332 2935 2400 discipulis
2964 2338 3180 2405 quidem
3229 2358 3424 2410 rogan-

1854 2410 1996 2465 tibus
2029 2414 2393 2471 manifestavit
2444 2417 2719 2486 Christus,
2763 2422 3083 2495 Ilippolytus
3130 2430 3215 2483 hic
3267 2434 3423 2500 quin-

1853 2504 2154 2570 gentesimo
2200 2517 2321 2575 post
2363 2507 2641 2565 Christum
2668 2528 2809 2567 anno
2832 2520 3105 2573 ascribere
3135 2538 3297 2577 ausus
3323 2526 3415 2585 sit.

1851 2592 2007 2659 quasi
2048 2607 2075 2644 a
2113 2596 2284 2662 prima
2312 2603 2491 2653 mundi
2520 2606 2902 2663 constitutione
2932 2627 3023 2663 sex
3058 2614 3296 2669 millibus
3326 2632 3419 2669 an-

1852 2698 2041 2736 norum
2069 2695 2179 2738 tum
2206 2688 2447 2745 decursis
2469 2694 2585 2762 ejus
2609 2696 2865 2753 interitus
2889 2702 3139 2763 instaret.
3165 2707 3267 2760 hoc
3293 2722 3422 2763 sane

1850 2778 2128 2835 calidioris
2154 2798 2313 2850 quam
2355 2800 2452 2854 par
2479 2788 2547 2840 sit
2598 2790 2758 2843 animi
2794 2803 2892 2846 est.
2938 2793 3129 2850 Verum
3156 2799 3267 2854 haec
3304 2801 3420 2870 ejus

1849 2872 2079 2924 assertio
2118 2872 2403 2927 humanam
2428 2878 2784 2946 ignorantiam
2807 2886 3006 2952 potius,
3033 2904 3192 2955 quam
3250 2894 3416 2947 ταξιο-

1848 2970 1986 3013 stem
2019 2963 2253 3031 aliquam
2303 2968 2714 3033 inspirationem
2753 2977 2945 3044 arguit.
2980 2979 3162 3035 Genus
3200 2983 3317 3051 ejus
3338 2988 3421 3038 di-

1845 3053 1999 3105 cendi
2029 3055 2231 3109 clarum
2278 3061 2329 3112 in
2390 3062 2580 3129 primis
2620 3080 2682 3116 ac
2733 3070 3097 3135 perspicuum,
3159 3076 3421 3145 interpre-

1850 3153 1951 3196 tcm
1988 3150 2118 3202 satis
2171 3150 2344 3216 decet,
2372 3155 2471 3209 etsi
2511 3155 2722 3211 Atticas
2761 3175 2943 3215 revera
2966 3164 3110 3233 leges
3140 3169 3298 3223 valde
3327 3186 3414 3224 re-

1766 3230 1808 3285 C
1842 3238 2042 3305 pudiat.

1917 3330 2170 3401 Legimus
2199 3352 2301 3388 una
2327 3336 2567 3403 ejusdem
2608 3340 2898 3398 Homiliam
2942 3348 3052 3419 (93)
3102 3353 3164 3405 de
3208 3352 3415 3408 Christo

1845 3430 1895 3474 et
1927 3426 2248 3479 Amic/tritta
2272 3444 2291 3480 :
2317 3429 2367 3480 in
2398 3446 2500 3496 qua
2526 3434 2712 3487 eadem
2744 3438 2951 3491 dicendi
2978 3441 3149 3495 l'ortna
3179 3458 3413 3513 servata,

1846 3525 1901 3568 et
1930 3530 2188 3571 sensuum
2215 3521 2536 3588 simplicitas
2564 3525 2735 3594 major
2758 3537 2841 3583 est
2862 3545 2927 3584 ac
2960 3544 3218 3589 vetustas.

2548 3708 2725 3762 CCIII.

1885 3788 2194 3845 Theodoreti
2229 3792 2471 3864 Cyrerm':
2502 3801 2659 3866 episc.
2705 3799 3078 3872 lnterpretatio
3120 3808 3377 3865 Danielis.

1918 3947 2167 4018 Legimus
2184 3950 2505 4009 Theodoreti
2519 3957 2757 4028 episcopi
2780 3961 2901 4030 Cyri
2920 3961 3411 4031 Interpretationcm

1848 4038 2106 4095 Dauielis.
2145 4041 2235 4096 Vir
2258 4060 2389 4099 sane
2405 4047 2614 4114 doctus,
2656 4066 2761 4104 non
2792 4052 3079 4124 Hippolyto
3109 4063 3286 4126 modo,
3320 4078 3413 4117 ve-

1848 4146 1964 4184 rum
2009 4134 2169 4186 etiam
2221 4134 2342 4189 aiiis
2393 4138 2577 4194 multis
2619 4144 3055 4212 propheticorum
3102 4164 3409 4205 sermonum

1848 4224 2298 4292 interpretatione
2334 4240 2495 4299 atque
2524 4235 2903 4303 explanatione
2939 4240 3091 4309 longe
3115 4247 3405 4298 antecellit.

1848 4318 2019 4371 ltictio
2070 4318 2187 4386 ejus
2236 4327 2675 4379 commentationi
2752 4329 2817 4398 (si
2869 4330 3184 4400 cujusquam
3250 4338 3406 4407 alius)

1846 4410 2147 4476 aptissima.
2176 4410 2308 4465 Nam
2349 4424 2402 4467 et
2435 4418 2583 4483 puris
2618 4420 3063 4492 signantibusque
3104 4427 3280 4481 verbis
3312 4432 3405 4481 ab-

1846 4499 1957 4552 dita
1985 4516 2212 4570 quaeque
2235 4513 2290 4556 et
2320 4504 2550 4558 obscura
2587 4510 2811 4571 revelat,
2836 4514 3246 4577 etjucunditate
3276 4533 3408 4584 qua-

157 4586 527 4653 εσκιασμένα,
547 4587 639 4639 καὶ
666 4587 742 4656 τῷ
762 4588 1028 4657 ἡδύνοντι,
1056 4592 1147 4644 ἆτε
1166 4594 1227 4662 δὴ
1255 4594 1647 4661 διαγλυκαίνων
1672 4600 1737 4666 ⁹¹,

1848 4591 1969 4643 dam
2001 4593 2152 4659 quasi
2183 4595 2555 4663 delinimento,
2588 4602 2847 4669 suavique
2881 4603 3060 4671 lepore
3108 4608 3173 4659 ad
3220 4610 3304 4661 sui
3340 4613 3408 4663 le-

142 4675 601 4746 Δπρόθυμα-πέρσεις
635 4680 769 4747 πρὸς
797 4680 894 4750 τὴν
932 4684 1236 4750 ἀνάγνωσιν
1278 4692 1736 4756 παρασκευάζων,

153 4770 251 4819 καὶ
278 4768 346 4837 δὴ
378 4768 425 4799 ⁹¹
462 4771 553 4820 καὶ
585 4770 661 4839 τῷ
686 4774 825 4841 πρὸς
859 4775 1133 4845 μηδεμίαν
1164 4780 1439 4847 ἐκτροπὴν
1471 4782 1565 4832 καί¹
1596 4801 1739 4853 παρ-

150 4858 382 4909 έκϐασιν
446 4860 817 4929 ἀποφέρεσθαι
882 4865 973 4915 τοῦ
1034 4870 1396 4936 προκειμένου
1460 4872 1618 4939 κόρον
1678 4891 1737 4925 τε

151 4951 563 5019 ἀφαιρούμενος
589 4953 793 5019 πάντα,
840 4956 933 5008 καὶ
960 4959 1058 5025 τήν
1095 4959 1333 5031 μάθησιν
1382 4961 1490 5013 τῶν
1541 4964 1736 5031 ζητου-

154 5046 338 5110 μένων
366 5044 674 5115 άσύγχυτόν
697 5064 757 5099 τε
796 5050 901 5114 ικαὶ
950 5049 1369 5105 ἁδιασκέδαστον
1407 5054 1498 5106 καὶ
1539 5055 1737 5125 εὐχερῆ

147 5139 261 5198 τοῖς
294 5136 714 5208 άναλεγομένοις
744 5140 909 5193 αὐτοῦ
944 5142 990 5175 ’³
1020 5143 1111 5197 τὸν
1142 5146 1302 5198 πόνον
1329 5146 1596 5215 ἐμποιῶν.
1619 5150 1727 5201 Καὶ

148 5230 182 5297 ἡ
212 5227 360 5293 λέξις
389 5227 445 5281 δὲ
485 5229 633 5300 αὐτῷ
656 5233 806 5301 καὶὴ
850 5234 1093 5306 συνθήκη
1123 5240 1222 5306 τῆς
1282 5238 1533 5310 Ἀττικῆς
1568 5242 1725 5310 εὐγε-

148 5318 301 5381 νείας
325 5318 386 5370 οὐ
414 5319 607 5387 φεύγει
638 5323 733 5383 τὰς
762 5324 944 5390 γονὰς,
971 5324 1112 5396 πλὴν
1143 5328 1195 5379 el
1223 5343 1276 5379 τι
1307 5330 1725 5401 περιεργότερον

1838 4682 2071 4735 ctionem
2107 4684 2313 4738 invitat.
2348 4684 2486 4750 Quin
2541 4698 2595 4742 et
2643 4706 2708 4745 ex
2746 4707 2810 4745 eo
2854 4697 2993 4761 quod
3046 4699 3110 4749 ad
3154 4700 3405 4769 ambages

1837 4772 2010 4825 nullas
2048 4774 2515 4846 digressionesque
2551 4796 2578 4832 a
2622 4786 2893 4849 proposito
2923 4801 3236 4855 argumento
3256 4806 3405 4844 rece-

1842 4864 1957 4927 dat,
1986 4865 2292 4919 satietatem
2329 4884 2434 4921 non
2476 4873 2633 4924 modo
2667 4875 2866 4927 uullani
2902 4876 3077 4941 alI‘ert,
3104 4880 3198 4931 sed
3233 4895 3291 4932 ea
3318 4882 3401 4933 itt-

1835 4970 2020 5024 snper,
2057 4972 2175 5025 qua:
2202 4958 2255 5011 in
2291 4959 2509 5014 dubium
2549 4976 2835 5030 vocantur,
2868 4969 2984 5021 sine
3024 4971 3127 5022 nlla
3158 4972 3236 5024 vel
3272 4987 3400 5024 con-

1835 5046 2048 5102 fusione
2074 5050 2157 5102 vel
2195 5051 2550 5118 dissipatione
2587 5054 2771 5118 facile:
2792 5068 2844 5109 et
2881 5061 3161 5112 commoda
3192 5064 3399 5117 ratione

1835 5139 2063 5194 lectores
2114 5154 2242 5194 suos
2297 5142 2470 5194 docet.
2535 5141 2731 5197 Voenm
2785 5147 2910 5200 item
2962 5149 3081 5216 ejus
3132 5150 3396 5216 delet-tus,

1834 5244 1999 5303 atque
2030 5233 2145 5301 ipsa
2168 5234 2487 5300 compositio
2530 5237 2595 5288 ab
2640 5237 2833 5292 Atticae
2861 5239 3145 5309 elegantia:
3189 5244 3396 5312 origine

1834 5343 1941 5383 non
1994 5324 2216 5394 refugit,
2257 5324 2360 5377 nisi
2400 5326 2527 5394 quid
2564 5327 2705 5382 forte
2746 5331 3011 5387 curiosius
3042 5332 3150 5387 illic
3198 5349 3397 5388 occur-

1402 5420 1483 5474 VA
1496 5422 1629 5477 ΒΙᾹΞ
1668 5422 2075 5481 LECTIONES.

247 5502 461 5607 ἔριδοεὲ
504 5507 731 5607 αὐιξόοίιι
790 5526 981 5596 versus
1034 5513 1563 5607 .vnacuiJ'il/‘SI-iaC
1602 5520 1636 5572 Ξ
1666 5522 1833 5607 1]2.Λ
1863 5519 2021 5607 "uouj
2065 5520 2215 5607 deest
2245 5520 2343 5607 ξεῖ.
2420 5521 2462 5551 ⁸⁸
2494 5522 2942 5607 ὲρμιηνξιίᾳᾉ-οὕτι
2970 5525 3012 5575 Α
3055 5543 3065 5575 :
3102 5523 3394 5607 ἑρμηνείας

144 5600 212 5663 ῖ
240 5572 358 5656 ὄντι
399 5590 478 5651 5.
560 5577 605 5609 ⁸³
638 5578 872 5650 Θερμοὺς
897 5600 957 5646 ς.
1034 5584 1078 5615 ⁹⁰
1112 5572 1510 5657 ἀρχαιότροπον
1535 5606 1644 5645 om.
1670 5572 1854 5661 ipa—.VC.
1908 5572 2403 5659 "biaﬂuxlivotﬂ
2459 5572 2536 5654 ς-⁸
2564 5572 2637 5621 Ἥ
2660 5572 2788 5659 δὴὶιὶ
2820 5572 3070 5663 είιιῆνης
3105 5572 3190 5626 Ἢ
3223 5572 3391 5662 ἀὺτῆξ

1656 5724 1889 5784 NOTAE.

148 5642 192 5693 A
214 5662 226 5695 :
261 5640 428 5695 αὐτοῦ
461 5661 523 5708 ς.

216 5804 329 5879 (9|)
385 5803 573 5879 llujusi
615 5808 747 5877 Περὶ
783 5809 1071 5879 ἀσκήσεως
1116 5822 1333 5867 exstare
1377 5813 1623 5873 feruntur
1658 5816 1711 5873 in

148 5872 321 5940 Italia,
364 5885 418 5931 et
446 5872 778 5935 bibliotheca
818 5872 983 5949 Regia
1011 5891 1065 5936 et
1094 5884 1432 5951 Augustana.

2041 5819 2183 5896 Υἱός
2209 5821 2598 5895 B.llieronym.
2633 5828 2684 5878 in
2717 5826 2888 5881 Catal.
2923 5842 3040 5896 cap.
3067 5828 3155 5882 GI.

1898 5890 2012 5959 ’95)
2042 5890 2115 5944 Ea
2145 5890 2329 5948 Grtece
2368 5903 2421 5947 ct
2444 5890 2634 5950 Littine
2670 5901 2806 5967 typis
2841 5890 3047 5966 vulgata
3073 5910 3273 5954 exstat.
