4196 6442
111 389 217 452 677

1069 391 1593 451 ΒΙΒΗΟΤΠΕΟΛ.
1624 413 1696 425 -
1732 386 1944 447 CODD.
1986 386 2361 449 CCIV-CCIX

3246 387 3349 449 678

115 506 398 573 αγωνίους
429 499 829 575 ἀποδιατρίϐων
856 506 1263 574 παρεκδρομὰς,
1313 505 1451 560 ἀλλὰ
1478 506 1554 574 τῷ
1582 506 1697 557 δια·
1722 506 1772 563 Λ

1692 532 1697 544 ι
1722 506 1774 563 Λ
1801 511 1963 556 neunt
2022 503 2365 571 egressiones
2416 501 2668 563 divertat.
2709 499 2804 555 sed
2843 501 2983 568 quod
3034 502 3349 569 opinionum

108 597 287 666 φορὰς
321 596 491 661 δοξῶν
538 595 804 663 περὶτῆς
853 595 1021 663 αὐτῆς
1076 594 1384 656 ὑποθέσεως
1448 592 1690 659 ἀναγρά-

109 706 233 759 φειν
274 688 294 718 ⁷
332 687 613 747 πολλάκις.
651 684 822 737 Τοῦτο
847 685 903 737 δὲ
928 684 1021 737 ita).
1047 684 1461 753 προοιμιάζεται
1500 685 1579 745 εἰς
1599 685 1689 751 όγ.

111 798 206 834 κον
239 780 397 846 αύτῷ
438 778 919 845 διαπλαττόμενον.
977 776 1072 828 καὶ
1128 776 1363 843 μάλιστα
1398 776 1540 845 πρὸς
1593 776 1690 845 τὴν

111 871 471 940 Θεοδωρήτου
504 867 722 935 σύνοψίν
750 883 810 918 τε
843 866 936 918 καὶ
968 866 1287 933 φιλοκαλίαν
1315 866 1376 918 τὸ
1404 868 1691 936 σύνταγμα

110 961 353 1031 αἴρεται.
390 962 497 1012 Καὶ
521 960 603 1027 εἴη
623 958 688 1011 ἂν
712 956 1033 1010 οἰκειότατόν
1058 974 1115 1008 τε
1135 958 1226 1009 καὶ
1246 959 1690 1027 χρειωδέστατον,

113 1055 155 1103 εἰ
189 1054 336 1121 μετὰ
367 1050 468 1120 τὴν
514 1052 571 1101 έν
613 1048 841 1111 ἐκείνοις
877 1047 1069 1117 τριϐὴν
1122 1050 1155 1116 ἡ
1218 1049 1343 1118 περὶ
1374 1049 1547 1101 ταῦτα
1598 1049 1691 1101 τοῦ

113 1144 307 1213 ἀνδρὸς
330 1142 407 1195 τὰ
463 1142 851 1210 σπουδάσματα
911 1139 1077 1209 σχολὴ
1134 1140 1447 1209 διαδέχοιτο.
1507 1142 1616 1193 Καὶ
1659 1143 1692 1209 ἡ

115 1237 319 1301 φράσις
356 1234 415 1286 δὲ
463 1232 612 1302 αύτῴ
636 1234 693 1294 ἐς
717 1231 780 1283 τὸ
809 1232 1027 1300 ἄριστον
1061 1230 1317 1301 ἧσκηται,
1364 1235 1412 1284 εἰ
1439 1234 1532 1284 καὶ
1551 1235 1645 1301 τῆς
1673 1232 1695 1264 ⁸

116 1327 454 1396 ἐξηγητικῆς
479 1323 862 1385 ὃιατυπώσεως
888 1322 1000 1391 ἔχει
1037 1340 1090 1373 τι
1121 1323 1216 1375 καὶ
1265 1323 1623 1393 κομψότερον.

854 1437 968 1490 ΣΖ⁹.

478 1528 590 1581 Τοῦ
618 1530 695 1581 αὐ
707 1528 811 1580 τοῦ
830 1528 931 1592 Εἰς
957 1527 1062 1579 τὸν
1102 1527 1371 1580 Ἡσαΐαν.

196 1618 543 1687 ’Δνεγνώσθη
575 1618 669 1672 τοῦ
702 1618 864 1671 αὐτοῦ
896 1619 1184 1686 φιλοπόνου
1216 1620 1410 1686 ἀνδρὸς
1454 1620 1558 1683 Εις
1590 1618 1698 1671 τὸν

1792 593 1979 646 eadem
2008 592 2074 645 de
2094 608 2149 647 re
2172 593 2515 647 diversitates
2548 606 2919 660 saepenumero
2941 603 3348 646 commemoret.

1792 682 1859 735 Et
1892 697 2020 736 vero
2051 682 2212 737 etiam
2253 681 2509 749 praefatur
2538 682 2639 734 hoc
2677 695 2706 732 a
2734 695 2794 734 se
2826 696 2959 749 Opus
3010 696 3257 749 magnam
3295 682 3349 733 in

1794 774 1985 826 molem
2034 788 2155 827 esse
2226 783 2501 840 aggestum
2554 790 2567 825 :
2616 775 2757 840 quod
2818 774 2943 827 item
2997 776 3229 828 maxime
3285 775 3352 828 ad

1793 862 2121 917 Theodoreti
2194 862 2513 917 brevitatem
2574 872 3027 933 venustatemque
3068 867 3351 932 assurgit:

1793 965 1852 1009 ut
1893 955 2229 1023 aptissimum
2263 954 2389 1007 illud
2413 954 2567 1022 plane
2604 955 2697 1018 sit,
2728 964 2887 1021 atque
2910 955 3282 1018 utilissimum,
3307 957 3353 1011 si

1792 1053 1914 1113 post
1948 1043 2099 1097 illutn
2140 1043 2357 1107 lectum,
2400 1047 2465 1097 ad
2502 1043 2661 1112 hujus
2690 1046 2850 1098 Ctl‘dlll
2889 1046 2987 1098 viri
3036 1046 3247 1099 labores
3279 1047 3354 1100 le-

1794 1134 2000 1204 gendos
2045 1136 2211 1189 otium
2261 1136 2559 1205 contingat.
2603 1136 2777 1190 Dictio
2814 1138 2883 1191 ab
2916 1152 2979 1190 eo
3022 1148 3107 1191 est
3155 1140 3356 1207 optime

1799 1228 2014 1295 quidem
2069 1229 2302 1289 exeulta,
2359 1228 2451 1281 sed
2501 1229 2769 1296 comptior
2820 1229 3139 1295 aliquanto.
3196 1246 3354 1299 quam

1796 1319 2167 1379 commentarii
2203 1319 2472 1372 rudiorem
2505 1317 2731 1373 formam
2758 1321 2966 1374 deceat.

2476 1431 2675 1487 CCVII.

2183 1522 2328 1576 Idem
2361 1524 2414 1573 in
2454 1521 2653 1575 Isaiam
2679 1528 3001 1592 prophetam.

1869 1616 2120 1682 Legimus
2163 1614 2402 1682 ejusdem
2466 1617 2791 1683 perstutliosi
2844 1619 3076 1672 hominis
3123 1618 3235 1688 (96)
3290 1618 3357 1673 In

120 1713 445 1778 ,προφήτην
495 1710 763 1773 Ἡσαΐαν,
790 1710 888 1779 τήν
922 1727 978 1760 τε
1002 1709 1192 1776 ὁμοίαν
1228 1710 1339 1768 τοῖς
1365 1706 1698 1778 προειρημέ-

1797 1704 1999 1758 Isaiam
2016 1707 2318 1773 prophetam
2344 1723 2510 1775 opus:
2531 1710 2671 1776 quod
2701 1707 2933 1761 similem
2969 1712 3354 1778 suprascriptis

122 1818 227 1862 νοις
259 1800 511 1853 διάθεσιν
548 1800 976 1869 φυλαττόμενον,
1020 1801 1113 1852 καὶ
1146 1801 1244 1869 τὴν
1281 1801 1447 1868 αὐτὴν
1473 1799 1580 1851 τῶν
1614 1799 1699 1850 λό-
1735 1838 1772 1892 Β

1735 1838 1772 1892 Β
1802 1808 1979 1851 servat
2007 1801 2404 1853 cOmmentandi
2432 1800 2720 1862 rationem,
2761 1804 3115 1870 eamdemque
3148 1803 3355 1857 dicendi

122 1908 229 1959 γων
268 1890 719 1958 ἐπιδεικνύμενον
754 1890 980 1959 δύναμιν
1004 1930 1020 1955 ,
1070 1892 1165 1943 καὶ
1213 1889 1368 1959 δῆλον
1398 1891 1477 1943 ὅτι
1506 1890 1601 1943 καὶ
1634 1890 1693 1942 τὸ
1738 1889 1764 1892 “

1738 1889 1764 1892 “
1799 1889 1901 1942 vim
1924 1890 2159 1957 praefert,
2182 1892 2297 1958 pari
2323 1906 2445 1947 cum
2472 1892 2694 1947 lectoris
2723 1892 2806 1964 (ut
2835 1896 3069 1965 constat)
3100 1896 3354 1951 utilitate.

123 1979 442 2034 λυσιτελοῦν
471 1980 849 2052 παραπλήσιον
867 1986 910 2034 ⁸.

831 2071 953 2124 ΣΗἏ

127 2190 429 2253 Εὑλοτίου
490 2187 960 2254 ἁρχιεπισκόπου
1043 2183 1493 2253 Ἀλεξανδρείας
1553 2186 1698 2239 κατά

584 2255 971 2309 Ναυατιανῶν
998 2255 1167 2323 λόγοι
1192 2261 1256 2308 ε’.

206 2348 559 2417 ’Λνεγνώσῧη
591 2348 682 2399 τοῦ
710 2350 765 2399 ὲν
788 2348 958 2413 ἁγίοις
985 2347 1242 2414 Εὑλογίου
1272 2347 1697 2417 ἁρχιεπισκόπου

138 2440 553 2509 Ἀλεξανδρείας
610 2441 773 2493 Κατὰ
838 2438 1261 2502 Ναυατιανῶν,
1312 2441 1369 2491 ὲν
1420 2440 1594 2506 λόγοις
1637 2439 1697 2492 ε’.

130 2535 317 2603 Τούτῳ
345 2534 429 2603 τῷ
460 2533 611 2602 ἀνδρὶ
656 2532 824 2599 ὄνομα
869 2532 966 2600 μὲν
998 2530 1124 2602 [599
1174 2530 1265 2601 ἢ]
1300 2532 1473 2584 λιπεῖν
1505 2533 1595 2584 ἐπὶ
1619 2532 1700 2583 δε·

130 2627 335 2693 ξιότητι
370 2626 545 2691 λόγων
566 2623 670 2675 οὐδ’
698 2623 873 2675 ὁτιοῦν
902 2624 1303 2692 προσεμέλησε,
1339 2626 1405 2676 τά
1433 2624 1490 2675 δὲ
1521 2624 1703 2677 Ναυά-

128 2734 222 2767 του
248 2716 641 2783 σοφισματῲδη
698 2713 1060 2782 προϐλήματά
1111 2732 1171 2766 τε
1195 2720 1200 2726 ’
1225 2716 1318 2767 καὶ
1364 2715 1703 2783 δελεάσματα

129 2806 406 2873 διελέγξαι
451 2807 545 2857 καὶ
586 2806 835 2872 αἰσχῦναι
889 2805 1039 2857 οὐδὲν
1092 2804 1150 2856 τὸ
1196 2806 1576 2873 ἀπαράσκευον
1607 2807 1703 2869 τῆς

132 2897 277 2949 κατὰ
334 2898 464 2958 τοὺς
496 2896 685 2962 λόγους
720 2895 947 2963 μελέτης
976 2894 1225 2962 ἐμποδὼν
1254 2897 1414 2965 ἔστη·
1455 2900 1567 2959 τοῖς
1596 2898 1703 2964 γὰρ

141 2990 444 3056 Γραφικοῖς
503 2986 746 3038 πλουτῶν
795 2988 1022 3053 νοήμασί
1068 3004 1126 3037 τε
1164 2988 1255 3039 καὶ
1284 2988 1558 3056 Θεωρίαις,
1605 2990 1704 3041 ὅσα

132 3081 345 3139 ἐκεῖνος
386 3078 829 3144 άποσπαράσσων
854 3076 952 3143 τῆς
973 3076 1106 3137 ἰδίας
1129 3078 1389 3147 αἱρέσεως
1415 3078 1703 3146 πρόϐλημα

2353 2070 2543 2140 165a
2591 2068 2808 2125 CCVIII.

1801 2179 2011 2251 Eulogii
2050 2182 2393 2234 Alexandrini
2447 2184 2756 2304 σῐὶιιίερίιε.
2790 2181 2985 2239 Contra
3033 2183 3360 2239 Naeatianoe

2500 2270 2513 2304 ι
2554 2269 2596 2304 rt
2626 2268 2678 2304 ν.

2500 2268 2596 2305 ιυη
2626 2268 2678 2306 ν.

1874 2344 2001 2414 Legi
2024 2345 2084 2398 Β.
2114 2343 2322 2413 Eulogii
2365 2344 2755 2413 archiepiscopi
2790 2345 3137 2401 Alexandrini
3166 2348 3363 2401 Aduer-

1801 2453 1888 2490 ειη
1913 2434 2239 2490 Navatianos
2262 2435 2372 2505 (97)
2390 2436 2553 2491 libros
2574 2439 2832 2506 quinque.
2860 2437 2960 2502 Qui
2998 2439 3099 2493 etsi
3131 2441 3364 2508 scriptor

1801 2530 2015 2583 dicendi
2053 2529 2321 2595 elegantia
2357 2544 2549 2583 nomen
2591 2530 2692 2584 sibi
2733 2545 2973 2599 quaerere
3014 2532 3161 2585 nullo
3206 2534 3365 2588 modo

1802 2622 2029 2685 curarit,
2064 2621 2195 2675 nihil
2222 2631 2419 2684 tamen,
2445 2636 2552 2690 quo
2574 2623 2750 2676 minus
2771 2622 2957 2676 Navati
2975 2625 3361 2693 sophismatum

1804 2713 1973 2781 plena:
2036 2714 2362 2767 assertiones
2410 2714 2790 2782 captionesque
2828 2716 3158 2779 refellantur,
3205 2726 3366 2782 atque

1804 2806 2096 2873 ignominia
2132 2813 2402 2867 notentur,
2431 2809 2695 2859 sermonis
2729 2808 2957 2874 neglecti
3011 2809 3213 2862 incuria
3262 2811 3365 2861 im-

1803 2897 2109 2963 pedimento
2135 2895 2315 2949 fuerit.
2349 2895 2526 2950 Sacrae
2543 2898 2683 2950 enim
2707 2894 2999 2965 Scriptura:
3031 2910 3370 2951 commenta-

1806 2986 2044 3039 tionibus
2090 3002 2153 3040 ac
2197 2986 2734 3054 contemplationibus
2786 2988 2999 3041 abunde
3045 2988 3362 3047 insuuctus.

1805 3090 1923 3143 qua:
1958 3076 2081 3129 hinc
2105 3076 2170 3130 ad
2202 3092 2354 3130 suam
2395 3078 2642 3130 haeresim
2675 3080 3024 3132 asserendam
3054 3089 3214 3147 atque
3241 3096 3364 3148 pro-

134 3174 231 3223 καὶ
261 3170 595 3238 συνηγορίαν
637 3171 889 3229 ἐποιεῖτο,
928 3169 1095 3221 ταῦτα
1136 3170 1295 3231 αὐτὸς
1329 3171 1702 3235 ἀναπτύσσων,
1736 3176 1779 3231 C

1736 3176 1779 3231 C
1814 3168 2150 3235 pugnandam
2194 3168 2281 3221 ille
2324 3169 2713 3236 discerpserat,
2760 3172 2948 3223 eadem
2988 3171 3075 3224 hic
3101 3173 3365 3240 interpre-

132 3266 229 3316 καὶ
279 3263 344 3315 τὸ
396 3263 524 3330 περὶ
550 3263 685 3313 αὐτὰ
744 3261 1045 3329 κακοῦργον
1075 3263 1175 3329 τῆς
1207 3262 1473 3332 αἱρέσεως
1504 3264 1705 3315 ἐπιδει-

132 3359 291 3417 κνὺς,
356 3356 668 3422 ἀφαιρεῖται
717 3352 923 3405 αὐτοῦ’
978 3354 1036 3404 οὐ
1098 3354 1201 3421 μὴν
1259 3354 1391 3406 ἀλλὰ
1446 3354 1544 3408 καὶ
1593 3356 1709 3406 ἑτέ-

137 3462 255 3516 ροις
295 3444 409 3494 τῶν
437 3444 474 3493 Γ
480 3442 666 3511 ραφῶν
728 3444 933 3510 ῥήμασι
968 3443 1029 3493 τὸ
1079 3444 1507 3510 ἀπονενοημένον
1543 3442 1707 3495 αὐτοῦ

134 3540 233 3589 καὶ
281 3537 673 3601 ἁσὺγγνωστον
700 3536 794 3585 καὶ
830 3533 1125 3601 ἀλλόφυλον
1156 3533 1255 3601 τῆς
1292 3535 1555 3602 αἱρέσεως
1586 3551 1708 3601 στη-

135 3628 364 3681 λιτεύει.
411 3628 497 3678 Ἑν
530 3626 586 3676 δὲ
610 3625 684 3693 τῷ
712 3625 1005 3692 τελευταίῳ
1034 3625 1142 3676 τῶν
1168 3625 1337 3689 λόγων
1365 3625 1535 3676 καὶτὸ
1556 3624 1707 3675 νόθον

136 3724 233 3774 καὶ
300 3716 704 3778 κακόπλαστον,
749 3718 779 3769 ὃ
823 3719 901 3778 εις
946 3717 1197 3769 Ναυάτον
1250 3716 1609 3784 ἀναφέρουσιν
1659 3715 1708 3766 οἰ

136 3812 309 3866 αὑτοῦ
360 3810 714 3868 σπουδασταὶ,
764 3808 1060 3877 μαρτύριον
1096 3806 1379 3874 διελέγχει.
1420 3808 1573 3857 Ἐστι
1609 3807 1709 3874 μὲν

137 3899 234 3956 οὖν
268 3903 367 3955 καὶ
397 3901 530 3953 αὐτὸ
558 3902 716 3952 τοῦτο
749 3903 776 3951 ό
802 3901 941 3951 κατὰ
974 3899 1224 3951 Ναυάτου
1245 3899 1459 3966 ἐλεγχος
1488 3898 1549 3949 τὸ
1574 3899 1707 3966 χρή-

140 4012 307 4062 σιμον
348 3992 527 4061 ἔχων,
588 3992 729 4058 πλὴν
783 3991 875 4042 καὶ
926 3990 1215 4058 Γραφικῶν
1259 3989 1357 4040 οὐκ
1393 3988 1588 4055 ὀλίγων
1625 3988 1711 4040 ἔν-

138 4086 433 4155 θεωρεῖται
460 4082 667 4143 τούτοις
697 4080 964 4149 πολλαχοῦ
990 4083 1101 4141 τοῖς
1121 4079 1568 4145 ἀξιολογωτάτοις
1600 4079 1709 4131 τῶν

140 4172 431 4243 ἐξηγητῶν
494 4173 877 4240 συμφερομένη
946 4169 1232 4239 ἑρμηνεία.
1290 4170 1449 4221 Ἀλλὰ
1497 4169 1591 4220 καὶ
1651 4169 1712 4220 τὸ

140 4264 373 4316 πιθανόν
400 4278 460 4313 τε
496 4262 591 4313 καὶ
616 4260 809 4329 ήδῦνον
858 4261 932 4322 ὡς
972 4262 1029 4311 ἐν
1058 4260 1283 4328 τοιούτῳ
1328 4259 1500 4325 λόγων
1545 4275 1712 4328 χαρα-

142 4356 309 4424 κτῆρι
345 4355 448 4407 οὐκ
480 4352 544 4405 ἄν
571 4367 657 4413 τις
690 4351 947 4417 ἀγασθεὶς
984 4352 1298 4421 μεταγνοίη.

853 4552 949 4603 Σθθ

661 4644 875 4707 Δίωνος
912 4642 1086 4710 Λόγοι
1111 4647 1195 4721 ρξ’.

229 4734 572 4804 ’Δνεγνώσθη
609 4736 806 4798 Δίωνος
856 4734 1058 4802 βιϐλίον
1088 4735 1145 4785 ὲν
1186 4734 1394 4801 Δόγοις
1440 4732 1510 4787 π’,
1548 4727 1717 4796 Οὗτος

146 4829 264 4879 ἐστι
311 4828 411 4897 μὲν
440 4828 541 4895 τὴν
571 4825 805 4895 πατρίδα
832 4825 1163 4895 Προυσαεὺς,
1200 4825 1376 4891 φυγὰς
1404 4824 1448 4876 δ’
1474 4824 1716 4890 ἐγεγόνει

1814 3260 1999 3319 tando,
2043 3270 2097 3312 et
2127 3275 2231 3311 una
2275 3260 2493 3313 haeresis
2547 3261 2598 3311 in
2662 3262 2727 3314 iis
2785 3261 3000 3315 fraudes
3048 3264 3360 3331 detegendo.

1808 3347 2013 3402 Navato
2094 3349 2253 3417 eripit
2327 3366 2389 3404 ac
2471 3351 2637 3403 tollit.
2727 3351 3043 3419 Quanquam
3117 3363 3172 3407 et
3245 3355 3366 3407 aliis

1811 3441 2213 3509 Scripturarum
2262 3443 2415 3505 locis,
2454 3444 2623 3511 ipsius
2666 3445 2818 3498 venia
2871 3447 3138 3513 indignam
3180 3462 3366 3500 amen-

1812 3534 1962 3590 tiam,
1998 3546 2063 3585 ac
2102 3535 2440 3601 peregrinam
2479 3535 2749 3599 haeresim,
2780 3537 2923 3589 velut
2952 3539 3107 3604 cippo
3140 3553 3255 3591 eam
3285 3541 3368 3590 in-

1810 3622 2118 3687 scribendo,
2170 3624 2427 3693 divulgat.
2473 3625 2727 3681 Extremo
2771 3628 2884 3697 (98)
2946 3629 3174 3697 denique
3228 3630 3365 3683 librc

1813 3712 2005 3766 falsum
2059 3714 2187 3768 illud
2232 3725 2286 3768 et
2333 3715 2576 3783 improbe
2628 3717 2940 3781 confictum,
2976 3721 3119 3787 quod
3162 3718 3367 3771 Nat-ato

1811 3802 1930 3869 eius
1970 3806 2198 3859 studiosi
2241 3806 2564 3870 attribuunt,
2615 3810 2933 3877 martyrium
2990 3812 3244 3878 exagitat.
3276 3811 3369 3865 Est

1812 3895 1973 3965 igitur
1997 3895 2111 3949 haec
2129 3895 2618 3951 Navaticonfutatio
2634 3898 2928 3967 legentibus
2948 3900 3086 3952 utilis
3110 3915 3123 3950 :
3150 3911 3369 3966 praeter-

1810 4002 1971 4053 quam
2008 3988 2150 4055 quod
2184 3988 2273 4042 hic
2303 4003 2407 4043 non
2438 4003 2732 4055 paucorum
2767 3991 3056 4057 Scripturae
3081 3990 3190 4059 (99)
3221 3992 3368 4044 loco—

1812 4094 1929 4131 rum
1966 4079 2169 4146 passim
2198 4093 2321 4132 sese
2351 4078 2540 4133 oderat
2566 4082 2877 4149 explicatio,
2921 4083 3051 4151 ipsis
3090 4084 3251 4135 etiam
3289 4084 3369 4135 in-

1814 4176 2111 4233 terpretum
2164 4167 2498 4237 principibus
2556 4168 2940 4237 profuturam.
2996 4169 3099 4224 Sed
3137 4180 3192 4223 et
3224 4171 3368 4225 illius

1811 4258 2172 4324 persuadendi
2192 4258 2297 4312 vim
2330 4259 2829 4326 acjucunditatem,
2858 4273 2915 4316 ut
2954 4262 3005 4316 in
3055 4265 3152 4316 hoc
3168 4264 3367 4316 chara-

1812 4359 1983 4408 Ctere,
2018 4363 2175 4403 nemo
2232 4350 2321 4417 qui
2378 4364 2503 4404 eum
2556 4363 2862 4418 veneretur,
2921 4356 3367 4409 contemnendam

1814 4438 1992 4493 ducat.

2510 4551 2685 4605 CCIX.

2072 4638 2255 4693 Dionis
2277 4639 2629 4711 Chrysostomi
2654 4644 2932 4698 Orationes
2964 4662 3125 4701 Lux.

1896 4730 2091 4783 Lectus
2110 4742 2193 4785 est
2217 4732 2398 4785 Dionis
2424 4732 2498 4802 (9.)
2518 4735 2812 4788 orationum
2838 4740 3105 4807 octoginta
3123 4740 3253 4793 liber
3270 4742 3365 4810 (5).

1825 4819 2002 4873 Patria
2056 4820 2140 4874 hic
2186 4823 2283 4874 fuit
2336 4822 2640 4889 Prusensis,
2672 4825 2762 4879 sed
2793 4828 3096 4894 tyrannidis
3125 4828 3199 4898 (4)
3237 4831 3363 4883 dunt

1451 4925 1681 5008 vanu:
1715 4952 2118 5007 LECTIONES.

214 5086 235 5114 τ
273 5074 617 5143 ὑπογράφειν
648 5090 707 5136 ς.
778 5073 801 5103 ⁸
826 5072 923 5141 τῆς
960 5086 1066 5124 om.
1108 5071 1172 5124 A.
1249 5071 1269 5101 ’
1332 5078 1452 5139 post
1497 5073 1874 5142 παραπλήσιον
1946 5086 2083 5123 unus
2109 5071 2159 5122 in
2192 5069 2235 5121 A
2303 5085 2487 5122 versus
2524 5085 2738 5123 vacuus.

1657 5202 1882 5261 ΝΟΤᾹΞ.

222 5326 337 5393 (96)
358 5322 511 5390 Quod
538 5336 655 5374 cum
681 5320 868 5372 Latina
891 5334 985 5393 sua
1005 5319 1207 5393 insigni
1228 5319 1711 5393 (interpretatione,

148 5407 202 5450 et
224 5389 365 5449 sacri
386 5389 845 5462 ’prophetaitextu
878 5390 1043 5441 edidit
1072 5389 1291 5442 Parisiis
1316 5390 1532 5444 doctiss.
1551 5389 1710 5445 Joau.

149 5459 457 5523 Curteriné.
489 5459 577 5512 τίη.
613 5459 769 5512 1580.

226 5537 333 5603 (97)
365 5534 442 5583 De
459 5530 663 5603 iisdem
695 5527 933 5596 pluribus
973 5542 1118 5594 supr.
1147 5526 1431 5603 corl.n182.

222 5597 337 5671 (98')
367 5600 471 5665 Qui
501 5608 684 5652 sextus
722 5607 1034 5650 muneratur
1074 5600 1193 5651 cod.
1228 5597 1329 5649 182
1377 5600 1711 5665 iterumque,

201 5695 268 5726 Ml.
297 5695 423 5725 Ζου.

201 5695 211 5721 1
256 5714 268 5726 .
407 5710 423 5723 ’

150 5692 195 5728 α
213 5672 514 5811 (Samii-2.1:
547 5744 796 5803 οκςοτῐνια
827 5734 973 5801 ιυῧθθ
1006 5739 1119 5788 ί“⁰⁴¹τ
1164 5736 1286 5790 950'

1894 5323 1971 5391 (l)
2009 5324 2201 5376 Eadem
2241 5324 2393 5391 plane
2424 5324 2569 5393 κρίσι
2608 5325 2767 5378 ctiam
2798 5340 2957 5391 supra
2986 5327 3172 5380 codice
3211 5328 3331 5382 182.

1892 5394 2089 5465 (ἑλοε
2139 5410 2245 5461 quo
2285 5395 2397 5461 lege
2438 5395 2746 5462 interpretis
2784 5393 2956 5450 Latini
3002 5396 3367 5465 prmfatiom-m

1816 5472 1869 5515 et
1901 5464 2142 5515 Suidmu.

1891 5531 2295 5604 (5)_Qu:elmdie
2330 5548 2515 5604 omnes
2549 5543 2761 5587 exstant
2801 5534 3023 5590 Parisiis
3059 5537 3366 5604 nuperrime

1820 5617 1938 5653 cum
1973 5602 2122 5655 Nolis
2152 5603 2335 5655 Cra-ce
2355 5614 2406 5655 et
2437 5603 2624 5656 Latine
2651 5604 2823 5656 cditm.

1892 5671 1966 5744 (ri)
1997 5673 2038 5744 _.'\
2078 5672 2227 5744 cujus
2264 5674 2527 5725 mentione
2568 5684 2727 5733 orat..
2766 5676 2831 5729 15
2872 5693 3028 5744 quam
3078 5678 3142 5732 de
3184 5678 3371 5731 exsilio

1746 5740 1785 5791 Α
1862 5741 2038 5794 tlicnis
2080 5742 2281 5805 habuit,
2316 5746 2615 5796 inclinatam
2649 5746 2843 5799 videas.
