4196 6442
837 403 940 463 619

1988 394 2249 455 PHOTII
2282 397 2513 457 PATRI
2528 403 2570 458 Λ
2583 398 2802 459 ΒΕΙΙΕ
2845 400 2955 457 Cl‘.

3979 409 4069 473 680

846 514 982 583 fugit
1008 512 1344 572 servitutem.
1370 511 1522 563 exsul
1546 509 1743 573 factus,
1766 509 1946 564 varias
1960 511 2264 565 oberrando
2283 528 2405 580 per-
2437 522 2479 573 Α

2437 522 2479 573 Α
2509 515 2712 583 ταύτης
2745 516 2785 545 ¹⁰
2815 514 3126 582 τυραννίδος
3161 515 3428 568 ἐκκλίνων
3450 517 3714 584 δουλείαν,
3754 523 3850 573 καὶ
3882 523 4070 593 πολλὴν

842 606 1053 675 agravit
1098 606 1363 671 regiones.
1429 605 1575 656 Idem
1622 605 1672 655 in
1716 604 1924 657 dicendi
1972 612 2089 658 arte
2127 615 2315 657 acutus
2346 620 2407 658 ac

839 700 1008 750 siilers
1060 706 1140 750 est
1176 696 1414 755 habitus,
1467 696 1763 762 prresertim
1816 696 1859 749 si
1915 695 1981 748 de
2024 698 2406 763 componendis

841 792 1078 842 moribus
1122 790 1357 842 dandum
1405 799 1549 840 esset
1599 787 1907 840 consilium.
1941 786 2121 856 Viguit
2169 788 2406 855 Trajano

841 878 1023 930 Romae
1102 878 1450 946 imperante,
1524 892 1642 929 curn
1713 892 1819 944 quo
1894 877 1985 929 diu
2069 877 2405 946 multumque

843 971 978 1023 vixit
1019 1010 1033 1031 ,
1076 981 1128 1025 et
1187 972 1236 1022 in
1286 986 1346 1021 ea
1397 969 1801 1022 existimatione
1859 977 2022 1037 atque
2065 968 2289 1031 honore,
2348 979 2405 1022 ut

837 1076 1033 1117 etcum
1064 1064 1305 1130 Augusto
1342 1062 1624 1115 communi
1658 1063 1925 1115 interdum
1958 1070 2212 1129 carpento
2244 1062 2406 1115 vehe-

839 1168 1005 1208 retur.
1043 1155 1255 1208 Patrem
1288 1155 1478 1207 habuit
1530 1154 1893 1219 Pasieratem,
1936 1156 2117 1207 rhetor
2163 1155 2273 1223 ipse
2321 1156 2406 1207 in-

845 1246 1033 1298 stituto
1088 1254 1249 1312 atque
1288 1245 1662 1311 philosophus.
1695 1243 1923 1296 Tantam
1968 1254 2148 1296 autem
2193 1259 2402 1297 morum

838 1341 1179 1389 severitatem
1244 1336 1525 1388 affectasse
1582 1332 1784 1396 ferunt,
1824 1344 1881 1387 ut
1933 1334 2119 1404 165b
2190 1335 2401 1388 leonina

838 1444 979 1497 szepe
1014 1430 1229 1481 indutus
1276 1428 1414 1494 pelle
1468 1428 1521 1478 in
1577 1426 1848 1493 publicum
1902 1428 2159 1493 prodiret.
2204 1427 2401 1479 Vocem

840 1520 1077 1573 mittebat
1106 1520 1367 1587 placidam
1405 1527 1459 1570 et
1491 1518 1719 1581 firmam,
1755 1518 2001 1571 incessus
2033 1518 2252 1570 minime
2279 1518 2401 1584 qui—

837 1614 955 1663 dem
996 1611 1272 1669 incitatus,
1325 1610 1421 1662 sed
1470 1624 1575 1662 non
1625 1609 1747 1661 ideo
1793 1610 1973 1675 segnis
1998 1617 2089 1659 aut
2117 1607 2342 1669 fractus,
2372 1622 2401 1659 a

838 1718 943 1768 quo
984 1715 1079 1755 nec
1110 1701 1301 1769 reliqui
1341 1702 1586 1765 corporis
1618 1710 1802 1752 motus
1832 1697 2231 1764 discrepabant.
2268 1698 2401 1750 Gra-

837 1794 953 1847 cilis
985 1794 1168 1846 titlth
1197 1801 1333 1853 erat,
1365 1802 1417 1843 et
1442 1806 1670 1859 corpore
1703 1791 2121 1857 haudquaquam
2154 1798 2331 1844 vasto.

2511 606 2711 672 ἐπῆλθε
2744 604 3094 674 πλανώμενος
3127 607 3248 674 γῆν.
3281 605 3460 669 Δεξιὸς
3506 608 3561 658 δὲ
3596 613 3720 677 περὶ
3743 613 3872 672 τοὺς
3894 612 4070 678 λόγους

2509 698 2684 759 ἔδοξεν
2722 693 2881 762 εἶναι,
2914 698 3010 749 καὶ
3035 698 3271 765 μάλιστα
3302 699 3427 759 τοὺς
3462 701 3571 751 ὅσοι
3614 701 3902 769 ῥυθμίζειν
3943 721 4071 771 συμ-

2510 787 2820 839 ϐουλεύουσι
2852 789 2916 840 τὰ
2954 788 3078 856 ἤθη.
3122 790 3377 855 Ἥκμασε
3421 790 3475 840 δὲ
3511 792 3650 842 κατὰ
3688 793 3814 853 τοὺς
3859 793 4072 861 χρόνους

2509 878 2599 928 τοῦ
2629 878 2772 944 βασιλ
2788 879 2890 940 έως
2911 879 3199 949 Τραϊανοῦ,
3228 881 3323 930 καὶ
3353 880 3602 931 πλεῖστον
3627 882 3869 949 διέτριψε
3894 886 4073 951 χρόνον

2509 973 2637 1039 παρ’
2670 970 2840 1038 αὐτῷ,
2872 972 2964 1023 καὶ
2992 972 3089 1038 τῆς
3114 972 3193 1023 ὅτι
3220 972 3455 1039 μάλιστα
3472 973 3636 1040 τιμῆς
3662 973 3758 1025 καὶ
3780 973 4074 1036 δεξιώσεως

2507 1063 2715 1129 ἔτυχεν,
2764 1063 2839 1125 ὡς
2892 1064 2983 1114 καὶ
3031 1062 3460 1130 συγκαθέζεσθαι
3506 1066 3667 1116 αὐτὸν
3700 1064 3777 1133 τῷ
3810 1064 3945 1135 [273
3988 1066 4070 1133 IL]

2508 1155 2760 1223 βασιλείῳ
2784 1157 3040 1223 ὀχήματι.
3062 1157 3198 1216 Παῖς
3220 1156 3318 1224 μὲν
3341 1151 3405 1225 ἦν
3433 1156 3473 1186 ¹¹
3498 1150 3653 1217 οὗτος
3678 1156 4073 1225 Πασικράτους,

2506 1248 2762 1313 coetui};
2797 1248 2851 1297 δὲ
2878 1246 2969 1297 καὶ
2997 1247 3286 1314 φιλόσοφος
3315 1246 3374 1297 τὸ
3402 1247 3759 1316 ἐπιτήδευμα.
3796 1248 3924 1300 Ἐπὶ
3956 1266 4075 1298 τοσ-

2504 1336 2654 1388 οῦτον
2681 1336 2722 1385 δ’
2750 1335 2910 1385 αὑτὸν
2938 1336 3036 1402 τῆς
3071 1337 3211 1386 κατὰ
3248 1336 3308 1386 τὸ
3341 1336 3527 1403 σχῆμά
3554 1353 3684 1401 φασι
3749 1337 4074 1404 σεμνότητος

2502 1431 2916 1490 ἀντιποιεῖσθαι,
2956 1428 3031 1489 ὡς
3073 1427 3167 1478 καὶ
3212 1426 3431 1495 λεοντῆν
3472 1427 3730 1489 πολλάκις
3775 1428 4076 1494 ἐνημμένον

2504 1520 2777 1572 ποιεῖσθαι
2808 1521 2907 1588 τὴν
2935 1519 3180 1587 πρόοδον.
3202 1518 3391 1586 Φωνὴν
3413 1518 3456 1566 δ’
3485 1518 3758 1585 ἠρεμαίαν
3798 1520 3955 1584 ἠφίει
3989 1520 4076 1567 καί

2505 1606 2795 1674 σταθερὰν.
2830 1606 2940 1658 Καὶ
2978 1606 3222 1672 σχολαῖον
3246 1606 3344 1673 μὲν
3376 1606 3498 1657 ἀλλ’
3517 1606 3615 1656 οὐκ
3637 1606 3910 1675 ἁναϐεϐλη
3923 1606 4074 1675 μένον

2505 1697 2762 1764 βάδισμα,
2810 1697 2904 1747 καὶ
2948 1693 3118 1748 τᾶλλα
3154 1697 3194 1727 ¹²
3241 1697 3347 1747 τῶν
3402 1700 3719 1765 κινημάτων
3765 1698 3866 1748 οὐκ
3897 1699 4073 1765 ἀσύμ-

2503 1806 2653 1855 φωνα
2674 1807 2687 1819 ·
2728 1789 2903 1856 ἰσχνὸς
2934 1789 2979 1840 δ’
3010 1788 3054 1819 ¹³
3088 1782 3155 1856 ἦν
3183 1789 3276 1838 καὶ
3310 1788 3431 1840 οὐδὲ
3471 1790 3643 1855 μέγας
3676 1790 3737 1840 τὸ
3764 1788 3949 1855 σῶμα.

906 1883 1190 1937 Orationes
1238 1884 1629 1949 conscripsisse
1672 1882 1929 1948 plurimas
1964 1882 2223 1942 referunt,
2258 1896 2393 1947 qua—
2431 1848 2472 1900 Β

2431 1848 2472 1900 Β
2572 1879 2769 1929 Τοῦτον
2816 1877 3043 1938 πολλούς
3090 1894 3222 1945 φασι
3274 1880 3367 1929 καὶ
3416 1879 3692 1937 ποικίλους
3740 1878 3949 1943 γράῷαι
3994 1877 4074 1928 λό-

838 1990 954 2027 rum
992 1975 1263 2041 octoginta
1330 1974 1380 2025 in
1443 1987 1586 2025 meas
1650 1972 1956 2025 inciderunt
2011 1986 2395 2038 manuszqnxe

835 2066 1048 2134 quidem
1081 2066 1351 2118 orationes
1389 2063 1766 2131 Chrysostomi
1801 2063 1934 2133 [hoc
1959 2071 2042 2115 est
2085 2062 2230 2114 aurei
2263 2061 2390 2131 oris]

838 2162 1248 2227 cognomentum
1295 2156 1367 2208 illi
1420 2158 1561 2223 apud
1608 2155 1721 2219 ejus
1748 2155 1925 2208 aetatis
1960 2154 2200 2207 homines
2233 2169 2395 2223 pepe-

837 2257 1040 2298 rerunt.
1068 2246 1332 2298 Caeterum
1360 2244 1655 2311 pleraeque,
1684 2254 1743 2296 ut
1785 2244 2049 2305 dicebam,
2090 2245 2394 2297 orationum

835 2330 949 2396 ejus
990 2346 1124 2399 quas
1163 2330 1377 2397 quidem
1413 2333 1675 2396 tmvet‘im,
1731 2332 2007 2384 suasoriae.
2042 2332 2145 2384 Sed
2181 2334 2396 2400 quando

838 2436 1043 2487 aequum
1080 2432 1162 2474 est
1197 2422 1551 2475 deliberativo
1579 2423 1759 2489 generi
1785 2423 2041 2489 quiddam
2070 2424 2230 2475 etiam
2255 2423 2396 2491 judi-

837 2511 973 2564 ciale
994 2511 1327 2579 permisceri,
1346 2527 1528 2579 parem
1557 2514 1668 2580 ipse
1694 2514 1950 2564 virtutem
1978 2513 2029 2564 in
2055 2513 2155 2566 hoc
2182 2529 2397 2582 quoque

837 2602 1099 2654 orationis
1142 2617 1339 2668 genere
1382 2605 1662 2656 ostendit:
1695 2612 1746 2654 ct
1789 2604 1929 2654 inter
1967 2618 2153 2656 omnes
2181 2604 2394 2670 quidem

842 2694 1071 2745 maxime
1130 2689 1425 2743 Rhodiaca.
1471 2690 1605 2742 Nam
1659 2702 1711 2744 et
1755 2692 1932 2743 aerius
1979 2693 2397 2760 enthymematis

839 2783 1023 2841 instat.
1051 2792 1104 2835 et
1133 2784 1351 2835 brevem
1387 2792 1548 2849 atque
1574 2793 1874 2835 contortam
1899 2783 2195 2836 orationem
2230 2784 2398 2853 (quod

836 2875 1026 2927 saltem
1056 2875 1120 2926 ad
1148 2874 1541 2942 characterem)
1576 2875 1887 2934 adhibet,et
1916 2876 2249 2929 vehementia
2276 2892 2396 2930 cum

838 2966 1078 3018 ubertate
1108 2965 1366 3017 abundat.
1413 2966 1687 3031 Exemplis
1721 2966 1951 3031 insuper
1984 2967 2215 3019 maxime
2260 2982 2397 3033 prae-

832 3065 965 3116 Slal,
1002 3072 1121 3123 quae
1159 3058 1353 3123 ubique
1388 3056 1551 3107 multa
1589 3071 1620 3108 e
1648 3057 1812 3108 variis
1838 3056 2000 3124 petita
2033 3058 2209 3120 rebus,
2234 3058 2398 3125 aptis-

2505 1984 2664 2035 γους·
2704 1969 2755 2018 οἰ
2804 1967 2848 2018 δ’
2874 1970 2953 2028 εἰς
2998 1968 3273 2035 ἡμετέραν
3327 1968 3631 2033 φθάσαντες
3670 1968 3873 2033 γνῶσιν
3903 1968 3994 2019 τὸν
4025 1964 4074 2017 π’

2497 2059 2764 2127 ἐπλήρουν
2810 2058 3065 2125 ἀριθμόν.
3119 2059 3503 2126 Χρυσὸστομον
3554 2060 3598 2109 δ’
3636 2060 3793 2110 αὑτὸν
3824 2060 3877 2110 οἱ
3928 2060 4074 2123 λόγοι

2497 2154 2559 2219 τῇ
2611 2150 2729 2202 κατ’
2763 2151 2927 2202 αὑτὸν
2954 2154 3120 2219 γενεᾷ
3162 2152 3462 2202 δεδώκασιν
3503 2152 3882 2219 ἐπονομάζειν.
3922 2150 4073 2202 Ἐστι

2500 2240 2600 2307 μὲν
2639 2238 2751 2303 οὖν,
2796 2244 2933 2306 ὅπερ
2964 2241 3121 2308 ἔφην,
3153 2240 3211 2290 τὸ
3255 2238 3508 2291 πλεῖστον
3546 2240 3706 2294 αὐτοῦ
3736 2241 3845 2291 τῶν
3878 2240 4069 2305 λόγων,

2496 2330 2589 2393 οὓς
2619 2334 2777 2397 ὴιιείς
2810 2334 2990 2401 ἴσμεν,
3035 2330 3497 2395 συμϐουλευτικόν
3520 2347 3535 2359 ⁸
3564 2326 3650 2382 οἷα
3681 2331 3728 2382 δ’
3771 2331 3944 2391 εἰκὸς,
3982 2332 4071 2380 καὶ

2498 2424 2573 2493 τῷ
2614 2425 3061 2491 σ·.›;).ιιουλευτικῷ
3103 2423 3591 2492 παραπλεκόμενον
3634 2423 3693 2474 τὸ
3719 2418 3831 2474 οἷον
3863 2423 4069 2474 δικανι-

2498 2517 2592 2566 κὸν
2623 2518 3000 2585 παραπλήσιον
3033 2516 3130 2584 τὴν
3156 2516 3355 2585 ἀρετὴν
3382 2517 3483 2567 κάν
3509 2514 3587 2582 τῷ
3612 2516 3772 2584 μέρει
3806 2513 3944 2583 τῷδε
3979 2513 4068 2564 τοῦ

2497 2606 2653 2673 λόγου
2684 2590 2939 2670 δεικνύει,
2963 2610 3058 2660 καὶ
3086 2609 3319 2676 μάλιστα
3350 2608 3457 2659 τῶν
3480 2607 3654 2658 ἄλλων
3676 2610 3704 2658 ὁ
3742 2606 4066 2669 Ῥοδιακὸς.

2498 2700 2705 2765 Δριμύς
2741 2717 2798 2750 τε
2833 2700 2941 2769 γάρ
2986 2701 3100 2751 ἐστι
3147 2702 3260 2761 τοῖς
3306 2699 3668 2767 ἐνθυμήμασι,
3722 2699 3817 2750 καὶ
3856 2699 3917 2749 τὸ
3949 2715 4071 2749 συνο

2499 2792 2874 2861 εστραμμένον
2906 2792 3041 2860 πρός
3071 2809 3130 2857 γε
3162 2790 3252 2842 τὸν
3288 2789 3454 2842 αὑτοῦ
3493 2790 3816 2858 χαρακτῆρα
3853 2790 3962 2840 τῶν
3988 2789 4071 2839 λό-

2498 2896 2609 2944 γων
2635 2879 2795 2948 ἔχων,
2830 2882 2921 2933 καὶ
2946 2881 3008 2932 τὸ
3037 2880 3245 2931 ἔντονον
3271 2879 3407 2947 μετὰ
3429 2878 3523 2930 τοῦ
3544 2880 3769 2947 γονίμου
3798 2878 4067 2929 πλουτῶν.

2503 2971 2759 3037 Ἄριστος
2828 2971 2885 3023 δὲ
2937 2973 3047 3032 τοῖς
3100 2970 3505 3038 παραδείγμασι
3559 2972 3651 3022 καὶ
3724 2969 3893 3030 πολύς
3953 2973 4069 3021 ἐστι

2499 3060 2800 3127 πανταχοῦ,
2850 3061 2941 3112 καὶ
2991 3061 3243 3127 ποικίλης
3296 3058 3427 3127 ὕλης
3462 3059 3751 3127 λαμϐάνων
3789 3059 3932 3111 αὐτὰ
3976 3060 4071 3111 καὶ

833 3147 968 3200 sime
995 3149 1061 3199 ad
1085 3148 1414 3215 propositum
1449 3158 1827 3214 argumentum
1867 3150 2261 3201 accommodat.
2310 3149 2396 3199 Li-
2424 3179 2465 3235 ε

2424 3179 2465 3235 c
2501 3152 2794 3219 προσφυῶς
2846 3152 3238 3222 ἁρμοζόμενος.
3324 3150 3517 3219 Χαίρει
3575 3150 3630 3201 δε
3690 3150 3925 3219 μάλιστα
3980 3151 4070 3201 καὶ

833 3238 1147 3291 beatissime
1198 3249 1411 3305 quoque
1464 3236 1742 3289 fabulosus
1791 3238 2129 3290 narrationes
2188 3239 2397 3305 aliquas

837 3328 1229 3379 monitionibus
1285 3326 1500 3391 intexit,
1550 3336 1608 3379 ut
1639 3344 1758 3379 eant
1792 3330 1951 3380 etiam
1998 3332 2066 3382 ob
2100 3345 2212 3382 rem
2264 3331 2397 3381 sim-

836 3418 952 3484 plex
982 3418 1193 3471 dicendi
1229 3432 1399 3483 genus
1424 3430 1766 3470 consectatus
1791 3420 1956 3472 videri
1989 3423 2175 3488 possit.
2200 3419 2397 3475 Rarius

829 3507 973 3560 enim
1013 3507 1249 3562 Platonis
1292 3511 1536 3577 exemplo
1583 3509 1844 3575 ejusmodi
1891 3526 2010 3563 eum
2052 3511 2263 3567 fabulas
2315 3513 2397 3566 af-

831 3599 1091 3653 ferentein
1119 3602 1322 3663 videas,
1345 3615 1466 3668 qua:
1491 3601 1573 3669 (ut
1598 3602 1647 3653 in
1673 3601 2084 3671 Borysthenica)
2109 3604 2393 3657 elationem

828 3690 1063 3757 aliquam
1112 3694 1582 3760 grauditatemque
1625 3695 1854 3746 orationi
1886 3696 2104 3747 addant.
2154 3695 2395 3763 Simplici

834 3783 995 3845 igitur
1022 3783 1137 3835 idea
1182 3783 1473 3850 plurimum
1518 3791 1603 3836 est
1638 3800 1766 3837 usus
1799 3786 1877 3855 (ut
1917 3786 2074 3852 paulo
2118 3798 2242 3839 ante
2265 3787 2397 3840 dixi-

832 3873 972 3945 mus)
1006 3875 1058 3926 in
1100 3874 1366 3937 sensibus,
1412 3876 1686 3929 vocabulis
1739 3878 1864 3930 item
1916 3878 2292 3938 familiaribus,
2342 3888 2396 3931 et

833 3967 1030 4032 passim
1061 3968 1259 4029 obviis,
1307 3966 1547 4035 nihilque
1576 3970 1895 4036 compositio
1929 3970 2088 4021 habet
2118 3980 2208 4021 aut
2236 3971 2395 4023 Subli-

833 4056 1036 4107 mitatis
1101 4057 1436 4108 ostentandae
1473 4096 1487 4119 ,
1569 4067 1659 4109 aut
1718 4060 1998 4127 captanda:
2043 4060 2395 4124 jucunditatis

830 4146 998 4211 gratia
1050 4147 1385 4200 innovatum.
1420 4149 1482 4199 Et
1522 4163 1670 4213 vero,
1714 4150 1764 4199 in
1809 4149 1988 4200 verbis
2042 4150 2254 4211 saltem,
2301 4165 2395 4200 no-

839 4238 1150 4303 minumqne
1181 4238 1580 4306 conjunctione,
1612 4243 1955 4307 perspicuum
1981 4241 2191 4293 dicendi
2225 4257 2392 4309 genus

826 4330 1143 4395 scriptorem
1166 4331 1305 4383 hunc
1331 4332 1659 4398 pr0positum
1686 4332 1937 4383 habuisse
1961 4332 2238 4384 existimes
2263 4349 2275 4383 :
2300 4333 2391 4384 sed

828 4424 948 4472 dum
996 4422 1205 4487 longius
1262 4425 1545 4475 sententia!
1598 4423 1954 4475 redditionem
2008 4425 2275 4491 producit,
2312 4424 2393 4475 di-

2503 3239 2911 3307 μυθολογήμασι
2965 3240 3064 3301 τὰς
3110 3239 3457 3307 παραινέσεις
3500 3239 3935 3302 συνδιαπλέκειν,
3983 3240 4064 3289 διὸ

2500 3331 2594 3381 καὶ
2626 3330 2685 3381 τὸ
2736 3330 2931 3397 ἀφελὲς
2972 3330 3185 3384 διώκειν
3229 3330 3416 3381 δοκεῖ’
3452 3331 3679 3382 σπάνιον
3732 3330 3841 3398 γὰρ
3890 3329 3945 3380 εἴ
3984 3346 4069 3390 τις

2499 3422 2648 3490 εῦροι
2691 3423 2831 3474 κατὰ
2866 3423 2955 3473 τὸν
2990 3424 3333 3473 Πλατωνικὸν
3364 3423 3521 3491 ζῆλον
3567 3426 3677 3484 τοῖς
3723 3423 3926 3490 δίαρμα
3976 3422 4073 3471 καὶ

2497 3512 2660 3577 ὄγκον
2689 3511 3131 3582 ἐνεργαζομένοις
3169 3511 3247 3580 τῷ
3284 3512 3449 3579 λόγῳ,
3479 3512 3668 3581 ὥσπερ
3710 3513 3767 3562 ἐν
3789 3510 3869 3579 τῷ
3902 3512 4073 3579 Bap-ao

2500 3602 2767 3671 σθενικῷ,
2829 3602 3017 3670 μύθοις
3086 3603 3246 3655 αὑτὸν
3309 3603 3717 3671 ἀποχρώμενον.
3790 3602 3922 3672 [552
3977 3601 4071 3673 8.]

2513 3691 2739 3759 ’Διρελὴς
2774 3692 2870 3758 μὲν
2902 3689 2995 3742 οὖν
3026 3693 3139 3742 ἐστι
3170 3692 3238 3741 τὰ
3268 3690 3454 3752 πολλὰ,
3488 3690 3561 3750 ὡς
3592 3690 3763 3756 ἔφθην
3795 3689 3838 3718 ⁸⁸
3874 3688 4071 3747 εἰπὼν,

2496 3784 2616 3843 ταῖς
2648 3784 2898 3846 ἐννοίαις,
2931 3782 3024 3833 καὶ
3052 3781 3160 3833 τῶν
3189 3798 3248 3832 τε
3285 3781 3753 3849 καθωμιλημένων
3785 3780 3936 3848 αὐτῷ
3977 3780 4071 3831 καὶ

2497 3874 2939 3936 ὲπιπολαζουσῶν
2966 3874 3022 3926 αἱ
3053 3874 3245 3937 λέξεις,
3278 3873 3374 3924 καὶ
3414 3873 3567 3925 οὐδὲν
3596 3873 3703 3924 οὐδ’
3738 3875 3771 3941 ὴ
3814 3873 4073 3935 σύνταξις

2495 3966 2599 4017 οὐδ’
2632 3968 2725 4017 ἐπὶ
2743 3966 2802 4017 τὸ
2833 3965 3122 4035 βαθύτερον
3156 3965 3277 4016 οὐδὲ
3324 3965 3385 4016 τὸ
3417 3964 3846 4032 καθηδυνόμενον
3869 3966 4074 4016 ἐκνεω-

2494 4057 2717 4125 τερίζει.
2772 4058 2881 4109 Καὶ
2906 4057 2965 4107 τό
2997 4074 3058 4123 γε
3086 4058 3176 4109 ἐπὶ
3193 4060 3305 4118 τοῖς
3332 4057 3538 4124 ῥήμασι
3568 4056 3661 4107 καὶ
3683 4059 3747 4123 τῇ
3777 4056 4072 4123 συμπλοκῇ

2494 4148 2601 4199 τῶν
2618 4147 2892 4215 ὀνομάτων
2910 4147 3001 4199 τοῦ
3034 4147 3235 4214 σαφοῦς
3257 4146 3321 4198 ἄν
3350 4163 3429 4207 τις
3452 4147 3686 4197 ἐλπίσειε
3706 4146 3798 4197 τὸν
3818 4162 4072 4213 συγγρα-

2496 4238 2599 4303 φέα
2635 4237 3062 4305 κατεστοχάσθαι
3084 4252 3099 4266 ο
3140 4236 3273 4288 ἀλλὰ
3300 4237 3357 4287 τό
3390 4253 3452 4302 γε
3478 4237 3564 4288 διὰ
3593 4235 3802 4304 μακροῦ
3838 4235 3940 4303 τὴν
3972 4237 4073 4301 τῆς

2495 4328 2729 4387 διανοίας
2752 4328 3003 4379 ἀπόδοσιν
3025 4328 3294 4397 προϊέναι,
3320 4328 3412 4379 καὶ
3435 4330 3553 4387 ταῖς
3575 4328 3851 4387 ἐπιϐολαῖς
3879 4330 3945 4377 ἐκ
3974 4328 4071 4378 τοῦ

2498 4419 2591 4469 ἐπὶ
2624 4419 2873 4469 πλεῖστον
2893 4422 2980 4470 τὸν
3001 4418 3155 4485 λόγον
3181 4418 3591 4486 διαπεπλέχθαι,
3617 4418 3715 4469 οῦκ
3746 4419 3839 4467 ἐπὶ
3874 4418 4065 4486 μικρῷ

828 4511 1308 4576 gressionibusque
1336 4520 1391 4561 ut
1422 4511 1712 4576 plurimum
1750 4512 2052 4563 orationem
2090 4510 2390 4574 intertexit,
2425 4513 2469 4565 D

2425 4513 2469 4565 Ι)
2497 4511 2593 4577 τῆς
2631 4510 2887 4579 τοιαύτης
2915 4510 3075 4561 αὐτὸν
3103 4509 3336 4561 ἐκκλείει
3368 4509 3532 4570 ἰδέας.
3579 4508 3738 4559 Ἀλλὰ
3760 4508 3936 4560 ταῦτα
3970 4512 4070 4576 μὲν

828 4615 930 4651 non
984 4615 1171 4668 parum
1220 4599 1285 4651 ab
1341 4600 1444 4651 hoc
1498 4601 1742 4651 instituto
1788 4598 2038 4651 deﬂectit.
2068 4598 2387 4667 Quanquam

828 4692 940 4743 hwc
968 4692 1180 4754 quidem
1215 4689 1447 4742 varietas
1466 4689 1710 4758 quaedam
1748 4691 1897 4753 ideae,
1920 4690 2249 4743 characteris
2274 4704 2389 4755 pro-

826 4781 1044 4847 prietas,
1083 4795 1183 4830 non
1221 4794 1315 4847 pro
1347 4779 1458 4830 vitii
1503 4780 1701 4831 indicio
1759 4778 1945 4831 haberi
1994 4778 2217 4830 forsitan
2266 4792 2388 4845 pos-

826 4871 953 4922 sint.
982 4873 1048 4922 At
1078 4870 1220 4938 quod
1246 4870 1492 4932 exordia,
1530 4880 1620 4921 aut
1665 4884 1782 4936 quae
1829 4870 2170 4921 exordiorum
2221 4870 2390 4920 instar

828 4970 973 5022 sunt,
1021 4961 1329 5029 longissime
1372 4962 1650 5027 producat,
1694 4960 1747 5011 id
1791 4959 1902 5026 jam
1940 4958 2111 5023 palam
2154 4956 2304 5018 facit,
2338 4966 2392 5009 et

827 5066 951 5103 eum
991 5066 1325 5120 nequaquam
1372 5050 1717 5102 familiarium
1767 5049 2143 5116 congressibus
2174 5062 2389 5100 accom-

828 5141 1096 5193 modatam
1149 5140 1359 5192 dicendi
1421 5139 1647 5192 formam
1696 5154 1791 5207 pro
1838 5138 1981 5191 civili
2038 5146 2091 5189 et
2129 5136 2386 5188 historica

826 5245 1106 5298 usurpare,
1135 5240 1187 5281 et
1220 5229 1390 5296 majus
1421 5230 1569 5295 quasi
1597 5238 1779 5294 caput,
1814 5244 1972 5295 quain
2016 5227 2278 5293 reliquum
2316 5227 2385 5278 sit

824 5320 1081 5372 orationis
1109 5335 1321 5388 corpus,
1351 5319 1621 5387 effingere.

896 5414 1209 5467 Orationum
1242 5414 1403 5482 igitur
1432 5415 1547 5481 ejus
1582 5422 1815 5481 quatuor
1859 5413 2085 5480 priores,
2121 5409 2185 5463 de
2218 5423 2384 5476 regno

2500 4599 2825 4668 παραλλαγὴ
2859 4600 2899 4629 ¹⁵
2944 4600 3084 4661 ἰδέας
3111 4601 3203 4651 καὶ
3227 4599 3574 4668 χαρακτῆρος
3595 4599 3811 4667 ἰδίωμα,
3834 4598 3950 4649 ἀλλ’
3968 4601 4072 4649 οὐκ

2496 4692 2675 4751 αἰτίας
2708 4689 2836 4751 ἴσως
2876 4689 3097 4753 ἔνδειξιν
3124 4691 3234 4758 ἔχει
3280 4691 3322 4720 ¹⁶
3350 4706 3363 4717 ·
3396 4689 3455 4740 τὸ
3487 4690 3528 4740 δ’
3576 4690 3669 4739 ἐπὶ
3719 4690 4073 4757 μακρότατον

2496 4783 2797 4833 ἀποτείνειν
2831 4782 2897 4832 τα
2926 4782 3186 4849 προοίμια
3223 4780 3255 4849 ἢ
3285 4781 3353 4831 τὰ.
3407 4778 3517 4831 οἷον
3567 4779 3831 4847 προοίμια
3878 4781 4070 4831 οὐκέτι

2497 4873 2722 4937 ἀφίησιν
2778 4872 2936 4923 αὑτὸν
2973 4872 3033 4922 τὸ
3076 4873 3151 4939 μὴ
3203 4874 3321 4938 οὐχὶ
3367 4872 3485 4922 όιντλ¹
3534 4871 3575 4901 ¹⁷
3629 4868 3915 4920 πολιτικοῦ
3972 4872 4071 4922 καὶ

2495 4963 2871 5032 συγγραφικοῦ
2894 4963 3063 5015 τύπου
3087 4964 3176 5015 τὸν
3218 4967 3308 5015 ἐπὶ
3344 4968 3462 5025 ταῖς
3496 4964 3799 5024 συνουσίαις
3830 4963 4071 5026 ἀλλάξα-

2496 5055 2617 5106 σθαι
2646 5055 3076 5123 παραδεδυκότα,
3117 5056 3209 5107 καὶ
3242 5058 3409 5123 μείζω
3456 5056 3554 5125 τὴν
3585 5056 3831 5124 κεφαλὴν
3861 5057 3960 5126 τὴν
3993 5060 4069 5116 ὼς

2492 5147 2549 5196 ἐν
2588 5146 2729 5213 λόγῳ
2766 5147 2805 5177 ¹⁸
2834 5147 2927 5197 τοῦ
2958 5146 3147 5199 λοιποῦ
3179 5148 3429 5217 σώματος
3468 5148 3835 5199 διαπλάττειν.

2564 5405 2683 5455 Τῶν
2722 5405 2898 5455 τοίνυν
2949 5405 3119 5471 λόγων
3163 5403 3325 5456 αὐτοῦ
3356 5402 3395 5454 δ’
3434 5404 3558 5471 περὶ
3617 5402 3897 5471 βασιλείας
3959 5402 4066 5470 μέν

2100 5520 2327 5574 νΑῐιιιπ
2367 5518 2766 5574 LECTIONES.

898 5690 938 5718 ¹⁰
980 5686 1179 5751 ταύτης
1215 5686 1253 5735 Α
1288 5702 1301 5737 :
1339 5682 1435 5751 τὴν
1468 5683 1563 5750 τῆς
1600 5699 1659 5745 ς.
1741 5682 1778 5711 ¹¹
1802 5677 1890 5750 ἦν]
1921 5676 1987 5749 ἦν
2022 5676 2114 5733 οῦν
2145 5683 2208 5733 Δ.
2288 5680 2330 5708 ¹²
2362 5674 2528 5730 τᾶλλα
2552 5677 2592 5727 Α
2632 5695 2643 5730 :
2672 5681 2736 5731 τὰ
2762 5680 2920 5734 λοιπὰ
2968 5679 3025 5734 δὲ
3058 5694 3116 5745 ς.
3200 5679 3238 5708 ¹³
3263 5678 3304 5729 δ’
3356 5678 3417 5729 Δ.
3455 5692 3469 5729 :
3501 5691 3559 5729 τε
3597 5691 3657 5739 ς.

898 5758 1243 5786 ..-Α-’.⁸...υζ-
1277 5755 1303 5786 Λ
1390 5753 1429 5784 ιο
1462 5752 1565 5786 ἷξες-ο
1599 5770 1636 5786 ν-
1738 5753 1779 5782 ιτ
1811 5753 1925 5786 ἠπιτῖ
1960 5754 2071 5786 ’.δι-,ἴ
2117 5768 2149 5779 -
2251 5750 2292 5781 ιδ
2321 5751 2375 5786 ἓν
2427 5748 2503 5786 τιτι
2549 5747 2687 5786 λτενιιι
2720 5765 2756 5785 γ’·

2274 5752 2292 5781 ⁸
2319 5751 2375 5800 ὲν
2427 5748 2503 5815 τῷ
2549 5747 2687 5817 λόγῳ
2720 5765 2780 5811 νς,

828 5758 1243 5829 υπαραλλαγῆς
1270 5755 1333 5816 Λ,
1390 5753 1429 5784 ¹⁶
1461 5752 1569 5816 ἕξει
1599 5770 1636 5816 ς
1715 5753 1779 5803 .¹⁷
1810 5753 1931 5805 αντὶ
1960 5754 2077 5821 ούχὶ
2116 5768 2173 5811 ε’.

3740 5675 3785 5707 ⁸⁸
3816 5678 3957 5747 ἔφην
3990 5678 4061 5729 Λ.
