4196 6442
196 398 293 464 681

1290 394 1811 455 BlBLIOTIlElIA.
1855 421 1919 430 --
1947 395 2107 455 CUD.
2146 394 2335 455 CCIX.

3322 394 3427 459 682

195 518 337 568 εἰσιν
392 511 671 585 εἰρημένοι
703 529 715 541 ·
758 511 852 564 καὶ
907 512 936 563 ό
982 508 1037 563 E'
1066 510 1141 569 δὲ,
1186 512 1441 576 Λισυκὸς
1473 512 1775 582 ἐπιγραφό-
1810 519 1852 573 Α

1771 541 1775 549 ι
1810 514 2037 573 Α-όίριρε
2065 524 2208 567 sunt.
2233 513 2424 579 Quinta
2458 511 2600 573 dein,
2632 523 2752 577 quae
2788 505 2981 577 Libyca
3016 516 3254 571 vocatur,
3278 521 3332 563 et
3360 513 3428 564 ah

196 623 386 674 μενος,
457 604 621 672 μῦθον
676 604 774 672 μὲν
830 603 997 655 Λίόυν
1048 602 1400 668 ἀπαγγέλλει,
1455 604 1676 655 ἐκείνων
1728 601 1770 653 δ’

193 699 348 749 ἐστιν
394 696 718 765 ἐξημμένος.
782 695 840 746 '0
908 695 953 747 δ’
1005 694 1160 755 ἓκτος
1195 696 1236 723 ι’
1288 698 1413 763 περὶ
1462 694 1773 763 τυραννίδος

193 787 379 841 δίεισι.
403 791 497 839 καὶ
526 788 651 854 περὶ
682 785 883 854 ἀρετῆς
910 788 938 838 ό
970 787 1061 836 ἐπὶ
1090 785 1285 854 τούτῳ.
1318 785 1375 838 Ὀ
1404 786 1459 837 δὲ
1488 787 1547 837 Η⁹
1572 786 1770 853 Διογέ-

194 893 311 940 νης
355 874 526 943 μένῆ
576 874 875 941 Ἰσθμικὸς
930 874 1239 942 ἐπιγραφὴν
1298 874 1428 942 ἔχει,
1484 874 1681 942 πρᾶξιν
1716 874 1772 926 δέ

195 986 319 1019 τινα
335 970 429 1018 καὶ
448 966 636 1027 λόγους
654 966 931 1031 Διογένους
949 967 1087 1016 κατὰ
1109 967 1177 1016 τά
1198 966 1308 1016 Ἰσθ
1320 983 1420 1030 μια
1445 966 1769 1033 διαγγέλλει.

200 1060 312 1111 Καὶ
345 1062 375 1110 6
413 1059 493 1120 Θ’,
534 1056 813 1124 Διογένης
848 1058 895 1087 ¹⁶
922 1057 953 1125 ἢ
984 1058 1119 1123 Περί
1154 1056 1485 1117 οἰκετῶν-υ,
1526 1060 1776 1127 παραινεῖ

202 1149 303 1217 μὲν
330 1147 578 1207 ἅπαντας
596 1148 661 1199 δι’
689 1149 805 1209 ἐνὸς
839 1145 1133 1215 προσώπου
1164 1148 1327 1198 αὑτοῦ
1361 1148 1456 1215 μὲν
1476 1148 1707 1199 ἕκαστον
1730 1148 1774 1176 ’³

200 1239 409 1307 πολλὴν
466 1239 799 1307 ἐπιστροφὴν
862 1240 953 1290 καὶ
1004 1238 1327 1307 ἐπιμέλειαν
1380 1238 1651 1289 ποιεῖσθαι
1705 1239 1773 1299 ’³,

199 1331 394 1398 ὀλίγην
414 1332 469 1383 δὲ
500 1330 608 1381 τῶν
638 1330 835 1394 ἔξωθεν
865 1332 1283 1400 συμπιπτόντων
1312 1346 1324 1359 ·
1355 1333 1446 1381 καὶ
1482 1332 1554 1398 μὴ
1577 1330 1775 1398 χρῆναι

201 1422 478 1490 φεύγοντα
543 1420 759 1474 διώκειν
798 1423 1012 1491 οἰκέτην
1041 1440 1055 1453 ο
1109 1421 1234 1493 [επ
1285 1420 1375 1492 8.]
1424 1423 1621 1474 ἄτοπον
1668 1422 1776 1490 γάρ

202 1516 451 1576 ἐκείνους
474 1515 571 1584 μὲν
600 1518 803 1577 κακοὺς
831 1516 989 1577 ὄντας
1010 1515 1251 1576 ἐλπίζειν
1286 1514 1413 1567 ἄνευ
1442 1513 1548 1565 τῶν
1583 1514 1777 1565 δεσπο-

200 1607 314 1659 τῶν
346 1607 571 1674 ἄμεινον
596 1606 913 1675 βιώσεσθαι,
935 1607 1060 1668 τοὺς
1085 1606 1346 1667 δεσπότας
1370 1605 1423 1657 δὲ
1456 1606 1530 1673 μὴ
1562 1603 1775 1669 ἀξιοῦν-

201 1714 303 1759 τας
335 1698 384 1727 "
414 1696 647 1763 φαύλους
683 1692 820 1749 εἶναι
855 1696 929 1765 μὴ
948 1696 1186 1764 νομίζειν
1213 1696 1433 1762 ἄμεινον
1462 1694 1662 1756 διάξειν
1684 1736 1698 1755 ,
1730 1696 1777 1746 εἰ

206 1792 285 1861 μὴ
344 1791 784 1861 παραπολαύοιεν
824 1791 921 1858 τῆς
971 1791 1078 1841 τῶν
1109 1788 1393 1859 δραπετῶν
1438 1788 1775 1857 σκαιότητος.

1877 607 1980 658 illis
2040 607 2332 658 etiamnum
2377 602 2676 671 dependet,
2733 600 2963 653 fabulam
3022 598 3187 671 Libyn
3237 602 3426 655 refert.

1880 695 2072 765 166a
2132 696 2260 746 Eant
2294 692 2492 760 excipit
2527 702 2699 751 sexta,
2727 704 2846 757 qua
2869 691 2933 741 de
2972 690 3253 759 tyrannide
3285 704 3431 744 00m-

1878 795 2138 836 tnetnorat
2166 801 2179 835 :
2216 792 2270 836 ut
2301 786 2366 835 de
2396 784 2595 833 virtute
2621 781 2870 847 Septima.
2905 778 3127 842 Octava,
3162 778 3429 846 Diogenis,

1873 876 1988 930 sive
2039 875 2307 929 Isthmiae
2363 873 2575 926 titulum
2628 870 2956 941 pmferens,
3001 870 3141 925 facta
3185 874 3427 939 quaedam

1875 969 2126 1033 dictaque
2158 966 2409 1033 Diogenis
2445 964 2494 1016 itt
2533 962 2803 1016 Isthmicis
2842 971 3047 1015 narrat.
3086 961 3259 1027 Nona,
3302 963 3429 1015 Dio-

1873 1075 2023 1127 genes
2060 1072 2271 1126 quoque
2312 1058 2529 1119 dicitur,
2572 1071 2663 1107 seu
2699 1055 2768 1106 De
2798 1055 2976 1107 terris.
3024 1053 3277 1107 Hortatur
3320 1057 3432 1107 sitt-

1875 1149 2098 1217 gnlatim
2148 1152 2449 1211 universos,
2490 1160 2738 1215 satagere
2767 1162 3027 1214 quosque,
3062 1162 3125 1198 ac
3173 1147 3429 1199 sollicitos

1874 1254 1995 1294 esse
2020 1241 2127 1304 sui,
2156 1241 2411 1311 neglectis
2453 1255 2571 1307 qua
2614 1238 2948 1292 extrinsecus
2984 1238 3288 1291 adveniant.
3318 1236 3428 1289 Non

1875 1334 2128 1401 expedire
2154 1334 2371 1401 insuper
2401 1331 2683 1399 fugitivum
2712 1344 2923 1384 servum
2958 1329 3187 1397 insequi.
3229 1331 3428 1383 Absur-

1876 1424 2001 1475 dum
2024 1424 2166 1476 enim
2190 1424 2395 1487 ease,si
2432 1423 2511 1475 vel
2542 1423 2637 1483 illi,
2666 1436 2785 1473 cum
2816 1419 3042 1489 improbi
3067 1420 3195 1487 sint,
3214 1430 3433 1487 sperent

1877 1516 2078 1581 absque
2116 1516 2349 1569 dominis
2391 1515 2581 1567 tnelius
2611 1514 2710 1567 sibi
2758 1512 2890 1572 fore,
2923 1513 3004 1564 vel
3051 1512 3165 1565 lteri
3222 1511 3432 1564 illorum

1880 1607 2128 1673 nequitiae
2177 1606 2320 1660 velut
2374 1606 2565 1674 ignari,
2610 1620 2714 1658 non
2755 1604 2999 1670 judico-nt
3032 1602 3225 1655 melius
3254 1616 3434 1655 sectnn

1878 1701 2168 1763 agendum,
2200 1698 2243 1751 si
2292 1714 2389 1750 nec
2416 1696 2591 1748 obitt-r
2615 1696 2777 1747 ullum
2805 1711 2836 1748 e
2876 1694 3219 1762 fugitivorum
3257 1710 3437 1746 servn-

1882 1806 1996 1843 t'um
2066 1790 2363 1842 stoliditate
2425 1791 2678 1841 damnum
2743 1786 2936 1839 ferant.
2997 1786 3209 1840 Decima
3264 1790 3436 1838 oratio

215 1882 279 1934 Ὀ
307 1883 367 1934 δέ
391 1884 425 1934 l'
462 1882 711 1948 Τρωϊκός
740 1881 836 1950 μὲν
859 1881 1006 1932 ἕλκει
1039 1882 1137 1948 τὴν
1162 1879 1491 1948 ἐπιγραφὴν,
1520 1880 1659 1949 ὑπὲρ
1696 1880 1777 1929 τοῦ
1814 1897 1851 1949 Β

1814 1897 1851 1949 Β
1884 1878 2070 1932 Troica
2110 1880 2441 1942 inscribitur,
2474 1879 2542 1931 de
2575 1893 2639 1932 eo
2676 1881 2917 1931 studiose
2961 1878 3256 1941 elaborata,
3297 1882 3435 1946 quod

208 1975 288 2042 μὴ
332 1972 537 2025 ἁλῶναι
588 1973 643 2024 δὲ
680 1973 740 2024 τὸ
784 1973 943 2024 Ἴλιον
975 1972 1407 2032 διεσπούδασται,
1459 1971 1679 2039 Ὁμήρῳ
1714 1987 1773 2021 τε

206 2061 351 2112 κατά
376 2060 437 2112 τὸ
460 2061 792 2130 τραχύτερον
823 2060 1209 2130 προσφέρεται,
1236 2060 1327 2111 καὶ
1356 2060 1452 2110 ὅσα
1486 2059 1618 2111 ἄλλα
1639 2058 1777 2110 κατά

203 2151 308 2222 τὴν
361 2153 558 2205 Ἰλιάδα
584 2154 730 2221 αύτῴ
766 2153 1075 2220 πεποίηται,
1112 2152 1367 2202 τάναντία
1398 2151 1605 2212 τούτοις
1636 2167 1777 2218 πρα-

208 2247 568 2312 γματεύεται.
588 2246 642 2297 '0
663 2246 716 2298 δὲ
734 2245 1092 2314 Ὀλυμπικὸς
1110 2244 1140 2313 ἢ
1158 2248 1291 2313 Περὶ
1313 2243 1416 2311 τῆς
1432 2243 1661 2310 πρώτης
1674 2243 1778 2295 τοῦ

210 2333 365 2387 Θεοῦ
403 2336 667 2401 ἐννοίας.
698 2338 828 2388 αὐτὸ
855 2335 1010 2387 τοῦτο
1042 2334 1775 2405 πειρώμενοςέπιδεικνύειν,

210 2426 501 2487 ἐνδέκατός
522 2429 687 2480 ἐστιν.
709 2429 765 2479 '0
791 2428 846 2478 δὲ
874 2425 977 2490 ΙΒ¹,
1005 2427 1107 2480 Ἐν
1123 2428 1397 2490 Ἀθήναις
1426 2426 1553 2493 περὶ
1585 2424 1779 2493 φυγῆς

207 2518 524 2585 ἐπιγραφὴν
572 2518 733 2585 ἔχων,
783 2520 997 2588 εἴρηται
1050 2519 1149 2587 μὲν
1192 2520 1249 2569 ἐν
1281 2519 1485 2579 αἰταίς,
1527 2517 1685 2569 δίεισι
1722 2517 1779 2567 δέ

207 2610 283 2671 ὡς
307 2609 464 2662 οὐδὲν
488 2612 520 2677 ή
548 2611 691 2679 φυγὴ
716 2612 972 2680 χαλεπὸν,
1004 2612 1096 2663 καὶ
1124 2611 1196 2672 ὡς
1234 2611 1278 2639 ³⁵
1309 2609 1534 2671 πλοῦτος
1563 2610 1658 2677 μὲν
1688 2607 1780 2660 καὶ

206 2701 337 2764 δόξα
363 2702 460 2753 καὶ
487 2702 773 2754 δυναστεία
800 2703 989 2755 θᾶττον
1022 2704 1127 2755 ἀπὸ
1160 2703 1267 2754 τῶν
1285 2704 1511 2771 ἐχόντων
1536 2704 1627 2753 ἐπὶ
1657 2703 1781 2763 τοὺς

216 2794 340 2862 μηδ’
365 2794 693 2857 ἐλπίσαντας
741 2798 1025 2866 μεταρῤεῖ,
1053 2798 1114 2846 τὸ
1139 2796 1195 2847 δὲ
1226 2796 1535 2863 φιλοσοφεῖν
1560 2798 1651 2847 καὶ
1684 2795 1780 2862 τὴν

211 2886 417 2956 ἀρετὴν
456 2887 643 2938 ἀσκεῖν
680 2887 765 2939 διὰ
806 2887 920 2956 βίον
951 2904 1008 2939 τε
1049 2886 1235 2955 κτῆμα
1282 2888 1525 2955 διαμένει
1579 2887 1781 2953 ἀγαθὸν

212 2977 309 3029 καὶ
346 2977 727 3045 ἀποιχομένοις
766 2979 1073 3029 συνέπεται.
1122 2977 1178 3028 Ὀ
1211 2976 1269 3027 δὲ
1302 2976 1378 3027 ll"
1418 2977 1703 3041 Εὺὸοτκὸς
1733 2976 1779 3006 ¹⁶

214 3069 246 3138 ἦ
280 3070 683 3136 Κυνηγετικὸς
714 3069 903 3137 ἔλαχεν
933 3069 1267 3137 ἐπιγραφὴν,
1298 3070 1507 3135 εἰσάγει
1547 3069 1603 3119 δέ
1636 3084 1780 3129 τινας

212 3164 272 3214 ἐν
298 3162 502 3231 Εὐϐοίᾳ
534 3160 770 3212 τοιοῦτον
807 3160 919 3228 βίον
965 3159 1235 3228 βιοῦντας,
1282 3160 1349 3210 δι’
1376 3153 1449 3211 ὧν
1480 3176 1782 3211 κατασκευ-

1884 1972 2032 2023 Ilium
2084 1986 2190 2023 non
2241 1968 2403 2026 fuerit
2438 1982 2673 2036 captum.
2712 1969 2942 2023 Homero
2990 1970 3152 2038 igitur
3196 1972 3438 2036 asperius

1882 2068 2218 2127 adversatur,
2280 2066 2446 2130 iisque
2506 2064 2757 2116 oumibus
2817 2062 3088 2116 comi-aria
3148 2063 3437 2117 (lt-scribit.

1884 2170 2002 2221 quae
2030 2164 2153 2207 sunt
2178 2157 2244 2205 ab
2275 2154 2366 2208 illo
2403 2155 2451 2206 in
2482 2153 2652 2206 Iliade
2680 2153 2993 2220 composita.
3025 2151 3315 2221 Olyntpim,
3345 2167 3437 2204 seu

1883 2246 1960 2299 De
1982 2250 2149 2313 prima
2171 2248 2267 2301 Dei
2284 2249 2576 2317 cognitione
2595 2247 2734 2315 (quae
2760 2246 2895 2299 idem
2922 2245 3046 2298 illud
3072 2247 3440 2299 demonstrare

1883 2342 2132 2408 conatur)
2167 2341 2449 2393 undecima
2481 2346 2589 2391 est.
2628 2336 2944 2390 Duodecimn
2973 2337 3188 2389 Athenis
3222 2338 3285 2387 de
3306 2337 3439 2387 exsi-

1886 2430 1958 2482 lio
1986 2432 2168 2484 habita
2200 2433 2407 2485 titulum
2454 2432 2692 2499 prtefert.
2732 2428 2799 2482 Et
2844 2430 3022 2482 habita
3072 2444 3196 2482 vere
3246 2428 3437 2480 ibidem

1886 2533 1989 2587 est,
2037 2526 2301 2591 docetque
2349 2524 2596 2577 exsilium
2630 2524 2763 2580 nihil
2793 2524 2990 2576 habere
3027 2520 3388 2574 molestiarum
3424 2535 3438 2569 :

1887 2614 2102 2668 divitias
2145 2617 2271 2668 item
2320 2625 2373 2668 et
2426 2616 2649 2679 gloriam
2688 2627 2846 2682 atque
2887 2614 3165 2679 itnperiutn
3208 2612 3364 2663 citius
3413 2627 3438 2657 ει

1886 2706 2283 2772 possidentibus
2307 2706 2371 2757 ad
2402 2720 2493 2757 eos
2530 2706 2618 2774 qui
2658 2704 2876 2756 minime
2917 2703 3229 2769 sperabant,
3264 2708 3443 2752 trattse

1888 2794 2016 2848 ferri
2048 2814 2060 2847 :
2094 2796 2367 2863 sapientiae
2393 2811 2525 2849 vero
2554 2796 2788 2850 studium
2819 2836 2833 2854 ,
2875 2808 2940 2848 ac
2984 2794 3195 2847 virtutis
3240 2807 3445 2844 exerci-

1888 2890 2173 2953 tationem,
2202 2901 2255 2944 et
2306 2902 2587 2959 perpetuas
2637 2890 2687 2942 itt
2731 2891 2828 2941 hac
2875 2889 2979 2940 vita
3022 2896 3446 2951 constantcstpin

1888 2982 2105 3035 divitias
2145 2997 2285 3045 esse,
2328 2993 2382 3035 et
2425 2983 2551 3034 hinc
2588 2984 2748 3033 etiam
2800 2980 3129 3047 etnigrantes
3176 2976 3441 3031 comitari.

1890 3074 2024 3128 XIII.
2070 3075 2301 3128 Euboica
2346 3090 2437 3128 seu
2495 3073 2779 3127 Venatoria
2842 3073 3171 3126 inscribitur.
3239 3070 3447 3124 Indocit

1891 3176 2070 3217 autem
2118 3166 2378 3233 quosdam
2431 3166 2566 3218 hanc
2600 3165 2652 3217 in
2703 3164 2901 3217 Ettbma
2932 3164 3095 3216 vitam
3144 3164 3445 3215 ducentes:

214 3255 335 3316 άξει
398 3254 473 3314 ὡς
506 3256 533 3304 ὁ
566 3255 875 3323 ἀπράγμων
928 3252 1059 3320 βίος,
1111 3255 1157 3302 εἰ
1201 3253 1293 3303 καὶ
1337 3254 1628 3321 πενόμενος
1682 3254 1787 3319 εἰη,
1819 3255 1861 3313 C

1819 3255 1861 3313 C
1893 3273 1989 3325 per
2022 3273 2159 3325 quos
2201 3260 2356 3310 docet
2392 3260 2553 3309 vitam
2590 3258 2875 3324 privatam,
2910 3255 3009 3309 etsi
3047 3254 3328 3323 pauperior
3358 3254 3445 3315 sit,

217 3346 399 3414 πολλῴ
418 3344 525 3397 τῶν
541 3348 599 3396 ἐν
628 3344 778 3395 ἀστει
809 3343 1217 3412 θορυϐουμένων
1247 3359 1305 3393 τε
1333 3344 1423 3393 καὶ
1455 3342 1785 3409 τρυφώντων

214 3440 383 3507 ἡδίων
432 3454 492 3489 τε
540 3438 633 3488 καὶ
676 3435 1131 3503 λυσιτελέστερος.
1188 3434 1491 3498 Ῥοδιακὸς
1535 3435 1593 3485 δὲ
1635 3437 1658 3486 ὁ
1713 3434 1785 3485 ΙΔ¹

216 3532 622 3599 ἐπιγράφεται·
664 3531 721 3579 ἐν
760 3527 932 3595 τούτῳ
973 3527 1088 3587 ἔθος
1117 3527 1309 3591 ἄλογον
1354 3526 1507 3593 παρά
1564 3526 1784 3587 Ῥοδίοις

217 3625 452 3692 ἐπιτιμᾷ
504 3621 839 3672 ἐπιπολάσαν
871 3622 936 3670 ³⁷.
992 3620 1063 3671 Τὸ
1120 3619 1162 3669 δ’
1212 3614 1297 3687 ἦν,
1360 3617 1450 3678 οὓς
1508 3618 1787 3669 ἐϐούλοντο

216 3717 385 3785 τιμᾷν
425 3713 693 3782 ἀνδριᾶσι,
739 3712 947 3771 τούτοις
1005 3711 1103 3778 μὲν
1144 3709 1431 3777 ἀνδριάντα
1493 3708 1787 3759 ἀνίστασαν

218 3808 437 3867 ούδένα,
486 3808 611 3866 τοὺς
657 3806 711 3857 δὲ
779 3806 888 3863 τοῖς
936 3804 1099 3854 πάλαι
1150 3800 1537 3869 ἀνεστηκότας,
1584 3800 1786 3851 τούτων

220 3901 328 3968 ἄρα
358 3897 468 3968 "ﬁ
515 3897 612 3956 τὰς
672 3898 983 3966 ἐπιγραφὰς
1030 3893 1377 3963 μεταξέοντες
1430 3894 1508 3952 εἰς
1551 3892 1620 3943 τά
1677 3891 1785 3943 τῶν

220 3989 530 4059 μελλόντων
580 3986 879 4056 τιμηθῆναι
929 3986 1188 4054 ὀνόματα,
1241 3984 1274 4053 ἢ
1316 3983 1393 4053 τῷ
1443 3984 1619 4051 χρόνῳ
1652 3983 1786 4051 μηδέ

220 4082 562 4149 φαινομένων
594 4078 1014 4146 ἐπιγράφοντες,
1062 4076 1169 4126 τῶν
1204 4093 1263 4126 τε
1304 4075 1597 4143 οἰχομένων
1625 4073 1686 4124 τό
1722 4090 1785 4139 γε

220 4176 291 4224 ἐπ
332 4174 520 4232 αὐτοῖς
554 4172 651 4238 τὴν
683 4172 725 4201 ³⁸
764 4170 928 4239 τιμὴν
955 4168 1324 4231 ἐλυμαίνοντο,
1368 4167 1457 4217 καὶ
1496 4166 1586 4227 οὓς
1623 4168 1786 4235 τιμᾷν

218 4263 645 4324 ὑπεπλάττοντο,
702 4261 1005 4327 ἀλλοτρίαις
1050 4264 1141 4311 καὶ
1178 4258 1298 4309 κατ’
1334 4258 1483 4309 οὐδὲν
1527 4260 1786 4319 ἐοικυίαις

219 4356 427 4406 εἰκόσιν
477 4355 777 4419 ἐνύϐριζον.
816 4353 944 4423 [555
991 4351 1079 4422 IL]
1125 4352 1211 4403 'Ev
1237 4352 1369 4419 τῷδε
1400 4350 1646 4417 τῷλόγῳ
1691 4370 1787 4419 με·

217 4447 359 4516 γάλη
411 4446 507 4497 τοῦ
563 4446 750 4513 ἀνδρὸς
802 4447 900 4514 τῆς
950 4444 1415 4509 άνασκευαστικῆς
1451 4442 1493 4471 ³ο
1548 4442 1785 4512 ἰσχύοςὴ

216 4541 391 4609 ἀρετὴ
410 4539 452 4568 ³¹
478 4538 835 4605 διαφαίνεται.
888 4539 945 4591 '0
982 4540 1042 4591 δὲ
1073 4540 1149 4591 ΙΕ¹
1180 4540 1335 4605 Πρὸς
1375 4539 1787 4605 Ἀλεξανδρεῖς

222 4632 325 4699 μὲν
354 4630 779 4699 ἐπιγέγραπται.
810 4631 984 4699 δήμου
1004 4633 1062 4683 δὲ
1094 4633 1257 4698 φύσιν
1281 4633 1637 4685 ἀναπτύσσων
1664 4632 1791 4683 ταύ-

219 4742 321 4793 της
348 4727 712 4794 κατατρέχει·
754 4726 847 4778 καὶ
878 4727 959 4777 ὅτι
995 4726 1067 4795 μὴ
1115 4728 1220 4796 χρὴ
1269 4728 1357 4778 τὸν
1401 4725 1791 4794 Ἀλεξανδρέων

218 4819 421 4885 δῆμον,
454 4816 559 4867 ῐδια
595 4816 764 4868 πολλά
818 4817 887 4869 τὰ
944 4818 1077 4885 πρὸς
1129 4818 1329 4887 ἀρετὴν
1375 4817 1790 4887 παρακαλοῦντα

221 4908 440 4975 ἔχοντα,
478 4906 575 4973 τῆς
634 4908 689 4957 ἐν
734 4905 814 4975 τῷ
848 4906 1012 4973 κοινῷ
1062 4907 1501 4976 ἐπιπολαζούσης
1551 4906 1792 4975 ταραχῆς

222 4998 318 5048 καὶ
345 4996 572 5058 ἀταξίας
606 4999 698 5047 καὶ
733 4997 895 5049 αὑτὸν
927 4993 1063 5048 εἰναι
1096 4998 1139 5026 ³⁸
1169 4998 1520 5067 ἀνδράποδον,
1554 4996 1789 5065 μάλιστα

219 5090 281 5141 δὲ
298 5090 820 5157 παραφυλάττεσθαι
857 5090 917 5141 τὸ
946 5091 1246 5158 ἁμάρτημα
1281 5090 1419 5141 κατά
1450 5090 1545 5149 τὰς
1567 5090 1794 5157 δημοτε-

220 5182 335 5241 λεῖς
369 5181 707 5250 πανηγύρεις
755 5182 849 5233 καὶ
880 5182 947 5232 τὰ
995 5181 1215 5251 θέατρα.
1282 5182 1555 5245 Ταρσικοὶ
1601 5180 1658 5231 δὲ
1701 5179 1793 5231 δύο

221 5270 427 5339 ἐφεξῆς
456 5272 764 5341 ἐπιγραφῆς
794 5273 1002 5340 ἔτυχον,
1022 5265 1095 5323 ὧν
1124 5275 1151 5323 ὁ
1181 5271 1281 5339 μὲν
1314 5277 1361 5322 α’
1409 5270 1627 5322 ἔπαινόν
1673 5287 1792 5319 τινα

220 5363 326 5430 τῆς
361 5362 570 5425 πόλεως
602 5364 905 5433 ἐπιτρέχων
926 5364 1027 5415 ούκ
1060 5364 1382 5433 εὐδαίμονας
1412 5363 1623 5425 ἐκείνας
1662 5365 1794 5414 ἁπο-

1814 4578 1865 4636 D

1890 3350 2045 3417 longe
2073 3348 2450 3415 jucundiorem
2480 3363 2619 3408 esse,
2659 3357 2714 3401 et
2745 3346 3038 3409 utiliorem,
3070 3362 3229 3412 quant
3263 3361 3447 3397 eorum

1886 3442 2057 3508 quiin
2100 3441 2324 3493 urbibus
2362 3439 2545 3492 turbas
2589 3439 2739 3507 juxta
2784 3454 2843 3492 ac
2893 3437 3117 3491 delicias
3160 3435 3449 3504 experiun-

1890 3541 1996 3584 tur.
2030 3530 2171 3584 XIV.
2210 3531 2474 3583 Rhodiaca
2508 3533 2833 3583 nominatur.
2865 3532 3168 3584 Absurdum
3199 3530 3300 3581 hac
3327 3545 3441 3581 oras

1888 3626 2035 3677 tione
2065 3640 2293 3689 morem,
2330 3627 2419 3692 qui
2472 3636 2584 3677 tum
2621 3624 2793 3677 Rhodi
2840 3624 3219 3685 invalescebat,
3269 3637 3451 3687 rapi-en

1896 3717 2101 3769 hendit.
2141 3716 2292 3781 Quos
2318 3718 2458 3770 enim
2498 3718 2691 3769 statuis
2730 3716 3068 3767 honorandos
3103 3728 3344 3766 censuer.
3372 3723 3447 3767 ut.

1890 3807 1974 3860 his
2015 3808 2188 3861 nullas
2228 3809 2554 3868 statuebant,
2589 3811 2680 3859 sed
2718 3822 2926 3866 earum,
2960 3820 3080 3874 qua;
3110 3805 3300 3873 priscis
3332 3807 3445 3856 lue»

1888 3915 2010 3953 rant
2060 3901 2355 3964 collocata),
2392 3900 2474 3951 vel
2533 3900 2911 3966 inscriptiones
2969 3897 3021 3950 itt
3072 3882 3303 3955 eorum,
3358 3898 3443 3957 «μέ

1891 3994 2105 4046 venturi
2156 4003 2341 4046 essent
2393 3993 2612 4045 nomina
2651 4000 2973 4043 mutantes:
3013 3989 3096 4040 vel
3144 3986 3188 4039 si
3242 3995 3449 4054 ιιιειιμα.

1890 4088 1964 4138 ris
2009 4085 2199 4151 iniuria
2259 4100 2361 4137 non
2388 4095 2711 4151 apparerent
2743 4082 2903 4141 titttli,
2945 4094 3110 4135 novos
3151 4081 3447 4147 insculpen—

1890 4187 2003 4238 tes,
2046 4174 2215 4228 simul
2268 4176 2376 4225 vita
2432 4174 2735 4225 functorum
2794 4172 3013 4235 gloriam
3058 4171 3336 4238 (quantum
3394 4170 3447 4221 itt

1891 4271 2019 4336 ipsis
2080 4268 2221 4334 erat)
2256 4267 2553 4326 foedabant,
2596 4264 2755 4317 simul
2807 4278 2942 4329 quos
2970 4264 3235 4314 honorare
3274 4263 3451 4312 deri-e-

1888 4369 2097 4419 verant,
2160 4359 2383 4415 alienis,
2454 4367 2507 4408 et
2560 4370 2677 4419 t|lltB
2740 4354 2869 4405 nihil
2929 4352 3295 4405 similitudinis
3359 4354 3449 4401 Ita-

1892 4453 2123 4511 berent,
2190 4448 2511 4514 imaginibus
2574 4445 2837 4496 dedecore
2907 4444 3081 4509 potius
3126 4438 3446 4492 allii-iehant.

1892 4537 2004 4603 Qua
2056 4538 2271 4603 quidem
2313 4537 2361 4587 itt
2419 4535 2664 4586 oratione
2707 4535 2895 4600 ingens
2953 4530 3133 4582 Dionis
3183 4529 3446 4581 refutandi

1892 4631 2027 4681 alios
2057 4630 2135 4679 vis
2164 4637 2323 4695 atque
2354 4627 2581 4679 facultas
2609 4626 2892 4691 insigniter
2920 4623 3196 4674 elui-escit.
3228 4620 3341 4672 XV.
3373 4622 3449 4672 At!

1889 4719 2273 4769 Alexandrinos
2300 4718 2499 4775 habita,
2550 4716 2881 4768 inscribitur.
2910 4714 3063 4780 Vulgi
3109 4714 3158 4765 in
3204 4728 3264 4764 ea
3305 4714 3451 4777 tnge-

1892 4812 2037 4861 nium
2094 4824 2375 4876 moresque
2432 4808 2671 4875 exponit,
2718 4822 2782 4858 ac
2846 4806 3171 4873 perstringit.
3242 4803 3453 4868 Nequa-

1891 4916 2047 4967 quam
2105 4901 2323 4964 insuper
2382 4901 2590 4961 decere,
2652 4909 2710 4948 ιιι
2762 4898 2920 4948 etiam
2955 4898 3179 4960 |tO|tl|lllS
3221 4896 3454 4947 Alenu-

1891 4994 2099 5056 drinus,
2156 4991 2358 5060 166!)
2420 4991 2507 5055 qui
2567 4990 2779 5056 propria
2838 4998 2913 5038 tot
2968 4987 3191 5039 haberet
3241 4986 3453 5035 \it'tutis

1894 5084 2267 5143 incitamenta,
2298 5095 2607 5133 exortorunt
2652 5080 2702 5128 in
2733 5077 2999 5144 republica
3034 5075 3353 5127 llllIIllllIlllttt
3396 5090 3457 5121 at-

1895 5176 2222 5229 seditionum
2259 5176 2403 5224 velut
2447 5170 2772 5237 mancipium
2825 5170 2937 5219 Iiat.
2992 5164 3296 5217 Prtesertitn
3331 5178 3455 5213 vero

1898 5268 2043 5321 illum
2088 5282 2327 5321 errorem
2365 5264 2662 5316 cavendum
2696 5275 2814 5312 esse
2851 5268 3058 5319 monet,
3091 5256 3177 5321 qui
3208 5257 3257 5305 itt
3286 5253 3457 5319 publi-

1899 5362 1979 5413 cis
2013 5360 2365 5411 conventibns
2407 5371 2471 5408 ac
2501 5352 2725 5407 theatris
2771 5350 3227 5404 committebatur.
3272 5343 3455 5396 Tarsi-

1494 5500 1722 5554 VARIE
1762 5496 2165 5553 LECTIONES.

300 5662 343 5691 η
374 5660 532 5738 ’ἐκ-τρὶς
563 5659 660 5738 xui-
682 5658 900 5738 mpi-‘A,
1013 5658 1363 5738 ¹⁰“Διογένους
1382 5661 1446 5709 Λ.

223 5734 270 5765 ’³
305 5728 575 5782 ποιεῖσθαι
602 5728 765 5780 αὑτοῦ
795 5730 873 5779 όλ.
911 5745 971 5789 ς.
1050 5728 1094 5757 ⁸⁸
1119 5728 1395 5792 ἀξιοῦντες
1419 5744 1479 5789 ς.

220 5806 277 5853 Et
320 5799 471 5867 παρὰ
498 5814 579 5862 pr.
609 5799 672 5849 Λ.
747 5801 790 5829 ²⁹
820 5801 917 5866 τὴν
958 5800 1079 5849 :ttltl.
1115 5799 1177 5853 Α.

473 5890 741 5948 Panos.
775 5891 889 5950 Gn.
924 5890 1084 5947 (IIII.

1545 5659 1584 5686 ²¹
1615 5658 1723 5709 οἰκ.
1773 5655 1865 5706 καὶ
1920 5654 2265 5721 παραινεῖς.

1556 5727 1599 5755 ⁸⁵
1630 5727 1704 5786 ὡς
1756 5728 1797 5776 Α
1829 5743 1842 5777 :
1869 5725 1948 5775 ὃτι
1998 5740 2057 5784 ς.

1256 5797 1299 5827 ³⁰
1330 5796 1726 5861 ἀνασκευτικής
1772 5795 1995 5860 άττικῆς
2039 5797 2143 5859 Eax.
2170 5792 2233 5843 A.

2232 5668 2265 5702 '.
2370 5650 2414 5679 ”
2449 5649 2546 5715 μὲν
2588 5648 2816 5697 ἕκαστον
2855 5645 2895 5695 Λ
2933 5663 2945 5695 :
2979 5644 3207 5694 ἕκαστον
3245 5642 3343 5708 μέν
3398 5657 3458 5703 ς.

2232 5720 2495 5746 venunt-
2551 5734 2588 5746 .-
2688 5717 2729 5746 at
2780 5712 3171 5746 ιωηηὶρςινηυι-
3269 5708 3458 5746 assml

2135 5722 2180 5751 "
2212 5708 2495 5779 ἰεῖὺόοεικός
2550 5734 2609 5778 ς.
2688 5717 2729 5746 ’τ
2778 5712 3102 5773 ἐπιπολάζον
3133 5730 3193 5775 ς.
3269 5712 3311 5741 ³⁸
3334 5708 3460 5779 ἄρα]

2135 5792 2233 5843 .Λ.
2308 5791 2348 5821 ³⁸
2378 5792 2408 5857 ἡ
2438 5789 2603 5855 ἀρετὴ
2632 5786 2748 5837 add.
2780 5787 2843 5836 Λ.
2922 5784 2963 5812 ³¹
2987 5779 3123 5835 εἶναι
3158 5798 3265 5835 om.
3306 5787 3363 5831 Λ.

2966 5873 3041 5931 22
