4196 6442
748 402 853 465 683

1874 392 2139 455 ΡΗΟΤΙΙ
2180 388 2694 453 PATRIARCH/E
2731 388 2841 449 CP.

3897 384 4002 448 686

750 531 950 576 caram,
982 526 1103 583 qua:
1146 510 1265 566 dua
1311 519 1637 581 sequuntur,
1682 507 2098 579 appellationem
2149 517 2321 562 nacta:

2431 506 2607 574 φαίνει
2652 505 2763 557 τῶν
2810 504 3043 567 πόλεων,
3082 504 3210 558 ὅσαι
3239 504 3445 577 κρήνας
3478 502 3572 557 καὶ
3597 502 3883 571 ποταμοὺς
3909 506 4002 555 και

751 616 899 662 sunt.
934 605 1133 661 Harum
1168 605 1319 673 prior
1345 613 1468 673 post
1502 603 1694 659 urbem
1727 602 1873 657 illam
1903 602 2105 657 cursim
2132 599 2321 654 lauda-

753 713 886 761 tam,
944 710 1215 766 nunquam
1288 694 1570 749 civitatum
1625 694 1939 749 felicitatem
1994 694 2320 748 metiendam

752 790 909 842 docet
938 800 968 839 a
1000 784 1277 850 fontibus,
1326 783 1659 848 ﬂuminibus,
1727 782 1971 838 venustis
2024 782 2323 853 porticibus

750 887 847 931 aut
873 875 1136 937 aediliciis.
1170 873 1549 941 fructuumque
1570 872 1924 934 abundantia,
1980 883 2208 939 quaeque
2240 869 2324 922 bis

752 967 949 1023 similia
980 968 1289 1029 laudantur,
1349 964 1441 1017 sed
1488 978 1584 1017 eas
1637 966 1801 1017 urbes
1840 961 2233 1023 commendari,
2270 961 2322 1012 in

752 1060 950 1130 quibus
977 1058 1264 1127 disciplina
1294 1072 1356 1109 ac
1387 1055 1560 1108 virtus
1585 1056 1783 1108 civium
1828 1054 2177 1107 claresceret.
2204 1051 2326 1105 Hac

752 1166 969 1221 quoque
1012 1150 1189 1204 oratio
1237 1150 1530 1202 absurdum
1572 1149 1860 1216 quemdam
1901 1160 1962 1200 ac
2003 1145 2324 1213 probrosum

753 1244 987 1312 castigat
1015 1256 1222 1296 morem
1247 1241 1299 1294 in
1329 1240 1479 1294 vocis
1505 1240 1800 1294 emissione
1819 1240 2049 1307 quadam
2077 1234 2326 1308 [lasciva]

753 1352 819 1393 ex
857 1336 1347 1391 Alexandrinorum
1375 1334 1765 1389 consuetudine
1795 1333 1979 1401 petita,
2031 1345 2255 1383 monens
2280 1330 2325 1381 ei

758 1439 1009 1486 assuetos
1037 1438 1096 1485 ut
1132 1428 1468 1491 abStineant,
1528 1426 1611 1480 vel
1644 1426 1823 1494 potius
1855 1422 2106 1477 acerbius
2140 1422 2254 1491 ipse
2276 1421 2326 1472 in

755 1538 850 1578 eos
876 1523 1184 1577 incurrens.
1217 1520 1402 1574 Altera
1455 1535 1583 1574 vero
1635 1520 1903 1582 hortatur,
1938 1532 2004 1570 ne
2047 1515 2331 1569 calumniis

761 1614 1113 1682 magistratus
1161 1620 1591 1680 persequantur;
1625 1623 1756 1662 neve
1802 1608 1982 1676 parvis
2013 1604 2326 1659 offensioni-

763 1708 859 1761 bus
881 1706 1065 1760 statim
1093 1703 1403 1764 irritentur,
1436 1712 1595 1771 atque
1636 1702 1758 1754 illos
1806 1708 2006 1751 temere
2054 1703 2329 1749 accusent.
2390 1702 2393 1703 '

760 1795 946 1851 XVIII.
973 1796 1069 1850 Cui
1103 1794 1283 1849 nullus
1307 1794 1559 1863 prattlxus
1588 1792 1796 1852 titulus,
1829 1790 2057 1844 Celamis
2090 1786 2333 1856 Phrygia:

2423 597 2597 665 κάλλη
2638 596 2811 647 στοῶν
2840 597 2937 648 καὶ
2964 593 3415 664 οἰκοδομημάτων
3453 592 3548 647 καὶ
3570 590 3801 663 καρπῶν
3827 590 4005 660 ἀφθο-

2422 694 2542 743 νίαν
2575 689 2667 741 καὶ
2699 689 2768 738 τὰ
2790 687 3150 756 παραπλήσια
3176 684 3592 755 προσάλλονται,
3618 684 3736 736 ἀλλ’
3760 685 3821 736 ὲν
3851 682 4006 745 ὅσαις

2423 782 2573 847 τάξις
2631 779 2726 832 καὶ
2774 778 2944 849 ἀρετὴ
2985 777 3094 831 τῶν
3140 777 3574 847 πολιτευομένων
3606 774 4001 829 διαδείκνυται.

2425 870 2593 934 Οὗτος
2613 876 2641 928 6
2675 873 2832 939 λόγος
2854 872 2949 924 καὶ
2976 870 3286 939 παράλογόν
3313 885 3372 922 τι
3406 870 3500 921 καὶ
3530 867 3859 937 ὲφύδριστον
3887 864 4007 927 ἔθος

2427 968 2565 1020 κατά
2608 965 2792 1035 φωνῆς
2830 966 3107 1033 ἀπήχησιν
3140 963 3188 995 ⁸³
3239 964 3351 1025 τοῖς
3389 959 3782 1030 Ἀλεξανδρεῖσι
3830 973 4007 1025 πρατο

2426 1060 2654 1129 τόμενον
2717 1055 2967 1116 εὐθύναις
3031 1054 3252 1121 ὑπάγει,
3326 1051 3609 1123 παραινῶν
3662 1047 4004 1119 ἀποσχέσθαι

2428 1152 2550 1213 τοὺς
2577 1149 2908 1219 χρωμένους,
2942 1147 2975 1213 ἢ
3012 1145 3211 1216 μᾶλλον
3247 1144 3426 1198 αὐτῶν
3458 1145 3502 1175 ³⁵
3551 1141 4003 1213 πληκτικώτερον

2430 1241 2865 1309 καθαπτόμενος.
2914 1239 2972 1291 Ὀ
3018 1238 3074 1291 δὲ
3120 1238 3372 1307 δεύτερος
3418 1239 3677 1303 παραινεῖ
3723 1235 3796 1305 μὴ
3841 1251 4003 1286 συκο-

2429 1332 2705 1402 φαντικῶς
2754 1332 2891 1400 πρὸς
2929 1331 3053 1391 τοὺς
3097 1330 3362 1400 ἄρχοντας
3393 1328 3715 1389 διακεῖσθαι,
3755 1327 3880 1397 μηδ’
3917 1328 4007 1378 ἐπὶ

2430 1428 2541 1489 τοῖς
2600 1424 2825 1493 βραχέσι
2857 1424 2963 1475 τῶν
2993 1422 3455 1494 παραλυποῦντων
3489 1420 3651 1483 εὐθὺς
3696 1417 4009 1487 ἀνερεθίζέ⁶

2432 1519 2553 1572 σθαι
2596 1518 2692 1570 καὶ
2726 1517 3074 1569 ὲπαιτιᾶσθαι
3131 1515 3372 1576 τούτους.
3444 1514 3501 1566 '0
3560 1514 3616 1566 δὲ
3662 1513 3769 1576 IH',
3805 1512 3867 1573 6;
3908 1514 4010 1563 οὐκ

2432 1610 2852 1677 ἐπιγέγραπται,
2906 1609 2963 1659 ὲν
3006 1607 3293 1669 Κελαιναῖς
3320 1607 3364 1638 ³³
3397 1606 3604 1675 ὲρῤήθη
3627 1604 3724 1674 τῆς
3743 1603 4007 1672 ⁴ιρυγίεις.

2430 1700 2786 1769 διαλαμϐάνει
2820 1700 2875 1751 δὲ
2897 1700 2971 1762 ὡς
2998 1698 3095 1751 οὐκ
3126 1698 3326 1767 ἀρετῆς
3355 1697 3440 1766 εἴη
3467 1699 3694 1765 σημεῖον
3719 1695 3778 1747 τὸ
3806 1696 4006 1763 κομᾷν,

2432 1792 2623 1863 ὥσπερ
2641 1792 2747 1844 οὐδ’
2765 1792 2895 1845 ἀλλο
2919 1810 2971 1844 τι
2994 1790 3101 1844 τῶν
3120 1790 3415 1859 σχημάτων
3444 1788 3553 1841 τῶν
3579 1787 3706 1856 περὶ
3736 1787 3796 1838 τὸ
3827 1787 4008 1853 σῶμα,

763 1888 897 1942 urbe
931 1887 1110 1941 habita
1143 1894 1244 1939 est.
1282 1884 1512 1939 Disserit
1565 1894 1747 1936 autem
1799 1897 1902 1935 non
1951 1895 2070 1933 esse
2116 1875 2331 1928 virtutis

2433 1884 2622 1955 ὥσπερ
2646 1884 2768 1936 οὐδὲ
2791 1884 2996 1935 τούτων
3020 1882 3086 1933 τά
3113 1882 3331 1934 ἐναντία
3352 1897 3364 1910 ·
3388 1880 3737 1932 διαπλέκεται
3769 1877 3897 1949 [9.75
3920 1880 3960 1930 il
3994 1876 4009 1948 ]

764 1979 1022 2033 indicium
1053 1992 1264 2033 comam
1306 1975 1451 2028 illam
1508 1975 1937 2044 promissiorem,
1976 1982 2033 2024 ut
2087 1985 2183 2021 nec
2225 1968 2327 2017 alia

763 2086 883 2141 qua:
927 2071 994 2124 ad
1037 2069 1285 2137 corporis
1324 2067 1526 2120 cultum
1595 2065 1887 2135 pertinent,
1931 2078 1994 2116 ac
2037 2077 2104 2114 ne
2142 2065 2329 2114 horum

762 2161 979 2231 quidem
1013 2158 1312 2215 contraria.
1340 2156 1475 2212 Huic
1496 2168 1549 2211 et
1582 2156 1750 2225 ipsius
1787 2155 1935 2207 urbis
1958 2151 2196 2207 laudatio
2237 2152 2333 2204 ad.

766 2249 1026 2318 iungitur.
1052 2246 1191 2302 XIX.
1213 2245 1334 2315 Ipso
1364 2261 1487 2299 mox
1509 2245 1663 2298 titulo
1695 2241 2073 2313 indicat(5—3),
2098 2242 2331 2294 habitant

767 2343 982 2410 quidem
1019 2340 1249 2409 primum
1270 2337 1620 2407 Boi-ySthene,
1646 2338 1736 2389 sed
1765 2336 2042 2389 recitatani
2065 2344 2246 2401 postea
2281 2331 2334 2385 in

770 2432 963 2501 patria.
997 2431 1051 2484 In
1082 2445 1146 2484 ea
1176 2444 1299 2484 cum
1332 2429 1438 2481 alia
1472 2427 1638 2481 refert
1682 2437 1891 2489 auctor,
1944 2436 2054 2478 tum
2098 2422 2337 2478 Platonis

770 2523 1071 2579 imitatione
1120 2521 1377 2591 praedicat
1423 2521 1489 2575 de
1539 2519 1909 2574 universitatis
1952 2517 2145 2586 opifice
2198 2515 2337 2581 apud

771 2614 1186 2684 Borystltenitas
1230 2628 1290 2668 se
1339 2612 1685 2675 disseruisse,
1732 2624 1796 2662 ac
1845 2608 1914 2661 de
1948 2608 2128 2660 mundi
2178 2606 2340 2658 totius

772 2716 970 2761 ornatu
998 2715 1283 2773 motuque,
1315 2714 1370 2756 et
1414 2702 1696 2756 elementis
1729 2700 1993 2769 ejusdem.
2030 2697 2124 2750 Est
2157 2708 2338 2748 autem

775 2793 1035 2848 illustrior
1066 2793 1180 2847 haec
1219 2791 1545 2861 graviorque
1579 2804 1687 2857 pra:
1735 2789 1944 2842 caeteris
1983 2788 2338 2840 orationibus.

770 2882 1075 2939 Corinthica
1115 2892 1295 2937 autem
1355 2896 1580 2935 numero
1621 2880 1897 2943 vicesima,
1951 2879 2191 2933 Corinthi
2246 2878 2343 2930 ha-

774 2977 906 3041 bita,
941 2976 1090 3030 cives
1128 2975 1197 3028 ibi
1225 2972 1502 3043 obiurgat,
1532 2971 1676 3041 quod
1717 2980 1893 3025 statua
1922 2986 1980 3026 se
2003 2973 2151 3040 prius
2179 2971 2344 3024 hono-

776 3078 1006 3131 rassent,
1057 3080 1217 3135 quant
1270 3074 1449 3118 tamen
1508 3075 1631 3132 post
1696 3064 1863 3133 ipsius
1919 3060 2343 3131 profectionem,

773 3157 910 3213 falsa
940 3159 1173 3227 quadam
1192 3156 1463 3210 calumnia
1482 3156 1725 3218 adducti,
1747 3156 1943 3209 iterum
1973 3155 2343 3209 sustulissent.

2434 1976 2477 2029 δ’
2510 1976 2658 2045 αὐτῷ
2697 1978 2788 2028 καὶ
2823 1975 2912 2043 τῆς
2951 1974 3157 2035 πόλεως
3189 1973 3430 2034 ἔπαινος.
3469 1973 3572 2022 Τὸν
3611 1972 3666 2023 δὲ
3696 1970 3773 2022 ΙΘ⁸
3816 1970 4011 2039 μηνύει

2434 2068 2769 2137 ἠὲπιγραφὴ
2803 2066 3033 2137 ῥηθῆναι
3067 2067 3164 2134 μὲν
3200 2067 3255 2117 ἐν
3292 2064 3370 2133 τῷ
3399 2063 3739 2133 Βορυσθένει,
3772 2064 4015 2128 ἀναγνω-

2439 2162 2630 2230 σθῆναι
2654 2162 2709 2214 δὲ
2733 2162 2787 2212 ἐν
2809 2163 2874 2230 τῇ
2910 2159 3129 2229 πατρίδι
3152 2176 3164 2188 ·
3194 2161 3252 2210 ἐν
3274 2151 3315 2224 ᾧ
3348 2156 3484 2211 ἆθλα
3510 2172 3567 2208 τε
3594 2155 3784 2208 δίεισιν
3818 2156 3847 2207 6
3881 2170 4015 2220 συγ-

2437 2254 2701 2324 γραφεὺς,
2738 2254 2831 2305 καὶ
2865 2254 3004 2305 κατά
3031 2252 3123 2303 τὸν
3161 2249 3507 2304 Πλατωνικὸν
3537 2247 3891 2318 συνομολογεῖ
3916 2246 4013 2313 ζῆ-

2438 2347 2525 2399 λον
2568 2347 2693 2416 περί
2725 2364 2782 2397 τε
2817 2346 2860 2377 “
2889 2344 2982 2397 τοῦ
3015 2342 3349 2414 δημιουργοῦ
3389 2341 3497 2395 τῶν
3526 2341 3663 2394 ὅλων
3695 2342 3806 2402 τοῖς
3844 2338 4014 2410 Βορυ-

2442 2438 2710 2500 σθενίταις
2733 2437 3024 2507 διειλέχθαι
3046 2437 3145 2505 τῆς
3173 2452 3232 2487 τε
3267 2435 3360 2487 τοῦ
3386 2434 3585 2496 παντὸς
3604 2434 4015 2503 διακοσμήσεως

2440 2534 2535 2585 καὶ
2576 2532 2844 2602 κινήσεως
2879 2531 2972 2583 καὶ
3013 2530 3121 2582 τῶν
3170 2531 3227 2581 ὲν
3276 2528 3424 2597 αὐτῷ
3458 2526 3758 2595 στοιχείων.
3794 2526 4016 2594 Ἕχεται

2441 2622 2496 2675 δέ
2535 2638 2678 2683 τινος
2724 2619 3107 2690 λαμπρότητος
3160 2619 3256 2672 καὶ
3314 2616 3642 2687 σεμνότητος
3692 2610 3847 2677 οὗτος
3882 2616 4019 2682 ὑπὲρ

2442 2716 2565 2774 τοὺς
2597 2712 2785 2773 ἄλλους
2829 2712 2856 2762 6
2888 2710 3059 2777 λόγος.
3098 2710 3206 2761 Καὶ
3245 2710 3271 2761 ό
3324 2707 3707 2776 Κορινθιακὸς
3738 2706 3795 2758 δὲ
3822 2707 3884 2757 Κ¹
3925 2707 4015 2763 ὢν.

2446 2806 2503 2855 ἐν
2531 2802 2779 2873 Κορίνθῳ
2814 2802 2910 2871 μὲν
2932 2801 3164 2872 ἐρρήθη,
3210 2802 3527 2868 ἐπιτίμησιν
3552 2801 3595 2850 δ’
3628 2797 3806 2850 αὐτῶν
3833 2796 4018 2848 διαπε-

2451 2895 2624 2965 ραίνει
2674 2895 2789 2946 ἀνθ’
2822 2887 2897 2946 ὧν
2932 2895 3103 2945 εἰκόνι
3149 2894 3216 2945 τά
3273 2891 3462 2960 πρῶτα
3508 2891 3838 2959 τιμήσαντες
3865 2888 4021 2940 αὐτὸν

2448 2986 2672 3056 ῦστερον
2728 2984 3175 3052 ἀποδημήσαντος
3235 2984 3300 3034 ἐκ
3359 2981 3609 3049 διαϐολῆς
3690 2981 3749 3032 οὐ
3810 2978 4022 3038 δικαίας

2451 3079 2786 3147 περιείλοντο
2818 3079 2876 3129 τὸ
2908 3078 3095 3146 γέρας.
3142 3076 3341 3142 Ἐγγῦς
3386 3074 3428 3126 δ’
3462 3075 3578 3125 ἐστὶ
3605 3078 3701 3125 τοῦ
3749 3070 4022 3123 Ῥοδιακοῦ

2453 3168 2595 3221 κατὰ
2623 3172 2722 3237 τὴν
2776 3170 2833 3219 ὲν
2873 3168 3049 3233 λόγοις
3084 3165 3273 3236 ῥώμην
3302 3167 3393 3217 καὶ
3451 3164 3651 3235 ἀρετὴν
3689 3158 3841 3224 οὗτος
3871 3163 3912 3193 υ
3946 3179 3959 3192 .
3993 3164 4021 3229 ἡ

775 3244 1030 3301 Proxima
1062 3257 1146 3300 est
1205 3246 1320 3299 Ιιιεο
1357 3245 1569 3299 dicendi
1605 3244 1654 3296 vi
1708 3259 1771 3297 ac
1803 3245 2005 3298 virtute
2061 3242 2347 3297 Rhodiaca:

2453 3261 2507 3313 δὲ
2533 3260 2628 3313 τοῦ
2658 3256 2767 3311 οἷον
2805 3260 3089 3330 προοιμίου
3123 3278 3196 3310 πα
3210 3259 3432 3327 ράτασις
3465 3256 3763 3317 κάνταῦθα,
3818 3255 3895 3317 ὡς
3935 3254 4025 3306 καὶ

776 3339 1032 3395 orationi.
1062 3337 1380 3407 Quanquam
1412 3339 1530 3406 ejus
1571 3338 1713 3406 quod
1758 3336 1968 3391 exordii
2013 3335 2129 3389 loco
2161 3338 2352 3389 statuit

780 3431 1087 3501 longitudo,
1121 3430 1231 3493 hic,
1259 3429 1483 3497 perinde
1511 3440 1675 3496 atque
1704 3428 1828 3481 alibi
1864 3428 1975 3480 fere
2002 3425 2220 3495 ubique,
2252 3428 2353 3479 vir-

781 3537 896 3577 tute
947 3533 1124 3577 vacat.
1181 3518 1325 3575 XXI.
1368 3518 1686 3575 lnscribitur
1735 3519 1809 3571 De
1866 3517 2352 3572 Nicomediensium

780 3615 1061 3670 concordia
1094 3630 1214 3667 cum
1243 3612 1625 3666 Nicaeensibus.
1665 3611 1838 3677 Quam
1882 3613 2097 3680 quidem
2144 3611 2356 3680 potissi-

784 3722 927 3761 mum
958 3705 1239 3759 contendit
1299 3703 1511 3759 ellicere
1552 3704 1665 3757 hate
1694 3704 1870 3757 oratio
1890 3742 1905 3765 .
1952 3717 2071 3771 qua:
2104 3717 2207 3756 non
2238 3703 2357 3756 sine

780 3798 1138 3867 iucunditatis
1180 3811 1246 3851 ex
1284 3811 1348 3849 ea
1384 3810 1440 3849 re
1484 3796 2027 3861 commemoratione,
2056 3804 2356 3862 opportune

785 3890 1075 3956 profertur.
1109 3886 1203 3944 Sic
1238 3889 1383 3943 enim
1430 3888 1622 3941 melius
1662 3888 2022 3955 persuadendi
2072 3888 2155 3942 vis
2184 3888 2357 3941 homi-

788 3998 913 4035 num
974 3996 1097 4036 sese
1151 3981 1350 4035 animis
1400 3981 1678 4034 insinuare
1730 3980 1891 4033 solet.
1938 3977 2106 4034 XXII.
2163 3979 2357 4033 Nicaea:

790 4071 981 4144 187a
1010 4073 1414 4142 pronuntiatam
1472 4073 1658 4126 titulus
1687 4072 1956 4143 signiﬁcat
1983 4090 1997 4127 :
2032 4073 2106 4125 De
2136 4090 2356 4125 concor-

789 4166 901 4228 dia,
924 4166 1175 4219 seditione
1194 4165 1313 4234 jam
1335 4164 1614 4220 exstincta.
1649 4161 1763 4217 Hoc
1798 4174 1977 4216 autem
2016 4170 2099 4217 est
2136 4163 2225 4216 hic
2256 4162 2356 4214 viri

790 4258 1119 4321 institutum,
1155 4269 1267 4309 rem
1294 4255 1366 4308 ibi
1403 4264 1511 4308 tum
1540 4264 1745 4323 gestam
1775 4253 2022 4308 laudibus
2058 4253 2355 4307 celebrare.

791 4344 975 4399 XXIII.
1008 4343 1065 4398 In
1117 4344 1293 4414 patria
1345 4343 1569 4396 recitata
1622 4351 1741 4405 est,
1788 4340 1867 4394 De
1919 4342 2201 4392 concordia
2239 4355 2357 4390 cum

790 4434 1215 4503 Apamensibus:
1261 4433 1404 4501 quod
1460 4431 1631 4499 ipsum
1685 4432 1754 4485 ibi
1812 4440 2139 4499 pertractat;
2201 4439 2257 4481 ut
2304 4438 2360 4482 et

2458 3353 2609 3423 παρά
2646 3353 2841 3424 μικρὸν
2871 3351 3171 3421 πανταχοῦ,
3201 3350 3299 3420 τῆς
3329 3350 3529 3424 ἀρετῆς
3563 3350 3623 3401 οὐ
3651 3348 3887 3418 μετέχει.
3921 3346 4020 3398 Τοῦ

2454 3446 2509 3497 δὲ
2538 3444 2649 3496 KA'
2682 3447 2713 3515 ἡ
2768 3446 3051 3515 ἐπιγραφὴ
3090 3445 3230 3510 Περὶ
3268 3441 3378 3509 τῆς
3428 3441 3577 3509 πρὸς
3615 3440 3855 3504 Νικαεῖς
3890 3441 4025 3506 δμο-

2454 3536 2621 3599 νοίας
2653 3533 2770 3587 τῶν
2796 3532 3174 3603 Νικομηδέων
3207 3534 3351 3586 ἐστί’
3406 3535 3498 3585 καὶ
3530 3531 3717 3584 τοῦτον
3738 3532 4026 3600 ὑπέρχεται

2459 3627 2548 3677 τὸν
2586 3625 2771 3692 ἀγῶνα
2802 3626 2845 3656 ³⁸
2879 3626 2906 3675 6
2932 3626 3088 3691 λόγος
3124 3624 3393 3692 εὐκαίρως
3426 3623 3512 3675 διὰ
3543 3623 3639 3691 τῆς
3672 3622 3866 3690 ἡδονῆς
3889 3638 4022 3691 προ-

2458 3718 2831 3787 ενηνεγμένος·
2870 3717 3067 3785 μᾶλλον
3101 3715 3208 3787 γὰρ
3233 3715 3378 3768 οῦτω
3416 3718 3535 3779 ταῖς
3562 3715 3760 3783 ψυχαῖς
3780 3715 3840 3767 τὸ
3872 3715 4026 3765 πιθα-

2457 3810 2544 3862 νὸν
2583 3810 2756 3861 ἐθέλει
2812 3809 3065 3861 διαδύειν.
3103 3808 3205 3860 Τὸν
3261 3807 3316 3860 δὲ
3366 3809 3417 3859 B'
3479 3810 3572 3860 καὶ
3618 3810 3679 3859 Κ⁸
3726 3809 3785 3859 ὲν
3832 3807 4027 3876 Νικαὶα

2458 3901 2708 3971 εἰρῆσθαι
2735 3904 2767 3970 ἡ
2796 3901 3075 3971 ἐπιγραφὴ
3102 3901 3250 3970 δηλοῖ
3276 3901 3409 3966 Περὶ
3437 3902 3717 3968 ὁμονοίας
3742 3940 3757 3962 ,
3801 3916 4026 3952 πεπαυ-

2454 3990 2638 4059 μένης
2678 3989 2786 4055 τῆς
2823 3991 3093 4056 στάσεως
3120 4008 3133 4021 ⁸
3172 3992 3301 4043 αὑτὸ
3343 3992 3399 4043 δὲ
3450 3990 3609 4042 τοῦτο
3664 3991 3966 4059 διατίθησιν
3998 3989 4023 4039 6

2460 4085 2622 4151 ἀνὴρ,
2652 4082 2869 4135 ἔπαινον
2902 4082 2993 4134 τοῦ
3032 4084 3335 4149 γεγονότος.
3372 4081 3431 4134 '0
3490 4082 3546 4134 δὲ
3599 4082 3706 4134 Kl"
3736 4083 3877 4148 Περὶ
3921 4079 4025 4148 τῆς

2461 4173 2608 4239 πρὸς
2647 4170 2925 4240 Ἀπαμεῖς
2976 4173 3256 4240 ὁμονοίας
3294 4171 3506 4239 εἴρηται
3564 4173 3621 4223 ὲν
3676 4176 3739 4240 τῇ
3791 4171 4024 4240 πατρίδι,

2458 4263 2591 4313 αὐτὸ
2637 4261 2694 4312 δὲ
2741 4260 3126 4328 διαπράττεται
3173 4262 3349 4311 τοῦτο.
3403 4262 3510 4312 Καὶ
3543 4261 3570 4311 6
3604 4261 3799 4329 ἑφεξῆς
3825 4262 3880 4313 δὲ
3904 4262 4023 4329 περὶ

2460 4352 2709 4418 ὁμονοίας
2741 4352 2838 4418 τῆς
2874 4349 2918 4381 ³⁸
2944 4352 3078 4419 πρὸς
3102 4350 3225 4411 τοὺς
3251 4350 3547 4417 Προυσαεῖς
3578 4351 3885 4420 παρακαλεῖ
3911 4351 4025 4410 τοὺς

2473 4444 2777 4511 Ἀπαμέας.
2819 4443 2877 4494 ὐ
2900 4442 2955 4493 δὲ
2981 4442 3088 4494 KE'
3110 4440 3379 4505 Διάλεξίς
3401 4444 3547 4492 ἐστιν
3567 4442 3635 4493 ἐν
3660 4441 3734 4510 τῇ
3762 4442 4022 4509 πατρίδι·

791 4527 1035 4595 proxime
1067 4524 1314 4593 sequenti
1357 4523 1691 4590 Apamenses
1729 4523 1977 4575 hortatur
2018 4521 2083 4574 ad
2131 4536 2350 4575 concor-

2431 4568 2435 4596 ,
2461 4534 2683 4601 ἄγνοιαν
2704 4535 2761 4587 δὲ
2788 4533 3181 4586 ὑποπλάττεται
3204 4534 3300 4600 τῆς
3341 4534 3519 4596 αἰτίας
3553 4536 3580 4585 ὁ
3616 4534 3992 4612 διαλεγόμενος
4009 4575 4022 4594 ,

790 4618 932 4671 diam
962 4632 1083 4671 cum
1125 4613 1485 4667 Prusensibus
1512 4612 1821 4666 ineundam.
1858 4611 2025 4664 XXV.
2062 4613 2355 4680 Disputatio

788 4719 862 4762 est
893 4710 948 4760 in
980 4707 1232 4771 patriam.
1268 4703 1523 4774 Iguorare
1557 4718 1683 4757 vero
1720 4719 1777 4757 se
1823 4703 1975 4772 fingit
1999 4719 2219 4757 causam
2249 4704 2362 4772 ipse

790 4800 883 4869 qui
918 4802 1177 4868 disputat,
1212 4812 1310 4849 cur
1358 4796 1589 4848 libenter
1620 4810 1741 4847 eum
1777 4803 1832 4849 et
1876 4795 2067 4861 cupide
2121 4797 2361 4854 audiant.

2466 4626 2533 4677 δι’
2564 4627 2631 4695 ἣν
2663 4626 2826 4696 μηδὲν
2864 4626 3130 4695 χρήσιμον
3168 4624 3333 4676 αὐτοῦ
3376 4624 3485 4675 τῶν
3524 4624 3697 4691 λόγων
3729 4608 4024 4694 «906.3611;-

2473 4720 2648 4788 μένων
2680 4719 2850 4787 ἡδέως
2885 4719 2977 4769 καὶ
3019 4717 3307 4778 ποθοῦντες
3347 4717 3626 4769 ἀκούουσι.
3650 4712 4027 4781 Πολιτικὸςδέ

2470 4812 2585 4861 ἐστι
2610 4810 2687 4878 τῷ
2725 4810 2847 4875 KG"
2865 4812 2896 4879 ἡ
2916 4809 3211 4879 ἐπιγραφὴ,
3232 4808 3334 4862 Καὶ
3350 4810 3577 4876 εἴρηται
3605 4810 3668 4861 ὲν
3695 4808 3769 4875 τῇ
3800 4810 4023 4875 πατρίδι

792 4907 914 4945 cum
948 4890 1082 4944 nihil
1131 4888 1259 4941 utile
1285 4888 1452 4955 ipsius
1486 4886 1763 4940 orationes
1787 4898 2107 4953 proponant.
2137 4886 2350 4940 Potitia

2473 4900 2661 4970 ὥσπερ
2694 4902 2784 4953 καὶ
2812 4904 2838 4952 ὁ
2871 4902 3089 4969 ἐφεξῆς,
3130 4900 3572 4969 φιλοφρονητικὸς
3616 4901 3873 4969 ὑπάρχων
3901 4902 4025 4965 αὑτῇ

791 4984 987 5039 dehinc
1018 4982 1275 5050 inscripta
1306 4989 1390 5034 est
1412 4979 1666 5033 vicesima
1708 4988 1861 5032 sexta
1896 4981 2097 5045 oratio,
2130 4983 2357 5035 recitata

796 5078 847 5130 in
880 5078 1090 5146 patria:
1115 5073 1566 5145 quemadmodum
1596 5082 1651 5125 et
1671 5086 1792 5139 quae
1816 5073 2061 5140 proxime
2086 5075 2329 5141 sequitur
2351 5116 2364 5137 ,

796 5166 1173 5221 Benevolentiw
1224 5164 1520 5231 testiﬁcatio
1563 5163 1617 5214 in
1660 5164 1907 5229 patriam,
1935 5167 2077 5231 quod
2121 5180 2180 5220 se
2214 5168 2369 5219 bene-

798 5257 917 5312 volo
967 5273 1087 5312 eam
1148 5256 1329 5310 animo
1392 5264 1803 5323 prosequentem
1852 5256 2149 5312 honorifice
2218 5274 2368 5313 cxce-

796 5352 983 5419 pisset.
1031 5348 1281 5403 Succedit
1318 5348 1399 5400 his
1432 5346 1707 5413 Apologia.
1741 5364 1833 5399 seu
1881 5348 2143 5415 Defensio,
2176 5353 2239 5405 de
2266 5369 2365 5406 suo

2474 4993 2589 5045 ἀνθ’
2646 4987 2721 5044 ὧν
2793 4994 2979 5061 τιμαῖς
3037 4993 3127 5043 τὸν
3198 4991 3685 5060 φιλοφρονούμενον
3746 4990 4025 5055 ἐδεξιοῦτο.

2488 5085 2925 5153 Ἀπολογισμὸς
2957 5084 3083 5156 [556
3102 5084 3193 5155 8.]
3216 5084 3271 5136 δέ
3292 5086 3436 5135 ἐστιν
3466 5086 3493 5136 6
3512 5084 3627 5153 μετ’
3657 5085 3873 5149 αὐτοὺς,
3895 5085 4031 5141 ὅπως

2476 5175 2707 5227 διέκειτο
2735 5179 2868 5244 πρὸς
2899 5175 2997 5245 τὴν
3022 5176 3275 5243 πατρίδα.
3324 5176 3384 5225 '0
3417 5173 3473 5226 δὲ
3501 5174 3556 5226 Θ’
3578 5176 3672 5227 καὶ
3706 5177 3767 5227 ις’
3791 5176 3910 5243 Πρὸ
3936 5172 4031 5227 τοῦ

2476 5264 2834 5333 φιλοσοφεῖν
2862 5265 2977 5333 μὲν
3001 5264 3068 5316 ἐν
3088 5263 3161 5331 τῇ
3186 5261 3417 5329 πατρίδι
3445 5264 3828 5334 ἐπιγράφεται,
3854 5267 3972 5325 τοὺς
3994 5265 4030 5314 δ’

2477 5355 2932 5424 ἐπιχειρήσαντας
2975 5354 3293 5409 καταλεύειν
3318 5355 3479 5408 αὐτόν
3516 5374 3573 5408 τε
3609 5356 3701 5409 καὶ
3750 5358 3848 5408 σὺν
3896 5357 4031 5423 αύτιξι

2088 5463 2317 5517 \‘ARI/E
2360 5465 2758 5521 LECTIONES.

874 5559 915 5586 ⁵³
939 5557 1235 5622 ἀπέχεσθαι
1269 5568 1325 5614 ς.
1405 5552 1446 5581 ³⁸
1504 5555 1679 5604 αὐτῶν
1709 5559 1743 5605 Α
1784 5574 1791 5606 ;
1830 5556 1985 5606 αὐτὸς
2019 5574 2071 5616 τ.

801 5626 1021 5695 ἀγώνων
1052 5642 1134 5693 pr.
1174 5627 1234 5674 Λ.
1313 5622 1351 5652 ⁸⁸⁵
1380 5624 1471 5687 τῆς
1496 5625 1615 5674 add.
1644 5626 1705 5673 Δ.
2026 5630 2033 5633 “

2154 5560 2194 5586 ³⁸
2225 5560 2478 5618 Κελεναῖς
2537 5578 2595 5623 τ.

2676 5562 2716 5590 ³⁸
2748 5578 2803 5611 τε
2830 5561 2952 5613 add.
2994 5562 3052 5612 Λ.
3135 5563 3171 5589 ³⁷
3212 5556 3388 5631 οὗτοςι
3421 5562 3511 5613 καὶ
3550 5557 3700 5624 οὗτος
3735 5565 3798 5616 Α.
3880 5563 4035 5615 "tam

2311 5706 2536 5763 ROTAL

875 5812 1017 5881 (5-3)
1044 5811 1412 5866 Boristhenica
1444 5822 1603 5874 quam
1641 5809 1693 5859 in
1732 5804 1899 5871 patria
1941 5802 2199 5854 recitavit.
