4196 6442
763 386 867 451 68Ἷ

1862 391 2121 453 PHOTII
2160 387 2667 451 PATRIARCII/E
2706 387 2815 449 (ΞΡ.

3920 398 4021 463 688

770 503 821 555 in
858 501 1054 555 seriem
1087 501 1371 569 quamdam
1410 508 1568 568 atque
1594 501 1840 555 ordinem
1867 504 2142 559 meliorem
2180 504 2333 557 vide-

2445 502 2701 568 Χρυσηῒς
2731 500 2948 562 ἔπαινός
2978 500 3096 553 ἐστι
3124 502 3444 573 Χρυσηΐδος.
3492 503 3550 557 Ὀ
3571 506 3627 559 δὲ
3677 510 3813 577 Περὶ
3839 511 4020 574 βασι-

769 601 858 643 tur
893 592 1209 646 reformare.
1243 591 1487 661 Chryseis
1516 591 1667 659 [item
1695 594 1836 648 dicta
1866 594 2063 665 oratio]
2103 594 2337 647 laudatio

772 684 1087 753 Chryseidis
1106 693 1207 738 est.
1240 685 1314 737 De
1330 701 1485 753 regno
1504 700 1631 739 vero
1658 695 1709 739 et
1739 686 2018 755 tyrannide
2045 686 2243 746 oratio,
2272 687 2338 738 de

775 775 859 829 his
877 774 1004 841 ipsis
1021 774 1258 839 disserit,
1293 785 1349 828 ιιι
1380 786 1489 831 tres
1516 778 1770 846 deinceps
1790 786 2083 844 sequentes
2110 776 2183 829 De
2202 773 2337 827 For-

772 872 902 914 tuna
941 872 1126 930 gratas
1177 863 1335 915 simul
1388 879 1451 915 ac
1499 864 1902 932 phil050pliicas
1961 865 2339 917 meditationes

769 951 1045 1005 exhibent.
1075 951 1155 1005 Ad
1179 955 1426 1004 eumdem
1487 954 1727 1017 modum,
1755 968 1876 1022 qua:
1904 955 2001 1007 has
2038 953 2336 1022 excipiunt,

770 1042 990 1094 totidem
1040 1042 1114 1094 De
1141 1041 1310 1110 gloria
1356 1044 1667 1106 orationes,
1733 1047 1963 1098 suadent
2012 1054 2066 1097 et
2116 1054 2336 1097 monent

770 1136 1219 1187 contemnendam
1276 1150 1396 1190 esse
1447 1137 1864 1206 vulgi‘gloriatn
1904 1157 1917 1191 :
1959 1138 2046 1190 ubi
2101 1136 2339 1203 pulchra

768 1223 930 1277 simul
979 1236 1035 1278 et
1078 1226 1232 1278 utiles
1288 1226 1752 1283 considerationes
1816 1228 1957 1281 inter
2012 1228 2337 1281 hortandum

772 1317 1086 1373 miscentur.
1123 1316 1227 1370 LII.
1258 1317 1334 1372 De
1355 1320 1542 1372 virtute
1566 1331 1619 1373 et
1651 1320 1986 1381 inscribitur,
2010 1331 2063 1372 et
2098 1320 2337 1373 disserit.

772 1407 904 1462 LIII.
934 1408 1058 1477 Agit
1089 1409 1164 1462 De
1191 1410 1544 1478 philosophia,
1578 1423 1634 1465 ut
1667 1410 1800 1465 LIV.
1828 1411 1901 1463 De
1916 1411 2241 1477 philosopho.
2273 1412 2342 1463 At

773 1499 881 1556 LV.
916 1500 989 1554 De
1036 1503 1217 1555 habitu
1275 1504 1526 1571 cultuque
1580 1506 1816 1571 corporis
1853 1505 2131 1571 inscripta,
2184 1507 2342 1556 docet

772 1608 875 1643 non
910 1591 980 1645 ob
1025 1594 1258 1645 tunicam
1304 1610 1423 1648 mox
1472 1604 1527 1648 et
1598 1595 1812 1647 calceos
1865 1595 2334 1662 philosophorum,

773 1698 946 1750 neque
980 1684 1048 1737 ob
1108 1694 1385 1737 externam
1426 1686 1601 1740 cultus
1658 1686 1890 1752 speciem
1963 1686 2338 1754 philosophum

770 1788 1090 1841 quemquam
1132 1791 1252 1829 esse
1276 1775 1649 1841 iudicandum.
1707 1778 1845 1831 LVI.
1872 1778 1948 1830 De
1983 1780 2178 1845 fiducia
2211 1781 2336 1828 titti-

772 1867 877 1918 lum
908 1867 1161 1932 sortitur;
1192 1877 1457 1921 utcontra
1495 1870 1616 1921 huic
1647 1871 1890 1937 proxima
1922 1870 1993 1922 De
2013 1870 2331 1937 difﬁdentia.
2374 1843 2413 1897 Β

771 1960 1008 2014 Suadeut
1064 1965 1143 2015 lia:
1194 1962 1492 2015 cavendum
1552 1964 1636 2015 cui
1681 1964 1832 2026 lidas,
1880 1972 1972 2015 aut
2026 1973 2075 2015 te
2121 1972 2331 2027 credas;

771 2050 935 2103 neiis
968 2051 1207 2118 quidem,
1272 2051 1363 2118 qui
1414 2051 1496 2103 vel
1550 2052 1786 2103 maxime
1846 2064 2029 2103 amare
2064 2050 2331 2103 videntur.

770 2143 963 2197 Multos
995 2145 1136 2196 enim
1168 2142 1285 2195 aliis
1314 2142 1545 2197 conlisos
1581 2146 1632 2196 in
1682 2158 1933 2212 magnam
1962 2144 2215 2197 incidisse
2242 2158 2333 2195 ea—

772 2236 1064 2289 lamitatem
1104 2253 1118 2288 :
1157 2251 1279 2289 cum
1326 2234 1612 2289 difﬁdentia
1642 2234 1866 2288 munitis
1895 2234 2178 2288 manifesta
2203 2249 2336 2287 con—

773 2326 953 2395 tigerit
999 2326 1166 2380 salus.
1210 2328 1315 2378 Sed
1353 2327 1466 2379 lia‘e
1514 2328 1730 2395 quidem
1791 2327 1876 2380 illa
1923 2326 2000 2379 De
2052 2326 2338 2394 difﬁdentia

768 2419 966 2472 oratio.
996 2418 1315 2472 Praecedens
1347 2420 1489 2470 enim
1540 2420 1819 2481 edisserit,
1864 2418 2116 2471 tiduciam
2147 2432 2337 2486 magna

772 2522 828 2565 ut
858 2512 1144 2580 plurimum
1177 2510 1367 2580 168a
1400 2512 1591 2563 damna
1641 2511 2039 2565 conlidentibus
2067 2512 2335 2563 attulisse.

771 2606 1155 2673 Argumentum
1207 2603 1398 2655 deinde
1451 2602 1710 2655 orationis
1761 2601 1938 2654 LVIII.
1977 2602 2119 2671 quod
2183 2603 2340 2655 docet

774 2694 1073 2761 inscriptio,
1108 2692 1180 2745 De
1217 2695 1324 2761 lege
1359 2705 1462 2755 est,
1513 2702 1648 2745 utet
1695 2695 2033 2759 insequentis
2082 2694 2215 2745 LIX.
2268 2693 2339 2746 De

771 2788 1141 2838 consuetudine
1179 2802 1191 2837 :
1224 2800 1383 2851 quam
1430 2785 1646 2851 quidem
1686 2784 2019 2835 tantumdem
2058 2792 2336 2849 praestare,

768 2888 1029 2945 quantum
1063 2876 1145 2928 lex
1195 2876 1350 2935 solet,
1385 2876 1641 2936 ostendit,
1687 2879 1782 2927 sed
1816 2892 1936 2929 cum
1983 2878 2259 2942 voluptate
2291 2874 2339 2925 id

770 2967 949 3033 potius
981 2977 1143 3031 atque
1174 2967 1510 3026 inductione,
1546 2982 1705 3034 quam
1738 2968 1825 3029 vi,
1872 2966 2146 3034 multoque.
2186 2981 2340 3019 seen-

770 3059 903 3109 rins.
930 3057 1053 3109 Duas
1085 3071 1212 3110 vero
1246 3058 1545 3118 orationes,
1580 3074 1697 3125 quin
1724 3070 2046 3125 sequuntur,
2086 3059 2157 3110 De
2204 3059 2339 3112 invi-

2438 592 2605 656 λείας
2648 592 2745 644 καὶ
2805 592 3155 658 τυραννίδος
3214 595 3345 664 περὶ
3401 597 3581 648 αὐτῶν
3630 600 3839 653 τούτων
3899 603 4020 655 δια-

2439 682 2724 751 λαμϐάνει.
2769 686 2877 735 Καὶ
2924 686 2970 736 οἱ
3025 685 3225 753 ἐφεξῆς
3265 687 3322 739 δὲ
3375 687 3423 754 γ’
3466 690 3605 757 Περὶ
3633 692 3821 758 τύχης
3873 694 4022 760 λόγοι

2438 775 2697 845 χαρίεντά
2724 792 2843 829 τινα
2857 776 2950 827 καὶ
2967 776 3285 845 φιλοσοφίας
3308 780 3421 848 ἅμα
3446 781 3677 849 ἐχόμενα
3695 782 4023 854 θεωρήματα

2438 870 2812 923 διατυποῦσιν.
2883 870 3158 932 Ὡσαύτως
3206 872 3300 924 καὶ
3341 874 3390 925 oi
3437 874 3575 942 μετὰ
3603 874 3828 938 τούτους
3881 878 4020 944 Περὶ

2439 960 2625 1026 δόξης
2654 967 2700 1027 γ’
2724 962 2871 1027 λόγοι
2894 961 3429 1029 συμϐουλεύουσικαὶ
3457 965 3783 1033 παραινοῦσι
3819 969 4024 1037 μηδένα

2439 1051 2594 1119 λόγον
2627 1056 2726 1123 τῆς
2749 1055 2856 1105 τῶν
2886 1053 3095 1106 πολλῶν
3114 1055 3271 1123 δόξης
3300 1056 3575 1110 ποιεῖσθαι
3600 1074 3615 1089 ·
3649 1059 3788 1111 καλὰ
3816 1060 3874 1113 δὲ
3930 1064 4025 1113 καὶ

2438 1145 2689 1214 ὠφέλιμα
2718 1148 2785 1215 τῇ
2820 1147 3141 1216 παραινέσει
3176 1147 3624 1203 συνδιαπλέκεται
3663 1150 4021 1221 θεωρήματα.

2442 1238 2567 1307 [557
2596 1236 2687 1307 IL]
2731 1236 2791 1290 '0
2813 1238 2869 1290 δὲ
2902 1236 3005 1290 NB'
3026 1239 3162 1306 Περὶ
3185 1238 3404 1307 ἀρετῆς
3427 1244 3521 1293 καὶ
3542 1243 3914 1312 ἐπιγράφεται
3932 1249 4027 1297 καὶ

2440 1331 2595 1383 δίεισι
2631 1332 2696 1385 ⁵ο.
2729 1332 2866 1399 Περὶ
2891 1334 3255 1401 φιλοσοφίας
3279 1334 3332 1385 δέ
3374 1338 3518 1388 ἐστιν
3546 1338 3574 1387 6
3609 1337 3660 1388 I‘
3688 1337 3781 1388 καὶ
3817 1338 3901 1392 Ν’.
3968 1340 4025 1389 ’0

2439 1423 2497 1473 δὲ
2555 1424 2597 1453 δι
2653 1421 2755 1474 NA’
2791 1425 2929 1491 Περὶ
2977 1423 3085 1477 τοῦ
3123 1428 3482 1494 φιλοσόφου.
3530 1428 3587 1480 Ὀ
3632 1428 3688 1480 δέ
3715 1426 3769 1480 Ε¹
3796 1431 3891 1481 καί
3940 1429 4023 1493 Ν,

2440 1513 2577 1578 Περὶ
2612 1514 2717 1566 τοῦ
2748 1514 3059 1582 σχήματος
3093 1518 3599 1586 ἐπιγεγραμμένος,
3636 1518 3910 1572 δείκνυσιν
3951 1521 4025 1581 ὡς

2442 1605 2502 1656 ού
2529 1604 2716 1671 χιτῶνι
2760 1607 2851 1657 καὶ
2879 1606 3186 1675 ὑποδήματι
3220 1608 3523 1674 φιλοσόφων
3551 1612 3580 1661 6
3614 1628 4024 1680 κατεσχηματι-

2445 1696 2696 1764 σμένος⁸¹
2728 1697 2851 1767 ήδη,
2883 1699 2977 1750 καὶ
2996 1698 3087 1750 τὸν
3114 1698 3226 1767 βίον
3252 1699 3542 1768 φιλόσοφός
3575 1704 3742 1755 ἐστιν.
3788 1704 3848 1755 '0
3876 1703 3932 1755 δέ
3956 1702 4025 1769 ς’

2442 1788 2536 1837 καὶ
2560 1788 2642 1853 Ν’,
2661 1790 2797 1855 Περὶ
2813 1790 3070 1853 πίστεως
3085 1792 3399 1861 ἐπιγραφῆς
3418 1790 3614 1862 τυχὼν,
3635 1794 3725 1845 καὶ
3751 1794 3779 1845 6
3797 1793 4019 1863 ἐφεξῆςν

2445 1877 2583 1945 Περὶ
2655 1879 2979 1944 ἀπιστίας,
3036 1882 3437 1950 προτρέπονται
3513 1884 3887 1951 φυλάσσεσθαι
3965 1887 4027 1937 τὸ

2445 1968 2666 2040 θαρρεῖν
2706 1971 2797 2024 καὶ
2845 1974 3269 2025 καταπιστεύειν
3311 1976 3546 2039 καὶτοῖς
3577 1975 3814 2044 μάλιστα
3854 1977 4026 2045 φιλεῖν

2447 2058 2664 2112 δοκοῦσι
2692 2074 2705 2089 °
2737 2060 2951 2125 πολλοῖς
2982 2062 3089 2133 γὰρ
3113 2065 3436 2119 πιστεύσασι
3470 2067 3566 2134 μὲν
3607 2067 3821 2137 μεγάλη
3848 2069 4025 2137 ἀπήν-

2443 2166 2575 2221 τησε
2646 2154 2921 2224 συμφορὰ,
2981 2156 3208 2227 ἀπιστίᾳ
3256 2158 3313 2209 δέ
3373 2161 3740 2227 φραξαμένοις
3796 2160 4028 2230 λαμπρά

2445 2242 2765 2311 περιγέγονε
2785 2246 3050 2316 σωτηρία.
3076 2247 3235 2301 Ἀλλὰ
3249 2249 3423 2303 ταῦτα
3437 2253 3533 2320 μὲν
3549 2254 3576 2304 6
3594 2252 3728 2319 Περὶ
3744 2251 4027 2315 ἀπιστίας

2445 2334 2602 2401 λόγος
2625 2352 2638 2363 “
2657 2336 2751 2389 ὀδέ
2782 2337 2888 2407 πρὸ
2909 2338 3071 2391 αὐτοῦ
3091 2340 3343 2404 διέξεισιν
3368 2343 3440 2404 ὡς
3462 2348 3554 2398 καὶ
3583 2345 3643 2398 τὸ
3672 2347 4027 2403 πιστεύεσθαι

2447 2423 2521 2487 ὡς
2556 2426 2763 2479 ἐπίπαν
2817 2431 3029 2498 μεγάλα
3054 2433 3182 2494 τοὺς
3237 2436 3661 2503 πιστευομένους
3694 2440 4025 2509 ἐζημίωσεν.

2460 2515 2525 2568 Ἦ
2555 2516 2599 2569 δ’
2628 2508 2881 2584 ὑπὸθεσις
2916 2523 3009 2575 τοῦ
3060 2525 3169 2576 ΝΗ¹
3218 2525 3402 2592 λόγου,
3457 2528 3641 2599 ὥσπερ
3692 2531 3787 2582 καὶ
3830 2532 3865 2601 ἡ
3914 2535 4030 2583 ἐπι-

2449 2610 2661 2679 γραφὴ,
2694 2612 2830 2677 Περὶ
2859 2613 3046 2680 νόμον
3076 2616 3219 2667 ἐστίν
3244 2633 3257 2646 ο
3306 2617 3381 2679 ὡς
3406 2619 3497 2669 καὶ
3527 2621 3559 2688 ἡ
3593 2619 3686 2672 τοῦ
3738 2621 3846 2672 ΝΘ’
3890 2625 4027 2689 Περὶ

2448 2697 2646 2764 ἔθους,
2675 2701 2703 2751 6
2733 2702 2990 2771 πράττειν
3016 2705 3113 2773 μὲν
3142 2706 3240 2759 ὅσα
3263 2709 3291 2759 6
3320 2710 3482 2778 νόμος
3507 2709 3881 2778 ἀποδείκνυσι,
3910 2715 4029 2782 μεθ’

2449 2788 2642 2859 ἡδονῆς
2674 2792 2730 2843 δέ
2768 2794 2863 2846 καὶ
2902 2794 3126 2858 πειθοῦς
3175 2797 3375 2865 μᾶλλον
3420 2798 3549 2870 [9.77
3582 2799 3675 2871 IL]
3701 2801 3733 2870 ἦ
3761 2801 3902 2870 βίας,
3937 2806 4028 2856 καί

2450 2882 2871 2953 ἀσφαλέστερον.
2904 2886 3005 2938 Δύο
3032 2887 3087 2939 δὲ
3119 2890 3167 2939 οἱ
3216 2889 3413 2956 ἐφεξῆς
3459 2891 3598 2958 Περὶ
3637 2894 3867 2961 φθόνου
3918 2895 4029 2947 δια-

2449 2972 2821 3041 λαμϐάνουσι,
2881 2980 2973 3030 καὶ
3022 2979 3050 3029 6
3109 2980 3159 3029 B'
3214 2981 3309 3032 καὶ
3353 2982 3405 3033 Ξ¹
3453 2984 3591 3050 Περὶ
3639 2986 3932 3050 πλούτου,
3970 2988 4027 3037 τὸ

2449 3065 2679 3134 ὀχληρὸν
2711 3068 2875 3119 αὑτοῦ
2900 3071 2991 3121 xui.
3017 3070 3301 3121 ἐπίϐουλον
3333 3073 3683 3140 στηλιτεύων,
3724 3078 3814 3127 καὶ
3850 3077 4029 3145 πολλῷ

768 3149 856 3198 dia
889 3158 1075 3213 agunt,
1115 3158 1170 3199 ut
1224 3146 1384 3199 LXII.
1427 3148 1497 3200 De
1540 3150 1760 3210 diuitiis,
1806 3165 2028 3215 quarum
2068 3149 2341 3201 molestias

2452 3153 2897 3227 λυσιτελεστέραν
2937 3160 3101 3212 αὐτοῦ
3133 3162 3413 3230 παριστῶν
3458 3165 3557 3231 τὴν
3585 3166 3724 3231 μετὰ
3750 3167 4027 3219 δικαιοσύ-

772 3250 931 3306 atque
958 3244 1179 3294 insidias
1215 3244 1283 3293 ita
1319 3244 1569 3294 Omnibus
1603 3254 1757 3295 notas
1789 3244 1938 3305 facit,
1982 3254 2039 3294 ut
2063 3242 2341 3294 utiliorem

773 3337 925 3401 longe
985 3348 1103 3385 esse
1160 3344 1363 3386 Statuut
1417 3336 1627 3399 justitiu
1677 3337 1983 3386 couiitatam
2056 3345 2344 3401 pauperta-

775 3442 902 3480 tetn.
938 3425 1121 3479 LXIII.
1156 3425 1300 3478 Inter
1348 3425 1541 3479 Cilicas
1570 3428 1845 3479 oratiOnes
1886 3426 1959 3478 De
1981 3426 2220 3478 libertate
2255 3428 2348 3477 lia-

772 3519 879 3570 bita
911 3518 1250 3572 inscribitur.
1290 3516 1443 3569 Illum
1485 3517 1561 3585 (6)
1599 3527 1778 3570 autem
1832 3518 2055 3570 liberum
2106 3534 2347 3588 pronun-

772 3612 888 3673 tiat,
924 3612 1012 3674 qui
1046 3623 1267 3662 suarum
1323 3610 1391 3661 sit
1425 3611 1672 3662 dominus
1704 3610 2188 3677 perturbationum.
2218 3610 2347 3664 alle-

770 3704 1117 3770 etionutnque
1150 3703 1339 3763 animi,
1371 3704 1582 3754 tametsi
1613 3703 1754 3754 mille
1792 3703 1907 3769 ejus
1932 3704 2143 3771 corpori
2176 3705 2345 3773 impe-

774 3804 891 3847 rent
917 3795 1156 3859 domini;
1201 3793 1347 3847 illum
1380 3806 1563 3847 contra
1599 3811 1855 3859 servum,
1904 3796 1995 3863 qui
2044 3797 2200 3849 malis
2236 3799 2348 3851 suis

774 3898 969 3951 parens
989 3882 1384 3948 all‘ectiouibus,
1412 3887 1728 3937 servitutem
1758 3887 1981 3951 serviat,
2009 3886 2133 3939 licet
2160 3888 2346 3940 mundi

773 3973 935 4025 totius
967 3974 1248 4041 imperium
1298 3982 1483 4025 tenere
1536 3975 1803 4027 videatur.
1836 3976 2006 4039 Quam
2040 3978 2091 4029 in
2129 3980 2341 4030 senten-

772 4064 897 4115 tiam
931 4066 1267 4132 subsequens
1320 4081 1536 4130 quoque
1591 4068 1831 4130 disserit,
1892 4066 1968 4120 De
2011 4070 2258 4120 servitute
2300 4080 2345 4121 et

770 4154 1006 4206 libertate
1026 4153 1282 4222 inscripta
1306 4171 1318 4206 :
1342 4165 1399 4205 ut
1417 4167 1737 4224 etsequens,
1754 4172 1874 4225 qua:
1898 4156 1971 4209 De
1994 4159 2151 4210 servis
2178 4159 2345 4210 altera

772 4256 872 4299 est.
919 4244 1054 4299 lIinc
1086 4246 1159 4298 De
1182 4248 1515 4313 tegritudine,
1573 4250 1822 4301 hortatur
1852 4264 1955 4301 non
1988 4258 2239 4315 eportere
2270 4250 2346 4301 vi-

774 4353 890 4389 rum
942 4352 1260 4405 generosum
1296 4354 1357 4390 ac
1391 4340 1705 4404 prudentem
1744 4340 1883 4391 vinci
1934 4350 2025 4391 aut
2059 4341 2345 4408 perturba-

774 4429 905 4480 tioni
939 4430 1312 4491 succumbere,
1382 4430 1474 4481 sed
1508 4438 1858 4483 contemnere
1915 4432 2112 4498 potius,
2183 4440 2343 4497 atque

2449 3262 2550 3313 νης
2601 3249 2812 3301 πενίαν.
2878 3251 2938 3300 '0
2967 3252 3021 3302 δὲ
3085 3252 3256 3305 Γκαὶ
3311 3254 3363 3305 Ξ⁰
3388 3257 3755 3326 ἐπιγράφεται
3820 3258 3932 3311 τῶν
3972 3262 4026 3311 ἐν

2450 3334 2674 3404 Κιλικίᾳ.
2722 3339 2861 3405 Περὶ
2940 3340 3317 3409 ἐλευθερίας,
3366 3347 3571 3398 ἐκεῖνον
3627 3348 3683 3399 δέ
3746 3348 4028 3421 ἐλεύθερον

2450 3430 2715 3497 παριστᾷ,
2769 3429 2824 3490 6;
2870 3431 2979 3481 τῶν
3016 3434 3073 3483 ἐν
3114 3435 3261 3502 αύτῷ
3309 3436 3495 3503 κύριος
3539 3439 3623 3507 εἴη
3678 3440 3891 3505 παθῶν,
3932 3442 4026 3494 κᾶν

2453 3519 2635 3586 μυρίοι
2668 3520 2864 3583 ἐξωθεν
2890 3522 3051 3574 αὐτοῦ
3085 3525 3177 3575 τοῦ
3217 3526 3468 3594 σώματος
3494 3523 3594 3581 ὦσι
3627 3531 3913 3595 δεσπόται,
3937 3536 4028 3588 x1".

2448 3609 2633 3660 δοῦλον
2689 3612 2914 3675 ἐκεῖνον,
2973 3616 3028 3676 6;
3077 3617 3407 3685 ἀνλῖράποδὸν
3463 3623 3575 3673 ἐστι
3603 3623 3814 3687 παθών,
3854 3628 3906 3679 ει
3941 3631 4029 3679 καὶ

2454 3703 2749 3771 συμπάσης
2780 3706 2823 3737 ⁵³
2864 3706 3049 3775 ἄρχειν
3081 3710 3176 3777 τῆς
3208 3711 3532 3782 οἰκουμένης
3568 3715 3734 3768 δοκεῖ.
3787 3719 3881 3780 Εἰς
3936 3720 4028 3786 τὴν

2451 3793 2621 3860 αὐτὴν
2669 3793 2713 3844 δ’
2770 3797 3100 3867 ἀναφέρεται
3149 3802 3386 3853 διάνοιαν
3427 3806 3518 3855 καὶ
3549 3806 3575 3856 ὁ
3615 3807 3836 3876 ἐφεξῆς,
3893 3810 4026 3876 [Isti

2447 3882 2727 3951 δουλείας
2763 3890 2861 3940 καὶ
2917 3892 3258 3959 ἐλευθερίας
3292 3899 3602 3968 ἐπιγραφὴν
3631 3899 3770 3968 ἔχων
3800 3918 3812 3930 ·
3840 3901 4025 3971 ὥσπερ

2448 3978 2539 4024 καὶ
2574 3978 2600 4027 ὁ
2634 3977 2829 4047 ἐφεξῆς
2852 3981 3100 4050 δεύτερος
3131 3987 3267 4051 Περὶ
3314 3987 3547 4041 δούλων
3575 3990 3668 4044 ῶν.
3706 3994 3818 4045 Καὶ
3858 3997 3887 4047 6
3912 3996 4024 4063 μετ’

2446 4064 2608 4115 αὐτὸν
2642 4066 2719 4128 δὲ,
2756 4069 2894 4135 Περὶ
2921 4072 3140 4136 λύπης,
3173 4074 3247 4135 ὡς
3281 4077 3341 4127 οὐ
3378 4079 3480 4146 χρὴ
3528 4085 3909 4148 παρεγγυᾶται
3937 4085 4025 4135 τὸν

2447 4160 2693 4220 γενναῖον
2729 4158 2823 4209 καὶ
2848 4160 2969 4212 νοῦν
2994 4162 3181 4231 ἔχοντα
3214 4164 3381 4235 ἄνδρα
3406 4170 3930 4225 ὑποκατακλίνεσθαι
3952 4174 4023 4242 τῷ

2446 4246 2628 4307 πάθει,
2665 4253 2923 4319 περιορᾷν
2953 4251 3009 4303 δὲ
3046 4254 3245 4321 μᾶλλον
3277 4260 3369 4309 καὶ
3391 4260 3805 4329 ἀποτρίϐεσθαι.
3866 4265 3972 4317 Καὶ
3995 4268 4022 4316 6

2444 4337 2583 4402 Περὶ
2652 4341 3031 4406 πλεονεξίας,
3086 4346 3138 4395 Z'
3176 4347 3268 4397 καὶ
3300 4348 3351 4398 Ξ¹
3384 4348 3429 4377 ⁸⁸
3459 4349 3553 4412 ὢν,
3611 4352 4018 4421 ἀποτρέπεσθαι

2443 4429 2647 4497 ταύτην
2678 4434 2984 4502 παρεγγυᾷ.
3035 4436 3141 4487 Καὶ
3174 4440 3201 4487 6
3231 4438 3355 4501 EH',
3386 4441 3574 4511 ὥσπερ
3619 4446 4021 4515 ἐπιγέγραπται

770 4521 1036 4571 obterere.
1072 4516 1283 4570 LXVII.
1326 4518 1396 4570 De
1441 4520 1671 4571 avaritia
1714 4519 2004 4583 inscripta,
2036 4520 2210 4571 vitare
2242 4520 2341 4570 hoc

2448 4520 2585 4585 Περὶ
2643 4522 2828 4589 λόγου
2884 4525 2979 4576 καὶ
3026 4527 3380 4595 ἀσκήσεως,
3445 4534 3700 4604 τοιαύτην
3765 4539 3865 4590 καὶ
3928 4538 4022 4608 τὴν

769 4610 970 4662 malum
999 4610 1169 4675 jubet.
1202 4607 1428 4661 LXVIII.
1478 4612 1652 4661 oratio
1706 4609 1915 4661 titulum
1968 4608 2226 4675 praefert:
2266 4607 2337 4658 De

773 4707 896 4754 bene
923 4701 1132 4753 dicendi
1168 4701 1439 4761 exercitio,
1471 4712 1635 4767 atque
1667 4702 1765 4753 hoc
1797 4702 1933 4753 idem
1963 4710 2337 4769 argumentum

772 4794 1029 4860 suggerit.
1080 4790 1195 4844 Mox
1250 4790 1437 4843 LXIX.
1490 4793 1599 4859 agit
1646 4791 2066 4858 inscribiturque
2125 4789 2202 4841 De
2245 4807 2342 4841 sua

773 4880 957 4954 [alios]
984 4884 1232 4935 audiendi
1252 4883 1562 4949 cupiditate.
1582 4882 2004 4951 Septuagesimze
2026 4883 2213 4934 titulus
2234 4893 2341 4941 est,

773 4975 846 5027 lle
878 4991 1101 5037 secessu,
1128 4979 1391 5042 docetque
1442 4992 1545 5027 non
1587 4976 1700 5028 loca
1739 4975 1848 5027 sola
1897 4977 2175 5038 sectando,
2221 4992 2341 5027 mox

770 5064 935 5117 etiam
966 5065 1190 5116 vitiosas
1238 5067 1401 5115 aninn
1452 5064 1787 5126 allectiones,
1820 5079 1883 5115 ac
1916 5064 2036 5116 vita:
2081 5066 2341 5117 tumultus

772 5156 952 5219 vitari,
980 5156 1073 5209 sed
1098 5160 1163 5208 ad
1198 5158 1433 5223 seipsum
1468 5171 1587 5209 sese
1605 5158 1991 5219 eonvertendo,
2042 5166 2095 5208 et
2143 5160 2209 5210 ad
2258 5158 2339 5211 sui

772 5248 1133 5316 cognitionem
1170 5247 1563 5306 contendendo,
1621 5247 1838 5299 aliunde
1870 5247 2177 5299 accedentis
2213 5249 2336 5300 ntali

2446 4614 2699 4665 ὑπόθεσιν
2728 4615 3033 4670 ὑποϐάλλει.
3076 4621 3213 4687 Περὶ
3261 4622 3315 4673 δὲ
3359 4622 3467 4690 τῆς
3494 4628 3679 4680 αὐτοῦ
3704 4632 4022 4696 φιληκοΐας

2446 4702 2595 4755 δΞΘ’
2651 4706 2746 4786 καὶ
2795 4709 3157 4776 ἐπιγράφεται
3208 4713 3300 4763 καὶ
3333 4714 3709 4785 διαλαμϐάνει.
3762 4720 3820 4773 ’0
3870 4722 3927 4774 δὲ
3973 4729 4021 4773 υ¹

2450 4796 2760 4865 ἐπιγραφῆς
2786 4798 2883 4865 μὲν
2907 4802 3041 4867 Περὶ
3081 4802 3517 4874 ἀναχωρήσεως
3546 4811 3825 4878 τυγχάνει,
3859 4831 4021 4882 κατα-

2452 4886 2707 4948 σκευάζει
2738 4889 2792 4939 δέ
2826 4890 2899 4952 ὡς
2931 4893 3049 4960 οὐχὶ
3079 4895 3138 4944 τὸ
3168 4896 3265 4958 τὰς
3298 4898 3536 4966 ἐρήμους
3565 4901 3781 4954 διώκειν
3812 4905 4019 4974 ἀναχώ-

2456 4980 2610 5046 ρησίς
2637 4982 2751 5031 ἐστι
2780 4982 2969 5056 παθῷν
2998 4992 3093 5037 καὶ
3123 4988 3227 5038 τῶν
3262 4990 3322 5039 ἐν
3353 4989 3451 5060 βίῳ
3479 4991 3740 5061 θορύϐων,
3773 4995 3911 5047 ἀλλὰ
3965 4998 4019 5047 τὸ

2451 5072 2529 5129 εἰς
2563 5072 2753 5123 ἐαυτὸν
2784 5076 3155 5145 ἐπεστράφθαι
3186 5082 3279 5131 καὶ
3299 5082 3547 5134 σπεύδειν
3572 5084 3776 5151 γνῶναι
3810 5088 4016 5151 ἑαυτὸν,

2450 5163 2546 5230 τῆς
2575 5164 2685 5215 ἀπὸ
2710 5166 2817 5218 τῶν
2835 5167 3006 5221 ἄλλων
3035 5172 3230 5235 κακίας
3251 5174 3298 5205 ⁵³
3322 5175 3603 5244 φορολίγον
3632 5178 3824 5247 ἔχοντα
3844 5180 4014 5246 λόγον.

2450 5257 2585 5322 Περὶ
2628 5256 2896 5322 κάλλους
2944 5261 2999 5311 δέ
3051 5264 3078 5313 6
3140 5264 3276 5330 μετὰ
3304 5264 3491 5318 τοῦτον
3536 5267 3710 5336 λόγος,
3752 5269 3813 5322 ὃν
3846 5273 4019 5338 ἐπιγέ-

2065 5363 2293 5418 unus
2328 5366 2761 5449 Leontinus,

847 5481 893 5511 ”
923 5481 1142 5544 διέξεισι
1203 5484 1570 5550 apographum
1636 5483 1894 5547 Stephani

1954 5501 1966 5535 :
2005 5485 2333 5561 ‘SedAgthw
2399 5498 2480 5561 est
2536 5491 2697 5545 etiam
2754 5510 2805 5561 p.
2877 5496 2977 5549 I66
3016 5514 3047 5548 a
3102 5510 3153 5551 et
3188 5500 3272 5553 It).
3304 5502 3330 5553 ί)
3361 5503 3450 5557 ει.

3538 5505 4019 5563 ⁸¹ὀδέΑτκα“νό

772 5551 952 5643 ξένε·
1016 5554 1941 5643 Αῖτκσξτεσιῑιιξέιξξςξιένξῖἑξηέῆὶ
1967 5554 2225 5643 sive?!
2259 5556 2433 5643 οὐ
2469 5551 3029 5643 κατεσκημὶτισμένφ
3084 5551 3318 5643 esse!
3363 5551 3635 5643 ῖῖπάσηὲ
3826 5551 4012 5643 his?

772 5639 829 5673 π.
862 5622 950 5675 πλ.
1011 5622 1086 5675 ὢν
1132 5640 1191 5685 ς.

1272 5625 1315 5654 ⁵³
1362 5625 1556 5677 κακίας
1612 5624 1921 5692 φορολίγονι
1960 5625 2253 5693 συμφορῶν
2279 5626 2355 5676 ὀλέ

2445 5624 2749 5687 teorr."A":
2784 5624 3015 5702 pr.'om'.
3050 5624 3265 5691 κακίαεί

2289 5721 2519 5778 NOTAE.

841 5809 1133 5871 (6)Cicero
1177 5814 1227 5863 in
1265 5812 1586 5877 I’aradoxis,
1625 5825 1676 5867 ct
1726 5812 1879 5867 I’ltilo
1913 5814 2127 5869 Judznns
2178 5830 2337 5885 atque
2374 5819 2643 5875 llnrulins.
