4196 6442
232 401 339 465 689

1210 408 1723 469 BIBLIOTIIECA.
1760 435 1824 444 —
1854 411 2065 471 CODD.
2096 412 2255 483 CCX,
2286 414 2474 472 CCXI.

3280 417 3449 478 <θω

230 532 480 582 γραπται
528 515 746 586 ⁴τρόπον,
809 520 901 571 τὸν
954 519 1116 574 αὐτὸν
1170 524 1261 576 καὶ
1311 525 1440 593 περὶ
1510 527 1789 579 νεανίσκου
1826 532 1867 586 Α

1826 532 1867 586 Α
1896 529 2088 597 exigua
2132 529 2212 596 (7)
2242 530 2458 583 interim
2506 530 2687 584 habita
2736 530 2962 585 ratione.
2996 529 3243 585 Proxima
3278 542 3337 588 ut
3365 544 3450 590 est

228 605 488 670 διέξεισιν
511 621 525 635 ⁸
558 607 616 658 ἐν
650 599 696 673 ᾧ
742 607 821 670 ὡς
851 610 911 661 οὑ
941 610 1091 679 παρὰ
1113 612 1276 663 πᾶσιν
1325 612 1631 669 ἔθνεσιηκαὶ
1662 615 1794 685 βαρ-

227 695 424 763 ὀάροις
468 695 531 747 τὸ
591 697 724 749 αὐτὸ
778 699 1052 766 νομίζεται
1116 700 1330 764 κᾶλλος.
1368 703 1494 757 ἄλλο
1550 707 1607 757 δὲ
1665 708 1794 775 παρ’

227 784 412 847 ἄλλοις
438 786 583 853 νικᾷ.
626 786 684 839 ’0
712 787 769 838 δὲ
806 788 903 841 OB’
932 790 1067 856 Περὶ
1098 792 1340 858 εἰρήνης
1392 797 1487 847 καὶ
1529 796 1796 864 πολέμου

224 878 325 941 τήν
374 890 436 925 τε
482 876 790 945 ἐπιγραφὴν
823 879 1189 946 προϐάλλεται
1213 884 1303 934 καὶ
1334 884 1703 953 διαλαμόάνει.
1740 886 1795 938 '0

224 961 280 1011 δὲ
330 960 387 1010 Γ¹
436 960 530 1012 καὶ
576 962 654 1023 Ο’,
709 965 833 1015 Ὀτι
870 966 1160 1033 εὐδαίμων
1188 971 1219 1021 ό
1246 972 1454 1037 σοφός.
1506 974 1609 1023 Καὶ
1654 975 1682 1023 6
1711 964 1796 1023 ἐπ’

224 1049 378 1118 αὐτῷ
402 1050 545 1117 Περὶ
571 1052 962 1122 εὐδαιμονίας.
1001 1058 1057 1111 Ὀ
1090 1059 1144 1111 δὲ
1169 1062 1259 1112 ἐπὶ
1286 1062 1490 1123 τούτοις
1514 1064 1649 1131 Περὶ
1682 1063 1786 1116 τοῦ

226 1140 517 1209 δαίμονος
547 1160 559 1173 ·
594 1145 848 1213 δαίμονας
900 1148 954 1201 δὲ
999 1150 1151 1202 καλεῖ
1198 1153 1321 1215 τοὺς
1376 1154 1489 1205 ὅσοι
1545 1155 1794 1222 λαχόντες

226 1232 422 1299 ἄρχειν
454 1234 499 1263 ⁸⁸
529 1235 726 1303 ἑτέρων
754 1237 971 1306 ἄμεινον
993 1242 1247 1308 πράττειν
1296 1244 1420 1303 τοὺς
1460 1245 1794 1312 ἀρχομένους

226 1323 258 1388 ἢ
319 1325 416 1374 καὶ
470 1328 645 1394 χεῖρον
703 1333 1217 1398 συμμετεσκεύασαν
1274 1336 1339 1385 ⁸⁷.
1396 1336 1529 1401 Περὶ
1585 1338 1641 1389 δὲ
1688 1338 1792 1391 τοῦ

226 1413 632 1475 βουλεύεσθαι
670 1420 696 1470 6
729 1422 795 1483 ς’
818 1419 913 1471 καὶ
942 1425 995 1472 0'
1023 1422 1393 1492 διαλαμϐάνει.
1439 1425 1495 1477 ’0
1525 1426 1578 1477 δὲ
1604 1428 1655 1479 Ζ¹
1702 1429 1793 1478 καὶ

226 1509 305 1567 0',
334 1506 611 1573 Διατριόὴ
632 1511 763 1576 περί
792 1511 908 1563 τῶν
927 1513 1330 1581 ἐνσυμποσίφ
1359 1516 1452 1585 τὴν
1485 1518 1793 1586 ἐπιγραφὴν

227 1597 619 1665 πεποιημένος,
680 1602 799 1653 τινὰ
854 1603 961 1654 τῶν
1002 1606 1060 1655 ὲν
1118 1606 1267 1675 αὐτῷ
1314 1606 1529 1669 διέξεισι
1588 1625 1788 1677 συμπι-

227 1685 494 1750 πτόντων,
534 1691 627 1742 καὶ
652 1689 723 1748 ὼς
750 1693 777 1744 6
820 1694 981 1754 πολὺς
1012 1694 1294 1762 ἄνθρωπος
1329 1698 1624 1766 τηνικαῦτα
1660 1699 1790 1768 πρὸς

226 1777 550 1844 φιλοσοφίαν
583 1782 712 1850 ὁρᾷν
752 1782 960 1846 εἴωθεν,
1003 1786 1162 1853 ἡνίκα
1204 1789 1413 1840 αὑτοῦὸ
1465 1789 1576 1859 βίος
1613 1790 1786 1852 ἀνίαις

225 1871 595 1938 περιῤῥείται.
646 1872 703 1925 'U
761 1874 815 1927 δὲ
872 1877 934 1927 H'
982 1878 1073 1929 καὶ
1119 1880 1175 1930 0’
1214 1880 1308 1931 καὶ
1364 1880 1393 1931 6
1450 1882 1563 1950 μετ’
1608 1882 1787 1943 αὑτὸν,
1820 1872 1863 1930 Β

222 1963 621 2030 Μελαγκόμας
667 1972 719 2017 α’
752 1966 851 2019 καί
894 1968 956 2032 ,β’
980 1970 1463 2039 ἐπιγεγραμμένοι,
1493 1973 1708 2027 ἔπαινόν
1731 1992 1789 2026 τε

221 2048 583 2119 διαγράφουσι
613 2054 703 2105 τοῦ
734 2057 1014 2109 νεανίσκου
1054 2060 1148 2111 καὶ
1180 2062 1399 2129 μνήμην
1427 2063 1517 2113 ἐπὶ
1541 2066 1790 2131 χρηστοῖς

220 2141 647 2213 τελευτήσαντος
672 2149 762 2199 καὶ
794 2148 989 2218 λύπην.
1038 2150 1093 2202 '0
1114 2151 1168 2202 δὲ
1203 2152 1257 2202 Π¹
1284 2192 1298 2215 ,
1324 2154 1654 2221 Χαρίδημος
1694 2156 1790 2221 μὲν

222 2231 373 2300 αὐτῷ
400 2234 433 2296 ἡ
461 2228 760 2307 ἐπιγραφὴ,
795 2237 918 2308 [549
963 2239 1055 2310 8.]
1100 2240 1317 2292 ἔπαινον
1342 2241 1399 2293 δὲ
1448 2243 1541 2295 καὶ
1600 2243 1790 2306 πένθος

220 2321 315 2373 ἐπὶ
350 2323 738 2395 τελευτήσαντι
780 2330 1154 2383 συνδιαπλέκει
1185 2331 1262 2402 τῷ
1295 2332 1415 2402 νέῳ.

924 2420 1026 2475 ΣΙ’.

344 2508 675 2574 Καισαρίου
702 2509 1200 2579 Ἐκκλησιαστικὰ
1238 2517 1541 2585 Κεφάλαια
1567 2528 1681 2575 ax’.

301 2596 647 2669 Ἀνεγνώσθη
710 2601 1009 2672 Καισαρίου
1060 2603 1265 2672 βίϐλος·
1320 2603 1442 2679 ὲνῇ
1489 2610 1787 2677 Κεφάλαια

217 2681 531 2751 περιείχετο
572 2686 616 2716 ⁸⁸
673 2688 1205 2755 Ἔκκλησιαστικὰ,
1244 2694 1399 2771 τοῦτο
1458 2697 1554 2765 μὲν
1610 2700 1788 2769 ῥητῶν

1902 620 1975 673 De
2006 620 2395 687 pulchritudine
2444 621 2723 690 inscripta,
2777 622 2857 676 sic
2905 630 2960 677 et
2996 622 3062 675 de
3107 624 3451 679 adolescente

1898 711 2136 764 disserit.
2170 711 2368 765 Ibidem
2402 727 2499 765 nec
2522 713 2660 781 apud
2694 727 2880 767 omnes
2907 724 3112 781 gentes.
3146 716 3304 768 etiam
3326 716 3450 769 bar-

1898 804 2074 865 baras,
2099 805 2236 857 idem
2262 806 2539 871 pulchrum
2564 807 2730 859 videri
2748 807 2844 868 ait,
2861 808 2953 860 sed
2986 806 3127 860 aliud
3150 809 3284 876 apud
3314 807 3448 865 alios

1895 896 2155 947 obtinere.
2183 894 2387 948 LXXII.
2422 897 2492 948 De
2510 912 2634 960 pace
2659 896 2890 964 belloque
2918 904 2971 950 et
3002 897 3131 965 agit,
3161 909 3216 951 et
3238 898 3445 951 titulum

1897 994 2089 1049 gestat.
2117 983 2345 1038 LXXIII.
2380 984 2683 1050 Sapientem
2728 988 2883 1039 etiam
2925 986 3126 1055 felicem
3161 989 3445 1055 praedicat;

1896 1087 1948 1128 et
1994 1092 2223 1141 sequens
2264 1078 2340 1131 De
2389 1080 2637 1145 felicitate
2684 1079 2942 1145 disputat.
2999 1080 3133 1134 Hinc
3186 1080 3257 1133 De
3300 1083 3448 1147 genio

1897 1166 2090 1231 agitur.
2126 1165 2324 1219 Genios
2357 1176 2533 1220 autem
2560 1169 2819 1230 nominat.
2854 1171 2945 1237 qui
2976 1170 3200 1223 aliorum
3234 1171 3301 1223 ita
3327 1184 3447 1223 sor-

1901 1260 2098 1311 tiantur
2128 1259 2429 1324 imperium,
2460 1269 2515 1311 ut
2542 1274 2636 1327 per
2662 1275 2757 1314 eos
2807 1270 2898 1313 aut
2939 1261 3129 1314 melius
3162 1277 3282 1314 cum
3317 1261 3447 1313 sub-

1896 1348 2021 1399 ditis
2050 1358 2254 1413 agatur,
2280 1357 2371 1399 aut
2405 1347 2572 1413 pejus.
2602 1345 2827 1401 LXXVI.
2864 1359 2947 1402 est
2980 1349 3051 1401 De
3077 1349 3445 1402 consultando.

1895 1435 2151 1491 LXXVII.
2188 1438 2397 1491 Titulus
2453 1446 2535 1489 est
2595 1436 2889 1502 Disputatio
2958 1440 3021 1491 de
3076 1439 3165 1498 iis.
3229 1454 3344 1507 qua’
3387 1439 3444 1491 in

1894 1528 2166 1596 symposiis
2190 1528 2419 1581 accidere
2451 1527 2638 1589 solent,
2670 1542 2959 1595 eorumque
3002 1527 3251 1581 nonnulla
3279 1526 3442 1580 etiam

1893 1627 2095 1682 narrat,
2134 1633 2195 1669 ac
2246 1619 2547 1671 mortalium
2597 1618 2879 1686 plerosque
2927 1627 3051 1672 tunc
3095 1619 3160 1671 ad
3208 1617 3445 1686 philoso-

1894 1708 2073 1775 phiam
2091 1718 2387 1774 respectum
2420 1708 2612 1760 habere
2633 1708 2991 1770 consuevisse,
3020 1722 3138 1760 cum
3167 1707 3325 1761 rebus
3343 1706 3443 1759 tri-

1893 1800 2065 1851 stilius
2082 1799 2185 1851 vita
2210 1799 2507 1851 infestatur.
2529 1797 2715 1867 1686
2735 1795 3005 1851 LXXVIII.
3025 1806 3079 1851 et
3096 1797 3263 1851 altera
3296 1798 3440 1851 iuse-

1892 1904 2063 1954 quens
2094 1888 2445 1942 Melancomas
2468 1890 2635 1954 prima
2667 1896 2717 1941 et
2756 1887 2981 1941 secunda
3014 1888 3293 1957 inscripta,
3317 1901 3441 1941 cum

1895 1979 2101 2032 Iaudem
2141 1979 2488 2033 adolescentis
2544 1979 2686 2032 illius
2728 1980 3038 2041 continent.
3088 1988 3200 2033 tum
3234 1993 3439 2032 memo-

1894 2072 2031 2124 riam
2064 2084 2457 2138 mmroremque
2489 2070 2543 2123 in
2575 2072 2930 2125 secundarum
2968 2085 3145 2125 rerum
3174 2069 3439 2122 afﬂuentia

1892 2164 1997 2215 vita
2056 2162 2249 2217 functi.
2284 2161 2474 2218 Ultima
2516 2174 2567 2217 et
2600 2164 3105 2232 octogesima,,quaa
3141 2161 3438 2217 Charidemt

1890 2270 2085 2308 nomen
2147 2255 2407 2324 praefert,
2477 2256 2836 2310 laudationem
2899 2255 3063 2310 simul
3125 2270 3188 2309 ac
3242 2254 3437 2308 luctum

1889 2347 2138 2401 exstincti
2165 2347 2378 2415 juvenis
2411 2348 2745 2401 commiscet.

2592 2436 2747 2491 CCX.

2160 2528 2377 2581 δίεισι·ίὶ
2405 2529 2587 2595 Capita
2620 2527 2989 2581 Ecclesiastica
3017 2540 3172 2579 ccxx.

1956 2619 2082 2690 Legi
2140 2621 2354 2675 (Σκεπίί
2401 2620 2595 2673 librum
2628 2660 2643 2686 ,
2694 2619 2882 2685 Capita
2942 2616 3019 2685 (8)
3077 2613 3435 2669 continentem

1889 2709 2255 2762 Ecclesiastica
2284 2708 2410 2771 εει),
2444 2707 2639 2775 quibus
2668 2706 2861 2772 partim
2891 2704 3167 2758 enuntiata
3196 2702 3435 2771 quaedam

216 2772 571 2837 ἀναπτύξεις,
600 2776 756 2829 τοῦτο
809 2778 865 2831 δὲ
901 2780 1249 2851 συξητήσεων
1298 2786 1343 2817 ⁸⁸
1404 2787 1699 2852 ὲπιλύσεις,
1739 2796 1784 2844 κ’

1779 2796 1784 2815 ’
1885 2801 2243 2869 explicantur,
2311 2800 2503 2869 partim
2549 2799 2869 2866 quaestiones
2919 2797 3215 2850 solvuntur.
3281 2793 3436 2847 Dicas

220 2866 317 2914 καὶ
350 2869 421 2916 α’.
467 2864 525 2917 Ὀ
549 2866 646 2935 μὲν
671 2868 810 2938 ἀνὴρ
844 2869 985 2922 ἔοικε
1010 2872 1221 2934 νεάζειν
1237 2890 1319 2937 τε,
1351 2876 1597 2947 καὶπρὸς
1625 2882 1786 2946 γονὰς

1778 2897 1786 2940 :
1885 2902 2062 2945 autem
2082 2892 2224 2944 hunc
2250 2891 2587 2959 scriptorem,
2629 2898 2683 2941 et
2706 2896 2864 2941 :etate
2895 2886 3188 2941 etiamnum
3217 2885 3435 2951 ﬂorere,

219 2954 321 3022 μὲν
351 2955 531 3021 λόγων
560 2958 653 3009 καὶ
683 2958 727 2989 ⁶⁰
760 2959 997 3028 μάθησιν
1021 2963 1118 3030 τῆς
1134 2980 1193 3015 τε
1218 2962 1450 3034 θύραθεν
1476 2969 1666 3035 σοφίας
1690 2970 1783 3022 atat

1775 2988 1783 3021 '-
1884 2994 2085 3038 etcum
2136 2984 2418 3037 rhetorica:
2475 2982 2623 3049 quasi
2664 2982 2856 3043 fetura,
2916 2990 3022 3033 tum
3070 2988 3301 3031 externa:
3331 2992 3432 3031 non

212 3046 316 3114 τῆς
343 3046 615 3143 ἡμετέρας
651 3052 906 3120 σφριγᾷν,
943 3051 1142 3105 δεῖσθαι
1186 3054 1231 3107 δ’
1266 3055 1413 3124 ὅμως
1462 3059 1562 3111 οὐκ
1611 3060 1786 3129 ἐλαχί-

1773 3090 1786 3101 ·
1888 3076 2063 3129 minus
2086 3092 2245 3143 quam
2279 3086 2472 3128 nostrae
2496 3074 2843 3140 philosophiae
2870 3073 3171 3126 eruditione
3203 3082 3430 3137 turgere.

218 3154 363 3189 στων
397 3138 460 3201 ⁶¹,
494 3137 576 3190 ἵνα
608 3141 884 3209 συντόμως
921 3143 1079 3208 εἴπω,
1111 3149 1190 3208 εἰς
1215 3148 1273 3198 τὸ
1301 3146 1374 3217 μὴ
1408 3152 1785 3221 καταισχύνειν

1778 3169 1785 3199 ’
1890 3170 2201 3236 Quanquam
2262 3182 2364 3219 non
2395 3166 2613 3218 minima
2639 3164 2827 3218 deesse
2862 3163 3129 3225 videntur,
3183 3170 3241 3217 ut
3273 3161 3435 3215 verbo

212 3229 315 3326 τὰς
346 3230 543 3298 ὁρμάς.
768 3235 944 3305 σαφής
993 3237 1051 3288 τέ
1084 3239 1198 3291 ἐστι
1231 3239 1327 3311 τὴν
1360 3242 1578 3310 φράσιν,
1613 3246 1660 3297 εί
1688 3245 1778 3297 καὶ
1809 3243 1851 3303 C

1775 3284 1778 3296 ι
1809 3243 1851 3303 C
1885 3229 2093 3324 dicam,
2153 3274 2258 3326 quo
2287 3265 2463 3311 motus
2488 3256 2561 3308 illi
2595 3266 2757 3323 atque
2788 3254 3021 3322 impetus
3051 3253 3316 3308 dedecore
3344 3266 3432 3304 ca-

214 3318 356 3415 πρὸς
384 3322 671 3391 ποιητικὰς
693 3323 1063 3394 ὲκνεωτερίζει
1089 3326 1261 3393 λέξεις
1290 3330 1569 3395 πολλάκις,
1597 3335 1689 3386 καὶ
1715 3335 1776 3388 τὸ

1775 3371 1776 3374 η
1885 3360 2056 3407 reant.
2078 3318 2341 3403 'Att-ameu
2360 3348 2500 3400 clara
2527 3347 2641 3415 ejus
2673 3318 2847 3397 dictio
2866 3318 2960 3397 test
2982 3344 3195 3413 (crebro
3220 3342 3341 3395 licet
3368 3343 3432 3393 ad

213 3409 399 3463 κοινὸν
416 3411 515 3481 τῆς
541 3415 844 3479 συντάξεως
864 3418 1062 3486 μετιών
1088 3421 1252 3485 ἐστιν,
1287 3422 1418 3475 ὅπου
1441 3425 1529 3476 ἐπ’
1555 3425 1773 3479 ἔλαττον

211 3500 445 3571 φέρεται
498 3505 591 3556 καὶ
616 3505 825 3570 τούτου,
882 3510 975 3560 καὶ
1028 3509 1155 3580 [278
1198 3511 1290 3583 11.]
1336 3514 1472 3582 πρὸς
1520 3514 1618 3584 τὴν
1670 3515 1775 3569 τῶν

205 3592 506 3661 δογμάτων
526 3594 807 3665 ἀκρίόειαν
836 3598 1028 3667 ὀλίγων
1052 3601 1201 3671 αὐτῷ
1231 3603 1329 3656 δεῖ.
1363 3605 1457 3666 Εἰς
1486 3605 1777 3675 ἐρωτήσεις

207 3684 267 3734 δὲ
295 3684 396 3735 καὶ
424 3686 744 3757 ἀποκρίσεις
772 3690 892 3758 μεθ’
914 3692 1183 3761 ὑποϐολῆς
1216 3695 1260 3725 θ’
1284 3695 1586 3763 προσώπων
1606 3696 1667 3748 τὸ
1682 3696 1775 3748 τοῦ

209 3772 377 3839 λόγου
410 3778 593 3845 σχῆμα
611 3778 918 3849 πεποίηται.
945 3778 1096 3836 Εἶναι
1116 3784 1173 3837 δέ
1192 3801 1321 3853 φασι
1354 3785 1674 3856 Γρηγορίου,
1710 3780 1770 3839 οὗ

212 3868 273 3918 τὸ
307 3869 601 3938 Θεολόγος
626 3869 931 3942 ἐπώνυμον,
975 3874 1064 3926 τὸν
1094 3877 1411 3947 συγγραφέα
1457 3877 1679 3946 ἀδελφόν
1708 3879 1773 3934 ⁸³.

916 4155 1061 4211 ΣΙΔἎ

216 4243 545 4298 Διονυσίου
606 4246 821 4314 Λίτέωμ
873 4246 1213 4371 ΔἙυΈιῶγ
1265 4250 1638 4321 βιϐλιδάριον
1677 4272 1774 4307 κε-

879 4334 920 4371 φ
1005 4355 1020 4370 .
1122 4358 1136 4371 .

923 4326 1020 4371 αλ.
1122 4358 1136 4371 .

295 4402 640 4475 ’Λνεγνώσθη
672 4334 943 4460 Διονυσίῗυ
974 4326 1180 4476 Alfium
1202 4427 1216 4441 ·
1255 4412 1594 4466 Δικτυακῶν
1618 4413 1774 4484 ἔφερε

210 4496 311 4564 τὴν
338 4498 668 4567 ἐπιγραφήν.
721 4494 830 4551 Ἦν
876 4499 931 4551 δὲ
978 4500 1084 4567 ἄρα
1120 4501 1179 4552 τὸ
1238 4500 1565 4573 βιόλιδὰριον
1608 4521 1776 4572 κεφαα

1883 3441 2121 3509 poeticas
2150 3454 2305 3492 voces
2324 3436 2627 3503 iuveniliter
2653 3434 2919 3495 deﬂectat,
2952 3442 3114 3501 atque
3138 3434 3207 3487 ab
3238 3432 3431 3485 usitato

1882 3532 2303 3594 constructione,
2335 3546 2439 3583 non
2475 3530 2591 3583 sine
2616 3527 2830 3581 defectu
2865 3527 3064 3593 aliquo,
3116 3524 3348 3591 recedat)
3381 3535 3435 3577 et

1882 3623 1948 3677 ad
1980 3637 2243 3676 summam
2296 3622 2600 3690 dogmatum
2648 3618 3041 3671 accurationem
3091 3630 3276 3683 parum
3305 3629 3433 3667 sane

1881 3714 1930 3768 ei
1979 3715 2151 3767 deest.
2218 3711 2319 3764 Per
2375 3712 2697 3780 quaestiones
2750 3722 2909 3777 porro
2952 3718 3007 3760 et
3038 3705 3431 3775 responsiones.

1882 3804 2170 3874 suppositis
2244 3816 2453 3872 quoque
2510 3799 2754 3869 personis
2818 3793 3433 3870 [interloquentibus],

1880 3894 2175 3963 composita
2228 3894 2302 3947 illi
2358 3892 2532 3947 oratio
2552 3900 2654 3954 est,
2718 3898 2769 3943 et
2817 3888 3029 3956 quidem
3062 3886 3327 3955 Gregorii,
3376 3894 3436 3937 ut

1882 3988 2053 4048 aiunt,
2102 3984 2253 4052 cujus
2305 3984 2448 4038 hunc
2479 3990 2751 4035 auctorem
2780 3994 2898 4035 esse
2935 3979 3154 4033 fratrem
3190 3976 3435 4045 Theologi

1882 4085 2297 4147 cognomentum
2324 4077 2522 4129 iudicat
2550 4075 2651 4141 (9).

2559 4165 2737 4220 CCXI.

2120 4258 2355 4327 Dionysii
2386 4254 2539 4325 ngei
2567 4256 2935 4325 Dictyacorum
2958 4256 3129 4323 capita
3154 4269 3202 4309 ε.

1954 4415 2111 4469 Lecta
2143 4415 2379 4485 Dionysii
2428 4413 2604 4481 Egei,
2636 4412 2884 4481 Dictyaca
2916 4411 3025 4481 (l0)
3078 4426 3197 4479 qua:
3246 4412 3435 4465 inscri-

1880 4506 2101 4561 buntur.
2161 4505 2393 4560 Libellus
2434 4516 2553 4558 erat
2586 4515 2798 4558 centum
2833 4504 3112 4559 absolutus
3143 4502 3433 4573 capitibus,

208 4586 381 4650 λαίοις
406 4588 839 4658 ἀπαρτιζόμενον
877 4595 941 4658 ρ’,
975 4584 1049 4643 ὧν
1086 4591 1153 4643 τὰ
1193 4593 1291 4659 μὲν
1315 4593 1447 4646 ἰδίαν
1471 4595 1707 4666 ἑκάστην
1732 4594 1777 4626 ⁸⁸
1808 4588 1852 4644 1)

1775 4588 2103 4669 'unorum
2161 4597 2545 4666 quinquaginta
2608 4612 2761 4649 suam
2829 4596 3035 4663 singula
3111 4595 3432 4650 sententiam

210 4678 469 4731 ὑπόθεσιν
502 4680 869 4746 κατεσκεύαζε
913 4682 975 4749 (ν’
1004 4682 1060 4734 δὲ
1080 4682 1249 4736 ταῦτα
1288 4681 1398 4753 ἦν),
1431 4686 1498 4737 τὰ
1532 4686 1588 4738 δὲ
1614 4687 1773 4741 λοιπὰ

207 4776 250 4824 ν’
272 4770 579 4841 ἀνασκευὴν
608 4772 833 4826 ἕκαστον
859 4773 991 4835 ποὺς
1034 4773 1268 4842 ἑκάστην
1305 4774 1411 4827 τῶν
1449 4794 1773 4830 κατιεσκευα⁹

1879 4691 2192 4744 asserebant
2224 4706 2237 4741 :
2278 4689 2493 4743 totidem
2520 4702 2648 4742 vero
2672 4703 2819 4742 suam
2846 4688 3121 4756 quodlibet
3141 4696 3432 4742 astructam

1878 4792 2034 4833 antea
2064 4778 2407 4848 bypothesiu,
2458 4790 2701 4833 evertere
2746 4779 3112 4843 conabantur;
3152 4780 3222 4831 ita
3254 4788 3313 4832 ut
3337 4792 3433 4832 sua

1491 4910 1720 4966 VARUE
1757 4910 2147 4969 LECTIONES.

278 5048 334 5123 "A
354 5049 537 5123 ἀρχὴν
556 5067 615 5112 ς’.
657 5049 733 5123 _""
759 5049 1154 5123 μετεσκεύασαν
1183 5069 1242 5115 ς.
1286 5053 1360 5123 *⁵⁸
1384 5055 1440 5123 ἐν
1531 5054 1795 5121 κεφάλαια
1845 5050 2165 5123 περιείχετο]
2190 5054 2245 5123 εν
2266 5052 2315 5120 η’
2346 5051 2684 5123 κεφαλαίοις·
2714 5052 3015 5123 περιείχετο
3040 5050 3096 5105 δέ
3125 5052 3210 5123 Aa
3246 5054 3307 5123 7'79
3332 5070 3429 5106 συ-

209 5117 489 5186 ζητήσεως
516 5122 576 5170 Α.
653 5119 696 5150 ⁸⁸
717 5122 807 5171 καὶ
824 5127 947 5173 ante

209 5189 255 5219 “
279 5200 403 5257 post
426 5186 649 5257 ἀδελφὸν
672 5205 793 5242 cum
815 5189 859 5242 Α
888 5186 1043 5243 omisi
1085 5189 1371 5259 δηλοποιεῖ.
1417 5186 1490 5222 ’⁸³

978 5120 1103 5189 μάθ.
1141 5131 1193 5173 et
1219 5120 1692 5190 ἱππίατῆςυηιοτε
1737 5123 1856 5175 add.
1886 5120 1950 5175 Α.

2024 5122 2065 5153 ⁶¹
2093 5120 2378 5189 ἐλαχίστων
2403 5124 2478 5172 Α;
2512 5120 2801 5189 ἐλαχίστως
2832 5138 2889 5183 ς.
2966 5120 3009 5151 ⁸⁸
3040 5122 3341 5188 ὑπερϐολῆς
3364 5140 3421 5187 ς.

1541 5194 1717 5246 malim
1744 5194 1989 5246 ἕκαστον.

1742 5334 1969 5390 NOTAE.

281 5448 360 5515 (7)
402 5442 718 5520 Infrequens
748 5447 957 5515 quidem
986 5447 1114 5520 illud
1146 5450 1451 5517 φορολίγον,
1490 5455 1581 5506 scd
1624 5454 1764 5520 quod

206 5519 307 5597 vel.
346 5532 414 5569 ex
462 5532 560 5569 suo
602 5518 921 5588 ἀναστρέφω
963 5518 1037 5586 τῷ
1086 5520 1397 5589 ὀλιγόφορυν
1436 5522 1589 5576 facile
1642 5518 1762 5590 per-

205 5602 473 5724 Ηῗξῖᾏη
508 5656 620 5709 hac
664 5654 771 5722 jam
804 5658 855 5710 in
884 5670 1114 5722 quatuor
1161 5659 1278 5710 illos
1309 5660 1545 5726 dialogos
1577 5662 1761 5712 distri-

1935 5451 2010 5519 (9)
2050 5450 2237 5519 Negati
2267 5450 2315 5501 id
2360 5447 2473 5519 Jac.
2527 5446 2711 5499 Billius
2755 5456 3067 5513 argumento
3111 5446 3162 5499 in
3223 5452 3417 5502 oratio-

1865 5516 2083 5574 nem'IO
2114 5516 2171 5571 Β.
2204 5518 2363 5586 Greg.
2396 5516 2649 5569 Nazianz.

1934 5590 2045 5657 (I0)
2081 5590 2196 5653 Sui,
2226 5598 2283 5640 ut
2313 5588 2542 5650 videtur,
2568 5587 2770 5657 oblitus,
2795 5586 3040 5657 Photius,
3082 5588 3417 5657 propositum

1862 5655 2203 5712 scmelantea
2229 5674 2360 5725 opus
2389 5659 2561 5725 (supr.
2595 5656 2713 5709 cod.
2756 5655 2897 5722 I85.)
2932 5656 3017 5709 hic
3062 5656 3238 5709 denuo
3269 5673 3418 5724 repe-

206 5729 331 5799 |_.nta
389 5725 615 5799 legimus
662 5728 807 5799 quod
841 5729 905 5779 ad
953 5728 1368 5799 liucm_0perum
1432 5730 1489 5784 ι).
1522 5730 1761 5799 Gregorii
1862 5734 1944 5783 tit.
2002 5729 2310 5799 commissis
2349 5737 2552 5799 tantum
2608 5725 3000 5794 ἀντιρρητικὼς
3042 5725 3307 5794 capitibus
3366 5738 3417 5780 et

205 5795 532 5850 Nazianzcui
554 5793 665 5851 .luc.
697 5796 880 5852 Billius
911 5798 1076 5852 edidit
1096 5797 1125 5849 ‘i'

1874 5798 2191 5852 brevissima
2220 5795 2396 5866 κρίσει
2425 5795 2651 5861 adjecta.
