4196 6442
762 391 860 456 691

1867 389 2128 451 ΡΗΟΤΙΙ
2168 388 2672 449 ΡΑΤΒΙᾹΒΟΗᾸΞ
2706 388 2793 447 CP

761 508 956 580 cuique
982 505 1262 562 assertioni
1292 502 1545 559 refutatio
1572 502 1753 557 statim
1780 516 2163 571 opponeretur.
2204 501 2320 569 Ipsa
2348 501 2397 557 A

2432 502 2632 568 σμένων
2660 500 3003 562 ἐσπούδαζεν,
3058 500 3257 570 ἑκάστῃ
3290 501 3594 568 κατασκευῇ
3634 500 3993 570 ἀντιπαρατι-

760 619 925 673 porro
973 601 1207 657 elocutio
1257 612 1431 665 neque
1480 596 1766 650 admodum
1797 605 2113 657 exornatur,
2150 609 2323 661 neque

764 708 945 747 tamen
996 692 1112 745 sine
1147 698 1429 742 venustate
1478 686 1808 755 negligitur:
1843 687 2142 753 praesertim
2203 699 2324 739 cum

764 801 867 840 non
898 784 963 837 ad
985 782 1399 837 ostentationem
1430 778 1684 848 aliquam,
1708 778 1802 833 sed
1826 777 1889 830 ad
1908 776 2323 844 disputationem

762 878 938 946 potius
954 891 1085 943 opus
1112 876 1213 929 hoc
1238 882 1605 941 comparatum
1627 871 1738 925 sita
1764 885 1862 923 suo
1883 881 2119 932 auctore,
2137 869 2220 922 cui
2244 879 2325 921 te-

765 985 869 1024 nue
899 967 1107 1023 dicendi
1132 981 1299 1036 genus
1327 976 1381 1018 et
1409 974 1753 1031 cognatarum
1780 977 1955 1014 rerum
1978 963 2147 1015 series
2182 976 2327 1014 cura:

767 1061 885 1113 luit.
915 1058 1073 1113 Utilis
1103 1067 1276 1109 autem
1296 1054 1513 1107 liberiis
1533 1063 1636 1115 est,
1660 1051 1747 1116 qui
1774 1052 1825 1103 in
1850 1049 2145 1102 dialecticis
2164 1064 2325 1102 excr-

766 1162 974 1213 centur,
993 1160 1154 1217 atque
1184 1148 1285 1201 ista
1308 1145 1421 1199 fere
1437 1160 1533 1197 suo
1562 1152 1881 1212 argumento
1913 1141 2324 1207 comprehensa.

773 1246 822 1299 1.
876 1246 954 1297 Ab
1014 1254 1242 1309 utroque
1289 1247 1512 1309 parente
1548 1237 1685 1290 tnitti
1735 1250 1940 1292 semen.
1996 1234 2325 1286 animantia-

770 1350 873 1405 que
899 1334 1073 1405 gigni;
1104 1344 1156 1388 et
1172 1344 1358 1386 contra
1384 1331 1569 1382 nouab
1596 1338 1844 1395 utroque.
1885 1326 1938 1379 2.
1974 1325 2049 1379 Ex
2077 1326 2327 1378 universo

772 1441 997 1493 corpore
1053 1439 1233 1478 semen
1292 1422 1503 1474 cxcerni
1539 1437 1550 1473 :
1587 1426 1773 1472 contra
1807 1432 1933 1471 vero
1968 1432 1997 1470 a
2043 1416 2326 1469 testiculis.

772 1520 825 1573 5.
862 1517 1273 1573 Concoctionem
1324 1514 1504 1566 calore
1578 1512 1690 1565 ﬁeri
1726 1531 1738 1565 :
1770 1521 1959 1563 contra
2039 1524 2166 1562 vero
2223 1522 2326 1560 non

774 1612 920 1663 item.
998 1608 1053 1662 ι.
1092 1608 1288 1661 Attritu
1341 1604 1749 1657 concoctionem
1812 1601 1926 1654 ﬁeri
1972 1623 1983 1655 :
2028 1610 2083 1653 et
2135 1599 2327 1652 attritu

776 1702 993 1755 minime
1026 1699 1164 1752 ﬁeri.
1218 1699 1270 1751 5.
1302 1695 1697 1748 Putrefactione
1733 1693 1845 1745 ﬁeri
1878 1692 2279 1745 concoctionem
2308 1705 2326 1741 :

774 1802 960 1846 contra
991 1807 1118 1844 vero
1149 1788 1387 1843 minime.
1424 1787 1476 1840 6.
1553 1785 1744 1856 169a
1807 1783 2141 1851 Proprietate
2171 1783 2329 1848 spiri-

776 1896 862 1937 tus
889 1883 1288 1936 concoctionem
1332 1879 1445 1931 ﬁeri
1482 1898 1493 1931 :
1529 1888 1711 1930 contra
1750 1890 1851 1928 non
1880 1876 2025 1927 item.
2102 1873 2152 1925 7.
2196 1873 2329 1925 Suco
2364 1848 2403 1901 Β

776 1990 957 2028 corum
984 1974 1312 2043 proprietate
1335 1970 1611 2023 concoctio
1642 1969 1735 2031 (it;
1766 1968 1847 2020 vel
1867 1967 2108 2019 minime.
2128 1963 2329 2019 8.Pro-

778 2066 1005 2133 prietate
1038 2063 1233 2117 caloris
1268 2063 1325 2114 lit
1351 2061 1628 2114 concoctio
1664 2078 1675 2112 :
1711 2071 1766 2113 et
1800 2072 1903 2111 non
1934 2058 2081 2110 item.
2144 2057 2197 2110 9.
2224 2055 2330 2109 Ca-

780 2158 889 2209 lore
918 2157 1269 2223 digestionem
1313 2153 1424 2204 ﬁeri
1465 2171 1480 2207 :
1517 2162 1570 2205 et
1605 2168 1708 2205 non
1750 2150 1899 2202 itetn.
1957 2148 2042 2201 10.
2079 2148 2331 2201 Ciborutn

779 2246 1207 2299 distributionem
1234 2258 1326 2311 per
1358 2242 1553 2296 caloris
1582 2244 1644 2294 ad
1687 2256 1743 2293 se
1774 2241 2151 2292 attractionem
2188 2238 2332 2303 ﬁeri;

781 2339 858 2393 vel
884 2338 1123 2389 minime.
1161 2335 1245 2389 ll.
1286 2335 1487 2401 Spiritu
1532 2334 1591 2386 lit
1618 2333 1997 2398 digestimaut
2037 2346 2139 2382 non
2184 2331 2331 2382 item.

788 2430 869 2483 12.
897 2430 1232 2481 Arteri’arutn
1283 2426 1639 2493 applicatione
1695 2423 1922 2491 digestio
1978 2422 2034 2475 tit
2070 2442 2081 2475 :
2118 2422 2338 2474 minime

781 2538 907 2574 vero
941 2523 1037 2575 sic.
1079 2522 1166 2575 15.
1198 2521 1432 2589 Digestio
1468 2518 1525 2571 lit
1558 2534 1651 2585 per
1678 2517 1975 2571 absentiam
2009 2531 2128 2568 cum
2159 2514 2337 2567 vacui-

782 2622 890 2665 tate
918 2626 931 2663 :
967 2623 1019 2665 et
1048 2616 1187 2682 quod
1215 2628 1307 2678 per
1329 2613 1586 2663 incertam
1608 2610 1720 2661 sive
1742 2622 2117 2675 quamcunque
2146 2609 2339 2659 absen-

782 2701 907 2752 tiam
970 2700 1082 2752 lieri
1117 2700 1285 2753 soleat
1320 2699 1568 2766 digestio.
1612 2696 1693 2749 Η.
1732 2694 1805 2747 Ex
1853 2710 1917 2747 eo
1956 2695 2211 2762 glaucedo
2246 2710 2339 2744 tta-

780 2794 965 2857 scitur,
999 2793 1139 2860 quod
1156 2791 1411 2844 alimento
1434 2805 1529 2843 suo
1546 2790 1765 2843 visualis
1791 2804 1950 2857 porus
1975 2788 2336 2840 destituatur:

780 2893 837 2940 et
865 2901 969 2939 non
1007 2886 1157 2938 item.
1194 2885 1277 2937 15.
1314 2882 1601 2951 Sanguinis
1627 2882 1812 2948 illapsu
1841 2882 1890 2932 in
1911 2879 2128 2932 visionis
2152 2892 2339 2945 porum

779 2977 1038 3045 giaucedo
1070 2976 1125 3028 fit
1158 2974 1437 3028 oculorum
1486 2991 1498 3025 :
1534 2983 1585 3025 et
1626 2987 1730 3025 non
1766 2972 1912 3023 item.
1970 2970 2057 3022 16.
2086 2969 2343 3021 Htmtido-

780 3086 895 3123 ruut
952 3068 1220 3129 crassitie,
1270 3077 1429 3133 atque
1476 3065 1816 3118 exhalatione
1862 3063 1918 3115 ﬁt
1955 3062 2209 3130 glaucedo
2241 3078 2254 3113 :
2288 3070 2343 3115 et

2428 594 2657 661 Θεμένης
2684 592 2927 662 παρευθὺ
2952 598 3045 647 καὶ
3073 595 3212 646 κατὰ
3236 594 3516 661 συνέχειαν
3539 595 3636 660 τῆς
3659 595 3989 660 ἀνασκευῆς.

2441 686 2501 738 'H
2530 688 2625 755 μὲν
2657 688 2917 756 ἑρμηνεία
2950 687 3043 738 τοῦ
3095 688 3253 752 λόγου
3288 688 3411 739 οὔτε
3443 687 3769 756 ἐξωράῖσται
3798 689 3842 718 ⁸⁸
3871 688 3994 739 οὗτε

2427 780 2678 849 ἔρῥιπται
2728 779 2822 830 τοῦ
2868 778 3117 839 κάλλους,
3172 779 3344 838 ἄλλως
3377 795 3434 829 τε
3495 786 3587 831 καὶ
3619 779 3700 830 ὅτι
3739 778 3849 831 οὐδ’
3879 778 3992 829 ἐπι-

2426 874 2726 934 δεικτικῶς,
2760 873 2873 925 ὰ>.λ’
2917 876 2973 935 ἐς
3016 873 3077 925 τὸ
3117 874 3413 941 γυμνάσιον
3454 874 3530 942 τῷ
3584 876 3894 941 συγγραφεῖ
3936 872 3996 923 τὸ

2428 966 2745 1032 σπούδασμα
2795 966 2958 1016 τείνει
3005 963 3070 1027 ⁸⁸,
3098 967 3189 1015 καὶ
3224 966 3532 1032 ἰσχνότητος
3580 964 3728 1033 αὐτῷ
3765 964 3992 1016 καὶτῶν

2429 1055 2717 1123 συστοίχων
2759 1054 2928 1121 μέλει·
2973 1055 3240 1124 χρήσιμον
3298 1053 3356 1105 δὲ
3410 1053 3472 1105 τὸ
3499 1052 3701 1121 βιϐλίον
3738 1057 3852 1117 τοῖς
3900 1056 3995 1122 τὴν

2426 1147 2766 1214 διαλεκτικὴν
2790 1146 2979 1215 τριὸὴν
3000 1148 3165 1199 ἁσκον
3176 1146 3373 1215 μένοις.
3411 1145 3474 1196 Ἦ
3492 1146 3545 1197 δὲ
3572 1146 3829 1207 ὑπόθεσις
3849 1145 3997 1210 λέγει

2426 1236 2618 1297 ταῦτα,
2644 1238 2725 1287 ὅτι
2754 1238 2811 1301 ἐξ
2844 1236 3166 1305 ἀμφοτέρων
3194 1237 3225 1303 ἡ
3261 1234 3530 1302 καταϐολὴ
3566 1235 3661 1286 τοῦ
3686 1236 3998 1303 σπέρματος

2428 1332 2520 1383 καὶ
2549 1330 2808 1395 ζωογονία
2836 1329 3062 1395 γίνεται,
3102 1328 3195 1378 καὶ
3222 1327 3529 1379 τούναντίον
3566 1327 3665 1378 οὐκ
3719 1327 3780 1389 ἐξ
3816 1328 3996 1395 ἀμφο-

2426 1420 2617 1487 τέρων.
2675 1417 2934 1485 Δεύτερον
2977 1418 3059 1469 ὅτι
3111 1416 3352 1483 ἀφ’ὃλου
3384 1416 3479 1469 τοῦ
3531 1416 3786 1486 σώματος
3824 1419 3859 1486 ἠ
3906 1414 4000 1468 τοῦ

2429 1509 2741 1578 σπέρματος
2770 1508 3034 1573 ἔκκρισις,
3064 1506 3159 1557 καὶ
3188 1507 3494 1559 τούναντίον
3512 1507 3593 1560 ὅτι
3621 1506 3729 1560 ἀπὸ
3750 1506 3929 1574 μόνων
3954 1508 3999 1539 ⁸⁷

2425 1600 2534 1650 τῶν
2562 1597 2816 1666 διδύμων.
2844 1595 2892 1664 γ’
2915 1598 2994 1649 ὅτι
3094 1597 3255 1664 πέψις
3302 1597 3574 1668 θερμασίᾳ
3630 1600 3864 1666 γίνεται,
3909 1598 4003 1650 καὶ

2427 1692 2506 1743 ὃτι
2532 1693 2628 1759 οὐχ
2658 1690 2849 1751 οὕτως.
2888 1690 2929 1742 δ’
2962 1690 3042 1742 ὅτι
3068 1690 3249 1758 τρίψει
3283 1691 3315 1759 ἠ
3354 1689 3516 1759 πέψις
3545 1688 3775 1757 γίνεται,
3807 1690 3905 1742 καὶ
3921 1691 4003 1742 δτι

2430 1785 2487 1835 οὺ
2515 1782 2708 1852 τρίψει.
2748 1788 2787 1833 ε’
2819 1783 2899 1833 ὅτι
2931 1782 3088 1851 σήψει
3118 1782 3150 1851 ή
3180 1782 3359 1849 πέψις,
3415 1783 3507 1834 καὶ
3535 1782 3616 1834 ὅτι
3642 1784 3702 1834 οὐ
3728 1781 3911 1849 σήψει.
3948 1796 4003 1845 ς’

2432 1878 2514 1927 ὅτι
2564 1875 2656 1927 τοῦ
2706 1874 3013 1943 πνεύματος
3076 1874 3295 1941 ἰδιότητι
3347 1876 3379 1943 ή
3437 1873 3620 1941 πέψις,
3654 1875 3748 1926 καὶ
3776 1875 3859 1926 ὅτι
3906 1874 4002 1941 οὐχ

2432 1966 2621 2026 οὓτως.
2660 1964 2702 2025 ζ’
2748 1966 2827 2015 ὅτι
2881 1964 3069 2032 χυμῶν
3104 1963 3323 2031 ἰδιότητι
3366 1963 3399 2031 ἡ
3430 1962 3611 2031 πέψις,
3652 1964 3745 2015 καὶ
3796 1962 3879 2015 ὃτι
3907 1962 4003 2031 οὐχ

2433 2056 2619 2117 οὓτως.
2649 2054 2699 2123 η’
2730 2055 2812 2106 ὅτι
2836 2053 3133 2123 θερμασίας
3166 2054 3381 2123 ἰδιότητι
3413 2056 3446 2123 ἡ
3466 2053 3646 2122 πέψις.
3676 2054 3768 2105 καὶ
3800 2053 3883 2105 ὅτι
3908 2054 4003 2121 οὐχ

2434 2148 2623 2209 οὕτως.
2663 2148 2705 2197 θ’
2756 2148 2837 2199 ὅτι
2866 2146 3138 2216 θερμασία
3173 2148 3205 2215 ἡ
3239 2146 3510 2209 ἀνάδοσις,
3540 2146 3632 2197 καὶ
3676 2147 3756 2197 ὅτι
3782 2145 3881 2213 οὐ(
3914 2143 4003 2198 οὓς

2434 2260 2559 2303 τως.
2597 2248 2626 2293 ι’
2672 2242 2808 2309 ὄτιὴ
2846 2239 3093 2300 ἀνάδοσις
3126 2238 3202 2307 τῷ
3238 2238 3338 2305 τὴν
3382 2237 3682 2306 θερμασίαν
3746 2238 3832 2303 ἐφ’
3882 2237 4005 2287 ἑαυ-

2436 2336 2534 2402 τὴν
2565 2335 2764 2395 ἕλκειν,
2802 2334 2894 2385 καὶ
2921 2333 2999 2385 ὅτι
3024 2332 3121 2401 οὐχ
3166 2330 3357 2392 οὕτως.
3398 2328 3463 2383 ια’
3514 2331 3592 2382 ὅτι
3624 2330 3701 2399 τῷ
3732 2327 4003 2397 πνεύματι

2437 2432 2469 2495 ἡ
2502 2428 2769 2487 ἀνάδοσις,
2803 2429 2895 2477 καὶ
2919 2427 2998 2477 ὅτι
3026 2426 3121 2492 οὐχ
3146 2423 3337 2486 οὓτως.
3390 2423 3458 2491 ιβ’
3494 2422 3574 2474 ὅτι
3603 2425 3667 2491 τῇ
3696 2422 3803 2473 τῶν
3838 2423 4004 2491 ἀρτη-

2442 2519 2571 2587 ριῶν
2609 2516 2899 2582 παραθέσει
2929 2519 2960 2587 ή
3008 2517 3288 2577 ἀνάδοσις,
3318 2514 3411 2567 καὶ
3440 2516 3519 2566 ὅτι
3554 2516 3651 2584 οὐχ
3687 2512 3881 2575 οὕτως.
3942 2520 4005 2577 ιγ’

2442 2613 2520 2662 ὅτι
2552 2614 2615 2678 τῇ
2673 2609 2813 2661 κατὰ
2842 2609 2993 2661 κενὸν
3050 2608 3286 2675 ἀπουσία
3315 2609 3347 2675 ἡ
3380 2607 3648 2668 ἀνάδοσις,
3685 2608 3779 2658 καὶ
3822 2606 3905 2657 ὃτι
3946 2605 4005 2656 οὐ

2442 2704 2581 2756 κατὰ
2596 2706 2653 2755 τὸ
2680 2702 2869 2769 ἄδηλον
2885 2702 3161 2769 ἀπουσίαὴ
3188 2698 3456 2760 ἀνάδοσις.
3494 2697 3552 2750 ιδ’
3572 2698 3728 2750 ὄτιδι⁹
3744 2696 4007 2764 ἀτροφίαν

2442 2795 2534 2846 τοῦ
2566 2795 2819 2860 ὁρατικοῦ
2858 2792 3023 2859 πόρου
3057 2792 3088 2860 ἡ
3123 2788 3540 2855 ἀπογλαύκωσις
3573 2788 3886 2857 συμϐαίνει,
3918 2789 4008 2838 καὶ

2444 2890 2522 2939 ὅτι
2573 2890 2668 2954 οὐχ
2702 2884 2889 2945 οὕτως.
2915 2891 2973 2936 ιε’
3001 2886 3081 2935 ὅτι
3112 2884 3237 2951 παρ’
3268 2883 3553 2949 ἔμπτωσιν
3590 2882 3634 2914 ⁸⁸
3673 2884 3903 2949 αἵματος
3934 2882 4010 2941 εἰς

2444 2979 2533 3028 τὸν
2584 2976 2833 3045 ὁρατικὸν
2873 2975 3040 3043 πόρον
3089 2977 3119 3042 ἡ
3178 2973 3617 3040 ἀπογλαύκωσις,
3659 2974 3751 3025 καὶ
3808 2972 4009 3038 ὄτιοὺχ

2448 3067 2638 3128 οὕτως.
2702 3072 2775 3129 ις’
2806 3067 2885 3117 ὅτι
2938 3064 3058 3117 καθ’
3109 3064 3288 3132 ὑγρῶν
3336 3064 3507 3133 πάχος
3556 3068 3648 3115 καὶ
3690 3064 4013 3131 διαπνοὴνίν

780 3176 883 3213 non
942 3159 1020 3211 lit.
1086 3157 1172 3210 17.
1228 3155 1592 3208 Phrenitidem
1655 3155 1768 3207 lieri
1822 3167 1915 3222 per
1958 3153 2410 3230 distensionemc

2443 3168 2474 3236 ἠ
2504 3163 2941 3229 ἁπογλαύκωσις,
2971 3161 3064 3213 καὶ
3102 3162 3181 3212 ὅτι
3209 3162 3303 3227 οὐχ
3329 3159 3519 3219 οὕτως.
3560 3158 3675 3228 [5Η
3704 3157 3793 3227 Ιῖ.]
3824 3159 3887 3219 ιζ’
3933 3158 4009 3209 ὅτι

778 3250 1079 3317 nteningis,
1133 3248 1517 3315 sanguinisque
1550 3246 1950 3311 corruptionem
1988 3263 2001 3297 :
2034 3256 2088 3297 et
2119 3261 2222 3299 non
2263 3245 2337 3298 ita

783 3342 918 3395 ﬁeri.
975 3341 1059 3394 18.
1096 3339 1172 3393 Ex
1224 3338 1421 3392 caloris
1466 3352 1697 3389 excessu
1752 3337 1895 3389 nasci
1926 3336 2281 3403 phrenitidem
2323 3351 2339 3390 :

779 3442 831 3485 et
860 3448 966 3485 non
998 3434 1146 3485 item.
1208 3432 1298 3483 19.
1332 3430 1436 3482 Per
1476 3429 1949 3482 inﬂammationem
1983 3429 2340 3495 phrenitidem

778 3525 923 3577 nasci
952 3540 967 3577 :
996 3533 1047 3577 et
1066 3540 1169 3577 non
1188 3524 1334 3577 item.
1367 3521 1457 3576 20.
1492 3521 1812 3590 Lethargum
1837 3535 1897 3573 ex
1923 3520 2343 3573 inﬂammatione

782 3615 896 3667 tieri
926 3631 940 3667 :
970 3622 1025 3665 et
1053 3628 1159 3665 non
1194 3613 1288 3664 ita.
1365 3609 1458 3663 2|.
1494 3607 1599 3661 Per
1626 3608 2013 3660 distensionem
2039 3606 2344 3673 corruptio-

784 3718 1009 3771 nemque
1037 3702 1371 3771 lethargicos
1401 3702 1511 3753 iieri
1540 3720 1551 3754 :
1581 3712 1752 3753 etnon
1787 3700 1937 3751 item.
1978 3698 2067 3749 22.
2098 3698 2199 3750 Per
2223 3697 2342 3748 nni-

781 3809 996 3847 versum
1044 3808 1240 3861 corpus
1302 3790 1526 3845 diﬂ‘undi
1575 3793 1868 3859 appetitum
1932 3791 2120 3844 edendi
2183 3802 2345 3856 atque

784 3886 995 3938 bibendi
1036 3903 1049 3938 :
1089 3896 1143 3938 et
1196 3891 1404 3937 tantum
1469 3883 1519 3936 in
1570 3884 1852 3936 stomacho
1898 3884 2176 3935 exsistere.
2253 3882 2342 3933 25.

785 3976 987 4031 Edendi
1036 3986 1198 4045 atquc
1241 3976 1455 4031 bibendi
1513 3978 1810 4045 appetitum
1860 3976 1910 4028 in
1962 3977 2346 4042 imaginatione

784 4069 945 4120 situm
987 4082 1127 4121 esse.
1213 4068 1301 4122 24.
1342 4068 1415 4121 Ex
1449 4068 1729 4120 humorum
1768 4065 1944 4131 inopia
1976 4066 2119 4116 sitim
2151 4064 2299 4116 nasci
2330 4080 2343 4115 :

784 4169 836 4212 ct
870 4175 972 4214 non
1023 4162 1169 4214 item.
1224 4159 1313 4216 25.
1371 4160 1425 4213 ltt
1486 4161 1767 4213 stomacho
1804 4158 2068 4223 duplicem
2118 4158 2343 4224 spectari

786 4252 1049 4305 etiiciendi
1084 4252 1189 4303 vim
1225 4270 1238 4304 :
1275 4262 1329 4305 et
1380 4267 1504 4305 vero
1552 4251 1793 4305 minime.
1840 4250 1931 4303 26.
1987 4249 2345 4317 lnferior(H)

786 4344 988 4397 cerebri
1022 4345 1269 4413 pellicula
1302 4345 1353 4396 in
1388 4346 1723 4398 concavitate
1751 4342 2070 4410 principium
2103 4353 2179 4395 est
2227 4357 2347 4393 ner-

786 4450 972 4488 vorum
1006 4453 1019 4487 :
1057 4443 1110 4486 et
1146 4448 1272 4488 vero
1303 4434 1545 4496 minime,
1597 4434 1689 4487 sed
1715 4435 1973 4485 exterior.
2044 4431 2131 4484 27.
2174 4430 2345 4484 Phar—

788 4523 1163 4577 tnacatdiﬂusa
1202 4540 1295 4593 per
1330 4540 1525 4590 corpus
1558 4540 1816 4593 purgare;
1849 4534 1902 4576 et
1926 4540 2027 4576 non
2069 4524 2216 4583 item,
2257 4523 2348 4575 sed
2375 4502 2428 4559 D

788 4616 902 4682 ipso
952 4614 1177 4683 allapsu.
1237 4614 1325 4667 28.
1385 4612 1500 4666 Νυη
1552 4630 1669 4667 esse
1698 4614 1952 4666 utendum
1997 4614 2347 4681 purgantibus

789 4703 1199 4757 medicamentis
1234 4720 1247 4756 :
1282 4705 1390 4757 imo
1422 4719 1560 4759 esse.
1618 4704 1707 4756 29.
1756 4704 1873 4757 Vini
1909 4704 2155 4757 haustum
2188 4701 2353 4755 febri-

787 4790 1077 4846 citantibus
1127 4808 1246 4846 esse
1293 4794 1689 4846 concedendum
1728 4812 1739 4845 :
1777 4802 1829 4845 et
1885 4810 1986 4845 non
2034 4808 2173 4857 esse,
2232 4807 2352 4845 cum

790 4884 1129 4949 perniciosus
1162 4883 1253 4935 sit.
1324 4883 1412 4936 50.
1477 4882 1674 4936 Balnea
1727 4884 2165 4937 febricitantibus
2200 4883 2353 4937 utilia

788 4990 955 5027 esse:
993 4976 1097 5026 itno
1158 4975 1314 5028 noxia
1367 4989 1508 5028 esse.
1575 4976 1661 5027 51.
1714 4976 1770 5027 In
1824 4975 2135 5027 morborum
2172 4976 2348 5028 incre-

792 5065 1233 5136 tuetttist-lystere
1265 5068 1554 5119 utendum:
1590 5080 1641 5118 et
1670 5083 1773 5118 non
1806 5067 2083 5121 utendum.
2127 5066 2213 5118 5'2.
2240 5064 2351 5117 Non

792 5171 911 5208 esse
970 5158 1279 5210 morborum
1328 5156 1480 5209 initio
1524 5158 1865 5210 unctionibus
1916 5160 2169 5210 tttendunt
2202 5176 2213 5209 :
2248 5159 2356 5211 imo

794 5247 844 5299 id
870 5248 1093 5314 perutile
1110 5263 1249 5301 esse.
1279 5248 1367 5301 55.
1386 5248 1558 5307 Caput
1591 5250 1987 5313 cataplasmatis
2011 5250 2306 5302 curandum
2339 5268 2351 5304 :

790 5348 840 5389 et
893 5354 997 5391 non
1054 5340 1207 5402 item,
1272 5341 1363 5394 sed
1413 5340 1709 5395 olfactoriis
1751 5340 2013 5395 duntaxat
2069 5344 2346 5397 utendum.

2448 3260 2479 3327 ἡ
2524 3260 2763 3327 φρενῖτις
2806 3254 2947 3307 κατὰ
2976 3254 3221 3306 διάτασιν
3249 3251 3347 3319 τῆς
3387 3254 3645 3321 μήνιγγος
3678 3252 3767 3303 καὶ
3808 3249 4016 3320 φθορὰν

2440 3350 2532 3401 τοῦ
2556 3350 2781 3414 αἵματος
2818 3344 3045 3413 γίνεται,
3080 3344 3170 3396 καὶ
3200 3344 3395 3411 ὃτιούχ
3434 3342 3625 3403 οὕτως.
3664 3349 3731 3411 ιη’
3765 3344 3846 3393 ὅτι
3878 3341 4015 3393 κατὰ

2444 3438 2743 3509 Θερμασίας
2802 3435 3141 3503 πλεονασμὸν
3194 3436 3223 3504 ἡ
3282 3438 3521 3505 φρενῖτις
3574 3434 3879 3502 συμϐαίνει,
3924 3435 4013 3484 και

2444 3532 2521 3582 ὅτι
2553 3530 2645 3596 οὐχ
2672 3527 2861 3589 οὕτως.
2931 3526 2993 3578 ιϐ’
3015 3526 3096 3578 ὅτι
3129 3526 3216 3577 διὰ
3236 3526 3543 3594 φλεγμονὴν
3577 3526 3609 3593 ὴ
3635 3525 3895 3593 φρενῖτις,
3923 3522 4013 3573 καὶ

2444 3621 2523 3672 ὃτι
2573 3622 2669 3687 οὐχ
2722 3618 2910 3679 οὕτως.
2941 3624 2986 3669 κ’
3039 3618 3120 3668 ὅτι
3180 3618 3207 3668 ὁ
3253 3616 3524 3685 λήθαργος
3580 3615 3664 3666 διὰ
3708 3613 4015 3682 φλεγμονὴν

2444 3708 2677 3773 γίνεται,
2724 3706 2812 3756 καὶ
2852 3705 2932 3756 ὅτι
2985 3704 3080 3772 οὐχ
3122 3702 3313 3765 οὕτως.
3348 3708 3433 3753 κα’
3460 3703 3539 3753 ὅτι
3584 3702 3723 3753 κατὰ
3773 3700 4019 3752 διάτασιν

2444 3798 2493 3848 οἰ
2520 3796 2840 3865 ληθαργικοι
2886 3795 2979 3847 καὶ
3040 3794 3266 3863 φθορὰν,
3301 3795 3394 3844 καὶ
3438 3793 3517 3844 ὅτι
3554 3793 3651 3861 οὐχ
3681 3791 3875 3851 οὕτως.
3933 3790 4014 3857 κβ’

2446 3890 2525 3940 ὅτι
2570 3889 2614 3918 "°
2661 3890 2788 3955 περὶ
2818 3888 2937 3939 ὅλον
2963 3886 3021 3938 τὸ
3052 3887 3209 3953 σῶμα
3267 3888 3299 3953 ἡ
3331 3884 3422 3937 τοῦ
3478 3888 3621 3937 πιεῖν
3675 3885 3766 3935 καὶ
3823 3885 4017 3950 φαγεῖν

2449 3980 2759 4029 σονῖσταται
2787 3976 2985 4043 ὄρεξις,
3008 3977 3100 4028 καὶ
3135 3978 3215 4027 ὅτι
3243 3977 3369 4045 περὶ
3412 3976 3570 4044 μόνον
3597 3976 3686 4026 τὸν
3726 3974 4013 4042 στόμαχον.

2447 4069 2529 4136 κγ’
2564 4072 2643 4121 ὅτι
2697 4071 2728 4137 ή
2788 4068 2880 4119 τοῦ
2922 4072 3114 4135 φαγεῖν
3164 4069 3256 4119 καὶ
3315 4070 3457 4119 πιεῖν
3506 4067 3681 4136 ὄρεξις
3736 4068 3866 4134 περὶ
3909 4066 4016 4117 διά-

2448 4180 2613 4214 νοιαν.
2652 4161 2727 4212 κδ’
2752 4162 2833 4213 ὃτι
2894 4161 3014 4212 καθ’
3060 4160 3241 4230 ὑγρῶν
3290 4160 3496 4211 ἔνδειαν
3529 4161 3587 4211 τὸ
3614 4159 3787 4225 δίψος,
3825 4160 3917 4210 καὶ
3942 4160 4017 4210 ὅτι

2447 4252 2542 4320 οὔχ
2576 4249 2766 4311 οὕτως.
2834 4257 2911 4301 κε’
2968 4252 3045 4301 ὅτι
3108 4251 3235 4318 περὶ
3274 4251 3361 4301 τὸν
3417 4250 3682 4317 στόμαχον
3730 4248 3890 4318 διπλῆ
3939 4265 4018 4310 τις

2447 4345 2638 4410 ὁρᾶται
2662 4342 2928 4409 ἐνέργεια,
2955 4341 3047 4391 καὶ
3068 4342 3146 4391 ὅτι
3174 4340 3269 4407 οὐχ
3292 4339 3484 4401 οὕτως.
3511 4347 3599 4403 κς¹
3630 4340 3711 4391 ὅτι
3742 4341 3775 4408 ἡ
3804 4341 3847 4371 ⁷¹
3875 4341 4019 4398 ἐντος

2459 4432 2582 4504 [279
2617 4431 2705 4499 Η.)
2746 4430 2942 4500 μῆνιγξ
2986 4433 3017 4500 ἡ
3061 4434 3118 4483 έν
3143 4430 3221 4498 τῷ
3253 4430 3555 4498 κοιλώματι
3584 4431 3722 4499 ἀρχὴ
3753 4430 3865 4481 τῶν
3906 4428 4019 4480 vsti-

2457 4542 2565 4593 ρων
2603 4526 2737 4587 ἐστὶ,
2781 4524 2871 4575 καὶ
2896 4524 2976 4575 ὅτι
3015 4524 3111 4593 οὐχ
3154 4522 3345 4585 οὕτως,
3378 4522 3492 4576 ἀλλ’
3522 4525 3557 4593 ἡ
3590 4523 3763 4584 ἐκτός.
3820 4522 3903 4583 κζ’
3944 4523 4021 4573 ὅτι

2448 4616 2799 4683 ἀναδιδόμενα
2813 4616 2877 4665 τά
2901 4616 3165 4684 φάρμακα
3186 4614 3462 4685 καθαίρει,
3482 4617 3576 4666 καὶ
3602 4616 3681 4666 ὅτι
3707 4614 3805 4683 οὐχ
3826 4615 4018 4675 οὕτως,

2450 4708 2582 4760 ἀλλὰ
2636 4708 2774 4759 κατὰ
2815 4708 2911 4777 τὴν
2964 4708 3329 4775 πρόσπτωσιν.
3390 4714 3473 4775 κη’
3517 4706 3597 4758 ὅτι
3643 4706 3703 4757 οὐ
3760 4706 4023 4773 χρηστέον

2452 4803 2565 4861 τοῖς
2616 4800 3106 4868 καθαρτικοῖς,καὶ
3154 4798 3234 4849 ὅτι
3285 4798 3571 4866 χρηστέον.
3628 4796 3821 4848 κθ⁹ὄτι
3881 4796 4020 4847 οἴνου

2456 4889 2598 4941 δόσει
2636 4888 2897 4957 χρηστέον
2954 4886 3182 4939 ἐπὶτῶν
3228 4886 3628 4956 πυρεσσόντων,
3656 4886 3747 4937 καὶ
3800 4884 4021 4937 τούναν-

2457 4981 2571 5032 τίον
2594 4982 2672 5032 ὅτι
2701 4980 3033 5048 ἀσύμφορον.
3068 4980 3109 5031 λ’
3141 4980 3221 5030 ὅτι
3252 4977 3477 5046 λουτρὸν
3502 4978 3610 5038 τοῖς
3637 4976 4020 5045 πυρέσσουσι⁷¹

2460 5072 2744 5130 λυσιτελεῖ.
2774 5073 2865 5123 καὶ
2900 5073 2978 5124 ὅτι
3002 5071 3339 5140 ἀσύμφορον.
3362 5069 3441 5120 λα’
3468 5068 3550 5119 ὅτι
3577 5066 3657 5119 δεῖ
3682 5069 3739 5118 ὲν
3760 5067 3882 5129 ταῖς
3916 5069 4019 5119 ἑπι-

2459 5163 2655 5215 τάσεσι
2676 5163 2783 5215 τῶν
2812 5164 2980 5213 νόσων
3016 5162 3247 5225 κλύζειν,
3305 5164 3399 5213 καὶ
3421 5161 3502 5212 ὅτι
3533 5160 3591 5211 οὐ
3632 5158 3912 5227 προσῆκον
3959 5159 4021 5208 ⁷³.

2458 5254 2535 5322 λβ¹
2567 5256 2647 5305 ὅτι
2672 5256 2731 5306 οὺ
2763 5254 2842 5305 δεῖ
2859 5253 2977 5303 κατ’
3016 5253 3186 5323 ἀρχάς
3202 5250 3487 5318 ὑπαλείψει
3520 5249 3778 5319 χρῆσθαι,
3814 5249 3907 5301 καὶ
3943 5249 4018 5298 ὅτι

2460 5348 2757 5415 συμφέρον.
2816 5343 2892 5413 λγ¹
2942 5346 3021 5397 ὃτι
3066 5344 3144 5396 δεῖ
3195 5342 3594 5395 καταπλάττειν
3642 5343 3740 5406 τὴν
3765 5340 4024 5407 κεφαλὴν,

2094 5453 2325 5510 VARle
2366 5456 2765 5514 LECTI‘)NES.

865 5544 907 5573 ⁸⁵
938 5546 1043 5611 ἡ-
1066 5544 1387 5613 ἐξωράῐσται
1416 5546 1455 5597 Α
1483 5565 1494 5598 :
1528 5545 1623 5597 καὶ
1652 5547 1753 5613 ἠτ-
1784 5546 2135 5614 ὲξωραῖζεται
2166 5566 2220 5611 ς.

795 5614 1186 5683 παρέμπτωσις
1212 5633 1269 5678 ς.
1345 5617 1388 5646 θ’
1419 5616 1505 5667 διά
1532 5619 1699 5685 πνοήν
1723 5634 1781 5680 ς.
1861 5618 1902 5647 ⁷ο
1921 5620 2082 5670 ὀτιόὺ
2104 5618 2229 5687 περί
2264 5637 2322 5682 ς,

2302 5551 2344 5579 ⁸⁸
2372 5550 2627 5602 διατείνει
2660 5570 2718 5614 ς.

2406 5620 2447 5649 τι
2486 5623 2516 5689 ἡ
2550 5623 2667 5675 add.
2702 5623 2766 5675 A.

2820 5552 2863 5582 "
2896 5551 3069 5620 μόνων
3104 5549 3220 5601 add.
3265 5550 3329 5605 Α.
3404 5546 3448 5580 ⁸⁸
3473 5546 3908 5620 παρ’-ξμπτωσιν
3944 5544 4022 5596 A:

2842 5613 3039 5683 η’τοϋς
3078 5620 3448 5688 πυρέσσοντας
3474 5613 3565 5683 ς.“
3608 5613 3940 5685 ηπροσήκει
3963 5630 4022 5676 ς.

2286 5711 2507 5769 VOTJE.

878 5799 987 5868 ill)
1030 5800 1189 5868 Supr.
1216 5817 1333 5869 cap.
1369 5800 1471 5865 83,
1505 5802 1535 5869 ἡ
1568 5801 1742 5864 ὶκτός.
