4196 6442
252 418 359 480 693

1406 424 1925 484 BIBLIOTHECA.
1955 447 2023 459 ·-
2057 427 2217 488 COD.
2259 428 2481 490 CCXII-

3391 431 3495 495 694

249 531 346 582 καὶ
370 532 456 583 ὅτι
502 529 564 582 οὐ
593 529 691 593 δεῖ,
718 532 827 593 τοῖς
854 530 900 583 δ’
922 531 1249 601 όσφραντοῖς
1279 534 1438 601 μόνον
1464 535 1720 603 χρῆσθαι.
1752 530 1825 586 λδ¹
1854 539 1900 593 Α

1854 539 1900 593 Δ
1928 533 2016 588 34.
2064 535 2311 593 Vomitus
2374 543 2809 608 provocationem
2868 543 3003 599 nihil
3047 546 3349 615 prodesse:
3384 545 3494 600 lmo

249 621 333 672 ὃτι
389 620 709 689 ἑμετοποιία
757 621 1095 692 ἀσύμφορον,
1125 622 1219 675 καὶ
1270 623 1352 676 ὅτι
1399 626 1698 694 συμφέρον.
1748 624 1820 678 λε’

250 711 332 761 ὅτι
360 712 460 778 οὐχ
511 711 810 780 ἐπιπέμπει
845 714 877 780 ή
910 712 1107 781 καρδία
1136 708 1294 783 αἷμα,
1324 714 1418 767 καὶ
1454 714 1535 767 ὃτι
1588 717 1823 785 ἐπιπέμ-

252 815 366 850 πει.
403 800 493 864 λς’
522 801 605 852 ὃτι
632 800 730 869 οὐχ
779 801 813 869 ἡ
865 802 1061 870 καρδία
1102 803 1162 854 τὸ
1227 801 1443 871 πνεῦμα
1494 804 1819 875 ἐπιπέμπει,

251 888 370 939 ἀλλ’
400 892 456 940 αἱ
485 890 740 959 ἀρτηρίαι
792 890 1027 954 ἕλκουσι,
1063 893 1155 945 καὶ
1206 892 1287 945 ὃτι
1344 891 1602 962 ἔμπαλιν.
1638 895 1713 959 λζ’
1742 897 1820 949 ὄτι

253 980 313 1043 ἐξ
343 980 544 1050 ἑαυτῆς
566 983 598 1049 ἡ
634 980 830 1050 καρδία
860 987 1109 1047 κινεῖται,
1137 985 1231 1037 καὶ
1249 985 1329 1036 ὅτι
1362 985 1461 1037 οὐκ
1494 986 1554 1049 ἐξ
1596 986 1817 1054 ἑαυτῆς.

251 1069 335 1137 λη’
371 1071 455 1122 ὅτι
488 1072 626 1123 κατὰ
646 1071 806 1140 φύσιν
838 1067 975 1142 αἷμα
1012 1075 1071 1125 ὲν
1104 1075 1395 1145 ἀρτηρίαις
1443 1076 1697 1146 ὑπάρχει,
1722 1081 1817 1131 καὶ

251 1156 336 1206 ὅτι
363 1157 466 1226 οὐχ
503 1158 731 1227 αἵματος
765 1160 818 1210 αἱ
849 1160 1108 1230 ἀρτηρίαι
1129 1164 1370 1228 ἀγγεῖον.
1412 1161 1487 1214 λθ¹
1519 1164 1601 1215 ὅτι
1646 1164 1821 1217 πάντα

250 1248 320 1298 τὰ
348 1249 548 1315 ἀγγεῖα
578 1250 634 1301 ἐν
671 1248 750 1319 τῷ
781 1249 929 1321 ὄγκῳ
950 1252 1097 1305 ἁπλᾶ
1127 1254 1265 1317 ἐστι,
1292 1254 1384 1306 καὶ
1401 1254 1480 1306 ὅτι
1534 1254 1823 1325 πλέγματά

252 1340 426 1392 ἐστιν.
478 1340 531 1408 μ’
570 1342 650 1393 ὅτι
679 1342 765 1395 διά
806 1343 846 1373 ⁷⁸
885 1343 993 1395 τῶν
1048 1344 1318 1414 νεύρωνὴ
1357 1345 1607 1413 αἴσθησις
1659 1349 1752 1400 καὶ
1787 1350 1818 1419 ἡ

253 1431 473 1499 κίνησις
505 1432 599 1484 τοῦ
636 1433 795 1497 ζὼου,
826 1436 918 1487 καὶ
949 1436 1030 1489 ὅτι
1067 1438 1165 1506 οὐχ
1203 1436 1395 1500 οὕτως.
1425 1439 1515 1506 μα’
1542 1440 1623 1491 ὅτι
1677 1442 1819 1511 ἁρχὴ

251 1520 472 1586 φλεϐῶν
512 1524 544 1593 ἡ
574 1524 768 1594 καρδία
799 1566 814 1591 ,
848 1527 942 1578 καὶ
973 1527 1053 1579 ὅτι
1092 1529 1191 1579 οὐκ
1218 1530 1382 1598 ἀρχή.
1418 1528 1502 1597 μβ¹
1530 1532 1612 1583 ὅτι
1667 1527 1819 1602 ἦπαρ

248 1613 397 1682 ἁρχὴ
426 1615 657 1682 φλεϐῶν,
687 1618 779 1669 καὶ
825 1620 903 1671 ὅτι
953 1619 1050 1670 οὐκ
1088 1620 1250 1689 ἀρχή.
1322 1619 1410 1688 μγ¹
1436 1622 1518 1674 ὅτι
1556 1624 1587 1691 ή
1642 1625 1818 1677 κοιλία

250 1706 471 1771 φλεϐῶν
511 1709 673 1778 ἁρχὴ,
702 1713 794 1761 καὶ
812 1711 892 1762 ὅτι
922 1711 1020 1761 οὐκ
1045 1712 1205 1780 ἀρχή.
1244 1711 1330 1781 μδ’
1353 1713 1433 1763 ὅτι
1462 1716 1677 1765 πάντων
1712 1717 1818 1768 τῶν

246 1798 493 1863 ἀγγείων
522 1799 663 1867 ἀρχὴ
728 1798 973 1867 μῆνιγξ,’
1009 1801 1103 1852 καὶ¹
1145 1802 1191 1832 ⁷⁸
1260 1801 1341 1851 ὅτι
1373 1802 1472 1853 οὐκ
1524 1802 1689 1873 ἀρχή.
1737 1811 1819 1873 με’

1929 626 2112 683 utilem
2158 644 2295 685 esse.
2357 633 2446 689 35.
2484 634 2593 690 Cor
2613 636 2864 693 emittere
2883 639 3201 710 sanguinem
3238 653 3337 695 :et
3362 655 3496 696 con-

1928 728 2010 774 tra
2043 736 2147 775 non
2202 724 2471 783 emittere.
2536 728 2627 783 36.
2668 728 2774 783 Cor
2795 744 2901 785 non
2942 731 3195 787 emittere
3220 733 3490 801 spiritum,

1926 814 2022 868 sed
2072 816 2302 870 arterias
2348 817 2527 885 potius
2577 820 2751 887 ipsum
2805 822 3129 877 attrahere:
3169 831 3223 878 et
3274 834 3489 880 contra.

1924 903 2013 957 37.
2056 905 2162 958 Cor
2184 920 2214 959 a
2243 906 2422 975 seipso
2438 910 2639 964 moveri
2670 927 2683 962 :
2719 912 2827 963 imo
2862 926 2967 965 non
3011 925 3040 965 a
3063 914 3261 981 seipse.
3299 912 3490 984 16εὸ

1924 995 2010 1050 58.
2032 994 2361 1065 Sanguinem
2394 1011 2584 1056 natura
2632 1003 2686 1056 in
2726 1003 2941 1059 arteriis
2966 1004 3229 1059 exsistere
3263 1022 3277 1059 :
3314 1016 3369 1059 et
3403 1021 3491 1057 ar-

1927 1095 2093 1145 terias
2145 1107 2248 1146 non
2290 1108 2409 1149 esse
2437 1094 2715 1163 sanguinis
2746 1097 3163 1165 receptaculum.
3225 1097 3313 1152 39.
3348 1097 3489 1151 Vasa

1926 1182 2108 1236 omnia
2142 1183 2195 1236 in
2225 1197 2435 1237 summo
2467 1184 2657 1252 simpla
2688 1199 2809 1240 esse
2846 1204 2859 1240 :
2903 1186 3011 1241 imo
3035 1186 3231 1256 plicata
3258 1200 3377 1243 esse
3407 1197 3490 1241 at-

1925 1288 2031 1342 que
2079 1273 2337 1328 involuta.
2394 1274 2484 1330 40.
2518 1274 2624 1331 Per
2653 1292 2849 1333 nervos
2876 1292 3093 1333 sensum
3123 1292 3245 1333 esse
3289 1287 3341 1330 et
3372 1293 3489 1331 mo-

1928 1371 2039 1415 tum
2088 1362 2381 1417 animantis
2411 1381 2423 1417 :
2456 1372 2511 1417 et
2542 1379 2647 1418 non
2671 1379 2790 1420 esse
2812 1365 3158 1436 principium.
3196 1366 3287 1421 ll.
3316 1365 3493 1419 Vena-

1930 1467 2048 1505 rum
2078 1467 2175 1506 cor
2199 1467 2321 1508 esse
2355 1454 2679 1523 principium
2706 1473 2719 1510 :
2752 1464 2806 1510 et
2847 1471 2951 1509 non
2977 1469 3097 1511 esse
3126 1456 3488 1526 principium;

1926 1542 2014 1597 42.
2046 1541 2195 1598 Jecui
2217 1560 2474 1599 venarum
2502 1560 2619 1600 esse
2641 1548 2965 1616 principium
2999 1566 3013 1603 :
3046 1557 3103 1603 et
3148 1564 3363 1603 rursum
3381 1563 3488 1603 non

1925 1650 2064 1691 esse.
2096 1636 2182 1689 45.
2213 1635 2255 1689 Ε
2276 1638 2572 1691 ventriculo
2590 1652 2755 1693 venas
2780 1639 2957 1694 nasci:
2978 1649 3032 1694 et
3062 1655 3169 1695 non
3199 1642 3370 1695 nasci.
3395 1640 3487 1695 Η.

1926 1728 2176 1784 Omnium
2199 1743 2447 1784 vasorum
2462 1730 2784 1800 principium
2804 1746 2925 1786 esse
2938 1733 3209 1799 meninga,
3230 1747 3325 1787 seu
3339 1747 3487 1787 cere-

1925 1822 2008 1876 bri
2041 1821 2274 1875 tunicam
2304 1839 2317 1874 :
2342 1832 2398 1875 et
2434 1837 2537 1875 non
2569 1838 2711 1877 esse.
2770 1822 2859 1878 45.
2900 1823 3159 1893 Spiritum
3189 1839 3313 1879 esse
3338 1831 3483 1879 arte-

243 1887 326 1937 ὅτι
361 1885 578 1955 πνεῦμα
603 1888 878 1957 ἀρτηριῶν
908 1890 1071 1971 ἀρχὴ,
1102 1892 1195 1943 καὶ
1229 1892 1310 1943 ὅτι
1333 1892 1430 1943 οὐκ
1461 1892 1607 1945 ἔστιν
1650 1895 1813 1964 ἀρχή.
1850 1892 1889 1945 Β

1850 1892 1889 1945 Β
1922 1916 2122 1968 riarum
2155 1914 2417 1983 originem
2445 1932 2457 1967 :
2483 1923 2537 1968 et
2566 1928 2758 1969 contra
2806 1932 2912 1971 non
2955 1931 3095 1973 esse.
3148 1918 3239 1974 46.
3270 1918 3483 1974 Arteria

244 1984 342 2044 μςδ
371 1979 509 2047 ὁτιή
542 1979 690 2046 παρά
708 1979 807 2048 τὴν
826 1981 1042 2049 ράχιν⁷⁶
1062 1981 1301 2050 ἀρτηρία
1328 1984 1606 2052 ἀρτηριῶν
1649 1987 1810 2055 ἁρχὴ,

240 2070 341 2122 καὶ
359 2071 443 2122 ὅτι
471 2070 571 2123 οὐκ
596 2072 757 2139 ἀρχή.
783 2072 869 2141 μζ
895 2073 1027 2142 ὁτιὴ
1053 2074 1249 2143 καρδία
1277 2076 1419 2145 ἀρχὴ
1444 2078 1719 2148 ἀρτηριῶν
1742 2080 1811 2141 ⁷⁷,

241 2162 337 2212 καὶ
376 2162 459 2213 ὅτι
497 2160 595 2213 οὐκ
640 2162 802 2232 ἀρχή.
842 2160 930 2232 μη¹
980 2164 1058 2217 ὅτι
1094 2164 1192 2235 οὐχ
1225 2165 1269 2197 ⁷⁸
1318 2167 1348 2236 ἡ
1419 2167 1615 2235 καρδία
1670 2168 1811 2238 ἀρχὴ

239 2252 473 2322 νεύρων,
508 2252 621 2304 ἀλλ’
658 2255 691 2323 ἡ
736 2254 1062 2324 περιέχουσα
1107 2255 1198 2308 τὸν
1257 2256 1563 2324 ἐγκέφαλον
1588 2258 1809 2328 μῆνιγξ,

240 2343 339 2393 καὶ
380 2343 464 2394 ὅτι
512 2343 611 2395 οὐκ
641 2344 806 2413 ἀρχή.
846 2345 935 2414 μθ⁹
974 2345 1056 2397 ὅτι
1084 2346 1145 2398 οὐ
1180 2348 1308 2416 περὶ
1333 2348 1558 2416 καρδίαν
1586 2348 1648 2401 τὸ
1694 2349 1809 2401 δια-

237 2434 513 2501 νοητικδν,
557 2434 693 2487 ἀλλά
754 2437 884 2505 περὶ
933 2437 1197 2509 κεφαλὴν,
1237 2438 1332 2491 καὶ
1382 2440 1464 2493 ὄτι
1519 2441 1808 2495 ἀνάπαλιν.

234 2523 279 2575 ν’
319 2526 404 2577 ὅτι
443 2525 503 2577 τὺ
531 2526 866 2595 διανοητικόν
889 2529 1005 2581 ἐστι
1034 2531 1161 2599 περὶ
1189 2532 1289 2600 τὴν
1311 2531 1482 2602 μέσην
1508 2536 1602 2588 τοῦ
1652 2537 1809 2603 ἐγκεε-

239 2616 416 2682 φάλου
442 2616 672 2682 κοιλίαν,
698 2620 791 2670 καὶ
818 2619 899 2671 ὅτι
920 2620 1017 2691 οὺχ
1050 2620 1242 2685 οὕτως.
1273 2620 1458 2676 Ταῦτα
1491 2626 1584 2679 καὶ
1606 2628 1640 2697 ἢ
1675 2628 1810 2680 ὑπό-

233 2709 392 2772 θεσις
416 2708 758 2764 διατείνεται.

945 2806 1089 2862 ΣΙΒ’.

479 2897 890 2967 Αἰνησιδήμου
916 2902 1269 2968 Πυρῤωνίων
1295 2906 1463 2973 λόγοι
1490 2906 1563 2973 η’.

319 2986 766 3057 Ἀνεγνώσθησαν
809 2990 1174 3062 Αἰνησιδήμου
1246 2998 1600 3063 Πυρῤωνίων
1664 3000 1808 3067 λόγοι

229 3084 304 3143 η’.
320 3076 384 3128 Ἠ
404 3078 503 3144 μὲν
518 3080 613 3146 ὅλη
634 3080 884 3149 πρόθεσις
903 3081 994 3133 τοῦ
1013 3082 1215 3150 βιϐλίου
1233 3085 1523 3153 βεϐαιῶσαι
1551 3091 1632 3142 ὅτι
1656 3092 1808 3143 οὐδὲν

231 3168 457 3237 βέϐαιον
479 3171 557 3231 είς
590 3171 909 3241 κατάληψιν,
938 3173 1059 3226 οὔτε
1089 3176 1155 3227 δι’
1186 3178 1509 3246 αίσθήσεως,
1539 3181 1654 3233 ἀλλ’
1680 3182 1804 3236 οὔτε

233 3260 345 3328 μὴν
396 3261 486 3312 διὰ
518 3263 751 3330 νοήσεως
787 3280 801 3293 ·
831 3263 912 3316 διὸ
957 3264 1079 3318 οὔτε
1109 3269 1234 3330 τοὺς
1288 3269 1634 3339 Πυρρωνίους
1682 3273 1806 3328 οὕτε

225 3353 361 3413 τοὺς
398 3352 589 3414 ἄλλους
617 3355 813 3407 εἰδέναι
842 3356 939 3425 τὴν
960 3358 1017 3410 ὲν
1041 3361 1150 3421 τοῖς
1179 3359 1327 3411 οὖσιν
1378 3362 1655 3431 ἀλήθειαν,
1676 3366 1811 3418 ἀλλά

228 3446 362 3505 τοὺς
394 3444 493 3511 μὲν
523 3447 641 3496 κατ’
666 3446 831 3515 ἄλλην
853 3448 1065 3518 αἰρεσιν
1107 3451 1527 3519 φιλοσοφοῦντας
1585 3458 1798 3523 ἀγνοεῖν

225 3554 289 3588 τε
310 3533 484 3589 τᾶλλα
508 3539 597 3589 καὶ
616 3539 840 3601 ἑαυτοὺς
862 3541 1038 3609 μάτην
1066 3543 1413 3612 κατατρίϐειν
1440 3548 1533 3600 καὶ
1561 3547 1808 3619 δαπανᾷν

229 3627 520 3694 συνεχέσιν
548 3627 748 3689 ἀνίαις.
776 3626 901 3697 [544
917 3628 1008 3699 R.]
1039 3632 1129 3681 καὶ
1160 3634 1289 3684 αὐτὸ
1316 3634 1371 3685 δὲ
1392 3636 1546 3687 τοῦτο
1571 3639 1805 3703 ἀγνοεῖν,

226 3718 316 3768 ὅτι
344 3716 501 3768 οὐδὲν
528 3718 708 3779 αὐτοῖς
735 3720 840 3771 τῶν
865 3720 1131 3783 δοξάντων
1175 3726 1254 3785 είς
1286 3727 1588 3796 κατάληψιν
1613 3729 1805 3799 ἐληλυ-

229 3808 391 3859 Θέναι
420 3807 801 3877 κατείληπται.
850 3811 914 3863 '0
936 3812 991 3863 δὲ
1037 3815 1176 3866 κατά
1212 3815 1473 3887 Πύρρωνα
1505 3823 1807 3887 φιλοσοφῶν

227 3900 378 3953 τάτε
416 3899 551 3952 ἄλλα
586 3902 889 3971 εὐδαιμονεῖ
929 3905 1021 3955 καὶ
1063 3907 1223 3972 σοφός
1257 3909 1370 3959 ἐστι
1428 3910 1521 3961 τοῦ
1568 3912 1805 3980 μάλιστα

226 3993 435 4045 εἰδέναι
460 3993 541 4044 ὃτι
605 3995 757 4046 οὐδὲν
780 3997 925 4063 αὑτῷ
957 3996 1188 4065 βεϐαίως
1235 4001 1593 4071 κατείληπται
1628 4020 1640 4032 ·
1673 4003 1708 4057 ἃ.
1749 4004 1805 4056 δὲ

226 4089 326 4139 καὶ
361 4086 553 4155 είδείη,
611 4089 767 4141 οὐδὲν
812 4091 1009 4158 μᾶλλον
1058 4094 1236 4145 αὐτῶν
1288 4098 1352 4165 τῇ
1414 4098 1723 4166 καταφάσει
1769 4100 1801 4169 ἢ

226 4179 850 4247 τῇάποφάσειγενναῖός
875 4184 989 4234 ἔστι
1020 4185 1525 4251 συγκατατίθεσθαι.
1579 4188 1644 4241 Ἦ
1706 4189 1803 4257 μὲν

222 4272 324 4340 ὅλη
364 4271 415 4302 ’⁸
442 4270 537 4323 τοῦ
591 4271 794 4340 βιϐλίου
843 4274 1092 4344 διάληψις
1146 4276 1175 4328 ὃ
1236 4276 1503 4344 βούλεται,
1547 4280 1799 4351 εἴρηταιο

226 4365 438 4431 γράφει
461 4363 518 4414 δὲ
542 4366 668 4425 τοὺς
696 4364 885 4432 λόγους
934 4368 1294 4437 Αίνησίδημος
1326 4372 1661 4439 προσφωνῶν
1705 4375 1804 4427 αὑ-

224 4457 356 4517 τοὺς
381 4456 494 4508 τῶν
532 4457 590 4519 ἐξ
619 4458 951 4527 Ἀκαδημίας
995 4460 1101 4513 τινὶ
1140 4463 1536 4536 συναιρεσιώτῃ
1586 4467 1800 4539 Λευκίῳ

1918 2002 2030 2068 illa,
2061 2016 2181 2070 quae
2209 2000 2361 2068 juxta
2388 2002 2531 2056 dorsi
2568 2003 2779 2069 spinam
2813 2004 2937 2070 sita,
2988 2003 3310 2075 principium
3346 2015 3488 2061 arte-

1918 2093 2118 2146 riarum
2155 2102 2239 2147 est
2273 2110 2286 2146 :
2315 2102 2501 2147 etnon
2548 2102 2651 2147 est.
2712 2094 2803 2147 47.
2837 2092 2945 2148 Cor
2989 2109 3109 2149 esse
3161 2094 3483 2150 arteriarum

1914 2183 2238 2251 principium
2266 2202 2279 2237 :
2307 2193 2363 2239 et
2390 2199 2495 2240 non
2526 2200 2667 2240 esse.
2741 2185 2832 2242 48.
2863 2184 3043 2255 Neque
3064 2202 3159 2241 cor
3192 2202 3482 2243 nervorum

1914 2274 2239 2344 principium
2288 2285 2407 2342 est;
2458 2276 2554 2331 sed
2609 2276 2891 2331 cerebrum
2920 2277 3165 2333 ambiens
3190 2278 3477 2348 pellicula:

1911 2377 1967 2421 et
1993 2382 2097 2421 non
2129 2375 2233 2421 est.
2289 2366 2378 2423 49.
2408 2367 2463 2421 ln
2495 2368 2659 2422 corde
2683 2383 2787 2421 non
2813 2383 2934 2424 esse
2979 2368 3314 2440 intelligendi
3343 2371 3478 2434 vim,

1912 2460 2006 2514 sed
2036 2460 2091 2513 in
2125 2460 2341 2529 capite:
2374 2470 2430 2514 et
2474 2471 2688 2515 contra.
2750 2460 2837 2515 50.
2896 2460 3233 2531 intelligendi
3278 2463 3386 2518 vim
3428 2465 3477 2517 iu

1914 2549 2089 2605 medio
2119 2565 2241 2605 esse
2274 2550 2487 2605 cerebri
2520 2551 2822 2605 ventriculo
2854 2567 2872 2605 :
2904 2560 2960 2605 et
2995 2566 3101 2607 non
3142 2565 3282 2609 esse.
3356 2550 3481 2608 Hzec

1912 2643 2075 2712 igitur
2098 2658 2234 2712 opus
2264 2642 2395 2698 illud
2426 2640 2446 2714 [
2478 2640 2694 2698 edicere
2722 2640 2743 2713 ]
2774 2642 3069 2698 contendit.

2600 2820 2808 2878 CCXII.

2167 2916 2239 2970 1E
2246 2918 2497 2971 nesidcnti
2524 2916 2599 2970 De
2632 2914 2941 2986 Pyrrham'is
2977 2914 3101 2969 libri
3124 2929 3241 2971 vm.

1982 3005 2105 3074 Legi
2139 3003 2471 3059 Ainesidemi
2501 3002 2915 3073 Pyrrhoniorum
2944 3003 3115 3059 libros
3135 3011 3281 3059 octo.
3307 3003 3477 3074 Cujus

1913 3098 2130 3163 quidem
2184 3098 2365 3165 operis
2400 3112 2591 3162 scopus
2614 3106 2697 3150 est
2725 3097 2825 3148 hoc
2843 3110 3004 3148 unum
3033 3096 3300 3162 probare:
3333 3094 3478 3150 Nihil

1911 3201 2060 3244 certo
2089 3190 2467 3257 comprehendi
2511 3198 2603 3240 aut
2649 3202 2810 3241 sensu
2858 3198 2950 3241 aut
2983 3190 3095 3253 ipsa
3130 3188 3292 3241 etiam
3319 3187 3477 3243 intel-

1914 3280 2131 3350 ligentia
2182 3294 2357 3347 posse.
2419 3278 2599 3343 Quare
2656 3293 2833 3345 neque
2881 3277 3239 3347 Pyrrhonios,
3299 3292 3477 3347 neque

1911 3380 2156 3433 ceteros,
2202 3384 2317 3435 qua:
2346 3368 2395 3420 in
2429 3370 2590 3421 rebus
2627 3367 2759 3434 ipsis
2785 3366 2967 3433 lateat,
3000 3368 3286 3420 veritatem
3312 3367 3475 3423 scire.

1909 3457 2260 3529 Reliquarum
2308 3474 2435 3528 ergo
2486 3467 2758 3513 sectarum
2814 3458 3167 3529 philosophos
3210 3473 3333 3513 cum
3370 3459 3474 3513 alia

1909 3550 2157 3617 ignorare
2184 3552 2372 3615 multa,
2420 3561 2530 3603 tum
2561 3553 2701 3619 quod
2731 3552 2930 3605 frustra
2959 3566 3081 3607 sese
3102 3551 3336 3607 assiduis
3361 3566 3473 3607 mo-

1908 3642 2078 3696 lestiis
2105 3652 2385 3711 torqueant
2412 3655 2575 3711 atque
2606 3644 2913 3709 absumant,
2959 3644 3090 3715 quin
3135 3654 3190 3699 et
3230 3645 3332 3698 huc
3395 3644 3477 3714 ip-

1908 3747 2025 3786 sum
2056 3732 2330 3802 ignorare,
2374 3734 2515 3801 quod
2542 3733 2680 3786 nihil
2708 3747 2898 3790 eorum
2933 3734 3472 3803 comprehenderint,

1906 3838 2025 3891 qme
2084 3820 2192 3889 jam
2250 3822 2538 3890 opinentur
2589 3839 2649 3879 se
2712 3825 3208 3893 comprehendisse.
3275 3827 3342 3881 At
3380 3828 3472 3895 qui

1905 3913 2098 3983 ex(12)
2118 3912 2412 3984 Pyrrhonis
2441 3914 2689 3970 instituto
2722 3914 2869 3988 [ait]
2904 3917 3471 3990 pbilosophatur(l5),

1906 4014 2103 4058 caetera
2134 4002 2284 4069 felix,
2329 4005 2381 4058 in
2411 4018 2477 4058 eo
2500 4018 2715 4075 quoque
2736 4005 2895 4074 sapit,
2922 4006 3066 4074 quod
3099 4004 3181 4060 vel
3210 4007 3263 4061 in
3288 4007 3474 4076 primis

1907 4094 2196 4164 intelligat,
2256 4094 2389 4150 nihil
2446 4110 2476 4149 a
2522 4110 2582 4150 se
2630 4104 2785 4151 certo
2834 4098 3283 4166 comprehensum
3326 4112 3467 4151 esse.

1906 4188 2018 4240 lmo
2045 4197 2100 4240 et
2131 4188 2233 4241 hoc
2251 4187 2488 4241 studiose
2506 4197 2649 4256 agat,
2680 4202 2748 4242 ne
2778 4188 2863 4242 cui
2893 4202 3103 4253 eorum,
3141 4201 3470 4258 quzcogno-

1904 4280 1993 4344 rit,
2023 4277 2342 4332 afﬁrmando
2364 4280 2565 4347 potius,
2613 4293 2774 4348 quam
2820 4279 3068 4349 negando
3112 4278 3466 4335 assentiatur.

1904 4371 2072 4426 Porro
2107 4380 2215 4426 tota
2248 4371 2406 4441 hujus
2438 4372 2618 4438 operis
2652 4370 3041 4426 commentatio
3061 4370 3191 4440 quid
3218 4370 3465 4440 proposi-

1906 4475 2017 4519 tum
2048 4464 2266 4531 habeat,
2319 4465 2429 4531 iam
2460 4466 2684 4519 dictum.
2744 4462 2935 4518 Libros
2962 4464 3106 4530 ipsos
3142 4462 3470 4517 Academico

223 4547 506 4615 Ίόϐἐρωνι
551 4548 619 4609 ⁸⁸,
644 4548 796 4615 γένος
856 4551 953 4619 μὲν
991 4551 1268 4621 Ῥωμαίῳ,
1299 4552 1421 4623 δόξῃ
1454 4554 1510 4607 δὲ
1562 4555 1799 4629 λαμπρῷ
1824 4568 1878 4627 Ι)

1824 4568 1878 4627 Ι)
1904 4556 2116 4608 cuidam
2140 4554 2309 4608 sodali
2331 4554 2495 4609 Lucio
2529 4552 2800 4607 Tuberoni
2831 4553 2945 4622 (η)
2979 4552 3277 4621 inscripsit,
3304 4552 3465 4606 domo

221 4640 290 4689 ἐκ
334 4638 384 4669 ⁸⁷
438 4639 717 4708 προγόνων
776 4643 869 4693 καὶ
906 4640 1032 4712 [280
1069 4642 1162 4713 11.]
1197 4643 1479 4708 πολιτικὰς
1534 4646 1709 4717 ἀρχάς
1733 4650 1792 4704 οὐ

218 4732 324 4791 τὰς
348 4729 623 4798 τυχούσας
649 4732 906 4799 μετιόντι.

306 4822 402 4872 Ἐν
445 4822 543 4889 μὲν
570 4823 614 4855 ⁸¹
639 4822 728 4875 οὖν
757 4824 835 4892 τῷ
881 4825 1083 4897 πρώτῳ
1127 4827 1269 4897 λόγῳ
1297 4824 1567 4898 διαφορὰν
1587 4833 1696 4883 τῶν
1738 4851 1797 4887 τε

220 4914 561 4983 Πυρῤωνίων
586 4916 678 4967 καὶ
702 4916 810 4969 τῶν
862 4916 1279 4987 Ἀκαδημαϊκῶν
1305 4922 1543 4988 εἰσάγων
1597 4924 1794 4993 μικροῦ

216 5005 451 5075 γλώσσῃ
484 5004 618 5076 αὐτῇ
640 5008 814 5061 ταῦτά
848 5026 1030 5080 φησιν,
1053 5010 1127 5072 ὡς
1157 5012 1205 5063 οἱ
1238 5012 1336 5081 μὲν
1365 5013 1472 5064 ἀπὸ
1492 5013 1605 5083 ,τῆς
1639 5014 1798 5067 Ἀκα-

215 5095 431 5165 ὃημίας
462 5096 777 5168 δογματικοί
812 5102 871 5154 τέ
906 5104 1010 5155 είσι
1044 5103 1135 5156 καὶ
1164 5104 1231 5157 τά
1259 5104 1358 5173 μὲν
1388 5105 1627 5159 τίθενται
1672 5106 1791 5161 ἀδι-

1904 4644 2097 4708 Roma,
2118 4655 2172 4699 et
2195 4644 2356 4699 claris
2386 4644 2456 4698 ibi
2488 4645 2759 4700 natalibus
2790 4652 2931 4707 orto,
2956 4643 3158 4713 quique
3181 4644 3467 4713 magistra-

1905 4747 1987 4790 tus
2023 4736 2253 4806 gesserit
2278 4735 2465 4791 civiles
2501 4751 2608 4790 non
2632 4736 2905 4806 vulgares.

1971 4825 2153 4880 Primo
2195 4826 2358 4895 igitur
2378 4827 2537 4891 libro,
2569 4826 2991 4896 Pyrrhoniorum
3036 4838 3090 4886 et
3119 4831 3465 4886 Academico-

1897 4934 2014 4974 rum
2044 4917 2154 4990 (15)
2194 4919 2480 4972 discrimen
2542 4916 2809 4981 referens,
2863 4927 3071 4973 tantum
3118 4934 3223 4973 non
3262 4920 3465 4974 emissa

1893 5025 2028 5065 voce
2081 5011 2179 5064 ista
2207 5009 2338 5063 dicit
2371 5026 2385 5062 :
2415 5007 2771 5063 Academicos
2816 5009 3062 5077 dogmata
3105 5009 3459 5076 constituere,

1894 5111 1950 5157 et
1983 5103 2089 5158 alia
2125 5112 2271 5158 certa
2304 5112 2465 5172 atque
2496 5102 2793 5157 indubitata
2834 5117 3057 5173 ponere,
3106 5104 3210 5158 alia
3244 5118 3465 5159 rursum

1489 5241 1719 5296 VAIUIE
1759 5242 2165 5299 LECTIONES.

290 5368 451 5451 ’δὲιά
471 5370 657 5451 οη),ᾼὶ
676 5373 1132 5451 ’τξμῆνίγξήέστι
1161 5374 1257 5429 καί
1284 5393 1342 5439 ς.
1422 5378 1467 5414 ⁷⁸
1496 5379 1651 5448 ῥάχιν
1673 5381 1715 5434 Α
1742 5398 1755 5433 :
1790 5381 1964 5451 ἀρχήν
1989 5398 2050 5445 ς.

214 5440 313 5494 οὖν
341 5440 445 5511 ὅλη
469 5456 530 5503 ς’.
604 5441 651 5472 ⁸⁸
676 5440 950 5513 Τοϐἐρωνι
979 5444 1177 5515 (littera
1218 5464 1246 5498 ο
1278 5462 1308 5498 a
1348 5440 1651 5503 corre'Cto're
1677 5440 1868 5520 posita)

2126 5380 2170 5411 "
2199 5379 2472 5451 ἀρτηριῶν
2496 5380 2637 5453 ἀρχή
2662 5399 2722 5447 ς.
2794 5382 2841 5413 ⁷⁸
2857 5381 3123 5505 οὐχὶούχί
3152 5402 3212 5450 ς.
3289 5388 3332 5418 ⁷⁸
3356 5384 3459 5455 μὲν

2126 5466 2238 5503 novt
2265 5466 2325 5505 ς.
2403 5450 2446 5481 ⁸⁸
2479 5451 2541 5504 ὲκ
2570 5468 2681 5505 om.
2720 5453 2786 5505 A.
2861 5452 2909 5484 ⁸⁸
2932 5471 2968 5505 υ.
3002 5470 3029 5505 ν
3067 5470 3177 5505 0m.
3210 5456 3280 5505 Α.

2931 5471 2968 5523 μ

1984 5468 1997 5506 :
2025 5449 2238 5520 Νέρωνι
2265 5449 2355 5516 ς(
2403 5450 2446 5481 ⁸⁸
2479 5449 2544 5504 ὲκ
2570 5449 2681 5508 om.
2720 5453 2786 5507 A.
2861 5449 3029 5520 υμὶν
3067 5449 3177 5509 om.
3210 5456 3280 5509 Α.

1726 5589 1961 5646 ΝΟΤιΕ.

446 5694 609 5773 Alibi,
638 5697 815 5773 minus
838 5700 1368 5773 rectc,0uesidemus
1400 5705 1614 5773 legitur.

284 5766 408 5842 (1?)
447 5762 576 5832 Ejus
604 5766 766 5842 vitam
797 5782 858 5822 ac
888 5762 1080 5842 placita
1104 5772 1382 5838 descripsit
1415 5762 1543 5842 Diog
1587 5774 1788 5841 Laert.,

214 5838 312 5905 qui
348 5833 665 5903 frequenter
688 5838 845 5906 huius
875 5833 1209 5895 )Enesidcmi
1241 5833 1504 5899 meminit.

1965 5701 2079 5773 (l4)
2114 5706 2186 5758 al.
2220 5701 2438 5773 Neroni.

1965 5774 2079 5855 (l5)
2208 5772 2347 5855 Gell.
2375 5774 2468 5855 ιιι).
2490 5790 2562 5839 xl,
2592 5791 2710 5845 cup.
2738 5776 3029 5855 5_,__lcgend.
3056 5786 3125 5833 et.
3140 5776 3292 5834 Sexti
3314 5775 3453 5847 Pyr-

1897 5841 2073 5901 rhonii
2104 5841 2372 5914 Hypotyp.
2406 5842 2498 5901 lib.
2537 5861 2575 5913 I,
2614 5841 2731 5916 cap.
2770 5847 2857 5901 35.
