4196 6442
795 438 899 503 699

1846 435 2111 498 PHOTII
2141 430 2647 495 PATRIARGH/E
2686 432 2794 493 (ΖΡ.

3919 426 4031 487 700

794 554 1061 609 Asiaticus
1114 568 1203 609 res
1253 555 1405 609 libris
1461 555 1667 619 decem,
1711 562 1767 611 et
1806 554 1874 609 de
1917 553 2142 621 Europe
2201 553 2361 606 rebus
2390 551 2434 607 Α

2390 551 2434 607 Α
2463 548 2676 618 Γράψαι
2721 549 2778 600 δὲ
2829 546 2922 601 τὸν
2968 545 3137 618 ἄνδρα
3183 542 3373 597 τοῦτον
3402 542 3470 596 τὰ
3502 542 3645 595 κατὰ
3698 542 3798 610 τὴν
3839 542 4034 596 Ἀσίαν

797 648 949 702 libris
999 646 1138 715 (i7)
1195 647 1548 717 quadraginta
1616 662 1808 702 novem
1876 646 2160 699 historiam
2237 658 2358 713 per-

797 738 1052 803 texuisse,
1091 738 1397 793 didicimus.
1441 737 1567 805 Ejus
1603 747 1781 791 autem
1817 736 1938 790 libri
1974 736 2087 805 (18)
2122 736 2361 803 quinque

802 830 1039 884 Rubrum
1086 846 1257 897 mare,
1298 844 1523 899 quaeque
1573 830 1639 884 ad
1689 830 1818 884 illud
1863 829 2153 899 pertinent,
2190 840 2361 895 expo-

801 929 952 975 nunt.
985 921 1049 974 Et
1086 924 1199 975 haec
1232 922 1446 987 quidem
1484 922 1661 974 omnia
1698 921 1923 988 ipsemet
1951 930 2194 974 extremo
2224 918 2362 970 libro

801 1013 989 1080 quinto
1018 1024 1426 1067 commemorat.
1465 1012 1562 1068 Ubi
1610 1024 1663 1069 et
1695 1015 1764 1068 ob
1798 1013 1931 1067 alias
1959 1021 2137 1067 certas
2165 1024 2363 1065 causas

802 1117 831 1154 a
877 1104 1159 1156 scribendo
1214 1119 1271 1158 se
1324 1118 1566 1158 cessasse
1610 1107 1705 1166 ait,
1738 1104 1987 1172 quodque
2027 1111 2213 1156 exacta
2252 1101 2363 1169 jam

804 1204 932 1247 aetas
965 1195 1015 1247 in
1047 1195 1252 1248 senium
1288 1205 1554 1264 vergeret.
1604 1194 1743 1250 Sunt
1770 1195 1860 1264 qui
1894 1203 2086 1262 praeter
2119 1194 2234 1247 haec
2260 1192 2363 1247 alia

804 1285 874 1337 ab
913 1284 1002 1339 illo
1047 1288 1350 1355 conscripta
1388 1287 1624 1347 tradunt,
1670 1302 1788 1355 qua:
1827 1286 1957 1340 mihi
2000 1287 2183 1340 videre
2227 1303 2367 1340 nun-

805 1390 967 1443 quam
1021 1377 1267 1446 contigit.
1317 1376 1450 1431 Nam
1509 1387 1563 1433 et
1615 1377 2000 1445 Compendium
2060 1378 2209 1431 aiunt
2263 1392 2367 1431 uno

807 1465 945 1518 libro
992 1466 1270 1535 reliquisse
1316 1481 1527 1531 eorum,
1558 1484 1676 1537 qua:
1722 1469 1787 1520 de
1832 1466 2015 1523 Rubro
2056 1467 2187 1520 mari
2228 1468 2368 1521 scri-

810 1557 1030 1625 psisset;
1068 1558 1195 1611 item
1230 1558 1306 1611 De
1339 1557 1671 1629 Troglodytis
1707 1559 1869 1613 libros
1899 1560 2152 1628 quinque,
2188 1560 2280 1613 sed
2317 1567 2370 1611 et

811 1648 1084 1714 Epitomen
1139 1649 1310 1721 Lydes
1369 1650 1436 1703 ab
1477 1650 1796 1705 Antimacho
1846 1651 2093 1719 scripta;
2155 1665 2368 1703 rursum

810 1739 951 1792 aliud
979 1739 1305 1793 Breviart’um
1351 1756 1537 1795 eorum
1583 1758 1699 1811 quae
1738 1743 1806 1797 de
1848 1742 2167 1797 collectione
2200 1743 2372 1796 admi-

811 1828 1058 1880 rabilium
1106 1839 1386 1883 ventorum
1433 1832 1631 1900 scripta
1670 1842 1964 1885 exstarent.
2011 1832 2367 1886 Historiarum

812 1918 997 1971 adluec
1045 1918 1311 1990 Excerpta
1341 1923 1726 1989 composuisse,
1760 1933 1921 1992 atque
1959 1923 2024 1978 de
2068 1924 2365 1978 amicorum

814 2008 956 2061 inter
989 2009 1131 2078 ipsos
1166 2013 1574 2066 consuetudine.

885 2187 978 2241 Est
1017 2199 1196 2243 autem
1228 2188 1315 2243 hic
1354 2191 1456 2258 vir,
1491 2201 1750 2261 quantum
1787 2193 1903 2260 ejus
1938 2194 2087 2248 libris
2128 2196 2371 2265 legendis

814 2294 1137 2350 cognoscere
1173 2281 1343 2351 potui,
1376 2284 1779 2354 grandiloquus,
1809 2295 1863 2340 et
1891 2288 2168 2343 sententiis
2200 2289 2374 2344 abun-

816 2373 968 2424 dans.
1012 2370 1113 2437 Qui
1160 2372 1426 2427 orationis
1472 2376 1841 2444 magnitudine
1875 2392 1939 2432 ac
1974 2378 2233 2447 dignitate
2266 2398 2375 2451 pra:

815 2462 1024 2516 caeteris
1077 2462 1289 2531 quidem
1345 2467 1574 2532 gaudet,
1630 2468 1723 2521 sed
1773 2469 1953 2524 verbis
2003 2471 2375 2529 selectioribus

816 2568 919 2606 non
963 2554 1246 2607 admodum
1286 2554 1496 2611 videtur
1525 2558 1789 2614 addictus.
1826 2560 2009 2629 Neque
2038 2572 2215 2617 tamen
2248 2566 2374 2619 dum

815 2644 1041 2698 usitatas
1068 2660 1163 2714 per
1188 2646 1364 2699 omnia
1394 2658 1783 2719 cousuetasque
1818 2666 1974 2707 voces
2000 2669 2104 2707 non
2133 2656 2375 2723 adhibet,

816 2750 983 2790 novas
1023 2738 1134 2806 ipse
1167 2739 1365 2792 format
1394 2758 1406 2792 :
1441 2741 1543 2795 nisi
1584 2740 1725 2798 forte
1755 2746 2181 2813 usurpaudorum
2215 2765 2376 2805 voca-

816 2827 1064 2882 bulorum
1111 2831 1307 2884 artifex
1360 2833 1644 2901 quispiam,
1683 2850 1870 2889 novam
1923 2841 2208 2905 quamdam
2254 2859 2377 2911 spe-

815 2921 950 2973 cicm
986 2921 1361 2988 praeferentem
1400 2925 1639 2989 phrasim
1681 2928 1745 2981 de
1784 2943 1886 2981 non
1923 2931 2073 2984 novis
2103 2932 2379 2987 vocabulis

815 3011 1072 3070 eﬂ'ecerit.
1118 3013 1269 3079 Quod
1316 3017 1529 3084 quidem
1579 3020 1865 3074 artificium
1920 3022 2197 3091 ingeniose
2244 3029 2377 3081 adeo

814 3104 908 3157 tibi
944 3106 1185 3172 subjicit,
1218 3118 1273 3161 ut
1306 3124 1403 3161 nec
1438 3110 1743 3163 innovatum
1786 3114 2074 3181 quidquam
2109 3119 2373 3186 videatur,

2461 641 2706 709 ἔγνωμεν
2736 640 2757 671 ³
2783 642 2840 692 ὲν
2884 637 3108 709 βιϐλίοις
3143 642 3173 689 ι’
3202 652 3216 666 ⁶
3258 636 3351 687 καὶ
3380 634 3487 686 τῶν
3516 634 3655 687 κατά
3693 633 3791 701 τὴν
3840 632 4034 703 Εὐρώ-

2461 751 2571 801 πην
2596 734 2650 784 δὲ
2684 732 2705 762 ⁸
2736 734 2815 794 εἰς
2847 732 2890 783 θ’
2910 731 3002 784 καὶ
3030 736 3080 799 μ’
3116 728 3502 798 παρατείνεται
3534 724 3682 795 αὐτῷ
3718 727 3750 794 ή
3778 726 3994 794 ἱστορία
4016 741 4034 756 ·

2462 824 2597 878 ἀλλὰ
2625 826 2716 877 καὶ
2743 823 2781 876 ε’
2811 823 2994 894 βιϐλία
3025 822 3125 891 τὴν
3154 820 3425 889 Ἐρυθρὰν
3462 818 3609 887 αὐτῷ
3640 820 3820 871 »πᾶσαν
3847 817 4038 870 καὶτά

2464 914 2590 984 περὶ
2606 913 2811 981 ταύτην
2841 910 3199 981 έξιστοροῦσι.
3238 910 3349 975 Τὴν
3382 904 3473 961 οὖν
3495 908 3791 978 εἰρημένην
3813 908 4039 959 ἃπασαν

2466 1007 2790 1079 συγγραφὴν
2845 1004 2974 1078 [282
3025 1004 3119 1076 H.]
3175 1005 3266 1058 καὶ
3305 1004 3463 1067 αὐτὸς
3513 1004 3604 1055 ἐπὶ
3656 1004 3796 1056 τέλει
3848 1001 3945 1056 τοῦ
3995 1008 4038 1053 ε’

2462 1099 2623 1167 λόγου
2662 1100 2742 1160 είς
2793 1102 3012 1169 μνήμην
3041 1097 3255 1164 ἀνάγει,
3291 1096 3348 1149 έν
3380 1088 3423 1163 ᾧ
3450 1096 3543 1148 καὶ
3579 1093 3889 1147 πεπαῦσθαι
3936 1092 4038 1146 τοῦ

2464 1191 2697 1261 γράφειν
2730 1190 2816 1243 διά
2843 1189 2994 1251 τινάς
3038 1205 3098 1240 τε
3141 1188 3319 1249 αίτίας
3354 1187 3507 1253 ἄλλα,
3557 1188 3649 1239 καὶ
3690 1188 3769 1239 ὅτι
3829 1188 3898 1239 τά
3934 1186 4037 1255 τῆς

2464 1279 2683 1347 ἡλικίας
2736 1278 3019 1331 ἀποκλίνοι
3062 1278 3198 1348 πρὸς
3243 1276 3303 1329 τὸ
3329 1275 3548 1345 ἔξωρον.
3581 1274 3727 1342 Πλήν
3784 1291 3847 1343 γε
3893 1276 4038 1327 εἰσὶν

2465 1371 2520 1423 οἵ
2550 1388 2713 1439 φασιν
2739 1370 2899 1423 αὐτὸν
2935 1369 3031 1423 καὶ
3060 1369 3251 1438 ἑτέρας
3297 1365 3736 1437 συγγεγραφέναι
3767 1382 4035 1435 πραγμα-

2465 1463 2636 1527 τείας,
2674 1455 2748 1515 ὧν
2782 1463 2941 1531 ἡμεῖς
2970 1460 3157 1513 οὐδένα
3186 1459 3391 1511 οὐδέπω
3425 1459 3467 1490 ¹⁰
3510 1458 3686 1526 ῐσμεν.
3736 1456 4041 1526 Ἐπιτομὴν

2466 1551 2523 1604 δὲ
2553 1551 2713 1603 αὐτόν
2730 1568 2859 1618 φασι
2886 1549 2992 1602 τῶν
3022 1549 3151 1618 περὶ
3177 1549 3277 1616 τῆς
3302 1547 3568 1618 Ἐρυθρᾶς
3596 1547 3873 1617 θαλάσσης
3908 1548 4042 1599 ἀνα-

2470 1641 2869 1711 γεγραμμένων
2912 1642 2968 1692 ὲν
3010 1640 3089 1693 ένὶ
3147 1638 3401 1702 συντάξαι
3430 1638 3640 1709 βιϐλίῳ,
3674 1642 3766 1691 καὶ
3802 1641 3909 1709 μὴν
3945 1641 4042 1690 καὶ

2470 1734 2611 1800 Περί
2661 1731 3079 1801 Τρωγλοδυτῶν
3121 1730 3299 1799 βιϐλία
3328 1737 3389 1796 ε’,
3430 1730 3563 1785 ἀλλά
3594 1732 3684 1784 καὶ
3710 1730 4043 1799 Ἐπιτομὴν

2470 1826 2570 1895 τῆς
2596 1825 2922 1893 Ἀντιμάχου
2955 1823 3152 1894 Λύδης,
3190 1824 3285 1876 καὶ
3328 1823 3487 1877 πάλιν
3516 1823 3680 1893 ἀλλην
3709 1822 4042 1891 Ἐπιτομὴγ

2471 1917 2578 1969 τῶν
2632 1916 3087 1988 συγγεγραφότων
3155 1915 3284 1985 περὶ
3338 1916 3658 1984 συναγωγῆς
3717 1914 4042 1984 θαυμασίων

2470 2011 2710 2079 ἀνέμων,
2747 2008 2976 2077 ἐκλογάς
3005 2025 3063 2061 τε
3098 2005 3349 2077 ἱστοριῶν
3381 2006 3540 2059 αὐτὸν
3557 2006 3816 2072 συντάξαι
3844 2008 3913 2071 ιι,
3946 2007 4043 2059 καὶ

2473 2105 2600 2176 περὶ
2625 2106 2725 2171 τῆς
2756 2103 3081 2175 προσφιλοῦς
3117 2103 3352 2171 ὁμιλίας.

2547 2199 2701 2250 Ἐστι
2730 2197 2785 2249 δὲ
2816 2196 2875 2260 εξ
2902 2193 2974 2249 ῶν
3002 2195 3090 2247 τὸν
3118 2195 3284 2265 ἄνδρα
3318 2194 3447 2255 τοὺς
3470 2192 3661 2262 λόγους
3695 2192 3865 2247 αὑτοῦ
3900 2192 4042 2245 Stel-

2474 2291 2656 2353 θόντες
2690 2290 3028 2358 ἐπέγνωμεν,
3076 2286 3503 2358 μεγαλοπρεπής
3538 2302 3596 2338 τε
3624 2287 3718 2338 καὶ
3760 2286 4043 2352 γνωμολο-

2472 2386 2644 2453 γικὸς,
2661 2385 2840 2455 καὶτῷ
2864 2384 2961 2453 μὲν
2986 2383 3078 2435 τοῦ
3100 2382 3255 2449 λόγου
3282 2382 3502 2451 μεγέθει
3526 2382 3616 2433 καὶ
3634 2378 3914 2444 ἀξιώματι
3932 2378 4041 2430 τῶν

2472 2477 2645 2531 ἄλλων
2675 2474 2873 2545 μᾶλλον
2898 2475 3123 2544 χαίρων,
3157 2472 3332 2539 λέξεσι
3360 2472 3540 2541 μέντοι
3560 2471 3783 2538 λογάσιν
3810 2476 3873 2523 οὑ
3898 2472 4042 2522 πάνυ

2473 2567 2948 2639 προστεθειμένος,
2982 2565 3099 2618 οὐδὲ
3124 2564 3210 2618 διὰ
3242 2564 3351 2618 τῶν
3382 2563 3583 2633 ὲθίμων
3611 2563 3669 2616 δὲ
3700 2562 3790 2615 διὰ
3842 2562 4042 2623 παντὸς

2475 2661 2859 2731 πορευόμενος,
2890 2658 3092 2727 γεννῶν
3120 2656 3178 2709 δὲ
3216 2656 3379 2719 αὐτὸς
3401 2656 3463 2709 οὺ
3490 2655 3687 2721 λέξεις,
3722 2653 3842 2707 ἀλλ’
3870 2654 3928 2708 εἰ
3962 2669 4043 2714 τις

2474 2754 2631 2816 ἀλλος
2674 2754 2718 2784 ¹¹
2765 2750 3091 2822 δημιουργὸς
3136 2749 3233 2819 τῆς
3277 2748 3404 2819 περὶ
3435 2748 3533 2810 τὰς
3564 2745 3735 2811 λέξεις
3768 2744 4041 2816 χρήσεως.

2478 2845 2673 2914 καινήν
2702 2861 2822 2895 τινα
2846 2843 2921 2913 μὴ
2946 2844 3160 2904 καιναῖς
3192 2841 3235 2871 ¹³
3260 2838 3596 2909 κεχρημένος
3625 2836 3802 2903 λέξεσι
3836 2852 4042 2905 φαντα-

2478 2938 2598 2989 σίαν
2647 2936 2965 3005 πέμπουσαν
3011 2933 3055 2963 ⁸⁸
3096 2931 3351 2985 ἀποτελεῖ
3397 2930 3494 3000 τὴν
3524 2929 3725 2999 φράσιν
3755 2942 3769 2956 ·
3811 2926 3961 2979 οὕτω
3992 2926 4045 2976 δὲ

2477 3027 2770 3098 προσφυῶς
2815 3024 3171 3078 ὑποϐάλλεται
3216 3021 3315 3093 τὴν
3347 3022 3564 3090 πρᾶξιν,
3595 3020 3669 3082 ὡς
3696 3020 3794 3089 τήν
3831 3035 3895 3070 τε
3930 3035 4045 3071 και-

2476 3116 2729 3185 νοτομίαν
2758 3115 2832 3185 μὴ
2859 3116 3034 3167 δοκεῖν
3076 3108 3212 3165 εἶναι
3249 3112 3620 3182 καινοτομίαν,
3652 3110 3746 3162 καὶ¹
3782 3109 3842 3161 τὸ
3876 3110 4045 3177 σαφὲς

810 3211 912 3249 nec
961 3198 1136 3251 minor
1185 3199 1276 3261 sil,
1314 3214 1473 3267 quam
1524 3202 1567 3253 si
1617 3203 1845 3257 usitatas
1900 3206 2167 3261 attulisset
2222 3226 2447 3286 vocesc

2403 3226 2447 3286 ρ
2479 3211 2577 3261 οὐκ
2603 3208 2821 3261 ἔλαττον
2847 3205 2955 3258 τῶν
2976 3205 3033 3270 έξ
3058 3205 3211 3266 ἔθους
3227 3204 3424 3267 λέξεων
3452 3202 3733 3273 παρέχειν.
3763 3201 4046 3271 Κέχρηται

810 3289 1189 3356 perspicuitas.
1220 3288 1401 3344 Utitur
1432 3293 1593 3345 etiam
1624 3297 1924 3361 sententiis,
1953 3313 2070 3366 qua:
2103 3302 2218 3367 ejus
2251 3318 2378 3370 pru-

811 3380 1048 3432 dentiam
1103 3396 1208 3434 non
1262 3382 1463 3446 minus,
1507 3399 1665 3453 quam
1719 3386 2038 3442 industriam
2096 3394 2379 3449 manifeste

810 3469 1107 3525 declarant.
1162 3472 1243 3525 Ad
1299 3474 1587 3528 verborum
1637 3476 1762 3531 item
1818 3478 2246 3538 immutationem
2294 3501 2381 3541 re-

810 3562 949 3616 ctius
997 3564 1398 3629 assumendam,
1431 3566 1646 3636 egregie
1690 3584 1797 3637 pra:
1831 3572 2044 3627 czeteris
2086 3589 2381 3643 compara-

811 3662 896 3706 tus
950 3661 1054 3706 est.
1114 3653 1515 3710 Jucunditatem
1572 3673 1772 3726 porro,
1827 3664 2077 3731 quodque
2140 3667 2378 3723 animum

811 3750 1139 3815 demulcere,
1189 3760 1282 3804 aut
1335 3751 1637 3810 diﬂ'undere
1691 3768 1871 3826 queat,
1926 3761 2129 3818 occulte
2180 3769 2379 3832 passim

814 3856 878 3893 ac
923 3840 1150 3896 latenter
1187 3843 1377 3911 171b
1409 3859 1503 3913 per
1537 3856 1705 3899 totum
1751 3864 1886 3918 Opus
1928 3851 2265 3911 dissetninat.
2299 3859 2381 3913 Ad

814 3941 997 4000 tropos
1042 3947 1258 4001 quoque
1306 3934 1395 3988 ubi
1452 3949 1510 3989 se
1560 3939 1863 4006 applicarit,
1895 3941 2012 3997 sine
2058 3944 2167 3999 ullo
2214 3949 2382 4003 mole-

814 4022 931 4075 stiae
981 4036 1140 4077 sensu
1188 4022 1306 4077 illos
1351 4024 1591 4080 adhibet.
1630 4028 1782 4092 Quod
1824 4030 2038 4099 quidem
2084 4034 2136 4089 in
2174 4052 2239 4092 eo
2271 4038 2383 4094 efﬁ-

815 4113 889 4166 cit
934 4127 1038 4166 non
1083 4113 1365 4169 verborum
1412 4115 1524 4182 ipsa
1560 4133 1653 4186 per
1685 4134 1742 4173 se
1771 4125 2143 4189 commutatio,
2175 4130 2269 4183 sed
2299 4130 2381 4183 in—

814 4205 1031 4271 geniosa
1083 4205 1327 4274 quaedam
1372 4215 1427 4260 et
1480 4209 1659 4263 suavis
1703 4210 1769 4262 ad
1821 4224 1908 4265 res
1948 4212 2082 4267 alias
2135 4219 2381 4273 transitio

816 4305 977 4364 atque
1018 4298 1320 4351 conversio.
1378 4297 1586 4352 Etenim
1634 4316 1826 4354 nomen
1880 4318 1975 4371 pro
2015 4307 2178 4359 verbo
2221 4324 2381 4362 assu-

818 4403 985 4452 mere,
1032 4402 1356 4456 rursumque
1409 4391 1627 4442 verbum
1682 4391 1733 4443 in
1784 4408 1975 4446 nomen
2024 4407 2377 4465 commutare,

818 4492 975 4531 voces
1024 4494 1237 4547 quoque
1286 4478 1336 4531 in
1385 4480 1681 4534 orationem
1724 4482 2041 4550 diffundere,
2077 4497 2132 4540 et
2179 4490 2380 4543 oratio-

2478 3301 2535 3352 δὲ
2585 3299 2677 3351 καὶ
2716 3298 2961 3367 γνώμαις
2999 3297 3061 3350 τὸ
3107 3296 3354 3365 νουνεχὲς
3382 3295 3477 3348 καὶ
3507 3295 3831 3366 δραστήριον
3862 3294 4048 3362 ἐπιδη-

2478 3390 2715 3452 λούσαις.
2749 3388 2966 3459 Τροπάς
2995 3388 3048 3441 δὲ
3081 3386 3351 3449 ὑπελθεῖν,
3403 3386 3456 3438 εἴ
3498 3402 3581 3448 τις
3618 3384 3799 3450 ἀλλος,
3850 3384 4048 3455 ἄριστα

2478 3481 2991 3550 παρεσκευασμένος
3019 3480 3079 3531 τὸ
3126 3478 3224 3548 μὲν
3268 3478 3365 3549 ἡδὺ
3413 3478 3509 3530 καὶ
3554 3476 3752 3545 κηλοῦν
3805 3479 3905 3529 καὶ
3954 3478 4048 3547 τὴν

2477 3575 2653 3645 ψυχὴν
2692 3574 2905 3643 διαχέον
2948 3572 3249 3641 λεληθότως
3275 3572 3341 3624 δι’
3365 3570 3486 3623 ὅλου
3516 3568 3822 3639 διασπείρει
3860 3568 3907 3599 ⁸⁸
3960 3568 4048 3621 τοῦ

2479 3665 2823 3733 γράμματος,
2863 3663 2941 3724 είς
2973 3662 3180 3732 τροπὴν
3220 3661 3276 3713 δὲ
3315 3662 3395 3714 ὃτι
3436 3662 3859 3730 παρενήνεκται,
3899 3660 4051 3713 οὐδε-

2483 3758 2611 3826 μίαν
2659 3756 2832 3825 λύπην
2879 3754 3143 3825 δηλοῦσαν
3187 3752 3404 3823 ἀφίησι.
3452 3754 3601 3806 [Ιοιεί
3626 3752 3683 3804 δὲ
3717 3749 3867 3822 αὺτῷ
3893 3750 4051 3804 τοῦτο

2483 3849 2716 3917 μάλιστα
2745 3848 2866 3917 οὐχὶ
2892 3848 2927 3918 ἡ
2960 3846 3067 3899 τῶν
3102 3844 3301 3912 λέξεων
3333 3844 3471 3913 αὐτὴ
3492 3844 3614 3896 καθ’
3646 3844 3844 3912 ἑαυτὴν
3884 3861 4051 3912 μετα-

2480 3939 2629 4007 ϐολὴ,
2658 3936 2772 3991 ἀλλ’
2799 3939 2832 4007 ἡ
2862 3936 2970 3990 ἀπὸ
2998 3934 3337 4006 πραγμάτων
3364 3933 3565 4003 έτέρων
3596 3934 3674 3995 είς
3708 3931 3873 4001 ἔτερα
3913 3932 4054 4002 μετά

2478 4046 2623 4091 τινος
2652 4031 2824 4097 σοφῆς
2856 4028 2949 4079 καὶ
2992 4026 3263 4097 ἠρεμαίας
3315 4024 3737 4097 μεταχειρίσεως
3781 4025 3826 4055 ’⁸
3889 4026 4054 4094 μετά-

2480 4122 2637 4184 ϐασίς
2664 4139 2721 4174 τε
2750 4122 2846 4174 καὶ
2876 4119 3214 4189 μετατροπή.
3260 4116 3422 4168 Ἀλλά
3456 4116 3563 4184 γάρ
3604 4118 3699 4167 καὶ
3740 4114 4054 4168 ἀντιλαϐεῖν

2484 4216 2581 4287 μὲν
2610 4214 2781 4282 ὄνομα
2816 4213 3081 4283 ῥήματος,
3112 4208 3341 4279 ἀμεῖψαι
3376 4208 3433 4259 δὲ
3469 4208 3528 4260 τὸ
3561 4208 3712 4277 ῥῆμα
3741 4207 3823 4269 είς
3854 4208 4051 4277 ὄνομα,

2479 4306 2575 4359 καὶ
2618 4304 2774 4356 λῦσαι
2821 4302 2918 4371 μὲν
2955 4300 3131 4363 λέξεις
3178 4300 3257 4362 είς
3282 4298 3491 4364 λόγους,
3531 4298 3854 4364 συναγαγεῖν
3880 4297 3941 4350 δὲ
3972 4297 4053 4350 λό-

2478 4414 2573 4464 γον
2609 4396 2687 4459 είς
2728 4394 2898 4446 τύπον
2932 4392 3231 4461 ὀνόματος,
3278 4388 3488 4451 οὐδενὸς
3548 4387 4054 4458 ἀνεπιτηδειότερος

2478 4483 2553 4543 ὧν
2588 4488 2763 4558 ἴσμεν.
2793 4485 2901 4540 Καὶ
2920 4482 3164 4554 ζηλωτὴς
3194 4482 3291 4551 μέν
3323 4482 3437 4533 ἐστι
3462 4478 3780 4532 Θουκυδίδου
3812 4480 3870 4531 έν
3893 4497 3954 4531 τε
3985 4483 4053 4548 τῇ

818 4582 938 4620 nem
986 4566 1037 4619 in
1092 4566 1326 4621 nominis
1378 4569 1531 4636 quasi
1584 4569 1809 4623 formam
1851 4586 2064 4644 cogere.
2108 4592 2266 4632 nemo
2297 4589 2380 4634 est
2411 4557 2454 4612 θ

2411 4557 2454 4612 D
2482 4582 2589 4635 τῶν
2621 4557 2969 4650 δημηγοριῶν
2996 4574 3246 4646 δαψιλείᾳ
3287 4591 3347 4626 τε
3387 4575 3481 4626 καὶ
3532 4575 3791 4643 διασκευῇ
3855 4574 3924 4636 ",
3976 4574 4053 4641 τῷ

815 4658 1079 4723 omnium,
1128 4674 1262 4725 quos
1314 4659 1579 4724 novimus,
1621 4661 1721 4715 hoc
1767 4662 1882 4730 ipso
1935 4666 2178 4733 peritior.
2231 4671 2375 4724 Idem

817 4750 1184 4820 Thucydidem
1233 4751 1284 4805 in
1334 4750 1688 4806 concionibus
1735 4765 1993 4821 apparatu
2036 4768 2089 4811 et
2132 4760 2378 4816 ubertate

820 4841 1089 4904 imitatus,
1151 4841 1520 4911 magnitudine
1580 4843 1840 4896 oratiOuis
1894 4856 2101 4912 :equat,
2170 4852 2378 4918 perspi-

816 4934 1017 4986 cuitate
1063 4942 1240 4986 autem
1280 4932 1444 4984 etiam
1493 4933 1677 4987 vincit.
1724 4932 1870 4989 Talis
1908 4938 2128 4993 omnino
2170 4941 2251 4994 vir
2282 4943 2381 4998 iste

817 5033 921 5085 est,
958 5024 1024 5077 ab
1076 5023 1189 5093 ipsa
1234 5037 1447 5091 quoque
1489 5027 1838 5093 grammatica
1892 5027 2113 5096 gloriam
2160 5048 2379 5088 assecu-

820 5121 925 5166 tus.
966 5111 1061 5165 Cui
1125 5111 1229 5167 etsi
1279 5113 1513 5167 rhetoris
1563 5127 1975 5183 cognmnentum
2022 5119 2377 5188 improvidum

2487 4672 2756 4743 μεγαλείῳ
2810 4671 2865 4722 δὲ
2919 4669 2993 4739 μὴ
3038 4664 3368 4734 δευτερεύων
3418 4664 3509 4717 τοῦ
3552 4664 3713 4733 λόγου
3766 4664 3846 4734 τῷ
3890 4667 4057 4731 σαφεῖ

2484 4763 2811 4836 παρελαύνει
2839 4763 2929 4814 τὸν
2963 4761 3148 4831 ἄνδρα.
3196 4758 3358 4811 Ἀλλά
3386 4758 3494 4826 γάρ
3518 4758 3546 4809 ὁ
3583 4757 3681 4826 μὲν
3708 4757 3850 4827 ἀνὴρ
3869 4756 4053 4810 τοιοῦ-

2483 4871 2596 4916 τος,
2653 4852 2749 4903 καὶ
2796 4850 2857 4903 τὸ
2914 4850 3020 4902 ἀπὸ
3068 4849 3166 4917 τῆς
3222 4843 3617 4916 γραμματικῆς
3654 4842 3794 4913 ἔχων
3853 4842 4008 4903 κλέος
4038 4857 4053 4869 ’

2482 4948 2530 4999 εί
2555 4945 2611 4997 δὲ
2638 4944 2730 4996 καὶ
2759 4942 2819 4993 τὸ
2844 4941 2941 5011 τῆς
2983 4941 3274 5011 ῥητορικῆς
3302 4936 3587 5005 ἐπώνυμον
3611 4932 3759 5004 αὑτῷ
3784 4933 3819 5003 ἡ
3847 4932 3926 5003 μὴ
3956 4932 4056 5002 νή-

2483 5052 2657 5104 φουσα
2704 5033 2734 5101 ιζ
2771 5049 2883 5100 ,φος
2929 5032 3029 5084 οὐκ
3068 5030 3292 5081 ἐπέθετο
3318 5045 3332 5059 ο
3369 5026 3507 5079 ἀλλά
3547 5025 3655 5095 γάρ
3686 5024 3874 5095 ἔμοιγε
3906 5023 4059 5075 δοκεῖ

2484 5127 2637 5179 οὐδὲν
2669 5125 2889 5177 ἔλαττον
2923 5124 2965 5154 ¹⁸
3014 5122 3122 5173 τῶν
3168 5117 3567 5190 γραμματικῶν
3610 5117 3671 5168 οὐ
3724 5114 3974 5183 δεύτερος
4014 5113 4055 5182 ἦ

2122 5284 2351 5342 νΑΒΙἉΕ
2386 5287 2787 5344 LECTIONES.

892 5388 913 5417 ⁸
944 5387 1185 5471 ἔγνωμεν
1213 5389 1291 5471 ,χε
1325 5391 1641 5471 ἐγνωσμένα
1660 5409 1726 5471 ς,
1786 5394 1811 5471 ι’
1834 5392 1890 5445 δὲ
1918 5395 2039 5449 add.
2064 5398 2124 5453 A.
2166 5401 2210 5431 ¹⁰
2241 5400 2451 5471 οὐδέναι
2482 5403 2589 5454 into
2612 5400 2763 5454 οὐδέν
2785 5397 3171 5466 διιιούδεμίαν.
3230 5395 3269 5425 ¹¹
3303 5387 3744 5471 συντάξαι-αὑτόν
3768 5405 3830 5471 ς’
3886 5386 3930 5471 ’ξ
3952 5385 4055 5471 ἕλ’

820 5457 907 5540 1.05
951 5457 1173 5539 i'd‘I'VA'
1197 5457 1572 5540 ..".?‘§V°‘E“9°
1634 5469 1676 5494 ’⁸
1698 5464 2009 5533 πρέπουσαν
2045 5485 2103 5533 ς·-
2191 5472 2231 5503 ¹⁵
2262 5457 2619 5540 κατασέτείρει
2654 5488 2728 5535 ς,
2795 5471 2838 5502 ⁸⁸
2865 5457 3298 5540 μεταχειρησεως
3342 5465 3407 5517 Α.
3484 5462 3525 5492 ⁸⁷
3552 5461 3813 5528 διασκευῇ
3844 5457 4049 5511 καὶδαι

819 5527 1000 5598 ψιλείᾳ
1028 5545 1086 5591 ς.
1197 5528 1239 5561 ¹⁸
1278 5531 1512 5583 ἐλάττων
1539 5549 1600 5594 ς.

2314 5617 2549 5687 Νὸτλε.

894 5761 1003 5827 (l7)
1040 5761 1186 5833 Quos
1219 5764 1348 5813 citat
1396 5779 1496 5813 nun
1538 5765 1701 5817 semel
1752 5765 2063 5833 Alltettmus,
2101 5776 2156 5822 ut
2184 5775 2237 5822 et
2267 5765 2373 5822 Lu-

828 5833 969 5885 tiuu.
1007 5833 1054 5885 in
1087 5831 1390 5897 Macrubt'is,
1421 5848 1471 5886 Ix
1500 5834 1782 5888 Asiaticor.

2555 5765 2669 5835 (£8)
2704 5767 2942 5835 Quorum
2976 5763 3133 5833 primi
3168 5771 3223 5821 et
3256 5761 3428 5834 quinti
3462 5759 3731 5828 Execrpta
3763 5764 4057 5814 occurrent

2488 5844 2675 5906 postea
2707 5836 2829 5891 cod.
2859 5834 2985 5891 250.
