4196 6442
214 410 303 475 701
1286 412 1804 475 BIBLIOTHECA.
1835 434 1907 447 —
1950 409 2113 471 COD.
2149 408 2387 471 CCXIV.

3319 410 3429 475 702

214 521 310 572 τῶν
341 521 609 592 ρητόρων,
648 522 716 575 δι’
748 516 823 576 ὧν
869 524 964 576 καὶ
1012 523 1213 593 γράφει
1259 525 1354 575 καὶ
1397 523 1634 577 διδάσκει
1693 522 1759 585 ¹⁹,
1791 526 1871 578 At

1791 526 1833 578 Α
1862 518 2087 573 aliorum
2131 518 2391 588 judicium
2443 530 2549 571 non
2601 515 2892 580 concessit,
2926 530 3044 570 mea
3098 524 3245 571 certe
3296 533 3418 573 sen-

214 613 655 678 καταφαίνεσθαι.
686 640 689 641 ν

896 873 1031 929 ΣΙΔ’.

222 959 575 1027 Ἱεροκλέους
613 966 749 1032 Περὶ
802 966 1090 1093 Πιὲοὗοίιὲς
1131 965 1228 1018 καὶ
1258 965 1628 1033 Εἱμαρμένης
1666 964 1763 1029 ,βι-

963 1052 999 1087 α
1085 1074 1096 1086 .

274 1124 614 1193 Ἀνεγνὼσθη
662 1125 864 1194 βιϐλίον
905 1126 1229 1195 Ἱεροκλέους
1285 1126 1423 1192 Περὶ
1463 1125 1756 1192 Προνοίας

210 1220 296 1265 καὶ
334 1214 729 1281 Εέμαρμένης,
760 1217 852 1267 καὶ
900 1216 997 1285 τῆς
1039 1214 1132 1267 τοῦ
1182 1214 1265 1283 ἐφ’
1312 1217 1444 1282 ἡμῖν
1492 1214 1627 1282 πρὸς
1667 1214 1762 1283 τὴν

211 1300 327 1373 1549
362 1304 454 1374 ιι]
491 1304 639 1357 θείαν
670 1306 955 1373 ἡγεμονίαν
990 1305 1309 1370 συντάξεως.
1349 1306 1503 1357 Ἐστι
1539 1304 1638 1374 μὲν
1668 1302 1761 1357 οὖν

208 1394 296 1460 τὴν
327 1392 650 1461 προαίρεσιν
690 1394 1025 1463 φιλόσοφοςό
1062 1395 1221 1464 ἀνὴρ,
1274 1396 1307 1465 ή
1358 1395 1415 1446 δὲ
1467 1396 1758 1465 συγγραφὴ

210 1482 347 1551 αύτῷ
389 1484 826 1553 Ὀλυμπιόδωρον
856 1486 1045 1555 κριτὴν
1082 1484 1420 1555 προκαθίξει,
1449 1485 1505 1538 ὃν
1536 1488 1628 1538 καὶ
1656 1504 1758 1537 πα-

213 1577 423 1641 ρασχεῖν
451 1575 543 1627 τοῦ
574 1576 733 1642 λόγου
760 1577 857 1640 τὰς
888 1576 1141 1651 ἀφορμὰς
1173 1577 1504 1641 ὑποτίθεται,
1537 1579 1631 1629 καὶ
1661 1579 1758 1629 αύ-

207 1665 288 1713 τὸν
321 1664 514 1733 ἔχοντα
558 1666 649 1718 τοῦ
684 1667 989 1736 φιλοσοφεῖν
1033 1668 1229 1737 ἔρωτα,
1270 1667 1329 1719 ού
1365 1668 1470 1735 μὴν
1511 1667 1630 1719 οὐδὲ
1662 1669 1760 1735 τῆς

207 1754 482 1823 πολιτικῆς
527 1756 715 1823 σοφίας
760 1758 985 1827 ἄπειρον
1017 1774 1032 1787 ’
1084 1756 1362 1829 ἐμπρέψαι
1404 1756 1531 1828 [285
1573 1755 1667 1827 Η.]
1699 1775 1757 1810 τε

1865 611 2027 665 tentia
2079 626 2183 663 non
2229 611 2702 676 grammaticorum
2748 606 2941 671 solum,
2986 607 3082 660 sed
3132 623 3198 660 ne
3242 608 3421 662 rheto-

1863 716 1979 754 rum
2019 701 2234 767 quidem
2265 697 2353 752 ulli
2392 699 2660 753 secundus
2691 711 2813 751 cum
2844 697 3110 762 docendo,
3143 707 3254 751 tum
3285 698 3417 753 scri-

1862 791 2034 845 bendo
2066 789 2296 844 videtur.

2524 875 2753 932 CCXIV.

2022 973 2277 1028 Hieroclis
2308 973 2384 1027 De
2414 971 2753 1026 Providentia
2782 978 2831 1024 et
2862 966 3008 1024 Fato
3036 968 3159 1023 libri
3183 984 3280 1022 vn.

1932 1130 2128 1184 Lectus
2157 1137 2239 1182 est
2278 1124 2539 1180 Hieroclis
2569 1122 2679 1194 (19)
2717 1122 2853 1178 liber
2885 1120 2963 1175 De
2995 1121 3331 1176 Providentia
3371 1132 3421 1176 et

1863 1221 2004 1275 Fato
2040 1220 2175 1288 (20),
2206 1229 2364 1288 atque
2400 1219 2467 1272 de
2499 1216 2706 1269 arbitrii
2748 1215 2915 1269 nostri
2950 1230 3072 1267 cum
3101 1215 3278 1267 divina
3326 1231 3423 1284 gu-

1863 1314 2175 1369 bernatione
2237 1308 2607 1377 congruentia.
2665 1310 2869 1361 Auctor
2937 1307 3023 1360 hic
3090 1306 3423 1374 professione

1863 1404 2234 1473 philosOpltus,
2274 1402 2357 1455 cui
2411 1400 2547 1453 liber
2590 1398 2707 1465 ipse
2752 1396 3188 1467 Olympiodorutn
3235 1410 3425 1465 quem-

1860 1497 1982 1549 dam
2014 1493 2175 1547 veluti
2218 1506 2494 1545 censorem
2526 1488 2833 1549 constituit,
2874 1486 2963 1554 qui
2996 1486 3116 1554 ejus
3151 1487 3419 1540 scribendi

1859 1600 2075 1639 causam
2138 1583 2380 1644 dederit,
2413 1596 2559 1640 cum,
2612 1579 2964 1647 philosophiae
3023 1593 3127 1631 non
3181 1577 3421 1642 vulgaris

1860 1678 2161 1738 adamator,
2204 1688 2271 1727 ne
2312 1673 2481 1725 civilis
2519 1671 2735 1738 quidem
2763 1667 3042 1737 sapientiae
3072 1668 3225 1721 rudis
3252 1676 3420 1720 esset.

1858 1767 2072 1820 Clar'um
2104 1765 2246 1819 enim
2280 1762 2636 1832 legationibus
2666 1758 2922 1814 Romanis
2966 1756 3152 1820 fuisse,
3189 1758 3418 1811 multas-

206 1847 303 1911 γὰρ
342 1846 678 1915 Ῥωμαϊκαῖς
709 1848 1041 1916 πρεσϐείαις,
1077 1847 1365 1901 καὶπολλὰ
1403 1848 1495 1899 καὶ
1529 1848 1757 1916 μέγιστα
1790 1861 1828 1914 Β
1858 1882 1863 1908 ί

1790 1861 1828 1914 Β
1858 1874 1961 1926 que
2016 1873 2078 1911 ac
2126 1871 2344 1925 magnas
2389 1870 2419 1909 e
2468 1854 2715 1907 barbaris
2758 1852 3007 1922 gentibus
3050 1850 3292 1904 Romano
3318 1850 3414 1903 ad-

205 1936 305 1987 τὼν
332 1937 625 2007 βαρϐάρων
652 1938 819 1991 ἐθνῶν
840 1942 905 2008 τῇ
944 1939 1228 2009 Ῥωμαῖκῇ
1258 1938 1489 2007 συνάψαι
1508 1938 1657 2009 λήξει
1684 1939 1751 2003 ’⁸,

203 2027 392 2090 αἵτινες
422 2029 572 2098 αύτῷ
626 2031 717 2081 καὶ
764 2028 874 2082 τῶν
919 2030 1186 2101 μεγίστων
1216 2030 1345 2100 παρ’
1376 2031 1556 2092 αὐτοῖς
1582 2030 1756 2100 τιμῶν

201 2121 534 2183 κατέστησαν
568 2121 756 2175 αῖτιαι.
808 2122 863 2174 '0
911 2122 1009 2191 μὲν
1036 2124 1075 2153 ¹¹
1124 2122 1578 2191 Ὀλυμπιόδωρος,
1621 2122 1755 2189 πρὸς

196 2210 249 2261 δν
270 2214 295 2263 ό
320 2212 499 2279 λόγος,
530 2212 766 2274 τοιοῦτος
790 2230 803 2243 ο
912 2213 974 2282 δὴ
1000 2214 1091 2266 καὶ
1118 2213 1533 2283 παραμυθικοὺς
1563 2214 1755 2279 λόγους

197 2303 587 2371 όσυγγραφεὺς
633 2304 723 2355 ἐπὶ
760 2303 905 2355 τέλει
938 2303 1030 2356 τοῦ
1066 2303 1284 2371 πρώτου
1321 2302 1547 2372 βιϐλίου,
1598 2302 1752 2355 θετοῦ

196 2394 372 2457 παιδὸς
400 2394 671 2465 ἀποϐολὴν
703 2395 1055 2464 ποτνιωμένῳ
1082 2396 1127 2426 ³³
1160 2396 1253 2447 καὶ
1285 2394 1751 2463 σκυθρωπάζοντι,

196 2489 604 2555 προσενήνοχεν.
642 2487 707 2538 Ἦ
738 2485 784 2538 δ’
825 2485 1122 2553 ἐπαγγελία
1156 2487 1255 2554 τῆς
1304 2486 1584 2553 παρούσης
1632 2485 1752 2537 σκέ-

193 2577 330 2643 ψεως
382 2578 524 2643 Περὶ
564 2578 857 2645 Προνοίας
892 2577 1008 2629 ἐστὶ
1042 2576 1314 2629 διαλαϐεῖν
1354 2579 1419 2647 τῇ
1466 2577 1753 2639 Πλάτωνος

193 2666 309 2739 δόξῃ
346 2668 441 2719 κα)⁵
477 2669 883 2735 Ἀριστοτέλους
915 2667 1368 2736 συνδιατιθεμένῳ
1404 2685 1417 2697 ⁸
1458 2668 1751 2720 συνάπτειν

191 2758 291 2828 γὰρ
322 2758 569 2828 βούλεται
597 2760 720 2821 τοὺς
747 2758 944 2829 ἄνδρας
983 2762 1101 2821 ταῖς
1135 2741 1332 2823 δόξαις,
1363 2760 1422 2811 οὐ
1459 2762 1601 2811 κατὰ
1626 2761 1751 2822 τοὺς

190 2848 370 2914 λόγους
415 2850 517 2919 τῆς
573 2850 829 2918 Προνοίας
870 2848 1051 2917 μόνον,
1088 2848 1223 2901 ἀλλὰ
1260 2850 1351 2901 καὶ
1381 2851 1491 2902 ὅσοι
1522 2851 1619 2921 τὴν
1645 2850 1748 2917 ψυ-

191 2937 281 3008 χὴν
313 2938 606 3009 φρονοῦσιν
635 2940 921 3000 ἀθάνατον.
950 2941 1044 2991 καὶ
1067 2939 1119 2991 εί
1148 2956 1201 2991 τι
1229 2940 1356 3008 περὶ
1384 2939 1613 3008 ούρανοῦ
1652 2944 1747 2992 καὶ

189 3032 383 3099 κόσμου
411 3030 623 3093 τούτοις
663 3031 1111 3099 πεφιλοσόφηται.
1133 3028 1291 3081 Ὀσοι
1316 3029 1371 3081 δὲ
1399 3029 1525 3090 τοὺς
1547 3028 1747 3097 ἄνδρας

188 3122 258 3183 είς
288 3121 586 3190 διαφωνίαν
616 3121 867 3190 ἔστησαν,
903 3120 1123 3183 τούτους
1163 3122 1239 3181 εἰς
1275 3119 1343 3171 τὰ
1380 3119 1613 3188 μάλιστα
1646 3136 1745 3171 πε-

1851 1944 2099 2010 junxisse
2131 1945 2375 2014 imperio,
2399 1960 2517 2012 quae
2547 1944 2650 2011 ipsi
2686 1956 2897 2009 quoque
2924 1944 2990 1995 ad
3018 1956 3239 2010 magnos
3275 1941 3415 2009 apud

1857 2038 1972 2089 illis
2004 2036 2347 2105 magistratus
2385 2034 2740 2103 acquirendas
2784 2032 2927 2086 viam
2965 2035 3278 2087 straverint.
3315 2032 3418 2101 lgi—

1856 2142 1941 2179 tnr
1990 2128 2423 2197 Olympiodorus,
2473 2126 2537 2180 ad
2583 2140 2743 2194 quem
2796 2124 2932 2178 liber
2982 2124 3232 2189 mittitur,
3291 2126 3416 2178 talis

1855 2218 1989 2282 fuit;
2024 2221 2089 2272 ad
2139 2234 2296 2287 quem
2348 2219 2564 2285 insuper
2612 2216 2751 2269 libro
2804 2216 2979 2283 primo
3031 2226 3274 2270 extremo
3322 2215 3417 2269 ad.

1849 2311 2027 2379 junxit
2061 2322 2250 2362 auctor
2280 2308 2726 2370 consolationem,
2758 2320 2877 2361 cum
2919 2306 3009 2361 ille
3044 2307 3279 2376 adoptivi
3318 2307 3409 2360 lilii

1854 2399 2200 2453 amissionem
2235 2415 2393 2467 supra
2436 2399 2651 2451 modum
2684 2398 2891 2465 lugens,
2922 2413 3029 2451 non
3063 2398 3264 2454 dolenti
3298 2408 3415 2451 tan-

1853 2500 1964 2541 tum
2012 2495 2156 2542 esset
2202 2486 2405 2551 animo,
2437 2489 2529 2540 sed
2575 2490 2734 2540 etiam
2786 2487 2931 2539 vultu
2989 2489 3247 2543 tristiore.
3298 2487 3415 2555 Ipse

1850 2591 2029 2635 autem
2078 2579 2499 2633 commentarius
2547 2577 2622 2632 De
2683 2577 3048 2643 Providentia,
3090 2580 3413 2649 disputatio-

1853 2687 1972 2725 nem
2021 2668 2260 2738 praal'ert,
2290 2669 2407 2737 eius
2454 2669 2544 2737 qui
2604 2684 2730 2738 erga
2786 2667 3027 2723 Platonis
3078 2686 3182 2724 non
3232 2673 3413 2734 aliter,

1849 2779 2010 2834 quam
2059 2777 2183 2832 erga
2235 2760 2539 2816 Aristotelis
2588 2762 2908 2815 sententiam
2964 2763 3144 2817 animo
3190 2763 3413 2820 allectus

1850 2864 2016 2911 esset.
2049 2853 2353 2907 Conciliare
2385 2853 2527 2906 enim
2562 2853 2752 2907 horum
2788 2852 3229 2923 philosophorum
3269 2857 3412 2909 inter

1850 2962 1908 3000 se
1937 2945 2219 3014 opiniones
2249 2946 2448 3008 studet,
2482 2958 2585 2997 non
2618 2944 2793 2997 solum
2836 2945 2889 2998 in
2937 2944 3003 2998 iis
3031 2959 3154 3013 qua!
3180 2947 3243 2999 de
3283 2944 3415 2998 Pro-

1848 3038 2082 3091 videntia
2118 3038 2409 3105 disputant,
2434 3051 2622 3090 verum
2650 3038 2812 3089 etiam
2853 3037 2941 3091 ubi
2978 3036 3189 3091 animos
3220 3038 3413 3090 docent

1848 3144 1966 3183 esse
1996 3128 2349 3192 immortales,
2385 3140 2475 3182 aut
2509 3131 2574 3183 de
2609 3130 2747 3184 cmlo
2777 3130 3054 3198 quidpiam
3100 3144 3164 3183 ac
3210 3132 3409 3183 mundo

187 3216 487 3285 πλανῆσθαί
530 3234 587 3267 τε
634 3219 732 3283 τῆς
764 3217 870 3268 τῶν
903 3214 1108 3285 ἀνδρῶν
1153 3213 1464 3283 προθέσεως
1496 3212 1591 3265 καὶ
1650 3212 1741 3265 τοῦ
1767 3217 1811 3276 C

1767 3217 1811 3276 Ε
1846 3221 2008 3273 iidem
2064 3219 2530 3288 philosophantur.
2578 3217 2853 3286 Quotquot
2900 3230 3083 3272 autem
3140 3219 3236 3273 hos
3267 3218 3409 3272 inter

185 3306 405 3375 ἀληθοῦς
436 3309 689 3360 ἐκπεσεῖν
719 3307 763 3338 ’³
791 3306 1153 3369 ἀποτείνεται,
1201 3306 1324 3367 τοὺς
1374 3304 1471 3373 μὲν
1518 3305 1743 3368 ἑκόντας

186 3396 309 3465 ἔριδι
342 3397 440 3451 καὶ
471 3396 696 3467 ἀπονοίᾳ
720 3398 859 3465 σφᾶς
890 3398 1083 3457 αὐτοὺς
1114 3394 1574 3464 προσαναθέντας,
1616 3397 1742 3459 τοὺς

181 3488 233 3540 δὲ
274 3489 367 3541 καὶ
417 3489 685 3559 προλήψει
747 3490 843 3542 καὶ
891 3487 1097 3559 ἀμαθίᾳ
1133 3487 1579 3555 δεδουλωμένους.
1634 3490 1741 3541 Καὶ

183 3578 341 3632 πολὺν
394 3582 523 3644 τοὺς
582 3580 887 3651 ἔμπροσθεν
931 3581 1122 3649 στῆσαι
1161 3580 1340 3649 χορὸν,
1372 3582 1564 3649 μέχρις
1620 3580 1740 3632 ὅτου

181 3672 209 3739 ἡ
242 3671 556 3741 Ἀμμωνίου
596 3671 753 3739 σοφία
792 3672 1105 3740 διέλαμψεν,
1131 3671 1187 3722 ὃν
1222 3670 1313 3722 καὶ
1344 3668 1738 3722 Θεοδίδακτον

181 3762 553 3816 ἐπικαλεῖσθαι
603 3763 761 3832 ύμνεῖ
791 3781 807 3795 ο
844 3763 1030 3815 τοῦτον
1072 3762 1179 3831 γὰρ
1208 3764 1305 3823 τὰς
1336 3761 1446 3813 τῶν
1501 3760 1743 3813 παλαιῶν

179 3853 378 3923 ἀνδρῶν
422 3854 832 3926 διακαθάραντα
877 3857 1055 3921 δόξας,
1104 3856 1198 3908 καὶ
1243 3854 1368 3917 τοὺς
1407 3855 1743 3923 ἑκατέρωθεν

179 3944 579 4014 ἀναφυομένους
632 3947 1148 4016 ἀποσκευασάμενον
1186 3947 1400 4016 λήρους,
1455 3945 1743 4015 σύμφωνον

180 4034 232 4084 ὲν
278 4037 391 4098 τοῖς
437 4038 748 4107 ἐπικαίροις
803 4054 861 4090 τε
898 4037 989 4089 καὶ
1029 4039 1475 4104 ἀναγκαιοτάτοις
1506 4037 1614 4089 τῶν
1660 4037 1744 4089 δο-

178 4126 396 4193 γμάτων
424 4126 715 4190 Πλάτωνός
753 4144 810 4180 τε
847 4128 938 4181 καὶ
960 4127 1369 4197 Ἀριστοτέλους
1393 4131 1491 4198 τήν
1518 4128 1743 4197 γνώμην

176 4215 470 4286 ἀποφῆναι.
530 4214 715 4270 Ταῦτα
775 4217 865 4269 διὰ
910 4218 1009 4285 τῆς
1044 4220 1260 4288 γραφῆς
1311 4220 1339 4271 ὁ
1412 4219 1741 4288 Ἱεροκλέους

175 4301 321 4368 λόγος
356 4303 676 4368 σπουδάζων
699 4308 1093 4369 κατασκευάζει
1121 4308 1218 4375 μὲν
1251 4306 1286 4360 ἆ
1324 4308 1563 4370 ἐκείνους
1592 4308 1741 4376 φιλο-

176 4399 399 4463 τιμεῖται
426 4397 692 4463 δοξάζειν,
717 4398 1132 4465 ἀνταγωνίζεται
1154 4399 1209 4451 δὲ
1231 4400 1367 4468 πρὸς
1398 4400 1522 4464 τοὺς
1550 4401 1743 4452 tomu-

173 4486 389 4551 δακότας
470 4490 765 4555 τάναντία,
829 4490 1232 4560 Ἐπικουρείους
1292 4491 1351 4543 τέ
1430 4509 1572 4561 φημι
1645 4494 1742 4544 καὶ

173 4578 451 4644 Στωϊκοὺς,
516 4582 611 4635 καὶ
662 4584 774 4635 ὅσοι
814 4583 1073 4637 Πλάτωνα
1128 4584 1226 4652 μὲν
1271 4582 1593 4637 ὑποδύονται
1640 4585 1736 4638 καὶ

171 4671 569 4743 Ἀριστοτέλην,
602 4674 702 4727 ούκ
740 4673 916 4745 ὀρθῶς
938 4674 1083 4726 δὲτὰ
1108 4674 1334 4726 ἐκείνων
1364 4672 1733 4742 εἰσηγοῦνται.

1845 3326 1902 3364 se
1942 3310 2234 3364 dissentire
2278 3324 2340 3363 ac
2392 3322 2633 3379 pugnare
2674 3310 2918 3363 arbitrati
2973 3321 3118 3377 sunt,
3158 3324 3249 3364 cos
3293 3310 3410 3363 lon-

1844 3402 2064 3471 gissime
2121 3400 2190 3455 ab
2238 3414 2425 3454 eorum
2478 3401 2745 3453 sententia
2795 3400 3072 3465 abductos,
3117 3416 3146 3454 a
3185 3401 3409 3454 veritate

1842 3495 2061 3548 omnino
2105 3485 2385 3546 aberrasse
2416 3491 2712 3549 contendit,
2751 3488 2886 3543 alios
2919 3505 3015 3544 sua
3053 3500 3246 3557 sponte
3274 3504 3406 3543 con-

1845 3586 2097 3638 tendendi
2150 3584 2329 3638 studio
2375 3593 2537 3652 atque
2587 3582 2780 3651 172a
2824 3581 3056 3634 vesania:
3089 3596 3208 3635 sese
3256 3580 3406 3634 addi-

1844 3684 2047 3744 centes,
2078 3675 2212 3730 alios
2254 3685 2628 3744 praeoccupata
2666 3674 2922 3740 opinione
2964 3682 3132 3740 atque
3178 3672 3403 3739 imperi-

1845 3769 1913 3821 tia
1960 3771 2233 3821 subactos.
2278 3767 2356 3821 Ac
2400 3768 2596 3835 prioris
2630 3766 2850 3833 quidem
2888 3764 3098 3818 ordinis
3134 3762 3405 3831 ingentem

1848 3858 2012 3911 fuisse
2046 3873 2330 3911 numerum
2366 3856 2556 3919 refert,
2597 3860 2770 3910 donec
2812 3854 3079 3908 Ammonii
3113 3855 3407 3924 aliquando

1844 3948 2107 4016 sapientia
2144 3949 2260 4002 orbi
2310 3947 2507 4013 illuxit,
2555 3962 2713 4016 quem
2759 3947 2923 4000 etiam
2975 3945 3233 3999 Divinitus
3284 3950 3406 4000 edo-

1844 4047 1985 4090 ctum
2027 4036 2282 4107 appellari
2330 4038 2606 4104 pradicat.
2644 4035 2799 4091 Hunc
2830 4036 2974 4090 enim
3011 4045 3254 4090 veterum
3287 4037 3405 4105 phi-

1846 4128 2191 4197 lOSOpborum
2241 4127 2585 4197 opinionibus
2642 4126 3020 4196 perpurgatis,
3076 4136 3130 4181 et
3178 4126 3405 4180 resectis

1844 4234 1963 4287 quae
2034 4218 2288 4285 utrinque
2345 4228 2696 4271 excreverant
2754 4217 2943 4286 nugis,
3000 4216 3053 4270 in
3115 4216 3404 4283 prazcipuis

1845 4310 2146 4379 quibusque
2173 4318 2226 4362 et
2256 4310 2489 4363 maxime
2522 4309 2849 4364 necessariis
2878 4309 3242 4377 dogmatibus,
3269 4324 3400 4363 con-

1844 4400 2060 4454 cordem
2110 4412 2232 4452 esse
2284 4397 2524 4452 Platonis
2583 4406 2636 4449 et
2684 4396 2993 4450 Aristotelis
3050 4396 3399 4459 sententiam,

1845 4492 2263 4545 demonstrasse.
2296 4486 2408 4541 Huc
2450 4487 2612 4557 igitur
2641 4486 2901 4540 Hieroclis
2944 4486 3168 4555 scriptio
3208 4501 3402 4555 magno

1770 4562 2016 4632 Dstudio
2062 4577 2369 4641 connitens,
2406 4586 2462 4631 et
2506 4577 2842 4645 argumentis
2891 4575 2978 4629 illa
3026 4576 3244 4638 astruit,
3280 4591 3400 4645 qua:

1836 4667 1982 4735 ipsos
2013 4664 2248 4719 sensisse
2274 4664 2585 4728 contendit;
2611 4672 2665 4716 et
2699 4663 2901 4717 acriter
2925 4678 3049 4719 cum
3093 4663 3161 4717 iis
3202 4672 3398 4726 certat,

171 4761 271 4813 Καὶ
326 4765 436 4833 μὴν
486 4766 648 4826 ὅσους
692 4767 721 4818 ό
766 4766 865 4834 τῆς
914 4763 1346 4832 γενεθλιαλογίας
1388 4764 1733 4834 ἀνηρτήσατο

1835 4759 1926 4826 qui
1969 4758 2304 4811 contrariam
2358 4754 2495 4809 tueri
2548 4765 2755 4824 partem
2802 4755 2979 4809 conati
3024 4762 3172 4809 sunt.
3214 4753 3400 4822 Epicu-

169 4856 339 4917 πόνος,
387 4856 458 4908 δι’
512 4856 754 4925 ἐλέγχων
806 4856 851 4887 ³⁸
893 4858 1037 4925 ἄγει,
1088 4856 1363 4925 σφαλερὰν
1399 4855 1579 4908 αὐτῶν
1631 4857 1732 4927 τὴν

1835 4862 1956 4902 reos
1991 4848 2127 4909 dico,
2160 4860 2223 4900 ac
2263 4844 2496 4909 Stoicos,
2541 4856 2596 4901 et
2632 4854 2895 4915 quotquot
2936 4843 3080 4900 forte
3119 4843 3398 4899 Platonem

170 4945 287 5012 περὶ
335 4946 439 5016 τῆς
486 4948 831 5017 εἱμαρμένης
869 4949 1176 5012 ἐπιδεικνὺς
1217 4948 1391 5014 δόξαν.
1446 4950 1555 5001 Καὶ
1599 4949 1728 5012 τοὺς

1831 4950 1990 5010 atque
2022 4939 2362 4995 Aristotelem
2399 4940 2586 4995 colunt
2621 4940 2859 5009 quidem,
2885 4941 2979 4995 sed
3008 4954 3197 4996 eorum
3234 4956 3392 4995 sensa

170 5040 425 5103 μηχαναῖς
474 5038 522 5069 ’⁵
553 5054 696 5089 τισιν
752 5038 785 5107 ἢ
834 5040 1107 5108 γοητείαις
1155 5040 1255 5109 τὴν
1304 5039 1568 5109 Πρόνοιαν
1615 5039 1726 5091 τῶν

1831 5034 2010 5087 minus
2062 5041 2205 5086 recte
2258 5032 2547 5102 explicant.
2606 5030 2712 5087 Eos
2766 5032 2918 5095 item,
2978 5032 3071 5101 qui
3125 5032 3180 5085 in
3232 5047 3396 5098 gene-

168 5126 323 5182 ὄντων
370 5130 774 5194 ἀποσκευάζειν
824 5131 1136 5201 τολμῶντας
1184 5132 1305 5194 ταῖς
1353 5130 1563 5199 ὁμοίαις
1619 5129 1730 5183 τῶν

1836 5125 2032 5180 tliliaca
2086 5124 2351 5179 desudant
2412 5135 2549 5189 arte.
2605 5125 2917 5195 redarguit,
2968 5125 3098 5179 dum
3148 5123 3393 5177 fallacem

1456 5263 1685 5319 VARUE
1725 5258 2126 5319 LECTIONES.

236 5379 275 5408 "
288 5379 548 5456 διδάσκειΔ
573 5378 979 5456 καὶχράφειλςΖ
1006 5449 1018 5456 _
1119 5377 1266 5456 ’λέξει
1437 5377 1479 5456 ξι
1502 5377 1601 5455 μὲν
1620 5374 1841 5456 οὖν’ρλτ
1863 5374 2017 5456 ς.“¹¹
2037 5374 2386 5456 ποτνιωμένη)
2405 5373 2691 5456 περιαλγεί
2727 5389 2785 5425 τε
2811 5373 2923 5456 ὄντι
2952 5373 3045 5425 καί
3077 5390 3139 5437 ς.
3162 5444 3181 5456 .
3213 5372 3259 5402 ’³
3297 5374 3392 5423 ἐκ·

166 5452 334 5517 πεσεῖν
364 5448 457 5500 τοῦ
493 5444 736 5515 ἀληθοῦς
757 5444 817 5511 ς.
892 5449 1018 5501 ¹⁵δι⁹
1045 5448 1279 5517 ἐλέγχων
1310 5444 1582 5517 Bentleius
1628 5445 1769 5514 apud
1800 5445 2098 5517 Needham.
2127 5461 2180 5515 μ.
2211 5445 2317 5499 HO
2350 5460 2364 5495 :
2399 5444 2689 5514 διελέγχων
2724 5460 2781 5506 ς’.
2856 5444 2901 5476 ⁸⁵
2938 5444 3209 5512 μηχαναῖς
3249 5458 3391 5494 τισιν

169 5516 485 5586 ἧγοητείαις
539 5529 660 5587 post
688 5519 997 5587 τολμῶντας
1027 5515 1279 5588 ρυιιιὶς.
1313 5518 1496 5570 addito
1523 5516 1579 5568 δὲ
1614 5526 1733 5584 post
1766 5515 2045 5581 πρόνοιαν.

1715 5632 1947 5689 NOTAE.

1890 5750 2001 5815 (“20)
2036 5747 2186 5802 Unde
2233 5750 2491 5813 impressa
2532 5747 2757 5803 Lutetiae
2810 5747 3056 5818 quaedam
3100 5755 3378 5817 excerpta,

232 5746 333 5816 "9)
369 5746 591 5817 Dequo
623 5745 774 5802 Suid.
804 5758 857 5803 et
887 5748 1074 5805 Liban.
1106 5749 1199 5807 lib.
1238 5768 1249 5805 ι
1286 5749 1455 5821 Epist.
1486 5754 1552 5806 ad
1579 5754 1710 5807 Acu-

1821 5821 1959 5889 apud
1994 5818 2121 5875 Fed.
2156 5818 2354 5873 )lorcll.

166 5828 305 5867 num.
