4196 6442
788 414 895 477 703

1915 416 2175 476 PIIOTII
2216 409 2715 473 PATRIARCILE
2754 410 2861 467 Cl‘.

3916 394 4020 457 704

789 538 977 578 eorum
1010 538 1135 580 esse
1160 539 1224 581 ac
1244 524 1507 579 lubricam
1539 525 1604 579 de
1634 525 1743 580 fato
1776 526 2080 593 opinionem
2103 526 2355 579 ostendit.
2387 531 2433 588 Α

2387 531 2433 588 Α
2464 524 2635 588 λόγων
2692 518 2979 572 ὑποϐάλλει
3034 516 3305 586 βασάνοις.
3364 515 3474 567 Καῒ
3531 510 3762 563 καθόλου
3819 509 4018 576 φάναι,

788 614 902 669 luto
927 627 983 671 et
1007 618 1099 684 qui
1120 616 1522 671 Providentiam
1549 632 1727 670 rerum
1752 627 2057 671 creatarttm
2075 630 2348 671 commen-

791 706 858 759 tis
878 707 1199 775 quibusdam
1228 716 1321 762 aut
1362 709 1651 777 praestigiis
1690 708 1873 761 tollere
1899 708 2127 770 audent,
2158 708 2346 760 iisdem

790 813 1010 862 prorsus
1053 801 1320 855 rationum
1370 802 1525 869 quasi
1567 802 1952 869 quaestionibus
1994 799 2348 867 explorandos

2459 614 2594 683 πρὸς
2652 614 2750 674 τὰς
2810 609 3105 679 ὑπολήψεις
3160 608 3437 659 ἐνίσταται
3494 605 3694 666 πάσας,
3745 602 3871 651 ὅσαι
3920 598 4021 666 τὴν

2456 707 2605 758 θείαν
2637 706 2737 756 οὑκ
2781 701 2915 755 εἶναι
2949 702 3229 771 Πρόνοιαν,
3274 699 3305 767 ἢ
3357 693 3494 750 εἶναι
3538 698 3635 763 μὲν
3680 693 3894 761 φαύλην
3939 689 4020 751 δὲ,

2454 800 2580 858 τοὺς
2611 796 3017 864 ἀμαθεστέρους
3054 793 3299 843 πείθουσι
3336 787 3597 856 νομίζειν.

787 889 1024 957 subjicit.
1056 888 1122 943 Ut
1143 898 1321 943 autem
1342 890 1695 943 simulomnia
1714 890 1908 954 dicant,
1936 891 2191 945 adversus
2220 906 2406 943 omnes
2434 890 2547 942 illas
2565 890 2846 955 opiniones
2873 890 3116 955 insurgit,
3148 902 3265 953 quae
3285 884 3609 937 iudoctiores
3630 896 3695 933 eo
3723 879 4019 939 adducunt,

790 988 845 1032 ut
871 980 1107 1034 divinam
1141 981 1534 1035 Providentiam
1569 982 1650 1036 vel
1705 981 1926 1034 omnino
1958 997 2064 1035 non
2093 996 2213 1037 esse
2238 1024 2251 1043 ,
2282 983 2363 1035 vel
2394 982 2586 1034 nullius
2620 996 2737 1033 esse
2770 982 3021 1032 momenti
3055 996 3116 1034 ac
3143 979 3439 1046 despicatui
3476 976 3775 1027 ducendam
3807 979 4015 1036 putent.

863 1072 934 1124 Ex
968 1071 1206 1126 Platonis
1238 1074 1401 1142 igitur
1434 1075 1705 1127 sententia
1734 1075 1983 1141 supponit
2016 1076 2127 1127 haec
2156 1074 2344 1140 dispu-

790 1166 922 1216 tatio
965 1166 1127 1217 Deum
1176 1175 1366 1217 natura
1408 1176 1531 1218 ante
1565 1164 1709 1217 illam
1740 1161 2174 1235 [providentiam]
2206 1178 2347 1225 esse,

790 1255 936 1309 velut
977 1256 1241 1309 universa:
1288 1256 1448 1309 simul
1499 1255 1844 1325 aspectabilis
1884 1264 1938 1308 et
1982 1254 2348 1321 inspectabilis

790 1347 953 1415 hujus
1003 1348 1295 1401 molitionis
1326 1348 1595 1415 opiﬁcem,
1628 1362 1787 1416 quam
1830 1361 1892 1399 ex
1944 1345 2084 1399 nulla
2132 1360 2190 1398 re
2229 1345 2349 1397 sub-

782 1439 920 1506 jt't'lzt
966 1439 1079 1491 vult
1122 1454 1150 1491 a
1189 1454 1285 1492 suo
1320 1439 1529 1491 artiﬁce
1578 1441 1893 1506 productam
1946 1459 1958 1491 :
2007 1446 2061 1489 ut
2103 1436 2187 1490 cui
2234 1437 2346 1489 sola

786 1528 1058 1581 suﬂiceret
1103 1527 1375 1590 voluntas,
1408 1543 1516 1595 quo
1564 1542 1742 1580 rerum
1785 1537 1974 1579 natura
2008 1527 2343 1581 subsisteret.

784 1620 1052 1672 Caeterum
1090 1634 1348 1687 corporea
1395 1620 1691 1672 substantia
1732 1634 1826 1687 per
1853 1620 2179 1672 creationem
2222 1634 2342 1670 cum

787 1711 1104 1778 incorporea
1151 1709 1462 1779 conjuncta,
1508 1712 1763 1764 mundum
1794 1724 1860 1763 ex
1896 1720 2122 1778 utraque
2153 1720 2345 1762 natura

786 1804 1259 1870 perfectissimum,
1302 1802 1565 1870 duplicem
1618 1802 1775 1856 simul
1821 1809 1875 1855 et
1914 1818 2099 1867 umtm,
2139 1803 2343 1856 consti-

787 1903 964 1946 tutum
1004 1909 1125 1948 esse
1152 1910 1169 1947 :
1199 1895 1249 1946 itt
1294 1908 1403 1961 quo
1448 1909 1678 1958 summa,
1718 1892 1909 1957 media,
1947 1902 2001 1945 et
2028 1892 2131 1944 ima
2161 1890 2344 1945 mundi

785 1982 962 2050 opil'ex
1009 1983 1274 2052 sapientia
1306 1984 1460 2054 juxta
1507 1983 1764 2051 cujusque
1804 1992 2049 2033 naturam
2094 1980 2346 2033 decreve-

786 2075 875 2127 t-it.
910 2073 1110 2128 Horum
1144 2076 1315 2144 prima
1362 2076 1563 2129 ratione
1593 2075 1812 2143 pra’dita
1856 2071 2103 2139 caelestia,
2138 2082 2192 2127 et
2225 2074 2347 2124 deos

782 2163 963 2218 vocari
993 2165 1069 2217 ait
1106 2182 1120 2218 :
1163 2163 1290 2231 Qua:
1347 2180 1473 2219 vero
1503 2164 1758 2235 proxima:
1793 2174 1910 2229 post
1934 2162 2074 2215 hunc
2096 2149 2345 2215 ordinem

788 2253 990 2323 regioni
1032 2255 1294 2308 attributa
1354 2266 1523 2319 sunt,
1576 2270 1637 2307 ea
1699 2269 1818 2305 cum
1875 2253 2072 2305 ratione
2126 2249 2350 2319 prwdt’ta

783 2346 1028 2412 wtherea,
1084 2355 1195 2400 tum
1255 2348 1520 2400 dwmonas
1576 2347 1734 2399 bonos
1785 2344 2033 2413 appellat,
2085 2344 2345 2395 bonorum

784 2438 915 2493 item
947 2438 1257 2495 hominibus
1291 2440 1614 2506 interpretes
1658 2449 1711 2491 et
1751 2438 1968 2491 nuntios
1996 2435 2166 2490 lactus
2198 2452 2212 2488 :
2247 2434 2347 2487 hu-

782 2545 1000 2583 manum
1034 2529 1269 2599 denique
1294 2544 1463 2599 genus
1497 2528 1737 2581 inﬁmum
1774 2537 1955 2580 tenere
1991 2524 2189 2587 locum,
2222 2537 2347 2578 eos-

782 2633 889 2687 que
933 2628 1135 2672 terrena
1183 2620 1499 2679 animantia,
1533 2625 1582 2671 at
1624 2620 1886 2669 humanas
1925 2616 2158 2679 animos,
2188 2626 2349 2684 atque

785 2712 867 2775 (ut
901 2707 1056 2765 Plato
1106 2709 1333 2777 diceret)
1387 2710 1635 2762 mortales
1675 2709 1906 2761 homines
1948 2707 2203 2776 appellari
2244 2717 2349 2759 tra-

782 2801 886 2852 dit.
917 2798 1041 2853 Hazc
1071 2816 1233 2869 porro
1270 2802 1369 2853 tria
1402 2816 1599 2869 genera
1638 2802 1689 2853 itt
1725 2816 1830 2853 uno
1870 2799 2019 2852 velut
2052 2799 2347 2861 animante,

783 2892 867 2945 vel
899 2892 1067 2947 choro
1098 2904 1260 2964 atque
1296 2905 1557 2957 concentu
1610 2895 1684 2947 ita
1724 2907 1843 2947 esse
1892 2900 2072 2961 aptata
2119 2891 2349 2947 invicem

784 2998 947 3054 atque
989 3000 1259 3052 connexa,
1292 2996 1351 3039 ιιι
1400 2986 1662 3040 naturalis
1708 3001 1894 3039 eorum
1943 2984 2217 3038 distinctio
2257 2999 2351 3053 per

787 3077 1042 3129 unionem
1085 3076 1252 3139 illam,
1290 3092 1353 3130 ac
1405 3093 1600 3131 nexum
1656 3085 1897 3131 mutuum
1951 3077 2171 3130 minime
2220 3092 2350 3130 con-

786 3169 901 3220 lusa
932 3179 1305 3221 conservetur.
1336 3168 1413 3222 Ac
1446 3183 1677 3237 praeesse
1716 3168 1932 3238 quidem
1975 3168 2347 3236 praestantiora

788 3260 1139 3315 inferioribus
1191 3278 1205 3315 :
1251 3262 1504 3315 omnibus
1561 3271 1737 3313 tamen
1801 3260 2020 3313 omnino
2083 3262 2349 3327 imperare

789 3354 1028 3421 ipsorum
1074 3353 1285 3408 Patrem
1335 3365 1495 3420 atque
1522 3353 1869 3407 Conditorem
1919 3354 2106 3407 Deum.
2163 3350 2350 3420 172!)

791 3442 905 3495 ll'uc
970 3458 1100 3511 ergo
1154 3443 1270 3510 ejus
1330 3451 1583 3511 tauquam
1646 3458 1673 3495 a
1740 3454 1892 3510 patre
1952 3443 2352 3495 denuminatum

785 3548 1031 3600 regnum,
1067 3542 1120 3587 et
1152 3533 1343 3595 videri,
1373 3544 1426 3585 et
1461 3548 1582 3586 vere
1612 3548 1733 3585 esse
1772 3530 2195 3596 Providentiam,
2236 3547 2355 3599 qua:

786 3624 930 3690 quod
966 3624 1160 3692 cuique
1196 3624 1377 3693 generi
1426 3625 1695 3687 convenit,
1744 3624 1845 3677 Itoc
1884 3622 1957 3675 illi
2008 3622 2300 3676 distribuat
2339 3640 2350 3675 :

786 3725 843 3767 at
902 3728 1028 3767 vero
1070 3713 1334 3781 justitiam
1394 3715 1570 3776 illam,
1628 3728 1747 3781 qua:
1799 3712 1893 3767 Dei
1960 3712 2354 3767 Providentiam

788 3807 1101 3870 comitatur,
1132 3806 1314 3861 vocari
1349 3806 1536 3859 fatum.
1574 3803 1693 3859 Uno
1730 3803 1873 3858 enim
1910 3802 2003 3857 fati
2048 3805 2263 3857 nomine
2302 3803 2354 3856 in

787 3901 970 3968 plures
1017 3900 1287 3962 notiones,
1323 3899 1387 3952 ab
1433 3899 1497 3952 iis
1547 3898 1636 3967 qui
1688 3897 1926 3951 novitate
1958 3897 2213 3965 gaudent,
2247 3896 2357 3950 dis-

786 4002 981 4055 tracto,
1039 4006 1147 4046 non
1194 3989 1338 4042 aliud
1388 3998 1561 4041 tamen
1602 3988 1768 4041 fatum
1821 3986 1923 4041 sibi
1964 3987 2157 4053 videri,
2192 4002 2354 4056 quam

790 4085 840 4136 id
872 4082 1017 4151 quod
1047 4080 1395 4136 Aristotelem
1427 4088 1481 4132 et
1515 4078 1793 4131 Platonem
1827 4076 2123 4130 credidisse
2171 4077 2354 4130 tradit.

789 4176 976 4242 Neque
1008 4173 1153 4227 enim
1191 4172 1334 4224 illam
1395 4182 1594 4224 temere
1633 4168 1860 4237 positam
1901 4167 2355 4237 genetltliacorum

788 4264 1169 4319 necessitatem
1204 4260 1310 4313 ullo
1343 4259 1499 4313 modo
1530 4258 1787 4321 admittit,
1837 4272 1935 4311 nec
1968 4258 2191 4311 stoicam
2228 4258 2354 4311 item

788 4357 895 4409 vim
929 4393 946 4417 ,
990 4366 1167 4422 neque
1225 4349 1355 4404 illud
1409 4351 1570 4403 etiam
1630 4348 1822 4413 fatum,
1867 4347 2008 4416 quod
2055 4347 2357 4401 Alexander

788 4444 1228 4513 Aphrodisiensis
1276 4443 1484 4507 statuit,
1534 4455 1705 4512 eoque
1756 4441 1973 4494 tandem
2020 4439 2256 4504 deducit,
2300 4449 2357 4493 ut

2527 1073 2634 1121 Καὶ
2691 1070 2829 1122 κατὰ
2890 1070 3147 1122 Πλάτωνα
3195 1067 3327 1119 Θεὸν
3361 1065 3510 1133 αὐτῷ
3542 1065 3587 1095 ’⁸
3621 1064 4017 1134 προῦφὶστησιν

2454 1161 2487 1229 ἡ
2520 1159 2727 1227 σκέψις,
2765 1160 2941 1227 πάσης
2977 1158 3253 1226 ἐμφανοῦς
3287 1176 3343 1209 τε
3376 1160 3468 1209 καὶ
3491 1155 3730 1223 ἀφανοῦς
3754 1154 4016 1222 δημιουρ-

2454 1250 2547 1316 γὸν
2581 1250 3012 1317 διακοσμήσεως,
3034 1249 3099 1318 ἢν
3124 1250 3186 1300 ἐκ
3212 1246 3435 1316 μηδενός
3464 1262 3627 1313 φησιν
3654 1242 4017 1310 ὑποκειμένου

2454 1343 2785 1410 προαγαγεῖν
2814 1341 2903 1391 τὸν
2928 1339 3175 1408 τεχνίτην
3203 1356 3216 1370 ·
3262 1339 3449 1407 ἀρκεῖν
3473 1338 3580 1406 γάρ
3605 1334 3753 1401 αὑτῷ
3779 1335 3859 1395 εἱς
3889 1334 4018 1385 ὑπό-

2454 1449 2637 1483 στασιν
2680 1432 2787 1483 τῶν
2843 1432 3009 1483 ὄντων
3042 1432 3102 1483 τὸ
3135 1430 3401 1499 βούλημα.
3455 1427 3566 1496 Τῆς
3619 1427 3674 1477 δὲ
3700 1424 4018 1494 σωματικῆς

2450 1521 2752 1582 οὑσιώσεως
2780 1524 2845 1591 τῇ
2876 1522 3149 1592 ἀσωμάτῳ
3185 1518 3622 1589 συντεταγμένης
3662 1515 4015 1588 δημιουργίᾳ,

2452 1610 2654 1680 κόσμον
2689 1612 2747 1675 ἐξ
2780 1612 2980 1681 ἀμφοῖν
3033 1614 3379 1678 τελεώτατον,
3417 1611 3633 1666 διπλοῦν
3667 1629 3723 1663 τε
3766 1610 3883 1679 ἃμα
3922 1609 4020 1661 καὶ

2452 1701 2567 1764 ἕνα,
2602 1704 2888 1772 συστῆσαι,
2913 1706 2971 1757 ὲν
3008 1696 3052 1771 ᾧ
3091 1705 3234 1775 άκρα
3265 1704 3359 1757 καὶ
3398 1705 3540 1773 μέσα
3582 1704 3675 1756 καὶ
3727 1702 4017 1753 τελευταῖα

2452 1799 2551 1868 τὴν
2577 1798 2902 1866 κοσμοποιδν
2926 1798 3117 1865 σοφίαν
3141 1800 3281 1852 κατὰ
3310 1799 3470 1866 φύσιν
3498 1799 3771 1868 διακρῖναι
3805 1810 3815 1821 ·

2452 1889 2549 1957 μὲν
2573 1888 2767 1957 πρῶτα
2792 1891 3007 1959 λογικὰ
3048 1887 3298 1957 οὐράνιά
3316 1906 3375 1940 τε
3397 1890 3492 1941 καὶ
3514 1888 3685 1952 θεοὺς
3709 1885 4016 1950 καλεῖσθαι,

2446 1980 2483 2033 ἂ
2514 1980 2569 2032 δὲ
2600 1982 2633 2050 ὴ
2667 1980 2785 2050 μετ’
2815 1983 2990 2035 ἐκεῖνο
3019 1982 3079 2035 τὸ
3110 1982 3362 2052 σύστημα
3381 1982 3522 2050 ἔχειν
3552 1982 3705 2051 ἔλαχε
3731 1980 3887 2050 χώρα
3910 1985 4019 2035 .10-

2446 2073 2602 2140 γικὰ,
2638 2071 2863 2141 αἱθέριά
2892 2090 2948 2126 τε
2984 2073 3079 2127 καὶ
3124 2074 3384 2142 ἀγαθοὺς
3417 2073 3703 2141 δαίμονας
3735 2072 4018 2141 ὀνομάζει,

2450 2161 2576 2234 [552
2610 2162 2702 2233 IL]
2733 2163 2837 2217 τῶν
2865 2182 2924 2217 τε
2968 2165 3351 2235 συμφερόντων
3395 2166 3701 2234 ἀνθρώποις
3742 2165 4019 2234 ἑρμηνέας

2448 2270 2506 2305 τε
2540 2255 2633 2307 καὶ
2662 2256 2927 2322 ἀγγέλους
2972 2255 3295 2325 γενομένους
3323 2271 3336 2284 ’
3369 2255 3431 2307 τὸ
3460 2256 3517 2308 δὲ
3547 2254 3885 2324 ἀνθρώπειον
3916 2254 4019 2321 φῦ-

2447 2344 2538 2399 λον
2582 2346 2680 2415 τὴν
2721 2347 3041 2400 τελευταίαν
3084 2346 3238 2410 τάξιν
3274 2346 3509 2415 ἐπέχειν,
3546 2344 3637 2407 οὓς
3664 2344 3933 2412 περίγειὰ
3961 2362 4020 2395 τε

2448 2438 2559 2501 ζῶα
2608 2440 2705 2493 καί
2737 2440 3071 2505 ἀθανάτους
3104 2438 3307 2508 ψυχὰς
3338 2439 3431 2491 καὶ
3468 2437 3559 2507 (ὡς
3594 2438 3658 2490 ἂν
3702 2437 3847 2489 εἴποι
3882 2436 4024 2487 Πλά-

2446 2540 2574 2598 των)
2624 2534 2960 2599 ἀθανάτους
3005 2535 3361 2603 όνομάζεσθαι
3416 2532 3790 2600 ἀνθρώπους.
3835 2530 3919 2582 Τὰ
3966 2530 4022 2583 δὲ

2448 2626 2572 2694 τρία
2602 2625 2773 2676 ταῦτα
2802 2626 2936 2695 γένη
2982 2625 3105 2695 1281
3139 2624 3228 2696 Η.]
3250 2625 3323 2686 ὡς
3356 2625 3412 2677 ἐν
3443 2625 3523 2676 ἑνὶ
3552 2622 3727 2692 ζώῳῆ
3753 2621 3903 2695 χορῷ
3929 2622 4023 2675 καὶ

2453 2712 2743 2782 συμφωνίᾳ
2782 2714 3151 2783 συνηρτῆσθαι
3192 2714 3288 2783 μὲν
3316 2712 3589 2784 ἀλλήλοις,
3623 2714 3934 2781 άσύγχυτον
3967 2712 4022 2763 δὲ

2448 2806 2515 2872 τῇ
2565 2802 2751 2856 ένώσει
2805 2805 2899 2856 καὶ
2943 2805 3274 2875 ἀλληλουχίᾳ
3321 2805 3415 2873 τὴν
3443 2805 3583 2857 κατὰ
3628 2804 3789 2869 φύσιν
3842 2804 4023 2855 αὐτῶν

2449 2895 2721 2964 διάκρισιν
2753 2897 3158 2965 συντηρεῖσθαι.
3208 2898 3315 2950 Καὶ
3353 2897 3604 2967 ἡγεῖσθαι
3653 2897 3751 2965 μὲν
3780 2897 3892 2948 τῶν
3922 2914 4020 2950 κα-

2449 2986 2818 3054 ταδεεστέρων
2874 2988 2942 3040 τά
2991 2987 3423 3057 προτεταγμένα,
3474 2988 3689 3042 πάντων
3729 2988 3786 3040 δὲ
3843 2987 4024 3039 αὐτῶν

2452 3075 2757 3145 βασιλεύειν
2786 3078 2877 3130 τὸν
2920 3081 3139 3151 Πατέρα
3173 3080 3305 3133 Θεὸν
3354 3080 3447 3133 καὶ
3497 3080 3861 3150 Δημιουργόν,
3920 3081 4025 3133 Καὶ

2450 3167 2655 3238 ταύτην
2705 3169 2804 3240 τὴν
2837 3172 3245 3242 πατρονομικὴν
3288 3173 3334 3202 ’⁷
3374 3172 3538 3224 αὑτοῦ
3574 3172 3850 3242 βασιλείαν
3888 3172 4025 3242 πρό-

2452 3278 2601 3313 νοιαν
2647 3263 2742 3313 καὶ
2790 3261 3105 3331 νομίζεσθαι
3139 3264 3233 3316 καὶ
3269 3259 3431 3324 εἶναι,
3461 3264 3582 3332 ἥτις
3610 3266 3829 3333 ἑκάστῳ
3879 3267 4025 3332 γένει

2452 3350 2518 3402 τὰ
2550 3353 2892 3421 προσήκοντα
2918 3353 3184 3423 διανέμει.
3213 3355 3321 3425 Τὴν
3364 3356 3545 3425 μέντοι
3576 3373 3637 3423 γε
3670 3359 3734 3426 τῇ
3788 3356 4027 3426 Προνοίᾳ

2454 3445 2829 3512 συνεπομένην
2857 3444 3015 3514 δίκην
3041 3446 3381 3517 εἱμαρμένην
3417 3446 3696 3500 καλεῖσθαι
3727 3462 3742 3477 ο
3797 3448 3882 3510 εἱς
3914 3447 4027 3509 ἑνὸς

2452 3534 2561 3604 γὰρ
2589 3533 2761 3585 πλείω
2800 3535 3174 3605 σημαινόμενα
3207 3536 3301 3589 τοῦ
3336 3538 3434 3607 τῆς
3465 3538 3804 3607 εἱμαρμένης
3828 3538 4028 3607 ὀνόμα-

2451 3642 2543 3687 τος
2574 3626 2678 3677 ὑπὸ
2703 3628 2810 3679 τῶν
2858 3627 3159 3698 χαιρόντων
3186 3631 3306 3691 ταῖς
3342 3629 3721 3698 καινοτομίαις
3748 3645 4029 3681 κατασκε-

2451 3715 2760 3779 δασθέντος,
2810 3717 2908 3769 οὑκ
2954 3717 3122 3787 ἄλλην
3166 3719 3408 3787 νομίζειν
3465 3718 3628 3771 αὑτὸν
3680 3720 4031 3789 εἱμαρμένην

2453 3806 2569 3859 ἀλλ’
2599 3807 2666 3877 ἢν
2697 3805 3064 3876 Ἀριστοτέλει
3098 3808 3195 3862 καὶ
3240 3810 3487 3863 Πλάτωνι
3530 3810 3775 3879 νομίζειν
3822 3810 4029 3864 δίδωσι.

2456 3898 2568 3969 Τήν
2612 3915 2672 3949 τε
2715 3898 2823 3968 γὰρ
2866 3898 2975 3952 τῶν
3022 3900 3448 3969 γενεθλιαλόγων
3472 3900 3755 3968 ἀλόγιστον
3783 3901 4033 3970 ἀνάγκην

2454 3989 2566 4043 οὐδ’
2592 3989 2729 4053 ὅλως
2764 3990 3069 4059 προσίεται,
3107 3991 3229 4045 οὑδὲ
3255 3992 3353 4062 τὴν
3380 3992 3625 4063 Στωῖκὴν
3655 3992 3799 4061 βίαν,
3832 3992 3898 4044 οὑ
3930 3994 4034 4061 μὴν

2454 4081 2567 4134 ἀλλ’
2605 4080 2715 4132 οὐδ’
2744 4080 2811 4150 ἢν
2842 4081 2869 4133 ό
2891 4081 2950 4147 ἐξ
2978 4081 3383 4153 Ἀφροδισιάδος
3409 4084 3621 4147 δοξάζει
3651 4082 4030 4155 Ἀλέξανδρος,

2453 4176 2520 4243 τῇ
2550 4172 2867 4243 Πλατωνικῆ
2899 4174 3008 4227 τῶν
3059 4176 3330 4243 σωμάτων
3383 4176 3541 4243 φύσει
3589 4176 3668 4238 εἱς
3719 4177 4035 4246 ταυτότητά

2457 4266 2738 4336 περιάγων
2771 4266 2971 4337 ταύτην
3003 4284 3016 4298 ·
3058 4267 3172 4331 ἀλλ’
3226 4268 3345 4319 οὐδὲ
3380 4269 3478 4338 τὴν
3516 4268 3747 4337 ἐπῳδαῖς
3801 4267 3902 4321 καὶ
3946 4269 4036 4320 θυ-

2458 4357 2599 4419 σίαις
2637 4358 3132 4429 παρατρεπομένην
3174 4360 3409 4427 γένεσιν.
3448 4359 3694 4429 Ἐκείνην
3722 4359 3803 4423 δὲ,
3846 4358 4034 4421 καθὼς

2456 4448 2689 4518 ἔφημεν,
2728 4450 3045 4520 πρεσϐεύει,
3078 4451 3146 4521 ἢν
3172 4452 3222 4504 οἱ
3251 4452 3378 4521 περὶ
3406 4450 3669 4505 Πλάτωνα
3697 4451 3988 4520 βούλονται
4016 4466 4033 4481 '

3852 1792 3927 1846 ὧν
3949 1796 4018 1844 τὰ

790 4540 931 4591 idem
964 4552 1192 4607 prorsus
1230 4551 1351 4590 cum
1402 4544 1589 4587 natura
1633 4548 1920 4602 corporum
1954 4531 2350 4586 Platonicorum
2382 4546 2429 4605 υ

2382 4546 2429 4605 υ
2458 4540 2578 4609 ἥτις
2601 4540 2709 4593 τῶν
2732 4541 3093 4597 ἐκϐαινόντων
3122 4543 3261 4596 κατὰ
3288 4544 3381 4597 τὸν
3412 4543 3512 4613 τῆς
3542 4542 3806 4615 Προνοίας
3828 4542 4036 4613 θεσμὸν

786 4630 983 4685 clliciat
1030 4646 1045 4683 :
1086 4633 1179 4684 sed
1227 4643 1326 4682 nec
1379 4642 1520 4688 eam,
1556 4640 1674 4693 quae
1730 4623 2064 4677 carminibus
2128 4622 2351 4693 magicis

788 4733 881 4776 aut
924 4721 1266 4776 sacriﬁciisa
1297 4729 1557 4773 consueto
1617 4724 1821 4769 natura:
1873 4714 2064 4768 ordine
2104 4714 2352 4769 dellecta-

792 4826 899 4880 tur,
949 4814 1204 4883 genesin;
1262 4812 1354 4866 sed
1407 4810 1532 4864 illttd
1595 4805 1963 4861 tantummodo
2018 4803 2221 4867 fatum,
2273 4807 2346 4859 uti

2456 4631 2746 4703 δικαστικὴ
2780 4633 2873 4687 τοῦ
2929 4635 3085 4689 Θείου
3123 4636 3363 4707 ὑπάρχει
3412 4637 3686 4707 ἐνέργεια,
3735 4635 3896 4699 τάξει
3944 4635 4039 4689 καὶ

2458 4723 2633 4794 εἱρμῷ
2664 4726 2799 4794 πρὸς
2827 4726 2926 4790 τὰς
2954 4729 3345 4800 προαιρετικὰς
3367 4728 3652 4791 ὑποθέσεις
3693 4727 3807 4781 τῶν
3845 4726 4039 4792 αὑτεξο

2453 4819 2653 4871 ουσίων
2706 4819 2884 4889 ἔργων
2909 4820 3358 4892 ὲπανορθουμένη
3386 4821 3455 4874 τά
3477 4820 3601 4875 καθ’
3629 4822 3801 4891 ἡμᾶς.

792 4912 1069 4970 diximus.
1135 4907 1386 4971 extollit,
1457 4907 1600 4975 quod
1651 4918 1771 4956 cum
1843 4897 1957 4951 suis
2005 4895 2156 4952 Pluto
2201 4902 2363 4958 vult:
2400 4920 2578 4963 rerum
2633 4911 2841 4965 scilicet
2895 4913 3257 4966 evenientium
3314 4914 3614 4967 secundum
3664 4912 4039 4967 Providentia:

790 4995 936 5071 leges
976 5000 1288 5069 judicialem
1365 5000 1650 5067 quamdam
1703 4992 1949 5051 Numinis
2014 4996 2400 5063 operationem,
2462 5000 2604 5054 bono
2656 5004 2844 5057 ordine
2893 5020 2957 5058 ac
3010 5005 3153 5059 serie
3205 5020 3290 5060 res
3342 5017 3557 5061 nostras
3606 5006 3932 5076 dirigentem
3978 5006 4037 5061 in

790 5095 937 5153 illum
992 5093 1186 5154 linem,
1243 5093 1295 5146 itt
1353 5106 1511 5158 quem
1571 5091 1750 5144 liberte
1802 5092 2047 5144 actiones
2096 5105 2161 5142 ex
2211 5101 2359 5144 certo
2392 5096 2665 5161 proposito
2706 5094 2981 5152 teruntur.

862 5184 929 5236 At
955 5184 1097 5237 enim
1128 5184 1314 5236 isthazc
1345 5182 1501 5249 hujus
1545 5180 1643 5233 viri
1682 5180 1885 5246 scripto
1921 5196 2042 5233 cum
2083 5179 2349 5233 contineri

798 5277 1000 5340 videas,
1036 5274 1290 5343 frequens
1334 5273 1678 5327 niltiIOutinus
1713 5273 1813 5341 ipsi
1849 5281 1903 5326 el
1938 5287 2184 5341 maguum
2232 5286 2353 5323 cer—

796 5378 974 5420 tamen
1021 5377 1103 5421 est
1154 5369 1218 5419 de
1266 5368 1621 5419 humanorum
1673 5366 1973 5417 animorum
2009 5365 2189 5432 priore
2224 5364 2355 5427 vita,

797 5462 967 5527 deque
998 5474 1181 5513 eorum
1212 5457 1265 5511 itt
1300 5458 1402 5510 alia
1433 5472 1657 5527 corpora
1696 5456 2189 5523 transmigratione.
2224 5456 2356 5510 Nam

2531 5182 2691 5236 Ἀλλά
2722 5185 2829 5255 γάρ
2858 5184 3030 5237 ταῦτα
3067 5186 3165 5255 μὲν
3201 5183 3345 5238 ἔστιν
3401 5184 3533 5237 ἱδεῖν
3578 5183 3653 5254 τῷ
3700 5185 3797 5237 τοῦ
3845 5186 4040 5255 ἀνδρὸς

2462 5276 2813 5345 ἐμφερόμενα
2840 5276 2884 5306 ³⁸
2926 5276 3214 5344 γράμματι
3244 5291 3259 5306 ο
3296 5276 3325 5327 ό
3359 5274 3611 5337 πλεῖστος
3647 5273 3693 5327 δ’
3742 5275 3895 5345 αὑτῷ
3942 5277 4041 5327 καὶ

2468 5364 2639 5431 μέγας
2668 5363 2817 5430 ἀγὼν
2861 5365 2896 5432 ἡ
2937 5363 3046 5416 τῶν
3097 5363 3455 5434 ἀνθρωπίνων
3495 5365 3685 5435 ψυχῶν
3734 5366 3851 5417 ἔστι
3900 5380 4041 5434 προ-

2465 5453 2617 5522 (Stati;
2667 5454 2761 5506 καὶ
2810 5454 3325 5524 μετενσωμάτωσις,
3363 5456 3457 5508 τὸν
3506 5455 3604 5524 μὲν
3639 5456 3683 5487 ³³
3731 5456 3792 5520 ἐξ
3826 5456 4041 5523 ἀλόγων

2091 5615 2321 5670 VARl/E
2362 5614 2767 5670 LECTIONES.

875 5761 918 5791 “
949 5763 1084 5830 αὐτῇ
1126 5778 1185 5825 ς.

808 5834 849 5863 ³⁵
890 5832 985 5900 μέν
1013 5836 1051 5885 Α
1092 5853 1102 5885 :
1136 5834 1237 5900 γάρ
1264 5850 1319 5896 ς.

1300 5763 1343 5791 :1
1403 5762 1521 5818 “bri
1582 5760 2031 5828 πατρωνυμικὴν.
2083 5756 2153 5811 cl'.’
2198 5772 2252 5825 p.
2295 5756 2359 5814 Ιῖ.
2397 5756 2552 5819 1581,
2585 5754 2669 5809 54-

2764 5756 2808 5785 "
2839 5752 3187 5824 ὲμφερόμενα
3237 5768 3346 5823 mg.
3407 5771 3421 5806 ε
3480 5752 3601 5806 libri
3649 5748 4038 5819 ἐμφερομένψ.
