4196 6442
150 408 253 470 ’105

1233 399 1752 463 BIBLIO’I‘UECA.
1791 428 1862 439 -
1889 402 2053 464 COD.
2082 402 2322 462 CCXIV.

3290 390 3398 455 706

153 520 309 582 ζώων
357 516 392 587 ἦ
444 517 525 579 είς
549 514 721 582 ἄλογα
748 512 1129 584 μεταγγισμδν
1165 514 1267 565 οὐκ
1313 512 1728 581 ἀναδεχόμενος,
1757 519 1804 575 Α

1757 519 1804 575 Δ
1830 526 1895 566 ex
1942 514 2306 567 animantibus
2344 510 2561 579 quidem
2596 505 2806 560 ratione
2847 502 3177 567 carentibus,
3214 512 3310 558 aut
3343 507 3394 558 in

152 612 249 680 τὴν
271 609 333 663 δὲ
356 608 418 672 ἑξ
440 607 743 679 ἀνθρώπων
772 608 852 668 είς
888 605 1212 676 ἀνθρώπους
1245 603 1547 674 μεταϐολὴν
1565 620 1733 656 σπου-

153 702 624 770 δαιολογούμενος.
664 700 884 769 Ταύτην
920 699 978 750 δὲ
1022 700 1123 767 τὴν
1169 696 1444 765 ἑπισφαλῆ
1490 696 1584 749 καὶ⁵
1626 712 1733 765 μα-

159 797 311 847 ταίαν
344 794 616 862 ὑπόληψιν
636 792 749 845 ἀνω
772 794 865 846 καὶ
890 793 1039 844 κάτω
1064 787 1441 858 περιστρέφει,
1474 788 1539 839 δι’
1563 786 1733 853 αὐτῆς

160 886 275 949 μὲν,
308 884 388 948 ὡς
442 886 632 946 οἴεται,
674 884 772 953 τὴν
813 883 908 935 τοῦ
944 882 1089 935 θείου
1124 880 1385 949 Πρόνοιαν
1427 878 1731 947 κρατύνων,

153 977 215 1028 δι’
234 976 411 1043 αὐτῆς
435 974 490 1027 δὲ
512 976 571 1028 τὸ
596 974 680 1043 ἐφ’
703 976 836 1044 ἡμῖν
853 975 945 1027 καὶ
974 973 1364 1026 αὑτοδέσποτον
1392 971 1735 1024 κατασκευά-

158 1068 285 1131 ζων.
323 1070 418 1122 ναὶ
443 1069 507 1138 δὴ
534 1069 628 1122 καὶ
653 1068 753 1139 τὴν
803 1069 964 1137 φίλην
1007 1067 1155 1135 αὐτῷ
1189 1066 1496 1134 ἐπικουρῶν
1542 1067 1736 1135 εἱμαρ-

160 1161 353 1230 μένην,
395 1160 456 1225 ἐξ
479 1159 785 1212 ἀλλοκότων
818 1160 917 1227 μὲν
947 1161 1202 1212 ἐπινοιῶν
1223 1158 1565 1229 ὁρμώμενος,
1602 1158 1736 1209 ἀσυ-

160 1254 392 1313 στάτους
418 1252 464 1282 ³⁸
494 1250 552 1303 δὲ
597 1250 708 1304 τῶν
751 1251 1198 1320 ἐπιχειρημάτων
1241 1250 1341 1311 τὰς
1378 1249 1738 1319 νομιζομένας

160 1342 307 1411 αὺτῷ
337 1344 381 1374 ³¹
404 1344 746 1406 κατασκευὰς
778 1344 1053 1412 προάγων,
1090 1342 1148 1408 ἐξ
1184 1335 1260 1395 ὧν
1306 1341 1352 1395 δ’
1394 1341 1469 1404 ὡς
1522 1341 1739 1411 ἀληθῶς

158 1436 216 1487 τὸ
248 1435 357 1502 τῆς
385 1435 647 1504 Προνοίας
673 1436 739 1488 ἂν
771 1435 1085 1504 παρασταίη
1126 1434 1326 1503 δόγμα,
1382 1432 1489 1485 οὐδ’
1548 1433 1594 1463 ³¹
1647 1432 1739 1485 ἐπὶ

158 1526 283 1578 νοῦν
308 1525 636 1595 βαλλόμενος
671 1526 736 1580 ³³.
777 1527 995 1580 Μᾶλλον
1019 1526 1073 1577 δὲ
1098 1527 1150 1579 εί
1175 1542 1259 1588 τις
1291 1524 1388 1577 τοῦ
1414 1522 1609 1593 ἀνδρὸς
1642 1523 1739 1593 τὴν

160 1618 423 1689 ἀλήθειαν
449 1620 722 1688 προτιμᾷν
750 1618 945 1677 ἐθέλοι,
977 1618 1043 1671 δι’
1074 1611 1149 1670 ὧν
1179 1617 1383 1685 ταύτην
1410 1615 1738 1682 ἀγωνίζεται

162 1708 617 1771 κατασκευάζειν.
651 1707 931 1769 παντελῶς
951 1707 1120 1775 αὐτῆς
1153 1707 1252 1777 τὴν
1289 1705 1572 1775 ἀναίρεσιν
1608 1722 1736 1758 συν-

160 1799 376 1866 εισάγει
405 1815 421 1830 ·
468 1799 674 1867 σαθρὰν
715 1799 838 1877 γάρ.
866 1800 1002 1868 αὐτῇ
1047 1798 1250 1869 βάθραν
1280 1798 1523 1861 ὑποθεὶς,
1562 1798 1639 1859 ὡς
1680 1798 1739 1848 ὲν

162 1891 347 1953 ἀλλοις
392 1890 493 1959 τῆς
536 1890 845 1953 ὑποθέσεως
872 1890 1213 1960 ἀπαιτούσης
1257 1889 1593 1960 πλατύτερον
1638 1889 1740 1941 ὑπ-

162 1982 473 2051 εδείξαμεν,
518 1981 914 2052 εὐπερίτρεπον
955 1982 999 2014 ³⁵
1033 1983 1205 2049 αὑτὴν
1253 1983 1387 2052 πρὸς
1431 1983 1738 2035 τούναντίον

162 2074 257 2125 καὶ
296 2072 671 2124 ἀνυπόστατον
704 2071 1101 2141 συναπέφηνεν.
1131 2073 1244 2142 Τῆς
1278 2075 1386 2142 γὰρ
1418 2072 1525 2125 τῶν
1553 2072 1739 2141 ψυχῶν

164 2162 463 2231 προϐιοτῆς
500 2161 595 2214 καὶ
626 2160 1192 2231 μετενσωματώσεως,
1225 2162 1292 2232 ἢν
1318 2162 1479 2225 αὐτὸς
1509 2161 1739 2231 ἔρεισμα

164 2255 255 2305 καὶ
284 2254 535 2321 θεμέλιον
569 2254 666 2322 τῆς
698 2254 961 2323 Προνοίας
990 2252 1283 2307 ὑποϐάλλει
1328 2254 1423 2305 καὶ
1468 2251 1564 2304 τοῦ
1618 2254 1747 2305 αὑτ-

166 2344 408 2408 εξουσίου
487 2344 582 2395 καὶ
627 2344 725 2409 τῆς
770 2343 1135 2414 εἱμαρμένης,
1184 2342 1389 2412 ταύτης
1468 2342 1748 2406 παντελῶς

164 2439 241 2500 εἰς
275 2436 340 2487 τὺ
365 2436 558 2503 ἄλογόν
586 2452 646 2487 τε
677 2436 769 2488 καὶ
809 2436 1068 2489 ἀδύνατον
1096 2436 1203 2489 ὑπὸ
1241 2435 1340 2505 τῆς
1372 2434 1632 2503 ἀληθείας
1657 2434 1747 2500 ἐξ·

164 2527 691 2596 οστρακιζομένης,.
727 2526 887 2596 δῆλον
936 2528 1019 2580 ὅτι
1076 2528 1619 2599 συγκαταστρέφεται
1668 2527 1747 2598 τῷ

165 2620 231 2673 δι’
264 2620 491 2673 ἐκείνων
536 2618 708 2671 ταῦτα
750 2622 1261 2690 πραγματευομένῳ
1304 2622 1398 2674 καὶ
1446 2621 1744 2691 ἡΠρόνοια

168 2710 262 2761 καὶ
309 2710 375 2761 τὸ
419 2710 505 2775 ἐφ’
538 2710 672 2777 ἡμῖν
723 2711 813 2760 καὶ
851 2709 884 2777 ή
934 2710 1265 2778 εἱμαρμένη,
1315 2712 1410 2762 καὶ
1454 2711 1532 2771 είς
1577 2707 1743 2779 λῆρον

168 2800 318 2869 αὐτῷ
346 2799 408 2850 τὸ
442 2784 780 2867 πολύμοχθον
811 2796 1084 2850 διαλύεται
1116 2798 1457 2867 σπούδασμα.

1834 602 1990 655 bruta
2026 602 2440 656 translusiouem
2489 613 2594 652 non
2652 594 2935 665 recipiens.
2968 603 3023 647 at
3060 609 3189 647 vero
3230 594 3401 648 homi-

1833 709 1962 746 num
2023 694 2073 746 in
2128 692 2400 746 hominem
2455 690 2739 743 transitum
2790 685 3027 740 studiose
3081 682 3397 749 defendens,

1834 783 2192 853 periculosam
2254 783 2392 835 hanc
2436 791 2596 846 atque
2648 780 2883 845 ineptam
2930 774 3241 843 opinionem
3286 789 3403 829 sur-

1833 893 1953 931 sntn
1986 878 2237 929 deorsum
2268 883 2469 927 versat.
2507 871 2609 925 Per
2652 870 2795 923 illam
2838 868 3082 936 quidem,
3114 874 3174 919 ut
3206 864 3399 928 credit,

1835 970 2072 1021 divinam
2113 966 2508 1035 providentiam
2559 964 2954 1025 corroborans;
3003 973 3099 1025 per
3138 958 3298 1023 hanc,
3340 958 3404 1011 li-

1837 1061 2021 1113 berum
2063 1059 2368 1121 arbitrium,
2421 1056 2761 1124 liberumque
2810 1054 2892 1109 sui
2946 1054 3112 1122 ipsius
3153 1054 3405 1109 domina-

1840 1161 1948 1204 tum
1992 1160 2275 1215 astruens;
2327 1150 2436 1202 lato
2489 1157 2636 1202 certe
2692 1157 2799 1199 tam
2847 1146 2895 1199 ei
2943 1156 3100 1214 grato
3144 1145 3403 1199 auxilium

1841 1244 2018 1296 ferens
2063 1259 2078 1295 :
2130 1240 2288 1309 idque
2343 1254 2448 1291 non
2504 1238 2754 1290 absurdis
2823 1245 3032 1288 tantum
3084 1233 3406 1290 commentis

1842 1332 2115 1395 int-italus,
2140 1332 2233 1384 sed
2269 1332 2429 1383 etiam
2467 1344 2531 1382 ex
2571 1330 2790 1383 minime
2819 1330 3215 1385 cohaerentibus
3247 1344 3409 1395 argn-

1841 1422 2259 1476 mentatiouibus
2309 1437 2454 1485 suas,
2503 1435 2638 1488 quas
2684 1429 2853 1487 putat,
2891 1418 3240 1489 prObationes
3284 1435 3408 1486 prn-

1840 1517 2040 1567 dncens
2070 1531 2082 1567 :
2116 1530 2237 1567 cum
2275 1513 2505 1573 interitu,
2542 1528 2637 1579 per
2666 1526 2784 1579 qure
2822 1525 3009 1564 revera
3054 1507 3408 1563 Providentiae

1840 1604 2034 1670 dogma
2084 1602 2337 1654 constitui
2372 1610 2605 1669 potet-at,
2637 1615 2701 1651 ne
2738 1601 2789 1651 itt
2822 1609 3053 1651 mentem
3086 1598 3299 1666 quidem
3332 1594 3406 1649 illi

1842 1694 2106 1749 venerint.
2141 1693 2252 1746 ltno
2291 1709 2439 1757 Vt-rn,
2484 1694 2526 1745 si
2576 1693 2697 1759 quis
2728 1690 2851 1745 huic
2883 1689 3087 1744 homini
3124 1689 3406 1744 veritatem

1841 1799 2166 1855 anteponere
2239 1786 2492 1846 slttdt'at,
2574 1785 2768 1852 quibus
2854 1784 3001 1837 illam
3077 1782 3410 1851 argumentis

1845 1889 2089 1932 astruere
2126 1877 2335 1937 nititur.
2370 1877 2455 1930 his
2486 1876 2615 1943 ipsis
2643 1876 2887 1929 eamdem
2926 1874 3151 1929 omnino
3191 1875 3407 1928 evenit.

1844 1969 1980 2022 Nam
2038 1967 2130 2035 qui
2195 1969 2465 2021 inﬁrmum
2527 1979 2902 2037 argumentum
2961 1965 3130 2021 semel
3192 1966 3410 2020 veritati

1846 2059 2140 2114 substravit
2181 2058 2263 2129 (ut
2301 2060 2450 2124 alibi,
2490 2074 2611 2113 cum
2649 2074 2737 2113 res
2773 2058 2845 2111 ita
2882 2059 3202 2126 postularet,
3236 2060 3412 2125 copio-

1844 2150 1955 2203 sius
1983 2149 2363 2220 ostendimus),
2384 2149 2429 2203 is
2448 2150 2498 2202 itt
2515 2150 2841 2203 contrariam
2872 2147 3027 2203 facile
3050 2158 3255 2217 partem
3276 2164 3411 2203 con-

1846 2242 1981 2294 verti
2018 2242 2162 2295 illam
2214 2256 2392 2311 posse,
2428 2241 2557 2310 quin
2603 2252 2661 2295 et
2708 2256 3045 2312 nequaquam
3095 2242 3408 2303 subsistere,

1844 2333 2007 2388 simul
2050 2334 2464 2388 demonstravit.
2514 2334 2607 2387 llla
2648 2335 2848 2403 quippe
2887 2336 3189 2387 animorum
3232 2334 3411 2403 priore

1844 2431 1986 2494 vita,
2039 2440 2093 2483 et
2144 2429 2195 2483 itt
2244 2444 2471 2497 corpora
2532 2430 3003 2498 transmigratione
3058 2428 3255 2498 (quam
3298 2428 3411 2498 ipse

1844 2520 2013 2573 basim
2046 2534 2109 2573 ac
2142 2518 2546 2575 fundamentum
2592 2520 2965 2583 Providentiae,
3003 2519 3283 2589 liberoque
3324 2534 3412 2573 ar-

1852 2611 2035 2677 bitrio,
2068 2626 2134 2664 ac
2178 2610 2291 2664 fato
2325 2610 2398 2663 illi
2442 2610 2701 2678 subiicit),
2728 2608 2947 2665 omnino
2993 2612 3133 2665 inter
3176 2612 3409 2667 absurda

1849 2711 1901 2754 et
1938 2701 2289 2770 impossibilia
2322 2701 2517 2770 173a
2565 2715 2659 2768 per
2692 2703 2973 2755 veritatem
3024 2702 3289 2770 ablegata,
3324 2701 3410 2754 ni-

1851 2796 2046 2847 mirum
2083 2811 2185 2848 una
2226 2810 2347 2849 cum
2391 2796 2501 2853 illo.
2538 2797 2628 2862 qui
2659 2810 2754 2863 per
2785 2797 2883 2848 ista
2913 2797 3026 2849 hac
3058 2796 3277 2849 molitur
3300 2795 3412 2849 elli-

170 2906 311 2952 cere,
363 2890 528 2942 etiam
584 2889 947 2952 Providentia,
980 2900 1035 2941 et
1086 2889 1312 2943 liberum
1365 2890 1650 2943 arbitrium
1686 2897 1740 2943 et
1773 2885 1938 2939 fatum
1967 2889 2245 2949 evertitur,
2292 2897 2453 2955 atque
2484 2887 2536 2940 in
2569 2902 2739 2955 nugas
2766 2902 2991 2955 operosa
3058 2888 3148 2941 illa
3210 2888 3412 2941 Inachi-

171 2984 317 3038 natio
351 2986 485 3045 abit,

238 3076 371 3148 [553
401 3076 492 3147 8.]
528 3076 698 3129 Ἐπτά
720 3077 776 3128 δὲ
809 3076 955 3143 λόγοι
1004 3076 1167 3129 αὑτοῦ
1204 3076 1613 3146 έπιμερίζονται
1642 3076 1743 3140 τὴν

171 3164 433 3233 σπουδήν.
464 3165 572 3217 Καὶ
595 3167 622 3216 ό
652 3165 751 3231 μὲν
768 3165 811 3196 ³⁵
843 3162 890 3215 α’
922 3165 1001 3227 είς
1034 3165 1249 3241 ἔκθεσιν
1280 3165 1628 3218 διατυποῦται
1668 3159 1742 3218 ὧν

1920 3073 2090 3127 Porro
2122 3072 2173 3126 in
2207 3084 2412 3141 septem
2452 3071 2566 3140 (2t)
2607 3071 2773 3125 libros
2819 3072 3130 3125 universum
3165 3084 3299 3141 Opus
3328 3070 3413 3124 di-

1851 3164 2053 3218 viditur
2082 3180 2097 3217 :
2127 3179 2356 3233 quorum
2382 3165 2589 3232 primus
2623 3164 2836 3231 quidem
2875 3177 3148 3231 exponere
3178 3162 3414 3217 instituit

169 3256 332 3317 αύτδς
359 3256 443 3323 ἐφ’
469 3254 644 3325 ἑαυτῷ
666 3258 793 3323 περὶ
811 3256 1070 3324 Προνοίας
1094 3256 1188 3308 καὶ
1205 3255 1356 3325 δίκης
1380 3258 1473 3308 καὶ
1494 3256 1596 3324 τῆς
1615 3257 1744 3308 κατ’
1774 3290 1819 3349 c

1774 3290 1819 3349 ς
1850 3271 1909 3309 ea
1944 3269 2063 3323 quae
2090 3256 2203 3324 ipse
2232 3254 2374 3323 apud
2398 3270 2457 3309 se
2482 3255 2549 3308 de
2578 3254 2953 3319 Providentia,
2986 3257 3053 3309 de
3079 3256 3294 3325 justitia
3314 3296 3329 3319 ,
3358 3266 3414 3308 et

169 3348 328 3413 ἀξίαν
377 3347 488 3399 τῶν
519 3346 695 3416 ἔργων
724 3349 805 3409 είς
834 3348 983 3415 ἡμᾶς
1011 3348 1308 3417 κατιούσης
1353 3348 1587 3418 κρίσεως
1625 3365 1748 3400 συν-
1787 3344 1817 3349 ’

1787 3344 1817 3349 ’
1851 3346 1918 3399 de
1945 3345 2211 3399 sententia
2252 3344 2305 3397 in
2349 3360 2444 3397 nos
2485 3359 2583 3412 pro
2622 3344 2887 3399 factorum
2921 3346 3117 3399 merito
3170 3344 3411 3409 ferenda,

170 3436 519 3504 εγυμνάσατὸ
544 3451 602 3487 τε
624 3435 718 3487 καὶ
744 3434 1078 3502 διεσκέψατο,
1114 3436 1172 3488 '0
1195 3436 1237 3507 β’
1265 3436 1323 3489 δὲ
1350 3436 1449 3499 τὰς
1481 3438 1752 3491 Πλατωνι-

171 3526 271 3587 κάς
305 3524 583 3591 συλλέγων
608 3522 787 3588 δόξας,
808 3526 908 3593 τὴν
937 3525 1118 3578 πίστιν
1145 3526 1203 3589 ἐξ
1227 3528 1406 3579 αὐτῶν
1428 3524 1503 3580 ὧν
1526 3528 1751 3582 Πλάτων

173 3616 413 3685 ἔγραψεν
454 3615 779 3684 ἐπιτίθησιν.
832 3615 889 3667 Ὀ
910 3616 1031 3684 δὲγ¹
1069 3616 1168 3679 τὰς
1212 3618 1523 3687 ὑποφοράς,
1553 3614 1644 3682 αἷς
1688 3621 1752 3673 ἀν

172 3722 255 3766 τις
280 3707 549 3775 χρήσαιτο
579 3706 714 3775 πρὸς
742 3708 1057 3760 ἐναντίωσιν
1094 3709 1203 3761 τῶν
1228 3708 1353 3780 [285
1385 3709 1477 3782 Η.]
1498 3710 1753 3781 δεδογμέ-

172 3816 316 3861 νων,
376 3799 702 3867 παρατιθεὶς
744 3800 982 3852 διαλύειν
1031 3802 1212 3854 αὐτῶν
1259 3802 1358 3873 τὴν
1402 3804 1752 3875 ὲπι6ουλὴν³⁸

174 3888 645 3957 πραγματεύεται.
698 3889 758 3942 Ὀ
776 3890 833 3942 δὲ
864 3891 906 3943 δ’
934 3892 1002 3943 τὰ
1029 3892 1291 3960 λεγόμενα
1320 3895 1473 3962 λόγια
1503 3899 1597 3950 καὶ
1628 3900 1753 3959 τοὺς

176 3982 488 4050 ἱερατικοὺς
512 3980 743 4050 Θεσμοὺς
764 3984 841 4043 είς
874 3985 1191 4052 συμφωνίαν
1222 3988 1474 4052 συνάγειν
1491 3984 1573 4049 οἷς
1602 3988 1749 4042 Πλά-

173 4089 279 4124 των
332 4072 656 4139 ἐδογμάτισε
691 4071 957 4140 βούλεται.
1010 4075 1066 4127 Ὀ
1117 4075 1173 4127 δὲ
1224 4082 1264 4127 ε’
1298 4079 1375 4139 είς
1401 4078 1606 4146 Ὀρφέα
1658 4080 1750 4132 καὶ

175 4164 449 4232 Ὅμηρον,
488 4164 579 4213 καὶ
610 4164 725 4214 ὅσοι
770 4163 918 4215 ἄλλοι
952 4164 1056 4233 πρὸ
1102 4164 1203 4231 τῆς
1238 4166 1524 4230 Πλάτωνος
1554 4170 1750 4238 ἐπιφα-

172 4256 317 4315 νείας
364 4252 744 4320 εγνωρίζοντο,
777 4254 873 4323 τὴν
902 4253 1251 4324 Πλατωνικὴν
1285 4258 1417 4325 περὶ
1462 4256 1571 4310 τῶν
1618 4275 1751 4328 προ-

172 4346 442 4412 κειμένων
492 4342 808 4411 φιλοσοφίαν
853 4345 1101 4399 ἀνάπτει.
1135 4347 1193 4398 Ὀ
1235 4347 1291 4399 δὲ
1338 4354 1389 4410 ς’
1434 4349 1559 4410 τοὺς
1614 4352 1751 4419 μετά

170 4434 439 4488 Πλάτωνα
473 4435 701 4498 πάντας,
731 4435 893 4487 αὑτὸν
924 4437 1300 4508 Ἀριστοτέλην
1328 4441 1622 4509 κορυφαῖον
1657 4441 1750 4494 λα-

170 4526 310 4587 ϐὼν,
370 4527 564 4595 μέχρις
587 4527 896 4597 Ἀμμωνίου
944 4528 1037 4580 τοῦ
1064 4530 1493 4601 ’Λλεξανδρέως,
1535 4526 1596 4585 οὗ
1641 4536 1748 4587 τῶν

1854 3438 2139 3492 meditatus
2156 3447 2325 3491 esset.
2354 3434 2635 3491 Secundus
2663 3438 2806 3500 dein,
2830 3436 3139 3493 Platonieas
3161 3439 3415 3506 colligens

1851 3530 2152 3595 opiniones,
2193 3544 2319 3583 suas
2346 3529 2541 3597 ruique
2570 3528 2909 3596 probationes
2927 3543 2991 3583 ex
3015 3528 3145 3597 ipsis
3178 3528 3418 3583 Platonis

1852 3622 2109 3689 Operibus
2149 3622 2388 3688 apponit.
2433 3620 2671 3682 Tertius,
2708 3620 3041 3688 objectiones
3087 3635 3414 3690 proponens,

1852 3711 2049 3780 quibus
2080 3712 2155 3766 uti
2186 3713 2459 3783 quispiam
2493 3714 2754 3768 adversus
2781 3728 2842 3767 ea
2881 3728 3003 3783 qum
3033 3714 3231 3767 tradita
3265 3723 3414 3780 sunt,

1852 3813 2059 3874 queat,
2125 3806 2421 3859 dissolvere
2476 3807 2666 3858 harum
2729 3804 3105 3859 cavillationes
3167 3816 3413 3859 conatur.

1851 3895 2087 3959 Quartus
2126 3896 2364 3957 oracula,
2402 3910 2523 3965 quae.
2570 3907 2846 3958 vocantur,
2881 3910 2945 3949 ac
2977 3896 3316 3950 sacerdotum
3342 3895 3417 3949 le-

1851 3999 1966 4050 ges,
1988 3996 2043 4037 et
2072 3984 2313 4038 Platonis
2348 3987 2598 4050 dogmata
2635 3985 2867 4039 invicem
2894 3983 3187 4038 conciliare
3215 3986 3414 4039 studet.

1856 4076 2107 4139 Quintus,
2135 4074 2369 4144 Orpheo,
2404 4076 2656 4140 Homero,
2682 4086 2738 4131 et
2771 4078 2980 4131 cazteris
3010 4076 3099 4146 qui
3133 4086 3255 4130 ante
3293 4074 3419 4128 Pla-

1854 4178 2032 4220 tonem
2080 4169 2531 4230 celebrabantur,
2581 4169 2908 4224 Platonicam
2946 4169 3012 4222 de
3056 4168 3214 4222 modo
3254 4168 3415 4223 dictis

1850 4261 2150 4315 doctrinam
2167 4262 2378 4315 tribuit.
2404 4259 2625 4325 Sextus,
2650 4274 2863 4324 omnes,
2886 4260 2976 4329 qui
3000 4260 3413 4329 postPlatonetu

1850 4353 2022 4415 fuere,
2073 4354 2190 4420 ipso
2227 4366 2442 4421 quoque
2493 4351 2787 4405 Aristotele
2826 4352 3071 4419 principe
3114 4364 3413 4421 assumpto,

1852 4459 2020 4513 usque
2045 4444 2110 4498 ad
2134 4445 2476 4498 Ammonium
2510 4443 2956 4503 Alexandrinum,
2991 4442 3143 4510 cujus
3181 4442 3413 4494 infami-

1851 4536 2080 4591 liaribus
2128 4536 2471 4591 celeberrimi
2510 4532 2751 4588 Plotinus
2789 4542 2843 4586 et
2880 4532 3168 4601 Origenes,
3198 4531 3264 4585 ad
3294 4534 3412 4597 hos,

166 4617 468 4687 γνωρίμων
493 4618 541 4668 οἱ
573 4619 988 4684 ἐπιφανέστατοι
1028 4621 1289 4684 Πλωτίνός
1319 4640 1378 4675 τε
1412 4626 1505 4677 καὶ
1535 4625 1747 4694 Ὠριγέ-
1782 4622 1822 4675 D

1782 4622 1822 4675 D
1855 4629 2098 4692 inquam,
2153 4642 2324 4696 usque
2368 4626 2610 4680 Platonis
2636 4636 2899 4695 posteros,
2927 4624 3021 4693 qui
3058 4625 3277 4693 quidem
3309 4626 3414 4677 ali-

166 4725 285 4775 νης,
317 4710 445 4768 τοὺς
489 4704 581 4759 οὖν
630 4709 766 4776 μετά
792 4710 1049 4763 Πλάτωνα
1088 4713 1247 4781 μέχρι
1279 4714 1387 4765 τῶν
1437 4716 1744 4784 εἰρημένων

1845 4720 1989 4787 quod
2022 4719 2123 4773 sibi
2147 4734 2339 4774 nomen
2379 4718 2658 4787 sapientia:
2688 4726 3035 4785 pepererunt,
3070 4716 3314 4782 ejusdem
3347 4717 3412 4768 ad

165 4797 404 4866 ἀνδρῶν,
435 4796 579 4859 ὅσοις
622 4799 717 4850 ἐπὶ
753 4800 914 4870 σοφία
940 4800 1160 4867 γέγονεν
1188 4803 1358 4872 ὄνομα
1392 4803 1585 4866 λιπεῖν,
1622 4806 1743 4858 τού-

1848 4826 2012 4864 unum
2044 4825 2236 4865 omnes
2253 4826 2375 4865 cum
2403 4810 2628 4862 Platone
2652 4823 2776 4862 esse
2799 4810 3100 4871 sententiae,
3126 4823 3414 4876 argumen-

164 4910 291 4954 τους
334 4894 581 4953 ἃπαντας
624 4894 894 4961 ὁμοδοξεῖν
942 4899 1007 4965 τῇ
1034 4897 1314 4960 Πλάτωνος
1346 4901 1741 4965 κατασκευάζει

1848 4904 1918 4957 tis
1944 4908 2154 4972 probat.
2200 4903 2356 4969 Quod
2396 4904 2442 4956 si
2492 4904 2584 4972 qui
2629 4902 3032 4957 consentientes
3076 4900 3320 4954 Platonis
3359 4909 3414 4953 et

165 4985 350 5053 κρίσει
370 5023 386 5044 ,
423 4985 517 5035 κα)⁵
542 4986 657 5037 ὅσοι
686 4986 893 5056 διιστᾷν
921 4988 1017 5056 τῆς
1047 4990 1329 5056 ὁμοδοξίας
1360 4991 1622 5044 Πλάτωνα
1655 4994 1744 5046 καὶ

1853 4995 2159 5049 Aristotelis
2197 4996 2480 5064 opiniones
2512 4994 2771 5048 dirimere
2789 4994 3027 5062 aggressi
3058 4992 3279 5055 iuerint,
3315 5007 3411 5048 eos

176 5075 557 5145 Ἀριστοτέλην
590 5076 948 5146 ἐπεχείρησαν
970 5119 985 5141 ,
1012 5078 1119 5130 τῶν
1144 5080 1361 5142 φαύλων
1389 5100 1446 5133 τε
1482 5084 1575 5134 καὶ
1606 5086 1741 5136 ἁπο-

1852 5099 1906 5140 et
1943 5087 2097 5141 ttihili
2140 5088 2408 5152 homines,
2438 5097 2492 5141 et
2524 5086 2805 5153 fugiendos
2833 5087 3043 5138 statuit.
3075 5084 3239 5138 Multa
3270 5086 3414 5138 insu-

162 5166 445 5235 τροπαίων
471 5164 671 5233 τίθησι,
704 5168 875 5221 πολλά
902 5185 961 5219 τε
982 5168 1231 5223 νοθεῦσαι
1257 5171 1362 5224 τῶν
1384 5173 1743 5226 Πλατωνικῶν

1852 5192 1946 5244 per
1973 5175 2370 5231 Platonicorum
2400 5178 2725 5246 scriptorum
2759 5178 3097 5229 adulterasse
3129 5192 3222 5229 eos
3247 5176 3409 5229 etiam

162 5257 359 5326 λόγων,
380 5258 560 5311 καίτοι
580 5260 837 5314 Πλάτωνα
855 5261 1170 5316 διδάσκαλον
1189 5268 1661 5335 ἐπιγραφομένους
1676 5268 1740 5334 ³⁷,

1852 5270 1941 5337 qui
1968 5271 2109 5322 hunc
2140 5268 2242 5322 sibi
2286 5272 2677 5339 praeceptorem
2704 5268 3057 5335 ascriberent,
3107 5278 3166 5321 ut
3210 5277 3263 5322 et
3286 5270 3410 5321 Ari-

1447 5402 1675 5458 νΑΠΙᾹΞ
1719 5404 2123 5459 LECTIONES.

251 5521 295 5551 ³⁸
331 5519 745 5591 ασυστάτωνᾲς.
809 5518 1164 5591 Ῠ³¹αίιτῷ3ίίι1ι
1201 5520 1263 5571 Δ.
1342 5520 1384 5549 ³¹
1411 5520 1520 5572 οὐδ’
1546 5523 1617 5572 A:
1658 5521 1747 5574 ὁδ’
1780 5540 1842 5585 ς.
1912 5523 1955 5553 ³³
1981 5522 2269 5591 βαλόμενος
2301 5526 2363 5576 Α.

164 5592 225 5639 Λ.
280 5591 324 5621 ³⁸
359 5589 627 5658 ἐπιϐολήν
670 5589 961 5642 Bentleius.
1068 5589 1107 5619 ³⁷
1140 5590 1571 5658 ἐπιγραφόμενος
1606 5608 1665 5654 ς.

1635 5700 1859 5756 NOTAE.

234 5822 345 5889 (il)
390 5817 432 5871 Ε
462 5830 700 5887 quorum
754 5814 923 5868 tribus
971 5814 1157 5880 primis
1193 5826 1444 5882 excerpta
1504 5816 1747 5883 qumduttt
1779 5817 2080 5873 oﬂertttttur
2110 5819 2237 5873 iul'r.
2276 5820 2395 5874 cod.
2428 5818 2553 5872 9.02.

2464 5520 2508 5553 "
2539 5519 2937 5590 ἀπερίτρεπτον
2965 5537 3025 5585 ς.
3095 5520 3138 5553 ³⁵
3173 5516 3273 5589 μὲν
3300 5528 3411 5570 om.
