4196 6442
761 426 866 491 707

1916 402 2179 466 ΡΗΟΤΙΙ
2216 394 2720 463 ΡᾹΤΗΙΑΒΟΗιΕ
2757 393 2864 454 CP.

3898 388 4005 450 708

770 538 1142 600 stotelicorutn
1170 542 1396 602 operum
1414 540 1530 592 eos,
1552 522 1644 593 qui
1663 537 1722 578 se
1752 520 1912 591 hujus
1936 529 2142 589 partem
2164 516 2334 571 maxi-
2365 521 2407 575 Α

2365 521 2407 575 Α
2436 511 2695 573 ὡσαύτως
2726 509 2782 562 δέ
2800 508 2894 560 καὶ
2918 504 3026 559 τῶν
3049 501 3495 575 Ἀριστοτελικῶν
3523 501 3867 573 γραμμάτων
3884 507 4007 560 τοὺς

773 636 845 692 mi
890 633 1068 688 facere
1104 624 1491 697 profiterentur
1521 634 1537 673 :
1566 631 1669 670 non
1705 614 1866 668 aliam
1929 611 1982 664 id
2034 610 2221 678 utique
2266 609 2337 661 ob

772 739 1016 788 causam,
1062 733 1224 789 quam
1260 724 1319 768 ut
1364 710 1709 767 committere
1749 708 1891 759 inter
1936 717 1996 759 se
2044 701 2337 771 Stagiriten

775 828 941 883 atque
968 807 1238 865 Aristonis
1262 804 1426 857 lilium
1456 806 1697 870 possent.
1725 795 2003 865 Septimus
2035 792 2191 855 liber,
2209 805 2337 859 pro-

774 909 896 978 prio
942 904 1045 959 sibi
1095 907 1312 965 sumpto
1351 900 1695 963 argumento,
1738 891 1804 943 de
1836 886 2103 940 Ammonii
2152 899 2343 947 supra-

778 975 965 1066 scripti
987 992 1361 1064 Disputatione
1382 986 1625 1041 studiose
1641 982 1881 1045 disserit,
1906 991 2071 1046 utque
2096 975 2343 1031 Plotinus

773 1103 830 1147 et
863 1087 1146 1157 Origenes,
1201 1086 1309 1137 imo
1337 1091 1392 1134 et
1414 1076 1751 1147 Porphyrius
1781 1084 1944 1141 atque
1984 1070 2340 1129 Jambliclius,

776 1192 833 1237 et
853 1182 1106 1249 deinceps
1138 1176 1329 1232 ordine
1372 1172 1579 1233 caeteri,
1616 1168 1705 1237 qui
1750 1166 1931 1219 divina
1979 1160 2347 1232 (quemadmoo

779 1274 908 1327 ιΙιιιιι
947 1273 1064 1341 ipse
1097 1269 1315 1337 quidem
1352 1261 1614 1333 loquitur)
1648 1255 1994 1328 generatione
2041 1260 2166 1306 sunt
2190 1249 2343 1313 editi,

779 1380 955 1434 usque
986 1363 1051 1415 ad
1095 1358 1445 1414 Plutarchum
1504 1353 1887 1407 Atheniensem
1915 1387 1930 1409 ,
1979 1360 2137 1414 quem
2184 1343 2344 1397 etiam

780 1467 1059 1509 auctorem
1106 1454 1291 1505 talium
1348 1454 1461 1516 ipse
1513 1445 1753 1499 nominat
1795 1442 2125 1508 dogmutum,
2160 1443 2236 1495 ut,
2267 1436 2351 1485 in-

781 1564 967 1616 quam,
1001 1546 1053 1598 hi
1091 1558 1280 1598 omnes
1322 1547 1560 1610 purgata:
1603 1534 1844 1589 Platonis
1882 1528 2234 1601 phil030phite
2261 1526 2350 1579 ad-

781 1640 908 1695 dicti
938 1640 1065 1693 sint.

856 1731 973 1798 Ipsa
1020 1744 1149 1781 vero
1185 1727 1343 1791 hujus
1377 1722 1615 1776 auctoris
1656 1718 1821 1773 dictio
1850 1714 2126 1785 perspicua
2170 1719 2253 1763 est
2289 1725 2351 1761 ac

784 1837 938 1889 pnra,
991 1828 1047 1872 et
1076 1816 1504 1885 philosopliicutn
1562 1813 1759 1864 decens
1820 1807 2098 1860 studium:
2135 1802 2345 1856 tametsi

790 1910 981 1981 1730
1031 1907 1225 1963 fucatis
1263 1917 1317 1959 et
1348 1901 1766 1970 supervacaneis
1794 1898 2085 1958 coloribus,
2121 1904 2215 1946 aut
2253 1893 2345 1946 be-

787 2020 855 2057 ne
874 2000 1085 2055 dicendi
1116 2003 1379 2050 varietate
1408 2008 1513 2045 non
1541 1998 1855 2043 exornetur.

1468 2078 1675 2135 CCXV.

794 2183 1022 2235 Ioannes
1082 2179 1410 2247 Philoponus
1490 2176 1697 2247 Contra
1746 2166 2035 2224 Jamblt’chi
2094 2180 2221 2219 avus
2280 2161 2354 2215 De

1422 2244 1749 2298 simulacris.

862 2347 989 2412 Legi
1035 2342 1261 2397 Joannis
1303 2347 1666 2409 cognomento
1711 2331 1989 2400 PhiIOponi
2018 2329 2213 2382 librum
2245 2327 2356 2378 Ad-

789 2458 967 2497 versus
1003 2435 1291 2490 Jamblichi
1332 2448 1461 2501 opus
1503 2430 1647 2498 quod
1685 2427 1757 2480 De
1812 2423 2110 2478 simulacris
2159 2421 2357 2473 inscri-

790 2535 918 2606 psit.
946 2530 1154 2598 Scopus
1184 2538 1361 2579 autem
1380 2522 1684 2576 Jamhlicho
1707 2517 2015 2589 propositus
2044 2524 2147 2576 est,
2174 2523 2359 2567 osten—

792 2605 945 2685 dere,
996 2634 1118 2673 cum
1175 2617 1359 2670 divina
1419 2628 1541 2667 esse
1574 2612 1711 2665 idola
1745 2610 1891 2677 (nam
1942 2608 2044 2660 ista
2075 2606 2259 2672 etiam;
2288 2605 2360 2658 si-

794 2710 1023 2768 mulacri
1046 2707 1263 2761 nomine
1279 2701 1700 2771 complectitur),
1728 2709 1837 2751 tum
1858 2696 2142 2765 praesentia
2166 2696 2359 2747 Numi-

799 2811 883 2863 nis
947 2805 1147 2857 referta
1188 2817 1201 2852 :
1242 2813 1344 2851 non
1392 2796 1564 2849 solum
1610 2810 1731 2862 quae
1788 2792 2067 2845 hominum
2115 2790 2364 2842 manibus

794 2897 1004 2952 occulta
1038 2892 1270 2961 quadam
1295 2898 1413 2940 arte
1440 2884 1725 2946 fabricata,
1744 2884 1812 2937 ob
1839 2883 2169 2948 incOgnitnm
2201 2881 2362 2933 nimi-

799 3002 917 3039 rtnn
951 2983 1216 3035 artillcem
1248 2976 1390 3030 melo
1418 2976 1640 3043 delapsa
1673 2975 2022 3027 nominentur
2054 2971 2191 3040 (haec
2219 2973 2364 3023 enim

797 3088 854 3132 et
882 3073 1121 3129 caelestis
1149 3085 1271 3123 esse
1300 3076 1524 3130 naturae,
1550 3074 1606 3119 et
1634 3066 1756 3117 inde
1782 3064 1834 3117 in
1859 3072 2053 3117 terram
2082 3061 2364 3123 decidisse,

2436 606 2535 676 τὴν
2566 604 2776 656 ἐκείνου
2827 598 3018 670 μερίδα
3048 598 3215 667 τιμᾷν
3242 594 3669 663 ὁμολογοῦνταςο
3701 596 3793 648 καὶ
3821 595 3889 648 δι’
3916 596 4009 647 ού-

2437 700 2524 753 δὲν
2568 699 2753 768 ἕτερον
2790 694 3002 756 τούτοις
3034 692 3101 744 τά
3130 689 3354 745 τοιαῦτα
3383 688 3831 759 μεμηχανῆσθαι,
3868 689 3900 758 ἢ
3936 688 4013 739 ἰν·

2440 792 2614 860 ἔχοιεν
2643 787 2963 859 συγκρούειν
2987 786 3079 837 τὸν
3112 783 3463 851 Σταγειρίτην
3488 782 3620 851 πρὸς
3643 779 3734 832 τὸν
3752 780 4015 847 Ἀρίστω-

2440 882 2623 945 νος.’0
2650 882 2706 933 δὲ
2739 880 2783 943 ζ’
2811 879 2965 947 λόγος
3012 878 3187 948 ἀρχὴν
3222 878 3357 928 ἰδίαν
3392 873 3841 940 ὑποστησάμενος
3888 870 4016 936 περὶ

2441 980 2537 1043 τῆς
2594 972 2874 1041 διατριϐῆς
2940 970 3034 1023 τοῦ
3094 968 3494 1038 προειρημένου
3549 965 3863 1034 Ἀμμωνίου
3918 963 4016 1031 τὴν

2444 1066 2679 1137 σπουδὴν
2712 1062 3081 1133 ἀναλαμϐάνει
3102 1076 3116 1091 ’
3154 1062 3247 1114 καὶ
3275 1062 3350 1123 ὼς
3378 1058 3644 1121 Πλωτῖνός
3671 1074 3727 1109 τε
3753 1057 3848 1108 καὶ
3875 1056 4019 1124 Ὦρισ-

2444 1162 2627 1229 γένης,
2668 1161 2761 1212 καὶ
2792 1162 2898 1228 μὴν
2928 1158 3023 1210 καὶ
3056 1154 3361 1224 Πορφύριος
3386 1154 3479 1205 καὶ
3512 1150 3821 1219 Ίάμὸλιχος
3855 1150 3947 1200 καὶ
3970 1150 4020 1198 οἱ

2446 1252 2662 1321 ἐφεξῆς,
2688 1252 2801 1303 ὅσοι
2824 1249 2921 1319 τῆς
2950 1250 3098 1317 ἱεράς
3128 1247 3225 1316 (ὡς
3246 1245 3407 1306 αὐτός
3428 1243 3583 1312 φησι)
3614 1242 3805 1309 γενεάς
3833 1241 4021 1306 ἔτυχον

2447 1349 2674 1414 φύντες,
2709 1346 2814 1406 ’ἐως
2844 1344 3188 1410 Πλουτάρχου
3219 1340 3313 1392 τοῦ
3338 1338 3642 1406 Ἀθηναίου,
3676 1336 3735 1387 ὃν
3768 1335 3861 1387 καὶ
3887 1333 4023 1385 καθ-

2446 1439 2655 1509 ηγητὴν
2685 1437 2848 1489 αὑτοῦ
2864 1436 2906 1467 ³⁸
2946 1434 3056 1485 τῶν
3096 1431 3349 1484 τοιούτων
3379 1430 3685 1497 ἀναγράφει
3713 1426 4022 1494 δογμάτων,

2448 1528 2592 1586 οὗτοι
2628 1531 2828 1592 πάντες
2846 1532 2909 1599 τῇ
2932 1527 3212 1587 Πλάτωνος
3230 1521 3562 1590 διακεκαθαρ
3572 1522 3707 1590 μένῃ
3742 1518 4025 1589 συνᾴδουσι

2450 1624 2755 1695 φιλοσοφίᾳ.

2524 1712 2758 1766 Ἔστιδέ
2784 1712 2816 1779 ἡ
2846 1712 3045 1779 φράσις
3071 1706 3148 1776 τῷ
3178 1705 3330 1775 ἀνδρὶ
3357 1705 3534 1773 σαφὴς
3566 1703 3663 1771 μὲν
3692 1702 3788 1753 καὶ
3812 1699 4028 1767 καθαρὰ

2453 1807 2547 1858 καὶ
2582 1804 2783 1872 σπουδῇ
2822 1801 3093 1869 φιλοσόφῳ
3126 1799 3405 1868 πρέπουσα
3426 1837 3439 1858 ,
3472 1796 3532 1847 ού
3563 1797 3669 1863 μήν
3701 1812 3761 1860 γε
3792 1795 3907 1853 τοῖς
3937 1809 4028 1842 κε-

2452 1896 2919 1963 καλλωπισμένας
2941 1895 3032 1945 καὶ
3055 1892 3328 1959 περιττοῖς
3348 1886 3753 1957 ἐξωραῖζομὲνη
3773 1904 3806 1955 χ
3815 1883 4030 1955 ρώμασε

2451 2007 2507 2041 τε
2538 1990 2629 2040 καὶ
2665 1988 2983 2057 ποικίλμασι
3012 1984 3110 2053 τῆς
3148 1982 3446 2052 ῥητορείας.

3168 2076 3309 2126 Σ1Ε’.

2469 2172 2747 2226 Ἰωάννου
2780 2169 3119 2223 Φιλοπόνου
3152 2164 3312 2219 Κατὰ
3332 2162 3437 2228 τῆς
3462 2159 3735 2227 σπουδῆς
3768 2160 4032 2225 ’[αμϐλί-

2810 2261 2921 2309 χου
2954 2242 3090 2307 Περὶ
3121 2240 3239 2291 τῶν
3264 2235 3639 2303 ἀγαλμάτων.

2528 2338 2868 2404 ’Ᾱνεγνώσθη
2922 2336 3167 2388 Ἰωάννου
3230 2332 3323 2385 τοῦ
3370 2330 3657 2383 Φιλοπόνου
3709 2327 3873 2381 Κατὰ
3927 2323 4036 2389 τῆς

2458 2434 2735 2499 σπουδῆς
2768 2432 3130 2499 Ἰαμὸλίχου,
3158 2431 3223 2497 ἣν
3271 2424 3548 2493 ἐπέγραψε
3582 2421 3716 2487 Περὶ
3766 2416 4037 2487 ἀγαλμά-

2459 2528 2762 2579 τωνίΕστι
2795 2526 2891 2593 μὲν
2920 2520 3013 2576 οὖν
3041 2526 3066 2575 ὁ
3094 2522 3292 2581 σκοπὸς
3313 2517 3605 2587 Ἰαμὸλίχῳ
3639 2514 3759 2566 θεῖά
3788 2504 3848 2563 τε
3870 2511 4036 2573 δεῖξαι

2461 2621 2529 2671 τά
2558 2618 2752 2671 εἴδωλα
2789 2616 2999 2685 (ταῦτα
3046 2615 3153 2682 γάρ
3201 2611 3491 2665 ὑποϐάλλει
3541 2609 3616 2676 τῷ
3669 2607 3895 2671 ὀνόματι
3945 2600 4037 2653 τοῦ

2464 2710 2817 2780 ἀγάλματος)
2866 2708 2959 2759 καὶ
2991 2705 3137 2767 θείας
3165 2702 3447 2773 μετουσίας
3478 2699 3742 2758 ἀνάπλεα,
3779 2696 3839 2747 οὐ
3879 2694 4037 2763 μόνον

2463 2804 2564 2854 ὅσα
2613 2804 2792 2870 χεῖρες
2840 2796 3140 2867 ἀνθρώπων
3176 2794 3381 2864 κρυφία
3414 2791 3608 2860 πράξει
3636 2786 4041 2856 τεχνησάμεναι

2465 2895 2551 2947 διὰ
2597 2895 2657 2946 τὸ
2698 2893 2889 2960 ἄδηλον
2951 2889 3042 2942 τοῦ
3093 2888 3334 2957 τεχνίτου
3392 2882 3612 2952 διοπετῆ
3676 2881 4042 2947 ἐπωνόμασαν

2469 2984 2660 3049 (ταῦτα
2710 2984 2816 3051 γάρ
2860 2979 3113 3048 ούρανίας
3141 2994 3201 3029 τε
3234 2977 3448 3044 φύσεως
3491 2970 3630 3025 εἶναι
3666 2971 3929 3023 κάκεῖθεν
3958 2969 4045 3021 ἐπὶ

2469 3077 2569 3143 γῆς
2613 3077 2819 3134 πεσεῖν,
2853 3070 2911 3131 ἐξ
2960 3063 3019 3123 οὗ
3075 3070 3169 3121 καὶ
3216 3069 3313 3137 τὴν
3362 3065 3675 3132 ἐπωνυμίαν
3706 3062 3899 3131 φέρειν
3930 3079 4046 3114 συν·

800 3168 944 3219 unde
964 3169 1124 3219 etiam
1148 3159 1463 3216 sintmerita
1490 3151 2365 3222 nomentaccipere),verumetiam
2396 3206 2436 3261 Ο

1172 3252 1191 3261 -
1284 3254 1293 3261 .
1391 3249 1422 3261 ..
1516 3256 1525 3261 -
1630 3260 1663 3261 η
1802 3246 1810 3261 .
1949 3241 2344 3261 ..,_,_,_._,

2396 3206 2436 3261 Ο
2471 3168 2819 3237 εστήσαντο),
2866 3164 2999 3217 ἀλλὰ
3028 3164 3118 3215 καὶ
3151 3163 3249 3214 ὅσα
3281 3161 3444 3229 τέχνη
3472 3157 3799 3228 χαλκευτικὴ
3848 3173 3912 3207 τε
3960 3158 4048 3207 καὶ

800 3270 1135 3327 quaecunque
1168 3249 1425 3306 fundendi
1452 3256 1586 3311 arte,
1618 3260 1669 3299 et
1700 3246 1979 3314 sculpendi
2014 3252 2175 3313 atque
2206 3241 2369 3294 fabri-

804 3350 841 3403 li
876 3357 1022 3401 certa
1052 3344 1213 3398 simul
1246 3339 1497 3394 mercede
1520 3344 1576 3390 et
1595 3351 1756 3403 opera
1787 3334 1879 3405 [ab
1905 3330 2373 3407 artiﬁCIbus]con-

806 3443 1042 3492 l’ormata
1074 3440 1278 3487 essent.
1317 3428 1519 3482 Horum
1551 3426 1711 3494 igitur
1744 3426 1989 3478 omnium
2015 3437 2178 3492 opera
2211 3435 2375 3476 natu-

808 3545 922 3584 ram
958 3525 1245 3591 excedere,
1293 3530 1350 3574 et
1389 3520 1673 3574 hominum
1711 3518 1967 3585 opinione
2014 3514 2224 3582 majora
2256 3528 2377 3567 esse

804 3619 1145 3675 Jamblichus
1175 3615 1401 3680 scribit;
1423 3612 1587 3665 multa
1606 3610 1805 3677 partim
1825 3607 2157 3661 incredibilia
2176 3620 2204 3659 e
2220 3606 2375 3657 fabu-

811 3715 876 3768 lis
900 3710 1174 3765 narrando
1200 3748 1216 3774 ,
1253 3707 1449 3776 partim
1474 3702 1528 3756 in
1552 3704 1816 3755 obscuras
1843 3715 2036 3754 causas
2071 3698 2376 3758 referendo,

811 3805 1007 3875 partim
1053 3802 1221 3856 etiam
1256 3809 1446 3851 contra
1482 3807 1641 3862 atque
1665 3791 1837 3847 oculis
1882 3799 2193 3855 cernantur,
2242 3789 2383 3841 scri-

812 3900 944 3951 bere
978 3894 1113 3948 nihil
1152 3891 1464 3945 metuendo.
1488 3888 1635 3953 Opus
1660 3889 1929 3954 integrum
1962 3883 2095 3935 duas
2124 3882 2172 3932 in
2201 3891 2384 3947 partes

813 3999 986 4045 secat.
1026 3986 1392 4055 Majoremque
1419 3981 1672 4041 alteram,
1718 3978 1945 4030 alteram
1994 3973 2249 4027 Minorem
2289 3988 2383 4025 no-

815 4084 1007 4136 minat.
1050 4078 1358 4144 Utramque
1405 4072 1735 4139 Pliiloponus
1783 4076 2081 4137 Oppugnat,
2127 4076 2386 4119 consueto

814 4172 1082 4227 orationis
1130 4181 1329 4237 genere
1376 4176 1530 4224 usus,
1581 4161 1707 4227 quin
1753 4168 1808 4210 et
1840 4156 2285 4225 compositionem
2320 4156 2386 4206 ad

817 4263 1035 4319 solitam
1081 4258 1184 4312 sibi
1228 4256 1456 4309 lormam
1490 4252 1772 4319 adaptans.
1807 4250 1852 4301 Α
1882 4237 2019 4318 ριιίο
2048 4247 2190 4300 enim
2222 4256 2277 4299 et
2305 4246 2386 4299 di-

818 4354 998 4408 lucido
1030 4365 1134 4403 non
1161 4347 1367 4401 recedit
1398 4363 1409 4397 :
1449 4358 1621 4409 neque
1647 4354 1824 4394 tamen
1866 4340 2131 4408 elegantia
2167 4347 2222 4392 et
2254 4338 2389 4389 Atti-

817 4460 881 4499 ca
916 4443 1096 4510 phrasi
1132 4446 1432 4491 exornatus
1458 4434 1613 4485 nitet.
1646 4430 1939 4484 Rationum
1968 4427 2386 4499 praetereaJam-

2475 3258 2761 3327 λαξευτικὴ
2790 3259 2879 3308 καὶ
2904 3259 2935 3326 ἡ
2969 3255 3233 3307 τεκτόνων
3261 3254 3350 3303 ἐπὶ
3375 3250 3516 3317 δήλῳ
3554 3248 3728 3317 μισθῷ
3760 3249 3854 3299 καὶ
3889 3249 4052 3317 ἐργα-

2477 3352 2566 3420 σίᾳ.
2612 3348 3069 3419 διεμορφώσαντο.
3109 3348 3323 3397 Τούτων
3372 3339 3464 3394 οὖν
3508 3340 3763 3392 ἁπάντων
3808 3338 3954 3407 ἔργα
3996 3355 4050 3389 τε

2476 3444 2727 3512 ὑπερφυῆ
2762 3442 2854 3493 καὶ
2884 3440 3039 3507 δόξης
3080 3434 3426 3505 ἀνθρωπίνης
3467 3431 3746 3501 κρείττονα
3791 3430 4001 3498 γράφει
4027 3431 4051 3479 ὁ

2488 3535 2809 3602 Ἰάμόλιχος,
2839 3530 2963 3601 [556
2987 3526 3076 3598 {1.}
3110 3526 3279 3578 πολλὰ
3312 3525 3408 3592 μὲν
3442 3523 3681 3575 ἀπίθανα
3714 3520 4052 3589 μυθολογῶν,

2480 3626 2647 3679 πολλὰ
2673 3626 2729 3676 δὲ
2760 3626 2833 3684 εἰς
2870 3620 3095 3690 άδήλους
3116 3619 3157 3649 ³*
3196 3617 3374 3685 φέρων
3403 3615 3579 3674 αἰτίας
3605 3653 3619 3673 ,
3654 3611 3827 3663 πολλὰ
3862 3611 3924 3661 δὲ
3968 3611 4056 3662 καί

2479 3723 2589 3781 τοῖς
2623 3719 2920 3787 ὁρωμένοις
2963 3710 3177 3765 ἐναντία
3222 3707 3453 3778 γράφειν
3495 3708 3595 3758 οὐκ
3644 3704 4054 3773 αἰσχυνόμενος.

2482 3813 2575 3873 Εἰς
2619 3810 2712 3862 δύο
2741 3809 2797 3860 δὲ
2830 3807 2927 3875 τὴν
2968 3803 3151 3867 ὃληνδθ
3201 3800 3582 3869 πραγματείαν
3627 3797 3933 3864 διατέμνει,
3967 3800 4059 3864 τὴν

2489 3904 2587 3972 μὲν
2617 3900 2868 3961 Μείζονα
2890 3899 3093 3961 καλῶν,
3112 3896 3209 3966 τὴν
3241 3896 3296 3947 δὲ
3326 3894 3661 3946 Ἐλάττονα.
3697 3891 3837 3943 Καθ’
3865 3890 4061 3943 ἐκατέ-

2489 4014 2586 4067 ρας
2632 3996 2687 4048 δὲ
2736 3995 2938 4046 τούτων
2982 3991 3076 4043 καὶ
3122 3991 3149 4041 ὁ
3181 3988 3468 4047 Φιλόπονος
3512 3988 3746 4047 ἵσταται,
3776 3983 3927 4047 λέξει
3969 3984 4063 4053 μὲν

2487 4088 2822 4157 κεχρημένος
2851 4081 2991 4154 ᾗπερ
3020 4080 3219 4145 εἰώθει,
3248 4080 3340 4132 καὶ
3359 4078 3454 4147 τὴν
3483 4076 3754 4146 συνθήκην
3785 4075 3843 4127 δὲ
3869 4076 3957 4135 είς
3978 4074 4064 4125 τὸν

2487 4182 2670 4248 ὅμοιον
2703 4177 2881 4245 ἐαυτῷ
2903 4176 3066 4227 τύπον
3093 4172 3490 4243 άρμοζόμενος’
3515 4168 3607 4220 τοῦ
3634 4168 3731 4235 μὲν
3754 4168 3863 4236 γὰρ
3896 4167 4069 4219 καθα-

2492 4270 2585 4342 ροῦ
2620 4271 2712 4321 καὶ
2743 4267 3021 4337 εύκρινοῦς
3051 4265 3177 4335 [ἓ86
3212 4262 3301 4332 [1.]
3334 4262 3431 4311 οὐκ
3461 4260 3759 4320 ἀποκλίνει,
3786 4258 3847 4309 ού
3882 4260 4067 4325 μέντοι

2488 4380 2550 4431 γε
2576 4364 2641 4430 τῇ
2679 4360 2861 4423 λογάδι
2897 4359 2991 4409 κα)⁸
3018 4354 3368 4423 ἁττικιζούσῃ
3406 4352 3601 4421 φράσει
3636 4347 4065 4411 καλλωπίζεται.

2489 4455 2598 4508 Καὶ
2625 4454 2749 4513 τοὺς
2775 4450 3032 4517 ἐλέγχους
3056 4447 3112 4498 δὲ
3140 4446 3246 4497 τῶν
3267 4443 3573 4513 Ἰαμὸλίχου
3596 4442 3765 4507 λόγων
3794 4440 4069 4507 πολλαχοῦ

821 4534 990 4590 bliclti
1040 4526 1496 4597 reprehensiones
1524 4538 1657 4575 sane
1688 4536 2001 4591 generosas,
2032 4529 2088 4572 et
2121 4534 2212 4585 per
2244 4520 2386 4585 ipsas
2420 4549 2464 4603 ι)

2420 4549 2464 4603 D
2498 4546 2595 4615 μὲν
2622 4544 2902 4611 γενναίους
2932 4558 2992 4592 τε
3024 4542 3115 4593 καὶ
3145 4538 3210 4590 δι’
3234 4539 3411 4589 αὐτῶν
3437 4535 3762 4603 ἐρχομένους
3793 4531 3904 4582 τῶν
3931 4550 4069 4599 πρα-

821 4635 1038 4694 quoque
1074 4628 1424 4687 penetrantes
1455 4628 1656 4667 causas
1688 4612 1999 4679 frequenter
2023 4612 2115 4664 tibi
2140 4610 2387 4671 exhibet;

824 4746 961 4801 quas
990 4726 1262 4782 interdum
1302 4716 1589 4787 superlicie
1633 4725 1788 4767 tenus
1826 4722 2030 4764 tantum
2065 4708 2392 4768 refellentes,

829 4832 886 4877 et
932 4820 1001 4874 ad
1063 4818 1177 4871 sola
1226 4814 1446 4867 nomina
1490 4807 1709 4866 relatas,
1759 4803 2079 4869 longiusque
2110 4816 2139 4852 a
2171 4816 2230 4853 re
2268 4814 2397 4852 ι-οιι-

835 4926 1076 4969 troversa
1117 4908 1432 4961 recedentes
1478 4894 1718 4969 [allert;]
1741 4896 1900 4947 etiam
1930 4908 2050 4945 cum
2083 4893 2194 4945 lucc
2221 4892 2401 4945 redar-

831 5003 1014 5072 guenti
1049 4999 1203 5051 valde
1237 5004 1322 5048 est
1361 4990 1614 5051 obnoxia,
1644 4994 1699 5038 et
1738 4998 1830 5052 per
1870 4996 1931 5037 se
1973 4981 2395 5037 imbecillitatem

830 5107 984 5151 suam
1011 5090 1207 5161 prodit.

1506 5175 1734 5231 CCXVI.

1281 5272 1515 5327 Oribasii
1545 5270 1734 5323 medici
1774 5285 1949 5334 opera.

906 5368 1035 5439 Legi
1091 5365 1361 5419 volumina
1414 5372 1688 5431 quatuor,
1736 5363 1935 5427 quibus
1973 5357 2235 5411 medicam
2289 5370 2399 5407 rem

836 5463 1119 5521 Oribasius
1155 5457 1267 5527 (22)
1317 5472 1345 5508 a
1407 5469 1465 5508 se
1507 5453 1861 5521 compositam
1909 5450 2220 5517 complexus
2268 5460 2347 5501 est
2385 5468 2398 5501 ε

2489 4638 2713 4706 γμάτων
2746 4635 3128 4694 ἐπιδείκνυσιν,
3161 4631 3329 4681 ἐνίοτε
3364 4629 3418 4679 δὲ
3447 4626 3763 4677 ὲπιπέλαιον
3806 4626 3908 4695 τὴν
3942 4627 4072 4677 ἀντι⁴

2494 4730 2693 4797 σκευὴν
2742 4727 3001 4794 φέροντας
3047 4725 3139 4775 καὶ
3195 4721 3331 4789 πρὸς
3377 4720 3547 4786 ὄνομα
3610 4718 3933 4784 γινομένους
3978 4720 4074 4768 καὶ

2498 4821 2684 4891 πόρρω
2717 4818 2808 4871 τοῦ
2846 4817 3114 4870 ἅπτεσθαι
3153 4813 3257 4865 τῶν
3292 4811 3661 4879 εὖθυνομένων
3707 4811 4071 4877 φερομένους,

2498 4908 2673 4959 καίτοι
2726 4906 2922 4976 ῥᾳδίων
2946 4904 2989 4933 ⁸⁸
3052 4902 3317 4954 κάκείνων
3369 4902 3503 4967 πρὸς
3549 4900 3768 4967 ἔλεγχον
3811 4900 4071 4966 ἐκκειμέ-

2501 5016 2605 5051 νων
2620 4998 2687 5060 ⁸²,
2720 4996 2812 5049 καὶ
2838 4996 2895 5061 ἐξ
2918 4995 3122 5047 ἑαυτῶν
3152 4991 3605 5062 προϐαλλομένων
3638 4992 3697 5042 τὸ
3723 4992 4037 5061 άνίσχυρον.

3212 5173 3320 5225 Σ.Ιὺ
3353 5211 3366 5225 .

3214 5192 3269 5223 ,ιι
3353 5211 3366 5225 .

2986 5192 3351 5332 Ὀρειϐίισίῖυ
3370 5262 3597 5326 βιϐλία.

2579 5357 3020 5425 ’Λνεγνώσθησαν
3073 5356 3250 5425 βιϐλία
3299 5355 3361 5415 δ’,
3396 5354 3431 5406 a
3480 5353 3637 5423 τὴν⁸³
3691 5352 4081 5420 πραγματεῖαν

2514 5450 2761 5518 ἰατρικὴν
2792 5449 3111 5521 Ὀρειόασίῳ
3130 5449 3173 5478 ⁸⁵
3215 5446 3650 5515 συντεταγμένην
3676 5446 3917 5515 περιεῖχε
3939 5460 3952 5472 ο
3986 5445 4081 5493 καὶ

2133 5540 2363 5595 νΑιιιΑς
2394 5541 2794 5597 LECTIONES.

910 5650 954 5681 ³⁸
983 5646 1147 5702 αὑτοῦ
1186 5644 1230 5695 Α
1256 5639 1444 5700 ιαύτός
1474 5654 1532 5699 ς’.

839 5722 1033 5776 verim.
1099 5717 1144 5747 “
1170 5710 1466 5782 Ὀριϐασίῳ
1497 5709 1560 5759 Α.

1640 5636 1682 5666 ³⁹
1710 5635 1918 5702 ἀδήλως
1951 5651 2011 5696 ς.
2079 5634 2124 5664 ⁴⁵⁰
2154 5634 2279 5703 ὅλην
2320 5637 2418 5703 τήν
2449 5652 2507 5698 ς.
2580 5636 2620 5667 ⁸⁸
2658 5637 2777 5691 libri
2816 5636 3018 5707 ῥᾴδιον.

3101 5636 3144 5666 δ’
3178 5632 3509 5701 ἐγκειμένων
3533 5648 3593 5693 ς’.
3698 5629 3743 5660 ⁸³
3772 5629 3868 5699 τὴν
3934 5629 4083 5681 delc-

2340 5769 2563 5825 ΝΟΥΛΕ.

916 5881 1026 5949 (ΞΩ)
1060 5879 1131 5934 De
1173 5879 1273 5930 hoc
1306 5877 1515 5942 Eunap.
1542 5880 1595 5925 et
1631 5868 1782 5922 Snid.
1821 5868 2135 5921 meminere.
