4196 6442
121 417 222 482 709

1108 412 1639 475 BIBLIOTHECA.
1675 435 1744 448 -
1768 411 1932 473 COD.
1954 410 2428 475 CCXV-CCXVII

3256 410 3365 478 710

121 532 199 583 ιτι
220 527 390 598 ῐτερα
414 525 461 592 ζ*
481 526 672 598 ἀνδρός
697 544 755 581 τε
775 528 867 582 τοῦ
895 526 1059 583 αὐτοῦ
1086 530 1180 583 καὶ
1204 531 1285 593 εις
1314 529 1694 600 παραπλήσιον

1807 528 2007 599 iliaque
2036 538 2297 600 praterea
2320 538 2549 599 septem,
2577 529 2766 585 eadem
2796 542 2935 597 pene
2964 527 3137 583 forma
3167 528 3237 584 ab
3270 544 3364 584 eo-

120 620 517 689 έξενηνσγμένα
529 619 575 651 ⁸⁸
598 618 791 674 τύπον.

164 710 530 779 Ὀρσισασίου
570 709 855 835 Ἐκιτοιᾶὴ
882 710 1003 834 n3);
1025 709 1314 779 Γαληνοῦ
1336 711 1488 780 πρὸς
1510 714 1660 765 Ἰου-

830 798 930 834 car
1007 822 1021 835 .

196 872 262 926 Ἥ
318 872 420 942 μὲν
462 871 553 925 οὖν
584 871 781 943 πρώτη
823 874 1027 945 σπουδὴ
1068 874 1146 945 τῷ
1192 874 1366 944 ἀνδρὶ,
1398 873 1434 927 ἃ
1461 873 1698 944 Γαληνὸς

124 964 218 1033 μέν
244 963 489 1033 ἔγραψεν
508 966 538 1016 ὁ
565 964 769 1033 ίατρὸς,
801 964 1108 1033 συντέμνει,
1127 965 1400 1036 Ἰουλιανῷ
1419 966 1475 1018 δέ
1499 965 1577 1036 τῷ
1596 963 1697 1034 τῆς

121 1056 400 1119 εὐσεϐείας
452 1057 735 1129 ἀποστάτῃ
777 1057 1115 1129 ἀναγράφει·
1161 1059 1197 1130 ﬂ
1245 1060 1339 1114 καὶ
1391 1059 1697 1130 ἀπάρχεται

120 1146 315 1210 οὕτως·

192 1258 211 1290 ε
247 1237 586 1293 Κελεύσαντί
611 1256 715 1305 σοι,
760 1240 1005 1297 θειότατε
1049 1241 1387 1313 αὐτοκράτορ
1420 1242 1696 1307 Ἰουλιανὶ,

120 1332 240 1394 τοὺς
269 1331 354 1400 τῷ
384 1332 674 1402 θαυμασίῳ
704 1333 927 1405 Γαληνῷ
956 1335 1255 1405 χρησίμους
1285 1336 1365 1397 εἰς
1394 1336 1492 1403 τὴν
1524 1337 1699 1405 ίατριυ

121 1424 218 1491 κὴν
272 1423 473 1493 τέχνην
521 1423 939 1493 γεγραμμένους
994 1423 1182 1492 λόγους
1237 1422 1575 1492 αυντεμεῖν⁸⁸
1620 1424 1700 1487 είς

120 1515 341 1567 ἔλαττον
363 1555 378 1579 ,
416 1515 709 1585 προθύμως
738 1517 1046 1587 ὑπήκουσα.
1077 1517 1201 1579 Τοῖς
1231 1533 1289 1569 τε
1317 1517 1423 1585 γάρ
1457 1516 1700 1587 μετιέναι

118 1604 215 1675 τήν
238 1604 439 1675 τέχνην
470 1604 671 1675 ταύτην
704 1606 1160 1675 προαιρουμένοις
1179 1644 1193 1665 ,
1220 1604 1295 1667 ὡς
1322 1605 1485 1667 αὑτός
1512 1622 1699 1673 φησιν,

118 1697 239 1751 οὕτε
269 1697 330 1750 δὲ
372 1697 587 1767 φύσεως
620 1698 939 1769 ἐπιτηδείως
959 1696 1156 1761 ⁸⁷,οὖθ’
1186 1697 1400 1767 ἡλικίας
1428 1696 1702 1766 άρμοζού·

119 1805 218 1858 σης
237 1788 594 1856 τετυχηκόσι,
622 1787 881 1850 πολλάκις
904 1787 961 1841 δέ
983 1787 1104 1840 οὐδὲ
1129 1786 1238 1839 τῶν
1264 1787 1495 1856 πρώτων
1522 1787 1701 1856 μαθη-

1798 620 1920 673 dem
1955 620 2123 675 edita.

1800 707 2036 765 Oribtm'i
2071 711 2259 765 medici
2316 708 2502 792 Caleni
2549 710 2921 777 Cornpenditun
2966 715 3035 765 ad
3082 709 3365 765 Julianus

2416 792 2802 848 imperatorem.

1870 869 2061 928 Priore
2076 887 2207 941 ergo
2237 872 2534 935 volumine,
2568 887 2688 941 qua:
2712 871 2946 928 Galenus
2973 871 3217 928 medicus
3235 886 3366 928 con-

1798 966 2112 1033 scripserat,
2149 978 2214 1018 ea
2249 964 2339 1019 hic
2388 963 2440 1016 in
2476 964 2854 1031 compendium
2890 963 3107 1033 redigit.
3148 962 3362 1018 Iuliano

1799 1066 1977 1112 autem
2004 1055 2326 1111 Christiana
2349 1054 2626 1125 religionis
2646 1055 2909 1110 desertori
2953 1056 3098 1111 hunc
3122 1056 3362 1111 laborem

1800 1146 2096 1214 inscripsit,
2120 1144 2224 1199 hoc
2263 1142 2375 1198 fere
2398 1158 2529 1199 usus
2561 1143 2828 1211 principio
2856 1161 2871 1198 :

1874 1254 1895 1289 ι
1930 1236 2122 1293 Jussus
2148 1253 2176 1290 a
2211 1247 2283 1300 te,
2311 1234 2658 1291 divelnliane
2691 1235 3008 1303 imperator,
3042 1232 3227 1289 Galeni
3265 1233 3368 1289 ltu-

1800 1330 1961 1387 minis
2000 1328 2298 1385 admirandi
2332 1328 2593 1397 perutiles
2627 1324 2819 1397 175a
2863 1328 2929 1380 de
2982 1341 3042 1381 re
3074 1328 3277 1381 medica
3314 1328 3373 1378 li-

1799 1423 1927 1478 bros
1954 1421 2022 1475 ad
2052 1420 2309 1491 pauciora
2342 1419 2610 1486 redigere,
2660 1418 2890 1473 libenter
2935 1430 3070 1471 sane
3107 1416 3369 1472 voluntati

1803 1525 1908 1570 tua:
1950 1530 2071 1569 sum
2097 1514 2414 1568 obsecutus.
2448 1511 2518 1565 lis
2556 1512 2700 1566 enim
2745 1512 2836 1581 qui
2874 1512 2941 1566 ad
2975 1512 3119 1565 hanc
3145 1524 3265 1564 sese
3289 1527 3372 1563 ar—

1802 1621 1909 1665 tem
1950 1610 2226 1678 applicare
2261 1610 2466 1671 volent,
2510 1608 2592 1678 (ut
2628 1609 2741 1676 ipse
2776 1608 2898 1677 ait),
2943 1618 2997 1660 et
3038 1617 3226 1659 natura
3262 1606 3370 1658 fors-

1802 1704 1941 1757 sltan
1976 1703 2363 1766 destituuntur,
2394 1715 2570 1769 neque
2601 1711 2782 1768 aptam
2811 1708 2936 1754 sunt
2963 1699 3102 1753 nacti
3134 1709 3368 1759 :etatem,

1804 1811 1869 1848 ne
1900 1794 2171 1862 prioribus
2199 1793 2414 1862 quidem
2442 1804 2814 1861 saepenumero
2846 1790 3151 1857 disciplinis
3174 1788 3371 1842 initiati

122 1880 308 1951 μάτων
339 1880 689 1950 ἀρξαμένοις,
724 1880 819 1932 καὶ
864 1879 951 1933 διὰ
993 1878 1171 1933 ταῦτα
1212 1880 1488 1943 ἀδυνάτως
1518 1879 1700 1950 έχουσι

1807 1884 1885 1953 (ut
1916 1884 1985 1936 ob
2015 1896 2108 1936 eas
2137 1896 2331 1936 causas
2364 1880 2535 1934 libros
2578 1878 2697 1933 illos
2725 1877 2958 1932 fusiores
2990 1876 3236 1931 ediscere
3275 1891 3373 1929 ne-

117 1975 242 2036 τοὺς
273 1974 421 2026 κατὰ
446 1972 676 2038 διέξοδον
720 1972 911 2040 λόγους
958 1971 1341 2040 ἐκμανθάνειν,
1373 1972 1601 2042 ἀρκέσει
1632 1972 1701 2024 τὰ

120 2065 212 2117 νῦν
253 2064 686 2135 γραφησόμενα,
720 2064 911 2135 χρόνου
958 2080 1016 2116 τε
1069 2062 1405 2133 βραχυτέρου
1438 2063 1573 2134 πρὸς
1602 2063 1701 2133 τὴν

120 2157 429 2227 ὲκμάθησιν
454 2154 742 2225 χρῄζοντα,
776 2156 869 2207 καὶ
896 2154 994 2225 τὴν
1024 2156 1209 2224 νόησιν
1240 2155 1637 2225 εὐπετεστὲραν
1656 2156 1699 2187 ⁸⁸

120 2250 309 2313 ἕξοντα
339 2249 419 2319 τῷ
439 2250 537 2318 τὴν
564 2249 872 2317 συναίρεσιν
899 2250 978 2310 εἰς
1007 2247 1370 2317 βραχυλογίαν
1396 2248 1495 2300 οὐκ
1516 2247 1700 2317 ἀσαφῆ

120 2340 476 2410 γενήσεσθαι.
502 2340 626 2402 Τοῖς
668 2356 727 2391 τε
744 2340 787 2371 δ’
832 2340 891 2391 ὲν
924 2338 1248 2409 προπαιδεία
1294 2338 1700 2407 γεγενημένοις,

122 2434 214 2485 καὶ
248 2434 391 2503 μήτε
428 2432 530 2483 ὑπὸ
562 2431 777 2498 φύσεως
822 2431 959 2501 μήτε
1010 2429 1227 2497 ἡλικίας
1278 2430 1569 2482 κωλυθεῖσι
1612 2447 1701 2481 τε·

122 2529 293 2590 λείαις
341 2526 645 2597 χρήσεσθαι
695 2527 814 2587 ταῖς
862 2523 1254 2587 διδασκαλίαις,
1285 2522 1515 2592 ἁρμόζοι
1558 2522 1623 2575 ἂν
1667 2523 1701 2593 ή

122 2618 345 2689 τοιαύτη
380 2618 601 2687 σύνοψις
630 2619 716 2669 ἐπ’
738 2616 915 2670 αὐτῶν
946 2615 1049 2668 τῶν
1081 2616 1257 2685 ἔργων
1278 2615 1374 2685 τῆς
1399 2616 1496 2684 μὲν
1518 2616 1703 2686 χρείας

126 2711 479 2779 ἐπειγούσης,
512 2712 569 2761 ἐν
602 2709 794 2779 βραχεῖ
816 2708 872 2760 δὲ
900 2708 996 2777 τῆς
1020 2706 1373 2776 ἀναμνήσεως
1402 2705 1509 2758 τῶν
1537 2710 1704 2773 ἀναγ-

127 2806 432 2858 καιοτάτων
454 2804 577 2870 γενο
584 2802 768 2871 μένης.
804 2820 823 2852 ι

193 2898 356 2949 Οὕτω
388 2895 486 2964 μὲν
528 2897 557 2947 ὁ
580 2893 915 2963 Ὀρειδάσιος
950 2892 1007 2943 ὲν
1043 2890 1215 2960 ταύτῃ
1243 2893 1309 2960 τῇ
1353 2890 1707 2960 πραγματείᾳ

126 2987 566 3060 προοιμιάζεται,
593 2986 961 3055 ὑποσχόμενος
988 2985 1171 3035 ὲκείνα
1196 2983 1331 3051 μόνα
1357 2985 1703 3050 συναγαγεῖν,

125 3080 161 3133 ἃ
187 3078 297 3131 τῶν
322 3076 667 3146 ἀρεσκόντων
700 3076 815 3128 ἐστὶ
840 3074 917 3143 τῷ
940 3075 1093 3143 ἀνδρὶ
1122 3076 1215 3125 καὶ
1244 3074 1378 3144 πρὸς
1408 3074 1505 3145 τὴν
1535 3076 1707 3144 ἰατρι-

133 3171 232 3239 κὴν
258 3169 446 3238 ἀφορᾷ
475 3168 670 3237 τέχνην
711 3182 771 3217 τε
818 3166 911 3218 καὶ
939 3165 1039 3231 τῆς
1070 3164 1265 3233 τέχνης
1313 3164 1703 3234 μεταχείρισιν.

132 3261 441 3329 Πεπόνηται
470 3259 527 3311 δὲ
559 3257 707 3327 αὑτῷ
735 3258 768 3328 ἡ
802 3256 1023 3326 τοιαύτη
1056 3255 1257 3324 σπουδή
1289 3258 1346 3309 έν
1374 3255 1642 3325 λόγοις....

837 3348 979 3399 Σ1Ζ’.

134 3437 248 3491 Τοῦ
297 3436 488 3491 αὐτοῦ
516 3438 889 3505 Πραγματεία
927 3438 997 3490 ἐν
1036 3440 1237 3509 λόγοις
1272 3437 1704 3507 ἐϐδομήκοντα.

210 3529 276 3583 Ἦ
305 3530 366 3583 δὲ
387 3529 617 3600 δευτέρα
650 3529 1003 3600 πραγματεία
1022 3530 1292 3600 Ἰουλιανῷ
1321 3531 1419 3601 μὲν
1450 3534 1543 3584 καὶ
1570 3531 1708 3601 αὑτὴ

125 3622 221 3693 τήν
255 3621 648 3692 προσφώνησιν
681 3624 933 3687 ποιεῖται,
962 3624 1019 3673 ὲν
1051 3622 1152 3673 0'“
1184 3622 1239 3674 δὲ
1277 3623 1591 3690 περαίνεται
1621 3622 1709 3673 λό-

125 3732 262 3783 τοις,
293 3716 393 3769 καὶ
420 3714 482 3767 τὸ
505 3716 772 3785 χρήσιμον
796 3715 896 3768 οὐκ
926 3713 1170 3779 ἔλαττον,
1205 3714 1342 3768 ἀλλά
1382 3716 1475 3768 καὶ
1507 3715 1707 3784 μᾶλλον

126 3811 157 3879 ἥ
186 3811 221 3879 ή
250 3808 499 3879 προτέρα
523 3806 618 3860 τοῦ
646 3806 971 3877 πολυστίχου
1007 3806 1326 3878 παρέχεται.
1356 3806 1712 3877 Προοιμιάξε-

122 3921 211 3956 ται
264 3902 325 3955 δὲ
376 3902 471 3954 καὶ
505 3901 643 3970 αὓτη
684 3900 871 3954 τοῦτον
919 3900 1013 3953 τὸν
1056 3903 1257 3971 τρόπον
1287 3916 1304 3933 ο

195 3992 323 4064 [557
346 3989 439 4064 8.]
466 3991 605 4054 «Τάς
620 3991 1320 4063 προσταχθείσαςέπιτομάς
1338 3992 1596 4064 παράτῆς
1614 3993 1711 4062 σῆς

125 4086 427 4156 θειότητος,
461 4085 799 4153 αὐτοκράτορ
825 4084 1102 4147 Ἰουλιανὶ,
1117 4086 1399 4155 πρότερον,
1422 4086 1587 4152 ἡνίκα
1606 4087 1714 4139 διε-

124 4178 386 4249 τρίϐομεν
409 4178 469 4229 έν
495 4176 731 4246 Γαλατία
750 4179 817 4247 τῇ
859 4177 994 4247 πρὸς
1020 4178 1277 4248 ἑσπέραν,
1309 4179 1387 4241 είς
1410 4178 1557 4241 τέλος
1575 4179 1712 4249 ἤγα-

123 4287 219 4338 γον
240 4268 428 4331 καθὼς
440 4268 762 4339 ἠϐουλήθης,
781 4269 1009 4332 ἀςτινας
1023 4270 1088 4321 ὲκ
1105 4270 1278 4339 μόνων
1294 4272 1403 4325 τῶν
1422 4272 1525 4324 ὑπὸ
1540 4272 1714 4342 Γαλη-

122 4358 214 4412 νοῦ
236 4360 561 4429 γραφέντων
584 4360 944 4429 ἐποιησάμην.
964 4358 1183 4429 Ἐπειδὴ
1202 4361 1258 4413 δὲ
1273 4361 1565 4424 ἐπαινέσας
1586 4361 1715 4413 ταύ-

120 4466 220 4512 τας
251 4449 516 4516 δευτέραν
536 4448 803 4514 έπέταξας
834 4449 1055 4519 πρᾶξιν,
1092 4449 1307 4502 πάντων
1339 4449 1447 4503 τῶν
1476 4450 1713 4520 ἀρίστων

121 4542 336 4612 ἀνδρῶν
388 4541 800 4611 ἀναζητήσαντά
853 4558 922 4611 με
966 4543 1035 4596 τὰ
1078 4544 1417 4614 καιριώτατα
1475 4560 1712 4613 συναγα-

122 4635 297 4700 γεῖν⁸¹
334 4635 434 4686 καὶ
461 4635 636 4687 πάντα
666 4634 767 4687 ὅσα
801 4634 1128 4705 χρησιμεύει
1154 4636 1289 4705 πρὸς
1318 4636 1379 4689 τὸ
1407 4636 1538 4689 αὐτὸ
1561 4637 1711 4700 τέλος

120 4730 223 4796 τῆς
278 4725 558 4795 ἰατρικῆς,
598 4724 881 4779 καὶτοῦτο
910 4727 1171 4798 πράττειν
1204 4728 1280 4790 ὡς
1325 4723 1437 4789 οἷός
1484 4728 1545 4779 τέ
1593 4730 1708 4796 εἰμι

122 4815 431 4887 προθύμως
469 4815 761 4883 διέγνωκα.
794 4816 1055 4887 Περιττδν
1092 4816 1150 4869 δὲ
1194 4817 1415 4886 νομίσας
1451 4811 1588 4868 εἶναι
1617 4818 1714 4869 καὶ

123 4906 415 4969 παντελῶς
448 4905 640 4976 εῦηθες
671 4908 731 4959 τὸ
754 4908 1051 4977 έγγράφειν
1074 4908 1144 4960 τά
1173 4908 1312 4961 αὐτὰ
1336 4907 1593 4970 πολλάκις
1618 4911 1711 4960 καὶ

120 5002 233 5053 τῶν
289 4999 492 5070 ἄριστα
542 4999 970 5068 συγγραψάντων
1021 4998 1117 5051 καὶ
1167 4999 1275 5051 τῶν
1320 4999 1394 5069 μὴ
1423 5000 1623 5070 ὁμοίως
1646 5000 1707 5052 τὸ

120 5093 360 5165 ἀκριϐὲς
392 5093 923 5163 ὲξεργασαμένωνη,
976 5091 1112 5162 μόνα
1148 5091 1217 5145 τά
1247 5093 1355 5144 τῶν
1383 5091 1603 5162 ἄμεινον
1632 5093 1708 5142 εί-

119 5187 343 5239 πόντων
372 5185 607 5250 συνάξω,
640 5184 806 5254 μηδὲν
836 5177 911 5237 ὧν
943 5182 1182 5253 Γαληνὸς
1207 5178 1327 5235 εἷπε
1360 5180 1707 5253 παραλιπὼν,

119 5279 320 5333 καθότι
370 5278 478 5330 τῶν
524 5277 955 5345 συγγραψάντων
1003 5277 1264 5329 ἁπάντων
1305 5277 1385 5338 εἰς
1413 5275 1513 5337 τάς
1541 5274 1709 5337 αὑτάς

122 5370 419 5431 ὑποθέσεις
445 5368 605 5431 αὐτὸς
634 5370 846 5439 κρατεῖ,
881 5366 1125 5437 μεθόδοις
1164 5365 1259 5418 καὶ
1283 5365 1580 5436 διορισμοῖς
1602 5366 1713 5428 τοῖς

1802 1979 2024 2044 queant)
2068 1973 2339 2029 sufﬁcient
2390 1988 2510 2042 quae
2556 1972 2668 2041 jam
2722 1970 3033 2024 scribentur
3086 1988 3099 2023 :
3143 1984 3263 2022 cum
3317 1978 3375 2022 et

1804 2078 2045 2135 tempore
2072 2077 2268 2137 egeant
2292 2068 2358 2119 ad
2384 2065 2731 2120 ediscendum
2767 2062 3037 2124 breviore,
3069 2072 3123 2116 et
3151 2076 3370 2116 sensum

1803 2159 2056 2214 habitura
2092 2162 2201 2213 sint
2253 2158 2595 2223 faciliorem;
2626 2158 2843 2226 quando
2901 2155 2952 2207 in
3004 2168 3173 2221 pauca
3210 2153 3370 2205 verba

1805 2254 1907 2308 hoc
1929 2254 2307 2321 compendium
2336 2252 2501 2305 vitata
2530 2249 2745 2303 interim
2771 2245 3132 2309 obscuritate,
3164 2242 3375 2312 redige-

1806 2356 1911 2399 tur.
1948 2342 2042 2397 His
2070 2360 2199 2398 vero
2226 2345 2318 2412 qui
2363 2342 2796 2413 praecedentibus
2834 2339 3159 2393 medicinam
3196 2336 3376 2391 scien-

1806 2436 1897 2489 tiis
1923 2435 2149 2494 exculti,
2193 2449 2371 2501 neque
2396 2447 2491 2501 per
2517 2443 2793 2494 naturam,
2830 2442 3007 2498 neque
3041 2442 3138 2497 per
3155 2436 3373 2481 etatem

1804 2528 2159 2599 prohibentur
2189 2525 2602 2597 perfectioribus
2629 2526 2715 2579 hic
2737 2522 2904 2578 imbui
2924 2522 3232 2591 praeceptis,
3261 2518 3376 2573 hac

1804 2640 2021 2694 quoque
2067 2625 2317 2695 synopsis
2346 2620 2631 2675 conveniet
2668 2635 2682 2672 :
2709 2634 2831 2673 cum
2862 2616 3098 2670 maxime
3128 2626 3378 2668 necessa-

1809 2719 1884 2771 ria
1916 2731 2143 2786 quaeque
2192 2716 2428 2769 breviter
2455 2714 2522 2767 iis
2562 2722 2925 2781 suggerentur
2964 2720 3113 2771 tunc,
3158 2706 3377 2777 quando

1807 2809 1860 2863 in
1890 2809 2006 2876 ipso
2032 2807 2255 2861 curandi
2295 2821 2458 2873 opere
2485 2805 2697 2872 urgebit
2726 2802 3047 2857 necessitas.
3084 2820 3103 2854 ι

1877 2900 1972 2955 Sic
2006 2900 2171 2969 igitur
2214 2898 2491 2953 Oribasius
2522 2898 2573 2949 in
2618 2898 2720 2949 lmc
2763 2908 2928 2963 opere
2968 2893 3245 2963 praefatus.
3286 2892 3377 2947 illa

1806 2995 1979 3049 solum
2021 2993 2306 3064 pollicetur
2336 2990 2693 3045 collecturum
2740 3001 2820 3051 se,
2860 3002 2980 3055 qua:
3027 2984 3233 3039 Caleno
3264 2985 3379 3053 pla-

1807 3084 2070 3145 cuissent,
2105 3096 2333 3149 qumque
2382 3080 2448 3131 ad
2488 3077 2750 3129 medicam
2784 3084 2982 3139 artem,
3032 3086 3086 3127 et
3115 3073 3232 3142 ejus
3261 3083 3378 3125 tra-

1810 3172 2104 3225 ctatiouem
2151 3169 2411 3221 facerent.
2451 3162 2697 3217 Absolvit
2744 3171 2923 3216 autem
2972 3160 3102 3216 illud
3146 3176 3282 3231 opus
3313 3162 3380 3215 li-

1812 3264 1925 3317 bris
1952 3304 1966 3317 .
2001 3303 2016 3318 .
2049 3301 2062 3315 .

2456 3351 2712 3405 CCXVII.

1834 3441 2091 3512 Ejusdem
2116 3441 2515 3495 Hedicinalium
2552 3442 2665 3512 (23)
2692 3443 3039 3497 colleclorum
3076 3442 3200 3497 libri
3224 3459 3352 3499 us.

1878 3534 2119 3589 Alterum
2167 3550 2380 3605 quoque.
2426 3549 2564 3604 epus
2605 3537 2778 3589 eidem
2808 3535 3025 3591 Juliano
3072 3536 3380 3592 dedicatum

1808 3628 2149 3695 septuaginta
2196 3626 2350 3682 libris
2384 3625 2686 3681 absolvitur
2720 3646 2733 3681 :
2768 3629 2936 3682 nihilo
2964 3630 3180 3683 interim
3212 3628 3387 3683 mino-

1811 3732 1946 3781 rem,
1978 3732 2141 3787 quam
2173 3718 2304 3772 illud
2336 3720 2509 3789 prius,
2537 3721 2633 3774 sed
2680 3720 2938 3787 majorem
2974 3723 3151 3789 potius
3179 3722 3386 3776 utilita-

1812 3819 1918 3863 tem
1951 3825 2046 3863 sua
2077 3809 2216 3865 mole
2238 3810 2494 3868 afferens.
2519 3811 2649 3879 Ejus
2672 3822 2852 3867 autem
2877 3813 3221 3884 proloquium
3240 3814 3385 3869 hunc

1812 3902 1865 3956 in
1908 3902 2124 3956 modum
2160 3902 2464 3958 instituitur
2505 3923 2519 3959 :

1888 3995 2216 4065 «Epitomas,
2271 4011 2406 4067 quas
2450 4007 2508 4051 tu
2548 3998 2700 4064 olim,
2748 4000 2867 4053 dive
2912 3996 3122 4053 Juliane
3176 3997 3382 4062 Caesar.

1814 4088 1941 4142 mihi
2000 4088 2369 4145 conﬁciendas
2418 4092 2930 4159 mandaveras,jam
2988 4093 3197 4159 pridem
3231 4096 3383 4160 (cum

1814 4179 1867 4233 in
1922 4178 2156 4235 Occidua
2217 4181 2392 4237 Gallia
2430 4186 2805 4251 versaremur)
2836 4186 2904 4238 ad
2956 4183 3140 4251 ﬁnem,
3195 4198 3387 4253 quem-

1813 4270 2100 4325 admodum
2150 4282 2205 4326 tu
2240 4273 2478 4338 voluisti,
2528 4275 2993 4341 perduximus:et
3037 4290 3132 4329 eas
3165 4276 3384 4345 quidem

1813 4374 1880 4411 ex
1912 4359 1978 4413 iis
2006 4359 2135 4413 solis
2176 4359 2471 4424 confectas,
2515 4376 2636 4429 qua:
2668 4362 2904 4416 Galenus
2940 4363 3381 4428 conscripsisset.

1817 4449 2013 4503 Verum
2072 4450 2161 4504 ubi
2220 4460 2272 4504 tu
2335 4450 2403 4505 iis
2465 4450 2694 4506 laudatis
2754 4453 2984 4507 alterum
3046 4455 3175 4507 mihi
3237 4453 3386 4508 labo-

1818 4557 1929 4595 rem
1983 4541 2299 4610 adjunxisti,
2351 4550 2408 4594 ut
2466 4542 2778 4611 perquisitis
2819 4543 3072 4597 omnibus
3118 4560 3237 4613 qua:
3274 4560 3386 4599 me-

1815 4631 1920 4686 dici
1953 4632 2384 4700 prmstautissimi
2446 4633 2681 4686 maxime
2734 4645 3038 4703 opportuna
3088 4635 3382 4697 dixissent,

1811 4732 1864 4777 et
1911 4738 2241 4792 quaecunque
2270 4724 2337 4778 ad
2390 4726 2637 4778 eumdem
2694 4725 2836 4779 hunc
2894 4726 3174 4781 medicinae
3223 4726 3382 4780 finem

1812 4816 2165 4883 pertinerent,
2216 4831 2382 4869 unum
2427 4816 2480 4869 in
2507 4816 2756 4870 volumen
2796 4818 3117 4885 redigerem.
3152 4817 3208 4870 ld
3241 4834 3381 4887 quo-

1810 4923 1916 4977 que
1974 4922 2075 4977 ego
2118 4923 2216 4977 pro
2269 4909 2409 4963 virili
2464 4920 2642 4978 parte,
2690 4918 2745 4963 et
2787 4916 3037 4979 prompto
3078 4909 3260 4963 animo
3296 4909 3383 4962 fa-

1812 5014 1937 5053 cere
1986 5000 2217 5054 decrevi.
2284 4999 2757 5070 Supervacaneum
2822 5003 3006 5071 igitur,
3058 5010 3112 5054 et
3158 5000 3383 5054 omnino

1815 5090 2055 5159 ineptum
2086 5092 2375 5147 arbitratus
2415 5098 2605 5147 eadem
2662 5106 2803 5160 smpe
2831 5093 3092 5157 scribere,
3120 5093 3234 5147 sive
3260 5106 3381 5161 quae

1814 5183 1882 5237 ab
1935 5184 2154 5252 optimis
2209 5184 2451 5247 medicis,
2492 5185 2605 5238 sive
2647 5199 2765 5252 quae
2794 5184 2861 5237 ab
2903 5185 2969 5238 iis
3006 5184 3096 5251 qui
3152 5198 3257 5237 non
3307 5183 3380 5236 ita

1815 5275 2097 5342 diligenter
2165 5289 2250 5330 res
2302 5285 2692 5340 tractaverunt,
2750 5277 2951 5343 scripta
3015 5276 3247 5329 fuerint:
3315 5291 3378 5329 ea

1819 5366 1989 5420 solum
2039 5366 2311 5436 colligam,
2379 5382 2499 5436 qua:
2580 5366 2733 5422 nobis
2802 5369 3134 5436 reliquerunt
3195 5368 3230 5421 ii
3289 5370 3380 5438 qui

1406 5476 1640 5532 VARIA‘Z
1674 5476 2077 5534 LECTIONES.

195 5608 245 5639 "
266 5604 698 5685 ἐξενηνεγμένην
731 5605 795 5658 Α.
858 5604 914 5685 ᾆξ’
948 5603 1218 5685 συντελεῖν
1246 5618 1306 5665 ς.
1334 5599 1808 5685 ..⁸⁷ηὲτξιτιηδείως]
1838 5603 2283 5685 ἰηιοὲπιτηδείας.
2317 5602 2405 5685 ..⁸⁸
2432 5602 2879 5685 εὐπρεπεστέραν
2896 5618 2967 5685 ις,
2997 5599 3137 5653 unde
3160 5597 3371 5685 βοείη-

125 5678 303 5732 bonus
323 5673 780 5745 εὐτρεπὲστέραν.
855 5674 900 5705 δ’
921 5689 979 5724 τε
1002 5675 1041 5725 Α
1071 5689 1085 5725 :
1107 5673 1164 5724 δέ
1195 5690 1256 5735 ς.

1333 5671 1378 5701 ⁸³
1392 5668 1456 5741 0'}
1482 5670 1558 5739 οβ’
1587 5668 1807 5724 Ξυίιιαιί
1824 5687 1874 5724 v.
1894 5668 2247 5741 Ὀρειδάσιος.
2316 5674 2356 5705 ³¹
2391 5668 2641 5741 συνάγειν
2676 5689 2733 5734 ς’.

2810 5673 2855 5703 ⁸⁸
2892 5671 3279 5741 ἐργασαμένων
3307 5686 3372 5729 ς,

1641 5759 1870 5816 ΝΟΤᾸΕ.

204 5859 321 5932 (23)
350 5859 426 5914 Ita
464 5862 555 5915 hic
591 5858 783 5913 titulus
811 5858 863 5911 iu
892 5856 1054 5911 editis
1078 5855 1275 5923 legitur
1306 5853 1478 5908 libris.
