4196 6442
788 392 891 458 711

1952 384 2212 447 ΡΗΟΤΠ
2252 380 2753 443 PATRIARCII/E
2790 382 2899 442 (ΣΡ.

3935 386 4039 450 712

789 504 1001 560 ueteris
1037 492 1426 572 prmstiterunt,
1464 500 1594 553 nihil
1649 513 1834 554 eorum
1874 496 2195 560 omittendo,
2234 508 2355 564 quae

2479 494 2874 563 ικριϐεστατοις
2944 492 3265 563 χρώμενος,
3311 492 3405 546 ἅτε
3457 496 3575 554 ταῖς
3612 494 4039 565 Ἰπποκρατείοις

788 597 1031 651 Galenus
1083 594 1322 657 dixerit;
1372 594 1413 647 si
1450 593 1665 661 quidem
1720 590 1953 652 czcteris,
2010 589 2102 656 qui
2147 587 2363 643 easdem

791 702 879 743 res
926 694 1417 759 pertractaverunt,
1467 684 1666 752 optima
1726 683 1861 751 ipse,
1911 692 1963 735 et
2019 681 2103 733 via
2158 693 2223 733 ac
2280 692 2368 731 ra-

790 784 954 846 tione,
997 790 1052 835 et
1090 780 1436 857 distinctione
1490 777 1750 839 adhibita,
1786 773 2041 828 omnibus
2078 769 2368 834 antecellit,

791 888 847 926 ιιι
916 875 1006 941 qui
1083 872 1347 940 principia
1432 880 1486 923 et
1548 866 1739 939 1741)
1802 864 2103 920 sententias
2176 862 2370 930 Hippo-

791 964 958 1015 cratis
996 962 1215 1014 assidue
1278 968 1642 1012 consectetur.
1698 955 1810 1025 Ego
1870 970 1998 1008 vero
2049 954 2138 1008 hic
2180 952 2363 1021 hujus-

794 1056 934 1108 niodi
1005 1065 1124 1105 utar
1163 1052 1372 1105 ordine.
1423 1049 1673 1117 Inprimis
1731 1047 1980 1118 colligam
2012 1061 2074 1100 ea
2120 1059 2241 1113 quae
2297 1044 2362 1097 ad

793 1156 998 1217 partem
1040 1143 1371 1196 materialem
1407 1152 1674 1211 spectant,
1724 1141 1915 1195 deimle
1958 1153 2075 1208 qua!
2137 1140 2202 1191 de
2263 1138 2363 1189 ho—

791 1240 955 1293 tninis
1006 1249 1202 1291 natura
1246 1244 1411 1303 atque
1482 1234 1685 1289 fabrica
1753 1235 1893 1287 dicta
1953 1243 2109 1295 sunt;
2142 1240 2252 1284 tum
2302 1229 2367 1281 de

2464 585 2657 653 ἀρχαῖς
2692 585 2787 636 καὶ
2830 584 3007 650 δ’ξαις
3037 585 3427 650 ἐξακολουοῶν.
3464 587 3754 657 Χρήσομαι
3798 588 3857 640 δὲ
3911 590 4041 641 κάν-

2463 673 2636 725 ταῦθα
2674 673 2900 745 τοιαύτῃ
2945 673 3117 737 τάξει.
3157 675 3380 744 Πρῶτον
3431 676 3528 743 μὲν
3580 675 3793 739 συνάξω
3829 676 3900 728 τὰ
3948 679 4041 728 τοῦ

2466 764 2650 816 ὑλικοῦ
2680 766 2898 834 μέρους,
2922 762 3040 817 εἶτα
3065 766 3164 818 ὅσα
3195 769 3315 835 περὶ
3342 766 3555 833 φύσεως
3579 767 3676 819 καὶ
3695 769 4043 835 κατασκευῆς

2466 856 2681 925 εἴρηται
2705 856 3016 925 ἀνθρώπου,
3053 858 3175 925 μεθ’
3204 858 3241 911 ὃ.
3271 859 3339 911 τὰ
3372 859 3469 927 τῆς
3499 860 3739 929 ὑγιεινῆς
3780 864 3873 912 καὶ
3915 861 4044 913 ἀνα-

2467 950 2739 1017 ληπτικῆς
2768 952 3171 1020 πραγματείας,
3206 953 3344 1019 μετὰ
3369 951 3541 1003 ταῦτα
3563 953 3664 1004 ὅσα
3691 954 3791 1021 τῆς
3818 953 4046 1019 διαγνω-

2467 1043 2661 1110 στικῆς
2692 1044 2785 1094 καὶ
2813 1046 3227 1111 προγνωστικῆς
3259 1042 3444 1113 ἔχεται
3472 1043 3725 1114 Θεωρίας,
3758 1044 3841 1112 ἐφ’
3869 1041 3950 1106 οἷς
3983 1046 4045 1096 τὰ

2471 1137 2598 1202 περὶ
2631 1135 2952 1202 νοσημάτων
2976 1136 3068 1187 καὶ
3100 1137 3524 1205 συμπτωμάτων
3550 1138 3643 1189 καὶ
3662 1138 3797 1201 ὅλως
3816 1136 3919 1206 τῆς
3936 1138 4046 1188 ’τῶν

2473 1226 2621 1294 παρὰ
2649 1226 2811 1293 φύσιν
2838 1226 3283 1298 ἐπανορθώσεως.
3319 1246 3338 1279 ι

790 1334 986 1387 tuenda
1027 1333 1281 1394 sanitate,
1316 1340 1370 1383 et
1432 1328 1736 1383 reﬁciendis
1801 1327 2117 1394 corporibus
2162 1332 2383 1392 agetur:
2444 1322 2639 1388 quibus
2702 1321 2965 1376 confectis
3014 1324 3206 1375 addam
3270 1338 3389 1392 qua:
3440 1325 3506 1377 ad
3557 1323 3920 1392 dignotionem
3996 1332 4049 1375 et

790 1425 1177 1495 praenotionem
1240 1422 1543 1491 pertinent:
1598 1421 1663 1474 ad
1708 1421 1842 1485 lucc,
1891 1435 2010 1487 quae
2058 1419 2125 1472 de
2161 1416 2368 1470 morbis
2394 1414 2567 1481 deque
2621 1416 2999 1485 sy-mptomatis
3045 1425 3172 1469 sunt
3222 1417 3502 1483 accedent,
3555 1426 3612 1472 et
3679 1417 3910 1487 denique
3988 1430 4048 1470 ea

790 1531 912 1586 qua:
972 1516 1149 1568 valent
1204 1514 1269 1568 ad
1316 1513 1692 1582 corrigendum
1736 1526 1822 1573 ea,
1855 1526 1974 1578 quae
2018 1519 2218 1578 pratter
2264 1516 2513 1562 naturam
2547 1517 2697 1569 sunt.
2739 1506 3196 1563 adhibebuntur.»

864 1609 976 1663 Hoc
1048 1610 1209 1676 igitur
1265 1607 1610 1675 proloquium
1668 1606 1891 1659 secundi
1947 1604 2152 1671 operis,
2212 1601 2372 1669 cujus

795 1700 1060 1770 (perinde
1116 1715 1179 1751 ac
1233 1697 1720 1766 praecedentis)ab
1754 1711 1822 1747 eo
1870 1704 2198 1763 argumento
2274 1695 2366 1746 du-

793 1796 937 1845 citur
970 1792 1202 1852 initium,
1269 1789 1411 1856 quod
1486 1789 1861 1841 alimentorum
1897 1788 2048 1841 nobis
2090 1786 2371 1839 facultates

792 1882 1035 1951 exponit.
1078 1881 1435 1950 Septuaginta
1480 1894 1607 1933 vero
1657 1879 1767 1950 (24)
1824 1879 1995 1942 libris,
2044 1893 2161 1947 qua:
2210 1892 2363 1930 rece-

2540 1601 2632 1663 Ὲς
2661 1601 2908 1655 τοιοῦτον
2939 1602 3038 1672 μὲν
3066 1603 3239 1657 τύπον
3260 1606 3359 1658 καὶ
3385 1605 3419 1675 ἠ
3438 1603 3668 1675 δευτέρα
3702 1606 4050 1675 προοιμιάζε-

2468 1710 2557 1746 ται
2589 1695 2979 1765 πραγματεία,
3013 1696 3109 1748 ἀπ’
3139 1697 3357 1766 ἐκείνης
3399 1698 3677 1768 ἀρχομένη
3712 1701 3812 1766 τῆς

2470 1803 2627 1849 σεως,
2660 1786 2909 1858 καθάπερ
2937 1789 3030 1841 καὶ
3063 1790 3096 1858 ἡ
3130 1792 3238 1858 πρὸ
3268 1791 3458 1859 αὐτῆς,
3508 1792 3545 1860 ἥ
3591 1808 3676 1853 τις
3704 1792 3806 1855 τὰς
3840 1795 3902 1844 ὲν
3928 1809 4050 1863 τρο·

2470 1882 2595 1947 φαῖς
2641 1881 2901 1950 δυνάμεις
2946 1882 3324 1936 ἀναδιδάσκειο
3357 1884 3480 1955 [287
3510 1887 3605 1957 ιι]
3632 1891 3689 1939 ὲν
3713 1884 3753 1940 o'
3788 1887 3846 1940 δὲ
3876 1887 4053 1956 λόγοις

795 1986 975 2046 perat,
1044 1984 1365 2043 pertractat.
1450 1972 1596 2041 Opus
1655 1974 1926 2041 equidem.
2004 1982 2058 2023 nl
2130 1980 2370 2039 tempore

2479 1974 2723 2037 διέξεισιν
2754 1976 2788 2027 ἃ
2815 1976 3234 2043 ἐπαγγέλλεται.
3274 1980 3382 2031 Καὶ
3407 1979 3638 2048 δευτέρα
3688 1980 3789 2049 μέν
3836 1981 3959 2034 ἐστι
3984 1981 4053 2048 τῷ

797 2070 1084 2136 posterius.
1136 2067 1207 2120 ita
1258 2066 1489 2119 utilitate
1547 2068 1713 2134 prius.
1758 2066 1943 2133 Neque
1997 2065 2138 2118 enim
2184 2079 2246 2118 ea
2276 2080 2371 2115 so-

797 2161 930 2221 lum,
973 2175 1091 2227 quae
1141 2158 1378 2213 Galenus
1432 2170 1577 2211 recte
1649 2159 1948 2211 litterarum
2006 2155 2373 2210 monumentis

798 2252 1125 2319 prodiderat,
1158 2251 1416 2313 continet,
1464 2251 1556 2303 sed
1598 2252 1763 2304 etiam
1820 2264 1938 2317 quae
1986 2250 2052 2301 ab
2084 2248 2199 2316 ipso
2240 2263 2377 2316 prae—

800 2344 1046 2396 termissa
1078 2343 1167 2396 alii
1213 2343 1469 2396 discenda
1516 2350 1936 2411 prOposnerunt.
1989 2344 2066 2395 Ac
2103 2341 2377 2409 mihiqui-

800 2435 924 2484 dem
986 2447 1119 2485 sane
1181 2432 1327 2485 utilis
1391 2432 1477 2486 hic
1540 2433 1693 2487 labor
1746 2434 1976 2495 videtur,
2033 2431 2078 2485 si
2131 2448 2236 2485 non
2278 2447 2380 2484 ca:-

803 2524 939 2577 teris
978 2524 1249 2585 omnibus.
1294 2536 1557 2592 qu0tquot
1596 2525 1645 2577 in
1690 2526 1910 2578 medica:
1948 2525 2081 2579 artis
2118 2540 2275 2577 usum
2300 2534 2379 2576 at-

799 2628 906 2682 que
966 2616 1479 2682 contemplationem
1538 2617 1798 2670 hactenus
1864 2615 2041 2669 collati
2103 2626 2266 2680 sunt;
2323 2627 2378 2669 at

800 2719 945 2762 certe
990 2723 1102 2775 prie
1143 2711 1425 2777 plurimis;
1476 2710 1635 2779 idque
1682 2710 1765 2764 vel
1828 2726 1893 2765 eo
1955 2711 2195 2774 nomine,
2238 2710 2378 2777 quod

802 2814 911 2854 non
969 2804 1255 2869 perspicue
1296 2813 1504 2853 tantum
1559 2818 1653 2855 sua
1709 2804 1904 2867 tradat,
1950 2802 2189 2869 nihilque
2247 2816 2383 2870 pra:-

802 2890 1088 2955 termittat,
1134 2892 1227 2946 sed
1278 2906 1467 2944 eorum
1537 2895 1696 2945 etiam
1749 2909 1870 2960 qua:
1942 2892 2213 2960 congessit
2267 2892 2382 2959 ple-

804 2997 971 3049 raque
1005 2984 1170 3036 variis
1204 2986 1425 3035 vocibus
1455 2982 1770 3036 ellerantur.
1806 2983 1958 3039 Unde
1986 2984 2030 3037 si
2083 2984 2210 3051 quid
2242 2982 2384 3033 forte

802 3075 1087 3128 obscurius
1141 3075 1227 3127 hic
1281 3085 1364 3126 est
1423 3078 1490 3128 ab
1550 3076 1733 3144 aliquo
1789 3076 2075 3143 prolatum,
2144 3074 2195 3125 id
2259 3088 2381 3125 mox

804 3180 901 3233 per
949 3165 1177 3218 aliorum
1225 3165 1643 3233 explicationem
1708 3168 2032 3219 declaratur.
2093 3165 2270 3229 Quare
2320 3164 2382 3214 ad

806 3256 1087 3309 medicina:
1144 3258 1380 3310 studiuin
1410 3272 1531 3311 sese
1589 3258 1983 3326 applicantibus
2039 3268 2230 3308 auctor
2285 3268 2384 3319 ego

2474 2068 2672 2137 χρόνῳ,
2705 2070 3025 2139 προτερεύει
3048 2070 3105 2123 δὲ
3126 2074 3193 2141 τῇ
3224 2072 3403 2143 χρείᾳ,
3431 2072 3527 2126 ἆτε
3558 2073 3632 2142 μὴ
3666 2074 3807 2143 μόνα
3834 2074 3939 2126 ὅσα
3963 2074 4056 2125 Γα-

2474 2157 2631 2227 ληνὸς
2662 2159 2837 2228 ὀρθῶς
2869 2158 3075 2229 ἔγραψε
3105 2161 3460 2231 περιέχουσα,
3484 2160 3621 2213 ἀλλὰ
3649 2161 3744 2213 καὶ
3782 2161 3886 2214 ὃσα
3913 2159 4057 2227 αὐτῷ

2479 2248 2579 2319 μὲν
2613 2253 2887 2319 παρεῖται,
2916 2251 3098 2313 ἄλλοις
3119 2251 3174 2304 δὲ
3199 2252 3278 2314 είς
3306 2251 3654 2304 διδασκαλίαν
3684 2250 4055 2319 προ-τέθειται.

2477 2342 2585 2393 Καί
2610 2343 2675 2408 γέ
2705 2361 2791 2412 μοι
2820 2343 2963 2396 δοκῶ
2979 2344 3027 2375 ⁵³
3053 2344 3410 2413 χρησιμεύειν
3438 2343 3537 2414 τὴν
3564 2344 3799 2413 σπουδὴν
3828 2343 4057 2412 ταύτην,

2479 2434 2565 2486 ἵνα
2617 2436 2690 2503 μὴ
2742 2435 2915 2502 λέγων
2948 2436 3137 2487 πασῶν
3164 2426 3274 2486 τῶν
3306 2435 3481 2488 ἄλλων
3510 2437 3630 2488 ὅσαι
3677 2437 3758 2496 εἰς
3808 2438 4059 2505 ίατριιιὴν

2479 2523 2668 2593 χρείαν
2698 2541 2757 2574 τε
2803 2525 2897 2576 καὶ
2928 2524 3160 2591 Θεωρίαν
3202 2524 3617 2595 κατεϐλήθησαν
3656 2529 4058 2596 πραγματεῖαι,

2479 2616 2617 2669 ἀλλὰ
2646 2617 2867 2678 παντως
2897 2632 2961 2683 γε
2986 2616 3094 2667 τῶν
3128 2616 3389 2668 πλειόνων
3418 2615 3495 2686 τῷ
3523 2633 3583 2667 τε
3610 2616 3795 2683 σαφῶς
3809 2616 3856 2647 ³⁸
3883 2618 4057 2683 ἀπηγ-

2480 2711 2669 2778 γέλθαι
2696 2713 2763 2762 τὰ
2794 2711 3187 2779 ἀπηγγελμένα
3210 2752 3225 2773 ,
3258 2711 3351 2762 καὶ
3379 2709 3456 2779 τῷ
3490 2709 3658 2779 μηδὲν
3692 2709 4059 2779 παραλιπεῖν,

2482 2803 2574 2854 καὶ
2601 2801 2677 2869 τῷ
2713 2804 2916 2867 φωναῖς
2945 2800 3221 2869 διαφόροις
3258 2800 3328 2852 τὰ
3358 2800 3529 2852 πλείω
3555 2799 3663 2853 τῶν
3694 2803 4062 2869 συντεταγμέ-

2481 2911 2588 2945 νων
2617 2892 2868 2962 ρηθῆναι,
2902 2893 2959 2957 ἐξ
2986 2885 3060 2944 ὧν
3090 2895 3181 2943 καὶ
3209 2893 3263 2944 εἴ
3286 2909 3339 2943 τι
3367 2893 3572 2959 ἀσαφὲς
3600 2893 3655 2942 ἐν
3683 2892 3903 2955 τούτοις
3939 2909 4063 2944 συν-

2484 2985 2584 3053 έϐη
2631 2985 2742 3037 τινὶ
2786 2985 3037 3054 ῥηθῆναι,
3071 2985 3158 3037 διὰ
3188 2985 3287 3053 τῆς
3314 2986 3488 3039 ἄλλων
3503 2987 3549 3016 ⁸⁸
3578 2985 3937 3049 ἁναπτύξεως
3971 3002 4062 3037 σα-

2486 3076 2788 3144 φηνίςεται.
2814 3077 2921 3128 Kai.
2953 3077 3031 3147 τῷ
3057 3093 3119 3143 γε
3156 3077 3403 3145 ἰατρικὴν
3436 3077 3671 3144 μετιόντι
3699 3076 3842 3127 κατὰ
3862 3077 4064 3143 ταύτην

2484 3171 2659 3236 ἔγωγε
2694 3168 3086 3238 παραινέσαιμ’
3112 3169 3176 3221 ἂν
3202 3169 3300 3237 τὴν
3321 3168 3367 3198 ³⁸
3406 3168 3787 3237 πραγματείαν
3814 3170 3919 3238 τὴν
3952 3170 4064 3222 δια-

2485 3262 2680 3330 τριϐὴν
2712 3261 2795 3311 ὅτι
2822 3260 3057 3329 μάλιστα
3086 3260 3375 3311 ποιεῖσθαι.
3397 3260 3555 3313 Ἀλλὰ
3578 3260 3804 3328 τοιαύτη
3838 3261 3942 3329 μὲν
3973 3260 4066 3313 καὶ

805 3347 932 3410 sim,
995 3358 1053 3399 ut
1114 3348 1215 3399 hoc
1266 3348 1606 3415 potissimum
1662 3364 1798 3413 opus
1860 3348 2077 3399 assidue
2136 3353 2373 3397 versent.

2482 3357 2515 3425 ἡ
2542 3354 2770 3422 δευτέρα⁸
2796 3352 3121 3423 ὐρειὸασὶῳ
3138 3354 3182 3381 ⁸⁷
3216 3352 3315 3420 τῆς
3350 3354 3595 3422 ίατρικῆς
3625 3354 4065 3425 μεταχειρήσεώς

805 3436 978 3505 Atque
1028 3439 1337 3506 hujusmodi
1382 3440 1599 3507 quidem
1653 3437 1888 3494 Oribasii
1943 3438 2110 3490 altera
2169 3436 2254 3489 illa
2303 3446 2385 3488 est

809 3528 1030 3583 medica:
1090 3532 1427 3584 tractationis
1461 3541 1513 3585 et
1545 3531 2020 3600 contemplationis
2075 3528 2347 3583 collectio.

1469 3623 1748 3676 CCXVIII.

1066 3712 1319 3783 Ejusdem
1368 3714 1671 3783 Compeudii
1706 3721 1771 3767 ad
1808 3714 2144 3771 Eustathium

1368 3786 1534 3851 ﬁlium
1581 3785 1700 3837 libri
1745 3802 1795 3839 ι.

877 3872 1119 3928 Tertium
1168 3876 1295 3929 item
1350 3880 1416 3927 ah
1476 3880 1664 3929 eodem
1727 3890 1810 3930 est
1864 3880 2199 3934 elaboratum
2224 3896 2383 3950 Opus,

806 3978 865 4019 ut
929 3968 1155 4035 ipsemet
1205 3969 1257 4020 in
1321 3970 1583 4036 prommio
1648 3977 1899 4023 testatur.
1952 3972 2184 4026 Secundi
2243 3975 2385 4027 iilins

805 4062 1216 4129 Compendium,
1290 4060 1572 4113 Eustathio
1628 4062 1738 4114 ﬁlio
1798 4064 2141 4130 inscriptum,
2200 4080 2263 4119 ac
2317 4066 2379 4118 li-

808 4152 919 4204 bris
968 4167 1157 4203 novem
1214 4151 1544 4215 distinctum,
1589 4155 1781 4220 quibus
1822 4170 1882 4205 ea
1925 4155 2233 4208 morborum
2277 4172 2387 4210 mc-

808 4242 1106 4295 dicanienta
1167 4257 1559 4311 proponuntur,
1623 4260 1743 4312 qua:
1796 4246 1970 4311 parari
2034 4248 2193 4300 facile
2256 4263 2386 4316 pos-

810 4335 938 4394 sint,
1008 4334 1063 4386 in
1122 4347 1477 4401 promptuque
1536 4339 1663 4388 sint.
1740 4336 2004 4389 Caeterum
2084 4340 2375 4409 chirurgia:

809 4425 1052 4491 speciem
1108 4441 1325 4478 omnem
1394 4427 1539 4479 hisce
1590 4428 1947 4495 collectaneis,’
1980 4429 2194 4494 penitus
2248 4444 2386 4497 pm-

808 4516 1058 4568 termisit.
1117 4517 1297 4584 Itaque
1360 4517 1492 4568 liber
1523 4517 1608 4570 hic
1654 4518 1972 4571 memoriam
2003 4521 2292 4574 excitando
2329 4522 2382 4574 in

808 4610 874 4660 iis
923 4608 1011 4675 qui
1075 4610 1125 4660 in
1159 4609 1379 4662 medica:
1435 4610 1566 4661 artis
1619 4609 2005 4663 exercitatione
2037 4626 2099 4664 ac
2129 4613 2376 4679 specula-

2483 3460 2544 3497 τε
2569 3444 2663 3497 καὶ
2693 3442 2928 3512 θεωρίας
2962 3443 3275 3511 συναγωγή.

3211 3622 3357 3675 ΣΙΗ¹.

2491 3712 2606 3769 Τοῦ
2633 3712 2821 3767 αὐτοῦ
2847 3713 3145 3781 Συντομία
3182 3712 3293 3780 τῆς
3336 3712 3613 3780 δευτέρας
3646 3716 4070 3782 Πραγματεία(-

2714 3786 2862 3851 πρὸς
2880 3785 3219 3837 Εὑστάθιον
3256 3784 3410 3847 υἱὸν,
3441 3785 3511 3836 ὲν
3541 3786 3744 3852 λόφοις
3766 3786 3841 3839 θ’.

2558 3875 2730 3944 Τρίτη
2756 3875 2814 3928 δὲ
2846 3875 2995 3945 αὑτῷ
3020 3874 3460 3939 διεσπούδασται,
3492 3876 3568 3937 ὡς
3607 3877 3702 3929 καὶ
3731 3876 3901 3939 αὐτὸς
3930 3878 4069 3930 ἐκεῖ·

2488 3988 2579 4029 νος
2608 3968 3102 4038 προοιμιαζόμενος
3132 3968 3300 4036 λέγει,
3337 3969 3630 4036 συντομίαν
3652 3969 3806 4036 αὑτῷ
3833 3970 3938 4038 τῆς
3961 3970 4072 4022 53o-

2486 4063 2649 4131 τέρας
2673 4062 3003 4130 περιέχουσα
3032 4062 3437 4131 πραγματείας.
3470 4060 3749 4130 Εὑσταθίῳ
3772 4060 3829 4112 δὲ
3862 4062 3948 4131 τῷ
3974 4062 4071 4130 υίῴ

2486 4154 2547 4205 τὸ
2578 4151 2781 4221 βιελίον
2806 4152 3098 4217 ἁναφωνεῖ,
3122 4151 3164 4201 θ’
3190 4152 3521 4220 διῃρημένον
3548 4153 3745 4218 λόγοις,
3767 4153 3825 4203 ἐν
3851 4148 3939 4215 οἷς
3960 4154 4070 4204 ἐστι

2486 4244 2595 4296 τῶν
2620 4242 2808 4295 παθῶν
2837 4244 3063 4311 ἰάματα,
3094 4243 3193 4294 ὅσα
3226 4243 3286 4293 τὸ
3313 4243 3630 4310 εὐπόριστον
3658 4243 3751 4294 καὶ
3779 4244 4072 4313 πρόχειρον

2489 4335 2843 4388 ὑποτίθεται·
2872 4336 2935 4386 τὸ
2971 4337 3151 4403 μέντοι
3185 4335 3561 4403 χειρουργικὸν
3606 4332 3742 4393 εἷὸος
3794 4337 4072 4396 παντελῶς

2487 4424 2636 4493 αὐτῴ
2687 4425 2827 4477 κατὰ
2857 4424 3080 4491 *ταύτην
3133 4425 3230 4492 τὴν
3276 4424 3598 4493 συναγωγὴν
3632 4429 3916 4494 παρεῖται.
3950 4426 4075 4496 [ὄιὶο

2492 4515 2583 4587 8.]
2612 4516 2765 4569 Ἐστι
2815 4515 2873 4567 δὲ
2919 4516 2979 4566 τὸ
3024 4514 3197 4583 παρὸν
3228 4515 3427 4583 βιϐλίον
3458 4518 3591 4585 πρὸς
3634 4517 3734 4584 μὲν
3761 4518 4072 4587 ἀνάμνησιν

2487 4607 2601 4666 τοῖς
2631 4604 2772 4657 κατά
2796 4606 2894 4665 τὰς
2929 4606 3177 4673 ἰατρικὰς
3208 4603 3433 4673 πράξεις
3463 4621 3521 4655 τε
3555 4607 3649 4658 καὶ
3682 4606 3921 4673 Θεωρίας
3954 4624 4074 4658 συν-

810 4699 954 4752 tione
994 4700 1102 4766 jam
1149 4700 1345 4752 versati
1380 4710 1525 4762 sunt,
1580 4716 1687 4752 non
1748 4700 2012 4753 modicam
2074 4703 2231 4755 aifert
2288 4714 2378 4757 aut

2490 4702 2821 4770 ησκημένοις
2850 4700 2911 4751 οὐ
2947 4698 3157 4768 φαύλην
3190 4697 3429 4765 παρέχον
3457 4697 3557 4766 τὴν
3579 4698 3789 4765 χρείαν,
3820 4700 3919 4750 καὶ
3947 4701 4074 4768 μᾶλ-

808 4806 1000 4858 parum
1046 4802 1349 4858 promptam
1390 4790 1695 4844 utilitatem.
1724 4789 1790 4842 lis
1816 4791 1962 4856 item,
2015 4791 2106 4860 qui
2156 4795 2386 4860 primum

808 4884 874 4936 ad
908 4886 1044 4935 artis
1083 4886 1239 4951 hujus
1286 4884 1651 4949 cognitionem
1711 4885 1810 4936 hoc
1874 4886 2197 4953 compendio
2256 4901 2380 4955 per-

809 4976 995 5028 venire
1043 4990 1102 5029 se
1156 4989 1314 5042 posse
1381 4984 1621 5040 sperant,
1665 4976 1899 5027 dicerem
1947 4977 2093 5029 brevi
2143 4987 2384 5045 tempore

811 5081 916 5119 non
990 5067 1259 5119 modicum
1331 5066 1620 5116 allaturum
1694 5067 1977 5118 utilitatis:
2048 5068 2149 5119 nisi
2202 5079 2269 5119 ex
2319 5081 2383 5119 eo

809 5158 951 5226 quod
1014 5161 1267 5213 methodo
1326 5170 1531 5223 careat,
1592 5169 1647 5211 ct
1703 5159 1831 5211 nihil
1890 5159 2107 5213 definite
2144 5175 2374 5229 pronun-

814 5252 931 5315 tiet,
1006 5254 1269 5319 quosdam
1354 5266 1519 5319 parva
1595 5266 1771 5303 rerum
1828 5254 2019 5305 harum
2086 5254 2381 5306 instructos

2488 4790 2578 4841 λον
2612 4790 2937 4857 πρόχειρον
2975 4790 3088 4849 τοῖς
3133 4787 3179 4840 δ’
3210 4789 3274 4838 ἐκ
3320 4786 3553 4854 πρώτων
3583 4790 3663 4849 εἰς
3695 4788 3941 4855 μάθησιν
3977 4791 4073 4855 τῆς

2486 4881 2682 4949 τέχνης
2709 4880 2797 4931 διὰ
2828 4880 2989 4946 τῆσδε
3032 4879 3131 4947 τῆς
3176 4878 3447 4947 συνόψεως
3476 4879 3649 4930 ἐλθεῖν
3680 4880 3976 4947 ὴλπικόσιν
4003 4879 4073 4932 εἷ-

2484 4994 2584 5029 πον
2620 4977 2686 5029 ἃν
2733 4978 2809 5038 ὡς
2844 4978 2931 5028 ἐπ’
2962 4977 3141 5042 ὀλίγον
3192 4977 3277 5044 εἴη
3308 4976 3369 5027 τὸ
3404 4975 3677 5037 λυσιτελὲς
3720 4979 3991 5045 παρέχον,
4033 4987 4074 5031 εί

2485 5070 2558 5139 μὴ
2588 5070 2647 5120 τὸ
2677 5070 2795 5119 κατ’
2822 5070 2992 5136 αὐτὴν
3036 5068 3297 5136 ἁμέοοδόν
3342 5085 3401 5118 τε
3423 5069 3468 5098 ⁵⁸
3502 5072 3593 5119 καὶ
3622 5069 4075 5137 ἀπροσδιὸριστοι

2490 5160 2614 5218 τοὺς
2650 5159 3003 5225 ἀπειρότερον
3031 5160 3160 5226 ’περὶ
3199 5158 3370 5210 ταῦτα
3396 5158 3778 5225 διακειμένους
3815 5162 3910 5212 καὶ
3939 5162 4075 5212 ἐτοι-

2495 5252 2723 5320 μότερον
2752 5251 2888 5321 πρὸς
2916 5254 3013 5313 τὰς
3039 5251 3333 5321 θεραπείας
3380 5252 3692 5321 χωροῦντας
3734 5254 3817 5317 είς
3846 5255 3945 5317 τὰς
3977 5270 4071 5322 με-

2131 5390 2361 5444 ἾΑιῖΙᾸΞ
2386 5388 2787 5445 LECTIONES.

880 5485 926 5515 ⁵³
948 5483 1387 5555 κδοκῷᾙίόνιηδδϐ
1422 5485 1702 5555 legendum
1734 5486 1899 5537 δοκεῖ.

1976 5486 2019 5515 ⁵⁸
2054 5485 2223 5553 σαφές
2261 5502 2320 5548 ς.

814 5554 857 5587 ³⁷
915 5553 1242 5623 Ὀριόασίων
1264 5556 1331 5609 Α.
1410 5553 1455 5585 ⁸⁸
1484 5572 1544 5606 τε
1611 5558 1733 5609 alltl-
1767 5556 1831 5608 Αο

2424 5486 2469 5515 ⁵⁸
2505 5483 2705 5556 ἄλλων]
2748 5484 2858 5537 τῶν
2891 5484 3064 5538 ἄλλων
3102 5499 3178 5537 rc.
3217 5483 3282 5537 Α.

3379 5484 3424 5514 ⁵⁸
3456 5484 3554 5554 τὴν
3594 5494 3713 5552 post
3739 5484 3808 5538 ἂν
3856 5487 3980 5539 add.
4008 5488 4073 5538 Α.

2353 5669 2583 5724 ΝΟΤᾸΞ.

910 5763 1028 5834 (24)
1061 5764 1297 5829 Quorum
1348 5768 1505 5821 hodie
1547 5766 1933 5833 septemdecim
2000 5773 2204 5817 tantum
2268 5764 2457 5818 Latine
2487 5774 2725 5828 exstant,
2766 5766 2939 5832 primo
2993 5780 3205 5833 quoque
3265 5779 3330 5817 eo
3378 5764 3672 5829 volumine,
3736 5774 3793 5815 ut
3859 5765 4073 5833 opinor,

813 5838 1031 5891 amisso.
