4196 6442
150 409 252 473 ’113

1198 393 1720 456 BIBLIOTHECA.
1754 416 1819 429 -
1841 392 2003 452 COD.
2027 389 2331 451 CCXVIII.

3279 376 3385 445 714

151 523 346 589 γίστας
376 515 578 587 βλάϐας
612 512 719 565 τῶν
752 509 1085 581 καμνόντων,
1118 504 1231 558 ἐσθ’
1258 505 1345 557 ὅτε
1392 504 1449 556 δὲ
1491 503 1585 554 καὶ
1612 498 1721 553 τῶν
1746 530 1760 561 λ

1781 500 2178 568 λειμενίθηιίε,
2249 494 2442 566 175a
2499 502 2557 549 et
2613 506 2768 563 aquo
2842 500 3021 546 tamen
3090 494 3389 561 promptius

152 612 529 678 ὑγιαινόντων,
556 606 644 657 ἐπ’
674 602 850 657 αὐτῶν
876 601 982 653 τῶν
1012 600 1187 669 ἔργων
1214 592 1354 648 εἶδον
1384 590 1724 661 συνωθουμέ-

1830 592 1898 647 ad
1926 591 2236 647 curationes
2264 586 2664 658 aggredientes,
2696 586 2750 639 in
2778 585 2895 653 ipso
2939 584 3196 640 vidissem
3225 598 3389 653 opere

152 677 295 760 νους.
332 697 480 767 Πλὴν
518 694 629 747 ἀλλ’
660 693 716 744 ἓν
752 709 815 757 γε
855 692 965 751 τοῖς
990 688 1301 757 εἰρημένοις
1333 683 1513 750 λόγοις
1549 681 1592 733 θ’
1617 680 1726 733 τῶν

1831 683 2077 753 compelli
2132 682 2199 735 ad
2256 680 2518 734 maximas
2572 691 2742 732 noxas
2800 687 2909 730 tum
2940 677 3120 745 aegris,
3155 685 3266 730 tum
3308 678 3391 730 in-

152 799 192 844 o'
222 790 447 860 βιϐλίων
481 786 578 856 τὴν
611 784 830 851 σύνοψιν
863 780 1213 851 περιγράφει.

230 1054 349 1106 Καὶ
391 1053 447 1105 ὲν
492 1051 591 1122 μὲν
622 1049 699 1120 τῷ
730 1056 777 1103 α’
809 1046 1165 1117 διαλαμϐάνει
1215 1045 1344 1115 περί
1377 1061 1435 1097 τε
1466 1044 1567 1113 τῆς
1592 1041 1734 1095 κατὰ

161 1146 227 1198 τά
255 1144 538 1213 γυμνάσια
575 1140 928 1212 προφυλακῆς
977 1140 1072 1191 καὶ
1117 1139 1293 1191 αὐτῶν
1319 1138 1427 1189 τῶν
1445 1137 1491 1167 ⁵⁵
1522 1151 1735 1203 γυμνα-

164 1238 315 1295 σίων,
347 1234 630 1287 κενώσεών
665 1249 726 1285 τε
755 1230 984 1284 καθόλου
1008 1229 1101 1281 καὶ
1133 1228 1228 1281 ἐπὶ
1284 1228 1503 1298 μέρους,
1534 1225 1641 1279 τῶν
1676 1240 1735 1276 τε

164 1328 225 1379 δι’
248 1326 497 1387 ἐπινοίας
523 1324 615 1376 καὶ
644 1325 785 1375 ὅσων
821 1323 855 1389 ὴ
893 1321 1053 1389 φύσις
1079 1320 1245 1391 κυρία
1265 1334 1277 1349 ·
1312 1318 1436 1387 περί
1473 1334 1533 1369 τε
1560 1316 1737 1385 ἀέρων

166 1416 263 1467 καὶ
296 1414 559 1483 λουτρῶν,
590 1409 871 1478 αὐτοφυῶν
904 1426 963 1461 τε
988 1410 1083 1463 καὶ
1128 1410 1239 1461 τῶν
1283 1409 1347 1461 ὲκ
1377 1408 1570 1475 τέχνης
1592 1421 1605 1436 ⁸
1645 1408 1740 1460 καλΙ

168 1507 301 1572 περὶ⁵
352 1504 610 1576 ἱδρώτων,
643 1506 729 1557 ναὶ
749 1504 795 1534 ⁵⁸
825 1502 889 1573 δὴ
923 1502 1017 1555 καὶ
1062 1502 1193 1570 περὶ
1239 1498 1738 1565 καταπλασμάτων,

169 1597 300 1666 περί
330 1616 389 1649 τε
427 1597 522 1665 τῆς
553 1598 631 1659 είς
669 1594 847 1649 έλαιον
886 1596 979 1647 καὶ
1005 1593 1281 1662 ύδρέλαιον
1308 1592 1615 1660 έμϐάσεως,
1647 1591 1739 1643 καλ⁵

166 1688 269 1740 ὅσα
317 1687 380 1738 τὸ
428 1687 600 1755 δέρμα
644 1684 907 1738 δάκνοντα
938 1682 971 1752 ἢ
1001 1681 1173 1743 ἄλλως
1228 1680 1583 1749 διαφοροῦντα
1634 1678 1744 1730 τῶν

169 1778 531 1849 χρονιζόντων
582 1776 770 1829 παθῶν
817 1775 930 1843 τὴν
975 1771 1540 1842 μετασυγκριτικὴν,
1568 1772 1645 1833 ὡς
1678 1773 1743 1824 ἂν

172 1870 515 1943 μεθοδικὸς⁶¹
544 1869 675 1941 φαίη
705 1870 867 1939 ἀνὴρ,
896 1864 1263 1937 ἀπεργάζεται
1296 1864 1612 1934 θεραπείαν.

272 2162 368 2213 Ἐν
412 2160 470 2211 δὲ
506 2158 583 2228 τῷ
637 2157 681 2228 β’
708 2156 838 2229 περί
875 2172 934 2209 τε
969 2156 1069 2225 τῆς
1115 2154 1398 2223 δυνάμεως
1424 2153 1531 2206 τῶν
1563 2152 1749 2208 ἁπλῶν

174 2251 538 2320 διαλαμϐάνει
568 2250 896 2319 φαρμάκων,
931 2248 1025 2300 καὶ
1058 2247 1187 2316 περὶ
1234 2246 1333 2314 τῆς
1362 2245 1564 2297 τούτων
1594 2244 1747 2296 ἐκλο-

176 2344 307 2411 γῆς,
353 2344 447 2395 καλ⁵
477 2341 604 2409 περὶ
633 2338 978 2406 κατασκευῆς
1002 2338 1111 2391 τῶν
1136 2355 1196 2389 τε
1229 2337 1455 2389 άκόπων
1485 2335 1751 2405 καλουμέ-

178 2454 289 2488 νων
310 2432 631 2504 χρισμάτων
657 2432 751 2484 καὶ
785 2431 1170 2499 ὲμπλάστρων,
1196 2431 1287 2482 καὶ
1320 2429 1447 2497 περὶ
1476 2428 1750 2495 σταθμῶν,

181 2528 315 2596 περί
350 2542 408 2577 τε
448 2526 555 2576 τῶν
593 2523 808 2592 κοπτῶν
839 2524 1186 2591 καλουμένων
1213 2522 1631 2590 πλατυσμάτων,
1660 2519 1753 2571 καὶ

182 2621 318 2686 περὶ
362 2618 607 2686 ἑψήσεως
648 2616 755 2667 τῶν
817 2614 1234 2684 ἐμϐαλλομένων
1290 2615 1371 2675 εἰς
1414 2614 1513 2674 τὰς
1543 2612 1753 2681 ἐμπλά-

185 2726 390 2779 στρους
422 2698 552 2779 [288
578 2706 673 2777 IL]
698 2706 1020 2775 φαρμάκων.

259 2898 337 2950 Τὸ
391 2898 451 2950 δὲ
490 2903 540 2964 γ’
575 2896 849 2960 συνθέσεις
896 2896 1043 2965 αὑτῷ
1070 2896 1374 2967 φαρμάκων
1404 2897 1755 2951 παντοδαπῶν

184 2988 458 3057 περιέχει.

260 3080 336 3129 Τὸ
365 3078 422 3129 δὲ
450 3078 490 3128 δ’
525 3078 653 3146 περὶ
677 3076 897 3146 τροφῶν
934 3075 1082 3128 ἐστὶν
1128 3074 1276 3144 αὐτῷ
1329 3077 1756 3145 συντεταγμένον

1834 778 2047 830 terdum
2100 775 2263 827 etiam
2317 773 2467 827 sanis
2540 767 2868 824 inferendas.
2938 766 3138 822 Verum
3201 782 3393 822 novent

1837 870 1992 923 hisce
2047 868 2200 922 libris
2257 866 2467 921 illorum
2514 862 2851 933 septuaginta
2892 861 3270 933 compendium
3314 861 3395 917 ln-

1836 958 2022 1014 cludit.

1908 1047 2092 1102 Primo
2124 1047 2236 1118 (25)
2259 1061 2387 1116 ergo
2448 1046 2590 1101 libro
2656 1044 2873 1099 disserit
2920 1044 2987 1098 de
3039 1043 3288 1099 cautione
3344 1044 3397 1096 in

1839 1140 2083 1211 corporis
2134 1138 2613 1194 exercitationibus
2669 1136 2994 1200 adhibenda,
3063 1146 3119 1190 et
3160 1136 3227 1190 de
3271 1134 3403 1203 ipsis

1841 1230 2340 1292 exercitationibus,
2378 1231 2444 1283 de
2480 1228 2919 1282 evacuationibus
2950 1242 3071 1280 cum
3127 1228 3401 1289 universe,

1844 1330 1955 1374 tum
1983 1321 2284 1390 singulatim
2325 1338 2339 1375 :
2368 1330 2425 1373 et
2454 1319 2539 1384 iis,
2571 1318 2654 1373 vel
2684 1334 2778 1388 per
2804 1334 2865 1373 ea
2893 1334 3012 1388 qua:
3033 1318 3252 1387 ingenio
3278 1328 3403 1371 sunt

1842 1413 2167 1481 excogitata,
2217 1412 2301 1465 vel
2335 1427 2431 1481 per
2471 1425 2535 1465 ea
2579 1426 2806 1479 quorum
2839 1411 3051 1466 domina
3083 1422 3269 1464 natura
3300 1420 3402 1466 est.

1846 1501 1926 1555 De
1982 1517 2110 1557 aere
2154 1502 2220 1556 ad
2277 1503 2410 1567 haec,
2458 1511 2513 1556 et
2567 1502 2774 1557 balneis
2828 1511 2936 1557 tam
2976 1503 3189 1570 nativis,
3244 1518 3405 1572 quant

1848 1594 2175 1650 artificiosis.
2246 1592 2377 1650 Item
2417 1595 2484 1649 de
2524 1595 2809 1649 sudoribus
2845 1604 2903 1649 et
2962 1595 3404 1663 cataplasmatis:

1848 1688 1915 1742 de
1942 1687 2044 1742 olei
2090 1688 2245 1753 meri,
2296 1695 2353 1741 et
2401 1688 2503 1743 olei
2552 1703 2690 1757 aqua
2748 1688 2903 1743 diluti
2963 1689 3138 1744 labro.
3179 1688 3305 1762 [De
3341 1690 3408 1744 iis

1851 1779 2261 1851 denique]quae
2290 1790 2466 1834 cutem
2511 1780 2770 1845 rodendo,
2826 1790 2916 1835 aut
2966 1782 3156 1836 saltem
3215 1782 3410 1836 dissol-

1781 1864 1826 1920 B
1854 1872 2050 1935 vendo,
2105 1873 2249 1926 illam
2292 1872 2669 1927 diuturnorum
2718 1874 3028 1928 morborum
3075 1875 3409 1929 curationem

1848 1965 2104 2030 eﬂiciunt,
2166 1979 2326 2034 quam
2360 1966 2830 2037 metasgncriticam
2873 1966 3163 2022 methodici
3227 1967 3411 2037 appel-

1848 2056 1980 2108 lant.

1924 2148 2183 2203 Seeundo
2242 2148 2381 2204 libro
2426 2148 2540 2219 (26)
2567 2149 2634 2204 de
2662 2149 2987 2216 simplicium
3053 2150 3415 2205 medicamen-

1849 2250 2024 2294 torum
2074 2240 2334 2295 facultate
2380 2251 2593 2305 tractat,
2677 2256 2973 2312 eorumque
3041 2244 3292 2299 delectu:
3350 2247 3413 2298 de

1850 2342 2131 2401 apparatu,
2184 2349 2304 2387 cum
2337 2334 2559 2388 ἀκόπων
2602 2334 2714 2403 (27)
2746 2349 2864 2403 quae
2922 2338 3270 2391 nominantur
3315 2354 3415 2391 un-

1851 2436 2198 2492 guentorum,
2249 2434 2359 2477 tum
2399 2424 2841 2492 emplastrorum.
2874 2426 2997 2481 Post
3031 2428 3144 2482 haec
3179 2430 3245 2484 de
3280 2446 3417 2501 pon-

1851 2517 2104 2570 deribus:
2162 2518 2226 2569 de
2274 2515 2395 2569 latis
2446 2518 2775 2586 emplastris,
2837 2534 2957 2588 quae
3031 2520 3210 2573 κοπτὰ
3250 2519 3271 2594 [
3305 2523 3416 2575 sive

1853 2608 2124 2679 contusa]
2170 2610 2460 2677 appellant,
2522 2611 2698 2681 deque
2759 2614 3001 2666 coctione
3059 2615 3417 2669 medicamen.

1856 2707 2055 2759 torum,
2096 2713 2218 2768 quae
2273 2700 2339 2753 ad
2385 2701 2663 2770 emplastri
2724 2704 3115 2759 coniectionem
3192 2708 3419 2761 commi-

1853 2800 2090 2847 εοοηιυτ.

1928 2884 2113 2939 Tertio
2180 2887 2317 2942 libro
2399 2888 2826 2956 compositiones
2900 2884 3414 2943 medicamentorum

1857 2980 2032 3031 omnis
2081 2981 2294 3047 generis
2352 2982 2712 3049 persequitur.

1930 3072 2163 3137 Quartus
2195 3071 2305 3140 (28)
2324 3074 2386 3126 de
2415 3074 2787 3126 alimentorum
2813 3071 3085 3139 facultate,
3133 3074 3304 3144 deque
3326 3074 3418 3128 ho.

184 3168 496 3237 δυνάμεως,
521 3169 613 3219 καὶ
661 3170 789 3236 περὶ
823 3169 922 3235 τῆς
949 3168 1153 3220 τούτων
1188 3169 1498 3233 σκευασίας,
1536 3169 1663 3237 περί
1694 3186 1753 3219 τε

1784 3197 1827 3255 c
1862 3179 1977 3215 rum
1996 3174 2271 3232 apparatu,
2294 3165 2740 3233 conscriptuszde
2788 3164 2958 3218 mulso
3002 3165 3150 3226 item,
3189 3166 3423 3218 exteris-

188 3258 527 3327 μελικράτου
572 3258 666 3309 καὶ¹
712 3259 973 3326 πομάτων
997 3258 1190 3323 ἄλλων,
1230 3258 1329 3323 ὅσα
1368 3260 1625 3327 χρήσιμα
1649 3260 1758 3319 τοῖς

184 3348 563 3419 ἀρρωστοῦσι,
604 3349 731 3419 περί
776 3366 838 3401 τε
879 3348 1335 3417 γαλακτοποσίας,
1369 3350 1465 3402 καὶ
1514 3348 1594 3401 ἔτι
1634 3348 1762 3419 περ)⁵

186 3442 429 3494 ὑδάτων.

264 3533 341 3583 Τὸ
382 3532 440 3583 δὲ
479 3530 522 3583 ε’
546 3531 646 3582 ὅσα
690 3547 751 3583 τε
769 3532 814 3561 ⁶¹
838 3534 957 3594 ταῖς
997 3531 1259 3595 κυούσαις
1308 3532 1593 3601 συμϐαίνει
1623 3532 1763 3586 διδάο

190 3637 342 3681 σκει,
379 3619 587 3671 δίαιτάν
616 3635 675 3670 τε
722 3619 922 3684 αὐτῶν,
969 3621 1063 3672 καὶ
1111 3624 1289 3673 ὁποῖαι
1322 3622 1379 3673 αἱ
1409 3621 1607 3684 τιτθαὶ,
1639 3622 1765 3690 περί

188 3728 253 3762 τε
294 3709 526 3777 κομιδῆς
556 3709 791 3770 παιδίου,
842 3711 935 3761 καὶ
972 3710 1072 3761 ὅσα
1132 3710 1289 3762 εἴωθε
1324 3710 1639 3779 συμϐαίνειν
1690 3710 1766 3781 τῷ

188 3799 371 3851 παιδί.
412 3799 547 3867 Περί
576 3816 635 3852 τε
667 3800 870 3864 κόπων,
907 3800 999 3864 οὓς
1026 3804 1169 3855 ποιεῖ
1184 3802 1229 3832 ⁸⁸
1259 3802 1327 3854 τὰ
1355 3802 1648 3871 γυμνάσια.
1672 3806 1767 3855 καὶ

187 3888 270 3946 ὧν
302 3893 409 3943 οὐκ
461 3891 576 3944 ἐστι
620 3892 804 3944 λαϐεῖν
860 3895 924 3946 ὲκ
980 3894 1074 3946 τοῦ
1122 3896 1446 3964 φαινομένου
1477 3896 1540 3948 τὸ
1573 3897 1763 3951 αἴτιον.

188 3984 307 4035 Καὶ
336 3983 467 4053 περὶ
518 3982 864 4052 στεγνώσεως
905 3984 1192 4054 δέρματος.
1231 3986 1502 4055 Γερόντων
1530 4004 1589 4039 τε
1627 3988 1767 4041 δίαι-

188 4091 296 4125 ταν
348 4073 610 4142 εὑρήσεις
655 4074 713 4125 ἐν
745 4075 943 4143 τούτῳ,
977 4076 1073 4128 καὶ
1101 4076 1201 4129 ὅσα
1227 4075 1321 4129 τοῦ
1354 4076 1600 4146 σώματος
1629 4078 1769 4131 κατὰ

190 4166 295 4235 τὴν
338 4166 663 4233 ἐπιφάνειαν
705 4167 1053 4237 συμπεσόντα
1092 4168 1258 4237 ἄχαρι
1308 4169 1404 4238 τὴν
1437 4170 1557 4239 ὄψιν
1606 4173 1765 4234 ποιεῖ,

189 4255 411 4308 τούτων
440 4256 761 4327 ἀπαλλαγὴν
784 4257 880 4311 καὶ
905 4257 1001 4326 τῆς
1049 4262 1408 4329 παρατροπῆς
1461 4261 1770 4331 ἐπανόρθω-

192 4364 305 4408 σιν,
336 4346 568 4398 ὀδόντων
598 4365 658 4399 τε
679 4348 947 4418 φυλακὴν,
979 4351 1073 4401 καὶ
1106 4349 1438 4420 βαρυηκοτας
1463 4353 1557 4405 καὶ
1572 4354 1768 4422 ἀχλύος

188 4440 470 4510 ὀμμάτων
515 4438 821 4509 διόρθωσιν,
851 4442 943 4495 καὶ
1002 4441 1104 4509 τῆς
1149 4443 1256 4495 άπὸ
1304 4443 1403 4511 τῆς
1452 4444 1769 4515 πλησμονῆς

1861 3269 1964 3323 que
1995 3256 2225 3322 potionis
2259 3256 2562 3324 generibus,
2594 3271 2713 3324 qua:
2761 3255 2973 3325 quidem
3039 3257 3427 3324 agrotantibus

1863 3346 2012 3400 utilia
2049 3348 2178 3401 sint.
2239 3348 2313 3401 De
2364 3348 2519 3401 lactis
2562 3349 2778 3415 insuper
2823 3359 2973 3416 potu,
3003 3362 3066 3402 ac
3100 3346 3330 3415 denique
3358 3346 3423 3402 de

1863 3439 2042 3507 aquis.

1934 3533 2164 3599 Quintus
2211 3531 2346 3587 liber
2372 3530 2507 3602 (29),
2541 3547 2660 3602 qua)
2715 3532 2949 3603 gravidis
2979 3547 3042 3586 ac
3090 3534 3422 3602 praegnanti-

1866 3625 1966 3679 bus
2008 3626 2280 3688 accidant,
2338 3627 2529 3690 tradit,
2577 3641 2877 3694 earumque
2948 3626 3167 3690 victum,
3201 3637 3254 3680 et
3288 3642 3423 3694 qua-

1866 3713 1944 3767 les
1978 3714 2214 3767 nutrices
2254 3712 2529 3781 eligendae.
2567 3713 2643 3768 De
2678 3712 2897 3767 infantis
2924 3713 3257 3780 educatione,
3288 3728 3425 3782 quae-

1865 3820 1968 3874 que
1997 3804 2047 3857 ei
2093 3805 2235 3859 artati
2290 3806 2534 3859 accidere
2593 3806 2788 3859 solent.
2826 3805 2896 3858 De
2937 3804 3250 3859 lassitudine
3303 3821 3424 3858 cum

1868 3899 1934 3952 ab
1968 3898 2356 3951 exercitatione
2402 3907 2548 3960 nata,
2599 3907 2708 3949 tum
2748 3911 2810 3949 ea
2855 3896 3009 3963 cujus
3058 3911 3221 3950 causa
3272 3906 3423 3949 este-

1870 3991 1983 4043 rius
2048 3990 2267 4043 minime
2300 4000 2548 4058 apparet:
2580 3988 2815 4057 itemque
2831 3987 2898 4043 de
2924 3988 3063 4042 cutis
3090 3989 3422 4043 astrictione.

1870 4079 2069 4132 Senum
2133 4094 2344 4148 quoque
2408 4079 2604 4132 victum
2647 4079 2733 4132 hic
2785 4080 3044 4146 reperias,
3071 4086 3125 4131 et
3168 4093 3427 4146 quaacun-

1870 4187 1976 4239 que
2037 4172 2249 4240 corpori
2314 4172 2650 4226 extrinsecus
2712 4170 3051 4224 advenientia
3112 4170 3429 4225 deformita-

1871 4268 1977 4312 tem
2036 4260 2348 4321 conciliant,
2412 4259 2711 4325 horumque
2766 4257 3137 4326 depulsionem
3186 4266 3429 4311 etcura—

1872 4352 2092 4405 tionem.
2154 4351 2399 4405 Dentium
2456 4362 2713 4419 przeterea
2744 4349 3068 4415 custodiam,
3095 4360 3148 4403 et
3188 4364 3307 4417 quae
3336 4363 3428 4399 au-

1871 4444 2049 4498 diendi
2109 4443 2471 4498 dimcultatem
2565 4454 2727 4513 atque
2793 4443 3070 4498 oculorum
3144 4443 3426 4510 caliginem

192 4528 413 4597 βλάϐης
443 4527 759 4597 θεραπείαν,
793 4530 1021 4599 άσχόλου
1052 4548 1112 4583 τε
1141 4530 1258 4599 βίου
1280 4531 1489 4587 δίαιταν
1511 4550 1523 4561 ·
1554 4535 1682 4604 περί
1704 4552 1760 4587 τε

1797 4539 1838 4592 D
1868 4536 2159 4589 restituunt
2198 4536 2419 4589 :damni
2473 4534 2539 4588 ad
2582 4535 2697 4589 bac
2739 4549 2769 4587 a
2827 4535 3110 4588 saturitate
3151 4533 3281 4587 illati
3337 4550 3433 4584 cn-

186 4620 307 4672 τῶν
354 4618 779 4689 διαφθειρόντων
816 4622 884 4674 τὰ
933 4622 1097 4675 σιτία.
1143 4622 1508 4699 Ὀδοιποροῦσί
1552 4642 1613 4676 τε
1673 4628 1765 4679 καὶ

188 4712 579 4780 πλοϊζομένοις
627 4712 897 4765 ἐκτίθεται
930 4713 1161 4779 δίαιταν,
1203 4716 1297 4767 καὶ
1326 4718 1454 4783 περὶ
1505 4716 1767 4786 καθαιρέ-

189 4817 340 4863 σεως
368 4802 593 4871 σαρκῶν
636 4802 991 4872 διαλαμϐάνει
1036 4805 1381 4875 ἀναθρέψεως
1405 4823 1486 4871 τε,
1514 4808 1610 4859 καλ⁵
1658 4807 1771 4861 διά-

187 4910 405 4962 γνωσιν
436 4893 705 4963 κράσεως,
737 4897 829 4949 καὶ
865 4897 1311 4968 παρατραπείσης
1333 4898 1380 4929 ⁸⁸
1410 4899 1577 4969 αὐτῆς
1606 4900 1772 4972 θερα-

189 5000 264 5037 πε
274 4984 385 5036 ίαν.

1863 4628 2149 4689 rationem,
2181 4634 2235 4680 et
2288 4625 2576 4694 negotiosa:
2635 4627 2757 4681 vita
2798 4626 3018 4679 victum.
3060 4625 3132 4679 De
3163 4626 3226 4678 iis
3266 4623 3429 4678 etiam

1865 4716 2063 4786 quibus
2115 4718 2367 4772 alimenta
2421 4730 2869 4787 corrumpuntur:
2906 4729 2960 4772 et
2998 4720 3100 4773 iter
3149 4720 3430 4788 agentibus

1868 4822 1933 4861 ac
1962 4810 2342 4876 navigantibus
2385 4811 2558 4864 victus
2596 4810 2857 4864 rationem
2894 4811 3213 4880 przeseribit.
3250 4810 3427 4864 Disse—

1870 4899 1942 4953 rit
1972 4907 2025 4953 et
2064 4902 2129 4954 de
2157 4902 2338 4956 carnis
2361 4905 2742 4957 extenuatione
2764 4914 2923 4971 atque
2958 4903 3271 4965 nutritiOne,
3312 4914 3433 4972 pOa’l

1872 5001 1990 5055 qna:
2035 4993 2440 5058 temperamenti
2494 4993 2853 5063 cognitionem
2876 5002 2930 5049 et
2958 4993 3071 5061 ejus
3119 4994 3292 5048 eversi
3331 5009 3429 5047 cu-

1874 5079 2139 5134 rationem
2188 5083 2370 5139 tradit.

1469 5235 1702 5292 VARUS
1741 5238 2139 5297 LECTIONES.

264 5319 312 5349 δ’
350 5317 631 5401 τῶνιξιιιά.
668 5322 730 5374 Α.
808 5322 853 5353 ⁸⁸
883 5324 969 5401 ναὶ
1003 5324 1045 5376 Α
1091 5342 1103 5376 :
1136 5326 1225 5378 καὶ
1254 5342 1315 5389 ς.
1389 5327 1431 5357 ⁶¹
1454 5329 1740 5399 μεθοδικὴν
1774 5332 1853 5385 A:
1883 5333 2182 5401 μεθοδικῶς
2212 5353 2269 5400 ς.
2346 5338 2392 5371 ⁸³
2410 5355 2469 5390 τε
2502 5340 2626 5394 add.
2660 5342 2723 5395 Α.
2800 5342 2846 5373 ⁸³
2872 5343 3019 5394 ποιεῖ
3048 5342 3116 5397 τὰ
3138 5344 3181 5395 Α
3222 5361 3234 5397 :
3263 5348 3433 5400 ποιεῖν·

187 5405 285 5441 ται
334 5405 399 5451 ς.
479 5387 526 5418 ⁸⁵
574 5394 1002 5464 περιτραπείσης
1032 5411 1091 5457 ς,

1740 5533 1967 5592 ΝΟΤτΕ.

515 5639 579 5715 'in
606 5640 674 5692 35
698 5642 854 5695 hodie
897 5647 1069 5711 capita
1103 5648 1384 5702 dissectns.

429 5707 594 5780 llnjus
638 5727 798 5763 nntnn
826 5724 879 5766 et
904 5707 975 5767 611
1004 5719 1200 5780 canita.

268 5770 392 5847 (9.7)
425 5770 681 5842 Quianam
718 5796 779 5833 ea
810 5784 936 5845 sint,
998 5770 1209 5840 docebit
1251 5789 1502 5842 lion-ams
1549 5792 1600 5843 in
1647 5789 1762 5845 Del'.

456 5869 729 5929 ΡΑτιιοι..
768 5873 884 5935 Gtt.
920 5876 1080 5937 Clll.

1948 5656 2059 5729 (38)
2087 5659 2275 5729 Capita
2312 5664 2361 5715 ei
2395 5665 2586 5717 tributa
2633 5670 2683 5720 in
2725 5669 2883 5723 editis
2920 5672 3004 5724 41.

1941 5727 2053 5791 (‘29)
2081 5727 2269 5783 Sectus
2311 5733 2360 5785 in
2393 5737 2567 5803 capita
2609 5737 2698 5791 55.

2994 5892 3073 5957 23
