4196 6442
808 407 915 472 ’115

805 615 957 683 signa
984 622 1109 668 sunt
1137 613 1202 667 ad
1237 623 1383 668 recte
1409 622 1630 683 tutoque
1659 616 1725 668 de
1756 618 1957 671 morbis
1994 616 2366 685 iudicandum.

805 706 1026 760 Curatio
1076 704 1228 767 item,
1253 719 1318 757 ac
1351 708 1608 774 praenotio
1656 707 1885 761 febrium
1928 718 2090 777 atque
2128 721 2365 782 sympto-

806 802 1041 846 matum:
1078 792 1350 861 adjunctis
1376 802 1432 848 et
1464 794 1692 849 febrium
1743 798 2035 865 generibus
2072 815 2370 871 earumque

805 885 1078 940 remediis.
1139 886 1211 939 De
1254 886 1415 948 latine.
1464 887 1532 940 de
1568 888 1733 942 animi
1781 889 2082 947 defectione
2128 909 2192 948 ac
2240 910 2368 966 syn-

804 988 958 1042 copa,
1011 985 1173 1042 atque
1203 974 1270 1027 de
1303 975 1509 1041 dolore,
1562 986 1615 1030 et
1661 978 1896 1049 singultu
1938 982 2068 1050 agit.
2118 982 2252 1037 Item
2299 985 2367 1040 de

804 1065 997 1118 canina
1054 1067 1382 1134 appetentis,
1430 1077 1486 1121 et
1531 1078 1717 1124 contra
1766 1073 1834 1128 de
1888 1084 2162 1141 prostrato
2207 1092 2369 1145 appe-

804 1155 924 1218 titu,
972 1164 1028 1210 et
1074 1157 1354 1213 curatione
1416 1158 1691 1215 immensa:
1751 1161 1930 1217 l'amis.
1985 1163 2251 1222 Praeterea
2302 1170 2369 1222 de

802 1261 1001 1301 nausea
1032 1255 1086 1301 et
1113 1250 1338 1315 vomitu,
1364 1258 1418 1303 et
1448 1252 1514 1303 de
1540 1251 1828 1318 insomnia,
1848 1265 2084 1324 torpore,
2107 1259 2369 1329 colliqua-

801 1337 969 1402 tione,
1004 1340 1119 1402 siti,
1160 1349 1322 1408 atque
1351 1341 1649 1396 exulcerati
1676 1345 1814 1399 ossis
1847 1348 1986 1400 sacri
2022 1351 2305 1407 medicina.

877 1427 1117 1499 Septimo
1149 1430 1261 1501 (3i)
1296 1446 1426 1486 vero
1482 1432 1621 1488 libro
1652 1434 1720 1488 de
1754 1435 2019 1493 ulceribus
2078 1441 2365 1506 universis,

800 1531 910 1575 tam
946 1536 1065 1591 quae
1084 1523 1374 1592 simplicia,
1408 1539 1570 1594 quam
1600 1542 1719 1597 qua:
1748 1543 1879 1583 cava
1928 1531 2182 1585 dicuntur
2210 1550 2224 1586 ι
2259 1535 2366 1588 imo

797 1614 936 1667 etde
967 1614 1031 1667 iis
1063 1616 1259 1684 quibus
1303 1617 1557 1673 cicatrice
1585 1630 1669 1674 est
1720 1636 1877 1691 Opus,
1916 1632 2080 1692 atque
2108 1626 2175 1681 de
2205 1641 2369 1682 carne

798 1709 1198 1767 abundantibus
1227 1713 1339 1783 agit
1370 1728 1384 1769 :
1414 1715 1504 1768 ubi
1532 1724 1583 1769 et
1615 1717 1736 1785 igne
1777 1719 2040 1773 ambustis
2068 1723 2365 1776 remedium

796 1800 971 1855 aifert.
1007 1801 1136 1857 Item
1167 1805 1234 1857 de
1256 1805 1482 1874 papulis,
1511 1807 1576 1860 de
1609 1809 1845 1875 pruritu,
1875 1809 1943 1864 de
1973 1812 2222 1879 pustulis,
2245 1828 2366 1883 qua:

794 1892 1113 1961 plilyctzenaa
1150 1905 1433 1957 vocantur,
1485 1905 1539 1951 et
1579 1898 1645 1951 de
1696 1898 1965 1954 ulceribus
2007 1901 2240 1971 diruptis
2299 1918 2363 1959 ac

795 1986 1069 2054 malignis.
1094 1986 1172 2039 Ad
1218 1987 1576 2043 earbunculos
1617 2004 1829 2059 quoque
1855 2001 1909 2045 et
1942 2006 2168 2049 cancros
2198 2011 2361 2049 cura-

799 2078 976 2130 tiones
1016 2078 1235 2131 ascribit
1267 2096 1280 2133 :
1312 2080 1692 2134 convulsorum
1729 2083 1853 2136 item
1883 2098 1947 2137 ac
1972 2085 2279 2142 luxatorum
2308 2099 2362 2145 et

794 2180 1109 2237 ruptorum:
1145 2172 1339 2238 quibus
1374 2173 1437 2225 ad
1491 2172 1604 2226 hare
1660 2176 1821 2229 rebus
1874 2178 2073 2247 cuspis,
2131 2183 2361 2248 arundo,

791 2260 967 2328 spina,
998 2269 1090 2315 aut
1127 2265 1287 2316 sudes
1334 2265 1485 2318 carni
1542 2264 1705 2320 infixa
1735 2267 2053 2324 evellantur.
2100 2271 2176 2326 De
2208 2276 2364 2329 redu—

794 2351 915 2414 viis,
971 2352 1321 2407 articulorum
1387 2354 1679 2420 ulceribus,
1741 2360 2021 2425 sanguinis
2060 2366 2357 2434 eruptione.

790 2441 866 2497 De
900 2445 1082 2496 nervis
1116 2446 1433 2507 vulneratis,
1462 2456 1516 2501 et
1549 2449 2045 2518 articulisluxatis;
2077 2454 2363 2508 deiuﬂam-

790 2533 1047 2595 matione,
1080 2545 1133 2587 et
1178 2534 1245 2588 de
1298 2532 1605 2602 affectione,
1662 2553 1781 2606 quae
1839 2555 1905 2593 ex
1955 2543 2359 2601 deﬂuxionibus

792 2624 845 2675 lit
877 2640 891 2690 ;
925 2624 988 2678 de
1013 2640 1303 2694 gangrena,
1335 2638 1391 2680 et
1455 2629 1814 2696 Spitacelismo
1844 2649 1859 2697 ;
1894 2633 1960 2685 de
2012 2638 2361 2701 apostematis

788 2731 883 2768 seu
906 2716 1248 2771 abscessibus
1270 2727 1323 2771 et
1356 2718 1582 2787 ﬁstulis;
1610 2722 1675 2777 de
1701 2725 2021 2792 erysipelate
2038 2738 2090 2781 et
2117 2728 2355 2797 berpete.

788 2805 919 2860 Item
969 2808 1036 2861 de
1069 2808 1314 2875 scirrbis,
1346 2813 1649 2874 mdetnatis.
1688 2816 2003 2879 Iermintho,
2034 2820 2355 2889 epinyctide.

790 2900 864 2952 Ite
894 2897 1146 2953 dissectis
1175 2900 1481 2969 ligameutis
1508 2914 1563 2956 et
1594 2905 1805 2975 tbymo,
1826 2907 1940 2961 ficis
1971 2918 2133 2978 atque
2168 2910 2360 2964 furun-

786 2989 943 3042 culis.
980 2988 1056 3044 De
1092 2992 1336 3046 verrucis
1395 3002 1449 3046 et
1482 2998 1811 3065 myrmeciis,
1863 3008 2025 3068 atque
2064 3003 2354 3057 similibus.

787 3081 867 3133 Ad
908 3082 1142 3150 ganglia,
1171 3097 1289 3149 qua:
1344 3085 1706 3152 appellantur,
1733 3089 1798 3140 ad
1836 3091 2141 3155 perniones,
2169 3108 2232 3147 ac
2262 3094 2355 3147 lis-

786 3186 939 3224 suras
969 3173 1080 3225 edit
1111 3175 1501 3228 medicamenta
1533 3192 1548 3242 ;
1581 3187 1637 3231 et
1685 3178 1753 3232 ad
1797 3180 2036 3236 ulcerata
2084 3185 2351 3250 pudenda.

789 3259 861 3312 De
880 3259 1030 3315 leuce
1065 3272 1343 3330 prazterea,
1388 3264 1570 3333 alpbo,
1610 3266 1781 3332 lepra,
1811 3270 2012 3337 scabie,
2037 3273 2348 3343 impctigine

790 3360 1005 3414 tractat,
1040 3362 1095 3405 et
1128 3354 1194 3405 de
1226 3352 1629 3410 inﬂationibus:
1659 3370 1823 3427 utque
1845 3360 2083 3415 tberiaea
2106 3379 2136 3417 e
2158 3366 2357 3434 viperis

790 3454 982 3505 magno
1004 3440 1078 3494 sit
1109 3441 1501 3510 elephantiacis
1539 3445 1872 3514 adiumento.
1902 3449 1968 3503 Et
1992 3452 2105 3508 hzec
2140 3456 2354 3523 quidem

786 3531 1017 3600 septimo
1048 3534 1403 3587 continentur
1427 3534 1585 3591 libro.

857 3703 1167 3776 Insequenti
1192 3722 1320 3762 vero
1339 3708 1407 3763 de
1435 3712 1707 3766 memoriae
1725 3712 1957 3783 jactura,
1977 3716 2153 3787 deque
2172 3719 2235 3773 iis
2264 3721 2355 3790 qni

788 3796 950 3849 nimia
985 3797 1281 3866 vigilia,vel
1318 3802 1468 3869 gravi
1499 3805 1857 3861 somnolentia
1887 3818 2225 3878 torquentur,
2249 3815 2358 3882 agit

787 3886 1071 3942 Oribasius
1095 3889 1207 3960 (32)
1242 3908 1255 3944 :
1302 3900 1413 3944 tum
1450 3895 1578 3961 quid
1616 3896 1881 3963 epbialtes
1916 3900 2007 3965 sit,
2033 3903 2357 3972 morbusqne

785 3978 1169 4042 comitialis,et
1204 3982 1431 4050 vertigo,
1464 3984 1767 4052 ap0plexia,
1800 3998 1920 4041 atra
1950 3990 2093 4054 bilis,
2123 3992 2354 4057 insania,

787 4066 1076 4122 vehemens
1107 4085 1280 4135 amor,
1306 4086 1369 4124 ac
1403 4072 1774 4144 Iyeantbropia
1804 4094 1817 4130 :
1854 4078 2153 4148 horumque
2184 4097 2357 4137 reme-

784 4158 891 4211 «lia.
914 4157 989 4211 De
1019 4161 1310 4215 cerebriad
1330 4162 1444 4218 haec
1471 4166 1947 4230 morbis,etrabidi
1976 4173 2128 4227 canis
2151 4188 2351 4228 morsu.

786 4249 860 4303 De
900 4251 1159 4321 paralysi,
1208 4268 1301 4307 seu
1349 4270 1637 4311 nervorum
1693 4260 2043 4327 resolutione,
2073 4274 2127 4317 et
2155 4265 2350 4334 rigore,

785 4341 876 4408 qui
902 4343 1139 4396 calelieri
1195 4356 1450 4413 nequeat.
1501 4348 1575 4401 De
1605 4350 2047 4406 convulsionibus
2072 4369 2135 4407 ac
2166 4358 2354 4409 distin-

782 4432 982 4493 ctione,
1021 4433 1196 4501 deque
1233 4436 1426 4503 capitis
1460 4437 1756 4496 doloribus.
1801 4443 1879 4495 Ad
1937 4458 2222 4508 puerorum
2274 4449 2352 4498 in-

1969 411 2232 476 ΡΗΟΤΙΙ
2270 415 2777 478 ΡΑΤΒῙΑΒΟΗᾹΞ
2814 420 2922 481 CP.

879 517 1037 589 175
1053 519 1081 573 ὸ
1096 517 1152 573 lu
1170 526 1382 575 sestum
1400 517 1594 575 librum
1615 520 1731 594 (50)
1746 537 1807 577 ea
1828 534 1953 578 sunt
1979 527 2245 596 conjecta.
2266 541 2385 595 quae
2410 526 2462 587 Α

2570 527 2659 578 Ἐν
2685 528 2743 580 δὲ
2771 527 2851 595 τῷ
2889 535 2943 592 ς’
2976 531 3330 588 συντέτακται
3366 535 3517 609 αὐτῷ
3554 538 3652 592 ὅσα
3681 556 3741 594 τε
3764 542 3812 574 ⁸⁸
3846 546 3930 607 είς
3966 565 4054 615 aq-

2483 617 2710 686 μείωσιν
2744 619 2962 688 ἀσφαλῆ
3003 622 3171 676 τείνει
3200 627 3293 679 καὶ⁵
3324 628 3507 697 κρίσιν
3531 630 3717 702 ὀρθὴν,
3758 634 4051 705 θεραπεῖαί

2473 729 2537 765 τε
2572 714 2667 764 καὶ
2701 714 3039 781 προγνώσεις
3065 721 3318 786 πυρετῶν
3361 724 3455 774 καὶ
3490 729 3940 798 συμπτωμάτων.
3977 732 4054 784 Τά

2471 823 2527 856 τε
2569 806 2681 875 εἴδη
2702 805 2811 857 τῶν
2836 808 3089 877 πυρετῶν
3121 811 3215 863 καὶ
3239 812 3339 875 τὰς
3376 813 3568 880 ἰάσεις,
3601 819 3729 886 περί
3757 836 3816 872 τε
3845 820 4051 890 λοιμῶν

2471 893 2824 960 λειποθυμίας
2842 910 2901 946 τε
2924 896 3016 947 καὶ
3042 899 3318 967 συγκοπῆς
3355 903 3446 953 καὶ
3474 903 3663 972 ὀδύνης
3714 908 3806 959 καὶ
3839 908 4049 977 λυγμοῦ

2470 980 2848 1051 διαλαμϐάνει,
2881 983 3151 1048 κυνώδους
3171 1004 3230 1038 τε
3260 989 3489 1058 ὀρέξεως
3520 994 3614 1046 καὶ
3638 997 3925 1065 άνορεξὶας
3957 1002 4048 1052 καὶ

2473 1071 2727 1141 βουλίμου
2757 1072 3074 1144 θεραπείας,
3107 1076 3225 1149 [561
3259 1080 3350 1152 R.]
3372 1081 3451 1134 ἔτι
3474 1084 3530 1136 δέ
3552 1088 3681 1154 περὶ
3711 1090 3936 1152 ναυτίας
3961 1097 4050 1144 καὶ

2469 1160 2680 1228 ἐμέτων
2731 1162 3039 1233 ἀγρυπνίας
3088 1183 3149 1219 τε
3187 1170 3282 1221 καὶ
3326 1176 3661 1242 καταφορᾶς,
3701 1177 3791 1229 καὶ
3845 1183 4047 1248 συντή-

2470 1252 2606 1316 ξεως
2661 1253 2769 1305 καὶ·
2794 1254 3000 1323 δίψους,
3046 1260 3140 1312 καὶ
3195 1261 3521 1327 ἐλκωθέντος
3549 1265 3644 1317 τοῦ
3702 1268 3848 1337 ἱεροῦ
3886 1270 4046 1324 ὀστοῦ

2472 1345 2771 1418 θεραπείας
2789 1349 2855 1403 ⁸⁸.

2540 1440 2700 1492 Κατὰ
2736 1440 2793 1493 δέ
2820 1441 2881 1493 τδ
2914 1439 2960 1501 ζ’
2988 1442 3161 1496 ἑλκῶν
3198 1445 3297 1514 μὲν
3336 1447 3610 1511 ἁπάντων,
3660 1451 3769 1503 τῶν
3807 1470 3867 1506 τε
3897 1456 4047 1522 λεγο-

2473 1530 2649 1597 μένων
2707 1532 2896 1585 ἁπλῶν
2929 1535 3025 1586 καὶ
3059 1535 3169 1587 τῶν
3196 1538 3411 1602 κοίλων,
3449 1541 3542 1593 καί
3575 1559 3638 1609 γε
3690 1546 3782 1597 καὶ
3814 1547 3927 1599 τῶν
3957 1551 4045 1600 οὐ·

2474 1620 2571 1689 λῆς
2597 1622 2867 1690 δεομένων
2911 1626 3006 1677 καὶ
3035 1626 3526 1695 ὑπερσαρκούντων
3556 1634 3883 1694 ἐκδιδάσκει.
3913 1642 4046 1707 πρός

2468 1728 2525 1763 τε
2565 1713 2633 1764 τὰ
2658 1713 2991 1792 οπυρίκαυτα
3027 1718 3322 1787 θεραπείας
3345 1722 3579 1790 εἰσάγει,
3612 1727 3706 1778 καὶ
3742 1731 3871 1797 περὶ
3895 1732 4045 1796 ἐξαν-

2469 1802 2730 1871 θημάτων
2764 1807 2857 1858 καὶ
2892 1809 3151 1877 κνησμῶν
3182 1811 3270 1863 καὶ
3302 1812 3668 1881 φλυκταινῶν,
3694 1820 4042 1892 ἀναρρηγνυ-

2472 1894 2647 1963 μένων
2676 1912 2737 1947 τε
2770 1896 2944 1951 ἐλκῶν
2990 1901 3086 1953 καὶ
3138 1904 3457 1973 κακοήθων*
3490 1908 3626 1977 πρὸς
3670 1911 3949 1980 ἄνθρακάς
3985 1932 4039 1966 τε

2468 1985 2562 2037 καὶ
2613 1987 2906 2057 καρκίνους
2945 1991 3117 2056 ἰάσεις
3162 1994 3493 2063 ἀναγράφει,
3543 2001 3813 2068 σπασμῶν
3856 2020 3915 2054 τε
3952 2008 4040 2055 καὶ

2470 2081 2833 2147 στρεμμάτων
2861 2082 2955 2133 καὶ
2976 2083 3298 2152 θλασμάτων
3318 2103 3332 2118 ·
3351 2088 3484 2151 οἵοις
3507 2106 3563 2140 τε
3586 2092 3651 2143 ἂν
3668 2092 3793 2155 άκὶς
3818 2093 3853 2161 ἢ
3879 2095 4039 2147 κάλα-

2471 2170 2630 2240 μοςῆ
2672 2170 2879 2224 ἄκανθα
2912 2174 2945 2242 ἢ
2992 2175 3192 2245 σκόλοψ
3237 2179 3553 2248 ἐμπαγέντα
3593 2186 3755 2251 σαρκὶ
3788 2186 4038 2239 ἀποσπα-

2469 2261 2639 2331 σθείη·
2667 2264 2794 2334 περί
2821 2281 2879 2316 τε
2904 2270 3259 2338 παρωνυχιῶν
3286 2272 3504 2327 καὶτῶν
3529 2274 3586 2326 ἐν
3605 2276 3827 2347 ἄρθροις
3851 2280 4037 2345 ἑλκῶν,

2467 2354 2832 2423 αἰμορῤαγίας
2856 2356 2915 2409 τε
2942 2360 3035 2411 καὶ
3075 2364 3478 2433 νευροτρώτων,
3530 2368 3622 2420 καὶ
3654 2370 3783 2439 περὶ
3812 2373 4043 2440 κεχαλα-

2468 2444 2681 2511 σμένων
2710 2446 2949 2516 ἄρθρων,
2981 2450 3105 2519 περί
3137 2469 3197 2504 τε
3230 2454 3540 2525 φλεγμονῆς
3576 2459 3666 2510 καὶ
3701 2462 4041 2531 ρευματικῆς

2466 2534 2782 2603 διαθέσεως,
2818 2540 2945 2607 περί
2989 2558 3047 2593 τε
3101 2548 3445 2615 γαγγραίνης
3499 2549 3591 2602 καὶ
3644 2553 4041 2623 σφακελισμοῦ,

2466 2629 2559 2681 καὶ
2592 2630 2721 2701 περὶ
2750 2632 3158 2703 ἀποστημάτων
3186 2641 3280 2690 καὶ
3323 2643 3619 2709 συρίγγων,
3653 2647 4038 2714 ὲρυσιπέλατός

2464 2734 2525 2769 τε
2559 2720 2653 2771 καὶ
2697 2720 2958 2789 ἓρπητος,
2993 2723 3091 2775 xal.
3147 2725 3279 2793 περὶ
3310 2728 3554 2797 σκίρρων
3575 2730 3619 2761 ⁸⁷
3667 2732 3764 2782 καὶ
3815 2733 4036 2802 οἰδημάο

2463 2825 2591 2873 των,
2627 2811 2920 2881 τερμίνθου
2954 2830 3013 2865 τε
3042 2815 3136 2867 καὶ
3171 2816 3528 2883 ἐπινυκτίδος,
3557 2823 3683 2892 περί
3720 2840 3780 2875 τε
3806 2824 4037 2895 διατμη-

2466 2896 2664 2950 θέντων
2698 2900 3031 2968 συνδέσμων,
3064 2903 3160 2954 καὶ
3190 2904 3362 2974 θύμου
3396 2909 3489 2959 καὶ
3525 2910 3705 2962 συκῶν
3740 2912 3832 2963 καὶ
3859 2912 4035 2981 δοθιή-

2465 3008 2593 3054 νων,
2631 2991 3038 3061 ἀκροχορδὸνων
3079 3011 3139 3047 τε
3169 2999 3265 3049 καὶ
3307 3000 3637 3068 μυρμηκιῶν
3672 3003 3908 3055 καὶτῶν
3947 3022 4036 3057 συ-

2466 3081 2713 3151 στοίχων.
2774 3083 2916 3152 Πρός
2952 3101 3011 3136 τε
3046 3085 3115 3137 τὰ
3167 3084 3435 3156 λεγόμενα
3481 3091 3715 3158 γαγγλία
3770 3094 3865 3145 καὶ
3928 3101 4033 3163 χεί-

2466 3174 2637 3242 μεθλα
2658 3175 2702 3205 “
2731 3176 2823 3228 καὶ
2862 3178 3099 3246 ῥαγάδας
3124 3180 3397 3233 ἐκτίθεται
3439 3183 3629 3247 ἰάσεις,
3659 3187 3755 3237 καὶ
3788 3188 3931 3256 πρὸς
3959 3192 4023 3239 τὲ

2462 3266 2753 3335 ἡλκωμένα
2782 3268 2891 3321 τῶν
2931 3270 3164 3324 αἰδοίων.
3208 3272 3342 3341 Περί
3367 3290 3425 3326 τε
3460 3275 3656 3344 λεύκης
3714 3279 3808 3330 καὶ
3845 3279 4031 3348 ἀλφῶν

2458 3361 2554 3412 καὶ
2574 3360 2783 3429 λέπρας
2816 3363 2910 3415 καὶ
2941 3362 3131 3433 ψώρας
3172 3363 3266 3415 καὶ
3310 3365 3568 3435 λειχήνων
3585 3368 3627 3399 ⁸³
3653 3368 4030 3438 διαλαμϐάνει,

2456 3452 2700 3520 καὶπερὶ
2737 3452 3165 3521 ἐμφυσημάτων.
3194 3454 3286 3507 καὶ
3319 3456 3395 3518 ὼς
3432 3458 3463 3527 ή
3500 3458 3607 3510 τῶν
3638 3459 3866 3526 ἐχιδνῶν
3903 3463 4031 3513 ἐδω-

2456 3541 2519 3609 δὴ
2544 3541 2762 3611 ἄριστον
2792 3544 3040 3613 βοήθημα
3060 3548 3170 3609 τοῖς
3188 3547 3561 3617 ἐλεφαντιῶσι.
3584 3550 3773 3603 Ταῦτα
3810 3553 3911 3622 μὲν
3946 3556 4032 3606 καὶ

2457 3634 2598 3684 κατὰ
2623 3634 2679 3685 τὸ
2712 3635 2958 3703 ἕϐδομον.

2528 3725 2684 3778 Κατὰ
2716 3725 2773 3776 δέ
2804 3725 2864 3779 τὸ
2903 3734 2951 3796 η’
2992 3730 3118 3798 περί
3151 3728 3251 3799 τῆς
3300 3730 3442 3783 κατὰ
3490 3731 3589 3803 τὴν
3656 3735 3886 3805 μνήμην
3932 3737 4032 3789 ἀπ-

2456 3815 2651 3877 ωλείας
2686 3817 2777 3868 καὶ
2811 3818 2919 3869 τῶν
2939 3818 3109 3883 ἄλλως
3135 3821 3613 3893 ὰγρυπνητικῶνῆ
3645 3829 4029 3894 καταφορικῶν

2457 3902 2835 3973 διαλαμὸάνει,
2878 3908 2963 3971 τίς
2997 3927 3056 3962 τε
3083 3912 3110 3962 ὁ
3142 3912 3402 3980 ἐφιάλτης
3452 3914 3546 3965 καὶ
3576 3916 3607 3983 ἡ
3643 3915 3913 3986 ἐπιληψία
3942 3923 4030 3972 καὶ

2456 3995 2517 4048 τὸ
2551 3997 2679 4066 [289
2708 3997 2800 4067 IL]
2828 4005 3234 4070 σκοτωματικδν
3275 4005 3468 4067 πάθος,
3502 4007 3818 4077 ἀποπληξία
3852 4026 3913 4062 τε
3941 4013 4029 4063 καὶ

2458 4088 2789 4158 μελαγχολία
2822 4092 2915 4143 καὶ
2941 4095 3107 4160 μανία
3132 4097 3227 4147 καὶ
3253 4096 3394 4165 ἔρως
3426 4097 3570 4162 ὀξὺς,
3592 4100 3684 4150 καὶ
3711 4100 3795 4162 τίς
3824 4102 3855 4170 ἡ
3896 4103 4025 4155 λυκο

2455 4180 2755 4250 ανθρωπίσ,
2810 4184 2903 4235 καὶ
2946 4184 3152 4239 τούτων
3203 4187 3557 4258 ἰάσειςσπερί
3608 4207 3667 4242 τε
3717 4191 3832 4244 τῶν
3887 4196 4026 4246 κατὰ

2454 4263 2543 4317 τὸν
2576 4267 2881 4333 ἐγκέφαλον
2926 4270 3138 4336 παθῶν,
3184 4274 3279 4326 καὶ
3318 4276 3448 4343 περὶ
3493 4276 3896 4348 λυσσοδήκτων,
3936 4284 4028 4336 καὶ

2456 4356 2585 4425 περὶ
2621 4358 2979 4426 παραλύσεως
3030 4362 3123 4415 καὶ
3174 4364 3616 4436 ἀνεκθερμάντου
3659 4370 3867 4439 ῥίγους,
3902 4375 4027 4441 περί

2452 4463 2513 4498 τε
2565 4450 2832 4516 σπασμῶν
2885 4452 2982 4503 καὶ
3022 4454 3267 4518 τετάνου,
3292 4458 3387 4510 καὶ
3442 4460 3572 4528 περὶ
3600 4461 3710 4513 τῶν
3745 4465 3890 4516 κατὰ
3927 4467 4025 4535 τὴν

782 4536 945 4588 super
972 4524 1305 4589 adustiones,
1326 4527 1392 4578 ad
1420 4524 1622 4581 nedum
1647 4531 1855 4583 narium
1885 4533 2124 4601 odorem,
2145 4536 2347 4606 176a
2374 4574 2426 4632 Β
2454 4550 2462 4584 1

2464 4534 2699 4605 κεφαλὴν
2752 4537 2961 4591 παθῶν.
3000 4541 3142 4611 Πρός
3184 4559 3241 4595 τε
3295 4546 3363 4597 τὰ
3420 4524 3774 4615 σειριῶνταν⁸
3808 4524 4020 4615 παιδίά,

783 4611 848 4661 ad
880 4611 1281 4679 suggillationes
1310 4614 1411 4666 sub
1436 4616 1643 4680 oculos,
1679 4629 1731 4671 et
1754 4621 1819 4671 ad
1840 4622 2237 4690 eccbymoniata
2266 4628 2347 4678 iu-

784 4712 1023 4755 vcterata
1054 4703 1193 4771 (33).
1217 4702 1348 4757 Item
1381 4706 1445 4759 de
1479 4707 1747 4761 labiorum
1813 4710 2045 4767 ﬁssione.
2077 4716 2156 4767 Ad
2183 4718 2347 4785 ephe-

2452 4626 2585 4693 πρός
2619 4644 2679 4678 τε
2709 4627 2975 4692 δυσωδίας
3002 4633 3168 4701 ῥινὸς,
3193 4636 3287 4686 καὶ
3323 4637 3457 4704 πρὸς
3487 4638 3730 4703 ὑπώπια,
3766 4644 3862 4693 καὶ
3891 4644 4024 4711 πρὸς

2446 4717 2883 4787 ἐκχυμώματα⁷¹
2914 4725 3327 4793 κεχρονισμένα.
3383 4727 3516 4797 Περί
3559 4746 3617 4781 τε
3665 4730 3893 4800 χειλέων
3928 4738 4023 4803 ῥα-

785 4791 944 4843 lidem
980 4807 1194 4859 quoque
1230 4809 1293 4847 ac
1325 4793 1482 4848 faciei
1517 4810 1718 4859 navos,
1751 4799 2135 4870 oculorumque
2163 4808 2346 4874 nigras
2446 4823 2462 4872 π

2464 4808 2628 4871 τάδος,
2654 4814 2747 4861 καὶ
2778 4811 2913 4879 πρὸς
2934 4791 3154 4883 ἐφήλεις
3178 4791 3276 4869 καὶ
3305 4791 3525 4882 σπίλους
3546 4823 3640 4875 καὶ
3666 4791 3884 4892 ipsimi);
3928 4791 4021 4880 καὶ

785 4884 1046 4947 maculas,
1083 4893 1137 4937 et
1185 4899 1362 4945 varos.
1424 4900 1486 4939 ac
1553 4886 1742 4941 iit-esas
1791 4892 1957 4943 menti
2007 4894 2344 4950 eminentias.

785 4973 860 5025 De
887 4972 1032 5026 foedo
1068 4976 1272 5027 alarum
1301 4978 1466 5029 odore
1496 4995 1508 5029 :
1545 4978 1608 5030 de
1643 4980 1808 5034 variis
1838 4982 2113 5036 oculorum
2137 4986 2346 5040 dolori-

784 5063 903 5123 bus,
930 5062 996 5115 de
1032 5063 1322 5130 pediculari
1356 5067 1563 5129 niorbo,
1602 5068 1667 5119 de
1723 5069 1930 5123 uarium
1967 5074 2340 5129 obstructione

779 5160 835 5203 ct
863 5153 927 5205 de
956 5153 1321 5221 strangulatis.
1352 5155 1525 5223 Atque
1556 5157 1643 5211 hic
1669 5170 1892 5215 octavus
1919 5162 2054 5216 liber
2087 5175 2191 5218 est.

2450 4899 2657 4962 ίόνθους
2705 4902 2801 4953 καὶ
2836 4904 2936 4964 τὰς
2966 4907 3024 4957 ἐν
3072 4906 3151 4976 τῷ
3178 4910 3372 4979 γενείῳ
3408 4912 3668 4978 συκώδεις
3715 4918 4020 4972 ἐπαναστά-

2451 5006 2561 5053 σεις
2581 5008 2594 5019 ·
2625 4991 2753 5061 περί
2803 5010 2863 5045 τε
2894 4998 3189 5065 μασχαλῶν
3215 5000 3501 5070 δυσωδίας,
3536 5006 3630 5058 καὶ
3660 5011 3789 5077 περί⁵
3820 5010 3932 5063 τῶν
3964 5016 4019 5065 ἐν

2450 5084 2563 5143 τοῖς
2612 5082 2913 5154 ὀφθαλμοῖς
2968 5088 3179 5155 παθῶν,
3218 5096 3347 5163 περί
3406 5112 3463 5148 τε
3520 5097 3887 5171 φθειριάσεως
3924 5108 4016 5156 καὶ

2448 5173 2775 5266 ἔμφρᾷξεως
2828 5179 3183 5251 μυξωτήρων,
3224 5188 3317 5239 καὶ
3360 5190 3486 5259 περὶ
3530 5191 3638 5245 τῶν
3687 5197 4011 5266 ἀπαγχομέ-

2453 5281 2579 5317 νων.
2620 5265 2707 5318 Ἐν
2731 5268 2940 5333 τούτοις
2968 5271 3068 5341 μέν
3095 5276 3187 5328 καὶ
3210 5278 3239 5329 ὁ
3270 5278 3320 5348 η’
3343 5280 3518 5349 λόγος.

2044 5388 2277 5448 VARLE
2316 5395 2606 5454 LECTION
2614 5401 2717 5458 ES.

779 5552 823 5584 η
851 5484 894 5516 ⁸⁸
915 5502 971 5537 τε
991 5488 1122 5567 _add.
1155 5490 1219 5541 A.
1299 5490 1343 5521 ⁶⁶
1372 5491 1660 5578 θεραπείας
1688 5514 1763 5552 rc.
1790 5502 1834 5553 Α
1868 5520 1882 5556 :
1907 5502 2172 5578 θεραπειᾳ
2200 5526 2260 5588 ς.
2339 5512 2381 5591 ’ξ
2406 5514 2607 5583 σκίρων
2629 5517 2694 5596 Αἶ
2770 5517 2817 5550 ιι
2837 5521 3082 5589 χήμεθλα
3103 5524 3148 5579 Α
3172 5542 3185 5579 ε
3212 5525 3448 5596 χέμεθλα
3477 5546 3539 5593 ς.
3618 5532 3661 5565 ,δ
3682 5530 3917 5605 λιχήνων
3944 5539 3987 5592 Δ

850 5570 1124 5605 σηοιωντα
1157 5561 1221 5605 Δ-
1296 5561 1338 5590 ’ί
1371 5563 1741 5605 ἐκνυηιηηηφη
1808 5570 2253 5605 Ωιιιιυ..ηη,.η..η.,.
2286 5598 2298 5605 .
2345 5580 2462 5605 πλη-ε
2514 5588 2613 5605 ,με
2663 5600 2689 5605 ,ν
2727 5588 2739 5605 .
2803 5589 2813 5601 ι

850 5561 1124 5625 σηριῶντα
1156 5561 1221 5615 Α.
1296 5561 1338 5590 "
1371 5561 1745 5635 ἐκχυμώματα
1806 5561 2258 5646 Βυώἀιηεεθῖιδῖέ
2286 5598 2298 5631 :
2723 5561 2989 5659 £10,135;

2280 5671 2503 5730 NOT/E.

994 5736 1421 5815 Quntine_t_nunc
1460 5748 1631 5815 capita
1672 5751 1763 5805 47,

851 5805 961 5874 (3i)
993 5807 1106 5862 Uno
1142 5820 1195 5862 et
1220 5811 1289 5864 50
1312 5805 1595 5881 capitibus.

2504 5764 2618 5838 (5‘2)
2650 5768 2925 5838 Capitibus
2950 5774 3037 5827 57.

2518 5836 2628 5907 (35)
2662 5836 2867 5895 Vitiusc
2901 5844 2999 5911 legi
3035 5845 3119 5897 hic
3146 5844 3392 5915 ἐκύματα
3440 5850 3635 5908 docent
3684 5853 3807 5909 libri
3852 5857 3980 5912 editi
