4196 6442
210 434 320 500 ’117

1306 427 1827 490 BIBLIOTHECA.
1856 450 1925 462 --
1960 428 2124 489 COD.
2154 429 2398 489 CCXIX.

3348 436 3454 501 718

292 552 355 601 '0
404 548 462 601 δὲ
512 546 752 616 θάύτῷ,
783 546 883 599 ὅσα
939 543 1084 613 πάοη
1142 543 1269 614 περί
1316 560 1375 595 τε
1434 541 1661 613 Θώρακα
1694 541 1781 595 καὶ

1818 548 1861 600 Α
1963 541 2147 596 Nonus
2215 550 2393 597 autem
2425 548 2479 597 et
2506 540 2753 605 ultimus,
2786 541 2926 614 (54),
2976 541 3105 599 illud
3144 543 3454 602 morborum

209 641 505 708 σπλάγχνα
554 638 870 690 συνίσταται
923 636 1019 689 καὶ
1044 634 1148 696 ἕως
1202 632 1420 687 αίδοίων
1449 634 1647 704 διήκει,
1673 633 1790 686 δια-

209 727 509 795 λαμὸάνει,
539 727 609 778 τά
641 742 700 777 τε
725 726 1009 792 γυναικεῖα
1035 722 1325 789 καταλέγει
1348 723 1517 792 πάθη,
1545 723 1640 775 καὶ
1662 724 1789 789 περὶ

213 820 496 887 ποδάγρας
543 819 636 871 καὶ
691 816 997 885 άρθρίτιδος
1052 816 1146 867 καὶ
1196 815 1433 884 ίσχιάδος
1482 813 1784 882 θεραπείας

208 910 545 978 ἀναγράφει.
575 907 810 976 Τοιαύτη
840 909 934 960 καὶ
960 907 1170 977 ἡτρίτη
1203 906 1281 975 τῷ
1324 905 1642 975 Ὀρειὸασίῳ
1666 923 1787 956 συν-

209 999 531 1070 τεταγμένη
567 998 939 1067 πραγματεία.

962 1175 1081 1227 ΣΙΘ⁹
1092 1213 1106 1228 .

423 1268 537 1323 Τοῦ
574 1265 763 1321 αὐτοῦ
790 1266 938 1334 πρὸς
975 1265 1277 1320 Εὺνάπιον
1299 1267 1468 1335 λόγοι
1503 1267 1573 1320 δ’.

291 1358 357 1412 Ἠ
390 1361 449 1412 δὲ
481 1360 719 1430 τετάρτη
751 1358 1090 1426 Συντομίαν
1117 1357 1216 1427 μὲν
1240 1359 1336 1411 καὶ
1363 1358 1501 1429 αὑτὴ
1530 1358 1780 1428 βούλεται

206 1451 362 1520 αὑτῷ
388 1449 500 1519 τῆς
530 1451 769 1519 τέχνης,
801 1450 858 1501 ὲν
880 1449 921 1502 δ’
946 1449 1005 1503 δὲ
1030 1448 1393 1517 ἀπαρτίζεται
1432 1450 1610 1517 λόγοις
1638 1490 1657 1515 ,
1694 1452 1788 1504 καὶ

204 1542 301 1593 τὸν
333 1542 606 1594 Εύνάπιον
650 1539 963 1604 ὑποϐάλλει,
1005 1540 1066 1593 ὃν
1114 1541 1208 1594 καὶ
1236 1539 1563 1609 λογιώτατον
1602 1544 1781 1612 ύμνεῖ,

206 1638 391 1687 αἴτιον
422 1634 573 1704 αὐτῷ
600 1634 695 1689 τοῦ
729 1636 1105 1704 συντάγματος
1145 1637 1530 1707 γεγενημένον.
1570 1638 1653 1691 Τά
1695 1639 1786 1690 εὑ-

207 1730 451 1795 πὸριστα
505 1727 562 1779 δὲ
614 1725 763 1796 αύτῷ
800 1727 906 1779 τῶν
945 1728 1188 1797 ίαμάτων
1245 1729 1524 1783 κάνταῦθα
1560 1728 1785 1799 γνώμην

1892 648 2062 701 genus
2096 633 2495 702 complectitur,
2515 633 2660 704 quod
2688 634 2834 689 circa
2867 634 3141 691 thoracem
3166 651 3229 693 ac
3247 638 3456 694 viscera

1890 725 2163 784 consistit,
2196 734 2250 777 et
2276 725 2343 777 ad
2369 724 2603 778 verenda
2631 739 2803 794 usque
2849 728 3127 798 pertingit.
3168 727 3459 784 Muliebres

1887 816 2050 868 etiam
2085 816 2304 868 morbos
2365 822 2629 878 recenset,
2669 817 2926 870 adversus
2975 819 3291 888 podagram,
3323 821 3455 872 arti-

1889 906 2126 957 Cnlarem
2163 904 2430 967 morbum,
2454 913 2509 956 et
2533 903 2823 957 ischiadem
2854 907 3086 961 remedia
3130 910 3452 977 praescribit.

1887 996 2040 1059 Quod
2065 995 2285 1063 quidem
2309 997 2527 1051 tertium
2558 1005 2642 1049 est
2670 999 2737 1051 ab
2769 997 3023 1052 Uribasio
3065 1000 3327 1069 scriptum
3389 1002 3457 1055 de

1887 1099 1948 1139 re
1976 1085 2181 1139 medica
2206 1098 2363 1153 opus.

2596 1174 2825 1230 CCXIX.

2190 1266 2441 1335 Ejusdem
2465 1268 2535 1320 ad
2560 1266 2861 1334 Eunapium
2880 1268 3002 1323 libri
3032 1284 3107 1325 tv.

1958 1354 2218 1421 Quartum
2254 1357 2381 1410 item
2434 1370 2570 1424 opus
2598 1356 2845 1421 ejusdem
2868 1371 2988 1412 esse
3016 1358 3165 1411 Artis
3198 1357 3459 1427 Compen-

1886 1446 2351 1511 dium,0ribasins
2373 1447 2508 1511 vult,
2527 1457 2760 1516 quatuor
2789 1448 2918 1504 illud
2952 1450 3105 1505 libris
3133 1452 3446 1508 absolvens.

1884 1538 2048 1605 Cujus
2077 1540 2298 1608 quidem
2319 1539 2675 1606 componendi
2698 1537 2999 1609 Eunapiuui
3031 1542 3217 1612 (quem
3250 1552 3305 1598 et
3338 1545 3455 1597 elo-

1885 1632 2304 1697 quentissimum
2334 1631 2613 1701 praedicat)
2638 1640 2919 1687 auctorem
2956 1635 3059 1688 sibi
3091 1634 3261 1689 fuisse
3291 1651 3453 1690 com—

1884 1733 2177 1778 memorat.
2231 1723 2489 1780 Remedia
2556 1739 2712 1790 vero,
2768 1739 2890 1795 qua:
2944 1726 3106 1781 facile
3171 1739 3455 1796 parantur,

208 1820 546 1884 συναγαγεῖν
591 1817 821 1885 εἰσάγει,
851 1809 927 1871 ὧν
976 1819 1071 1871 καὶ
1096 1819 1195 1889 τὴν
1237 1820 1586 1873 διδασκαλίαν
1634 1822 1781 1890 τρισὶ

1815 1880 1853 1891 _
1887 1817 2103 1871 tradere
2133 1817 2234 1871 sibi
2277 1817 2611 1888 propositum
2657 1817 2733 1872 ait
2764 1834 2777 1871 :
2806 1832 2967 1891 quam
3013 1819 3179 1873 etiam
3245 1821 3453 1875 doctri-

202 1880 483 1977 διέρχεται
515 1880 757 1976 τρόποις,
790 1880 869 1960 ἑνὶ
903 1908 1001 1978 μὲν
1023 1909 1121 1970 τάς
1150 1880 1209 1960 τε
1244 1909 1474 1962 καθόλου
1520 1880 1778 1978 δυνάμεις

1815 1880 1857 1940 Β
1887 1924 2009 1962 nam
2038 1909 2233 1979 triplici
2263 1880 2560 1965 lere-modo
2585 1880 2840 1965 coniicit:
2877 1910 3119 1965 Primum
3151 1914 3292 1966 enim
3324 1916 3453 1966 sim-

203 2002 302 2053 καὶ
354 2001 452 2063 τὰς
510 2000 605 2053 ἐπὶ
664 2000 864 2070 μέρους
910 2001 1139 2071 χρήσεις
1188 2002 1417 2054 ἑκάστου
1451 2001 1561 2055 τῶν
1595 2002 1782 2056 ἁπλῶν

204 2092 405 2150 ἐπιὼν.
430 2090 559 2163 [564
595 2090 691 2164 IL]
717 2092 959 2163 δευτέρῳ
986 2093 1044 2146 δὲ
1076 2093 1283 2156 πάθους
1333 2094 1562 2147 ἑκάστου
1605 2094 1673 2148 τὰ
1700 2096 1782 2147 ίάο

206 2203 358 2256 ματα
395 2184 738 2237 συντάττων·
802 2186 888 2255 ἐφ’
921 2181 1003 2248 οἷς
1051 2187 1150 2253 τήν
1201 2203 1261 2238 τε
1320 2186 1653 2254 κατανόησιν
1685 2187 1781 2240 τοῦ

205 2275 541 2338 πεπονθότος
570 2275 761 2346 μορίου
801 2275 895 2329 καὶ
919 2276 1017 2347 τὴν
1045 2277 1302 2347 διήγησιν
1327 2278 1386 2341 ἐξ
1414 2270 1488 2331 ὧν
1520 2278 1586 2331 ἂν
1616 2279 1781 2349 θερα-

203 2368 467 2437 πευθείη.
508 2369 789 2439 Τετάρτην
846 2368 904 2422 δὲ
933 2368 1191 2422 ὑπόθεσιν
1228 2370 1690 2440 μεταχειρίζεται,
1718 2372 1783 2440 ἢν

202 2462 305 2513 καὶ
330 2459 444 2512 τῶν
477 2459 786 2528 εἰρημένων
819 2460 1134 2529 προτάττει,
1172 2460 1267 2512 τοῦ
1298 2461 1537 2527 ὑγιεινοῦ
1589 2463 1784 2530 τυγχά-

203 2566 403 2604 νουσαν
455 2550 831 2620 μέρουςηΚαὶ
882 2550 1113 2620 ἄρχεται
1156 2551 1211 2604 δὲ
1263 2553 1459 2605 αὐτίκα
1492 2553 1549 2618 ἐξ
1579 2547 1657 2606 ὧν
1690 2555 1783 2605 καὶ

202 2644 236 2711 ἡ
274 2641 462 2709 φύσις,
493 2641 619 2710 περὶ
648 2640 862 2693 παιδίου
905 2640 1047 2708 λέγω
1076 2645 1304 2711 τροφῆς.

268 2731 428 2784 Ἐστι
458 2731 556 2799 μὲν
570 2726 712 2800 ούνὴ
741 2731 877 2801 πρὸς
901 2731 1171 2783 Εύνάπιον
1199 2730 1349 2800 αὐτῷ
1376 2732 1781 2801 συντεταγμένη

203 2820 415 2890 σπουδὴ
434 2820 621 2891 σχεδὸν
647 2823 681 2891 ὴ
718 2821 856 2891 αὑτὴ
870 2825 936 2891 τῇ
959 2821 1322 2892 γεγραμμένῃ
1351 2823 1485 2890 πρὸς
1508 2822 1598 2874 τὸν
1630 2823 1745 2873 υἱόν
1766 2838 1782 2853 ·

200 2914 328 2967 Τῶν
348 2930 408 2965 τε
429 2915 537 2984 γάρ
553 2913 1052 2986 χειρουργουμένων
1080 2914 1331 2981 οὐδετέρα
1352 2914 1506 2982 λόγον
1534 2916 1665 2983 ἔχει,
1682 2917 1782 2967 κάν

200 3007 317 3066 τοῖς
334 3002 515 3065 ἄλλοις
543 3004 599 3056 δὲ
614 3006 971 3076 συμφέρεται,
1000 3004 1139 3071 πλὴν
1160 3006 1258 3056 ὃσα
1286 3003 1384 3074 τὴν
1420 3004 1570 3068 τάξιν
1596 3008 1656 3059 ού
1685 3008 1782 3075 τὴν

1883 1998 2103 2066 plicium
2156 1997 2440 2054 facultates
2483 2000 2757 2063 universe,
2793 2010 2847 2054 et
2911 2002 3224 2070 singulatim
3294 2020 3449 2057 usuin

1883 2089 2147 2157 enjusque
2176 2098 2442 2144 recenset.
2486 2088 2691 2145 Deinde
2722 2091 2893 2145 morbi
2919 2093 3184 2162 cujusque
3208 2101 3443 2150 curatio-

1884 2193 2003 2231 nem
2023 2183 2199 2231 docet.
2214 2177 2400 2234 Tertio
2416 2190 2614 2250 praeter
2642 2182 2814 2249 partis
2835 2180 3037 2238 al'l‘ectm
3063 2186 3450 2255 cognitionem,

1882 2269 2046 2324 etiam
2082 2270 2387 2325 medicandi
2420 2272 2687 2326 rationem
2750 2276 2991 2342 exponit.
3051 2276 3258 2341 Quarto
3299 2280 3452 2335 deni-

1883 2374 1989 2428 que
2028 2358 2146 2413 loco
2176 2359 2305 2415 illud
2342 2371 2722 2424 argumentum
2774 2372 2993 2425 tractat,
3022 2368 3165 2432 quod
3197 2370 3263 2421 ad
3306 2372 3452 2423 sani-

1886 2461 2049 2504 tatem
2074 2454 2370 2505 curandam
2401 2460 2641 2519 spectat:
2676 2456 2817 2521 quod
2848 2464 2901 2507 et
2930 2459 3142 2511 caeteris
3164 2459 3273 2526 jam
3311 2477 3446 2514 enu-

1886 2544 2106 2596 meratis
2136 2543 2440 2611 praemittit.
2475 2543 2596 2597 Mox
2624 2561 2754 2613 ergo
2786 2561 2909 2600 cum
2943 2558 3132 2603 natura
3164 2554 3233 2606 ab
3270 2552 3449 2607 inlan-

1889 2636 1955 2687 tis
1982 2637 2303 2689 educatione
2353 2638 2682 2702 auspicatur.

1956 2724 2223 2777 Caeterum
2259 2724 2349 2779 hic
2410 2727 2475 2778 ad
2520 2726 2822 2795 Eunuptum
2852 2728 3002 2783 labor
3034 2732 3176 2785 idem
3236 2734 3346 2788 fere
3386 2751 3451 2791 ac

1884 2815 2134 2883 geminus
2162 2826 2248 2871 est
2266 2832 2391 2870 cum
2432 2832 2496 2870 eo
2536 2832 2720 2886 opere,
2748 2821 2889 2887 quod
2919 2823 2984 2873 ad
3019 2824 3184 2877 lilium
3212 2828 3447 2894 scripsit.

1885 2903 2147 2959 Neutrum
2177 2907 2320 2959 enim
2365 2908 2657 2976 chirurgia:
2690 2910 2956 2964 rationem
2986 2913 3133 2967 ducit
3169 2928 3186 2979 ;
3235 2925 3291 2969 et
3326 2931 3447 2971 verc

1887 2996 1940 3049 in
1967 2997 2181 3049 caeteris
2229 3012 2447 3066 quoque
2506 2999 2850 3067 conspirant,
2886 3004 2988 3055 nisi
3028 3007 3172 3071 quod
3206 3007 3447 3061 ordinem

204 3098 331 3164 ίσην
368 3098 461 3148 καὶ
500 3096 695 3165 ὁμοίαν
732 3094 1009 3157 διασώζει.
1058 3094 1177 3146 Ἐπ’
1208 3094 1369 3156 ὲνίοις
1400 3094 1455 3146 δὲ
1489 3096 1683 3163 μικρόν
1721 3112 1777 3147 τι

1888 3088 2065 3155 aliqua
2093 3092 2340 3142 eumdem
2374 3091 2457 3143 vel
2486 3089 2719 3144 similem
2746 3107 2852 3146 non
2875 3107 3117 3149 servant.
3154 3095 3209 3150 In
3228 3099 3454 3168 quibus-

202 3191 300 3239 καὶ
326 3190 492 3259 ἑτέρα
525 3190 624 3256 τῆς
663 3189 860 3257 ἑτέρας
890 3188 1220 3250 πλεονεκτεῖ,
1257 3185 1445 3254 ὥσπερ
1474 3190 1531 3239 ὲν
1568 3188 1779 3249 πολλοῖς

1815 3218 1846 3272 Β
1887 3181 2007 3233 dam
2073 3180 2198 3233 item
2254 3181 2482 3234 alterum
2512 3182 2687 3236 altero
2734 3184 2977 3238 nonnihil
3011 3197 3249 3254 praestat,
3306 3200 3362 3244 ut
3397 3191 3449 3243 in

199 3280 312 3335 τῶν
340 3280 484 3331 κατὰ
510 3282 635 3342 τοὺς
666 3280 867 3342 τόπους
898 3279 1088 3332 παθῶν
1119 3281 1150 3347 ἡ
1186 3279 1326 3347 πρὸς
1362 3279 1650 3341 Εύνάπιον,
1685 3282 1776 3331 καὶ

1884 3272 2158 3340 plerisque
2192 3273 2434 3325 locorum
2473 3274 2699 3338 morbis,
2729 3284 2785 3327 et
2814 3288 3077 3344 quantum
3114 3281 3180 3333 ad
3242 3281 3452 3350 simpli-

202 3379 286 3435 εἰς
319 3375 420 3440 τὴν
461 3372 569 3424 τῶν
614 3371 803 3426 ἁπλῶν
849 3372 1157 3441 φαρμάκων
1207 3370 1531 3437 διάγνωσιν·
1560 3372 1676 3422 ἐστι
1723 3371 1778 3423 δὲ

199 3461 265 3518 οὗ
298 3465 396 3515 καὶ
427 3464 460 3531 ἡ
488 3462 623 3532 πρὸς
653 3462 949 3516 Εύστάθιον
988 3462 1102 3531 ἔχει
1132 3479 1185 3515 τι
1240 3462 1441 3531 ταύτης
1475 3461 1635 3514 πλέον
1684 3479 1775 3513 σε-

204 3555 670 3623 μνολογήσασθαι.
717 3556 879 3609 Ἀλλά
905 3572 967 3622 γε
999 3555 1168 3623 ξχάρις
1194 3553 1335 3623 ὑπὲρ
1376 3554 1642 3623 ἑκατέρας
1673 3554 1779 3605 τῶν

201 3650 387 3698 πόνων
436 3644 511 3713 τῷ
554 3645 742 3715 ἀνδρί·
779 3646 839 3697 τὸ
888 3648 995 3714 γὰρ
1024 3644 1191 3697 αὑτοῦ
1251 3645 1415 3714 μέρος
1463 3647 1523 3697 ού
1574 3644 1778 3712 βλάϐης

199 3738 407 3801 οὐδενὶ,
455 3736 569 3788 ἀλλ’
598 3737 865 3804 ὠφελείας
914 3735 1173 3805 ἑκατέρα,
1208 3735 1395 3804 ῶσπερ
1442 3735 1506 3804 δὴ
1549 3738 1643 3787 καὶ
1683 3737 1778 3795 τὰς

202 3831 317 3895 πρὸ
363 3827 569 3879 τούτων
620 3826 928 3891 συνέταξεν.
960 3826 1294 3897 Φράσεωςδὲ
1332 3828 1653 3896 χαρακτῆρα
1696 3826 1783 3878 λέ·

202 3936 327 3984 γειν
382 3917 477 3969 τοῦ
521 3918 677 3985 λόγου
723 3918 839 3985 ἅμα
880 3935 939 3969 τε
985 3918 1190 3987 ἄπορον
1238 3916 1332 3969 καὶ
1361 3917 1613 3986 περιττὸν
1640 3913 1779 3970 εἶναι

200 4013 383 4062 δοκεῖ·
423 4010 487 4061 ἐκ
516 4028 571 4063 τε
592 4012 639 4042 ’³⁸
665 4012 771 4080 γάρ
808 4010 1080 4080 διαφόρων
1112 4010 1208 4062 καὶ
1236 4008 1595 4061 παντοδαπῶν
1623 4007 1771 4077 αύτῷ

201 4108 274 4155 τὰ
331 4103 687 4169 συντάγματα
737 4102 1141 4171 συνήθροισται,
1178 4107 1272 4151 καὶ
1327 4102 1509 4167 ἰατρὸς
1552 4098 1688 4169 ἀνὴρ
1717 4099 1779 4151 ού

201 4193 301 4245 τού
335 4195 397 4244 ἐν
430 4192 571 4262 λόγῳ
601 4192 828 4254 κάλλους
852 4193 945 4242 καὶ
971 4190 1073 4258 τῆς
1102 4189 1290 4255 σοφίας
1318 4188 1544 4249 εὐθύνας
1574 4190 1640 4241 άν
1672 4205 1780 4241 τινι

200 4284 316 4335 τῶν
368 4283 787 4352 σωφρονούντων
835 4280 1128 4349 παράσχοι,
1164 4278 1279 4331 ἁλλ’
1310 4278 1440 4329 εἴτι
1498 4278 1607 4329 τῶν
1641 4279 1783 4330 κατὰ

201 4378 307 4443 τὴν
342 4372 591 4443 ἰατρικὴν
626 4372 802 4439 ἔργων
832 4371 932 4422 ούκ
960 4370 1134 4440 ὀρθῶς
1178 4366 1529 4437 διῆλθεν-οὐδ’
1569 4368 1779 4420 ἐπεδεί-

202 4468 359 4530 ξατο.

281 4722 437 4777 Εἶδον
467 4724 522 4776 δὲ
570 4723 745 4792 ἔγωγε
777 4723 870 4777 τοῦ
916 4725 1106 4795 ἀνδρὸς
1141 4726 1235 4777 καὶ
1280 4725 1477 4793 ἑτέραν
1523 4742 1782 4795 πραγμα-

201 4817 361 4868 τείαν
410 4818 467 4867 ὲν
510 4815 548 4866 δ’
595 4816 773 4882 λόγοις
825 4816 1269 4885 συντεθειμένην.
1316 4817 1661 4884 Εὐπόριστα
1717 4817 1773 4869 δὲ

206 4908 561 4975 ἐπεγράφετο
596 4908 655 4958 τὸ
699 4908 918 4975 βιϐλίον,
966 4908 1181 4959 καὶτὸν
1224 4908 1483 4975 Εύγένιον
1521 4909 1779 4961 ὑπόθεσιν

205 5000 308 5051 τοῦ
360 5000 737 5066 συντάγματος
793 5001 1051 5052 ἐποιεῖτο.
1084 5000 1427 5065 Λογιώτατον
1456 5001 1513 5052 δὲ
1560 5003 1655 5053 καὶ
1689 5003 1779 5054 τὸν

206 5090 471 5152 Εύγὲνιον
518 5090 806 5157 ὀνομάζειο
856 5090 951 5143 καὶ
999 5090 1353 5159 χρησιμεύειν
1401 5089 1529 5161 [290
1560 5091 1652 5162 ιι]
1683 5092 1781 5162 τὴν

205 5181 605 5251 πραγματείαν
652 5183 791 5235 κατά
842 5198 899 5233 τε
948 5182 1151 5252 ἀγροὺς
1186 5184 1280 5234 καὶ
1326 5182 1637 5251 ὁδοιπορίας
1686 5183 1780 5236 καὶ

1881 3364 2021 3415 cium
2072 3362 2588 3417 medicamentorum
2616 3366 2986 3434 eOgnitionem
3023 3368 3337 3438 illud,un
3380 3375 3448 3427 ad

1881 3452 2179 3519 Enuapium
2224 3453 2501 3517 scribitur,
2560 3470 2714 3523 opus.
2744 3457 2810 3510 Et
2841 3458 3001 3513 habet
3032 3460 3270 3516 vicissim
3322 3462 3450 3518 alibi

1880 3545 2155 3612 quidpiam
2188 3544 2252 3595 ad
2281 3543 2621 3599 EuStathium
2656 3547 2814 3611 liber,
2846 3550 3033 3619 dequo
3069 3568 3177 3620 pra:
3210 3554 3300 3608 illo
3330 3556 3447 3623 glo-

1885 3637 2011 3687 riari
2040 3637 2230 3702 possit.
2248 3632 2443 3689 Verum
2470 3653 2566 3705 pro
2600 3649 2831 3707 utroque
2857 3654 3112 3712 suscepto
3136 3647 3448 3714 labore(35;

1883 3725 2125 3779 habenda
2146 3727 2347 3780 homini
2366 3728 2534 3797 gratia
2550 3739 2652 3782 est.
2671 3729 2821 3795 Quod
2839 3733 2982 3784 enim
3000 3734 3051 3786 in
3072 3736 3336 3802 scriptore
3350 3736 3450 3792 l‘uit

1883 3831 1991 3869 non
2040 3817 2372 3871 incommodi
2403 3817 2724 3888 cuiuspiam,
2764 3823 2859 3876 sed
2891 3825 3241 3880 emolumenti
3268 3829 3451 3895 potius

1881 3920 2044 3961 causa
2072 3908 2185 3976 (36;
2218 3918 2509 3977 utrumque
2536 3910 2618 3979 (ut
2654 3922 2709 3966 et
2767 3928 2888 3983 qua:
2929 3925 3086 3969 antea
3132 3918 3447 3986 scripserat)

1882 4000 2197 4056 elaboravit.
2221 3999 2375 4067 Quod
2403 4011 2583 4055 autem
2610 4004 2679 4057 ad
2714 4004 2928 4061 dicendi
2951 4008 3327 4065 characterem
3366 4023 3448 4065 at-

1885 4092 2038 4154 tinet,
2107 4093 2326 4145 dubium
2378 4110 2495 4149 esse
2528 4110 2592 4150 ac
2670 4110 3131 4165 supervacaneum
3179 4101 3449 4165 videatur,

1883 4181 2175 4250 quidquam
2208 4182 2469 4247 judicare.
2496 4184 2631 4239 Nam
2662 4201 2741 4242 ea:
2793 4191 2959 4245 variis
2996 4200 3159 4261 atque
3205 4195 3451 4264 omnige-

1886 4268 1969 4321 nis
1998 4269 2187 4339 17Gb
2220 4270 2334 4324 haec
2355 4282 2479 4326 sunt
2506 4275 2574 4328 ab
2597 4288 2664 4327 eo
2685 4275 2910 4331 collecta
2971 4282 3278 4335 volumina:
3304 4284 3453 4338 etvir

1887 4362 2128 4414 medicus
2155 4376 2262 4414 non
2295 4365 2567 4418 sermonis
2589 4366 2869 4435 elegantiae
2891 4371 3203 4439 perititeque
3226 4374 3451 4428 reddere

1888 4452 2156 4506 rationem
2190 4455 2547 4519 prudentibus
2574 4457 2754 4524 debet,
2776 4462 2868 4513 sed
2890 4460 2935 4513 si
2965 4475 3126 4529 quam
3166 4461 3306 4517 forte
3337 4479 3451 4517 me-

1815 4552 1857 4606 ι)
1888 4544 2129 4597 dicarum
2157 4544 2491 4599 functionum
2536 4549 2718 4603 minus
2767 4561 2914 4606 recte
2952 4563 3044 4606 aut
3076 4555 3327 4621 reddidit,
3361 4565 3453 4607 aut

1879 4636 2288 4690 demonstravit.

1953 4724 2075 4778 Vidi
2103 4741 2206 4794 ego
2236 4728 2466 4782 alterum
2500 4729 2741 4797 ejusdem
2775 4732 3016 4786 auctoris
3038 4747 3193 4800 Opus,
3224 4734 3448 4787 totidem

1879 4816 2037 4871 libris
2064 4819 2407 4883 distinctum,
2438 4822 3445 4893 inscriptumqueParata-[acilia(‘57).

1878 4905 1932 4961 ld
1962 4910 2027 4962 ad
2058 4909 2358 4977 Eugenium
2381 4915 2669 4979 quemdam
2695 4927 3074 4980 argumentum
3111 4931 3266 4970 suum
3301 4917 3448 4970 refc-

1885 5000 2059 5061 rebat,
2086 5016 2244 5069 quem
2276 5014 2329 5055 et
2361 5003 2623 5056 disertum
2687 5006 2955 5059 nominat.
3009 5005 3205 5060 Utilem
3234 5023 3447 5075 quoque

1886 5093 2238 5161 scriptiouem
2297 5093 2413 5149 fore
2492 5095 2887 5151 rusticantibus
2947 5098 3185 5160 additur,
3244 5099 3450 5166 iterque

1885 5186 2190 5250 agentibus,
2224 5198 2279 5241 et
2308 5188 2617 5257 ubicunque
2652 5187 2889 5243 locorum
2927 5192 3119 5245 medici
3156 5191 3306 5259 copia
3342 5208 3446 5246 non

1463 5316 1697 5372 V’AlilAE
1733 5318 2129 5374 LECTIONES.

277 5409 491 5459 τ’τεΑ
530 5424 723 5474 εγες.

1728 5522 1956 5581 NOTAE.

280 5683 397 5750 (34)
425 5679 529 5734 Per
565 5680 736 5746 capita
763 5679 850 5731 6‘2.

280 5746 396 5821 (55;
422 5750 823 5819 Eincndou'mép
847 5746 1110 5817 ἑκατέρας
1127 5746 1235 5807 τῶν
1258 5749 1520 5815 σπονδῶν,
1542 5762 1629 5805 aut
1653 5753 1779 5805 ἐκα-

214 5820 376 5892 τέρου
398 5822 507 5881 τῶν
541 5820 738 5876 πόνων,

2108 5684 2307 5759 ξΕνεκα
2342 5698 2543 5759 repono
2573 5701 2668 5752 pro
2698 5690 2955 5759 ἑκατέρα.

1960 5753 2205 5833 (δηιρυί
2234 5754 2422 5833 titulus
2442 5759 2616 5833 .modo
2666 5753 2922 5813 libroruin
2971 5763 3036 5816 ad
3069 5761 3439 5833 Eunaptumin

1888 5824 2130 5877 excussis
2161 5824 2581 5892 exemplaribus.
