4196 6442
768 420 874 484 719

1888 420 2144 481 PllOTlI
2188 421 2691 481 PATRIARCH/E
2735 423 2844 483 (ΞΡ.

3895 429 3994 494 720

774 537 1121 599 suppeteret:
1157 533 1525 582 verumtamen
1589 528 1679 583 hic
1730 527 1867 584 liber
1908 530 2009 583 etsi
2060 530 2236 593 titulo,
2279 540 2333 583 et
2360 539 2404 594 Α

2360 539 2404 594 Α
2434 528 2687 599 ἀλλαχοῦ,
2724 531 2830 601 ὅπῃ
2882 532 3156 601 παρουσία
3216 532 3405 604 ίατροῦ
3456 537 3558 590 οὐκ
3614 538 3990 610 ἐπιχωριάζει.

773 620 1018 691 apposita
1084 616 1407 673 dedicationi
1468 633 1722 687 persona,
1784 619 2026 674 nonnihil
2080 619 2325 681 dill‘erat,

771 722 962 766 caetera
1010 721 1192 765 tamen
1247 711 1459 764 nonnisi
1519 712 1849 779 descriptum
1901 726 2022 767 esse
2055 711 2237 779 operis
2267 710 2367 762 ad:

772 805 1070 872 Eunapium
1104 802 1236 856 satis
1298 802 1581 857 manifeste
1633 812 1878 873 apparet.
1925 803 2103 869 Quare
2136 803 2186 854 in
2213 816 2332 855 eam

772 894 1059 962 cogitando
1081 893 1408 946 sententiam
1438 892 1580 957 veni,
1606 907 1714 946 non
1737 906 1861 948 esse
1898 892 1950 945 id
2002 906 2237 959 unquam
2268 890 2334 943 ab

774 985 1023 1039 Oriba'sio
1048 983 1249 1039 factum
1294 1002 1307 1037 :
1344 983 1437 1036 sed
1471 984 1551 1037 vel
1584 998 1825 1037 errorem
1855 982 1991 1050 ejus,
2017 983 2109 1051 qui
2140 982 2207 1035 ab
2230 982 2336 1034 ini-

776 1078 852 1131 tio
877 1077 1101 1131 missum
1134 1078 1201 1131 ad
1222 1074 1520 1144 Eunapium
1564 1077 1760 1131 librum
1794 1074 2175 1138 describendo,
2207 1075 2336 1127 titu-

776 1170 883 1222 lum
915 1170 1131 1238 quidem
1161 1169 1215 1221 in
1241 1168 1667 1235 Parata-facilia
1706 1167 2080 1230 commutarit,
2109 1181 2208 1235 pro
2227 1168 2335 1219 Eu-

776 1264 938 1333 napio
969 1278 1099 1317 vero
1142 1263 1437 1329 Eugenium
1480 1261 1771 1329 subiecerit
1804 1278 1817 1314 :
1854 1261 1935 1314 vel
1984 1260 2146 1313 alium
2188 1270 2335 1314 certe

775 1355 1084 1423 quempiam
1115 1353 1339 1421 gloriam
1372 1353 1473 1405 sibi
1497 1366 1564 1405 ex
1610 1352 1946 1406 dedicatione
1977 1360 2333 1420 quaerentem,

773 1447 839 1498 ad
886 1446 991 1498 hoc
1039 1444 1346 1515 confugisse
1396 1454 1780 1509 commentum,
1826 1454 1885 1497 ut
1942 1459 2038 1513 pro
2092 1443 2335 1509 Ennapio

775 1536 1098 1604 Eugenium,
1127 1545 1180 1590 et
1208 1550 1308 1606 pro
1352 1536 1558 1604 scripto
1603 1536 1675 1590 ibi
1738 1536 1896 1591 titulo
1926 1535 2333 1604 Parata-facilia

772 1628 1058 1684 scriberet.

1453 1801 1655 1857 CCXX.

1194 1893 1417 1948 Theonis
1445 1894 1703 1947 archintri
1732 1893 1916 1947 Homo.

847 1987 971 2057 Legi
1002 1988 1240 2041 Theonis
1267 1988 1522 2041 archiatri
1560 1988 1907 2041 Alexandrini
1946 1986 2139 2040 librum
2166 1986 2333 2039 medi-

771 2096 917 2141 cum,
946 2080 1037 2143 qui
1057 2078 1227 2132 Homo
1255 2079 1590 2142 inscribitur,
1617 2078 1996 2132 etTheoctisto
2031 2077 2329 2131 dedicatur.

771 2173 1091 2226 Curationes
1113 2184 1290 2226 autem
1324 2173 1637 2241 auspicatur
1659 2173 1728 2225 ab
1768 2172 2003 2226 hominis
2038 2172 2213 2238 capite
2241 2184 2333 2223 us-

771 2280 876 2332 que
915 2264 979 2317 ad
1004 2264 1517 2330 pedes,aﬂ'etrtornm
1549 2265 1794 2316 omnium
1826 2263 2049 2317 ltntnatti
2082 2260 2327 2330 corporis

773 2359 1225 2428 partiummorbis
1254 2357 1492 2410 remedia
1536 2357 1779 2426 quaedam
1810 2355 2060 2409 alierens.
2099 2355 2211 2408 Νοιι
2253 2364 2333 2407 ta-

774 2467 895 2505 men
922 2459 1014 2503 aut
1041 2449 1215 2501 morbi
1249 2458 1523 2508 naturam,
1550 2449 1651 2499 nisi
1678 2448 1728 2499 in
1766 2450 1951 2515 paucis
1979 2450 2135 2509 l'orte,
2160 2448 2334 2514 expli—

773 2552 883 2605 eat,
919 2542 1164 2593 autsatis
1216 2540 1468 2591 distincte
1496 2538 1614 2590 illas
1686 2552 1771 2590 res
1817 2539 1982 2591 tradit
2031 2540 2094 2591 de
2135 2538 2331 2606 quibus

774 2633 1040 2683 disserere
1115 2630 1389 2698 prOponit.
1453 2629 1749 2695 Descriptis
1801 2643 1927 2680 vero
1982 2630 2090 2696 jam
2144 2642 2329 2680 eorum

776 2724 1088 2774 morborum
1128 2719 1402 2780 remediis,
1425 2719 1516 2786 qui
1550 2719 1709 2786 pedes
1749 2728 1911 2787 atque
1960 2718 2217 2773 articulos
2248 2720 2332 2772 in-

774 2810 972 2864 vadere
1007 2810 1201 2873 solent,
1266 2808 1333 2861 de
1400 2808 1755 2876 purgantibus
1836 2807 2028 2858 deinde
2095 2806 2332 2859 medica-

774 2902 969 2953 mentis
1043 2899 1380 2966 simplicibus
1433 2899 1565 2966 agit,
1621 2906 1956 2964 conaturque
2021 2906 2075 2949 et
2130 2911 2330 2951 causas

775 2992 1032 3057 quasdam
1085 2990 1311 3042 reddere
1340 2990 1520 3057 idque,
1575 3000 1630 3041 ut
1671 2990 1800 3041 mihi
1841 2989 2055 3058 quidem
2100 2989 2328 3049 videtur,

776 3098 878 3133 non
922 3092 1084 3143 recte,
1140 3092 1313 3144 neque
1363 3079 1644 3132 veritatem
1674 3091 1915 3140 secutus,
1947 3092 2040 3130 cur
2070 3078 2331 3148 purgandi

775 3171 1084 3225 facultatem
1116 3172 1530 3239 pltarmacorum
1582 3179 1773 3223 natura
1817 3178 2023 3222 exerat.
2058 3168 2194 3221 lline
2221 3183 2331 3221 me-

778 3266 1203 3316 dicamentorum
1265 3261 1440 3313 omnis
1495 3260 1708 3329 generis
1737 3260 2174 3327 compositionem
2212 3273 2332 3327 per-

782 3364 1000 3414 tractat,
1053 3367 1170 3419 quze
1196 3350 1550 3403 sullicientem
1582 3351 1646 3401 ad
1675 3362 1838 3415 supra
1873 3346 2175 3401 nominatos
2200 3362 2335 3400 mor-

776 3447 894 3506 bos,
919 3454 1253 3510 czcterasque
1290 3440 1509 3493 Intumui
1540 3439 1785 3508 corporis
1816 3435 2135 3492 all‘ectiones
2173 3451 2331 3491 usum

778 3540 1075 3609 praebeant,
1112 3538 1341 3607 singulis
1406 3536 1673 3589 morbosis
1725 3533 1987 3601 partibus,
2016 3546 2150 3599 quas
2200 3532 2336 3583 nmi-

777 3641 941 3695 serat,
972 3632 1207 3684 remedia
1243 3627 1437 3697 177a
1502 3626 1806 3681 ascribens.
1834 3622 2137 3691 Emplastra
2174 3622 2333 3675 insu-

776 3738 893 3790 per,
949 3730 1005 3774 et
1062 3721 1324 3773 adversus
1378 3714 1745 3769 lassitudinem
1803 3712 2061 3775 remedia,
2112 3711 2335 3781 collyria

779 3814 926 3876 item,
966 3825 1031 3863 ac
1061 3811 1238 3862 varias
1291 3809 1560 3861 antidotos
1587 3822 1616 3859 a
1642 3805 1810 3859 variis
1842 3803 2185 3872 praescriptas
2221 3816 2336 3856 me-

778 3902 913 3955 dicis
945 3898 1119 3953 aﬂ‘ert.
1155 3899 1268 3963 Qua
1304 3899 1355 3949 in
1394 3911 1531 3964 Opus
1576 3895 1702 3948 illud
1762 3893 2121 3947 consumitur.
2177 3891 2337 3945 Liber

777 4006 954 4045 autem
990 3994 1073 4044 hic
1103 3990 1346 4043 eamdem
1376 3989 1488 4042 fere
1544 3987 1853 4050 utilitatem,
1888 4000 2051 4054 quam
2101 3983 2333 4039 Oribasii

774 4086 1043 4155 synopsis,
1076 4082 1285 4137 alIerat.

1469 4254 1701 4312 CCXXI.

990 4350 1125 4402 Aetii
1158 4349 1399 4402 Amideni
1436 4348 1617 4416 Operi:
1645 4347 1831 4400 medici
1858 4346 1980 4399 libri
2014 4359 2121 4399 va.

846 4444 1098 4511 Legimus
1127 4441 1264 4495 Aetii
1294 4440 1538 4492 Amideni
1580 4440 1654 4493 De
1676 4455 1729 4491 re
1750 4438 1953 4490 medica
1983 4440 2147 4491 libros
2180 4438 2335 4491 sede-

773 4538 875 4590 ε-ίιιι
910 4536 1041 4603 (58),
1079 4534 1304 4601 collegit
1331 4541 1509 4584 autem
1564 4541 1732 4583 totum
1766 4530 1933 4583 hocce
1968 4544 2102 4596 opus
2140 4544 2243 4581 non
2265 4542 2331 4581 ex

774 4629 837 4678 iis
883 4638 1089 4677 tantum
1152 4622 1531 4691 scriptoribus,
1567 4635 1597 4673 e
1649 4620 1845 4687 quibus
1877 4620 2162 4671 Oribasius
2205 4633 2333 4671 suos

772 4720 886 4770 sive
922 4718 985 4769 ad
1014 4713 1287 4767 lulianum
1325 4714 1705 4781 imperatorem
1739 4712 1853 4766 sive
1898 4710 1963 4764 ad
1993 4709 2330 4763 Eustathiutn

771 4820 824 4861 et
847 4809 1147 4873 Ettnaptuut
1182 4806 1368 4869 libros,
1404 4805 1497 4856 sed
1560 4817 1623 4855 ex
1662 4801 2045 4869 therapeuticis
2075 4812 2334 4869 praeterea

771 4900 955 4954 Caleni
998 4896 1172 4960 libris,
1206 4905 1369 4963 atque
1406 4909 1467 4948 ex
1488 4895 1788 4963 Archigene
1819 4902 1873 4946 et
1898 4890 2059 4945 Rufo.
2090 4893 2169 4945 Ad
2220 4894 2333 4945 haec

770 5010 799 5043 e
834 4990 1161 5053 Dioscoride,
1209 4986 1498 5051 Herodoto,
1549 4984 1779 5048 Sorano,
1825 4983 2119 5051 Philagrio.
2150 4982 2331 5035 Philo-

773 5094 946 5140 mene,
978 5078 1291 5140 Posidonio,
1329 5075 1555 5142 aliisque
1622 5074 1919 5136 nonnullis,
1954 5074 2043 5139 qui
2078 5072 2327 5146 medendi

770 5183 885 5223 arte
918 5185 1112 5223 nomen
1153 5169 1252 5221 sibi
1279 5167 1611 5236 gloriamque
1647 5174 1989 5234 pepererunt.
2020 5164 2064 5216 Α
2096 5164 2327 5216 faculta-

771 5268 910 5315 tibus
937 5273 1114 5318 autem
1151 5260 1477 5327 simplicium
1516 5258 2055 5319 medicamentorum,
2091 5270 2153 5308 ac
2179 5256 2326 5308 cibo-

768 5371 882 5407 rum
919 5369 949 5408 e
977 5353 1181 5407 Caleno
1214 5353 1450 5406 breviter
1478 5352 1590 5404 hanc
1618 5364 2073 5409 commemorans,
2110 5348 2323 5400 initium

2359 1873 2406 1931 B

2448 620 2605 672 Ἀλλὰ
2634 620 2791 672 τοῦτο
2820 622 2879 673 τὸ
2909 622 3110 690 βιῆλίον
3136 626 3276 676 κατὰ
3310 628 3409 694 μὲν
3431 628 3530 697 τὴν
3558 629 3874 700 ἐπιγραφὴν
3903 630 3996 684 κᾶὶ

2435 713 2494 764 τὸ
2537 713 2966 782 ὑποϐαλλόμενον
3018 716 3097 778 εἶς
3139 719 3239 787 τὴν
3269 719 3653 790 προσφώνησιν
3704 726 3995 792 πρόσωπον

2433 806 2698 874 διαφορὰν
2751 808 2886 875 ἔχει,
2934 807 3001 859 τὰ
3048 808 3251 862 eam
3288 809 3430 877 μάλα
3482 814 3797 880 περιφανῶς
3835 831 4000 881 μετα-

2436 894 2620 960 γραφὴ
2657 894 2788 961 μόνη
2828 894 2945 945 ἐστὶ
2973 894 3073 964 τῆς
3103 896 3240 964 πρὸς
3270 898 3537 951 Εύνάπιον
3586 903 3995 969 πραγματείας,

2434 982 2573 1034 ὥστε
2599 984 2774 1049 ἔγωγε
2803 985 2893 1036 καὶ
2920 986 2999 1047 εἰς
3022 985 3314 1055 λογισμοὺς
3341 989 3616 1058 ἀφικόμην
3644 990 3719 1052 ὡς
3746 991 3855 1060 ἄρα
3892 995 3996 1059 μή·

2438 1089 2568 1124 ποτε
2596 1073 2695 1125 οὐκ
2724 1074 2810 1142 εἴη
2833 1073 2991 1125 τοῦτο
3020 1074 3339 1145 Ὀρειϐασίῳ
3359 1077 3859 1147 διαπεπραγμένον,
3882 1082 3994 1133 ἀλλ’

2435 1163 2467 1232 ἢ
2506 1163 2812 1234 ἁμάρτημα
2841 1164 2935 1216 τοῦ
2965 1166 3059 1216 ἀπ’
3089 1167 3259 1235 ἀρχῆς
3294 1168 3601 1237 γράψαντος
3625 1171 3684 1222 τὸ
3716 1173 3853 1239 πρὸς
3894 1174 3997 1223 Εὑ-

2435 1255 2625 1309 νάπιον
2676 1254 2897 1324 βιϐλίον,
2931 1256 2988 1318 ὃς
3014 1257 3111 1324 τήν
3145 1274 3204 1309 τε
3243 1258 3552 1328 ἐπιγραφὴν
3580 1262 3659 1321 εἰς
3696 1259 3766 1312 τὰ
3800 1263 3997 1312 Εὐπό-

2426 1365 2607 1415 ριστα
2638 1348 2964 1417 μετετάξατο
2992 1350 3088 1402 καὶ
3122 1350 3243 1402 ἀντὶ
3276 1351 3544 1402 Εύναπίου
3578 1352 3831 1418 Εὑγένιον
3891 1356 3996 1405 ὑπ-

2435 1440 2677 1503 εϐάλετο,
2713 1439 2746 1508 ἢ
2781 1439 2965 1509 ἕτερόν
2985 1456 3105 1492 τινα
3128 1439 3283 1506 δόξαν
3317 1442 3494 1511 ἐαυτῷ
3526 1444 3590 1495 ἐκ
3617 1444 3713 1510 τῆς
3745 1461 4001 1514 προσφω-

2434 1534 2640 1601 νήσεως
2689 1531 2970 1600 μνώμενον
3014 1532 3093 1592 εις
3133 1531 3234 1599 τὴν
3279 1532 3539 1601 τοιαύτην
3585 1536 4001 1604 περιενεχθῆναι

2435 1622 2701 1685 ἐπίνοιαν,
2736 1622 2829 1673 καὶ
2860 1622 3091 1689 ἀμεῖψαι
3120 1624 3214 1674 τόν
3244 1638 3301 1674 τε
3334 1623 3601 1675 Εὐνάπιον
3631 1627 3709 1686 είς
3743 1626 4001 1692 Εὐγένιον

2434 1714 2528 1767 καὶ
2557 1714 2655 1782 τὴν
2686 1713 2941 1782 κειμένην
2976 1714 3282 1783 ἐπιγραφὴν
3305 1715 3407 1780 Είς
3438 1717 3769 1784 εὐπόριστα
3790 1718 3859 1771 ⁷³.

3141 1802 3286 1855 .ΣΚ’.

2683 1892 2909 1958 Θέωνος
2957 1893 3276 1962 ἀρχιατροῦ
3324 1894 3358 1947 ό
3394 1893 3753 1961 Ἀνθρωπος.

2521 1984 2860 2054 ’Δνεγνώσθη
2892 1985 3099 2047 Θέωνος
3132 1985 3429 2056 ἁρχιητροῦ
3473 1987 3865 2054 Ἀλεξανδρέως
3923 1988 4005 2039 ία-

2435 2077 2621 2146 τρικδν
2657 2076 2880 2145 βιϐλίον,
2909 2076 2936 2129 ὃ
2989 2079 3281 2145 ἐπιγράφει
3311 2080 3667 2145 Ἄνθρωπον,
3698 2080 4005 2147 θεοκτίστῳ

2440 2166 2537 2233 μὲν
2566 2165 2627 2217 τὸ
2659 2165 2941 2233 σύνταγμα
2976 2170 3310 2236 προσφωνεῖ,
3359 2169 3670 2240 ἀπάρχεται
3699 2168 3755 2219 δὲ
3790 2169 3891 2235 τῆς
3922 2170 4005 2220 θε-

2442 2259 2673 2328 ραπείας
2713 2259 2820 2310 ἀπὸ
2854 2259 3095 2328 κεφαλῆς
3122 2262 3215 2311 καὶ
3242 2259 3418 2331 διήκει
3448 2261 3609 2329 μέχρι
3641 2260 3838 2321 ποδῶν,
3874 2262 4005 2311 πάν-

2435 2368 2543 2402 των
2575 2350 2682 2401 τῶν
2721 2348 3068 2402 πεπονθότων
3120 2351 3324 2419 μορίων
3381 2351 3476 2403 τοῦ
3532 2353 3781 2421 σώματος
3839 2351 4000 2422 θερα-

2437 2443 2595 2504 πείας
2624 2443 2777 2504 τινὰς
2806 2445 3156 2511 ἀναγράφων.
3191 2443 3329 2496 Οὔτε
3357 2444 3413 2495 δὲ
3442 2446 3541 2513 τὴν
3575 2444 3667 2496 τοῦ
3698 2446 4004 2514 νοσήματος

2437 2534 2600 2602 φύσιν
2656 2535 2795 2605 πλὴν
2838 2536 2928 2587 ἐπί
2978 2552 3041 2602 γε
3091 2536 3336 2605 βραχέων
3374 2537 3702 2601 ἐκδιδάσκει,
3734 2536 3859 2589 οὔτε
3899 2541 4006 2600 τοῖς

2436 2628 2709 2696 πρέπουσι
2747 2628 3273 2696 προσδιορισμοῐςη,
3306 2628 3435 2697 περὶ
3467 2622 3541 2680 ὧν
3574 2628 3877 2697 προάγεται
3923 2628 4007 2679 λέ-

2436 2735 2574 2786 γειν,
2604 2719 2703 2789 τὴν
2729 2719 3078 2772 διδασκαλίαν
3107 2721 3330 2786 ὑπάγει.
3366 2721 3520 2773 Μετὰ
3548 2720 3605 2773 δέ
3650 2738 3711 2788 γε
3761 2722 3821 2772 τὸ
3878 2720 4006 2789 γρά-

2434 2810 2600 2879 ψαιτ⁵
2630 2810 2738 2863 τῶν
2773 2810 3115 2881 ποδαγρικῶν
3159 2812 3255 2863 καὶ
3302 2810 3635 2881 ἀρθριτικῶν
3689 2810 3879 2863 παθῶν
3930 2810 4007 2863 ii-

2440 2919 2603 2970 ματα,
2660 2902 2876 2965 διέξεισι
2922 2903 3018 2970 μὲν
3073 2905 3199 2968 περὶ
3258 2901 3367 2953 τῶν
3421 2903 3607 2954 ἁπλῶν
3661 2900 4007 2969 καθαρτικῶν

2436 2994 2765 3061 φαρμάκων,
2800 2994 3059 3064 πειρᾶται
3082 2994 3138 3045 δὲ
3165 2993 3262 3045 καὶ
3293 2995 3471 3056 αἰτίας
3496 2995 3645 3054 τινας
3671 2994 4005 3053 ἀποδιδόναι,

2438 3082 2565 3153 [565
2620 3084 2712 3146 IL]
2748 3086 2847 3137 οὑκ
2889 3085 3076 3153 ἔμοιγε
3133 3084 3322 3137 δοκοῦν
3372 3086 3546 3154 ὀρθῶς
3579 3087 3700 3137 οὐδὲ
3727 3086 3825 3152 τῆς
3873 3086 4005 3153 άλη-

2438 3174 2585 3237 θείας
2624 3175 2953 3244 ἐξημμένος,
2986 3178 3055 3229 δι’
3086 3175 3152 3237 ἃς
3189 3176 3287 3244 τὴν
3335 3177 3667 3246 καθαρτικὴν
3714 3177 4005 3245 δύναμινὴ

2435 3267 2542 3317 τῶν
2571 3270 2875 3335 φαρμάκων
2919 3268 3249 3319 ἐπιδείκνυσι
3304 3269 3481 3336 φύσις.
3520 3269 3647 3320 Εἶτα
3704 3270 3829 3338 περὶ
3886 3287 4007 3321 συν·

2437 3356 2636 3419 θέσεως
2673 3358 3024 3410 παντοδαπῶν
3052 3358 3403 3426 διαλαμϐάνει
3437 3361 3765 3429 φαρμάκων,
3824 3360 3925 3411 ὅσα
3952 3376 4005 3412 τε

2438 3447 2586 3517 αὑτῷ
2618 3449 2753 3518 πρὸς
2781 3450 2850 3500 τὰ
2878 3449 3253 3519 προειρημένα
3300 3450 3413 3502 τῶν
3464 3450 3787 3519 νοσημάτων
3819 3451 4007 3521 ἱκανὴν

2437 3539 2737 3607 παρέχεται
2769 3538 2868 3609 τὴν
2894 3540 3106 3609 χρείαν,
3140 3541 3233 3593 καὶ
3257 3541 3391 3612 πρὸς
3414 3541 3483 3592 τά
3516 3540 3676 3593 λοιπὰ
3706 3542 3890 3593 πάντα
3914 3543 4005 3593 τοῦ

2439 3628 2689 3697 σώματος
2736 3630 2906 3699 πάθη,
2946 3630 2982 3684 ἃ
3015 3634 3232 3701 παρῆκε
3276 3634 3376 3700 τὴν
3405 3633 3549 3685 κατὰ
3584 3633 3652 3684 τὰ
3699 3635 4007 3685 πεπονθότα

2441 3720 2602 3789 μόρια
2633 3718 2931 3787 θεραπείαν
2973 3722 3328 3791 ἀναγράφων,
3379 3722 3762 3791 ὲμπλάστρους
3812 3740 3871 3774 τε
3915 3724 4007 3775 καὶ

2437 3810 2617 3863 ἄκοπα
2654 3812 2746 3863 καὶ
2790 3811 3109 3881 κουλ).ούρια
3138 3815 3233 3866 καὶ
3275 3814 3581 3875 ἀντιδότους
3615 3814 3913 3883 διαφόρους
3944 3818 4005 3867 ἐκ

2436 3900 2706 3969 διαφόρων
2735 3902 2946 3968 ἀνδρῶν
2969 3907 3483 3975 κατεσκευασμένας
3537 3908 3869 3976 ἀναγράφει.
3900 3909 4004 3961 Καὶ

2436 3993 2493 4043 έν
2519 3991 2728 4054 τούτοις
2780 3993 2927 4061 αὐτῷ
2957 3996 2989 4062 ἡ
3016 3995 3239 4063 τοιαύτη
3269 3996 3701 4064 συμπεραίνεται
3736 4012 4003 4067 πραγμα-

2434 4083 2575 4135 τεία.
2621 4083 2777 4134 Ἔστι
2823 4084 3003 4152 μέντοι
3038 4085 3136 4154 τὴν
3187 4086 3373 4155 χρείαν
3401 4086 3462 4139 τὸ
3510 4086 3713 4154 βιϐλίον
3740 4091 3861 4149 ταῖς
3909 4087 4002 4141 τοῦ

2449 4172 2786 4243 Ὀρειϐασίου
2817 4174 3073 4244 συνόψεσι
3109 4174 3485 4244 παρεχόμενον
3512 4176 3925 4245 παραπλησίαν.

3082 4265 3253 4317 ZKA'.

2621 4353 2844 4407 Ἀετίου
2881 4352 3196 4421 Ἀμιδηνοῦ
3238 4352 3507 4421 Ἰατρικοὶ
3549 4356 3717 4423 λόγοι
3742 4352 3842 4418 ις’.

2516 4440 2859 4512 Ἀνεγνώσθη
2899 4444 3103 4496 ’Δετίου
3136 4443 3420 4513 Ἀμιδηνοῦ
3464 4446 3707 4499 Βιϐλίον
3736 4447 4000 4514 ἰατρικὸν

2437 4536 2494 4586 ὲν
2529 4534 2707 4601 λόγοις
2734 4533 2827 4599 ις’.
2864 4537 3019 4587 Ἐστι
3048 4537 3148 4605 μὲν
3178 4537 3269 4589 οὖν
3296 4539 3446 4607 αὐτῷ
3478 4541 3627 4591 πᾶσα
3655 4541 3688 4606 ἡ
3729 4556 3993 4608 πραγμα·

2437 4626 2553 4676 τεία
2577 4627 2978 4695 συντεταγμένη
3014 4628 3077 4679 ἐκ
3104 4645 3162 4679 τε
3186 4622 3260 4680 ὦν
3303 4629 3635 4697 Ὀρειϐάσιος
3669 4630 3807 4698 πρὸς
3874 4630 3999 4682 Ἰου-

2438 4716 2616 4768 λιανὸν
2643 4716 2847 4783 ἔγραψε
2876 4717 3011 4785 πρός
3030 4733 3089 4768 τε
3114 4718 3407 4771 Εὑστάθιον
3448 4721 3543 4772 καὶ
3584 4720 3875 4783 Εύνάπιον,
3920 4722 3998 4772 ἔτι

2437 4810 2494 4862 δὲ
2521 4810 2614 4861 καὶ
2639 4809 2701 4859 ὲκ
2734 4808 2842 4859 τῶν
2873 4808 3282 4875 θεραπευτικῶν
3328 4809 3546 4877 βιϐλίων
3591 4811 3855 4879 Γα).ηνοῦ,
3908 4814 3999 4863 καὶ

2444 4900 2547 4967 μὴν
2575 4898 2665 4949 καὶ
2695 4897 3039 4965 Ἀρχιγένους
3072 4898 3163 4949 καὶ
3207 4896 3455 4964 Ῥούφου,
3494 4898 3573 4950 ἔτι
3598 4898 3653 4949 δὲ
3681 4899 3995 4966 Διοσκουρίο

2434 4990 2522 5040 δου
2550 5029 2564 5053 ,
2600 4989 2695 5041 καὶ
2736 4988 3017 5055 Ἡροδότου
3048 4988 3141 5039 καὶ
3177 4986 3449 5056 Σιυρανοῦ,
3484 4986 3773 5055 Φιλαγρίου
3808 5003 3868 5038 τε
3905 4990 3996 5038 καὶ

2433 5078 2761 5145 Φιλουμένου
2796 5078 2889 5129 καὶ
2917 5075 3273 5128 Ποσειδωνίου
3304 5077 3398 5127 καὶ
3422 5078 3624 5145 ἐτέρων
3674 5077 3841 5129 τινῶν
3882 5078 3995 5128 τῶν

2434 5170 2524 5218 ἐπὶ
2556 5169 2813 5237 τῇτέχνῃ
2852 5170 2949 5237 τῆς
3010 5167 3259 5236 ἰατρικῆς
3315 5168 3485 5236 ὄνομα
3544 5167 3831 5222 λιπόντων.
3884 5170 3995 5221 Καὶ

2433 5260 2739 5328 ἁπάρχεται
2770 5262 2868 5329 μὲν
2918 5258 3026 5310 ἀπὸ
3054 5258 3150 5326 τῆς
3186 5260 3291 5310 τῶν
3341 5260 3524 5311 ἁπλῶν
3573 5262 3883 5331 φαρμάκων
3936 5279 3994 5313 τε

2434 5350 2527 5400 καὶ
2552 5350 2767 5419 τροφῶν
2816 5351 3096 5418 δυνάμεως
3146 5349 3408 5418 Γαληνοῦ,
3442 5351 3500 5403 ὲν
3540 5351 3758 5418 συνόψει
3824 5350 3995 5404 ταῦτα

2017 5457 2253 5511 VARI/[‘2
2292 5458 2697 5514 LECTIONES.

832 5560 877 5587 τ’
946 5567 1062 5624 post
1084 5557 1377 5625 εὐπόριστα
1432 5555 1481 5605 in
1518 5554 1559 5604 Α
1606 5554 1757 5625 vacui
1808 5567 1995 5625 versus
2024 5551 2095 5625 28
2122 5565 2242 5625 cntn
2277 5550 2468 5625 pagina
2512 5553 2732 5606 adversa
2761 5553 2809 5606 in
2833 5552 2872 5607 C
2917 5568 3097 5608 versus
3125 5550 3159 5604 2
3191 5552 3313 5622 1/2.
3388 5552 3431 5583 ⁷⁸
3461 5552 3727 5623 πρέπουσι
3754 5553 3865 5614 τοῖς
3887 5550 3993 5603 διο-

769 5633 975 5695 ρισμοῖς
1005 5645 1061 5691 ς.
1141 5628 1187 5657 ⁷⁵
1221 5624 1275 5678 δέ
1304 5642 1362 5693 γε
1387 5625 1447 5676 τὸ
1478 5624 1680 5694 γράψαι
1707 5625 1745 5675 Α
1779 5642 1789 5676 :

1825 5623 1881 5674 δὲ
1911 5622 2203 5690 τὸ-γράψαι
2264 5622 2357 5672 καὶ
2392 5638 2448 5682 ς.

2270 5733 2502 5787 NOTAE.

836 5840 943 5893 (38)
985 5838 1220 5902 Quorum
1261 5835 1467 5902 priores
1503 5832 1564 5884 l8
1630 5832 1813 5885 Graece
1858 5830 2060 5898 pridem
2126 5827 2363 5880 Vcnctiis
2394 5827 2596 5880 excusi.
