4196 6442
201 416 301 481 721
1112 417 1630 477 BIBIJOTHECA.
1665 440 1733 451 —
1770 417 1985 476 cono.
2024 421 2239 487 cum,
2270 413 2515 474 CCXXI.
3339 408 3448 473 722

201 525 419 589 διεξιών
444 529 460 545 ⁹
493 524 999 595 συμπεραίνεταιδέ
1031 527 1181 596 αὐτῷ
1212 528 1273 580 τὸ
1291 527 1413 599 [291
1446 525 1540 596 IL]
1568 525 1742 594 βιϐλίο

1834 525 2042 589 tducit,
2079 526 2365 594 finiturque
2389 540 2524 593 opus
2572 523 2710 577 libro
2756 532 2908 577 sexto
2961 521 3191 588 decimo,
3241 526 3329 594 qui
3378 524 3446 579 de

202 621 283 679 εἰς
307 618 403 670 τὸν
446 624 522 682 ις’
551 618 726 684 λόγον,
760 622 887 690 περὶ
917 620 1244 687 γυναικείων
1276 620 1375 688 τὴν
1422 618 1742 673 διδασκαλία

1873 618 2155 671 mulierum
2207 618 2408 671 morbis
2439 627 2703 687 praecepta
2728 616 2892 669 tradit
2922 632 2935 669 :
2972 616 3169 686 quibus
3190 631 3309 670 cum
3338 617 3443 670 alia

204 710 531 778 ποιούμενον
581 711 793 764 παθῶν.
835 707 930 774 Οἷς
975 712 1067 763 καὶ
1109 710 1273 781 ἐτερά
1327 728 1449 763 τινα
1491 710 1744 763 συντάττε

1872 708 2325 777 adnectitcapita,
2355 719 2467 762 tum
2498 708 2767 777 tergendze
2796 708 2976 775 faciei,
3004 708 3302 777 reliquique
3318 723 3444 762 cor-

202 802 502 868 κεφάλαια,
544 804 847 871 σμήγματά
870 820 931 854 τε
959 802 1132 870 ὅψεως
1153 802 1481 869 παραδιδοὺς
1534 801 1631 853 xui.
1674 816 1744 851 το

1869 796 2018 865 poris
2049 799 2313 853 rationem
2337 799 2519 865 docet,
2555 798 3024 853 mnantltariorum
3059 798 3279 867 insuper
3306 813 3443 865 pra:-

202 890 394 941 λοιποῦ
446 890 717 960 σώματος,
774 891 1070 953 σκευασίας
1118 906 1180 943 τε
1241 889 1622 960 οίνανθαρίων,
1676 906 1744 943 κα

1870 889 2176 955 paratione,
2194 898 2249 944 et
2288 891 2339 945 id
2368 904 2536 960 genus
2557 889 2677 943 aliis
2693 889 3015 959 quibusdam
3052 889 3297 955 adjectis.
3328 888 3440 952 Sic,

200 980 289 1032 ἐτε
299 983 367 1049 ρά
394 998 520 1035 τινα
550 984 959 1053 τοιουτότροπα.

1868 982 1947 1033 uti
1984 980 2260 1046 diximus,
2292 998 2430 1049 opus
2482 982 2793 1037 universum
2860 989 2915 1036 et
2960 979 3149 1049 incipit
3207 988 3261 1033 et
3300 978 3445 1033 desi-

205 1073 309 1124 nit.
351 1073 681 1142 Singulatim
735 1084 963 1140 autem;
1017 1071 1232 1142 primus
1285 1071 1423 1128 liber
1464 1067 1789 1141 simplicium
1816 1068 2202 1128 alimentorum
2250 1086 2314 1127 ac
2360 1072 2879 1128 medicamentorum
2958 1070 3250 1126 facultates
3319 1071 3444 1124 bre-

203 1163 348 1213 viter
382 1165 723 1232 perstringit.

285 1256 349 1307 'H
380 1257 480 1325 μὲν
510 1254 603 1312 οὖν
622 1259 716 1329 ὅλη
744 1259 893 1328 αὐτῷ
931 1260 1285 1331 πραγματεία
1316 1260 1375 1325 te
1399 1253 1474 1312 ῶν
1498 1276 1559 1312 τε
1604 1258 1744 1330 ἄρχε

1940 1254 2092 1310 Alter
2117 1254 2240 1310 dein
2270 1254 2657 1310 metallicorum
2685 1250 2995 1308 facultatem
3030 1262 3086 1307 et
3115 1266 3291 1317 usum,
3316 1251 3442 1305 ani-

200 1362 313 1407 ται,
337 1346 574 1416 εἴρηται,
597 1348 690 1400 καὶ
729 1350 785 1401 ἐν
812 1344 894 1410 οἷς
925 1350 987 1401 τὸ
1014 1350 1185 1419 πέρας
1214 1348 1592 1418 ἀπολαμϐάνει
1610 1364 1625 1378 ·
1669 1364 1744 1401 κα

1870 1346 2249 1416 mantiumque
2280 1346 2365 1402 vel
2389 1348 2721 1417 integrorum
2748 1345 2832 1400 vel
2856 1345 3089 1413 partium
3119 1360 3306 1398 eorum
3336 1342 3445 1396 uti-

200 1436 270 1487 τὰ
300 1438 465 1505 μέρος
500 1438 557 1490 δέ
587 1440 645 1495 τὸ
677 1442 775 1509 μὲν
805 1440 852 1493 α’
881 1441 1030 1511 αὺτῷ
1053 1442 1259 1511 βιϐλίον
1286 1442 1395 1495 τῶν
1430 1440 1617 1495 ἁπλῶν
1643 1455 1744 1509 τρο

1868 1437 2079 1493 litatem
2111 1441 2304 1509 paucis
2340 1440 2393 1494 in
2442 1440 2681 1495 medium
2712 1437 2909 1493 affert:
2952 1438 3125 1507 possit
3152 1448 3327 1489 autem
3357 1446 3441 1489 to-

200 1524 320 1592 φῶν
366 1530 460 1579 καὶ
489 1527 600 1581 τῶν
642 1531 950 1599 φαρμάκων
997 1532 1056 1584 ἐν
1105 1532 1324 1600 συνόψει
1358 1533 1459 1594 τὰς
1506 1529 1744 1600 δυνάμει

1868 1530 1977 1584 tius
1999 1531 2065 1585 de
2086 1530 2423 1598 simplicibus
2475 1530 2885 1586 medicamentis
2937 1528 3279 1585 tractationis
3313 1541 3438 1597 pars

200 1617 516 1682 καταλέγει,
539 1619 567 1669 ό
594 1620 651 1672 δὲ
687 1621 731 1687 β’
750 1620 851 1683 τάς
882 1621 994 1675 τῶν
1024 1621 1366 1690 μεταλλικῶν
1388 1621 1653 1691 δυνάμεις
1671 1635 1744 1672 κα

1872 1618 1990 1674 hmo
2022 1636 2128 1675 non
2160 1623 2371 1679 modica
2412 1622 2645 1675 censeri.

197 1708 427 1777 χρήσεις
447 1711 542 1762 καὶ
571 1710 665 1774 τὰς
698 1713 806 1765 άπὸ
832 1712 942 1766 τῶν
969 1712 1122 1777 ζώων
1144 1715 1283 1769 ὅλων
1321 1732 1379 1768 τε
1409 1716 1503 1769 καὶ
1549 1712 1755 1785 μορίων
1783 1710 2052 1780 ὠφελείας
2074 1716 2134 1769 ἐν
2164 1716 2383 1785 συνόψει
2427 1713 2785 1788 παρατίθεται
2804 1729 2820 1742 '
2868 1715 2954 1785 εἴη
3022 1713 3082 1767 δὲ
3112 1713 3209 1767 καὶ
3280 1712 3438 1766 τοῦτο

197 1799 296 1867 τῆς
327 1802 457 1869 περ)⁸
488 1802 596 1854 τῶν
615 1804 800 1856 ἁπλῶν
823 1805 1131 1874 φαρμάκων
1172 1806 1553 1876 πραγματείας
1599 1805 1765 1877 μέρος
1792 1804 1892 1857 οὒκ
1916 1805 2217 1877 ἐλάχιστον.

278 1890 341 1943 '0
367 1892 427 1944 δέ
456 1898 504 1960 γ’
531 1893 680 1963 αὐτῷ
698 1894 857 1963 λόγος
877 1897 1009 1965 περί
1035 1914 1096 1950 τε
1127 1898 1446 1968 γυμνασίων
1491 1898 1744 1954 παντοδα-

1928 1894 2145 1954 Tertius
2178 1900 2293 1967 ejus
2320 1898 2456 1953 liber
2480 1896 2591 1969 agit
2644 1899 2711 1954 de
2763 1898 2939 1953 omnis
2967 1897 3185 1969 generis
3221 1898 3434 1952 exerci-

195 1981 320 2033 πῶν
352 1982 728 2054 διαλαμϐάνει,
755 1988 850 2041 καὶ
876 1988 978 2041 ὅσα
998 1990 1415 2057 παρασκευάζει
1444 1990 1508 2045 τὸ
1554 1992 1744 2061 γυμνά·

1870 1990 2188 2056 tationibus,
2227 2006 2454 2061 quaeque
2519 1991 2968 2046 exercitationem
3032 1998 3243 2056 parent.
3296 1987 3433 2043 Hinc

194 2063 335 2129 σιὸν.
368 2070 502 2128 Εἶτα
550 2079 688 2147 μετὰ
738 2080 838 2142 τάς
869 2081 1191 2152 κενώσειςῆ
1260 2083 1359 2145 τὰς
1412 2083 1744 2155 διαφορήσεις

1864 2093 1987 2153 post
2007 2084 2412 2148 evacuationes,
2450 2096 2545 2137 seu
2597 2084 2881 2138 bumorum
2939 2082 3252 2137 eductiones
3314 2080 3433 2135 illas

191 2167 403 2231 ταύτας
424 2169 521 2231 τάς
550 2170 651 2223 οὐκ
672 2172 963 2245 ἐπιδήλους
985 2175 1112 2246 περὶ
1138 2172 1500 2243 φλεϐοτομίας
1543 2174 1766 2245 διαλαμρ

193 2258 369 2325 ϐάνει⁹
403 2260 710 2329 τρόπουςτε
727 2263 830 2333 τῆς
855 2267 1025 2337 τομῆς
1065 2267 1409 2338 διευκρινῶν,
1452 2268 1545 2322 καὶ
1602 2269 1765 2339 μεγέ-

190 2346 321 2410 θους
350 2352 445 2403 καὶ
467 2353 763 2420 σχημάτων
783 2356 877 2408 καὶ
905 2356 1097 2427 καιροῦ
1124 2360 1219 2410 καὶ
1238 2358 1440 2429 μέτρου
1475 2359 1761 2424 κενώσεως

188 2440 503 2509 ἀναγράφει
530 2459 547 2473 ο
577 2444 706 2512 περί
734 2462 793 2497 τε
818 2447 1239 2517 άρτηριοτομίας
1278 2450 1373 2501 καὶ
1418 2451 1757 2520 άρτηριακοῦ

191 2532 473 2600 ίσχαίμου,
505 2536 599 2587 καὶ
622 2536 833 2601 σικύας,
866 2538 960 2591 καὶ
996 2540 1358 2610 ἐγχαράξεως,
1394 2543 1488 2594 καὶ
1521 2542 1752 2611 βδελλῶν

186 2625 421 2694 ἐκλογῆς
442 2643 501 2678 τε
521 2628 568 2659 τ⁶
589 2628 683 2682 καὶ
706 2629 913 2700 διαίτης
942 2633 1037 2685 καὶ
1071 2633 1341 2702 χρήσεως,
1380 2634 1505 2703 περί
1526 2652 1586 2686 τε
1618 2635 1756 2688 καθ-

187 2716 460 2785 αιρόντων
506 2721 831 2789 φαρμάκων,
863 2722 959 2774 καὶ
1011 2724 1168 2777 οῐνων
1196 2725 1543 2795 καθαρτικῶν
1566 2726 1755 2795 διαφό-

186 2825 318 2876 ρους
342 2810 384 2839 ⁷⁷
424 2810 737 2875 σκευασίας,
766 2813 861 2865 xui.
901 2814 1233 2882 οἰνομέλιτος
1284 2815 1616 2885 καθαρτικοῦ
1658 2816 1755 2869 xai.

183 2898 432 2952 κονδίτου
458 2901 550 2953 καὶ
574 2901 869 2969 ἀψινθάτου
900 2904 994 2955 καί
1020 2904 1269 2973 ροσάτου,
1294 2906 1386 2958 καὶ
1414 2906 1753 2976 ροδομέλιτος

184 2991 283 3042 καὶ
311 2990 649 3060 ὀξυμέλιτος,
684 2994 854 3063 γάρου
887 3011 947 3045 τε
1004 2994 1335 3065 καθαρτικοῦ
1383 2999 1478 3050 xui.
1537 2998 1751 3067 μέλιτος

182 3082 278 3131 καὶ
311 3083 594 3151 οἰνογάρου
627 3084 670 3115 ⁷⁸
706 3086 798 3137 καὶ
827 3084 1116 3150 όξυγάρου,
1156 3085 1341 3152 ζωμοῦ
1391 3104 1449 3138 τε
1482 3088 1751 3154 μαλακτι-

183 3171 284 3222 κοῦ
324 3173 419 3223 καί
452 3174 715 3239 γάλακτος
741 3175 834 3226 καὶ
859 3175 1054 3226 ἐλαιῶν
1079 3174 1448 3243 καθαρτικῶν,
1475 3180 1603 3247 περὶ
1626 3178 1750 3231 τού-

179 3281 290 3313 των
316 3264 575 3315 ἀπὰντων
606 3266 701 3331 τὴν
750 3265 1097 3319 διδασκαλίαν
1129 3266 1380 3337 προάγει.
1410 3269 1529 3319 Ἔτι
1573 3270 1630 3321 δὲ
1658 3271 1749 3322 καὶ

181 3354 314 3420 περὶ
341 3354 609 3406 συνθέτων
634 3355 939 3425 ὀξυπορίων
990 3357 1084 3408 καὶ
1135 3356 1521 3428 καθαρτηρίων
1566 3360 1750 3430 διαφό-

181 3461 316 3511 ρων,
352 3445 447 3496 καὶ
481 3447 786 3498 παστίλλων
814 3448 905 3498 καὶ
962 3448 1333 3517 βουκελλάτων
1374 3450 1744 3520 καθαρτικῶν.

174 3537 503 3605 Ἀλοηδάριά
548 3554 607 3590 τε
657 3540 962 3609 καθαρτικὰ
1002 3542 1343 3611 ἀναγράφει,
1406 3544 1499 3595 καὶ
1577 3544 1748 3598 ἆλατα

176 3632 404 3698 ὁμοίως,
438 3633 659 3695 καὶτὰς
708 3633 750 3685 ε’
782 3635 948 3704 ἱερὰς,
996 3635 1124 3701 [568
1156 3634 1248 3707 8.]
1304 3636 1629 3706 βοηθήματά
1685 3656 1746 3693 τε

174 3727 293 3784 τοῖς
318 3722 544 3775 λαϐοῦσι
568 3724 627 3776 τὸ
650 3725 1017 3795 καθαρτήριον
1057 3727 1148 3778 καὶ
1182 3727 1243 3779 οὐ
1303 3728 1740 3798 καθαιρομένοις,

172 3816 399 3875 καὶτοῖς
430 3816 570 3885 ὑπὲρ
605 3817 805 3887 μέτρον
826 3817 1127 3870 κενωοεῖσι.
1156 3817 1291 3889 Περί
1310 3835 1367 3871 τε
1388 3819 1618 3890 ἐμέτων,
1652 3823 1745 3875 καὶ

172 3905 291 3956 τίσι
325 3905 506 3956 δοτέον
536 3907 624 3958 τὸν
655 3907 958 3977 ἐλλέϐορον,
985 3909 1079 3961 καὶ
1106 3909 1159 3961 τί
1191 3909 1444 3976 δύναται,
1476 3914 1569 3964 καὶ
1600 3914 1744 3976 τίνες

171 3994 314 4064 πρὸς
348 3997 509 4049 αὑτὸν
571 3999 892 4065 ἐπιτήδειοι,
945 3999 1265 4068 δοκιμασίας
1311 4018 1370 4053 τε
1430 4002 1739 4074 ἐλλεϐόρου,

169 4084 268 4137 καὶ
306 4090 761 4155 προπαρασκευὰς
783 4089 876 4140 τοῦ
919 4089 1202 4157 μέλλοντος
1230 4092 1393 4145 αὑτὸν
1422 4094 1620 4161 πίνειν,
1642 4096 1741 4159 τάς

164 4192 229 4226 τε
275 4176 542 4245 διαφορὰς
593 4178 691 4245 τῆς
732 4178 823 4231 τοῦ
880 4179 1164 4249 ἐλλεϐόρου
1200 4184 1466 4251 χρήσεως,
1502 4186 1598 4237 καὶ
1642 4186 1742 4257 τὴν

168 4267 305 4334 περὶ
334 4268 461 4328 τοὺς
492 4268 711 4331 πιόντας
734 4270 896 4323 αὑτὸν
930 4272 1264 4340 ἐπιμέλειαν.
1294 4275 1427 4343 Περί
1473 4293 1530 4328 τε
1558 4278 1741 4329 ἐπιθε-

164 4356 362 4425 μάτων
417 4359 762 4427 καθαρτικῶν
803 4361 1149 4431 διαλαμϐάνει
1174 4380 1188 4393 ’
1236 4364 1331 4416 καὶ
1398 4367 1495 4418 ὅσα
1529 4366 1635 4419 τῶν
1680 4369 1741 4420 ἐν

1863 2174 2130 2238 occultas,
2161 2174 2228 2227 de
2255 2187 2403 2227 vente
2427 2174 2667 2227 sectione
2697 2180 3011 2241 pertractat,
3043 2185 3147 2225 non
3174 2170 3431 2225 sectionis

1861 2274 2076 2320 tantum
2112 2264 2300 2319 modos
2340 2264 2677 2324 discernens.
2708 2262 2802 2316 sed
2828 2260 2991 2315 etiam
3020 2258 3429 2329 magnitudinis.

1864 2354 2185 2420 formarum,
2256 2354 2514 2423 temporis
2550 2351 2861 2421 opportuni,
2915 2360 3079 2419 atque
3132 2349 3428 2403 evacuandi

1859 2460 2126 2501 mensurae
2150 2446 2484 2500 describens.
2521 2444 2644 2498 Mox
2671 2445 2737 2497 de
2753 2443 2967 2497 arteriae
2990 2442 3255 2505 sectione,
3286 2452 3339 2495 et
3362 2442 3429 2495 de

1858 2537 2174 2605 sanguinem
2194 2536 2421 2590 sistente
2444 2536 2769 2588 arteriarum
2810 2534 3223 2598 medicamento,
3248 2535 3312 2588 de
3333 2549 3427 2587 cu-

1860 2626 2096 2689 curbita,
2155 2624 2576 2687 scarificatione,
2608 2632 2664 2678 et
2715 2622 3025 2677 hirudinum
3090 2623 3326 2677 delectu.
3352 2622 3430 2678 De

1856 2717 2030 2770 victus
2066 2715 2277 2769 ratione
2300 2723 2355 2769 et
2381 2730 2500 2778 usu,
2536 2713 2604 2768 de
2623 2714 2973 2782 purgantibus
2999 2713 3423 2776 medicamentis,

1856 2819 1913 2865 et
1939 2810 2188 2864 vinorum
2229 2808 2575 2878 purgantium
2627 2808 2775 2859 vario
2832 2815 3119 2874 apparatu.
3180 2803 3255 2858 De
3306 2820 3426 2871 pur-

1854 2912 2018 2973 gante
2071 2902 2196 2955 vino
2242 2900 2438 2963 mulso,
2520 2899 2760 2961 condito,
2814 2898 3159 2961 absinthiato,
3218 2909 3419 2958 rosato,

1853 2994 2010 3048 melle
2043 3006 2283 3054 rosaceo,
2319 2999 2474 3043 aceto
2527 2988 2725 3051 mulso,
2761 2989 2995 3057 itemque
3035 2989 3100 3042 de
3136 3004 3264 3056 garo
3297 3004 3424 3055 pur-

1851 3096 2030 3150 gante.
2065 3084 2138 3138 De
2172 3082 2346 3147 melle,
2387 3082 2515 3135 vino
2563 3082 2757 3146 mulso,
2790 3092 3059 3149 oxygato,
3112 3096 3171 3134 ac
3209 3081 3422 3148 juscnlo

1855 3174 2161 3228 molliente:
2194 3174 2261 3226 de
2314 3172 2474 3236 lacte,
2526 3182 2692 3238 atque
2751 3170 2909 3224 olivis
2943 3171 3315 3240 purgantibus.
3347 3170 3422 3225 De

1855 3267 2049 3334 quibus
2071 3265 2286 3333 quidem
2315 3262 2570 3317 omnibus
2630 3263 3020 3329 praeceptiones
3060 3262 3241 3315 tradit.
3284 3259 3423 3315 Pra>

1863 3373 2010 3415 terea
2040 3370 2097 3415 et
2149 3362 2215 3413 de
2249 3357 2560 3424 compositis
2591 3357 2779 3426 177b
2819 3356 3095 3426 exyporis,
3148 3372 3213 3410 ac
3254 3357 3422 3411 variis

1853 3451 2195 3519 purgatoriis,
2226 3451 2396 3517 deque
2427 3450 2673 3516 pastillis,
2696 3459 2760 3507 et
2798 3450 3109 3503 buccellatis
3144 3450 3423 3518 purganti-

1852 3541 1969 3594 bus.
2004 3540 2282 3593 Aloedaria
2313 3554 2524 3607 quoque
2554 3539 2835 3609 purgantis
2870 3540 3149 3606 describit,
3177 3539 3406 3593 similia-

1851 3646 1954 3699 que
1980 3644 2011 3683 e
2032 3631 2164 3693 sale,
2191 3638 2245 3685 et
2271 3631 2388 3683 illas
2427 3630 2661 3697 quinque
2690 3630 2989 3684 celebratas
3034 3631 3233 3685 bieras.
3262 3631 3423 3684 Auxi-

1850 3722 2033 3775 liantia
2064 3736 2278 3790 quoque
2300 3722 2365 3775 iis
2402 3737 2536 3789 quos
2562 3736 2795 3791 purgans
2831 3723 3280 3777 medicamentum
3311 3739 3418 3778 non

1849 3815 2117 3883 purgavit,
2138 3825 2227 3866 aut
2252 3814 2340 3881 qui
2362 3827 2518 3880 supra
2546 3815 2781 3878 modum,
2798 3815 3038 3868 evacuati
3061 3822 3209 3869 sunt.
3235 3813 3307 3869 De
3325 3830 3419 3870 vo-

1850 3908 2003 3973 mitu,
2023 3914 2077 3960 et
2092 3907 2286 3975 quibus
2309 3906 2543 3958 dandum
2574 3905 2644 3958 sit
2666 3914 2955 3971 veratrum,
2978 3906 3107 3975 quid
3129 3906 3257 3960 illud
3289 3921 3415 3974 pos-

1848 3996 1939 4060 sit,
1955 4011 2017 4050 ac
2037 3998 2125 4064 qui
2148 3995 2212 4048 ad
2230 3996 2543 4050 sumendum
2563 3995 2691 4063 apti.
2710 3995 2784 4049 De
2802 3995 3168 4063 exploratione
3194 3998 3414 4063 veratri,

1846 4100 1901 4142 et
1916 4090 2304 4157 praeparatione
2321 4090 2559 4143 bibituri.
2586 4091 2657 4144 De
2680 4091 2831 4145 vario
2855 4091 3075 4146 ellebori
3101 4108 3191 4145 seu
3213 4093 3414 4147 veratri

1847 4196 1945 4235 usu
1969 4189 2125 4248 atque
2140 4180 2487 4244 exhibitione,
2510 4181 2641 4236 etde
2661 4197 2786 4235 cura
2801 4197 2986 4237 eorum
3005 4183 3095 4252 qui
3120 4183 3246 4238 illud
3261 4183 3415 4239 bibe-

1844 4283 1990 4327 runt.
2021 4274 2095 4327 De
2147 4272 2495 4340 epithematis
2537 4274 2891 4341 purgantibus
2952 4275 3319 4344 prosequitur,
3360 4284 3415 4329 et

1844 4377 2177 4432 quaecunque
2209 4363 2261 4416 in
2291 4362 2445 4417 nobis
2467 4372 2650 4429 partes
2680 4373 3007 4433 purgentur,
3047 4374 3174 4432 puta
3202 4366 3409 4429 oculos,

165 4451 305 4516 ἡμῖν
344 4449 551 4516 μορίων
596 4451 713 4502 ἐστὶ
742 4452 1068 4523 καθαρτικὰ,
1110 4453 1402 4523 ὀφθαλμῶν
1459 4456 1600 4524 λέγω
1642 4460 1738 4511 καὶ

1844 4469 2024 4519 aures,
2050 4462 2106 4508 et
2124 4453 2380 4521 reliquas.
2412 4452 2485 4506 De
2542 4451 2849 4507 sullimento
2878 4455 2944 4507 ad
2999 4455 3251 4509 eumdem
3284 4454 3413 4508 eﬂe-

161 4538 325 4589 ῶτων
355 4540 448 4589 καὶ¹
482 4539 589 4590 τῶν
644 4541 871 4610 ἐφεξῆς·
923 4543 1049 4612 περί
1082 4561 1141 4596 τε
1176 4545 1595 4615 ὑποκαπνισμοῦ
1657 4550 1737 4611 εἰς

1844 4557 1989 4600 ctum
2024 4545 2350 4613 pertinente,
2388 4554 2441 4598 et
2501 4544 2569 4597 de
2622 4545 2690 4599 iis
2740 4559 2859 4611 quae
2902 4545 3083 4599 tenuia
3130 4545 3409 4611 intestina,

159 4629 264 4696 τὴν
295 4629 465 4699 αὐτὴν
489 4630 767 4700 ἐνέργειαν
801 4633 1180 4697 συντελοῦντος
1208 4652 1223 4665 ο
1256 4638 1350 4689 καὶ
1384 4638 1514 4707 περὶ
1567 4656 1739 4694 κενω-

1844 4652 2129 4704 semasque
2176 4636 2373 4705 iecoris
2414 4646 2621 4705 partes,
2678 4645 2733 4690 et
2762 4637 2845 4691 bis
2879 4637 3079 4691 similia
3124 4648 3407 4691 evacuant.

160 4720 359 4779 τικῶν,
392 4721 603 4773 λεπτῶν
629 4739 686 4774 τε
717 4724 953 4793 ἐντέρων
986 4725 1081 4777 καὶ
1108 4726 1215 4779 τῶν
1258 4728 1436 4797 σιμῶν
1458 4728 1554 4782 τοῦ
1590 4732 1738 4801 ἧπα-

158 4828 255 4873 τος
294 4812 391 4864 xai.
416 4811 524 4864 τῶν
546 4814 960 4883 παραπλησίων.
1001 4818 1136 4887 Περί
1160 4835 1219 4871 τε
1253 4819 1428 4889 ἀέρων
1473 4822 1567 4874 καὶ
1608 4824 1736 4877 ἀνέ-

163 4920 285 4970 μων
308 4905 401 4955 καὶ
422 4905 822 4973 ἐπισημασιῶν,
865 4908 1071 4961 ὑδάτων
1114 4926 1172 4961 τε
1203 4910 1297 4963 καὶ
1336 4910 1595 4982 λουτρῶν,
1621 4915 1731 4969 τῶν

157 5011 219 5045 τε
236 4996 302 5047 ἐκ
323 4994 515 5063 τέχνης
543 4996 636 5050 xai.
667 4998 766 5050 ὅσα
797 4998 829 5066 ἡ
860 4998 1020 5067 φύσις
1066 5000 1374 5071 προήγαγε,
1427 5003 1729 5075 ψυχρολου-

161 5083 286 5146 σίας
310 5101 371 5135 τε
399 5086 614 5154 καὶτῆς
644 5089 723 5149 εὶς
757 5087 933 5141 ἔλαιον
963 5088 1278 5159 ἐμϐάσεωςο
1309 5092 1405 5145 καὶ
1444 5096 1571 5164 περὶ
1618 5095 1729 5149 τῶν

156 5175 257 5227 τοῦ
312 5175 609 5244 προσώπου
666 5178 1012 5248 κλυσμάτων,
1070 5182 1469 5251 καταιονήσεώς
1517 5201 1577 5237 τε
1627 5186 1722 5238 καὶ

162 5267 572 5337 ἐγκαθίσματος
618 5271 712 5323 καὶ
757 5270 1034 5342 ἐμϐροχῆς
1089 5275 1183 5326 καὶ
1233 5274 1565 5345 πυριάσεως.
1627 5279 1738 5330 Καὶ

1845 4729 1918 4785 De
1950 4743 2095 4791 aere,
2131 4730 2304 4783 ventis
2368 4743 2431 4781 ac
2486 4729 2762 4783 stellarum
2795 4729 3296 4797 significationibus.
3339 4732 3411 4784 De

1841 4820 1996 4887 aquis
2027 4820 2154 4874 item
2187 4830 2242 4873 et
2264 4820 2492 4885 balneis,
2520 4821 2717 4886 partim
2750 4820 2982 4874 artiﬁcio
3025 4823 3261 4889 paratis,
3288 4837 3410 4889 par-

1843 4912 1937 4965 tim
1970 4921 2166 4965 natura
2199 4911 2497 4981 productis.
2561 4911 2636 4965 De
2703 4911 2896 4980 frigida
2940 4911 3165 4975 lotione,
3235 4912 3410 4980 deque

1842 5004 2058 5057 insessu
2108 5003 2226 5058 solii
2280 5020 2346 5058 ex
2401 5004 2543 5068 oleo,
2580 5004 2713 5058 etde
2763 5004 2916 5057 faciei
2964 5004 3299 5073 aspersione,
3342 5005 3408 5056 de

1834 5095 2162 5165 perfusione,
2209 5096 2619 5159 inscssionibus,
2681 5097 3104 5159 humectatione,
3151 5106 3205 5149 et
3263 5096 3410 5149 sicco

1837 5187 2097 5242 fomento.
2145 5188 2221 5241 De
2261 5189 2427 5241 variis
2472 5188 2916 5257 cataplasmatum
2960 5188 3265 5256 generibus.
3337 5188 3409 5239 De

1839 5280 2088 5346 drapace,
2128 5278 2418 5347 picatione,
2478 5280 2798 5346 sinapismo.
2860 5278 3247 5340 rnbricatione,
3274 5288 3327 5331 et
3355 5278 3405 5329 in

161 5360 292 5427 περὶ
320 5360 589 5431 διαφόρων
622 5362 1129 5433 ξκαταπλασμάτων,
1186 5366 1474 5435 δροπάκων
1533 5384 1592 5419 τε
1645 5368 1740 5419 καὶ

1839 5370 2036 5439 quibus
2088 5370 2158 5424 sit
2203 5371 2677 5440 metasyncriticis,
2729 5371 2843 5424 sive
2889 5372 3145 5424 humores
3195 5384 3257 5423 ex
3297 5371 3405 5422 alto

160 5450 481 5514 πιττῶσεως
504 5452 597 5505 καὶ
632 5454 955 5524 σιναπισμοῦ
1002 5457 1096 5508 καὶ
1125 5457 1412 5526 φοινιγμοῦ
1436 5475 1449 5488 ο
1502 5460 1598 5511 καὶ
1630 5460 1721 5511 ἐπὶ

160 5540 272 5591 τίσι
308 5541 574 5611 χρηστέον
607 5541 733 5613 [292
776 5542 866 5612 H.]
917 5548 1028 5608 τοῖς
1064 5551 1572 5616 μετασυγκριτικοῖς
1607 5548 1730 5617 βοη-

161 5630 395 5698 θήμασι.
453 5632 634 5685 Ταῦτα
670 5634 768 5703 μὲν
797 5638 887 5687 καὶ
911 5637 940 5688 ὁ
983 5643 1030 5705 γ’
1074 5637 1221 5707 αὑτῷ
1245 5638 1523 5690 συντάττει
1557 5640 1733 5705 λόγος.

1842 5461 2195 5515 evocantibus
2224 5461 2461 5524 auxiliis,
2500 5462 2775 5515 utendum.
2817 5460 2881 5514 Et
2934 5461 3049 5517 lucc
3094 5460 3306 5530 quidem
3342 5460 3406 5513 li-

1846 5553 1941 5604 bro
1973 5551 2135 5605 tertio
2160 5553 2527 5606 continentur.

1460 5728 1690 5783 VARIzE
1720 5727 2119 5782 LECTIONES.

231 5815 276 5845 "
301 5827 360 5866 τε
392 5815 517 5870 add.
559 5818 669 5883 Δ.,
695 5818 737 5848 ⁷⁷
771 5818 1025 5890 διαφόρου
1086 5839 1145 5885 ς.

1224 5824 1265 5855 ⁷³
1292 5824 1572 5894 οἰνογάρου
1605 5827 1644 5879 Α
1694 5845 1704 5878 ;
1732 5825 2053 5893 οὶνομέ).ιτος
2107 5840 2164 5886 ς.
