4196 6442
734 419 838 480 723

740 625 934 687 tinent,
975 622 1201 688 colligit.
1235 623 1558 692 Auspicatus
1596 638 1729 693 ergo
1754 622 1823 680 ab
1855 624 2145 678 inlantium
2176 625 2313 679 edu—

738 717 973 780 catione,
997 716 1189 771 horum
1224 730 1346 769 cum
1378 716 1619 781 morbos,
1658 726 1772 774 tum
1800 716 2037 771 remedia
2067 716 2308 785 exponit.

737 808 865 878 Agit
894 810 1041 863 etde
1076 808 1318 862 omnium
1363 816 1581 862 aetatum
1627 824 1693 863 ac
1726 809 2098 865 conditionum
2135 810 2312 863 victus

740 903 967 955 ratione.
994 900 1069 955 De
1100 902 1347 955 carnium
1375 898 1504 953 item
1537 898 1919 963 diminutione.
1948 909 2003 953 et
2030 899 2310 967 gracilium

740 992 1154 1047 instauratione.
1188 990 1263 1046 De
1312 991 1632 1049 lassitudine
1681 992 1749 1046 ab
1803 992 2309 1051 exercitationibus.

739 1085 911 1152 deque
938 1082 1097 1151 hujus
1129 1080 1486 1147 diﬂ'erentiis;
1513 1082 1579 1137 de
1603 1096 1664 1135 ea
1696 1083 1978 1150 item,qua3
2008 1096 2072 1134 ex
2098 1080 2314 1134 Venere

739 1177 936 1240 oritur,
966 1185 1019 1229 et
1036 1174 1189 1241 cujus
1221 1190 1387 1230 causa
1433 1175 1739 1243 ignoratur,
1768 1189 1927 1241 quam
1974 1184 2312 1241 spontaneum

739 1267 1043 1321 nominant.
1099 1267 1213 1333 Qua
1257 1281 1386 1320 cura
1444 1266 1509 1320 ad
1559 1269 1863 1320 coctionem
1926 1266 2181 1318 utendum
2219 1266 2310 1327 sit,

740 1369 799 1412 et
834 1359 900 1412 de
919 1360 1159 1413 densata:
1188 1359 1329 1412 cutis
1353 1358 1659 1425 curatione,
1685 1367 1846 1427 atque
1870 1358 1935 1409 de
1958 1367 2193 1411 :estuoso
2223 1373 2313 1409 ar-

751 1449 886 1503 dore
913 1458 969 1503 et
999 1449 1250 1503 frictione
1285 1459 1611 1516 opportuna.
1650 1448 1725 1503 De
1777 1448 2069 1511 cruditate,
2100 1465 2163 1505 ac
2192 1465 2315 1504 cra-

739 1540 886 1610 pula,
914 1548 967 1594 et
1002 1540 1196 1609 aequali
1231 1548 1618 1608 temperatura.
1660 1537 1863 1607 Optimi
1889 1550 2149 1606 praeterea
2176 1551 2316 1594 tem-

741 1633 1039 1700 peramenti
1075 1631 1433 1694 dinotionem,
1470 1641 1526 1685 et
1580 1632 1741 1685 calidi
1794 1632 2155 1700 aliorumque,
2190 1647 2312 1685 cum

741 1723 1094 1791 simplicium,
1126 1731 1238 1775 tum
1280 1724 1703 1790 compositorum
1758 1731 2311 1789 temperamentorum

742 1823 897 1868 notas
920 1814 1101 1883 (idque
1143 1828 1251 1867 non
1288 1813 1450 1867 modo
1494 1814 1737 1881 corporis
1774 1814 1962 1876 totius,
2014 1814 2107 1867 sed
2140 1822 2195 1864 et
2221 1826 2315 1865 ca-

742 1906 869 1975 pitis
895 1906 1124 1971 cerebri,
1156 1908 1381 1972 ventris,
1432 1907 1637 1970 cordis,
1660 1906 1889 1976 jecoris,
1928 1919 1991 1960 ac
2026 1903 2308 1962 teSticulo-

748 1999 891 2066 rum)
921 1998 1112 2053 edocet
1146 1999 1487 2069 :borumque
1521 2000 1780 2064 omnium,
1827 2000 1872 2053 si
1907 1998 2049 2055 forte
2081 2014 2111 2053 a
2154 2010 2314 2055 natu-

749 2092 847 2147 rali
884 2103 1026 2147 statu
1068 2092 1410 2160 deﬂexerint,
1444 2096 1682 2150 remedia
1719 2095 1890 2165 ponit.

813 2359 1045 2425 Quintus
1074 2360 1215 2414 Aetii
1259 2359 1417 2419 liber,
1471 2361 1536 2413 de
1564 2360 1787 2422 morbis.
1822 2370 1875 2415 et
1921 2362 1971 2412 iu
2026 2359 2215 2429 primis
2250 2363 2317 2417 de

746 2451 986 2505 febribus
1026 2451 1306 2519 disputat,
1349 2452 1545 2520 178a
1598 2468 1826 2520 quorum
1874 2454 2050 2519 signa,
2100 2468 2315 2520 prteno-

747 2543 943 2606 tiones,
973 2539 1299 2604 dinotiones,
1346 2544 1655 2596 curationes
1694 2542 1984 2609 diligenter
2032 2558 2162 2596 sane
2197 2560 2318 2611 per-

745 2643 964 2695 tractat,
993 2642 1048 2686 et
1075 2647 1410 2702 quacunque
1457 2644 1718 2700 prasterea
1753 2635 1819 2686 ad
1864 2634 2001 2687 hanc
2054 2635 2315 2688 medicam

742 2723 1257 2793 contemplationem
1294 2732 1542 2793 spectant
1584 2728 1893 2791 :quodnam
1952 2724 2123 2777 morbi
2168 2727 2319 2794 prin-

742 2834 757 2861 ι
778 2816 939 2882 ipiuin
970 2816 1039 2868 sit
1067 2815 1443 2883 judicandntn,
1489 2814 1861 2882 trifariamque
1888 2815 2015 2869 illud
2034 2817 2157 2869 dici.
2189 2817 2319 2882 Quae

743 2910 871 2962 item
903 2908 1145 2962 accessio
1193 2906 1389 2970 morbi,
1426 2908 1651 2974 quaeque
1684 2907 1933 2961 reuiiSs-io
1967 2926 1979 2959 :
2009 2907 2160 2975 vigor
2189 2908 2316 2960 item

741 3009 906 3066 atque
933 2998 1244 3059 declinatio,
1285 3013 1406 3050 cum
1439 2998 1681 3083 partialis
1752 2997 1924 3051 morbi
1984 2999 2313 3057 accessione.

743 3101 853 3143 tum
880 3091 1125 3157 corporis
1151 3089 1412 3143 universi.
1449 3091 1577 3154 Quae
1594 3090 1701 3141 sint
1733 3090 1986 3143 sanitatis
2018 3090 2194 3155 signa,
2234 3091 2314 3143 vel

1853 415 2114 474 PHOTII
2151 414 2653 474 PATRIARCHZE
2691 414 2801 473 CI’.

806 528 1353 597 Quartusliber,qu:e
1384 528 1451 581 ad
1485 528 1741 583 tuendam
1773 527 2138 585 valetudinem
2183 545 2305 598 per-
2333 531 2380 585 Δ

3882 409 3981 475 724

2486 527 2544 579 '0
2572 526 2629 580 δὲ
2662 526 2703 578 δ’
2734 526 3053 593 συναγωγήν
3085 540 3145 575 τε
3168 523 3277 575 τῶν
3304 519 3561 589 ὑγιεινῶν
3586 522 3858 593 περιέχει,
3882 524 3981 591 ἀρ-

2416 618 2640 688 χόμενος
2673 617 2781 669 ἀπὸ
2806 616 2905 685 τῆς
2950 614 3047 667 τοῦ
3078 614 3311 686 βρέφους
3346 614 3578 682 διαίτης,
3638 614 3709 667 τά
3764 631 3827 667 τε
3859 617 3984 682 περὶ

2413 711 2475 764 τὸ
2506 709 2705 779 βρέφος
2739 707 2887 776 πάθη
2942 707 3038 759 καὶ
3087 706 3187 770 τὰς
3244 706 3547 775 θεραπείας
3590 705 3836 770 διέξεισι,
3889 707 3983 757 καὶ

2415 806 2541 869 περὶ
2569 803 2780 871 διαίτης
2806 800 2997 855 πασῶν
3018 800 3126 852 τῶν
3152 800 3380 869 ἡλικιῶν
3417 800 3513 851 καὶ
3562 798 3672 851 τῶν
3710 799 3983 868 διαφόρων

2418 894 2569 963 βίων,
2602 893 2822 962 σαρκῶν
2845 908 2903 942 τε
2934 890 3314 959 καθαιρέσεως
3344 891 3436 943 καὶ
3491 890 3688 951 ἐνδεῶς
3745 892 3984 959 ἐχουσῶν

2414 984 2733 1051 ἀναλήψεως
2760 999 2774 1012 ·
2810 982 2940 1051 περί
2965 998 3025 1033 τε
3050 981 3234 1032 κόπων
3262 980 3370 1032 τῶν
3400 980 3491 1032 ἐπὶ
3518 982 3868 1048 γυμνασίοις,
3895 981 3985 1030 καὶ

2412 1077 2511 1146 τῆς
2542 1075 2808 1142 διαφορᾶς
2832 1072 3034 1135 αὐτῶν,
3065 1070 3277 1125 καὶτοῦ
3329 1071 3388 1135 ἐξ
3418 1071 3750 1142 ἀφροδισίων
3793 1073 3982 1133 κόπου,

2414 1170 2507 1223 καὶ
2532 1166 2641 1219 τῶν
2670 1166 2863 1235 ἄδηλον
2896 1165 3128 1234 ἐχόντων
3171 1163 3269 1233 τὴν
3300 1163 3479 1215 αἰτίαν
3516 1165 3721 1224 κόπων,
3760 1162 3855 1225 οὒς
3905 1163 3985 1212 λέ-

2413 1278 2601 1328 γουσιν
2637 1256 3042 1325 αὐτομάτους’
3088 1256 3219 1307 ποία
3246 1272 3306 1307 τε
3361 1254 3649 1323 ἐπιμέλεια
3697 1255 3836 1322 πρὸς
3888 1256 3984 1315 τὰς

2414 1352 2607 1419 πέψεις
2644 1349 2917 1419 χρησίμη,
2998 1347 3092 1399 καὶ
3144 1344 3238 1397 τοῦ
3289 1344 3669 1408 πυκνωθέντος
3717 1345 3985 1413 δέρματος

2416 1442 2703 1514 θεραπεία,
2734 1442 2828 1494 καὶ
2864 1440 2995 1510 περὶ
3050 1439 3389 1508 ὲγκαύσεως,
3428 1439 3522 1491 καὶ
3569 1438 3700 1507 περὶ
3745 1437 3988 1508 τρίψεως

2414 1532 2956 1603 εὐκαίρου,άπεψίας
2997 1548 3057 1584 τε
3102 1531 3197 1584 καλ⁸
3236 1530 3550 1601 κραιπάλης
3596 1531 3693 1583 καὶ
3745 1530 3985 1597 ὁμαλοῦς

2413 1626 2748 1692 δυσκρασίας
2780 1639 2794 1651 ο
2834 1623 3066 1693 ἀρίστης
3119 1638 3179 1673 τε
3232 1622 3483 1690 κράσεως
3529 1621 3837 1672 ἐκδιδάσκει
3871 1620 3987 1681 διά-

2415 1734 2640 1785 γνωσιν,
2699 1716 2795 1768 καὶ
2840 1714 3050 1784 θερμῆς
3096 1714 3479 1781 γνωρίσματα,
3516 1713 3609 1764 καὶ
3656 1710 3765 1763 τῶν
3812 1711 3988 1764 ἄλλων

2417 1808 2803 1877 ἁπλουστέρων
2849 1823 2909 1859 τε
2941 1806 3033 1859 καὶ
3078 1804 3349 1856 συνθέτων
3381 1804 3653 1872 κράσεων,
3709 1803 3809 1871 οὐχ
3864 1803 3987 1854 ὅλου

2422 1903 2583 1972 μόνον
2621 1898 2717 1951 τοῦ
2743 1898 2789 1929 ⁷⁸
2830 1896 3103 1967 σώματος,
3135 1895 3270 1949 ἀλλὰ
3310 1894 3405 1948 καὶ
3428 1894 3670 1963 κεφαλῆς
3699 1896 3794 1945 καὶ
3821 1896 3982 1961 ὲγκε-

2417 1993 2587 2063 φάλου
2615 1992 2710 2044 καὶ
2742 1990 2977 2058 γαστρὸς
3004 1989 3097 2041 καὶ
3128 1988 3429 2056 πνεύμονος
3463 1988 3556 2039 καὶ
3603 1986 3831 2053 καρδίας
3886 1986 3981 2037 καὶ

2416 2087 2625 2157 ἥπατος
2658 2083 2754 2137 καὶ
2793 2083 3022 2152 ὄρχεων,
3072 2079 3166 2133 καὶ
3219 2080 3320 2148 τῆς
3346 2078 3551 2131 τούτων
3584 2078 3840 2131 ἁπάντων
3880 2077 3989 2129 άπὸ

2414 2179 2514 2248 τῆς
2544 2175 2640 2229 τοῦ
2676 2174 2817 2228 κατὰ
2848 2172 3012 2242 φύσιν
3051 2173 3132 2233 είς
3155 2172 3217 2223 τὸ
3250 2170 3403 2240 παρὰ
3431 2170 3594 2239 φύσιν
3625 2168 3990 2241 παρατροπῆς

2421 2272 2646 2340 ἰάματα.

2498 2362 2558 2415 '0
2580 2362 2635 2413 δὲ
2666 2366 2706 2412 ε’
2732 2359 2880 2428 αὑτῷ
2912 2359 3070 2426 λόγος
3100 2357 3228 2427 περὶ
3260 2355 3580 2425 νοσημάτων
3605 2352 3986 2421 διαλαμϐάνει,

2418 2455 2513 2508 καὶ
2547 2455 2653 2524 πρὸ
2689 2454 2798 2505 τῶν
2849 2451 3025 2505 ἄλλων
3070 2449 3198 2520 περὶ
3258 2447 3584 2515 πυρετωδῶν
3638 2446 3985 2515 νοσημάτων,

2417 2549 2514 2609 τάς
2541 2564 2599 2599 τε
2631 2544 2957 2615 σημειώσεις
2985 2541 3166 2596 αὐτῶν
3210 2542 3305 2593 καὶ
3336 2538 3673 2609 προγνώσεις
3733 2540 3825 2590 καὶ
3871 2536 3989 2589 δια-

2418 2638 2649 2705 γνώσεις
2685 2638 2778 2690 xui
2806 2636 3104 2705 θεραπείας
3152 2634 3213 2686 οὐ
3249 2634 3543 2704 παρέργως
3590 2631 3845 2696 ἐπεξιὼν,
3896 2632 3990 2681 καὶ

2418 2732 2515 2783 ὃσα
2545 2731 2679 2784 ἄλλα
2699 2730 2745 2761 ⁸⁸
2776 2729 2913 2798 πρὸς
2941 2730 3040 2799 τὴν
3087 2726 3338 2798 ἰατρικὴν
3366 2726 3569 2795 ταύτην
3603 2723 3833 2792 θεωρίαν
3857 2739 3989 2774 συν-

2417 2826 2563 2877 τελεῖ
2587 2842 2599 2855 ’
2637 2824 2758 2876 τίνα
2785 2840 2843 2874 τε
2875 2822 2956 2874 δεῖ
2982 2820 3075 2874 τοῦ
3100 2821 3403 2889 νοσήματος
3431 2818 3605 2887 ἀρχὴν
3652 2817 3856 2883 λέγειν,
3894 2817 3986 2866 καὶ

2418 2920 2499 2971 ὅτι
2530 2916 2730 2985 τριχῶς
2757 2915 2997 2982 λέγεται.
3035 2912 3145 2965 Καὶ
3173 2912 3258 2973 τίς
3287 2913 3315 2963 ό
3343 2909 3713 2980 παροξυσμὸς,
3751 2909 3846 2959 καὶ
3903 2909 3986 2969 τίς

2418 3012 2449 3079 ἡ
2483 3010 2667 3073 ἄνεσις
2696 3010 2788 3062 καὶ
2816 3010 2847 3076 ἡ
2877 3006 3029 3077 ἀκμὴ
3068 3006 3210 3075 καὶὴ
3244 3004 3515 3073 παρακμὴ
3531 3001 3623 3054 τοῦ
3662 3018 3720 3053 τε
3760 3000 3988 3069 μερικοῦ

2419 3097 2774 3169 παροξυσμοῦ
2803 3098 2900 3150 καὶ
2926 3098 3050 3148 ὂλου
3070 3094 3166 3148 τοῦ
3206 3093 3457 3162 σώματος
3475 3108 3489 3123 °
3518 3091 3639 3143 τίνα
3698 3108 3757 3142 τε
3792 3092 3991 3156 σημεῖα

744 3182 931 3233 mortis
964 3179 1017 3233 in
1046 3187 1344 3247 aegrotante
1372 3195 1385 3231 :
1411 3188 1462 3231 et
1486 3193 1733 3245 quaenam
1769 3176 1962 3228 ltorntn
1986 3176 2193 3230 tardius
2225 3188 2314 3231 aut

2424 3190 2697 3259 σωτηρίας
2719 3188 2812 3241 τοῦ
2834 3187 3135 3249 νοσοῦντος,
3157 3186 3253 3241 καὶ
3305 3185 3425 3237 τίνα
3458 3183 3701 3254 ὀλέθρια,
3753 3185 3885 3235 ποῖά
3933 3198 3988 3232 τε

741 3272 904 3323 rititts
936 3270 1018 3324 vel
1072 3271 1248 3323 medio
1282 3268 1462 3327 modo.
1498 3269 1563 3319 ad
1605 3268 1892 3320 sanitatem
1922 3267 2003 3320 vel
2034 3267 2309 3319 interitum

742 3364 1019 3430 pertinere
1046 3360 1384 3428 jttdicentnr.
1425 3359 1497 3411 De
1534 3361 1783 3427 pulsuum
1819 3358 1991 3425 signis
2034 3369 2088 3411 et
2124 3358 2311 3411 urina-

743 3470 858 3505 i-um
895 3452 1169 3506 dinotione
1200 3470 1212 3504 ε
1242 3466 1304 3505 ac
1350 3451 1477 3518 quid
1510 3451 1623 3504 haec
1663 3450 1965 3519 designent.
2000 3450 2074 3503 De
2125 3465 2314 3504 exere.

743 3553 1045 3597 mentorum
1087 3544 1249 3608 notis,
1279 3543 1620 3611 vomitusque
1655 3541 1992 3608 praenotione
2042 3556 2105 3593 ac
2148 3541 2313 3608 signi-

741 3634 1010 3688 ﬁcatione.
1070 3633 1144 3686 De
1204 3633 1479 3703 sanguinis
1538 3648 1569 3687 e
1626 3635 1852 3686 naribus
1898 3632 2199 3697 eruptione,
2258 3643 2312 3684 et

742 3723 989 3778 muliebri
1012 3724 1350 3792 purgatione.
1379 3722 1450 3775 De
1467 3723 1608 3778 notis
1630 3723 1839 3777 criticis
1866 3722 2125 3777 sudormn
2149 3731 2312 3788 atque

740 3818 1090 3874 abscessuum
1127 3834 1143 3873 :
1181 3826 1234 3870 et
1259 3816 1323 3870 de
1360 3816 1557 3871 indicio
1584 3831 1615 3871 e
1659 3827 1839 3883 sputo.
1884 3813 2143 3869 Medicum
2177 3830 2313 3882 pra:-

746 3919 889 3962 terea
918 3907 1054 3961 bene
1090 3907 1329 3975 peritum
1364 3908 1731 3975 cogniturum,
1765 3905 2054 3959 morbusne
2075 3903 2313 3973 perfecte

743 4000 951 4052 solutus
981 3999 1073 4062 sit,
1108 4012 1311 4063 annon,
1353 3998 1567 4051 etiamsi
1605 3997 1742 4052 forte
1772 3997 1978 4052 solutus
2026 3997 2309 4051 videatur:

741 4090 882 4142 diem
900 4089 1063 4142 etiam
1092 4099 1254 4156 atque
1286 4086 1421 4141 adeo
1448 4086 1659 4153 horam,
1696 4103 1798 4155 qua
1824 4088 1894 4141 sit
1928 4096 2161 4155 :egrotus
2198 4101 2312 4140 mo-

746 4179 967 4231 riturus.
993 4175 1069 4231 De
1090 4177 1446 4247 papularibus
1467 4185 1521 4228 et
1555 4175 1934 4229 communibus
1961 4190 2025 4228 ac
2042 4175 2313 4242 pestiferis

744 4268 952 4324 morbis
990 4269 1269 4334 tractatio,
1302 4279 1359 4322 et
1389 4269 1455 4322 de
1484 4268 1549 4321 iis
1581 4268 1673 4335 qui
1705 4268 1871 4321 variis
1899 4283 1964 4321 ex
1993 4268 2171 4322 causis
2188 4284 2313 4338 syn-

742 4375 874 4428 cope
905 4360 1291 4429 corripiuntur,
1314 4360 1491 4429 deque
1529 4359 1693 4412 animi
1728 4359 1984 4427 deliquio.
2026 4360 2168 4423 quod
2223 4375 2312 4411 va-

742 4452 838 4504 riis
862 4451 987 4504 item
1023 4465 1089 4504 ex
1122 4452 1308 4505 causis
1341 4451 1600 4504 animanti
1628 4451 1864 4504 obvenit.
1895 4450 1965 4503 De
1994 4451 2309 4504 febricitan-

2420 3280 2600 3333 αὐτῶν
2637 3279 2855 3350 βράδιον
2886 3277 2918 3345 ἢ
2952 3278 3136 3346 τάχιον
3176 3278 3208 3347 ἢ
3246 3276 3331 3330 διὰ
3381 3276 3473 3328 τοῦ
3524 3276 3689 3345 μέσου
3746 3275 3989 3343 κρίνεται

2422 3372 2561 3441 πρὸς
2586 3370 2683 3438 τὴν
2709 3369 2898 3436 ὑγείαν
2953 3369 2987 3437 ἢ
3017 3369 3108 3420 καὶ
3134 3370 3269 3436 πρὸς
3327 3368 3417 3420 τὸν
3449 3367 3700 3419 θάνατον.
3761 3365 3898 3432 Περί
3930 3382 3988 3414 τε

2422 3462 2692 3531 σφυγμῶν
2724 3460 3077 3530 σημειώσεως
3128 3460 3222 3512 καὶ
3251 3457 3429 3528 οὔρων
3474 3456 3838 3524 διαγνώσεως,
3897 3456 3990 3507 καὶ

2419 3552 2471 3604 τί
2494 3551 2715 3620 δηλοῦσι
2741 3550 2914 3603 ταῦτα
2948 3566 2962 3580 ·
2992 3550 3086 3601 καὶ
3118 3548 3703 3619 περίδιαχωρημάτων
3740 3546 3988 3615 σημειώ-

2421 3660 2559 3704 σεως
2579 3642 2789 3710 ἐμέτων
2816 3659 2875 3693 τε
2906 3639 3284 3710 προγνώσεως.
3314 3642 3408 3693 καὶ
3434 3641 3533 3709 τῆς
3579 3640 3636 3704 ἐξ
3667 3638 3852 3691 αὐτῶν
3891 3656 3988 3704 ση-

2426 3734 2709 3802 μειώσεως
2742 3748 2757 3762 ⁶
2784 3730 3153 3802 αἱμορῤαγίας
3181 3748 3241 3783 τε
3281 3733 3345 3783 ὲκ
3384 3730 3567 3800 ῥινῶν,
3601 3730 3696 3782 καὶ
3746 3730 3848 3797 τῆς
3898 3746 3992 3794 γυ-

2420 3825 2664 3887 ναικείας
2712 3823 3070 3892 καθάρσεως-
3138 3821 3265 3891 περί
3314 3837 3374 3873 τε
3412 3820 3519 3872 τῶν
3583 3818 3851 3887 κριτικῶν
3900 3835 3993 3885 ση-

2422 3916 2589 3984 μείων
2609 3913 2719 3967 τῶν
2754 3914 2893 3966 κατὰ
2908 3913 3034 3974 τοὺς
3069 3911 3298 3981 ἱδρῶτας
3340 3911 3435 3963 καὶ
3478 3909 3577 3972 τὰς
3633 3910 3989 3969 ἀποστάσεις,

2418 4006 2515 4057 καὶ
2545 4003 2647 4072 τῆς
2673 4003 2783 4058 ἀπὸ
2819 4002 2930 4055 τῶν
2949 4002 3193 4055 πτυέλων
3226 4000 3649 4072 τεκμηριώσεως
3671 4017 3684 4029 ·
3719 4000 3821 4052 καὶ
3854 4000 3939 4052 ὃτι
3966 4001 3993 4051 ὁ

2418 4096 2639 4166 ἄριστος
2671 4095 2854 4165 ἰατρὸς
2875 4094 3080 4147 εἴσεται
3104 4096 3151 4146 εί
3178 4094 3410 4162 βεϐαίως
3439 4094 3501 4146 τὸ
3526 4093 3741 4162 νόσημα
3769 4092 3989 4144 λέλυται

2418 4190 2511 4241 καὶ
2542 4189 2592 4240 εί
2626 4187 2699 4256 μὴ
2717 4186 2956 4250 λέλυται,
2982 4185 3087 4239 κᾶν
3127 4185 3256 4254 δοκῇ
3276 4186 3345 4249 ⁸⁸,
3376 4185 3476 4253 τήν
3528 4201 3589 4237 τε
3644 4184 3863 4253 ἡμέραν
3897 4188 3992 4238 καὶ

2417 4281 2566 4350 ὥραν
2588 4280 2646 4331 ὲν
2733 4280 2761 4331 ό
2793 4278 2965 4331 νοσῶν
2985 4277 3077 4329 τὸν
3111 4276 3225 4346 βίον
3252 4276 3558 4345 ἀπολείψει.
3591 4275 3719 4346 [569
3744 4274 3840 4345 R.]
3860 4275 3994 4345 Περί

2417 4386 2476 4421 τε
2504 4369 2802 4437 πανδήμων
2837 4368 2930 4420 καὶ
2965 4366 3246 4435 ὲπιδήμων
3288 4366 3383 4418 καὶ⁸
3414 4365 3696 4435 λοιμωδῶν
3743 4368 3992 4434 νοσημά-

2416 4477 2525 4512 των
2551 4460 2767 4513 ἔκθεσιν
2802 4460 3058 4521 ποιεῖτα.,
3089 4458 3185 4509 καὶ
3238 4459 3368 4527 περὶ
3400 4458 3509 4509 τῶν
3531 4458 3670 4509 κατὰ
3699 4458 3992 4528 διαφόρους

742 4542 876 4594 tium
933 4542 1149 4615 capitis.
1198 4542 1432 4606 aurium,
1510 4550 1669 4610 atque
1749 4544 2027 4596 oculorum
2103 4541 2307 4605 dolore,

2415 4552 2596 4614 αίτίας
2619 4551 3103 4621 συγκοπτομένων,
3134 4549 3229 4602 καὶ
3261 4549 3389 4619 περὶ
3420 4550 3519 4618 τῆς
3538 4550 3678 4602 κατὰ
3699 4549 3991 4618 διαφόρους

743 4635 1033 4697 insomnia,
1079 4635 1303 4689 luminis
1331 4634 1694 4698 hebetatione,
1727 4650 1791 4689 ac
1823 4637 1889 4688 de
1922 4650 2106 4688 eorum
2155 4648 2303 4689 cura.

744 4730 888 4778 tione
909 4727 1105 4793 quibus
1122 4726 1439 4793 sanguinem
1466 4741 1729 4793 pernares
1762 4725 1812 4777 in
1837 4724 2077 4778 febribus
2102 4723 2319 4778 ellluere

740 4815 1030 4883 contingit,
1058 4824 1113 4867 et
1144 4814 1414 4882 quomodo
1457 4814 1528 4867 sit
1583 4814 1968 4879 providendum
2001 4812 2316 4867 febricitan-

745 4905 908 4959 tibus.
941 4904 1016 4959 lie
1044 4905 1247 4967 vesica,
1300 4903 1469 4957 urina:
1512 4902 1843 4965 ddiicultate,
1872 4903 2172 4958 lumborum
2213 4905 2313 4957 do-

743 4997 971 5058 loribus,
1007 4996 1074 5050 de
1122 4996 1499 5065 ulceratojam
1547 5010 1671 5050 osse
1717 5008 1895 5058 sacro,
1952 5009 2014 5047 ac
2062 4994 2308 5056 testibus,

743 5094 798 5138 «ιι
836 5101 959 5138 ano.
998 5084 1071 5138 De
1130 5085 1360 5155 pustulis
1395 5099 1491 5151 per
1528 5093 1696 5138 totum
1729 5099 1924 5153 corpus
1955 5084 2189 5146 diliusis,
2222 5086 2309 5137 vel

746 5183 797 5233 in
824 5181 1068 5248 corporis
1099 5190 1252 5249 parte
1279 5181 1443 5242 nalis,
1463 5194 1527 5234 ac
1559 5182 1625 5234 de
1649 5180 1993 5244 tremoribus,
2019 5190 2072 5233 et
2098 5180 2313 5233 convul-

742 5270 1009 5323 siunibus.
1047 5270 1252 5336 Quibus
1287 5270 1414 5324 item
1454 5270 1635 5325 dulces
1682 5271 1930 5341 potiones
1972 5271 2025 5323 in
2072 5269 2310 5325 febribus

745 5364 978 5416 maxime
1011 5362 1173 5417 utiles
1205 5362 1334 5427 sint,
1368 5363 1708 5432 prascribit:
1750 5362 1930 5431 ibique
1975 5361 2110 5416 liber
2154 5363 2312 5431 quin-

746 5465 830 5508 tus
864 5455 1084 5509 desinit.

2415 4644 2593 4705 αἰτίας
2617 4642 3117 4713 ὲπισυμὸαινούσης
3136 4640 3214 4711 τῷ
3234 4640 3357 4709 ζώῳ
3378 4641 3756 4703 λειποθυμίας,
3775 4639 3907 4707 περί
3930 4657 3989 4691 τε

2413 4735 2511 4802 τῆς
2566 4737 2624 4786 ὲν
2655 4736 2909 4803 πυρετοῖς
2954 4733 3323 4803 κεφαλαλγίας
3386 4733 3478 4783 καὶ
3524 4730 3834 4802 ἀγρυπνίας
3896 4737 3989 4781 καὶ

2415 4824 2692 4892 ώταλγίας
2720 4824 2812 4877 καὶ
2846 4826 3151 4895 ὀφθαλμίας
3176 4825 3269 4877 καὶ⁵
3306 4821 3701 4893 ἀμαυρώσεως,
3752 4821 3849 4874 καὶ
3900 4821 3983 4887 ἐφ’

2415 4909 2491 4969 ὧν
2526 4916 2759 4986 αἵματος
2814 4916 2968 4990 ῥύσις
3002 4919 3060 4969 ὲν
3086 4917 3336 4986 πυρετοῖς
3380 4913 3683 4985 συμϐαίνει,
3722 4916 3822 4981 τῆς
3859 4913 3984 4965 τού-

2414 5020 2523 5055 των
2554 5003 2719 5056 άποθε
2735 5004 2983 5067 οαπείας,
3018 5004 3166 5067 ὅπως
3199 5020 3260 5056 τε
3304 5003 3631 5075 προνοητέον
3676 5002 3821 5054 κατὰ
3858 5004 3984 5063 τοὺς

2416 5097 2683 5165 πυρετοὺς
2709 5096 2952 5158 κύστεώς
2979 5114 3037 5148 τε
3072 5097 3165 5149 καὶ
3186 5096 3494 5167 δυσουρίας,
3550 5095 3644 5147 καὶ
3682 5093 3792 5146 τῶν
3855 5094 3985 5162 περὶ

2413 5189 2583 5255 ὀσφὺν
2605 5189 2939 5257 ἀλγημάτων
2973 5188 3301 5251 ἑλκωθέντος
3350 5188 3443 5241 τοῦ
3479 5188 3623 5257 ἱεροῦ
3666 5186 3828 5239 ὀστοῦ
3887 5185 3981 5239 καὶ

2417 5278 2607 5346 ὀσχέου
2641 5279 2685 5310 δ’
2711 5280 2744 5350 ἢ
2775 5279 3081 5333 δακτυλίου.
3114 5283 3223 5333 Καὶ
3257 5281 3383 5350 περὶ
3416 5280 3807 5351 ἐξανθημάτων
3861 5280 3982 5333 καθ’

2417 5369 2538 5422 ὅλον
2568 5372 2629 5423 τὸ
2650 5372 2807 5441 σῶμα
2831 5372 2865 5442 ἢ
2903 5372 2994 5424 καὶ
3018 5372 3160 5425 κατά
3182 5371 3310 5443 [295
3336 5372 3430 5445 IL]
3462 5373 3624 5443 μέρος
3659 5373 3986 5442 συμϐαινόν-

2418 5476 2528 5511 των
2576 5463 2717 5514 κατά
2745 5462 2872 5525 τοὺς
2921 5464 3189 5532 πυρετοὺς
3206 5462 3277 5527 ⁸³,
3331 5465 3586 5532 καὶπερὶ
3633 5465 3852 5532 τρόμων
3889 5463 3985 5515 καὶ

746 5548 1051 5616 σπασμῶν·
1084 5544 1164 5613 οἷς
1215 5550 1433 5620 πόματα
1488 5550 1617 5619 ἡδέα
1670 5550 1811 5603 κατὰ
1855 5553 1980 5612 τοὺς
2034 5553 2299 5620 πυρετοὺς
2352 5554 2585 5621 μάλιστα
2647 5558 3049 5627 χρησιμεύοντα
3101 5560 3405 5612 συντάττει.
3459 5559 3546 5611 Ἐν
3620 5558 3795 5628 τούτῳ
3882 5556 3982 5628 μὲν

731 5639 839 5690 ’καὶ
860 5639 889 5689 ὁ
920 5637 958 5691 ε’
984 5639 1161 5709 λόγος.

2054 5729 2286 5785 νΑιιιΑῑ
2324 5729 2725 5785 LECTIONES.

816 5820 859 5850 το
888 5819 979 5875 τοῦ
1012 5822 1135 5880 add.
1166 5824 1229 5880 A.
1307 5824 1351 5856 ιο
1378 5825 1511 5879 ἄλλα
1548 5827 1670 5881 add.
1703 5827 1768 5883 A.

1860 5828 1898 5858 '“
1938 5827 2111 5881 δοκεῖν
2169 5843 2227 5890 ς.
2306 5826 2574 5897 ⁸¹όσχέων
2602 5843 2661 5889 ς.
2741 5827 2787 5859 ⁸³
2822 5842 2959 5880 κατα
2984 5827 3107 5889 τοὺς
3146 5827 3409 5897 πυρετοὺς
3459 5826 3581 5881 add.
3618 5826 3680 5880 Α.
