  <div class='ocr_page' id='page_1' title='image "/cluster/home/n/w/nwhite01/storage/ocr_20150623/103/nnc1.0046979689/371.png"; bbox 0 0 4196 6442; ppageno 0'>
   <div class='ocr_carea' id='block_1_1' title="bbox 753 420 861 486">
    <p class='ocr_par' dir='ltr' id='par_1_1' title="bbox 753 420 861 486">
     <span class='ocr_line' id='line_1_1' title="bbox 753 420 861 486; baseline -0.028 0"><span class='ocrx_word' id='word_1_1' title='bbox 753 420 861 486; x_wconf 72' lang='grc'><strong>’127</strong></span> 
     </span>
    </p>
   </div>
   <div class='ocr_carea' id='block_1_2' title="bbox 1916 404 2866 477">
    <p class='ocr_par' dir='ltr' id='par_1_2' title="bbox 1916 404 2866 477">
     <span class='ocr_line' id='line_1_2' title="bbox 1916 404 2866 477; baseline -0.018 1"><span class='ocrx_word' id='word_1_2' title='bbox 1916 416 2173 477; x_wconf 81' lang='lat' dir='ltr'><strong>PHUTII</strong></span> <span class='ocrx_word' id='word_1_3' title='bbox 2215 404 2717 472; x_wconf 55' lang='lat' dir='ltr'><strong>PATRIARCHIE</strong></span> <span class='ocrx_word' id='word_1_4' title='bbox 2755 404 2866 462; x_wconf 89' lang='lat' dir='ltr'><strong>CP.</strong></span> 
     </span>
    </p>
   </div>
   <div class='ocr_carea' id='block_1_3' title="bbox 3890 394 3989 464">
    <p class='ocr_par' dir='ltr' id='par_1_3' title="bbox 3890 394 3989 464">
     <span class='ocr_line' id='line_1_3' title="bbox 3890 394 3989 464; baseline 0.061 -6"><span class='ocrx_word' id='word_1_5' title='bbox 3890 394 3989 464; x_wconf 76' lang='grc'><strong>728</strong></span> 
     </span>
    </p>
   </div>
   <div class='ocr_carea' id='block_1_4' title="bbox 758 508 2353 592">
    <p class='ocr_par' dir='ltr' id='par_1_4' title="bbox 758 530 2324 592">
     <span class='ocr_line' id='line_1_4' title="bbox 758 530 2324 592; baseline -0.012 0"><span class='ocrx_word' id='word_1_6' title='bbox 758 535 973 592; x_wconf 86' lang='lat' dir='ltr'><strong>nanche</strong></span> <span class='ocrx_word' id='word_1_7' title='bbox 1010 536 1065 591; x_wconf 85' lang='lat' dir='ltr'><strong>in</strong></span> <span class='ocrx_word' id='word_1_8' title='bbox 1092 535 1340 591; x_wconf 76' lang='lat' dir='ltr'><strong>faucibus</strong></span> <span class='ocrx_word' id='word_1_9' title='bbox 1369 537 1725 592; x_wconf 72' lang='lat' dir='ltr'><strong>consistentes</strong></span> <span class='ocrx_word' id='word_1_10' title='bbox 1754 533 1925 586; x_wconf 85' lang='lat' dir='ltr'><strong>morbi</strong></span> <span class='ocrx_word' id='word_1_11' title='bbox 1952 545 1965 581; x_wconf 92' lang='lat'><strong>:</strong></span> <span class='ocrx_word' id='word_1_12' title='bbox 1998 530 2103 582; x_wconf 89' lang='lat' dir='ltr'><strong>imo</strong></span> <span class='ocrx_word' id='word_1_13' title='bbox 2130 535 2181 578; x_wconf 91' lang='lat' dir='ltr'><strong>et</strong></span> <span class='ocrx_word' id='word_1_14' title='bbox 2206 534 2324 575; x_wconf 85' lang='lat' dir='ltr'><strong>ton-</strong></span> 
     </span>
    </p>
   </div>
   <div class='ocr_carea' id='block_1_5' title="bbox 2436 508 3999 592">
    <p class='ocr_par' dir='ltr' id='par_1_5' title="bbox 2436 508 3999 585">
     <span class='ocr_line' id='line_1_5' title="bbox 2436 508 3999 585; baseline -0.005 -16"><span class='ocrx_word' id='word_1_15' title='bbox 2436 518 2582 585; x_wconf 84' lang='grc' dir='ltr'>καὶή</span> <span class='ocrx_word' id='word_1_16' title='bbox 2639 516 2886 583; x_wconf 80' lang='grc' dir='ltr'>κυνάγχη</span> <span class='ocrx_word' id='word_1_17' title='bbox 2951 514 3044 565; x_wconf 81' lang='grc' dir='ltr'><strong>καὶ</strong></span> <span class='ocrx_word' id='word_1_18' title='bbox 3105 513 3373 581; x_wconf 87' lang='grc' dir='ltr'>συνάγχη,</span> <span class='ocrx_word' id='word_1_19' title='bbox 3423 514 3553 581; x_wconf 80' lang='grc' dir='ltr'>περὶ</span> <span class='ocrx_word' id='word_1_20' title='bbox 3606 508 3698 563; x_wconf 73' lang='grc' dir='ltr'><strong>τὸν</strong></span> <span class='ocrx_word' id='word_1_21' title='bbox 3744 510 3999 575; x_wconf 75' lang='grc' dir='ltr'>φάρυγγα</span> 
     </span>
    </p>
   </div>
   <div class='ocr_carea' id='block_1_6' title="bbox 756 616 2326 696">
    <p class='ocr_par' dir='ltr' id='par_1_6' title="bbox 756 616 2326 696">
     <span class='ocr_line' id='line_1_6' title="bbox 756 616 2326 696; baseline -0.013 -12"><span class='ocrx_word' id='word_1_22' title='bbox 756 629 996 685; x_wconf 86' lang='lat' dir='ltr'><strong>sillarum</strong></span> <span class='ocrx_word' id='word_1_23' title='bbox 1028 636 1267 682; x_wconf 75' lang='lat' dir='ltr'><strong>tumores</strong></span> <span class='ocrx_word' id='word_1_24' title='bbox 1299 627 1675 696; x_wconf 82' lang='lat' dir='ltr'><strong>suprascriptis</strong></span> <span class='ocrx_word' id='word_1_25' title='bbox 1696 624 1973 678; x_wconf 82' lang='lat' dir='ltr'><strong>accedunt.</strong></span> <span class='ocrx_word' id='word_1_26' title='bbox 2008 619 2171 672; x_wconf 88' lang='lat' dir='ltr'><strong>Docet</strong></span> <span class='ocrx_word' id='word_1_27' title='bbox 2201 616 2326 667; x_wconf 88' lang='lat' dir='ltr'><strong>item</strong></span> 
     </span>
    </p>
   </div>
   <div class='ocr_carea' id='block_1_7' title="bbox 756 716 2387 789">
    <p class='ocr_par' dir='ltr' id='par_1_7' title="bbox 756 716 2387 789">
     <span class='ocr_line' id='line_1_7' title="bbox 756 716 2387 789; baseline -0.011 -17"><span class='ocrx_word' id='word_1_28' title='bbox 756 733 863 789; x_wconf 68' lang='lat' dir='ltr'><strong>quo</strong></span> <span class='ocrx_word' id='word_1_29' title='bbox 890 719 1097 774; x_wconf 80' lang='lat' dir='ltr'><strong>ratione</strong></span> <span class='ocrx_word' id='word_1_30' title='bbox 1134 718 1327 788; x_wconf 77' lang='lat' dir='ltr'><strong>179a</strong></span> <span class='ocrx_word' id='word_1_31' title='bbox 1346 718 1681 788; x_wconf 87' lang='lat' dir='ltr'><strong>strangulati,</strong></span> <span class='ocrx_word' id='word_1_32' title='bbox 1715 716 1947 769; x_wconf 91' lang='lat' dir='ltr'><strong>nondum</strong></span> <span class='ocrx_word' id='word_1_33' title='bbox 1978 722 2155 763; x_wconf 86' lang='lat' dir='ltr'><strong>tamen</strong></span> <span class='ocrx_word' id='word_1_34' title='bbox 2187 720 2330 758; x_wconf 86' lang='lat' dir='ltr'><strong>mor-</strong></span> <span class='ocrx_word' id='word_1_35' title='bbox 2380 756 2387 761; x_wconf 76' lang='grc'><strong>,</strong></span> 
     </span>
    </p>
   </div>
   <div class='ocr_carea' id='block_1_8' title="bbox 762 793 2327 871">
    <p class='ocr_par' dir='ltr' id='par_1_8' title="bbox 762 793 2327 871">
     <span class='ocr_line' id='line_1_8' title="bbox 762 793 2327 871; baseline -0.012 -11"><span class='ocrx_word' id='word_1_36' title='bbox 762 808 861 870; x_wconf 90' lang='lat' dir='ltr'><strong>tul,</strong></span> <span class='ocrx_word' id='word_1_37' title='bbox 892 805 1191 861; x_wconf 81' lang='lat' dir='ltr'><strong>refocillari</strong></span> <span class='ocrx_word' id='word_1_38' title='bbox 1222 806 1467 871; x_wconf 91' lang='lat' dir='ltr'><strong>possint,</strong></span> <span class='ocrx_word' id='word_1_39' title='bbox 1493 816 1603 858; x_wconf 90' lang='lat' dir='ltr'><strong>tum</strong></span> <span class='ocrx_word' id='word_1_40' title='bbox 1638 804 1705 857; x_wconf 92' lang='lat' dir='ltr'><strong>de</strong></span> <span class='ocrx_word' id='word_1_41' title='bbox 1735 804 2054 855; x_wconf 90' lang='lat' dir='ltr'><strong>arteriarum</strong></span> <span class='ocrx_word' id='word_1_42' title='bbox 2084 793 2327 847; x_wconf 82' lang='lat' dir='ltr'><strong>aﬂectio-</strong></span> 
     </span>
    </p>
   </div>
   <div class='ocr_carea' id='block_1_9' title="bbox 760 894 2330 964">
    <p class='ocr_par' dir='ltr' id='par_1_9' title="bbox 760 894 2330 964">
     <span class='ocr_line' id='line_1_9' title="bbox 760 894 2330 964; baseline -0.009 -13"><span class='ocrx_word' id='word_1_43' title='bbox 760 898 923 951; x_wconf 87' lang='lat' dir='ltr'><strong>nibus</strong></span> <span class='ocrx_word' id='word_1_44' title='bbox 957 912 1022 951; x_wconf 91' lang='lat' dir='ltr'><strong>ac</strong></span> <span class='ocrx_word' id='word_1_45' title='bbox 1048 897 1301 952; x_wconf 88' lang='lat' dir='ltr'><strong>remediis</strong></span> <span class='ocrx_word' id='word_1_46' title='bbox 1327 898 1585 964; x_wconf 86' lang='lat' dir='ltr'><strong>disputat.</strong></span> <span class='ocrx_word' id='word_1_47' title='bbox 1640 894 1713 948; x_wconf 95' lang='lat' dir='ltr'><strong>De</strong></span> <span class='ocrx_word' id='word_1_48' title='bbox 1742 894 1997 947; x_wconf 88' lang='lat' dir='ltr'><strong>catharro</strong></span> <span class='ocrx_word' id='word_1_49' title='bbox 2030 900 2245 956; x_wconf 88' lang='lat' dir='ltr'><strong>quoque</strong></span> <span class='ocrx_word' id='word_1_50' title='bbox 2267 898 2330 937; x_wconf 92' lang='lat' dir='ltr'><strong>ac</strong></span> 
     </span>
    </p>
   </div>
   <div class='ocr_carea' id='block_1_10' title="bbox 761 974 2331 1057">
    <p class='ocr_par' dir='ltr' id='par_1_10' title="bbox 761 974 2331 1057">
     <span class='ocr_line' id='line_1_10' title="bbox 761 974 2331 1057; baseline -0.01 -18"><span class='ocrx_word' id='word_1_51' title='bbox 761 990 896 1042; x_wconf 82' lang='lat' dir='ltr'><strong>tussi</strong></span> <span class='ocrx_word' id='word_1_52' title='bbox 917 1004 1105 1057; x_wconf 87' lang='lat' dir='ltr'><strong>agens,</strong></span> <span class='ocrx_word' id='word_1_53' title='bbox 1134 988 1427 1057; x_wconf 88' lang='lat' dir='ltr'><strong>pharmaca</strong></span> <span class='ocrx_word' id='word_1_54' title='bbox 1458 987 1618 1041; x_wconf 83' lang='lat' dir='ltr'><strong>simul</strong></span> <span class='ocrx_word' id='word_1_55' title='bbox 1650 984 1817 1039; x_wconf 88' lang='lat' dir='ltr'><strong>tussis</strong></span> <span class='ocrx_word' id='word_1_56' title='bbox 1837 982 2074 1036; x_wconf 91' lang='lat' dir='ltr'><strong>dolorem</strong></span> <span class='ocrx_word' id='word_1_57' title='bbox 2099 974 2331 1030; x_wconf 81' lang='lat' dir='ltr'><strong>levantia</strong></span> 
     </span>
    </p>
   </div>
   <div class='ocr_carea' id='block_1_11' title="bbox 758 1066 2336 1145">
    <p class='ocr_par' dir='ltr' id='par_1_11' title="bbox 758 1066 2336 1145">
     <span class='ocr_line' id='line_1_11' title="bbox 758 1066 2336 1145; baseline -0.01 -13"><span class='ocrx_word' id='word_1_58' title='bbox 758 1080 1051 1145; x_wconf 87' lang='lat' dir='ltr'><strong>describit,</strong></span> <span class='ocrx_word' id='word_1_59' title='bbox 1082 1095 1203 1133; x_wconf 90' lang='lat' dir='ltr'><strong>cum</strong></span> <span class='ocrx_word' id='word_1_60' title='bbox 1223 1078 1579 1133; x_wconf 87' lang='lat' dir='ltr'><strong>suﬂitionibus</strong></span> <span class='ocrx_word' id='word_1_61' title='bbox 1604 1088 1659 1131; x_wconf 93' lang='lat' dir='ltr'><strong>et</strong></span> <span class='ocrx_word' id='word_1_62' title='bbox 1674 1073 2037 1145; x_wconf 90' lang='lat' dir='ltr'><strong>cpitbematis.</strong></span> <span class='ocrx_word' id='word_1_63' title='bbox 2059 1070 2132 1123; x_wconf 90' lang='lat' dir='ltr'><strong>De</strong></span> <span class='ocrx_word' id='word_1_64' title='bbox 2152 1066 2336 1121; x_wconf 87' lang='lat' dir='ltr'><strong>ortho-</strong></span> 
     </span>
    </p>
   </div>
   <div class='ocr_carea' id='block_1_12' title="bbox 758 1160 2339 1237">
    <p class='ocr_par' dir='ltr' id='par_1_12' title="bbox 758 1160 2339 1237">
     <span class='ocr_line' id='line_1_12' title="bbox 758 1160 2339 1237; baseline -0.007 -17"><span class='ocrx_word' id='word_1_65' title='bbox 758 1169 963 1234; x_wconf 90' lang='lat' dir='ltr'><strong>pnoicis</strong></span> <span class='ocrx_word' id='word_1_66' title='bbox 978 1171 1235 1237; x_wconf 63' lang='lat' dir='ltr'><strong>posthaec,</strong></span> <span class='ocrx_word' id='word_1_67' title='bbox 1251 1180 1305 1223; x_wconf 90' lang='lat' dir='ltr'><strong>et</strong></span> <span class='ocrx_word' id='word_1_68' title='bbox 1317 1169 1604 1233; x_wconf 86' lang='lat' dir='ltr'><strong>anhelosis,</strong></span> <span class='ocrx_word' id='word_1_69' title='bbox 1623 1181 1867 1237; x_wconf 71' lang='lat' dir='ltr'><strong>aegreque</strong></span> <span class='ocrx_word' id='word_1_70' title='bbox 1894 1163 2135 1232; x_wconf 90' lang='lat' dir='ltr'><strong>spiritum</strong></span> <span class='ocrx_word' id='word_1_71' title='bbox 2149 1160 2339 1212; x_wconf 86' lang='lat' dir='ltr'><strong>ducen-</strong></span> 
     </span>
    </p>
   </div>
   <div class='ocr_carea' id='block_1_13' title="bbox 761 1248 2338 1328">
    <p class='ocr_par' dir='ltr' id='par_1_13' title="bbox 761 1248 2338 1328">
     <span class='ocr_line' id='line_1_13' title="bbox 761 1248 2338 1328; baseline -0.006 -17"><span class='ocrx_word' id='word_1_72' title='bbox 761 1258 904 1313; x_wconf 82' lang='lat' dir='ltr'><strong>tibus</strong></span> <span class='ocrx_word' id='word_1_73' title='bbox 933 1258 1190 1323; x_wconf 83' lang='lat' dir='ltr'><strong>disserit,</strong></span> <span class='ocrx_word' id='word_1_74' title='bbox 1246 1274 1311 1314; x_wconf 91' lang='lat' dir='ltr'><strong>ac</strong></span> <span class='ocrx_word' id='word_1_75' title='bbox 1346 1261 1413 1314; x_wconf 93' lang='lat' dir='ltr'><strong>de</strong></span> <span class='ocrx_word' id='word_1_76' title='bbox 1446 1258 1881 1328; x_wconf 89' lang='lat' dir='ltr'><strong>palpitationibus</strong></span> <span class='ocrx_word' id='word_1_77' title='bbox 1936 1254 2077 1307; x_wconf 91' lang='lat' dir='ltr'><strong>circa</strong></span> <span class='ocrx_word' id='word_1_78' title='bbox 2120 1265 2234 1305; x_wconf 91' lang='lat' dir='ltr'><strong>cor.</strong></span> <span class='ocrx_word' id='word_1_79' title='bbox 2265 1248 2338 1301; x_wconf 91' lang='lat' dir='ltr'><strong>De</strong></span> 
     </span>
    </p>
   </div>
   <div class='ocr_carea' id='block_1_14' title="bbox 762 1343 2336 1421">
    <p class='ocr_par' dir='ltr' id='par_1_14' title="bbox 762 1343 2336 1421">
     <span class='ocr_line' id='line_1_14' title="bbox 762 1343 2336 1421; baseline -0.01 -19"><span class='ocrx_word' id='word_1_80' title='bbox 762 1346 1034 1413; x_wconf 82' lang='lat' dir='ltr'><strong>pulmonis</strong></span> <span class='ocrx_word' id='word_1_81' title='bbox 1096 1349 1331 1421; x_wconf 87' lang='lat' dir='ltr'><strong>denique</strong></span> <span class='ocrx_word' id='word_1_82' title='bbox 1381 1363 1445 1403; x_wconf 89' lang='lat' dir='ltr'><strong>ac</strong></span> <span class='ocrx_word' id='word_1_83' title='bbox 1500 1348 1733 1417; x_wconf 82' lang='lat' dir='ltr'><strong>pectoris</strong></span> <span class='ocrx_word' id='word_1_84' title='bbox 1795 1343 1993 1399; x_wconf 90' lang='lat' dir='ltr'><strong>morbis</strong></span> <span class='ocrx_word' id='word_1_85' title='bbox 2057 1349 2336 1408; x_wconf 83' lang='lat' dir='ltr'><strong>postquam</strong></span> 
     </span>
    </p>
   </div>
   <div class='ocr_carea' id='block_1_15' title="bbox 761 1431 2341 1503">
    <p class='ocr_par' dir='ltr' id='par_1_15' title="bbox 761 1431 2341 1503">
     <span class='ocr_line' id='line_1_15' title="bbox 761 1431 2341 1503; baseline -0.005 -16"><span class='ocrx_word' id='word_1_86' title='bbox 761 1436 1262 1502; x_wconf 86' lang='lat' dir='ltr'><strong>tractavit,librum</strong></span> <span class='ocrx_word' id='word_1_87' title='bbox 1299 1438 1513 1492; x_wconf 84' lang='lat' dir='ltr'><strong>tandem</strong></span> <span class='ocrx_word' id='word_1_88' title='bbox 1562 1438 1816 1492; x_wconf 91' lang='lat' dir='ltr'><strong>claudunt</strong></span> <span class='ocrx_word' id='word_1_89' title='bbox 1863 1431 2248 1503; x_wconf 64' lang='lat' dir='ltr'><strong>praeceptiones</strong></span> <span class='ocrx_word' id='word_1_90' title='bbox 2275 1431 2341 1480; x_wconf 89' lang='lat' dir='ltr'><strong>de</strong></span> 
     </span>
    </p>
   </div>
   <div class='ocr_carea' id='block_1_16' title="bbox 761 1520 2340 1597">
    <p class='ocr_par' dir='ltr' id='par_1_16' title="bbox 761 1520 2340 1597">
     <span class='ocr_line' id='line_1_16' title="bbox 761 1520 2340 1597; baseline -0.005 -19"><span class='ocrx_word' id='word_1_91' title='bbox 761 1525 1081 1594; x_wconf 82' lang='lat' dir='ltr'><strong>pleuritide,</strong></span> <span class='ocrx_word' id='word_1_92' title='bbox 1108 1539 1213 1581; x_wconf 89' lang='lat' dir='ltr'><strong>tam</strong></span> <span class='ocrx_word' id='word_1_93' title='bbox 1248 1542 1369 1597; x_wconf 77' lang='lat' dir='ltr'><strong>qua:</strong></span> <span class='ocrx_word' id='word_1_94' title='bbox 1397 1543 1523 1582; x_wconf 87' lang='lat' dir='ltr'><strong>vere</strong></span> <span class='ocrx_word' id='word_1_95' title='bbox 1568 1528 1752 1587; x_wconf 89' lang='lat' dir='ltr'><strong>adest,</strong></span> <span class='ocrx_word' id='word_1_96' title='bbox 1794 1538 1955 1593; x_wconf 83' lang='lat' dir='ltr'><strong>quam</strong></span> <span class='ocrx_word' id='word_1_97' title='bbox 1985 1535 2105 1591; x_wconf 60' lang='lat' dir='ltr'><strong>quae</strong></span> <span class='ocrx_word' id='word_1_98' title='bbox 2146 1520 2340 1572; x_wconf 87' lang='lat' dir='ltr'><strong>adesse</strong></span> 
     </span>
    </p>
   </div>
   <div class='ocr_carea' id='block_1_17' title="bbox 763 1615 2341 1689">
    <p class='ocr_par' dir='ltr' id='par_1_17' title="bbox 763 1615 2341 1689">
     <span class='ocr_line' id='line_1_17' title="bbox 763 1615 2341 1689; baseline -0.005 -19"><span class='ocrx_word' id='word_1_99' title='bbox 763 1627 1022 1685; x_wconf 81' lang='lat' dir='ltr'><strong>putatur,</strong></span> <span class='ocrx_word' id='word_1_100' title='bbox 1075 1620 1360 1689; x_wconf 92' lang='lat' dir='ltr'><strong>utriusque</strong></span> <span class='ocrx_word' id='word_1_101' title='bbox 1415 1619 1601 1673; x_wconf 90' lang='lat' dir='ltr'><strong>harum</strong></span> <span class='ocrx_word' id='word_1_102' title='bbox 1655 1615 2047 1686; x_wconf 84' lang='lat' dir='ltr'><strong>descriptione,</strong></span> <span class='ocrx_word' id='word_1_103' title='bbox 2116 1622 2341 1681; x_wconf 68' lang='lat' dir='ltr'><strong>quaeque</strong></span> 
     </span>
    </p>
   </div>
   <div class='ocr_carea' id='block_1_18' title="bbox 764 1706 1772 1776">
    <p class='ocr_par' dir='ltr' id='par_1_18' title="bbox 764 1706 1772 1776">
     <span class='ocr_line' id='line_1_18' title="bbox 764 1706 1772 1776; baseline 0.001 -17"><span class='ocrx_word' id='word_1_104' title='bbox 764 1706 830 1759; x_wconf 85' lang='lat' dir='ltr'><strong>ad</strong></span> <span class='ocrx_word' id='word_1_105' title='bbox 851 1722 945 1762; x_wconf 83' lang='lat' dir='ltr'><strong>eas</strong></span> <span class='ocrx_word' id='word_1_106' title='bbox 978 1710 1246 1763; x_wconf 91' lang='lat' dir='ltr'><strong>curandas</strong></span> <span class='ocrx_word' id='word_1_107' title='bbox 1273 1708 1494 1775; x_wconf 84' lang='lat' dir='ltr'><strong>faciunt,</strong></span> <span class='ocrx_word' id='word_1_108' title='bbox 1521 1706 1772 1776; x_wconf 83' lang='lat' dir='ltr'><strong>adjectis.</strong></span> 
     </span>
    </p>
   </div>
   <div class='ocr_carea' id='block_1_19' title="bbox 832 1872 2342 1947">
    <p class='ocr_par' dir='ltr' id='par_1_19' title="bbox 832 1872 2342 1947">
     <span class='ocr_line' id='line_1_19' title="bbox 832 1872 2342 1947; baseline 0.001 -20"><span class='ocrx_word' id='word_1_109' title='bbox 832 1872 988 1929; x_wconf 82' lang='lat' dir='ltr'><strong>Nono</strong></span> <span class='ocrx_word' id='word_1_110' title='bbox 1012 1875 1149 1931; x_wconf 82' lang='lat' dir='ltr'><strong>libro</strong></span> <span class='ocrx_word' id='word_1_111' title='bbox 1183 1876 1369 1947; x_wconf 91' lang='lat' dir='ltr'><strong>incipit</strong></span> <span class='ocrx_word' id='word_1_112' title='bbox 1402 1876 1468 1932; x_wconf 85' lang='lat' dir='ltr'><strong>de</strong></span> <span class='ocrx_word' id='word_1_113' title='bbox 1494 1876 1758 1931; x_wconf 85' lang='lat' dir='ltr'><strong>cardiacis</strong></span> <span class='ocrx_word' id='word_1_114' title='bbox 1797 1876 2029 1940; x_wconf 90' lang='lat' dir='ltr'><strong>morbis,</strong></span> <span class='ocrx_word' id='word_1_115' title='bbox 2062 1877 2342 1946; x_wconf 81' lang='lat' dir='ltr'><strong>pergitque</strong></span> 
     </span>
    </p>
   </div>
   <div class='ocr_carea' id='block_1_20' title="bbox 765 1966 2344 2037">
    <p class='ocr_par' dir='ltr' id='par_1_20' title="bbox 765 1966 2344 2037">
     <span class='ocr_line' id='line_1_20' title="bbox 765 1966 2344 2037; baseline 0.001 -20"><span class='ocrx_word' id='word_1_116' title='bbox 765 1976 925 2032; x_wconf 90' lang='lat' dir='ltr'><strong>porro</strong></span> <span class='ocrx_word' id='word_1_117' title='bbox 980 1966 1048 2019; x_wconf 88' lang='lat' dir='ltr'><strong>de</strong></span> <span class='ocrx_word' id='word_1_118' title='bbox 1079 1966 1163 2020; x_wconf 89' lang='lat' dir='ltr'><strong>his</strong></span> <span class='ocrx_word' id='word_1_119' title='bbox 1222 1981 1413 2037; x_wconf 89' lang='lat' dir='ltr'><strong>agere,</strong></span> <span class='ocrx_word' id='word_1_120' title='bbox 1460 1968 1657 2037; x_wconf 86' lang='lat' dir='ltr'><strong>quibus</strong></span> <span class='ocrx_word' id='word_1_121' title='bbox 1715 1976 1832 2020; x_wconf 89' lang='lat' dir='ltr'><strong>atra</strong></span> <span class='ocrx_word' id='word_1_122' title='bbox 1872 1968 1977 2022; x_wconf 91' lang='lat' dir='ltr'><strong>bile</strong></span> <span class='ocrx_word' id='word_1_123' title='bbox 2033 1972 2344 2022; x_wconf 79' lang='lat' dir='ltr'><strong>stomachus</strong></span> 
     </span>
    </p>
   </div>
   <div class='ocr_carea' id='block_1_21' title="bbox 766 2057 2343 2127">
    <p class='ocr_par' dir='ltr' id='par_1_21' title="bbox 766 2057 2343 2127">
     <span class='ocr_line' id='line_1_21' title="bbox 766 2057 2343 2127; baseline 0 -18"><span class='ocrx_word' id='word_1_124' title='bbox 766 2057 1150 2123; x_wconf 82' lang='lat' dir='ltr'><strong>perturbatur:</strong></span> <span class='ocrx_word' id='word_1_125' title='bbox 1203 2066 1297 2110; x_wconf 89' lang='lat' dir='ltr'><strong>aut</strong></span> <span class='ocrx_word' id='word_1_126' title='bbox 1342 2058 1500 2126; x_wconf 90' lang='lat' dir='ltr'><strong>siqui</strong></span> <span class='ocrx_word' id='word_1_127' title='bbox 1546 2068 1807 2127; x_wconf 69' lang='lat' dir='ltr'><strong>praatcrea</strong></span> <span class='ocrx_word' id='word_1_128' title='bbox 1860 2059 2030 2113; x_wconf 87' lang='lat' dir='ltr'><strong>morbi</strong></span> <span class='ocrx_word' id='word_1_129' title='bbox 2059 2058 2343 2113; x_wconf 85' lang='lat' dir='ltr'><strong>ventriculi</strong></span> 
     </span>
    </p>
   </div>
   <div class='ocr_carea' id='block_1_22' title="bbox 764 2146 2344 2221">
    <p class='ocr_par' dir='ltr' id='par_1_22' title="bbox 764 2146 2344 2221">
     <span class='ocr_line' id='line_1_22' title="bbox 764 2146 2344 2221; baseline 0.003 -23"><span class='ocrx_word' id='word_1_130' title='bbox 764 2161 827 2200; x_wconf 90' lang='lat' dir='ltr'><strong>os</strong></span> <span class='ocrx_word' id='word_1_131' title='bbox 892 2146 1166 2200; x_wconf 76' lang='lat' dir='ltr'><strong>infestant.</strong></span> <span class='ocrx_word' id='word_1_132' title='bbox 1222 2148 1620 2216; x_wconf 86' lang='lat' dir='ltr'><strong>Cataplasmata</strong></span> <span class='ocrx_word' id='word_1_133' title='bbox 1672 2151 1737 2203; x_wconf 91' lang='lat' dir='ltr'><strong>iis</strong></span> <span class='ocrx_word' id='word_1_134' title='bbox 1768 2160 1931 2221; x_wconf 87' lang='lat' dir='ltr'><strong>atque</strong></span> <span class='ocrx_word' id='word_1_135' title='bbox 1964 2148 2204 2209; x_wconf 74' lang='lat' dir='ltr'><strong>auxilia,</strong></span> <span class='ocrx_word' id='word_1_136' title='bbox 2254 2151 2344 2217; x_wconf 89' lang='lat' dir='ltr'><strong>qui</strong></span> 
     </span>
    </p>
   </div>
   <div class='ocr_carea' id='block_1_23' title="bbox 766 2236 2344 2308">
    <p class='ocr_par' dir='ltr' id='par_1_23' title="bbox 766 2236 2344 2308">
     <span class='ocr_line' id='line_1_23' title="bbox 766 2236 2344 2308; baseline 0.003 -20"><span class='ocrx_word' id='word_1_137' title='bbox 766 2236 934 2289; x_wconf 85' lang='lat' dir='ltr'><strong>variis</strong></span> <span class='ocrx_word' id='word_1_138' title='bbox 961 2238 1227 2291; x_wconf 88' lang='lat' dir='ltr'><strong>stomachi</strong></span> <span class='ocrx_word' id='word_1_139' title='bbox 1285 2240 1441 2293; x_wconf 89' lang='lat' dir='ltr'><strong>malis</strong></span> <span class='ocrx_word' id='word_1_140' title='bbox 1469 2250 1788 2308; x_wconf 89' lang='lat' dir='ltr'><strong>torquentur</strong></span> <span class='ocrx_word' id='word_1_141' title='bbox 1811 2280 1829 2306; x_wconf 95' lang='lat'><strong>,</strong></span> <span class='ocrx_word' id='word_1_142' title='bbox 1865 2254 2211 2295; x_wconf 84' lang='lat' dir='ltr'><strong>enumerans.</strong></span> <span class='ocrx_word' id='word_1_143' title='bbox 2244 2240 2344 2293; x_wconf 81' lang='lat' dir='ltr'><strong>lbi-</strong></span> 
     </span>
    </p>
   </div>
   <div class='ocr_carea' id='block_1_24' title="bbox 765 2314 2347 2401">
    <p class='ocr_par' dir='ltr' id='par_1_24' title="bbox 765 2314 2347 2401">
     <span class='ocr_line' id='line_1_24' title="bbox 765 2314 2347 2401; baseline 0.003 -21"><span class='ocrx_word' id='word_1_144' title='bbox 765 2327 886 2381; x_wconf 91' lang='lat' dir='ltr'><strong>dem</strong></span> <span class='ocrx_word' id='word_1_145' title='bbox 918 2331 983 2383; x_wconf 88' lang='lat' dir='ltr'><strong>de</strong></span> <span class='ocrx_word' id='word_1_146' title='bbox 1023 2329 1087 2384; x_wconf 86' lang='lat' dir='ltr'><strong>iis</strong></span> <span class='ocrx_word' id='word_1_147' title='bbox 1107 2344 1320 2400; x_wconf 90' lang='lat' dir='ltr'><strong>quoque</strong></span> <span class='ocrx_word' id='word_1_148' title='bbox 1361 2331 1503 2399; x_wconf 85' lang='lat' dir='ltr'><strong>agit,</strong></span> <span class='ocrx_word' id='word_1_149' title='bbox 1527 2332 1672 2401; x_wconf 86' lang='lat' dir='ltr'><strong>quia</strong></span> <span class='ocrx_word' id='word_1_150' title='bbox 1715 2314 2000 2388; x_wconf 75' lang='lat' dir='ltr'><strong>stomacho</strong></span> <span class='ocrx_word' id='word_1_151' title='bbox 2034 2332 2347 2401; x_wconf 88' lang='lat' dir='ltr'><strong>epileptico-</strong></span> 
     </span>
    </p>
   </div>
   <div class='ocr_carea' id='block_1_25' title="bbox 766 2420 2347 2491">
    <p class='ocr_par' dir='ltr' id='par_1_25' title="bbox 766 2420 2347 2491">
     <span class='ocr_line' id='line_1_25' title="bbox 766 2420 2347 2491; baseline 0.001 -18"><span class='ocrx_word' id='word_1_152' title='bbox 766 2432 883 2473; x_wconf 90' lang='lat' dir='ltr'><strong>rum</strong></span> <span class='ocrx_word' id='word_1_153' title='bbox 905 2434 1053 2473; x_wconf 92' lang='lat' dir='ltr'><strong>more</strong></span> <span class='ocrx_word' id='word_1_154' title='bbox 1078 2420 1473 2487; x_wconf 87' lang='lat' dir='ltr'><strong>convelluntur;</strong></span> <span class='ocrx_word' id='word_1_155' title='bbox 1502 2423 1738 2491; x_wconf 88' lang='lat' dir='ltr'><strong>itemque</strong></span> <span class='ocrx_word' id='word_1_156' title='bbox 1768 2424 1832 2477; x_wconf 92' lang='lat' dir='ltr'><strong>de</strong></span> <span class='ocrx_word' id='word_1_157' title='bbox 1865 2423 2248 2491; x_wconf 86' lang='lat' dir='ltr'><strong>inappetentia;</strong></span> <span class='ocrx_word' id='word_1_158' title='bbox 2282 2423 2347 2475; x_wconf 89' lang='lat' dir='ltr'><strong>de</strong></span> 
     </span>
    </p>
   </div>
   <div class='ocr_carea' id='block_1_26' title="bbox 766 2511 2344 2581">
    <p class='ocr_par' dir='ltr' id='par_1_26' title="bbox 766 2511 2344 2581">
     <span class='ocr_line' id='line_1_26' title="bbox 766 2511 2344 2581; baseline 0.001 -16"><span class='ocrx_word' id='word_1_159' title='bbox 766 2511 958 2565; x_wconf 89' lang='lat' dir='ltr'><strong>canino</strong></span> <span class='ocrx_word' id='word_1_160' title='bbox 988 2513 1265 2581; x_wconf 89' lang='lat' dir='ltr'><strong>appetitu,</strong></span> <span class='ocrx_word' id='word_1_161' title='bbox 1324 2515 1631 2578; x_wconf 87' lang='lat' dir='ltr'><strong>cruditate,</strong></span> <span class='ocrx_word' id='word_1_162' title='bbox 1697 2523 1751 2567; x_wconf 93' lang='lat' dir='ltr'><strong>et</strong></span> <span class='ocrx_word' id='word_1_163' title='bbox 1806 2516 1996 2568; x_wconf 90' lang='lat' dir='ltr'><strong>horum</strong></span> <span class='ocrx_word' id='word_1_164' title='bbox 2044 2513 2344 2568; x_wconf 89' lang='lat' dir='ltr'><strong>curatione.</strong></span> 
     </span>
    </p>
   </div>
   <div class='ocr_carea' id='block_1_27' title="bbox 776 2602 2349 2674">
    <p class='ocr_par' dir='ltr' id='par_1_27' title="bbox 776 2602 2349 2674">
     <span class='ocr_line' id='line_1_27' title="bbox 776 2602 2349 2674; baseline 0.001 -19"><span class='ocrx_word' id='word_1_165' title='bbox 776 2603 939 2657; x_wconf 86' lang='lat' dir='ltr'><strong>Docet</strong></span> <span class='ocrx_word' id='word_1_166' title='bbox 964 2602 1030 2656; x_wconf 91' lang='lat' dir='ltr'><strong>ad</strong></span> <span class='ocrx_word' id='word_1_167' title='bbox 1054 2605 1165 2658; x_wconf 65' lang='lat' dir='ltr'><strong>haec</strong></span> <span class='ocrx_word' id='word_1_168' title='bbox 1195 2620 1296 2673; x_wconf 89' lang='lat' dir='ltr'><strong>qua</strong></span> <span class='ocrx_word' id='word_1_169' title='bbox 1332 2604 1540 2658; x_wconf 85' lang='lat' dir='ltr'><strong>ratione</strong></span> <span class='ocrx_word' id='word_1_170' title='bbox 1563 2604 1781 2674; x_wconf 85' lang='lat' dir='ltr'><strong>crapula</strong></span> <span class='ocrx_word' id='word_1_171' title='bbox 1814 2604 2184 2659; x_wconf 86' lang='lat' dir='ltr'><strong>laborantibus</strong></span> <span class='ocrx_word' id='word_1_172' title='bbox 2229 2605 2349 2672; x_wconf 87' lang='lat' dir='ltr'><strong>opi-</strong></span> 
     </span>
    </p>
   </div>
   <div class='ocr_carea' id='block_1_28' title="bbox 769 2692 2349 2763">
    <p class='ocr_par' dir='ltr' id='par_1_28' title="bbox 769 2692 2349 2763">
     <span class='ocr_line' id='line_1_28' title="bbox 769 2692 2349 2763; baseline 0.004 -20"><span class='ocrx_word' id='word_1_173' title='bbox 769 2692 1041 2747; x_wconf 84' lang='lat' dir='ltr'><strong>tulandum</strong></span> <span class='ocrx_word' id='word_1_174' title='bbox 1066 2693 1160 2757; x_wconf 89' lang='lat' dir='ltr'><strong>sit,</strong></span> <span class='ocrx_word' id='word_1_175' title='bbox 1186 2702 1239 2747; x_wconf 90' lang='lat' dir='ltr'><strong>et</strong></span> <span class='ocrx_word' id='word_1_176' title='bbox 1266 2693 1367 2747; x_wconf 87' lang='lat' dir='ltr'><strong>alvi</strong></span> <span class='ocrx_word' id='word_1_177' title='bbox 1386 2696 1622 2749; x_wconf 73' lang='lat' dir='ltr'><strong>astricta:</strong></span> <span class='ocrx_word' id='word_1_178' title='bbox 1645 2710 1830 2749; x_wconf 87' lang='lat' dir='ltr'><strong>curam</strong></span> <span class='ocrx_word' id='word_1_179' title='bbox 1846 2695 2192 2763; x_wconf 68' lang='lat' dir='ltr'><strong>prazscripsit.</strong></span> <span class='ocrx_word' id='word_1_180' title='bbox 2224 2692 2349 2762; x_wconf 78' lang='lat' dir='ltr'><strong>Agit</strong></span> 
     </span>
    </p>
   </div>
   <div class='ocr_carea' id='block_1_29' title="bbox 767 2782 2336 2854">
    <p class='ocr_par' dir='ltr' id='par_1_29' title="bbox 767 2782 2336 2854">
     <span class='ocr_line' id='line_1_29' title="bbox 767 2782 2336 2854; baseline 0.004 -21"><span class='ocrx_word' id='word_1_181' title='bbox 767 2782 985 2851; x_wconf 81' lang='lat' dir='ltr'><strong>insuper</strong></span> <span class='ocrx_word' id='word_1_182' title='bbox 1017 2784 1081 2836; x_wconf 86' lang='lat' dir='ltr'><strong>de</strong></span> <span class='ocrx_word' id='word_1_183' title='bbox 1120 2784 1424 2849; x_wconf 91' lang='lat' dir='ltr'><strong>inﬂatione,</strong></span> <span class='ocrx_word' id='word_1_184' title='bbox 1454 2792 1507 2838; x_wconf 77' lang='lat' dir='ltr'><strong>et</strong></span> <span class='ocrx_word' id='word_1_185' title='bbox 1575 2784 1787 2839; x_wconf 91' lang='lat' dir='ltr'><strong>volvulo</strong></span> <span class='ocrx_word' id='word_1_186' title='bbox 1813 2825 1828 2847; x_wconf 95' lang='lat'><strong>,</strong></span> <span class='ocrx_word' id='word_1_187' title='bbox 1886 2800 1978 2838; x_wconf 88' lang='lat' dir='ltr'><strong>seu</strong></span> <span class='ocrx_word' id='word_1_188' title='bbox 2032 2785 2336 2854; x_wconf 89' lang='lat' dir='ltr'><strong>gracilioris</strong></span> 
     </span>
    </p>
   </div>
   <div class='ocr_carea' id='block_1_30' title="bbox 768 2874 2349 2945">
    <p class='ocr_par' dir='ltr' id='par_1_30' title="bbox 768 2874 2349 2945">
     <span class='ocr_line' id='line_1_30' title="bbox 768 2874 2349 2945; baseline 0.003 -20"><span class='ocrx_word' id='word_1_189' title='bbox 768 2874 1005 2928; x_wconf 79' lang='lat' dir='ltr'><strong>intestini</strong></span> <span class='ocrx_word' id='word_1_190' title='bbox 1034 2875 1401 2930; x_wconf 87' lang='lat' dir='ltr'><strong>obstructione</strong></span> <span class='ocrx_word' id='word_1_191' title='bbox 1422 2917 1437 2943; x_wconf 94' lang='lat'><strong>,</strong></span> <span class='ocrx_word' id='word_1_192' title='bbox 1465 2892 1528 2931; x_wconf 91' lang='lat' dir='ltr'><strong>ac</strong></span> <span class='ocrx_word' id='word_1_193' title='bbox 1556 2877 1788 2945; x_wconf 91' lang='lat' dir='ltr'><strong>denique</strong></span> <span class='ocrx_word' id='word_1_194' title='bbox 1819 2878 1882 2931; x_wconf 89' lang='lat' dir='ltr'><strong>de</strong></span> <span class='ocrx_word' id='word_1_195' title='bbox 1936 2877 2186 2929; x_wconf 90' lang='lat' dir='ltr'><strong>omnibus</strong></span> <span class='ocrx_word' id='word_1_196' title='bbox 2211 2917 2227 2941; x_wconf 92' lang='lat'><strong>,</strong></span> <span class='ocrx_word' id='word_1_197' title='bbox 2258 2876 2349 2943; x_wconf 88' lang='lat' dir='ltr'><strong>qui</strong></span> 
     </span>
    </p>
   </div>
   <div class='ocr_carea' id='block_1_31' title="bbox 765 2950 2352 3031">
    <p class='ocr_par' dir='ltr' id='par_1_31' title="bbox 765 2950 2352 3031">
     <span class='ocr_line' id='line_1_31' title="bbox 765 2950 2352 3031; baseline 0.001 -14"><span class='ocrx_word' id='word_1_198' title='bbox 765 2966 952 3019; x_wconf 86' lang='lat' dir='ltr'><strong>colicis</strong></span> <span class='ocrx_word' id='word_1_199' title='bbox 990 2966 1263 3020; x_wconf 87' lang='lat' dir='ltr'><strong>doloribus</strong></span> <span class='ocrx_word' id='word_1_200' title='bbox 1303 2967 1631 3020; x_wconf 87' lang='lat' dir='ltr'><strong>cruciantur.</strong></span> <span class='ocrx_word' id='word_1_201' title='bbox 1660 2966 1733 3020; x_wconf 91' lang='lat' dir='ltr'><strong>De</strong></span> <span class='ocrx_word' id='word_1_202' title='bbox 1765 2967 1970 3019; x_wconf 85' lang='lat' dir='ltr'><strong>ventris</strong></span> <span class='ocrx_word' id='word_1_203' title='bbox 1999 2966 2249 3031; x_wconf 84' lang='lat' dir='ltr'><strong>ﬂuxione,</strong></span> <span class='ocrx_word' id='word_1_204' title='bbox 2274 2950 2352 3018; x_wconf 78' lang='lat' dir='ltr'><strong>at-</strong></span> 
     </span>
    </p>
   </div>
   <div class='ocr_carea' id='block_1_32' title="bbox 765 3054 2351 3124">
    <p class='ocr_par' dir='ltr' id='par_1_32' title="bbox 765 3054 2351 3124">
     <span class='ocr_line' id='line_1_32' title="bbox 765 3054 2351 3124; baseline -0.002 -16"><span class='ocrx_word' id='word_1_205' title='bbox 765 3070 871 3123; x_wconf 90' lang='lat' dir='ltr'><strong>que</strong></span> <span class='ocrx_word' id='word_1_206' title='bbox 899 3056 964 3109; x_wconf 92' lang='lat' dir='ltr'><strong>de</strong></span> <span class='ocrx_word' id='word_1_207' title='bbox 994 3056 1237 3119; x_wconf 70' lang='lat' dir='ltr'><strong>caaliaca,</strong></span> <span class='ocrx_word' id='word_1_208' title='bbox 1267 3071 1429 3124; x_wconf 90' lang='lat' dir='ltr'><strong>quam</strong></span> <span class='ocrx_word' id='word_1_209' title='bbox 1459 3065 1689 3119; x_wconf 54' lang='lat' dir='ltr'><strong>vocant&#39;,</strong></span> <span class='ocrx_word' id='word_1_210' title='bbox 1744 3054 2044 3108; x_wconf 78' lang='lat' dir='ltr'><strong>aﬂ&#39;ecdone.</strong></span> <span class='ocrx_word' id='word_1_211' title='bbox 2092 3054 2165 3105; x_wconf 91' lang='lat' dir='ltr'><strong>De</strong></span> <span class='ocrx_word' id='word_1_212' title='bbox 2202 3055 2351 3107; x_wconf 84' lang='lat' dir='ltr'><strong>colli-</strong></span> 
     </span>
    </p>
   </div>
   <div class='ocr_carea' id='block_1_33' title="bbox 767 3144 2345 3213">
    <p class='ocr_par' dir='ltr' id='par_1_33' title="bbox 767 3144 2345 3213">
     <span class='ocr_line' id='line_1_33' title="bbox 767 3144 2345 3213; baseline 0.002 -19"><span class='ocrx_word' id='word_1_213' title='bbox 767 3147 1021 3213; x_wconf 87' lang='lat' dir='ltr'><strong>quatione</strong></span> <span class='ocrx_word' id='word_1_214' title='bbox 1054 3163 1069 3200; x_wconf 94' lang='lat'>:</span> <span class='ocrx_word' id='word_1_215' title='bbox 1131 3147 1195 3199; x_wconf 89' lang='lat' dir='ltr'><strong>de</strong></span> <span class='ocrx_word' id='word_1_216' title='bbox 1227 3145 1506 3199; x_wconf 85' lang='lat' dir='ltr'><strong>lumbricis</strong></span> <span class='ocrx_word' id='word_1_217' title='bbox 1532 3161 1652 3200; x_wconf 86' lang='lat' dir='ltr'><strong>cum</strong></span> <span class='ocrx_word' id='word_1_218' title='bbox 1710 3144 1956 3198; x_wconf 87' lang='lat' dir='ltr'><strong>rotundis</strong></span> <span class='ocrx_word' id='word_1_219' title='bbox 1979 3186 1993 3209; x_wconf 95' lang='lat'><strong>,</strong></span> <span class='ocrx_word' id='word_1_220' title='bbox 2036 3154 2146 3196; x_wconf 90' lang='lat' dir='ltr'><strong>tum</strong></span> <span class='ocrx_word' id='word_1_221' title='bbox 2179 3144 2302 3197; x_wconf 83' lang='lat' dir='ltr'><strong>latis</strong></span> <span class='ocrx_word' id='word_1_222' title='bbox 2334 3164 2345 3197; x_wconf 93' lang='lat'>:</span> 
     </span>
    </p>
   </div>
   <div class='ocr_carea' id='block_1_34' title="bbox 769 3237 2349 3305">
    <p class='ocr_par' dir='ltr' id='par_1_34' title="bbox 769 3237 2349 3305">
     <span class='ocr_line' id='line_1_34' title="bbox 769 3237 2349 3305; baseline 0.001 -18"><span class='ocrx_word' id='word_1_223' title='bbox 769 3239 833 3289; x_wconf 88' lang='lat' dir='ltr'><strong>de</strong></span> <span class='ocrx_word' id='word_1_224' title='bbox 868 3237 933 3291; x_wconf 91' lang='lat' dir='ltr'><strong>iis</strong></span> <span class='ocrx_word' id='word_1_225' title='bbox 954 3253 1071 3305; x_wconf 66' lang='lat' dir='ltr'><strong>quae</strong></span> <span class='ocrx_word' id='word_1_226' title='bbox 1092 3238 1368 3291; x_wconf 88' lang='lat' dir='ltr'><strong>ascarides</strong></span> <span class='ocrx_word' id='word_1_227' title='bbox 1384 3239 1750 3303; x_wconf 85' lang='lat' dir='ltr'><strong>nominantur,</strong></span> <span class='ocrx_word' id='word_1_228' title='bbox 1776 3238 1946 3304; x_wconf 85' lang='lat' dir='ltr'><strong>deque</strong></span> <span class='ocrx_word' id='word_1_229' title='bbox 1976 3238 2349 3289; x_wconf 79' lang='lat' dir='ltr'><strong>intestinorum</strong></span> 
     </span>
    </p>
   </div>
   <div class='ocr_carea' id='block_1_35' title="bbox 769 3328 2353 3397">
    <p class='ocr_par' dir='ltr' id='par_1_35' title="bbox 769 3328 2353 3397">
     <span class='ocr_line' id='line_1_35' title="bbox 769 3328 2353 3397; baseline 0 -18"><span class='ocrx_word' id='word_1_230' title='bbox 769 3328 1341 3393; x_wconf 88' lang='lat' dir='ltr'><strong>passionibus.Eorum</strong></span> <span class='ocrx_word' id='word_1_231' title='bbox 1385 3342 1599 3397; x_wconf 89' lang='lat' dir='ltr'><strong>quoque</strong></span> <span class='ocrx_word' id='word_1_232' title='bbox 1643 3328 1881 3380; x_wconf 88' lang='lat' dir='ltr'><strong>remedia</strong></span> <span class='ocrx_word' id='word_1_233' title='bbox 1938 3328 2215 3391; x_wconf 86' lang='lat' dir='ltr'><strong>describit,</strong></span> <span class='ocrx_word' id='word_1_234' title='bbox 2264 3329 2353 3395; x_wconf 86' lang='lat' dir='ltr'><strong>qui</strong></span> 
     </span>
    </p>
   </div>
   <div class='ocr_carea' id='block_1_36' title="bbox 768 3418 2355 3488">
    <p class='ocr_par' dir='ltr' id='par_1_36' title="bbox 768 3418 2355 3488">
     <span class='ocr_line' id='line_1_36' title="bbox 768 3418 2355 3488; baseline 0.004 -23"><span class='ocrx_word' id='word_1_235' title='bbox 768 3434 976 3485; x_wconf 73' lang='lat' dir='ltr'><strong>aurum,</strong></span> <span class='ocrx_word' id='word_1_236' title='bbox 1014 3421 1104 3487; x_wconf 86' lang='lat' dir='ltr'><strong>qui</strong></span> <span class='ocrx_word' id='word_1_237' title='bbox 1129 3435 1233 3483; x_wconf 60' lang='lat' dir='ltr'><strong>aes,</strong></span> <span class='ocrx_word' id='word_1_238' title='bbox 1266 3419 1347 3472; x_wconf 88' lang='lat' dir='ltr'><strong>vel</strong></span> <span class='ocrx_word' id='word_1_239' title='bbox 1391 3420 1491 3473; x_wconf 89' lang='lat' dir='ltr'><strong>tale</strong></span> <span class='ocrx_word' id='word_1_240' title='bbox 1525 3419 1651 3485; x_wconf 91' lang='lat' dir='ltr'><strong>quid</strong></span> <span class='ocrx_word' id='word_1_241' title='bbox 1684 3418 2076 3487; x_wconf 85' lang='lat' dir='ltr'><strong>deglutiverunt</strong></span> <span class='ocrx_word' id='word_1_242' title='bbox 2108 3436 2121 3470; x_wconf 92' lang='lat'><strong>:</strong></span> <span class='ocrx_word' id='word_1_243' title='bbox 2155 3419 2355 3488; x_wconf 85' lang='lat' dir='ltr'><strong>dysen-</strong></span> 
     </span>
    </p>
   </div>
   <div class='ocr_carea' id='block_1_37' title="bbox 771 3509 2357 3578">
    <p class='ocr_par' dir='ltr' id='par_1_37' title="bbox 771 3509 2357 3578">
     <span class='ocr_line' id='line_1_37' title="bbox 771 3509 2357 3578; baseline 0.002 -20"><span class='ocrx_word' id='word_1_244' title='bbox 771 3509 953 3562; x_wconf 88' lang='lat' dir='ltr'><strong>tericis</strong></span> <span class='ocrx_word' id='word_1_245' title='bbox 976 3511 1102 3562; x_wconf 90' lang='lat' dir='ltr'><strong>item</strong></span> <span class='ocrx_word' id='word_1_246' title='bbox 1133 3526 1250 3578; x_wconf 67' lang='lat' dir='ltr'><strong>qua:</strong></span> <span class='ocrx_word' id='word_1_247' title='bbox 1274 3509 1356 3562; x_wconf 86' lang='lat' dir='ltr'><strong>vel</strong></span> <span class='ocrx_word' id='word_1_248' title='bbox 1376 3524 1609 3576; x_wconf 88' lang='lat' dir='ltr'><strong>superne</strong></span> <span class='ocrx_word' id='word_1_249' title='bbox 1642 3509 1725 3564; x_wconf 87' lang='lat' dir='ltr'><strong>vel</strong></span> <span class='ocrx_word' id='word_1_250' title='bbox 1764 3509 1972 3563; x_wconf 77' lang='lat' dir='ltr'><strong>inferne</strong></span> <span class='ocrx_word' id='word_1_251' title='bbox 2001 3511 2357 3571; x_wconf 68' lang='lat' dir='ltr'><strong>immittantur</strong></span> 
     </span>
    </p>
   </div>
   <div class='ocr_carea' id='block_1_38' title="bbox 770 3599 2355 3668">
    <p class='ocr_par' dir='ltr' id='par_1_38' title="bbox 770 3599 2355 3668">
     <span class='ocr_line' id='line_1_38' title="bbox 770 3599 2355 3668; baseline 0.004 -19"><span class='ocrx_word' id='word_1_252' title='bbox 770 3600 1005 3652; x_wconf 85' lang='lat' dir='ltr'><strong>remedia</strong></span> <span class='ocrx_word' id='word_1_253' title='bbox 1027 3610 1415 3654; x_wconf 87' lang='lat' dir='ltr'><strong>commemorat</strong></span> <span class='ocrx_word' id='word_1_254' title='bbox 1436 3614 1452 3653; x_wconf 87' lang='lat'><strong>:</strong></span> <span class='ocrx_word' id='word_1_255' title='bbox 1470 3599 1730 3666; x_wconf 85' lang='lat' dir='ltr'><strong>pastillos,</strong></span> <span class='ocrx_word' id='word_1_256' title='bbox 1753 3601 2046 3668; x_wconf 86' lang='lat' dir='ltr'><strong>supposita,</strong></span> <span class='ocrx_word' id='word_1_257' title='bbox 2068 3609 2355 3668; x_wconf 75' lang='lat' dir='ltr'><strong>unguenta.</strong></span> 
     </span>
    </p>
   </div>
   <div class='ocr_carea' id='block_1_39' title="bbox 769 3694 2357 3771">
    <p class='ocr_par' dir='ltr' id='par_1_39' title="bbox 769 3694 2357 3771">
     <span class='ocr_line' id='line_1_39' title="bbox 769 3694 2357 3771; baseline -0.001 -23"><span class='ocrx_word' id='word_1_258' title='bbox 769 3699 1097 3771; x_wconf 75' lang='lat' dir='ltr'><strong>epithemata</strong></span> <span class='ocrx_word' id='word_1_259' title='bbox 1121 3737 1134 3759; x_wconf 93' lang='lat'><strong>,</strong></span> <span class='ocrx_word' id='word_1_260' title='bbox 1176 3694 1347 3748; x_wconf 90' lang='lat' dir='ltr'><strong>donec</strong></span> <span class='ocrx_word' id='word_1_261' title='bbox 1378 3694 1591 3748; x_wconf 87' lang='lat' dir='ltr'><strong>tandem</strong></span> <span class='ocrx_word' id='word_1_262' title='bbox 1626 3695 1680 3747; x_wconf 90' lang='lat' dir='ltr'><strong>in</strong></span> <span class='ocrx_word' id='word_1_263' title='bbox 1713 3708 1963 3749; x_wconf 89' lang='lat' dir='ltr'><strong>sermone</strong></span> <span class='ocrx_word' id='word_1_264' title='bbox 2019 3694 2357 3762; x_wconf 72' lang='lat' dir='ltr'><strong>lienteriaJi-</strong></span> 
     </span>
    </p>
   </div>
   <div class='ocr_carea' id='block_1_40' title="bbox 768 3787 1128 3842">
    <p class='ocr_par' dir='ltr' id='par_1_40' title="bbox 768 3787 1128 3842">
     <span class='ocr_line' id='line_1_40' title="bbox 768 3787 1128 3842; baseline -0.003 -1"><span class='ocrx_word' id='word_1_265' title='bbox 768 3790 923 3842; x_wconf 88' lang='lat' dir='ltr'><strong>brum</strong></span> <span class='ocrx_word' id='word_1_266' title='bbox 958 3787 1128 3841; x_wconf 83' lang='lat' dir='ltr'><strong>ﬁniat.</strong></span> 
     </span>
    </p>
   </div>
   <div class='ocr_carea' id='block_1_41' title="bbox 836 3962 2360 4032">
    <p class='ocr_par' dir='ltr' id='par_1_41' title="bbox 836 3962 2360 4032">
     <span class='ocr_line' id='line_1_41' title="bbox 836 3962 2360 4032; baseline 0.001 -17"><span class='ocrx_word' id='word_1_267' title='bbox 836 3962 1111 4018; x_wconf 88' lang='lat' dir='ltr'><strong>Decimum</strong></span> <span class='ocrx_word' id='word_1_268' title='bbox 1156 3963 1351 4017; x_wconf 90' lang='lat' dir='ltr'><strong>librum</strong></span> <span class='ocrx_word' id='word_1_269' title='bbox 1383 3962 1693 4032; x_wconf 87' lang='lat' dir='ltr'><strong>auspicatur</strong></span> <span class='ocrx_word' id='word_1_270' title='bbox 1728 3963 1794 4016; x_wconf 91' lang='lat' dir='ltr'><strong>ab</strong></span> <span class='ocrx_word' id='word_1_271' title='bbox 1822 3962 2185 4016; x_wconf 88' lang='lat' dir='ltr'><strong>imbecillitate</strong></span> <span class='ocrx_word' id='word_1_272' title='bbox 2209 3962 2360 4031; x_wconf 88' lang='lat' dir='ltr'><strong>jeco-</strong></span> 
     </span>
    </p>
   </div>
   <div class='ocr_carea' id='block_1_42' title="bbox 774 4054 2362 4123">
    <p class='ocr_par' dir='ltr' id='par_1_42' title="bbox 774 4054 2362 4123">
     <span class='ocr_line' id='line_1_42' title="bbox 774 4054 2362 4123; baseline 0.001 -18"><span class='ocrx_word' id='word_1_273' title='bbox 774 4056 868 4119; x_wconf 93' lang='lat' dir='ltr'><strong>ris,</strong></span> <span class='ocrx_word' id='word_1_274' title='bbox 903 4058 1127 4122; x_wconf 80' lang='lat' dir='ltr'><strong>indeque</strong></span> <span class='ocrx_word' id='word_1_275' title='bbox 1153 4055 1216 4108; x_wconf 94' lang='lat' dir='ltr'><strong>de</strong></span> <span class='ocrx_word' id='word_1_276' title='bbox 1238 4055 1485 4107; x_wconf 91' lang='lat' dir='ltr'><strong>omnibus</strong></span> <span class='ocrx_word' id='word_1_277' title='bbox 1536 4054 1747 4123; x_wconf 90' lang='lat' dir='ltr'><strong>hepatis</strong></span> <span class='ocrx_word' id='word_1_278' title='bbox 1783 4055 2006 4118; x_wconf 89' lang='lat' dir='ltr'><strong>morbis,</strong></span> <span class='ocrx_word' id='word_1_279' title='bbox 2037 4063 2092 4107; x_wconf 90' lang='lat' dir='ltr'><strong>et</strong></span> <span class='ocrx_word' id='word_1_280' title='bbox 2130 4069 2224 4122; x_wconf 90' lang='lat' dir='ltr'><strong>per</strong></span> <span class='ocrx_word' id='word_1_281' title='bbox 2242 4068 2362 4122; x_wconf 74' lang='lat' dir='ltr'><strong>qua:</strong></span> 
     </span>
    </p>
   </div>
   <div class='ocr_carea' id='block_1_43' title="bbox 774 4142 2364 4212">
    <p class='ocr_par' dir='ltr' id='par_1_43' title="bbox 774 4142 2364 4212">
     <span class='ocr_line' id='line_1_43' title="bbox 774 4142 2364 4212; baseline -0.004 -10"><span class='ocrx_word' id='word_1_282' title='bbox 774 4152 961 4203; x_wconf 82' lang='lat' dir='ltr'><strong>horum</strong></span> <span class='ocrx_word' id='word_1_283' title='bbox 1003 4146 1117 4197; x_wconf 85' lang='lat' dir='ltr'><strong>ﬁeri</strong></span> <span class='ocrx_word' id='word_1_284' title='bbox 1163 4143 1423 4197; x_wconf 84' lang='lat' dir='ltr'><strong>medicina</strong></span> <span class='ocrx_word' id='word_1_285' title='bbox 1461 4151 1641 4211; x_wconf 86' lang='lat' dir='ltr'><strong>queat.</strong></span> <span class='ocrx_word' id='word_1_286' title='bbox 1670 4144 1847 4196; x_wconf 89' lang='lat' dir='ltr'><strong>tradit.</strong></span> <span class='ocrx_word' id='word_1_287' title='bbox 1889 4143 2022 4197; x_wconf 88' lang='lat' dir='ltr'><strong>Hinc</strong></span> <span class='ocrx_word' id='word_1_288' title='bbox 2056 4144 2123 4197; x_wconf 90' lang='lat' dir='ltr'><strong>ad</strong></span> <span class='ocrx_word' id='word_1_289' title='bbox 2164 4142 2364 4212; x_wconf 81' lang='lat' dir='ltr'><strong>splenis</strong></span> 
     </span>
    </p>
   </div>
   <div class='ocr_carea' id='block_1_44' title="bbox 773 4231 2362 4308">
    <p class='ocr_par' dir='ltr' id='par_1_44' title="bbox 773 4231 2362 4308">
     <span class='ocr_line' id='line_1_44' title="bbox 773 4231 2362 4308; baseline -0.004 -17"><span class='ocrx_word' id='word_1_290' title='bbox 773 4243 943 4308; x_wconf 82' lang='lat' dir='ltr'><strong>pergit</strong></span> <span class='ocrx_word' id='word_1_291' title='bbox 971 4236 1280 4289; x_wconf 79' lang='lat' dir='ltr'><strong>affectiones</strong></span> <span class='ocrx_word' id='word_1_292' title='bbox 1302 4271 1318 4297; x_wconf 93' lang='lat'><strong>,</strong></span> <span class='ocrx_word' id='word_1_293' title='bbox 1350 4231 1576 4301; x_wconf 86' lang='lat' dir='ltr'><strong>ejusque</strong></span> <span class='ocrx_word' id='word_1_294' title='bbox 1602 4232 2197 4300; x_wconf 71' lang='lat' dir='ltr'><strong>variamIintemperiem</strong></span> <span class='ocrx_word' id='word_1_295' title='bbox 2242 4249 2362 4287; x_wconf 91' lang='lat' dir='ltr'><strong>cum</strong></span> 
     </span>
    </p>
   </div>
   <div class='ocr_carea' id='block_1_45' title="bbox 772 4324 2367 4398">
    <p class='ocr_par' dir='ltr' id='par_1_45' title="bbox 772 4324 2367 4398">
     <span class='ocr_line' id='line_1_45' title="bbox 772 4324 2367 4398; baseline -0.003 -14"><span class='ocrx_word' id='word_1_296' title='bbox 772 4330 990 4385; x_wconf 88' lang='lat' dir='ltr'><strong>curandi</strong></span> <span class='ocrx_word' id='word_1_297' title='bbox 1020 4328 1191 4381; x_wconf 91' lang='lat' dir='ltr'><strong>modis</strong></span> <span class='ocrx_word' id='word_1_298' title='bbox 1213 4328 1374 4381; x_wconf 80' lang='lat' dir='ltr'><strong>refert</strong></span> <span class='ocrx_word' id='word_1_299' title='bbox 1403 4324 1613 4398; x_wconf 84' lang='lat' dir='ltr'><strong>:[tales]</strong></span> <span class='ocrx_word' id='word_1_300' title='bbox 1638 4324 1953 4387; x_wconf 88' lang='lat' dir='ltr'><strong>inﬂationes,</strong></span> <span class='ocrx_word' id='word_1_301' title='bbox 1994 4324 2367 4381; x_wconf 80' lang='lat' dir='ltr'><strong>inﬂammatio-</strong></span> 
     </span>
    </p>
   </div>
   <div class='ocr_carea' id='block_1_46' title="bbox 2440 603 4001 679">
    <p class='ocr_par' dir='ltr' id='par_1_46' title="bbox 2440 603 4001 679">
     <span class='ocr_line' id='line_1_46' title="bbox 2440 603 4001 679; baseline -0.006 -19"><span class='ocrx_word' id='word_1_302' title='bbox 2440 608 2804 679; x_wconf 76' lang='grc' dir='ltr'>συνιστάμενα</span> <span class='ocrx_word' id='word_1_303' title='bbox 2844 604 3014 673; x_wconf 72' lang='grc' dir='ltr'>πάθη.</span> <span class='ocrx_word' id='word_1_304' title='bbox 3044 605 3152 656; x_wconf 80' lang='grc' dir='ltr'><strong>Καὶ</strong></span> <span class='ocrx_word' id='word_1_305' title='bbox 3170 607 3224 657; x_wconf 90' lang='grc' dir='ltr'>αἱ</span> <span class='ocrx_word' id='word_1_306' title='bbox 3258 604 3505 665; x_wconf 81' lang='grc' dir='ltr'>ἀντιὰδες</span> <span class='ocrx_word' id='word_1_307' title='bbox 3527 605 3573 635; x_wconf 75' lang='grc' dir='ltr'><strong>⁸ο</strong></span> <span class='ocrx_word' id='word_1_308' title='bbox 3614 603 3671 653; x_wconf 86' lang='grc' dir='ltr'>δὲ</span> <span class='ocrx_word' id='word_1_309' title='bbox 3696 603 3809 663; x_wconf 89' lang='grc' dir='ltr'>τοῖς</span> <span class='ocrx_word' id='word_1_310' title='bbox 3855 604 4001 669; x_wconf 79' lang='grc' dir='ltr'>εἱρηο</span> 
     </span>
    </p>
   </div>
   <div class='ocr_carea' id='block_1_47' title="bbox 2441 691 3999 767">
    <p class='ocr_par' dir='ltr' id='par_1_47' title="bbox 2441 691 3999 767">
     <span class='ocr_line' id='line_1_47' title="bbox 2441 691 3999 767; baseline -0.004 -18"><span class='ocrx_word' id='word_1_311' title='bbox 2441 699 2621 767; x_wconf 77' lang='grc' dir='ltr'><strong>μένοις</strong></span> <span class='ocrx_word' id='word_1_312' title='bbox 2650 695 3131 764; x_wconf 77' lang='grc' dir='ltr'>συμπεριέχονται.</span> <span class='ocrx_word' id='word_1_313' title='bbox 3158 694 3280 755; x_wconf 81' lang='grc' dir='ltr'>Πῶς</span> <span class='ocrx_word' id='word_1_314' title='bbox 3307 694 3367 746; x_wconf 86' lang='grc' dir='ltr'><strong>τέ</strong></span> <span class='ocrx_word' id='word_1_315' title='bbox 3399 696 3517 745; x_wconf 73' lang='grc' dir='ltr'>ἐστι</span> <span class='ocrx_word' id='word_1_316' title='bbox 3549 691 3770 745; x_wconf 83' lang='grc' dir='ltr'>δυνατὸν</span> <span class='ocrx_word' id='word_1_317' title='bbox 3798 692 3999 742; x_wconf 84' lang='grc' dir='ltr'>ἀνακα-</span> 
     </span>
    </p>
   </div>
   <div class='ocr_carea' id='block_1_48' title="bbox 2438 782 3997 854">
    <p class='ocr_par' dir='ltr' id='par_1_48' title="bbox 2438 782 3997 854">
     <span class='ocr_line' id='line_1_48' title="bbox 2438 782 3997 854; baseline -0.005 -15"><span class='ocrx_word' id='word_1_318' title='bbox 2438 788 2694 841; x_wconf 82' lang='grc' dir='ltr'>λέσασθαι</span> <span class='ocrx_word' id='word_1_319' title='bbox 2751 788 2878 846; x_wconf 82' lang='grc' dir='ltr'>τοὺς</span> <span class='ocrx_word' id='word_1_320' title='bbox 2940 786 3393 854; x_wconf 86' lang='grc' dir='ltr'>ἀπαγχομένους,</span> <span class='ocrx_word' id='word_1_321' title='bbox 3449 785 3616 854; x_wconf 83' lang='grc' dir='ltr'>μήπω</span> <span class='ocrx_word' id='word_1_322' title='bbox 3669 782 3745 850; x_wconf 84' lang='grc' dir='ltr'>τῷ</span> <span class='ocrx_word' id='word_1_323' title='bbox 3796 783 3997 848; x_wconf 56' lang='grc' dir='ltr'>θανάτα</span> 
     </span>
    </p>
   </div>
   <div class='ocr_carea' id='block_1_49' title="bbox 2441 874 4001 950">
    <p class='ocr_par' dir='ltr' id='par_1_49' title="bbox 2441 874 4001 950">
     <span class='ocr_line' id='line_1_49' title="bbox 2441 874 4001 950; baseline -0.006 -18"><span class='ocrx_word' id='word_1_324' title='bbox 2441 879 2931 950; x_wconf 76' lang='grc' dir='ltr'><strong>παραδεδομένους.</strong></span> <span class='ocrx_word' id='word_1_325' title='bbox 2953 878 3157 947; x_wconf 86' lang='grc' dir='ltr'>Περίτε</span> <span class='ocrx_word' id='word_1_326' title='bbox 3177 877 3525 947; x_wconf 87' lang='grc' dir='ltr'>ἁρτηριακῶν</span> <span class='ocrx_word' id='word_1_327' title='bbox 3545 874 3730 927; x_wconf 87' lang='grc' dir='ltr'>παθῶν</span> <span class='ocrx_word' id='word_1_328' title='bbox 3751 874 3848 925; x_wconf 71' lang='grc' dir='ltr'>καὶ</span> <span class='ocrx_word' id='word_1_329' title='bbox 3868 889 4001 942; x_wconf 84' lang='grc' dir='ltr'>φαρ-</span> 
     </span>
    </p>
   </div>
   <div class='ocr_carea' id='block_1_50' title="bbox 2444 965 4006 1038">
    <p class='ocr_par' dir='ltr' id='par_1_50' title="bbox 2444 965 4006 1038">
     <span class='ocr_line' id='line_1_50' title="bbox 2444 965 4006 1038; baseline -0.006 -13"><span class='ocrx_word' id='word_1_330' title='bbox 2444 974 2631 1038; x_wconf 77' lang='grc' dir='ltr'>μάκων</span> <span class='ocrx_word' id='word_1_331' title='bbox 2662 972 2985 1038; x_wconf 83' lang='grc' dir='ltr'>ἀναγραφὴν</span> <span class='ocrx_word' id='word_1_332' title='bbox 3017 972 3274 1030; x_wconf 83' lang='grc' dir='ltr'>ποιεῖται,</span> <span class='ocrx_word' id='word_1_333' title='bbox 3309 969 3552 1036; x_wconf 73' lang='grc' dir='ltr'>καὶπερὶ</span> <span class='ocrx_word' id='word_1_334' title='bbox 3581 966 3862 1036; x_wconf 70' lang='grc' dir='ltr'>κατάρρου</span> <span class='ocrx_word' id='word_1_335' title='bbox 3915 965 4006 1017; x_wconf 85' lang='lat' dir='ltr'><strong>xui.</strong></span> 
     </span>
    </p>
   </div>
   <div class='ocr_carea' id='block_1_51' title="bbox 2441 1059 4007 1137">
    <p class='ocr_par' dir='ltr' id='par_1_51' title="bbox 2441 1059 4007 1137">
     <span class='ocr_line' id='line_1_51' title="bbox 2441 1059 4007 1137; baseline -0.017 -1"><span class='ocrx_word' id='word_1_336' title='bbox 2441 1066 2607 1137; x_wconf 82' lang='grc' dir='ltr'>βηχός</span> <span class='ocrx_word' id='word_1_337' title='bbox 2630 1082 2644 1096; x_wconf 88' lang='grc'><strong><em>⁹</em></strong></span> <span class='ocrx_word' id='word_1_338' title='bbox 2675 1068 2769 1118; x_wconf 73' lang='grc' dir='ltr'><strong>καὶ</strong></span> <span class='ocrx_word' id='word_1_339' title='bbox 2805 1065 3046 1118; x_wconf 82' lang='grc' dir='ltr'><strong>ἀνώδυνα</strong></span> <span class='ocrx_word' id='word_1_340' title='bbox 3080 1064 3280 1132; x_wconf 84' lang='grc' dir='ltr'>βηχικά</span> <span class='ocrx_word' id='word_1_341' title='bbox 3313 1064 3580 1133; x_wconf 78' lang='grc' dir='ltr'>φάρμακα</span> <span class='ocrx_word' id='word_1_342' title='bbox 3609 1061 3836 1129; x_wconf 82' lang='grc' dir='ltr'>γράφει,</span> <span class='ocrx_word' id='word_1_343' title='bbox 3874 1059 4007 1111; x_wconf 81' lang='grc' dir='ltr'>ὑπο-</span> 
     </span>
    </p>
   </div>
   <div class='ocr_carea' id='block_1_52' title="bbox 2442 1151 4007 1227">
    <p class='ocr_par' dir='ltr' id='par_1_52' title="bbox 2442 1151 4007 1227">
     <span class='ocr_line' id='line_1_52' title="bbox 2442 1151 4007 1227; baseline -0.006 -17"><span class='ocrx_word' id='word_1_344' title='bbox 2442 1156 2784 1227; x_wconf 87' lang='grc' dir='ltr'>καπνισμούς</span> <span class='ocrx_word' id='word_1_345' title='bbox 2825 1174 2884 1209; x_wconf 86' lang='grc' dir='ltr'><strong>τε</strong></span> <span class='ocrx_word' id='word_1_346' title='bbox 2934 1158 3027 1209; x_wconf 83' lang='grc' dir='ltr'>καὶ</span> <span class='ocrx_word' id='word_1_347' title='bbox 3070 1156 3397 1223; x_wconf 79' lang='grc' dir='ltr'>ὲπιθέματα.</span> <span class='ocrx_word' id='word_1_348' title='bbox 3460 1152 3597 1223; x_wconf 78' lang='grc' dir='ltr'>Περὶ</span> <span class='ocrx_word' id='word_1_349' title='bbox 3636 1151 4007 1219; x_wconf 86' lang='grc' dir='ltr'>όρθοπνοῖκῶν</span> 
     </span>
    </p>
   </div>
   <div class='ocr_carea' id='block_1_53' title="bbox 2442 1244 4003 1318">
    <p class='ocr_par' dir='ltr' id='par_1_53' title="bbox 2442 1244 4003 1318">
     <span class='ocr_line' id='line_1_53' title="bbox 2442 1244 4003 1318; baseline -0.006 -15"><span class='ocrx_word' id='word_1_350' title='bbox 2442 1268 2501 1303; x_wconf 90' lang='grc' dir='ltr'><strong>τε</strong></span> <span class='ocrx_word' id='word_1_351' title='bbox 2529 1251 2620 1303; x_wconf 75' lang='grc' dir='ltr'><strong>καὶ</strong></span> <span class='ocrx_word' id='word_1_352' title='bbox 2642 1248 2995 1318; x_wconf 84' lang='grc' dir='ltr'>ἀσθματικῶν</span> <span class='ocrx_word' id='word_1_353' title='bbox 3013 1251 3108 1301; x_wconf 74' lang='grc' dir='ltr'>καὶ</span> <span class='ocrx_word' id='word_1_354' title='bbox 3129 1248 3189 1299; x_wconf 92' lang='grc' dir='ltr'><strong>δυ</strong></span> <span class='ocrx_word' id='word_1_355' title='bbox 3200 1245 3471 1299; x_wconf 76' lang='grc' dir='ltr'>σπνοῐκῶν</span> <span class='ocrx_word' id='word_1_356' title='bbox 3494 1244 3878 1311; x_wconf 77' lang='grc' dir='ltr'>διαλαμϐάνει,</span> <span class='ocrx_word' id='word_1_357' title='bbox 3907 1259 4003 1293; x_wconf 88' lang='grc' dir='ltr'>πε-</span> 
     </span>
    </p>
   </div>
   <div class='ocr_carea' id='block_1_54' title="bbox 2448 1333 4005 1408">
    <p class='ocr_par' dir='ltr' id='par_1_54' title="bbox 2448 1333 4005 1408">
     <span class='ocr_line' id='line_1_54' title="bbox 2448 1333 4005 1408; baseline -0.005 -16"><span class='ocrx_word' id='word_1_358' title='bbox 2448 1342 2498 1408; x_wconf 87' lang='grc' dir='ltr'><strong>ρί</strong></span> <span class='ocrx_word' id='word_1_359' title='bbox 2522 1358 2581 1392; x_wconf 90' lang='grc' dir='ltr'><strong>τε</strong></span> <span class='ocrx_word' id='word_1_360' title='bbox 2622 1340 2852 1408; x_wconf 74' lang='grc' dir='ltr'>παλμῶν</span> <span class='ocrx_word' id='word_1_361' title='bbox 2881 1340 2989 1391; x_wconf 87' lang='grc' dir='ltr'><strong>τῶν</strong></span> <span class='ocrx_word' id='word_1_362' title='bbox 3016 1339 3159 1391; x_wconf 80' lang='grc' dir='ltr'>κατὰ</span> <span class='ocrx_word' id='word_1_363' title='bbox 3185 1340 3283 1407; x_wconf 80' lang='grc' dir='ltr'><strong>τὴν</strong></span> <span class='ocrx_word' id='word_1_364' title='bbox 3310 1338 3536 1406; x_wconf 81' lang='grc' dir='ltr'><strong>καρδίαν</strong></span> <span class='ocrx_word' id='word_1_365' title='bbox 3560 1352 3576 1367; x_wconf 77' lang='grc' dir='ltr'><strong><em>ο</em></strong></span> <span class='ocrx_word' id='word_1_366' title='bbox 3625 1336 3721 1388; x_wconf 86' lang='lat' dir='ltr'><strong>xui.</strong></span> <span class='ocrx_word' id='word_1_367' title='bbox 3750 1334 3834 1386; x_wconf 72' lang='grc' dir='ltr'>ἔτι</span> <span class='ocrx_word' id='word_1_368' title='bbox 3878 1333 4005 1403; x_wconf 85' lang='grc' dir='ltr'>περί</span> 
     </span>
    </p>
   </div>
   <div class='ocr_carea' id='block_1_55' title="bbox 2447 1425 4006 1502">
    <p class='ocr_par' dir='ltr' id='par_1_55' title="bbox 2447 1425 4006 1502">
     <span class='ocr_line' id='line_1_55' title="bbox 2447 1425 4006 1502; baseline -0.006 -18"><span class='ocrx_word' id='word_1_369' title='bbox 2447 1431 2551 1502; x_wconf 82' lang='grc' dir='ltr'>[τε]</span> <span class='ocrx_word' id='word_1_370' title='bbox 2581 1433 2687 1484; x_wconf 89' lang='grc' dir='ltr'><strong>τῶν</strong></span> <span class='ocrx_word' id='word_1_371' title='bbox 2713 1431 2807 1485; x_wconf 79' lang='grc' dir='ltr'>τοῦ</span> <span class='ocrx_word' id='word_1_372' title='bbox 2837 1430 3136 1499; x_wconf 82' lang='grc' dir='ltr'>πνεύμονος</span> <span class='ocrx_word' id='word_1_373' title='bbox 3159 1430 3254 1481; x_wconf 77' lang='grc' dir='ltr'>καὶ</span> <span class='ocrx_word' id='word_1_374' title='bbox 3289 1430 3537 1496; x_wconf 83' lang='grc' dir='ltr'><strong>Θώρακος</strong></span> <span class='ocrx_word' id='word_1_375' title='bbox 3559 1427 3748 1481; x_wconf 80' lang='grc' dir='ltr'>παθῶν</span> <span class='ocrx_word' id='word_1_376' title='bbox 3791 1425 4006 1490; x_wconf 81' lang='grc' dir='ltr'>διεξιὼν</span> 
     </span>
    </p>
   </div>
   <div class='ocr_carea' id='block_1_56' title="bbox 2449 1516 4009 1590">
    <p class='ocr_par' dir='ltr' id='par_1_56' title="bbox 2449 1516 4009 1590">
     <span class='ocr_line' id='line_1_56' title="bbox 2449 1516 4009 1590; baseline -0.004 -18"><span class='ocrx_word' id='word_1_377' title='bbox 2449 1520 2807 1590; x_wconf 73' lang='grc' dir='ltr'><strong>συμπεραίνει</strong></span> <span class='ocrx_word' id='word_1_378' title='bbox 2826 1521 2919 1573; x_wconf 80' lang='grc' dir='ltr'><strong>τὸν</strong></span> <span class='ocrx_word' id='word_1_379' title='bbox 2946 1520 3101 1587; x_wconf 89' lang='grc' dir='ltr'>λόγον</span> <span class='ocrx_word' id='word_1_380' title='bbox 3127 1521 3206 1581; x_wconf 88' lang='grc' dir='ltr'><strong>είς</strong></span> <span class='ocrx_word' id='word_1_381' title='bbox 3229 1518 3326 1589; x_wconf 85' lang='grc' dir='ltr'>τὴν</span> <span class='ocrx_word' id='word_1_382' title='bbox 3352 1519 3703 1572; x_wconf 72' lang='grc' dir='ltr'>διδασκαλίαν</span> <span class='ocrx_word' id='word_1_383' title='bbox 3718 1517 3818 1584; x_wconf 80' lang='grc' dir='ltr'>τῆς</span> <span class='ocrx_word' id='word_1_384' title='bbox 3840 1516 4009 1567; x_wconf 86' lang='grc' dir='ltr'>πλευ-</span> 
     </span>
    </p>
   </div>
   <div class='ocr_carea' id='block_1_57' title="bbox 2450 1607 4009 1679">
    <p class='ocr_par' dir='ltr' id='par_1_57' title="bbox 2450 1607 4009 1679">
     <span class='ocr_line' id='line_1_57' title="bbox 2450 1607 4009 1679; baseline -0.004 -16"><span class='ocrx_word' id='word_1_385' title='bbox 2450 1611 2665 1679; x_wconf 89' lang='grc' dir='ltr'>ρίτιδος,</span> <span class='ocrx_word' id='word_1_386' title='bbox 2701 1610 2800 1678; x_wconf 83' lang='grc' dir='ltr'>τῆς</span> <span class='ocrx_word' id='word_1_387' title='bbox 2820 1627 2884 1663; x_wconf 90' lang='grc' dir='ltr'><strong>τε</strong></span> <span class='ocrx_word' id='word_1_388' title='bbox 2923 1610 3087 1679; x_wconf 77' lang='grc' dir='ltr'>οὔσης</span> <span class='ocrx_word' id='word_1_389' title='bbox 3135 1610 3355 1678; x_wconf 73' lang='grc' dir='ltr'>καὶτῆς</span> <span class='ocrx_word' id='word_1_390' title='bbox 3382 1608 3766 1678; x_wconf 75' lang='grc' dir='ltr'><strong>νομιζομένης,</strong></span> <span class='ocrx_word' id='word_1_391' title='bbox 3818 1607 3905 1668; x_wconf 84' lang='grc' dir='ltr'><strong>τίς</strong></span> <span class='ocrx_word' id='word_1_392' title='bbox 3950 1623 4009 1657; x_wconf 91' lang='grc' dir='ltr'><strong>τε</strong></span> 
     </span>
    </p>
   </div>
   <div class='ocr_carea' id='block_1_58' title="bbox 2449 1695 4010 1771">
    <p class='ocr_par' dir='ltr' id='par_1_58' title="bbox 2449 1695 4010 1771">
     <span class='ocr_line' id='line_1_58' title="bbox 2449 1695 4010 1771; baseline -0.005 -18"><span class='ocrx_word' id='word_1_393' title='bbox 2449 1700 2685 1771; x_wconf 83' lang='grc' dir='ltr'>ἑκατέρα</span> <span class='ocrx_word' id='word_1_394' title='bbox 2711 1700 2937 1766; x_wconf 84' lang='grc' dir='ltr'>τούτων,</span> <span class='ocrx_word' id='word_1_395' title='bbox 2956 1700 3312 1770; x_wconf 85' lang='grc' dir='ltr'>ὑπογράφων,</span> <span class='ocrx_word' id='word_1_396' title='bbox 3346 1698 3441 1751; x_wconf 76' lang='grc' dir='ltr'>καὶ</span> <span class='ocrx_word' id='word_1_397' title='bbox 3472 1700 3575 1751; x_wconf 85' lang='grc' dir='ltr'>ὅσα</span> <span class='ocrx_word' id='word_1_398' title='bbox 3604 1699 3683 1759; x_wconf 84' lang='grc' dir='ltr'><strong>είς</strong></span> <span class='ocrx_word' id='word_1_399' title='bbox 3714 1695 4010 1767; x_wconf 78' lang='grc' dir='ltr'>θεραπείαν</span> 
     </span>
    </p>
   </div>
   <div class='ocr_carea' id='block_1_59' title="bbox 2449 1792 2934 1846">
    <p class='ocr_par' dir='ltr' id='par_1_59' title="bbox 2449 1792 2934 1846">
     <span class='ocr_line' id='line_1_59' title="bbox 2449 1792 2934 1846; baseline 0.004 -2"><span class='ocrx_word' id='word_1_400' title='bbox 2449 1792 2629 1844; x_wconf 84' lang='grc' dir='ltr'>αὐτῶν</span> <span class='ocrx_word' id='word_1_401' title='bbox 2670 1792 2934 1846; x_wconf 79' lang='grc' dir='ltr'>συντελεῖ.</span> 
     </span>
    </p>
   </div>
   <div class='ocr_carea' id='block_1_60' title="bbox 2372 1864 4013 1951">
    <p class='ocr_par' dir='ltr' id='par_1_60' title="bbox 2372 1864 4013 1951">
     <span class='ocr_line' id='line_1_60' title="bbox 2372 1864 4013 1951; baseline -0.001 -16"><span class='ocrx_word' id='word_1_402' title='bbox 2372 1864 2412 1916; x_wconf 67' lang='grc' dir='ltr'><strong>Β</strong></span> <span class='ocrx_word' id='word_1_403' title='bbox 2512 1882 2669 1935; x_wconf 81' lang='grc' dir='ltr'><strong>Κατά</strong></span> <span class='ocrx_word' id='word_1_404' title='bbox 2696 1882 2752 1934; x_wconf 83' lang='grc' dir='ltr'>δὲ</span> <span class='ocrx_word' id='word_1_405' title='bbox 2792 1882 2883 1935; x_wconf 83' lang='grc' dir='ltr'><strong>τὸν</strong></span> <span class='ocrx_word' id='word_1_406' title='bbox 2919 1882 2963 1935; x_wconf 88' lang='grc' dir='ltr'>θ’</span> <span class='ocrx_word' id='word_1_407' title='bbox 2996 1880 3155 1948; x_wconf 89' lang='grc' dir='ltr'>λόγον</span> <span class='ocrx_word' id='word_1_408' title='bbox 3211 1880 3519 1951; x_wconf 86' lang='grc' dir='ltr'>ἀπάρχεται</span> <span class='ocrx_word' id='word_1_409' title='bbox 3569 1880 3668 1948; x_wconf 84' lang='grc' dir='ltr'>μὲν</span> <span class='ocrx_word' id='word_1_410' title='bbox 3705 1879 3835 1947; x_wconf 82' lang='grc' dir='ltr'>περὶ</span> <span class='ocrx_word' id='word_1_411' title='bbox 3880 1897 4013 1949; x_wconf 75' lang='grc' dir='ltr'>καρο</span> 
     </span>
    </p>
   </div>
   <div class='ocr_carea' id='block_1_61' title="bbox 2441 1970 4014 2042">
    <p class='ocr_par' dir='ltr' id='par_1_61' title="bbox 2441 1970 4014 2042">
     <span class='ocr_line' id='line_1_61' title="bbox 2441 1970 4014 2042; baseline -0.002 -17"><span class='ocrx_word' id='word_1_412' title='bbox 2441 1972 2671 2037; x_wconf 86' lang='grc' dir='ltr'>διακῶν,</span> <span class='ocrx_word' id='word_1_413' title='bbox 2712 1973 3069 2042; x_wconf 77' lang='grc' dir='ltr'>διαλαμϐάνει</span> <span class='ocrx_word' id='word_1_414' title='bbox 3115 1972 3171 2024; x_wconf 80' lang='grc' dir='ltr'>δὲ</span> <span class='ocrx_word' id='word_1_415' title='bbox 3215 1972 3412 2041; x_wconf 76' lang='grc' dir='ltr'>ἑφεξῆς</span> <span class='ocrx_word' id='word_1_416' title='bbox 3461 1971 3589 2041; x_wconf 90' lang='grc' dir='ltr'>περί</span> <span class='ocrx_word' id='word_1_417' title='bbox 3638 1987 3697 2022; x_wconf 91' lang='grc' dir='ltr'><strong>τε</strong></span> <span class='ocrx_word' id='word_1_418' title='bbox 3751 1970 3863 2022; x_wconf 91' lang='grc' dir='ltr'><strong>τῶν</strong></span> <span class='ocrx_word' id='word_1_419' title='bbox 3912 1970 4014 2023; x_wconf 81' lang='grc' dir='ltr'><strong>ὑπὸ</strong></span> 
     </span>
    </p>
   </div>
   <div class='ocr_carea' id='block_1_62' title="bbox 2446 2061 4012 2133">
    <p class='ocr_par' dir='ltr' id='par_1_62' title="bbox 2446 2061 4012 2133">
     <span class='ocr_line' id='line_1_62' title="bbox 2446 2061 4012 2133; baseline -0.003 -16"><span class='ocrx_word' id='word_1_420' title='bbox 2446 2065 2705 2133; x_wconf 80' lang='grc' dir='ltr'>μελαίνης</span> <span class='ocrx_word' id='word_1_421' title='bbox 2745 2065 2911 2133; x_wconf 83' lang='grc' dir='ltr'>χολῆς</span> <span class='ocrx_word' id='word_1_422' title='bbox 2957 2062 3360 2132; x_wconf 79' lang='grc' dir='ltr'>ἐνοχλουμένων</span> <span class='ocrx_word' id='word_1_423' title='bbox 3387 2062 3479 2115; x_wconf 82' lang='grc' dir='ltr'>τὸν</span> <span class='ocrx_word' id='word_1_424' title='bbox 3502 2062 3545 2093; x_wconf 77' lang='grc'><strong>’⁸</strong></span> <span class='ocrx_word' id='word_1_425' title='bbox 3574 2062 3877 2129; x_wconf 79' lang='grc' dir='ltr'>στόμαχον,</span> <span class='ocrx_word' id='word_1_426' title='bbox 3921 2061 4012 2113; x_wconf 83' lang='lat' dir='ltr'><strong>xui</strong></span> 
     </span>
    </p>
   </div>
   <div class='ocr_carea' id='block_1_63' title="bbox 2444 2151 4016 2223">
    <p class='ocr_par' dir='ltr' id='par_1_63' title="bbox 2444 2151 4016 2223">
     <span class='ocr_line' id='line_1_63' title="bbox 2444 2151 4016 2223; baseline -0.004 -14"><span class='ocrx_word' id='word_1_427' title='bbox 2444 2156 2628 2217; x_wconf 87' lang='grc' dir='ltr'>ἁπλῶς</span> <span class='ocrx_word' id='word_1_428' title='bbox 2659 2156 2760 2208; x_wconf 84' lang='grc' dir='ltr'><strong>ὅσα</strong></span> <span class='ocrx_word' id='word_1_429' title='bbox 2807 2156 2952 2223; x_wconf 82' lang='grc' dir='ltr'>πάθη</span> <span class='ocrx_word' id='word_1_430' title='bbox 2990 2156 3131 2208; x_wconf 86' lang='grc' dir='ltr'><strong>κατά</strong></span> <span class='ocrx_word' id='word_1_431' title='bbox 3171 2155 3230 2207; x_wconf 85' lang='grc' dir='ltr'><strong>τὸ</strong></span> <span class='ocrx_word' id='word_1_432' title='bbox 3274 2154 3448 2221; x_wconf 84' lang='grc' dir='ltr'>στόμα</span> <span class='ocrx_word' id='word_1_433' title='bbox 3487 2154 3587 2221; x_wconf 87' lang='grc' dir='ltr'>τῆς</span> <span class='ocrx_word' id='word_1_434' title='bbox 3631 2151 3840 2215; x_wconf 81' lang='grc' dir='ltr'>κοιλίας</span> <span class='ocrx_word' id='word_1_435' title='bbox 3894 2168 4016 2203; x_wconf 87' lang='grc' dir='ltr'>συν-</span> 
     </span>
    </p>
   </div>
   <div class='ocr_carea' id='block_1_64' title="bbox 2447 2241 4015 2315">
    <p class='ocr_par' dir='ltr' id='par_1_64' title="bbox 2447 2241 4015 2315">
     <span class='ocr_line' id='line_1_64' title="bbox 2447 2241 4015 2315; baseline -0.003 -17"><span class='ocrx_word' id='word_1_436' title='bbox 2447 2248 2675 2309; x_wconf 73' lang='grc' dir='ltr'>ίσταται,</span> <span class='ocrx_word' id='word_1_437' title='bbox 2700 2246 3137 2315; x_wconf 81' lang='grc' dir='ltr'>καταπλάσματά</span> <span class='ocrx_word' id='word_1_438' title='bbox 3170 2261 3226 2298; x_wconf 84' lang='grc' dir='ltr'><strong>τε</strong></span> <span class='ocrx_word' id='word_1_439' title='bbox 3262 2246 3355 2297; x_wconf 84' lang='grc' dir='ltr'><strong>καὶ</strong></span> <span class='ocrx_word' id='word_1_440' title='bbox 3389 2242 3709 2312; x_wconf 81' lang='grc' dir='ltr'>βοηθήματα</span> <span class='ocrx_word' id='word_1_441' title='bbox 3737 2245 3854 2304; x_wconf 84' lang='grc' dir='ltr'>τοῖς</span> <span class='ocrx_word' id='word_1_442' title='bbox 3876 2241 4015 2295; x_wconf 86' lang='grc' dir='ltr'><strong>κατά</strong></span> 
     </span>
    </p>
   </div>
   <div class='ocr_carea' id='block_1_65' title="bbox 2443 2334 4017 2407">
    <p class='ocr_par' dir='ltr' id='par_1_65' title="bbox 2443 2334 4017 2407">
     <span class='ocr_line' id='line_1_65' title="bbox 2443 2334 4017 2407; baseline -0.004 -18"><span class='ocrx_word' id='word_1_443' title='bbox 2443 2337 2675 2407; x_wconf 80' lang='grc' dir='ltr'>διάφορα</span> <span class='ocrx_word' id='word_1_444' title='bbox 2721 2336 2867 2406; x_wconf 89' lang='grc' dir='ltr'><strong>πάθη</strong></span> <span class='ocrx_word' id='word_1_445' title='bbox 2909 2338 2999 2388; x_wconf 83' lang='grc' dir='ltr'><strong>τὸν</strong></span> <span class='ocrx_word' id='word_1_446' title='bbox 3046 2337 3316 2405; x_wconf 86' lang='grc' dir='ltr'>στόμαχον</span> <span class='ocrx_word' id='word_1_447' title='bbox 3349 2334 3758 2403; x_wconf 82' lang='grc' dir='ltr'>κεκακωμένοις</span> <span class='ocrx_word' id='word_1_448' title='bbox 3794 2349 4017 2401; x_wconf 85' lang='grc' dir='ltr'>συναρι-</span> 
     </span>
    </p>
   </div>
   <div class='ocr_carea' id='block_1_66' title="bbox 2447 2423 4018 2499">
    <p class='ocr_par' dir='ltr' id='par_1_66' title="bbox 2447 2423 4018 2499">
     <span class='ocr_line' id='line_1_66' title="bbox 2447 2423 4018 2499; baseline -0.004 -16"><span class='ocrx_word' id='word_1_449' title='bbox 2447 2430 2474 2483; x_wconf 88' lang='grc' dir='ltr'><strong>θ</strong></span> <span class='ocrx_word' id='word_1_450' title='bbox 2483 2431 2618 2499; x_wconf 86' lang='grc' dir='ltr'>μῶν.</span> <span class='ocrx_word' id='word_1_451' title='bbox 2662 2430 2749 2481; x_wconf 85' lang='grc' dir='ltr'>Ἐν</span> <span class='ocrx_word' id='word_1_452' title='bbox 2778 2423 2857 2490; x_wconf 78' lang='grc' dir='ltr'>οἷς</span> <span class='ocrx_word' id='word_1_453' title='bbox 2888 2429 2981 2481; x_wconf 82' lang='grc' dir='ltr'><strong>καὶ</strong></span> <span class='ocrx_word' id='word_1_454' title='bbox 3009 2427 3140 2497; x_wconf 82' lang='grc' dir='ltr'>περὶ</span> <span class='ocrx_word' id='word_1_455' title='bbox 3165 2427 3275 2479; x_wconf 89' lang='grc' dir='ltr'><strong>τῶν</strong></span> <span class='ocrx_word' id='word_1_456' title='bbox 3300 2427 3408 2478; x_wconf 82' lang='grc' dir='ltr'><strong>ἀπὸ</strong></span> <span class='ocrx_word' id='word_1_457' title='bbox 3437 2426 3709 2494; x_wconf 85' lang='grc' dir='ltr'>στομάχου</span> <span class='ocrx_word' id='word_1_458' title='bbox 3734 2423 4018 2493; x_wconf 81' lang='grc' dir='ltr'>ἐπιληπτι-</span> 
     </span>
    </p>
   </div>
   <div class='ocr_carea' id='block_1_67' title="bbox 2446 2515 4019 2588">
    <p class='ocr_par' dir='ltr' id='par_1_67' title="bbox 2446 2515 4019 2588">
     <span class='ocr_line' id='line_1_67' title="bbox 2446 2515 4019 2588; baseline -0.004 -15"><span class='ocrx_word' id='word_1_459' title='bbox 2446 2521 2556 2583; x_wconf 87' lang='grc' dir='ltr'><strong>κῶς</strong></span> <span class='ocrx_word' id='word_1_460' title='bbox 2587 2521 2889 2588; x_wconf 74' lang='grc' dir='ltr'>σπωμένων</span> <span class='ocrx_word' id='word_1_461' title='bbox 2918 2518 3189 2582; x_wconf 82' lang='grc' dir='ltr'>διέξεισιν,</span> <span class='ocrx_word' id='word_1_462' title='bbox 3217 2517 3498 2585; x_wconf 82' lang='grc' dir='ltr'>ἀνορεξίας</span> <span class='ocrx_word' id='word_1_463' title='bbox 3527 2533 3587 2568; x_wconf 90' lang='grc' dir='ltr'><strong>τε</strong></span> <span class='ocrx_word' id='word_1_464' title='bbox 3617 2517 3710 2568; x_wconf 79' lang='grc' dir='ltr'><strong>καὶ</strong></span> <span class='ocrx_word' id='word_1_465' title='bbox 3750 2515 4019 2579; x_wconf 86' lang='grc' dir='ltr'>κυνώδους</span> 
     </span>
    </p>
   </div>
   <div class='ocr_carea' id='block_1_68' title="bbox 2446 2605 4019 2679">
    <p class='ocr_par' dir='ltr' id='par_1_68' title="bbox 2446 2605 4019 2679">
     <span class='ocr_line' id='line_1_68' title="bbox 2446 2605 4019 2679; baseline -0.004 -18"><span class='ocrx_word' id='word_1_466' title='bbox 2446 2610 2676 2679; x_wconf 77' lang='grc' dir='ltr'>ὀρέξεως</span> <span class='ocrx_word' id='word_1_467' title='bbox 2708 2610 2799 2661; x_wconf 90' lang='lat' dir='ltr'><strong>xui.</strong></span> <span class='ocrx_word' id='word_1_468' title='bbox 2835 2608 3102 2675; x_wconf 74' lang='grc' dir='ltr'>ἀπεψίας,</span> <span class='ocrx_word' id='word_1_469' title='bbox 3150 2607 3246 2660; x_wconf 83' lang='grc' dir='ltr'><strong>καὶ</strong></span> <span class='ocrx_word' id='word_1_470' title='bbox 3284 2606 3577 2676; x_wconf 85' lang='grc' dir='ltr'>θεραπείας</span> <span class='ocrx_word' id='word_1_471' title='bbox 3606 2605 3832 2657; x_wconf 89' lang='grc' dir='ltr'>τούτων.</span> <span class='ocrx_word' id='word_1_472' title='bbox 3866 2606 4019 2656; x_wconf 80' lang='grc' dir='ltr'>Διδά-</span> 
     </span>
    </p>
   </div>
   <div class='ocr_carea' id='block_1_69' title="bbox 2450 2696 4019 2767">
    <p class='ocr_par' dir='ltr' id='par_1_69' title="bbox 2450 2696 4019 2767">
     <span class='ocr_line' id='line_1_69' title="bbox 2450 2696 4019 2767; baseline -0.002 -15"><span class='ocrx_word' id='word_1_473' title='bbox 2450 2717 2568 2752; x_wconf 87' lang='grc' dir='ltr'>σκει</span> <span class='ocrx_word' id='word_1_474' title='bbox 2619 2700 2675 2751; x_wconf 88' lang='grc' dir='ltr'>δὲ</span> <span class='ocrx_word' id='word_1_475' title='bbox 2732 2699 2825 2752; x_wconf 78' lang='grc' dir='ltr'><strong>καὶ</strong></span> <span class='ocrx_word' id='word_1_476' title='bbox 2884 2700 3031 2760; x_wconf 85' lang='grc' dir='ltr'>ὅπως</span> <span class='ocrx_word' id='word_1_477' title='bbox 3100 2697 3391 2767; x_wconf 80' lang='grc' dir='ltr'>βοηθητέον</span> <span class='ocrx_word' id='word_1_478' title='bbox 3449 2699 3561 2760; x_wconf 84' lang='grc' dir='ltr'>τοῖς</span> <span class='ocrx_word' id='word_1_479' title='bbox 3619 2696 4019 2765; x_wconf 83' lang='grc' dir='ltr'>κραιπαλῶσιν.</span> 
     </span>
    </p>
   </div>
   <div class='ocr_carea' id='block_1_70' title="bbox 2461 2786 4021 2857">
    <p class='ocr_par' dir='ltr' id='par_1_70' title="bbox 2461 2786 4021 2857">
     <span class='ocr_line' id='line_1_70' title="bbox 2461 2786 4021 2857; baseline -0.002 -17"><span class='ocrx_word' id='word_1_480' title='bbox 2461 2789 2795 2857; x_wconf 85' lang='grc' dir='ltr'>Ἐπεχομένῃ</span> <span class='ocrx_word' id='word_1_481' title='bbox 2820 2806 2877 2840; x_wconf 89' lang='grc' dir='ltr'><strong>τε</strong></span> <span class='ocrx_word' id='word_1_482' title='bbox 2910 2788 3107 2857; x_wconf 83' lang='grc' dir='ltr'>γαστρὶ</span> <span class='ocrx_word' id='word_1_483' title='bbox 3132 2787 3403 2840; x_wconf 79' lang='grc' dir='ltr'>διατάττει</span> <span class='ocrx_word' id='word_1_484' title='bbox 3436 2786 3776 2855; x_wconf 74' lang='grc' dir='ltr'>ἐπιμέλειαν,</span> <span class='ocrx_word' id='word_1_485' title='bbox 3812 2787 3943 2855; x_wconf 84' lang='grc' dir='ltr'>περί</span> <span class='ocrx_word' id='word_1_486' title='bbox 3964 2803 4021 2837; x_wconf 91' lang='grc' dir='ltr'><strong>τε</strong></span> 
     </span>
    </p>
   </div>
   <div class='ocr_carea' id='block_1_71' title="bbox 2450 2875 4022 2948">
    <p class='ocr_par' dir='ltr' id='par_1_71' title="bbox 2450 2875 4022 2948">
     <span class='ocr_line' id='line_1_71' title="bbox 2450 2875 4022 2948; baseline -0.003 -16"><span class='ocrx_word' id='word_1_487' title='bbox 2450 2879 2959 2948; x_wconf 84' lang='grc' dir='ltr'>ὲμπνευματώσεως</span> <span class='ocrx_word' id='word_1_488' title='bbox 2998 2880 3093 2931; x_wconf 85' lang='lat' dir='ltr'><strong>xui.</strong></span> <span class='ocrx_word' id='word_1_489' title='bbox 3140 2878 3317 2943; x_wconf 79' lang='grc' dir='ltr'>ίλεοῦ,</span> <span class='ocrx_word' id='word_1_490' title='bbox 3366 2880 3458 2931; x_wconf 85' lang='lat' dir='ltr'><strong>xui.</strong></span> <span class='ocrx_word' id='word_1_491' title='bbox 3507 2876 3690 2939; x_wconf 84' lang='grc' dir='ltr'>ἁπλῶς</span> <span class='ocrx_word' id='word_1_492' title='bbox 3738 2878 3871 2945; x_wconf 70' lang='grc' dir='ltr'>περὶ</span> <span class='ocrx_word' id='word_1_493' title='bbox 3916 2875 4022 2927; x_wconf 83' lang='grc' dir='ltr'><strong>τῶν</strong></span> 
     </span>
    </p>
   </div>
   <div class='ocr_carea' id='block_1_72' title="bbox 2449 2967 4024 3037">
    <p class='ocr_par' dir='ltr' id='par_1_72' title="bbox 2449 2967 4024 3037">
     <span class='ocr_line' id='line_1_72' title="bbox 2449 2967 4024 3037; baseline -0.002 -17"><span class='ocrx_word' id='word_1_494' title='bbox 2449 2968 2798 3036; x_wconf 75' lang='grc' dir='ltr'>όδυνωμένων</span> <span class='ocrx_word' id='word_1_495' title='bbox 2836 2969 2896 3020; x_wconf 75' lang='grc' dir='ltr'>τὸ</span> <span class='ocrx_word' id='word_1_496' title='bbox 2943 2968 3134 3020; x_wconf 90' lang='grc' dir='ltr'>κῶλον·</span> <span class='ocrx_word' id='word_1_497' title='bbox 3173 2968 3267 3020; x_wconf 89' lang='lat' dir='ltr'><strong>xui.</strong></span> <span class='ocrx_word' id='word_1_498' title='bbox 3301 2969 3430 3037; x_wconf 80' lang='grc' dir='ltr'>περὶ</span> <span class='ocrx_word' id='word_1_499' title='bbox 3461 2968 3667 3028; x_wconf 82' lang='grc' dir='ltr'>κοιλίας</span> <span class='ocrx_word' id='word_1_500' title='bbox 3697 2967 4024 3037; x_wconf 76' lang='grc' dir='ltr'>ῥευματιζο-</span> 
     </span>
    </p>
   </div>
   <div class='ocr_carea' id='block_1_73' title="bbox 2456 3058 4026 3129">
    <p class='ocr_par' dir='ltr' id='par_1_73' title="bbox 2456 3058 4026 3129">
     <span class='ocr_line' id='line_1_73' title="bbox 2456 3058 4026 3129; baseline -0.001 -19"><span class='ocrx_word' id='word_1_501' title='bbox 2456 3060 2643 3129; x_wconf 83' lang='grc' dir='ltr'>μένης,</span> <span class='ocrx_word' id='word_1_502' title='bbox 2678 3062 2776 3127; x_wconf 81' lang='grc' dir='ltr'>τῆς</span> <span class='ocrx_word' id='word_1_503' title='bbox 2823 3076 2881 3110; x_wconf 89' lang='grc' dir='ltr'><strong>τε</strong></span> <span class='ocrx_word' id='word_1_504' title='bbox 2930 3058 3209 3127; x_wconf 88' lang='grc' dir='ltr'>κοιλιακῆς</span> <span class='ocrx_word' id='word_1_505' title='bbox 3253 3059 3549 3128; x_wconf 82' lang='grc' dir='ltr'>λεγομένης</span> <span class='ocrx_word' id='word_1_506' title='bbox 3582 3058 3900 3120; x_wconf 81' lang='grc' dir='ltr'>διαθέσεως,</span> <span class='ocrx_word' id='word_1_507' title='bbox 3935 3058 4026 3109; x_wconf 77' lang='grc' dir='ltr'>καὶ</span> 
     </span>
    </p>
   </div>
   <div class='ocr_carea' id='block_1_74' title="bbox 2454 3147 4029 3219">
    <p class='ocr_par' dir='ltr' id='par_1_74' title="bbox 2454 3147 4029 3219">
     <span class='ocr_line' id='line_1_74' title="bbox 2454 3147 4029 3219; baseline -0.001 -20"><span class='ocrx_word' id='word_1_508' title='bbox 2454 3151 2579 3219; x_wconf 76' lang='grc' dir='ltr'>περὶ</span> <span class='ocrx_word' id='word_1_509' title='bbox 2614 3148 2937 3218; x_wconf 82' lang='grc' dir='ltr'>συντήξεως,</span> <span class='ocrx_word' id='word_1_510' title='bbox 2969 3148 3094 3217; x_wconf 89' lang='grc' dir='ltr'>περί</span> <span class='ocrx_word' id='word_1_511' title='bbox 3130 3165 3189 3200; x_wconf 88' lang='grc' dir='ltr'><strong>τε</strong></span> <span class='ocrx_word' id='word_1_512' title='bbox 3214 3148 3501 3216; x_wconf 79' lang='grc' dir='ltr'>ἑλμίνθων,</span> <span class='ocrx_word' id='word_1_513' title='bbox 3530 3148 3636 3199; x_wconf 91' lang='grc' dir='ltr'><strong>τῶν</strong></span> <span class='ocrx_word' id='word_1_514' title='bbox 3664 3166 3720 3199; x_wconf 93' lang='grc' dir='ltr'><strong>τε</strong></span> <span class='ocrx_word' id='word_1_515' title='bbox 3760 3147 4029 3215; x_wconf 83' lang='grc' dir='ltr'>στρογγύ-</span> 
     </span>
    </p>
   </div>
   <div class='ocr_carea' id='block_1_75' title="bbox 2454 3236 4023 3306">
    <p class='ocr_par' dir='ltr' id='par_1_75' title="bbox 2454 3236 4023 3306">
     <span class='ocr_line' id='line_1_75' title="bbox 2454 3236 4023 3306; baseline -0.001 -16"><span class='ocrx_word' id='word_1_516' title='bbox 2454 3239 2559 3290; x_wconf 82' lang='grc' dir='ltr'><strong>λων</strong></span> <span class='ocrx_word' id='word_1_517' title='bbox 2586 3240 2677 3290; x_wconf 81' lang='grc' dir='ltr'><strong>καὶ</strong></span> <span class='ocrx_word' id='word_1_518' title='bbox 2710 3238 2805 3305; x_wconf 81' lang='grc' dir='ltr'>τῆς</span> <span class='ocrx_word' id='word_1_519' title='bbox 2837 3238 3098 3299; x_wconf 82' lang='grc' dir='ltr'>πλατείας</span> <span class='ocrx_word' id='word_1_520' title='bbox 3116 3238 3339 3289; x_wconf 77' lang='grc' dir='ltr'>καὶτῶν</span> <span class='ocrx_word' id='word_1_521' title='bbox 3362 3236 3666 3306; x_wconf 87' lang='grc' dir='ltr'>ἀσκαρίδων</span> <span class='ocrx_word' id='word_1_522' title='bbox 3693 3238 4023 3304; x_wconf 88' lang='grc' dir='ltr'>λεγομένων.</span> 
     </span>
    </p>
   </div>
   <div class='ocr_carea' id='block_1_76' title="bbox 2456 3326 4024 3398">
    <p class='ocr_par' dir='ltr' id='par_1_76' title="bbox 2456 3326 4024 3398">
     <span class='ocr_line' id='line_1_76' title="bbox 2456 3326 4024 3398; baseline -0.001 -17"><span class='ocrx_word' id='word_1_523' title='bbox 2456 3330 2588 3397; x_wconf 82' lang='grc' dir='ltr'>Περί</span> <span class='ocrx_word' id='word_1_524' title='bbox 2623 3346 2677 3380; x_wconf 88' lang='grc' dir='ltr'><strong>τε</strong></span> <span class='ocrx_word' id='word_1_525' title='bbox 2715 3328 2824 3380; x_wconf 90' lang='grc' dir='ltr'><strong>τῶν</strong></span> <span class='ocrx_word' id='word_1_526' title='bbox 2867 3329 3008 3379; x_wconf 80' lang='grc' dir='ltr'>κατὰ</span> <span class='ocrx_word' id='word_1_527' title='bbox 3048 3330 3116 3379; x_wconf 80' lang='grc' dir='ltr'>τὰ</span> <span class='ocrx_word' id='word_1_528' title='bbox 3150 3328 3342 3398; x_wconf 75' lang='grc' dir='ltr'>ἔντερα</span> <span class='ocrx_word' id='word_1_529' title='bbox 3376 3327 3781 3395; x_wconf 88' lang='grc' dir='ltr'>συνισταμένων</span> <span class='ocrx_word' id='word_1_530' title='bbox 3814 3326 4024 3390; x_wconf 83' lang='grc' dir='ltr'>παθῶν,</span> 
     </span>
    </p>
   </div>
   <div class='ocr_carea' id='block_1_77' title="bbox 2456 3416 4023 3487">
    <p class='ocr_par' dir='ltr' id='par_1_77' title="bbox 2456 3416 4023 3487">
     <span class='ocr_line' id='line_1_77' title="bbox 2456 3416 4023 3487; baseline 0.001 -17"><span class='ocrx_word' id='word_1_531' title='bbox 2456 3419 2550 3470; x_wconf 71' lang='grc' dir='ltr'>καὶ</span> <span class='ocrx_word' id='word_1_532' title='bbox 2588 3421 2731 3479; x_wconf 75' lang='grc' dir='ltr'>ὅσοις</span> <span class='ocrx_word' id='word_1_533' title='bbox 2768 3418 2964 3487; x_wconf 85' lang='grc' dir='ltr'>χρυσὸς</span> <span class='ocrx_word' id='word_1_534' title='bbox 3004 3418 3037 3487; x_wconf 84' lang='grc' dir='ltr'>ἢ</span> <span class='ocrx_word' id='word_1_535' title='bbox 3084 3418 3281 3486; x_wconf 87' lang='grc' dir='ltr'>χαλκὸς</span> <span class='ocrx_word' id='word_1_536' title='bbox 3314 3418 3347 3487; x_wconf 74' lang='grc' dir='ltr'><strong>ἡ</strong></span> <span class='ocrx_word' id='word_1_537' title='bbox 3392 3434 3444 3469; x_wconf 89' lang='grc' dir='ltr'><strong>τι</strong></span> <span class='ocrx_word' id='word_1_538' title='bbox 3486 3417 3725 3470; x_wconf 81' lang='grc' dir='ltr'>τοιοῦτον</span> <span class='ocrx_word' id='word_1_539' title='bbox 3756 3416 3802 3447; x_wconf 67' lang='grc' dir='ltr'><strong>θ’</strong></span> <span class='ocrx_word' id='word_1_540' title='bbox 3832 3417 4023 3486; x_wconf 75' lang='grc' dir='ltr'>ἐπόθη.</span> 
     </span>
    </p>
   </div>
   <div class='ocr_carea' id='block_1_78' title="bbox 2457 3508 4028 3578">
    <p class='ocr_par' dir='ltr' id='par_1_78' title="bbox 2457 3508 4028 3578">
     <span class='ocr_line' id='line_1_78' title="bbox 2457 3508 4028 3578; baseline -0.001 -16"><span class='ocrx_word' id='word_1_541' title='bbox 2457 3512 2671 3562; x_wconf 81' lang='grc' dir='ltr'>Τούτων</span> <span class='ocrx_word' id='word_1_542' title='bbox 2692 3526 2749 3560; x_wconf 89' lang='grc' dir='ltr'><strong>τε</strong></span> <span class='ocrx_word' id='word_1_543' title='bbox 2788 3509 3108 3578; x_wconf 84' lang='grc' dir='ltr'>βοηθήματα</span> <span class='ocrx_word' id='word_1_544' title='bbox 3138 3510 3464 3577; x_wconf 75' lang='grc' dir='ltr'>ἀναγράφει,</span> <span class='ocrx_word' id='word_1_545' title='bbox 3507 3508 3598 3561; x_wconf 74' lang='grc' dir='ltr'><strong>καὶ</strong></span> <span class='ocrx_word' id='word_1_546' title='bbox 3633 3508 4028 3577; x_wconf 86' lang='grc' dir='ltr'>δυσεντερικοῖς</span> 
     </span>
    </p>
   </div>
   <div class='ocr_carea' id='block_1_79' title="bbox 2458 3598 4029 3667">
    <p class='ocr_par' dir='ltr' id='par_1_79' title="bbox 2458 3598 4029 3667">
     <span class='ocr_line' id='line_1_79' title="bbox 2458 3598 4029 3667; baseline -0.001 -16"><span class='ocrx_word' id='word_1_547' title='bbox 2458 3602 2525 3651; x_wconf 80' lang='grc' dir='ltr'>τὰ</span> <span class='ocrx_word' id='word_1_548' title='bbox 2576 3600 2843 3667; x_wconf 83' lang='grc' dir='ltr'>λεγόμενα</span> <span class='ocrx_word' id='word_1_549' title='bbox 2899 3598 3205 3667; x_wconf 79' lang='grc' dir='ltr'>ἀνωτερικὰ</span> <span class='ocrx_word' id='word_1_550' title='bbox 3257 3600 3350 3651; x_wconf 78' lang='grc' dir='ltr'>καὶ</span> <span class='ocrx_word' id='word_1_551' title='bbox 3393 3598 3735 3667; x_wconf 81' lang='grc' dir='ltr'>κατωτερικὰ</span> <span class='ocrx_word' id='word_1_552' title='bbox 3789 3599 4029 3666; x_wconf 85' lang='grc' dir='ltr'>ένέματα</span> 
     </span>
    </p>
   </div>
   <div class='ocr_carea' id='block_1_80' title="bbox 2460 3687 4032 3758">
    <p class='ocr_par' dir='ltr' id='par_1_80' title="bbox 2460 3687 4032 3758">
     <span class='ocr_line' id='line_1_80' title="bbox 2460 3687 4032 3758; baseline -0.003 -15"><span class='ocrx_word' id='word_1_553' title='bbox 2460 3690 2746 3755; x_wconf 83' lang='grc' dir='ltr'>καταλέγει</span> <span class='ocrx_word' id='word_1_554' title='bbox 2776 3689 2840 3753; x_wconf 75' lang='grc'><strong>⁸³,</strong></span> <span class='ocrx_word' id='word_1_555' title='bbox 2880 3691 3200 3757; x_wconf 87' lang='grc' dir='ltr'>τροχίσκους</span> <span class='ocrx_word' id='word_1_556' title='bbox 3224 3706 3282 3739; x_wconf 90' lang='grc' dir='ltr'><strong>τε</strong></span> <span class='ocrx_word' id='word_1_557' title='bbox 3313 3689 3406 3741; x_wconf 75' lang='grc' dir='ltr'><strong>καὶ</strong></span> <span class='ocrx_word' id='word_1_558' title='bbox 3438 3687 3674 3739; x_wconf 85' lang='grc' dir='ltr'>ύποθετὰ</span> <span class='ocrx_word' id='word_1_559' title='bbox 3703 3688 3799 3739; x_wconf 73' lang='grc' dir='ltr'><strong>καὶ</strong></span> <span class='ocrx_word' id='word_1_560' title='bbox 3826 3689 4032 3758; x_wconf 75' lang='grc' dir='ltr'>ἐπιχρί-</span> 
     </span>
    </p>
   </div>
   <div class='ocr_carea' id='block_1_81' title="bbox 2462 3778 4031 3849">
    <p class='ocr_par' dir='ltr' id='par_1_81' title="bbox 2462 3778 4031 3849">
     <span class='ocr_line' id='line_1_81' title="bbox 2462 3778 4031 3849; baseline -0.002 -16"><span class='ocrx_word' id='word_1_561' title='bbox 2462 3798 2644 3849; x_wconf 91' lang='grc' dir='ltr'>σματα</span> <span class='ocrx_word' id='word_1_562' title='bbox 2677 3780 2769 3831; x_wconf 86' lang='lat' dir='ltr'><strong>xui.</strong></span> <span class='ocrx_word' id='word_1_563' title='bbox 2793 3778 3119 3847; x_wconf 82' lang='grc' dir='ltr'>ὲπιθέματα,</span> <span class='ocrx_word' id='word_1_564' title='bbox 3152 3781 3246 3831; x_wconf 85' lang='lat' dir='ltr'><strong>xui.</strong></span> <span class='ocrx_word' id='word_1_565' title='bbox 3268 3778 3453 3831; x_wconf 81' lang='grc' dir='ltr'>λοιπὸν</span> <span class='ocrx_word' id='word_1_566' title='bbox 3478 3779 3555 3840; x_wconf 81' lang='grc' dir='ltr'><strong>είς</strong></span> <span class='ocrx_word' id='word_1_567' title='bbox 3576 3778 3666 3829; x_wconf 84' lang='grc' dir='ltr'><strong>τὸν</strong></span> <span class='ocrx_word' id='word_1_568' title='bbox 3697 3779 3827 3846; x_wconf 82' lang='grc' dir='ltr'>περὶ</span> <span class='ocrx_word' id='word_1_569' title='bbox 3861 3778 4031 3830; x_wconf 86' lang='grc' dir='ltr'>λειεν-</span> 
     </span>
    </p>
   </div>
   <div class='ocr_carea' id='block_1_82' title="bbox 2462 3874 3189 3946">
    <p class='ocr_par' dir='ltr' id='par_1_82' title="bbox 2462 3874 3189 3946">
     <span class='ocr_line' id='line_1_82' title="bbox 2462 3874 3189 3946; baseline -0.003 -18"><span class='ocrx_word' id='word_1_570' title='bbox 2462 3876 2647 3946; x_wconf 86' lang='grc' dir='ltr'>τερίας</span> <span class='ocrx_word' id='word_1_571' title='bbox 2680 3874 2974 3943; x_wconf 84' lang='grc' dir='ltr'>καταλήγει</span> <span class='ocrx_word' id='word_1_572' title='bbox 3012 3875 3189 3940; x_wconf 77' lang='grc' dir='ltr'>λόγον.</span> 
     </span>
    </p>
   </div>
   <div class='ocr_carea' id='block_1_83' title="bbox 2544 3960 4034 4035">
    <p class='ocr_par' dir='ltr' id='par_1_83' title="bbox 2544 3960 4034 4035">
     <span class='ocr_line' id='line_1_83' title="bbox 2544 3960 4034 4035; baseline -0.005 -16"><span class='ocrx_word' id='word_1_573' title='bbox 2544 3967 2601 4019; x_wconf 83' lang='grc' dir='ltr'>ὐ</span> <span class='ocrx_word' id='word_1_574' title='bbox 2628 3967 2683 4018; x_wconf 80' lang='grc' dir='ltr'><strong>δὲ</strong></span> <span class='ocrx_word' id='word_1_575' title='bbox 2710 3973 2735 4018; x_wconf 83' lang='grc' dir='ltr'>ι’</span> <span class='ocrx_word' id='word_1_576' title='bbox 2769 3967 2918 4035; x_wconf 86' lang='grc' dir='ltr'>αύτῷ</span> <span class='ocrx_word' id='word_1_577' title='bbox 2949 3966 2994 3997; x_wconf 72' lang='grc'><strong>’⁵</strong></span> <span class='ocrx_word' id='word_1_578' title='bbox 3022 3966 3176 4032; x_wconf 87' lang='grc' dir='ltr'>λόγος</span> <span class='ocrx_word' id='word_1_579' title='bbox 3204 3965 3510 4032; x_wconf 86' lang='grc' dir='ltr'>ἀπάρχεται</span> <span class='ocrx_word' id='word_1_580' title='bbox 3540 3961 3637 4031; x_wconf 79' lang='grc' dir='ltr'>μὲν</span> <span class='ocrx_word' id='word_1_581' title='bbox 3666 3960 3796 4029; x_wconf 78' lang='grc' dir='ltr'>περὶ</span> <span class='ocrx_word' id='word_1_582' title='bbox 3823 3961 4034 4029; x_wconf 80' lang='grc' dir='ltr'>ἥπατος</span> 
     </span>
    </p>
   </div>
   <div class='ocr_carea' id='block_1_84' title="bbox 2463 4050 4032 4124">
    <p class='ocr_par' dir='ltr' id='par_1_84' title="bbox 2463 4050 4032 4124">
     <span class='ocr_line' id='line_1_84' title="bbox 2463 4050 4032 4124; baseline -0.006 -14"><span class='ocrx_word' id='word_1_583' title='bbox 2463 4058 2699 4120; x_wconf 81' lang='grc' dir='ltr'>ἀτονίας,</span> <span class='ocrx_word' id='word_1_584' title='bbox 2750 4056 3003 4109; x_wconf 80' lang='grc' dir='ltr'>κάκεῖθεν</span> <span class='ocrx_word' id='word_1_585' title='bbox 3049 4055 3175 4124; x_wconf 68' lang='grc' dir='ltr'>περὶ</span> <span class='ocrx_word' id='word_1_586' title='bbox 3219 4055 3433 4106; x_wconf 82' lang='grc' dir='ltr'>πάντων</span> <span class='ocrx_word' id='word_1_587' title='bbox 3473 4051 3634 4104; x_wconf 81' lang='grc' dir='ltr'>αὑτοῦ</span> <span class='ocrx_word' id='word_1_588' title='bbox 3671 4051 3780 4102; x_wconf 92' lang='grc' dir='ltr'><strong>τῶν</strong></span> <span class='ocrx_word' id='word_1_589' title='bbox 3823 4050 4032 4115; x_wconf 88' lang='grc' dir='ltr'>παθῶν,</span> 
     </span>
    </p>
   </div>
   <div class='ocr_carea' id='block_1_85' title="bbox 2466 4137 4034 4220">
    <p class='ocr_par' dir='ltr' id='par_1_85' title="bbox 2466 4137 4034 4220">
     <span class='ocr_line' id='line_1_85' title="bbox 2466 4137 4034 4220; baseline -0.006 -17"><span class='ocrx_word' id='word_1_590' title='bbox 2466 4150 2559 4203; x_wconf 80' lang='grc' dir='ltr'><strong>καὶ</strong></span> <span class='ocrx_word' id='word_1_591' title='bbox 2583 4149 2648 4202; x_wconf 80' lang='grc' dir='ltr'>δι’</span> <span class='ocrx_word' id='word_1_592' title='bbox 2678 4144 2752 4202; x_wconf 82' lang='grc' dir='ltr'>ὧν</span> <span class='ocrx_word' id='word_1_593' title='bbox 2782 4149 2846 4201; x_wconf 84' lang='grc' dir='ltr'><strong>ἂν</strong></span> <span class='ocrx_word' id='word_1_594' title='bbox 2880 4147 3241 4220; x_wconf 87' lang='grc' dir='ltr'>θεραπευθείη</span> <span class='ocrx_word' id='word_1_595' title='bbox 3265 4147 3456 4209; x_wconf 79' lang='grc' dir='ltr'>ταῦτα,</span> <span class='ocrx_word' id='word_1_596' title='bbox 3492 4142 3871 4211; x_wconf 74' lang='grc' dir='ltr'>διαλαμϐάνει.</span> <span class='ocrx_word' id='word_1_597' title='bbox 3904 4137 4034 4195; x_wconf 77' lang='grc' dir='ltr'>Εἶτα</span> 
     </span>
    </p>
   </div>
   <div class='ocr_carea' id='block_1_86' title="bbox 2469 4234 4034 4313">
    <p class='ocr_par' dir='ltr' id='par_1_86' title="bbox 2469 4234 4034 4313">
     <span class='ocr_line' id='line_1_86' title="bbox 2469 4234 4034 4313; baseline -0.006 -19"><span class='ocrx_word' id='word_1_598' title='bbox 2469 4242 2781 4313; x_wconf 78' lang='grc' dir='ltr'>μεταϐαίνει</span> <span class='ocrx_word' id='word_1_599' title='bbox 2808 4240 2939 4309; x_wconf 75' lang='grc' dir='ltr'>πρὸς</span> <span class='ocrx_word' id='word_1_600' title='bbox 2963 4239 3059 4301; x_wconf 85' lang='grc' dir='ltr'><strong>τὰς</strong></span> <span class='ocrx_word' id='word_1_601' title='bbox 3081 4240 3138 4291; x_wconf 79' lang='grc' dir='ltr'><strong>έν</strong></span> <span class='ocrx_word' id='word_1_602' title='bbox 3166 4239 3361 4306; x_wconf 75' lang='grc' dir='ltr'>σπληνὶ</span> <span class='ocrx_word' id='word_1_603' title='bbox 3386 4236 3672 4298; x_wconf 86' lang='grc' dir='ltr'>διαθέσεις,</span> <span class='ocrx_word' id='word_1_604' title='bbox 3694 4234 4034 4303; x_wconf 86' lang='grc' dir='ltr'>δυσκρασίας</span> 
     </span>
    </p>
   </div>
   <div class='ocr_carea' id='block_1_87' title="bbox 2465 4327 4037 4399">
    <p class='ocr_par' dir='ltr' id='par_1_87' title="bbox 2465 4327 4037 4399">
     <span class='ocr_line' id='line_1_87' title="bbox 2465 4327 4037 4399; baseline -0.006 -13"><span class='ocrx_word' id='word_1_605' title='bbox 2465 4351 2524 4386; x_wconf 87' lang='grc' dir='ltr'><strong>τε</strong></span> <span class='ocrx_word' id='word_1_606' title='bbox 2572 4333 2733 4386; x_wconf 76' lang='grc' dir='ltr'>αὑτοῦ</span> <span class='ocrx_word' id='word_1_607' title='bbox 2788 4334 2880 4385; x_wconf 82' lang='grc' dir='ltr'><strong>καὶ</strong></span> <span class='ocrx_word' id='word_1_608' title='bbox 2922 4330 3213 4399; x_wconf 87' lang='grc' dir='ltr'>θεραπείας</span> <span class='ocrx_word' id='word_1_609' title='bbox 3257 4327 3489 4393; x_wconf 80' lang='grc' dir='ltr'>διεξιὼν,</span> <span class='ocrx_word' id='word_1_610' title='bbox 3547 4327 4037 4396; x_wconf 79' lang='grc' dir='ltr'>ἐμπνευματώσεις</span> 
     </span>
    </p>
   </div>
   <div class='ocr_carea' id='block_1_88' title="bbox 771 4414 2353 4490">
    <p class='ocr_par' dir='ltr' id='par_1_88' title="bbox 771 4414 2353 4487">
     <span class='ocr_line' id='line_1_88' title="bbox 771 4414 2353 4487; baseline -0.001 -17"><span class='ocrx_word' id='word_1_611' title='bbox 771 4434 885 4485; x_wconf 87' lang='lat' dir='ltr'><strong>nes,</strong></span> <span class='ocrx_word' id='word_1_612' title='bbox 898 4420 1111 4477; x_wconf 88' lang='lat' dir='ltr'><strong>scirrht.</strong></span> <span class='ocrx_word' id='word_1_613' title='bbox 1135 4428 1371 4471; x_wconf 82' lang='lat' dir='ltr'><strong>tumores</strong></span> <span class='ocrx_word' id='word_1_614' title='bbox 1385 4425 1575 4487; x_wconf 62' lang='lat' dir='ltr'><strong>preter</strong></span> <span class='ocrx_word' id='word_1_615' title='bbox 1593 4424 1837 4468; x_wconf 91' lang='lat' dir='ltr'><strong>naturam</strong></span> <span class='ocrx_word' id='word_1_616' title='bbox 1862 4423 2021 4482; x_wconf 88' lang='lat' dir='ltr'><strong>atque</strong></span> <span class='ocrx_word' id='word_1_617' title='bbox 2038 4414 2277 4470; x_wconf 90' lang='lat' dir='ltr'><strong>durities.</strong></span> <span class='ocrx_word' id='word_1_618' title='bbox 2293 4416 2353 4469; x_wconf 71' lang='lat' dir='ltr'><strong>De</strong></span> 
     </span>
    </p>
   </div>
   <div class='ocr_carea' id='block_1_89' title="bbox 2436 4414 4037 4490">
    <p class='ocr_par' dir='ltr' id='par_1_89' title="bbox 2468 4414 4037 4490">
     <span class='ocr_line' id='line_1_89' title="bbox 2468 4414 4037 4490; baseline -0.006 -14"><span class='ocrx_word' id='word_1_619' title='bbox 2468 4425 2561 4477; x_wconf 84' lang='lat' dir='ltr'><strong>xui</strong></span> <span class='ocrx_word' id='word_1_620' title='bbox 2613 4422 2918 4490; x_wconf 74' lang='grc' dir='ltr'>φλεγμονὰς</span> <span class='ocrx_word' id='word_1_621' title='bbox 2950 4421 3045 4473; x_wconf 87' lang='lat' dir='ltr'><strong>xui.</strong></span> <span class='ocrx_word' id='word_1_622' title='bbox 3075 4420 3333 4489; x_wconf 78' lang='grc' dir='ltr'>σκίρῤους</span> <span class='ocrx_word' id='word_1_623' title='bbox 3353 4418 3397 4449; x_wconf 77' lang='grc'><strong><em>’⁸</em></strong></span> <span class='ocrx_word' id='word_1_624' title='bbox 3420 4418 3512 4469; x_wconf 80' lang='grc' dir='ltr'>καὶ</span> <span class='ocrx_word' id='word_1_625' title='bbox 3540 4418 3665 4479; x_wconf 86' lang='grc' dir='ltr'>τοὺς</span> <span class='ocrx_word' id='word_1_626' title='bbox 3692 4414 3848 4485; x_wconf 72' lang='grc' dir='ltr'>παρᾶ</span> <span class='ocrx_word' id='word_1_627' title='bbox 3872 4415 4037 4484; x_wconf 85' lang='grc' dir='ltr'>φύσιν</span> 
     </span>
    </p>
   </div>
   <div class='ocr_carea' id='block_1_90' title="bbox 774 4504 2353 4583">
    <p class='ocr_par' dir='ltr' id='par_1_90' title="bbox 774 4504 2353 4574">
     <span class='ocr_line' id='line_1_90' title="bbox 774 4504 2353 4574; baseline -0.004 -10"><span class='ocrx_word' id='word_1_628' title='bbox 774 4513 939 4566; x_wconf 89' lang='lat' dir='ltr'><strong>lctero</strong></span> <span class='ocrx_word' id='word_1_629' title='bbox 971 4520 1080 4561; x_wconf 90' lang='lat' dir='ltr'><strong>tum</strong></span> <span class='ocrx_word' id='word_1_630' title='bbox 1126 4508 1255 4574; x_wconf 84' lang='lat' dir='ltr'><strong>agit,</strong></span> <span class='ocrx_word' id='word_1_631' title='bbox 1290 4521 1382 4560; x_wconf 90' lang='lat' dir='ltr'><strong>seu</strong></span> <span class='ocrx_word' id='word_1_632' title='bbox 1419 4506 1604 4559; x_wconf 91' lang='lat' dir='ltr'><strong>morbo</strong></span> <span class='ocrx_word' id='word_1_633' title='bbox 1628 4514 1873 4572; x_wconf 91' lang='lat' dir='ltr'><strong>arquato,</strong></span> <span class='ocrx_word' id='word_1_634' title='bbox 1898 4514 1951 4556; x_wconf 93' lang='lat' dir='ltr'><strong>et</strong></span> <span class='ocrx_word' id='word_1_635' title='bbox 1986 4505 2049 4557; x_wconf 93' lang='lat' dir='ltr'><strong>de</strong></span> <span class='ocrx_word' id='word_1_636' title='bbox 2080 4504 2216 4557; x_wconf 88' lang='lat' dir='ltr'><strong>mala</strong></span> <span class='ocrx_word' id='word_1_637' title='bbox 2242 4521 2353 4559; x_wconf 92' lang='lat' dir='ltr'><strong>cor-</strong></span> 
     </span>
    </p>
   </div>
   <div class='ocr_carea' id='block_1_91' title="bbox 2436 4504 4038 4583">
    <p class='ocr_par' dir='ltr' id='par_1_91' title="bbox 2436 4508 4038 4583">
     <span class='ocr_line' id='line_1_91' title="bbox 2436 4508 4038 4583; baseline -0.006 -15"><span class='ocrx_word' id='word_1_638' title='bbox 2436 4516 2657 4583; x_wconf 77' lang='grc' dir='ltr'>›δγκους</span> <span class='ocrx_word' id='word_1_639' title='bbox 2691 4516 2783 4567; x_wconf 74' lang='grc' dir='ltr'>καὶ</span> <span class='ocrx_word' id='word_1_640' title='bbox 2815 4516 2910 4577; x_wconf 85' lang='grc' dir='ltr'>τὰς</span> <span class='ocrx_word' id='word_1_641' title='bbox 2944 4511 3233 4583; x_wconf 82' lang='grc' dir='ltr'>σκληρίας·</span> <span class='ocrx_word' id='word_1_642' title='bbox 3269 4511 3395 4581; x_wconf 86' lang='grc' dir='ltr'>περί</span> <span class='ocrx_word' id='word_1_643' title='bbox 3435 4526 3493 4561; x_wconf 90' lang='grc' dir='ltr'><strong>τε</strong></span> <span class='ocrx_word' id='word_1_644' title='bbox 3535 4508 3745 4578; x_wconf 77' lang='grc' dir='ltr'>ἰκτέρου</span> <span class='ocrx_word' id='word_1_645' title='bbox 3778 4512 3876 4561; x_wconf 76' lang='grc' dir='ltr'>καὶ</span> <span class='ocrx_word' id='word_1_646' title='bbox 3906 4526 4038 4575; x_wconf 83' lang='grc' dir='ltr'>καχ-</span> 
     </span>
    </p>
   </div>
   <div class='ocr_carea' id='block_1_92' title="bbox 773 4598 2353 4674">
    <p class='ocr_par' dir='ltr' id='par_1_92' title="bbox 773 4598 2353 4671">
     <span class='ocr_line' id='line_1_92' title="bbox 773 4598 2353 4671; baseline -0.001 -18"><span class='ocrx_word' id='word_1_647' title='bbox 773 4604 915 4671; x_wconf 84' lang='lat' dir='ltr'><strong>poris</strong></span> <span class='ocrx_word' id='word_1_648' title='bbox 937 4602 1247 4656; x_wconf 87' lang='lat' dir='ltr'><strong>habitudine</strong></span> <span class='ocrx_word' id='word_1_649' title='bbox 1272 4614 1285 4652; x_wconf 93' lang='lat'><strong>:</strong></span> <span class='ocrx_word' id='word_1_650' title='bbox 1313 4600 1542 4668; x_wconf 91' lang='lat' dir='ltr'><strong>itemque</strong></span> <span class='ocrx_word' id='word_1_651' title='bbox 1570 4599 1633 4651; x_wconf 90' lang='lat' dir='ltr'><strong>de</strong></span> <span class='ocrx_word' id='word_1_652' title='bbox 1656 4598 1910 4666; x_wconf 87' lang='lat' dir='ltr'><strong>hydrope,</strong></span> <span class='ocrx_word' id='word_1_653' title='bbox 1929 4598 2042 4651; x_wconf 90' lang='lat' dir='ltr'><strong>sive</strong></span> <span class='ocrx_word' id='word_1_654' title='bbox 2064 4613 2202 4667; x_wconf 89' lang='lat' dir='ltr'><strong>aqua</strong></span> <span class='ocrx_word' id='word_1_655' title='bbox 2228 4599 2353 4652; x_wconf 77' lang='lat' dir='ltr'><strong>inter</strong></span> 
     </span>
    </p>
   </div>
   <div class='ocr_carea' id='block_1_93' title="bbox 2436 4598 4035 4674">
    <p class='ocr_par' dir='ltr' id='par_1_93' title="bbox 2467 4598 4035 4674">
     <span class='ocr_line' id='line_1_93' title="bbox 2467 4598 4035 4674; baseline -0.006 -15"><span class='ocrx_word' id='word_1_656' title='bbox 2467 4607 2635 4671; x_wconf 80' lang='grc' dir='ltr'>εξίας,</span> <span class='ocrx_word' id='word_1_657' title='bbox 2676 4606 2771 4657; x_wconf 84' lang='lat' dir='ltr'><strong>xui.</strong></span> <span class='ocrx_word' id='word_1_658' title='bbox 2803 4605 2931 4674; x_wconf 79' lang='grc' dir='ltr'>περὶ</span> <span class='ocrx_word' id='word_1_659' title='bbox 2964 4603 3189 4671; x_wconf 84' lang='grc' dir='ltr'>ὑδέρων,</span> <span class='ocrx_word' id='word_1_660' title='bbox 3227 4601 3349 4655; x_wconf 87' lang='grc' dir='ltr'>ὃθεν</span> <span class='ocrx_word' id='word_1_661' title='bbox 3383 4616 3442 4653; x_wconf 89' lang='grc' dir='ltr'><strong>τε</strong></span> <span class='ocrx_word' id='word_1_662' title='bbox 3472 4599 3675 4652; x_wconf 89' lang='grc' dir='ltr'>τούτων</span> <span class='ocrx_word' id='word_1_663' title='bbox 3711 4598 4035 4651; x_wconf 84' lang='grc' dir='ltr'>συνίσταται</span> 
     </span>
    </p>
   </div>
   <div class='ocr_carea' id='block_1_94' title="bbox 772 4688 2353 4761">
    <p class='ocr_par' dir='ltr' id='par_1_94' title="bbox 772 4688 2353 4759">
     <span class='ocr_line' id='line_1_94' title="bbox 772 4688 2353 4759; baseline -0.002 -16"><span class='ocrx_word' id='word_1_664' title='bbox 772 4704 949 4745; x_wconf 78' lang='grc' dir='ltr'><strong>1⁴ΙΙΙΘΙη</strong></span> <span class='ocrx_word' id='word_1_665' title='bbox 972 4711 984 4744; x_wconf 92' lang='lat'><strong>:</strong></span> <span class='ocrx_word' id='word_1_666' title='bbox 1009 4692 1148 4744; x_wconf 90' lang='lat' dir='ltr'><strong>unde</strong></span> <span class='ocrx_word' id='word_1_667' title='bbox 1170 4690 1362 4759; x_wconf 90' lang='lat' dir='ltr'><strong>singuli</strong></span> <span class='ocrx_word' id='word_1_668' title='bbox 1390 4689 1444 4745; x_wconf 87' lang='lat' dir='ltr'><strong>bi</strong></span> <span class='ocrx_word' id='word_1_669' title='bbox 1474 4688 1643 4743; x_wconf 91' lang='lat' dir='ltr'><strong>morbi</strong></span> <span class='ocrx_word' id='word_1_670' title='bbox 1670 4697 1984 4747; x_wconf 90' lang='lat' dir='ltr'><strong>nascantur,</strong></span> <span class='ocrx_word' id='word_1_671' title='bbox 2003 4695 2057 4740; x_wconf 91' lang='lat' dir='ltr'><strong>et</strong></span> <span class='ocrx_word' id='word_1_672' title='bbox 2095 4690 2353 4755; x_wconf 83' lang='lat' dir='ltr'><strong>quomodc</strong></span> 
     </span>
    </p>
   </div>
   <div class='ocr_carea' id='block_1_95' title="bbox 2436 4688 4036 4761">
    <p class='ocr_par' dir='ltr' id='par_1_95' title="bbox 2465 4689 4036 4761">
     <span class='ocr_line' id='line_1_95' title="bbox 2465 4689 4036 4761; baseline -0.006 -11"><span class='ocrx_word' id='word_1_673' title='bbox 2465 4701 2693 4750; x_wconf 68' lang='grc' dir='ltr'>ἕκαστον</span> <span class='ocrx_word' id='word_1_674' title='bbox 2721 4697 2814 4749; x_wconf 75' lang='grc' dir='ltr'>καὶ</span> <span class='ocrx_word' id='word_1_675' title='bbox 2847 4694 2962 4756; x_wconf 89' lang='grc' dir='ltr'><strong>πῶς</strong></span> <span class='ocrx_word' id='word_1_676' title='bbox 2996 4694 3063 4747; x_wconf 83' lang='grc' dir='ltr'>ἂν</span> <span class='ocrx_word' id='word_1_677' title='bbox 3090 4691 3473 4761; x_wconf 86' lang='grc' dir='ltr'>θεραπευθείη,</span> <span class='ocrx_word' id='word_1_678' title='bbox 3510 4690 3763 4760; x_wconf 84' lang='grc' dir='ltr'>μεθόδους</span> <span class='ocrx_word' id='word_1_679' title='bbox 3798 4689 4036 4757; x_wconf 87' lang='grc' dir='ltr'>παραδι-</span> 
     </span>
    </p>
   </div>
   <div class='ocr_carea' id='block_1_96' title="bbox 772 4777 2364 4852">
    <p class='ocr_par' dir='ltr' id='par_1_96' title="bbox 772 4777 2364 4852">
     <span class='ocr_line' id='line_1_96' title="bbox 772 4777 2364 4852; baseline 0.001 -21"><span class='ocrx_word' id='word_1_680' title='bbox 772 4782 951 4837; x_wconf 59' lang='lat' dir='ltr'><strong>curari</strong></span> <span class='ocrx_word' id='word_1_681' title='bbox 978 4782 1185 4852; x_wconf 86' lang='lat' dir='ltr'><strong>possint</strong></span> <span class='ocrx_word' id='word_1_682' title='bbox 1214 4783 1299 4833; x_wconf 91' lang='lat' dir='ltr'><strong>via</strong></span> <span class='ocrx_word' id='word_1_683' title='bbox 1326 4794 1388 4834; x_wconf 89' lang='lat' dir='ltr'><strong>ac</strong></span> <span class='ocrx_word' id='word_1_684' title='bbox 1417 4779 1620 4832; x_wconf 87' lang='lat' dir='ltr'><strong>ratione</strong></span> <span class='ocrx_word' id='word_1_685' title='bbox 1656 4778 1819 4831; x_wconf 89' lang='lat' dir='ltr'><strong>tradit</strong></span> <span class='ocrx_word' id='word_1_686' title='bbox 1852 4795 1869 4829; x_wconf 79' lang='grc' dir='ltr'><strong>ι</strong></span> <span class='ocrx_word' id='word_1_687' title='bbox 1902 4791 2011 4846; x_wconf 93' lang='lat' dir='ltr'><strong>quo</strong></span> <span class='ocrx_word' id='word_1_688' title='bbox 2032 4778 2151 4830; x_wconf 91' lang='lat' dir='ltr'><strong>libri</strong></span> <span class='ocrx_word' id='word_1_689' title='bbox 2168 4777 2364 4832; x_wconf 85' lang='lat' dir='ltr'><strong>decimi</strong></span> 
     </span>
    </p>
   </div>
   <div class='ocr_carea' id='block_1_97' title="bbox 775 4874 1293 4930">
    <p class='ocr_par' dir='ltr' id='par_1_97' title="bbox 775 4874 1293 4930">
     <span class='ocr_line' id='line_1_97' title="bbox 775 4874 1293 4930; baseline -0.014 0"><span class='ocrx_word' id='word_1_690' title='bbox 775 4878 922 4930; x_wconf 88' lang='lat' dir='ltr'><strong>labor</strong></span> <span class='ocrx_word' id='word_1_691' title='bbox 957 4874 1293 4927; x_wconf 86' lang='lat' dir='ltr'><strong>terminatur.</strong></span> 
     </span>
    </p>
   </div>
   <div class='ocr_carea' id='block_1_98' title="bbox 852 4959 2366 5036">
    <p class='ocr_par' dir='ltr' id='par_1_98' title="bbox 852 4959 2366 5036">
     <span class='ocr_line' id='line_1_98' title="bbox 852 4959 2366 5036; baseline -0.005 -16"><span class='ocrx_word' id='word_1_692' title='bbox 852 4965 1042 5036; x_wconf 78' lang='lat' dir='ltr'><strong>179b</strong></span> <span class='ocrx_word' id='word_1_693' title='bbox 1092 4963 1391 5017; x_wconf 89' lang='lat' dir='ltr'><strong>Undecimo</strong></span> <span class='ocrx_word' id='word_1_694' title='bbox 1418 4962 1556 5015; x_wconf 90' lang='lat' dir='ltr'><strong>libro</strong></span> <span class='ocrx_word' id='word_1_695' title='bbox 1594 4961 1657 5014; x_wconf 90' lang='lat' dir='ltr'><strong>de</strong></span> <span class='ocrx_word' id='word_1_696' title='bbox 1684 4960 1897 5013; x_wconf 90' lang='lat' dir='ltr'><strong>diabete</strong></span> <span class='ocrx_word' id='word_1_697' title='bbox 1931 4959 2054 5027; x_wconf 89' lang='lat' dir='ltr'><strong>(hoc</strong></span> <span class='ocrx_word' id='word_1_698' title='bbox 2081 4960 2175 5021; x_wconf 68' lang='lat' dir='ltr'><strong>fest</strong></span> <span class='ocrx_word' id='word_1_699' title='bbox 2199 4959 2366 5013; x_wconf 75' lang='lat' dir='ltr'><strong>urince</strong></span> 
     </span>
    </p>
   </div>
   <div class='ocr_carea' id='block_1_99' title="bbox 776 5050 2367 5128">
    <p class='ocr_par' dir='ltr' id='par_1_99' title="bbox 776 5050 2367 5128">
     <span class='ocr_line' id='line_1_99' title="bbox 776 5050 2367 5128; baseline -0.004 -19"><span class='ocrx_word' id='word_1_700' title='bbox 776 5055 1059 5128; x_wconf 83' lang='lat' dir='ltr'><strong>proﬂuvio)</strong></span> <span class='ocrx_word' id='word_1_701' title='bbox 1089 5062 1319 5114; x_wconf 80' lang='lat' dir='ltr'><strong>tractat,</strong></span> <span class='ocrx_word' id='word_1_702' title='bbox 1356 5062 1405 5106; x_wconf 91' lang='lat' dir='ltr'><strong>et</strong></span> <span class='ocrx_word' id='word_1_703' title='bbox 1438 5052 1504 5105; x_wconf 92' lang='lat' dir='ltr'><strong>de</strong></span> <span class='ocrx_word' id='word_1_704' title='bbox 1544 5067 1728 5104; x_wconf 90' lang='lat' dir='ltr'><strong>renum</strong></span> <span class='ocrx_word' id='word_1_705' title='bbox 1764 5050 2127 5103; x_wconf 85' lang='lat' dir='ltr'><strong>imbecillitate</strong></span> <span class='ocrx_word' id='word_1_706' title='bbox 2171 5057 2367 5103; x_wconf 81' lang='lat' dir='ltr'><strong>cruen‘</strong></span> 
     </span>
    </p>
   </div>
   <div class='ocr_carea' id='block_1_100' title="bbox 778 5140 2371 5202">
    <p class='ocr_par' dir='ltr' id='par_1_100' title="bbox 778 5140 2371 5202">
     <span class='ocr_line' id='line_1_100' title="bbox 778 5140 2371 5202; baseline -0.007 -1"><span class='ocrx_word' id='word_1_707' title='bbox 778 5165 883 5202; x_wconf 83' lang='lat' dir='ltr'><strong>tam</strong></span> <span class='ocrx_word' id='word_1_708' title='bbox 942 5147 1150 5199; x_wconf 89' lang='lat' dir='ltr'><strong>urinam</strong></span> <span class='ocrx_word' id='word_1_709' title='bbox 1214 5142 1636 5198; x_wconf 81' lang='lat' dir='ltr'><strong>excerncntium.</strong></span> <span class='ocrx_word' id='word_1_710' title='bbox 1681 5140 1813 5194; x_wconf 89' lang='lat' dir='ltr'><strong>Hinc</strong></span> <span class='ocrx_word' id='word_1_711' title='bbox 1837 5144 1901 5194; x_wconf 90' lang='lat' dir='ltr'><strong>de</strong></span> <span class='ocrx_word' id='word_1_712' title='bbox 1928 5141 2203 5195; x_wconf 83' lang='lat' dir='ltr'><strong>calculosis</strong></span> <span class='ocrx_word' id='word_1_713' title='bbox 2235 5142 2371 5192; x_wconf 86' lang='lat' dir='ltr'><strong>reni-</strong></span> 
     </span>
    </p>
   </div>
   <div class='ocr_carea' id='block_1_101' title="bbox 779 5229 2373 5298">
    <p class='ocr_par' dir='ltr' id='par_1_101' title="bbox 779 5229 2373 5298">
     <span class='ocr_line' id='line_1_101' title="bbox 779 5229 2373 5298; baseline -0.006 -8"><span class='ocrx_word' id='word_1_714' title='bbox 779 5243 911 5297; x_wconf 87' lang='lat' dir='ltr'><strong>hns,</strong></span> <span class='ocrx_word' id='word_1_715' title='bbox 955 5236 1220 5290; x_wconf 88' lang='lat' dir='ltr'><strong>calculosa</strong></span> <span class='ocrx_word' id='word_1_716' title='bbox 1252 5235 1463 5298; x_wconf 86' lang='lat' dir='ltr'><strong>vesica,</strong></span> <span class='ocrx_word' id='word_1_717' title='bbox 1496 5249 1556 5286; x_wconf 90' lang='lat' dir='ltr'><strong>ac</strong></span> <span class='ocrx_word' id='word_1_718' title='bbox 1592 5234 1656 5285; x_wconf 82' lang='lat' dir='ltr'><strong>de</strong></span> <span class='ocrx_word' id='word_1_719' title='bbox 1704 5247 1888 5285; x_wconf 89' lang='lat' dir='ltr'><strong>renum</strong></span> <span class='ocrx_word' id='word_1_720' title='bbox 1937 5229 2373 5294; x_wconf 84' lang='lat' dir='ltr'><strong>inﬂammatione,</strong></span> 
     </span>
    </p>
   </div>
   <div class='ocr_carea' id='block_1_102' title="bbox 782 5323 2368 5395">
    <p class='ocr_par' dir='ltr' id='par_1_102' title="bbox 782 5323 2368 5395">
     <span class='ocr_line' id='line_1_102' title="bbox 782 5323 2368 5395; baseline -0.006 -16"><span class='ocrx_word' id='word_1_721' title='bbox 782 5328 999 5390; x_wconf 81' lang='lat' dir='ltr'><strong>duritia,</strong></span> <span class='ocrx_word' id='word_1_722' title='bbox 1031 5326 1431 5395; x_wconf 88' lang='lat' dir='ltr'><strong>suppuratione.</strong></span> <span class='ocrx_word' id='word_1_723' title='bbox 1460 5325 1529 5377; x_wconf 84' lang='lat' dir='ltr'><strong>De</strong></span> <span class='ocrx_word' id='word_1_724' title='bbox 1554 5323 1765 5393; x_wconf 86' lang='lat' dir='ltr'><strong>dysuria</strong></span> <span class='ocrx_word' id='word_1_725' title='bbox 1795 5336 2005 5390; x_wconf 82' lang='lat' dir='ltr'><strong>quoque</strong></span> <span class='ocrx_word' id='word_1_726' title='bbox 2038 5334 2085 5373; x_wconf 87' lang='lat' dir='ltr'><strong>et</strong></span> <span class='ocrx_word' id='word_1_727' title='bbox 2120 5331 2368 5387; x_wconf 80' lang='lat' dir='ltr'><strong>strangu-</strong></span> 
     </span>
    </p>
   </div>
   <div class='ocr_carea' id='block_1_103' title="bbox 783 5412 2365 5487">
    <p class='ocr_par' dir='ltr' id='par_1_103' title="bbox 783 5412 2365 5487">
     <span class='ocr_line' id='line_1_103' title="bbox 783 5412 2365 5487; baseline -0.004 -15"><span class='ocrx_word' id='word_1_728' title='bbox 783 5419 858 5472; x_wconf 88' lang='lat' dir='ltr'><strong>ria</strong></span> <span class='ocrx_word' id='word_1_729' title='bbox 882 5459 895 5484; x_wconf 93' lang='lat'><strong>,</strong></span> <span class='ocrx_word' id='word_1_730' title='bbox 926 5427 1082 5487; x_wconf 88' lang='lat' dir='ltr'><strong>atque</strong></span> <span class='ocrx_word' id='word_1_731' title='bbox 1121 5417 1377 5470; x_wconf 85' lang='lat' dir='ltr'><strong>ischuria.</strong></span> <span class='ocrx_word' id='word_1_732' title='bbox 1418 5415 1490 5468; x_wconf 88' lang='lat' dir='ltr'><strong>De</strong></span> <span class='ocrx_word' id='word_1_733' title='bbox 1539 5413 1769 5468; x_wconf 87' lang='lat' dir='ltr'><strong>resoluta</strong></span> <span class='ocrx_word' id='word_1_734' title='bbox 1806 5414 1979 5466; x_wconf 82' lang='lat' dir='ltr'><strong>vesica</strong></span> <span class='ocrx_word' id='word_1_735' title='bbox 2005 5452 2019 5474; x_wconf 96' lang='lat'><strong>,</strong></span> <span class='ocrx_word' id='word_1_736' title='bbox 2044 5412 2236 5473; x_wconf 89' lang='lat' dir='ltr'><strong>dehis,</strong></span> <span class='ocrx_word' id='word_1_737' title='bbox 2276 5413 2365 5476; x_wconf 89' lang='lat' dir='ltr'><strong>qui</strong></span> 
     </span>
    </p>
   </div>
   <div class='ocr_carea' id='block_1_104' title="bbox 784 5502 2361 5577">
    <p class='ocr_par' dir='ltr' id='par_1_104' title="bbox 784 5502 2361 5577">
     <span class='ocr_line' id='line_1_104' title="bbox 784 5502 2361 5577; baseline -0.01 -13"><span class='ocrx_word' id='word_1_738' title='bbox 784 5526 843 5564; x_wconf 84' lang='lat' dir='ltr'><strong>se</strong></span> <span class='ocrx_word' id='word_1_739' title='bbox 903 5510 955 5564; x_wconf 91' lang='lat' dir='ltr'><strong>in</strong></span> <span class='ocrx_word' id='word_1_740' title='bbox 1012 5510 1218 5564; x_wconf 86' lang='lat' dir='ltr'><strong>somnis</strong></span> <span class='ocrx_word' id='word_1_741' title='bbox 1264 5507 1649 5577; x_wconf 84' lang='lat' dir='ltr'><strong>permingunt:</strong></span> <span class='ocrx_word' id='word_1_742' title='bbox 1698 5506 1763 5559; x_wconf 86' lang='lat' dir='ltr'><strong>dc</strong></span> <span class='ocrx_word' id='word_1_743' title='bbox 1819 5503 2145 5557; x_wconf 86' lang='lat' dir='ltr'><strong>inﬂammata</strong></span> <span class='ocrx_word' id='word_1_744' title='bbox 2189 5502 2361 5554; x_wconf 83' lang='lat' dir='ltr'><strong>vesica</strong></span> 
     </span>
    </p>
   </div>
   <div class='ocr_carea' id='block_1_105' title="bbox 2465 4780 3928 4856">
    <p class='ocr_par' dir='ltr' id='par_1_105' title="bbox 2465 4780 3928 4856">
     <span class='ocr_line' id='line_1_105' title="bbox 2465 4780 3928 4856; baseline -0.006 -14"><span class='ocrx_word' id='word_1_745' title='bbox 2465 4789 2607 4850; x_wconf 82' lang='grc' dir='ltr'>δούς.</span> <span class='ocrx_word' id='word_1_746' title='bbox 2640 4789 2730 4841; x_wconf 82' lang='grc' dir='ltr'>Ἐν</span> <span class='ocrx_word' id='word_1_747' title='bbox 2763 4780 2842 4849; x_wconf 72' lang='grc' dir='ltr'>οἷς</span> <span class='ocrx_word' id='word_1_748' title='bbox 2872 4784 3022 4856; x_wconf 82' lang='grc' dir='ltr'>αύτῷ</span> <span class='ocrx_word' id='word_1_749' title='bbox 3054 4785 3145 4838; x_wconf 88' lang='lat' dir='ltr'><strong>xui.</strong></span> <span class='ocrx_word' id='word_1_750' title='bbox 3172 4786 3200 4837; x_wconf 87' lang='grc' dir='ltr'><strong>ό</strong></span> <span class='ocrx_word' id='word_1_751' title='bbox 3230 4790 3258 4836; x_wconf 89' lang='grc' dir='ltr'>ι’</span> <span class='ocrx_word' id='word_1_752' title='bbox 3288 4782 3714 4852; x_wconf 85' lang='grc' dir='ltr'>συμπεραίνεται</span> <span class='ocrx_word' id='word_1_753' title='bbox 3739 4781 3928 4843; x_wconf 79' lang='grc' dir='ltr'>πόνος.</span> 
     </span>
    </p>
   </div>
   <div class='ocr_carea' id='block_1_106' title="bbox 2548 4958 4040 5030">
    <p class='ocr_par' dir='ltr' id='par_1_106' title="bbox 2548 4958 4040 5030">
     <span class='ocr_line' id='line_1_106' title="bbox 2548 4958 4040 5030; baseline -0.001 -16"><span class='ocrx_word' id='word_1_754' title='bbox 2548 4962 2633 5014; x_wconf 87' lang='grc' dir='ltr'>Ἐν</span> <span class='ocrx_word' id='word_1_755' title='bbox 2667 4960 2722 5012; x_wconf 85' lang='grc' dir='ltr'><strong>δὲ</strong></span> <span class='ocrx_word' id='word_1_756' title='bbox 2754 4961 2831 5030; x_wconf 85' lang='grc' dir='ltr'>τῷ</span> <span class='ocrx_word' id='word_1_757' title='bbox 2861 4968 2927 5013; x_wconf 79' lang='grc' dir='ltr'><strong>ια’</strong></span> <span class='ocrx_word' id='word_1_758' title='bbox 2959 4961 3088 5030; x_wconf 87' lang='grc' dir='ltr'>περί</span> <span class='ocrx_word' id='word_1_759' title='bbox 3130 4978 3189 5014; x_wconf 86' lang='grc' dir='ltr'><strong>τε</strong></span> <span class='ocrx_word' id='word_1_760' title='bbox 3228 4961 3481 5029; x_wconf 78' lang='grc' dir='ltr'>διαὸήτου</span> <span class='ocrx_word' id='word_1_761' title='bbox 3511 4958 3906 5028; x_wconf 57' lang='grc' dir='ltr'>διαὴμὸἀνει,</span> <span class='ocrx_word' id='word_1_762' title='bbox 3945 4961 4040 5012; x_wconf 86' lang='grc' dir='ltr'>καὶ</span> 
     </span>
    </p>
   </div>
   <div class='ocr_carea' id='block_1_107' title="bbox 2468 5051 4035 5123">
    <p class='ocr_par' dir='ltr' id='par_1_107' title="bbox 2468 5051 4035 5123">
     <span class='ocr_line' id='line_1_107' title="bbox 2468 5051 4035 5123; baseline -0.003 -17"><span class='ocrx_word' id='word_1_763' title='bbox 2468 5054 2682 5113; x_wconf 82' lang='grc' dir='ltr'>ἀτονίας</span> <span class='ocrx_word' id='word_1_764' title='bbox 2728 5053 2958 5122; x_wconf 79' lang='grc' dir='ltr'>νεφρῶν,</span> <span class='ocrx_word' id='word_1_765' title='bbox 3002 5053 3232 5121; x_wconf 78' lang='grc' dir='ltr'>αἵματός</span> <span class='ocrx_word' id='word_1_766' title='bbox 3272 5053 3398 5123; x_wconf 75' lang='lat'><strong>[295</strong></span> <span class='ocrx_word' id='word_1_767' title='bbox 3429 5052 3524 5123; x_wconf 81' lang='lat' dir='ltr'><strong>H.]</strong></span> <span class='ocrx_word' id='word_1_768' title='bbox 3566 5069 3625 5104; x_wconf 89' lang='grc' dir='ltr'><strong>τε</strong></span> <span class='ocrx_word' id='word_1_769' title='bbox 3668 5051 4035 5119; x_wconf 78' lang='grc' dir='ltr'>ὲξουρήσεως,</span> 
     </span>
    </p>
   </div>
   <div class='ocr_carea' id='block_1_108' title="bbox 2470 5142 4035 5213">
    <p class='ocr_par' dir='ltr' id='par_1_108' title="bbox 2470 5142 4035 5213">
     <span class='ocr_line' id='line_1_108' title="bbox 2470 5142 4035 5213; baseline -0.001 -18"><span class='ocrx_word' id='word_1_770' title='bbox 2470 5144 2563 5196; x_wconf 77' lang='grc' dir='ltr'><strong>καὶ</strong></span> <span class='ocrx_word' id='word_1_771' title='bbox 2611 5144 2736 5212; x_wconf 74' lang='grc' dir='ltr'>περὶ</span> <span class='ocrx_word' id='word_1_772' title='bbox 2763 5142 3055 5195; x_wconf 82' lang='grc' dir='ltr'>λιθιώντων</span> <span class='ocrx_word' id='word_1_773' title='bbox 3088 5144 3300 5213; x_wconf 85' lang='grc' dir='ltr'>νεφρῶν</span> <span class='ocrx_word' id='word_1_774' title='bbox 3346 5144 3440 5196; x_wconf 82' lang='grc' dir='ltr'>καὶ</span> <span class='ocrx_word' id='word_1_775' title='bbox 3475 5142 3735 5211; x_wconf 86' lang='grc' dir='ltr'>λιθιώσης</span> <span class='ocrx_word' id='word_1_776' title='bbox 3766 5143 4035 5205; x_wconf 83' lang='grc' dir='ltr'>κύστεως,</span> 
     </span>
    </p>
   </div>
   <div class='ocr_carea' id='block_1_109' title="bbox 2472 5233 4036 5304">
    <p class='ocr_par' dir='ltr' id='par_1_109' title="bbox 2472 5233 4036 5304">
     <span class='ocr_line' id='line_1_109' title="bbox 2472 5233 4036 5304; baseline -0.001 -19"><span class='ocrx_word' id='word_1_777' title='bbox 2472 5233 2779 5302; x_wconf 82' lang='grc' dir='ltr'>φλεγμονῆς</span> <span class='ocrx_word' id='word_1_778' title='bbox 2805 5251 2862 5286; x_wconf 87' lang='grc' dir='ltr'><strong>τε</strong></span> <span class='ocrx_word' id='word_1_779' title='bbox 2896 5234 3105 5304; x_wconf 88' lang='grc' dir='ltr'>νεφρῶν</span> <span class='ocrx_word' id='word_1_780' title='bbox 3135 5235 3227 5286; x_wconf 78' lang='grc' dir='ltr'><strong>καὶ</strong></span> <span class='ocrx_word' id='word_1_781' title='bbox 3258 5234 3519 5304; x_wconf 87' lang='grc' dir='ltr'>σκληρίας</span> <span class='ocrx_word' id='word_1_782' title='bbox 3546 5234 3640 5287; x_wconf 75' lang='grc' dir='ltr'>καὶ</span> <span class='ocrx_word' id='word_1_783' title='bbox 3667 5233 4036 5301; x_wconf 82' lang='grc' dir='ltr'>διαπυήσεως,</span> 
     </span>
    </p>
   </div>
   <div class='ocr_carea' id='block_1_110' title="bbox 2468 5322 4038 5394">
    <p class='ocr_par' dir='ltr' id='par_1_110' title="bbox 2468 5322 4038 5394">
     <span class='ocr_line' id='line_1_110' title="bbox 2468 5322 4038 5394; baseline -0.002 -20"><span class='ocrx_word' id='word_1_784' title='bbox 2468 5324 2749 5392; x_wconf 72' lang='grc' dir='ltr'>δυσουρία,</span> <span class='ocrx_word' id='word_1_785' title='bbox 2780 5342 2837 5376; x_wconf 87' lang='grc' dir='ltr'><strong>τε</strong></span> <span class='ocrx_word' id='word_1_786' title='bbox 2878 5324 2970 5377; x_wconf 86' lang='lat' dir='ltr'><strong>xui.</strong></span> <span class='ocrx_word' id='word_1_787' title='bbox 3007 5324 3408 5394; x_wconf 79' lang='grc' dir='ltr'>στραγγουρίας</span> <span class='ocrx_word' id='word_1_788' title='bbox 3446 5325 3540 5376; x_wconf 87' lang='lat' dir='ltr'><strong>xui.</strong></span> <span class='ocrx_word' id='word_1_789' title='bbox 3575 5322 3875 5391; x_wconf 72' lang='grc' dir='ltr'>ἰσχουρίας,</span> <span class='ocrx_word' id='word_1_790' title='bbox 3909 5322 4038 5389; x_wconf 73' lang='grc' dir='ltr'>περί</span> 
     </span>
    </p>
   </div>
   <div class='ocr_carea' id='block_1_111' title="bbox 2465 5412 4039 5485">
    <p class='ocr_par' dir='ltr' id='par_1_111' title="bbox 2465 5412 4039 5485">
     <span class='ocr_line' id='line_1_111' title="bbox 2465 5412 4039 5485; baseline -0.002 -20"><span class='ocrx_word' id='word_1_791' title='bbox 2465 5430 2525 5465; x_wconf 93' lang='grc' dir='ltr'><strong>τε</strong></span> <span class='ocrx_word' id='word_1_792' title='bbox 2552 5414 2957 5485; x_wconf 85' lang='grc' dir='ltr'>παραλυθείσης</span> <span class='ocrx_word' id='word_1_793' title='bbox 2985 5414 3245 5477; x_wconf 79' lang='grc' dir='ltr'>κύστεως,</span> <span class='ocrx_word' id='word_1_794' title='bbox 3268 5417 3359 5466; x_wconf 67' lang='lat' dir='ltr'><strong>xui.</strong></span> <span class='ocrx_word' id='word_1_795' title='bbox 3381 5414 3490 5467; x_wconf 88' lang='grc' dir='ltr'><strong>τῶν</strong></span> <span class='ocrx_word' id='word_1_796' title='bbox 3515 5413 3651 5467; x_wconf 79' lang='grc' dir='ltr'>κατὰ</span> <span class='ocrx_word' id='word_1_797' title='bbox 3678 5414 3804 5474; x_wconf 80' lang='grc' dir='ltr'>τοὺς</span> <span class='ocrx_word' id='word_1_798' title='bbox 3834 5412 4039 5474; x_wconf 82' lang='grc' dir='ltr'>ῦπνους</span> 
     </span>
    </p>
   </div>
   <div class='ocr_carea' id='block_1_112' title="bbox 2466 5502 4039 5577">
    <p class='ocr_par' dir='ltr' id='par_1_112' title="bbox 2466 5502 4039 5577">
     <span class='ocr_line' id='line_1_112' title="bbox 2466 5502 4039 5577; baseline -0.001 -24"><span class='ocrx_word' id='word_1_799' title='bbox 2466 5504 2525 5554; x_wconf 86' lang='grc' dir='ltr'><strong>ού</strong></span> <span class='ocrx_word' id='word_1_800' title='bbox 2559 5506 2891 5575; x_wconf 72' lang='grc' dir='ltr'>κατεχόντων</span> <span class='ocrx_word' id='word_1_801' title='bbox 2925 5506 3051 5577; x_wconf 78' lang='grc'><strong>[575</strong></span> <span class='ocrx_word' id='word_1_802' title='bbox 3072 5504 3162 5576; x_wconf 66' lang='lat' dir='ltr'><strong>IL]</strong></span> <span class='ocrx_word' id='word_1_803' title='bbox 3191 5506 3249 5557; x_wconf 87' lang='grc' dir='ltr'><strong>τὸ</strong></span> <span class='ocrx_word' id='word_1_804' title='bbox 3272 5507 3319 5538; x_wconf 77' lang='grc'><strong><em>⁸⁸</em></strong></span> <span class='ocrx_word' id='word_1_805' title='bbox 3340 5505 3517 5574; x_wconf 76' lang='grc' dir='ltr'>οὖρον·</span> <span class='ocrx_word' id='word_1_806' title='bbox 3548 5503 3675 5573; x_wconf 89' lang='grc' dir='ltr'>περί</span> <span class='ocrx_word' id='word_1_807' title='bbox 3700 5520 3759 5555; x_wconf 85' lang='grc' dir='ltr'><strong>τε</strong></span> <span class='ocrx_word' id='word_1_808' title='bbox 3791 5502 4039 5562; x_wconf 83' lang='grc' dir='ltr'>κύστεως</span> 
     </span>
    </p>
   </div>
   <div class='ocr_carea' id='block_1_113' title="bbox 2009 5631 2676 5689">
    <p class='ocr_par' dir='ltr' id='par_1_113' title="bbox 2009 5631 2676 5689">
     <span class='ocr_line' id='line_1_113' title="bbox 2009 5631 2676 5689; baseline 0.007 -5"><span class='ocrx_word' id='word_1_809' title='bbox 2009 5635 2089 5686; x_wconf 73' lang='lat' dir='ltr'><strong>VA</strong></span> <span class='ocrx_word' id='word_1_810' title='bbox 2104 5631 2165 5683; x_wconf 76' lang='grc' dir='ltr'><strong>ιιι</strong></span> <span class='ocrx_word' id='word_1_811' title='bbox 2178 5632 2239 5684; x_wconf 77' lang='lat' dir='ltr'><strong>.‘E</strong></span> <span class='ocrx_word' id='word_1_812' title='bbox 2281 5632 2676 5689; x_wconf 74' lang='lat' dir='ltr'><strong>LECTIONES.</strong></span> 
     </span>
    </p>
   </div>
   <div class='ocr_carea' id='block_1_114' title="bbox 855 5731 1746 5788">
    <p class='ocr_par' dir='ltr' id='par_1_114' title="bbox 855 5731 1746 5788">
     <span class='ocr_line' id='line_1_114' title="bbox 855 5731 1746 5788; baseline -0.011 1"><span class='ocrx_word' id='word_1_813' title='bbox 855 5739 899 5770; x_wconf 81' lang='lat'><strong>’°</strong></span> <span class='ocrx_word' id='word_1_814' title='bbox 920 5736 1127 5788; x_wconf 67' lang='grc' dir='ltr'>ἀντιδε(</span> <span class='ocrx_word' id='word_1_815' title='bbox 1161 5752 1217 5788; x_wconf 71' lang='grc' dir='ltr'>(τ.</span> <span class='ocrx_word' id='word_1_816' title='bbox 1294 5734 1336 5764; x_wconf 80' lang='grc'><strong>⁹¹</strong></span> <span class='ocrx_word' id='word_1_817' title='bbox 1378 5733 1468 5784; x_wconf 82' lang='grc' dir='ltr'><strong>τὸν</strong></span> <span class='ocrx_word' id='word_1_818' title='bbox 1507 5731 1629 5783; x_wconf 87' lang='lat' dir='ltr'><strong>add.</strong></span> <span class='ocrx_word' id='word_1_819' title='bbox 1685 5731 1746 5780; x_wconf 76' lang='grc' dir='ltr'>Α.</span> 
     </span>
    </p>
   </div>
   <div class='ocr_carea' id='block_1_115' title="bbox 784 5738 2361 5877">
    <p class='ocr_par' dir='ltr' id='par_1_115' title="bbox 784 5738 2361 5877">
     <span class='ocr_line' id='line_1_115' title="bbox 855 5738 2361 5798; baseline -0.011 -7"><span class='ocrx_word' id='word_1_820' title='bbox 855 5739 899 5770; x_wconf 73' lang='grc'>’⁸</span> <span class='ocrx_word' id='word_1_821' title='bbox 920 5738 1127 5796; x_wconf 81' lang='grc' dir='ltr'>ἄντιὸες</span> <span class='ocrx_word' id='word_1_822' title='bbox 1161 5752 1217 5798; x_wconf 75' lang='grc' dir='ltr'><strong>ς.</strong></span> <span class='ocrx_word' id='word_1_823' title='bbox 1294 5738 1336 5764; x_wconf 83' lang='lat'>&quot;</span> <span class='ocrx_word' id='word_1_824' title='bbox 1378 5738 1468 5784; x_wconf 80' lang='grc' dir='ltr'>τὸν</span> <span class='ocrx_word' id='word_1_825' title='bbox 1507 5738 1629 5783; x_wconf 85' lang='lat' dir='ltr'><strong>add.</strong></span> <span class='ocrx_word' id='word_1_826' title='bbox 1685 5738 1746 5780; x_wconf 77' lang='grc' dir='ltr'>Α.</span> <span class='ocrx_word' id='word_1_827' title='bbox 1842 5738 1884 5758; x_wconf 89' lang='lat'><strong>&quot;</strong></span> <span class='ocrx_word' id='word_1_828' title='bbox 1916 5738 2173 5796; x_wconf 69' lang='grc' dir='ltr'>τοιουτον]</span> <span class='ocrx_word' id='word_1_829' title='bbox 2208 5743 2361 5776; x_wconf 47' lang='grc' dir='ltr'>τοιουη</span> 
     </span>
     <span class='ocr_line' id='line_1_116' title="bbox 784 5798 2361 5877; baseline -0.009 -16"><span class='ocrx_word' id='word_1_830' title='bbox 784 5810 1010 5877; x_wconf 68' lang='grc' dir='ltr'>λέγεις.</span> <span class='ocrx_word' id='word_1_831' title='bbox 1107 5804 1150 5835; x_wconf 73' lang='grc'><strong>’⁵</strong></span> <span class='ocrx_word' id='word_1_832' title='bbox 1188 5803 1351 5857; x_wconf 75' lang='grc' dir='ltr'>αὐτοῦ</span> <span class='ocrx_word' id='word_1_833' title='bbox 1380 5820 1438 5865; x_wconf 75' lang='grc' dir='ltr'><strong>ς.</strong></span> <span class='ocrx_word' id='word_1_834' title='bbox 1515 5802 1559 5835; x_wconf 64' lang='grc'><strong>’³⁵</strong></span> <span class='ocrx_word' id='word_1_835' title='bbox 1600 5802 1816 5868; x_wconf 73' lang='grc' dir='ltr'>οκέρους</span> <span class='ocrx_word' id='word_1_836' title='bbox 1854 5798 1913 5850; x_wconf 87' lang='grc' dir='ltr'>Λ.</span> <span class='ocrx_word' id='word_1_837' title='bbox 1981 5799 1999 5828; x_wconf 81' lang='grc'><strong>⁹</strong></span> <span class='ocrx_word' id='word_1_838' title='bbox 2060 5798 2117 5847; x_wconf 72' lang='grc' dir='ltr'><strong>τὸ</strong></span> <span class='ocrx_word' id='word_1_839' title='bbox 2148 5799 2268 5848; x_wconf 80' lang='lat' dir='ltr'><strong>add.</strong></span> <span class='ocrx_word' id='word_1_840' title='bbox 2299 5800 2361 5847; x_wconf 75' lang='grc' dir='ltr'>Α.</span> 
     </span>
    </p>
   </div>
   <div class='ocr_carea' id='block_1_116' title="bbox 1842 5724 3434 5801">
    <p class='ocr_par' dir='ltr' id='par_1_116' title="bbox 1842 5724 3434 5801">
     <span class='ocr_line' id='line_1_117' title="bbox 1842 5724 3434 5801; baseline 0.002 -24"><span class='ocrx_word' id='word_1_841' title='bbox 1842 5728 1884 5801; x_wconf 76' lang='lat'><strong>’_’</strong></span> <span class='ocrx_word' id='word_1_842' title='bbox 1916 5726 2173 5801; x_wconf 59' lang='grc' dir='ltr'>τοιοῦτον]</span> <span class='ocrx_word' id='word_1_843' title='bbox 2208 5724 2445 5801; x_wconf 75' lang='grc' dir='ltr'>τοιοῦτον</span> <span class='ocrx_word' id='word_1_844' title='bbox 2491 5727 2677 5797; x_wconf 73' lang='grc' dir='ltr'>ἕτερον</span> <span class='ocrx_word' id='word_1_845' title='bbox 2739 5729 3106 5801; x_wconf 82' lang='lat' dir='ltr'><strong>apograpbum</strong></span> <span class='ocrx_word' id='word_1_846' title='bbox 3155 5727 3434 5798; x_wconf 78' lang='lat' dir='ltr'><strong>Stephani.</strong></span> 
     </span>
    </p>
   </div>
   <div class='ocr_carea' id='block_1_117' title="bbox 3538 5726 4032 5798">
    <p class='ocr_par' dir='ltr' id='par_1_117' title="bbox 3538 5726 4032 5798">
     <span class='ocr_line' id='line_1_118' title="bbox 3538 5726 4032 5798; baseline 0.002 -18"><span class='ocrx_word' id='word_1_847' title='bbox 3538 5726 3585 5759; x_wconf 78' lang='lat'>”</span> <span class='ocrx_word' id='word_1_848' title='bbox 3619 5728 3918 5798; x_wconf 69' lang='grc' dir='ltr'>καταλέγει</span> <span class='ocrx_word' id='word_1_849' title='bbox 3946 5730 3981 5783; x_wconf 77' lang='grc' dir='ltr'>Α</span> <span class='ocrx_word' id='word_1_850' title='bbox 4019 5751 4032 5781; x_wconf 87' lang='grc'>;</span> 
     </span>
    </p>
   </div>
  </div>
