4196 6442
144 400 246 470 729

1237 399 1754 460 BIBLIOTHECA.
1773 423 1841 433 —
1870 400 2031 460 COD.
2072 402 2317 461 CCXXI.

3293 403 3404 465 730

145 517 582 585 φλεγμαινούσης
605 554 621 578 ,
668 518 760 569 καὶ
795 514 896 584 τῆς
944 513 1062 567 κατ’
1111 512 1277 579 αὐτὴν
1309 510 1705 581 αίμορραγίας,
1738 552 1747 571 Α

1815 526 1874 563 ac
1896 514 1959 562 de
1979 514 2254 582 sanguinis
2277 529 2372 583 per
2401 528 2518 568 eam
2563 514 2843 581 eruptione
2862 553 2877 577 ,
2908 514 3083 583 deque
3142 514 3402 569 exsisteu-

145 608 237 658 καὶ
292 608 403 659 τῶν
464 607 864 675 συνισταμένων
911 606 969 656 ὲν
1019 605 1153 671 αὐτῇ
1205 603 1458 672 θρόμϐων
1511 620 1569 654 τε
1619 604 1711 654 καὶ

147 698 415 765 φυμάτων
456 701 547 751 καὶ
579 698 747 751 ἑλκῶν
775 715 789 730 ·
824 698 916 749 καὶ
958 696 1083 762 περὶ
1116 696 1577 763 ρευματιζομένης
1619 694 1713 746 καὶ

147 790 444 856 ψωμὼσης
480 790 754 850 κύστεως·
788 788 914 856 περί
934 803 991 838 τε
1027 787 1394 853 σατυριάσεως
1433 788 1525 837 καί
1548 802 1715 853 πρια-

150 877 357 945 πισμοῦ
424 879 517 929 καὶ
566 876 879 947 γονορροίας
931 873 1024 927 καὶ
1094 872 1442 941 ὀνειρώξεως.
1499 873 1715 925 Τούτων

152 970 411 1021 ἁπάντων
440 967 545 1019 τῶν
590 966 895 1035 εἰρημένων
939 962 1126 1015 παθῶν
1160 963 1256 1024 τάς
1294 980 1351 1014 τε
1397 960 1605 1025 αἰτίας,
1641 962 1717 1023 ὡς

152 1056 260 1111 οἷόν
304 1059 365 1110 τέ
414 1059 551 1121 ἐστι,
597 1056 917 1121 καταλέγει,
959 1056 1052 1107 καὶ
1092 1054 1189 1116 τὰς
1231 1053 1581 1122 προφυλακὰς
1625 1055 1741 1107 καὶ·

1811 602 1954 655 tibus
1982 603 2035 656 in
2075 620 2137 658 ea
2169 605 2409 674 grumis,
2441 606 2736 661 tuberculis
2760 646 2775 670 ,
2808 606 3113 659 ulceribus:
3168 606 3399 675 itemque

1810 694 1875 747 de
1908 698 2096 748 vesicae
2128 698 2358 751 ﬂuxione
2401 712 2464 751 ac
2498 700 2696 753 scabie.
2742 700 2814 752 De
2859 699 3139 767 satyriasi.
3202 699 3401 765 priapi-

1811 792 1928 833 smo
1949 820 1965 845 ,
1999 783 2222 837 seminis
2267 784 2406 837 ﬂuxu
2430 825 2445 849 ,
2475 799 2535 839 ac
2561 785 2611 838 in
2647 785 2848 838 somnis
2895 784 3174 852 proﬂuvio.
3202 784 3399 835 llorum

1811 872 2048 924 Omnium
2102 873 2412 927 morborum
2443 889 2636 929 causas
2657 913 2671 939 ,
2702 874 2871 943 quoad
2895 874 3013 940 ejus
3042 874 3154 927 fieri
3190 884 3397 940 potest,

1825 960 2087 1027 explicat,
2129 973 2182 1015 et
2215 966 2490 1019 cautiones
2516 966 2928 1032 curationesque
2972 979 3178 1017 eorum.
3214 964 3401 1015 Extre-

1824 1067 1914 1105 mo
1932 1065 2060 1105 vero
2090 1053 2224 1107 libro
2256 1056 2321 1111 iis
2365 1070 2601 1126 quoque,
2633 1058 2720 1125 qui
2763 1055 2970 1111 Venere
3002 1057 3079 1108 uti
3113 1064 3399 1121 nequeant,

156 1148 457 1217 θεραπείας
493 1146 691 1201 αὐτῶν.
729 1147 863 1199 Κατ’
894 1146 1025 1199 αὐτὸ
1054 1146 1110 1197 δὲ
1152 1144 1213 1196 τὸ
1244 1144 1392 1206 τέλος
1431 1143 1521 1194 τοῦ
1561 1142 1719 1209 λόγου

1826 1145 2081 1199 exercitia
2110 1147 2520 1217 curationesque
2556 1149 2763 1202 statuit.

156 1249 249 1298 καὶ
282 1249 416 1314 περὶ
444 1245 552 1297 τῶν
588 1245 661 1315 μὴ
697 1240 1006 1311 δυναμένων
1040 1239 1341 1308 χρήσασθαι
1377 1238 1728 1307 ἀφροδισίοις,
1759 1238 2065 1307 γυμνασίας
2093 1258 2150 1293 τε
2183 1242 2360 1297 αὐτῶν
2392 1242 2486 1296 καὶ
2514 1242 2809 1315 θεραπείας
2842 1242 3139 1297 διατάττει.

241 1338 333 1388 Ἐν
357 1337 413 1388 δὲ
437 1335 517 1404 τῷ
542 1335 603 1404 ιβ’
626 1334 768 1402 λόγῳ
791 1350 856 1383 πε
865 1331 918 1401 pl.
942 1330 1175 1399 ίσχιάδος
1201 1330 1292 1381 καὶ
1315 1330 1442 1398 περὶ
1463 1328 1733 1397 ποδάγρας

1914 1330 2238 1386 Duodecimn
2289 1334 2425 1389 libro
2466 1335 2531 1389 de
2579 1334 2819 1388 ischiade
2848 1343 2901 1386 et
2954 1335 3188 1401 podagra
3244 1340 3403 1398 atque

160 1428 257 1478 καὶ
308 1426 615 1495 ἁρθρίτιδος
665 1421 1049 1490 διαλαμϐάνει,
1104 1417 1284 1481 αίτίας
1335 1434 1394 1469 τε
1442 1416 1732 1477 καθολικὰς

1841 1423 2130 1478 artbritide
2182 1426 2297 1479 sive
2351 1425 2631 1479 articulari
2696 1425 2883 1478 morbo
2909 1426 3021 1493 agit
3055 1442 3068 1477 :
3102 1426 3291 1475 borum
3333 1424 3405 1472 si-

161 1518 270 1568 τῶν
302 1517 493 1569 παθῶν
516 1514 720 1603 τούτων
749 1510 1082 1577 καταλέγων,
1118 1508 1213 1559 καὶ
1240 1509 1362 1559 ὅσαι
1390 1506 1481 1559 ἐπὶ
1515 1508 1735 1576 μέρους,

1845 1514 1952 1567 mul
1980 1530 2174 1571 causas
2204 1532 2325 1571 cum
2366 1518 2667 1587 generales,
2739 1528 2848 1571 tum
2901 1518 3202 1585 singulares
3237 1534 3404 1569 em.-

165 1610 259 1663 καὶ
300 1608 647 1668 παντοδαπὰς
666 1597 976 1675 θεραπείας
1026 1599 1203 1654 αὐτῶν
1250 1614 1308 1649 τε
1346 1599 1439 1650 καὶ
1479 1599 1578 1650 ὅσα
1618 1597 1738 1650 κατ’

1844 1620 1998 1672 nens,
2030 1622 2133 1660 una
2167 1622 2289 1662 cum
2320 1610 2486 1664 variis
2513 1610 2905 1669 curationibus,
2933 1618 2985 1661 et
3008 1609 3052 1662 si
3088 1610 3176 1676 qui
3217 1611 3281 1660 ad
3308 1609 3405 1663 hos

166 1701 308 1753 αὐτὰ
361 1696 741 1766 ὲπισυμδαίνει
791 1695 1070 1762 νοσήματα
1116 1690 1313 1758 ἕτερα,
1374 1686 1630 1748 κενώσεις
1680 1703 1737 1738 τε

1845 1700 2103 1753 accedere
2152 1700 2243 1754 alii
2295 1700 2466 1755 morbi
2527 1701 2721 1755 solent.
2794 1700 2983 1754 Varias
3021 1702 3147 1754 item
3214 1702 3402 1754 borum

166 1791 351 1843 αὐτῶν
375 1788 687 1859 διαφόρους,
722 1786 817 1839 καὶ
849 1782 1122 1853 χρίσματα
1156 1782 1253 1833 καὶ
1283 1777 1614 1849 μαλάγματα
1648 1778 1740 1830 καὶ

1840 1791 2243 1856 evacuationes,
2283 1793 2591 1856 unctiones,
2627 1793 2970 1862 malagmata,
2996 1792 3400 1859 perunctiOnes,

169 1879 563 1949 συγχρίσματα
608 1876 703 1929 xui.
729 1877 909 1929 ἄκοπα
938 1873 1031 1924 καὶ
1059 1869 1372 1939 ἀλείμματα
1412 1869 1739 1929 συντάττων,

1842 1894 2030 1948 acapa,
2067 1892 2339 1951 unguenta
2362 1883 2661 1953 prxscribit
2692 1898 2706 1936 :
2736 1882 3014 1949 purgantia
3045 1896 3259 1949 quoque
3300 1881 3405 1933 illis

169 1970 485 2038 καθαρτικά
508 1984 565 2019 τε
599 1966 907 2035 ἁρμόζοντα
933 1963 1138 2021 τούτοις
1165 1960 1260 2011 καὶ
1288 1957 1616 2021 άντιδὸτους,
1648 1957 1742 2009 κα)⁵

1844 1973 2244 2027 accommodata
2274 1982 2329 2028 et
2361 1974 2653 2036 antidotos,
2702 1973 2917 2041 aliaque
2964 1972 3219 2043 plurima,
3281 1988 3401 2041 qua:

171 2064 272 2116 ὃσα
305 2061 444 2113 ἄλλα
475 2059 607 2129 πρὸς
645 2057 744 2127 τὴν
781 2055 890 2108 τῶν
932 2051 1236 2124 εἰρημένων
1266 2052 1585 2121 νοσημάτων
1619 2048 1745 2119 βοή-

1844 2077 2000 2133 opem
2044 2064 2147 2118 illis
2176 2066 2380 2121 morbis
2406 2065 2603 2121 at'l‘erre
2643 2068 2874 2135 possint.

175 2153 335 2205 θειαν
363 2151 562 2219 ἀφορᾷ.

260 2244 352 2293 Ἐν
396 2242 455 2293 δὲ
497 2239 573 2310 τῷ
617 2238 685 2308 ιγ’
735 2238 880 2308 λόγῳ
930 2240 1058 2311 περὶ
1103 2235 1344 2291 δακετῶν
1395 2231 1749 2302 διαλαμὸάνει

179 2332 359 2397 ζεὸων,
391 2331 457 2393 ἃς
489 2330 698 2383 ποιοῦσι
735 2330 1001 2394 διαθέσεις
1033 2331 1124 2383 καὶ
1159 2328 1305 2397 πάθη
1340 2326 1467 2395 περὶ
1498 2325 1621 2385 τοὺς
1656 2322 1742 2392 δη-

179 2425 415 2494 χθέντας
436 2461 451 2482 ,
483 2424 575 2474 καὶ
607 2424 705 2484 τὰς
734 2421 936 2474 τούτων
974 2423 1143 2483 ίάσεις
1174 2416 1609 2487 ἐκδιηγούμενος.
1648 2414 1754 2465 Καὶ

1926 2243 2107 2299 Tertio
2131 2244 2337 2299 decimo
2369 2243 2506 2298 libro
2547 2244 2612 2297 de
2669 2257 2849 2296 morsu
2884 2243 3093 2296 infestis
3119 2242 3407 2294 animanti-

1852 2341 1949 2395 bus
1980 2354 2165 2408 agens,
2206 2337 2367 2391 simul
2391 2351 2523 2405 quas
2556 2337 2669 2390 btec
2702 2338 2894 2389 morsis
2938 2335 3018 2387 vel
3072 2333 3407 2396 affectiones,

1854 2431 1934 2484 vel
1966 2434 2180 2483 morbos
2206 2426 2456 2490 aﬂerant,
2493 2427 2936 2496 singulorumque
2983 2426 3216 2479 medelas
3245 2440 3411 2487 espo-

181 2518 247 2587 δὴ
284 2517 377 2569 καὶ
406 2516 533 2584 περὶ
559 2515 664 2567 τῶν
699 2514 915 2567 ίοὸόλων
944 2512 1146 2583 θηρίων
1175 2512 1272 2580 τὴν
1296 2509 1487 2578 ὁμοίαν
1516 2508 1747 2559 ποιεῖται

1854 2524 1956 2576 nit.
1991 2521 2123 2574 lliuc
2147 2533 2200 2573 et
2226 2522 2290 2573 de
2317 2518 2442 2571 feris
2467 2534 2730 2572 venenum
2756 2517 3147 2586 ejaculantibus
3180 2516 3411 2569 similent

183 2606 559 2662 διδασκαλίαν.
593 2602 671 2658 Οὔ
701 2606 859 2675 μόνον
886 2606 962 2669 δὲ,
985 2605 1119 2657 ἀλλὰ
1144 2603 1236 2656 καὶ
1265 2603 1362 2654 ὅσα
1387 2600 1493 2652 τῶν
1518 2598 1695 2665 φυτῶν
1721 2596 1747 2666 ἦ

1857 2614 2156 2666 doctrinam
2184 2612 2363 2665 tradit.
2394 2610 2528 2676 Quin
2557 2620 2610 2662 et
2633 2610 2838 2677 plantas
2866 2621 3026 2675 atque
3057 2610 3270 2670 herbas,
3298 2625 3416 2676 qua:

187 2699 434 2770 βοτανῶν
474 2698 775 2766 δηλητήρια
818 2696 1022 2763 γίνεται
1071 2691 1545 2763 τοῖςχρωμένοις,
1586 2686 1747 2755 δηλῶ-

1859 2721 2059 2757 venena
2095 2706 2221 2766 sint,
2278 2716 2331 2756 et
2369 2704 2641 2756 utentibus
2697 2703 2878 2763 noxia,
2946 2704 3057 2769 pari
3099 2704 3276 2755 studio
3316 2703 3408 2754 de—

191 2804 284 2840 σαι
317 2789 362 2819 ’⁷
400 2788 635 2853 σπουδὴν
686 2788 940 2837 ποιεῖται.
966 2785 1075 2837 Καὶ
1108 2783 1234 2851 περὶ
1281 2781 1533 2851 μυκήτων
1573 2777 1628 2829 δὲ
1669 2778 1747 2828 κατ

1860 2806 2146 2848 monstrat.
2184 2793 2257 2845 De
2310 2792 2489 2855 futtgis
2522 2793 2709 2853 etiam,
2749 2808 2808 2843 ac
2855 2793 3113 2860 sanguine
3187 2793 3419 2851 taurino,

188 2880 426 2948 αἵματος
470 2874 719 2946 ταυρείου
763 2876 859 2929 καὶ
903 2874 1309 2945 θρομϐωθέντος
1355 2874 1413 2924 ὲν
1458 2873 1522 2941 τῇ
1568 2869 1747 2937 γαστρ¹

1863 2884 2033 2948 deque
2099 2882 2232 2933 lacte
2282 2882 2335 2933 in
2385 2891 2567 2933 ventre
2628 2892 2814 2933 coacto
2863 2882 3135 2946 iugrumns
3193 2883 3421 2947 amplius

190 2969 469 3036 γάλακτος
504 2965 900 3034 παραπλησίως
932 2964 977 2996 ⁸⁸
1014 2961 1368 3030 διαλαμόάνει
1390 2974 1403 2989 ·
1442 2960 1539 3011 ὅσα
1568 2976 1625 3010 τε
1654 2958 1747 3008 τῶι

1866 2976 2038 3028 docet.
2079 2974 2206 3039 Quae
2234 2974 2360 3024 item
2411 2972 2677 3025 metallica
2736 2973 2993 3024 auimauti
3050 2974 3206 3024 noxia
3268 2974 3309 3025 si
3372 2974 3421 3023 iu

196 3058 540 3129 μεταλλικῶν
569 3058 839 3127 φθαρτικὰ
862 3054 938 3124 τῷ
973 3055 1093 3122 ζώῳ
1121 3053 1329 3119 γίνεται
1359 3049 1498 3102 κατὰ
1523 3048 1747 3116 γαστέρα

1815 3079 2099 3134 ζνριιιτοιη
2138 3065 2441 3126 mittantur,
2490 3075 2540 3116 et
2587 3066 2777 3116 borum
2828 3064 3156 3132 explanatio.
3207 3065 3284 3116 Ad
3316 3066 3427 3116 lucc

192 3153 514 3222 ληφθέντα,
558 3151 650 3203 καὶ
703 3150 827 3217 περὶ
877 3148 1053 3198 αὐτῶν
1099 3143 1310 3196 ἔκθεσιν
1358 3144 1606 3193 ποιεῖται.
1660 3141 1747 3190 Ka‘

1866 3159 1929 3212 de
1974 3158 2178 3226 frigida:
2239 3157 2316 3209 vel
2349 3157 2453 3207 vini
2499 3166 2646 3222 potu,
2682 3156 2772 3222 qui
2816 3156 3017 3208 hoinini
3076 3164 3286 3208 noceat.
3354 3153 3428 3207 De

196 3245 330 3313 περὶ
363 3241 733 3311 ψυχροποσίας
765 3240 797 3308 ἢ
840 3236 1144 3297 οίνοποσίας
1180 3232 1505 3294 ὲπιόλαδοῦς
1536 3231 1612 3299 τῷ
1646 3229 1747 3299 {dig

1868 3249 2231 3317 strangulatis,
2273 3259 2326 3301 et
2352 3248 2439 3315 qui
2472 3249 2520 3298 in
2560 3247 2711 3314 aquis
2747 3263 2775 3298 a
2833 3245 3181 3299 sulfocatione
3211 3244 3428 3313 pericli-

197 3335 607 3403 γεγενημένης·
645 3332 769 3401 περί
812 3347 870 3381 τε
917 3329 1024 3380 τῶν
1074 3328 1491 3396 ἀπαγχομένων,
1527 3323 1620 3375 καὶ
1660 3323 1747 3373 ὅσο

1871 3350 2072 3403 tantur,
2105 3350 2194 3393 aut
2223 3356 2285 3393 ex
2322 3341 2467 3392 edito
2500 3338 2616 3391 loco
2647 3338 3070 3406 przecipitarunt.
3109 3336 3181 3388 De
3204 3349 3429 3403 praeser-

200 3432 261 3480 ἐν
301 3426 459 3479 ὕδασι
505 3424 902 3478 κινδυνεύουσιν
946 3421 1345 3488 ἀποπνιγῆναι,
1388 3420 1478 3471 καὶ
1516 3418 1623 3469 τῶν
1666 3420 1747 3471 ἀπι

1872 3431 2122 3484 vantibus
2162 3447 2224 3481 ac
2285 3431 2534 3497 praesagis
2576 3431 2957 3489 animantibus,
3004 3427 3301 3495 praesertim
3334 3426 3433 3478 do-

205 3518 494 3591 μετεώρου
526 3534 672 3579 τινος
705 3514 1101 3578 πεπτωκότων,
1136 3514 1231 3565 καὶ
1280 3513 1341 3580 δὴ
1376 3513 1469 3563 καὶ
1514 3512 1640 3580 περὶ
1670 3509 1743 3559 τῶ

1877 3523 2133 3576 ntesticis.
2179 3522 2310 3574 llinc
2366 3523 2430 3572 de
2469 3519 2829 3573 Andromachi
2886 3518 3123 3571 tberiaca
3170 3532 3235 3570 ex
3288 3518 3435 3584 vipe-

206 3609 669 3682 προφυλακτικῶν
710 3608 805 3659 καὶ⁸
845 3603 1265 3674 προγνωστικῶν
1311 3602 1464 3665 ζώων
1496 3601 1603 3653 τῶν
1638 3616 1747 3651 κατ

1879 3613 1974 3675 ris,
2000 3614 2266 3679 quomodo
2328 3620 2635 3677 apparetur,
2671 3609 2862 3678 180a
2889 3610 3008 3677 quis
3049 3624 3197 3671 usuts,
3223 3607 3441 3676 quando

206 3701 308 3760 τὰς
360 3698 535 3759 οἰκίας
566 3698 612 3729 θ’
644 3694 1009 3765 τρεφομένων.
1074 3693 1195 3743 Ἐπὶ
1243 3691 1449 3752 τούτοις
1507 3690 1632 3760 περὶ
1684 3692 1747 3757 τῆ

1883 3705 2160 3765 utendum,
2198 3704 2460 3769 quomodo
2500 3701 2853 3768 exploranda,
2892 3715 2991 3767 qua
3048 3715 3300 3752 mensura
3344 3712 3437 3750 ex-

209 3790 439 3859 ὲχιδνῶν
469 3788 736 3857 θηριακῆς
782 3784 1142 3855 Ἀνδρομάχου
1178 3782 1559 3851 διαλαμϐάνει,
1597 3782 1695 3850 τήν
1725 3796 1747 3830 τ

1884 3793 2137 3857 bibenda,
2179 3793 2372 3861 quibus
2407 3793 2635 3860 denique
2666 3792 2865 3845 morbis
2915 3791 3251 3858 potissimum
3308 3804 3441 3842 con-

210 3880 565 3949 κατασκευὴν
596 3881 763 3948 αὐτῆς
790 3880 883 3931 καὶ
913 3879 1009 3943 τὴν
1043 3876 1235 3945 χρῆσιν
1274 3877 1366 3926 καὶ
1397 3874 1485 3925 τὸν
1514 3873 1612 3941 τῆς
1648 3872 1747 3940 χρή

1886 3886 2087 3947 veniat,
2119 3884 2395 3938 describit.
2432 3884 2505 3937 De
2530 3884 2649 3936 aliis
2680 3884 2803 3935 item
2838 3883 3115 3943 tberiacis,
3176 3882 3285 3947 agit
3315 3895 3442 3933 vero

216 3994 360 4038 σεως
388 3975 598 4043 χρόνον,
624 3972 944 4038 δοκιμασίας
969 3986 1027 4019 τε
1060 3970 1152 4020 καὶ
1181 3967 1376 4037 μέτρον
1406 3968 1419 3995 ¹
1456 3966 1669 4026 δόσεως,
1697 3981 1747 4015 κε

1888 3974 1956 4027 de
2020 3971 2266 4027 antidoto
2320 3972 2677 4026 Mitltridatica
2727 3971 2864 4040 (40),
2904 3970 3127 4038 ejusque
3175 3984 3443 4037 praepara-

214 4069 365 4121 τὶσιν
398 4064 627 4133 ἁρμόζει
659 4062 764 4115 τῶν
796 4060 1139 4131 νοσημάτων,
1175 4058 1523 4126 ἀναγράφων.
1566 4054 1699 4125 Περί
1730 4072 1747 4105 1

1894 4066 2059 4124 tione,
2092 4080 2210 4127 usu,
2236 4073 2398 4129 atque
2429 4064 2479 4115 in
2511 4063 2705 4131 quibus
2734 4064 2901 4130 prosit
2928 4080 2941 4115 :
2978 4062 3062 4114 cui
3100 4061 3262 4113 etiam
3306 4060 3441 4113 alias

218 4156 402 4210 ἄλλων
445 4153 761 4223 θηριακῶν,
806 4152 899 4203 καὶ
941 4151 1038 4218 τῆς
1081 4147 1461 4217 Μιθριδατείου
1496 4145 1747 4197 άντιδότοι

1894 4156 2117 4208 antidoti
2150 4156 2354 4223 species
2385 4155 2660 4223 subjungit
2690 4172 2704 4218 ;
2738 4152 2808 4207 de
2858 4152 3066 4205 duobus
3108 4152 3228 4205 inde
3275 4150 3448 4219 Cypbi

222 4245 570 4313 κατασκευῆς
598 4261 657 4295 τε
686 4245 777 4295 καὶ
808 4244 1076 4311 χρήσεως,
1106 4240 1199 4291 καὶ
1229 4238 1313 4306 ἐφ’
1340 4233 1415 4290 ὧν
1446 4236 1747 4307 χρησιμεύε

1894 4246 2179 4313 generibus
2210 4243 2417 4297 scribit.
2448 4241 2583 4297 lliuc
2634 4242 2699 4296 de
2742 4240 3121 4309 elepliantiasi,
3173 4240 3238 4293 de
3270 4239 3451 4307 pruri-

236 4338 468 4405 Ἑτέρας
516 4352 577 4387 τε
626 4334 912 4403 διαφόρους
964 4332 1267 4393 ἀντιδότους
1318 4329 1628 4395 καταλέγει.
1682 4330 1747 4381 Κ(

1899 4335 2103 4403 ginosis
2125 4337 2516 4402 eruptionibus.
2551 4336 2616 4387 de
2647 4334 2924 4403 psyllracis
2978 4332 3228 4399 pustulis,
3285 4341 3449 4398 atque

226 4429 362 4498 περὶ
400 4428 509 4480 τῶν
549 4426 641 4480 δύο
682 4425 921 4500 κύφεων,
966 4423 1060 4476 καὶ
1092 4422 1154 4491 δὴ
1187 4423 1281 4475 καὶ
1323 4423 1448 4491 περὶ
1481 4421 1747 4489 ἐλεφαντιό

1820 4415 2150 4479 Desudore
2195 4425 2433 4479 subortis
2465 4425 2693 4493 papulis,
2754 4423 2820 4477 de
2878 4424 3129 4476 tibiarum
3194 4421 3456 4474 ulcerosis

229 4536 375 4579 σεως
412 4519 505 4570 καὶ
535 4516 866 4588 κνησμωδῶν
894 4516 913 4545 ¹
941 4513 1327 4582 ἐξανθημάτων
1348 4552 1363 4575 ,
1402 4513 1493 4563 καὶ
1534 4512 1661 4580 περὶ
1696 4510 1747 4579 ψη

1896 4516 2287 4583 eruptionibus,
2312 4526 2364 4569 et
2395 4517 2461 4569 de
2510 4515 2874 4577 cicatricibus,
2905 4528 3023 4581 quae
3066 4527 3129 4565 ex
3188 4511 3463 4565 ulceribus

228 4613 451 4683 δράκων
482 4611 573 4661 καὶ
608 4606 912 4677 ίδρωτίδων,
942 4606 1035 4657 καὶ
1058 4606 1183 4673 περὶ
1208 4604 1315 4656 τῶν
1341 4606 1398 4655 ὲν
1422 4605 1539 4665 ταῖς
1564 4603 1665 4670 κνή
1674 4620 1747 4670 μα

1897 4606 2108 4660 relicta:
2132 4622 2331 4677 corpus
2362 4608 2681 4673 denigraut;
2714 4607 2780 4660 de
2804 4606 3010 4658 duobus
3057 4601 3332 4669 vitiliginis
3364 4615 3460 4652 seu

232 4700 490 4755 ἑλκωδῶν
536 4698 950 4769 ὲκδρασμάτων,
996 4697 1093 4750 καὶ
1131 4696 1259 4765 περὶ
1296 4694 1402 4746 τῶν
1436 4694 1607 4747 οὐλῶν
1648 4693 1702 4746 αἶ
1738 4696 1747 4759 l

1897 4696 2037 4765 alpbi
2072 4698 2516 4767 generibusoagit,
2545 4706 2600 4751 et
2626 4698 2690 4751 de
2724 4696 2896 4758 leuce,
2952 4709 3016 4748 ac
3047 4692 3262 4746 tandem
3294 4692 3357 4745 de
3388 4691 3462 4744 le-

231 4792 349 4846 τῶν
399 4788 569 4841 ἑλκῶν
617 4787 923 4857 μελαίνουσι
955 4784 1015 4837 τὸ
1056 4783 1236 4853 σῶμα.
1283 4784 1406 4835 Ἐπὶ
1437 4782 1643 4843 τούτοις
1672 4799 1747 4850 πε

1897 4804 2013 4860 pra,
2042 4804 2223 4842 earum
2245 4798 2419 4843 ortum
2445 4798 2499 4843 et
2523 4803 2740 4853 causas,
2771 4786 2913 4841 unde
2933 4786 3195 4854 originem
3220 4786 3461 4845 trahant,

234 4883 350 4937 τῶν
382 4881 476 4932 δύο
508 4879 659 4931 εἰδῶν
686 4877 811 4949 [296
845 4876 934 4947 H.]
966 4874 1058 4928 τοῦ
1091 4873 1260 4944 ἀλφοῦ
1293 4873 1672 4943 διαλαμϐάνει,
1708 4891 1747 4926 κι

1910 4881 2347 4951 curationemque
2368 4880 2628 4935 relerens.
2658 4880 2833 4949 Atque
2860 4879 2973 4933 haec
3002 4877 3243 4932 decimus
3275 4873 3465 4929 tertius

238 4974 374 5040 περὶ
408 4970 604 5037 λεύκης
625 5010 641 5033 ,
678 4969 771 5021 καὶ
796 4966 857 5020 τὺ
882 4967 1187 5019 τελευταῖον
1219 4964 1347 5032 περὶ
1378 4964 1583 5031 λέπρας
1604 5007 1617 5027 ,
1652 4981 1746 5027 γεν

1911 4971 2045 5025 liber
2075 4975 2249 5025 docet.

242 5084 364 5129 σεις
389 5082 449 5116 τε
480 5064 657 5116 αὐτῶν
690 5063 783 5117 καὶ
810 5062 987 5124 αἰτίας
1015 5060 1082 5114 δι’
1110 5059 1176 5123 ἃς
1210 5058 1560 5128 συμσαίνουσι
1598 5062 1933 5133 καταλέγων,
1973 5067 2067 5120 καὶ
2109 5066 2208 5129 τὰς
2248 5066 2448 5121 τούτων
2511 5064 2825 5137 θεραπείας.

245 5163 319 5228 ιγ’
350 5156 529 5223 λόγος.

332 5248 424 5301 Ἐν
463 5247 521 5300 δὲ
559 5246 637 5316 τῷ
678 5246 737 5298 ιδ’
786 5245 913 5315 περί
948 5262 1005 5297 τε
1044 5243 1153 5296 τῶν
1192 5243 1249 5296 ὲν
1284 5242 1414 5313 ἕδρᾳ
1458 5242 1821 5310 φιλοπονεῖται

2905 5062 3072 5116 Τοῦτο
3143 5059 3241 5131 μὲν
3293 5058 3385 5111 καὶ
3440 5059 3468 5109 δ

2000 5245 2201 5310 Quarto
2234 5243 2440 5297 decimo
2469 5241 2606 5296 libro
2637 5240 2703 5295 de
2735 5239 2880 5294 sedis
2908 5236 3074 5292 variis
3122 5234 3323 5289 morbis
3352 5231 3470 5286 dili-

1530 5394 1763 5451 VAllUE
1810 5397 2210 5453 LECTIUNES.

324 5499 371 5532 ⁸⁷
395 5495 634 5566 δηλῶσαι
674 5494 908 5564 σπουδὴν
958 5496 1190 5566 ποιεῖτη,
1242 5495 1284 5546 Α
1323 5493 1463 5563 ετὴν
1515 5494 1635 5563 ῐσην
1686 5494 1959 5547 δείκνυται
2018 5498 2249 5566 σπουδήν
2282 5512 2341 5558 ς.

252 5570 272 5603 ¹
302 5570 426 5624 libri
460 5566 680 5636 μέτρου.
756 5566 775 5595 ³
802 5581 988 5633 κνισμ.
1020 5566 1083 5617 Α.

2437 5494 2480 5525 ⁸⁸
2510 5491 2884 5561 παραπλήσιον
2942 5503 3001 5550 ς’.
3097 5486 3141 5517 ⁹⁹
3173 5481 3375 5542 οἰκείας
3404 5496 3467 5543 ς’.

1766 5697 1994 5753 ΝΟΤλΕ.

256 5799 377 5869 (40)
414 5795 546 5854 Vide
590 5795 728 5852 Gell.
765 5796 857 5852 lib.
886 5810 1017 5860 xvu,
1055 5806 1171 5862 cap.
1207 5792 1291 5846 lb‘.
