4196 6442
766 368 869 432 ’131

1933 365 2195 426 ΡΗΟΤΙΙ
2235 362 2739 423 PATRIARCILE
2778 361 2889 420 CP.

3916 356 4010 418 73?

767 489 959 547 genter
985 477 1220 543 disserit,
1249 485 1308 531 et
1327 475 1394 531 de
1418 474 1618 546 thymis
1662 474 1717 528 in
1758 474 2041 542 pudendis.
2098 476 2163 527 de
2199 472 2349 525 rimis
2377 473 2423 528 Α

2377 473 2423 528 Α
2450 469 2806 524 παντοδαπῶν
2833 468 3043 527 παθῶν,
3078 469 3170 520 καὶ
3203 468 3330 539 περὶ
3360 468 3467 522 τῶν
3499 471 3555 523 ἐν
3584 468 3799 530 αἰδοίοις
3831 469 4012 538 θύμων

770 584 934 642 atque
992 569 1439 631 inﬂammatione,
1466 569 1531 622 de
1562 582 1719 621 noma
1762 578 1816 619 et
1868 564 2232 629 carbunculis,
2281 574 2336 617 et

768 664 835 713 de
892 660 1161 712 ulceribus
1203 659 1479 709 urinarum
1522 666 1759 711 meatum
1793 655 2206 723 occupantibus.
2265 653 2337 705 De

770 753 1022 807 scabioso
1052 767 1119 803 ac
1153 749 1499 817 pruriginoso
1546 758 1745 806 scroto,
1777 746 2002 814 ejusque
2033 756 2086 798 et
2117 745 2335 797 testium

773 843 1218 905 inﬂannnatione,
1251 850 1413 907 atque
1446 843 1509 892 de
1539 842 1567 891 b
1589 839 1755 890 ernize
1781 838 2085 904 speciebus.
2126 836 2200 889 De
2228 851 2340 888 em-

780 936 1113 1003 plastrorum
1151 932 1510 995 confectione,
1543 938 1597 983 et
1625 944 1813 983 eorum
1844 927 2106 994 coquendi
2160 927 2337 989 modo,

773 1042 893 1091 qua:
929 1027 1012 1078 bis
1037 1024 1376 1091 injiciuntur.
1412 1022 1491 1075 Ad
1522 1024 1632 1076 [nec
1676 1022 1743 1075 de
1789 1021 1967 1074 nervis
2000 1019 2255 1073 sauciatls
2280 1033 2342 1071 ac

772 1117 1013 1168 contusis
1046 1132 1058 1167 :
1090 1124 1143 1167 et
1173 1116 1239 1166 de
1270 1114 1532 1183 glamlulis
1555 1112 1806 1181 inguinis,
1840 1111 2008 1178 deque
2045 1108 2342 1163 inﬂamma-

777 1210 923 1260 tione
982 1206 1303 1272 generatim.
1362 1202 1436 1257 De
1492 1205 1842 1273 apostematis
1903 1202 2051 1265 item,
2108 1209 2162 1255 et
2196 1200 2345 1255 cavis

777 1297 1049 1349 ulceribus
1082 1314 1097 1349 :
1126 1296 1254 1365 quid
1293 1296 1672 1363 praedictorum
1719 1281 1882 1347 unum
1944 1294 2197 1361 quodque
2248 1292 2341 1355 sit,

776 1386 1032 1451 subjectis
1060 1384 1389 1453 singulorum
1453 1383 1727 1446 remediis,
1769 1387 2104 1450 exponendo.
2148 1382 2347 1435 Praeter

779 1477 893 1529 haec
936 1490 1069 1528 vero
1099 1477 1286 1535 etiam.
1319 1476 1579 1527 adversus
1602 1489 1812 1527 vermes
1853 1474 1904 1526 in
1936 1474 2208 1526 ulceribus
2229 1488 2348 1527 ena-

785 1579 889 1628 tos,
920 1576 974 1619 et
1006 1568 1070 1619 ad
1099 1580 1287 1619 nomas
1311 1579 1373 1618 ac
1400 1566 1711 1631 putredines
1735 1564 1995 1626 ulcerum,
2022 1564 2256 1631 itemque
2280 1565 2345 1617 ad

780 1657 1062 1724 sanguinis
1092 1656 1431 1723 eruptionem
1475 1656 1711 1709 remedia
1757 1655 1998 1723 apponit.
2049 1653 2250 1708 Scribit
2296 1664 2350 1708 et

782 1744 847 1794 ile
886 1745 1115 1804 sinibus,
1152 1743 1371 1802 ﬁstulis,
1408 1757 1718 1810 gangraena,
1748 1742 2020 1809 sphacelo,
2048 1744 2349 1795 tumoribus

2441 578 2500 614 τε
2563 560 2657 613 καὶ
2713 558 2962 630 ραγάδων
3016 559 3111 611 καὶ
3174 558 3482 629 φλεγμονῆς
3546 560 3638 612 καὶ
3696 560 3871 627 νομῆς
3930 564 4016 612 καὶ

2445 653 2751 721 ἀνθράκων,
2785 652 2878 705 καὶ
2907 652 3014 706 τῶν
3045 652 3186 705 κατά
3220 652 3319 719 τὴν
3360 651 3632 721 ούρήθραν
3662 653 3860 704 έλκῶν⁶
3897 654 4017 722 περί

2443 762 2501 796 τε
2530 744 2847 814 ψωριῶντος
2880 746 3091 812 όσχέου,
3132 745 3227 796 καὶ
3272 742 3583 811 φλεγμονῆς
3623 743 3788 795 αὐτοῦ
3826 760 3886 795 τε
3932 744 4020 795 καὶ

2445 836 2680 905 ὄρχεων
2713 836 2808 888 καὶ
2850 838 2977 905 περὶ
3015 835 3123 887 τῶν
3171 836 3270 904 τῆς
3327 835 3500 905 κήλης
3550 834 3704 887 είδῶν
3730 852 3743 866 ·
3784 836 3917 903 περί
3966 852 4022 885 τε

2448 927 2747 989 συνθέσεως
2794 928 3187 999 ὲμπλάστρων,
3233 929 3329 980 καὶ
3371 930 3573 997 τρόπου
3609 926 3717 979 τῶν
3763 926 4024 996 ἐμϐαλλο-

2451 1020 2627 1087 μένων
2664 1018 2928 1089 ἑψήσεως.
2967 1020 3087 1073 Ἔτι
3131 1021 3187 1074 δὲ
3232 1021 3361 1090 περὶ
3409 1020 3516 1072 τῶν
3561 1019 3631 1073 τά
3674 1018 3843 1089 νεῦρα
3884 1036 4026 1087 τρω-

2450 1111 2649 1164 θέντων
2700 1111 2735 1179 ἦ
2794 1110 3166 1174 θλασθέντων,
3227 1111 3321 1164 καὶ
3378 1112 3505 1180 περὶ
3560 1110 3883 1179 βουϐώνων,
3935 1111 4028 1161 καὶ

2451 1202 2761 1273 φλεγμονῆς
2819 1201 3093 1263 καθόλου,
3157 1202 3285 1272 περί
3343 1220 3403 1255 τε
3465 1201 3869 1271 ἀποστημάτων
3931 1200 4027 1251 καὶ

2452 1294 2647 1347 κοίλων
2685 1294 2856 1347 ἑλκῶν
2877 1336 2889 1358 ,
2923 1295 2975 1346 τί
3006 1295 3065 1346 τέ
3099 1296 3247 1347 ἐστιν
3279 1293 3509 1347 ’ἑκαστον
3542 1293 3649 1345 τῶν
3682 1292 3989 1361 εἰρημένων
4010 1333 4026 1353 ,

2452 1386 2546 1438 καὶ
2570 1385 2864 1453 θεραπείας
2897 1386 3075 1438 αὐτῶν
3110 1386 3362 1447 ὲκτιθείς.
3399 1384 3527 1456 [576
3559 1383 3650 1456 IL]
3689 1385 3811 1436 Ἔτι
3845 1384 3904 1435 δὲ
3938 1384 4028 1434 καὶ

2454 1479 2588 1547 πρὸς
2615 1478 2740 1540 τοὺς
2786 1480 2843 1530 ὲν
2887 1477 3068 1530 ἕλκεσι
3109 1478 3416 1545 σκώληκας,
3449 1476 3541 1529 καὶ
3575 1476 3709 1545 πρὸς
3736 1475 3909 1543 νομὰς
3938 1476 4032 1525 καὶ

2454 1571 2521 1621 τὰ
2554 1567 2898 1638 σηπεδονὼδη
2933 1569 3040 1620 τῶν
3074 1568 3247 1621 ἑλκῶν
3269 1606 3285 1630 ,
3336 1568 3433 1619 καὶ
3480 1568 3617 1635 πρὸς
3662 1564 4030 1634 αἱμορραγίας

2459 1662 2632 1723 ἐάσεις
2691 1660 3144 1727 συγκατατάττει.
3210 1657 3576 1726 Διαλαμϐάνει
3629 1655 3686 1709 δὲ
3744 1657 3838 1708 καὶ
3903 1655 4033 1723 περὶ

2456 1751 2673 1805 κόλπων
2705 1751 2799 1803 καὶ
2828 1751 3123 1820 συρίγγων,
3151 1747 3492 1818 γαγγραίνης
3524 1764 3583 1799 τε
3617 1748 3709 1800 καὶ
3738 1744 4030 1813 σφακέλου,

784 1834 1111 1898 rant-eratis,
1148 1834 1511 1893 carbunculis,
1560 1833 1906 1901 erysipelate,
1939 1845 2140 1900 erpete,
2167 1835 2349 1903 cpiny-
2381 1826 2423 1881 Β

2381 1826 2423 1881 Β
2454 1845 2545 1896 καὶ
2600 1844 2729 1910 περὶ
2783 1843 2966 1909 ὄγκων
3025 1840 3377 1912 καρκινωδῶν
3438 1840 3530 1891 καὶ
3590 1838 3878 1907 ἀνθράκων
3941 1836 4031 1886 καὶ

786 1926 947 1984 itide,
980 1924 1291 1981 lermintlto,
1323 1934 1377 1973 et
1424 1923 1633 1990 papulis
1686 1924 1799 1977 sive
1855 1925 2106 1991 pustulis,
2161 1926 2347 1977 ltoruin

786 2027 939 2067 ortus
980 2014 1137 2068 simul
1174 2024 1228 2068 et
1276 2023 1399 2081 apta
1452 2014 1686 2067 remedia
1729 2028 2039 2068 recensens.
2092 2015 2350 2070 Bledelam

788 2108 974 2176 adjicit
1006 2110 1127 2178 igne
1188 2119 1282 2163 ant
1327 2125 1462 2177 aqua
1495 2111 1887 2177 ambustorum,
1951 2112 2132 2180 ﬂagris
2189 2130 2356 2169 casso-

792 2216 930 2261 ium,
963 2201 1333 2262 abrasionum,
1381 2202 1804 2272 intertriginum,
1855 2205 2035 2259 carnis
2091 2216 2351 2269 contusa},

790 2290 873 2341 val
901 2300 1087 2354 ruptae,
1129 2292 1518 2355 convulsionis,
1547 2293 1931 2354 contorsionis.
1961 2304 2016 2347 et
2060 2294 2127 2348 de
2162 2294 2355 2347 luxatis

792 2382 1056 2444 articulis,
1089 2397 1154 2435 ac
1184 2383 1551 2449 pernionibus.
1584 2384 1713 2437 Item
1747 2387 1812 2438 de
1854 2388 2138 2455 digitorum
2176 2398 2357 2457 ptery-

793 2473 915 2539 giis,
961 2474 1026 2527 de
1084 2475 1451 2543 paronycltiis,
1508 2476 1575 2529 de
1620 2479 1887 2547 unguibus
1920 2481 2187 2545 contusis,
2226 2482 2357 2534 sub-

792 2565 1056 2624 cruentis,
1090 2579 1194 2616 non
1250 2566 1391 2627 lixis,
1447 2567 1653 2621 scabris
1699 2583 1761 2621 ac
1826 2569 2050 2636 leprosis
2098 2590 2111 2624 :
2168 2574 2360 2639 quibus

796 2656 959 2709 ctiam
989 2657 1243 2710 remediis
1267 2657 1402 2711 eﬂlci
1428 2659 1619 2725 possit,
1651 2669 1707 2711 ut
1738 2674 1835 2727 pro
1879 2662 2112 2729 delapsis
2163 2666 2357 2729 ungui-

799 2750 917 2809 bus,
945 2749 1031 2801 alii
1089 2751 1503 2804 snbnascantur.
1560 2752 1632 2804 De
1668 2753 1883 2805 annulis
1914 2768 2045 2816 quos
2074 2755 2361 2822 aliquando

797 2842 1060 2909 contingit
1089 2841 1461 2909 digitisinﬂgi.
1499 2842 1573 2896 De
1622 2843 1793 2897 clavis
1844 2852 1897 2895 et
1946 2845 2137 2910 pedum
2187 2847 2359 2911 rimis,

800 2949 889 2985 seu
914 2934 1140 2995 ﬂssuris,
1171 2945 1228 2987 et
1257 2935 1321 2988 de
1353 2935 1645 2989 varicibus.
1686 2936 1876 3005 18οὺ
1919 2936 2045 3001 Qua:
2080 2949 2359 3007 postquam

801 3024 1002 3076 militer
1031 3025 1231 3087 omnia,
1261 3035 1423 3091 atque
1445 3041 1508 3078 ex
1544 3027 1789 3079 medemli
1819 3030 1949 3081 artis
1994 3028 2201 3094 legibus
2231 3044 2361 3095 prae-

2453 1935 2839 2005 ἐρυσιπέλατος
2863 1976 2877 1997 ,
2914 1934 3152 2004 ἓρπητός
3182 1950 3243 1985 τε
3280 1932 3371 1986 καὶ
3402 1930 3738 1991 ὲπινυκτίδος
3780 1928 3873 1979 καὶ
3906 1943 4030 1995 τερ-

2457 2026 2643 2093 μίνθου
2699 2028 2791 2078 καὶ
2829 2024 3191 2093 φλυκταινῶν,
3238 2024 3336 2086 τάς
3368 2039 3428 2075 τε
3457 2023 3698 2089 γενέσεις
3734 2018 3914 2071 αὐτῶν
3955 2018 4033 2069 δι-

2454 2119 2633 2184 εξιὼν,
2672 2118 2768 2171 καὶ
2803 2119 2924 2171 ὅσαι
2953 2116 3163 2179 τούτοις
3188 2115 3491 2185 ἀρμόζουσι
3519 2114 3539 2144 ³
3574 2112 3884 2180 θεραπεῖαι.
3914 2108 4033 2159 Ἐτι

2455 2214 2509 2264 δὲ
2542 2212 2633 2264 καὶ
2661 2211 2789 2281 περὶ
2818 2211 2839 2241 ⁸
2871 2210 2981 2262 τῶν
3021 2210 3087 2261 ὲκ
3123 2208 3293 2278 πυρὸς
3322 2208 3355 2276 ἢ
3389 2205 3579 2266 ὓδατος
3622 2199 4030 2259 κατακαέντων,

2460 2304 2556 2355 καὶ
2584 2302 2878 2367 θεραπείας
2908 2301 3015 2354 τῶν
3053 2298 3502 2371 μαστιγωθέντων
3533 2294 3628 2348 καὶ
3656 2293 3763 2346 τῶν
3788 2294 4033 2358 ἀποσυρ-

2462 2397 2646 2466 μάτων
2670 2395 2779 2447 τῶν
2801 2411 2858 2446 τε
2877 2393 3347 2465 παρατριμμάτων
3370 2391 3462 2442 καὶ
3491 2387 3687 2457 σαρκὸς
3713 2382 4035 2449 θλασθείσης

2458 2489 2491 2558 ἣ
2538 2488 2829 2558 ῥαγείσης,
2876 2488 2970 2539 καὶ
3011 2486 3330 2554 σπάσματος
3377 2482 3471 2536 καὶ
3521 2480 3905 2549 στρέμματος,
3945 2475 4038 2527 καὶ

2462 2582 2589 2649 περὶ
2610 2579 3034 2647 κεχαλασμένων
3066 2576 3302 2646 ἄρθρων,
3326 2572 3419 2625 καὶ¹
3441 2589 3492 2640 χι
3502 2570 3711 2640 μέθλων
3731 2565 4036 2633 περυγίων

2460 2689 2518 2724 τε
2572 2673 2684 2724 τῶν
2737 2673 2795 2723 ὲν
2847 2668 3130 2730 δακτύλοις
3181 2666 3277 2718 καὶ
3321 2662 3709 2734 παρωνυχίας,
3761 2658 3860 2711 καὶ
3912 2656 4039 2723 περὶ

2460 2762 2837 2830 τεθλασμὲνων
2879 2760 3088 2829 ὀνύχων
3128 2758 3222 2810 καὶ
3254 2757 3508 2825 ύφαίμων
3540 2754 3631 2805 καὶ
3664 2749 4039 2817 σαλευομένων

2463 2856 2555 2907 καὶ
2582 2852 2913 2922 ψωριῶντων
2943 2853 2976 2919 ἦ
3009 2848 3375 2917 λεπριὼντων,
3406 2847 3498 2898 καὶ
3528 2846 3592 2897 δι’
3621 2839 3693 2896 ὧν
3725 2843 3840 2893 ἔστι
3866 2858 4040 2909 παρα-

2465 2948 2725 2998 σκευάσαι
2752 2945 2871 2996 ἀντὶ
2902 2944 3008 2993 τῶν
3049 2940 3386 2993 ἐκπεσόντων
3417 2937 3621 3007 ὀνύχων
3670 2936 3867 2995 ἄλλους
3907 2935 4039 2985 ἀνα-

2466 3036 2647 3105 φῦναι·
2684 3036 2811 3103 περί
2850 3051 2907 3085 τε
2942 3033 3048 3085 τῶν
3089 3031 3495 3100 συμϐαινόντων
3542 3026 3894 3097 ἐσφηνῶσθαι
3948 3025 4037 3075 δα-

803 3114 964 3178 cepit,
1003 3113 1053 3165 in
1108 3113 1255 3166 illam
1300 3115 1515 3166 tandem
1567 3115 1784 3168 medicae
1842 3114 2099 3169 doctrina:
2154 3126 2359 3181 partem
2390 3158 2433 3215 ϐ

2390 3158 2433 3215 c
2466 3122 2697 3175 κτυλίων
2742 3122 2869 3190 περὶ
2906 3122 3031 3181 τοὺς
3074 3119 3395 3181 δακτύλους·
3443 3120 3537 3170 καὶ
3589 3117 3717 3185 περὶ
3762 3115 3910 3182 ἥλων
3956 3114 4042 3164 καὶ

802 3204 1022 3265 desinit,
1065 3219 1184 3270 qua:
1213 3206 1278 3257 de
1303 3204 1648 3257 brachiorum
1684 3221 1746 3259 ac
1771 3220 1989 3259 crurum
2016 3207 2359 3260 dracunculis

804 3294 913 3360 agit
946 3310 958 3344 :
995 3302 1155 3357 atque
1185 3294 1255 3346 ibi
1290 3294 1502 3346 decimo
1536 3305 1729 3361 quarto
1758 3295 1894 3348 libro
1922 3297 2079 3349 linem
2109 3298 2350 3364 imponit.

2470 3214 2717 3283 ραγάδων
2765 3214 2871 3264 τῶν
2917 3212 3057 3264 κατά
3103 3213 3229 3272 τοὺς
3268 3210 3463 3273 πόδας,
3507 3208 3603 3261 καὶ
3650 3208 3779 3276 περὶ
3820 3204 4041 3274 κιρσῶν.

2464 3302 2650 3353 Ταῦτα
2709 3302 2887 3353 πάντα
2936 3301 3223 3369 ὠφελίμως
3270 3299 3365 3351 καὶ
3409 3299 3550 3350 κατά
3597 3298 3722 3358 τοὺς
3776 3295 4044 3363 ἰατρικοίις

804 3386 999 3451 νόμους
1024 3382 1258 3448 διεξιὼν,
1293 3384 1518 3453 τελευτᾷ
1546 3385 1625 3446 είς
1646 3385 1745 3453 τὴν
1771 3386 1899 3456 περὶ
1928 3387 2037 3439 τῶν
2064 3387 2121 3439 ἐν
2154 3389 2369 3443 σκέλεσι
2417 3392 2510 3444 καὶ
2538 3391 2785 3461 βραχίοσι
2822 3390 3182 3459 δρακοντείων
3244 3386 3495 3457 ἰατρικὴν
3534 3384 3933 3438 -διδασκαλίαν·
3990 3383 4046 3433 ὲν

804 3469 885 3537 οἷς
909 3476 1004 3527 καὶ
1027 3478 1055 3527 ό
1086 3474 1145 3526 ιδ’
1177 3474 1608 3544 συμπεραίνεται
1638 3475 1814 3543 λόγος.

878 3574 1093 3625 Decimo
1117 3572 1304 3640 quinto
1356 3571 1492 3624 libro
1567 3580 1868 3639 pertractat
1950 3573 2017 3626 de
2073 3576 2371 3631 tumoribus

808 3665 965 3717 laxis.
999 3663 1073 3717 De
1130 3662 1518 3725 inﬂationibus,
1547 3663 1614 3716 de
1652 3664 1951 3719 tumoribus
1997 3667 2163 3729 duris,
2220 3668 2374 3721 athe-

810 3758 1029 3812 rotnatis
1054 3800 1067 3821 ,
1095 3756 1335 3816 strnmis,
1368 3756 1760 3817 bronciiocelis,
1788 3756 2202 3818 meliceridibus,
2234 3768 2373 3813 stea-

814 3850 1122 3908 tomatibns,
1160 3848 1407 3915 gangliis,
1463 3857 1865 3915 aneurystnale,
1901 3847 2058 3913 favis,
2088 3860 2139 3903 et
2174 3850 2374 3919 hydro-

809 3943 1051 4009 cephalis
1085 3959 1099 3993 :
1131 3942 1322 3994 borum
1354 3953 1571 4006 quoque
1595 3940 1857 4007 origines.
1909 3955 2124 4005 causas,
2161 3941 2377 3994 chirur-

812 4037 974 4103 giam,
1032 4035 1275 4100 aliasque
1327 4033 1637 4085 curatiOues
1714 4033 2057 4099 exponendo,
2101 4048 2205 4085 una
2251 4048 2373 4086 cum

814 4127 1100 4179 inultormn
1137 4124 1380 4194 variique
1411 4123 1624 4193 generis
1656 4123 2075 4191 emplastrorum
2102 4116 2377 4194 praepara-

815 4220 979 4271 tione.

886 4307 1047 4360 Libro
1096 4307 1307 4361 decimo
1342 4316 1494 4359 sexto
1576 4316 1630 4360 et
1686 4306 1910 4369 ultimo,
1957 4305 2024 4359 de
2062 4307 2201 4360 uteri
2255 4308 2385 4370 situ,

816 4397 1206 4467 magnitudine,
1247 4395 1415 4449 forma
1439 4395 1648 4451 scribit.
1677 4395 1913 4461 Tempus
1957 4395 2084 4449 item
2122 4410 2228 4463 quo
2258 4411 2384 4463 pur-

816 4488 953 4557 gari,
986 4502 1049 4540 ac
1084 4486 1355 4538 seminare
1387 4484 1586 4537 ferriina
1627 4486 1786 4539 solet.
1823 4487 1896 4539 De
1948 4496 2243 4553 conceptus
2279 4498 2372 4537 ea-

2548 3574 2703 3629 Κατὰ
2736 3574 2792 3627 δὲ
2822 3574 2914 3626 τὸν
2938 3579 2997 3625 ιε’
3022 3570 3374 3639 διαλαμϐάνει
3402 3570 3559 3637 λόγον
3585 3569 3713 3638 περὶ
3742 3568 4048 3637 οἰδημάτων

2476 3685 2536 3720 τε
2593 3669 2687 3719 καὶ
2730 3664 3173 3735 ἐμφυσημάτων,
3228 3663 3433 3731 σκίρων
3484 3678 3544 3714 τε
3605 3661 3697 3714 καὶ
3754 3660 4047 3729 χοιράδων,

2481 3758 2858 3830 βρογχοκηλὼν
2891 3775 2949 3809 τε
2983 3758 3076 3809 καὶ
3107 3755 3497 3823 ἀθερωμάτων,
3544 3753 3637 3805 καὶ
3680 3751 4043 3821 μελικηρίδων

2474 3850 2565 3903 καὶ
2600 3850 2997 3917 στεατωμάτων
3029 3849 3123 3900 καὶ
3154 3846 3452 3915 γαγγλίων,
3487 3844 3906 3915 άνευρύσματός
3940 3844 3960 3874 ⁸
3988 3861 4043 3894 τε

2474 3944 2566 3995 καὶ
2608 3942 2815 4011 κηρίων
2868 3942 2962 3993 καὶ
3012 3939 3411 4009 ὑδροκεφάλων,
3468 3938 3709 3999 γένεσεις
3763 3953 3823 3989 τε
3877 3937 4053 3989 αὐτῶν

2484 4033 2825 4101 ἐκτιθέμενος
2852 4032 2945 4083 καὶ
2974 4031 3150 4093 αἰτίας
3178 4031 3275 4097 τῆς
3298 4028 3583 4095 γενέσεως,
3615 4028 3968 4097 χειρουργίας
4000 4044 4053 4077 τε

2485 4124 2579 4176 καὶ
2608 4125 2703 4185 τὰς
2745 4124 2909 4185 ἄλλας
2946 4122 3240 4193 θεραπείας
3269 4121 3362 4171 καὶ
3395 4120 3757 4189 ὲμπλάστρων
3797 4120 4055 4171 ποικίλων

2486 4231 2545 4267 τε
2577 4216 2670 4267 καὶ
2699 4214 2966 4282 διαφόρων
2995 4212 3306 4275 σκευασίας.

2570 4306 2658 4356 Ἐν
2687 4305 2741 4356 δὲ
2771 4304 2847 4373 τῷ
2875 4304 3168 4373 τελευταίῳ
3194 4321 3253 4357 τε
3284 4303 3375 4355 καὶ
3403 4300 3477 4366 ις’
3503 4302 3645 4371 λόγῳ
3678 4302 3811 4370 περὶ
3845 4303 4057 4371 μήτρας

2486 4395 2687 4457 θέσεως
2728 4412 2784 4447 τε
2818 4396 2911 4447 καὶ
2945 4395 3207 4464 μεγέθους
3252 4396 3345 4448 καὶ
3378 4395 3475 4462 τῆς
3515 4394 3679 4462 ἄλλης
3714 4392 4057 4447 διαπλάσεως

2486 4484 2811 4551 ἀναγράφει,
2847 4484 2940 4534 καὶ
2972 4482 3061 4534 τὸν
3097 4484 3284 4552 καιρὸν
3327 4482 3447 4534 καθ’
3495 4482 3552 4533 ὃν
3591 4499 3645 4533 τε
3693 4482 4057 4549 καθαίρεσθαι

818 4593 935 4630 rum
979 4588 1239 4644 tempore,
1281 4584 1336 4629 et
1396 4575 1593 4630 indicio
1652 4592 1774 4631 cum
1832 4575 2195 4632 fecunditatis.
2266 4585 2376 4627 tum
2414 4581 2455 4633 D

2414 4581 2455 4633 D
2486 4578 2576 4627 καὶ
2624 4574 2976 4644 σπερμαίνειν
3020 4577 3139 4637 ταῖς
3196 4574 3410 4641 γυναιξὶ
3460 4573 3765 4641 συμϐαίνει.
3818 4572 3961 4641 Περί
4004 4589 4056 4623 τε

818 4684 885 4721 an
948 4667 1055 4734 jam
1101 4668 1490 4734 conceperint,
1557 4666 1730 4735 deque
1806 4667 1925 4719 aliis
1989 4668 2377 4735 prmgnantium

819 4759 1214 4813 aﬂ'ectionibus.
1253 4760 1326 4812 De
1358 4772 1486 4813 cura
1513 4758 1639 4811 item
1674 4774 1736 4811 ac
1776 4758 2139 4811 sollicitudine
2185 4757 2251 4809 iis
2287 4756 2382 4809 ad-

820 4851 1076 4914 hibenda,
1110 4860 1219 4903 ttnn
1260 4864 1379 4917 qua}
1417 4851 1585 4918 magis
1624 4850 1687 4901 ad
1722 4849 2037 4917 pariendum
2073 4858 2229 4916 aptae,
2264 4863 2383 4916 qure

822 4944 1055 5011 inept-.12;
1124 4944 1189 4997 de
1223 4958 1365 5011 aegro
1420 4954 1600 5009 partu,
1650 4954 1702 4997 et
1738 4958 1854 5011 quae
1884 4953 2077 5009 praeter
2133 4953 2379 4995 naturam

822 5043 1155 5096 nascuntur;
1212 5033 1277 5085 de
1331 5031 1553 5085 infantis
1602 5032 1934 5093 exsectione,
1965 5039 2017 5084 et
2052 5032 2260 5085 delectu
2300 5047 2383 5085 sc-

821 5123 1029 5185 Clltltla’,
1073 5139 1167 5177 seu
1197 5124 1505 5176 secundarii
1546 5124 1829 5176 involucri.
1871 5121 2077 5187 Quibus
2141 5124 2265 5175 item
2319 5123 2383 5176 de

822 5218 999 5269 causis
1025 5217 1105 5269 vir
1149 5226 1241 5268 aut
1265 5217 1459 5269 femina
1491 5216 1701 5270 steriles
1735 5216 1862 5269 sint.
1908 5213 2104 5266 llorum
2142 5214 2379 5267 omnium

824 5308 1202 5375 praadictorum
1237 5308 1470 5362 remedia
1508 5308 1605 5361 hoc
1630 5307 1765 5361 libro
1793 5316 2161 5369 recensentur,
2198 5316 2254 5357 ut
2285 5321 2381 5373 po-

827 5399 1018 5463 tiones,
1054 5399 1193 5466 pessi
1230 5409 1284 5452 et
1322 5398 1527 5452 suﬂittts
1586 5400 1648 5451 ad
1678 5398 2108 5467 concipiendum.
2153 5396 2287 5450 llinc
2317 5396 2382 5449 de

828 5491 1076 5554 uberum,
1111 5505 1571 5557 mannnarumque
1628 5488 1828 5541 morbis
1884 5486 2133 5541 onmibus
2183 5500 2380 5539 conve-

2484 4667 2777 4736 κυοφορίας
2833 4666 3031 4725 αὐτῶν,
3078 4664 3202 4737 [297
3249 4664 3339 4736 IL]
3390 4667 3482 4718 καὶ
3539 4664 3899 4734 σημειώσεως
3958 4666 4060 4717 τῶν

2480 4759 2800 4827 πεφυκυιῶν
2834 4757 3137 4820 συλλαϐεῖν,
3168 4758 3261 4809 καὶ
3289 4759 3336 4808 εί
3363 4758 3462 4825 ἤδη
3495 4757 3807 4808 συνέλαϐον·
3846 4760 3945 4809 καὶ
3968 4760 4061 4809 ὅσα

2480 4850 2612 4903 ἄλλα
2646 4852 2763 4910 ταῖς
2797 4848 3192 4918 κυοφορούσαις
3224 4849 3369 4916 πάθη
3403 4849 3734 4915 ἐπιγίνεται·
3771 4847 3807 4916 ἦ
3838 4864 3902 4899 τε
3942 4848 4063 4918 περὶ

2482 4941 2649 5002 αὐτάς
2688 4940 3003 5009 ἐπιμέλεια,
3036 4939 3131 4992 καὶ
3164 4942 3309 4991 ποῖαι
3345 4939 3543 5008 μᾶλλον
3581 4938 3886 5006 ἐπιτήδειοι
3932 4940 4061 5009 πρὸς

2481 5033 2657 5097 τόκον,
2696 5034 2844 5083 ποῖαι
2894 5032 2950 5083 δὲ
3000 5032 3390 5100 ἀνεπιτήδειον
3425 5033 3518 5083 καὶ
3563 5030 3691 5099 περὶ
3748 5029 4060 5092 δυστοκίας,

2483 5124 2577 5174 καὶ
2608 5125 2706 5174 ὅσα
2738 5122 2889 5191 παρὰ
2920 5122 3080 5190 φύσιν
3110 5123 3372 5184 τίκτεται,
3407 5121 3535 5190 περί
3563 5136 3622 5171 τε
3652 5119 4062 5188 ὲμϐρυοτομίας

2485 5217 2578 5269 καὶ
2613 5215 2905 5283 ἐκλείψεως
2939 5216 3121 5285 χορίου
3148 5231 3160 5244 ο
3194 5215 3288 5267 καὶ
3318 5214 3459 5265 κατά
3491 5215 3663 5275 πόσας
3705 5211 3892 5273 αἰτίας
3927 5214 4062 5277 ἀνὴρ

2488 5309 2580 5360 καὶ
2615 5306 2751 5375 γυνὴ
2798 5306 2893 5374 τῆς
2924 5306 3263 5367 παιδοποιίας
3310 5304 3703 5372 στερίσκονται.
3738 5301 3971 5354 Πάντων
4010 5302 4061 5351 δὲ

2489 5398 2772 5470 θεραπεῖαι
2800 5398 2907 5450 τῶν
2936 5400 3053 5468 είρη
3064 5399 3238 5467 μένων
3272 5399 3327 5449 ἐν
3354 5395 3526 5464 τούτῳ
3553 5394 3629 5464 τῷ
3657 5395 3803 5463 λόγῳ
3836 5393 4059 5445 καταλέ-

2489 5505 2697 5556 γονται,
2748 5489 2837 5539 καὶ
2880 5487 3097 5557 πόματα
3133 5488 3227 5540 καὶ
3270 5486 3459 5538 πεσσοὶ
3496 5487 3589 5539 καὶ
3632 5482 4060 5552 ὑπθυμιὰματα

2131 5638 2366 5693 νΑιιιιΕ
2405 5637 2810 5695 LECTIONES.

899 5764 918 5794 ³
942 5764 1272 5835 ἀρμόζουσαι
1308 5779 1368 5826 ς.
1444 5764 1459 5793 ³
1495 5760 1619 5830 περὶ
1642 5759 1763 5814 add.
1798 5758 1865 5810 Α.

1940 5759 1959 5788 ⁸
1986 5755 2353 5824 ἁνευρύμιιτος
2384 5771 2416 5817 ς
2431 5796 2442 5808 .
