4196 6442
162 422 244 486 733

1204 426 1728 491 BlBLIOTHECA.
1767 455 1837 467 -
1875 431 2037 491 COD.
2072 430 2319 491 CCXXI.

3265 417 3371 482 734

162 534 486 601 συλληπτικά.
533 536 773 590 Ἐκεῖθεν
815 553 875 590 τε
906 537 1035 609 περὶ⁵
1074 537 1184 591 τῶν
1226 540 1287 592 ἐν
1325 543 1443 603 τοῖς
1481 544 1708 610 μαστοῖς
1732 552 1819 612 Al

1732 552 1784 612 Α
1810 543 1978 597 nienti
2009 544 2133 597 huic
2159 544 2263 597 arti
2295 542 2518 597 scientia
2562 545 2882 609 pertractat,
2916 549 3210 602 eorumque
3239 548 3369 588 ccn-

158 627 321 680 παθῶν
372 628 626 682 ἁπάντων
686 630 822 699 μετὰ
876 630 976 699 τῆς
1026 630 1341 702 πρεπούσης
1403 635 1470 704 τῇ
1530 632 1697 703 τέχνῃ

160 721 316 787 σοφίας
344 721 606 790 διηγεῖται
627 761 642 785 ,
676 722 963 784 συστάσεις
996 740 1056 775 τε
1084 723 1288 776 τούτων
1325 726 1421 777 καὶ
1457 724 1700 792 γενέσεις

160 814 236 865 καὶ
275 814 608 882 χειρουργίας
656 812 750 866 καὶ
779 814 877 883 τὴν
903 815 923 845 ⁶
956 814 1121 884 ἄλλην
1153 817 1491 882 συνυφαίνων
1532 815 1699 885 θερα-

161 906 309 958 πείαν.
361 905 497 957 Μεθ’
543 904 578 958 ά
611 906 631 935 ⁷
668 907 793 973 περὶ
840 905 948 959 τῶν
997 908 1141 960 κατὰ
1192 907 1479 977 διαφόρους
1522 907 1701 969 αἰτίας

169 997 482 1065 ὲπεχομένων
509 999 630 1058 ταῖς
651 997 896 1063 γυναιξὶν
920 999 1177 1067 ἐμμήνων
1206 998 1544 1067 καθάρσεων,
1572 997 1701 1068 περί

162 1106 208 1140 τε
254 1088 705 1158 ὑπερκαθάρσεως
759 1091 852 1140 καὶ
916 1092 1225 1157 γυναικείου
1292 1090 1424 1159 ροὖ,
1484 1092 1578 1145 τοῦ
1640 1108 1700 1144 τε

160 1179 357 1245 ἐρυθροῦ
389 1181 483 1231 καὶ
514 1179 606 1231 τοῦ
640 1179 833 1233 λευκοῦ
854 1221 868 1245 ,
904 1182 1030 1251 περί
1078 1199 1136 1234 τε
1186 1182 1481 1249 ὑστερικῆς
1510 1184 1702 1249 πνιγὸς

162 1272 381 1339 καὶπερὶ
433 1274 750 1343 γονορροίας
803 1276 1193 1345 διαλαμϐάνει,
1239 1276 1338 1345 τὴν
1386 1278 1592 1329 τούτων
1640 1274 1701 1332 εὖ

165 1364 284 1429 μάλα
335 1364 593 1428 διατιθεὶς
623 1367 644 1397 ⁸
676 1367 988 1435 θεραπείαν·
1047 1370 1141 1421 καὶ
1190 1370 1319 1438 περὶ
1366 1370 1474 1422 τῶν
1528 1371 1705 1424 ἄλλων

164 1451 244 1517 τῆς
276 1454 480 1522 μήτρας
511 1456 865 1507 παντοδαπῶν
899 1457 1106 1520 παθῶν,
1132 1457 1533 1525 ἀποστημάτων
1558 1458 1704 1526 λέγω

164 1543 238 1594 καὶ
260 1543 539 1612 οἰδήματος
566 1546 656 1596 καὶ
684 1546 855 1613 μύλης
882 1548 975 1598 καί
1010 1546 1257 1616 ὕδρωπος
1280 1549 1371 1599 καὶ
1396 1547 1587 1608 ἕλκους
1611 1549 1705 1601 καὶ

162 1634 254 1685 τῶν
282 1636 674 1705 παραπλησίων
694 1654 707 1665 ·
735 1638 792 1688 ἐν
824 1632 906 1700 οἷς
934 1638 1061 1707 περί
1085 1655 1143 1691 τε
1171 1637 1461 1708 φιμώσεως
1493 1641 1703 1709 μήτρας

165 1727 243 1777 καὶ
266 1728 491 1796 άτρήτου
522 1728 753 1796 ὑστέρας
783 1729 878 1779 καὶ
910 1728 1015 1780 τῶν
1045 1730 1441 1799 παραπλησίων
1475 1730 1704 1794 ἐπεξιὼν

162 1818 335 1883 γράφει
370 1819 577 1871 τούτων
616 1819 931 1889 θεραπείας.
965 1822 1098 1888 Περί
1123 1838 1183 1873 τε
1212 1824 1583 1891 νυμφοτομίας
1613 1825 1706 1877 καὶ

1800 635 2131 697 stitutiones,
2166 646 2338 698 ortus,
2369 632 2719 701 chirurgiam,
2773 630 3015 695 aliaeque
3064 627 3370 681 curationes

1800 724 2010 779 attexit.
2047 722 2172 777 Mox
2207 724 2272 775 de
2314 723 2481 774 variis
2508 721 2615 789 agit
2642 719 2843 781 causis,
2895 732 2995 770 cur
3055 716 3109 768 in
3144 715 3363 769 feminis

1802 826 2079 871 menstrua
2106 815 2329 869 sistatur
2358 812 2627 882 purgatio.
2667 812 2740 869 De
2770 810 2935 862 nimia
2971 823 3187 877 quoque
3221 822 3370 859 men-

1803 909 1946 962 sium
2011 908 2355 976 purgatione,
2381 914 2434 958 et
2466 903 2715 957 muliebri
2751 902 2894 955 ﬂuxu
2948 900 3146 967 partim
3181 899 3366 963 rubro,

1804 1000 1999 1068 partim
2038 998 2158 1051 albo
2198 1016 2211 1051 :
2250 1007 2358 1049 tum
2392 997 2458 1049 tle
2497 994 2637 1047 uteri
2672 992 3121 1061 strangulatione,
3170 987 3239 1043 de
3277 1003 3367 1040 se-

1813 1088 1975 1142 minis
2008 1089 2191 1154 llnxu;
2226 1087 2513 1143 admodum
2545 1085 2680 1139 bona
2711 1084 2793 1137 his
2827 1092 3025 1135 statuta
3062 1081 3365 1134 curatione.

1801 1179 1881 1233 Ad
1904 1180 2036 1233 alias
2063 1194 2276 1248 quoque
2307 1178 2561 1231 matricis
2596 1176 2774 1229 varias
2820 1174 2991 1242 pergit
3038 1170 3371 1229 :iﬂectiones,

1803 1280 1933 1341 puta
1999 1280 2372 1338 apostemata,
2430 1278 2717 1326 tumorem,
2776 1264 2992 1327 molam,
3058 1263 3373 1331 hydropem,

1805 1366 2008 1427 ulcera,
2040 1371 2094 1415 et
2142 1362 2193 1414 id
2226 1374 2395 1429 genus
2434 1359 2583 1411 alia:
2622 1356 2709 1409 ubi
2758 1358 2822 1408 de
2856 1366 3009 1407 utcro
3068 1355 3369 1413 obstructo,

1806 1471 1909 1508 non
1946 1455 2243 1524 perforato,
2276 1453 2499 1519 aliisque
2543 1450 2809 1504 similibus
2859 1448 3087 1507 locutus,
3155 1446 3374 1498 medici-

1807 1562 1905 1601 nas
1966 1562 2183 1615 quoque
2244 1546 2451 1611 adjicit.
2513 1543 2642 1597 Item
2692 1544 2757 1593 de
2811 1540 3057 1609 nytnpha:
3114 1540 3371 1597 sectione,

1806 1643 1999 1705 cauda,
2036 1644 2280 1694 varicosa
2319 1639 2530 1701 heruia,
2592 1634 2810 1705 thymis,
2844 1632 3215 1696 similibusque
3246 1629 3375 1695 agit,

1805 1744 1859 1787 et
1893 1734 2080 1785 eadem
2116 1732 2182 1785 iis
2219 1732 2467 1783 methodo
2498 1727 2730 1780 remedia
2768 1724 3087 1793 prmscribit.
3152 1722 3245 1774 llis
3296 1721 3376 1771 fa-

1808 1826 1931 1885 ciei,
1991 1834 2420 1888 cmterarumque
2494 1816 2737 1886 corporis
2802 1817 3030 1883 partium
3082 1820 3375 1876 smeginata

162 1911 272 1975 περὶ
299 1909 619 1980 κερκώσεως
662 1912 995 1981 κιρσοκήλης
1031 1930 1088 1965 τε
1118 1913 1212 1966 καὶ
1249 1912 1435 1984 θύμων
1470 1916 1562 1967 καὶ
1596 1918 1703 1968 τῶν
1734 1917 1773 1971 Β
1801 1914 1819 1982 j

1734 1917 1773 1971 Β
1801 1914 1994 1983 jungit,
2023 1925 2077 1967 et
2113 1912 2344 1966 sullitum
2397 1908 2835 1975 compositiones.
2898 1904 3075 1971 Atque
3132 1903 3218 1955 hic
3261 1901 3377 1951 nni-

159 2002 335 2067 ὁμοίων
359 2003 501 2054 κατὰ
521 2002 620 2069 τὴν
650 2002 769 2070 ἴσην
800 2002 1020 2069 μέθοδον
1048 2003 1144 2064 τὰς
1176 2004 1345 2066 ἰάσεις
1371 2006 1699 2074 ἀναγράφει.

162 2088 241 2153 Ui;
269 2093 567 2162 σμήγματά
594 2110 651 2145 τε
690 2093 863 2161 ὅψεως
896 2095 988 2145 καὶ
1015 2093 1107 2145 τοῦ
1140 2096 1298 2147 ἄλλου
1331 2096 1577 2163 σώματος
1607 2100 1702 2150 καὶ

1811 2020 2027 2057 versum
2099 2004 2319 2056 medica:
2359 1997 2632 2053 facultatis
2665 2011 2801 2065 opus
2836 2009 2992 2049 suum
3046 1992 3234 2045 Aetius
3281 1990 3373 2043 ab—

1807 2096 1985 2150 sttlvll.

160 2184 498 2253 θυμιαμάτων
540 2186 829 2248 σκευασίας
860 2184 987 2255 [577
1023 2185 1114 2258 8.]
1148 2189 1445 2251 συντάττει,
1480 2189 1539 2240 τὸ
1580 2190 1699 2241 ὅλον
1736 2187 1969 2241 ἐνταῦθα
1992 2187 2090 2258 τῆς
2125 2183 2551 2253 σπουδασθείσης
2620 2178 2767 2249 αὐτῷ
2811 2178 3058 2249 ἰατρικῆς
3115 2195 3373 2251 πραγμα-

160 2277 287 2340 τείας
315 2280 800 2347 συμπερανάμενος
834 2280 1057 2348 βιϐλίον.

221 2373 319 2423 Καὶ
344 2375 444 2425 ὅσα
478 2390 541 2439 γε
572 2373 669 2443 ἐμέ
701 2374 920 2436 εἰδέναι,
952 2377 981 2427 ό
1012 2376 1370 2442 προκείμενος
1403 2375 1493 2429 τοῦ
1524 2376 1717 2445 ἀνδρὸς

1879 2375 2077 2443 181a
2127 2372 2226 2438 Qui
2274 2372 2490 2443 quidem
2542 2367 2702 2435 hujus
2762 2368 2863 2420 viri
2895 2368 3044 2420 labor
3089 2367 3374 2436 (quantum

162 2462 301 2523 πόνος
345 2464 453 2515 τῶν
515 2464 613 2532 μὲν
659 2465 995 2533 Ὀρειϐασίου
1042 2466 1332 2532 συνόψεων.
1371 2468 1437 2535 ἦν
1478 2485 1537 2519 τε
1584 2469 1720 2536 πρὸς
1816 2488 1819 2508 ι

1717 2487 1720 2495 ι
1816 2479 1915 2532 ego
1932 2476 2259 2531 cognoscere
2291 2462 2462 2531 potui)
2497 2459 2731 2513 Oribasii
2756 2472 3036 2529 synopses,
3064 2458 3177 2510 sive
3218 2472 3374 2525 quam

160 2554 434 2606 Εὑστάθιον
486 2554 579 2607 καὶ
606 2554 673 2624 ῆν
705 2556 839 2624 πρὸς
871 2555 1138 2609 Εὖνάπιον
1170 2556 1396 2627 ἔγραψε,
1440 2562 1551 2621 τοῖς
1583 2563 1717 2613 πᾶσι

1820 2555 2118 2617 Eustathio,
2154 2554 2269 2606 sive
2301 2569 2463 2621 quam
2517 2552 2758 2618 Eunapio
2810 2547 3106 2617 inscripsit,
3145 2548 3195 2600 in
3257 2563 3374 2598 οηι-

160 2647 360 2707 κρατεῖ’
393 2644 747 2711 αἰτιολογίαις
776 2662 835 2697 τε
864 2648 973 2714 γὰρ
1000 2646 1221 2715 προέχει
1257 2648 1352 2699 καὶ
1394 2648 1717 2714 διαγνώσεσι

1818 2645 1973 2697 nibus
1994 2652 2229 2711 superat.
2268 2644 2447 2703 Neque
2477 2642 2620 2695 enim
2652 2656 2715 2695 eo
2733 2640 2901 2693 solum
2931 2638 3205 2708 praecedit,
3236 2637 3376 2705 quod

158 2735 241 2784 καὶ
271 2732 607 2800 προγνώσεσι
635 2735 729 2785 καὶ
748 2736 1186 2804 προσδιορισμοῖς
1213 2737 1307 2788 καὶ
1330 2736 1407 2803 τῷ
1429 2738 1528 2804 τῆς
1560 2736 1720 2806 θερα-

1826 2750 2016 2790 causas
2044 2736 2253 2796 reddat,
2282 2734 2530 2803 quodque
2558 2733 2884 2793 dinotiones,
2922 2730 3289 2799 pernotiones,
3318 2745 3379 2781 ac

158 2824 298 2887 πείας
355 2826 564 2879 πλάτει.
595 2825 669 2880 Οὐ
706 2826 909 2878 τούτων
941 2827 993 2879 δὲ
1019 2827 1176 2895 μόνον
1208 2828 1265 2878 ἐν
1299 2829 1535 2898 ὑπεροχῇ
1587 2829 1717 2896 ὁρᾶ-

1714 2858 1717 2868 ι
1824 2826 2164 2878 delinitiones
2202 2823 2387 2877 afferat
2418 2840 2431 2878 :
2468 2838 2655 2877 verum
2688 2837 2752 2873 eo
2809 2823 2994 2884 etiam,
3035 2820 3175 2889 quod
3212 2836 3371 2873 cura-

156 2932 253 2976 ται,
314 2916 447 2969 ἀλλὰ
499 2919 591 2969 καὶ
626 2919 791 2986 ῆτις⁹
838 2918 985 2985 αὐτῷ
1040 2917 1147 2969 τῶν
1204 2917 1442 2987 Γαληνοῦ
1497 2919 1717 2987 βιϐλίων

1823 2920 1995 2970 tiones
2028 2916 2295 2983 copiosius
2346 2916 2541 2967 tradat.
2579 2912 2759 2980 Neque
2803 2927 3013 2965 rursum
3071 2912 3169 2964 hos
3223 2910 3381 2962 modo

159 3006 362 3073 σύνοψις
410 3008 796 3077 ἐφιλοπονήθη,
859 3008 951 3060 καὶ
1004 3007 1207 3078 ταύτης
1243 3010 1531 3079 ἐπικρατεῖ
1552 3010 1627 3079 τῷ
1654 3027 1715 3063 τε

1824 3016 2083 3059 tractatus
2105 3006 2434 3073 conspicitur
2456 3019 2731 3072 superare,
2776 3004 2865 3057 sed
2894 3015 2947 3056 et
2986 3018 3317 3071 qumcunque
3349 3021 3377 3055 c

156 3100 225 3161 είς
274 3100 531 3153 ἐλάττονα
580 3102 741 3166 δγκον
788 3100 995 3169 ταύτην
1051 3092 1448 3163 συνεστάλθαι,
1502 3103 1597 3155 καὶ
1639 3102 1717 3171 τῷ
1750 3161 1785 3171 _

1750 3161 1785 3171 _
1823 3098 2027 3152 Caleno
2051 3098 2136 3151 ille
2162 3100 2214 3151 in
2247 3098 2513 3163 epitomen
2538 3104 2791 3149 accurate
2814 3094 3020 3160 redegit
3054 3118 3065 3148 ;
3102 3104 3213 3147 tum
3240 3096 3376 3161 quod

160 3192 480 3262 σαφεστέραν
530 3161 792 3261 παρέχειν
851 3161 960 3261 τὴν·
997 3192 1366 3257 διδασκαλίαν,
1424 3161 1517 3247 καὶ
1548 3195 1591 3225 ⁸⁸
1635 3161 1714 3263 1:th
1744 3161 1786 3218 α

1744 3161 1786 3218 C
1823 3189 2025 3257 majore
2075 3204 2197 3242 cum
2235 3188 2625 3256 perspicuitate
2680 3201 2830 3239 suam
2895 3185 3193 3239 doctrinam
3251 3200 3378 3254 pro-

156 3284 269 3350 περὶ
315 3282 579 3335 πλειόνων
625 3282 811 3334 παθῶν
868 3282 1253 3352 διαλαμϐάνειν
1285 3282 1489 3352 ταύτην
1516 3284 1715 3353 μᾶλλον

154 3372 180 3439 ἢ
212 3374 437 3443 ἐκείνην.
508 3374 618 3441 Τῆς
646 3374 803 3439 δέτῷ
834 3373 983 3443 αὐτῷ
1045 3375 1200 3445 ἀνδρὶ
1233 3376 1311 3437 εἰς
1343 3376 1715 3445 ἐϐδομήκοντα

156 3460 321 3527 βιϐλία
378 3464 817 3531 συντεταγμένης
843 3462 941 3532 τὴν
964 3462 1127 3531 ἄλλην
1170 3464 1405 3532 ἅμιλλαν
1432 3466 1531 3516 οὐκ
1556 3466 1715 3517 εὐλα-

154 3549 398 3619 ϐουμένη,
425 3555 559 3614 ῖσως
586 3552 652 3605 ἂν
684 3554 1013 3624 ἐλαττωθείη
1037 3550 1117 3616 οἷς
1145 3572 1202 3606 τε
1228 3555 1297 3607 τὰ
1320 3559 1415 3624 τῆς
1458 3556 1714 3625 ἀνατομι-

154 3642 245 3709 κῆς
304 3644 660 3713 ἐγχειρίσεως
686 3644 758 3714 μὴ
794 3646 1259 3715 παραδραμούσης
1312 3647 1526 3717 ἐκείνης
1578 3649 1717 3718 αὓτη

154 3735 481 3803 παρατρέχει
516 3773 531 3793 ,
594 3734 685 3787 καὶ
744 3733 843 3805 τὴν
894 3734 1125 3806 θεωρίαν
1189 3738 1287 3806 τῆς
1344 3738 1451 3789 τῶν
1512 3738 1719 3809 μορίων

153 3822 342 3890 χρείας,
401 3825 693 3894 φιλοσόφου
747 3826 943 3895 μᾶλλον
990 3826 1154 3879 οὖσαν
1208 3828 1501 3897 σπουδῆςῆ
1552 3829 1715 3898 θερα-

154 3915 295 3975 πείας
321 3902 506 3984 ἔργον.
529 3917 791 3981 ὡσαύτως
822 3918 1086 3988 παρῆλθε.
1117 3921 1242 3982 Τοῖς
1279 3921 1459 3983 αὐτοῖς
1494 3921 1549 3973 δὲ
1588 3921 1715 3974 τού-

152 4022 251 4068 τοις
276 4008 369 4059 καὶ⁵
392 4009 496 4075 τῆς
522 4010 925 4080 προειρημένης
957 4010 1065 4063 τῶν
1094 4012 1396 4081 Γαληνείων
1450 4013 1721 4081 συνόψεως

151 4096 236 4147 τοῦ
288 4102 515 4166 κρατεῖν
575 4099 641 4151 ἂν
719 4100 1153 4171 ὑπαναχωροῦσα
1211 4102 1317 4170 εἴη.
1386 4102 1545 4155 Ἀλλὰ
1614 4104 1722 4173 γὰρ

151 4186 309 4255 ἔγωγε
341 4190 514 4258 φαίην
548 4190 613 4242 ἂν
639 4190 714 4253 ὼς
754 4191 893 4244 κατὰ
921 4192 1018 4260 τὴν
1058 4192 1338 4263 παροῦσαν
1366 4196 1473 4247 τῶν
1506 4196 1720 4268 ἀνθρὼ-

152 4297 258 4332 πων
316 4282 597 4352 ῥᾳθυμίαν
636 4284 731 4335 καὶ
779 4284 876 4353 τὴν
906 4285 1032 4354 περὶ
1061 4285 1129 4336 τὰ
1163 4286 1296 4339 ἄλλα
1324 4287 1523 4350 μᾶλλον
1548 4286 1723 4358 ὁρμὴν

152 4372 178 4438 ἦ
212 4374 331 4441 περί
359 4367 435 4425 ὧν
473 4376 507 4443 ἠ
541 4374 797 4444 θεραπεία
848 4376 1213 4447 κατορθωθείη
1281 4381 1394 4441 τοῖς
1431 4380 1720 4448 κάμνουσι,

150 4461 339 4529 ταύτην
374 4466 439 4515 ἐκ
452 4464 687 4534 μελετᾷν
718 4469 816 4533 τὴν
844 4467 1159 4535 συναγωγὴν
1183 4468 1291 4521 τῶν
1320 4468 1492 4522 ἄλλων
1520 4469 1724 4538 μᾶλλον

1756 4508 1802 4565 D

1818 3290 1996 3349 ponat,
2030 3290 2142 3333 turn
2178 3281 2493 3348 etiamquod
2519 3280 2583 3331 de
2614 3279 2853 3347 pluribus
2905 3288 3025 3347 agat
3060 3279 3281 3332 morbis.
3313 3280 3376 3331 At

1820 3387 1943 3425 cum
1978 3370 2215 3423 Oribasii
2266 3371 2605 3433 collectione,
2660 3386 2777 3439 qure
2828 3370 3163 3439 septuaginta
3213 3370 3379 3423 libros

1817 3464 2213 3532 complectitur,
2246 3465 2585 3517 committere
2624 3479 2680 3517 se
2712 3478 2870 3517 ausus
2929 3464 3064 3517 Aetii
3102 3464 3270 3527 labor,
3304 3465 3379 3514 in-

1819 3555 1989 3608 l‘erior
2044 3554 2275 3609 fortasse
2300 3554 2611 3622 indicetur:
2652 3565 2763 3607 tum
2796 3554 2937 3622 quod
2994 3556 3377 3607 tractationem

1821 3647 1887 3699 de
1923 3647 2197 3705 anatomia
2231 3656 2539 3715 praetereat,
2566 3661 2729 3714 quam
2764 3646 2849 3697 illa
2887 3646 3176 3714 explicavit
3207 3662 3219 3697 :
3263 3653 3375 3696 tum

1820 3741 1960 3807 quod
1984 3740 2471 3793 considerationem
2503 3740 2569 3793 de
2614 3754 2709 3791 usu
2746 3740 2997 3805 partium,
3050 3754 3169 3807 qua!
3201 3740 3373 3808 philo-

1820 3830 1973 3897 sephi
1999 3830 2176 3898 potius
2203 3839 2343 3893 eral,
2370 3846 2527 3899 quam
2565 3831 2752 3883 medici
2772 3831 3011 3883 curantis
3040 3846 3191 3899 Opus,
3226 3830 3377 3883 simi-

1824 3921 1945 3973 liter
1978 3921 2064 3974 hic
2114 3922 2481 3988 przetermisit.
2526 3920 2664 3985 Quin
2697 3932 2749 3975 et
2777 3923 2989 3974 easdem
3044 3922 3267 3975 forsitan
3304 3922 3375 3975 ob

1821 4026 2013 4066 causas
2075 4012 2320 4065 nonnihil
2370 4012 2548 4075 cedat,
2596 4023 2654 4065 ut
2706 4013 2879 4065 minus
2938 4012 3077 4065 illam
3110 4027 3139 4065 e
3193 4011 3377 4066 Galeni

1823 4104 2040 4172 scriptis
2066 4104 2348 4159 collectam
2371 4104 2661 4171 epitomam
2695 4104 2898 4157 vincat.
2935 4104 3126 4157 Verum
3150 4106 3378 4156 dist-riui

1823 4196 2069 4260 equidem
2128 4192 2522 4261 (animadversa
2581 4208 2698 4258 qua:
2754 4208 2894 4246 nunc
2966 4203 3049 4247 est
3106 4195 3380 4247 hominum

1827 4284 2175 4354 negligentia,
2207 4294 2260 4338 et
2292 4283 2643 4337 inclinatione
2695 4286 2901 4353 majore
2936 4286 2985 4336 in
3033 4284 3134 4336 alia
3172 4286 3373 4344 omnia,

1827 4388 1987 4441 quam
2020 4376 2069 4426 in
2095 4390 2179 4439 ea,
2214 4374 2411 4443 quibus
2458 4390 2728 4441 aegrorum
2776 4376 2984 4429 curatio
3039 4376 3375 4444 perﬁciatur)

1828 4466 1966 4519 banc
1993 4466 2364 4521 collectionem
2401 4482 2512 4535 pra:
2539 4466 2658 4519 aliis
2681 4469 2897 4534 scriptis
2928 4469 2981 4519 in
3017 4482 3170 4520 nsum
3204 4468 3374 4520 detin-

152 4554 580 4623 σπουδασμάτων
626 4555 751 4625 χρὴ,
808 4558 1042 4625 μάλιστά
1066 4576 1126 4626 γε
1164 4559 1308 4622 ὅσοις
1366 4559 1441 4630 μὴ
1504 4561 1641 4629 πρὸς
1664 4560 1725 4613 τὸ
1756 4554 1795 4565 ⁷

1723 4588 1725 4604 ι
1756 4554 1795 4565 ⁷
1830 4558 1995 4611 cenda
2018 4576 2031 4610 :
2058 4559 2123 4611 iis
2158 4560 2485 4626 praesertim,
2528 4558 2725 4625 quibus
2784 4559 3171 4612 abstrusiorem
3210 4559 3380 4610 medi-

152 4642 299 4709 βάθος
360 4646 465 4713 τῆς
526 4647 778 4717 ἰατρικῆς
812 4648 1043 4719 θεωρίας
1088 4650 1277 4703 ἐλάσαι
1316 4650 1408 4702 καὶ
1451 4651 1549 4721 τὴν
1582 4653 1723 4703 κατὰ

150 4736 489 4803 φυσιολογίαν
554 4739 746 4804 σοφίαν
772 4755 827 4790 τε
862 4741 955 4792 καὶ
1004 4739 1262 4807 ἀλήθειαν
1326 4741 1525 4801 σκοπός
1574 4743 1721 4793 ἐστιν

149 4824 405 4892 ἀνευρεῖν,
449 4826 595 4896 πρὸς
633 4828 799 4895 μόνην
834 4828 889 4880 δέ
918 4828 1013 4897 τὴν
1040 4829 1144 4880 τῶν
1168 4828 1292 4900 {298
1321 4828 1413 4899 HJ
1449 4828 1721 4899 σωμάτων

150 4912 436 4980 θεραπείαν
468 4919 503 4984 ὴ
536 4916 796 4985 πρόθεσις
858 4920 1055 4988 ἀφορᾷ,
1110 4919 1204 4971 καὶ
1272 4920 1432 4989 μηδὲν
1460 4920 1567 4972 τῶν
1594 4921 1721 4991 περὶ

150 5004 307 5075 αὐτὴν
332 5007 425 5059 ἐπὶ
468 5006 578 5075 τῆς
604 5006 789 5076 χρείας
819 5008 1083 5077 ὑστερεῖν.
1112 5010 1236 5070 Τοῖς
1270 5010 1375 5080 γὰρ
1414 5011 1511 5073 τὰς
1552 5011 1721 5073 ἰάσεις

152 5096 308 5147 νόσων
357 5098 665 5160 ἀπελάσεις
740 5099 1013 5167 ἑλομένοις
1065 5100 1379 5170 ἐμφανίζειν
1427 5102 1495 5153 δι’
1540 5104 1718 5172 ἔργων

148 5186 294 5240 τοῦτο
316 5191 376 5242 τδ
413 5189 633 5259 βιϐλίον
678 5190 953 5259 ἐπιμελῶς
982 5190 1452 5260 μεταχειρίζεσθαι
1496 5193 1593 5257 δεῖ,
1628 5194 1720 5247 καὶ

148 5279 235 5343 τὴν
258 5281 450 5353 σχολὴν
486 5284 575 5344 είς
599 5282 733 5334 αὐτὸ
766 5283 1165 5353 συντεταμένην
1190 5284 1227 5313 ¹¹
1282 5283 1445 5351 ἔχειν,
1484 5285 1577 5336 καὶ
1602 5286 1629 5337 ὅ
1658 5302 1718 5352 γε

153 5371 373 5435 μεισθεὶς
408 5375 479 5443 τῇ
515 5372 834 5444 παραινέσει
866 5376 923 5427 ἐν
956 5375 1092 5443 αὐτῇ
1134 5376 1199 5445 τῇ
1233 5374 1395 5444 πείρᾳ
1436 5374 1494 5427 τὸ
1536 5377 1725 5446 κέρδος

150 5476 380 5531 ευρησει.

1828 4652 2006 4707 cinam
2024 4653 2277 4717 scrutari,
2297 4663 2387 4705 aut
2404 4652 2749 4721 physiologia?
2766 4651 3005 4704 subsidio
3022 4650 3380 4719 cognitionem

1828 4753 1881 4798 et
1919 4744 2201 4797 veritatem
2232 4743 2509 4811 consequi,
2539 4742 2871 4810 propositum
2910 4756 3014 4793 non
3048 4751 3151 4804 est,
3186 4741 3281 4794 sed
3316 4742 3381 4792 ad

1825 4836 1993 4889 solam
2047 4850 2334 4903 corporum
2393 4834 2723 4888 medicinam
2778 4843 3081 4901 respectum
3159 4834 3380 4894 habere,

1829 4926 2079 4993 nulloque
2111 4925 2251 4994 quod
2278 4925 2343 4979 ad
2376 4925 2491 4993 ejus
2524 4941 2676 4977 usum
2716 4926 2981 4991 pertineat
3010 4924 3251 4978 destitui.
3281 4924 3383 4988 Qui

1828 5019 1967 5071 enim
1987 5020 2158 5086 reipsa
2174 5018 2546 5071 demonstrare
2564 5020 2748 5070 volent
2771 5015 3143 5069 curationibus
3170 5018 3385 5067 morbos

1826 5110 2038 5179 depelli.
2070 5124 2163 5162 eos
2182 5110 2322 5161 hunc
2354 5108 2549 5162 librmn
2574 5108 2822 5160 manibus
2851 5105 3141 5175 diligenter
3187 5115 3381 5168 terere,

1824 5201 2103 5266 eidemque
2147 5214 2366 5267 operam
2407 5216 2469 5252 ac
2524 5198 2766 5251 studium
2829 5210 3031 5248 navare
3090 5194 3380 5261 oportebit.

1830 5290 1926 5345 Cui
1966 5291 2319 5344 admonitioni
2354 5290 2598 5359 quisquis
2640 5286 2871 5354 parebit,
2909 5302 2988 5339 n.1-
3015 5286 3101 5342 ille
3128 5302 3248 5339 mox
3287 5300 3385 5339 ex-

1830 5382 2092 5448 periundo
2130 5379 2330 5432 laboris
2361 5379 2441 5433 sui
2482 5378 2712 5431 fructum
2748 5376 2966 5429 referet.

1407 5608 1665 5696 vanus
1708 5639 2106 5697 LECTIONES.

212 5749 231 5777 ⁸
256 5750 510 5828 καὶ-τὴν]
540 5750 644 5806 κὰν
664 5751 765 5822 τὴν
791 5753 854 5807 Α.
932 5754 951 5787 τ
981 5752 1017 5806 ἃ
1045 5753 1087 5807 Α
1118 5748 1211 5810 ξιξ
1247 5771 1305 5820 ς.
1383 5755 1404 5787 ³
1436 5753 1696 5819 διατεθεὶς
1727 5771 1785 5819 τ.
1860 5757 1880 5788 ⁹
1935 5754 2075 5828 ἥτις]
2108 5757 2237 5819 εἴτις

149 5822 475 5891 τεταγμένην
505 5837 568 5885 ς.

2292 5772 2434 5812 corr.
2467 5758 2532 5813 Α.
2612 5756 2656 5789 ⁸³
2689 5758 2803 5831 καὶ]
2834 5760 2953 5815 libri
2984 5762 3102 5813 κὰν.
3182 5758 3222 5790 ¹⁹
3261 5775 3377 5810 τυν-
