4196 6442
795 425 896 485 735

1473 534 1678 590 CXXII.

1020 624 1164 676 Johii
1196 625 1439 677 monachi
1474 626 1854 680 Commentarii
1889 626 2012 679 libri
2038 642 2113 681 lx.

867 714 1084 767 Lectum
1118 712 1259 766 Jubii
1296 716 1543 767 monachi
1594 730 1731 782 opus
1768 716 1922 768 libris
1951 731 2164 780 novem,
2201 715 2352 783 capi.-

799 805 940 856 tibus
958 818 1084 855 vero
1114 805 1349 870 quinque
1382 804 1595 869 quidem
1635 806 1740 858 illis
1781 820 1937 872 supra
1972 804 2349 872 quadraginta,

794 894 891 945 sed
922 894 1120 959 quibus
1147 894 1247 945 alia
1269 895 1523 947 nonnulla
1554 895 1949 962 iuterjiciantur
1977 913 1991 959 ;
2017 897 2129 962 ipse
2160 904 2353 949 auctor

800 984 1011 1036 titulum
1052 986 1189 1038 libro
1216 986 1406 1038 dedit:
1448 986 1521 1038 De
1566 985 1729 1037 Verbo
1772 986 2051 1038 incuruata
2092 1002 2354 1038 commen—

793 1076 989 1127 mritis.
1026 1075 1315 1143 Propterea
1374 1077 1651 1140 nimirum,
1686 1076 1827 1142 quod
1888 1076 1969 1146 (ut
1998 1076 2097 1147 ait)
2154 1076 2356 1130 multas

800 1167 887 1219 hic
917 1168 982 1220 de
1028 1165 1163 1219 Filio
1198 1169 1288 1220 Dei
1320 1167 1537 1219 homine
1568 1167 1897 1235 qmestiones
1947 1176 2264 1235 pertraclet.
2299 1168 2356 1220 lu

802 1258 1101 1310 tractandis
1135 1258 1298 1325 igitur
1362 1260 1750 1312 controversiis
1799 1260 1865 1327 (si
1922 1260 2224 1326 generatim
2272 1261 2353 1313 lo-

796 1352 1007 1415 quaris)
1044 1365 1148 1401 non
1207 1351 1548 1415 paenitendus
1598 1352 1812 1417 quidem
1861 1351 1946 1404 ille
2013 1360 2113 1415 est,
2146 1360 2238 1403 aut
2270 1366 2357 1405 re-

801 1438 1035 1491 missus:
1098 1449 1148 1491 at
1198 1454 1302 1491 non
1360 1439 1430 1489 ita
1484 1438 1643 1491 etiam
1708 1449 1851 1492 recte
1893 1440 1945 1491 in
1998 1440 2361 1494 solutionibus

800 1529 1068 1594 procedit.
1094 1528 1226 1580 Nam
1260 1538 1318 1581 ut
1348 1529 1580 1582 maxime
1636 1529 1958 1582 solutionem
1990 1530 2043 1582 in
2087 1531 2360 1598 plerisque

800 1618 1068 1687 vestiget:
1119 1618 1171 1671 in
1217 1619 1537 1685 quibusdam
1595 1621 1810 1672 interim
1860 1620 1971 1674 sola
2010 1621 2109 1685 illi,
2167 1622 2359 1690 181b

798 1723 921 1774 quae
954 1719 1200 1775 apparet,
1239 1712 1450 1776 species
1500 1710 1789 1772 satisfacit,
1824 1721 1881 1763 ut
1914 1711 2044 1763 nihil
2074 1711 2237 1764 altius
2295 1710 2361 1763 ad

803 1799 1092 1850 certiorem
1128 1800 1407 1853 veritatem
1444 1808 1691 1867 penetret
1717 1816 1730 1853 :
1760 1801 1887 1867 quin
1916 1812 1968 1854 et
1989 1801 2090 1855 hoc
2112 1799 2364 1854 fortassis

1978 423 2243 485 PHOTII
2286 416 2791 481 ΡΛΤΒῙΑΠΕΗᾹΞ
2829 415 2939 474 CP.

2390 551 2437 605 Α

3922 405 4025 466 736

3125 523 3293 578 EKB'.

2824 621 3051 674 Ἰωϐιου
3088 615 3356 684 μωαχοῦ
3380 614 3547 682 λόγοι
3574 616 3645 668 θ’.

2538 711 2874 782 ’Λνεγνώσθη
2926 710 3126 780 βιϐλίον
3198 708 3399 760 Ἰωϐίου
3452 702 3684 775 μοναχοῦ
3738 702 3800 755 ὲν
3851 701 4028 768 λόγοις

2460 807 2559 876 μὲν
2593 804 2657 869 θ’,
2711 803 3025 870 κεφαλαίοις
3083 801 3141 852 δὲ
3201 806 3250 868 μ’
3275 800 3367 851 καὶ
3391 804 3455 860 ε’,
3505 792 3587 859 οἷς
3638 791 4031 846 συνυποϐἀλλει

2460 900 2553 953 καί
2583 915 2707 949 τινα
2739 898 2920 964 ἔτερα.
2948 894 3060 963 Τὴν
3091 892 3148 945 δὲ
3178 891 3271 944 τοῦ
3298 889 3500 959 βιϐλίου
3528 884 3841 955 ἐπιγραφὴν
3861 886 4033 936 0110-

2458 988 2715 1057 νομικὴν
2740 985 3051 1055 ἐπέγραψεν
3071 984 3100 1035 6
3129 980 3395 1046 συντάξας
3416 976 3848 1045 Πρατματείαν,
3875 973 4031 1035 διότι,

2462 1082 2645 1150 φησὶν,
2689 1082 2747 1132 ὲν
2784 1076 2932 1145 αὺτῷ
2994 1074 3167 1127 πολλὰ
3217 1071 3326 1124 τῶν
3384 1070 3512 1139 περί
3562 1068 3662 1136 τῆς
3719 1064 4036 1131 οἰκονομίας

2462 1174 2773 1242 περιέχεται
2834 1167 3192 1239 ζητημάτων.
3239 1165 3329 1217 Ἐν
3368 1164 3467 1230 μὲν
3504 1160 3598 1213 οὖν
3622 1160 3743 1220 ταῖς
3776 1155 4039 1224 ἀπορίαις

2463 1266 2690 1318 καθόλου
2729 1262 2895 1330 φάναι
2921 1264 2949 1314 6
2974 1258 3325 1328 συγγραφεὺς
3350 1256 3451 1307 οὐκ
3476 1252 3705 1319 ἀγεννής
3735 1251 3889 1300 ἐστιν
3909 1245 4038 1298 οὔτε

2463 1359 2649 1418 ἄτονος
2675 1373 2689 1386 ο
2720 1354 2817 1423 οὐχ
2849 1352 3047 1421 ὁμοίως
3078 1351 3136 1403 δὲ
3189 1348 3279 1401 διὰ
3339 1344 3448 1399 τῶν
3496 1342 3705 1395 λύσεων
3764 1338 4039 1406 πρόεισιν,

2465 1446 2577 1499 ἀλλ’
2609 1446 2666 1495 ἐν
2694 1444 2906 1503 πολλοῖς
2941 1441 3039 1509 μὲν
3064 1436 3364 1508 ίχνηλατῶν
3389 1433 3645 1502 τυγχάνει
3682 1430 3778 1497 τῆς
3804 1427 4037 1491 λύσεως,

2466 1536 2639 1590 ἔστιδ’
2675 1533 2759 1601 ἐφ’
2790 1528 2864 1586 ὧν
2905 1533 3015 1593 τοῖς
3045 1527 3390 1597 φαινομένοις
3417 1525 3687 1593 ἀρκεῖται,
3723 1516 4043 1585 περαιτέρω

2470 1628 2633 1697 μηδὲν
2670 1625 2805 1695 πρὸς
2831 1624 2931 1692 τὴν
2948 1621 3045 1689 τῆς
3068 1617 3323 1687 ἀληθείας
3364 1611 3688 1684 ἐμϐαθύνων
3720 1606 4039 1677 ἀκρίϐειαν.

2468 1719 2620 1785 Τάχα
2656 1716 2700 1767 δ’
2728 1716 2793 1769 ἀν
2841 1730 2925 1775 τις
2973 1711 3161 1779 ἕτερος
3205 1707 3349 1760 εἴποι
3410 1705 3506 1757 καὶ
3558 1701 3653 1754 τοῦ
3714 1698 4045 1769 φαινομένου

2469 1808 2729 1869 πολλάκις
2759 1805 2858 1875 τὴν
2906 1801 3069 1858 αὐτοῦ
3109 1797 3343 1867 σπουδὴν
3366 1792 3743 1862 καθυφίεσθαι.
3767 1789 3882 1856 Τῆς
3910 1788 4045 1856 μέν-

805 1888 947 1941 alius
1000 1889 1272 1958 quispiam
1333 1889 1554 1953 dixerit,
1592 1891 1689 1958 ipsi
1739 1893 1902 1943 etiam
1948 1906 2069 1945 sese
2115 1889 2361 1945 oll‘erenti
2394 1900 2437 1956 Β

2394 1900 2437 1956 Β
2463 1918 2543 1953 τοι
2564 1916 2628 1967 γε
2670 1896 2972 1958 εὐσεϐείας,
3024 1894 3124 1946 ὅσα
3151 1907 3216 1959 γε
3252 1890 3353 1958 ἐμὲ
3377 1886 3601 1945 ειδέναι,
3627 1883 3683 1935 ἑν
3709 1899 3769 1933 τε
3795 1880 3877 1945 τῷ
3901 1896 4042 1949 παρ-

801 1979 1002 2045 speciei
1034 1990 1286 2033 conatum
1302 1980 1419 2047 ejus
1441 1984 1655 2036 cedere.
1691 1982 1801 2036 Etsi
1833 1998 1953 2035 cum
1984 1983 2035 2034 in
2056 1983 2155 2036 hoc
2175 1997 2363 2050 Opere,

806 2081 918 2123 tum
958 2072 1008 2124 in
1055 2087 1121 2125 eo
1150 2073 1292 2140 quod
1322 2082 1514 2126 contra
1546 2072 1807 2127 Severum
1837 2075 2078 2142 scripsit,
2112 2084 2167 2128 et
2204 2084 2367 2129 rectm

806 2163 1084 2230 religionis
1114 2175 1199 2217 est
1248 2164 1410 2233 (quod
1442 2167 1654 2232 quidem
1691 2166 2118 2234 observaverim)
2152 2181 2363 2230 amans,

808 2253 1073 2321 landeque
1100 2255 1313 2323 dignus,
1359 2265 1412 2308 et
1446 2258 1741 2321 diligentiae
1788 2273 1896 2309 non
1953 2258 2369 2311 contemnendae

802 2354 971 2412 atque
1007 2347 1060 2397 in
1085 2361 1365 2399 sacrarum
1392 2356 1652 2415 prtelerea
1678 2345 2079 2413 Scripturarum
2098 2361 2371 2400 commen-

810 2438 1015 2490 tatione
1074 2439 1359 2506 insigniter
1403 2439 1755 2492 exercitatus.
1820 2436 1980 2491 Jnssu
2038 2447 2222 2490 autem
2269 2436 2371 2489 viri

803 2528 1083 2594 cujusdam
1145 2530 1347 2583 virtute
1425 2529 1556 2583 clari
1624 2530 1690 2583 ad
1746 2530 1891 2584 hunc
1965 2544 2085 2584 sese
2136 2529 2376 2583 laborem

807 2634 1122 2687 aggressum
1154 2621 1340 2674 refert.

2466 1993 2579 2045 όντι
2637 1989 2780 2056 λόγῳ
2819 1988 2913 2039 καὶ
2977 1986 3033 2038 ὲν
3074 1986 3140 2053 τῇ
3200 1980 3342 2033 κατά
3391 1977 3632 2046 Σεϐήρου
3687 1972 4047 2043 πραγματείᾳ

2467 2080 2699 2150 ἐραστής
2730 2076 2788 2129 τέ
2813 2079 2959 2129 ἐστιν
2989 2074 3322 2137 ἀξιέπαινος,
3390 2068 3485 2121 καὶ
3514 2065 3575 2119 τὸ
3604 2064 3893 2133 φιλόπονον
3946 2060 4045 2113 οὐκ

2467 2173 2744 2239 ἀδόκιμος,
2791 2166 3011 2235 καὶτῆς
3056 2162 3162 2215 τῶν
3194 2160 3354 2232 ἱερῶν
3386 2156 3620 2228 Γραφῶν
3676 2153 3909 2224 μελέτης
3944 2151 4046 2240 οὐκ

2465 2267 2711 2331 ἄπειρος.
2766 2259 2852 2324 Ἐξ
2909 2257 3279 2323 ἐπιτάγματος
3336 2254 3432 2321 μὲν
3478 2246 3573 2303 οὗν
3613 2247 3758 2307 τινὸς
3803 2244 3914 2297 τῶν
3957 2244 4029 2293 ἐπ

2465 2357 2635 2424 ἀρετῇ
2692 2350 2980 2421 γνωρίμων
3048 2348 3138 2400 τὸν
3185 2345 3542 2416 προκείμενον
3588 2337 3842 2392 ὑπελθεῖν
3883 2333 4044 2386 πόνον

2468 2448 2756 2516 διηγεῖται.

1249 2751 1364 2805 Lib.
1406 2768 1423 2805 ι
1455 2765 1509 2806 et
1531 2769 1589 2806 ll.
1622 2783 1694 2795 —
1726 2752 1834 2807 Cur
1855 2752 1953 2807 Dei
1990 2751 2164 2807 Filius
2201 2795 2215 2819 ,
2242 2769 2343 2806 non
2381 2749 2559 2814 Pater,
2584 2759 2675 2801 aut
2709 2746 2932 2817 Spiritus
2959 2752 3169 2796 sanctus
3197 2740 3365 2808 factus
3402 2738 3595 2791 homo?

876 2869 931 2922 i.
958 2866 1190 2920 Primam
1244 2866 1427 2933 itaque
1473 2865 1735 2919 librorum
1760 2882 1982 2920 suorum
2010 2866 2366 2934 quarstionem

808 2960 1061 3028 proponit
1089 2977 1100 3010 :
1139 2956 1247 3009 Cur
1271 2956 1366 3008 Dei
1396 2955 1571 3010 Filius
1602 2968 1648 3010 et
1691 2975 1793 3011 non
1827 2956 2009 3020 Pater,
2040 2974 2199 3027 neque
2250 2958 2370 3024 Spi-

806 3054 939 3103 rilus
972 3060 1183 3103 sanctus
1212 3050 1497 3101 humanam
1523 3049 1748 3116 formant
1773 3049 2044 3101 induerit?
2076 3050 2227 3117 cujus
2248 3062 2370 3103 esse

804 3144 1121 3211 quzestionis
1193 3141 1514 3195 solutionem
1566 3142 1708 3193 hanc
1767 3141 2079 3193 arbitratur.
2140 3139 2367 3204 Quando

804 3233 975 3285 Filius
1000 3232 1231 3285 Verbum
1260 3240 1419 3283 estet
1472 3231 1633 3283 homo
1682 3228 1864 3281 Verbo
1911 3240 2075 3294 atque
2132 3230 2368 3295 imagine

2545 2861 2775 2931 Πρώτην
2816 2860 2872 2912 δὲ
2908 2858 3117 2924 τίθησιν
3165 2853 3328 2908 αὐτοῦ
3384 2853 3491 2904 τῶν
3512 2853 3683 2917 λόγων
3722 2853 3765 2881 ¹¹
3792 2852 4045 2919 ἀπορίαν,

2472 2954 2575 3005 Διὰ
2631 2953 2687 3003 τί
2719 2954 2749 3003 ὀ
2782 2950 2912 3014 Υίὸς
2954 2947 3080 3018 [580
3104 2944 3194 3015 IL]
3238 2944 3428 3011 καὶμὴ
3479 2946 3511 2995 ὁ
3548 2943 3749 3009 Πατὴρ
3780 2942 3934 3010 μηδὲ
3983 2944 4044 2994 τὸ

2474 3044 2644 3111 ἅγιον
2675 3041 2911 3108 Πνεῦμα
2943 3039 3054 3103 τὴν
3081 3036 3371 3104 ἡμετέραν
3418 3035 3653 3101 μορφὴν
3687 3033 3901 3087 ὑπέδυ.
3941 3034 4047 3085 Καὶ

2472 3134 2659 3185 τούτου
2702 3132 2795 3183 τοῦ
2855 3130 3208 3197 ἀπορήματος
3264 3128 3415 3187 λύσις
3460 3124 3604 3192 αὐτῷ
3629 3123 3933 3191 νομίζεται,
3964 3124 4045 3173 ὅτι

2474 3226 2657 3290 ἐπειδὴ
2683 3223 2848 3285 Λόγος
2883 3224 2908 3273 6
2935 3220 3076 3283 Υίδς,
3106 3220 3132 3269 6
3170 3219 3224 3269 δὲ
3257 3217 3538 3284 ἄνθρωπος
3561 3216 3719 3280 Λόγῳ
3747 3216 3841 3264 καὶ
3882 3214 4047 3265 εἰκόνι

807 3324 899 3376 llei
928 3324 1055 3376 olim
1079 3324 1482 3384 cohoneslalus,
1520 3323 1664 3375 hisce
1697 3332 1878 3389 postea
1914 3322 2117 3375 excidit
2149 3339 2162 3373 :
2209 3321 2364 3374 Cont—
2395 3318 2435 3373 C

2395 3318 2435 3373 C
2469 3316 2599 3366 Θεοῦ
2631 3315 2875 3382 τιμηθεὶς
2898 3309 3094 3363 τούτων
3125 3327 3180 3360 τε
3210 3309 3551 3361 διαπέπτωκε
3608 3305 3702 3356 καὶ
3752 3319 4049 3369 παρεσυν-

804 3425 1122 3480 paratusque
1186 3412 1542 3480 etljumeutis
1620 3413 2007 3476 insipientibus,
2070 3424 2119 3466 et
2179 3415 2368 3466 similis

806 3507 977 3572 {actus
994 3514 1066 3556 est
1092 3504 1216 3567 ipsis
1230 3503 1305 3567 ⁹⁸;
1338 3513 1620 3570 propterea
1647 3503 1898 3554 nimirum
1924 3503 2156 3556 Verbmn
2189 3506 2253 3555 ad
2278 3520 2371 3559 eos

803 3596 894 3663 qui
920 3596 972 3647 in
995 3594 1524 3647 irrationabilitatem
1546 3594 1677 3660 lapsi
1700 3604 1855 3647 erant
1872 3595 2124 3657 accessit,
2152 3597 2366 3649 ruinam

803 3697 1043 3739 nostram
1101 3700 1383 3753 reparans,
1421 3700 1484 3737 ac
1512 3700 1611 3737 nos
1636 3685 1687 3736 in
1719 3685 1998 3753 pristinam
2054 3687 2367 3755 dignitatem

805 3776 1137 3843 postliminio
1170 3790 1431 3830 revocans
1463 3791 1476 3827 :
1557 3774 1780 3829 Verbum
1823 3779 1983 3839 enim,
2018 3779 2211 3847 inquit,
2245 3796 2369 3833 caro

805 3870 1000 3934 factum
1026 3879 1096 3921 est
1132 3869 1209 3935 (id
1249 3877 1354 3932 est,
1409 3878 1659 3922 naturam
1706 3879 1953 3923 nostram
1987 3871 2039 3923 iu
2080 3873 2370 3925 irrationa-

800 3958 1065 4011 bilitatem
1098 3960 1426 4028 prolapsam,
1460 3970 1515 4013 et
1546 3961 1674 4013 nihil
1708 3960 1817 4027 jam
1862 3961 2236 4027 intelligentiae
2270 3963 2369 4015 ha-

802 4050 1041 4115 hentem,
1078 4050 1170 4102 sed
1209 4059 1373 4102 totam
1408 4052 1473 4103 ad
1517 4065 1601 4109 ea.
1635 4066 1754 4117 qua:
1792 4052 1974 4103 carnis
2009 4062 2156 4115 sunt,
2208 4054 2368 4105 incli-

804 4151 1007 4202 natam,
1043 4141 1356 4209 assumpsit)
1394 4151 1442 4193 et
1490 4143 1742 4195 habitavit
1773 4144 1828 4195 iu
1855 4144 2001 4196 nobis
2018 4145 2083 4197 ".
2142 4145 2194 4197 2.
2234 4144 2367 4199 Nam

807 4232 948 4282 hanc
986 4231 1152 4282 etiam
1180 4231 1249 4285 ob
1282 4246 1530 4293 causam,
1568 4232 1667 4294 ait,
1704 4233 1975 4300 virgineos
2004 4248 2190 4287 recens
2220 4235 2370 4289 sinus

802 4335 1080 4387 egressum
1119 4318 1353 4375 Verbum
1398 4325 1614 4389 excepit
1673 4324 2015 4391 prmsepium,
2081 4327 2366 4378 brulorum

804 4425 1009 4473 mensa,
1065 4412 1231 4465 bobus
1273 4420 1434 4480 atque
1498 4414 1667 4467 asinis
1719 4414 2038 4466 alimentum
2096 4415 2362 4481 praabens.

2469 3407 2687 3471 εϐλήθη
2713 3406 2753 3436 ¹³
2790 3405 2910 3467 τοῖς
2954 3401 3200 3465 κτήνεσι
3238 3400 3359 3464 τοῖς
3398 3396 3694 3461 ἀνοήτοις,
3717 3395 4049 3463 καίὼμοιὼ-

2470 3502 2541 3564 θη
2596 3495 2829 3559 αὐτοῖς·
2884 3493 2974 3545 διὰ
3026 3491 3239 3543 τοῦτοὸ
3289 3490 3458 3555 Λόγος
3506 3490 3617 3549 τοῖς
3689 3489 3768 3549 εἰς
3828 3487 4049 3553 ἀλογίαν

2470 3590 2726 3642 πεσοῦσιν
2763 3586 3131 3655 ἐπεδήμησεν,
3158 3583 3217 3633 τό
3250 3599 3308 3632 τε
3335 3580 3602 3648 ὀλίσθημα
3626 3580 3784 3649 ήμῶν
3814 3578 4047 3645 ἐξιώμε-

2470 3700 2557 3742 νος
2578 3682 2671 3733 καὶ
2707 3683 2841 3749 πρὸς
2857 3678 2916 3729 τὸ
2940 3679 3163 3746 ἀρχαῖον
3194 3674 3430 3726 ἀνέλκων
3462 3672 3697 3740 ἀξίωμα.
3717 3671 3781 3723 Ὀ
3799 3673 3989 3738 Λόγος
4009 3670 4049 3700 ¹³

2469 3772 2576 3840 γάρ
2601 3788 2755 3839 φησι,
2786 3768 2939 3837 σὰρξ
2968 3766 3225 3835 ἐγένετο,
3278 3764 3524 3816 τουτέστι
3547 3763 3643 3832 τὴν
3714 3764 3793 3823 εἰς
3829 3762 4049 3828 ἀλογίαν

2470 3860 2881 3916 καταπεσοῦσαν
2919 3858 3080 3927 φύσιν
3118 3854 3298 3926 ἡμῶν,
3346 3855 3441 3906 καὶ
3478 3854 3640 3922 μηδὲν
3672 3854 3807 3921 πρὸς
3835 3854 3898 3905 τὸ
3936 3870 4049 3905 νοε-

2474 3954 2586 4025 ρὸν,
2643 3954 2770 4021 ὃλην
2800 3952 2854 4003 δὲ
2883 3951 3015 4017 πρὸς
3040 3950 3101 4001 τὺ
3138 3947 3397 4016 σαρκικὸν
3424 3944 3823 4005 ἀπονεύσασαν,
3860 3944 4049 3996 ἀνελά-

2471 4046 2615 4107 ϐετο,
2647 4045 2742 4096 καὶ
2777 4041 3129 4108 ἐσκήνωσεν
3160 4040 3229 4090 ἐν
3258 4037 3420 4105 ἡμῖν.
3480 4037 3579 4087 Διά
3638 4052 3718 4086 τοι
3766 4033 3879 4101 γάρ
3918 4050 4049 4101 φησι

2469 4135 2625 4188 τοῦτο
2678 4134 2771 4187 καλ⁵
2801 4134 2907 4185 τῶν
2958 4129 3299 4200 παρθενικῶν
3324 4128 3538 4179 κόλπων
3573 4126 3697 4194 ἄρτι
3719 4122 4052 4193 προελθόντα

2469 4230 2559 4281 τὸν
2595 4226 2765 4289 Λόγον
2792 4225 2965 4293 φάτνη
2998 4220 3337 4289 ὑποδέχεται,
3358 4221 3390 4287 ἡ
3426 4216 3532 4269 τῶν
3561 4217 3770 4282 ἀλόγων
3803 4212 4053 4283 τράπεζα

2470 4322 2562 4373 καὶ
2594 4318 2729 4388 βοῶν
2765 4333 2824 4367 τε
2851 4315 2943 4366 καὶ
2974 4314 3108 4366 ὄνων
3130 4311 3348 4380 τροφὸς,
3381 4311 3489 4363 τῶν
3523 4311 3622 4377 μὲν
3651 4307 3747 4359 ἆτε
3778 4307 3843 4374 δὴ
3877 4305 4050 4357 καθα-

2473 4411 2581 4480 ρῶν
2620 4407 2861 4477 σύμϐολα
2915 4405 3187 4475 φερόντων
3245 4404 3338 4453 τοῦ
3390 4397 3621 4454 παλαιοῦ
3662 4397 3905 4465 Ἰσραὴλ,
3946 4397 4051 4447 τῶν

802 4501 981 4553 Bohus
1010 4502 1252 4568 quidem,
1296 4504 1439 4571 quod
1474 4503 1591 4570 puri
1648 4518 1768 4556 cum
1796 4503 1920 4566 sint,
1946 4480 2149 4556 veteris
2182 4503 2365 4571 populi

2468 4502 2524 4553 δὲ
2547 4500 2633 4551 διὰ
2654 4500 2712 4550 τὸ
2748 4496 3052 4565 ἀκάθαρτον
3074 4493 3133 4545 τὸ
3154 4494 3215 4543 ἐκ
3244 4492 3353 4543 τῶν
3407 4491 3576 4544 ἐθνῶν
3636 4490 3894 4556 σύστημα
3932 4505 3947 4519 ο
3978 4480 4049 4540 ὧν

802 4590 1013 4645 lsraelis
1046 4592 1345 4660 symbolum
1381 4594 1705 4660 praeferant;
1746 4594 1915 4647 asinls
1950 4609 2099 4659 vero,
2126 4595 2267 4663 quod
2299 4595 2367 4647 ob

2472 4592 2728 4659 ἑκάτερον
2760 4589 2939 4657 ἔργοις
2980 4604 3038 4637 τε
3077 4586 3169 4637 καὶ
3200 4584 3462 4653 δόγμασιν
3521 4584 3598 4642 είς
3630 4581 3853 4647 ἀλογίαν
3889 4581 4050 4631 ἀπεν-

804 4682 1172 4750 impuritatem
1226 4685 1465 4751 gentium
1500 4694 1696 4735 ccetum
1755 4692 2181 4749 repraesentem:
2231 4698 2367 4751 quos
2398 4679 2440 4733 D

2398 4679 2440 4733 D
2469 4683 2622 4751 εχθὲν
2648 4685 2675 4733 6
2702 4682 2870 4747 Λόγος
2927 4676 3304 4735 ἀνεκαλέσατο,
3340 4674 3413 4736 ὣς
3455 4691 3555 4725 που
3588 4674 3681 4725 καὶ
3710 4674 3737 4723 6
3766 4673 4050 4741 προφήτης

805 4782 1062 4840 utrosque
1089 4773 1200 4841 jam
1235 4787 1399 4842 Opere
1425 4781 1588 4842 atque
1621 4774 1970 4841 opinionibus
2000 4774 2051 4825 in
2078 4773 2365 4826 irrationa-

2483 4776 2707 4836 Ἠσαίας
2746 4774 2787 4804 ¹⁸
2850 4772 3246 4840 προεμήνυσεν,
3281 4767 3378 4819 Ἐν
3398 4766 3565 4833 μέσῳ
3593 4765 3703 4818 δύο
3739 4762 3903 4823 ζώων
3927 4764 4047 4815 δια-

802 4863 1063 4916 bilitatem
1100 4864 1341 4930 illapsos,
1396 4862 1630 4917 Verbum
1664 4866 1959 4920 revocavit.
1993 4866 2361 4931 Quemadmo-

2470 4864 2767 4934 κεκραγὼς
2796 4860 3120 4930 μνησθήσῃ
3146 4877 3157 4889 ·
3190 4860 3259 4911 ἐν
3310 4857 3389 4922 τῷ
3414 4857 3660 4926 ἐγγίζειν
3683 4858 3751 4908 τὰ
3774 4856 3882 4920 ἔτη
3927 4856 4049 4907 ἐπι-

801 4953 926 5004 dum
956 4962 1010 5006 et
1037 4952 1231 5007 alicubi
1290 4956 1553 5022 propheta
1610 4956 1777 5009 lsaias
1802 4957 2083 5023 praedixit:
2119 4957 2231 5025 (41)
2292 4956 2360 5009 In

2467 4957 2812 5025 γνωσθήσῃ.
2846 4955 2950 5005 Καὶ
2982 4953 3077 5023 τὴν
3107 4952 3349 5020 σαγήνην
3378 4950 3433 5002 δὲ
3464 4949 3562 5017 τὴν
3596 4950 3652 4999 ἐν
3682 4947 3758 5015 τῷ
3803 4947 4050 5013 Εὑαγγε·

800 5043 969 5093 medio
1009 5044 1231 5096 duorum
1262 5045 1572 5098 animalium
1607 5050 1730 5099 dum
1770 5046 2106 5112 clamaveris,
2168 5064 2362 5101 memo-

2466 5050 2625 5117 λίῳιε
2658 5047 2789 5117 φησὶ
2832 5044 3125 5116 μαρτύριον
3187 5037 3325 5093 εἶναι
3356 5041 3456 5111 τῆς
3512 5039 3743 5108 ἐσχάτης
3802 5038 4049 5103 ἀλογίας,

803 5130 1037 5196 ruberis;
1102 5150 1220 5186 cum
1264 5136 1735 5204 appropinquarint
1786 5141 1939 5203 anni,
2008 5140 2360 5209 cognosceris.

2467 5142 2546 5202 είς
2574 5141 2638 5208 ἣν
2666 5136 2970 5206 κατηνέχθη
2994 5134 3053 5187 τὸ
3081 5132 3439 5204 ἀνθρώπινον,
3502 5130 3643 5183 ὣστε
3697 5128 3793 5183 καὶ
3852 5128 4052 5198 ἰχθύων

869 5267 914 5297 9'
942 5263 1089 5320 Psal.
1124 5282 1311 5334 ιρι-ιιι,
1354 5270 1442 5324 13.
1517 5268 1737 5323 "Joan.
1766 5286 1804 5337 ι,
1834 5270 1919 5324 14.

2077 5380 2314 5437 VARI/£3
2346 5377 2747 5433 LECTIONES.

876 5476 925 5553 ’ξ
950 5476 1256 5553 τῶνλόγων
1285 5478 1449 5553 αὑτοῦ
1482 5498 1541 5542 ς.
1620 5482 1662 5512 ¹³
1686 5480 1972 5553 παρεσυν.]
2010 5479 2147 5534 Psal.
2211 5492 2397 5540 xum,
2430 5476 2513 5529 l3.
2591 5476 2631 5506 “'
2676 5477 2703 5527 6
2741 5471 3081 5545 λόγοςᾙοση.
3115 5486 3154 5535 ι,
3187 5469 3274 5524 14.
3352 5469 3395 5502 ¹⁵
3434 5466 3681 5539 Ἡσαΐας]
3740 5469 3852 5521 imo
3884 5468 4047 5522 Abae.

805 5546 952 5609 tn,‘2.
1027 5548 1069 5579 ³⁸
1108 5547 1324 5620 εύαγγ.]
1355 5548 1542 5603 Matth.
1576 5567 1707 5617 xvii,
1734 5546 1823 5605 9.7.

2321 5638 2455 5692 NOT
2472 5637 2550 5690 ΛΞ.

879 5738 988 5805 (Η)
1019 5737 1134 5791 Non
1168 5739 1279 5792 haec
1312 5736 1449 5806 apud
1506 5739 1716 5799 lSaiam,
1753 5739 1844 5791 sed
1881 5738 2019 5805 apud
2046 5738 2334 5795 Habacum,
2447 5745 2570 5806 sunt
2619 5734 2683 5788 ad
2715 5731 2875 5787 Vetus
2908 5731 3309 5785 Testamentum
3354 5726 3526 5782 Graec.
3551 5741 3657 5781 suc.
3686 5722 3853 5789 LXX,
3885 5723 4042 5779 Boni.

819 5824 879 5873 ll,
922 5804 977 5873 2,
1013 5808 1283 5878 leguntur,
1312 5804 1555 5863 nbunihil
1587 5810 1762 5863 aliter.
1802 5804 1931 5862 Vide
1984 5822 2102 5874 qua:
2152 5817 2334 5860 notata
2444 5804 2572 5857 cdit.
