4196 6442
154 428 255 491 737
1246 423 1767 484 BIBLIOTHECA.
1791 444 1857 455 —
1892 420 2054 480 COD.
2079 419 2357 481 CCXXII.
3304 421 3408 486 738

152 548 262 589 των
288 534 654 602 ἀφωνοτάτων
678 548 738 585 τι
761 530 857 586 καὶ
885 530 1244 599 ἀλογωτάτων
1277 530 1442 600 μηδὲν
1496 531 1737 598 διενηνο-
1766 535 1809 590 Α

1766 535 1812 590 Α
1840 528 1895 581 '5.
1928 525 2196 596 Sagenam
2252 540 2466 595 quoque
2500 524 2553 579 in
2598 524 2912 596 evangelica
2970 526 3227 596 parabola
3256 533 3405 584 testi-

154 630 342 697 χέναι·
380 624 475 687 οὓς
505 627 539 692 ἡ
566 623 796 691 σαγήνη.
851 622 1011 692 δῆλον
1034 622 1091 673 δὲ
1128 621 1203 684 ὡς
1232 622 1386 692 παρὰ
1426 621 1521 673 τοῦ
1569 622 1744 686 Λόγου

1845 621 2084 675 monium
2115 633 2240 672 esse
2264 617 2494 671 afﬁrmat
2514 626 2775 672 extremae
2807 617 3311 678 irrationabilitatis.
3351 622 3404 675 in

156 718 441 785 βληθεῖσα,
499 715 705 767 ἐκεῖθέν
723 732 783 767 τε
808 715 1101 782 ἀνήγαγεν,
1126 714 1222 766 καὶ
1246 714 1307 764 τὸ
1331 713 1544 779 λογικὸν
1572 711 1745 780 δῶρον

1844 724 2006 778 quam
2037 710 2272 763 delatum
2304 708 2377 762 sit
2401 709 2695 762 humanum
2734 723 2925 777 genus,
2958 718 3017 763 ut
3045 712 3127 764 vel
3178 726 3205 762 a
3243 713 3404 778 pisci-

152 810 267 868 τοῖς
325 806 707 875 ἐστερημένοις
757 803 1285 873 ἀπεκατέστησενίτ.
1344 803 1455 856 Καὶ
1481 802 1543 854 τὸ
1582 803 1745 873 πρόσ-

1845 799 1947 852 bus
1975 799 2211 851 maxime
2239 797 2420 862 mutis,
2440 808 2495 851 et
2523 799 2986 853 irrationabilibns
3016 802 3147 855 nihil
3168 800 3404 869 dill'erat,

153 916 349 968 τάγμα
382 900 440 951 δὲ
466 898 559 950 τοῦ
590 899 788 965 Λόγου,
812 897 841 949 6
868 899 897 950 6
934 897 1140 967 Πέτρος
1203 894 1382 948 λαϐὼν
1425 897 1520 947 καὶ
1558 894 1620 947 τὸ
1649 892 1744 948 τοῦ

1743 928 1744 931 η
1843 904 1981 957 quos
2026 904 2246 957 sagena,
2286 905 2447 958 quam
2484 903 2514 941 a
2566 888 2744 945 Verbo
2766 892 2966 959 jactam
3002 908 3123 947 esse
3158 906 3400 960 constat,

1846 974 1969 1027 inde
2003 977 2208 1039 eduxit,
2232 987 2287 1028 et
2346 976 2576 1031 rationis
2609 979 2805 1031 denum
2836 995 2902 1033 co
2942 984 3215 1036 destitutis
3243 990 3402 1038 resti-

1848 1065 1971 1120 tuit.
2005 1065 2058 1118 4.
2089 1065 2224 1119 Illud
2276 1065 2403 1120 item
2456 1067 2616 1121 Verbi
2680 1070 3013 1131 mandatum,
3050 1087 3156 1141 quo
3190 1087 3405 1144 recepto

1845 1151 2062 1218 Petrus,
2097 1164 2153 1207 et
2206 1155 2375 1224 piscis
2404 1170 2499 1209 ore
2552 1167 2766 1225 aperio,
2806 1169 3064 1214 stateram
3106 1164 3401 1231 invenerit,

1846 1254 2219 1312 argumentum
2256 1258 2375 1299 esse
2412 1245 2627 1299 liberati
2659 1261 2756 1315 per
2799 1246 3033 1303 Verbum
3063 1250 3285 1307 humani
3313 1267 3408 1324 ge-

1849 1338 1994 1389 neris
2010 1336 2077 1389 ab
2107 1336 2599 1392 irrationabilitate.
2631 1337 2901 1393 Staterem
2956 1342 3100 1395 enim
3134 1344 3405 1400 indicasse

1846 1428 2043 1481 asserit
2066 1428 2242 1496 regale
2258 1430 2545 1493 nomisma,
2575 1430 2657 1485 vel
2676 1441 2823 1485 certe
2846 1432 3120 1487 Dominica
3148 1438 3363 1491 oracula
3386 1454 3400 1492 :

1848 1517 2073 1589 Eloquia
2096 1522 2235 1573 enim
2262 1519 2470 1573 Domini
2499 1531 2771 1589 argentum
2823 1522 3015 1591 182a
3057 1526 3174 1593 igne
3207 1530 3406 1580 exauri—

158 990 345 1058 ἰχθύος
372 988 643 1050 διανοίξας
672 988 848 1055 στόμα
880 980 1007 1054 εὗρε
1043 986 1309 1055 στατῆρα,
1363 983 1631 1054 σύμϐολον
1670 980 1748 1037 εἷ-

154 1100 239 1134 ναι
280 1080 376 1133 τοῦ
430 1079 535 1132 ὑπὸ
580 1079 675 1132 τοῦ
704 1079 878 1147 Λόγου
921 1080 1020 1148 τῆς
1043 1079 1265 1146 ἀλογίας
1291 1077 1624 1147 ἀπολυθῆναι
1654 1077 1747 1130 τὸν

154 1174 480 1241 ἄνθρωπον
503 1170 597 1222 τὸν
632 1170 731 1239 μὲν
764 1172 877 1241 γὰρ
909 1171 1152 1240 στατῆρα
1185 1169 1514 1239 συμϐάλλειν
1532 1171 1574 1202 ⁸⁸
1612 1178 1747 1237 φησι

154 1265 214 1316 τὸ
250 1262 534 1332 βασιλικὸν
574 1261 818 1331 νόμισμα
869 1260 1121 1334 [29911.]
1176 1262 1296 1331 ῆτοι
1348 1261 1418 1314 τὰ
1447 1262 1746 1314 δεσποτικὰ

154 1354 314 1420 λόγια
345 1353 440 1424 (τὰ
482 1354 654 1422 λόγια
696 1352 804 1423 γὰρ
863 1354 1084 1421 Κυρίου
1104 1353 1384 1421 ἀργύριον
1409 1351 1749 1420 πεπυρωμέ-

156 1456 320 1523 νον),
341 1456 405 1507 τὸ
430 1453 487 1506 δὲ
511 1453 568 1507 ἐν
588 1452 666 1522 τῷ
700 1452 926 1520 στόματι
952 1445 1256 1516 κεκρύφθαι
1283 1444 1373 1497 τὸν
1397 1444 1636 1515 στατῆρα
1653 1443 1747 1497 τοῦ

157 1545 346 1615 ίχθύος
366 1545 432 1597 τὸ
456 1542 829 1613 ωγκεχῶσθαι
848 1540 940 1593 καὶ
964 1536 1383 1608 κατορωρύχθαι¹
1407 1536 1505 1606 τὴν
1525 1534 1749 1606 λογικὴν
1848 1534 2235 1621 “ﬁniti-enim
2262 1534 2470 1621 ltomrm
2499 1534 2774 1621 argent-um.

154 1611 387 1706 δύναμιν
416 1638 510 1689 καὶ
536 1611 699 1705 χάριν
726 1635 784 1687 ὲν
808 1635 921 1695 τοῖς
953 1630 1152 1700 ἰχθύων
1184 1630 1340 1697 δίκην
1392 1628 1748 1694 ὲξαλογωθεῖ-

1745 1658 1748 1667 ,
1848 1620 2029 1662 natum
2051 1611 2116 1663 ⁸⁷.
2150 1611 2302 1675 Quod
2337 1618 2518 1664 autem
2556 1612 2607 1663 in
2642 1612 2808 1678 piscis
2841 1629 2935 1666 ore
2984 1625 3156 1669 stater
3179 1618 3402 1672 abscono

153 1743 258 1779 σιν.
292 1701 403 1777 ἓΩν
439 1701 573 1778 ὑπὺη
595 1701 693 1777 τοῦ
743 1723 923 1790 Λόγου
954 1720 1181 1792 ῥωσθεὶς
1210 1722 1237 1772 6
1264 1720 1468 1788 Πέτρος
1498 1719 1593 1770 καὶ
1620 1718 1745 1770 δια-

1743 1746 1745 1756 .
1846 1702 1990 1755 ditus
2022 1701 2201 1765 latuit,
2227 1702 2508 1756 confusam
2537 1715 2701 1770 atque
2732 1703 3000 1759 defossam
3043 1708 3400 1764 ratiocinandi

152 1816 338 1879 νοίξις
392 1814 456 1867 τὺ
508 1815 727 1884 στόμα,
781 1791 1136 1881 ἀνακαθαίρει
1180 1826 1239 1863 τε
1295 1810 1356 1861 τὸ
1410 1810 1582 1877 δῶρον
1647 1808 1740 1861 καὶ
1774 1883 1791 1884 7

1848 1791 1954 1844 vim
1974 1802 2025 1844 et
2054 1792 2284 1861 gratiam
2316 1794 2368 1845 in
2403 1794 2486 1858 iis,
2518 1795 2611 1859 qui
2645 1795 2869 1861 piscium
2904 1797 3076 1851 instar
3105 1798 3247 1853 bruti
3272 1816 3400 1855 eva-

151 1906 466 1975 ὲμφανξξει,
522 1881 618 1960 καί
683 1909 764 1967 εἰς
792 1904 853 1957 τὸ
886 1905 1049 1975 μέσον
1094 1900 1486 1972 προσγαγὼνπ
1518 1902 1618 1971 τὴν
1645 1905 1728 1953 οί-
1772 1883 1808 1939 Β

1772 1883 2030 1939 Bserant
2080 1881 2499 1955 [signiﬁcasse],
2559 1900 2789 1953 quorum
2865 1886 3056 1942 Petrus
3122 1892 3399 1953 donum,a

151 1998 314 2051 κείαν
351 1998 546 2067 χρῆσιν
570 1998 648 2060 είς
676 1996 874 2065 πρᾶξιν
910 1995 1262 2065 προενεγκεῖν
1306 1992 1723 2063 συνειργάσατο.

154 2090 265 2143 Καὶ
288 2090 354 2141 τὸ
403 2089 495 2141 ἐπὶ
544 2087 753 2141 ϐνονη*
783 2087 841 2140 δὲ
864 2090 957 2139 καὶ
1006 2086 1185 2140 πῶλον
1223 2084 1460 2137 ’καθίσαι
1501 2085 1594 2136 τὸν
1628 2100 1721 2136 σε-

155 2180 518 2249 σαρκωμένον
574 2180 746 2248 Λόγον
801 2178 862 2231 τὺ
896 2177 1029 2231 αὐτό
1080 2192 1243 2247 φησιν
1296 2175 1723 2229 ὑπαινίττεσθαι.

154 2271 261 2323 Ναὶ
299 2270 366 2341 δὴ
396 2270 495 2323 καὶ
530 2269 620 2323 τὸν
672 2270 807 2339 μετά
830 2268 928 2338 τὴν
959 2268 1255 2321 ἀνάστασιν
1287 2267 1379 2319 ἐπὶ
1404 2266 1506 2336 τῆς
1532 2264 1728 2336 ἀνθρα-

153 2365 281 2425 κιᾶς
306 2361 677 2431 όπτώμενον,²¹
717 2361 950 2431 ίχθῦν¹¹’
973 2377 986 2391 ·
1015 2359 1076 2412 τὸ
1104 2359 1211 2429 γάρ
1239 2360 1366 2428 πρὶν
1396 2358 1595 2426 ἄλογον
1622 2358 1726 2412 ὑπὸ

152 2452 251 2504 τοῦ
310 2453 486 2518 Λόγου
547 2452 886 2522 πυρούμενον
935 2450 1035 2519 τῆς
1059 2466 1115 2501 τε
1146 2448 1372 2514 ἀλογίας
1406 2447 1722 2510 ἐξίστασθαι

152 2547 252 2597 καὶ
286 2543 487 2613 βρῶμα
516 2544 698 2613 νοερόν
739 2543 832 2596 τοῦ
858 2543 1032 2609 Λόγου
1066 2541 1401 2611 καθορᾶσθαι
1424 2540 1725 2610 γινόμενον.

158 2636 285 2687 Ἐτι
306 2636 366 2688 δὲ
397 2634 492 2686 καὶ
528 2635 636 2686 τῶν
682 2633 944 2703 γλωσσῶν
960 2634 1005 2664 ³⁸
1032 2633 1131 2701 τὴν
1157 2632 1317 2701 χάριν
1339 2632 1454 2692 τοῖς
1490 2630 1729 2683 ἀποστόο

153 2727 270 2788 lat;
323 2727 607 2796 διδομένην
651 2727 746 2795 τῆς
777 2724 1137 2793 ἀποστολικῆς
1168 2723 1350 2776 αὐτῶν
1396 2723 1733 2793 χειροτονίας

158 2820 395 2887 μηνύειν
424 2819 485 2870 τὸ
508 2814 787 2887 ψήψισμα,
817 2816 893 2879 ὡς
923 2816 989 2868 ἂν
1021 2816 1116 2867 καὶ
1138 2814 1215 2884 τῷ
1247 2816 1483 2884 σχήματι
1511 2813 1733 2883 μάθοιεν

152 2910 232 2970 ὼς
260 2908 342 2977 τῷ
370 2910 529 2976 Λόγῳ
548 2908 615 2961 τά
629 2907 723 2959 τοῦ
745 2907 919 2973 Λόγου
954 2906 1385 2975 ὑπηρετήσοντες
1413 2902 1733 2971 ἀπήλαυσαν

151 2999 249 3053 τοῦ
312 3000 559 3051 τοιούτου
612 2998 965 3068 χαρίσματος.
1028 2997 1139 3049 Καὶ
1182 2996 1274 3047 τὸν
1296 2994 1608 3065 Πρόδρομον
1652 2992 1731 3056 δὲ,

152 3091 374 3159 φωνὴν·
392 3091 440 3120 ’³
474 3088 721 3153 βοῶσαν
764 3088 869 3141 τοῦ
897 3088 1090 3155 Λόγου
1116 3086 1265 3155 παρά
1300 3084 1409 3137 τῶν
1447 3084 1609 3155 ἱερῶν
1635 3098 1735 3150 κηο

155 3182 494 3253 ρυττόμενον
538 3181 904 3249 Γραμμὰτων,
952 3177 1050 3229 οὐκ
1085 3178 1211 3229 ἄλλο
1240 3193 1293 3229 τι
1324 3174 1472 3244 παρὰ
1494 3175 1562 3226 τά
1586 3175 1735 3242 εἰρη-

155 3244 299 3345 μένα
335 3244 562 3343 δηλοῦν,
584 3244 714 3324 -ἀλλξ
760 3271 844 3322 ὅτι
874 3270 934 3322 τὸ
960 3270 1061 3336 τῆς
1112 3266 1335 3333 ἀλογίας
1385 3264 1728 3335 ἀρρώστημα
1758 3244 1803 3305 C

150 3368 181 3416 6
213 3366 395 3432 Λόγος
447 3363 791 3431 ἐπεδήμησεν
841 3358 1173 3423 ἐξιάσασθαι.
1208 3360 1272 3410 ’0
1299 3357 1393 3409 καὶ
1426 3357 1519 3409 τὸν
1566 3355 1731 3408 Δαϐὶδ

153 3455 343 3522 λέγειν
374 3468 390 3484 ·
446 3451 861 3515 Ἑξαπέστειλε
903 3452 951 3483 ’δ
987 3452 1094 3504 τὸν
1141 3451 1336 3517 Λόγον
1394 3446 1600 3513 αὐτοῦ,
1629 3448 1729 3501 καὶ

153 3545 377 3598 ἰάσατο
405 3544 651 3607 αὐτούς.

230 3809 358 3881 [581
402 3807 494 3879 IL]
546 3807 733 3862 Ταῦτα
784 3806 885 3877 μὲν
925 3802 1018 3860 οὖν
1061 3808 1119 3859 ὲν
1163 3809 1275 3869 τοῖς
1318 3806 1437 3859 δυσὶ
1492 3802 1729 3874 πρώτοις

151 3903 542 3970 διεξέρχεται,
596 3900 769 3966 ἀγῶνι
835 3900 1217 3969 προαγωνιστῇ
1269 3897 1727 3964 νεανιευσάμενος

153 3995 299 4045 κατά
343 3992 454 4045 τῶν
510 3992 774 4059 λεγόντων
822 3990 910 4043 διά
962 3989 1118 4043 τοῦτο
1170 3988 1263 4040 τὸν
1292 3988 1420 4039 Υίδν
1442 3986 1727 4055 ἄνθρωπον

152 4085 419 4153 γενέσθαι
442 4085 537 4135 καὶ
559 4083 789 4151 Σωτῆρα
836 4079 1260 4152 παραγενέσθαι,
1289 4078 1423 4131 διότι
1447 4080 1560 4139 τοῖς
1588 4076 1726 4146 πρὸς

154 4177 437 4231 υἱώεσῖαν
475 4176 828 4245 καλουμένοις
857 4174 949 4227 τὸν
978 4173 1106 4226 Υίὸν
1134 4172 1263 4236 ἔδει,
1289 4170 1425 4225 ἀλλά
1458 4169 1532 4240 μὴ
1566 4169 1724 4223 ἀλλον

152 4268 303 4331 τινὰ,
341 4265 694 4335 καθηγεμόνα
738 4266 833 4318 καὶ
880 4264 1267 4334 ἁνακαινιστὴν
1299 4264 1400 4333 τῆς
1445 4260 1725 4322 υἱοθεσίας

153 4360 252 4413 καὶ
286 4356 623 4428 γεγενῆσθαι
654 4354 751 4409 καὶ⁵
772 4353 1160 4427 κηρύττεσθαι.

1836 1974 2011 2029 Verbo
2038 1978 2222 2045 utique
2252 1975 2628 2042 conﬁrmatus,
2667 1988 2859 2045 aperto
2890 1981 3054 2048 piscis
3084 1997 3202 2046 ore,
3239 1985 3398 2048 tollit,

1831 2069 2185 2136 conSpieuum
2269 2069 2511 2131 exhibet,
2569 2080 2622 2123 et
2681 2070 2733 2123 in
2799 2073 3032 2126 medium
3082 2078 3397 2143 producmm

1832 2175 2027 2213 munus
2057 2169 2114 2213 ut
2142 2169 2539 2228 exsequeretur
2572 2175 2728 2213 suum
2763 2161 2940 2215 eﬂicit.
2970 2163 3023 2216 5.
3062 2164 3209 2218 Idem
3246 2178 3297 2221 et
3332 2182 3397 2221 ex

1830 2266 1896 2308 eo
1927 2251 2222 2319 signiﬁcari
2255 2252 2353 2313 ait,
2402 2252 2545 2319 quod
2576 2250 2808 2306 Verbum
2843 2255 3181 2309 inearnatum
3231 2261 3397 2313 asina:

1832 2358 1893 2398 ac
1926 2344 2068 2413 pullo
2098 2344 2353 2398 insederit
2385 2343 2449 2397 ⁸⁸.
2510 2344 2563 2399 6.
2599 2346 2853 2411 Quinimo
2876 2355 2931 2399 et
2962 2362 3048 2425 ex
3080 2349 3173 2403 illo
3226 2351 3394 2420 pisce,

1830 2439 1920 2506 qui
1954 2449 2074 2507 post
2130 2436 2583 2492 resurrectionem
2644 2438 2830 2505 prunis
2889 2437 3170 2506 impositus
3224 2453 3396 2496 torre-

1832 2529 1991 2584 batur
2017 2530 2085 2581 9°.
2123 2528 2175 2581 ld
2200 2530 2344 2583 enim
2363 2531 2504 2598 quod
2536 2530 2688 2599 prius
2714 2540 2834 2583 erat
2856 2531 3249 2595 irrationaliile.
3268 2535 3393 2588 dum

1832 2635 1863 2674 a
1882 2621 2041 2674 verbo
2065 2620 2207 2673 velut
2224 2620 2291 2674 ab
2314 2622 2434 2691 igne
2454 2630 2709 2684 torretur,
2736 2638 2840 2676 non
2864 2622 3389 2679 irrationabilitatem

1832 2711 2004 2767 solum
2035 2713 2307 2775 amittere,
2342 2714 2435 2768 sed
2480 2714 2785 2782 spiritalem
2814 2715 2975 2768 etiam
3006 2712 3168 2769 Verbi
3210 2718 3387 2772 cibum

1834 2804 2120 2875 manifeste
2155 2803 2289 2857 ﬁeri.
2325 2804 2375 2858 7.
2406 2804 2738 2873 Linguarum
2776 2807 2993 2875 insuper
3027 2809 3155 2861 illud
3181 2820 3394 2877 aposto-

1832 2895 1899 2949 lis
1924 2897 2176 2950 donatum
2231 2912 2448 2960 munus,
2497 2896 2631 2949 nihil
2710 2897 2952 2951 iudicare
3005 2898 3175 2963 aliud,
3230 2914 3391 2967 quam

1833 2990 2143 3057 apostolicae
2170 2991 2528 3045 ordinationis
2550 2992 2848 3054 decretum,
2884 3001 2940 3044 ut
2969 2992 3174 3045 scilicet
3205 2993 3287 3045 Vel
3325 3009 3393 3048 ex

1833 3080 1945 3149 ipsa
1976 3081 2144 3148 ﬁgura
2176 3083 2467 3145 discerent,
2503 3094 2783 3150 propterea
2810 3097 2866 3136 se
2886 3084 3017 3137 illud
3047 3099 3166 3139 esse
3193 3086 3393 3140 donum

1834 3181 2172 3233 consecmos,
2236 3186 2344 3237 quo
2387 3172 2569 3225 verbis
2618 3171 2780 3227 Verbi
2834 3175 3085 3226 mandata
3136 3176 3396 3230 submini-

1835 3271 2093 3315 strarent.
2112 3263 2165 3316 8.
2198 3263 2591 3317 Przecnrsorem
2619 3264 2779 3317 etiam
2810 3266 2981 3330 illmu,
3010 3281 3187 3319 vocem
3209 3269 3392 3338 utique

1831 3352 2139 3406 clamantem
2178 3354 2330 3407 Verbi
2363 3357 2403 3417 ¹,
2440 3369 2597 3423 quem
2621 3370 2789 3409 sacra:
2826 3354 3042 3411 Littera:
3075 3360 3388 3425 praadicaut,

1832 3444 1964 3497 nihil
1990 3445 2133 3499 aliud
2156 3460 2251 3513 per
2282 3461 2342 3499 ea
2377 3462 2497 3514 quia:
2528 3447 2683 3511 dixit,
2717 3448 2955 3502 indicare
2975 3488 2989 3513 ,
3042 3464 3200 3518 quam
3250 3453 3389 3519 quod

1834 3533 2067 3588 Verbum
2120 3535 2186 3588 ad
2226 3538 2519 3589 curandum
2590 3537 3080 3593 irrationabilitatis
3146 3542 3391 3594 morbum

1833 3626 2142 3680 accesserit.
2184 3624 2297 3679 Hoc
2345 3635 2400 3679 et
2454 3623 2711 3679 Davidem
2752 3628 2928 3695 ipsum
2990 3632 3388 3697 pronuntiare:

1834 3712 1981 3767 Misit
2015 3712 2427 3781 Verbumruum,
2456 3727 2502 3770 et
2529 3719 2730 3771 sanavit
2763 3735 2849 3773 eos
2878 3721 2922 3774 ’.

1902 3803 2028 3859 Haec
2049 3806 2209 3871 igitur
2227 3808 2434 3861 duobus
2456 3808 2641 3876 primis
2670 3810 2822 3864 libris
2850 3810 2932 3866 sic
2967 3813 3302 3882 exsequitur,
3336 3823 3393 3867 ut

1833 3894 2003 3950 altero
2026 3899 2323 3952 certamine
2348 3898 2663 3966 prtelusorio
2680 3900 2990 3969 iuveniliter
3007 3906 3181 3973 egerit
3206 3917 3391 3960 contra

1835 3984 2199 4050 adversarios,
2226 3985 2511 4041 dicentes:
2547 3986 2837 4056 Propterea
2873 3990 2964 4045 Dei
3000 3992 3192 4047 Filium
3220 3996 3393 4049 homi-

1834 4090 1953 4129 nem
1990 4075 2213 4140 factum,
2246 4088 2411 4145 atque
2462 4078 2798 4135 Salvatorem
2833 4083 3134 4146 advenisse,
3166 4100 3230 4140 eo
3251 4087 3392 4155 quod

1833 4163 1887 4217 in
1919 4165 2257 4233 adoptionem
2286 4166 2511 4230 vocatis.
2548 4183 2655 4223 non
2694 4170 2858 4224 alium
2915 4173 3150 4242 aliquem
3200 4188 3394 4243 praeter

1834 4255 2009 4323 ipsum
2040 4254 2237 4310 Filium
2266 4268 2539 4327 oporteret
2568 4265 2756 4316 ducem
2782 4271 2945 4335 atque
2977 4265 3389 4322 instauratorem

1830 4349 2136 4418 adoptionis
2161 4359 2215 4405 et
2233 4364 2376 4416 esse,
2394 4361 2450 4405 et
2480 4352 2763 4422 appellari.

1212 4489 1328 4544 Lib.
1359 4505 1440 4544 ιιι.
1469 4518 1536 4530 -—
1557 4486 1665 4541 Cur
1690 4486 1783 4541 Del
1826 4484 1996 4540 Filius
2023 4488 2090 4540 ait
2118 4488 2270 4542 homo
2292 4488 2463 4558 factus
2493 4488 2519 4542 2

236 4609 334 4661 Ἐν
357 4604 417 4658 δὲ
452 4604 529 4675 τῷ
556 4611 605 4672 γ’
628 4602 746 4675 [καὶ
776 4602 842 4675 β’]
863 4603 1004 4674 λόγῳ
1054 4602 1232 4657 αἰτίαν
1274 4602 1461 4672 ὑπέχει
1485 4601 1563 4653 Δι’
1595 4598 1676 4667 ἣν
1697 4602 1729 4653 ό
1761 4602 1804 4657 D

1761 4602 1804 4657 D
1903 4597 2147 4654 9.Tertio
2170 4616 2296 4655 vero
2319 4602 2459 4657 libro
2474 4616 2690 4657 causam
2723 4604 2933 4658 reddit:
2967 4604 3075 4658 Cur
3096 4605 3191 4661 Dei
3217 4607 3389 4664 Filias

149 4701 287 4765 Υἱὸς
315 4695 692 4765 σεσὰρκωται
710 4737 726 4761 ,
754 4697 848 4750 καί
878 4711 1039 4766 φησιν
1056 4694 1129 4757 ὼς
1154 4693 1317 4763 ἐχρῆν
1346 4692 1436 4745 τὸν
1459 4693 1727 4761 Δημιουρ-

148 4793 249 4859 γὺν
311 4792 413 4841 καὶ
446 4787 691 4857 πλάστην
723 4787 885 4839 αὑτὸν
918 4786 1012 4837 καὶ
1037 4784 1349 4838 ἀναπλάσαι
1371 4783 1464 4835 καὶ
1491 4783 1723 4835 ἀνακαι-

148 4884 303 4935 νίσαι
370 4879 649 4949 συντριϐὲν
706 4878 767 4931 τὸ
818 4878 1227 4948 δημιούργημα.
1287 4876 1349 4929 El
1396 4876 1503 4944 γὰρ
1564 4874 1659 4927 καὶ
1696 4874 1725 4925 6

148 4969 355 5037 Πατὴρ
420 4964 678 5028 ὡσαύτως
735 4965 1072 5035 Δημιουργὸς
1124 4963 1219 5016 καὶ
1269 4963 1328 5015 τὸ
1379 4960 1605 5032 Πνεῦμα
1662 4961 1723 5013 τὸ

147 5061 339 5127 ἅγιον,
373 5058 511 5127 πλὴν
544 5058 678 5111 ἀλλά
708 5058 883 5111 πάντα
905 5056 971 5109 δι’
994 5055 1121 5109 Υἱοῦ
1148 5054 1469 5124 γεγενῆσθαι
1496 5054 1557 5107 τὸ
1579 5054 1722 5125 ἱερὸν

138 5130 403 5221 ’συνεχῶς
459 5149 889 5220 ἐπιμαρτύρεται
935 5150 1189 5219 γράμμα.
1222 5147 1366 5200 Ἔδει
1398 5146 1576 5200 τοίνυν
1631 5146 1721 5198 τὸν

148 5241 559 5308 πλαστουργὸν,
606 5239 949 5310 διαρῤυέντος
995 5239 1087 5292 τοῦ
1128 5238 1463 5307 πλάσματος,
1496 5237 1627 5291 αὐτό
1660 5251 1719 5291 τε

146 5339 229 5397 εἰς
267 5333 467 5387 ἑαυτὸν
504 5330 789 5387 ἀναλαϐεῖν
819 5333 910 5384 καὶ
942 5330 1219 5383 ἀνασῶσαι
1248 5331 1315 5384 δι’
1342 5330 1714 5394 ἀναπλάσεως.

219 5468 266 5498 ’⁷
295 5465 443 5519 Psal.
471 5480 531 5529 ιι,
571 5466 622 5517 7.
695 5465 740 5498 ⁸⁸
766 5464 952 5520 Matth.
996 5483 1106 5529 ut,
1138 5466 1191 5520 7.

1283 5467 1331 5496 ’⁸
1368 5464 1524 5522 Joan.
1547 5483 1637 5523 ιιι
1673 5508 1689 5533 ,
1716 5468 1769 5522 5.
1846 5469 1863 5501 ⁸
1895 5470 1997 5524 lsa.
2028 5486 2117 5538 XL,
2149 5472 2203 5525 3.

1830 4689 1984 4742 homo
2018 4689 2235 4757 fartus?
2266 4690 2441 4759 Ipsum
2478 4705 2608 4761 ergo
2633 4692 2710 4746 ait
2739 4694 3042 4761 oportuisse
3075 4694 3387 4753 Creatorem

1832 4797 1897 4836 ac
1940 4781 2290 4837 formatorem
2351 4794 2664 4852 corruptam
2721 4794 3026 4839 creaturam
3097 4788 3388 4844 reformare

1829 4882 1992 4941 atque
2034 4874 2309 4928 innovare.
2348 4874 2459 4929 Etsi
2486 4886 2665 4929 autem
2694 4875 2850 4929 Pater
2874 4891 3088 4946 quoque
3130 4880 3240 4943 ipse
3269 4895 3387 4947 per-

1828 4964 1953 5017 inde
1982 4975 2195 5018 creator
2226 4973 2394 5030 est,ut
2419 4974 2472 5017 et
2495 4965 2728 5034 Spiritus
2759 4978 2994 5026 sanctus.
3018 4967 3183 5021 nihilo
3209 4979 3383 5023 tamen

1828 5056 2005 5110 minus
2032 5057 2211 5109 omnia
2245 5072 2339 5125 per
2397 5055 2591 5111 Filium
2623 5057 2762 5112 facta
2791 5073 2909 5112 esse
2968 5074 3134 5112 sacrae
3166 5058 3384 5114 Litterae

1827 5158 2084 5216 perpetuo
2152 5149 2366 5206 docent.
2418 5148 2599 5215 Quare
2653 5148 3033 5219 plasntatorem
3096 5152 3384 5220 oportebat

1827 5238 2031 5308 lapsam
2076 5250 2378 5295 creaturam
2415 5244 2481 5295 ad
2512 5258 2572 5297 se
2612 5242 2874 5312 recipere,
2906 5250 2961 5297 et
2994 5258 3089 5311 per
3122 5244 3381 5298 reforma-

1827 5331 2025 5386 tionem
2057 5346 2296 5388 servare.
2330 5334 2466 5405 Quid
2496 5348 2623 5389 vero
2657 5334 2723 5389 de
2764 5334 2851 5391 his
2902 5348 3071 5390 sacrae
3122 5334 3380 5391 Litterae?

2279 5474 2298 5502 ³
2326 5469 2466 5525 Psal.
2522 5484 2630 5536 cn,
2655 5468 2742 5524 20.

1452 5599 1677 5653 VARle
1716 5600 2115 5657 LECTIONES.

220 5690 263 5720 "’
298 5687 739 5761 ἐπεκατέστησεν
757 5689 795 5741 Δ
818 5705 831 5741 :
855 5690 1289 5761 ἀποκατέστησεν
1314 5709 1372 5755 ς.
1452 5693 1492 5723 ¹⁸
1518 5691 1814 5761 συμϐαλεῖν
1838 5694 1901 5746 Α.

146 5758 374 5830 ὀξὲπὶ
402 5757 543 5830 ὄνον]
595 5758 779 5813 Matth.
810 5776 919 5830 1_X|,
988 5760 1040 5811 7.
1119 5757 1476 5829 ιιἀπτόμενον
1513 5779 1573 5824 ς.

144 5828 279 5901 γῆν]
340 5827 441 5881 Isti.
479 5827 563 5890 Χί,
600 5829 652 5882 5.
728 5831 771 5859 ³³
797 5828 977 5899 ὲξχπ.]
1005 5830 1158 5884 .l’sal.
1182 5846 1285 5893 ωἰ,
1318 5827 1401 5885 ⁸20.

2007 5694 2049 5726 ¹⁹
2084 5694 2150 5746 τὰ
2178 5694 2352 5765 λόγια]
2394 5694 2538 5749 l’sal.
2577 5710 2652 5757 XI,
2842 5695 2887 5725 '°
2940 5694 3277 5764 παραγαγὼν
3312 5711 3369 5757 ς.

1648 5764 1717 5793 ²¹⁹
1747 5762 1921 5833 ἰχθύν]
1957 5761 2113 5818 Joan.
2153 5780 2266 5830 ur,
2311 5761 2361 5820 9'.
2438 5766 2482 5795 "
2512 5765 2618 5818 τῶν
2640 5763 2752 5834 γλ.]
2809 5765 2925 5819 Act.
2962 5761 3030 5827 tt,
3061 5766 3115 5820 5.
3188 5766 3233 5798 “
3264 5783 3375 5833 cpu-
