4196 6442
800 416 910 478 739
1978 407 2201 470 ΡΠΟΤΙ
2213 408 2235 465 Ι
2276 406 2401 465 ΡΛῚ

2477 402 2781 463 ῐΛῐὶΟΗἉΕ
2817 403 2929 463 CP.
3952 401 4065 465 740

804 524 1018 585 Omnia,
1047 522 1245 590 inquit,
1297 537 1389 587 per
1419 522 1590 590 ipsum
1630 520 1774 590 facta
1827 528 1970 583 sunt,
1997 529 2045 571 et
2091 519 2202 570 sine
2250 517 2401 582 ipso,

2473 513 2531 564 Ti
2559 513 2615 565 δὲ
2644 512 2715 565 τὰ
2744 512 2866 581 ἱερὰ
2893 512 3065 579 Λόγια
3092 527 3107 575 ;
3132 508 3335 563 Πάντα
3361 510 3406 541 ’⁸
3442 507 3574 579 φησί
3615 507 3689 561 δι’
3719 510 3910 563 αὐτοῦ
3930 510 4063 580 ἑτέ-

797 614 996 686 factum
1025 622 1099 666 est
1132 613 1262 666 nihil
1290 613 1333 667 ⁸.
1366 613 1430 667 Et
1458 631 1472 667 ε
1504 612 1585 665 Ex
1613 614 1751 681 ipso,
1777 611 1875 671 ait,
1898 626 1987 677 per
2020 612 2194 676 ipsum
2227 616 2274 659 et
2306 607 2359 657 in

2473 618 2624 663 rem,
2660 603 2756 654 καὶ
2794 602 2974 669 χωρὶς
3008 600 3195 654 αὐτοῦ
3231 600 3466 668 ἐγένετο
3488 599 3691 661 οὐδὲν,
3722 602 3818 651 καὶ
3840 640 3857 661 ,
3886 601 3994 664 Ἐξ
4022 606 4063 635 ⁸⁸

798 722 910 769 ipso
941 713 1061 756 sunt
1094 702 1327 756 omnia‘.
1368 702 1640 769 Itemque:
1679 700 1781 752 Per
1814 716 1965 767 quem
2010 697 2131 765 fecit
2172 705 2221 748 et
2263 709 2362 748 ue-

2473 693 2673 756 αὑτοῦ,
2698 695 2853 762 φησὶ,
2892 694 2990 745 καὶ
3013 693 3086 745 δι’
3116 693 3321 756 αὐτοῦ,
3345 693 3444 746 καί
3471 695 3558 759 εις
3589 692 3779 748 αὑτὸν
3803 693 3879 746 τὰ
3906 695 4064 747 πάν-

805 796 924 848 rula
943 798 987 850 ³.
1020 797 1181 849 Certe
1214 796 1303 862 qui
1346 795 1471 847 inde
1502 803 1662 847 natus
1688 804 1768 845 est
1808 803 2018 861 patrum
2051 798 2359 840 nostrorqu

2473 799 2558 847 τα,
2592 783 2683 834 καὶ
2708 778 2876 837 Διόὗ
2897 784 2944 813 ³⁷
2962 782 3105 847 τοὺς
3131 781 3351 849 αἰῶνας
3378 785 3646 851 ἐποίησε.
3677 785 3787 837 Ναὶ
3812 786 3880 852 δὴ
3914 790 4063 839 καὶοὲ

800 889 1023 950 chorus,
1062 902 1157 954 per
1187 886 1383 940 Filium
1411 885 1593 940 omnia
1620 883 1835 937 Patrem
1872 882 2072 943 facere,
2101 878 2362 933 divinitus

2473 874 2679 926 ἐκεῖθεν
2706 874 2865 941 φυεὶς
2895 874 3004 927 τῶν
3036 875 3287 945 πατέρων
3316 876 3471 945 ἡμῶν
3500 877 3657 946 χορὸς
3682 877 3771 930 διὰ
3788 878 3885 930 τοῦ
3921 879 4056 932 Υίοῦ

802 980 1155 1034 tradiderunt.

2473 964 2537 1016 τὰ
2584 963 2762 1017 πάντα
2811 966 2905 1017 τὸν
2958 965 3177 1036 Πατέρα
3211 966 3475 1035 πράττειν
3520 967 3839 1041 θεοπρεπῶς
3870 970 4053 1023 ἀνεδί-

2470 1055 2650 1120 δαξεν.

868 1159 962 1214 Sic
987 1159 1077 1212 illa
1106 1156 1402 1224 quaeatione
1427 1153 1728 1223 proﬂigata,
1755 1168 1875 1207 mox
1906 1152 1972 1205 ad
1989 1152 2213 1205 alteram
2238 1150 2363 1202 huic

2541 1146 2697 1200 Οὕτω
2732 1146 2834 1218 τὴν
2870 1147 3027 1201 λύσιν
3063 1148 3166 1218 τῆς
3220 1151 3592 1221 προκειμένης
3642 1150 3881 1214 ἀποδοὺς
3912 1154 4057 1205 ἀπο-

799 1253 1048 1305 adnntam
1079 1250 1305 1303 accedit.
1348 1245 1435 1300 10.
1467 1248 1689 1311 Quaerit,
1728 1244 2097 1310 Quamobrem,
2124 1257 2363 1295 cumtum

2476 1238 2617 1309 ρίας,
2648 1239 2734 1306 ἐφ’
2764 1239 2959 1309 ἑτέραν
3009 1238 3286 1308 φυομένην
3330 1239 3389 1303 ἐξ
3411 1241 3584 1311 αὐτῆς
3613 1239 3885 1293 διαϐαίνει
3906 1280 3923 1304 ,
3962 1242 4060 1295 καὶ

807 1354 961 1408 atque
987 1341 1167 1393 eadem
1193 1339 1437 1407 eﬁicacia,
1461 1337 1653 1405 gloria,
1679 1336 1912 1402 potentia
1942 1336 1997 1387 in
2036 1341 2221 1387 sancta
2255 1330 2366 1385 Tri-

2489 1330 2664 1397 ζητεῖ,
2704 1331 2807 1382 Διὰ
2832 1331 2889 1383 τί
2910 1328 3049 1399 μιᾶς
3076 1332 3174 1383 καὶ
3217 1330 3329 1398 τῆς
3356 1332 3549 1400 αὐτῆς
3599 1332 3907 1401 ἐνεργείας
3962 1333 4062 1386 και

803 1434 964 1484 nitate
1018 1431 1373 1482 consideretur
1427 1445 1490 1479 ac
1532 1429 1858 1480 celebretur:
1917 1435 2161 1495 perpetuo
2193 1433 2367 1475 tamen

2473 1420 2657 1485 δόξης
2714 1421 2813 1473 καὶ
2869 1422 3083 1489 ἰσχύος
3126 1420 3227 1473 ἐπὶ
3270 1421 3378 1490 τῆς
3418 1423 3593 1490 ἁγίας
3645 1423 3887 1491 Τριάδος
3920 1426 4062 1478 θεω-

804 1540 919 1575 rum
950 1537 1102 1574 sacra
1134 1521 1434 1585 Scriptura,
1475 1528 1585 1570 tum
1623 1517 1727 1572 SS.
1778 1516 1990 1581 Patres,
2042 1532 2132 1583 per
2167 1513 2366 1566 Filium

2473 1512 2771 1580 ρουμένης
2811 1513 2910 1565 καί
2940 1513 3323 1581 ὑμνουμένης
3375 1513 3651 1581 συνεχῶς
3709 1514 3808 1567 καὶ
3838 1515 3917 1566 τὰ
3954 1518 4061 1568 Λό-

801 1615 1010 1682 quidem
1042 1612 1255 1667 Patrem
1289 1613 1465 1664 omnia
1511 1611 1695 1678 fecisse
1728 1609 2006 1677 afﬁrmem,
2038 1622 2138 1658 non
2191 1614 2367 1657 autem

2474 1620 2572 1671 για
2604 1604 2703 1656 καὶ
2739 1606 2793 1657 ol
2824 1604 3085 1670 Πατέρες
3113 1602 3212 1655 διὰ
3240 1602 3357 1671 μὲν
3380 1603 3488 1656 τοῦ
3525 1605 3660 1658 Υιοῦ
3692 1606 3801 1657 τὸν
3826 1605 4064 1671 Πατέρα

812 1704 1015 1771 filium
1052 1721 1142 1771 per
1180 1702 1431 1756 Patrem?
1469 1703 1615 1755 Adeo
1660 1702 1731 1755 ibi
1794 1699 1996 1752 acriter
2044 1699 2181 1750 lianc
2210 1710 2361 1764 quae-

805 1800 1033 1850 stionum
1064 1796 1216 1848 texit.
1258 1794 1451 1863 182b
1510 1792 1775 1847 Cancrum
1824 1793 1937 1859 ipsa
1985 1790 2184 1844 solutio
2221 1803 2365 1841 com-

2474 1696 2670 1748 πάντα
2721 1696 3112 1762 πεποιηκέναι
3145 1696 3357 1764 φασιν,
3392 1697 3465 1750 οὐ
3501 1696 3629 1765 μὴν
3657 1698 3765 1750 τὸν
3787 1699 3930 1750 Υιὸν
3960 1698 4059 1751 διὰ

2476 1780 2585 1833 τοῦ
2620 1784 2868 1849 Πατρός.
2904 1784 3017 1850 Τὴν
3055 1783 3153 1853 μὲν
3204 1778 3298 1836 οὖν
3335 1783 3573 1853 ἀπορίαν
3624 1784 3767 1837 οὕτω
3812 1785 4061 1854 δριμέως

806 1891 984 1941 tnnnia
1013 1902 1130 1940 esse
1158 1888 1307 1949 dicit,
1337 1899 1668 1952 qtuecunque
1698 1884 1813 1936 sive
1870 1884 1921 1935 in
1950 1880 2130 1945 Patre,
2164 1882 2277 1933 sive
2314 1880 2364 1930 in

2473 1872 2773 1937 διαπλέκει,
2809 1876 2841 1942 ἡ
2880 1874 2937 1925 δὲ
2961 1873 3116 1936 λύσις
3170 1874 3320 1944 αὐτῷ
3369 1876 3525 1928 κοινὰ
3554 1877 3653 1946 μὲν
3680 1874 3823 1931 εἷναι
3871 1879 4053 1947 λέγει,

807 1981 942 2033 Filio
996 1980 1228 2031 divinam
1271 1978 1463 2030 decent
1510 1976 1879 2043 maiestatem,
1932 1982 1986 2025 et
2033 1986 2160 2024 vero
2213 1969 2361 2023 Patri

806 2072 969 2122 etiam
1022 2070 1636 2136 attribui,qu-.ecunque
1667 2069 1731 2121 de
1784 2066 1921 2117 Filio
1973 2065 2357 2131 praedicantur,

809 2163 1071 2229 siquidem
1130 2162 1245 2230 ipse
1299 2157 1470 2213 Filius
1527 2175 1630 2211 non
1691 2157 1901 2225 repellit
1936 2154 2153 2208 Patrem
2200 2153 2269 2207 ab
2301 2154 2366 2205 iis

810 2254 1081 2321 operibus,
1118 2267 1239 2320 quas
1294 2251 1494 2304 dicitur
1574 2250 1755 2303 faccre
1804 2248 2004 2302 Filius:
2064 2248 2192 2315 quin
2262 2262 2364 2298 una

809 2346 989 2411 potius
1026 2344 1229 2396 inducit
1258 2350 1417 2408 atque
1445 2341 1729 2395 collaudat.
1765 2340 1990 2405 Quando
2014 2340 2137 2392 item
2175 2336 2366 2391 Dexte-

814 2451 871 2489 ra
908 2435 1088 2488 Patris
1134 2446 1218 2488 est
1244 2417 1452 2494 'Filius,
1482 2446 1534 2486 et
1564 2433 1849 2486 Bracltiuui
1871 2432 1911 2495 ⁸,
1943 2440 1997 2484 et
2022 2430 2294 2498 Sapientia
2321 2429 2364 2494 ⁷,

811 2536 865 2577 ‹·ι
907 2525 1159 2585 Verbum,
1199 2535 1252 2577 et
1279 2522 1524 2575 Potentia
1546 2523 1589 2581 ⁸.
1624 2522 1805 2585 Pater,
1847 2522 1981 2574 nihil
2030 2521 2218 2574 horum
2247 2534 2369 2572 esse

814 2615 1009 2667 dicitur
1039 2613 1158 2666 Filii
1189 2631 1203 2666 :
1238 2616 1430 2666 merito
1462 2630 1554 2680 per
1588 2613 1783 2666 Filium
1808 2614 1988 2666 omnia
2018 2613 2193 2665 lacere
2215 2610 2371 2663 Pater

812 2704 918 2756 dici
954 2704 1120 2770 possit
1149 2703 1291 2771 (cum
1334 2712 1388 2753 et
1421 2702 1471 2753 in
1502 2702 1656 2754 nobis
1688 2703 1874 2754 eadem
1894 2708 2149 2753 cernatur
2184 2696 2367 2766 ratio),

816 2812 917 2847 non
953 2811 981 2847 e
1014 2796 1227 2847 diverso
1253 2793 1422 2845 Filius
1447 2809 1540 2862 per
1576 2794 1814 2846 Patrem.

885 2964 1053 3017 All'ert
1090 2976 1144 3018 et
1171 2967 1327 3017 aliain
1362 2981 1580 3019 causam
1631 2968 1758 3035 (non
1781 2965 1891 3031 jam
1929 2965 2104 3018 allata:
2140 2976 2371 3019 contro—

818 3059 1029 3119 Versius,
1061 3060 1155 3110 sed
1202 3058 1446 3124 proxime
1490 3058 1863 3129 prarcedeutis)
1899 3073 2001 3111 non
2027 3059 2157 3111 satis
2198 3058 2368 3120 illam,

814 3159 872 3201 ut
932 3150 1063 3201 mitti
1117 3148 1350 3212 videtur,
1408 3160 1850 3203 consentaneam.
1914 3151 2120 3204 Asserit
2178 3150 2435 3216 Cuimzn

815 3240 1259 3309 Quandoquidem
1293 3243 1471 3293 omnia
1515 3257 1608 3309 per
1634 3241 1825 3295 Filium
1856 3240 1993 3294 facta
2026 3257 2145 3295 esse
2178 3241 2367 3296 dicun-

816 3339 927 3389 tur,
962 3331 1061 3383 nisi
1106 3331 1269 3384 etiam
1306 3332 1611 3385 incuruatio
1641 3347 1739 3400 per
1793 3331 1945 3385 illmu
1998 3334 2370 3401 processisset,

814 3419 1061 3473 lalsitatis
1086 3420 1271 3488 utique
1299 3434 1674 3489 argumentum
1700 3426 1837 3477 hanc
1866 3426 2182 3477 sententiam
2205 3424 2373 3479 fuisse

813 3515 1082 3567 daturam.
1120 3514 1187 3565 At
1221 3528 1323 3565 non
1352 3516 1443 3581 qui
1493 3516 1639 3568 dicat
1666 3530 1763 3584 per
1811 3515 2004 3570 Filium
2064 3516 2206 3571 facta
2250 3532 2373 3571 esse

810 3602 1014 3665 omnia,
1068 3602 1241 3669 ipsum
1304 3619 1425 3655 mox
1462 3608 1699 3657 omnium
1747 3617 1969 3660 naturas
2018 3608 2249 3662 subiisse
2291 3608 2374 3660 di-

813 3691 990 3755 xerit;
1026 3692 1211 3745 absit!
1248 3691 1351 3747 Sed
1399 3692 1527 3764 [hoc
1589 3694 1785 3766 solum]
1842 3696 2009 3765 ipsius
2049 3697 2160 3750 Itaac
2210 3696 2375 3749 fuisse

811 3793 1107 3841 creaturas.

884 3876 1170 3943 Sapienter
1203 3876 1396 3931 deinde
1444 3880 1697 3931 mundum
1734 3880 1803 3932 ab
1825 3880 2014 3933 eodem
2044 3890 2290 3933 creatum
2322 3888 2378 3933 et

815 3978 1120 4021 recreatum
1170 3971 1392 4023 asserit.
1457 3971 1852 4040 Argumentum
1908 3974 2053 4024 enim
2103 3972 2204 4025 hoc
2253 3986 2376 4025 esse

810 4060 1052 4122 evidens,
1082 4075 1187 4127 quo
1241 4062 1329 4127 qui
1365 4061 1594 4115 Manetis
1644 4064 1868 4116 insania:
1918 4065 2250 4127 adhaereant,
2292 4078 2376 4115 re-

808 4150 995 4218 dargui
1037 4151 1265 4217 possint.
1318 4150 1449 4204 Nam
1478 4154 1522 4205 si
1562 4152 1724 4221 impia
1806 4154 1890 4205 illa
1943 4151 2365 4207 Manichaeorum

812 4242 988 4306 turba,
1020 4257 1141 4294 cum
1157 4244 1223 4297 ab
1246 4242 1433 4295 eodem
1462 4255 1751 4313 utrumque
1774 4260 1926 4298 sacra
1955 4243 2230 4312 Scriptura
2264 4259 2377 4313 per-

808 4329 1008 4385 lectum
1073 4334 1294 4396 clamat,
1342 4344 1520 4386 tamen
1570 4336 1805 4389 universi
1830 4336 2101 4403 opilicium
2132 4335 2251 4389 Filii
2292 4337 2380 4387 ad-

808 4425 1048 4478 versario
1085 4427 1268 4480 nescio
1289 4428 1371 4479 cui
1406 4430 1691 4483 attribuit:
1724 4431 1789 4483 ad
1844 4446 1964 4499 qua:
2016 4446 2119 4483 non
2171 4428 2375 4500 [putas|

2469 1964 2569 2014 ὅσα
2619 1963 2921 2034 θεοπρεπῆ,
2958 1964 3170 2034 Πατρός
3211 1981 3271 2017 τε
3299 1966 3393 2017 καὶ
3424 1966 3579 2033 Υίοῦ,
3623 1969 3716 2020 ἐπὶ
3746 1970 3941 2038 μέντοι
3973 1972 4065 2022 τὸν

2482 2053 2700 2121 Πατέρα
2730 2054 3027 2121 ἀνάγεσθαι
3059 2056 3154 2108 καὶ
3187 2056 3288 2109 ὅσα
3322 2054 3537 2123 λέγεται
3569 2061 3700 2129 περὶ
3740 2061 3838 2113 τοῦ
3908 2061 4066 2127 Υἱοῦ,

2471 2144 2627 2213 εἴπερ
2686 2145 2779 2196 καὶ
2829 2146 3042 2208 αὐτὸςό
3076 2146 3235 2209 Υίὸς*
3266 2148 3465 2201 οὐκοῦν
3502 2150 3601 2203 οὐκ
3645 2152 3898 2221 ἐξίστησι
3954 2154 4067 2206 τῶν

2468 2236 2645 2306 ἔργων
2677 2237 2767 2289 τὸν
2797 2238 3036 2308 Πατέρα,
3066 2239 3103 2292 ὃ.
3137 2239 3354 2307 λέγεται
3402 2243 3665 2312 πράττειν
3698 2247 3725 2296 ὁ
3756 2244 3909 2308 Υἱὸς,
3944 2264 4070 2299 συν·

2469 2328 2675 2395 εισάγει
2730 2328 2847 2379 δὲ²⁸
2883 2329 3084 2396 μᾶλλον
3129 2332 3223 2383 καὶ
3275 2337 3625 2404 συνανυμνεί.
3658 2337 3780 2388 Ἔτι
3828 2337 3886 2389 δὲ
3935 2339 4067 2390 ἐπεὶ

2468 2419 2616 2485 δεξιὰ
2640 2420 2731 2473 τοῦ
2752 2422 2961 2489 Πατρδς
2980 2424 3008 2474 ὁ
3025 2422 3171 2487 Υἱὸς,
3202 2424 3294 2477 καὶ
3326 2426 3591 2495 Βραχίων,
3620 2427 3711 2479 καὶ
3738 2429 3933 2497 Σοφία,
3977 2432 4071 2483 καὶ

2469 2511 2658 2577 Λόγος,
2690 2512 2784 2562 καὶ
2812 2512 3052 2581 Δύναμις
3079 2529 3093 2543 ⁸
3127 2515 3155 2566 ὁ
3182 2514 3238 2566 δὲ
3273 2515 3463 2585 Πατὴρ
3485 2516 3691 2568 τούτων
3714 2518 3871 2569 οὐδὲν
3926 2516 4070 2571 εἶναι

2469 2602 2684 2668 λέγεται
2720 2602 2813 2653 τοῦ
2844 2603 2997 2667 Υίοῦ,
3033 2605 3257 2667 εἰκότως
3294 2607 3384 2658 διὰ
3416 2608 3515 2676 μὲν
3550 2607 3646 2659 τοῦ
3685 2608 3818 2660 Υίοῦ
3875 2610 4063 2661 πάντα

2472 2695 2687 2744 ποιεῖνὸ
2714 2692 2902 2763 Πατὴρ
2934 2695 3125 2765 ῥηθείη
3146 2695 3231 2760 ἂν,
3269 2698 3391 2749 ἐπεὶ
3425 2699 3520 2749 καὶ
3552 2699 3638 2765 ἐφ’
3670 2699 3828 2767 ἡμῶν
3852 2701 3886 2770 ἡ
3909 2703 4052 2771 αὑτὴ

2472 2781 2752 2852 θεωρεῖται
2796 2784 2973 2849 τάξις,
3025 2786 3083 2837 οὑ
3122 2786 3228 2856 μὴν
3270 2787 3540 2842 ἀνάπαλιν
3578 2788 3608 2839 ὁ
3638 2789 3762 2853 Υίδς
3814 2789 3910 2843 διὰ
3960 2793 4055 2844 τοῦ

2473 2874 2705 2943 Πατρός.

2555 2966 2783 3032 Ἐπὰγει
2810 2966 2867 3018 δὲ
2892 2970 2985 3019 καὶ
3011 2969 3207 3037 ἑτέραν
3237 2968 3436 3033 αἰτίαν,
3471 2970 3532 3021 οὐ
3563 2970 3663 3039 τῆς
3693 2969 3790 3022 νῦν
3819 2973 4060 3040 εἰρημέ-

2474 3073 2569 3125 νης
2600 3058 2852 3124 ἀπορίας,
2881 3058 2981 3127 τῆς
3001 3060 3056 3111 δὲ
3080 3058 3186 3128 πρὸ
3219 3058 3468 3128 βραχέος,
3500 3062 3599 3113 οὐκ
3629 3062 3750 3127 ἐμοὶ
3777 3062 4054 3115 δοκοῦσαν

2472 3150 2532 3200 τὸ
2552 3150 2845 3202 ἀκόλουθον
2897 3151 3111 3215 σώζειν.
3148 3152 3311 3219 Λέγει
3344 3153 3450 3223 γὰρ
3480 3153 3553 3215 ὡς
3588 3156 3711 3205 ἐπεὶ
3742 3158 3927 3208 πάντα
3968 3158 4054 3207 διὰ

2472 3242 2563 3292 τοῦ
2600 3241 2726 3293 Υἱοῦ
2758 3242 3087 3310 γεγενῆσθαι
3116 3242 3352 3315 λέγεται,
3389 3246 3439 3296 εί
3475 3246 3550 3314 μὴ
3588 3246 3680 3298 καὶ
3706 3247 3738 3314 ἡ
3768 3248 4051 3314 σᾶρκωσις

2468 3336 2535 3385 δι’
2565 3333 2729 3385 αὑτοῦ
2754 3334 3011 3403 προῆλθε,
3045 3333 3272 3403 ψεύδους
3291 3334 3357 3387 ἂν
3386 3338 3413 3387 ὁ
3443 3337 3617 3403 Λόγος
3673 3338 3902 3407 ἔλεγχον
3938 3341 4047 3392 ἐδί-

2472 3424 2585 3475 δου.
2641 3425 2717 3475 Οὐ
2744 3424 2851 3493 γὰρ
2902 3426 3123 3477 ἐπειδὰν
3152 3424 3283 3494 λέγῃ
3314 3426 3401 3477 διὰ
3424 3426 3518 3478 τοῦ
3549 3426 3679 3479 Υίοῦ
3726 3429 4059 3497 γεγενῆσθαι

2473 3517 2669 3578 πάντα,
2718 3516 2879 3567 αὑτὸν
2908 3516 3005 3584 τὴν
3032 3515 3254 3568 ἐκείνων
3285 3516 3445 3583 φύσιν
3480 3519 3822 3587 ὑποδραμεῖν
3864 3520 4016 3585 λέγοι
4036 3538 4049 3551 ’

2478 3608 2553 3677 μὴ
2586 3608 2828 3675 γένοιτο*
2878 3607 2993 3658 ἀλλ’
3029 3608 3112 3659 ὅτι
3163 3607 3329 3660 αὑτοῦ
3394 3608 3858 3680 δημιουργήματα
3906 3615 4059 3679 γέγο-

2482 3714 2591 3749 νεν.

2546 3874 2678 3929 Εἶτα
2734 3874 2914 3944 σοφῶς
2941 3876 2998 3929 δὲ
3031 3876 3131 3946 τήν
3175 3891 3235 3927 τε
3260 3874 3629 3945 δημιουργίαν
3670 3878 3765 3929 καὶ
3794 3878 3899 3945 τὴν
3929 3880 4054 3931 ἀνά-

2476 3969 2669 4021 πλασιν
2705 3969 2771 4020 δι’
2799 3968 2965 4021 αὐτοῦ
3016 3968 3152 4037 φησὶ
3181 3967 3463 4037 προελθεῖν
3484 3985 3498 3999 ο
3534 3968 3751 4037 ἔλεγχον
3778 3970 3890 4039 γὰρ
3926 3965 4057 4022 εἶναι

2475 4061 2664 4112 τοῦτον
2681 4061 2727 4091 ’³
2787 4059 2934 4128 σαφῆ
2963 4060 3072 4111 τῶν
3120 4060 3229 4112 ἀπὸ
3276 4059 3377 4128 τῆς
3408 4062 3451 4091 ³ο
3506 4061 3784 4122 Μανέντος
3837 4063 4052 4128 μανίας.

2477 4150 2669 4221 Είγὰρ
2730 4150 2823 4202 καὶ
2851 4149 2919 4201 δι’
2950 4149 3115 4203 αὑτοῦ
3152 4149 3411 4218 ἑκάτερον
3464 4150 3567 4219 τῆς
3620 4152 3774 4220 ἱερᾶς
3832 4152 4054 4220 Γραφῆς

2477 4241 2805 4309 γεγενῆσθαι
2863 4241 3074 4311 βοὼσης
3119 4242 3270 4310 ὅμως
3295 4243 3394 4313 τὴν
3424 4242 3517 4295 τοῦ
3550 4244 3752 4302 παντὸς
3780 4243 4051 4312 δημιουρ-

2478 4336 2602 4401 γίαν
2653 4336 2731 4396 εἰς
2788 4333 3165 4403 ἀντικείμενόν
3212 4350 3334 4387 τινα
3386 4334 3467 4403 τῷ
3523 4334 3637 4403 Υίῷ
3680 4336 3741 4386 τὸ
3795 4335 4053 4396 δυσσεϐὲς

2477 4427 2653 4477 ἐκεῖνο
2714 4427 2900 4491 στῖφος
2930 4424 3285 4495 ἀναφέρουσι,
3331 4424 3467 4495 πρὸς
3489 4426 3611 4477 τίνα
3645 4423 3711 4477 ἂν
3734 4424 4048 4494 δυσφημίαν

809 4514 1092 4568 maledicta
1124 4516 1521 4586 confugissent,
1551 4520 1595 4573 si
1649 4519 1715 4571 ab
1771 4520 1941 4572 altero
1972 4518 2171 4573 factum
2213 4534 2371 4570 mun-

2477 4518 2578 4570 οὐκ
2632 4516 2878 4586 ἤλασαν,
2936 4516 2984 4566 εί
3023 4514 3090 4567 δι’
3159 4514 3349 4585 ἑτέρου
3422 4516 3522 4584 μὲν
3580 4516 3677 4585 τὴν
3724 4514 3929 4566 πλάσιν
3980 4518 4043 4568 δι’

804 4605 953 4667 dum,
1008 4607 1076 4660 ab
1115 4607 1288 4662 altero
1338 4609 1595 4663 relectum
1633 4626 1802 4665 sacrae
1858 4609 2075 4663 Litterte
2124 4624 2367 4677 pronun-

806 4697 1075 4750 Hasscnt?

872 4790 952 4843 Ad
982 4805 1045 4843 ea
1092 4806 1211 4860 qua:
1267 4792 1427 4845 modo
1461 4792 1741 4847 retulimus
1783 4792 1962 4860 capita
2021 4791 2363 4845 undecimum

806 4879 933 4931 illud
960 4879 1163 4947 adjicit.
1202 4880 1365 4944 Cum,
1403 4882 1574 4949 inquit
1611 4881 1815 4946 Jobius,
1855 4882 2137 4949 Scriptura
2175 4882 2369 4935 Filium

807 4988 900 5037 per
916 4973 1290 5026 excellentiam
1308 4975 1594 5041 quamdam
1615 4974 1931 5028 Creatorem
1960 4988 2155 5027 vocare
2182 4973 2371 5033 soleat,

800 5065 948 5127 justa
984 5063 1142 5117 simul
1187 5065 1589 5129 distributione,
1623 5076 1676 5120 et
1729 5081 1794 5118 ex
1853 5065 2201 5132 consequenti
2252 5079 2376 5118 cum

801 5155 1106 5234 iudicandi,
1148 5168 1258 5209 tum
1311 5157 1456 5226 leges
1513 5158 1716 5211 ferendi
1756 5167 2078 5225 potestatem
2127 5154 2379 5225 privatim

805 5242 907 5312 'psi
934 5247 1199 5313 decernit,
1233 5264 1296 5302 ac
1333 5249 1499 5302 multo
1555 5251 1716 5301 etiam
1770 5250 1938 5317 magis
1994 5246 2233 5315 (quando
2264 5248 2379 5298 haec

804 5335 1105 5391 deformata
1148 5339 1289 5408 erat)
1326 5351 1592 5393 creatura:
1651 5339 1980 5392 renovandae
2034 5336 2369 5392 facultatem.

850 5494 1073 5621 x’xl'oaét.
1095 5512 1135 5564 ι,
1158 5498 1211 5553 3.
1288 5500 1309 5530 ⁵
1345 5500 1501 5554 Rom.
1534 5516 1592 5566 ιι,
1629 5498 1717 5555 '56.
1797 5500 1817 5531 ⁵
1851 5498 2015 5552 llebr.
2049 5514 2089 5563 ι,
2117 5497 2173 5551 2.
2249 5497 2270 5528 ⁸
2297 5495 2437 5551 Psal.

868 5584 871 5587 λ
923 5582 983 5621 t.
1050 5608 1063 5621 .

810 5582 983 5631 axx”,
1011 5582 1063 5621 δ.

2474 4613 2663 4676 ἑτέρου
2685 4608 2859 4677 δὲτὴν
2904 4606 3209 4661 ἀνάπλασιν
3235 4606 3306 4659 τὰ
3336 4607 3457 4677 ίερὰ
3522 4607 3655 4677 ἡμῖν
3709 4607 4049 4677 ἐχρησμῴδει

2473 4704 2672 4767 Λόγια;

2556 4794 2680 4845 Ἐπὶ
2709 4791 2765 4845 δὲ
2807 4792 2920 4853 τοῖς
2953 4791 3267 4862 εἰρημένοις
3316 4791 3631 4860 κεφαλαίοις
3695 4796 3933 4845 ποιεῖται
3960 4790 4041 4859 ια’,

2477 4887 2550 4949 ῶς
2576 4884 3117 4957 [5841ἶ.]συνήθωςὴ
3143 4884 3332 4953 Γραφὴ
3351 4886 3470 4937 κατ’
3484 4885 3761 4953 ἐξαίρετον
3779 4889 4044 4955 Δημιουρ·

2482 4979 2577 5045 γὸν
2612 4976 2851 5029 καλοῦσα
2878 4974 2971 5026 τὸν
3027 4974 3155 5025 Υίὸν
3209 4974 3567 5042 οἰκονομικῶς
3618 4976 3768 5044 αὐτῷ
3821 4976 3962 5027 κατὰ
3990 4977 4044 5025 τὸ

2481 5063 2773 5119 ἀκόλουθον
2794 5063 2887 5115 καὶ
2902 5062 3000 5131 τὴν
3027 5062 3205 5133 κρίσιν
3231 5065 3324 5115 καὶ¹
3348 5066 3445 5131 τὴν
3465 5064 3789 5133 νομοθεσίαν
3824 5065 4042 5133 ἐξαιρεῖ,

2484 5156 2663 5226 πολλῷ
2710 5155 2766 5206 δὲ
2811 5154 3010 5225 μᾶλλον
3061 5154 3155 5206 καὶ
3204 5152 3303 5221 τὴν
3377 5155 3522 5221 (ἐπεὶ
3584 5155 3903 5225 συνετρξόη)
3955 5156 4041 5206 τοῦ

2487 5249 2803 5318 πλάσματος
2856 5246 3175 5299 ἀνανέωσιν.
3207 5244 3555 5313 Δημιουργοῦ
3581 5246 3681 5315 μὲν
3711 5247 3820 5315 γὰρ
3853 5245 4040 5299 εἰδέναι

2479 5341 2577 5408 τὴν
2600 5336 2783 5406 φύσιν,
2816 5334 2993 5389 εἰδότα
3011 5333 3065 5387 δὲ
3099 5332 3241 5386 κατὰ
3269 5332 3427 5400 λόγον
3459 5334 3569 5385 τῶν
3594 5333 3903 5404 δεχομένων
3924 5332 4039 5393 τοὺς

2484 5512 2635 5556 mu,
2669 5495 2722 5549 ’5.
2798 5490 3011 5545 ’lCor.
3052 5508 3088 5554 ι,
3114 5490 3203 5545 ει.
3278 5489 3479 5547 'Joan.
3520 5507 3559 5554 ι,
3616 5492 3638 5543 1
3701 5506 3880 5561 seqq.;
3908 5490 4032 5543 Psal.

2096 5654 2323 5710 VARI/[3
2367 5653 2770 5708 LECTIONES.

875 5774 919 5803 "
940 5770 1139 5843 πάντα]
1194 5770 1345 5826 Joan.
1384 5788 1418 5837 ι,
1456 5772 1507 5825 5.
1588 5771 1631 5802 ²⁶
1670 5768 1749 5840 ἐξ]
1789 5768 1941 5824 “0m-
1980 5783 2052 5832 ΣΙ.
2088 5768 2174 5822 ’ὃδ-

812 5842 859 5872 ³⁰
885 5843 982 5913 τῆς
1010 5842 1213 5897 οιιιίΑ.

2271 5769 2313 5797 ιτ
2350 5759 2521 5833 svos]
2587 5765 2746 5817 ιιυιπ.
2798 5777 2835 5828 ι,
2865 5763 2917 5814 2.

3027 5763 3071 5795 ³⁸
3099 5763 3154 5817 δὲ
3199 5762 3234 5815 Α
3276 5781 3288 5815 :
3326 5762 3380 5815 δὲ
3429 5762 3520 5815 καὶ
3570 5781 3628 5827 ς.
3734 5763 3779 5795 ¹⁹
3802 5764 3950 5817 τοῦτο
3977 5766 4032 5817 Α.
