4196 6442
170 446 266 511 τα

1253 446 1773 509 BIBIJO’I‘HECA.
1794 468 1863 483 -
1887 443 2047 504 COD.
2078 442 2358 506 CCXXII.

3302 446 3409 510 712

167 559 371 624 νόμους
400 555 694 626 εἰσφέρειν,
726 556 1014 626 νομοθέτου
1060 557 1115 609 δὲ
1146 557 1241 610 καὶ
1273 557 1371 626 τὴν
1400 556 1577 625 κρίσιν
1617 554 1761 624 ἔχειν
1789 557 1824 612 Α

1751 571 1761 602 ν
1789 557 1833 612 Α
1860 551 2166 607 Conditoris
2212 554 2408 607 etenim
2446 561 2531 608 cst
2568 560 2875 608 creaturam
2908 568 3091 617 nosse.
3121 566 3174 611 et
3195 557 3283 611 ubi
3312 577 3408 613 no-

169 647 279 697 τῶν
318 662 384 697 τε
416 647 459 679 ⁸⁸
493 649 618 711 τοὺς
643 648 839 716 νόμους
873 648 1235 715 ὑπεριδόντων
1278 648 1373 699 xui.
1388 648 1502 699 ὅσοι
1532 645 1652 698 κατ’
1680 644 1749 697 αύ

168 737 296 799 τοὺς
330 737 771 791 ἐπολιτεύσαντο.
796 738 888 790 Διὸ
904 740 999 792 καὶ
1024 736 1268 804 ὁΠατὴρ
1284 738 1328 769 ³³
1357 738 1508 806 φησὶ,
1535 735 1751 803 κρίνει-

170 826 416 889 οῠόένα,
443 827 604 880 ἀλλὰ
627 827 741 894 τὴν
782 829 983 895 κρίσιν
1009 827 1215 882 πᾶσαν
1242 827 1459 880 δέδωκε
1478 826 1559 890 τῷ
1596 821 1706 889 Υιῷ
1731 838 1745 852 ⁸

168 917 264 967 καὶ
291 916 559 979 mihva
595 916 797 983 Πατὴρ
821 917 865 949 ³³
882 916 1082 985 ἀγαπᾷ
1118 917 1225 970 τὸν
1253 917 1406 979 nor,
1430 915 1527 968 καὶ
1552 914 1749 967 πάντα

164 1008 523 1061 δέδωκεν-ἐν
561 1008 636 1077 τῇ
684 1009 834 1078 χειρὶ
878 1010 1083 1064 αὐτοῦ.
1133 1012 1230 1071 ’ος
1283 1007 1639 1061 ἀναπλάττων
1679 1004 1747 1059 ’τὸ

165 1101 400 1170 πλάσμα
422 1100 490 1152 δι’
518 1100 734 1163 ἑαυτοῦ,
783 1101 878 1154 καὶ
906 1101 1121 1170 πρῶτος
1148 1101 1275 1163 τοὺς
1308 1099 1506 1169 νόμους
1538 1097 1744 1167 ἐκπλη-

172 1192 300 1261 ρῶν,
330 1194 696 1262 ὑπογραμμὸν
741 1195 872 1263 ήμῖν
899 1194 1093 1247 ἑαυτὸν
1120 1188 1412 1264 προτάττει
1443 1192 1740 1254 πολιτείας,

164 1284 315 1353 ῆνοὺ
354 1283 701 1353 κατορθῶσαι
750 1286 985 1355 χαλεπὸν
1036 1286 1173 1355 πρὸς
1223 1286 1313 1338 τὸν
1366 1282 1606 1353 ἀρχηγὸν
1641 1283 1739 1349 ἀφ·

163 1375 411 1441 ορῶντας
444 1376 538 1429 καὶ
562 1378 922 1446 χειραγωγόν.
956 1378 1212 1446 Ἀριστος
1247 1377 1305 1430 δι
1332 1375 1653 1445 νομοθέτης,
1680 1372 1740 1435 δς

166 1468 239 1535 μὴ
271 1467 419 1537 λόγῳ
468 1468 628 1537 μόνον
672 1470 733 1521 τὸ
774 1470 1079 1539 πρακτέον,
1145 1470 1326 1539 ἔργοις
1342 1470 1387 1500 ⁸⁸
1429 1468 1485 1521 δὲ
1537 1467 1735 1537 μᾶλλον

162 1558 477 1625 νομοθετεῖ·
507 1559 586 1612 διδ
626 1562 719 1615 καί
762 1578 926 1630 φησιν
948 1579 961 1594 ε
994 1556 1110 1617 Ὧν
1125 1562 1169 1593 ³⁸
1192 1562 1417 1630 ἤρξατο
1437 1564 1469 1615 ὁ
1505 1558 1736 1629 Ἰησοῦς

160 1649 361 1703 ποιεῖν
392 1667 459 1704 τε
494 1651 594 1705 καὶ
628 1650 961 1705 διδάσκειν.

1851 644 2015 707 Verit,
2049 656 2144 710 pro
2163 644 2567 712 suscipientiuut
2598 645 2907 699 conditione
2932 645 3076 714 leges
3106 649 3265 703 ferre.
3299 649 3401 704 Le-

1850 732 2125 801 gislatoris
2159 735 2353 805 183a
2388 751 2513 791 vero
2539 744 2623 790 cst
2674 734 2936 803 judicium
2988 736 3153 802 ferre,
3181 754 3303 793 cum
3348 742 3402 793 in

1846 836 1943 875 eos
1968 822 2058 888 qui
2080 822 2248 892 legem
2273 826 2729 893 spreverint,tum
2762 826 2813 879 in
2836 841 2951 888 eos,
2982 828 3077 896 qui
3113 829 3404 883 secundum

1846 911 1994 965 illam
2027 913 2257 966 vixerim
2290 931 2303 966 :
2344 917 2541 979 Quare,
2578 917 2772 986 inquit,
2821 915 2984 971 Pater
3045 936 3148 972 non
3195 920 3407 989 judicat

1842 1017 2173 1071 quemquam,
2229 1007 2317 1057 sed
2362 1022 2511 1058 omne
2558 1007 2817 1073 judicium
2873 1009 3018 1062 dedit
3070 1008 3216 1063 Filio
3246 1012 3289 1065 '.
3344 1010 3409 1064 Et

1842 1091 2080 1148 iterum:
2141 1091 2302 1147 Pater
2346 1095 2516 1164 diligit
2561 1094 2787 1163 Filium,
2835 1108 2882 1152 et
2941 1101 3119 1152 omnia
3166 1103 3306 1154 dedit
3353 1104 3406 1154 iu

1841 1201 2003 1238 manu
2027 1184 2145 1251 eius
2171 1186 2237 1241 ".
2271 1185 2371 1253 Qui
2399 1198 2706 1241 creaturam
2733 1202 2830 1257 per
2886 1199 3063 1244 sentet
3113 1193 3404 1261 refingens,

1839 1288 1891 1329 et
1922 1277 2129 1344 primus
2162 1276 2307 1347 leges
2333 1277 2577 1346 implens,
2610 1280 2914 1347 exemplum
2947 1281 3103 1334 nobis
3147 1284 3403 1350 degenda-

1838 1366 1963 1420 vitze
2004 1367 2240 1437 seipsum
2300 1370 2603 1437 prescribit
2634 1388 2648 1424 :
2684 1385 2843 1439 quam
2877 1372 3043 1425 vitam
3102 1372 3258 1428 facile
3324 1385 3406 1428 est

1841 1468 1988 1511 reete
2033 1457 2339 1521 instituere,
2391 1459 2437 1512 si
2494 1460 2655 1513 modo
2707 1461 2759 1514 in
2821 1462 3140 1530 principem,
3163 1474 3215 1519 et
3245 1480 3405 1518 manu

1840 1548 2126 1601 ducentem
2172 1549 2544 1618 respiciamus.
2586 1550 2831 1618 Optimus
2872 1555 3067 1622 quippe
3124 1554 3400 1623 legislator

1839 1636 1947 1698 ille,
1983 1637 2071 1705 qui
2101 1651 2204 1691 non
2228 1638 2404 1691 verbis
2424 1640 2579 1692 modo
2603 1642 2728 1708 quid
2750 1647 3037 1708 agendum,
3070 1645 3164 1697 sed
3193 1648 3405 1702 actione

1837 1728 2013 1796 potius
2046 1730 2158 1796 ipsa
2189 1730 2362 1796 pneit,
2394 1744 2552 1797 quam
2576 1733 2737 1784 etiam
2760 1734 2831 1786 ob
2858 1747 2971 1786 rem
3014 1736 3245 1791 dicitur:
3272 1737 3404 1802 Qui:

1835 1820 1986 1886 cwpit
2013 1818 2166 1872 Jesus
2190 1820 2358 1885 facere
2381 1828 2430 1871 et
2451 1821 2630 1873 docere
2655 1824 2718 1876 ".

245 1911 483 1981 Ἑφεξῆς
508 1911 564 1965 δὲ
598 1910 753 1982 ζητεῖ
781 1912 884 1966 Διά
914 1911 973 1966 τι
988 1912 1075 1982 μὴ
1099 1910 1174 1966 δι’
1203 1909 1518 1979 ἀνθρώπου
1546 1912 1585 1977 ἡ
1619 1924 1736 1963 σω·
1768 1924 1808 1979 Β

1768 1924 1808 1979 Β
1910 1906 1996 1969 Η,
2032 1904 2237 1971 ριιιιιτίι
2267 1907 2485 1960 deinde:
2522 1907 2699 1971 Quare
2749 1925 2852 1964 nats
2908 1927 3002 1977 per
3038 1912 3298 1965 hominem
3331 1914 3395 1964 sit

159 2004 339 2067 τηρία
362 2019 383 2065 ;
409 2003 442 2070 ἢ
472 2002 575 2055 Διὰ
606 2005 663 2055 τί
690 2002 772 2070 μὴ
819 2002 1075 2071 ἀττελος
1123 2000 1589 2069 emt-013611108;
1617 1999 1726 2052 Καί

160 2110 331 2159 φησιν
365 2094 440 2154 ὡς
473 2096 961 2165 πεπραγμάτευται
999 2094 1099 2163 μὲν
1127 2093 1389 2155 πολλάκις
1415 2092 1482 2144 δι’
1521 2091 1729 2162 ἀνθρὼ-

158 2200 279 2235 πων
314 2184 425 2237 τῶν
460 2186 739 2255 ὁμογενῶν
779 2188 811 2255 η
841 2186 1105 2256 σωτηρία,
1134 2184 1327 2255 ὥσπερ
1362 2184 1449 2237 διὰ
1487 2184 1728 2245 Μωσέως

158 2281 255 2326 καὶ
286 2276 377 2328 διὰ
402 2277 510 2328 τῶν
537 2277 849 2347 προφητῶν,
871 2276 983 2329 ἀλλ’
1011 2277 1131 2329 οὐδὲ
1160 2277 1219 2329 ἓν
1238 2276 1529 2346 ὁλόκληρον
1551 2275 1725 2341 ἔθνος,

156 2366 270 2418 τῶν
309 2368 579 2420 Ἰουδαίων
617 2369 778 2435 λέγω,
809 2368 903 2420 τοῦ
930 2368 1108 2421 κοινοῦ
1131 2368 1449 2439 ἀνερρώσθη
1485 2368 1727 2439 νοσήμα-

160 2476 272 2521 τος.
294 2459 419 2520 Πῶς
446 2459 502 2511 δὲ
525 2460 618 2511 καὶ
638 2459 925 2530 ἀνθρώπου
955 2458 1014 2511 τὸ
1040 2460 1162 2513 ὅλον
1184 2460 1413 2530 φύραμα
1437 2450 1728 2533 νενοσηκὸς

160 2550 505 2615 ὲξιάσασθαι,
538 2551 570 2620 ἢ
606 2551 709 2621 τὸν.
737 2551 953 2621 ἰσχυρὸν
978 2551 1170 2620 δῆσαι,
1218 2553 1313 2605 καὶ
1348 2552 1537 2606 τούτου
1572 2552 1727 2624 διαρ-

160 2642 336 2692 πάσαι
367 2646 434 2694 τὰ
465 2641 667 2711 σκεύη;
693 2640 815 2712 [501
851 2642 942 2713 H.]
972 2642 1093 2704 Πῶς
1126 2642 1183 2694 δὲ
1204 2644 1296 2695 καὶ
1332 2642 1483 2711 ψιλὸς
1517 2644 1728 2713 άνθρωυ

161 2749 263 2793 πος
291 2733 352 2784 τὸ
379 2732 636 2801 ὁμογενὲς
672 2732 1025 2803 έξεκάθηρεν,
1061 2734 1239 2796 αὐτὸς.
1267 2733 1488 2804 μέτοχος
1528 2733 1605 2786 ὢν
1631 2732 1725 2785 τοῦ

160 2825 553 2893 ρυπάσματοςς
596 2823 807 2891 Ὀὐδεὶς
836 2825 880 2856 ³⁸
918 2826 1027 2895 γὰρ
1063 2828 1179 2880 ἀπὸ
1208 2827 1404 2892 ῥύπου
1446 2828 1723 2893 καθαρός.

160 2916 287 2969 Οὐδ’
316 2916 549 2983 ἀγγέλου
598 2916 654 2969 δέ
702 2933 846 2978 τινος
884 2911 974 2986 ἦν,
1007 2918 1055 2969 εἰ
1086 2916 1182 2985 τὴν
1228 2916 1503 2986 σάρκωσιν
1536 2916 1724 2967 ἐπετέ-

156 3023 394 3075 τραπτο,
416 3007 514 3069 τὰς
541 3007 714 3076 ἀρχὰς
744 3009 839 3060 καὶ
866 3007 964 3069 τὰς
997 3006 1245 3072 ἐξουσίας
1278 3006 1640 3077 θριαμϐεῦσαι
1666 3024 1724 3060 τε

158 3102 257 3152 καὶ
301 3100 821 3171 παραδειγματίσαι.
859 3098 981 3162 Πῶς
1007 3100 1051 3151 δ’
1098 3100 1163 3152 ἂν
1208 3099 1391 3163 δοῦλος
1423 3098 1500 3150 ὢν
1545 3100 1613 3151 τὰ
1642 3100 1725 3152 δε-

158 3190 399 3244 σποτικὰ
427 3189 519 3242 καὶ
543 3190 814 3258 βασιλικὰ,
832 3188 923 3241 τοῦ
953 3190 1117 3258 νόμου
1141 3189 1304 3256 λέγω,
1330 3190 1724 3260 προστάγματα

1835 1996 1980 2063 facta
2013 1994 2238 2047 saluatio
2273 1994 2453 2049 ?aut:
2494 1995 2670 2060 Quare
2723 2014 2824 2051 non
2870 2001 3085 2069 angelus
3140 2004 3401 2071 quispiam

1834 2099 2041 2135 carnem
2060 2083 2340 2137 induerit?
2373 2083 2699 2154 Respondet,
2737 2096 2994 2143 tentatam
3035 2091 3250 2159 quidem
3302 2096 3399 2144 lm-

1836 2171 2039 2224 tninum
2087 2173 2312 2227 salutem
2346 2187 2441 2242 per
2461 2174 2703 2228 homines
2726 2189 2828 2229 non
2867 2178 3054 2240 semel,
3080 2194 3175 2247 per
3200 2178 3401 2234 Mosem

1837 2263 2091 2345 nimirum
2147 2274 2202 2318 et
2256 2265 2572 2333 prophetas:
2636 2267 2729 2320 sed
2797 2282 3070 2334 nunquam
3121 2271 3203 2324 vel
3241 2286 3401 2324 unam

1832 2357 2067 2427 aliquam
2144 2367 2379 2428 gentem,
2430 2368 2595 2412 totam
2646 2358 2949 2415 Judzeorum
2994 2372 3145 2431 puta.
3187 2364 3254 2418 ab
3308 2367 3398 2418 illo

1836 2451 2108 2505 communi
2133 2452 2323 2506 morbo
2349 2453 2690 2507 convaluisse
2726 2470 2741 2506 :
2776 2456 3045 2522 quomodo
3078 2457 3243 2525 igitur
3295 2459 3392 2511 lm-

1834 2560 2049 2597 mannm
2100 2560 2269 2613 genus
2299 2546 2607 2599 universum
2639 2584 2654 2608 ,
2708 2548 2897 2602 morbo
2941 2560 3273 2619 correptum,
3308 2568 3395 2606 sa-

1832 2644 2075 2699 nsssent,
2107 2645 2200 2689 aut
2262 2635 2454 2691 fortem
2502 2638 2761 2707 ligassent
2790 2640 2853 2705 ",
2888 2651 3051 2709 atque
3089 2645 3205 2714 ejus
3246 2661 3396 2699 arma

1833 2725 2229 2780 abstulissent?
2263 2726 2541 2793 Quomodo
2582 2745 2710 2784 vero
2741 2746 2909 2800 purus
2945 2735 3105 2787 homo
3148 2736 3391 2804 ejusdem

1831 2830 2015 2869 secum
2066 2827 2271 2872 natura:
2330 2818 2602 2874 hominem
2653 2833 3027 2891 expurgasset,
3073 2828 3386 2882 earumdem

1832 2906 1948 2974 ipse
1972 2910 2235 2976 particeps
2256 2912 2538 2964 sordium?
2572 2911 2737 2965 Nemo
2771 2915 2908 2967 enim
2938 2934 2969 2969 a
3019 2920 3172 2972 sorde
3221 2936 3378 2973 mttu-

1830 2997 1929 3049 dus
1959 2996 2021 3051 “.
2060 2997 2244 3068 Neque
2271 3014 2455 3053 rursus
2487 3002 2661 3071 angeli
2690 3001 2849 3058 ullius
2879 3015 3018 3072 erat,
3050 3008 3095 3061 si
3144 3008 3219 3062 illi
3244 3023 3392 3063 com-

1830 3090 1989 3140 missa
2025 3086 2553 3155 fuissetincarnatio,
2575 3092 2904 3161 principatus
2931 3108 2985 3151 et
3026 3108 3320 3166 potestates
3346 3100 3388 3132 ”

1830 3177 1884 3230 in
1940 3179 2266 3247 triumphum
2324 3182 2542 3245 ducere,
2585 3198 2647 3238 ac
2681 3186 2855 3254 palam
2889 3189 3201 3243 traducere.
3233 3189 3381 3256 Quo-

156 3284 299 3352 πρὸς
326 3282 429 3351 τὴν
457 3281 823 3350 εὐαγγελικὴν
849 3279 1145 3345 πολιτείαν,
1168 3281 1236 3333 δι’
1268 3276 1336 3351 ἧς
1366 3281 1497 3349 ἡμῖν
1527 3282 1559 3350 ἡ
1590 3282 1723 3350 πρὸς
1752 3272 1796 3333 C

1752 3272 1796 3333 ο
1828 3268 1989 3320 modo
2036 3268 2199 3322 etiam
2253 3285 2443 3325 servus
2479 3274 2743 3340 potuisset
2796 3275 3067 3331 Dominica
3116 3293 3180 3333 ac
3245 3281 3388 3350 regia

152 3374 423 3444 οὐρανοὺς
457 3374 661 3435 ἄνοδος,
711 3373 1110 3445 μετερρύθμιζέ
1146 3391 1207 3427 τε
1255 3375 1349 3427 καὶ¹
1376 3374 1721 3443 μετέταττεν,

151 3465 349 3533 ὥσπερ
373 3467 402 3516 ὁ
426 3462 908 3533 Σαπὴρ,Ἐρῤέθη,
932 3462 977 3494 ³⁷
1008 3463 1201 3530 λέγων,
1220 3462 1302 3527 τῷ
1352 3463 1515 3531 νόμῳ
1560 3462 1723 3527 τάδε,

151 3554 270 3623 ἐγὼ
303 3555 373 3607 δὲ
403 3554 559 3623 λέγω
583 3554 725 3623 ὑμῖν
763 3555 925 3618 τάδε,
956 3555 1073 3618 πῶς
1104 3555 1148 3607 δ’
1191 3556 1256 3608 ἂν
1297 3554 1589 3624 ὁμοδούλου
1626 3572 1722 3609 κε-

151 3646 408 3707 λεύοντος
452 3646 523 3699 τά
562 3646 813 3716 δαιμόνια
868 3647 962 3699 καὶ
1005 3648 1035 3699 ὁ
1088 3645 1293 3699 τούτων
1331 3647 1513 3716 ἄρχων
1548 3648 1629 3709 είς
1663 3646 1725 3698 τὸ

152 3738 350 3799 σκότος
394 3738 773 3807 ἀπεπέμπετο,
810 3738 943 3792 ὅπου
989 3755 1052 3805 γε
1088 3739 1117 3790 ὁ
1160 3738 1497 3808 ἀρχάγγελος
1538 3738 1583 3771 ³³
1622 3739 1725 3791 Μι-

151 3826 315 3895 χαὴλ,
368 3826 494 3893 περὶ
534 3826 652 3887 ἑνὸς
698 3826 948 3892 σώματος
979 3826 1073 3878 τοῦ
1110 3828 1376 3892 Μωσέως,
1417 3828 1512 3879 καὶ
1552 3828 1723 3880 ταῦτα

148 3917 386 3978 δικαίου,
433 3915 511 3985 τῷ
560 3915 789 3986 διαϐόλῳ
847 3916 1271 3987 διαφερόμενος,
1310 3919 1410 3970 οὐκ
1453 3918 1721 3989 ὶτόλμησε

150 4009 286 4079 παρ’
318 4006 516 4059 ἑαυτοῦ
549 4005 870 4076 βλάσφημον
903 4005 1205 4075 ἐξενεγκεῖν
1237 4009 1355 4061 κατ’
1394 4008 1559 4062 αὐτοῦ
1596 4009 1722 4078 κρί-

151 4116 275 4164 σιν;
319 4098 464 4168 Πρὸς
508 4097 781 4151 υἱοθεσίαν
811 4098 867 4150 δὲ
912 4098 1014 4150 ποῦ
1059 4097 1125 4151 ἂν
1169 4097 1329 4161 αὐτὸς
1361 4101 1510 4168 ἡμᾶς
1536 4097 1721 4162 δοῦλος

148 4190 226 4242 ῶν
252 4192 533 4258 ἀνήγαγεν
554 4188 635 4255 ³⁹ς
674 4189 708 4259 ἢ
764 4188 883 4251 πῶς
929 4188 997 4241 ἂν
1054 4188 1306 4260 σύνεδρον
1352 4189 1432 4260 τῷ
1469 4190 1720 4260 πατρικῷ

150 4282 332 4350 θρόνῳ
362 4298 423 4333 τυ
450 4279 738 4351 ἡμέτερον,
756 4279 832 4343 ὡς
867 4278 959 4332 νῦν
980 4278 1069 4333 διὰ
1097 4279 1191 4333 τοῦ
1222 4278 1372 4345 Υἰοῦ,
1398 4282 1721 4352 ὶγνωρίζετο

150 4389 409 4443 φυραμα-

1826 3368 2116 3424 ρτωοεριιι,
2172 3359 2323 3429 legis,
2355 3362 2594 3432 inquam,
2629 3364 2681 3418 in
2725 3368 2918 3419 melius
2968 3368 3096 3421 illud
3154 3384 3387 3439 evange—

1828 3446 1987 3501 licum
2016 3448 2323 3505 institutum
2358 3452 2477 3523 (per
2502 3456 2641 3523 quod
2673 3457 2828 3511 nobis
2854 3454 3073 3529 [solum]
3100 3460 3151 3513 in
3177 3460 3372 3514 caelum

1824 3551 2088 3592 ascensus
2113 3541 2291 3600 datur)
2324 3543 2606 3599 immutato
2655 3548 2847 3599 ordine
2884 3549 3201 3612 reformare,
3243 3554 3381 3616 qunti

1823 3628 2068 3685 Salvator
2121 3630 2268 3693 fecit,
2296 3648 2417 3687 cum
2436 3636 2670 3692 diceret:
2706 3638 2859 3691 Dicta
2891 3650 3008 3692 sunt
3035 3640 3143 3693 hac
3180 3642 3232 3693 in
3258 3642 3387 3709 lege,

1823 3729 1875 3772 at
1922 3736 2014 3790 ego
2035 3722 2152 3775 dico
2183 3724 2327 3778 vobis
2358 3724 2420 3778 ⁸⁸.
2482 3725 2764 3791 Quomodo
2812 3730 2937 3785 item
2986 3730 3209 3800 jubente
3255 3748 3385 3786 con-

1821 3824 2001 3876 servo,
2050 3812 2310 3867 da-tnouia
2367 3830 2662 3887 eorumque
2722 3820 2968 3889 princeps
3022 3822 3075 3874 in
3136 3824 3385 3879 tenebras

1823 3900 2166 3957 mitterentur
2193 3941 2208 3969 ,
2244 3908 2697 3976 quandoquidem,
2748 3910 2973 3966 Michael
3030 3913 3384 3981 archangelus

1821 4006 1920 4059 pro
1954 3992 2069 4047 solo
2125 3993 2311 4061 Mosis,
2363 4006 2419 4051 et
2466 4000 2679 4067 quidem
2728 4001 2885 4071 justi,
2933 4017 3183 4074 corpore,
3245 4021 3367 4061 cum

1821 4083 2033 4137 diabolo
2058 4085 2359 4153 disputans.
2392 4102 2486 4157 per
2514 4105 2571 4144 se
2595 4107 2699 4145 non
2728 4102 2816 4147 est
2839 4109 3007 4150 ausus
3033 4095 3292 4165 judicium
3316 4099 3370 4152 ei

1822 4170 2023 4225 inferre
2079 4173 2425 4244 blasphemiae
2446 4179 2488 4210 ⁵⁷
2517 4179 2539 4231 τ
2568 4179 2846 4245 Quomodo
2906 4199 3094 4239 servus
3129 4186 3240 4255 ipse
3278 4204 3380 4243 nos

1818 4262 1885 4315 ad
1918 4262 2165 4318 ordinem
2220 4268 2595 4337 adoptivorum
2655 4275 2885 4330 evehere
2938 4278 3238 4345 potuisset?
3289 4290 3381 4333 aut

1816 4357 2085 4420 qnutnodo
2144 4366 2201 4408 ut
2249 4374 2389 4412 nunc
2449 4376 2544 4427 per
2599 4362 2807 4428 Filium,
2871 4368 3144 4435 cognitum
3192 4368 3384 4424 fuisset

1816 4459 1983 4512 genus
2008 4458 2252 4500 nostrum
2284 4464 2388 4503 una
2410 4451 2720 4506 considendi
2760 4454 2811 4507 in
2838 4459 3012 4524 patrio
3042 4458 3238 4511 throno
3279 4476 3378 4529 po-

1822 4543 2069 4588 testatem
2106 4550 2228 4591 esse
2264 4540 2521 4592 nactum?

218 4627 412 4682 Ταῦτα
455 4627 676 4681 διελθὼν
722 4627 1103 4696 αἰτιολογεῖται
1154 4628 1229 4693 ὡς
1272 4630 1301 4682 ὁ
1332 4629 1603 4699 Ἰορδάνης
1630 4632 1723 4684 καὶ
1756 4614 1798 4668 D

1756 4614 1798 4668 D
1900 4622 2024 4677 Haec
2052 4624 2139 4677 ubi
2179 4627 2453 4688 disseruit.
2486 4644 2703 4683 causam
2740 4630 2931 4694 reddit,
2979 4648 3076 4686 cur
3118 4633 3380 4692 Jordanes

145 4723 179 4788 ἡ
208 4718 451 4789 Ἐρυθρά
486 4718 725 4771 Θάλασσα
753 4719 942 4771 Μωσετ
972 4720 1069 4789 μὲν
1108 4721 1200 4775 καὶ
1228 4719 1382 4791 Ἥλίςι
1418 4722 1509 4773 καὶ
1542 4719 1720 4773 Ἐλιο-

146 4808 288 4877 σαίῳ
334 4806 669 4859 διαϐαίνουσι
716 4806 1012 4875 σχίζονται,
1049 4807 1143 4860 καὶ
1189 4807 1311 4859 τότε
1356 4807 1416 4859 τὸ
1452 4806 1498 4838 ⁸⁸
1540 4807 1720 4869 αὐτοῖς

147 4900 483 4971 πρόσταγμα
537 4896 629 4949 τοῦ
663 4898 933 4950 Δεσπότου
984 4896 1408 4965 δυσωπούμενα;
1457 4896 1617 4967 ἔργον
1663 4896 1720 4949 δὲ

146 4991 368 5058 φύσεως
396 4988 458 5039 τὸ
486 4987 683 5058 βάρους
709 4987 1039 5055 ἐμπεσόντος
1062 4986 1139 5055 τῷ
1170 4984 1320 5038 ὕδατι
1352 4984 1719 5055 διασχίζεσθαί

1816 4722 1871 4766 et
1905 4728 2056 4767 mare
2112 4713 2372 4780 Rubrum,
2427 4718 2569 4774 Mose
2599 4720 2641 4751 ⁸⁸
2688 4721 2899 4789 quidem
2949 4732 3107 4792 atque
3156 4724 3271 4778 Elia
3327 4738 3381 4781 et

1818 4802 2009 4857 Elisaeo
2066 4810 2533 4863 transeuntibus"
2594 4811 2932 4865 dividantur:
2990 4825 3118 4869 tunc
3176 4832 3377 4885 prace-

1816 4905 1964 4967 ptum
2018 4898 2253 4963 Domini,
2284 4903 2425 4967 quod
2482 4902 2533 4954 in
2568 4902 2699 4971 ipsis
2727 4912 2867 4970 erat,
2894 4906 3123 4958 reverita
3154 4909 3379 4976 (uatum

1816 4991 2013 5060 quippe
2042 5007 2179 5061 opus
2213 5003 2317 5057 est,
2358 4995 2596 5062 pondere
2624 4995 2830 5063 illapso,
2861 5013 3058 5065 aquam
3098 4999 3267 5053 scindi
3308 5016 3373 5056 ac

142 5099 200 5141 τε
224 5082 326 5133 καὶ
364 5078 687 5143 διίστασθαι,
719 5078 861 5132 ὥστε
915 5079 975 5131 τὸ
1028 5079 1300 5149 ὑπερφυὲς
1339 5078 1406 5130 δι’
1435 5078 1615 5131 αὐτῶν
1650 5078 1712 5131 ού

1820 5080 2131 5147 discedere;
2171 5083 2355 5153 18312
2396 5084 2529 5137 sicut
2557 5100 2653 5153 per
2683 5087 2996 5141 miraculum
3029 5089 3098 5142 ab
3142 5090 3247 5145 illis
3282 5106 3376 5160 pa-

144 5170 537 5241 βελτιουμένης
576 5170 874 5223 ἐτελειοῦτο
910 5170 1008 5238 τῆς
1038 5170 1250 5238 φύσεως
1271 5186 1286 5199 ·
1329 5169 1630 5238 δεσποτικῷ
1656 5169 1713 5221 δὲ

1824 5180 2021 5223 tratum
2058 5174 2226 5226 nihilo
2294 5173 2458 5228 fuerit
2518 5185 2706 5228 natura
2765 5180 3109 5246 praestantior
3160 5180 3371 5248 effecta)

144 5264 271 5315 ποδὶ
318 5260 653 5314 έπιϐαίνοντι
697 5261 885 5314 οὐκέτι
933 5260 1032 5329 μὲν
1079 5263 1111 5329 ἡ
1164 5261 1405 5314 θάλασσα
1443 5264 1507 5330 τῇ
1558 5261 1716 5330 φύσει

1715 5301 1716 5307 η
1824 5260 2034 5315 Domini
2072 5278 2198 5317 vero
2230 5266 2362 5332 pede
2392 5265 2653 5330 calcante,
2714 5283 2817 5320 non
2855 5268 2966 5335 jam
3014 5271 3244 5338 amplius
3278 5287 3372 5339 pe-

141 5351 477 5406 δουλεύουσα
510 5351 774 5422 σχίζεται,
824 5351 1117 5421 ὑπερφυῶς
1159 5350 1216 5403 δὲ
1249 5351 1588 5421 συντηροῦσα
1617 5351 1717 5423 τὴν

1712 5367 1717 5393 ι
1824 5352 1975 5422 lagus
2017 5364 2224 5409 natura?
2276 5371 2383 5409 suae
2416 5359 2659 5413 serviens
2707 5360 3011 5413 dividatur:
3057 5364 3151 5416 sed
3206 5378 3369 5432 supra

216 5498 239 5528 ⁹
264 5493 510 5565 Ιοσιιην,
532 5491 621 5565 22.
645 5492 743 5565 ﬂ“
768 5489 920 5544 Joan.
953 5506 1031 5565 tu,
1066 5490 1167 5565 _3_5._
1230 5490 1275 5565 f‘
1308 5488 1594 5565 l__PcI_r._tt,
1617 5492 1733 5565 ει.
1798 5494 1873 5565 ξ’.

1714 5532 1733 5565 ,ν
1798 5494 1844 5565 ξ’
1870 5494 1987 5548 Act.
2026 5495 2155 5565 μί.
2236 5496 2279 5528 ’⁸
2298 5494 2427 5550 Luc.
2456 5512 2515 5560 ll,
2554 5496 2644 5552 22.
2721 5498 2765 5529 “
2785 5497 2884 5553 Job
2929 5516 3040 5565 xxv,
3065 5502 3121 5556 4.
3198 5504 3239 5535 ³⁸
3269 5504 3371 5560 Co-

141 5567 275 5622 loss.
321 5563 488 5629 ",15.
566 5563 609 5593 ¹⁶
642 5560 830 5615 Matth.
858 5576 909 5624 ν,
941 5560 1029 5614 9.2.
1065 5559 1105 5591 "
1138 5557 1289 5614 Iuda:
1324 5560 1377 5615 5.
1414 5562 1455 5593 ⁸⁸
1486 5562 1653 5615 Exod.
1678 5564 1798 5628 δικ

771 5565 830 5615 ,h.
858 5576 909 5624 ν,
941 5560 1029 5614 9.2.
1065 5559 1105 5591 "
1138 5557 1289 5614 Iuda:
1324 5560 1377 5615 5.
1414 5562 1455 5593 ⁸⁸
1486 5562 1653 5615 Exod.
1678 5564 1768 5628 54,
1791 5562 1881 5617 2|.
1958 5565 1999 5595 ¹⁹
2030 5564 2094 5619 ιγ
2119 5564 2249 5635 Reg.
2292 5582 2352 5631 ιι,
2377 5565 2428 5620 8.

1404 5678 1636 5735 VARIA'J
1677 5680 2081 5738 LECTIONES.

219 5780 262 5810 ³¹
292 5794 355 5829 τε
389 5776 513 5828 add.
544 5776 608 5827 Δ.
684 5773 727 5805 ”
756 5773 785 5826 ὁ
816 5773 1024 5846 Πατὴρ]
1054 5772 1210 5827 Joan.
1237 5788 1291 5835 ν,
1320 5773 1410 5827 22.
1488 5774 1532 5807 ³³
1556 5776 1584 5827 ὁ
1612 5773 1821 5897 Πατέρ]
1846 5773 2221 5859 ,ἰιιιιηκιιιηόἂ
2297 5776 2341 5808 ³⁸
2371 5777 2547 5844 ἔργοις
2572 5775 2625 5826 δὲ
2645 5792 2815 5857 atnpr.
2852 5781 2915 5833 Α.

276 5848 335 5881 ³⁸
378 5842 575 5897 οὐδεὶςῖ
626 5841 745 5897 Job.
780 5853 889 5897 κεν.
921 5844 974 5897 ὦ.
1052 5843 1094 5876 ³²
1122 5843 1343 5897 ὲρὸἐθηι
1396 5843 1580 5897 Matth.
1621 5860 1671 5897 ι’.
1701 5846 1734 5896 2
1777 5885 1790 5897 .
1867 5845 1910 5875 ³⁸
1936 5846 1964 5895 ὁ
1998 5859 2237 5897 αογαγγ.
2273 5844 2396 5897 .ΙιιιΙ.
2432 5848 2484 5897 9.
2562 5845 2603 5876 "
2636 5848 2832 5897 ἀντιγεν
2864 5867 2915 5897 c.

1448 5860 1580 5897 attn.
1621 5860 1671 5907 ι’,
1701 5860 1790 5899 zz.

219 5781 262 5810 at
292 5794 355 5829 τε
389 5781 513 5828 mm.
544 5781 608 5827 Α,
684 5781 727 5805 ιι
756 5781 785 5826 δ
816 5781 1024 5846 Πατὴρ]
1054 5781 1210 5827 Joan.
1237 5788 1291 5835 v,
1320 5781 1410 5827 22.
1488 5781 1532 5807 ³³
1556 5781 1584 5827 ὁ
1613 5781 1821 5897 "wrng
1846 5781 2001 5827 Jnan.
2030 5791 2107 5837 Ill,
2134 5781 2221 5830 55.
2297 5781 2341 5808 ”
2371 5781 2547 5844 ἔργοις
2572 5781 2625 5826 δὲ
2645 5792 2815 5857 mupr.
2852 5781 2915 5833 Α,
2991 5782 3034 5812 ss
3063 5781 3158 5852 ων]
3191 5784 3248 5833 Α,
3268 5792 3304 5834 ι.
3326 5798 3364 5847 ι’

142 5850 201 5907 1,
276 5848 335 5881 ³⁸
378 5842 575 5913 οὐδεὶς]
626 5841 745 5899 Job.
780 5853 889 5908 xiv,
921 5844 974 5899 ὁ.
1052 5843 1094 5876 ³²
1122 5843 1343 5915 ἐρρέθη]
1396 5843 1580 5897 Matth.
1621 5860 1671 5907 ι’,
1701 5846 1734 5896 2
1777 5885 1790 5899 .
1867 5845 1910 5875 ³⁸
1936 5846 1964 5895 ὁ
1998 5844 2237 5914 ἀρχάγγ.
2273 5844 2396 5899 Jud.
2432 5848 2484 5899 9.
2562 5845 2603 5876 ³³
2636 5848 2832 5916 ἀνηγεν
2864 5867 2922 5913 ς.
2998 5852 3042 5881 ⁸ο
3068 5853 3127 5904 τὸ
3149 5853 3268 5906 add.
3296 5854 3360 5908 Δ.

2998 5852 3042 5881 ⁸ο
3068 5853 3127 5904 τὸ
3149 5853 3268 5906 add.
3296 5854 3360 5908 Δ.
