4196 6442
790 416 891 479 743

1935 396 2199 460 ΡΗΟΤΙΙ
2236 394 2428 453 PATB
2442 394 2740 454 [ARCII/E
2777 396 2885 455 CP.

3946 394 4049 456 ’144

786 536 1064 584 naturam,
1091 519 1173 574 sui
1213 516 1625 572 continuatione
1655 511 2219 575 servata,subserviat
2246 506 2349 561 Do-
2378 550 2380 559 .

2472 507 2738 575 τυνέχειαν
2777 507 3131 577 ὑπηρετεῖται
3154 506 3230 576 τῷ
3248 506 3511 577 Δεσπότῃ,
3539 506 3674 577 πρὸς
3703 507 3764 560 τὸ
3804 512 4050 579 κρεῖττον

790 617 960 677 mino,
995 612 1178 679 seipso
1213 608 1445 662 validius
1471 605 1747 660 eﬂ'ectum.
1780 604 1950 672 Igitur
1984 617 2135 656 mare
2189 602 2363 655 Imbe-

792 705 1036 761 cillitatis
1082 717 1191 755 suae
1230 700 1483 761 oblitum,
1521 708 1767 749 naturam
1835 696 2051 764 quidem
2110 708 2218 747 non
2267 692 2365 745 ab-

795 803 985 863 negat;
1019 808 1205 845 verum
1242 788 1503 843 miraculo
1536 796 1757 841 retentae
1800 785 2229 840 continuationis
2256 783 2365 835 Do-

796 888 949 947 mini,
976 900 1071 954 per
1110 883 1237 935 illud
1280 880 1703 932 ambulationem
1734 878 1881 931 clare
1915 878 2048 929 satis
2090 877 2364 942 prmdicat.

795 980 972 1043 Quare
1028 991 1132 1029 non
1174 973 1426 1032 absurde,
1469 972 1563 1033 ait,
1610 970 1867 1037 conjiciat
1916 970 2115 1037 aliquis
2178 969 2367 1021 indivi—

798 1069 1109 1121 sibilitatetn
1132 1066 1276 1118 illam
1310 1066 1360 1115 iu
1388 1062 1596 1115 Domini
1632 1078 1729 1131 per
1752 1076 1945 1127 aquam
1978 1060 2367 1121 ambulatione,

800 1161 1024 1213 Deitatis
1107 1155 1633 1219 indivisibilitatem,
1689 1153 2004 1207 divisionem
2064 1167 2207 1214 vero,
2252 1166 2371 1219 quae

799 1250 984 1311 Mosis,
1014 1257 1067 1302 et
1126 1246 1355 1300 aliorum
1404 1244 1737 1313 temporibus
1794 1241 2008 1304 accidit,
2082 1241 2368 1292 humanam

801 1339 1222 1395 crassitudinem
1279 1337 1593 1405 significare
1655 1335 1905 1402 quodque
1950 1347 2049 1386 nos
2080 1347 2110 1386 c
2164 1331 2371 1386 duobus

802 1434 971 1485 simus
1014 1429 1323 1498 compositi,
1361 1427 1588 1479 materia
1640 1436 1694 1480 ct
1730 1426 1925 1487 forma,
1976 1439 2007 1477 ο
2058 1423 2254 1491 quibus
2320 1431 2373 1476 et

802 1524 1259 1577 Omnia-constant
1304 1534 1554 1586 corpora.

875 1618 961 1670 13.
990 1614 1279 1675 llisdictis,
1311 1612 1375 1664 ad
1412 1612 1624 1664 tertium
1658 1608 1925 1663 decimum
1978 1607 2170 1660 transit
2194 1615 2372 1674 caput,

803 1725 911 1775 quo
934 1706 1124 1772 quaerit
1159 1722 1171 1756 :
1209 1702 1318 1757 Cur
1348 1702 1614 1753 hominum
1644 1716 1803 1768 genus
1834 1702 2025 1751 nudam
2059 1713 2152 1765 per
2183 1698 2377 1749 divini-

804 1810 960 1850 talem
1003 1796 1228 1849 Verbum
1266 1810 1368 1845 non
1412 1793 1704 1847 redemerit.
1744 1790 1822 1844 Ac
1869 1790 2097 1855 primum
2156 1789 2371 1857 quidem

807 1890 978 1942 dicit:
1017 1887 1243 1941 Etiamsi
1278 1885 1513 1937 maxime
1545 1885 1644 1935 boc
1672 1883 1740 1935 ita
1773 1881 1974 1934 factum
2004 1880 2213 1943 fuisset,
2242 1879 2371 1931 nihil

806 1994 983 2036 tamen
1050 1979 1353 2047 impediret,
1411 1977 1696 2043 quominus
1742 1974 2061 2039 stultiloqui,
2095 1984 2151 2025 et
2193 1972 2373 2025 omnia

807 2076 1067 2128 audentes
1101 2072 1119 2142 (
1151 2071 1413 2139 siquidem
1461 2084 1526 2120 ex
1574 2083 1633 2121 re
1676 2068 1913 2135 qualibet
1962 2065 2146 2119 vesani
2176 2064 2248 2117 illi
2279 2064 2376 2117 ho-

808 2167 980 2219 mines
1000 2164 1266 2217 rationem
1296 2177 1324 2214 a
1352 2160 1461 2213 Deo
1493 2175 1774 2227 reposcere
1800 2156 2092 2211 insolenter
2121 2156 2373 2219 audeant)

804 2261 966 2312 alium
1033 2271 1225 2310 rursus
1292 2254 1508 2307 modum
1567 2252 1756 2306 salutis
1806 2252 2108 2319 requirant,
2168 2263 2232 2301 eo
2285 2248 2374 2315 qui

807 2350 1002 2404 fuisset
1041 2364 1149 2401 non
1185 2344 1445 2406 contenti,
1487 2358 1811 2409 rursumque
1844 2342 1953 2394 alio
1985 2341 2134 2401 dato,
2172 2350 2226 2392 et
2251 2354 2372 2391 eum

807 2441 1250 2510 reprehendant,
1316 2446 1369 2489 et
1421 2436 1583 2487 alium
1641 2436 2015 2487 inconcessum
2075 2432 2374 2500 inquirant.

807 2532 1027 2594 ῡμίιηιθ,
1064 2542 1182 2595 qua:
1211 2529 1307 2579 bac
1340 2526 1512 2593 major
1537 2540 1655 2577 esse
1702 2523 1971 2576 dementia
2002 2523 2189 2588 possit,
2218 2536 2375 2588 quam

804 2623 858 2675 id
885 2622 1222 2682 existimare,
1262 2632 1320 2671 se
1344 2620 1485 2683 quod
1512 2617 1773 2676 conferat,
1813 2628 1971 2665 nosse
1998 2628 2106 2680 pra:
2134 2611 2261 2675 Deo,
2288 2611 2378 2677 qui

806 2726 863 2766 ut
895 2714 1146 2767 universa
1177 2710 1231 2764 in
1263 2707 1528 2778 sapientia
1561 2705 1837 2776 produxit,
1870 2704 1944 2758 ita
1974 2706 2133 2757 etiam
2160 2718 2380 2758 conser-

804 2814 893 2857 vat
924 2805 947 2857 τ

876 2894 1117 2947 Solvitur
1160 2906 1288 2945 vero
1323 2890 1484 2943 etiam
1525 2888 1651 2942 illttd
1706 2888 1838 2941 hic:
1889 2885 2167 2950 Quomodo
2211 2884 2378 2937 Deum

806 2999 915 3038 tum
948 2984 1251 3038 communis
1280 2996 1496 3042 sensus,
1524 2991 1633 3033 tum
1662 2980 1839 3033 divina
1876 2977 2157 3044 Scriptura
2199 2977 2379 3029 omni-

802 3087 1071 3148 potentem
1129 3074 1408 3136 celebret;
1459 3071 1670 3124 divinus
1728 3084 1857 3123 vero
1921 3067 2119 3122 Paulus
2184 3068 2375 3121 dicat:

2467 598 2669 666 ἑαυτῆς
2723 598 3183 668 διακρατουμένη.
3242 599 3334 651 Διὸ
3389 602 3484 651 καὶ
3542 601 3605 651 τὸ
3677 600 3820 651 κατά
3884 602 4051 667 φύσιν

2468 691 2737 757 ἀγνοοῦσα
2756 692 2927 753 πάθος
2952 691 3049 761 τὴν
3073 692 3235 759 φύσιν
3267 692 3361 759 μὲν
3380 692 3479 743 οὑκ
3498 692 3765 761 ἀρνεῖται,
3807 691 3940 763 [585
3960 693 4047 764 IL]

2467 782 2619 849 τῷδ’
2656 784 2925 851 ὑπερφυεῖ
2950 785 3049 851 τῆς
3086 783 3363 849 συνεχείας
3407 784 3504 848 τὴν
3547 784 3886 850 Δεσποτικὴν
3926 786 4052 835 σαλ-

3712 877 3905 943 φησὶν,
3953 878 4051 927 οὐκ

2467 966 2773 1029 ἀπεικότως
2803 967 2864 1019 τὸ
2892 967 2988 1034 μὲν
3017 967 3256 1035 ἄτμητον
3289 967 3387 1032 τῆς
3416 967 3751 1032 Δεσποτικῆς
3783 968 3931 1019 κατὰ
3959 968 4050 1021 τοῦ

2472 1056 2640 1126 ὑγροῦ
2693 1059 3058 1127 πεζοπορείας
3096 1060 3155 1110 τὸ
3196 1062 3295 1127 τῆς
3326 1059 3585 1128 Θεότητος
3630 1060 3963 1128 ἀδιαίρετον,
3993 1058 4051 1110 τὸ

2472 1148 2527 1200 δὲ
2558 1149 2850 1217 διαιρεθὲν,
2885 1150 2961 1211 ὡς
3011 1149 3103 1203 ἐπὶ
3133 1151 3379 1211 Μωσέως
3422 1153 3519 1203 καὶ⁸
3560 1150 3672 1203 τῶν
3705 1151 3907 1213 ἄλλων,
3955 1153 4051 1217 τὴν

2472 1241 2827 1311 ἀνθρωπίνην
2858 1241 3146 1311 παχύτητα
3180 1243 3274 1294 καὶ
3309 1243 3389 1294 ὅτι
3438 1242 3593 1310 ἡμῶν
3623 1246 3687 1296 ὲκ
3717 1243 3812 1295 δύο
3853 1246 3887 1311 ἡ
3927 1245 4052 1295 σύν-

2475 1332 2644 1396 θεσις,
2697 1332 2829 1404 ὕλης
2862 1350 2921 1386 τε
2954 1335 3046 1387 καὶ
3090 1334 3286 1397 εἴδους,
3317 1335 3377 1396 ἐξ
3428 1328 3501 1389 ὧν
3529 1336 3624 1387 καὶ
3664 1336 3732 1388 τὰ
3778 1336 3918 1388 ἄλλα
3954 1336 4053 1389 σώ-

2477 1441 2643 1493 ματα.

2472 876 2617 938 πίζει
2660 875 2906 943 πορείαν.
2967 874 3241 941 Συμὸάλοι
3274 874 3320 925 δ’
3363 876 3427 927 ἀν
3462 892 3547 936 τις
3589 876 3658 939 ⁸⁸,

2547 1603 2732 1657 Ταῦτα
2762 1604 2930 1656 εἰπὼν
2972 1606 3064 1657 ἐπὶ
3092 1606 3151 1657 τὸ
3185 1612 3253 1673 ιγ’
3298 1608 3594 1675 κεφάλαιον
3625 1610 3887 1677 μέτεισιν,
3924 1616 3981 1663 ὲν
4010 1608 4052 1679 ᾧ

2478 1696 2633 1763 ζητεῖ
2684 1696 2787 1748 Διὰ
2826 1698 2882 1749 τί
2928 1696 3014 1765 μὴ
3060 1698 3257 1765 γυμνῇ
3292 1698 3363 1767 τῇ
3422 1702 3657 1767 θεότητι
3689 1706 3720 1754 ό
3753 1706 3946 1767 Λόγος
3988 1709 4049 1756 τὸ

2480 1788 2855 1854 ἀνθρώπινον
2882 1791 3136 1843 ἔσωσεν·
3175 1791 3285 1843 Καὶ
3316 1791 3528 1860 πρῶτον
3564 1794 3662 1861 μέν
3692 1812 3858 1862 φησιν
3898 1795 3975 1857 ὼς
4005 1798 4051 1849 εί

2479 1880 2571 1931 καὶ
2611 1880 2771 1931 τοῦτο
2801 1882 3075 1951 διήνυστο,
3113 1881 3265 1935 οὐδὲν
3302 1880 3367 1935 ἂν
3399 1882 3637 1935 ἐκώλυσε
3660 1886 3787 1946 τοὺς
3821 1902 4049 1953 ματαιο-

2478 1970 2669 2039 λόγους
2716 1973 2810 2025 καὶ
2858 1975 3035 2027 πάντα
3072 1974 3409 2042 τολμῶντας,
3440 1976 3597 2044 εἴπερ
3644 1977 3709 2027 ἐκ
3752 1977 3957 2039 παντὸς
3993 1978 4052 2029 τὸ

2477 2061 2630 2113 Θεῖον
2663 2063 2711 2113 οἱ
2750 2064 3110 2132 παραπλῆγες
3143 2064 3449 2132 λογοθετείν
3470 2066 3857 2137 ἑφρυάττοντο,
3894 2068 4051 2119 πάλιν

2478 2155 2636 2207 ἄλλον
2679 2157 2884 2224 τρόπον
2929 2158 3209 2224 ἐπιζητεῖν
3246 2158 3551 2226 σωτηρίας,
3594 2158 3656 2210 τὸ
3685 2162 4052 2227 γεγενημένον

2478 2249 2537 2299 οὑ
2601 2248 2949 2316 στέργοντας,
2996 2250 3089 2301 καὶ
3146 2249 3308 2301 πάλιν
3355 2250 3527 2302 ἄλλου.
3554 2250 3803 2313 δοθέντος
3857 2253 3921 2304 τὸ
3958 2255 4052 2322 μὲν

2482 2341 2812 2407 μιιιμείσθαι,
2839 2340 3019 2410 ζητεῖν
3053 2342 3108 2393 δὲ
3139 2344 3276 2409 ὅπερ
3304 2343 3377 2411 μὴ
3409 2343 3635 2396 δέδοται,
3667 2345 3902 2397 Ἔπειτα
3934 2348 4051 2397 τίνα

2479 2432 2655 2485 λείπει
2697 2435 2889 2501 μανίας
2923 2436 3253 2505 ὑπερϐολὴν,
3290 2438 3515 2501 ἑαυτοὺς
3547 2440 3791 2508 νομίζειν
3828 2440 3890 2491 τὸ
3920 2459 4051 2509 συμ-

2479 2526 2644 2595 φέρον
2675 2526 2875 2579 εἰδέναι
2924 2529 3125 2596 μᾶλλον
3158 2529 3251 2581 τοῦ
3291 2532 3470 2585 πάντα
3506 2534 3564 2584 ἐν
3602 2533 3765 2602 σοφία
3796 2535 3891 2584 καί
3924 2552 4044 2594 προ-

2479 2618 2781 2686 αγαγόντος
2802 2618 2852 2652 ⁸⁸
2884 2622 2976 2673 καὶ
3012 2622 3359 2690 συνέχοντοςς

2564 2891 2874 2944 Ἐπιλὺεται
2905 2891 2960 2943 δὲ
3005 2892 3098 2945 καὶ
3137 2891 3254 2953 πῶς
3288 2892 3386 2960 μὲν
3433 2892 3495 2945 αἵ
3534 2908 3593 2944 τε
3624 2894 3805 2945 κοιναὶ
3856 2911 4049 2945 εννοιαι

2482 2983 2574 3035 καὶ
2607 2983 2667 3033 τὸ
2716 2983 2858 3034 θεῖον
2888 2984 3125 3052 γράμμα
3160 2984 3569 3051 παντοδύναμον
3613 2984 3846 3052 ὑμνοῦσι
3880 2987 3926 3018 ⁸³
3962 2988 4048 3037 τὸν

2482 3074 2635 3135 Θεὸν,
2665 3076 2692 3125 ὁ
2721 3074 2777 3126 δὲ
2828 3074 3114 3135 Θεσπέσιος
3143 3074 3352 3136 Παῦλος
3387 3091 3551 3141 φησιν
3579 3075 3708 3127 Ὅτι
3750 3076 3797 3105 ⁵⁸
3839 3080 3873 3129 ό
3912 3079 4049 3140 Θεὸς

802 3169 945 3222 Deus
981 3167 1209 3233 “ipsum
1256 3179 1443 3233 negare
1484 3179 1585 3215 non
1624 3172 1785 3227 pateat
1815 3160 1948 3229 (Η).
1983 3160 2119 3226 Quin
2155 3158 2257 3213 alia
2288 3160 2373 3211 in-

2479 3164 2856 3232 ἁργήσασθαι
2896 3164 2940 3196 ⁸⁸
3000 3164 3217 3217 ἑαυτὸν
3276 3166 3347 3217 οὐ
3403 3166 3673 3218 δύναται.
3743 3166 3907 3218 Ἀλλὰ
3960 3170 4049 3218 καὶ

804 3271 966 3326 super
1024 3264 1281 3308 sexcenta
1338 3265 1645 3322 suppetere,
1672 3268 1791 3321 qum
1848 3251 2015 3303 Deum
2067 3265 2172 3303 non
2222 3265 2380 3319 posse

803 3362 1016 3415 :equum
1052 3346 1121 3399 sit
1151 3346 1329 3399 dicere
1366 3361 1378 3396 :
1429 3354 1510 3407 ut,
1556 3360 1658 3396 non
1690 3358 1845 3411 posse
1880 3343 2169 3395 bonitatem
2219 3342 2377 3395 amit-

806 3448 938 3501 tere,
991 3450 1168 3503 neque
1204 3434 1488 3487 mutationi
1519 3434 1565 3464 ‘°
1611 3434 1904 3487 obuoxium
1936 3447 2081 3495 esse,
2108 3441 2163 3486 et
2188 3432 2291 3485 alia
2327 3432 2380 3485 id

805 3542 993 3596 genus.
1040 3526 1139 3581 Cui
1192 3524 1408 3595 quidem
1473 3524 1791 3579 dubitatioui
1847 3524 2039 3577 solutio
2090 3540 2213 3577 mox
2275 3525 2380 3577 ista

804 3620 1089 3686 subjicitur
1114 3636 1129 3672 :
1167 3618 1297 3683 Qua:
1322 3616 1486 3669 Deum
1516 3631 1619 3669 non
1643 3629 1803 3684 posse
1832 3616 2081 3677 dicimus.
2110 3630 2170 3669 ea
2210 3630 2382 3685 neque

803 3720 950 3774 sunt,
980 3724 1154 3779 neque
1188 3709 1241 3763 in
1273 3722 1452 3761 rerum
1485 3715 1728 3759 naturam
1776 3708 1972 3760 cadere
2017 3708 2235 3761 omnino
2258 3722 2384 3776 pos-

805 3812 953 3854 sunt.
990 3799 1086 3855 Ubi
1138 3801 1283 3853 enim
1321 3798 1596 3867 proditum
1628 3807 1707 3852 est
1738 3813 1995 3866 unquam,
2038 3809 2094 3850 ut
2122 3798 2263 3853 Deus
2297 3798 2381 3852 vel

806 3903 1030 3961 negaret
1059 3892 1319 3959 scipsum,
1354 3889 1437 3943 vel
1490 3899 1812 3951 mutaretur,
1840 3889 1921 3941 vel
1962 3889 2199 3943 bonitate
2229 3890 2379 3942 exci-

804 3983 957 4036 deret
984 3996 999 4045 ;
1052 3989 1141 4033 aut
1169 3980 1311 4048 quod
1346 3993 1530 4032 verum
1564 3987 1707 4042 erat,
1741 3977 1934 4031 falsum
1964 3981 2117 4033 fieret
2146 3979 2381 4035 ?Omni-

810 4085 1002 4143 potens
1046 4087 1175 4126 vero
1199 4081 1253 4126 et
1300 4070 1518 4136 dicitur,
1562 4078 1619 4123 et
1666 4070 2008 4138 praedicatur,
2056 4072 2197 4141 quod
2258 4087 2380 4141 qua:

812 4167 982 4233 ipsum
1016 4163 1231 4225 decent,
1278 4171 1334 4215 et
1364 4160 1621 4215 salutaria
1668 4171 1795 4214 sunt
1848 4162 2005 4214 rebus
2051 4163 2271 4224 creatis,
2313 4178 2378 4217 ea

809 4257 989 4309 facere
1022 4255 1194 4325 possit
1218 4252 1422 4317 omnia,
1460 4267 1579 4305 cum
1622 4250 1758 4306 vult.
1789 4252 2037 4320 Alioquin
2073 4254 2171 4307 hoc
2204 4254 2375 4322 ipsum

803 4348 982 4401 dicere
1018 4364 1031 4401 :
1088 4344 1206 4400 Non
1238 4358 1398 4414 posse
1430 4343 1621 4407 Deum,
1653 4358 1772 4411 qua:
1800 4360 1904 4397 non
1946 4346 2133 4399 decent
2181 4347 2375 4415 ipsum,

799 4440 864 4492 ad
912 4438 1206 4509 potentiam
1245 4436 1486 4506 pertinet
1533 4450 1739 4491 revera.
1776 4434 1831 4491 Si
1857 4436 1998 4489 enim
2039 4438 2154 4491 haec
2190 4438 2370 4491 omnia

800 4532 1030 4599 privatio
1083 4539 1247 4599 atque
1280 4528 1595 4598 impotentia
1646 4529 1889 4596 quazdam
1926 4537 2070 4592 sunt,
2101 4531 2368 4599 quomodo

799 4638 903 4675 non
958 4636 1185 4677 summa:
1218 4620 1325 4673 hoc
1375 4619 1481 4671 erit
1513 4619 1763 4686 potentiae
1794 4632 1855 4671 ac
1888 4616 2239 4686 fortitudinis,
2282 4622 2367 4675 in-

798 4714 949 4765 tinito
993 4711 1226 4780 quodam
1259 4710 1435 4778 spatio
1482 4724 1647 4778 supra
1686 4708 1800 4763 haec
1843 4710 2019 4763 omnia
2051 4711 2367 4766 collocatum

796 4817 916 4857 esse
945 4803 970 4856 ‘I

873 4894 1067 4965 185a
1082 4894 1402 4963 Quanquam
1427 4906 1527 4946 nec
1546 4891 1633 4945 ille
1654 4890 1874 4945 forsitan
1897 4905 1926 4943 a
1943 4901 2087 4946 recto
2108 4893 2365 4960 discedat,

798 4990 889 5054 qui
933 4989 1075 5040 istud
1101 5002 1315 5055 quoque
1343 4987 1408 5041 iis
1431 5000 1549 5055 quae
1582 4984 1692 5053 jam
1713 4985 1877 5047 dicta,
1901 4984 2115 5051 adjiciat
2142 5027 2157 5054 ,
2180 5002 2370 5057 nempe

802 5078 1277 5133 ratiocinationem
1330 5076 1469 5131 banc
1510 5091 1612 5131 non
1670 5075 1907 5130 divinum
1949 5077 2118 5133 solum
2166 5094 2364 5135 numen

873 5216 919 5249 ³ο
958 5214 1191 5268 Malacb.
1223 5228 1305 5279 ιιι,
1343 5212 1415 5278 6;
1466 5208 1583 5267 Jac.
1618 5226 1700 5275 ιιι,
1728 5210 1781 5265 6.

2482 3254 2617 3309 ἄλλα
2653 3249 2791 3307 εἶναι
2848 3256 3037 3325 μυρία,
3089 3253 3124 3306 ἂ
3172 3252 3245 3323 μὴ
3293 3253 3555 3306 δύνασθαι
3618 3255 3798 3322 λέγειν
3845 3258 4048 3324 πρέπον

2482 3347 2598 3398 ἐστὶ
2630 3346 2721 3398 τὸν
2774 3346 2926 3409 Θεὸν,
2961 3346 3033 3408 ὡς
3080 3346 3140 3397 τὸ
3168 3346 3242 3414 μὴ
3294 3344 3551 3397 δύνασθαι
3579 3346 3677 3414 τῆς
3713 3347 4047 3414 ἀγαθότητος

2485 3439 2742 3489 ἐκπεσεῖν
2796 3436 2932 3505 μηδὲ
2974 3436 3183 3505 τροπὴν
3234 3435 3564 3504 ὑποστῆναι,
3601 3436 3695 3487 καὶ
3725 3437 3826 3489 ὅσα
3873 3454 4045 3506 παρα-

2483 3531 2707 3599 πλήσια.
2743 3528 2867 3600 [502
2894 3529 2989 3600 Η.]
3027 3529 3167 3581 Ἀλλ’
3195 3529 3393 3596 ἀπορεῖ
3422 3528 3519 3597 μὲν
3540 3527 3733 3595 οὑτως,
3771 3530 4045 3581 ὲπιλὺεται

2480 3621 2558 3684 δὲ,
2591 3622 2665 3683 ὡς
2704 3622 2739 3675 ἆ
2770 3637 2949 3690 φαμεν
2988 3622 3061 3690 μὴ
3109 3619 3367 3673 δύνασθαι
3405 3619 3467 3670 τὸ
3505 3619 3681 3682 Θεῖον,
3724 3619 3902 3673 ταῦτα
3946 3622 4045 3672 τῶν

2485 3713 2623 3781 μήτε
2665 3712 2835 3763 ὄντων
2884 3711 3000 3763 ἐστι
3024 3711 3160 3779 μήτε
3196 3709 3435 3761 δυνατῶν
3479 3710 3614 3772 ὅλως
3667 3710 3947 3779 ὑφέστηκε
3991 3712 4046 3762 τὸ

2481 3801 2822 3871 ἀρνήσασθαι
2863 3802 2957 3853 τὸν
3006 3800 3139 3852 Θεὸν
3190 3799 3404 3861 ἑαυτὸν,
3436 3798 3469 3867 ἢ
3506 3802 3536 3868 ἡ
3572 3799 3770 3869 τροπὴ,
3809 3802 3842 3866 ἢ
3877 3804 3910 3869 ἡ
3952 3802 4046 3868 τῆς

2480 3894 2816 3963 ἀγαθότητος
2843 3892 3137 3953 ἔκπτωσις,
3174 3890 3207 3959 ἢ
3240 3890 3339 3959 τὴν
3369 3889 3629 3958 ἀλήθειαν
3667 3890 3865 3957 ψεῦδος
3893 3893 4043 3957 γενέ-

2483 3987 2639 4051 σθαι;
2680 3984 3093 4053 Παντοδύναμος
3117 3983 3173 4036 δὲ
3213 3983 3460 4050 ὑμνεῖται
3489 3982 3586 4035 καὶ
3621 3981 3843 4049 λέγεται
3882 3982 3957 4044 ὡς
3982 3985 4045 4036 τά

2479 4095 2538 4130 τε
2570 4076 2849 4147 πρέποντα
2883 4076 3032 4145 αὑτῷ
3059 4076 3153 4128 καὶ
3196 4076 3440 4144 σωτήρια
3484 4074 3594 4126 τῶν
3630 4073 4044 4145 δημιουργημά-

2478 4186 2585 4221 των
2621 4169 2798 4222 πάντα
2825 4158 3139 4238 δυνάμενος,
3159 4166 3248 4219 ὅτε
3285 4164 3551 4234 βούλεται.
3575 4164 3851 4217 Ἀλλωστε
3877 4168 3931 4218 δὲ
3958 4168 4044 4218 καὶ

2476 4260 2539 4313 τὸ
2591 4260 2771 4327 λέγειν
2810 4260 2885 4329 μὴ
2924 4258 3182 4311 δύνασθαι
3228 4257 3264 4311 ἀ
3300 4257 3374 4328 μὴ
3426 4257 3636 4326 πρέπον
3680 4256 3852 4325 αὐτῷ,
3887 4258 4044 4311 δυνά-

2480 4352 2625 4423 μεώς
2658 4356 2806 4405 ἐστιν
2837 4350 2911 4412 ὡς
2939 4349 3177 4419 ἀληθῶς.
3218 4350 3279 4400 Ei
3306 4348 3415 4417 γὰρ
3442 4350 3626 4401 ἐκεῖνα
3646 4349 3827 4401 πάντα
3855 4350 4043 4418 στέρη⁹

2479 4462 2563 4506 σις
2591 4442 2687 4498 καὶ
2715 4442 2989 4504 ἀσθένεια,
3015 4441 3075 4491 τὸ
3102 4439 3307 4492 τούτων
3341 4440 3593 4493 ἀπάντων
3613 4440 3826 4508 ἀπείρῳ
3864 4441 4041 4508 μέτρῳ

2478 4532 2867 4604 ὑπεριδρῦσθαι
2902 4531 3017 4593 πῶς
3042 4531 3103 4584 οὑ
3132 4531 3231 4594 τῆς
3265 4530 3575 4600 ἀκροτάτης
3612 4529 3707 4582 καὶ
3742 4531 4037 4584 πανσθενε-

2479 4625 2679 4691 στάτης
2704 4625 3021 4693 δυνάμεως;

2547 4896 2703 4965 Τάχα
2744 4894 2788 4947 δ’
2818 4892 2882 4946 ἀν
2908 4909 2991 4955 τις
3030 4891 3129 4943 οὑκ
3175 4889 3279 4956 ἔξω
3324 4890 3425 4959 τῆς
3453 4891 3743 4961 ὀρθότητος
3775 4892 4038 4960 προσθείη

2474 4992 2586 5051 τοῖς
2638 4986 2973 5055 είρημένοις,
3009 4983 3085 5043 ὠς
3126 4981 3187 5033 τὸ
3222 4982 3378 5047 λόγος
3403 4978 3554 5043 οὗτος
3592 4983 3712 5051 οὐχὶ
3763 4984 3905 5036 κατά
3944 4981 4035 5033 τοῦ

2477 5080 2623 5133 οείου
2660 5077 2817 5148 μόνον
2849 5075 2909 5127 τὸ
2941 5072 3347 5139 παντοδὺναμον
3380 5074 3731 5144 περιτρέπειν
3759 5074 4032 5146 πειρᾶται,

2069 5325 2303 5381 VARUE
2358 5324 2763 5381 LECTIONES.

873 5444 916 5475 “
940 5462 1021 5507 τις
1072 5444 1283 5497 abesset
1334 5442 1567 5515 melius:
1606 5459 1725 5515 nam
1778 5443 2101 5513 συμϐάλλειν
2138 5465 2169 5500 τ
2225 5457 2308 5501 est
2341 5446 2583 5515 σὺμὸολα
2619 5444 2804 5513 φέρειν
2837 5442 2980 5515 τινός
3020 5442 3620 5515 εἰνρμαίνίττεσοαί-τι.
3649 5443 3721 5501 cf.
3758 5460 3811 5515 p.
3851 5445 3939 5499 181
3975 5447 4019 5497 ἀι

802 5514 873 5568 40
889 5524 942 5569 ct
965 5515 1057 5569 25.
1134 5515 1178 5545 “
1211 5513 1539 5581 προαγόντος
1574 5531 1633 5578 ς.
1707 5514 1752 5546 ⁸³
1770 5516 2066 5585 ἀνυμνοῦσι
2102 5536 2163 5582 ς.

2239 5518 2284 5549 ⁸⁸
2312 5511 2452 5571 ὃτιᾹ
2479 5534 2492 5571 :
2521 5516 2657 5570 διότι
2687 5511 2747 5578 ς.
2824 5515 2867 5547 ⁵⁸
2900 5511 3117 5583 ἀρνήσ.]
3147 5511 3185 5565 ll
3217 5513 3353 5566 Titu.
3392 5529 3451 5576 ll,
3482 5512 3564 5567 15.

2260 5682 2488 5738 NOTAE.

876 5810 988 5879 (θ)
1020 5810 1059 5863 ιί
1092 5809 1231 5865 Tim.
1265 5830 1317 5880 II,
1361 5816 1439 5869 15.
1487 5816 1621 5884 lu'go
1665 5837 1782 5887 quas
1814 5826 1876 5875 dc
1907 5824 2003 5876 bac
2038 5827 2335 5890 qttznstiwne
2366 5826 2594 5891 disputat
2637 5822 2694 5874 Ι).
2732 5824 2978 5876 Ambros.
3011 5822 3163 5889 epist.
3204 5820 3284 5873 57.
