4196 6442
797 392 897 458 ’147
1972 407 2227 468 ΡΗΟΤΙΙ
2271 406 2778 466 ΡΑΤΗΙΛΗΟΙΙᾸΞ
2820 406 2929 467 CP.
3932 418 4035 487 748

800 510 1045 568 actiones
1086 525 1141 569 et
1177 530 1363 586 opera,
1410 534 1527 571 eam
1567 521 1903 575 instituendis
1936 524 2059 577 vita:
2103 526 2365 577 rationem
2394 523 2441 581 Α

2394 523 2441 581 Α
2472 523 2563 572 ὑπ’
2593 521 2756 574 αὑτοῦ
2797 525 3209 595 κηρυττομένην
3256 523 3561 590 πολιτείαν,
3611 531 3680 582 δι’
3713 526 3781 601 ἦς
3822 533 3958 601 ἡμῖν
4008 539 4035 603 ἠ

803 616 1235 671 prmmonstrarc,
1270 623 1428 676 quam
1480 611 1565 663 ille
1598 614 1931 679 praedicaret,
1960 630 2022 667 ac
2058 630 2154 683 per
2201 630 2361 681 quam

2471 610 2741 678 σωτηρία,
2801 611 3346 683 ὑποδειχθῆναι,καὶ
3403 618 3541 688 πρὸς
3602 620 3837 689 μάθησιν
3898 625 4036 693 ἡμᾶς

798 697 953 750 nohis
991 698 1136 752 salus
1183 701 1469 766 qnterenda
1504 712 1645 754 esset
1676 719 1689 764 ;
1736 702 1813 755 vel
1848 718 1943 757 nos
1973 705 2039 757 ad
2079 706 2364 759 educatum

2476 704 2815 770 καταστῆναι
2849 703 3167 773 σύντροφον.
3202 708 3309 759 Καί
3351 710 3414 775 γέ
3449 726 3581 778 φησι
3612 709 3771 763 τοῦτο
3816 708 3959 765 εἶναι
3988 716 4038 765 τδ

797 786 1075 840 nobiscum
1107 805 1210 841 una
1230 790 1525 857 disciplina:
1551 796 1829 859 exemplar
1848 810 2171 863 componere
2204 805 2366 861 atque

2470 793 2873 861 καταλείψαντα
2912 794 2958 825 ⁵³
2991 796 3058 846 τὰ
3108 796 3192 861 ιβ’
3227 798 3475 867 πρόϐατα
3514 799 3598 867 ἐφ’
3647 799 3705 851 ἒν
3752 801 3929 853 ὲλθεῖν
3986 806 4039 853 τι

796 878 1085 929 moderari.
1148 878 1325 944 Atque
1374 879 1475 932 huc
1524 882 1654 935 illud
1714 886 1883 951 ipsum
1917 899 2036 939 esse
2081 887 2177 949 ait,
2224 885 2363 952 quod

2469 883 2848 952 πλανώμενον,
2880 883 2908 935 ὂ
2932 884 3027 936 καὶ
3052 886 3145 936 ὲπὶ
3174 886 3282 937 τῶν
3316 886 3481 956 ὤμων
3505 884 3631 957 ἦρε.
3668 890 3780 941 Καὶ
3826 892 3939 959 γάρ
3984 894 4040 943 οὑ

796 967 997 1018 relictis
1033 968 1226 1020 ovibus
1264 970 1549 1036 nonaginta
1608 988 1799 1027 novem
1831 976 1897 1037 ",
1931 977 1994 1026 ad
2024 992 2179 1028 unam
2220 977 2364 1030 illam

2469 976 2611 1026 κατὰ
2644 975 2742 1044 τὴν
2781 980 2967 1045 κοινὴν
3018 977 3113 1030 καὶ
3145 977 3347 1047 συνήθη
3378 978 3487 1031 τῶν
3517 979 3655 1032 ὅλων
3684 982 4041 1050 δημιουργίαν

791 1066 1061 1109 errantem
1092 1062 1407 1123 accesserit,
1433 1077 1591 1128 quam
1617 1076 1669 1117 et
1698 1064 1750 1118 in
1783 1067 2033 1121 humeros
2069 1070 2363 1124 sustulerit.

2468 1066 2613 1135 λόγῳ
2661 1067 2755 1118 καὶ
2802 1067 2903 1134 τὴν
2951 1068 3226 1137 ἡμετέραν
3296 1068 3459 1136 φύσιν
3520 1070 3861 1125 ἀνέπλασεν
3930 1072 4042 1124 ἀλλ’

794 1145 977 1214 Neque
1027 1149 1169 1201 enim
1220 1156 1492 1207 communi
1541 1155 1626 1208 illa
1661 1166 1716 1208 et
1760 1159 1952 1211 usitata
1988 1161 2217 1224 ratione,
2260 1177 2365 1229 qua

2468 1161 2607 1229 ὅπερ
2633 1160 2679 1190 ⁸⁸
2707 1159 2793 1211 ἐπ’
2830 1160 3042 1223 οὐδενὸς
3070 1160 3180 1212 τῶν
3211 1160 3383 1212 ἄλλων
3407 1162 3684 1232 ἠνέσχετο,
3708 1164 3808 1215 οὑκ
3837 1164 3928 1216 ἐπ’
3949 1166 4045 1231 ἀγ-

792 1238 1104 1292 unitersunt
1135 1243 1358 1308 creavit,
1390 1249 1556 1299 verbo
1586 1262 1801 1317 quoque
1836 1260 2086 1304 naturam
2124 1263 2362 1306 nostram

2468 1250 2660 1317 γέλων,
2710 1251 2808 1303 οὐκ
2858 1252 2945 1303 ἐπ’
2976 1251 3143 1320 ἄλλης
3189 1253 3332 1316 τινος
3380 1253 3615 1321 φύσεως,
3651 1252 3809 1307 τοῦτο
3842 1254 3940 1307 ἐπὶ
3978 1258 4042 1323 τῇ

794 1332 1107 1389 reformavit
1146 1357 1159 1392 :
1211 1339 1304 1392 sed
1346 1343 1488 1408 quod
1523 1357 1619 1411 pro
1666 1358 1723 1395 re
1750 1343 1890 1396 nulla
1923 1345 2022 1397 alia
2063 1348 2365 1409 sustinuit,

2467 1342 2577 1394 τῶν
2629 1340 2932 1412 ἀνθρώπων
2981 1342 3187 1412 ὑπέστη
3244 1345 3523 1414 σωτηρίᾳ,
3584 1345 3707 1398 ἀντὶ
3766 1348 4043 1398 Δεσπότου

792 1441 896 1479 non
949 1442 1046 1495 pro
1100 1430 1355 1499 angelis,
1400 1449 1503 1486 non
1554 1450 1653 1501 pro
1705 1434 1805 1487 ulla
1843 1436 1945 1490 alia
1997 1447 2209 1501 natura,
2268 1438 2369 1494 hoc

2468 1433 2654 1495 δοῦλος
2687 1434 3053 1504 χρηματίσας.
3087 1434 3327 1496 Εἰκότως
3379 1430 3471 1487 οὖν
3506 1436 3550 1466 ⁵⁸
3578 1436 3671 1489 καὶ
3700 1436 4042 1499 καταλιπεῖν,

791 1520 857 1569 ad
899 1519 1177 1572 hominum
1219 1522 1468 1577 toleravit
1512 1525 1763 1587 salutem,
1797 1541 1985 1582 servus
2014 1543 2110 1597 pro
2147 1530 2368 1583 domino

2467 1526 2543 1587 ὡς
2584 1526 2741 1592 ἔφην,
2772 1525 2841 1577 τὰ
2893 1526 2975 1592 ι,ο’
3005 1525 3253 1595 πρόϐατα
3299 1525 3590 1594 λέγεσθαι,
3642 1526 3742 1598 τὴν
3780 1529 3861 1591 είς
3920 1529 4046 1583 ἀλλο

794 1610 1188 1666 factuleerito
1208 1613 1391 1682 igitur,
1406 1619 1547 1684 quod
1568 1620 1727 1671 modo
1744 1620 2062 1687 referebam,
2085 1620 2369 1691 reliquisse

2472 1615 2907 1688 παραδοξότερον
2936 1620 3029 1669 καὶ
3060 1616 3510 1687 θαυμασιώτερον
3552 1618 3652 1688 τῆς
3678 1619 4046 1689 δημιουργίας

787 1718 908 1756 eum
950 1718 1079 1758 oves
1127 1707 1419 1775 nonaginta
1462 1710 1611 1775 dici;
1646 1712 1899 1779 parabola
1952 1714 2204 1767 nimirum
2240 1715 2369 1768 aani-

2469 1707 2823 1779 ἀναχὼρησίν
2861 1725 2918 1761 τε
2976 1710 3071 1780 καὶ
3119 1711 3453 1778 μετάστασιν
3499 1711 3594 1763 καὶ
3632 1710 3731 1781 τὴν
3780 1712 3882 1781 τῆς
3927 1728 4044 1763 συν-

788 1795 1016 1861 gmatice
1045 1796 1333 1861 indicante,
1356 1816 1456 1853 non
1486 1810 1689 1854 tantum
1727 1803 1791 1856 ad
1829 1804 2157 1871 inopinatum
2194 1806 2366 1873 magis
2399 1861 2438 1873 _

2399 1861 2438 1873 _
2472 1801 2663 1871 ηθείας
2690 1801 3043 1869 καινοτομίαν
3068 1803 3167 1870 τῆς
3188 1802 3502 1872 παραϐολῆς
3532 1804 4041 1873 αἱνιγματιζοὺσης,

785 1898 920 1950 opus
938 1887 1213 1956 magisque
1231 1891 1544 1946 admirabile
1557 1909 1717 1962 quam
1736 1897 1804 1947 sit
1822 1897 2174 1962 creatio,eum
2192 1913 2366 1951 reces-
2399 1861 2441 1917 Β

2399 1861 2441 1917 Β
2471 1861 2564 1947 aiat
2594 1861 2670 1955 ὡς
2694 1893 2755 1945 οὑ
2787 1861 2999 1945 καθ’ἰὸν
3027 1861 3229 1963 τρόπον
3255 1861 3315 1945 τὸ
3344 1861 3541 1958 πᾶνΙέξ
3576 1861 3752 1965 ἀρχῆς
3782 1861 4042 1965 συνεστῆζ

786 1974 921 2028 sisse
934 1987 1097 2045 atque
1117 1981 1547 2046 transivisse,sed
1564 1984 1731 2053 ipsam
1746 1986 1907 2037 etiam
1923 1988 2364 2042 consuetudinem

2472 2002 2623 2046 σατο,
2672 1984 2807 2038 ἀλλὰ
2841 1987 3183 2055 καινοπρεπῆ
3231 2002 3293 2037 τε
3343 1987 3439 2038 καὶ
3471 1986 3611 2056 ὑπὲρ
3657 1988 3836 2040 πάντα
3887 1988 4043 2056 λόγον

789 2066 1095 2133 innovasse,
1116 2085 1237 2124 cum
1267 2086 1372 2125 non
1405 2088 1470 2127 eo
1504 2075 1683 2141 modo,
1712 2092 1817 2143 quo
1843 2077 1995 2131 initio
2027 2078 2128 2132 hoc
2154 2079 2371 2132 univer-

2028 2078 2128 2132 hoc
2154 2079 2371 2132 univer—
2472 2078 2563 2130 τὸν
2591 2078 2858 2147 ήμέτεοον
2890 2078 3283 2147 ἀνακαινισμδν
3314 2078 3685 2149 ἐξειργάσατο.

788 2173 908 2215 sum
928 2164 1192 2231 condidit,
1215 2166 1309 2221 sed
1326 2183 1462 2220 novo
1497 2173 1754 2237 quodam,
1776 2171 1973 2241 quique
1996 2173 2137 2225 nulla
2163 2174 2367 2229 oratio-

790 2268 858 2307 ne
882 2255 1112 2323 exprimi
1141 2258 1331 2326 possit,
1353 2262 2000 2317 renovationemnostram
2031 2263 2341 2334 perfecerit.

858 2343 948 2400 15.
980 2347 1146 2401 Addit
1177 2352 1417 2417 insuper,
1454 2351 1600 2421 justa
1634 2368 1757 2407 cum
1788 2355 1994 2410 ratione
2022 2333 2086 2411 ac
2120 2371 2370 2411 necessa-

2543 2343 2626 2390 ιε’.
2665 2333 2801 2392 Εἶτά
2826 2355 2989 2408 φησιν
3024 2338 3260 2408 εὐλόγως
3284 2357 3343 2393 τε
3367 2341 3461 2394 καὶ
3488 2341 3804 2408 ἀναγκαίως
3833 2342 3933 2413 τὴν
3960 2343 4042 2396 διὰ

790 2437 872 2491 rio
908 2438 1141 2495 Verbum
1196 2444 1353 2499 nobis
1380 2460 1476 2513 per
1508 2461 1723 2501 carnem
1768 2449 1997 2503 salutem
2026 2464 2147 2505 esse
2172 2465 2368 2520 opera-

2473 2430 2675 2500 σαρκδς
2701 2432 2977 2503 σωτηρίαν
3008 2432 3099 2485 τὸν
3115 2432 3287 2502 Λόγον
3315 2436 3449 2504 ἡμῖν
3483 2435 4037 2505 πραγματεύσασθαι.

789 2543 923 2586 tum.
967 2532 1196 2600 Quando
1223 2537 1367 2590 enim
1408 2537 1517 2605 jam
1564 2551 1720 2595 antea
1759 2541 1905 2596 omni
1940 2543 2044 2597 alia
2075 2546 2161 2599 via
2192 2560 2256 2599 ac
2282 2559 2371 2598 ra-

2473 2521 2661 2591 Πάσης
2689 2523 2798 2594 γὰρ
2827 2522 2993 2592 ἄλλης
3026 2522 3250 2593 μεθόδου
3275 2526 3819 2597 προκατασληθείσης
3848 2528 3896 2558 ⁸⁸
3933 2528 4042 2599 (καὶ

788 2624 931 2677 tione
953 2623 1152 2679 frustra
1171 2624 1411 2681 adhibita
1465 2629 1688 2699 (etenim
1723 2642 1777 2687 et
1800 2636 2096 2703 prophetae,
2118 2646 2174 2691 et
2191 2638 2371 2707 p0puli

2470 2612 2577 2683 γὰρ
2631 2616 2728 2665 καὶ
2778 2616 3056 2685 προφῆται
3104 2616 3199 2669 καὶ
3264 2616 3585 2686 δημαγωγοὶ
3638 2618 3735 2669 καὶ
3789 2618 4040 2688 ὑπερφυῆ

786 2716 970 2781 θίασος,
998 2726 1053 2771 et
1086 2718 1316 2773 miriﬁca
1346 2722 1612 2791 prodigia,
1653 2733 1709 2778 et
1747 2716 2033 2791 beneficia,
2073 2703 2368 2796 minaeque,

2470 2703 2675 2773 τέρατα
2734 2706 3048 2776 εὐεργεσίαι
3110 2725 3171 2760 τε
3214 2709 3310 2761 καὶ
3351 2708 3572 2761 ἀπειλαὶ
3630 2709 3725 2761 καὶ
3781 2712 4041 2780 τιμωρίαι

787 2822 851 2860 ac
882 2822 1072 2875 pinnae,
1103 2811 1183 2864 vel
1208 2826 1272 2865 ex
1300 2822 1453 2882 parte
1474 2815 1557 2868 vel
1588 2817 1751 2869 etiam
1782 2816 1836 2870 in
1868 2817 2180 2872 universum
2206 2818 2373 2889 [pm-

2474 2792 2602 2865 [589
2626 2793 2719 2866 [1.]
2746 2796 2903 2849 τοῦτο
2926 2799 3024 2867 μὲν
3060 2801 3153 2852 ὲπὶ
3185 2802 3406 2869 μέρους,
3442 2799 3599 2853 τοῦτο
3624 2800 3679 2852 δὲ
3717 2801 3815 2853 καὶ
3841 2803 4040 2869 παγκόο

784 2898 1123 2973 eesserant])
1160 2904 1451 2957 humanum
1485 2914 1664 2960 tamen
1704 2922 1875 2976 genus
1896 2907 1946 2961 in
1976 2908 2171 2963 melius
2200 2920 2375 2962 mnta-

2476 2890 2646 2955 σμιοι)
2701 2890 2823 2939 ἐπεὶ
2860 2889 2922 2941 τὺ
2976 2889 3320 2961 ἀνθρώπινον
3360 2892 3461 2961 τὴν
3503 2892 3637 2963 πρὸς
3691 2894 3760 2947 τά
3810 2896 4042 2961 κρείττω

788 2989 990 3044 tionem
1059 2992 1255 3046 nullam
1327 2994 1589 3060 admisit,
1673 2999 1999 3066 morbusque
2059 3000 2377 3056 insanabilis

2480 2978 2785 3048 μεταΰολὴν
2832 2981 2933 3032 οὐκ
2976 2983 3286 3049 ἠσπάσατο,
3332 2983 3392 3035 τὸ
3432 2984 3489 3036 δὲ
3539 2984 3751 3054 νόσημα
3809 2987 3951 3057 πρὸς
3988 2988 4041 3038 τὸ

787 3084 964 3150 potius
996 3082 1174 3138 factus
1205 3095 1287 3139 est
1320 3104 1333 3140 :
1367 3102 1429 3141 ex
1461 3088 1784 3142 necessitate
1807 3090 2013 3144 scilicet
2044 3100 2180 3155 tum,
2215 3105 2377 3161 atque

2475 3070 2692 3122 ἀνίατον
2714 3072 2913 3138 μᾶλλον
2936 3073 3153 3141 ἐχώρει,
3179 3075 3321 3128 κατὰ
3348 3075 3410 3126 τὸ
3438 3078 3769 3143 άναγακαῖον
3798 3080 3895 3129 καὶ
3916 3080 4040 3130 άκό-

785 3177 1198 3245 consequentia,
1232 3177 1315 3231 vel
1338 3179 1515 3247 potius
1539 3194 1603 3232 ex
1636 3179 1885 3233 ineﬂ‘abili
1909 3183 2165 3239 bonitatis
2195 3157 2365 3238 abu-n—
2391 3201 2434 3258 ε

2391 3201 2434 3258 c
2477 3157 2684 3225 λουθον,
2735 3160 2933 3229 μᾶλλον
2970 3162 3026 3213 δὲ
3073 3164 3297 3233 ἀρρήτῳ
3343 3164 3755 3235 φιλανθρωπίας
3802 3169 4038 3237 πλούτῳ,

785 3265 990 3328 dantia,
1044 3265 1281 3319 Verbum
1339 3272 1642 3339 (assumpta
1700 3271 1887 3339 carne)
1944 3272 2137 3327 ducem
2192 3290 2251 3329 se
2302 3290 2366 3329 ac
2399 3252 2433 3258 ν

2399 3252 2433 3258 ⁷
2472 3252 2674 3304 ἑαυτὸν
2702 3254 2729 3303 ό
2761 3252 2953 3319 Λόγος,
2986 3255 3165 3324 σάρκα
3204 3256 3546 3325 προσλαῶῦν,
3590 3259 3915 3330 καθηγητὴν
3954 3266 4036 3314 καὶ

785 3368 1196 3427 ρτωροριοτθηι,
1225 3368 1388 3427 atque
1415 3361 1828 3416 instauratorem
1861 3366 2001 3419 bona
2037 3380 2158 3420 cum
2190 3367 2367 3421 Patris

2468 3342 2790 3396 διδάσκαλον
2839 3346 2932 3397 καὶ
2975 3347 3387 3416 άναχαινιστὴν,
3437 3349 3654 3419 εὐδοκία
3694 3352 3913 3422 Πατρὸς
3954 3356 4036 3405 καὶ

786 3452 1082 3515 voluntate,
1109 3460 1296 3505 sancto
1318 3450 1481 3505 etiam
1506 3452 1713 3520 Spiritu
1738 3466 2085 3522 cooperante,
2114 3459 2361 3526 prmbnit.

2470 3440 2732 3508 συνεργίᾳ
2761 3438 2854 3490 τοῦ
2891 3437 3048 3506 ἁγίου
3091 3438 3432 3507 Πνεύματος,
3469 3442 3824 3512 εἰσηγήσατο.
3861 3447 3927 3497 '0
3951 3446 4035 3497 καὶ

786 3546 959 3609 Quam
1010 3543 1173 3596 etiam
1205 3557 1327 3597 esse
1355 3558 1575 3596 causam
1612 3545 2089 3612 contemplationis
2122 3558 2365 3603 amantes

2468 3532 2638 3584 αἴτιον
2666 3534 2777 3593 τοῖς
2842 3530 3229 3601 φιλοθεάμοσιν
3272 3534 3467 3603 ὁρᾶται
3511 3533 3605 3585 τοῦ
3654 3536 3742 3586 ἐπ’
3796 3537 4036 3606 ἐσχάτων

782 3638 1095 3699 observant,
1127 3649 1226 3688 cur
1261 3635 1569 3688 novissimis
1612 3636 1829 3689 demum
1868 3639 2217 3704 temporibus.
2253 3655 2361 3693 non

2466 3621 2574 3673 τῶν
2606 3621 2851 3692 ἡμερῶν,
2876 3622 2971 3674 καὶ
3013 3623 3089 3692 μὴ
3117 3623 3177 3686 ἐξ
3206 3624 3403 3692 ἀρχῆς,
3428 3625 3509 3687 είς
3545 3624 3723 3695 σάρκα
3747 3627 3841 3679 τὸν
3871 3630 4035 3695 Λόγον

785 3729 854 3780 ah
883 3727 1057 3790 initio,
1094 3726 1160 3779 ad
1189 3740 1411 3781 carnem
1451 3742 1621 3795 usque
1656 3725 1886 3781 Verbum
1922 3728 2082 3782 fuerit
2115 3732 2362 3785 exinani-

2467 3714 2789 3783 κενωθῆναι,
2826 3715 2962 3766 ἀλλὰ
2994 3714 3172 3783 πάσης
3209 3713 3443 3783 σπουδῆς
3483 3716 3577 3768 καὶ
3614 3719 3876 3785 προνοίας
3902 3722 4033 3791 ἡγη-

784 3832 921 3875 tum.
972 3820 1108 3874 Cum
1139 3818 1285 3875 enim
1312 3822 1708 3888 prati-edentem
1739 3838 1951 3876 omnem
1984 3839 2167 3878 curam
2199 3836 2359 3895 atque

2463 3808 2729 3877 σαμένης,
2769 3802 2887 3860 εἶτα
2920 3807 3127 3875 ταύτην
3169 3806 3230 3857 οὑ
3276 3805 3721 3877 προσδεχομένων
3750 3809 3863 3863 τῶν
3905 3829 4032 3881 προ-

784 3912 1179 3982 providentiam
1213 3926 1318 3966 non
1350 3912 1704 3967 admitterent
1734 3914 1769 3966 ii
1796 3916 1991 3982 quibus
2013 3916 2126 3971 haec
2152 3918 2357 3987 impen-

2459 3898 2790 3967 νοουμένων,
2835 3896 2980 3949 οὓτω
3033 3895 3217 3948 λοιπὸν
3254 3899 3463 3966 καιροῖς
3494 3898 3744 3966 ἐσχάτοις
3775 3900 3847 3954 δι’
3872 3902 4029 3955 αὑτοῦ

780 4003 1031 4067 debatur,
1078 4012 1191 4056 tum
1244 4002 1478 4069 denique
1534 4004 1844 4058 novissimis
1890 4008 2223 4074 temporibus
2261 4023 2357 4077 per

1725 4004 1844 4058 imis
1890 4008 2223 4074 temporibus
2261 4023 2357 4077 per
2456 3991 2556 4058 τὴν
2588 3989 2745 4058 ἡμῶν
2769 3988 2954 4040 οὐσίαν
2975 3987 3382 4043 ἀνασώσασθαι.

779 4094 1017 4159 seipsuln
1047 4103 1288 4146 nostram
1325 4107 1609 4160 reparasse
1640 4102 1910 4147 naturam.

854 4181 1049 4251 185a
1080 4182 1175 4235 llis
1195 4180 1357 4234 aliam
1375 4180 1663 4247 quamdam
1686 4183 1922 4236 adnectit
1958 4185 2307 4252 quaestionem
2335 4227 2351 4252 ,

2526 4189 2747 4249 Τούτοις
2796 4188 3029 4257 ἀπορίαν
3093 4187 3357 4240 συνάπτει
3411 4187 3486 4251 ὡς
3546 4187 3605 4253 ἐξ
3651 4190 4030 4263 ἀνθυποφορᾶς

779 4289 899 4343 quae
956 4281 1143 4326 contra
1176 4270 1337 4339 objici
1387 4284 1544 4337 posse
1572 4270 1837 4324 videatur.
1889 4270 1996 4327 Sed
2043 4276 2347 4342 oportebat,

2452 4280 2895 4351 προτεινομένην.
2932 4281 3071 4333 Ἀλλ’
3104 4281 3231 4347 ἔδει,
3260 4283 3416 4350 φασὶ,
3461 4284 3553 4336 τὸν
3593 4284 3881 4356 ἄνθρωπον
3935 4291 4030 4344 ἀπ’

778 4367 950 4427 aiunt,
1000 4363 1272 4416 hominem
1321 4361 1389 4414 ah
1423 4361 1654 4428 ipsomet
1703 4362 1968 4430 principio
2020 4365 2245 4432 probum
2285 4380 2348 4420 ac
2381 4442 2416 4453 _

2381 4442 2416 4453 _
2450 4372 2626 4442 ἀρχῆς
2652 4372 2814 4425 καλόν
2838 4389 2895 4425 τε
2918 4373 3011 4424 καὶ
3033 4371 3235 4440 ἀγαθὸν
3256 4373 3568 4441 ὑφεστάναι,
3591 4376 3677 4430 ίνα
3717 4379 3856 4449 μήτε
3894 4383 4032 4453 πρά..

779 4458 976 4509 bonum
1018 4452 1274 4507 constitui
1310 4468 1326 4516 ;
1382 4467 1491 4520 quo
1520 4466 1691 4519 neque
1736 4453 2103 4507 molestiarum
2140 4465 2344 4508 tantum
2381 4442 2422 4497 ί)

2381 4442 2422 4497 D
2454 4481 2640 4533 γματα
2672 4464 2903 4516 τοσαῦτα
2939 4466 3187 4534 παρεῖχε,
3241 4465 3378 4535 ῥέων
3406 4481 3463 4518 τε
3504 4442 3740 4537 συνεχῶς
3938 4442 4027 4526 ,τὶ

778 4543 1088 4604 facesseret,
1128 4556 1248 4594 cum
1276 4541 1342 4591 ad
1364 4538 1631 4592 deteriora
1668 4539 2005 4593 continenter
2044 4539 2347 4602 dcﬂnemlo,

2455 4557 2620 4627 χείρω
2664 4557 2756 4609 καὶ
2807 4556 2895 4607 διὰ
2925 4554 3082 4607 τοῦτο
3130 4556 3467 4626 πολυτρόπου
3525 4557 3661 4630 [504
3689 4561 3757 4614 Η.
3784 4538 3890 4632 Ιντε
3935 4572 4029 4618 καὶ

778 4632 1091 4687 multiformi
1141 4632 1277 4683 adeo
1310 4644 1373 4682 ac
1414 4630 1559 4682 varia
1585 4631 1939 4698 gubernantis
1978 4630 2068 4685 Dei
2121 4648 2249 4686 cura
2281 4634 2347 4685 ad

2456 4648 2707 4715 ποικίλης
2756 4647 3065 4716 οἰκονομίας
3103 4649 3183 4709 εἰς
3224 4646 3285 4699 τὸ
3344 4649 3690 4719 ἀνασωθῆναι
3748 4630 4025 4724 δεόμενος,

776 4728 1004 4781 salutem
1050 4723 1470 4792 recuperandam
1513 4722 1814 4791 indigeret:
1859 4738 2033 4791 neque
2066 4740 2160 4793 per
2206 4725 2347 4792 inju-

2459 4740 2594 4808 μήτε
2625 4739 2686 4791 τὸ
2723 4739 2870 4802 ἆπαξ
2922 4741 3041 4792 κατ’
3094 4738 3280 4790 εἰκόνα
3322 4738 3456 4791 Θεοῦ
3484 4722 3889 4816 δημιουργηθξν
3939 4750 4026 4800 έν-

777 4819 911 4871 riam
949 4816 1236 4883 aliquando
1262 4813 1578 4877 violaretur,
1611 4815 1752 4881 quod
1784 4815 1949 4867 semel
1991 4816 2055 4867 ad
2087 4815 2177 4869 Dei
2206 4816 2347 4869 ima-

2454 4829 2745 4900 υ6ρίζοιτο.
2795 4829 2934 4881 Ἀλλ’
2968 4831 3000 4898 ἠ
3031 4830 3129 4897 μὲν
3160 4828 3428 4893 ἀντίθεσις
3480 4813 3739 4905 τοιαύτη·
3779 4813 4026 4893 ’ἀκούσε-

773 4910 954 4980 ginem
994 4908 1271 4962 conditum
1315 4906 1524 4959 fuisset.
1582 4903 1754 4970 Objici
1788 4906 1901 4958 haec
1950 4907 2163 4974 quidem
2196 4908 2272 4960 ait
2328 4922 2345 4961 :

2455 4918 2547 4971 σθε
2582 4920 2627 4950 ⁸⁷
2658 4920 2713 4971 δὲ
2748 4919 2876 4987 ἄρα,
2914 4921 3069 4987 φησὶ,
3098 4923 3222 4984 τοὺς
3255 4922 3527 4985 τοιούτους
3552 4926 3704 4995 παρὰ
3733 4928 3833 4996 τῆς
3873 4928 4028 4997 Ἀλη-

774 5018 961 5057 verum
994 5003 1185 5054 audire
1218 4997 1524 5067 hujusmodi
1552 4996 1798 5050 homines
1824 4996 1894 5049 ab
1923 4996 2031 5064 ipsa
2059 4995 2295 5053 Veritate
2329 5018 2345 5055 :

2455 5010 2623 5075 θείας,
2651 5011 2724 5073 ὠς
2741 5011 2955 5065 Αἰτεῖτε
2972 5012 3016 5042 ⁸⁸
3034 5014 3132 5065 καὶ
3155 5016 3226 5067 οὐ
3241 5016 3587 5083 λαμϐάνετε,
3605 5017 3752 5071 διότι
3776 4995 3974 5089 κακῶς
3986 4995 4028 5055 δ’

776 5095 980 5157 Petilia,
1028 5105 1075 5147 et
1124 5110 1224 5144 non
1274 5091 1532 5156 accipitis,
1586 5104 1646 5141 eo
1675 5088 1813 5157 quod
1864 5087 2001 5140 male
2048 5090 2232 5157 petatis
2278 5092 2345 5146 ".

2453 5103 2731 5157 αἰτεῖσθε.
2766 5103 2924 5156 Ἀλλά
2953 5104 3045 5156 καὶ
3074 5104 3259 5174 ἕτερον
3282 5108 3463 5169 αὐτοῖς
3494 5108 3692 5161 ἄτοπον
3716 5087 4022 5175 “immani,

772 5190 910 5253 Quin
961 5195 1016 5240 et
1064 5186 1192 5238 illud
1234 5185 1451 5251 insuper
1476 5198 1540 5235 ex
1589 5181 1671 5234 his
1720 5180 2014 5235 absurdum
2067 5186 2348 5249 consequi,

2454 5195 2514 5246 τὸ
2539 5194 2611 5264 μὴ
2628 5195 2724 5263 τὴν
2747 5195 2999 5264 πρόνοιαν
3020 5196 3115 5248 καὶ
3142 5196 3241 5265 τὴν
3264 5199 3439 5265 κρίσιν
3464 5198 3562 5268 τὴν
3581 5200 3731 5252 θείαν
3750 5204 4022 5271 στέργειν,

771 5280 913 5347 quod
969 5278 1062 5331 Dei
1126 5292 1297 5344 neque
1356 5275 1713 5342 providentia,
1778 5290 1951 5341 neque
1994 5275 2197 5341 judicio
2239 5278 2347 5329 ullo

2456 5287 2651 5347 αὐτοὺς
2675 5287 2720 5338 δ’
2738 5287 2991 5339 ἀπαιτεῖν
3022 5289 3111 5338 τὸν
3142 5286 3387 5355 πλάστην
3406 5290 3525 5349 ταῖς
3553 5291 3777 5342 ἐκείνων
3808 5291 4025 5361 βουλαῖς

771 5372 928 5425 modo
982 5371 1244 5424 contenti.
1302 5369 1473 5436 ipsum
1514 5368 1848 5419 conditorem
1909 5370 2064 5420 velinl
2128 5385 2189 5423 ex
2247 5387 2345 5422 sno

2453 5392 2510 5426 τε
2533 5376 2625 5427 καὶ
2651 5374 2895 5443 γνώμαις
2926 5376 3223 5429 τυποῦσθαί
3245 5393 3303 5428 τε
3337 5378 3429 5428 καὶ
3450 5376 3913 5448 μεθαρμόςεσθαι,
3932 5387 4024 5435 καὶ

840 5530 884 5559 ’³
915 5527 1041 5580 an.
1088 5544 1175 5587 xv,
1230 5528 1278 5579 4.
1362 5530 1404 5556 ³³
1434 5525 1545 5580 .Ι.ιι·.
1602 5543 1673 5583 Iv,
1709 5527 1758 5577 3.

2060 5662 2292 5717 VARI/ﬁ
2334 5662 2735 5717 LECTIONES.

838 5759 883 5787 ⁸³
906 5759 961 5809 τὸ
1000 5758 1213 5826 κατα)..1
1242 5758 1369 5811 Luc.
1403 5774 1487 5816 xv.
1530 5759 1572 5810 ί.
1651 5758 1693 5785 ⁸³
1724 5758 1858 5822 ὅπερ
1890 5757 1927 5808 Λ
1970 5774 1981 5807 :
2015 5758 2204 5823 ὅτιπερ
2234 5773 2293 5817 τ.
2322 5826 2341 5833 _
2371 5756 2416 5784 ⁸⁸
2451 5751 2801 5833 ειῦνιιιόάηΛ.
2881 5758 2928 5788 ⁵⁸
2957 5760 3461 5833 προκαταλνθῑίσης
3490 5781 3549 5827 ς.
3618 5765 3661 5795 "
3721 5766 3953 5820 ἀχηὺεςθ
3973 5782 4020 5815 ιι

766 5829 909 5882 libri.
986 5830 1031 5859 "‘
1057 5828 1279 5897 αἰτεῖτε]
1312 5828 1499 5881 iaculi.
1547 5845 1617 5889 tv,
1689 5828 1739 5879 5.
1829 5828 1869 5855 δ’
1935 5828 2075 5878 κακά
2113 5843 2170 5887 τ.
2247 5826 2290 5855 ν’
2315 5826 2514 5879 ἄτοπον
2544 5826 2581 5877 Α
2620 5843 2632 5877 :
2664 5826 2825 5877 τόπον
2859 5844 2917 5890 ς.
