4196 6442
225 423 331 490 τις

1308 406 1829 471 BIBLIOTHECA.
1869 430 1937 440 -
1965 403 2129 464 COD.
2157 399 2419 462 CCXXII

3350 396 3459 459 750

220 535 366 591 κατὰ
390 535 489 596 τάς
518 531 742 585 ἐκείνων
774 530 1011 599 ψήφους,
1041 525 1144 580 κᾶν
1168 524 1247 585 είς
1275 522 1446 588 αὐγὰς
1472 520 1624 573 olim
1664 519 1800 587 ἦκα-

1838 524 1871 577 Α
1900 514 2130 569 consilio
2159 521 2320 580 atque
2342 509 2614 564 voluntate
2629 516 2678 561 et
2711 506 2954 574 lormari,
2982 517 3038 564 et
3062 506 3456 569 reconcinnari.

223 644 309 681 σιν
342 626 513 697 ἡλίου,
546 624 643 694 τὴν
688 621 1049 691 δημιουργίαν
1083 612 1529 670 κατευθύνεσθαι.
1565 610 1682 697 Ἔτι
1735 610 1791 661 δὲ

222 720 344 786 ἇμα
366 696 439 767 τε
465 715 513 766 ol
543 713 697 765 αὐτοὶ
738 711 899 763 καλὸν
934 708 1029 763 καὶ
1060 705 1261 775 φαῦλον
1310 705 1418 756 δεῖν
1448 702 1491 733 ⁸⁸
1540 696 1677 752 εἶναι
1704 700 1793 751 τὸν

224 809 513 879 ἄνθρωπον
543 805 926 873 ἀποφαίνουσι.
961 802 1034 855 Τὸ
1083 798 1192 868 γὰρ
1222 796 1383 850 καλὸν
1410 794 1509 863 μὲν
1539 788 1677 845 εἶναι
1701 792 1795 859 ζη-

219 903 359 961 τεῖν,
385 899 596 967 ἀνάγκῃ
628 896 684 948 δὲ
719 894 828 967 [τὸ]
864 891 1102 947 τοιοῦτον
1130 886 1267 942 εἶναι
1298 886 1709 957 προσαπαιτεῖν,
1736 880 1793 933 τό

219 1011 279 1045 τε
312 990 661 1053 αὐτεξούσιον
708 990 857 1039 ἐστιν
904 982 1142 1052 ἀφελεῖν,
1172 980 1266 1033 καὶ
1325 977 1490 1047 μηδὲν
1517 971 1591 1028 ὧν
1621 974 1795 1044 πράτ-

220 1099 407 1134 τουσιν
430 1079 704 1146 ἄνθρωποι
745 1077 882 1143 μήτε
916 1074 1081 1142 γέρας
1111 1066 1247 1122 εἶναι
1284 1068 1418 1137 μήτε
1471 1063 1741 1116 ἀντίδοσιν
1772 1075 1787 1091 ⁸

221 1171 283 1221 τὸ
309 1174 417 1238 γὰρ
434 1168 685 1219 ἀκούσιον
704 1164 826 1217 οὗτε
850 1165 912 1231 ἐμ
925 1163 1113 1231 μισθον
1133 1158 1254 1211 οὔτε
1278 1156 1598 1210 ὑπεύθυνον.
1616 1154 1794 1215 Ἀλλὰ,

224 1259 359 1320 Ναὶ,
393 1275 526 1325 φησι
553 1275 565 1286 ·
597 1255 650 1308 τί
680 1257 785 1323 γὰρ
824 1252 1046 1315 ἐκώλυε,
1080 1250 1329 1317 καθάπερ
1357 1250 1482 1311 τοὺς
1513 1246 1795 1315 ἀγγέλους,

222 1349 371 1401 οὕτω
400 1351 489 1399 καὶ
546 1347 668 1407 τοὺς
702 1344 1018 1414 ἀνθρώπους
1057 1340 1299 1395 ἐκτίσθαι
1333 1358 1347 1406 ;
1383 1339 1476 1392 καὶ
1506 1339 1613 1408 μὴν
1663 1337 1798 1388 κάπὶ

224 1438 339 1489 τῶν
371 1436 617 1503 ἀγγέλων
641 1437 674 1503 ἠ
702 1433 893 1502 γνώμη
924 1435 1132 1500 κρατεῖ,
1184 1432 1277 1483 καὶ
1329 1428 1481 1481 οὐδὲν
1518 1428 1635 1479 κατ’
1665 1426 1796 1478 ἀνά-

226 1546 374 1597 γκην
398 1530 579 1588 αὐτοῖς
605 1527 921 1595 πράττεται.
952 1524 1059 1575 Καὶ
1087 1524 1293 1592 μάρτυς
1312 1525 1339 1574 ὁ
1362 1520 1608 1573 ἐκπεσὼν
1632 1519 1797 1570 Ἑωσ-

228 1620 414 1687 φόρος,
453 1619 545 1669 καὶ
574 1618 699 1669 ὅσον
756 1615 903 1683 αὐτῷ
946 1614 1252 1683 συναπέστη
1288 1612 1450 1679 φῦλον
1497 1610 1793 1677 δαιμόνιον.

224 1710 354 1771 Πῶς
382 1709 438 1761 δὲ
469 1709 559 1761 καὶ
577 1708 797 1776 ἄμεινον
827 1707 945 1759 κατ’
970 1705 1231 1772 ἀγγέλους
1262 1702 1632 1772 προαχθῆναι,
1666 1704 1797 1754 ὅπου

226 1804 290 1853 το
322 1802 421 1870 μὲν
446 1798 783 1868 ἁμαρτάνειν
844 1806 902 1849 εν
931 1798 1115 1857 αὐτοῖς
1168 1795 1536 1863 ἀμετανόητον
1567 1797 1659 1845 καὶ
1712 1792 1800 1844 διὰ

1900 606 2176 672 ipsamque
2225 602 2361 655 adeo
2393 598 2574 653 mundi
2611 597 2941 653 molitionem
2985 615 3083 655 suo
3106 615 3175 655 ex
3216 600 3457 663 decreto.

1897 695 2110 750 etiamsi
2162 702 2288 746 tunc
2336 692 2508 746 lucem
2564 690 2800 746 nondum
2856 692 3223 759 aspexissent,
3276 692 3457 762 dirigi.

1899 786 2046 841 Idem
2088 782 2283 856 [addit]
2324 782 2451 836 illud
2481 796 2695 851 quoque
2726 782 2872 837 clare
2907 785 3295 845 demonstrant,
3331 798 3458 852 pro-

1902 878 2030 933 bum
2082 875 2244 930 simul
2289 885 2344 929 et
2383 873 2681 942 improbum
2709 888 2828 928 esse
2876 873 3146 928 hominem
3185 884 3438 942 oportere

1903 968 2039 1021 Dum
2078 969 2223 1021 enim
2275 969 2500 1034 probum
2543 966 2758 1032 quidem
2807 964 2953 1017 illum
3001 979 3121 1019 esse
3160 965 3363 1030 volunt,
3407 973 3465 1018 ct

1901 1063 2060 1116 simul
2090 1062 2397 1114 necessario
2424 1060 2583 1112 talem
2611 1072 2732 1111 esse
2757 1058 3048 1124 postulant,
3091 1073 3196 1111 non
3229 1059 3461 1113 liberum

1902 1152 2073 1208 solum
2102 1151 2204 1205 hoc
2236 1161 2391 1218 pacto
2417 1149 2609 1204 tollunt
2639 1150 2943 1211 arbitrium.
2972 1152 3067 1203 sed
3101 1149 3303 1204 nullum
3329 1165 3459 1218 quo-

1901 1259 2007 1313 que
2031 1259 2220 1299 eorum
2260 1258 2379 1311 qua:
2416 1242 2485 1295 ab
2534 1241 2839 1295 hominibus
2887 1249 3145 1309 gerantur
3180 1245 3462 1311 praamium

1902 1350 2023 1391 esse
2068 1335 2151 1389 vel
2185 1333 2672 1389 remunerationem
2718 1342 2989 1386 statuunt.
3036 1331 3461 1388 luvoluntarium

1902 1428 2045 1482 enim
2088 1426 2227 1493 quod
2264 1433 2369 1488 est,
2395 1421 2450 1476 id
2494 1438 2667 1490 neque
2693 1425 2968 1491 praemium
3008 1433 3261 1486 meretur,
3290 1439 3463 1493 neque

1904 1533 2077 1586 piens
2108 1517 2198 1572 ulli
2225 1525 2311 1572 est
2340 1514 2654 1571 obnoxium.
2692 1514 2763 1568 At
2790 1525 2937 1568 certe
2962 1516 3091 1568 nihil
3126 1516 3459 1583 prohibebat,

1907 1610 2102 1677 inquit,
2152 1608 2339 1662 eadem
2408 1606 2657 1661 homines
2702 1605 3008 1659 conditione
3058 1620 3162 1673 qua
3218 1606 3461 1675 angelos,

1904 1701 2085 1753 condi.
2118 1698 2407 1751 Enimvero
2436 1697 2488 1750 in
2516 1695 2721 1764 angelis
2748 1694 2991 1749 voluntas
3012 1696 3181 1748 libera
3214 1697 3457 1752 domina—

1905 1798 2013 1854 tur,
2053 1797 2109 1841 et
2141 1786 2274 1840 nihil
2311 1786 2380 1840 ab
2405 1785 2513 1839 illis
2550 1782 2855 1838 necessario
2898 1783 3093 1851 agitur.
3153 1783 3328 1839 Testis
3376 1794 3458 1841 est

223 1892 395 1945 τοῦτο
423 1892 604 1958 πάσης
636 1888 965 1955 συγγνώμης
1012 1886 1315 1955 ἀλλότριον,
1346 1886 1404 1938 τὸ
1428 1885 1486 1938 δὲ
1531 1883 1796 1954 ἡμέτερον

1838 1871 1871 1924 Β
1900 1879 2149 1946 delapsus
2194 1876 2430 1939 Lucifer,
2469 1883 2525 1930 et
2577 1882 2840 1943 quotquot
2878 1889 3000 1927 cum
3046 1874 3160 1942 ipso
3190 1874 3462 1929 daemones

226 1981 385 2050 γένος
409 1983 501 2034 καὶ
525 1982 814 2044 πίπτοντες
844 1982 931 2035 διὰ
954 1981 1238 2051 μετανοίας
1265 1980 1424 2033 πάλιν
1445 1980 1754 2033 ἀνίστανται
1786 1995 1799 2036 ;

226 2073 348 2125 ἔστι
380 2073 562 2143 μέντοι
596 2089 660 2139 γε
686 2073 823 2142 μετά
845 2072 941 2142 τὴν
973 2072 1308 2141 Δεσποτικὴν
1360 2070 1652 2140 ἐπιδημίαν
1708 2071 1802 2121 καὶ

228 2169 291 2219 ὲν
318 2164 626 2234 ἀνθρώποις
673 2164 811 2232 ἔργα
871 2163 1043 2231 μείζω
1078 2162 1315 2231 καθορᾷν
1346 2162 1378 2231 ἢ
1405 2163 1503 2214 ὅσα
1533 2162 1801 2231 πράττου-

227 2270 320 2306 σιν
354 2254 576 2321 ἄγγελοι
602 2269 616 2282 ·
656 2252 779 2305 Ἰδε
811 2252 917 2320 γὰρ
939 2252 1052 2319 ἐγὼ
1085 2251 1322 2315 Παῦλος
1342 2249 1496 2317 λέγω
1530 2249 1691 2317 ὑμῖν,
1721 2249 1801 2313 ὡς

227 2350 290 2399 ει
317 2346 419 2399 καί
459 2346 503 2376 ⁸⁸
524 2346 779 2413 ἄγγελος
820 2344 889 2407 ἐξ
910 2343 1169 2410 οὐρανοῦ
1191 2342 1624 2410 εὐαγγελίζεται
1662 2340 1803 2408 ὑμῖν

226 2438 373 2505 παρ’
420 2436 453 2490 ὃ
495 2435 879 2502 παρελάϐετε,
907 2432 1174 2501 ἀνάθεμα
1218 2433 1395 2485 ἔστω.
1452 2434 1560 2485 Kal.
1594 2433 1752 2484 πάλιν
1784 2446 1798 2460 ο

245 2528 313 2579 '0
367 2526 486 2593 μὲν
538 2524 911 2601 ἀρχάγγελος
939 2523 987 2555 ⁸⁸
1024 2522 1264 2589 Μιχαὴλ
1323 2522 1431 2574 οὐκ
1467 2519 1803 2587 ἐτόλμησεν

226 2616 576 2684 ἐξενεγκεῖν
596 2616 966 2682 βλάσφημον
1004 2615 1208 2681 κρίσιν
1246 2613 1397 2665 κατὰ
1448 2612 1551 2665 τοῦ
1604 2612 1802 2665 διαϐό-

228 2709 374 2768 λου,
404 2708 563 2774 ἡμεῖς
589 2706 645 2758 δὲ
670 2706 766 2775 τὴν
804 2704 1052 2768 ἐξουσίαν
1067 2703 1114 2734 ⁸⁸
1144 2702 1409 2770 ὲλάᾶομεν
1450 2704 1637 2754 πατεῖν
1667 2702 1802 2755 ἑπά-

237 2814 319 2848 νω
341 2796 520 2862 ὄφεων
550 2796 644 2847 καὶ
688 2794 964 2864 σκορπίων
1008 2794 1101 2845 καὶ
1130 2794 1221 2844 ἐπὶ
1249 2794 1428 2844 πᾶσαν
1459 2792 1555 2857 τὴν
1577 2790 1803 2855 δύναμιν

230 2887 337 2939 τοῦ
364 2886 579 2957 ἐχθροῦ.
612 2887 721 2939 Καὶ
774 2884 1021 2953 ἀγγέλων
1073 2883 1173 2953 μὲν
1216 2883 1413 2947 οὐδεὶς,
1445 2883 1633 2935 οὐδένα
1678 2881 1803 2933 οὔτε

234 2976 406 3037 αὐτὸς
446 2976 659 3035 ἑαυτὸν.
707 2975 903 3045 Θεδνῆ
959 2975 1096 3027 Θεοῦ
1128 2974 1252 3026 Υίὸν
1308 2976 1480 3025 εἰπεῖν
1506 2973 1571 3025 ἂν
1607 2973 1805 3043 τολμή-

234 3082 391 3119 σειεν
422 3064 579 3137 ’[592
604 3064 694 3137 R.)
722 3068 785 3117 τὸ
828 3066 885 3118 δὲ
913 3065 1177 3135 ἡμέτερον
1207 3064 1358 3131 γένος
1390 3067 1482 3116 καὶ
1512 3066 1621 3117 θεοὶ
1646 3064 1691 3096 ⁸⁸
1712 3064 1806 3117 καὶ

236 3158 355 3208 υἱοὶ
425 3156 677 3223 Ὑψίστου
736 3156 1068 3225 κεκλήμεθα.
1134 3154 1293 3206 Καὶὸ
1337 3154 1436 3223 μὲν
1476 3156 1534 3206 ὲν
1576 3156 1805 3220 ἐκείνοις

248 3246 560 3314 Ἐωσφόρος
590 3245 634 3275 ⁸⁸
666 3246 1077 3314 ὀνομαζόμενος,
1134 3242 1301 3297 εἰπὼν
1367 3246 1549 3315 ὅμοιος
1593 3245 1810 3299 ἔσεσθαι

235 3334 324 3403 τῷ
364 3335 605 3403 ’ΐψίστῳ
630 3336 728 3387 καὶ
775 3337 865 3387 τὸν
901 3337 1085 3403 θρόνον
1142 3337 1391 3406 ὑπεράνω
1420 3339 1464 3368 ⁵⁷
1504 3337 1675 3389 θεῖναι
1704 3339 1811 3390 τῶν

237 3428 528 3495 οὐρανῶν,
562 3428 653 3478 καὶ
702 3420 775 3478 ῶν
832 3424 945 3495 εἶχε
995 3428 1172 3480 καλῶν
1212 3429 1460 3481 ἐκπεσὼν
1503 3430 1595 3482 τὸν
1642 3430 1812 3483 αἰῶνα

234 3519 471 3584 γελεῖται
517 3518 609 3569 καὶ
660 3520 1083 3586 κατακρίνεται·
1112 3521 1259 3589 ἡμᾶς
1304 3520 1359 3572 δὲ
1412 3522 1626 3589 ὁμοίους
1672 3518 1809 3573 εἷναι

238 3605 340 3657 τοῦ
397 3607 605 3673 Πατρὸς
670 3608 758 3658 καὶ
812 3608 1129 3674 συνθρὸνους
1174 3610 1426 3676 γενέσθαι
1477 3612 1523 3642 ⁸⁸
1554 3612 1648 3664 τοῦ
1684 3612 1809 3664 Υἱοῦ

238 3696 418 3750 αὑτοῦ
450 3698 481 3766 ἡ
510 3697 609 3765 τῆς
642 3698 897 3766 ἀληθείας
927 3699 1101 3767 ψῆφος
1133 3700 1232 3769 τὴν
1269 3701 1448 3754 ἄδειαν
1482 3702 1668 3757 ἔδωκε.
1700 3706 1810 3756 Καὶ

241 3787 308 3836 τὸ
342 3786 524 3853 μεῖζον
553 3801 565 3813 ·
634 3786 956 3853 Συνήγειρε
990 3788 1034 3818 ⁸⁸
1062 3788 1159 3840 καὶ
1215 3789 1621 3844 συνεκάθισεν
1657 3790 1811 3859 ἡμᾶς

240 3877 464 3940 ἐντοῖς
499 3876 876 3944 ἐπουρανίοις
920 3880 987 3931 ἐν
1040 3880 1267 3947 Χριστῷ
1305 3880 1527 3947 Ἰησοῦ.
1565 3882 1696 3944 Καὶ,
1746 3884 1812 3934 El

240 3969 627 4035 ὑπομένομεν
648 3970 715 4029 ⁷ο,
745 3971 839 4020 καὶ
875 3972 1454 4039 συμϐασιλεύσομεν.
1480 3974 1606 4037 Καὶ,
1644 3972 1813 4026 016a-

235 4074 361 4125 μεν
392 4058 458 4120 ⁷¹,
485 4058 642 4109 πάλιν
673 4058 828 4119 ἄλλος
852 4058 956 4110 τῶν
980 4060 1236 4129 μαθητῶν
1254 4060 1700 4131 διαμαρτύρεται,
1723 4063 1811 4117 ὅτι

242 4150 361 4201 ἐὰν
389 4148 722 4216 φανερωθῇ,
775 4148 962 4216 ὅμοιοι
996 4148 1155 4214 αὐτῷ
1180 4152 1454 4220 ἐσόμεθα.
1492 4154 1652 4206 Ὥστε
1697 4156 1809 4217 τοῖς

243 4240 597 4308 βουλομένοις
648 4240 789 4307 ἔχειν
819 4243 910 4293 καὶ
938 4244 1036 4310 τὴν
1066 4243 1310 4311 ἀγγέλων
1340 4246 1504 4314 τιμὴν
1552 4246 1650 4315 ήδη
1716 4264 1806 4298 κε-

240 4348 507 4401 χαρισται

1903 1968 2238 2021 defecerunt.
2280 1966 2474 2019 Verum
2501 1964 2768 2034 quomodo
2815 1965 2970 2018 nobis
3006 1964 3258 2031 expedire
3292 1967 3461 2035 magis

1903 2059 2070 2126 possit
2108 2058 2417 2127 angelorum
2453 2055 2762 2110 conditione
2804 2055 3047 2124 produci,
3085 2057 3299 2123 quando
3334 2070 3460 2125 pec-

1902 2162 2079 2206 catum
2133 2152 2370 2219 ipsorum
2416 2148 2785 2216 paenitentiam
2832 2164 2934 2201 non
2986 2148 3209 2216 recipit,
3240 2156 3295 2202 et
3337 2164 3461 2215 pro.

1902 2252 2083 2310 pterea
2106 2240 2249 2294 omni
2275 2254 2485 2307 quoque
2528 2240 2681 2293 venia
2728 2249 2955 2292 careat:
2993 2248 3237 2292 nostrum
3282 2250 3461 2294 autem

1904 2335 2127 2389 mortale
2170 2346 2335 2400 genus
2359 2333 2521 2384 etiam
2550 2345 2777 2396 peccans
2808 2345 2902 2397 per
2943 2328 3315 2398 panitentiam
3347 2348 3463 2386 rur-

1903 2442 2021 2479 sum
2057 2434 2300 2493 resurgat
2324 2423 2347 2476 Τ
2369 2423 2432 2476 Ει
2462 2431 2612 2476 certe
2642 2431 2763 2490 post
2787 2419 2989 2475 Christi
3021 2419 3235 2476 Domini
3266 2424 3465 2478 adven-

1905 2526 2039 2579 tum,
2060 2517 2222 2569 etiam
2259 2516 2310 2568 in
2346 2513 2651 2569 hominibus
2681 2513 2885 2581 majora
2915 2528 3075 2581 opera
3109 2514 3286 2567 videre
3316 2514 3461 2580 licet,

1902 2624 2062 2679 quam
2115 2622 2446 2677 quaecunque
2504 2606 2573 2660 ab
2619 2604 2825 2673 angelis
2853 2604 2987 2658 ﬁunt
3017 2623 3031 2658 :
3071 2604 3199 2658 Ecce
3221 2622 3313 2675 ego
3346 2606 3465 2659 dico

1905 2704 2045 2757 uobis
2070 2700 2263 2771 (inquit
2282 2698 2524 2765 Paulus),
2549 2698 2667 2749 licet
2691 2698 2904 2765 angelus
2930 2695 2994 2749 de
3009 2697 3134 2750 caelo
3158 2697 3465 2766 evangelise!

1903 2794 2069 2855 vobis,
2132 2800 2321 2861 prater
2367 2790 2444 2853 id,
2492 2791 2631 2858 quod
2681 2790 2974 2852 accepistis,
2998 2789 3275 2841 anathema
3301 2792 3366 2841 sit
3397 2790 3462 2841 ".

1906 2886 1972 2939 Et
2023 2888 2214 2936 iterum
2253 2898 2268 2934 :
2311 2880 2533 2934 Michael
2579 2880 2787 2947 quidem
2838 2881 3180 2947 archangelus
3240 2898 3341 2934 non
3390 2892 3466 2934 est

1903 2994 2063 3031 ausus
2109 2976 2369 3042 judicium
2400 2972 2591 3041 inferre
2632 2954 2959 3037 blasphemiiz
3004 2972 3211 3025 diabolo
3242 2974 3285 3003 “
3322 2991 3337 3036 ;
3374 2990 3470 3027 nos

1904 3081 2036 3120 vero
2091 3066 2397 3132 accepimus
2461 3069 2786 3129 potestatem
2837 3059 3077 3114 calt-andi
3133 3076 3291 3128 supra
3350 3078 3469 3115 ser-

1838 3192 1881 3251 ε
1912 3168 2102 3229 pentes
2154 3167 2208 3211 et
2257 3154 2589 3223 scorpiones,
2631 3160 2686 3205 et
2746 3168 2905 3219 super
2952 3168 3165 3207 omnem
3217 3166 3467 3207 Virtutem

1918 3248 2117 3303 inimici
2142 3248 2207 3300 "'.
2236 3245 2418 3314 Neque
2445 3246 2756 3313 angelorum
2785 3244 3065 3312 quisquam
3089 3258 3146 3297 se
3182 3243 3262 3296 vel
3306 3245 3467 3297 alium

1917 3356 2077 3394 ausus
2114 3349 2198 3392 est
2240 3341 2425 3402 Deum,
2454 3347 2545 3390 aut
2588 3335 2677 3390 Dei
2704 3336 2894 3389 Filium
2944 3334 3211 3402 appellare
3244 3354 3257 3388 :
3303 3338 3472 3390 homi-

1918 3448 2043 3485 num
2088 3445 2215 3484 vero
2267 3444 2454 3497 genus,
2487 3438 2544 3482 et
2570 3428 2642 3482 dii
2669 3438 2723 3481 et
2764 3427 2854 3480 lilii
2900 3426 2989 3480 Dei
3032 3429 3366 3481 nominamur
3403 3428 3469 3481 ".

1916 3522 2048 3575 Cum
2096 3522 2219 3575 item
2272 3520 2515 3585 dixisset,
2551 3520 2639 3587 qui
2683 3520 2823 3572 inter
2849 3519 2966 3571 illos
3020 3516 3233 3573 Lucifer

1920 3615 2230 3675 vocabatur,
2254 3613 2483 3666 similem
2506 3626 2566 3666 se
2598 3611 2833 3664 futurum
2853 3610 3148 3675 Altissimo,
3173 3611 3473 3682 soliumque

1916 3720 2074 3773 supra
2108 3703 2302 3757 cmlum
2354 3703 2744 3756 collocaturum
2772 3703 2837 3765 ",
2872 3702 2976 3755 illis
3030 3702 3179 3770 ipsis,
3213 3718 3331 3772 qua:
3361 3715 3470 3759 tum

1918 3794 2243 3863 possidebat,
2294 3792 2447 3846 bonis
2497 3793 2734 3855 amissis,
2772 3794 2824 3846 in
2869 3792 3061 3847 saecula
3107 3794 3332 3847 ludibrio
3366 3804 3469 3856 est.

1918 3898 2080 3954 atque
2116 3886 2504 3940 condemnatus
2548 3895 2771 3938 manet:
2814 3885 2965 3939 nobis
3006 3898 3183 3940 tamen
3233 3887 3474 3941 veritatis

1918 3980 2190 4031 decretum
2245 3985 2560 4044 potestatem
2616 3975 2761 4028 illam
2807 3974 2955 4039 fecit,
2986 3987 3045 4029 ut
3090 3977 3290 4031 similes
3327 3976 3473 4033 Patri

1917 4068 2269 4128 elﬁceremur,
2312 4082 2523 4134 unaque
2552 4082 2673 4120 cum
2707 4066 2824 4131 ejus
2856 4066 2993 4121 Filio
3024 4068 3075 4119 in
3110 4069 3314 4122 thronis
3342 4083 3475 4123 cou-

1918 4159 2235 4213 sideremus.
2280 4156 2407 4210 Illud
2447 4156 2673 4222 amplius
2713 4155 3214 4223 :Conresuscitavil,
3264 4168 3312 4211 et
3342 4174 3469 4212 con-

1914 4249 2090 4301 sedere
2124 4263 2215 4299 nos
2242 4246 2359 4314 fecit
2391 4248 2445 4298 in
2469 4246 2756 4299 caelestibus
2786 4249 2838 4298 in
2874 4247 3083 4301 Christo
3112 4246 3240 4301 Iesu
3268 4249 3332 4301 ⁸⁸.
3364 4248 3467 4303 Et:

1915 4338 1973 4392 Si
2015 4339 2405 4399 sustinebimus,
2443 4340 2601 4390 etiam
2637 4341 3061 4407 conregnabimus
3089 4342 3153 4393 ⁸⁸.
3185 4338 3251 4394 Et
3291 4360 3303 4393 :
3352 4341 3470 4397 Sci-

243 4440 367 4474 ntus
400 4426 558 4489 (alius
598 4422 791 4475 iterum
832 4426 1103 4492 apostolus
1136 4426 1383 4493 testatur)
1410 4429 1659 4495 quoniam
1686 4446 1801 4482 cum
1824 4429 2361 4499 apparueril,similes
2387 4433 2433 4485 ei
2486 4431 2680 4486 erimus
2709 4433 2773 4486 ³’.
2824 4433 3005 4501 itaque
3056 4434 3142 4489 his
3188 4433 3336 4501 ipsis,
3378 4436 3468 4503 qui

243 4515 559 4582 angelorum
590 4514 842 4566 honorem
874 4526 1147 4584 tantopere
1168 4516 1428 4581 ambiunt,
1452 4519 1565 4586 jam
1582 4535 1870 4574 concessus
1902 4522 1992 4576 ille
2025 4534 2126 4577 est.

334 4604 476 4655 ‘ADS
540 4604 923 4671 ἁμαρτάνομεν
948 4645 962 4665 ,
1005 4609 1186 4673 φησὶν,
1235 4608 1622 4680 εὐχερέστερον
1651 4630 1663 4641 ·
1695 4611 1803 4663 ἀλλ¹

1838 4613 1889 4672 D
1985 4614 2144 4683 Atqui
2164 4630 2465 4683 peccamus.
2498 4615 2692 4683 inquit,
2718 4617 3031 4684 promptius.
3061 4617 3330 4691 [Verum.]
3362 4621 3468 4676 Sed

236 4698 371 4749 ὅσον
404 4696 662 4761 συνεχῶς,
718 4698 967 4748 τοσοῦτον
1022 4697 1237 4763 θᾶττον,
1267 4702 1333 4754 ἂν
1383 4702 1491 4771 ἄρα
1548 4703 1803 4772 θέλωμεν,

1910 4716 2109 4774 quanto
2128 4706 2177 4760 id
2200 4706 2515 4774 promptius,
2550 4716 2696 4759 tanto
2715 4707 2874 4760 etiam
2893 4709 3054 4760 citius
3085 4712 3408 4780 resurgimus
3438 4731 3453 4776 ;

236 4785 585 4854 ἀνιστάμεθα
616 4799 628 4813 ’
680 4788 877 4856 μυρίας
926 4789 1031 4859 γὰρ
1065 4791 1108 4819 ⁷⁸
1136 4790 1284 4853 ὁδοὺς
1318 4792 1417 4861 τῆς
1452 4794 1803 4863 μεταμελείας

1909 4796 1953 4849 si
1986 4798 2141 4851 modo
2193 4797 2455 4851 volumus.
2491 4796 2633 4850 Mille
2661 4801 2802 4852 enim
2834 4799 2949 4851 vias
2983 4801 3294 4867 pmniteudi,
3341 4821 3463 4859 nos-

242 4880 343 4930 καὶ
378 4879 474 4943 τῆς
513 4878 781 4946 σωτηρίας
810 4879 965 4947 ἡμῶν
998 4882 1024 4931 ὀ
1048 4879 1173 4949 [505
1205 4880 1295 4953 Η.]
1323 4883 1625 4952 ὑπέρσοφος
1654 4885 1803 4954 κηδε-

1910 4900 2013 4951 que
2083 4885 2323 4938 solvendi
2383 4886 2813 4953 sapientissimus
2900 4896 3157 4955 patronus
3229 4891 3467 4948 donavit.

250 4966 375 5035 μὼν
407 4966 715 5033 ἐχαρίσατο.
752 4967 889 5017 Ἀλλ’
913 4970 1145 5036 ἐραστὴς
1172 4970 1236 5021 σὺ
1258 4969 1355 5037 τῆς
1392 4971 1525 5039 πρὸς
1545 4972 1803 5039 ἀγγέλους

1914 4975 2005 5039 At,
2038 4975 2170 5031 heus
2208 4985 2264 5030 tu
2305 4977 2559 5046 angelica:
2600 4979 2939 5045 cognationis
2984 4990 3190 5033 amator
3221 4998 3235 5033 :
3269 4983 3471 5050 majore

242 5060 590 5123 συγγενείας.
647 5060 755 5110 Καὶ
788 5059 893 5128 μὴν
920 5060 962 5090 ⁷³
989 5059 1215 5128 ἠξίωσαι
1245 5060 1484 5129 μείζονος
1507 5079 1519 5091 ·
1562 5063 1655 5116 τοῦ
1702 5064 1803 5134 γὰρ

1916 5068 2077 5119 etiam
2116 5082 2337 5121 munere
2383 5067 2580 5136 dignus
2600 5083 2660 5120 es
2694 5067 2925 5121 habitus.
2958 5069 3089 5121 Nam
3124 5075 3329 5141 cognati
3358 5074 3469 5143 jam

236 5149 520 5201 Δεσπότου
558 5154 833 5216 συγγενεῖς
860 5156 998 5203 κατὰ
1034 5152 1210 5221 σάρκα
1237 5155 1557 5223 γεγόναμεν.
1591 5157 1711 5208 Ἔτι
1752 5156 1803 5208 δὲ

1914 5158 2116 5213 Christi
2148 5174 2244 5227 per
2272 5172 2486 5212 carnem
2516 5156 2689 5211 effecti
2718 5171 2923 5213 sumus.
2941 5160 3094 5225 Quod
3124 5162 3248 5217 item
3278 5164 3346 5218 ab
3367 5165 3471 5221 illis

316 5323 367 5352 "
392 5320 567 5375 Galat.
606 5338 643 5381 ι.
672 5323 704 5375 8
734 5332 788 5376 et
826 5323 879 5377 9.
955 5326 1000 5356 ¹⁶
1030 5324 1180 5379 ludat
1211 5328 1264 5379 9.
1341 5326 1386 5355 "
1429 5326 1556 5383 Luc.
1592 5344 1644 5395 χ,
1688 5330 1773 5384 l9.

234 5391 368 5424 ³111
427 5391 546 5424 'I‘in.
604 5407 637 5424 as
700 5394 764 5424 lC)
858 5394 952 5424 Ill
988 5394 1109 5424 Ιησι..
1176 5410 1233 5424 ι..
1298 5396 1328 5424 3

1850 5330 1894 5361 "
1926 5329 2065 5387 Psal.
2128 5347 2311 5396 um,
2351 5333 2404 5388 6.
2479 5332 2649 5390 "lsa.
2708 5351 2821 5401 κιν,
2857 5336 2941 5391 ιι.
3019 5336 3065 5367 ³⁸
3094 5337 3285 5407 Ephes.
3327 5355 3387 5401 ιι,
3415 5339 3469 5393 6.

321 5391 369 5445 ll
427 5391 571 5445 Titii.
604 5407 663 5454 Il,
700 5394 785 5447 12.
858 5395 903 5425 ³³
936 5394 1133 5449 lloan.
1174 5410 1258 5459 ιιι,
1298 5396 1351 5450 Ξ.

1512 5508 1740 5564 κ’ΛΒΙίΕ
1780 5507 2172 5566 LECTIONES.

315 5606 362 5637 ⁶¹
388 5605 554 5691 belli;
614 5604 674 5691 ’ξ’
703 5603 1043 5691 fixaileal.
1082 5621 1119 5666 ι,
1159 5604 1212 5658 8.
1254 5604 1335 5691 ,ζ’
1363 5602 1708 5691 ὁμὲνῖαρχλ
1744 5601 1898 5691 aliud.
1948 5606 2039 5691 9.“
2077 5606 2122 5691 ⁶ξ
2151 5609 2249 5691 τὴν
2292 5608 2587 5691 {inuoluti}.
2614 5613 2766 5691 Luc;
2793 5616 2987 5691 x,_19._
3043 5614 3277 5691 ⁸⁸ηθεοὶ]
3324 5614 3469 5691 Psal.

229 5691 436 5757 εἰναι,
482 5673 535 5725 6.
581 5675 659 5757 ﬂ“
704 5673 914 5757 ςωσιρξ]
967 5675 1067 5757 lsa.
1099 5675 1335 5757 ξενιμη.
1410 5674 1453 5704 ⁵⁷
1482 5673 1833 5757 ρέεράνωθεει
1858 5692 1915 5737 ς.
1950 5744 1965 5757 ‘
1993 5675 2043 5757 ’ξ
2064 5673 2303 5757 γίνεσθαι
2340 5673 2702 5757 apqgraphnm
2734 5673 3009 5757 Stephani.
3087 5686 3131 5716 "
3162 5673 3466 5757 cuvi‘jmpei

229 5750 442 5827 Eii-litus.
478 5759 538 5806 ll,
577 5744 631 5799 6.
711 5748 756 5775 το
780 5742 1045 5815 sio-itan]
1110 5745 1334 5805 ll.'l'ini.
1381 5760 1440 5809 ιι,
1477 5744 1565 5797 12.
1600 5742 1603 5743 ⁷
1640 5744 1681 5774 ’⁸
1723 5742 1965 5813 οἴδαμεν]
2025 5744 2043 5795 I
2102 5746 2258 5801 Joan.
2306 5742 2387 5811 ιιι,
2421 5742 2474 5803 Ξῖ
2542 5742 2593 5781 ’⁷⁸
2648 5756 2755 5823 γὰρ
2805 5742 2927 5808 δ’(ίό.
2982 5755 3048 5808 Α.
3125 5758 3168 5787 ’⁸
3213 5742 3318 5810 καῖ
3350 5742 3467 5827 *ᾀὴᾴ
