4196 6442
767 421 867 483 751

1928 420 2187 478 PllOTll
2231 420 2605 479 PATRIARC
2618 422 2739 480 Il/E
2777 423 2886 482 (ΖΡ.

3888 420 3988 489 752

767 549 1040 611 peccatum
1094 545 1193 599 est.
1244 534 1453 588 tametsi
1507 534 1727 589 forsitan
1762 537 1937 590 minus
1980 550 2058 590 est
2119 549 2326 599 nostro,
2363 550 2400 597 Α

2363 550 2400 597 Α
2431 538 2491 587 τὸ
2532 541 2629 607 μὲν
2668 538 2794 605 παρ’
2834 538 3057 589 ἐκείνων
3094 538 3416 607 ἁμάρτημα,
3450 538 3549 590 κᾶν
3599 538 3818 591 ἔλαττόν
3874 541 3983 590 ἐστι

767 633 952 701 majori
989 640 1162 682 tamen
1196 641 1350 695 pmna
1376 628 1610 693 punitur.
1655 626 1888 680 Potentes
1922 629 2055 680 enim
2085 637 2318 694 potenter

765 733 1018 778 tormenta
1042 722 1310 790 patientur
1332 719 1395 772 ⁸³.
1424 719 1629 771 Rursus
1656 720 1795 785 quod
1824 719 1925 772 illis
1948 720 2316 786 gravissimam

765 813 919 867 allert
949 826 1180 882 pcenam,
1223 826 1324 862 non
1358 825 1537 876 parcnt
1568 809 1719 862 nobis
1753 810 1801 861 in
1836 809 1949 876 pari
1978 808 2173 861 delicto
2201 821 2317 876 pm-

766 920 846 958 na:
893 903 1104 957 adducit
1135 901 1470 970 gravitatem.
1519 900 1653 965 Quin
1703 900 1863 953 etiam
1896 900 1947 953 in
1980 900 2133 953 nobis
2160 900 2321 953 citius

765 994 993 1055 deletur.
1022 1007 1141 1045 cum
1180 992 1282 1042 illis
1306 991 1469 1043 semel
1503 989 1733 1042 infusum
1776 999 2074 1057 peccaturo,
2107 998 2324 1042 maneat

768 1083 1064 1138 indelebile.
1126 1080 1189 1135 Et
1237 1080 1395 1134 nobis
1426 1079 1642 1148 quidem
1690 1089 1873 1133 nostra
1925 1094 2045 1132 cum
2097 1093 2323 1146 corpore

766 1174 1092 1242 coniunctio,
1116 1172 1281 1225 venite
1300 1186 1514 1224 causam
1546 1171 1746 1239 praebet
1776 1188 1789 1235 ;
1824 1170 1926 1224 illis
1948 1184 2096 1233 vero,
2122 1179 2324 1238 quanto

766 1280 990 1335 corpore
1010 1264 1405 1331 prastantiores
1452 1262 1735 1325 habentur,
1772 1271 1923 1314 tanto
1956 1262 2116 1314 etiam
2151 1262 2326 1314 minus

766 1356 1117 1426 deprecabilis
1185 1354 1467 1421 castigatio
1536 1354 1809 1423 inlligitnr.
1862 1353 2218 1417 Quamobrem
2275 1361 2327 1405 et

775 1464 871 1502 vas
904 1447 1181 1502 electionis
1236 1447 1311 1498 ait
1358 1463 1370 1495 :
1430 1444 1653 1513 Angelos
1700 1443 2079 1512 judicabimus,
2134 1452 2328 1509 quanto

768 1543 931 1612 magis
966 1540 1243 1595 sacularia
1273 1540 1338 1591 “.
1374 1538 1457 1602 Et,
1492 1536 1672 1591 Sancti
1705 1539 1956 1589 mundum
1990 1536 2324 1602 judicabant.

775 1635 1033 1690 Nimirum
1072 1647 1268 1687 crassze
1321 1633 1445 1685 huic
1477 1632 1625 1684 carni
1673 1630 1893 1694 alligati,
1925 1630 2018 1680 sed
2050 1642 2167 1694 qua:
2218 1641 2329 1678 me-

772 1729 903 1781 liora
931 1735 1076 1789 sunt,
1111 1733 1252 1779 recte
1272 1734 1608 1792 peragentes,
1632 1722 1827 1773 liberos
1855 1719 1974 1772 illos
1997 1734 2025 1771 a
2050 1718 2328 1786 corporeis

771 1819 1019 1881 vinculis,
1068 1818 1161 1871 sed
1196 1815 1291 1885 qui
1326 1824 1416 1866 aut
1451 1828 1552 1866 non
1587 1813 1733 1882 paria
1779 1812 1993 1873 nostris,
2022 1819 2114 1863 aut
2153 1810 2330 1878 pejora

2422 629 2529 681 τῶν
2558 631 2688 697 παρ’
2728 631 2856 697 ἡμῖν
2887 666 2902 687 .
2962 629 3178 680 κολάσει
3237 629 3701 682 καθυποϐἀλλεται
3763 629 3987 697 μείζον’

2420 722 2435 786 (
2462 721 2705 771 Διλινατοὶ
2761 721 2806 748 ⁷⁸
2833 719 2940 786 γὰρ
2971 718 3234 783 δυνατῶς
3260 721 3691 786 ἑτασθήσονται
3717 722 3757 785 ).
3814 722 3878 770 ὐ
3935 722 3986 773 δὲ

2421 812 2648 871 ἐκείνοις
2681 812 2875 877 ἐπάγει
2907 813 3003 882 τὴν
3039 812 3341 879 βαρυτάτην
3373 813 3611 870 κόλασιν,
3639 813 3737 878 οὐχ
3798 812 3987 877 ὁμοίαν

2422 905 2548 968 ἡμῖν
2580 904 2671 953 ἐπὶ
2698 905 2807 963 τοῖς
2840 904 3044 969 όμοίοις
3078 904 3175 971 τῆς
3212 903 3396 963 ποινῆς
3450 904 3641 966 ἐπάγει
3670 903 3767 971 τὴν
3825 905 3987 970 βαρύ-

2420 1010 2574 1061 τητα.
2630 993 2785 1044 Ἀλλὰ
2817 996 2908 1044 καὶ
2938 995 3067 1060 ἡμῖν
3099 993 3195 1060 μὲν
3228 992 3413 1043 θᾶττον
3440 993 3819 1060 ἀπαλείφεται,
3852 994 3987 1044 ὲκεί-

2423 1101 2531 1143 νοις
2581 1083 2635 1134 δὲ
2670 1084 2811 1148 Ξιπαξ
2852 1085 3075 1135 ἐντακὲν
3113 1084 3355 1151 διαμένει
3409 1082 3791 1147 ἀνεξάλειπτον
3819 1100 3829 1110 ’
3903 1090 3990 1133 καὶ

2425 1178 2557 1244 ἡμῖν
2606 1176 2701 1243 μὲν
2736 1177 2766 1243 ἡ
2804 1177 2937 1241 πρὸς
2967 1176 3027 1226 τὸ
3060 1175 3216 1242 σῶμα
3263 1176 3520 1241 συνάφεια
3555 1174 3880 1242 συγγνώμης
3916 1178 3994 1227 αἰ-

2426 1267 2542 1317 τίαν
2575 1267 2854 1335 χαρίζεται
2878 1306 2890 1323 .
2940 1268 3050 1327 τοῖς
3100 1265 3156 1317 δὲ
3189 1267 3297 1332 ὅσῳ
3336 1266 3615 1333 κρείττους
3658 1267 3872 1317 δοκοῦσι
3902 1264 3991 1317 τοῦ

2433 1352 2699 1422 σώματος,
2760 1356 2851 1405 ἐπὶ
2896 1342 3147 1406 τοσοῦτον
3196 1355 3569 1423 ἀπαραίτητος
3602 1357 3707 1424 7⁵η
3762 1356 3995 1423 τιμωρὶα

2430 1444 2794 1511 περιίσταται.
2833 1444 2921 1495 Διὸ
2942 1447 3032 1495 καὶ
3055 1446 3113 1495 τὸ
3148 1445 3377 1514 ἐκλογῆς
3412 1446 3600 1507 σκεῦος
3628 1446 3829 1511 ἔλεγεν·
3875 1446 3995 1512 Ἀγ-

2429 1536 2644 1602 γέλους
2671 1536 2715 1564 ⁷⁸
2773 1536 3113 1603 κρινοῦμεν,
3147 1538 3288 1603 μήτι
3330 1554 3395 1605 γε
3441 1536 3688 1599 βιωτικά
3719 1553 3732 1565 ·
3771 1536 3863 1587 καὶ
3891 1578 3903 1596 ,
3937 1540 3995 1588 Ol

2430 1626 2581 1694 ἅγιοι
2615 1624 2719 1676 τόν
2745 1628 2973 1693 κόσμον
3010 1627 3345 1692 κρινοῦσιν,
3384 1624 3494 1678 οἷον
3524 1627 3565 1656 ττ
3598 1624 3794 1692 σαρκὸς
3830 1629 3997 1693 παχὺ-

2428 1732 2550 1783 τητι
2583 1713 2921 1775 συνδεθέντες
2954 1714 3047 1766 καί
3077 1713 3463 1783 κατορθοῦντες
3484 1712 3551 1764 τὰ
3568 1712 3857 1781 κρείττονα
3880 1714 3996 1773 τοὺς

2434 1806 2748 1875 ἐλευθέρους
2785 1806 2882 1874 μὲν
2932 1808 3028 1874 τῆς
3084 1804 3405 1873 σωματικῆς
3449 1804 3635 1870 πέδης,
3678 1802 3752 1871 μὴ
3786 1804 3854 1854 τὰ
3915 1804 3997 1854 ἴσα

768 1912 928 1963 etiam
962 1880 1549 1977 patrant,—judicanitis,
1588 1880 1749 1969 atque
1779 1901 2192 1967 compescimus,
2225 1899 2327 1950 mi-
2363 1880 2403 1933 Β

2363 1880 2403 1933 Β
2431 1898 2486 1949 δὲ
2517 1898 2548 1965 ἢ
2577 1900 2667 1949 καὶ
2702 1897 2766 1948 τὰ
2794 1897 2961 1965 χείρω
3004 1898 3339 1964 πράττοντας
3371 1893 3773 1964 κατακρίνομέν
3824 1910 3881 1946 τε
3910 1896 3997 1945 καὶ

773 2016 901 2058 nore
929 2017 1049 2056 cum
1082 2006 1366 2070 potestate,
1406 1997 1544 2064 quod
1576 1994 1764 2047 melius
1796 2002 1933 2053 erat,
1961 1990 2329 2061 perﬁcieates,

772 2110 880 2162 pra:
914 2093 997 2155 iis,
1037 2091 1125 2159 qui
1161 2088 1416 2156 majorem
1460 2086 1763 2139 factiltatem
1795 2084 2134 2137 obtinebant.
2169 2081 2332 2134 Nobis

772 2186 988 2253 insuper
1026 2181 1370 2253 peccantibus
1422 2188 1527 2232 tota
1559 2188 1639 2231 est
1686 2178 1794 2230 vita
1846 2178 1911 2229 ad
1963 2175 2331 2243 pmnitentiain

770 2289 931 2345 atque
954 2273 1381 2328 emendationem
1413 2271 1704 2338 proposita,
1752 2282 1872 2320 cum
1918 2265 2137 2334 angelos
2168 2263 2333 2317 semel

773 2370 947 2436 lapsos
968 2379 1121 2434 poena
1143 2377 1263 2417 mox
1283 2371 1567 2416 consecuta
1600 2360 1684 2412 sit.
1711 2357 1939 2427 Caligini
1956 2358 2114 2417 enim,
2140 2356 2331 2425 inquit,

773 2458 964 2527 inferni
1019 2458 1285 2509 immersos
1337 2453 1553 2506 tradidit
1584 2452 1925 2521 injndicium
1974 2448 2334 2502 custodiendos

776 2566 976 2607 servare
1005 2551 1143 2619 (4'5).
1171 2548 1306 2601 Aliis
1338 2547 1601 2600 sexcentis
1631 2544 1958 2614 argumentis
1999 2540 2336 2610 sapientissi-

779 2662 860 2696 ma
895 2644 985 2698 Dei
1016 2657 1140 2711 erga
1193 2654 1291 2694 nos
1321 2638 1647 2708 providentia
1683 2636 2027 2706 perspicitur.
2062 2645 2115 2688 et
2146 2650 2333 2688 eorum

775 2737 865 2802 qui
902 2747 1000 2786 nos
1029 2729 1247 2800 angelos
1295 2730 1471 2797 potius
1503 2728 1695 2798 186a
1732 2742 1889 2796 quam
1924 2727 2170 2779 homines
2206 2740 2338 2780 con-

778 2830 919 2878 ditos
946 2823 1152 2885 volunt,
1184 2820 1450 2875 dementia
1482 2831 1637 2887 atque
1661 2820 1867 2873 insania
1904 2818 2078 2887 palam
2108 2818 2336 2886 exponi-

780 2906 1358 2984 turf-Quanquamrsi
1406 2914 1695 2968 secundum
1727 2912 2031 2980 angelorum
2091 2922 2334 2965 naturain

778 3011 1045 3063 hominem
1076 3007 1395 3061 fabricasset
1429 3004 1640 3075 [Deus],
1678 3018 1744 3056 ne
1774 3003 1851 3055 sic
1894 3002 2107 3070 quidem
2140 3015 2336 3069 repre-

779 3100 1046 3155 hendendi
1102 3098 1335 3153 studium
1406 3112 1709 3161 repressum
1764 3092 1899 3147 foret
1948 3112 1961 3158 ;
2023 3094 2114 3147 sed
2177 3093 2336 3147 aliam

782 3204 965 3243 rursus
1014 3198 1259 3242 naturam
1287 3198 1570 3255 qumreret,
1605 3200 1723 3251 qua:
1768 3185 2065 3253 angelicum
2103 3184 2338 3236 vinceret

780 3290 997 3333 statum.
1049 3278 1263 3333 Interim
1316 3287 1369 3329 tu
1416 3277 1602 3329 ethoc
1652 3277 1779 3328 mihi
1816 3275 2093 3329 considera
2139 3293 2151 3327 :
2192 3276 2234 3329 si
2275 3274 2339 3327 ad

782 3369 1069 3436 imaginem
1113 3368 1205 3422 Dei
1245 3365 1491 3421 conditus
1530 3367 1695 3419 Adam
1725 3366 2031 3431 angelorum
2069 3380 2163 3433 par
2206 3364 2340 3417 luis-

783 3472 883 3525 set,
928 3471 983 3515 et
1036 3475 1209 3530 neque
1250 3475 1351 3515 nos
1396 3458 1704 3529 angelorum
1747 3458 1913 3526 gloria
1957 3459 2342 3519 caruissemns,

784 3553 871 3607 ille
905 3563 1081 3606 tamen
1114 3552 1273 3621 paulo
1303 3551 1437 3604 infra
1468 3550 1683 3618 angelos
1713 3548 1959 3612 elTectus,
1995 3549 2063 3602 ob
2109 3557 2341 3601 Incntein

785 3646 991 3699 scilicet
1017 3643 1232 3706 elatam,
1266 3643 1487 3694 minime
1533 3640 1677 3709 quod
1718 3650 1998 3706 acceperat
2031 3652 2347 3692 conservas-

785 3746 886 3800 set,
911 3750 1015 3804 quo
1057 3734 1261 3805 [quaso
1295 3732 1369 3802 te]
1401 3741 1579 3798 pacto,
1615 3733 1657 3784 si
1694 3731 1947 3799 majorem
1986 3741 2175 3783 nactus
2204 3739 2348 3781 esset

785 3830 1211 3897 praerogativam,
1250 3841 1354 3878 non
1386 3827 1545 3877 etiam
1583 3823 1988 3891 graviorelapsu
2013 3820 2346 3874 corruisset?

786 3916 969 3986 Neque
1030 3915 1156 3969 illud
1208 3914 1483 3969 omiseris.
1530 3913 1659 3977 Qua:
1712 3927 1804 3979 per
1859 3910 2230 3963 necessitatem
2291 3909 2349 3960 ﬁt

786 4010 948 4074 actio,
992 4023 1053 4062 ea
1086 4023 1189 4061 non
1221 4007 1429 4060 ratione
1462 4006 1804 4071 praeditorum
1841 4013 1944 4067 ρει,
1992 4003 2083 4055 sed
2113 4002 2177 4053 ad
2212 4002 2350 4052 irra-

788 4100 1091 4154 tionabilem
1123 4110 1285 4166 atque
1314 4096 1604 4149 inaniinani
1625 4107 1873 4147 natumut
1898 4094 2146 4160 pertinet.
2173 4091 2349 4156 Quare

786 4209 904 4262 quae
935 4193 1156 4245 liberum
1192 4188 1470 4242 arbitrium
1507 4185 1708 4239 homini
1758 4184 1943 4237 adimit
1991 4183 2346 4246 ratiocinatio,

789 4288 900 4337 ha-c
932 4298 1127 4350 equum
1165 4279 1317 4333 nobis
1346 4287 1439 4331 aut
1471 4278 1683 4341 bovem,
1718 4285 1809 4327 aut
1853 4275 2073 4341 piscem,
2111 4283 2201 4325 aut
2234 4287 2350 4337 qua:

790 4377 1035 4445 stirpium
1104 4386 1351 4427 naturam
1418 4372 1651 4431 habent,
1705 4383 1803 4436 pro
1857 4367 2063 4418 ratione
2129 4365 2351 4433 praedito

790 4466 1028 4529 animali,
1056 4465 1279 4517 inducit.
1311 4462 1463 4527 Quod
1505 4460 1549 4512 si
1580 4470 1758 4513 autem
1797 4458 1862 4520 is,
1887 4457 1975 4524 qui
2007 4456 2129 4508 talia
2165 4454 2347 4515 sentit,

2436 1986 2879 2055 ἐπιστομίζομεν,
2920 1988 3158 2039 ἐλάττονι
3186 1986 3413 2054 δυνάμει
3468 1985 3573 2037 τῶν
3606 1988 3837 2055 ἐχόντων
3904 1985 3999 2051 τὴν

2438 2080 2606 2147 μείζω
2639 2078 2838 2145 μᾶλλον
2865 2079 2925 2129 τὸ
2958 2079 3179 2145 ἄμεινον
3211 2076 3679 2144 κατορθώσαντες.
3716 2074 3880 2126 Ἀλλὰ
3911 2075 4000 2125 καὶ

2434 2172 2567 2238 ἡμῖν
2604 2172 2699 2241 μὲν
2730 2168 2849 2230 ὅλος
2896 2171 2922 2221 ὁ
2962 2168 3073 2237 βίος
3142 2169 3551 2238 ἁμαρτάνουσιν
3586 2170 3665 2229 εἰς
3719 2166 3999 2235 διόρθωσιν

2433 2278 2490 2313 τε
2523 2262 2615 2313 καὶ
2653 2260 3010 2330 μεταμέλειαν
3054 2260 3358 2330 πρόκειται,
3398 2260 3640 2325 ἀγγέλων
3667 2258 3722 2310 δὲ
3757 2261 3884 2318 τοὺς
3923 2256 4001 2318 EE-

2435 2354 2780 2421 αμαρτόντας
2836 2351 2995 2413 εὐθὺς
3050 2351 3083 2420 ἡ
3137 2351 3377 2419 τιμωρὸς
3428 2348 3585 2401 ἔλαϐε
3632 2347 3776 2415 δίκη·
3836 2347 4002 2412 Ζετέῳ

2437 2444 2544 2511 γὰρ
2562 2443 2606 2472 ⁷⁸
2624 2442 2775 2510 φησὶ,
2801 2440 3182 2508 ταρταρώσας
3202 2438 3542 2506 παρέδωκεν
3561 2440 3645 2503 εἰς
3674 2439 3878 2503 κρίσιν
3894 2454 3997 2503 ,τυ-

2435 2536 2836 2601 λαττομένους
2860 2533 3078 2601 τηρεῖν.
3106 2533 3214 2584 Καὶ
3247 2532 3457 2601 μυρίοις
3488 2530 3663 2591 ἀλλοις
3693 2530 3727 2598 ἦ
3770 2546 3829 2579 τε
3874 2532 4002 2581 παν-

2439 2644 2599 2693 σοιρος
2627 2625 2721 2677 τοῦ
2756 2625 2889 2677 Ε)εοῦ
2926 2626 3052 2693 περὶ
3102 2626 3245 2693 ἡμᾶς
3284 2621 3604 2693 γνωρίζεται
3635 2622 3881 2690 πρόνοια,
3916 2621 4002 2671 καὶ

2435 2718 2542 2769 τῶν
2588 2716 2847 2783 ἀγγέλους
2884 2719 2926 2746 τ’
2960 2715 3153 2783 μᾶλλον
3183 2714 3511 2783 βουλομένων
3562 2714 3706 2781 ἡμᾶς
3740 2711 3888 2781 ἢπερ
3918 2713 4001 2761 ἀνι

2438 2806 2685 2876 Ορώπους
2742 2808 3066 2874 γεγενῆσθαι
3114 2807 3172 2857 τὸ
3233 2807 3548 2874 παράφορον
3620 2803 3710 2853 καὶ
3766 2800 4002 2869 ἐμμανὲς

2439 2897 2829 2968 στηλιτεύεται.
2861 2899 2919 2949 Εἰ
2952 2898 3005 2949 δὲ
3032 2898 3121 2948 καὶ
3150 2897 3288 2948 κατά
3326 2896 3423 2965 τὴν
3460 2894 3702 2961 ἀγγέλων
3734 2893 3897 2959 φύσιν
3926 2893 4004 2943 τὴν

2438 2988 2721 3055 ἄνθρωπον
2749 2986 3002 3045 ἔπλασεν,
3033 2986 3141 3036 οὐδ’
3187 2983 3357 3044 οὕτως
3381 2983 3445 3034 ἂν
3467 2981 3732 3049 ἐπεσχέθη
3759 2979 3819 3029 τὸ
3863 2978 4004 3045 φιλό-

2442 3095 2661 3147 μωμον,
2698 3078 2832 3131 ἀλλὰ
2881 3078 3040 3144 φύσιν
3073 3076 3233 3127 πάλιν
3282 3075 3445 3142 ἄλλην
3478 3072 3727 3140 ἐπεζήτει
3768 3072 3869 3136 τὴν
3915 3072 4002 3135 ἀγ-

2370 3215 2411 3272 C
2445 3170 2664 3238 γελικὴν
2725 3168 2959 3220 νικῶσαν
3018 3167 3367 3218 κατάστασιν.
3417 3166 3486 3216 Σὺ
3545 3164 3601 3215 δέ
3641 3179 3730 3229 μοι
3794 3163 4006 3211 κάκεῖνο

2528 3262 2539 3272 ι
2691 3262 2731 3272 -ν
2811 3262 2823 3272 ι
2901 3262 2909 3272 ι
2967 3259 2977 3272 1
3081 3258 3116 3272 Λ
3187 3257 3205 3265 '
3287 3256 3301 3267 “
3394 3255 3500 3272 n\,
3556 3257 3567 3272 Ι
3612 3253 3775 3272 νιδὶη
3845 3254 4003 3272 ,ἰγὶη

2446 3262 2653 3312 σκόπει.
2691 3262 2823 3311 Κατ’
2868 3259 3047 3309 εἰκόνα
3079 3257 3211 3309 Θεοῦ
3249 3255 3504 3315 πλασθεὶς
3548 3257 3575 3305 ὁ
3612 3253 3786 3321 Ἀδὰμ
3838 3254 3886 3303 εἰ
3917 3254 4004 3318 μὲν

2444 3348 2553 3419 εἶχε
2576 3354 2635 3402 τὸ
2668 3351 2972 3417 ἰσάγγελοι),
3023 3348 3141 3400 οὐδὲ
3182 3350 3277 3415 τῆς
3307 3346 3549 3413 ἀγγέλων
3579 3345 3735 3409 δόξης
3780 3346 4005 3411 ἐστερήο

2448 3445 2603 3512 μεθα·
2651 3444 2781 3494 εἰδὲ
2817 3441 2984 3510 βραχύ
3016 3458 3065 3492 τι
3109 3440 3236 3509 παρ’
3266 3438 3525 3504 ἀγγέλους
3583 3435 3815 3503 γεγονὼς
3868 3438 4006 3502 ὅμως

2446 3531 2727 3601 ὑπερήρθη
2756 3533 2845 3582 τὸν
2893 3530 3015 3582 νοῦν
3048 3530 3141 3581 xui.
3173 3529 3277 3579 οὐδ’
3308 3529 3442 3594 ὅπερ
3477 3526 3634 3577 ἔλαϐε
3690 3525 4005 3583 διεσώσατο,

2446 3624 2562 3686 πῶς
2596 3627 2680 3685 ἂν,
2713 3624 2759 3675 εἰ
2792 3622 3048 3692 μειζόνων
3076 3620 3386 3690 προνομίων
3447 3619 3656 3685 ἔτυχεν,
3690 3616 3810 3683 οὐχὶ
3882 3617 4000 3682 μᾶλ-

2446 3714 2533 3765 λον
2582 3715 2715 3782 πρὸς
2761 3713 2819 3764 τὸ
2855 3710 3231 3779 χαλεπώτερον
3290 3709 3396 3761 τῶν
3428 3710 3735 3775 πτωμάτων
3779 3709 4006 3772 κατενή-

2446 3821 2640 3871 νεκτο;
2676 3806 2795 3874 μηδ’
2846 3807 3019 3856 ἐκεῖνο
3069 3803 3124 3855 δὲ
3172 3803 3447 3871 παρέλθῃς
3491 3816 3504 3828 ’
3558 3801 3617 3852 'll
3675 3799 3732 3862 ἐξ
3767 3800 4007 3864 ἀνάγκης

2448 3898 2643 3967 πρᾶξις
2680 3899 2739 3948 οὐ
2771 3895 2877 3948 τῶν
2932 3895 3162 3961 λογικῶν
3192 3898 3324 3953 ἐστι,
3357 3894 3453 3959 τῆς
3504 3892 3547 3943 δ’
3576 3892 3775 3957 ἀλόγου
3807 3906 3867 3941 τε
3924 3892 4010 3939 καὶ

2448 3987 2655 4056 ἀψύχου
2680 3984 2907 4053 φύσεως
2930 3983 3055 4054 [595
3079 3980 3169 4051 Κ]
3187 3982 3325 4033 ῶστε
3355 3985 3380 4033 ὁ
3403 3982 3462 4031 τὸ
3480 3979 3823 4043 αὐτεξούσιον
3858 3979 4009 4043 λόγος

2453 4080 2703 4147 ἀφαιρῶν
2761 4076 3079 4144 ἀνθρώπους
3140 4073 3555 4126 ἀνταλλάττεται
3625 4070 3718 4123 τοῦ
3792 4067 4008 4135 λογικοῦ

2450 4170 2587 4233 ζῶου
2642 4169 2731 4219 τὸν
2778 4168 2943 4219 ἵππον
2993 4168 3025 4235 ἢ
3084 4167 3176 4218 τὸν
3215 4165 3337 4233 βοῦν
3372 4165 3403 4233 ἦ
3438 4166 3560 4225 τοὺς
3618 4162 3847 4231 ἱχοὖ;,ἥ
3913 4164 4008 4213 ὅσα

2450 4262 2630 4329 φυτῶν
2660 4259 2926 4327 ἀνιχνεύει
2955 4260 3139 4326 φύσιν.
3181 4258 3240 4308 Εἰ
3276 4256 3317 4308 δ’
3349 4257 3428 4308 ὃτι
3459 4255 3678 4307 τοιαῦτα
3708 4250 3862 4315 οὗτος
3901 4253 4009 4304 δια-

2452 4357 2673 4417 νοεῖται,
2700 4352 2939 4404 τοιοῦτον
2970 4349 3116 4419 αὑτῷ
3148 4350 3208 4399 τὸ
3237 4349 3452 4416 τίμημα
3480 4346 3668 4413 ὁρίζει,
3690 4346 3790 4396 οὐκ
3828 4344 4009 4405 ἄδικος

2454 4447 2551 4513 μὲν
2578 4446 2654 4505 εἰς
2700 4442 2923 4512 κρίσιν(
2962 4437 3083 4512 εὗρε
3134 4441 3240 4508 γὰρ
3278 4440 3430 4503 ἀξίαν
3458 4439 3534 4508 τῷ
3584 4435 4008 4503 πλημμελήματι

792 4525 1089 4627 lmjusmodi
1114 4555 1213 4608 sibi
1240 4525 1451 4621 poenam
1478 4552 1695 4619 irrogat,
1725 4554 1824 4601 hoc
1846 4562 2016 4614 neque
2049 4544 2347 4612 injustoju-
2379 4549 2422 4602 D

2379 4549 2422 4602 ι)
2450 4533 2545 4602 τὴν
2582 4534 2768 4602 ποινὴν
2808 4534 2862 4599 ),
2900 4531 3057 4593 αὐτὸς
3086 4532 3141 4582 δὲ
3189 4529 3253 4581 δι’
3295 4528 3488 4580 ἐαυτοῦ
3524 4528 3581 4578 τὸ
3608 4526 3896 4594 βδελυκτόν
3921 4525 4008 4576 τοῦ

790 4648 932 4703 dicio
963 4647 1021 4700 lit
1044 4645 1269 4711 (invenit
1295 4645 1437 4697 enim
1455 4656 1635 4706 parem
1665 4640 1858 4692 delicto
1876 4638 2130 4707 poenam),
2158 4647 2209 4689 et
2235 4636 2348 4703 ipse

792 4756 884 4805 per
914 4754 973 4793 se
1017 4735 1567 4791 exsecrandamsuam
1618 4730 1922 4799 opinionem
1976 4730 2169 4791 arguit.
2193 4726 2341 4779 Talia

796 4832 957 4895 igitur
985 4827 1230 4895 quaedam
1269 4823 1355 4874 ubi
1386 4818 1753 4885 disseruit,qui
1780 4818 2045 4884 proposita
2076 4819 2230 4869 modo
2257 4830 2344 4867 ar-

790 4928 1041 4986 gumenta
1097 4914 1317 4982 exponit
1361 4906 1619 4981 [Jobius],
1660 4908 1710 4959 in
1741 4906 1891 4959 liberi
1938 4907 2142 4960 arbitrii
2192 4906 2347 4957 laude

789 5011 1034 5078 quintum
1064 5006 1331 5059 decimum
1359 5010 1518 5068 eaput
1545 4998 1831 5052 concludit.

870 5102 951 5155 l6.
969 5100 1137 5167 Caput
1158 5109 1286 5149 vero
1304 5094 1567 5146 decimum
1581 5100 1790 5144 sextum
1806 5104 1910 5141 non
1929 5088 2078 5156 vnlga
2089 5103 2197 5141 rem
2218 5102 2343 5139 con-

792 5196 920 5246 tinet
950 5192 1323 5259 questionem.
1349 5184 1551 5250 Quaerit
1587 5182 1728 5235 enim
1780 5180 2062 5235 admodum
2107 5181 2340 5242 curiose,

860 5305 901 5335 ³³
936 5303 1063 5371 Sap.
1098 5317 1172 5361 VI,
1207 5299 1259 5352 7.
1339 5297 1383 5327 ³⁸
1416 5294 1582 5348 lCor.
1625 5308 1695 5354 νι,
1733 5293 1784 5344 3.

2452 4622 2782 4690 δοξάσματος
2810 4620 3037 4689 ἐλέγχει.
3071 4618 3306 4672 Τοιαῦτά
3360 4636 3480 4670 τινα
3514 4616 3799 4679 διεξελθὼν
3842 4616 3872 4667 ὁ
3907 4616 4011 4665 τῶν

2451 4712 2825 4782 προκειμένων
2861 4712 3168 4764 ὑποθέσεων
3227 4709 3507 4778 ὑφηγητὴς
3541 4711 3617 4766 εἰς
3657 4707 3879 4759 ἔπαινον
3918 4705 4010 4755 τοῦ

2452 4802 2793 4865 αὑτεξουσίου
2812 4804 2872 4854 τὸ
2905 4808 2961 4853 ιε’
3001 4800 3293 4867 κεφάλαιον
3314 4800 3665 4867 διαπεραίνει.

2517 5087 2589 5138 Τὸ
2617 5086 2673 5139 δὲ
2699 5093 2771 5151 ις’
2786 5086 2893 5138 τῶν
2922 5085 3228 5153 κεφαλαίων
3252 5084 3310 5136 οὐ
3332 5084 3436 5135 τῶν
3457 5082 3693 5149 ἀγεννῶν
3714 5082 3827 5131 ἐστι
3850 5078 4012 5148 ζητη-

2453 5179 2653 5248 μάτων-
2676 5178 3117 5247 πολυπραγμονεί
3136 5175 3265 5246 γάρ,
3289 5176 3392 5229 Διὰ
3428 5176 3483 5226 τί
3519 5176 3552 5226 ό
3591 5172 3905 5238 ἅνθρωπος
3946 5170 4009 5221 ἐκ

2075 5379 2304 5434 VARUE
2335 5379 2738 5435 LECTIUNES.

860 5487 905 5516 "
933 5481 1169 5551 δυνατοί]
1236 5481 1361 5548 Sap.
1401 5496 1473 5543 vr,
1660 5481 1701 5510 ⁷⁵
1735 5477 2098 5551 ἀπαραίτητον
2132 5476 2274 5528 libri.

796 5557 829 5609 il
884 5557 1025 5609 Pctr.
1061 5572 1117 5616 ll,
1152 5554 1201 5605 4.

2380 5475 2497 5505 ⁸16ιῖ

1312 5497 1361 5548 p.
1401 5496 1473 5543 vr,
1507 5482 1555 5531 7.
1660 5481 1701 5510 ⁷⁵
1735 5477 2098 5545 ἀπαραίτητον
2132 5476 2274 5528 libri.
2380 5475 2426 5505 ⁷⁸
2475 5475 2690 5545 ἀγγέλ.]
2739 5478 2756 5529 l
2792 5479 2914 5529 (Sor.
2976 5490 3045 5535 vt,
3082 5476 3137 5526 5.
3249 5476 3276 5503 ⁷“

1310 5554 1352 5581 τ’
1384 5550 1644 5617 ἀγγέλους
1677 5567 1732 5617 μ.
1766 5547 2096 5616 βουλομένων
2120 5561 2227 5614 mg.
2262 5562 2299 5607 ς
2338 5562 2349 5595 :
2387 5546 2501 5597 libt’i
2531 5547 2771 5613 ἀγγέλων
2813 5565 2870 5615 μ.
2906 5546 3276 5615 βουλομένους.

2739 5478 2914 5529 lCor.
2976 5490 3045 5535 vt,
3082 5476 3137 5526 ’5.
3249 5468 3447 5543 ⁷⁷οἷον]
3508 5473 3557 5523 οἳ
3612 5475 3674 5525 Α.

3760 5470 3804 5503 ’⁸
3836 5471 4009 5538 ζόφῳ]

2264 5634 2494 5695 NOTAE.

886 5742 972 5807 45)
1009 5740 1047 5793 ΙΙ
1086 5740 1227 5792 Petr.
1265 5754 1323 5797 ιι.
1354 5737 1402 5788 4.
1439 5737 1600 5786 Aliter
1646 5736 1753 5788 huc
1797 5736 2038 5803 leguntur
2064 5735 2114 5787 in
2159 5732 2306 5800 Vulg.
2347 5732 2657 5789 [ludentibus
2695 5737 2884 5804 inferni
2926 5737 3183 5788 detractos
3225 5734 3277 5784 in
3319 5742 3573 5783 tartarum
3608 5731 3827 5783 tradidit
3859 5747 3955 5781 cru
3981 5757 4007 5768 ο

795 5816 1028 5869 cinadus,
1062 5811 1387 5873 itijnu'irimn
1420 5808 1689 5855 rr-sm'rmi.
