4196 6442
212 433 317 500 753
1254 430 1766 491 BIBLIOTIIEL‘A.
1807 451 1869 465 --

1807 451 1871 465 σ-
1913 428 2072 485 CUD.
2112 424 2391 484 CCXXII.
3326 416 3435 477 754.

205 550 312 601 δύο
335 544 493 598 πολὺ
510 540 579 609 τῇ
602 539 1118 610 φύσειδιεστώτων
1140 540 1412 606 συνέστη
1426 538 1492 569 ⁸⁸·
1512 537 1605 590 καὶ
1620 537 1774 588 λύσει
1801 542 1842 595 Α

1768 556 1774 586 ι
1801 542 1842 595 Α
1872 533 1910 588 C
1925 551 1986 585 ur
2007 536 2158 586 homo
2180 549 2207 585 e
2223 531 2423 585 duobus
2450 529 2730 596 plurimum
2749 537 2939 581 natura
2959 525 3273 580 distantibus
3290 544 3425 579 tom-

210 638 307 705 μὲν
335 636 567 700 ὑπάγειν
585 635 648 685 τὸ
669 634 885 702 ζήτημα
918 632 1194 699 πειρᾶται,
1232 631 1569 699 ἐνδεέστερον
1587 628 1645 680 δὲ
1669 628 1767 695 τῆς

1870 626 2100 693 positum
2115 625 2179 675 sit
2198 623 2222 675 ἵ
2249 622 2325 675 Ac
2354 618 2635 689 proﬂigare
2657 617 2873 685 quidem
2888 614 3164 669 etsolvere
3182 618 3431 685 quaestio—

206 727 440 795 ἀπορίας
491 722 725 796 [506H.]
746 724 988 791 φέρεται.
1022 723 1129 775 Καὶ
1150 722 1364 788 πρῶτον
1389 721 1488 790 μὲν
1526 718 1771 787 Πατρικά

1875 734 1997 771 nem
2020 714 2327 779 nititur,sed
2343 713 2513 781 ipsam
2532 708 2919 764 dubitationem
2937 722 3039 761 non
3056 708 3186 761 satis
3203 709 3432 778 attingit.

213 816 573 868 ὑποϐάλλεται
598 815 662 884 ρή
672 829 836 883 ματαο
860 812 1109 885 δεύτερον
1124 814 1179 865 δὲ
1203 829 1365 881 φησιν
1385 812 1459 875 ὡς
1480 811 1583 863 ἔδει
1604 811 1683 881 τῷ
1698 811 1772 862 λό-

1876 810 2116 864 Primum
2165 820 2293 872 ergo
2324 802 2544 858 Patrum
2588 801 2751 854 verba
2784 800 3018 869 subjicit,
3047 800 3247 854 deinde
3277 816 3435 869 opor-

208 929 289 978 γῳ
310 908 722 977 διακοσμεῖσθαι
740 910 798 960 τὸ
822 908 1115 977 περίγειον,
1138 906 1327 975 ὥσπερ
1345 909 1466 966 ταῖς
1504 906 1773 975 οὐρανίοις

1880 901 2046 953 tuisse
2070 901 2146 950 ait
2170 896 2377 947 ratione
2399 892 2651 947 adornari
2674 902 2945 945 terrenam
2966 889 3292 957 portionem,
3317 905 3438 959 per-

208 1002 471 1069 δυνάμεσι
492 1000 558 1053 τὰ
575 999 819 1066 οὐράνια,
845 1000 936 1050 καὶ
961 1000 1047 1051 διὰ
1064 998 1220 1050 τοῦτο
1244 997 1497 1050 σύνθετον
1526 996 1664 1059 ζῶον
1686 997 1780 1049 ἐπὶ

1775 1034 1780 1047 .
1881 990 2005 1043 inde
2050 997 2108 1041 ut
2147 984 2457 1041 ctelestibus
2504 981 2795 1037 virtutibus
2835 980 2959 1035 ειειί
3007 981 3184 1034 ornati
3214 979 3432 1042 fuerint.

209 1095 311 1159 γῆς
334 1090 601 1161 προῆλθεν
626 1092 657 1143 ό
675 1089 769 1143 ἀνθ
779 1105 976 1159 ρωπος.
1004 1088 1187 1142 Ταῦτα
1208 1088 1273 1158 δὴ
1300 1090 1393 1142 καὶ
1417 1089 1581 1159 ἕτερα
1602 1086 1782 1140 τοιαῦ-

1883 1091 2276 1152 proptereaque
2326 1074 2680 1144 compositum
2720 1073 2916 1126 animal
2959 1073 3011 1124 iu
3067 1072 3225 1125 terris
3268 1072 3441 1125 homi-

210 1203 277 1236 τα
307 1181 752 1251 συνυφηνάμενος
778 1180 1070 1249 ἀπαρτίζει
1096 1181 1161 1233 τὸ
1193 1181 1508 1249 κεφάλαιον.

1886 1186 2008 1226 nem
2028 1169 2310 1236 prodiisse.
2338 1164 2462 1219 Haec
2476 1173 2529 1217 et
2556 1163 2606 1217 id
2629 1177 2797 1232 genus
2823 1162 2925 1216 alia
2948 1170 3263 1226 contexens,
3282 1167 3442 1229 caput

1886 1260 1991 1313 hoc
2023 1257 2271 1311 absolvit.

291 1355 426 1409 Εἶτα
454 1358 627 1426 ζητεῖ,
654 1360 754 1410 Διὰ
772 1358 828 1409 τί
852 1357 1176 1422 σαρκοῧται
1204 1360 1236 1409 d
1255 1357 1398 1418 Θεὸς
1423 1357 1611 1421 Λόγος
1640 1373 1658 1419 ;
1694 1356 1789 1407 καλ⁵

1784 1392 1789 1406 .
1960 1353 2050 1406 17.
2077 1351 2280 1415 Quaerit
2308 1348 2452 1410 ltinc,
2502 1346 2609 1399 Cur
2647 1343 2782 1396 Dens
2814 1340 3036 1394 Verbum
3076 1343 3229 1395 homo
3256 1341 3321 1394 sit
3359 1341 3441 1408 fa-

214 1450 563 1504 ὲπιλύεταιτὸ
581 1451 799 1519 ζήτημα
815 1448 933 1500 καθ’
953 1447 1008 1500 ἒν
1035 1448 1152 1518 μὲν,
1173 1448 1279 1503 ἵνα.
1301 1450 1485 1515 φησὶν,
1508 1449 1642 1514 ἡμῖν
1662 1448 1789 1499 ὑπο-

1785 1476 1789 1483 -
1891 1444 2045 1497 ctus?
2086 1442 2361 1508 Solvitqne
2397 1439 2805 1492 dubitationem.
2848 1434 3053 1485 Partim
3081 1433 3323 1501 quidem,
3362 1433 3442 1485 itt-

222 1543 477 1611 γραμμὸν
498 1542 539 1572 θ’
565 1542 761 1611 ἀρετῆς
783 1540 1080 1609 καταλίπῃ,
1101 1539 1169 1593 δι’
1192 1532 1252 1591 οὗ
1275 1540 1384 1600 τοῖς
1407 1539 1606 1605 ἴχνεσιν
1628 1535 1789 1589 αὐτοῦ

1893 1537 2031 1603 quit,
2064 1546 2118 1585 ut
2142 1532 2297 1585 nobis
2325 1530 2598 1597 exemplar
2648 1525 2863 1579 virtutis
2894 1523 3227 1590 relinqueret
3252 1525 3316 1587 ³⁸,
3355 1538 3448 1591 per

218 1634 558 1703 περιγίνεται
579 1635 708 1702 ἡμῖν
732 1633 828 1684 οὐκ
851 1631 911 1695 ἐξ
936 1632 1199 1699 ἀνάγκης,
1235 1631 1349 1684 ἀλλ’
1373 1630 1628 1689 ἑκουσίοις
1654 1631 1792 1679 κατά

1787 1645 1792 1677 :
1893 1624 2034 1691 quod
2069 1622 2222 1673 nobis
2256 1634 2315 1672 ea
2354 1618 2580 1671 facultas
2618 1618 2781 1682 adsit,
2820 1633 2923 1686 qua
2968 1633 3074 1672 non
3124 1616 3444 1675 necessario.

221 1727 461 1792 μίμησιν
518 1725 906 1793 περιπατῆσαι.
956 1723 1187 1774 Ἔπειτα
1209 1722 1265 1774 δὲ
1308 1722 1368 1773 τὸ
1407 1720 1500 1773 τοῦ
1532 1719 1792 1784 Θεολόγου

1787 1739 1792 1765 l
1897 1714 1987 1768 sed
2016 1712 2185 1766 libere
2213 1727 2275 1765 ac
2303 1723 2496 1779 sponte
2530 1725 2651 1763 eum
2692 1709 2972 1772 imitando,
3016 1706 3251 1775 ejusdem
3284 1704 3444 1759 vesti-

219 1814 525 1885 Γρηγορίου
548 1815 729 1883 τίθησι
760 1815 941 1884 ῥητόν·
968 1812 1165 1879 Σάρκα
1186 1813 1297 1879 γὰρ
1317 1811 1501 1880 φορεῖ,
1525 1811 1677 1879 φησὶ,
1700 1811 1795 1863 διὰ
1824 1880 1861 1885 _

1792 1830 1861 1885 :_
1899 1813 2000 1880 giis
2062 1810 2389 1862 insistamus.
2457 1804 2556 1861 Ubi
2625 1820 2746 1857 mox
2804 1803 3045 1872 Gregorii
3099 1810 3449 1871 cognomento

218 1880 521 1973 τῆκὲλιὴν
562 1880 789 1973 σάρκα,
814 1880 912 1958 καὶ
942 1903 1113 1971 ψυχῇ
1150 1901 1329 1972 νοερᾷ
1353 1903 1449 1955 διὰ
1505 1903 1619 1969 τὴν
1641 1901 1794 1971 ἐμὴν
1823 1880 1869 1938 Β

1789 1922 1794 1935 ι
1823 1880 1869 1938 Β
1898 1902 2158 1969 Theologi
2188 1898 2301 1969 (44)
2332 1898 2493 1951 verba
2552 1897 2774 1964 apponit
2804 1913 2819 1949 :
2851 1894 3075 1950 Carnem
3122 1896 3253 1948 enim
3288 1905 3446 1963 gestat

218 1998 438 2067 ψυχὴν
449 1998 747 2066 μίγνυται,
768 1996 846 2062 τῷ
866 1998 1045 2065 ὁμοίῳ
1059 1997 1125 2048 τὸ
1139 1996 1343 2063 ὅμοιον
1361 1996 1789 2062 ἁνακαθαῲων.

1900 1999 2098 2069 (inquit
2154 1996 2261 2065 ille)
2311 2003 2518 2062 promer
2558 2007 2726 2042 meam
2756 2004 2986 2051 carnem,
3028 1998 3076 2040 et
3106 1986 3280 2039 animo
3302 1987 3449 2039 intel-

222 2092 335 2141 Kal.
355 2090 457 2152 ἔτι,
483 2090 570 2141 ἵνα
590 2090 647 2142 τὸ
663 2089 879 2155 λογικὸν
901 2090 1003 2141 ὑπὸ
1038 2087 1130 2142 τοῦ
1160 2088 1357 2155 ἀλόγου
1394 2086 1793 2141 καταδουλωθὲν

1899 2091 2085 2160 ligente
2117 2098 2327 2157 propter
2355 2100 2517 2138 meum
2549 2084 2779 2134 animam
2808 2081 3072 2142 miscetur,
3098 2078 3255 2131 simili
3287 2077 3452 2131 simile

221 2182 392 2244 αὐτὸς
430 2182 599 2248 Λόγος
622 2180 696 2234 ὢν
738 2180 1078 2251 ἐλευθερώσῃ
1121 2178 1618 2248 ἀνακαλεσάμενος.
1673 2178 1794 2231 Ἐπὶ

1792 2217 1794 2225 ι
1900 2199 2203 2250 repurgans.
2256 2179 2517 2233 Praeterea
2554 2185 2610 2227 ut
2640 2173 2952 2227 rationalem
2987 2182 3188 2240 partem
3218 2172 3285 2225 ab
3316 2172 3449 2223 irra-

220 2277 438 2327 τούτοις
458 2273 514 2324 δὲ
531 2273 625 2326 καὶ
648 2275 769 2325 ἐπεὶ
790 2274 817 2325 ὁ
846 2272 1017 2340 Ἀδὰμ.
1038 2271 1279 2338 νικηθεὶς
1303 2271 1362 2323 τὸ
1387 2272 1444 2323 ὲν
1460 2270 1607 2340 αὑτῷ
1629 2270 1797 2322 θεοει-

1795 2302 1797 2307 ν
1904 2272 2146 2326 tiuuabili
2199 2272 2248 2324 in
2306 2269 2616 2322 servitutem
2674 2264 2968 2325 redacmm,
3020 2263 3132 2330 ipse
3188 2262 3452 2317 rationale

223 2366 316 2429 δὲς
329 2368 444 2428 τοῖς
466 2364 565 2431 τῆς
584 2365 783 2434 σαρκὸς
805 2366 1017 2434 μυρίοις
1034 2364 1309 2431 κατέχωσε
1334 2362 1532 2415 πάθεσι
1570 2362 1661 2416 καὶ
1684 2363 1797 2423 τοῖς

1793 2379 1797 2414 τ
1908 2361 2143 2416 Verbum
2175 2360 2443 2414 exsisteus
2496 2362 2807 2422 repararet,
2857 2362 3017 2419 atque
3050 2352 3101 2405 in
3149 2351 3450 2405 libertatem

224 2455 289 2519 ἐξ
318 2454 483 2507 αὑτοῦ
518 2453 718 2522 βλάϐην
740 2453 981 2516 διέδωκε,
1014 2450 1100 2504 διὰ
1119 2450 1276 2504 τοῦτο
1303 2449 1598 2518 σαρκοῦται
1627 2450 1656 2500 ό
1685 2450 1796 2500 Κύ-

1794 2478 1796 2486 ·
1904 2454 2231 2506 restitueret.
2276 2449 2354 2502 Ad
2403 2449 2538 2509 haec,
2593 2442 2783 2513 1861)
2822 2440 3254 2509 quandoquidem
3288 2441 3451 2494 Adam

228 2563 367 2614 ριος,
386 2545 573 2613 καὶτῷ
598 2544 821 2610 πελάγει
842 2546 940 2611 τῆς
960 2542 1091 2604 ιδίας
1108 2542 1359 2610 θεότητος
1374 2542 1469 2610 τὴν
1487 2542 1581 2609 τῆς
1606 2539 1798 2609 ήμετὲο

1797 2571 1798 2575 η
1903 2547 2094 2603 victus,
2126 2542 2216 2594 Dei
2246 2543 2296 2592 in
2322 2554 2380 2593 se
2404 2538 2691 2606 imaginem
2717 2532 3013 2586 innumeris
3040 2532 3217 2587 carnis
3248 2532 3454 2600 passio-

228 2652 333 2703 ρας
362 2633 573 2699 φύσεως
608 2623 923 2701 ὑποδέχεται
977 2632 1236 2699 σταγόνα,
1283 2634 1357 2692 ὼς
1406 2631 1471 2683 ἂν
1515 2632 1575 2683 τὸ
1608 2632 1798 2701 θνητὸν

1904 2637 2060 2690 nibus
2104 2634 2303 2695 obruit,
2366 2641 2419 2685 et
2465 2632 2531 2682 ad
2586 2636 2831 2697 posteros
2880 2641 3072 2679 noxam
3121 2626 3455 2687 transmisit,

228 2724 341 2775 ὑπὸ
370 2725 467 2790 τῆς
518 2723 660 2791 ζωῆς
694 2722 972 2791 καταποθῇ
999 2722 1090 2774 καὶ
1122 2724 1200 2783 εἰς
1261 2723 1322 2781 τὸ
1354 2722 1509 2789 γένος
1542 2721 1662 2773 ὅλον
1691 2736 1797 2773 πα-

1906 2731 2024 2782 itleo
2054 2741 2268 2781 carnem
2304 2724 2560 2778 Dominus
2611 2718 2808 2780 induit,
2867 2728 2923 2771 et
2972 2720 3022 2771 in
3057 2718 3189 2771 mari
3235 2718 3456 2772 Deitatis

228 2814 502 2883 ραπέμψη
532 2816 593 2866 τὸ
626 2814 817 2884 δῶρον,
850 2815 944 2866 καὶ
981 2814 1069 2867 ἴνα
1098 2814 1159 2865 τὸ
1191 2813 1393 2881 ἄφατον
1422 2813 1653 2879 πέλαγος
1701 2812 1800 2880 τῆς

1906 2834 2017 2874 sua:
2080 2828 2278 2873 nostra:
2327 2814 2657 2869 conditionis
2698 2822 2903 2881 guttam
2953 2814 3207 2880 suscepit,
3242 2828 3360 2865 cunt
3402 2819 3458 2861 ut

228 2906 402 2959 αὑτοῦ
452 2908 586 2975 πρὸς
606 2908 752 2975 ἡμᾶς
797 2906 1203 2975 φιλανθρωπίας
1231 2905 1552 2973 ἐνδείξηται.
1584 2903 1693 2957 Καὶ
1717 2904 1799 2955 ὅτι

1795 2942 1799 2952 ι
1908 2911 2133 2964 mortale
2169 2925 2196 2962 a
2233 2912 2337 2963 vita
2389 2908 2797 2968 absorberetur,
2844 2920 3006 2976 atque
3045 2908 3098 2961 itt
3147 2906 3452 2958 universum

227 2999 328 3050 τὸν
352 2998 681 3067 δημιουργὸν
710 2998 871 3050 αὑτὸν
898 2997 1003 3050 ἔδει
1031 2997 1125 3051 καὶ
1150 2996 1245 3049 τοῦ
1298 2996 1498 3049 οἰκείου
1548 2996 1798 3065 πλάσμα-

1906 3021 2073 3071 genus
2103 3006 2419 3060 beneﬁcium
2444 3001 2765 3065 effunderet.
2822 3015 2933 3057 tum
2984 3012 3040 3055 ut
3085 2997 3458 3068 inexplicabile

226 3106 329 3151 τος
385 3089 731 3158 διαρῤυέντος
796 3089 1047 3155 γενέσθαι
1101 3089 1509 3156 ἁνακαινιστήν.
1576 3088 1801 3153 Ἐπάγει

1906 3097 2123 3168 pelagus
2171 3098 2424 3151 bonitatis
2460 3114 2573 3152 suae
2614 3113 2741 3166 erga
2780 3112 2879 3151 nos
2932 3098 3243 3148 ostenderet
3288 3108 3303 3145 :
3349 3100 3458 3145 tum

228 3183 290 3233 δὲ
317 3180 393 3243 ὡς
444 3181 535 3234 καί
566 3198 685 3233 τινα
713 3182 821 3233 τῶν
849 3182 939 3232 ἐπὶ
969 3182 1066 3250 τῆς
1095 3181 1325 3249 Τριάδος
1360 3181 1552 3238 κοινῶς
1580 3180 1801 3249 λεγομέ-
1831 3236 1873 3259 Π

1831 3236 1873 3259 η
1908 3189 2067 3239 etiam
2121 3189 2246 3254 quia
2291 3189 2534 3255 opiﬁcem
2593 3190 2769 3259 ipsum
2813 3186 3095 3255 oportebat
3149 3198 3258 3237 suae
3312 3196 3464 3235 crea-

229 3288 345 3322 νων
375 3236 651 3332 τπολλάκις
682 3270 741 3323 τὸ
796 3272 939 3340 ἱερὸν
972 3236 1205 3341 γράμμα
1249 3236 1326 3333 ὡς
1380 3272 1499 3323 κατ’
1532 3236 1806 3339 ἐξαίρετον
1830 3236 1873 3297 C

2296 3236 2534 3255 Ἴτην---
2593 3236 2769 3259 ,,,,-,,,
2819 3236 3092 3255 ,τμη-ε-
3158 3236 3193 3237 ρ

1797 3236 1873 3316 'C
1909 3290 2076 3343 tutae,
2128 3294 2248 3347 quas
2297 3280 2404 3343 jam
2445 3280 2786 3343 dillluxerat,
2846 3280 3259 3332 instauratorem
3319 3273 3454 3326 lieri.

233 3363 499 3430 φέρουσιν
527 3365 610 3430 ἐφ’
635 3364 753 3426 ἐνὸς
778 3365 888 3416 τῶν
918 3363 1227 3431 σεϐασμίων
1258 3362 1631 3415 ὑποστάσεων.
1658 3361 1805 3415 Ταύ-

1804 3394 1805 3399 η
1909 3371 2072 3426 Addit
2100 3372 2339 3441 insuper,
2385 3382 2442 3427 ut
2490 3387 2676 3426 eorum
2710 3372 2909 3440 aliqua,
2942 3384 3061 3439 qua:
3108 3366 3461 3421 communiter

230 3472 305 3523 τῃ
343 3472 425 3505 τοι
459 3457 518 3507 τὸ
571 3456 959 3524 δημιουργικὸν
1008 3457 1101 3507 καὶ
1134 3458 1225 3507 ἐπὶ
1262 3455 1471 3525 Πατρὺς
1510 3456 1602 3508 καὶ
1638 3456 1807 3509 Ilvati-

1805 3489 1807 3494 υ
1908 3465 1975 3517 de
2002 3462 2272 3516 Trinitate
2295 3463 2397 3518 dici
2453 3463 2647 3528 solent,
2690 3475 3064 3533 saepenumero
3109 3473 3263 3512 sacra
3309 3455 3462 3511 Scri-

235 3564 419 3613 ματος
450 3547 604 3612 ἁγίου
635 3549 913 3615 ὁμοτίμως
959 3546 1307 3616 ταττόμενον,
1364 3548 1513 3615 ὅμως
1538 3548 1809 3615 οίκονομισ

1806 3578 1809 3587 ι
1910 3562 2064 3621 ptura
2088 3553 2154 3605 ad
2183 3566 2341 3605 unam
2381 3551 2725 3620 peculiariter
2765 3549 3154 3605 venerabilium
3206 3560 3463 3617 persona-

232 3636 355 3698 γ.ὦς
407 3637 486 3706 τῷ
511 3637 623 3705 Υἱῷ
665 3638 826 3690 πάλιν
873 3638 948 3699 ὡς
991 3636 1264 3705 ἐξαίρετον
1285 3636 1622 3705 ἀφορίζεται.
1654 3634 1809 3687 Οὕτω

1912 3657 2032 3695 rum
2060 3640 2282 3697 referat.
2317 3643 2390 3695 Ita
2418 3658 2549 3696 sane
2596 3642 2819 3696 creandi
2851 3643 2930 3695 vis
2959 3641 3108 3695 Patri
3133 3655 3199 3693 ex
3231 3653 3384 3708 (equo
3408 3654 3469 3690 ac

234 3726 338 3777 καὶ
366 3725 465 3794 τὴν
522 3727 792 3796 σωτηρίαν
855 3728 1013 3797 ἡμῶν
1039 3768 1053 3788 ,
1098 3728 1165 3797 ην
1212 3731 1241 3780 ό
1280 3729 1449 3793 Λόγος
1498 3728 1805 3795 εἰργάσατο,

1910 3744 2100 3789 sancto
2133 3733 2359 3802 Spiritui
2386 3737 2671 3801 attributa,
2698 3746 2847 3791 certa
2879 3734 3228 3789 nihilominus
3262 3734 3468 3787 ratione

235 3822 391 3873 ἐστιν
427 3823 608 3892 εὑρεῖν
654 3825 1068 3893 ἀναφερομένην
1107 3827 1185 3886 είς
1216 3825 1308 3877 τὸν
1359 3826 1595 3894 Πατέρα.
1641 3827 1811 3881 Ἐλά-

1915 3826 2056 3881 Filio
2095 3842 2283 3882 rursus
2324 3838 2384 3882 ut
2432 3829 2701 3883 excellens
2752 3829 2877 3898 quid
2921 3828 3245 3895 assignatur.
3286 3825 3375 3879 Sic
3420 3834 3473 3878 et

232 3916 400 3978 λησε
419 3913 465 3943 ⁸⁸
485 3914 591 3980 τὰρ
608 3914 767 3983 ἡμῖν,
791 3917 972 3983 φησὶν,
993 3914 1259 3979 arma".
1286 3915 1555 3980 Καὶ,’”1να
1576 3918 1642 3947 δ”
1666 3934 1811 3986 γινω-

1806 3949 1811 3957 ι
1914 3917 2131 3970 humani
2157 3918 2369 3987 generis
2404 3918 2850 3987 redemptionem,
2876 3933 3034 3987 quam
3066 3916 3299 3970 Verbum
3343 3930 3463 3984 per-

231 4003 429 4072 ρισθῇ
457 4004 573 4057 νῦν
598 4008 637 4074 ἡ
681 4009 1117 4071 πολυποίκιλος
1168 4007 1273 4061 τοῦ
1305 4009 1453 4061 Θεοῦ
1484 4011 1689 4077 σοφία,
1733 4010 1813 4077 ἢν

1808 4029 1813 4043 ι
1915 4008 2059 4067 fecit,
2092 4010 2333 4076 reperias
2364 4010 2416 4062 in
2453 4009 2665 4064 Patrem
2687 4010 2875 4063 referri
2903 4027 2917 4063 :
2944 4007 3172 4061 Locutus
3202 4016 3275 4059 est
3309 4008 3465 4065 enim,

234 4095 536 4160 ἐποίησεν
563 4096 632 4148 ἐν
664 4097 742 4161 τῷ
763 4097 1009 4165 Χριστῷ·
1044 4100 1156 4163 καὶ,
1194 4099 1386 4152 Αὐτοῦ
1416 4100 1459 4130 ⁸⁸
1490 4101 1597 4166 γάρ
1629 4102 1814 4168 ἐσμεν

1805 4119 1814 4132 -
1916 4100 2109 4167 inquit,
2141 4102 2289 4153 nobis
2312 4103 2363 4151 in
2394 4098 2535 4153 Filio
2562 4101 2625 4134 ³⁸·
2650 4118 2665 4165 ;
2695 4110 2748 4153 et
2781 4120 2793 4154 :
2833 4097 2898 4153 Ut
2935 4097 3462 4151 innotesceretmulti-

237 4187 514 4254 ποίημα,
562 4188 904 4253 κτισθέντες
958 4190 1028 4242 ἐν
1063 4189 1293 4257 Χριστῷ
1338 4190 1541 4254 Ἰησοῦ
1571 4192 1668 4243 ἐπὶ
1716 4192 1811 4258 ἕρ-

1915 4188 2100 4255 fonnis
2130 4191 2388 4256 sapientia
2418 4189 2534 4252 Dei,
2576 4206 2731 4259 quam
2768 4189 2886 4255 fecit
2924 4190 2976 4241 in
3023 4188 3230 4242 Christo
3254 4188 3339 4248 ⁸⁶;
3373 4195 3427 4240 et
3460 4205 3471 4238 :

238 4293 377 4341 γοις
428 4276 692 4345 ἀγαθοῖς,
750 4279 962 4345 ποίημα
1011 4280 1104 4331 καὶ
1155 4279 1359 4347 κτίσμα
1424 4279 1668 4349 δηλονότι
1717 4282 1815 4351 τὴν

1814 4308 1815 4311 η
1917 4280 2093 4347 Ipsius
2119 4282 2255 4332 enim
2282 4297 2461 4333 sumus
2493 4281 2724 4348 factura,
2747 4282 2907 4333 creati
2932 4281 2985 4333 in
3010 4280 3223 4333 Christo
3252 4278 3381 4332 Jesu
3419 4278 3471 4329 in

237 4365 559 4418 ἀνάπλασιν
593 4368 691 4435 τῆς
741 4370 1105 4438 ἀποστολικῆς
1128 4370 1311 4437 φωνῆς
1364 4370 1652 4437 καλούσης.
1708 4372 1816 4424 Καὶ

1916 4373 2154 4439 operibus
2179 4373 2325 4425 bonis
2351 4375 2392 4403 ³⁷
2413 4391 2424 4423 :
2443 4373 2703 4439 facturam
2735 4372 2982 4427 videlicet
2998 4381 3050 4426 et
3070 4388 3197 4439 opus
3218 4370 3478 4425 reforma-

237 4457 433 4508 πάλιν·
460 4458 766 4526 Γνωρίσας
782 4460 827 4492 ⁸⁸
850 4459 989 4527 ἡμῖν
1008 4461 1075 4513 τὸ
1087 4460 1424 4529 μυστήριον
1444 4461 1549 4515 τοῦ
1569 4460 1816 4531 θελήμα-

1815 4494 1816 4501 η
1920 4463 2116 4515 tionem
2168 4475 2322 4515 vocat
2378 4465 2680 4531 Apostolus.
2713 4464 2776 4517 Et
2830 4478 3042 4518 rursum
3076 4479 3089 4515 :
3122 4462 3254 4515 Cum
3294 4471 3472 4514 notum

237 4564 354 4611 τος
388 4547 576 4600 αὐτοῦ
596 4550 745 4603 κατὰ
770 4549 883 4615 τὴν
898 4550 1178 4604 εὐδοκίαν
1195 4551 1405 4615 αὑτοῦ,
1430 4550 1509 4617 ῆν
1536 4552 1813 4620 προέθετο
1848 4564 1889 4617 ι)

1848 4564 1889 4617 ι)
1921 4549 2119 4617 fecisset
2151 4567 2286 4603 nunc
2312 4552 2457 4604 nobis
2502 4561 2884 4605 sacramentum
2928 4552 3208 4605 voluntatis
3234 4566 3365 4611 suae.
3397 4565 3476 4603 se-

234 4638 315 4688 ἑν
365 4635 525 4700 αὑτῷ
561 4639 1222 4706 ἀνακεφαλαιώσασθαι,
1279 4646 1351 4696 τὰ
1392 4641 1588 4695 πάντα
1622 4644 1692 4695 ἐν
1735 4644 1814 4708 τῷ

1920 4643 2146 4693 cundum
2172 4643 2541 4711 beneplacitum
2577 4660 2752 4707 suum,
2800 4647 2937 4714 quod
2972 4647 3244 4714 proposuit
3296 4648 3348 4697 in
3394 4660 3475 4707 eo,

233 4730 503 4795 Χριστῷ,
525 4730 619 4780 καὶ
637 4732 804 4799 μυρία
825 4732 979 4787 ἄλλα.
998 4730 1122 4804 [596
1151 4732 1245 4805 R.]
1262 4734 1320 4785 Εἰ
1349 4734 1455 4803 γὰρ
1477 4735 1569 4786 καὶ
1592 4735 1659 4785 δι’
1683 4734 1813 4787 Υίοῦ

1921 4733 1988 4783 ad
2035 4734 2437 4787 instaurandum
2482 4735 2658 4788 omnia
2698 4737 2753 4788 in
2796 4733 3004 4789 Christo
3026 4736 3093 4788 ³⁸.
3151 4736 3375 4805 Aliaque
3428 4736 3479 4789 id

232 4820 316 4870 τὰ
344 4819 526 4870 πάντα
551 4821 802 4886 γενέσθαι
836 4824 1185 4893 πιστεύομεν,
1222 4825 1336 4877 ἀλλ’
1369 4824 1459 4877 οὖν
1476 4825 1686 4892 ἀνάγκη
1723 4828 1815 4877 καὶ

1921 4838 2087 4892 genus
2108 4824 2355 4891 plurima.
2377 4823 2433 4879 Si
2452 4828 2594 4879 enim
2616 4841 2709 4895 per
2726 4825 2915 4881 Filium
2934 4827 3112 4881 omnia
3130 4842 3251 4882 esse
3268 4827 3479 4882 condita

232 4909 339 4959 τὸν
375 4908 591 4977 Πατέρα
634 4910 962 4981 δημιουργὸν
1003 4914 1282 4983 ὁμολογεῖν
1311 4914 1357 4945 ⁸⁸
1387 4914 1475 4968 διὰ
1523 4915 1581 4967 τὸ
1617 4915 1818 4968 ταυτὸν

1922 4914 2210 4979 credimus,
2246 4918 2607 4970 necessarium
2636 4928 2784 4973 certe
2804 4917 3015 4971 Patrem
3034 4932 3247 4987 quoque
3273 4926 3482 4971 creato-

232 5001 349 5066 τῆς
383 5016 440 5051 τε
470 4998 665 5069 βουλῆς
688 5004 779 5055 καὶ
806 5005 1083 5072 ἐνεργείας
1111 5008 1205 5059 καὶ
1236 5006 1533 5075 δυνάμεως,
1560 5005 1818 5069 ὡσαύτως

1924 5018 2040 5056 rem
2062 5005 2329 5070 confiteri,
2348 5007 2536 5060 saltem
2560 5022 2779 5075 propter
2797 5008 2933 5060 idem
2954 5008 3110 5069 velle,
3131 5021 3311 5073 posse,
3326 5022 3388 5059 ac
3407 5005 3485 5057 1⁵1-

236 5092 304 5151 δὲ
338 5096 438 5142 καὶ
470 5092 528 5143 τὸ
562 5094 780 5162 Πνεῦμα
809 5096 870 5148 τὸ
900 5097 1071 5164 ἆγιον.
1100 5098 1210 5151 Καὶ
1243 5097 1476 5167 μάλιστά
1504 5116 1566 5165 γε
1601 5100 1659 5151 τὸ
1687 5099 1821 5151 ἀπο-

1927 5109 2065 5148 cere.
2120 5093 2383 5150 Similiter
2409 5107 2464 5150 et
2500 5096 2759 5165 Spiritum
2794 5109 3059 5151 sanctum.
3090 5097 3300 5167 Quippe
3340 5099 3482 5166 quod

235 5185 442 5236 λαὺειν
462 5185 585 5245 τοὺς
608 5186 1049 5251 ἀναπλασθέντας
1077 5191 1170 5241 τοῦ
1196 5191 1491 5259 ἀγιασμοῦ,
1512 5193 1602 5243 καὶ
1626 5191 1816 5259 διαμὲο

1921 5185 2030 5252 jam
2062 5186 2337 5241 reformati
2359 5189 2779 5243 sanctimoniam
2806 5201 3223 5259 consequantur,
3247 5200 3407 5260 atque
3432 5192 3481 5242 in

260 5392 270 5397 ‘
324 5318 591 5373 ³⁸1Ρειτ.
624 5336 682 5387 tl,
722 5324 811 5377 21.
886 5327 951 5357 ³⁸⁹
983 5324 1144 5380 llebr.
1178 5343 1215 5387 I.
1246 5326 1300 5379 2.
1402 5326 1444 5357 ⁸⁵
1474 5327 1668 5395 Epltcs.
1721 5342 1800 5388 ιιι,
1836 5326 1895 5379 lt]

238 5395 461 5457 laceret
503 5391 653 5461 Vulg.

1836 5326 1900 5379 10
1926 5336 1979 5379 et
2011 5326 2099 5378 Η.
2190 5324 2232 5355 ³⁷
2264 5322 2456 5392 Ephes.
2498 5341 2557 5389 ιι,
2610 5326 2691 5378 l0.
2762 5327 2806 5357 ³⁸
2832 5326 3026 5395 Ephes.
3063 5343 3097 5392 ι,
3134 5326 3187 5387 9.
3229 5337 3283 5377 ut
3310 5336 3484 5377 notum

1512 5477 1740 5531 VARIxE
1796 5478 2201 5537 LECTIONES.

324 5574 387 5649 "_
428 5574 650 5649 σρνέσῖη
684 5574 724 5625 Α
758 5590 769 5624 ε
802 5571 1058 5649 ωγετέθῃ
1091 5590 1183 5649 ςη
1226 5571 1683 5649 ⁸[ῥπογραμμὸν]
1738 5571 2152 5649 l_Petr_._u,2l.
2222 5580 2280 5649 ξ’
2334 5578 2506 5649 aiax]
2545 5579 2701 5633 llebr.
2760 5597 2813 5642 ι,
2842 5582 2894 5633 2.
2972 5579 3017 5611 ⁸³
3060 5582 3117 5632 ἐν
3162 5577 3237 5647 τῷ
3272 5577 3371 5646 υἱῷ
3423 5593 3482 5640 ς’.

239 5645 313 5676 ⁸³’
364 5642 472 5714 ἵνα]
518 5644 709 5709 Epltes.
758 5659 837 5707 ttt,
872 5644 953 5697 lU.
1029 5644 1072 5672 ⁸⁸
1130 5642 1315 5713 αὑτοῦ]
1386 5646 1577 5709 Ειιιιυδ.
1620 5658 1702 5707 ιιι,
1738 5642 1820 5694 10.
1906 5645 1952 5675 ⁸⁵
1992 5648 2153 5700 αὑτοῦ
2217 5647 2412 5717 Epltes.
2446 5642 2505 5714 ι,⁹
2534 5650 2584 5703 9.
2662 5650 2884 5719 “apol.
2922 5653 3012 5702 καὶ
3037 5649 3123 5702 διὰ
3146 5666 3205 5713 ς.

1762 5734 1987 5791 ΝΟΤᾹΞ.

326 5822 445 5890 (Η)
484 5821 680 5877 llomll.
717 5824 780 5875 de
827 5821 1007 5875 Natat.
1045 5822 1260 5875 Christi.
