4196 6442
701 431 815 496 755

1848 434 2110 495 PHOTII
2152 434 2650 494 PATRIARCILE
2686 437 2792 497 (ΖΡ.

3832 438 3939 504 75

710 542 1093 597 reformatione
1125 553 1496 611 perseverent,
1528 546 1580 599 id
1611 546 1779 599 sancti
1806 545 2042 614 Spiritus
2072 561 2265 599 crean-
2293 551 2336 603 A

2383 563 2475 598 νειν
2489 548 2545 597 ὲν
2559 550 2625 616 τῇ
2648 547 3073 617 ἀναπλάσει,τῆς
3091 548 3187 600 τοῦ
3206 548 3473 616 παναγίου
3490 547 3805 618 Πνεῦμιτός
3822 552 3941 605 ἐστι

710 633 783 689 tis
811 642 979 703 atque
998 634 1371 689 conservantis
1420 636 1689 704 praecipue
1736 651 1873 706 opus
1916 646 2021 693 est.
2072 635 2277 704 Spiritu

709 740 949 797 quoque,
978 724 1092 797 [de]
1119 726 1279 781 rebus
1313 727 1509 781 creatis
1530 727 1606 780 ait
1636 727 1800 781 David
1826 728 1891 792 ",
1921 729 2088 781 omnis
2116 728 2276 780 virtus

712 833 910 873 eorum.
944 816 1005 872 Et
1033 832 1162 873 vero
1190 818 1394 872 clarum
1427 818 1593 887 quod,
1623 820 1747 873 dum
1781 818 2045 886 Propheta
2081 818 2274 872 ibidem

713 909 890 963 dicit:
930 907 1094 962 Verbo
1140 908 1351 961 Domini
1378 909 1493 962 cali
1524 910 1722 977 firmati
1771 919 1912 973 sunt,
1951 908 2173 962 Verbum
2222 917 2279 959 ut

715 1000 959 1069 opiﬁcem
987 1002 1242 1056 celebrat.
1280 998 1659 1055 Firmationem
1688 1003 1828 1055 enim
1870 1010 2025 1054 vocat
2049 1000 2274 1070 primam

719 1090 863 1143 illam
898 1091 1422 1159 coagmentationcm
1480 1092 2015 1162 productionemque.
2095 1090 2167 1144 Ut
2224 1098 2279 1141 ct

718 1181 858 1248 quod
887 1179 1147 1235 eﬂiciendi
1181 1180 1597 1250 perﬂeiendiqne
1620 1181 1908 1248 potentiam
1933 1178 2155 1246 Spiritui
2182 1178 2280 1231 tri-

723 1273 867 1336 buat,
895 1287 989 1340 per
1003 1286 1065 1325 ea
1095 1270 1469 1341 quaeadjunxit
1500 1290 1513 1325 :
1547 1270 1612 1323 Et
1637 1272 1820 1339 spiritu
1847 1271 1951 1323 oris
1980 1269 2093 1336 ejus
2113 1270 2279 1322 omnis

721 1363 888 1416 virtus
914 1379 1110 1419 eorum.
1145 1362 1439 1432 Gregorius
1469 1362 1580 1433 (45)
1606 1377 1821 1431 quoque
1850 1361 2030 1414 divino
2056 1376 2152 1412 suo
2186 1376 2281 1414 ore

722 1452 849 1507 dicit
872 1470 885 1506 :
912 1452 1154 1507 Primum
1186 1453 1446 1522 angelicas
1469 1462 1746 1518 potestates
1764 1452 1976 1519 cogitat,
1999 1463 2153 1519 atque
2186 1451 2279 1503 illa

722 1544 968 1613 cogitatio
998 1556 1110 1597 erat
1140 1560 1285 1611 opus,
1315 1546 1451 1611 quod
1487 1542 1655 1597 Verbo
1680 1543 2052 1610 complebatur,
2077 1553 2122 1593 et
2156 1540 2281 1607 Spi-

722 1636 826 1687 ritu
856 1633 1244 1703 perﬁciebatur,
1293 1634 1502 1702 aliaque
1535 1642 1809 1688 sexcenta.
1843 1632 2035 1701 187a
2069 1630 2281 1684 Utiliter

722 1739 872 1792 ergo,
898 1736 952 1778 et
969 1726 1033 1778 ad
1062 1725 1451 1778 institutionem
1482 1736 1643 1791 atque
1668 1724 2115 1776 introductionem
2149 1723 2280 1776 satis

724 1815 1140 1869 accommodata:
1176 1812 1367 1866 divinae
1396 1813 1720 1880 cognitionis
1777 1812 2101 1881 prteconium
2154 1825 2250 1878 pro

722 1906 903 1959 cessit.
941 1905 1152 1959 Etenim
1183 1905 1237 1957 in
1264 1902 1444 1958 Veteri
1480 1902 1848 1965 Testamento,
1889 1904 2032 1957 velut
2060 1902 2272 1956 nniver-
2306 1880 2350 1939 Β

720 2012 905 2051 eorum
950 1996 1061 2066 (46)
1122 2011 1290 2050 causa
1355 1997 1605 2063 primaria
1672 1998 1898 2066 primum
1957 1995 2278 2064 praedicatur

721 2089 900 2142 Pater.
940 2086 1144 2142 Deinde
1171 2086 1342 2140 Filius
1371 2096 1622 2155 tanquam
1671 2089 1942 2157 operatrix
1989 2102 2147 2141 causa
2183 2088 2276 2139 de-

720 2178 981 2232 claratur.
1029 2176 1215 2230 Tertio
1243 2178 1491 2246 denique,
1526 2187 1583 2230 ut
1612 2193 1770 2230 causa
1803 2176 2109 2245 perliciens,
2152 2176 2277 2243 Spi-

719 2270 856 2324 ritus
881 2281 1122 2325 sanctus.
1162 2269 1293 2335 Quae
1325 2272 1466 2323 enim
1498 2270 1808 2338 perﬁciendi
1835 2271 1937 2320 vim
1959 2270 2178 2329 habent,
2214 2280 2277 2319 ea

716 2376 818 2430 pro
851 2376 951 2417 suo
1004 2362 1145 2432 quod
1180 2377 1211 2414 a
1258 2360 1362 2414 fine
1395 2361 1595 2415 habent
1629 2362 1843 2414 nomine
1886 2376 1917 2414 e
1951 2359 2194 2429 profectu
2223 2366 2281 2410 et

718 2452 1057 2507 incremento
1121 2468 1303 2508 rerum
1374 2461 1789 2521 temporumque
1844 2449 2277 2510 manifestantnr,

717 2559 936 2599 coronae
969 2544 1223 2599 videlicet
1259 2544 1400 2598 illius
1460 2545 1668 2610 instar,
1725 2558 1845 2610 quae
1880 2543 1948 2593 ob
1997 2541 2279 2595 athleticos

716 2633 947 2689 sudores
994 2634 1046 2687 in
1112 2632 1219 2687 line
1273 2636 1582 2687 renuntiato
1650 2632 1889 2705 [victori]
1943 2631 2275 2701 adaptatur:

716 2726 1068 2793 quamobrem
1092 2724 1255 2777 etiam
1284 2736 1565 2793 postquam
1596 2725 1865 2777 hominem
1897 2724 2127 2791 primum
2173 2724 2283 2775 lor-

718 2816 883 2870 mavit
931 2815 1093 2875 Deus.
1135 2826 1195 2866 ut
1226 2815 1471 2867 eumdem
1501 2814 1694 2867 deinde
1735 2814 2042 2882 perliceret,
2106 2811 2285 2878 Inspi-

715 2908 845 2960 raoit
870 2908 924 2960 in
954 2906 1145 2972 [aciem
1166 2906 1280 2972 ejus
1302 2904 1622 2970 spiraculum
1652 2904 1768 2957 vine
1791 2904 1859 2957 ⁸⁸.

786 2998 873 3052 l8.
903 2997 1026 3052 Haec
1049 2996 1263 3065 aliaque
1292 2997 1512 3061 similia,
1537 2997 1732 3065 quibus
1756 2995 2014 3063 Spiritum
2036 3007 2281 3049 sanctum

716 3089 1086 3157 perﬁcientem
1128 3102 1251 3141 esse
1284 3088 1495 3148 doceat.
1533 3090 1621 3141 ubi
1664 3088 1965 3140 laboriosus
2006 3089 2095 3140 hic
2122 3087 2283 3139 homo

715 3180 957 3233 studiose
986 3178 1205 3247 collegit
1237 3194 1253 3229 :
1284 3176 1602 3245 Propterea,
1634 3177 1833 3245 inquit,
1863 3177 2147 3230 illuminati
2192 3192 2284 3231 ca-

717 3267 1021 3321 tecbutneni
1054 3267 1247 3320 diebus
1277 3277 1480 3333 septem
1515 3268 1786 3320 candidati
1842 3268 2117 3319 incedunt.
2149 3264 2278 3331 Quae

717 3360 844 3413 item
866 3374 1029 3413 causa
1060 3358 1183 3420 fuit,
1216 3372 1313 3411 cur
1338 3364 1491 3411 vetus
1515 3356 1964 3419 lnstrumentum,
1989 3358 2132 3425 quod
2167 3372 2282 3408 unt-

724 3450 971 3502 bratilem
999 3446 1249 3515 baptismi
1283 3456 1463 3516 typum
1504 3446 1752 3516 gerebat,
1785 3448 1888 3499 hoc
1924 3445 2065 3498 idem
2093 3446 2281 3498 obser-

717 3548 869 3593 varet
899 3556 913 3592 :
949 3536 1215 3591 Camedite
1235 3553 1437 3605 quoque
1468 3537 1587 3606 (ait)
1617 3553 1776 3601 panes
1796 3576 1812 3597 ,
1846 3537 1936 3605 qui
1972 3536 2130 3600 positi
2161 3544 2283 3588 sunt

720 3630 773 3681 in
798 3629 1031 3682 canistro
1072 3628 1476 3681 consecrationis
1509 3628 1577 3681 δι.
1614 3628 1689 3679 De
1720 3629 1855 3680 ostio
1888 3642 2088 3694 quoque
2112 3624 2283 3679 taber-

720 3722 895 3773 naculi
927 3720 1212 3773 testimonii
1259 3735 1359 3771 non
1407 3720 1616 3773 eaibitis
1661 3730 1854 3781 septem
1904 3720 2087 3773 diebus
2116 3719 2184 3773 ⁸³.
2221 3718 2283 3772 Et

720 3829 825 3867 non
876 3814 1087 3867 dicrutn
1145 3814 1405 3865 duntaxat
1475 3827 1757 3864 numerum
1809 3812 2095 3881 descripsit
2155 3813 2281 3865 olim

722 3903 888 3961 Vetus
943 3905 1374 3965 Testamentum,
1421 3904 1515 3957 sed
1565 3912 1621 3956 et
1659 3918 1993 3971 quiecunque
2034 3904 2137 3957 alia
2200 3903 2284 3956 hic

718 4008 1144 4065 consequuntur.
1163 3994 1340 4049 Primo
1352 3995 1548 4047 etenim
1563 4009 1703 4047 nunc
1718 3994 2077 4061 baptisamur,
2096 3995 2285 4049 deinde

722 4096 995 4156 unguento
1028 4085 1301 4152 nngimur,
1354 4083 1477 4136 inde
1520 4083 1757 4150 pretioso
1804 4083 2065 4150 sanguine
2097 4084 2286 4151 digna-

722 4194 859 4233 mur.
894 4178 985 4232 Sic
1020 4191 1242 4247 prorsus
1270 4184 1326 4228 et
1358 4174 1532 4229 Moses
1566 4176 1678 4228 haec
1711 4174 2061 4241 adumbrans,
2114 4174 2285 4229 abluit

720 4270 893 4337 primo
924 4284 1061 4337 aqua
1091 4282 1185 4323 eos
1212 4268 1301 4332 qui
1341 4268 1824 4330 consecrabantur,
1868 4282 1992 4321 mox
2030 4266 2205 4320 induit
2230 4277 2285 4320 et

719 4364 909 4431 cingit,
949 4363 1142 4416 deinde
1165 4358 1376 4413 confert
1413 4360 1516 4413 olei
1558 4360 1894 4421 unctionem,
1920 4370 1974 4412 et
2008 4368 2118 4412 tum
2155 4374 2284 4412 san-

717 4453 876 4518 guine
901 4454 1156 4523 aspergit,
1187 4461 1350 4519 atque
1379 4453 1442 4503 ad
1484 4450 1635 4518 panis
1662 4448 2021 4517 sumptioncm
2042 4450 2281 4501 adducit.

2375 637 2735 705 δημιουργίας
2756 653 2815 689 τε
2842 637 2935 690 καὶ
2968 638 3213 707 συνοχῆς.
3254 639 3363 692 Καὶ
3396 637 3536 703 ab"
3565 641 3858 708 Πνεύματι
3886 643 3945 696 δι

2375 727 2482 777 τῶν
2518 726 2926 794 παραχθέντων.
2959 730 3123 795 φησιν
3150 728 3178 778 ὁ
3212 728 3395 790 Δασὶδ,
3429 727 3596 781 πᾶσα
3622 729 3662 795 ἡ
3690 729 3946 797 δύναμις

2374 814 2591 871 αὐτῶν.
2627 818 2734 869 Kal
2763 818 2919 887 δῆλον
2950 817 3025 880 ὡς
3057 817 3121 869 δι’
3149 811 3224 871 ὧν
3264 820 3361 886 μὲν
3391 822 3421 871 ὁ
3458 822 3743 889 προφήτης
3771 820 3946 888 λέγει,

2380 907 2463 973 Τῷ
2473 910 2639 976 Λόγῳ
2656 910 2875 975 Κυρίου
2889 913 2945 963 οι
2964 910 3204 976 οὐρανοὶ
3227 911 3697 977 ἐστερεώθησαν,
3718 912 3949 981 ποιητὴν

2374 1000 2465 1051 τὸν
2490 999 2659 1066 Λόγον
2682 1001 2839 1068 ὑμνεῖ
2862 1002 3179 1069 (στερέωσιν
3200 1003 3307 1072 γὰρ
3327 1005 3427 1071 τὴν
3451 1003 3674 1071 πρώτην
3694 1002 3825 1073 [307
3850 1003 3947 1075 Η

2378 1091 2540 1159 πῆξιν
2570 1090 2664 1142 καὶ
2696 1092 2911 1158 γένεσιν
2954 1092 3110 1145 καλεῖ
3131 1094 3170 1160 ).
3222 1095 3569 1147 τελειωτικδν
3617 1094 3677 1146 δὲ
3725 1095 3819 1147 καὶ
3860 1095 3951 1147 δυ-

2376 1182 2671 1250 ναμοποιὸν
2693 1181 2755 1232 τὸ
2786 1180 3006 1250 Πνεῦμα
3037 1183 3106 1235 δι’
3124 1177 3197 1235 ὧν
3229 1187 3495 1252 ἐπήγαγε·
3520 1183 3633 1237 Kal
3660 1182 3741 1248 τῷ
3763 1186 3949 1237 πνεύ-

2375 1290 2511 1339 ματι
2535 1273 2640 1326 τοῦ
2660 1274 2956 1341 στόματος
2973 1274 3159 1328 αὐτοῦ
3182 1274 3350 1329 πᾶσα
3376 1277 3414 1343 ἠ
3436 1276 3697 1345 δύναμις
3724 1275 3948 1331 αὐτῶν.

2382 1364 2492 1416 Kal
2527 1366 2559 1431 ή
2596 1364 2633 1413 Γ
2637 1366 2868 1433 ρήγορος
2909 1362 2965 1415 δὲ
2992 1365 3087 1416 καὶ
3116 1365 3235 1419 Θεία
3261 1367 3482 1433 γλῶσσά
3520 1384 3675 1436 φησι·
3712 1366 3956 1434 Πρῶτον

2375 1453 2575 1506 ert-osi
2597 1455 2703 1518 τὰς
2734 1454 3050 1523 ἀγγελικὰς
3092 1455 3399 1524 δυνάμεις.
3441 1457 3540 1510 καὶ
3578 1457 3645 1509 τὸ
3689 1457 3955 1529 ἐννόημα

2376 1547 2552 1614 ἔργον
2589 1543 2669 1615 ἦν
2701 1549 2861 1617 λόγῳ
2923 1550 3472 1617 συμπληρούμενον
3507 1549 3605 1601 καὶ
3654 1548 3956 1615 "reducti

2376 1639 2813 1705 τελειούμενον,
2831 1642 2923 1692 καὶ
2942 1641 3113 1710 μυρία
3135 1639 3286 1693 ἄλλα.
3305 1639 3608 1709 Ὠφελίμως
3625 1638 3682 1689 δὲ
3696 1640 3789 1690 καί
3808 1638 3958 1692 παιῦ

2378 1727 2624 1793 αγωγίας
2667 1728 2762 1780 καὶ
2806 1731 3113 1797 εἰσαγωγῆς
3154 1729 3367 1790 οἰκείως
3407 1730 3468 1781 τὸ
3496 1730 3593 1795 τῆς
3624 1727 3956 1795 θεογνωσίας

2381 1817 2711 1886 προελήλυθε
2744 1820 3027 1890 κήρυγμα.
3064 1820 3174 1873 Kal
3202 1819 3311 1891 γὰρ
3332 1820 3420 1873 διὰ
3451 1821 3551 1889 μὲν
3573 1820 3674 1889 τῆς
3712 1820 3957 1881 "alata;

2378 1907 2452 1968 ὼς
2483 1911 2956 1977 προκαταρκτικὸν
2992 1910 3104 1962 τῶν
3154 1911 3289 1963 ὅλων
3318 1912 3489 1963 αἴτιον
3519 1912 3547 1962 ὁ
3578 1912 3772 1980 Πατὴρ
3800 1910 3958 1980 πρώ-

2376 2013 2481 2057 τως
2502 1996 2847 2064 κηρύττεται,
2870 2001 2964 2051 καὶ
2989 2000 3255 2068 δευτέρως
3282 2000 3339 2053 δὲ
3369 2003 3399 2052 ό
3428 2000 3659 2063 Υῐδςηὼς
3689 1999 3958 2068 δημιουρ-

2377 2086 2530 2153 γικὸν
2556 2086 2730 2139 αἴτιον
2769 2088 3146 2157 ἐμφανίζεται,
3189 2093 3281 2142 καὶ
3331 2092 3531 2161 τρίτως
3562 2090 3639 2151 ὠς
3685 2090 3957 2142 τελειωτι-

2378 2179 2472 2231 κὸν
2505 2179 2565 2230 τὸ
2600 2179 2822 2248 Πνεῦμα
2860 2182 2919 2232 τὸ
2955 2183 3130 2249 ἅγιον.
3162 2182 3244 2235 Τὰ
3268 2182 3589 2235 τελειωτικὰ
3615 2181 3725 2251 γὰρ
3750 2181 3834 2247 τῷ
3865 2180 3949 2233 τέ·

2377 2268 2458 2322 λει
2482 2271 2816 2340 φερωνύμως
2844 2274 3203 2343 ἀναφαίνεται
3228 2277 3293 2345 τῇ
3328 2277 3575 2344 προκοπῇ
3608 2274 3700 2328 καὶ
3730 2272 3959 2341 αὐξήσει

2378 2359 2486 2414 τῶν
2532 2378 2590 2412 τε
2614 2362 2661 2392 ⁸⁸
2694 2364 3033 2433 πραγμάτων
3055 2365 3166 2433 ,καὶ
3208 2365 3316 2417 τῶν
3356 2367 3583 2435 χρόνων,
3631 2362 3721 2418 οἷα
3754 2366 3959 2433 στέφα-

2380 2469 2469 2514 νος
2516 2453 2871 2524 ἀναρρήσεως
2931 2456 3028 2507 ἐπὶ
3078 2459 3189 2519 τοῖς
3228 2457 3539 2527 ἀθλητικοῖς
3585 2456 3959 2525 ἱδρῶσιηκατὲ

2380 2545 2440 2594 τὸ
2470 2544 2622 2607 τέλος
2656 2547 3114 2617 ὲναρμοξὸμενος.
3150 2548 3242 2601 Διδ
3279 2548 3485 2601 καὶτὸν
3512 2547 3799 2618 ἄνθρωπον
3832 2547 3961 2602 nu.

2384 2649 2482 2696 σας
2512 2636 2541 2685 ὁ
2573 2635 2705 2697 Θεὸς
2741 2637 2976 2706 πρῶτον.
3000 2634 3117 2689 εἶτα
3152 2638 3377 2691 τελειῶν
3422 2638 3488 2700 ⁸⁸,
3537 2639 3961 2705 Ἐνεφύσησεν

2380 2726 2466 2788 είς
2498 2723 2565 2775 τὸ
2597 2724 2923 2790 πρόσωπον
2953 2725 3142 2779 αὐτοῦ
3165 2724 3398 2795 πνεῦμα
3423 2723 3590 2793 ᾱυῆς.

2458 2991 2644 3043 Ταῦτα
2692 2991 2787 3042 καὶ
2835 2988 3060 3043 τοιαῦτα
3092 2988 3254 3056 ἔτερα
3306 2983 3436 3057 περὶ
3473 2983 3569 3037 τοῦ
3597 2985 3679 3037 ὅτι
3721 2983 3784 3036 τδ
3830 3002 3963 3037 παν-

2387 3082 2541 3147 ἁγιον
2566 3080 2789 3149 Πνεῦμα
2809 3080 3150 3133 τελειωτικὰν
3178 3081 3295 3131 ἐστι
3318 3076 3790 3147 διηγωνισμένοςό
3813 3075 3965 3143 φιλό-

2388 3191 2544 3234 πονος
2581 3167 2733 3235 οὗτος
2752 3174 2799 3205 ⁹⁰
2829 3172 2987 3241 ἀνὴρ,
3018 3172 3116 3224 Διὰ
3146 3170 3324 3235 τοῦτο,
3362 3171 3549 3239 φησὶν,
3578 3170 3628 3220 οἱ
3655 3168 3965 3236 φωτιζόμε·

2389 3266 2526 3316 νοι⁹¹
2581 3263 2719 3315 ἑπτὰ
2762 3265 2973 3333 ἡμέρας
3006 3260 3470 3333 λαμπροφοροῦσι.
3500 3260 3631 3312 διότι
3658 3258 3755 3310 καὶ
3786 3260 3821 3326 ἡ
3855 3259 3965 3310 Πα-

2386 3354 2535 3418 λαιὰ,
2587 3355 2747 3414 σκιᾶς
2801 3354 3075 3423 ἐπέχουσα
3124 3354 3260 3423 πρὸς
3307 3352 3369 3405 τὸ
3418 3352 3698 3421 βάπτισμα
3748 3349 3962 3411 τύπον,

2385 3445 2543 3497 τοῦτο
2597 3443 2900 3512 ἐφύλαττε·
2956 3443 3064 3496 Kal
3115 3443 3430 3512 φάτεσθε⁹¹
3479 3438 3792 3514 γὰρ,φησὶ,
3824 3438 3967 3500 τοὺς

2388 3536 2607 3603 ἄρτους
2648 3534 2788 3598 τοὺς
2815 3535 2884 3588 ἐν
2910 3534 2990 3599 τῷ
3023 3533 3185 3599 κανῷ
3206 3535 3251 3565 ’³
3275 3536 3385 3602 τῆς
3417 3534 3780 3597 τελειώσεως
3805 3572 3822 3596 ,
3866 3530 3963 3583 καὶ

2388 3629 2507 3683 ἀπὸ
2537 3626 2647 3694 τῆς
2682 3629 2860 3693 θύρας
2906 3627 3014 3693 τῆς
3044 3625 3282 3693 σκηνῆς
3325 3625 3431 3679 τοῦ
3468 3623 3801 3693 μαρτυρίου
3854 3624 3965 3675 οὐκ

2387 3719 2787 3781 ἐξελεύσεσθαι
2808 3716 2956 3769 ἑπτὰ
2986 3716 3234 3785 ἡμέρας.
3267 3717 3375 3769 Kal
3402 3717 3464 3769 οὐ
3488 3716 3577 3768 τὸν
3597 3714 3837 3784 ἀριθμὸν
3858 3713 3966 3765 τῶν

2390 3808 2609 3879 ἡμερῶν
2634 3810 2666 3878 ἡ
2690 3808 2901 3859 Παλαιὰ
2928 3809 3088 3875 μόνον
3118 3808 3564 3878 προῦπέγραφεν,
3585 3804 3722 3858 ἀλλὰ
3750 3806 3849 3857 καὶ

2389 3900 2555 3967 ἄλλην
2606 3899 2945 3951 ἀκολουθίαν.
2992 3899 3101 3950 Καὶ
3147 3899 3255 3964 γὰρ
3302 3896 3533 3950 ἐνταῦθα
3588 3895 3809 3963 πρῶτον
3866 3896 3965 3965 μὲν

2391 3989 2782 4060 βαπτιζόμεθα,
2826 3986 2944 4042 εἶτα
2978 3988 3055 4058 τῷ
3105 3989 3260 4058 μύρῳ
3304 3990 3589 4058 χριόμεθα,
3624 3990 3838 4043 ἐκεῖθεν
3872 3986 3965 4039 τοῦ

2389 4081 2571 4150 τιμίου
2602 4080 2899 4147 ἁξιούμεθα
2921 4080 3169 4147 αἵματος.
3195 4079 3350 4132 υῦτω
3381 4081 3445 4151 δὴ
3472 4082 3564 4133 καὶ
3586 4081 3790 4150 Μωσῆς
3819 4096 3965 4133 σκιο-

2390 4174 2617 4243 γραφῶν
2664 4172 2838 4225 ταῦτα
2868 4172 3013 4225 λούει
3044 4173 3256 4241 πρῶτον
3300 4175 3424 4236 τοὺς
3449 4176 3860 4242 τελειουμένους
3890 4174 3969 4244 τῷ

2393 4263 2570 4323 ὕδατι,
2604 4257 2724 4314 εἶτα
2776 4261 3070 4314 ἐνδιδύσκει
3118 4265 3209 4315 καὶ
3246 4265 3625 4333 περιζωννύει,
3657 4261 3758 4317 εἷθ’
3788 4264 3965 4326 οὕτως

2392 4356 2641 4423 ἐπιφέρει
2671 4354 2770 4420 τὴν
2797 4353 2891 4405 τοῦ
2923 4355 3102 4406 ἐλαίου
3133 4356 3332 4422 χρίσιν,
3379 4358 3473 4408 καὶ
3508 4356 3649 4409 οὕτω
3680 4357 3861 4424 ῥαίνει
3890 4356 3967 4425 τῷ

2390 4446 2581 4515 αἵματι
2616 4445 2707 4497 καὶ
2734 4445 2868 4515 πρὸς
2889 4446 2987 4509 τὴν
3019 4444 3127 4497 τῶν
3158 4448 3334 4515 ἄρτων
3362 4447 3485 4514 ἄγει
3518 4446 3845 4516 μετάληψιν.
3878 4448 3967 4500 Διδ

720 4547 1061 4615 Quapropter
1090 4553 1147 4599 et
1200 4547 1391 4599 beatus
1446 4544 1622 4600 Lucas
1657 4547 1708 4599 in
1756 4544 2049 4613 Evangelio
2076 4544 2123 4575 ⁵³
2174 4545 2285 4612 pri-
2316 4576 2350 4629 Π

2393 4540 2484 4590 καὶ
2513 4540 2540 4589 ὁ
2566 4538 2704 4598 θεῖος
2750 4539 2962 4599 Λουκᾶς
2978 4537 3025 4569 ’⁸
3055 4540 3111 4589 ὲν
3143 4538 3221 4607 τῷ
3256 4540 3572 4609 Εὑαγγελίῳ
3605 4540 3825 4606 πρῶτόν
3860 4559 3965 4607 φη-

717 4650 865 4688 mum
902 4635 979 4688 ait
1017 4635 1260 4689 benedici
1315 4635 1578 4688 Dominici

718 4723 904 4779 ﬁdeles
929 4726 1221 4792 participes
1248 4723 1386 4789 ﬁeri,
1415 4724 1670 4792 atqueita
1704 4729 1918 4777 demum
1957 4740 2148 4793 panem
2192 4740 2284 4777 su-

720 4830 900 4880 mere;
934 4830 1243 4885 quanquam
1277 4814 1489 4868 divinns
1510 4814 1801 4881 Apostolus
1832 4815 2019 4868 calicis
2055 4816 2283 4869 benedi-

719 4907 951 4961 ctionem
1004 4907 1200 4962 alicubi
1243 4906 1541 4975 praemittit.
1602 4909 1870 4959 interdum
1914 4920 2043 4959 vero
2085 4922 2283 4973 corpo-

722 4998 795 5053 ris
830 4999 1093 5053 Dominici
1125 4998 1484 5053 benedictioni
1514 4998 1753 5066 subjicit.
1796 4998 1883 5051 Ait
1909 5000 2053 5051 enim
2083 5016 2095 5049 :
2127 4999 2285 5051 Catia:

718 5089 803 5141 cui
858 5089 1243 5154 benedicintus,
1300 5105 1468 5142 nonne
1536 5089 1933 5142 communicatio
2001 5090 2273 5158 sanguinis

802 5224 847 5257 ”
873 5222 1206 5288 Psa|.xxxu,
1245 5222 1301 5277 6.
1362 5222 1410 5252 “
1439 5220 1575 5278 Gen.
1612 5237 1671 5289 ll,
1728 5221 1778 5273 7.

1660 4636 1938 4703 sanguinis
1993 4636 2169 4698 calici,
2232 4626 2347 4688 et—

2390 4646 2472 4680 σιν
2502 4626 2840 4693 εὐλογεῖσθαι
2862 4627 2955 4679 τοῦ
2986 4627 3317 4680 Δεσποτικοῦ
3353 4630 3585 4697 αἵματος
3611 4629 3670 4680 τὸ
3699 4630 3963 4699 ποτήριον

2388 4719 2481 4771 καὶ
2506 4718 2629 4778 τοὺς
2664 4718 2885 4779 πιστοὺς
2916 4720 3163 4787 μετέχειν
3182 4759 3195 4781 ,
3234 4720 3327 4770 καὶ
3354 4718 3493 4771 οὕτω
3519 4719 3961 4787 μεταλαμϐάνειν

2387 4812 2479 4863 τοῦ
2513 4814 2697 4880 ἄρτου.
2719 4808 2777 4861 ὐ
2811 4811 2993 4881 μέντοι
3027 4811 3166 4872 Θεῑος
3207 4811 3526 4871 Ἀπόστολος
3578 4810 3674 4879 τὴν
3706 4810 3959 4875 εὐλογίαν

2389 4906 2482 4959 τοῦ
2533 4906 2793 4977 ποτηρίου
2837 4905 2966 4958 ποτὲ
3016 4904 3114 4971 μὲν
3164 4904 3471 4971 προτάττει,
3496 4902 3624 4954 ποτὲ
3659 4901 3717 4954 δὲ
3756 4901 3853 4953 τοῦ
3874 4907 3961 4951 Δε-

2394 4998 2652 5050 σποτικοῦ
2700 4996 2946 5065 σώματος
2997 4997 3301 5049 ὑποτάττει.
3360 4996 3470 5047 Καὶ
3517 4995 3625 5061 γάρ
3674 5009 3845 5060 φησι·
3889 4991 3959 5044 Τὸ

2381 5091 2668 5158 ποτήριον
2683 5092 2728 5122 ’³
2756 5090 2787 5143 ὃ
2812 5087 3201 5157 εὐλογοῦμεν,
3227 5088 3360 5156 οὐχὶ
3396 5088 3675 5141 κοινωνία
3716 5086 3825 5139 τοῦ
3865 5085 3957 5139 ατ-

1891 5223 1935 5252 “
1973 5220 2145 5286 Levit,
2182 5238 2298 5286 vm,
2322 5224 2410 5277 51.
2473 5224 2517 5255 δ’
2550 5224 2682 5277 ibid.
2712 5224 2803 5278 32.
2880 5223 2923 5256 "
2952 5223 3081 5276 Luc.
3118 5236 3253 5281 χιιι,
3288 5222 3372 5274 l7.

2017 5316 2245 5370 VARIAE
2280 5314 2677 5371 LECTIONES.

787 5416 831 5446 "
867 5416 960 5468 καὶ
994 5416 1071 5469 τῶ
1101 5416 1241 5469 Psal.
1273 5430 1445 5478 xxxtt,
1478 5414 1531 5467 6.
1606 5414 1649 5445 ⁸⁸
1679 5431 1736 5464 τε
1759 5413 1881 5466 add.
1913 5413 1976 5465 A.
2050 5412 2096 5443 ⁸⁸
2122 5412 2338 5464 τελειῶν
2364 5413 2401 5462 Λ
2440 5431 2453 5466 τ
2488 5412 2716 5473 τελεῖς.
2792 5411 2839 5441 θθ
2867 5404 3019 5471 οὗτος
3043 5409 3165 5463 add.
3193 5408 3253 5460 A.
3332 5407 3373 5438 9'
3413 5406 3462 5457 oi
3508 5403 3867 5471 φωτιζόμενοι
3912 5402 3949 5455 i.

799 5487 847 5537 οἱ
896 5414 1297 5549 βαπτὶἐόμενοι.
1326 5501 1378 5539 ν.
1408 5485 1616 5539 Sutcer.
1695 5486 1741 5515 ⁹¹
1779 5481 2038 5549 φάγεσὸε]
2095 5482 2263 5536 Levii.
2296 5497 2414 5545 Vttt,
2446 5484 2534 5536 5|.
2622 5482 2668 5513 ⁹³
2686 5479 2855 5549 καινῷ
2900 5498 2959 5544 ς.
3036 5481 3081 5510 ⁸⁵
3108 5474 3344 5547 Λουκᾶς]
3367 5476 3460 5535 22.
3494 5475 3578 5528 17.
3655 5475 3773 5525 "to
3802 5471 3949 5544 1:01.]

719 5500 768 5555 ο.
799 5487 847 5537 οἱ
896 5481 1297 5555 βαπτιζόμενοι.
1326 5501 1378 5539 ν.
1408 5485 1616 5539 Snicer.
1695 5486 1741 5515 "
1779 5481 2038 5554 φάγεσὸε]
2095 5482 2263 5536 Letit.
2296 5497 2414 5545 vnt,
2446 5484 2534 5536 51.

724 5554 743 5610 ι
774 5554 904 5610 Cor.
936 5572 993 5620 ι,
1017 5557 1104 5610 16.

2622 5471 2855 5549 ⁹³ήκαινῷ
2900 5498 2959 5544 ς.
3036 5481 3081 5510 ⁸⁵
3108 5474 3344 5547 Λουκᾶς]
3367 5476 3460 5535 22.
3494 5475 3578 5528 17.
3655 5475 3773 5525 "to
3802 5471 3952 5544 1:01.]

2219 5663 2354 5720 ΝΟΤ
2366 5661 2451 5717 Αἱ.

796 5763 906 5829 (45)
942 5760 1139 5815 llomil.
1172 5762 1261 5825 38,
1292 5776 1408 5827 qum
1430 5770 1512 5813 est
1546 5761 1595 5812 in
1623 5760 1914 5813 Nativitate
1944 5758 2166 5829 Christi.

794 5834 903 5901 uti)
932 5831 1059 5900 Quae
1100 5842 1155 5884 et
1198 5833 1257 5887 Β.
1295 5832 1472 5884 Basilii
1506 5831 1748 5886 dcctrina
1792 5841 1874 5883 est
1908 5830 1998 5881 lib.
2025 5828 2100 5881 De
2132 5828 2274 5893 Spir.

2394 5762 2563 5805 sant't.
2621 5765 2740 5814 cap.
2782 5749 2867 5810 ib",
2919 5749 3154 5817 itemque
3202 5746 3363 5815 Greg.
3428 5742 3586 5815 Nyss.
3647 5740 3849 5799 llomil.
3892 5738 3956 5793 iu

2385 5832 2549 5873 snuct.
2590 5819 2865 5885 baptisma.
