4196 6442
729 415 835 476 759

1876 410 2141 473 ΡΗΟΤΙΙ
2172 407 2686 470 .PATRIARCH/E
2716 407 2822 468 CP.

3875 401 3976 477 760

803 523 999 593 188a
1048 522 1250 578 Deinde
1301 537 1397 593 per
1454 522 1762 577 sensibilcm
1817 525 2099 586 mundum,
2180 531 2298 575 tan-

2474 520 2736 587 Δεύτερον
2780 516 2869 569 διὰ
2896 514 2988 568 τοῦ
3017 514 3277 583 αἰσθητοῦ
3322 514 3528 582 κόσμου
3559 514 3637 576 ὡς
3666 512 3733 565 δι’
3768 514 3978 579 clung

731 630 891 684 quam
928 629 1023 683 per
1072 614 1390 682 imaginem.
1421 611 1590 667 voluit
1622 611 1797 667 Moses
1850 615 2112 668 artiﬁcem
2161 611 2298 679 ejus,

736 720 787 759 et
816 707 1154 768 Creatorem,
1192 706 1256 758 iis
1283 705 1482 772 quibus
1530 706 1699 775 legem
1732 706 1937 761 ferebat
1983 706 2242 760 exhibere
2283 722 2298 757 :

734 798 821 861 qui
849 813 968 847 cum
1006 806 1133 848 tunc
1155 796 1333 850 adhuc
1359 797 1660 851 crassiores
1687 808 1890 861 essent,
1917 809 1971 851 et
1996 801 2083 853 vix
2118 815 2148 853 e
2174 814 2301 854 sen-

735 889 922 941 silibus
971 898 1133 955 atque
1163 888 1408 954 cognatis
1455 888 1638 954 rebus,
1674 904 1860 943 eorum
1902 904 2023 957 quae
2054 891 2303 943 ridentur

733 983 1044 1033 (Zreatorem
1084 989 1304 1049 possent
1332 995 1703 1047 cognoscere;
1746 992 1893 1033 recte
1928 980 2055 1033 illud
2103 978 2299 1032 confici

736 1088 839 1122 non
877 1072 1068 1140 potuit,
1098 1082 1273 1137 empta
1298 1071 1365 1122 ab
1398 1070 1605 1138 angelis
1637 1071 1971 1123 narratione.
1996 1068 2069 1121 Ex
2104 1068 2304 1137 ignotis

734 1165 900 1225 i-uitn,
936 1179 1037 1214 nou
1084 1173 1262 1214 autem
1294 1179 1359 1215 ex
1401 1162 1789 1230 apparentibus
1843 1161 2088 1213 notitiam
2137 1158 2303 1227 ignoti

736 1272 924 1319 parare
975 1256 1129 1314 velle,
1178 1254 1384 1307 inutilis
1433 1269 1562 1307 sane
1605 1265 1832 1306 conatus
1876 1261 1991 1312 est,
2042 1251 2304 1318 valdeque

735 1345 1006 1399 inﬁrmus.
1040 1346 1254 1414 Alioqui
1286 1345 1452 1399 Deum
1481 1347 1525 1400 si
1560 1362 1666 1400 non
1700 1358 1866 1411 recte,
1905 1357 1957 1398 at
1990 1345 2169 1414 aliquo
2198 1346 2307 1397 sal-

736 1446 842 1489 tent
878 1440 1035 1491 modo
1076 1438 1301 1493 Judaica
1353 1455 1504 1509 gens,
1539 1442 1699 1493 etiam
1733 1448 1859 1491 ante
1912 1439 2078 1500 legem
2120 1438 2303 1501 latam,

736 1530 1057 1594 gloriﬁcavit
1096 1549 1108 1583 :
1148 1546 1271 1584 cum
1306 1532 1620 1599 angelorum
1655 1548 1718 1584 ne
1747 1531 2156 1598 appellationem
2185 1530 2309 1598 qui—

736 1622 856 1672 dem
907 1622 1142 1674 novisset
1172 1638 1277 1674 uno
1309 1622 1533 1675 forsitan
1583 1634 1637 1676 et
1688 1623 1814 1675 item
1849 1621 2016 1675 altero
2058 1631 2305 1687 excepto,

735 1712 932 1776 quibus
990 1713 1039 1765 id
1086 1715 1258 1767 sancti
1293 1714 1527 1781 Spiritus
1591 1716 1761 1782 gratia
1836 1714 2116 1768 revelarat.
2165 1713 2308 1767 (Jon-

738 1803 916 1854 lirinat
945 1819 1062 1869 qum
1091 1804 1320 1857 dicimus
1347 1804 1446 1858 hoc
1476 1806 1540 1868 ⁵⁸,
1588 1806 1729 1873 quod
1760 1806 2053 1858 etiamnum
2100 1803 2305 1857 Saildu-

737 1891 831 1943 cari
886 1892 1048 1945 Deum
1102 1895 1319 1958 quidem
1352 1896 1636 1959 exsistere,
1676 1908 1730 1947 et
1777 1894 2135 1947 architectum
2184 1910 2307 1949 esse

738 1981 922 2033 mundi
964 1982 1219 2047 fatentur,
1252 1998 1575 2037 cumtamen
1611 1987 1831 2054 angelos
1866 1988 2001 2042 ullos
2031 2003 2150 2042 esse
2184 2004 2309 2057 per-

740 2072 986 2123 tinaciter
1065 2088 1277 2143 negent.
1330 2076 1652 2144 Angelorum
1710 2093 1839 2131 vero
1896 2089 2083 2131 natura
2148 2087 2309 2147 atque

737 2163 1023 2230 appellatio
1046 2180 1073 2216 a
1104 2166 1371 2232 principio
1407 2168 1609 2233 ignota,
1632 2168 1751 2221 inde
1786 2171 2015 2237 primum
2053 2171 2104 2222 in
2130 2173 2308 2224 notio-

740 2270 860 2307 nem
892 2257 1063 2320 Venit,
1085 2273 1149 2309 ex
1178 2273 1286 2324 quo
1310 2260 1541 2311 Abralne
1575 2261 1623 2311 in
1659 2257 1825 2312 Deum
1857 2262 2029 2327 pietas
2054 2263 2305 2329 cognosci

738 2344 903 2412 irrepit
951 2361 965 2395 :
1021 2346 1161 2398 unde
1206 2356 1361 2398 aucta
1411 2359 1571 2414 atque
1617 2347 1977 2413 ampliﬁcata,
2025 2350 2076 2401 in
2119 2364 2309 2403 omnes

735 2435 927 2487 deinde
981 2437 1096 2503 pios
1154 2436 1397 2490 derivata
1456 2449 1558 2492 est.
1603 2440 1922 2507 Quanquam
1987 2440 2087 2493 hos
2141 2441 2304 2494 etiam

737 2523 911 2579 Moses
942 2526 994 2578 in
1028 2525 1131 2579 [ine
1166 2542 1275 2580 sine
1305 2526 1553 2581 Historim
1583 2544 1702 2582 cum
1740 2530 1843 2583 alia
1894 2542 2139 2585 creatura
2173 2547 2307 2586 con-

732 2618 966 2686 jimgens
1002 2636 1015 2671 :
1058 2616 1356 2681 Lmlamini,
1407 2622 1599 2689 inquit,
1651 2622 1786 2685 caeli,
1817 2632 1864 2675 et
1915 2626 2131 2677 adorent
2188 2640 2306 2677 eum

735 2724 910 2760 amnes
943 2710 1117 2777 angeli
1149 2710 1260 2778 ejus
1294 2712 1362 2764 ³ο.

808 2801 1046 2853 Tertium
1082 2803 1207 2853 illud
1240 2806 1387 2854 addit
1410 2802 1599 2860 Jobius
1622 2823 1634 2858 :
1659 2807 1704 2860 si
1739 2807 1968 2861 visiliilia
1993 2808 2149 2862 nobis
2171 2808 2304 2862 vici-

737 2894 914 2953 niora,
951 2905 1111 2961 atque
1138 2897 1203 2946 ad
1232 2900 1663 2959 cognoscendum
1694 2902 1927 2967 aptiora,
1959 2918 2120 2969 quam
2170 2903 2307 2954 invi-

736 2984 911 3036 sibilia
943 2995 1085 3049 sunt,
1119 2998 1261 3039 recte
1290 2989 1628 3043 sensibilium
1656 2996 1877 3047 tradens
1904 3007 2081 3048 ortum
2107 2995 2302 3059 Moses,

739 3074 943 3138 majora
1003 3078 1269 3146 tantisper
1320 3082 1542 3135 rudibus
1594 3083 1811 3138 tradere
1854 3086 1921 3139 ob
1970 3090 2301 3142 inaccessam

2401 611 2428 661 6
2458 608 2662 675 Μωσῆς
2695 606 2788 659 τὸν
2818 606 3066 674 τεχνίτην
3099 602 3265 657 αὐτοῦ
3315 605 3408 655 καὶ
3457 603 3792 673 δημιουργὸν
3822 604 3980 677 66¢}-

2402 702 2522 753 λετο
2551 705 2663 762 τοῖς
2693 698 3176 768 νομοθετουμένοις
3204 696 3605 759 ὑποδεικνύναι,
3640 698 3737 751 an
3758 699 3824 766 δὴ
3849 698 3977 768 [309

2402 792 2494 863 IL]
2527 792 2852 859 παχυτέροις
2882 789 3001 841 οὖσι
3030 788 3331 857 τηνικαῦτα
3359 787 3455 841 καὶ
3487 788 3638 856 μόλις
3671 790 3737 840 ἐκ
3763 786 3877 839 τῶν
3900 790 3979 840 αἱ·

2403 884 2615 955 σθητῶν
2650 884 2744 935 καὶ
2780 882 3092 951 συντρόφων
3140 883 3322 943 αὐτοῖς
3348 880 3662 949 δυναμένοις
3693 883 3978 933 κατανοεῖν

2402 977 2490 1029 τὸν
2522 974 2859 1043 Δημιουργδν
2889 975 2984 1026 καὶ
3012 972 3258 1041 τεχνίτην
3302 970 3411 1024 τῶν
3446 973 3759 1039 ὁρωμένων.
3806 970 3979 1023 Τοῦτο

2402 1069 2456 1119 δὲ
2489 1068 2594 1119 ἀπὸ
2630 1068 2725 1133 τῆς
2761 1066 2887 1133 περὶ
2924 1064 3185 1131 ἀγγέλους
3229 1063 3535 1130 διηγήσεως
3563 1062 3663 1113 οὐκ
3690 1061 3817 1130 ἐνῆν
3847 1078 3979 1112 κατ-

2404 1160 2624 1229 ορθοῦν’
2660 1160 2717 1224 ἐξ
2750 1158 2958 1227 ἀδήλων
2989 1157 3097 1226 γὰρ
3128 1156 3223 1208 καὶ
3255 1158 3353 1207 οὐκ
3384 1160 3445 1206 ἐκ
3469 1156 3609 1205 τῶν⁶
3640 1155 3979 1221 φαινομένων

2404 1254 2497 1305 τοῦ
2533 1250 2727 1319 ἀδήλου
2772 1251 2869 1317 τὴν
2907 1250 3108 1316 γνῶσιν
3141 1251 3401 1318 παρέχειν
3445 1248 3764 1316 ἀσύμφορόν
3794 1264 3853 1298 τε
3887 1249 3981 1301 καὶ

2406 1347 2526 1397 λίαν
2558 1342 3015 1404 ἁσθενές.”Λλλως
3046 1358 3104 1392 τε
3129 1341 3185 1392 δὲ
3231 1343 3325 1393 καὶ
3371 1341 3504 1392 Θεὸν
3554 1341 3671 1406 μὲν,
3706 1341 3753 1390 εί
3783 1340 3877 1391 καὶ
3907 1340 3980 1408 μὴ

2410 1439 2605 1507 ὀρθῶς.
2623 1437 2736 1489 ἀλλ’
2754 1432 2845 1487 οὖν
2864 1438 2883 1466 ⁸
2911 1436 3176 1504 ἁμηγέπη
3201 1434 3261 1485 τὸ
3295 1434 3561 1485 Ἰουδαίων
3587 1433 3736 1495 ἔθνος
3758 1435 3853 1485 καὶ
3877 1434 3983 1500 πρὸ

2409 1531 2507 1598 τῆς
2540 1528 2857 1596 νομοθεσίας
2890 1527 3159 1590 ἐδόξαζεν,
3196 1524 3319 1588 [(500
3350 1524 3442 1594 IL]
3493 1525 3737 1591 ἀγγέλων
3771 1526 3828 1576 δέ
3862 1526 3982 1578 οὐδὲ

2410 1617 2779 1687 προσηγορίαν
2822 1616 3089 1686 ⁴ήπίστειτο
3142 1615 3306 1684 χωρὶς
3343 1615 3522 1683 ἐνὺςῆ
3566 1616 3657 1666 καὶ
3702 1615 3981 1684 δευτέρου,

2408 1704 2488 1771 οἷς
2524 1711 2555 1778 ἡ
2588 1708 2680 1760 τοῦ
2718 1708 3034 1776 Πνεύματος
3064 1706 3381 1774 ἁπεκᾶλυψε
3409 1707 3587 1775 χάρις.
3624 1706 3912 1775 Μαρτυρεί
3928 1707 3982 1758 δὲ

2410 1801 2470 1851 τὸ
2503 1801 2820 1869 λεγόμενον,
2849 1800 2928 1852 ὅτι
2963 1799 3057 1852 καὶ
3110 1800 3268 1867 μέχρι
3316 1799 3410 1851 νῦν
3458 1799 3518 1850 τὸ
3566 1798 3935 1851 Σαδδουκαίων
3963 1797 3983 1828 ⁸

2412 1896 2563 1956 ἔθνος
2594 1895 2726 1946 Θεὸν
2759 1894 2856 1962 μὲν
2883 1890 3022 1945 εἶναι
3069 1892 3162 1943 καὶ
3206 1892 3543 1961 Δημιουργδν
3580 1892 3851 1960 ὁμολογεῖ,
3883 1896 3983 1957 ἀγ-

2412 1990 2598 2056 γέλους
2645 1988 2702 2039 δὲ
2760 1986 3022 2055 μηδαμῶς
3074 1985 3339 2052 ὑπάρχειν
3373 1981 3981 2043 ἁπαυθαδίζεται.Ἦδὲ

2408 2082 2518 2136 τῶν
2564 2078 2809 2146 ἀγγέλων
2854 2076 3015 2145 φύσις
3062 2076 3153 2127 καὶ
3189 2074 3376 2141 κλῆσις
3409 2073 3529 2125 κατ’
3559 2074 3729 2140 ἀρχὰς
3759 2073 3983 2138 ἀγνοουε-

2413 2175 2549 2245 μένη
2584 2171 2791 2223 ἐκεῖθεν
2822 2171 2902 2233 είς
2928 2168 3126 2237 γνῶσιν
3160 2167 3421 2235 κατέστη,
3442 2165 3536 2231 ἀφ’
3555 2159 3619 2217 οὗ
3645 2164 3704 2216 τὸ
3733 2163 3981 2239 θεοσεϐὲς

2408 2265 2503 2317 τοῦ
2541 2264 2789 2332 Ἁϐραάμ
2838 2260 3179 2330 ἐγνωρίσθη·
3230 2258 3477 2312 ἐντεῦθεν
3520 2257 3794 2327 αὐξομένη
3845 2256 3982 2309 κατὰ

2409 2356 2691 2426 προκοπὴν
2723 2358 2800 2416 εἰς
2849 2355 2955 2406 πᾶν
2999 2352 3058 2403 τὸ
3111 2351 3219 2404 τῶν
3263 2351 3499 2404 εὐσεϐῶν
3543 2349 3755 2418 διεδόθη
3790 2350 3980 2416 γένος’

2409 2450 2547 2518 πλήν
2575 2466 2636 2515 γε
2664 2450 2760 2499 καὶ
2786 2449 2813 2499 6
2832 2446 3036 2513 Μωσῆς
3056 2448 3073 2475 ⁷
3108 2442 3203 2498 ἐπὶ
3230 2444 3375 2497 τέλει
3390 2446 3487 2513 τῆς
3508 2444 3627 2496 καθ’
3650 2442 3815 2495 αὐτὸν
3844 2444 3978 2495 ίστο-

2412 2543 2552 2610 ρίας,
2580 2541 2802 2600 τούτους
2860 2540 2924 2608 τῇ
2976 2534 3111 2607 ἄλλῃ
3164 2537 3591 2605 συνταττόμενος
3640 2534 3841 2595 κτίσει,
3875 2535 3983 2585 Εὐ-

2408 2632 2727 2699 φράνθητε,
2774 2630 3033 2697 οὐρανοὶ,
3066 2629 3217 2697 φησὶ,
3254 2628 3351 2679 καὶ
3379 2624 3983 2695 προσκυνησάτωαν

2409 2721 2633 2773 αὺτὸν-⁸
2666 2720 2886 2784 πάντες
2922 2719 3164 2787 (meum
3198 2719 3367 2773 Θεοῦ.

2480 2810 2673 2880 Τρίτον
2725 2811 2897 2862 ἐκεῖνό
2947 2825 3131 2877 φησιν.
3168 2809 3229 2861 El
3257 2809 3368 2861 τῶν
3406 2809 3655 2877 ἀοράτων
3705 2809 3772 2860 τὰ
3819 2807 3987 2876 όρατὰ

2408 2901 2690 2969 ἐγγυτέρω
2722 2918 2779 2952 τε
2812 2900 2999 2969 ἡμῶνθ
3036 2899 3129 2951 καὶ
3162 2898 3297 2966 πρὸς
3327 2897 3525 2965 γνῶσιν
3558 2896 3983 2966 ἐπιτηδειότερα,

2408 2993 2641 3057 εὐλόγως
2692 2990 2799 3042 τῶν
2851 2989 3125 3057 αἰσθητῶν
3176 2989 3504 3057 παραδιδοὺς
3549 2989 3648 3055 τὴν
3691 2990 3912 3055 γένεσιν
3959 2990 3987 3040 6

2408 3083 2612 3149 Μωσῆς
2645 3082 2714 3133 τὰ
2753 3083 2923 3149 μείζω
2954 3084 3091 3144 τέως
3122 3083 3233 3142 τοῖς
3263 3081 3637 3150 εἰσαγομένοις
3662 3080 3754 3132 διὰ
3781 3079 3845 3132 τδ
3870 3080 3990 3131 δυσ-

737 3166 1121 3231 dillicultateni,
1168 3180 1224 3221 et
1264 3187 1385 3238 qua'
1426 3176 1591 3227 multa
1640 3178 1904 3245 indigeret
1949 3183 2305 3237 iustructione

2410 3176 2627 3240 ἐφικτον
2655 3174 2750 3225 καὶ
2782 3173 2980 3240 πολλῆς
3014 3174 3394 3239 παιδαγωγίας
3423 3172 3676 3240 δεόμενον
3711 3170 3987 3239 παρατρέ-

736 3257 955 3307 omittit.
990 3255 1069 3308 Tu
1112 3274 1273 3324 porro
1309 3262 1395 3315 hic
1426 3279 1526 3315 una
1560 3281 1773 3319 mecum
1806 3270 2116 3334 considera,
2143 3289 2305 3325 unum

737 3358 857 3397 esse
884 3348 1170 3401 admodum
1197 3350 1262 3403 de
1286 3354 1634 3409 sensibilibus
1663 3358 1965 3410 docendum
1993 3360 2142 3422 illud,
2165 3364 2305 3429 quod

739 3450 765 3485 a
802 3434 910 3488 Deo
953 3442 1213 3504 producta
1266 3444 1375 3495 sint
1410 3467 1420 3498 :
1459 3460 1580 3498 cutn
1632 3447 1698 3501 de
1732 3448 2160 3517 intelligibilibus
2203 3454 2310 3507 duo

738 3525 853 3576 ham
893 3526 1132 3579 docenda
1170 3531 1407 3595 veniant,
1443 3543 1497 3586 et
1528 3537 1672 3603 quod
1711 3539 1841 3599 sint,
1873 3550 1927 3592 et
1973 3543 2114 3607 quod
2156 3559 2306 3597 suam

737 3629 803 3667 ex
830 3614 938 3668 Deo
970 3620 1375 3673 subsistentiam
1409 3628 1738 3693 acceperint.
1776 3627 2067 3697 Propterea
2096 3651 2311 3703 quoque

741 3704 1054 3771 angelorum
1109 3723 1214 3761 non
1246 3712 1492 3764 meminit
1537 3714 1738 3777 Moses,
1767 3718 1891 3769 dum
1940 3722 2123 3773 tuundi
2155 3738 2309 3777 crea-

742 3797 938 3849 tionem
966 3815 1188 3854 narrare
1218 3804 1451 3869 primum
1482 3806 1712 3873 incipit;
1751 3825 1818 3861 ne
1846 3812 1935 3879 qui
1982 3811 2122 3868 forte
2152 3816 2307 3869 ﬁdem

740 3887 901 3940 latius
957 3890 1252 3943 extendere
1309 3894 1551 3962 cupiunt,
1603 3910 1765 3965 atque
1822 3900 2107 3958 instabiles
2160 3917 2306 3971 sunt,

740 3982 912 4047 ipsum
939 3998 1149 4052 quoque
1197 3986 1505 4039 universum
1540 3987 1607 4041 ab
1639 3990 1844 4057 angelis
1887 3996 2159 4049 conditutu
2192 4013 2311 4052 esse

738 4074 1109 4139 opinarentur.
1144 4078 1199 4131 Si
1246 4080 1388 4131 enim
1422 4093 1543 4131 cum
1594 4080 1791 4133 nullam
1827 4082 2052 4151 hujusce
2090 4102 2308 4143 causam

738 4164 910 4219 Muses
954 4170 1241 4223 scribendo
1290 4171 1516 4234 dederit,
1564 4170 1912 4226 Hebraeorum
1969 4185 2145 4232 tamen
2204 4196 2308 4233 non

738 4261 918 4323 pauci,
956 4272 1008 4311 et
1045 4262 1241 4328 quibus
1294 4260 1484 4313 horum
1522 4260 1695 4329 placet
1744 4278 1920 4330 error,
1957 4270 2211 4321 mundum
2242 4269 2310 4323 ab

738 4350 965 4416 angelis,
1007 4365 1232 4418 qumque
1280 4350 1481 4404 mundo
1530 4353 1899 4418 continentur,
1952 4366 2133 4411 creata
2185 4373 2309 4413 esse

739 4452 1028 4508 uagantur,
1056 4453 1258 4510 quanto
1299 4444 1483 4510 utique
1526 4445 1739 4498 auctior
1764 4454 1883 4499 erat
1914 4445 2129 4503 futurus
2161 4465 2307 4504 mor-

2411 3282 2514 3332 χει.
2550 3265 2783 3315 Κάκεῖνο
2813 3264 2870 3315 δέ
2910 3280 2997 3331 μοι
3030 3262 3448 3332 συνεπιθεώρει”
3481 3263 3627 3323 Μιᾶς
3652 3260 3866 3313 δέονται
3891 3260 3988 3329 τῆς

2410 3356 2759 3417 δδασκαλίας
2808 3357 2878 3407 τὰ
2924 3354 3177 3423 αἰσθητὰ,
3228 3356 3309 3407 ὅτι
3342 3353 3701 3423 προήχθησαν
3729 3355 3796 3405 ἐκ
3826 3354 3984 3413 Θεοῦ,

2410 3449 2478 3499 τὰ
2500 3448 2553 3498 δὲ
2579 3445 2743 3514 νοητὰ
2770 3445 2951 3514 διττὴν
2978 3446 3217 3508 ἀπαιτεῖ,
3250 3446 3331 3496 ὅτι
3360 3445 3418 3495 τέ
3446 3440 3551 3496 είσι
3582 3446 3674 3495 καὶ
3704 3443 3780 3505 ὼς
3805 3446 3840 3513 ή
3868 3443 3988 3495 τού-

2411 3555 2518 3589 των
2546 3537 2799 3597 οὑσίωσις
2827 3538 2891 3588 ἐκ
2920 3534 3207 3587 Θεοῦ.Ἔτι
3234 3535 3291 3586 δὲ
3322 3536 3568 3603 ἀγγέλων
3598 3535 3699 3587 οὐκ
3739 3534 3987 3605 ἐμνήσθη

2410 3626 2510 3693 τῆς
2541 3624 2990 3692 κοσμογενείας¹⁰
3024 3624 3422 3693 ἀπαρχόμενος,
3454 3625 3540 3676 ἵνα
3590 3624 3663 3693 μή
3707 3641 3858 3686 τινες
3887 3625 3991 3676 τῶν

2411 3719 2739 3786 εὐριπίστων
2768 3733 2827 3767 τε
2856 3716 2950 3768 καί⁵
2983 3716 3363 3783 εὐμεταϐόλων
3391 3717 3456 3769 δι’
3490 3717 3738 3783 ἀγγέλων
3778 3719 3842 3769 τὸ
3884 3719 3990 3770 πᾶν

2412 3808 2710 3876 ὑποστῆναί
2742 3825 2800 3859 τε
2833 3808 2927 3858 καὶ
2947 3807 3419 3876 δημιουργηθῆναι
3444 3807 3761 3871 δοξάσωσιν.
3798 3808 3863 3861 El
3884 3810 3990 3877 γὰρ

2412 3902 2505 3951 καὶ
2544 3899 2812 3967 μηδεμίαν
2847 3898 3100 3967 ἀφορμὴν
3136 3900 3378 3960 Μωσέως
3426 3899 3566 3950 κατὰ
3600 3901 3699 3966 τὴν
3747 3916 3992 3969 συγγρα-

2412 3990 2518 4057 φὴν
2544 3991 2914 4057 παρασχόντος
2938 3992 2977 4019 ¹¹
3004 3990 3151 4055 ὅμως
3189 3988 3453 4057 Ἐϐραίων
3475 4006 3531 4040 τε
3556 3990 3655 4040 οὐκ
3678 3990 3876 4057 ὀλίγοι,
3900 3993 3993 4043 καὶ

2410 4075 2490 4139 οἷς
2518 4078 2671 4145 φίλον
2718 4080 2752 4148 ὴ
2798 4079 3019 4131 ἐκείνων
3048 4081 3253 4148 ἀπάτη,
3292 4080 3355 4131 δι’
3381 4079 3630 4147 ἀγγέλων
3657 4081 3749 4132 τὸν
3784 4083 3994 4150 κόσμον

2410 4171 2503 4221 καὶ
2531 4170 2598 4220 τὰ.
2626 4170 2685 4219 ἐν
2715 4168 2791 4237 τῷ
2826 4170 3014 4239 κόσμῳ
3051 4170 3523 4240 δημιουργηθῆναι
3552 4173 3991 4243 παραληροῦσιν,

2411 4261 2503 4311 ἐπὶ
2531 4254 2794 4312 πόσονᾶν
2836 4261 2934 4311 οὐκ
2966 4261 3279 4329 ἐπενεμήθη
3312 4262 3371 4312 τὸ
3399 4263 3633 4331 νόσημα,
3662 4266 3717 4314 εί
3738 4281 3790 4313 τι
3819 4266 3993 4318 τοιοῦ-

2408 4368 2500 4403 τον
2529 4351 2606 4419 τῷ
2630 4352 2894 4421 νομοθέτῃ
2922 4351 3328 4420 ἀνεγέγραπτο;
3367 4356 3459 4404 καὶ
3488 4355 3588 4422 ὅρα
3623 4373 3713 4422 μοι
3747 4356 3851 4425 τὴν
3899 4358 3991 4410 τοῦ

2409 4446 2569 4512 λόγου
2596 4446 2900 4515 ἀκρίϐειαν.
2919 4446 3050 4498 ’Λπδ
3082 4447 3262 4498 τοίνυν
3296 4448 3395 4515 τῆς
3438 4449 3798 4517 παραϐάσεω;
3822 4451 3991 4519 Ἀδὰμ

736 4534 855 4595 bus,
887 4534 931 4587 si
966 4536 1093 4602 quid
1122 4534 1227 4587 tale
1260 4536 1327 4587 ab
1370 4537 1485 4602 ipso
1518 4537 1827 4605 legislature
1860 4538 2008 4593 Mose
2042 4544 2301 4611 scriptum

2416 4539 2581 4608 μέχρι
2611 4540 2707 4607 τῆς
2745 4538 2867 4589 Νῶε
2895 4539 3083 4604 γενεᾶς
3112 4539 3359 4605 ἀγγέλων
3387 4538 3546 4607 φύσις
3572 4542 3650 4601 εἰς
3682 4542 3991 4611 ἀνθρώπων

736 4625 949 4679 fuisset.
986 4626 1136 4680 Nunc
1175 4627 1297 4680 vide
1340 4628 1466 4681 mihi
1500 4631 1936 4686 ratiocinationis
1964 4635 2122 4702 hujus
2144 4650 2305 4690 accu-

733 4718 1019 4774 rationem.
1052 4719 1135 4772 Ab
1172 4719 1364 4773 Adami
1411 4723 1856 4789 praevaricatione
1888 4727 1954 4777 ad
1999 4742 2166 4795 usque
2194 4727 2306 4783 Noe

734 4812 1163 4873 generationem,
1227 4814 1541 4879 angelorum
1621 4825 1812 4869 natura
1891 4817 1943 4869 in
2022 4819 2302 4875 hominum

737 4901 928 4972 1881)
960 4904 1323 4972 cognitionem
1354 4906 1575 4960 minime
1622 4910 1785 4964 venit.
1822 4908 1952 4975 Qua:
1985 4917 2154 4979 prima
2186 4930 2304 4969 om-

731 4997 877 5047 nium
913 5004 1044 5048 mtas
1078 4994 1259 5048 fuerit.
1296 4998 1372 5049 Ac
1408 5014 1473 5050 ne
1506 4999 1557 5050 in
1596 5002 1831 5055 secunda
1867 5004 2081 5070 quidem
2123 5017 2299 5071 aetate,

732 5099 851 5150 quae
888 5084 937 5135 in
969 5084 1227 5137 audacem
1256 5085 1397 5137 illam
1431 5089 1599 5140 turris
1632 5089 2047 5142 aediﬁcationem
2076 5094 2295 5149 desiuit.

734 5176 839 5229 Sed
866 5192 964 5230 nec
1000 5179 1161 5230 tertia
1189 5192 1246 5230 se
1266 5189 1439 5246 potest
1472 5190 1603 5233 artas
1632 5183 1946 5249 angelorum
1992 5187 2299 5251 cognitione

724 5270 959 5335 jactare,
984 5286 1101 5337 quae
1125 5286 1293 5338 usque
1325 5270 1449 5322 dum
1474 5271 1744 5325 Abraham
1778 5272 1943 5326 Deum
1971 5292 2300 5343 cognoscere

728 5364 914 5431 etrapit,
949 5373 1004 5415 ut
1037 5364 1377 5417 manifestum
1408 5377 1512 5430 est,
1543 5367 1871 5419 extenditur.
1906 5366 1973 5417 At
2016 5378 2296 5435 postquam

729 5454 959 5505 Abrahae
986 5455 1371 5522 promissioues
1402 5456 1523 5519 illa3,
1568 5472 1687 5524 quae
1732 5456 2067 5509 Douiiuieam
2109 5458 2287 5511 incar-

826 5591 871 5623 δ’
908 5592 1029 5647 Act.
1054 5607 1209 5655 nul,
1260 5592 1316 5645 8.

2410 4631 2613 4697 γνῶσιν
2660 4631 2761 4682 οὐκ
2806 4630 3061 4697 ἀφίκετοο
3099 4630 3347 4700 περίοδος
3389 4631 3417 4683 δ
3468 4632 3531 4683 ἣν
3576 4633 3660 4701 είή
3711 4634 3853 4705 αὕτη
3897 4635 3987 4687 τοῦ

2412 4724 2601 4793 χρόνου
2630 4724 2842 4793 πρώτη.
2874 4723 2948 4775 Οὐ
2981 4725 3089 4792 μὴν
3110 4724 3230 4776 οὐδὲ
3259 4725 3396 4777 κατὰ
3426 4724 3523 4795 τὴν
3549 4725 3812 4795 δευτέραν
3837 4728 3989 4796 περί-

2410 4817 2563 4881 οδον,
2593 4817 2716 4885 ἣτις
2765 4816 2843 4878 είς
2889 4818 2985 4885 τὴν
3034 4816 3393 4884 πυργοηοιίας
3440 4818 3706 4885 ἀπολήγει
3759 4818 3982 4886 τόλμαν.

2423 4909 2560 4961 Ἀλλ’
2592 4908 2757 4977 οὐδ’ή
2805 4908 2959 4977 τρίτη
3006 4907 3099 4959 τοῦ
3134 4907 3325 4977 χρόνου
3360 4907 3602 4976 περίοδος
3641 4911 3707 4977 τῇ
3751 4908 3861 4960 τῶν
3888 4910 3984 4975 ἀγ-

2410 5002 2581 5069 γέλων
2611 5001 2723 5067 ἔχει
2756 4998 2950 5065 γνώσει
2995 4997 3371 5066 σεμνύνεσθαι,
3406 4999 3525 5067 ἥτις
3556 4998 3720 5067 μέχρι
3748 4999 3853 5068 τῆς
3892 4999 3983 5052 τοῦ

2422 5091 2671 5161 Ἀϐραὰμ
2706 5090 3051 5157 θεογνωσίας,
3081 5088 3158 5151 ὡς
3182 5087 3361 5156 δῆλον,
3398 5090 3809 5158 παρατείνεται.
3832 5090 3981 5141 ἐπεὶ

2408 5184 2464 5235 δὲ
2496 5183 2592 5251 ιτῷ
2632 5181 2881 5251 Ἀϐραὰμ
2925 5182 2980 5232 αί
3011 5180 3273 5249 συνθῆκαι
3303 5180 3403 5249 τὴν
3431 5180 3766 5250 Δεσποτικὴν
3794 5182 3978 5249 ἐπιδη-

2411 5274 2538 5342 μίαν
2580 5271 2743 5323 οίονεὶ
2788 5268 3132 5339 θεμελιοῦσαί
3160 5285 3221 5319 τε
3253 5268 3344 5321 καὶ
3378 5268 3915 5337 προδιοικονομοῦσαι
3937 5268 3976 5297 "

2407 5363 2683 5431 γεγόνασι,
2715 5363 2808 5413 καὶ
2837 5361 3039 5431 ἤρξατο
3068 5360 3267 5431 μᾶλλον
3290 5360 3351 5411 τὸ
3372 5358 3712 5428 ἀνθρώπινον
3739 5358 3819 5429 τῷ
3841 5360 3974 5428 φωτὶ

2398 5459 2496 5527 τῆς
2525 5456 2780 5525 ἀληθείας
2807 5455 2931 5517 τοὺς
2976 5455 3076 5523 τῆς
3107 5452 3341 5517 διανοίας
3377 5452 3502 5524 [510
3533 5450 3631 5524 IL]
3661 5452 3970 5523 ὀφθαλμοὺς

1425 5594 1471 5625 ⁸⁸
1503 5594 1660 5648 Deut.
1718 5609 1893 5657 xxxu,
1954 5595 2021 5647 42
2081 5611 2194 5650 sec.
2257 5593 2419 5647 LXX.

2005 5689 2233 5743 VARIE
2264 5684 2670 5741 LECTIONES.

804 5778 824 5807 ⁸
850 5779 1105 5857 τῶν-σιω.
1139 5781 1202 5833 Α.
1265 5782 1301 5857 ,⁵
1334 5779 1597 5857 o-hllibri
1630 5784 1747 5857 οὐκ.
1828 5784 1847 5813 ⁶
1872 5787 1931 5835 τὸ
1992 5786 2147 5838 Σαδδ.
2226 5786 2347 5857 Act.
2381 5799 2533 5843 nm,
2568 5782 2623 5835 8.
2671 5782 2718 5857 _'
2765 5780 2795 5831 6
2829 5776 3063 5857 Μωσῆς]
3089 5777 3245 5857 [)eut.
3320 5794 3487 5857 χιξιι,
3517 5776 3611 5832 όΞ.
3682 5776 3873 5849 ἀὑτῷ
3903 5798 3964 5849 ς.

733 5849 835 5905 ’τε
864 5851 1017 5920 ήμῶν
1062 5855 1102 5903 Α
1133 5872 1145 5907 :
1183 5854 1315 5922 πρὸς
1373 5849 1515 5921 ἡμᾶς
1548 5873 1606 5919 ς.

1686 5856 1729 5883 ¹⁰
1758 5858 2114 5923 κοσμογονίας
2171 5874 2231 5923 ς.
2312 5855 2352 5885 ¹¹
2402 5852 2807 5925 παρατυχόντος
2864 5867 2923 5916 ς.

3025 5849 3066 5883 η
3100 5849 3507 5920 διοικονομοῦσα
3547 5864 3610 5916 ς.
