4196 6442
209 438 307 507 761

1288 424 1809 490 BIBLIOTHECA.
1840 446 1913 460 —
1948 418 2115 481 COD.
2144 417 2427 478 CCXXI].

3336 416 3447 481 762

210 549 611 621 ἑναυγάξισθαι
638 547 732 602 καὶ
760 546 820 600 rb
844 542 1142 614 παλίρρουν
1167 541 1268 610 τῆς
1294 540 1517 609 γνώμης
1546 540 1624 602 εἰς
1652 537 1780 589 στά-

1883 531 2158 585 nationem
2184 528 2347 583 veluti
2378 525 2696 590 fundahant,
2717 538 2781 579 ac
2801 524 3264 594 pmordinabant,
3290 525 3446 584 facta:

212 658 379 715 σιμον
410 639 687 701 εὐσεϐιίας
717 638 899 689 πίστιν
923 631 1345 702 διαπήγνυσθαι,
1374 631 1492 681 τότε
1537 626 1626 697 δὴ,
1660 627 1777 679 τότε

207 737 320 790 τῶν
354 733 602 801 ἁγγιλων
646 728 743 783 ἕνα
788 725 1259 795 διοικονομείταιη
1300 726 1365 793 τῇ
1396 721 1654 789 παιδίσκῃ
1684 719 1779 771 τοῦ

222 827 478 895 Ἀϐραὰμ
503 824 683 891 ’Λγαρ
704 820 968 872 διακονεῖν
996 818 1089 869 καὶ
1112 817 1175 868 τὸ
1208 816 1266 867 ἐν
1294 814 1430 883 αὐτῇ
1462 812 1780 882 καταπραΰ-

208 938 319 972 νειν
349 915 749 985 διηπορημένον
776 929 839 964 τε
874 911 968 964 καὶ
998 909 1225 977 ἄθυμον,
1263 907 1421 976 μόνον
1447 906 1567 973 οὐχὶ
1597 903 1780 972 φωνὴν

209 1011 466 1080 ἀφιείσης
508 1007 607 1075 τῆς
648 1002 885 1073 ἱστορίας
928 1001 1004 1063 ὡς
1036 1001 1169 1053 πολὺ
1222 999 1318 1068 μέν
1348 1000 1462 1049 ὲστι
1510 996 1566 1046 τὸ
1621 994 1780 1063 μέσον

209 1100 486 1159 διακονίας
530 1096 621 1148 καὶ
649 1093 1007 1164 δημιουργίας
1035 1092 1126 1144 καὶ
1156 1087 1495 1157 Δημιουργοῦ
1539 1085 1633 1139 καὶ
1676 1085 1780 1137 ὑπ-

209 1190 643 1261 ηρετούντων¹⁵’
693 1190 756 1237 τὸ
805 1186 902 1253 μὲν
948 1182 1056 1253 γὰρ
1108 1182 1423 1251 κυριότητος
1456 1179 1549 1231 καὶ
1586 1178 1780 1229 δεσπο-

209 1282 384 1342 τείας,
415 1280 478 1332 τὸ
505 1280 560 1331 δὲ
586 1278 829 1346 ὑπακοῆς
869 1277 961 1328 καὶ
1002 1273 1263 1333 δουλείας.
1292 1273 1380 1322 Διὸ
1423 1270 1516 1321 καὶ
1548 1267 1778 1330 Παῦλος,

208 1375 261 1424 εἴ
311 1390 399 1434 τις
444 1372 599 1432 ἄλλος
647 1368 957 1437 νομομαθὴς
1001 1366 1097 1427 ὢν,
1150 1364 1357 1432 Οὺχίη
1397 1362 1616 1427 πάντες
1663 1361 1781 1415 εἰσί

208 1463 588 1530 λειτουργικὰ
617 1463 950 1528 Πνεύματα,
972 1458 1349 1523 διακέκραγεν,
1375 1454 1783 1519 εἰς’διακονίαν

206 1555 710 1621 ἀποστελλόμενα
735 1570 752 1616 ;
783 1552 869 1604 διὰ
895 1551 1096 1619 ταύτην
1125 1548 1222 1617 μὲν
1249 1544 1343 1600 οὖν
1362 1547 1460 1616 τὴν
1486 1545 1684 1605 αἰτίαν,
1709 1542 1782 1605 ὡς

207 1646 382 1713 ἔφθην
415 1645 603 1705 εἰπὼν,
638 1643 882 1710 ἀγγέλων
922 1644 1040 1694 κατ’
1068 1642 1240 1712 ἀρχὰς
1274 1642 1305 1709 ἡ
1338 1640 1543 1707 ἱστορία
1573 1639 1782 1705 γένεσιν

205 1739 305 1790 οὐκ
340 1740 667 1806 ἀναγράφει.
704 1735 815 1788 Καὶ
847 1733 1015 1787 ταῦτα
1044 1731 1213 1785 εἰπὼν
1237 1733 1265 1784 ό
1294 1732 1660 1800 συγγραφεὺς,
1686 1732 1783 1783 καὶ

204 1833 290 1883 Et:
302 1848 373 1899 ρα
410 1830 649 1898 συνάψας
667 1827 880 1889 τούτοις
909 1827 1006 1879 οὐκ
1034 1825 1219 1893 ἔμοιγε
1254 1824 1510 1877 δοκοῦντα
1534 1826 1594 1877 τὺ
1615 1829 1779 1894 αναγν

205 1922 366 1971 καῖον
396 1921 532 1986 πρὸς
556 1918 653 1985 τὴν
682 1917 935 1969 ὑπόθεσιν
969 1916 1152 1986 φέρειν
1178 1914 1595 1981 προϐάλλεσθαι,
1614 1915 1704 1968 τὸν
1737 1903 1785 1983 γ’

203 2012 390 2063 citro-its
400 2012 553 2078 ρατοί
584 2008 761 2075 λόγον.

1879 630 2038 683 sunt,
2074 619 2433 686 humanaeque
2470 615 2670 670 mentis
2701 615 2841 670 oculi
2873 614 3120 669 veritatis
3156 615 3274 671 luce
3324 618 3445 671 col-

1879 710 2095 767 lustrari
2144 709 2318 777 magis
2365 721 2605 775 coepere.
2653 717 2711 761 et
2739 706 2905 760 animi
2948 704 3228 762 ﬂuctuatio
3262 709 3443 762 stabili

1879 801 2153 862 religionis
2184 799 2288 853 ﬁde
2319 795 2668 863 conﬁrmari;
2703 805 2831 850 tunc
2857 806 3008 851 certe
3047 797 3273 867 angelus
3306 814 3448 854 unus

1880 893 2239 948 introducitur
2290 890 2500 945 ancilla)
2547 889 2773 943 Abrahza
2825 889 2969 957 Agar
3027 890 3444 956 ministram",

1880 986 1971 1051 qni
2006 983 2148 1036 illam
2169 982 2332 1035 animi
2355 981 2677 1051 pendentem
2701 994 2763 1033 ac
2790 979 3129 1033 deiicientem
3154 982 3445 1036 solaretur.

1880 1077 2225 1129 Tantnmnon
2275 1076 2412 1128 hanc
2442 1088 2627 1128 vocem
2651 1073 2899 1125 mittente
2923 1073 3171 1138 historia,
3192 1089 3446 1143 magnum

1879 1179 2000 1218 esse
2047 1164 2341 1217 discrimen
2378 1166 2521 1216 inter
2570 1158 2930 1215 ministerium
2981 1173 3033 1217 et
3085 1164 3445 1227 creationem,

1883 1258 2128 1323 interque
2159 1255 2471 1308 Creatorem
2524 1263 2578 1306 et
2621 1268 2707 1306 res
2733 1262 2965 1306 creatas.
3001 1253 3131 1306 Illud
3166 1255 3309 1307 enim
3354 1256 3451 1307 do-

1883 1347 2196 1400 minationis
2222 1356 2303 1400 est
2345 1355 2506 1413 atque
2534 1344 2743 1413 imperii
2770 1360 2785 1407 ;
2820 1345 2920 1397 boc
2967 1359 3098 1398 vero
3130 1344 3451 1399 obedientia:

1882 1454 1945 1493 ac
1977 1438 2279 1493 servitutis.
2302 1437 2661 1505 Quamobrem
2691 1444 2747 1489 et
2775 1435 2971 1490 Paulus
3000 1447 3197 1505 praeter
3227 1448 3451 1491 caeteros

1883 1530 2015 1598 legis
2054 1531 2189 1584 bene
2231 1531 2474 1596 peritus:
2514 1528 2698 1582 Nonne
2747 1543 2921 1581 omnes
2950 1541 3069 1580 sunt
3108 1530 3453 1582 administra-

1884 1625 2002 1676 torii
2034 1622 2286 1689 Spiritus,
2331 1625 2386 1675 in
2418 1623 2763 1673 ministerium
2803 1622 2947 1673 missi
2975 1622 3067 1672 "?
3103 1621 3447 1675 exclamavit.

1884 1714 1993 1767 Hac
2036 1715 2199 1781 igitur
2232 1715 2297 1766 de
2328 1727 2511 1773 causa,
2546 1720 2603 1762 ut
2636 1712 2893 1768 diximus.
2945 1712 3258 1777 angelorum
3297 1728 3452 1765 crea-

1888 1806 2084 1859 tionem
2124 1805 2276 1858 initio
2312 1804 2539 1857 historia
2582 1817 2685 1854 non
2726 1803 2919 1870 attigit.
2952 1802 3081 1866 Quae
3115 1802 3330 1869 quidem
3361 1804 3451 1855 ubi

1887 1895 2070 1947 retulit
2099 1905 2306 1956 auctor,
2348 1893 2561 1958 aliaque
2590 1891 2857 1956 adiunxit,
2893 1905 3013 1958 quae
3046 1891 3197 1956 (mihi
3237 1890 3452 1956 saltem)

1887 1999 2224 2053 nequaquam
2252 1999 2313 2037 ea
2336 1985 2585 2036 videntur
2607 1982 2671 2035 ad
2731 1997 2843 2034 rem
2878 1982 3211 2049 propositam
3262 1981 3456 2036 aﬂerre

1882 2090 2000 2144 quin
2037 2079 2337 2131 necessaria
2372 2086 2550 2138 erant,
2576 2076 2790 2127 tertium
2821 2075 3033 2127 tandem
3068 2074 3264 2127 librum
3296 2074 3441 2129 ﬁnit.

1248 2179 1358 2233 Lib.
1390 2195 1440 2233 Iv
1463 2194 1578 2236 etv.
1610 2182 1719 2240 Cur
1758 2184 1931 2240 Filius
1973 2188 2070 2243 Dei
2108 2191 2257 2241 homo
2299 2192 2489 2258 factus.

278 2301 403 2373 [601
439 2298 534 2372 R.]
577 2300 634 2353 '0
662 2299 717 2352 δὲ
746 2298 788 2351 δ’
817 2297 963 2367 αὐτῷ
992 2299 1084 2351 καί
1118 2304 1157 2349 ε’
1181 2296 1272 2349 τοῦ
1302 2298 1505 2367 βιϐλίου
1526 2300 1568 2329 ¹⁶
1594 2300 1770 2367 λόγος,

204 2398 263 2446 ἐν
311 2395 435 2446 δυσὶ
481 2390 793 2461 κεφαλαίοις
845 2390 1343 2460 περιγραφόμενος,
1397 2390 1543 2443 οὐδὲν
1591 2392 1774 2460 ἕτερον

204 2486 563 2553 διαλαμϐάνει
591 2486 621 2553 ἢ
655 2486 735 2537 ὅτι
761 2486 867 2535 τῶν
894 2481 1355 2551 πρεπωδεστάτων
1374 2478 1441 2552 ἦν
1468 2483 1565 2552 τὴν
1599 2485 1775 2554 ἀπαρ-

206 2580 477 2632 άλλακτον
508 2578 600 2630 καὶ
641 2575 876 2645 φυσικὴν
900 2574 1081 2626 εἰκόνα
1124 2574 1215 2625 τοῦ
1248 2574 1454 2644 [ἰατρὸς
1487 2578 1629 2645 ἡμᾶς
1653 2581 1775 2641 τοὺς

206 2672 330 2721 κατ’
356 2669 541 2721 εἰκόνα
577 2668 675 2735 μὲν
703 2666 1012 2733 γεγονότας,
1043 2668 1135 2718 τὸν
1162 2668 1215 2719 δὲ
1246 2671 1567 2739 χαρακτῆρα
1596 2672 1780 2741 κιϐδη-

205 2761 528 2819 λεύσαντας,
557 2758 759 2825 ταύτην
793 2758 937 2826 ἡμᾶς
963 2756 1312 2827 ἀποκαθᾶραί
1341 2778 1397 2812 τε
1427 2761 1534 2812 τῶν
1556 2763 1781 2830 κηλιδω-

208 2850 401 2920 μάτων
428 2849 521 2899 καὶ
545 2848 622 2907 εἰς
654 2845 715 2897 τὸ
747 2845 971 2913 ἀρχαῖον
1012 2845 1206 2906 κάλλος
1239 2846 1735 2915 ἁναμορφώσασθαι
1765 2866 1777 2878 ·

206 2941 303 2991 καὶ
353 2940 427 2999 ὡς
477 2937 580 2988 ἔδει
633 2937 730 3003 τὴν
773 2935 947 3004 ἁληθῆ
983 2936 1077 2988 καὶ
1106 2937 1467 2989 ὲνυπόστατον
1512 2939 1604 2991 τοῦ
1649 2940 1781 2992 Θεοῦ

206 3031 407 3098 σοφίαν
431 3030 554 3090 τοὺς
578 3030 657 3087 εἰς
680 3026 901 3091 ἀλογίαν
932 3025 1388 3096 παρατραπέντας
1416 3029 1509 3080 καὶ
1535 3031 1669 3099 πρὸς
1692 3031 1781 3082 τὸν

205 3138 349 3189 κτην
376 3121 463 3185 ’δη
502 3119 610 3187 βίον
646 3116 1046 3177 ἀπονεύσαντας
1076 3117 1380 3181 ἀπαλλάξαι
1422 3136 1481 3170 τε
1527 3120 1625 3190 τῆς
1658 3122 1781 3173 ἀλο-

204 3213 335 3276 γίας
371 3212 464 3261 καὶ
494 3211 628 3278 πρὸς
655 3209 714 3259 τὸ
740 3207 923 3274 νοερὸν
947 3209 1309 3273 ἐπαναγαγεῖν
1334 3208 1571 3277 ἀξίωμα,

1950 2304 2184 2369 Quartus
2228 2320 2356 2357 vero
2402 2312 2455 2356 et
2488 2314 2707 2371 qmntns
2757 2303 2893 2355 liber
2928 2300 3138 2355 duobus
3184 2300 3455 2367 capitibus

1881 2396 2200 2457 absolvitur,
2229 2410 2399 2464 neque
2426 2397 2569 2448 aliud
2593 2394 2717 2463 quid
2750 2394 2986 2462 attingit,
3009 2408 3169 2461 quam
3195 2390 3340 2464 [cap.
3360 2392 3456 2464 ΞΟ]

1881 2489 2318 2543 decentissimum
2373 2487 2575 2551 fuisse,
2631 2499 2688 2539 nt
2748 2486 3096 2539 immutabilis
3161 2486 3456 2555 nativaqne

1882 2579 2057 2633 Patris
2090 2582 2261 2649 imago
2289 2596 2385 2633 nos
2432 2582 2495 2631 ad
2522 2580 2764 2631 eamdem
2796 2579 3045 2631 conditos
3072 2578 3190 2643 (sed
3217 2578 3308 2646 qui
3340 2576 3454 2630 for-

1884 2687 2026 2725 mam
2055 2673 2197 2725 illam
2240 2672 2351 2740 jam
2394 2669 2834 2739 corruperamus)
2870 2684 2897 2720 a
2933 2668 3186 2721 sordibus
3223 2670 3455 2720 munda-

1886 2772 1986 2824 ret,
2019 2771 2071 2813 et
2104 2762 2330 2828 pristino
2362 2761 2542 2813 decori
2590 2762 2934 2813 resritueret:
2973 2756 3116 2829 [cap.
3148 2756 3241 2829 2|]
3284 2767 3457 2823 utque

1885 2856 2183 2925 oportuerit
2214 2869 2395 2908 veram
2441 2864 2496 2905 et
2541 2851 2934 2921 bypostaticam
2983 2848 3307 2917 sapientiam
3364 2848 3456 2903 Dei

1886 2958 2179 2999 conversos
2214 2944 2267 2997 in
2299 2943 2683 3011 insipientiam,
2718 2951 2773 2994 et
2799 2941 3064 3007 jumentis
3100 2939 3306 2993 similes
3330 2939 3456 2993 red-

1886 3038 2026 3090 ditos
2061 3052 2088 3089 a
2138 3036 2366 3089 stultitia
2419 3035 2673 3099 liberare,
2716 3042 2771 3088 et
2803 3033 2868 3087 ad
2918 3030 3258 3087 rationabilis
3297 3046 3456 3085 crea-

1886 3135 2021 3182 turae
2050 3129 2368 3195 dignitatem
2400 3128 2679 3181 reducere.

1214 3319 1326 3373 Lib.
1369 3337 1435 3373 νι.
1470 3321 1576 3373 Cur
1605 3323 1843 3389 Creator,
1876 3337 1925 3379 et
1959 3328 2132 3381 Iudex
2164 3328 2259 3380 Dei
2288 3327 2482 3380 Filius.

293 3435 355 3486 Ὀ
387 3434 443 3486 δὲ
477 3440 529 3497 ς’
549 3433 697 3501 αὐτῷ
728 3434 884 3502 λόγος
910 3436 1204 3504 κεφάλαιον
1232 3434 1592 3504 προϐάλλεται
1626 3438 1777 3507 πρῶ-

1963 3441 2160 3496 Sextus
2207 3443 2344 3495 liber
2397 3442 2627 3506 primum
2654 3439 2784 3491 illud
2823 3435 2937 3509 [22]
2968 3448 3134 3505 caput
3170 3439 3459 3508 proponit:

204 3543 324 3591 τον,
383 3526 487 3578 Διὰ
527 3527 585 3578 τί
623 3526 981 3595 δημιουργὸς
1024 3530 1057 3579 ό
1099 3526 1233 3589 Υἱὸς
1273 3528 1510 3592 λέγεται
1564 3527 1673 3595 τῆς
1716 3546 1779 3582 τε

206 3621 454 3683 πρώτης
478 3615 643 3682 ἡμῶν
664 3616 1058 3679 ὑποστάσεως
1078 3617 1171 3668 καὶ
1198 3614 1308 3683 τῆς
1346 3616 1443 3669 ἑ.τί
1472 3618 1629 3669 τέλει
1662 3618 1779 3669 τῶν

204 3708 445 3757 αἰώνων
484 3706 904 3770 ἀναπλάσεως,
951 3701 1079 3757 εἶτα
1124 3704 1219 3756 καὶ
1250 3705 1459 3771 κριτὴς
1497 3705 1780 3759 ἁπάντων

205 3801 280 3849 ἐν
317 3796 400 3861 τῷ
435 3796 617 3864 καιρῷ
650 3796 760 3863 τῆς
785 3795 995 3863 κοινῆς
1030 3798 1069 3827 ⁸⁷
1102 3796 1514 3862 ἀναστάσεως.
1558 3799 1779 3866 Ἐχομέ-

206 3910 319 3942 νων
358 3890 467 3957 γὰρ
509 3889 618 3940 τῶν
656 3890 821 3957 τριῶν
863 3888 1064 3941 τούτων
1106 3888 1488 3940 καταστάσεων
1534 3889 1780 3958 ἀλλήλοις

205 3982 309 4033 καὶ
337 3980 477 4051 πρὸς
515 3980 606 4032 τὸν
636 3980 798 4031 αὑτὸν
822 3980 1087 4045 δεσπότην
1120 3980 1210 4030 καὶ
1240 3978 1488 4048 τεχνίτην
1513 3981 1780 4049 ἀναφερο-

210 4070 417 4138 μένων,
448 4070 545 4121 καὶ
576 4072 607 4136 ἡ
630 4071 756 4137 περὶ
788 4070 966 4122 αὐτῶν
1000 4070 1039 4103 ⁸⁸
1082 4067 1489 4138 ἁλληλουχείται
1530 4072 1625 4122 καὶ
1659 4088 1775 4122 συν-

209 4159 507 4227 υφαίνετιιι
532 4159 755 4228 ζήτησίς
782 4178 840 4211 τε
867 4161 959 4211 καὶ
986 4160 1420 4221 ὲπίλυσις.Ἐπεὶ
1447 4161 1551 4231 γὰρ
1578 4164 1779 4227 ἔκτισε,

210 4252 438 4312 δικαίως
478 4253 572 4303 καὶ
589 4251 937 4314 διαλυθέντας
966 4252 1245 4315 ἀνακτίζει
1265 4268 1279 4282 ·
1316 4252 1410 4305 καὶ
1438 4253 1562 4305 ἐπεὶ
1598 4252 1776 4325 τοῦτο,

210 4342 526 4403 ἀκολούθως
564 4343 640 4411 τῷ
666 4344 848 4412 οἰκείῳ
883 4343 1161 4409 πλάσματι
1192 4344 1284 4395 καὶ
1317 4346 1596 4411 νομοθετεῖ
1626 4360 1639 4373 ⁸
1694 4362 1783 4395 νο-

212 4434 459 4501 μοθετῶν
482 4434 523 4463 ¹⁹
556 4433 612 4484 δὲ
647 4433 804 4501 δῆλον
836 4436 917 4486 ὅτι
948 4438 1041 4487 ιιιαί⁵
1068 4436 1168 4503 τὴν
1198 4434 1376 4504 κρίσιν
1400 4437 1512 4497 τοῖς
1536 4452 1597 4487 τε
1632 4451 1784 4504 νομο-

210 4524 525 4590 φυλακοῖωι
592 4527 684 4577 καί
739 4530 851 4588 τοῖς
906 4526 967 4578 τὸ
1014 4528 1346 4595 Ξπαράνομον
1400 4527 1785 4596 προελομένοις

210 4616 373 4678 αὐτὸς
409 4615 708 4666 ἀδέκαστον
754 4616 815 4667 τὸ
846 4617 1136 4685 προνόμιον
1170 4616 1282 4684 ἔχει
1308 4616 1604 4685 διανέμειν.
1640 4619 1778 4687 Προ-

207 4704 527 4773 ηγουμένης
560 4700 653 4757 οὖν
688 4705 787 4773 τῆς
817 4705 1120 4776 ζητήσεως,
1155 4708 1258 4759 Διὰ
1286 4708 1343 4759 τί
1357 4706 1651 4775 μηδεμιᾶς
1680 4709 1779 4763 οὐ·

1882 3534 2059 3599 Quare
2086 3535 2177 3587 Dci
2209 3534 2379 3586 Filius
2410 3534 2583 3601 opifex
2638 3536 2865 3595 dicatur,
2894 3549 3009 3585 cum
3054 3533 3241 3598 prima
3268 3544 3463 3588 nostra

1879 3627 2214 3685 exsistentiw,
2273 3635 2382 3676 tum
2416 3624 2806 3690 reformationis
2857 3624 2908 3674 in
2956 3623 3063 3689 ﬁne
3112 3624 3450 3688 seculorum,

1881 3728 1990 3769 tum
2019 3716 2176 3768 etiam
2194 3713 2369 3768 ludes:
2402 3715 2655 3778 omnium,
2689 3729 2832 3767 nova:
2857 3715 3262 3768 resurrectionis
3317 3724 3454 3766 tem-

1878 3808 2050 3871 pore?
2081 3804 2175 3858 llis
2196 3805 2337 3858 enim
2367 3806 2539 3856 tribus
2570 3804 2714 3857 inter
2742 3818 2800 3857 se
2821 3805 3107 3867 connexis,
3135 3814 3189 3857 et
3210 3803 3277 3856 ad
3308 3818 3460 3855 eum-

1879 3898 2001 3948 dem
2043 3896 2318 3947 duminnm
2370 3895 2741 3962 artiﬁcemque
2793 3894 2984 3963 189a
3042 3894 3249 3958 relatis,
3331 3896 3459 3962 ipsa:

1884 4000 2102 4053 quoque
2133 3985 2363 4052 quaestio
2397 3994 2451 4038 et
2481 3983 2679 4038 solutio
2722 4000 3022 4039 connexam
3070 3998 3231 4052 atque
3274 3988 3457 4040 colite—

1883 4087 2087 4130 reutem
2131 4078 2394 4131 rationem
2440 4078 2660 4130 habent.
2695 4075 2987 4146 Postquam
3041 4079 3185 4131 enim
3229 4080 3460 4141 creavit,

1883 4162 2079 4215 merito
2131 4165 2365 4230 perditos
2414 4172 2649 4232 reparat.
2683 4163 2833 4228 Quod
2873 4180 2993 4219 cum
3042 4166 3115 4217 ita
3151 4166 3460 4227 sit,conse-

1884 4265 2114 4319 quenter
2148 4255 2307 4306 etiam
2347 4270 2457 4309 suae
2503 4267 2765 4309 creatura:
2800 4258 2970 4323 legem
3018 4255 3142 4310 fert.
3198 4256 3353 4313 Unde
3406 4268 3461 4312 et

1886 4344 2010 4395 illud
2045 4346 2261 4411 planum
2288 4344 2536 4407 ellicitur,
2571 4348 2740 4414 ipsius
2775 4362 2897 4401 esse
2925 4349 3250 4400 sententiam
3278 4350 3460 4402 incor-

1885 4443 2091 4502 ruptam
2128 4434 2288 4497 ferre,
2328 4444 2433 4487 tam
2464 4438 2515 4487 in
2553 4435 2720 4503 legem
2746 4446 3045 4500 servantes,
3067 4450 3228 4503 quam
3255 4436 3307 4489 in
3338 4450 3457 4489 eam

1884 4538 2075 4594 sponte
2108 4528 2390 4583 violantes.
2427 4526 2711 4580 Praemissa
2747 4526 2909 4593 igitur
2956 4528 3259 4595 quaestione
3290 4543 3305 4580 :
3341 4525 3451 4580 Cur

1884 4633 1999 4671 cum
2031 4617 2177 4670 nulla
2206 4618 2275 4670 sit
2305 4618 2362 4669 in
2388 4615 2650 4671 Trinitate
2693 4618 2887 4686 gradus
2929 4618 3219 4683 superioris
3253 4627 3345 4669 aut
3376 4617 3458 4669 in-

1890 4710 2097 4775 ferioris
2126 4709 2445 4776 differentia,
2479 4707 2647 4760 Filius
2674 4718 2847 4759 tamen
2886 4708 3061 4775 potius
3092 4706 3269 4774 opifex
3301 4715 3459 4776 atque

209 4812 330 4863 σης
371 4796 443 4849 ἐν
475 4794 548 4863 τῇ
578 4796 766 4862 ῖριάδι
799 4797 1108 4865 διαφορᾶς,
1137 4798 1266 4851 καθ’
1305 4800 1615 4867 ὑπεροχὴν
1628 4801 1780 4869 λέγω

1892 4800 2149 4868 formator
2179 4801 2534 4869 pradicamr;
2570 4798 2912 4851 manifestum
2939 4806 3043 4861 est,
3068 4797 3171 4851 hac
3212 4810 3314 4849 una
3360 4811 3453 4850 so-

206 4887 305 4938 καί
335 4886 640 4951 ἔλλειψιν,
687 4889 720 4939 ὀ
762 4887 893 4951 Υἱός
921 4886 1161 4955 μᾶλλον
1198 4887 1555 4955 δημιοιφτός
1592 4906 1656 4942 τε
1683 4893 1779 4945 καὶ

202 4976 499 5042 πλάστης
521 4978 1010 5045 ἁνακηρύττετοι,
1036 4979 1127 5030 καὶ
1155 4978 1357 5042 ταύτης
1379 4980 1476 5047 τὴν
1498 4980 1647 5032 λύσιν
1680 4982 1779 5049 ήδη

202 5068 623 5139 λαμϐανούσης,
658 5070 891 5138 φανερὸν
918 5071 993 5133 ὡς
1017 5072 1112 5123 καὶ
1142 5070 1210 5123 τὰ
1238 5073 1434 5139 ἐφεξῆς
1475 5072 1585 5123 τῶν
1615 5075 1780 5142 ζητηο

206 5161 404 5229 μάτων
440 5161 836 5216 συνδιαλύεται.
866 5163 1033 5230 Φησὶν
1067 5160 1160 5214 οὖν
1186 5162 1261 5224 ὼς
1298 5164 1478 5225 καλῶς
1506 5165 1600 5216 καὶ
1627 5165 1778 5216 εὐλό-

202 5269 319 5317 γως
356 5255 391 5320 ἡ
415 5252 742 5321 δημιουργία
765 5252 861 5304 τοῦ
892 5254 1087 5315 παντὸς
1107 5254 1226 5305 κατ’
1254 5254 1532 5324 ἐξαίρετον
1554 5256 1631 5324 τῷ
1663 5256 1775 5324 Υἰῷ

201 5345 565 5410 ἀναφέρεται.
592 5346 698 5397 Καὶ
725 5344 832 5412 γὰρ
866 5343 957 5395 τοῦ
990 5344 1163 5411 Λόγου
1200 5346 1337 5413 μετὰ
1366 5347 1561 5414 σαρκὸς
1578 5348 1775 5417 ὲπιδηυ

206 5437 491 5507 μήσαντος
520 5437 575 5488 αί
607 5437 826 5504 μείζους
859 5437 953 5489 καὶ
990 5436 1205 5498 πλείους
1241 5437 1371 5507 περὶ
1398 5438 1495 5506 τὴν
1524 5438 1776 5509 δημιουρο

309 5572 351 5603 ⁸¹
390 5569 527 5625 Gen.
576 5584 687 5629 ιιι,
751 5568 836 5621 l7.
908 5568 953 5600 ⁸¹
990 5566 1149 5621 Ilenr.
1188 5583 1227 5633 l,
1263 5568 1349 5621 14.

1885 4892 2013 4956 luta,
2065 4892 2302 4959 reliquas
2337 4904 2550 4960 quoque
2598 4905 2667 4942 ex
2714 4903 2775 4942 ea
2830 4888 3087 4953 deinceps
3131 4895 3278 4941 ortas
3306 4902 3459 4956 quato

1884 4984 2087 5035 stiones
2139 4982 2379 5036 dissolvi.
2436 4983 2613 5045 Quare
2657 4980 2894 5043 allirmat
2942 4991 3091 5033 recte
3144 4994 3208 5033 ac
3259 4983 3457 5033 merito

1886 5074 2120 5128 universi
2173 5076 2503 5127 creationem
2558 5072 2623 5124 ad
2678 5070 2873 5125 Filium
2925 5087 3021 5140 per
3072 5070 3451 5124 excellentiam

1885 5163 2095 5217 referri.
2139 5162 2273 5217 Cum
2341 5166 2537 5215 etenim
2570 5159 2808 5214 Verbum
2846 5160 2897 5211 in
2930 5174 3093 5212 carne
3125 5161 3189 5210 ad
3230 5172 3327 5210 nos
3361 5172 3453 5208 ve-

1884 5255 2075 5315 nisset,
2104 5253 2285 5321 plures
2306 5269 2370 5308 ac
2403 5253 2635 5318 majores
2670 5253 2905 5305 ltxreses
2930 5250 2997 5303 de
3023 5249 3302 5302 creatione
3326 5261 3448 5314 pro-

1882 5354 2181 5399 cesserunt.
2214 5344 2270 5398 In
2305 5345 2387 5399 bis
2414 5344 2577 5413 aliqui
2617 5358 2799 5396 verum
2828 5350 2991 5409 atque
3034 5341 3255 5392 unicum
3279 5336 3445 5390 Crea-

1884 5447 2054 5491 torem
2091 5438 2423 5507 ignorantes.
2463 5438 2515 5490 in
2543 5435 2723 5490 varias
2765 5447 2956 5488 causas
2995 5432 3178 5486 tnundi
3207 5430 3449 5485 creatioo

1506 5655 1738 5711 νΑῐὶιᾹΞ
1770 5656 2058 5712 LECTION
2066 5658 2167 5712 ES.

348 5750 435 5799 ινα
457 5748 521 5821 δῇ
538 5750 897 5821 οἰκονομεῖται
928 5752 990 5804 Α.
1071 5752 1115 5783 ¹⁵
1140 5750 1551 5819 ὑπηρετούντων
1582 5752 1627 5805 Α
1659 5749 2169 5821 εδημιουργούντων
2197 5770 2255 5818 ς.
2335 5752 2378 5784 ³⁸
2394 5748 2535 5821 οὐχὶ]
2569 5750 2731 5807 Hebr.
2764 5765 2803 5815 l,
2833 5749 2917 5806 υ.
2961 5748 3005 5780 ¹⁶
3031 5744 3260 5821 βιϐλίου]
3290 5747 3432 5802 libri.

274 5817 321 5850 ³⁷
352 5818 546 5890 καινῆς
575 5835 638 5887 ς.

716 5820 755 5851 ⁸³
806 5820 967 5874 αὐτὸν
1028 5838 1097 5888 gs
1171 5821 1211 5853 ⁸⁸
1238 5818 1541 5892 νομοθετῶν
1581 5827 1665 5873 it:
1707 5818 1983 5890 νομοθετεῖ
2036 5838 2096 5884 ς.
