4196 6442
776 357 882 420 763

1922 373 2184 434 PIIOTII
2224 372 2723 433 PATRIARCII/E
2757 376 2865 436 ΟΡ.

3908 384 4011 445 πει

776 481 895 518 nem
938 465 1256 523 retulerunt.
1288 468 1444 526 Unde
1476 487 1579 526 non
1628 474 1681 527 in
1728 475 2126 534 multitudinem
2161 480 2333 534 solum

2441 480 2563 547 γίαν
2592 482 2833 550 αἱρέσεις
2875 482 3220 555 προσέκοψαν
3244 486 3315 550 ⁸⁸,
3351 486 3444 538 καὶ
3467 487 3649 558 οἰμὲν
3674 490 3767 543 τδν
3794 492 3889 544 ἕνα
3920 498 4013 549 καὶ

773 559 994 611 deorum
1032 558 1249 627 quidam
1279 575 1400 615 sese
1423 562 1742 629 elfuderunt,
1770 568 1865 621 sed
1889 579 1944 623 et
1968 570 2108 623 bono
2139 572 2337 622 malum

774 656 1128 713 opponentes,
1180 651 1415 704 universi
1465 655 1905 719 gubernationem
1958 660 2338 714 indivisibilem

775 737 829 788 in
893 742 1192 793 contrarias
1244 743 1609 808 providentias
1659 748 2049 804 distraxerunt.
2109 750 2338 817 Quidam

776 838 989 880 rursiim
1020 827 1310 884 individua!
1343 843 1396 886 et
1438 848 1531 902 per
1565 839 1744 891 omnia
1777 842 2001 910 :equalis
2032 841 2339 897 Divinitatis

774 922 1039 978 divisores
1087 940 1305 982 amaros
1351 939 1512 997 atque
1546 931 1771 997 injustas
1817 950 1877 988 se
1921 936 2336 999 constituentes,

774 1020 881 1064 tota
942 1013 1030 1066 Dei
1069 1016 1350 1082 majestate
1392 1016 1533 1071 Patri
1569 1022 1852 1086 attributa,
1884 1022 2080 1076 Filium
2114 1038 2177 1077 ac
2214 1023 2333 1091 Spi-

772 1104 935 1155 ritum
969 1116 1213 1159 sanctum
1252 1108 1319 1159 ab
1366 1107 1602 1174 ejusdem
1659 1123 1860 1167 natura:
1915 1113 2337 1181 participatione

772 1193 1085 1260 repulerunt
1116 1212 1128 1247 :
1162 1199 1264 1251 boc
1304 1214 1402 1266 pro
1455 1215 1551 1252 sua
1587 1202 1858 1257 dementia
1894 1213 2150 1272 praetextu
2184 1220 2337 1259 arre-

772 1294 883 1353 pto,
910 1287 1051 1354 quod
1078 1297 1131 1341 et
1157 1288 1320 1342 Deum
1358 1307 1521 1343 unum
1549 1292 1731 1361 (quem
1762 1296 1923 1347 etiam
1960 1295 2171 1350 Patrem
2205 1313 2339 1365 pra:-

772 1377 916 1428 dicat
944 1388 1099 1431 vetus
1136 1378 1269 1448 Lex)
1304 1382 1663 1443 celebrarent.
1692 1376 1747 1439 et
1796 1400 1989 1439 noxam
2022 1387 2340 1442 adducentis

769 1468 1005 1521 audacia:
1022 1480 1186 1535 esset,
1205 1470 1397 1524 Filium
1412 1474 1493 1527 vel
1520 1476 1776 1543 Spiritum
1803 1477 1965 1531 Deum
1984 1478 2335 1533 confiteri.Ex

772 1559 856 1612 bis
885 1574 1015 1613 vero
1045 1562 1243 1615 fuerint
1272 1574 1380 1616 tum
1414 1567 1504 1632 qui
1526 1569 1839 1637 ignorantia
1870 1568 1987 1623 Filii
2021 1580 2073 1623 et
2106 1570 2339 1640 Spiritus

768 1649 1107 1717 laborarunt;
1128 1664 1389 1721 quotquot
1407 1656 1657 1710 nimirum
1686 1657 1989 1713 Judmorum
2016 1672 2182 1730 atque
2206 1678 2340 1729 geu-

769 1740 945 1793 tilium
979 1743 1229 1798 labefecit
1253 1760 1443 1809 error;
1468 1756 1577 1801 tum
1604 1750 1691 1816 qui
1719 1750 1940 1803 scientia
1974 1752 2216 1819 quidem,
2244 1752 2336 1805 sed

769 1831 947 1886 fallaci
981 1836 1185 1901 praediti
1220 1837 1301 1907 (ut
1343 1839 1505 1892 Arius
1542 1814 1705 1909 atque
1738 1814 2127 1913 liacedoniani)
2158 1844 2334 1912 ipsum
2373 1814 2414 1867 Β

766 1921 1073 1978 Creatorem
1097 1926 1258 1993 impie
1276 1929 1435 1981 rebus
1456 1932 1656 1983 creatis
1676 1934 2341 1999 annunreraverunt.l\'ide

768 2018 950 2086 igitur,
999 2019 1217 2087 quando
1248 2020 1335 2073 hic
1361 2036 1517 2074 error
1544 2022 1697 2090 longe
1721 2022 1855 2076 adeo
1884 2022 2096 2092 lateque
2133 2024 2340 2078 invale-

768 2124 923 2162 scere
972 2110 1180 2177 potuit;
1214 2112 1258 2164 si
1291 2112 1455 2164 etiam
1481 2113 1776 2167 creatiouis
1812 2116 2048 2167 universi
2107 2117 2340 2185 dignitas

767 2196 987 2250 definite
1004 2197 1147 2249 Patri
1168 2199 1594 2256 esset.attributa
1615 2241 1629 2263 ,
1654 2210 2021 2268 prmtereaque
2041 2204 2342 2270 redemptio

766 2300 928 2354 atque
954 2287 1241 2354 judicium,
1284 2291 1407 2355 quis
1440 2305 1545 2341 non
1574 2291 1751 2355 impiis
1788 2292 2069 2344 dementia:
2096 2292 2246 2345 color
2272 2308 2333 2347 ac

769 2389 1064 2445 praetextas
1115 2381 1544 2446 contingeretur,
1581 2397 1690 2447 quo
1734 2380 1928 2434 Filium
1977 2396 2040 2434 ac
2081 2383 2339 2450 Spiritum

769 2481 1039 2532 sanctum,
1062 2470 1145 2524 vel
1177 2470 1325 2523 nullo
1345 2470 1504 2523 modo
1521 2471 1825 2525 subsistere
1849 2473 1933 2525 vel
1954 2474 2338 2527 subsistentem

771 2562 822 2613 in
852 2571 1223 2615 creaturarum
1256 2561 1503 2615 ordinem
1567 2563 1811 2631 redigere
1872 2564 2172 2617 auderent?
2217 2563 2346 2618 Pro-

765 2662 954 2720 pterea
985 2653 1151 2719 igitur
1180 2652 1342 2706 Pater
1383 2652 1517 2705 Filio
1534 2653 1675 2722 justa
1704 2656 1770 2707 de
1814 2668 1977 2706 causa
2021 2654 2183 2717 cedit,
2219 2669 2339 2708 cum

768 2743 1062 2796 i-reationis
1110 2743 1373 2810 dignitate
1422 2746 1487 2797 ab
1537 2744 1713 2807 initio,
1758 2753 1869 2796 tum
1914 2744 2335 2812 reformationis,

766 2843 879 2886 tmn
928 2836 1089 2887 etiam
1132 2835 1345 2902 judicii.
1390 2835 1580 2903 189b
1645 2835 2028 2891 Verumtamen
2060 2854 2165 2891 non
2209 2838 2255 2892 si
2288 2840 2339 2892 in

764 2940 950 2977 eorum
982 2925 1186 2993 aliquo,
1225 2940 1343 2993 qua:
1376 2928 1533 2978 modo
1564 2926 1821 2989 diximus,
1868 2926 2005 2979 Filio
2046 2929 2209 2981 cessit
2237 2927 2341 2981 Pa-

768 3026 870 3077 ter,
902 3030 1025 3068 mox
1054 3015 1219 3068 etiam
1256 3016 1309 3067 in
1337 3014 1589 3069 omnibus
1624 3021 1811 3068 cessit.
1843 3014 2027 3084 Neque
2062 3018 2206 3071 enim
2238 3018 2339 3073 boc

2444 574 2521 636 ὡς
2553 575 2769 644 ἀληθῶς
2811 578 3153 647 Δημιουργον
3199 580 3562 650 ἀγνοήσαντες
3614 581 3744 654 [312
3796 587 3891 660 τι]
3935 593 4015 655 εἰς

2444 667 2643 727 πολλὰς
2680 670 2857 731 αἰτίας
2884 670 2983 738 τὴν
3030 670 3141 723 τῶν
3195 669 3366 725 ὄντων
3422 672 3632 743 ἀνῆψαν
3688 677 4011 748 ὑπόστασιν,

2444 754 2573 808 ἔνιοι
2603 756 2645 808 δ’
2676 756 2769 809 οὖν
2789 759 2889 810 οὐκ
2932 760 3010 819 εἰς
3045 760 3250 829 πλῆθος
3280 762 3439 831 μόνον
3470 764 3606 819 θεῶν
3652 767 4011 839 ἐξεχύθησαν,

2440 845 2576 899 ἀλλά
2608 849 2699 899 καὶ
2727 847 2804 917 τῷ
2837 849 3025 918 ἀγαθῷ
3063 851 3299 922 πονηρὸν
3323 853 3751 922 ἀντανιστῶντες
3781 860 3878 930 τήν
3902 865 4013 916 τῶν

2439 937 2575 991 ὅλων
2595 939 2887 1007 ἀμέριστον
2906 942 3227 995 ἐπιστασίαν
3242 945 3323 1008 εἰς
3342 946 3726 1017 ἀντικειμένας
3752 955 4015 1022 προνοίας

2439 1026 2731 1096 διέσχισαν.
2760 1030 2913 1092 τινὲς
2944 1031 3000 1084 δὲ
3030 1032 3124 1084 καὶ
3152 1035 3250 1102 τῆς
3286 1036 3528 1106 ἀμεροῦς
3557 1040 3650 1091 καὶ
3675 1040 3764 1092 διά
3792 1043 4015 1097 πάντων

2440 1117 2503 1169 τὸ
2558 1120 2670 1170 ίσον
2717 1120 2947 1189 ἐχούσης
3010 1122 3265 1192 θεότητος
3318 1128 3578 1197 μεριστὰς
3629 1134 3863 1201 πικροὺς
3915 1138 4015 1189 καὶ

2442 1208 2661 1272 ἀδίκους
2707 1213 2845 1277 σφᾶς
2898 1213 3093 1276 αὑτοὺς
3141 1217 3590 1285 προκαθίσαντες,
3641 1222 3761 1275 ὅλον
3795 1224 3857 1277 τὸ
3888 1225 4015 1278 θεο-

2442 1299 2647 1365 πρεπὲς
2686 1300 2761 1368 τῷ
2794 1301 2965 1371 Πατρὶ
2995 1304 3464 1371 περικλείσαντες,
3505 1310 3598 1361 τὸν
3651 1310 3785 1363 Υἰδν
3820 1314 3919 1366 καὶ
3950 1316 4014 1367 τὸ

2441 1388 2663 1458 Πνεῦμα
2704 1391 2805 1458 τῆς
2850 1394 3126 1461 συμφυΐας
3179 1395 3489 1462 ἀπώσαντο,
3536 1402 3866 1470 προφάσεως
3913 1405 4014 1475 (ὡς

2442 1480 2688 1550 ἐνόμιζεν
2718 1481 2894 1534 αὐτῶν
2921 1483 2983 1535 τὸ
3006 1484 3286 1555 ἀσύνετον)
3314 1488 3799 1559 περιδρασσόμενοι
3836 1495 3918 1547 ὅτι
3948 1495 4013 1565 δή

2442 1588 2544 1623 που
2575 1573 2705 1624 Θεὸν
2735 1574 2852 1637 ἕνα,
2876 1574 2937 1626 ὃν
2967 1576 3061 1627 καὶ
3101 1577 3316 1647 Πατέρα
3344 1580 3521 1649 ὑμνεῖ,
3554 1583 3623 1635 τὰ
3656 1585 3870 1637 Παλαιά
3908 1588 4017 1639 Νό-

2446 1680 2588 1731 μιμα
2615 1664 3072 1734 ἀνακηρύττουσι,
3100 1667 3195 1718 καὶ
3239 1668 3447 1738 τόλμης
3477 1673 3628 1724 ἐστὶν
3656 1674 3901 1746 ἀγούσης
3936 1680 4016 1740 εἰς

2444 1755 2787 1821 παρανομίαν
2833 1756 2962 1807 Θεὸν
2997 1760 3087 1810 τὸν
3124 1758 3248 1810 Υἰδν
3281 1759 3313 1829 ἦ
3355 1761 3419 1813 τὺ
3462 1762 3683 1831 Πνεῦμα
3725 1770 4010 1835 συνομολο-

2444 1847 2580 1910 γεῖν.
2614 1844 2828 1899 Τούτων
2844 1846 2889 1899 δ’
2912 1846 2977 1898 ἂν
2998 1844 3107 1899 εἶεν
3127 1850 3351 1916 ἄγνοιαν
3384 1853 3482 1921 μὲν
3513 1854 3607 1906 τοῦ
3638 1855 3766 1907 Υίοῦ
3802 1860 3900 1910 καὶ
3923 1860 4013 1912 τοῦ

2444 1935 2759 2004 Πνεύματος
2812 1938 3224 2008 ὲκνοσήσαντες,
3266 1943 3411 2007 ὅσοις
3446 1946 3489 1977 ⁸⁸
3533 1946 3596 1998 τὸ
3623 1947 3918 2002 Ἰουδαϊκόν
3954 1968 4013 2004 τε

2443 2027 2535 2079 καὶ
2579 2027 2885 2097 Ἑλληνικὸν
2918 2031 3148 2101 ἐνετάκη
3183 2033 3457 2104 φρόνημα,
3489 2038 3539 2088 οἰ
3574 2038 3630 2091 δὲ
3665 2039 3874 2105 γνῶσιν
3916 2044 4014 2111 μὲν

2443 2118 2715 2186 ἐπισφαλῆ
2744 2119 2800 2170 δὲ
2828 2121 3180 2190 κτησάμενοι,
3210 2124 3396 2195 ὥσπερ
3422 2129 3491 2179 Ἀ
3506 2145 3648 2197 ρειος
3680 2131 3774 2182 καὶ
3796 2132 3846 2183 οἱ
3877 2136 4015 2186 κατά

2442 2207 2793 2267 Μακεδόνων,
2837 2208 2886 2260 οἳ
2945 2211 3315 2281 συνηρίθμουν
3356 2216 3534 2280 ἀθέως
3590 2222 3655 2287 τῇ
3701 2221 3885 2274 κτίσει
3926 2224 4015 2276 τὸν

2444 2297 2735 2348 Κτίσαντα.
2783 2300 2927 2369 Ὅρα
2982 2300 3096 2365 οὖν,
3149 2302 3249 2371 τῆς
3294 2307 3549 2377 τοιαύτης
3594 2310 3805 2379 πλάνης
3845 2312 4015 2374 οὕτως

2444 2388 2791 2451 ἐπιπολάζειν
2847 2393 3275 2464 κατισχυούσης,
3316 2399 3365 2449 εἰ
3399 2398 3495 2450 καὶ
3528 2400 3591 2451 τὸ
3621 2400 3721 2469 τῆς
3749 2402 4015 2472 δημιουρ·

2442 2479 2566 2544 γίας
2598 2480 2706 2532 τῶν
2751 2480 2887 2534 ὅλων
2922 2484 3140 2554 ἀξίωμα
3191 2490 3591 2559 ἀφωρισμένως
3637 2496 4013 2565 προσανετέοη

2442 2571 2519 2640 τῷ
2545 2574 2738 2641 Πατρὶ,
2765 2571 2881 2627 εἶτα
2925 2579 3019 2629 καὶ
3059 2580 3092 2647 ή
3135 2580 3441 2644 ἀνάπλασις
3475 2586 3567 2635 καὶ
3597 2587 3629 2654 ή
3656 2587 3862 2655 κρίσις,
3890 2589 4015 2641 ποία

2446 2663 2640 2730 μανίας
2686 2665 2787 2717 οὑκ
2826 2666 2892 2720 ἂν
2935 2668 3283 2724 διεπλάττετο
3324 2675 3436 2735 τοῖς
3483 2676 3706 2729 ἀσεϐέσι
3738 2680 4015 2747 πρόφασις

2444 2751 2570 2822 [604
2616 2754 2709 2824 Κ]
2767 2758 2846 2818 εἰς
2887 2758 2949 2810 τὸ
2979 2759 3069 2810 τὸν
3103 2759 3202 2829 μὲν
3231 2762 3360 2813 Υἰδν
3387 2764 3561 2816 καὶτὸ
3586 2767 3813 2835 Πνεῦμα
3840 2770 3876 2836 ἢ
3898 2771 4014 2840 μηδ’

2441 2844 2576 2904 ὅλως
2621 2846 2938 2912 ὑφεστάναι,
2973 2850 3006 2918 ἢ
3045 2852 3138 2901 καὶ
3176 2852 3461 2918 ὑφεστῶτα
3493 2857 3577 2917 εἰς
3623 2858 3721 2927 τὴν
3749 2859 3862 2911 τῶν
3900 2878 4015 2913 κτι-

2443 2935 2665 3003 σμάτων
2712 2939 2895 3007 χώραν
2941 2941 3265 2994 ἀπελαύνειν
3322 2946 3867 3016 καταθρασύνεσθαις
3934 2951 4018 3005 διά

2441 3025 2597 3077 τοῦτο
2626 3025 2720 3077 οὑν
2743 3028 2770 3078 ὁ
2799 3029 2989 3098 Πατὴρ
3007 3030 3083 3100 τῷ
3115 3030 3229 3101 Υἱῷ
3258 3033 3622 3103 οἰκονομικῶς
3650 3037 4016 3103 ὑπεξίσταται

765 3108 1102 3175 disponentis
1148 3107 1326 3159 omnia
1382 3110 1654 3173 sapienter
1706 3106 2069 3160 Providentiae
2135 3107 2337 3173 fuerit,

2444 3119 2541 3184 τῆς
2570 3135 2629 3169 τε
2662 3119 2781 3169 κατ’
2805 3121 2975 3188 ἀρχάς
2999 3122 3359 3191 δημιουργίας
3388 3126 3484 3176 καὶ
3513 3127 3613 3193 τῆς
3633 3128 4015 3194 ἀναπλάσεως,

764 3198 1202 3267 quandoquidem
1238 3196 1326 3249 tali
1381 3196 1523 3249 nulla
1572 3197 1787 3263 penitus
1834 3206 2127 3265 apparente
2175 3214 2337 3253 occa-

765 3290 934 3352 sione,
984 3289 1137 3341 multi
1167 3289 1454 3356 impiorum
1489 3288 1592 3341 duo
1640 3286 1990 3342 Teatameuta
2036 3290 2330 3344 contrariis

769 3379 1167 3447 legislatoribus
1197 3378 1570 3443 assignarunt.
1602 3378 1782 3444 Quare
1809 3379 2151 3433 convenienti
2185 3396 2338 3448 pror-

763 3485 895 3533 sus,
943 3484 1169 3539 qumque
1212 3468 1378 3521 Deum
1430 3469 1617 3521 deceat
1673 3470 1921 3532 ratione,
1957 3480 2013 3524 et
2060 3473 2338 3541 sapientia:

766 3561 922 3631 plena
945 3560 1373 3629 dispensatione,
1399 3559 1535 3613 Filio
1562 3574 1666 3613 non
1702 3560 1953 3615 formatio
1981 3564 2153 3617 solum
2176 3576 2338 3634 atque

764 3652 1109 3719 reformatio,
1144 3653 1238 3707 sed
1286 3652 1552 3721 judicium
1586 3668 1799 3723 quoque
1836 3654 1956 3724 (etsi
2006 3656 2177 3711 tribus
2218 3673 2337 3726 per-

765 3744 917 3797 sonis
960 3745 1269 3797 communia
1306 3745 1419 3797 haec
1464 3744 1594 3813 sint)
1634 3760 1729 3811 per
1758 3747 2136 3801 excellentiam
2180 3752 2337 3804 attri—

764 3837 1021 3890 buuntur.
1048 3833 1139 3891 Sic
1163 3836 1324 3906 igitur
1344 3834 1615 3905 objectam
1643 3838 1996 3903 quaestionem
2026 3838 2117 3892 Dei
2144 3856 2333 3895 amans

764 3929 999 3997 scriptor
1050 3928 1138 3983 hic
1184 3928 1476 3982 dissolvit:
1514 3928 1599 3981 cui
1651 3935 1708 3981 et
1748 3927 1851 3980 alia
1895 3929 2179 3995 accedunt,
2217 3948 2335 3999 qua:

765 4033 949 4086 parem
1011 4034 1346 4087 nequaquam
1404 4033 1529 4072 cum
1596 4018 1980 4087 suprascriptis
2044 4021 2331 4077 utilitatem

767 4109 987 4162 habent.

2444 3202 2563 3260 εἶτα
2592 3210 2687 3261 καὶ
2714 3209 2813 3277 τῆς
2847 3212 3098 3279 κρίσεως.
3134 3214 3208 3263 Οὐ
3240 3215 3347 3280 μὴν
3370 3216 3488 3266 ἀλλ’
3518 3217 3627 3269 οὐδ’
3659 3219 3708 3270 εἰ
3728 3220 3839 3271 τῶν
3869 3222 4017 3290 εἰρηο

2443 3299 2621 3367 μένων
2670 3301 2771 3369 μέν
2801 3318 2949 3364 τινος
2995 3304 3023 3353 ὁ
3071 3304 3261 3375 Πατὴρ
3300 3304 3570 3376 ὑπεξέστη
3626 3309 3704 3378 τῷ
3743 3310 3893 3378 Υἰῷ,
3947 3313 4017 3383 μὴ

2443 3392 2662 3443 πάντων
2700 3393 2758 3443 δὲ
2801 3393 2910 3445 τῶν
2939 3395 3264 3464 εἰρημένων,
3319 3398 3441 3450 οὑδὲ
3489 3400 3647 3452 τοῦτο
3680 3402 3747 3453 ἂν
3805 3398 3876 3472 ἦν
3924 3408 4017 3471 τῆς

2440 3482 2619 3534 πάντα
2650 3482 2828 3548 σοφῶς
2863 3484 3252 3555 οίκονομούσης
3290 3487 3572 3556 Προνοίας,
3606 3490 3740 3542 ὅπου
3767 3508 3834 3558 γε
3882 3495 4017 3562 μηδὲ

2441 3576 2699 3640 τοιαύτης
2739 3574 2785 3603 ¹¹
2844 3574 2982 3637 ὅλως
3039 3576 3481 3649 ὑποφαινομένης
3528 3581 3780 3651 ἀφορμῆς
3832 3584 4018 3636 πολλοὶ

2439 3662 2549 3714 τῶν
2580 3663 2797 3716 ἀσεϐῶν
2830 3664 2930 3726 τὰς
2973 3664 3067 3717 δύο
3100 3666 3366 3734 διαθήκας
3406 3670 3668 3734 ἐναντίοις
3697 3672 4019 3741 νομοθέταις

2439 3754 2798 3823 διενείμαντο.
2892 3757 3056 3809 Ὥστε
3129 3760 3447 3829 ὲναρμόστῳ
3491 3778 3551 3813 τε
3590 3764 3687 3813 καὶ
3726 3763 4021 3834 θεοπρεπεῖ

2439 3844 2580 3913 λόγῳ
2642 3846 2736 3897 καὶ
2786 3846 3066 3915 οἰκονομίᾳ
3094 3846 3501 3918 πεπληρωμένη
3552 3853 3745 3917 σοφίας
3789 3851 3869 3919 τῷ
3910 3851 4019 3919 ra;

2442 3936 2535 3986 καὶ
2569 3937 2600 4003 ἡ
2632 3936 2828 3997 πλάσις
2863 3935 2957 3988 καὶ
3001 3936 3366 4005 ήάνάπλασις
3411 3940 3503 3991 καὶ
3555 3942 3589 4008 ή
3626 3939 3809 4010 κρίσις
3852 3942 3959 3992 κᾶν
3973 3942 4020 3973 ³⁸

2440 4024 2547 4074 τῶν
2573 4024 2741 4094 τριῶν
2769 4024 3118 4077 ὑποστάσεων
3158 4024 3244 4095 εἴη
3290 4026 3468 4080 ταῦτα
3496 4030 3668 4091 κοινὰ,
3708 4030 3835 4080 κατ’
3869 4030 4018 4093 ἐξαί-

2444 4132 2596 4184 ρετον
2648 4116 2999 4185 ἀναφέρεται.
3032 4116 3187 4169 Οὕτω
3229 4115 3452 4186 μὲνοῦν
3496 4119 3596 4189 τὴν
3644 4122 4019 4192 προκειμένην

767 4201 999 4271 ἀπορίαν
1027 4200 1326 4270 ὁφι).όθεος
1356 4202 1704 4271 συγγραφεὺς
1741 4199 2042 4265 ἐπιλύεται,
2095 4205 2510 4260 συνυποὸἀλλων
2536 4208 2581 4237 ⁸³
2625 4209 2719 4259 καὶ
2750 4208 2913 4277 ἓτερά
2960 4226 3083 4262 τινα
3132 4210 3229 4277 οὐχ
3286 4210 3489 4279 ὁμοίως
3540 4215 3648 4275 τοῖς
3697 4215 4011 4287 εἰρημένοις

763 4291 824 4343 τὸ
858 4291 1127 4361 χρήσιμον
1153 4290 1523 4359 παρεχόμενα.

836 4382 1055 4436 Interim
1091 4382 1342 4451 praesenti
1401 4381 1723 4434 dubitationi
1776 4381 1919 4433 aliud
1958 4382 2208 4447 quiddam
2245 4385 2332 4437 in-

2509 4386 2728 4450 Μεταξῦ
2756 4387 2810 4439 δὲ
2838 4386 2932 4439 τοῦ
2970 4386 3333 4456 προκειμένου
3368 4387 3680 4457 ζητήματος
3708 4390 3804 4440 καὶ
3830 4389 4017 4459 ἔτερόν

765 4474 1120 4536 vestigatione
1166 4473 1385 4537 dignum
1435 4472 1720 4527 admiscet.
1754 4472 1958 4536 Quaerit
2007 4474 2193 4527 enim:
2226 4473 2335 4529 Cur

766 4545 911 4616 Filio
958 4563 1118 4616 Pater
1149 4572 1510 4629 prwponatur,
1544 4577 1603 4612 ac
1651 4561 1837 4612 dehinc
1883 4562 2064 4613 tertius
2103 4562 2333 4630 Spiritus

763 4664 978 4709 sanctus
1024 4654 1422 4707 constituatur?
1488 4652 1903 4719 Respondetque
1955 4665 2161 4706 certum
2212 4672 2335 4709 esse

767 4747 1003 4798 divinam
1064 4755 1312 4797 naturam
1352 4743 1497 4811 (cum
1551 4757 1650 4795 nec
1701 4743 1880 4795 verbis
1926 4745 2180 4812 exprimi,
2238 4762 2335 4800 nec

766 4848 947 4891 tneute
995 4835 1377 4904 comprehendi
1438 4836 1623 4903 queat)
1665 4850 1838 4903 neque
1889 4838 2115 4901 ratione,
2163 4854 2336 4908 neque

766 4931 1034 4992 oratione,
1064 4929 1165 4981 boc
1194 4930 1369 4996 ipsum
1393 4928 1535 4996 quod
1564 4937 1670 4991 est,
1695 4927 1934 4996 evulgari
1955 4928 2039 4981 vel
2068 4932 2335 4985 nominari

769 5036 927 5089 posse
956 5038 968 5073 :
1001 5020 1195 5088 quibus
1231 5034 1357 5073 vero
1386 5034 1481 5087 per
1524 5016 1845 5072 iuell'abiletn
1875 5018 2335 5086 dispensationem

767 5114 1135 5183 cognoscenda
1194 5111 1469 5179 objicitur,
1523 5124 1630 5162 non
1683 5109 1839 5162 sicuti
1892 5120 1995 5172 est,
2038 5114 2129 5163 sed
2165 5122 2219 5164 ut
2255 5112 2337 5167 fas

771 5219 933 5273 atque
963 5205 1093 5259 utile
1119 5214 1203 5258 est
1232 5204 1299 5257 iis
1328 5203 1524 5270 quibus
1550 5209 1793 5270 apparet,
1816 5200 1897 5253 sic
1922 5200 2339 5269 pulchritudinis

770 5313 881 5351 sua:
912 5296 1254 5365 splendorem
1287 5292 1582 5346 immittere
1618 5290 1834 5345 infixius
1868 5291 1917 5343 iu
1950 5306 2007 5343 se
2045 5292 2336 5359 intuentes,

773 5403 824 5443 et
861 5398 1131 5458 utcunque
1179 5386 1465 5441 fruendam
1515 5386 1689 5437 dare:
1728 5393 2057 5450 quapropter
2100 5392 2158 5436 ut
2210 5400 2338 5453 pro-

776 5483 1013 5546 l'undius,
1047 5492 1101 5536 et
1144 5480 1316 5549 magis
1364 5478 1663 5546 tbeologicc
1719 5476 2027 5542 loquamur,
2057 5475 2170 5529 sive
2222 5474 2340 5529 Trio

2438 4497 2497 4532 τε
2517 4479 2664 4547 αὑτῷ
2697 4478 2844 4543 ἄξιον
2869 4477 3166 4541 ἐξετάσεως
3200 4473 3667 4531 συνδιαπλέκεται.
3710 4481 3881 4546 Ζητεί
3908 4482 4015 4548 γάρ

2438 4572 2527 4622 διὰ
2582 4571 2632 4622 τί
2691 4569 3055 4639 προτέτακται
3100 4570 3129 4620 ὁ
3183 4568 3372 4638 Πατήρ
3418 4568 3513 4621 τοῦ
3577 4569 3729 4633 Υἰοῦ,
3781 4568 3904 4623 εἶτα
3955 4574 4013 4623 τὸ

2440 4662 2664 4730 Πνεῦμα
2717 4662 2900 4731 τρίτον
2950 4662 3325 4714 συντάττεται.
3363 4661 3473 4714 Καί
3519 4679 3683 4731 φησιν
3733 4664 3808 4724 ὡς
3836 4666 3870 4733 ή
3901 4665 4015 4715 Oeta.

2442 4754 2600 4819 φύσις
2628 4754 2865 4822 ἀρῤητος
2904 4748 3038 4805 οὖσα
3074 4753 3168 4804 καὶ
3195 4752 3581 4821 ἀκατάληπτος
3604 4753 3764 4821 δῆλον
3789 4754 3866 4816 ὡς
3894 4754 4015 4806 οὔτε

2440 4839 2681 4908 λογισμῷ
2711 4857 2816 4892 τινι
2842 4838 2965 4891 οὔτε
2997 4841 3202 4908 ῥήματι
3230 4842 3362 4892 αὑτὸ
3392 4842 3549 4895 τοῦτο
3578 4844 3717 4912 ὅπερ
3743 4843 3893 4895 ἐστὶν
3922 4845 4013 4895 ὲκ-

2442 4930 2776 4981 καλύπτεται
2816 4928 2848 4997 ἢ
2880 4927 3227 4994 ὀνομάζεται,
3274 4924 3356 4987 οἷς
3381 4928 3428 4979 δ’
3453 4929 3519 4980 ἂν
3547 4928 3638 4980 καὶ
3670 4927 3811 4999 πρὸς
3840 4928 4015 4995 ἐμφά-

2442 5037 2591 5073 νειαν
2640 5019 2709 5070 δι’
2735 5018 3045 5085 οἰκονομίαν
3074 5019 3281 5085 ἄφατον
3326 5020 3572 5088 καταστῇ
3604 5019 3702 5086 οὐχ
3739 5016 3817 5081 ὡς
3846 5017 4015 5079 ἐστιν,

2442 5110 2557 5163 ἀλλ’
2583 5111 2657 5173 ὡς
2689 5111 2901 5178 ἑκάστῳ
2940 5109 3048 5161 τῶν
3077 5108 3528 5178 ὲμφανιζομένων
3551 5108 3777 5162 δυνατόν
3825 5126 3886 5160 τε
3923 5109 4020 5161 καὶ

2442 5204 2737 5273 συμφέρον,
2754 5202 2926 5265 οὕτως
2949 5202 3117 5268 αὑτῆς
3146 5200 3239 5253 τοῦ
3273 5200 3501 5263 κάλλους
3525 5201 3624 5264 τὰς
3646 5201 4021 5271 μαρμαρυγὰς

2443 5294 2617 5363 ὲνίησί
2666 5311 2727 5345 τε
2758 5294 2871 5355 τοῖς
2921 5294 3000 5355 εἰς
3051 5292 3224 5361 αὑτὴν
3276 5292 3323 5323 ⁸⁸
3364 5291 3670 5356 ἀτενίζουσι
3720 5293 3813 5344 καὶ
3876 5309 4021 5360 παρ-

2448 5383 2741 5438 απολαύειν
2768 5383 3087 5454 παρέχεται.
3112 5382 3203 5435 Διὸ
3235 5381 3532 5451 βαθύτερόν
3552 5399 3612 5434 τε
3642 5382 3737 5435 καὶ
3772 5379 4022 5447 θεολογι-

2451 5476 2688 5547 κώτερον
2724 5476 2909 5544 φάναι,
2940 5474 3042 5526 κᾶν
3073 5473 3300 5542 Τριὰδα,
3348 5470 3478 5544 [512
3510 5470 3604 5543 Π.]
3633 5472 3738 5524 κᾶν
3785 5472 4019 5541 μονάδα,

2075 5613 2303 5669 VARIE
2340 5613 2737 5668 LECTIONES.

851 5716 898 5746 "
931 5710 1237 5778 προέκοψαν
1260 5707 1324 5762 Α.
1402 5708 1443 5737 ¹¹
1476 5706 1620 5767 ὅσοις
1648 5704 1688 5755 Α
1726 5723 1737 5757 :
1772 5705 1899 5767 ὅσας
1926 5720 1987 5766 ς.
2067 5706 2109 5736 ³⁸
2143 5703 2277 5775 μηδὲ
2298 5706 2395 5776 τῆς
2421 5704 2673 5775 τοιαύτης
2703 5722 2761 5770 ς.
2842 5704 2887 5735 ³³
2911 5702 3013 5757 κᾶν
3042 5703 3085 5757 Α
3119 5719 3133 5754 :
3168 5702 3261 5755 καὶ
3290 5718 3352 5766 ς.
3427 5699 3473 5732 ⁸⁵
3507 5696 3926 5753 συνιιποϐἁλλων
3946 5698 4015 5749 A:

785 5775 1337 5844 συνυποῧάὶᾶεταις.
1410 5778 1453 5809 ³⁸
1493 5775 1695 5845 ταύτην
1753 5792 1812 5838 ς.
