4196 6442
147 419 246 483 765

1155 423 1684 489 BIBLIOTHECA.
1726 455 1792 465 -
1833 433 1993 496 COD.
2034 437 2311 498 CCXXII.

3262 433 3372 495 766

142 528 246 583 κάν
274 528 497 597 Πατέρα
545 527 640 580 καὶ
685 526 812 579 Υῑὸν
851 526 944 578 καὶ
1004 527 1250 595 Πνεῦμα,
1296 528 1397 582 κᾶν
1427 531 1670 601 Θεότητα
1695 572 1709 595 ,
1739 537 1785 593 Α

1739 537 1785 593 Α
1816 539 2059 605 nitatem,
2097 542 2213 596 sive
2262 542 2545 605 unitatem,
2579 543 2693 595 sive
2726 539 2964 603 Patrem,
3008 540 3120 592 sive
3155 539 3371 602 Filium,

144 622 248 673 κᾶν
272 621 462 689 ἕτερόν
491 635 545 671 τι
574 619 674 687 τὴν
720 618 961 687 ἄληπτον
994 620 1210 690 ἐκείνην
1258 623 1351 671 καὶ
1379 621 1586 688 ἄφατον
1623 626 1709 675 ὲν-

153 711 429 779 ιοήσωμεν
480 709 514 778 ἢ
561 708 913 778 ὀνομάσωμεν
958 709 1143 776 φύσιν,
1195 710 1317 780 οὐχὶ
1365 713 1541 766 ταῦτα
1594 713 1710 766 ἀλλ’

148 804 290 873 ὑπὲρ
326 802 501 856 ταῦτά
549 804 685 857 ἐστι.
718 803 807 854 me.
832 802 927 854 καὶ
953 803 981 854 δ
1011 802 1121 855 τῶν
1165 802 1493 874 ἀπορρήτων
1544 823 1714 875 μυστ-

150 894 500 962 αγωγὸς,Ἒκ
524 893 742 961 μέρους
773 893 838 953 ’⁸,
859 892 974 961 βοᾷ,
1005 893 1396 961 γινώσκομεν,
1416 896 1513 947 καὶ
1534 896 1601 948 ἐκ
1614 897 1714 965 μέ-

145 1004 293 1053 ρους
346 986 833 1053 προφητεύομεν·
885 984 1031 1037 ὅταν
1076 984 1144 1037 δὲ
1177 985 1326 1053 ἔλθῃ
1372 986 1439 1039 τὸ
1461 987 1713 1051 τέλειον,

152 1077 282 1129 τότε
326 1078 393 1129 τὸ
435 1077 503 1129 ἐκ
533 1074 753 1145 μέρους
789 1075 1320 1144 καταργηθήσεται.
1363 1079 1471 1131 Καὶ
1518 1080 1546 1130 ὁ
1590 1080 1717 1147 γνήο

155 1184 267 1229 σιος
294 1168 357 1219 δὲ
395 1168 586 1220 τούτου
621 1167 888 1236 μαθητὴς,
917 1169 945 1220 ὁ
977 1169 1138 1235 σοφὸς
1160 1168 1453 1231 Διονύσιος,
1483 1169 1550 1220 τά
1582 1168 1719 1220 αὐτὰ

154 1260 247 1311 καὶ
280 1262 397 1322 τοῖς
421 1262 602 1323 αὐτοῖς
634 1260 825 1329 μικροῦ
855 1259 1283 1330 διαμαρτύρεται
1338 1262 1567 1329 ῥήμασι,
1622 1260 1718 1312 καὶ

159 1351 399 1417 μάλιστά
425 1368 487 1417 γε
532 1353 589 1403 ὲν
619 1353 730 1413 τοῖς
761 1352 886 1417 περὶ
941 1350 1146 1404 τελείου
1174 1353 1270 1404 καὶ
1309 1352 1449 1414 ἑνός.
1506 1353 1717 1407 Οὐκοῦν

158 1443 280 1493 ἐπεὶ
311 1442 381 1494 τὰ
415 1442 641 1493 πλεῖστα
677 1441 785 1494 τῶν
828 1444 954 1512 περὶ
996 1442 1128 1496 Θεοῦ
1162 1443 1258 1511 οὐχ
1295 1443 1431 1511 ὅπερ
1474 1443 1590 1495 ἐστὶ
1617 1461 1723 1496 πα-

161 1532 402 1599 ρᾶδηλοῐ,
435 1532 769 1602 χειραγωγια
797 1532 853 1585 δὲ
902 1533 1100 1601 μᾶλλόν
1129 1533 1211 1594 τίς
1243 1538 1358 1586 ἐστι
1388 1536 1481 1586 καὶ
1518 1550 1724 1599 συγκα-

157 1622 411 1683 τάὀασις.
446 1623 534 1675 διὰ
572 1624 679 1675 τῶν
726 1623 1037 1690 συντρόφων
1078 1626 1210 1693 ἡμῖν
1245 1624 1339 1677 καὶ
1384 1624 1725 1693 πραγμάτων

161 1715 256 1765 καὶ
296 1715 578 1783 ὀνομάτων
626 1716 716 1766 τὸν
766 1715 889 1767 νοῦν
919 1714 1073 1783 ἡμῶν
1104 1714 1241 1785 πρὸς
1284 1716 1351 1767 τὰ
1396 1715 1537 1783 ὑπὲρ
1578 1716 1725 1783 ἡμᾶς

160 1806 532 1875 ἀναφέρουσα,
567 1806 724 1874 δῆλον
759 1806 839 1858 ὅτι
878 1805 1119 1859 τοιοῦτόν
1147 1807 1262 1858 ἐστι
1296 1806 1390 1859 καὶ
1419 1804 1482 1857 τὸ
1525 1821 1723 1874 προτε-

1812 630 1926 684 sive
1976 629 2233 699 Spiritum
2286 639 2554 694 sanctum,
2600 629 2716 685 sive
2752 630 3034 694 Deitstetu,
3076 630 3187 684 sive
3230 630 3375 681 aliud

1812 723 2085 790 quidpiam
2130 722 2727 793 incomprehensibllem
2772 722 2918 776 illam
2962 732 3017 775 et
3051 720 3370 776 ineli'abilmu

1816 822 2060 867 naturam
2091 815 2407 884 cogitemus,
2445 816 2527 869 vel
2565 816 2926 877 nominemus,
2960 827 3066 867 non
3101 813 3214 866 haec
3261 810 3373 871 illa,

1815 906 1908 959 sed
1942 921 2103 974 supra
2138 907 2250 960 bare
2290 916 2391 962 est.
2430 907 2792 973 Quamobrem
2822 906 2986 959 etiam
3030 902 3377 955 inen‘abilium

1815 1003 2096 1046 enarrator
2140 994 2335 1047 clamat
2388 1013 2402 1048 :
2461 995 2543 1048 Ex
2590 1006 2736 1061 parte
2782 993 3158 1058 cognoscimus,
3224 1000 3269 1041 el
3314 1004 3378 1039 ex

1816 1092 1964 1147 parte
2009 1083 2392 1149 praphetamns,
2421 1101 2537 1137 cum
2572 1095 2743 1136 autem
2806 1083 2995 1134 venerit
3035 1081 3171 1148 quod
3209 1077 3377 1145 perfr-

1819 1182 1958 1225 ctum
1980 1187 2077 1236 est,
2107 1175 2438 1227 eoacuabitur
2480 1174 2616 1243 quod
2646 1189 2711 1226 ea:
2732 1184 2876 1240 parte
2911 1182 2983 1223 est
3009 1170 3072 1223 ⁵³.
3107 1168 3381 1234 Ilnjusque

1820 1278 2108 1331 germanus
2156 1265 2471 1332 discipulus,
2523 1265 2740 1331 sapiens
2787 1263 2875 1315 ille
2926 1259 3233 1327 Dionysius,
3265 1258 3380 1311 haec

1822 1354 1942 1421 ipsa
1993 1356 2178 1408 iisdem
2222 1356 2602 1424 propemodum
2654 1364 2840 1409 testata
2897 1356 3075 1408 verbis
3122 1352 3375 1419 reliquit:

1823 1445 2056 1496 maxime
2085 1444 2174 1497 ubi
2205 1445 2270 1498 de
2293 1443 2530 1511 perfecto
2553 1445 2662 1515 (Π)
2691 1455 2849 1513 atque
2877 1457 2985 1495 uno
3005 1442 3132 1511 agit.
3157 1440 3383 1505 Quando

1824 1533 1985 1599 igitur
2016 1534 2242 1601 plurima
2270 1548 2457 1586 eorum
2486 1548 2606 1601 quae
2635 1535 2697 1587 de
2727 1534 2835 1587 Deo
2862 1533 3136 1593 dicuntur,
3185 1545 3288 1583 non
3331 1529 3382 1581 id

1825 1620 1967 1685 quod
2000 1627 2102 1679 est.
2134 1619 2463 1688 signiﬁcant,
2496 1620 2591 1672 sed
2635 1620 2811 1686 potius
2862 1633 3025 1672 manu
3067 1617 3287 1680 ducunt,
3330 1626 3385 1668 et

1827 1726 1923 1777 pro
1968 1719 2126 1779 captu
2184 1720 2369 1763 nostro
2414 1724 2511 1779 per
2566 1721 2822 1780 cognatas
2881 1710 3036 1763 nobis
3090 1723 3176 1763 res
3227 1718 3386 1775 atque

1829 1815 2006 1865 voces,
2031 1810 2261 1855 mentem
2288 1811 2528 1856 nostram
2552 1817 2711 1870 supra
2745 1816 2841 1853 nos
2863 1800 3119 1855 attollunt
3142 1817 3154 1851 :
3183 1799 3387 1867 perspi-

161 1896 358 1966 τάχθαι
398 1897 489 1950 τὸν
523 1897 736 1965 Πατέρα
776 1896 917 1948 κατά
966 1896 1066 1965 τὴν
1099 1896 1426 1965 ἔκφώνησιν,
1475 1892 1609 1975 εἶτα.
1636 1902 1726 1953 τὸν
1758 1884 1799 1939 Β

1758 1884 1799 1939 Β
1827 1906 1986 1944 cuum
2011 1899 2094 1943 est
2125 1890 2230 1943 tale
2255 1890 2382 1959 quid
2410 1890 2538 1943 illud
2565 1906 2708 1955 esse,
2734 1894 2873 1959 quod
2898 1895 3072 1959 primo
3100 1890 3217 1941 loco
3249 1889 3384 1940 inter

162 1988 293 2041 Υὶδν
324 1988 425 2040 καὶ
453 1988 569 2057 μετ’
603 1990 808 2040 ἐκεῖνον
835 1986 897 2039 τὸ
939 1986 1163 2055 Πνεῦμα
1205 1989 1266 2042 τὸ
1299 1990 1473 2057 ἅγιον,
1507 1993 1583 2057 ὥς
1620 2012 1722 2047 που

162 2081 258 2131 καὶ
287 2080 453 2141 αὐτὸς
478 2081 505 2132 ό
529 2080 804 2150 Δεσπότης
849 2080 1214 2147 παιδαγωγῶν
1246 2082 1392 2148 ἡμᾶς
1422 2082 1557 2152 πρὸς
1601 2086 1727 2146 τοὺς

163 2171 417 2240 μαθητάς
444 2188 597 2240 φησι·
624 2170 1018 2239 Πορευθέντες
1032 2172 1075 2204 ’⁷
1100 2174 1515 2239 μαθητεύσατε
1534 2174 1729 2228 πάντα

159 2262 234 2315 τὰ
262 2262 435 2327 ἔθνη,
467 2260 857 2329 βαπτίζοντες
898 2263 1121 2329 αὐτοὺς
1164 2267 1251 2328 εις
1279 2264 1344 2318 τὸ
1392 2264 1581 2333 ὄνομα
1622 2266 1728 2319 τοῦ

160 2353 397 2420 Πατρός
439 2351 535 2405 καὶ
565 2352 671 2406 τοῦ
704 2351 841 2406 Υιοῦ
888 2354 983 2406 καὶ
1008 2354 1116 2407 τοῦ
1163 2354 1335 2422 ἁγίου
1364 2356 1727 2424 Πνεύματος,

158 2443 283 2497 ἔπει
315 2460 382 2511 γε
421 2444 559 2513 αὑτὴ
590 2442 710 2496 καθ’
734 2444 932 2513 ἑαυτὴν
965 2445 997 2515 η
1038 2444 1159 2498 θεία
1187 2444 1349 2512 φύσις
1372 2444 1495 2498 οὔτε
1531 2448 1729 2517 προτέ-

158 2551 358 2588 τακται
398 2532 521 2587 οὔτε
550 2534 932 2600 ὑποτέτακται,
993 2533 1131 2587 ἀλλά
1163 2535 1259 2588 καὶ
1325 2535 1504 2606 πάσης
1558 2537 1729 2607 ὑπερ-

161 2628 383 2695 ιδρυται
405 2628 502 2680 καὶ
532 2612 881 2696 ἀριθμήσεως
913 2627 1007 2679 καὶ
1052 2627 1345 2696 μοναδικῆς
1365 2630 1719 2698 ὲπινοήσεως,

158 2718 320 2787 εῐπερ
356 2720 449 2769 καὶ
487 2719 515 2770 ὁ
543 2716 773 2786 ἀριθμὸς
801 2717 897 2769 καὶ
924 2718 957 2785 ἡ
984 2717 1150 2785 μονὰς
1182 2719 1309 2787 περὶ
1345 2718 1552 2777 οὐσίαν.
1586 2720 1645 2771 τὸ
1673 2720 1729 2773 δὲ

158 2810 306 2864 θετον
334 2808 682 2878 ὑπερούσιον.
714 2810 927 2877 Ὠσπερ
950 2804 1042 2861 οὖν
1080 2808 1141 2860 τὸ
1174 2807 1327 2861 Θεϊον
1362 2810 1429 2861 τὰ
1463 2813 1521 2862 ὲν
1552 2812 1730 2879 χρόνῳ

158 2903 343 2955 πάντα
364 2902 609 2969 ἀχρόνως
637 2900 922 2953 ἐπίσταται
950 2900 1042 2951 καὶ
1069 2899 1381 2969 ἀμερίστως
1400 2900 1468 2952 τά
1498 2904 1730 2969 μεριστά

158 2994 255 3046 καὶ
286 2991 607 3063 ἀρῤεύστως
630 2990 698 3043 τὰ
728 2989 941 3059 ῥέοντα,
976 2988 1103 3060 [605
1137 2989 1231 3061 R.]
1251 2989 1394 3043 οὕτω
1422 2993 1573 3044 πᾶσα
1607 3010 1729 3060 γεν-

157 3084 293 3154 νητὴ
329 3083 495 3151 φύσις
533 3082 626 3135 καὶ
660 3083 721 3134 τὸ
769 3082 1104 3152 ὑπέρχρονον
1158 3084 1216 3134 ἐν
1268 3082 1444 3151 χρόνῳ
1476 3087 1607 3147 νοεῖ,
1634 3085 1730 3136 καὶ

162 3174 589 3245 μεμερισμένοις
615 3172 675 3226 τὸ
718 3172 1030 3241 ἀμέριστον,
1072 3174 1167 3225 καὶ⁵
1200 3172 1260 3225 τὸ
1308 3172 1613 3241 ἄφθεγκτον
1644 3172 1733 3225 διὰ

158 3267 469 3335 συντρόφου
526 3268 713 3334 φωνῆς
776 3264 1002 3334 ὀνόμασι
1050 3265 1584 3335 διαμεμορφωμένης
1639 3267 1732 3318 καὶ

159 3360 429 3428 ῥήμασιν.

230 3532 370 3589 Εἶτα
392 3531 591 3602 ἐφεξῆς
622 3533 888 3598 ἐξετάζει,
938 3532 1117 3600 Τίνος
1145 3534 1356 3589 ἕνεκεν
1383 3538 1416 3589 ὀ
1443 3536 1561 3604 μὲν
1604 3537 1736 3600 Υιὸς

160 3627 314 3679 κατὰ
368 3626 485 3691 τὴν
534 3624 880 3692 ἐπιφώνησιν
924 3625 1117 3694 μέσος
1195 3625 1733 3693 παραλαμϐάνεται,

158 3719 317 3785 ἄκρα
353 3716 423 3769 δὲ
452 3719 486 3771 d
509 3717 710 3784 Πατὴρ
740 3717 839 3771 καὶ
879 3717 943 3771 τὸ
984 3718 1225 3787 Πνεῦμα
1247 3720 1312 3771 τὸ
1343 3718 1514 3786 ἅγιον
1530 3719 1595 3772 ⁸⁸.
1627 3719 1737 3772 Καί

164 3827 336 3878 φησιν
370 3809 446 3869 ὡς
475 3808 663 3876 ἐπειδὴ
700 3809 1043 3876 δικαιοσύνης
1084 3808 1245 3875 ζυγὸς
1276 3807 1496 3874 λέγεται
1530 3808 1559 3858 ὁ
1584 3807 1737 3870 Θεὸς,

158 3901 445 3969 ἀναλόγως
491 3899 567 3969 τῷ
632 3901 917 3969 παρ’ὴμῑν
976 3898 1128 3968 ζυγῷ
1186 3898 1279 3950 καὶ¹
1323 3900 1356 3967 ἡ
1400 3899 1459 3949 ὲν
1517 3901 1586 3968 τῇ
1619 3898 1741 3968 θείᾳ

164 3997 330 4064 φύσει
366 3995 519 4058 τάξις
567 3996 906 4064 ἐπινενόηται
960 3994 1100 4047 ὥστε
1149 3994 1241 4046 τὸν
1269 3993 1395 4046 Υἱὸν
1424 3992 1522 4063 τὴν
1568 3994 1741 4061 μέσην

163 4088 357 4159 χώραν
398 4068 815 4155 ἀναπληροῦντα
848 4086 944 4155 τὴν
997 4086 1174 4155 ἄκραν
1210 4086 1430 4153 ἰσότητα
1485 4085 1623 4155 πρὸς
1672 4082 1743 4136 τά

161 4184 314 4251 ἄκρα
347 4180 664 4246 συντηρεῖν·
692 4178 852 4239 αὐτὸς
884 4176 994 4246 γὰρ
1030 4178 1132 4247 τήν
1164 4193 1224 4229 τε
1274 4178 1394 4229 κατ’
1423 4176 1598 4247 ἀρχὰς
1650 4176 1743 4244 δη-

164 4271 464 4343 μιουργίαν
518 4271 611 4322 iul.
659 4269 755 4338 τὴν
786 4268 1009 4337 ὕστερον
1052 4267 1149 4322 τοῦ
1194 4268 1383 4335 γένους
1437 4268 1743 4321 ἀνάπλασιν

162 4364 567 4432 ἀπειργάσατο.
619 4362 726 4413 Καὶ
762 4360 821 4411 τὸ
870 4360 1220 4431 παράδειγμα
1249 4358 1306 4410 δὲ
1339 4358 1431 4411 τοῦ
1475 4358 1643 4425 ζυγοῦ
1681 4358 1744 4410 τὸ

166 4452 466 4525 ἰσόρροπόν
517 4467 576 4502 τε
627 4450 720 4503 καὶ
778 4449 1094 4518 ἰσοδύναμον
1156 4450 1253 4517 τῆς
1304 4448 1742 4519 ἀπειροδυνάμου

1829 1982 2149 2050 loquendum
2183 1982 2490 2050 proferatur
2518 1980 2697 2043 Pater,
2733 1982 2926 2036 deinde
2955 1981 3141 2042 Filius,
3172 1995 3235 2032 ac
3270 1987 3387 2045 post

1830 2073 1970 2127 hunc
1996 2075 2229 2142 Spiritus
2257 2085 2496 2127 sanctus.
2520 2073 2977 2138 Quemadmodum
3002 2071 3198 2125 alicubi
3224 2072 3385 2120 etiam

1831 2165 1942 2233 ipse
1975 2163 2253 2227 Dominus,
2289 2181 2387 2218 nos
2419 2167 2713 2229 instruens,
2747 2164 3025 2229 discipulis
3059 2162 3127 2214 ait
3156 2181 3165 2215 :
3197 2162 3389 2213 limares

1828 2257 2004 2307 docete
2052 2272 2225 2307 omnes
2285 2267 2478 2322 gentes,
2540 2254 2729 2324 190a
2785 2256 3103 2319 baptisanm
3157 2268 3280 2309 rm.
3336 2256 3387 2299 ιιι

1831 2347 2041 2398 nomine
2104 2344 2303 2405 Patris.
2332 2359 2376 2398 et
2411 2344 2564 2405 Filii,
2595 2356 2642 2398 et
2678 2343 2901 2411 Spiritus
2946 2345 3113 2396 sancti
3144 2343 3211 2393 ⁸⁵.
3250 2343 3391 2405 Quu-

1832 2436 1973 2490 niam
2010 2438 2117 2505 ipsa
2147 2439 2440 2491 secundum
2477 2453 2534 2491 se
2565 2438 2743 2489 divina
2791 2448 3001 2497 natura,
3034 2449 3205 2502 neque
3257 2449 3385 2500 pne.-

1830 2525 1979 2592 poni,
2020 2541 2191 2593 neque
2234 2526 2423 2593 subjici
2478 2537 2599 2595 apta
2650 2536 2752 2587 est,
2804 2528 2898 2579 sed
2946 2539 3107 2592 supra
3169 2538 3387 2577 omnem

1836 2625 1941 2669 tam
1995 2617 2224 2677 numeri.
2261 2632 2419 2684 quam
2471 2617 2859 2685 singularitatis
2908 2618 3180 2670 notionem
3226 2616 3385 2669 collo~

1833 2718 2010 2761 catur.
2053 2708 2315 2763 Numerus
2354 2711 2642 2778 siquidem,
2668 2719 2721 2761 et
2764 2710 2940 2762 unitas
2987 2709 3053 2763 de
3097 2709 3394 2761 substantia

1834 2800 2087 2852 dicuntur
2118 2819 2131 2853 :
2164 2801 2415 2854 divinitas
2462 2816 2590 2854 vero
2622 2801 2979 2855 substantiam
3024 2807 3239 2867 superat
3279 2799 3398 2849 uni-

1835 2905 2067 2945 versam.
2097 2890 2558 2957 Quemadmodum
2603 2893 2765 2962 igitur
2795 2891 2937 2945 Deus
2969 2891 3148 2944 Omnia
3191 2905 3311 2956 qua:
3342 2888 3394 2941 iu

1836 2991 2077 3052 tempore
2115 2984 2404 3048 exsistunt,
2438 2985 2556 3039 sine
2591 2994 2829 3052 tempore
2862 2984 3161 3052 cognoscit,
3185 2991 3239 3033 et
3264 2980 3397 3033 indi-

1836 3077 1968 3139 vise,
1995 3091 2118 3145 quae
2179 3076 2489 3139 divisibilia,
2522 3086 2659 3130 utet
2688 3076 2850 3142 ﬂuxa,
2895 3076 3012 3129 sine
3045 3074 3151 3127 ullo
3203 3073 3345 3126 lbixu
3381 3090 3395 3126 :

1837 3167 1915 3221 sic
1957 3169 2133 3222 omnis
2176 3180 2357 3222 creata
2401 3178 2612 3232 natura,
2645 3168 2697 3222 id
2723 3169 2864 3238 quod
2913 3178 3123 3234 tempus
3158 3167 3397 3226 ειεειιίι,

1838 3262 1888 3313 in
1936 3271 2172 3329 tempore
2219 3260 2517 3329 cognoscit,
2565 3272 2619 3313 et
2667 3260 2860 3327 divise,
2892 3260 3037 3330 quod
3074 3259 3237 3311 dividi
3294 3273 3400 3310 non

1836 3362 2031 3419 potest,
2062 3352 2309 3421 quodque
2331 3352 2599 3407 iucﬂ'abile
2631 3363 2732 3417 est,
2783 3368 2877 3422 per
2896 3364 3182 3421 cognatam
3216 3354 3391 3404 nomi-

1841 3446 2103 3513 uibusque
2133 3456 2186 3498 et
2215 3444 2391 3498 verbis
2411 3446 2748 3499 eﬂormatam
2782 3461 2993 3499 vocem.

1910 3538 2000 3590 25.
2034 3536 2232 3602 Quaerit
2264 3538 2540 3606 deinceps,
2568 3535 2674 3589 Cur
2706 3535 2901 3600 Filius,
2944 3552 3062 3588 cum
3108 3533 3399 3603 loquimur,

1840 3628 2041 3682 medius
2077 3639 2400 3691 ostentatur,
2426 3630 2770 3697 extremisque
2804 3629 2930 3683 locis
2969 3627 3133 3682 Pater
3159 3640 3205 3681 et
3236 3625 3406 3692 Spiri-

1840 3731 1920 3773 tus
1953 3731 2164 3773 sanctus
2189 3720 2214 3772 2’
2270 3720 2571 3789 Respondet
2602 3739 2617 3775 :
2652 3719 2916 3787 Quoniam
2948 3718 3170 3787 iustitiae
3200 3718 3399 3770 trutina

1844 3813 2040 3866 dicitur
2089 3810 2265 3876 Deus,
2346 3813 2692 3881 proportione
2739 3812 2969 3882 quadam
3023 3826 3143 3866 cum
3203 3812 3402 3864 trutina

1846 3915 2052 3967 nostra,
2081 3904 2200 3958 ideo
2231 3918 2444 3971 quoque
2478 3904 2529 3957 in
2569 3915 2759 3958 natura
2779 3903 2958 3957 divina
2986 3904 3118 3957 ordo
3141 3902 3401 3967 ejusmodi

1844 3997 2178 4065 excogitatus
2200 4004 2303 4059 est,
2336 4005 2394 4050 ut
2414 3994 2602 4060 Filius,
2627 3993 2802 4050 medio
2823 4004 3083 4065 occupato
3114 3995 3247 4059 loco,
3276 4009 3407 4048 exa-

1846 4098 1986 4143 ctam
2017 4088 2379 4158 aequalitatem
2404 4104 2524 4142 cum
2566 4089 2823 4142 extremis
2866 4097 3067 4143 teneat.
3107 4085 3225 4156 Ipse
3260 4088 3403 4140 enim

1843 4192 1944 4233 eta
1969 4181 2228 4249 principio
2257 4181 2611 4243 creationem,
2645 4189 2698 4233 et
2735 4181 2799 4234 ad
2824 4190 3151 4246 postremum
3185 4180 3405 4247 generis

1846 4268 2095 4343 [nostri]
2127 4272 2570 4325 instaurationem
2617 4270 2863 4339 perfecit.
2903 4271 3041 4336 Quin
3088 4272 3247 4323 etiam
3288 4280 3404 4323 tru-

1849 4364 1975 4415 time
2018 4363 2343 4431 exetnplum,
2394 4361 2604 4416 inﬁnite
2638 4362 2874 4432 potentis
2912 4360 3196 4414 Trinitatis
3226 4376 3407 4427 arqua-

1850 4452 1951 4506 Iem
1979 4454 2202 4507 omnino
2228 4468 2291 4505 ac
2313 4468 2494 4521 parem
2542 4462 2858 4519 potestatem
2909 4452 3231 4513 subindicat,
3282 4466 3405 4503 cum

165 4545 408 4614 Τριάδος
434 4541 746 4602 αἰνίττεται,
784 4541 1053 4609 μηδεμιᾶς
1074 4540 1182 4592 τῶν
1211 4540 1376 4609 τριῶν
1396 4540 1744 4594 ὑποστάστων
1769 4547 1822 4607 1)

1769 4547 1823 4607 1)
1850 4540 1988 4593 nulla
2020 4541 2180 4594 trium
2204 4556 2577 4610 personarum,
2640 4542 2721 4594 vel
2775 4541 2894 4607 plus
2923 4542 3093 4592 altera
3133 4548 3405 4608 assurgat.

165 4636 591 4703 ἀναφερομένης
639 4632 698 4683 τδ
748 4631 907 4683 πλέον
956 4632 987 4700 ἢ
1025 4632 1162 4699 πρὸς
1210 4632 1310 4701 τὴν
1356 4630 1508 4682 κάτω
1566 4631 1741 4700 ῥοπὴν

1840 4632 1923 4685 vel
1948 4633 2012 4685 ad
2042 4634 2145 4686 ima
2179 4635 2348 4702 magis
2380 4634 2697 4703 vergat,sed
2730 4632 2781 4685 in
2811 4632 2999 4700 aequali
3032 4643 3085 4685 et
3109 4633 3241 4700 pari,
3278 4631 3398 4683 nul-

165 4720 596 4789 ἀποκλινούσης,
658 4720 771 4772 ἀλλ’
814 4722 870 4771 ὲν
897 4719 975 4789 τῷ
1014 4719 1114 4788 [σῳ
1143 4734 1202 4770 τε
1243 4720 1338 4771 καὶ
1372 4719 1620 4789 ὁμοτίμῳ
1647 4718 1743 4774 καὶ

1841 4724 1997 4792 loque
2026 4726 2182 4778 modo
2209 4725 2487 4779 dill'ereute
2514 4724 2682 4794 gloria
2726 4736 2780 4777 et
2812 4724 3045 4777 essentia
3090 4727 3401 4784 trutinetur,

164 4813 456 4881 ἀδιαφόρῳ
478 4812 574 4879 τῆς
597 4811 753 4876 δόξης
797 4810 890 4861 καὶ
916 4810 1012 4877 τῆς
1028 4808 1215 4871 οὐσίας
1242 4808 1744 4877 ζυγοστατουμὲνης

1842 4828 1905 4867 ac
1951 4814 2243 4884 theologice
2276 4815 2631 4883 expendatur.
2683 4812 2832 4867 Unde
2868 4824 2922 4866 et
2963 4815 3014 4866 in
3055 4816 3215 4866 rebus
3246 4828 3406 4881 gene-

165 4922 226 4956 τε
258 4904 359 4955 καὶ
397 4901 819 4969 Θεολογουμένης
853 4917 866 4930 ο
900 4900 957 4964 ἐξ
980 4896 1038 4952 οὗ
1071 4900 1166 4951 καὶ
1192 4900 1249 4950 ὲν
1275 4901 1383 4960 τοῖς
1417 4901 1741 4969 γεννητοίςδή

1846 4906 1975 4959 ratis
2008 4906 2288 4975 aequalitas
2323 4909 2501 4971 datur,
2550 4916 2604 4959 et
2633 4906 2837 4973 justum
2866 4907 3036 4971 aequis
3079 4906 3411 4973 ponderibus

170 4995 367 5063 ἰσότης
400 4992 599 5045 δίδοται
631 4992 808 5043 καὶτὸ
837 4991 1040 5043 δίκαιον
1068 4989 1470 5043 ταλαντεύεται.
1502 4990 1743 5044 Τοιαῦτα

1850 4994 2100 5049 libratur.
2134 4995 2257 5051 Haec
2294 4998 2405 5050 fere
2434 4998 2486 5049 in
2518 4997 2775 5049 vicesimo
2803 4997 3038 5049 secundo
3065 4994 3241 5060 capite
3273 4994 3412 5047 sexti

158 5089 275 5154 μὲν
302 5080 401 5136 οὖν
433 5083 577 5151 αὐτῷ
633 5083 773 5135 κατά
814 5100 874 5134 τε
904 5082 964 5133 τὸ
1006 5085 1088 5150 κβ¹
1118 5082 1410 5149 κεφάλαιον
1439 5080 1531 5133 τοῦ
1557 5086 1628 5148 ις’
1664 5080 1748 5150 βι-

1664 5080 1748 5150 βι-
1855 5084 1997 5147 libri,
2028 5088 2262 5154 itemque
2283 5086 2543 5139 vicesimo
2572 5086 2729 5137 tertio
2760 5084 2825 5137 ab
2849 5099 2915 5137 eo
2938 5094 3318 5137 contexuntur.

168 5177 327 5228 εἰλὶου
362 5175 459 5227 καὶ
479 5176 540 5225 τὸ
569 5181 616 5240 γ’
643 5174 732 5226 καὶ
760 5180 807 5225 κ’
839 5172 1241 5239 συνυφαίνεται.

251 5265 413 5317 Μετὰ
453 5264 610 5315 τοῦτο
662 5262 721 5315 δέ
763 5279 926 5331 φησιν
971 5260 1263 5328 ἀναλογίαν
1305 5259 1426 5311 τινὰ
1462 5258 1748 5323 διασώζειν

1922 5260 2011 5325 24,
2044 5261 2132 5316 25.
2174 5260 2301 5317 Post
2347 5262 2461 5317 lucc
2511 5260 2810 5329 analogiam
2872 5262 3159 5331 quamdam
3207 5274 3410 5313 servari

241 5397 341 5450 ³³1
397 5397 518 5452 Cor.
576 5413 694 5461 ιιιι,
726 5396 758 5449 9
800 5406 855 5450 et
909 5397 994 5449 10.
1071 5396 1116 5425 ⁸⁵
1168 5394 1354 5448 Matth.
1404 5409 1597 5459 xxvnt,
1645 5393 1737 5447 29.

1462 5506 1697 5563 VARIIE
1730 5506 2018 5564 LECTION
2026 5508 2128 5562 ES.

254 5609 301 5634 ὀ
338 5606 405 5655 ἐκ
437 5602 521 5671 p..]
544 5603 668 5657 Cor.
718 5618 835 5662 ιιιι,
869 5603 920 5656 9.
1003 5601 1045 5631 "
1080 5597 1326 5667 πορευθ.]
1367 5599 1556 5655 Matth.
1602 5614 1796 5663 xxvm,
1839 5599 1928 5654 29.
2001 5602 2120 5654 ’⁸τὸ
2143 5601 2233 5668 ἆγ.
2268 5620 2406 5657 corr.
2439 5604 2477 5657 Α
2516 5618 2618 5655 ιτε
2660 5602 2746 5668 ἃγ.
2785 5613 2843 5660 ς·-

1676 5711 1882 5768 ΝΟΤᾹΞ

244 5810 363 5878 (47)
390 5809 520 5878 Cap.
555 5809 637 5869 l5,
674 5806 764 5861 lib.
810 5806 884 5857 Dc
907 5806 1061 5858 divin.
1106 5804 1419 5858 nominibus.
