4196 6442
769 426 869 486 757

1916 426 2175 486 PHOTII
2215 425 2716 487 PATRIARCIl/E
2749 428 2856 486 CP-

3897 426 3993 495 768

771 538 968 590 asserit
992 551 1018 589 a
1038 536 1237 607 duplici
1273 538 1360 591 illa
1384 538 1672 603 Trinitate,
1698 541 1818 608 Qum
1854 538 1905 592 in
1939 539 2037 590 alis
2056 537 2335 605 Serapltim
2371 542 2412 596 Α

2371 542 2412 596 Α
2441 538 2539 607 τὴν
2570 540 2617 569 ’⁸
2656 542 2713 591 ὲν
2763 541 2881 602 ταῖς
2916 538 3138 609 πτέρυξι
3181 540 3289 590 τῶν
3331 538 3578 607 Σεραῳὶμ
3620 538 3994 609 θεωρουμένην

774 629 1150 681 consideratur
1171 632 1237 682 ⁸⁸.
1318 630 1382 684 Et
1420 632 1648 684 medium
1682 632 1896 697 quidem
1927 628 2069 682 Patri
2108 644 2331 698 respou-

774 722 923 781 dere,
953 730 1201 774 extrema
1246 737 1374 774 vero
1402 722 1555 789 Filio,
1601 740 1663 776 ac
1689 723 1915 789 Spiritui
1949 732 2159 776 sancto.
2219 722 2339 775 Tri-

778 811 964 877 plii-em
998 827 1214 879 quoque
1267 814 1411 867 illam
1464 825 1520 869 et
1570 820 1791 869 omnino
1835 816 2153 868 invariatam
2202 815 2252 867 in
2284 829 2341 867 se

777 904 921 955 vocis
969 902 1193 957 Sanctus
1253 906 1722 971 exclamationem,
1782 907 1943 959 trium
1987 920 2338 973 personarum

780 994 1295 1059 immntabilitatem,
1341 1000 1515 1065 quoad
1572 998 1891 1063 essentiam,
1942 999 2229 1066 potentiam
2290 1008 2342 1051 et

784 1082 1092 1136 facultatem
1119 1086 1484 1141 subindicare.
1526 1087 1663 1153 Quin
1696 1096 1749 1141 et
1784 1087 1995 1141 illorum
2028 1090 2188 1140 trium
2215 1102 2341 1143 con-

780 1174 1292 1229 substantialitatcm
1322 1190 1482 1245 atque
1532 1181 1797 1232 unitatem
1845 1178 1991 1230 velut
2036 1178 2210 1246 sigillo
2240 1182 2337 1233 ob-

780 1268 976 1334 signari
1030 1282 1094 1321 ac
1144 1270 1406 1337 coaptari,
1458 1271 1580 1322 dum
1642 1286 1805 1323 unum
1851 1267 2111 1322 duntaxat
2160 1282 2341 1338 postea

784 1355 917 1425 [per
950 1358 1173 1429 vocem]
1212 1359 1469 1413 Dominus
1508 1362 1784 1415 inducitur
1829 1370 1882 1415 et
1923 1361 2168 1415 infertur.
2219 1364 2344 1415 Ala-

788 1464 902 1498 rum
949 1448 1076 1502 item
1125 1451 1566 1516 geminationem,
1622 1454 1933 1521 significare
1984 1456 2341 1521 cognitiomun

786 1537 930 1590 illam
974 1554 1211 1603 onmem,
1244 1557 1362 1609 qua:
1421 1558 1513 1610 per
1565 1544 1660 1596 hos
1717 1545 1767 1598 in
1805 1547 2046 1599 homines
2074 1546 2345 1598 derivatur

789 1630 910 1695 (etsi
947 1644 1041 1696 per
1072 1630 1452 1684 immateriales
1487 1636 1708 1702 spiritus
1742 1637 2342 1704 subministretur),non

788 1721 1105 1787 simplicem,
1192 1726 1283 1775 sed
1340 1726 1675 1777 materiatam
1736 1727 1930 1781 deferri
1974 1744 1988 1780 :
2034 1744 2098 1781 ex
2147 1729 2345 1781 nostris

790 1811 1041 1863 nimirum
1076 1813 1257 1881 figuris
1296 1829 1360 1867 ac
1395 1814 1604 1878 formis,
1631 1816 2146 1885 velutcompositum
2179 1820 2344 1883 quod-

2438 629 2631 699 διπλῆν
2662 630 2892 699 Τριάδα,
2926 633 3017 683 xui
3046 631 3107 682 τὸ
3142 629 3241 698 μὲν
3276 630 3440 697 μέσον
3465 629 3746 695 ἀναλογεῖν
3780 631 3860 700 τῷ
3889 634 3995 683 Ilu-

2437 720 2546 787 τρὶ,
2579 722 2647 771 τὰ
2676 720 2721 771 δ’
2746 721 2889 789 ἄκρα
2935 721 3013 791 τῷ
3056 721 3168 788 Υἱῷ
3209 722 3299 774 xui
3330 721 3404 789 τῷ
3433 720 3709 788 Πνεύματι
3732 739 3745 751 ⁸
3781 723 3879 773 xui
3907 722 3998 790 τὴν

2436 812 2721 880 τριαδικὴν
2747 813 2843 881 τῆς
2893 814 3177 881 ἁγιότητος
3226 812 3535 881 ὲκφώνησιν
3581 812 3999 879 ἀπαράλλακτον

2438 899 2600 952 οὖσαν
2644 902 2819 969 πάντη
2855 902 2993 972 πρὸς
3040 903 3235 968 ἑαυτὴν
3294 904 3353 953 τὸ
3411 903 3825 970 ἀπαράλλακτον
3885 907 3999 955 κατ’

2437 992 2624 1043 οὐσίαν
2652 994 2745 1043 xui
2768 994 2995 1060 δύναμιν
3029 996 3122 1045 xui
3148 994 3393 1058 ἐξουσίαν
3422 995 3529 1045 τῶν
3552 994 3716 1063 τριῶν
3744 998 4002 1063 αἰνιγμα-

2437 1082 2605 1143 τίζειν
2642 1080 2767 1153 [515
2800 1083 2887 1152 [1.]
2920 1084 3288 1135 ὑποστάσεων.
3338 1084 3447 1136 Καὶ
3494 1086 3914 1152 ὲπισφραγίζειν
3949 1085 4001 1135 δὲ

2441 1174 2533 1225 καὶ
2591 1174 2977 1225 ἐπισυνάπτειν
3024 1174 3084 1224 τὸ
3139 1172 3425 1241 ὁμοούσισν
3491 1176 3584 1225 καὶ
3650 1176 3852 1227 ὲνιαίον
3896 1178 4001 1227 τῶν

2439 1265 2603 1333 τριῶν
2631 1265 2727 1333 τὴν
2759 1265 3050 1335 ἐπαγωγὴν
3078 1264 3171 1317 xui
3214 1266 3486 1335 ἐπιφοράν
3502 1266 3595 1318 τοῦ
3623 1268 3742 1328 ἐνὸς
3774 1267 3996 1335 Κύριος.

2441 1353 2644 1421 Δηλοῦν
2688 1354 2741 1403 δὲ
2792 1354 2883 1404 καὶ
2914 1354 3022 1403 τῶν
3070 1354 3287 1421 πτερῶν
3314 1354 3409 1420 τὴν
3440 1354 3663 1421 διπλόην
3691 1355 3870 1405 πᾶσαν
3906 1356 4002 1421 τὴν

2442 1445 2521 1503 εἰς
2571 1445 2717 1511 ἡμᾶς
2751 1442 2817 1493 δι’
2856 1441 3034 1493 αὐτῶν
3089 1441 3385 1495 κατιοῦσαν
3414 1442 3634 1509 γνῶσιν,
3682 1445 3728 1494 εἰ
3776 1445 3871 1495 xui.
3919 1442 4004 1494 διά

2442 1536 2549 1585 τῶν
2580 1534 2758 1587 άΰλων
2787 1536 3115 1587 διακονεῖται
3158 1536 3505 1601 πνευμάτων,
3539 1535 3636 1602 οὐχ
3679 1533 3859 1601 ἁπλῆν
3891 1534 4002 1585 ἀλλ’

2445 1628 2633 1695 ὑλικὴν
2683 1629 2945 1691 κατιέναι,
2989 1630 3052 1679 ὲκ
3102 1627 3210 1679 τῶν
3244 1627 3365 1679 καθ’
3404 1627 3548 1695 ἡμᾶς
3586 1627 3774 1678 τύπων
3812 1642 3871 1676 τε
3914 1628 4006 1676 xui.

2446 1717 2736 1784 σχημάτων
2788 1719 2899 1777 τοῖς
2949 1716 3224 1778 συνθέτοις
3284 1715 3532 1767 σύνθετον
3571 1714 3956 1784 ἁρμοζομένην
3991 1730 4002 1740 ·

2447 1805 2663 1857 διπλοῦν
2704 1806 2760 1858 δὲ
2804 1807 2861 1858 τὸ
2917 1808 3099 1859 ὑλικὸν
3139 1808 3305 1871 ἁπαν,
3357 1809 3416 1872 ἐξ
3465 1807 3597 1876 ῦλης
3650 1810 4008 1875 συγκείμενον

787 1903 928 1967 dam,
958 1906 1271 1971 compositis
1305 1906 1628 1974 adaptatam,
1687 1924 1809 1961 cum
1852 1908 2046 1978 duplex
2078 1909 2149 1962 sit
2176 1920 2343 1961 matc-
2380 1877 2421 1933 Β

2380 1877 2421 1933 Β
2451 1898 2540 1949 καὶ
2588 1897 2777 1959 εἴδους.
2837 1900 2956 1951 Ἔτι
3012 1898 3069 1951 δὲ
3119 1900 3214 1950 xui
3256 1899 3355 1961 τὰς
3407 1898 3598 1968 νοεράς
3638 1898 3900 1965 δυνάμεις
3952 1896 4009 1959 ἐξ

790 1994 983 2047 riatum
1009 2012 1186 2059 omne,
1214 2013 1274 2048 ex
1301 1998 1521 2050 materia
1542 1999 1829 2052 conflatum
1851 2010 1899 2051 ct
1931 1999 2121 2053 forma.
2157 1999 2339 2064 Quan-

784 2100 943 2151 quam
976 2095 1029 2137 et
1068 2085 1253 2153 190b
1294 2087 1657 2156 intelligibiles
1708 2100 2019 2156 potestates,
2061 2104 2123 2141 ex
2150 2088 2347 2142 sancti-

788 2175 1035 2227 ticatione
1062 2186 1119 2227 et
1149 2178 1469 2239 substantia,
1518 2180 1657 2240 quod
1692 2181 1992 2246 duplicibus
2014 2180 2112 2233 alis
2140 2180 2346 2247 signiti-

789 2267 994 2329 licetur,
1048 2267 1265 2319 conﬂari
1310 2269 1513 2323 volunt.
1565 2270 1786 2322 Certum
1828 2287 1952 2323 vero
1987 2272 2127 2339 quod
2158 2272 2344 2324 horum

789 2355 1047 2423 cognitio,
1090 2356 1481 2422 perfectissima
1518 2359 1628 2422 illa,
1679 2368 1732 2411 et
1765 2375 1883 2427 quae
1916 2377 2126 2413 onmem
2161 2361 2347 2428 cogni-

793 2448 954 2500 tionis
984 2450 1382 2516 simplicitatem
1432 2463 1669 2518 superat,
1727 2465 1783 2505 ut
1810 2469 1931 2521 qua:
1970 2454 2064 2507 soli
2096 2456 2343 2507 creatrici

790 2537 1040 2591 Trinitati
1107 2542 1428 2603 ascribatnr,
1502 2543 1726 2596 inferior
1771 2554 1931 2613 atque
1982 2545 2348 2611 imperfectior

788 2632 1077 2691 assistens,
1142 2646 1245 2683 non
1295 2633 1362 2683 ab
1398 2634 1540 2685 omni
1603 2635 1675 2686 sit
1721 2636 2109 2703 compositione
2160 2636 2347 2688 libera.

790 2721 869 2771 Ad
902 2720 1011 2773 ltzec
1058 2735 1237 2773 vocem
1277 2719 1509 2774 Sanctus
1555 2724 1673 2777 sine
1730 2725 1835 2777 ulla
1886 2728 2350 2793 coagmentatione

793 2810 1077 2875 prolatam,
1108 2822 1160 2862 et
1196 2813 1341 2866 nullo
1370 2814 1590 2866 omnino
1620 2815 1725 2868 alio
1760 2815 2124 2870 intercedente
2156 2831 2349 2880 provo-

793 2901 1008 2964 cabulo,
1058 2903 1297 2955 indicare
1344 2904 1663 2969 simplicem,
1712 2906 1933 2958 minime
1969 2908 2347 2970 compositum,

794 2992 1143 3043 excellentem
1177 3009 1237 3047 ac
1266 3007 1672 3048 sacrosanctum
1693 2997 1886 3050 divina.
1911 3006 2112 3050 naturzc
2126 3010 2347 3063 statum,

796 3092 917 3127 cum
968 3080 1111 3130 omni
1170 3081 1269 3131 alia
1306 3094 1496 3134 natura
1537 3093 1589 3135 et
1623 3085 1969 3138 subsistentia
2002 3098 2345 3155 comparatur.

2445 1986 2715 2054 ἀγιασμοῦ
2751 1987 2842 2038 xui
2894 1988 3113 2052 οὐσίας,
3163 1987 3192 2038 δ
3228 1988 3287 2038 τὸ
3332 1988 3506 2039 διττὸν
3549 1989 3843 2039 αἰνίττεται
3902 1988 4009 2038 τῶν

2446 2079 2754 2149 πτερύγων,
2809 2079 3124 2146 συγκεῖσθαι
3179 2097 3339 2149 φασι·
3380 2080 3538 2150 δῆλον
3583 2082 3638 2133 δὲ
3693 2082 3767 2143 ὼς
3824 2085 3922 2133 xui
3979 2083 4009 2149 ἡ

2443 2170 2648 2222 τούτων
2687 2170 2885 2238 γνῶσις
2933 2172 3029 2240 τῆς
3073 2171 3351 2234 ὁλοτελοῦς
3395 2174 3488 2223 xui
3543 2173 3680 2240 ὑπὲρ
3729 2173 4011 2239 ἁπλότητα

2450 2262 2720 2327 γνώσεως,
2778 2262 2899 2331 ἥτις
2940 2263 3074 2333 μόνῃ
3133 2266 3198 2330 τῇ
3231 2262 3592 2333 δημιουργικῇ
3646 2263 3838 2332 Τριάδι
3909 2265 4009 2330 ἀφ-

2447 2354 2673 2423 ώρισται
2694 2392 2707 2414 ,
2740 2354 3101 2422 ὲλαττουμένη
3146 2360 3240 2407 καὶ
3272 2355 3333 2406 τὸ
3357 2355 3543 2416 ἀτελὲς
3565 2356 3760 2424 ἔχουσα
3790 2355 3893 2406 οὐκ
3932 2356 4010 2424 εῐη

2450 2446 2625 2512 πάσης
2654 2444 2875 2510 διπλόης
2905 2445 2965 2495 τὸ
3001 2445 3285 2513 ἐλεύθερον
3332 2445 3546 2514 ἔχουσα.
3582 2445 3936 2515 Παραδηλοῦν
3961 2445 4011 2497 δὲ

2448 2536 2539 2585 καὶ
2595 2536 2761 2603 αὐτὴν
2797 2536 2841 2565 ³⁰
2889 2535 2985 2605 τὴν
3042 2536 3205 2603 ἅγιος
3256 2538 3479 2605 φωνὴν,
3559 2538 3686 2589 ἄνευ
3738 2537 4011 2605 συνθήκης

2451 2628 2838 2695 προαγομένην
2856 2629 2947 2678 xui
2968 2629 3099 2696 μηδὲ
3128 2628 3551 2696 μεσολαϐοῦντος
3573 2630 3757 2697 ἑτέρου
3778 2631 4017 2698 προσρή-

2452 2733 2640 2785 ματος,
2671 2715 2731 2767 τὸ
2757 2716 2959 2769 ἁπλοῦν
2986 2718 3078 2770 καὶ
3110 2717 3404 2770 ἀσύνθετον
3438 2719 3529 2771 καὶ
3556 2718 3897 2789 ἐξῃρημένον
3927 2720 4016 2770 καὶ

2449 2806 2713 2875 ἀϐέϐηλον
2774 2811 2877 2878 τῆς
2948 2808 3098 2870 θείας
3151 2808 3364 2877 φύσεως
3417 2810 3552 2880 πρὸς
3606 2812 3788 2862 πᾶσαν
3850 2810 4015 2879 ἀλλην

2453 2899 2613 2965 φύσιν
2663 2915 2720 2949 τε
2778 2900 2871 2949 καὶ
2924 2900 3237 2951 ὑπόστασιν
3280 2899 3436 2951 τοῦτο
3481 2901 3539 2953 δὲ
3584 2901 3644 2951 τὸ
3672 2900 3867 2968 ἅγιος,
3912 2899 4016 2952 τῶν

2453 2989 2620 3054 ἀγὲων
2667 2988 2995 3041 αἰνίττεσθαι
3024 2993 3082 3041 τὸ
3116 2991 3540 3061 ὑπεριιῖρνμένον
3566 2993 3659 3044 xui.
3687 2991 4017 3061 ἀσύγκριτον

2453 3084 2587 3149 πρὸς
2615 3081 2793 3133 πᾶσαν
2823 3081 2988 3150 ἁλλην
3011 3081 3415 3151 ὀνομαζομένην
3440 3085 3702 3152 ἁγιότητα
3734 3099 3748 3112 ·
3780 3086 3876 3136 καὶ
3912 3085 4015 3152 γάρ

797 3165 929 3221 Illud
958 3184 1084 3223 vero
1118 3168 1351 3225 SJIIt'lllS
1374 3185 1714 3239 sanctorum,
1746 3174 2007 3243 ejusmodi
2044 3179 2350 3249 significare
2381 3205 2426 3264 ρ

2381 3205 2426 3264 c
2457 3174 2548 3223 xui.
2580 3172 2691 3222 ὅσοι
2717 3172 2802 3223 διὰ
2832 3170 2891 3221 τὸ
2919 3174 3074 3224 Θεῖον
3105 3174 3249 3240 ἆγιοι
3280 3173 3545 3240 λέγονται,
3600 3173 3819 3242 βέϐηλοί
3848 3191 3909 3226 τε
3952 3176 4012 3227 ἂν

797 3262 1231 3325 sanctimoniam,
1296 3280 1415 3329 quae
1442 3266 1513 3319 sit
1551 3281 1712 3335 supra
1747 3283 1961 3321 onmem
2007 3270 2190 3334 aliam,
2237 3288 2356 3340 qua:

799 3354 1065 3407 nominari
1129 3358 1319 3422 possit,
1368 3356 1629 3410 collocata
1664 3374 1679 3411 :
1714 3358 2044 3427 minimeque
2090 3376 2212 3414 cum
2268 3363 2353 3415 illa

798 3448 1188 3507 componenda.
1233 3445 1508 3514 Quotquot
1556 3448 1700 3500 enim
1735 3451 1803 3502 ob
1839 3448 2078 3503 divinam
2124 3454 2353 3519 gratiam

799 3534 971 3585 sancti
1017 3534 1289 3598 dicuntur,
1337 3537 1545 3603 profani
1591 3539 1792 3607 alioqui
1827 3552 1988 3608 atque
2020 3542 2214 3611 impuri
2248 3560 2357 3599 ute-

801 3625 906 3676 rito
935 3624 1168 3691 judicari
1202 3637 1421 3695 queant,
1455 3630 1499 3682 si
1532 3645 1655 3684 cum
1688 3630 1797 3684 Deo
1830 3646 2243 3701 componantur.
2291 3637 2360 3691 Ut

797 3724 852 3767 et
874 3732 1063 3770 omnes
1094 3733 1267 3786 reges,
1318 3720 1484 3782 servi,
1525 3730 1579 3775 et
1604 3721 1939 3785 exsistentia,
1963 3740 2064 3776 non
2087 3725 2358 3779 exsisten-

802 3808 894 3869 tia,
922 3809 988 3862 ad
1019 3824 1141 3862 eum
1167 3811 1256 3878 qui
1289 3826 1478 3864 revera
1505 3812 1953 3867 exsistitcollata.
1976 3815 2356 3871 Excellentiain

800 3899 984 3964 igitur,
1032 3908 1091 3952 ut
1130 3903 1332 3954 dictum
1373 3911 1475 3966 est,
1519 3918 1582 3958 ac
1612 3905 1889 3972 singulare
1916 3907 2069 3975 quid,
2108 3918 2160 3961 et
2197 3924 2357 3976 supra

800 3989 1017 4057 reliqua:
1044 4001 1308 4045 creatura:
1327 3993 1585 4047 terminos
1635 3993 1703 4047 de
1732 3995 1840 4047 Deo
1893 3995 2101 4049 nuntiat
2138 3997 2358 4051 verbum

800 4078 925 4132 illud
948 4080 1196 4134 Sanctus.
1224 4083 1483 4135 Sanctum
1502 4083 1646 4135 enim
1676 4084 1762 4137 hic
1794 4084 1965 4150 dicas,
1998 4101 2102 4138 non
2124 4088 2262 4154 quod
2292 4088 2361 4141 ab

796 4172 940 4225 omni
967 4172 1145 4237 sorde,
1180 4188 1298 4242 quae
1324 4189 1517 4242 corpus
1556 4188 1648 4230 aut
1678 4178 1912 4230 animam
1948 4178 2211 4246 inquinat,
2260 4196 2360 4248 pu-

802 4279 918 4317 rum
949 4274 1069 4330 est;
1107 4280 1467 4332 nequaquam.
1509 4265 1765 4330 Quanam
1797 4268 1940 4321 enim
1981 4270 2066 4322 illa
2091 4269 2185 4325 Dei
2221 4274 2358 4336 laus,

799 4365 889 4409 aut
918 4358 1095 4425 potius
1132 4360 1405 4427 quomodo
1446 4374 1550 4412 non
1584 4371 1825 4414 extrema
1871 4362 1988 4430 ejus
2034 4366 2359 4432 vituperatio

800 4448 889 4510 sit,
927 4447 969 4501 si
1004 4448 1055 4502 id
1090 4448 1420 4503 laudationis
1445 4450 1561 4505 loco
1602 4464 1915 4520 usurpetur,
1951 4455 2092 4523 quod
2118 4454 2257 4509 Deus
2290 4458 2356 4510 ab

2458 3266 2773 3336 κριθείησαν
2824 3267 2918 3318 xui
2971 3264 3265 3333 ἀκάθαρτοι
3326 3264 3797 3333 παραϐαλλόμενοι
3856 3263 4014 3332 Θεῷ,

2456 3358 2643 3427 ῶσπερ
2678 3360 2769 3410 xui
2798 3359 2996 3419 πάντες
3030 3359 3077 3408 οἱ
3116 3356 3349 3419 βασιλεῖς
3392 3356 3592 3419 δοῦλοι,
3643 3358 3739 3407 καὶ
3777 3356 3855 3423 μὴ
3890 3357 4013 3407 ϐντα

2455 3450 2521 3501 τά
2557 3450 2685 3500 ὂντα
2712 3449 2845 3518 πρὸς
2876 3449 2965 3500 τὸν
2986 3448 3152 3509 ὅντως
3184 3448 3312 3499 ὄντα
3344 3447 3725 3514 ἐξεταζόμενα.
3758 3447 3834 3497 Τὸ
3870 3447 4010 3509 ἐξαξ-

2462 3554 2613 3607 ρετον
2658 3538 2855 3600 τοίνυν,
2913 3537 2989 3599 ὠς
3038 3538 3271 3605 εἴρηται,
3334 3539 3427 3587 καὶ
3488 3536 3874 3605 μεμονωμένον
3927 3538 4015 3587 xui

2459 3629 2637 3697 πάσης
2655 3629 2817 3697 ἄλλης
2840 3629 3126 3696 ὑπερόριον
3150 3628 3361 3695 φύσεως
3390 3628 3480 3679 ἐπὶ
3506 3627 3641 3679 Θεοῦ
3659 3628 4015 3695 καταγγέλλει

2457 3719 2518 3771 τὸ
2574 3717 2760 3786 ἅγιος.
2827 3716 2951 3788 [608
3001 3716 3091 3788 R.]
3130 3718 3317 3784 Ἀγιον
3371 3719 3478 3787 γὰρ
3529 3718 3763 3771 ἐνταῦθα
3814 3719 3934 3795 auxi.
3962 3718 4018 3769 τὸ

2462 3808 2632 3877 ῥύπου
2690 3808 2832 3870 τινὸς
2883 3810 3124 3877 καθαρὸν
3174 3806 3313 3862 εἶναι
3345 3811 3435 3863 διὰ
3479 3810 3727 3879 σώματος
3772 3811 3807 3879 ἢ
3850 3811 4016 3878 ψυχῆς

2459 3898 2823 3961 διαϐαίνοντος
2842 3918 2853 3927 ·
2873 3899 3075 3966 ἄπαγε·
3110 3900 3211 3952 ποῦ
3230 3902 3338 3972 γὰρ
3353 3900 3623 3969 ἐγκώμιον
3641 3901 3800 3963 Θεοῦ,
3827 3903 4017 3971 μᾶλλον

2459 3989 2515 4041 δὲ
2543 3989 2658 4050 πῶς
2694 3990 2793 4042 οὑκ
2826 3991 3050 4058 ἔσχατος
3079 3990 3243 4059 ψόγος
3265 3995 3343 4055 εἰς
3378 3992 3542 4061 ὕμνον
3570 3994 4019 4062 παραλαμϐάνειν

2459 4082 2519 4132 τὸ
2570 4080 2757 4132 παθῶν
2802 4081 3146 4150 ἀπηλλάχθαι
3193 4083 3253 4135 τὸ
3294 4083 3447 4135 Θείον
3473 4084 3651 4149 λέγειν
3680 4084 3791 4135 τῶν
3823 4084 4017 4153 ἡμετέ-

2463 4191 2602 4243 ρων;
2640 4173 2777 4225 ἀλλὰ
2803 4175 2863 4225 τὸ
2897 4175 3278 4244 ἀφωρισμένον
3305 4177 3399 4227 xui
3444 4176 3879 4245 ὑπεριδρυμένον
3919 4178 4020 4228 τῶν

2462 4268 2637 4327 ἄλλων
2662 4268 2914 4320 ἁπάντων
2946 4270 3038 4321 καὶ
3060 4269 3482 4338 ἁνακεχωρηκὸς
3510 4271 3759 4337 ἀνυμνεῖ.
3790 4271 4022 4340 Σύνηθες

2463 4358 2518 4409 δὲ
2543 4361 2609 4427 τῇ
2649 4358 2769 4427 θεία
2794 4360 2982 4429 Γραφῇ
3026 4362 3086 4411 τὸ
3130 4360 3367 4411 τοιοῦτον
3403 4365 3498 4430 τῆς
3531 4362 3728 4426 λέξεως
3762 4363 4024 4428 σημαινό-

2463 4466 2642 4518 μενον,
2695 4450 2771 4511 ὡς
2822 4450 2919 4514 τὸ,
2973 4449 3101 4505 Πᾶν
3132 4451 3175 4481 ³¹
3230 4451 3420 4518 ἄρσεν
3455 4452 3759 4521 διανοῖγον
3787 4454 4026 4521 μήτραν

798 4537 1173 4593 atl‘ectionibus
1207 4542 1409 4594 nostris
1442 4541 1575 4594 liber
1603 4544 1875 4597 exsistat?
1920 4545 2025 4598 Sed
2053 4546 2357 4600 distinctam
2391 4533 2436 4589 Β

2391 4533 2436 4589 D
2465 4541 2638 4609 ἅγιον
2675 4539 2753 4604 τῷ
2773 4544 2967 4608 Κυρίῳ
3000 4543 3387 4607 κληθήσεται,
3411 4544 3687 4595 τουτέστιν
3714 4547 4024 4613 ἀφωρισμέ-

799 4627 809 4695 ι
842 4627 930 4680 Dei
952 4639 1195 4681 naturam
1228 4644 1331 4683 vox
1363 4627 1489 4700 illa]
1518 4641 1573 4685 et
1596 4632 1807 4685 caeteris
1827 4633 2077 4686 omnibus
2114 4637 2359 4688 antecel-

798 4726 1020 4778 lentem,
1070 4731 1232 4788 atque
1289 4724 1355 4774 ab
1391 4722 1457 4775 iis
1496 4723 1800 4791 sejunctam
1836 4725 2109 4791 praedicat.
2175 4725 2361 4794 Neque

801 4822 927 4861 vero
957 4809 1172 4862 insolita
1200 4811 1370 4863 sacris
1387 4810 1603 4865 Litteris
1626 4813 1890 4882 ejusmodi
1932 4813 2087 4881 hujus
2115 4818 2360 4871 vocabuli

801 4901 1144 4969 significatio,
1196 4911 1254 4955 ut
1305 4903 1375 4956 ibi
1413 4919 1428 4956 :
1465 4904 1628 4956 Omne
1674 4906 2023 4959 masculinum
2055 4910 2360 4977 θάρρει-ἔειπε

802 4991 1021 5055 rutrum,
1060 5003 1296 5045 sanctum
1320 4994 1542 5048 Domino
1566 4997 1911 5067 vocabiturl“,
1960 5001 2058 5053 hoc
2082 5010 2184 5067 est,
2223 5002 2361 5056 sele-

800 5091 965 5133 ιτιιιιιι.
1009 5082 1073 5135 Et
1102 5099 1313 5136 rursum
1342 5084 1589 5140 Judicum
1631 5087 1771 5141 libro
1802 5107 1813 5140 :
1848 5086 2031 5141 Paries
2068 5090 2261 5157 ﬁlium,
2316 5103 2363 5145 et

2466 4650 2579 4684 vov.
2613 4634 2721 4685 Καὶ
2758 4632 2919 4684 πάλιν
2955 4635 3012 4684 ὲν
3045 4637 3154 4695 τοῖς
3186 4636 3413 4704 Κριταῖς
3443 4635 3510 4665 ³²⁶
3559 4635 3704 4702 Τέξῃ
3746 4637 3904 4697 υἱὸν,
3932 4636 4021 4688 καὶ

2466 4726 2576 4775 οὐκ
2615 4723 2979 4786 ἀναϐήσεται
3012 4725 3260 4791 σίδηρος
3305 4726 3401 4778 ἐπὶ
3440 4726 3556 4791 τὴν
3603 4727 3887 4794 κεφαλὴν
3933 4729 4024 4779 αὐ-

2463 4813 2591 4877 τοῦ,
2618 4814 2707 4865 ὅτι
2728 4815 3099 4882 ἡγιασμένον
3127 4816 3255 4868 ἐστὶ
3281 4818 3342 4868 τὸ
3374 4817 3709 4883 παιδάριον,
3734 4818 3828 4869 καὶ
3863 4819 4023 4885 μυρία

2464 4904 2619 4957 ἁλλα.
2658 4904 2811 4956 Οὕτω
2870 4906 2931 4975 δὴ
2980 4907 3074 4957 καὶ
3126 4906 3445 4973 ἁγιάζεσθαι
3493 4910 3583 4959 τὸν
3630 4908 3795 4959 τόπον
3842 4908 3875 4978 ἢ
3936 4909 4027 4960 τὸν

2468 4998 2695 5066 ἀρτονῆ
2736 4997 2824 5049 τὸν
2873 4994 3033 5061 οἶνον,
3083 4998 3119 5052 ει
3151 4999 3227 5067 τῷ
3264 4999 3385 5068 Θεῷ
3430 5018 3607 5069 φαμεν
3672 5001 4029 5071 ἀφορίζεσθαι

2471 5086 2720 5156 καὶπρὸς
2751 5087 3021 5157 μηδεμίαν
3054 5092 3236 5158 κοινὴν
3262 5091 3631 5161 ὑποφέρεσθαι
3670 5092 3885 5161 χρῆσιν.

805 5191 904 5225 non
946 5174 1183 5227 ascendet
1212 5176 1409 5243 ferrum
1434 5194 1590 5245 super
1617 5191 1769 5249 caput
1798 5183 1929 5247 ejus,
1967 5183 2089 5249 quia
2128 5184 2490 5250 sanctiﬁcata:
2533 5179 2668 5245 (47')
2716 5192 2789 5231 est
2825 5197 2970 5248 puer.
3011 5184 3235 5252 Aliaquc
3264 5196 3536 5239 sexcenta.
3582 5183 3673 5239 Sic
3718 5201 3853 5239 sane
3906 5200 4030 5240 san-

873 5352 918 5383 ⁵³
957 5352 1055 5405 lsa.
1096 5369 1169 5413 νι,
1205 5352 1239 5403 2
1275 5366 1429 5419 seqq.

1506 5351 1550 5380 ³⁸
1611 5349 1766 5401 Νυιιι.
1801 5364 1917 5410 νιιι,
1956 5348 2054 5413 16;
2106 5347 2233 5401 Luc.
2272 5365 2329 5413 ιι,
2371 5348 2461 5403 ‘25.

2065 5460 2297 5515 VARI/13
2335 5460 2732 5516 LECTIONES.

875 5561 917 5589 η
944 5559 1041 5627 τὴν
1075 5558 1154 5629 ἐν]
1205 5558 1308 5611 lsa.
1376 5572 1450 5619 νι,
1488 5556 1543 5609 9..
1620 5556 1661 5585 ³⁰
1691 5554 1858 5625 αὐτὴν
1911 5554 2032 5607 add.
2059 5555 2122 5606 Α.

2198 5555 2238 5584 ³⁸
2266 5552 2395 5626 πᾶν]
2452 5553 2578 5607 an.
2615 5570 2673 5617 ll,
2704 5554 2792 5609 9.3.

2873 5556 2917 5587 ³⁸
2950 5553 3199 5625 Κριταῖς]
3266 5556 3352 5621 15,
3376 5555 3427 5608 5.

2308 5644 2536 5699 NOTAE.

881 5746 1012 5813 (47⁸)
1052 5744 1224 5797 Judic.
1260 5761 1376 5807 xm,
1413 5745 1463 5794 ΐί.
1524 5746 1575 5797 In
1629 5742 1781 5807 Vulg.
1819 5750 1871 5792 ct
1903 5738 2038 5813 LXX
2074 5738 2369 5793 Nazarqu
2401 5741 2633 5810 legitur:
2670 5759 2791 5812 qua:
2831 5760 2929 5797 vox
2962 5742 3203 5797 llehrzcis
3243 5753 3501 5803 sanctum,
3535 5741 3614 5795 vcl
3638 5740 4025 5806 sancti/iculum

812 5812 1098 5882 tignilirat,
1128 5828 1182 5868 ut
1238 5819 1373 5883 apud
1410 5815 1463 5867 Β.
1501 5815 1808 5879 llictouyni.
1849 5812 2050 5862 viil-ms.
