4196 6442
164 429 267 494 769

1192 431 1717 491 BIBLIOTIIECA.
1761 454 1829 467 --
1863 430 2027 492 COD.
2060 431 2340 492 CCXXII.

3300 439 3405 506 ’ΠΟ

164 544 361 598 tiﬁcari
399 544 595 607 locum,
628 557 692 597 ve
741 559 952 612 panem,
1011 544 1089 597 vel
1124 546 1303 599 vinum
1331 548 1581 608 dicimus,
1617 562 1733 613 qua:
1763 549 1869 600 Deo
1901 557 2278 612 secernuntur,
2303 554 2354 599 et
2383 546 2446 598 ad
2476 545 2681 599 nullum
2740 559 3078 602 communem
3133 564 3288 604 usum
3324 569 3407 605 rc-

164 637 435 691 feruntur.

236 730 325 786 Et;
395 727 575 777 πίστιν
630 726 685 777 δὲ
740 726 1008 794 παράγειν
1058 728 1374 796 ἐπιχειρεῖ,

164 821 317 871 ἇῦλοι
386 819 641 885 δυνάμεις
697 817 893 878 ὑλικῶς
956 820 1066 879 τοῖς
1134 818 1342 884 ήλικοῖς
1397 818 1466 867 τὰ
1530 818 1734 869 ἄνωθεν

161 908 654 977 διαπορθμεύουσι,
698 910 797 974 τὴν
848 906 1036 955 λαῦίδα
1065 906 1128 966 ³⁸,
1162 906 1226 974 ἢν
1257 905 1313 957 ἓν
1342 906 1449 956 τῶν
1487 907 1736 975 Σεραφὶμ

166 1000 301 1069 πρὸς
332 1001 425 1052 τὸν
472 1001 756 1067 προφήτην
804 998 1259 1065 ἁποστελλόμενον
1300 996 1460 1065 ἔφερε
1482 1040 1495 1061 ,
1530 998 1618 1049 τὸν
1652 998 1736 1049 ἄν·

166 1095 350 1163 θρακα
382 1093 674 1161 φέρουσαν.
699 1091 862 1159 Δῆλον
891 1090 997 1161 γὰρ
1030 1091 1102 1153 ὼς
1140 1092 1197 1141 ὲν
1246 1093 1575 1159 σωματικοῖς
1598 1108 1736 1159 συμ-

166 1186 347 1247 ϐόλοις
372 1185 678 1251 ἀσωμάτων
703 1182 866 1234 τινῶν
892 1185 987 1234 καὶ
1020 1182 1224 1250 νοητῶν
1256 1185 1289 1252 η
1312 1184 1600 1251 ἀσώματος
1634 1183 1726 1234 δύ-

162 1294 329 1344 ναμις
369 1274 635 1343 ὑπεδήλου
664 1272 739 1342 τῷ
774 1276 1027 1343 προφήτῃ
1050 1276 1343 1341 μυστήρια,
1383 1272 1739 1341 διδασκούσης

164 1370 312 1437 ἡμᾶς
352 1368 449 1434 τῆς
487 1367 635 1434 ἱερᾶς
665 1364 884 1433 Γραφῆς
918 1365 1018 1426 ὃτι,
1053 1364 1303 1432 καθάπερ
1326 1362 1424 1415 οὐκ
1449 1363 1592 1413 ἔστιν
1610 1361 1736 1414 ἄνευ

167 1460 469 1529 μεσότητος
514 1456 637 1508 οὒτε
711 1456 844 1524 ὕλης
901 1455 1215 1524 παχυτέρας
1267 1454 1359 1505 τοῦ
1418 1454 1589 1524 πυρὸς
1638 1453 1736 1505 λα-

165 1552 381 1611 ϐέσθαι,
416 1547 559 1599 οὕτω
598 1549 690 1598 καὶ
723 1546 829 1598 τῶν
871 1546 1028 1598 θείων
1060 1546 1211 1597 οὐδὲν
1241 1546 1355 1597 ἔστι
1388 1545 1567 1596 λαϐεῖν
1606 1546 1733 1598 ἄνευ

169 1641 457 1709 συμϐόλων
488 1639 688 1691 ύλικῶν
714 1638 808 1689 καὶ
832 1638 877 1667 ³⁵
907 1636 1229 1705 προσφόρων
1263 1639 1372 1698 τοῖς
1406 1638 1731 1704 δεχομένοις.

171 1732 327 1782 Ἐστι
353 1731 411 1782 δὲ
442 1731 536 1781 καὶ
564 1731 594 1797 ἡ
624 1727 779 1787 λαϐὶς
817 1725 944 1797 [514
968 1723 1061 1793 ιη
1082 1723 1326 1776 τυποῦσα
1350 1724 1445 1792 τὴν
1468 1725 1598 1793 ὓλην
1627 1724 1735 1775 ὦσ-

168 1838 273 1890 περ
289 1824 316 1873 ό
335 1821 540 1889 ἄνθραξ
561 1820 620 1871 τὸ
638 1819 777 1871 θεῖον
799 1834 810 1846 ·
839 1818 901 1869 Ὀ
931 1817 1039 1885 γὰρ
1052 1818 1094 1848 ³⁸
1117 1818 1259 1882 Θεὸς
1273 1814 1441 1883 ἡμῶν
1465 1816 1583 1883 πῦρ
1600 1831 1736 1868 κατ-

167 1914 527 1964 αναλίσκον·
554 1911 645 1963 καὶ
678 1948 693 1971 ,
732 1908 805 1962 Τὰ
828 1911 999 1975 λόγια
1022 1908 1063 1938 ³⁸
1083 1907 1302 1975 Κυρίου
1323 1906 1732 1973 πεπυρωμένα.

169 2006 279 2059 Καὶ
317 2004 457 2072 αὐτὴ
509 2003 567 2055 δὲ
598 2003 631 2070 ὴ
666 2001 819 2069 φωνὴ
865 2000 964 2067 τῆς
1007 1999 1220 2060 ὶαϐίδος
1250 2002 1348 2069 τὴν
1387 2000 1529 2068 ἁφὴν
1554 1998 1733 2065 ἀπαγ-

1429 727 1620 796 ετιτερ
1688 729 1743 780 αἰ
1772 730 1821 788 Λ
1918 726 2100 779 Fidem
2142 738 2270 776 vero
2294 734 2349 774 ut
2384 721 2545 775 faciat
2569 723 2652 776 his
2696 724 2858 792 (quod
2895 726 3131 777 materia:
3161 738 3407 793 expertes

1844 820 2065 885 spiritus
2097 815 2451 869 materialiter
2495 816 2647 867 nobis
2692 816 2988 869 materiatis
3021 832 3108 871 res
3154 820 3405 873 cmlestcs

1842 909 2113 973 atIerant),
2141 908 2392 976 forcipem
2428 910 2570 961 illam
2611 908 2879 961 adducere
2908 911 3081 976 pergit
3112 911 3175 970 ⁸⁷,
3235 926 3398 977 quam

1844 1013 1981 1050 unus
2011 1012 2040 1050 e
2065 998 2346 1064 Seraphim
2381 999 2444 1050 ad
2481 996 2792 1065 prophetam
2829 996 3024 1051 missus
3047 999 3247 1061 attulit,
3277 1014 3403 1051 car-

1843 1088 2033 1138 honem
2065 1086 2419 1153 complcxam.
2452 1086 2633 1138 Palam
2668 1088 2810 1140 enim
2842 1098 2921 1138 est
2954 1089 3321 1155 torporalibus
3350 1090 3403 1141 in

1844 1175 2102 1244 symbolis
2146 1177 2513 1242 incorpoream
2562 1177 2705 1229 illam
2777 1187 3099 1245 potestatem
3152 1179 3403 1247 incorpo-

1846 1284 2059 1322 reorum
2089 1268 2445 1336 quorumdam
2508 1278 2668 1335 atque
2708 1268 3117 1333 intelligibilinm
3146 1274 3405 1337 mySteria

1842 1358 2147 1427 signiﬁcare
2194 1358 2331 1422 apud
2374 1360 2689 1428 prophetam
2737 1360 2993 1421 voluisse,
3039 1361 3268 1415 docente
3308 1377 3406 1415 nos

1842 1464 1997 1503 sacra
2065 1449 2345 1518 Scriptura
2381 1468 2395 1504 :
2429 1451 2879 1519 quemadmodum
2923 1454 3039 1505 sine
3087 1454 3407 1509 intermedio

1843 1543 2044 1612 aliquo,
2090 1553 2143 1595 et
2187 1546 2389 1607 absque
2419 1544 2686 1597 crassiore
2724 1544 2946 1595 materia
2978 1544 3113 1610 ignis
3154 1544 3270 1611 capi
3300 1559 3404 1597 non

1845 1643 2063 1703 potest:
2099 1634 2175 1687 sic
2233 1650 2329 1686 nec
2380 1650 2558 1687 rerum
2602 1633 2903 1685 divinarum
2953 1634 3242 1700 quidquam
3285 1649 3411 1702 per-

1844 1725 1945 1792 cipi
1981 1740 2136 1792 posse
2168 1725 2283 1777 sine
2333 1723 2702 1777 materialibus
2750 1723 3027 1792 symbolis,
3089 1725 3405 1791 caaterisque

1844 1816 2022 1879 rebus,
2048 1816 2112 1869 iis
2145 1816 2233 1883 qui
2265 1816 3055 1882 susciperentaccommodatis.
3100 1816 3192 1868 Est
3226 1827 3403 1869 autem

1844 1905 2055 1973 forceps
2080 1906 2359 1959 materiam
2394 1905 2700 1974 designans,
2735 1905 2930 1975 191a
2955 1907 3403 1974 quemadmodum

1842 2007 1894 2050 et
1917 1997 2080 2051 carbo
2120 1999 2359 2052 divinum
2392 2015 2587 2052 numen
2616 2001 2856 2052 denotat.
2906 2001 3041 2052 Deus
3070 2002 3205 2051 enim
3232 2011 3407 2051 noster

171 2095 373 2163 γέλλει,
395 2095 516 2163 ἥτις
566 2092 805 2162 δηλονότι
839 2091 930 2145 ἐπὶ
970 2090 1148 2159 μόνων
1185 2091 1378 2160 ὁρᾶται
1401 2090 1508 2141 τῶν
1540 2080 1730 2159 αἰσθησ
1767 2088 1809 2147 Β

1767 2088 1809 2147 Β
1837 2088 1976 2153 ignis
2025 2103 2330 2141 consumens
2386 2098 2458 2141 est
2491 2087 2559 2142 ⁵⁸.
2622 2087 2728 2141 Ει;
2768 2088 2992 2156 Eloquia
3036 2087 3246 2142 Domini
3288 2089 3405 2158 igne

166 2186 295 2241 τῶν.
330 2187 494 2247 Ἴσως
525 2184 581 2236 δὲ
622 2185 715 2236 καὶ
756 2182 852 2252 τὴν
889 2183 1029 2253 ὑπὲρ
1083 2181 1240 2251 ἡμῶν
1289 2181 1598 2249 οἰκονομίαν
1643 2180 1736 2233 τοῦ

167 2280 341 2347 Λόγου
375 2278 849 2348 αἰνιγματίζεσθαι
875 2277 961 2328 διὰ
990 2276 1097 2326 τῶν
1118 2274 1425 2345 εἰρημένων
1456 2274 1738 2343 συμϐόλων

169 2375 336 2438 φάναι
373 2371 524 2421 οὐδὲν
571 2370 829 2429 ἀπεικός·
879 2367 936 2419 τὸ
982 2367 1086 2437 γὰρ
1134 2366 1274 2418 θεῖον
1316 2365 1426 2433 πῦρ
1473 2364 1738 2433 παχύτητι

167 2462 267 2531 τῆς
298 2460 423 2513 καθ’
446 2462 593 2528 ἡμᾶς
632 2459 833 2529 σαρκὸς
866 2457 1282 2526 προσωμίλησεν
1322 2457 1471 2525 ἡμῖν.
1509 2456 1737 2506 Δυνατὸν

169 2554 223 2605 δέ
273 2570 408 2621 φησι
441 2553 537 2603 καὶ
562 2552 659 2619 τὴν
690 2552 786 2619 μὲν
832 2549 1024 2601 λαϐίόα
1058 2548 1155 2617 τὴν
1193 2548 1419 2618 νομικὴν
1459 2547 1738 2609 εἰκονίζειν

172 2646 351 2703 σκιὰν,
375 2644 466 2694 τὸν
489 2642 730 2711 ἄνθρακα
754 2642 923 2710 δὲτὴν
939 2641 1081 2692 Νέαν
1098 2641 1391 2709 Διαθήκην·
1420 2641 1509 2690 καὶ
1530 2640 1635 2708 γὰρ
1652 2638 1739 2690 διὰ

166 2734 275 2785 τῶν
303 2734 592 2800 συμϐόλων
641 2733 746 2785 τῶν
776 2732 1009 2800 νομικῶν
1043 2732 1109 2783 τὰ
1147 2734 1244 2799 τῆς
1290 2731 1431 2792 Νέας
1467 2731 1737 2799 μυστήρια

168 2810 620 2893 παραδηλοῦσθαί
669 2841 725 2875 τε
775 2825 868 2875 καὶ
927 2826 1039 2886 τοῖς
1083 2821 1390 2890 εὐγνώμοσι
1440 2820 1738 2890 παραδίδο-

169 2916 318 2971 σθαι.
374 2917 535 2981 Λέγει
576 2916 631 2965 δὲ
662 2916 751 2966 καὶ
780 2916 870 2966 τοῦ
907 2914 1184 2984 Κυριακοῦ
1237 2912 1484 2982 σώματος
1523 2914 1613 2964 ὲπί
1643 2913 1738 2980 τῆς

169 3008 322 3076 ἰερᾶς
385 3005 665 3075 τραπέζης
713 3005 1065 3074 προτεθέντος
1113 3005 1198 3057 διὰ
1242 3006 1398 3056 τοῦτο
1436 3004 1560 3065 τοὺς
1609 3004 1736 3072 παρ’

167 3099 410 3167 ἑκάτερα
436 3098 543 3148 τῶν
565 3098 629 3149 τὰ
665 3097 785 3165 ἱερὰ
807 3098 1262 3164 ὑπηρετουμένων
1279 3096 1490 3166 ῥιπίδας
1524 3096 1738 3163 πτερῶν

167 3188 553 3255 πεποιημένας
583 3191 695 3249 τοῖς
739 3190 1118 3256 προκειμένοις
1166 3190 1409 3255 φρικτοῖς
1455 3188 1735 3247 ἐπικινείν,

166 3281 277 3331 τῶν
301 3279 695 3348 ἑξαπτερύγων
730 3280 991 3347 φέροντας
1025 3277 1289 3345 σύμϐολα,
1319 3276 1391 3337 ὡς
1428 3278 1490 3329 ἂν
1512 3280 1583 3346 μὴ
1610 3278 1737 3330 ἐῶσι

164 3371 292 3431 τοὺς
329 3369 682 3434 τελουμένους
711 3370 821 3428 τοῖς
851 3368 1148 3436 ὁρωμένοις
1184 3368 1557 3435 ὲναπομένειν,
1602 3368 1737 3420 ἀλλὰ

169 3462 376 3523 παντὸς
457 3459 725 3522 προσύλου
804 3458 1058 3527 ὑπεράνω
1132 3458 1451 3525 γενομένους
1528 3461 1737 3527 νοεροῖς

166 3552 472 3619 ὀφθαλμοῖς
499 3550 584 3602 διὰ
624 3549 733 3602 τῶν
775 3552 1066 3621 ὁρωμένων
1098 3551 1189 3602 ἐπὶ
1228 3552 1326 3619 τὴν
1356 3551 1583 3619 ἀόρατον
1614 3551 1741 3603 θέαν

166 3644 262 3694 καὶ
291 3643 354 3693 τὸ
403 3644 680 3712 ἀμήχανον
715 3643 888 3693 ὲκείνο
917 3641 960 3672 ³⁷
999 3641 1189 3703 κάλλος
1236 3642 1738 3711 παρασκευάζουσιν

168 3732 529 3802 ἀναδραμεῖν.
573 3734 681 3785 Καὶ
728 3734 834 3802 γὰρ
882 3734 978 3785 καὶ
1010 3734 1333 3800 σωματικῶς
1377 3733 1454 3802 τῷ
1497 3734 1738 3803 Δεσπότῃ

170 3822 415 3889 παρόντι
456 3820 605 3888 φόϐῳ
635 3821 728 3872 καὶ
749 3821 937 3889 τρόμῳ
966 3822 1034 3871 τὰ
1061 3822 1311 3889 Σεραφὶμ
1336 3821 1594 3890 ὑπηρέτει
1629 3838 1642 3852 ⁸
1677 3817 1738 3874 οὗ

164 3910 316 3973 τίνος
344 3911 513 3978 φόϐου
546 3911 637 3962 καὶ
668 3911 871 3978 τρόμου
902 3910 1129 3979 αἴνιγμα
1158 3905 1294 3962 εἶναι
1336 3911 1553 3979 καιτὴν
1588 3927 1740 3977 γενο-

169 4003 345 4074 μένην
385 4001 471 4053 διὰ
501 4002 607 4053 τῶν
643 4001 860 4070 πτερῶν
891 4001 1120 4067 κίνησιν,
1162 4002 1229 4070 ῆν
1279 4003 1337 4052 τὸ
1372 4002 1742 4071 ὑπηρετούμε-

162 4112 258 4147 νον
281 4093 514 4160 ἐνεργεῖ.
551 4093 611 4144 Εἰ
646 4093 701 4144 δὲ
726 4092 794 4143 τὰ
823 4092 1073 4160 Σεραφὶμ
1117 4091 1485 4159 ὑπηρετοῦντα
1516 4091 1737 4160 δηλοῦν-

164 4200 259 4235 ται
298 4180 343 4213 ³⁸
385 4182 477 4233 καὶ
513 4181 847 4249 σαρκωοέντι
877 4180 955 4250 τῷ
990 4179 1165 4249 Λόγῳ,
1219 4182 1311 4231 καὶ
1337 4181 1486 4231 οὐδὲν
1531 4182 1615 4232 διὰ
1645 4181 1739 4250 τὴν

166 4275 325 4327 κάτω
364 4271 460 4324 τοῦ
493 4272 663 4340 Λόγου
708 4273 980 4342 διαγωγὴν
1013 4274 1110 4341 τῆς
1152 4273 1261 4324 ἄνω
1296 4272 1589 4341 καθυφίησι
1623 4273 1740 4324 δου·

163 4366 341 4427 λείας,
376 4364 616 4432 δηλονότι
644 4366 736 4416 καὶ
766 4366 797 4433 ἡ
825 4364 960 4434 ἄλλη
990 4365 1097 4416 τῶν
1122 4365 1423 4433 ἀσωμάτων
1439 4363 1737 4432 διακόσμη-

166 4474 253 4519 σις
295 4456 433 4508 νόων
483 4456 571 4506 τὸν
611 4456 751 4524 μετὰ
806 4456 1008 4523 σαρκὸς
1060 4453 1466 4523 παραγεγονότα
1513 4452 1739 4522 λατρεύ-

161 4565 305 4601 ουσα
351 4546 695 4616 προσεκύνει.
732 4543 973 4616 [6091ὶ.]
1016 4545 1079 4597 Ἦ
1109 4546 1216 4613 γὰρ
1261 4547 1317 4595 ὲν
1344 4542 1552 4604 τούτοις
1592 4560 1740 4613 πρω-

162 4634 406 4686 τεύουσα
433 4633 607 4697 τάξις,
657 4633 753 4700 τὴν
792 4632 1035 4685 δουλείαν
1069 4635 1129 4683 οὐ
1182 4631 1596 4700 καινοτομοῦσα,
1647 4631 1738 4683 καὶ

1842 2178 2143 2230 examinata
2175 2178 2241 2230 ”.
2284 2179 2413 2248 |lpsa
2472 2193 2687 2246 quoque
2748 2194 2846 2231 vox
2915 2179 3137 2246 forcipis
3198 2188 3401 2231 tactum

1841 2269 2130 2337 signiﬁcat,
2173 2271 2262 2338 qui
2298 2269 2511 2323 scilicet
2536 2271 2587 2322 in
2626 2270 2755 2324 solis
2788 2280 3008 2338 apparet
3035 2272 3401 2324 scnsibilibus.

1840 2357 2091 2413 Fortasse
2116 2375 2239 2411 vero
2288 2369 2341 2411 et
2368 2359 2528 2412 Verbi
2555 2361 3001 2423 incarnationem,
3042 2360 3211 2413 nostri
3242 2375 3401 2413 causa

1840 2451 2059 2511 factam,
2093 2451 2320 2502 obscure
2371 2451 2639 2518 designari
2675 2452 2944 2517 praedictis
2992 2452 3251 2521 symbolis
3276 2468 3399 2520 pro-

1841 2542 2093 2595 babiliter
2118 2542 2348 2594 dicatur.
2388 2542 2532 2609 Ignis
2567 2542 2711 2595 enim
2736 2543 2967 2607 divinus,
3004 2545 3186 2598 carnis
3208 2555 3403 2599 nostra:

1841 2636 2088 2687 crassitie
2139 2633 2488 2704 [interiecta]
2545 2634 2823 2688 nobiseum
2893 2647 3241 2690 conversatus
3296 2650 3398 2691 est.

1841 2724 1981 2778 Fieri
2022 2726 2181 2778 etiam
2213 2733 2407 2793 potest,
2444 2726 2537 2789 ait,
2580 2735 2635 2776 ut
2673 2727 2884 2792 forceps
2910 2727 3131 2792 legalem
3154 2730 3399 2781 umbram

1841 2816 2101 2879 designet,
2135 2817 2296 2865 carbo
2326 2830 2451 2865 vero
2474 2814 2679 2866 Novum
2713 2814 3134 2879 Testamentum,
3165 2833 3281 2869 cum
3311 2833 3404 2884 per

1841 2905 2026 2971 Iegalia
2054 2904 2287 2974 symbola
2313 2904 2441 2957 Novi
2474 2905 2727 2973 mysteria
2764 2904 3088 2959 Testamenti
3117 2910 3373 2961 ostnndan

1843 3004 1949 3059 tur,
1988 3009 2051 3048 ac
2078 2995 2208 3047 bene
2236 2995 2596 3048 sentientibus
2631 2998 2927 3049 tradantur.
2960 2997 3124 3051 Addit
3148 3000 3398 3066 insuper:

1838 3084 1967 3137 Cum
2005 3101 2199 3154 corpus
2227 3086 2557 3137 Dominicum
2596 3088 2646 3136 in
2671 3100 2821 3138 sacra
2848 3102 3028 3140 mensa
3070 3090 3398 3155 propositum

1838 3187 1941 3239 cst,
1986 3177 2105 3230 ideo
2143 3177 2229 3244 qui
2276 3177 2341 3229 ab
2373 3187 2599 3243 utroque
2644 3177 2809 3229 latere
2837 3180 3006 3230 sacris
3050 3183 3402 3245 operantibus

1840 3265 2090 3338 [astant]
2132 3270 2390 3320 ineorum
2422 3282 2539 3333 qua
2565 3282 2655 3320 sex
2693 3268 2803 3320 alas
2832 3279 3043 3337 gestant
3072 3271 3396 3338 symbolum,

1841 3358 2084 3410 confecta
2145 3374 2208 3409 ex
2254 3358 2351 3409 alis
2388 3357 2593 3410 ﬂabella
2628 3357 2737 3426 (48)
2766 3374 2923 3424 supra
2959 3360 3134 3411 oblata
3165 3361 3233 3412 ibi
3273 3362 3398 3413 hor-

1844 3446 2007 3498 renda
2043 3448 2297 3515 mysteria
2322 3450 2547 3514 agitare,
2571 3457 2627 3499 ut
2674 3462 2741 3499 ne
2768 3449 2946 3500 sinant
2982 3447 3220 3501 initiatos
3243 3449 3402 3502 rebus

1840 3538 1970 3589 visis
2010 3537 2294 3601 inhaerere,
2330 3539 2420 3589 sed
2470 3552 2561 3589 eos
2608 3537 2800 3590 mentis
2834 3537 3004 3591 oculis
3047 3552 3206 3606 supra
3243 3553 3403 3592 onme

1842 3631 1915 3691 id,
1944 3632 2085 3697 quod
2126 3645 2245 3681 cum
2276 3631 2498 3682 materia
2529 3629 2873 3695 conjunctum
2902 3638 3004 3693 est,
3037 3629 3298 3694 sublatos,
3325 3630 3405 3682 fa-

1838 3720 1986 3773 ciant
2022 3735 2117 3788 per
2152 3734 2213 3773 ea
2250 3734 2369 3788 qua
2397 3720 2668 3781 videntur,
2719 3720 2783 3771 ad
2824 3720 3141 3773 invisibilem
3164 3730 3404 3774 contem—

1839 3811 2154 3879 plationem,
2203 3820 2257 3863 et
2295 3810 2729 3876 inexplicabilem
2772 3811 2912 3861 illam
2947 3812 3400 3879 pulchritudinem

1840 3903 2150 3955 ascendere.
2192 3900 2322 3953 Nam
2360 3912 2469 3953 tum
2525 3903 2687 3953 etiam
2744 3918 2863 3953 cum
2916 3901 3266 3967 corporaliter
3298 3901 3405 3957 υο⁴

1842 3996 2018 4046 minus
2056 4008 2293 4060 praesens
2318 4003 2483 4054 esset,
2524 4008 2643 4045 cum
2672 3994 2859 4045 timore
2890 4007 2953 4045 ac
2983 4004 3213 4047 tremore
3241 3994 3403 4047 Sera-

1841 4084 1986 4153 phim
2024 4084 2071 4136 ei
2105 4083 2465 4136 inserviebant
2507 4101 2520 4136 :
2559 4084 2819 4150 hnjusque
2846 4084 3052 4137 timoris
3073 4096 3125 4137 et
3154 4087 3405 4139 tremoris

1840 4176 2113 4244 Specimen
2141 4177 2427 4228 obscurum
2462 4188 2600 4236 esse,
2635 4176 2836 4227 alarum
2870 4176 3011 4227 illam
3037 4176 3401 4244 agitationem,

1839 4281 2002 4333 quam
2054 4266 2423 4319 ministrantes
2482 4267 2759 4319 adhibent.
2830 4264 2884 4318 Si
2946 4280 3073 4319 vero
3120 4265 3399 4334 Seraphim

1840 4358 2001 4409 etiam
2038 4357 2319 4409 incarnato
2342 4357 2454 4424 jam
2491 4354 2669 4410 Verbo
2693 4357 3003 4410 ministrare
3023 4359 3397 4422 declarantur,

1840 4459 1899 4500 ut
1925 4447 2058 4501 nihil
2096 4449 2164 4501 ob
2192 4448 2310 4515 ejus
2334 4449 2386 4501 in
2424 4459 2623 4501 terram
2656 4449 2973 4502 descensum
3005 4448 3074 4502 de
3115 4450 3397 4507 servitute.

1839 4554 1958 4609 qua
1986 4539 2037 4592 iu
2071 4540 2207 4592 cmlo
2236 4549 2370 4603 erat,
2395 4538 2697 4592 diminuant
2732 4557 2745 4592 :
2780 4539 2983 4593 clarmn
3010 4541 3150 4609 quod
3179 4550 3235 4593 et
3266 4540 3405 4594 alter

1845 4630 2285 4697 incorporeorum
2345 4631 2629 4697 spirituum
2679 4632 2811 4685 ordo
2860 4630 3198 4685 lncarnatum
3257 4632 3404 4686 cultu

162 4726 279 4778 τῶν
328 4724 448 4794 μετ’
493 4724 662 4794 αὐτὴν
707 4725 805 4793 τὴν
866 4725 988 4791 ἴσην
1040 4722 1341 4791 ὑπηρεσίαν
1404 4720 1732 4789 βεϐαιοῦται.
1762 4755 1814 4814 D

1762 4755 1814 4814 Β
1844 4720 2014 4774 latriaa
2043 4721 2320 4775 adorabat.
2361 4720 2495 4775 Cum
2547 4722 2686 4773 enim
2719 4722 2808 4789 qui
2838 4722 2888 4775 in
2922 4724 3003 4777 his
3032 4724 3263 4791 primum
3310 4740 3404 4779 or-

164 4816 486 4885 Γέγραπται
540 4815 585 4845 ³⁸
631 4816 738 4883 γὰρ
786 4814 860 4875 ὼς
918 4814 1011 4865 καὶ
1061 4813 1279 4879 ἄγγελοι
1347 4812 1733 4882 προσελθόντες

162 4907 453 4977 διηκόνουν
488 4904 667 4974 αὐτῷ·
709 4906 769 4956 τδ
812 4905 867 4956 δὲ
905 4904 1009 4956 τοῦ
1042 4902 1300 4971 ἀγγέλου
1333 4902 1525 4969 ὄνομα,
1575 4903 1649 4965 ὼς
1684 4902 1732 4953 οἱ

163 4998 238 5050 τὰ
298 4996 419 5047 θεῖα
475 4996 619 5048 ἴσασι
671 4998 845 5063 σοφοὶ,
900 4997 1073 5047 κοινόν
1124 4998 1241 5045 ἐστι
1297 4994 1499 5055 πάσαις
1527 4993 1569 5023 ⁸⁸
1617 4996 1735 5055 ταῖς

163 5089 390 5157 νοεραϊς
432 5087 721 5155 δυνάμεσιν
777 5088 964 5154 ὄνομα.
992 5087 1099 5138 Καὶ
1138 5085 1297 5138 πάλιν
1343 5085 1468 5154 περὶ
1518 5082 1613 5135 τοῦ
1660 5086 1736 5144 εἰς

164 5182 268 5249 τὴν
307 5180 635 5249 οἰκουμένην
682 5178 1034 5247 εἰσαγομένου
1084 5176 1436 5248 πρωτοτόκου
1484 5174 1546 5228 τὸ
1592 5175 1735 5244 ἱερὸν

238 5337 287 5370 ’⁷
327 5335 433 5389 lsa.
460 5350 534 5401 v1,
569 5336 621 5391 6.
718 5336 763 5367 ³⁸
806 5336 957 5389 Deut.
991 5351 1061 5400 tv,
1096 5337 1190 5389 2-4.

1281 5336 1326 5366 ⁸⁸
1369 5336 1511 5389 l’sai.
1546 5350 1676 5397 xvu,
1705 5334 1796 5387 57.

1844 4809 2017 4860 dinem
2056 4818 2257 4870 tenent,
2315 4808 2514 4861 cultum
2562 4824 2665 4860 non
2702 4808 3006 4872 immutant,
3057 4826 3184 4863 mox
3237 4810 3402 4865 etiam

1837 4913 1936 4967 par
1961 4913 1991 4950 a
2025 4899 2476 4967 subsequentibus
2510 4899 2863 4953 ministerium
2917 4901 3159 4955 exhiberi
3200 4904 3403 4957 contir-

1840 4997 2007 5041 mant.
2050 4988 2320 5059 Scriptum
2361 4999 2444 5045 est
2467 4991 2631 5053 enim,
2681 4992 2825 5059 quod
2848 4992 3011 5044 etiam
3044 4992 3215 5061 angeli
3249 5009 3405 5049 acce-

1840 5084 2027 5136 dentes
2076 5082 2453 5135 ministrabant
2481 5080 2531 5135 ei
2560 5081 2626 5135 “.
2678 5081 2863 5151 Angeli
2915 5098 3043 5139 vero
3082 5087 3402 5154 ,appellatio.

1843 5184 1901 5227 ut
1951 5188 2129 5227 rerum
2185 5172 2485 5228 divinarum
2520 5173 2676 5242 periti
2704 5183 2921 5239 norunt,
2983 5190 3269 5230 commune
3324 5187 3407 5231 est

1871 5332 1916 5363 ‘°
1951 5331 2117 5386 Matii.
2154 5348 2227 5396 tv,
2265 5332 2351 5386 Η.

1416 5444 1649 5500 VARIIE
1706 5444 2107 5500 LEC'l'lONES.

234 5539 285 5571 ιι
318 5537 417 5607 τὴν
443 5535 593 5609 λα6.]

161 5613 208 5646 ³τ
238 5610 447 5661 ἐκεῖνον
476 5611 537 5660 Δ.

668 5536 769 5591 Isa.
834 5554 908 5601 Vt,
945 5539 996 5592 6.
1071 5539 1116 5569 “
1144 5539 1235 5590 καὶ
1259 5538 1299 5591 Α
1332 5554 1343 5591 ;
1375 5555 1433 5589 τε
1464 5538 1557 5589 καὶ
1598 5554 1656 5600 ς.

616 5608 662 5639 ³⁸
704 5608 980 5661 δουλοῦται
1006 5610 1067 5661 Α.

1148 5539 1235 5590 καὶ
1259 5538 1299 5591 Α
1332 5554 1343 5591 ;
1375 5555 1433 5589 τε
1464 5538 1557 5589 καὶ
1598 5554 1656 5600 ς.
1735 5537 1779 5567 ⁸⁸
1809 5537 1836 5587 ὁ
1868 5537 2001 5608 γάρι

1148 5609 1191 5639 ³’
1232 5605 1562 5677 γέγραπται]
1580 5607 1778 5661 Matth.
1812 5622 1883 5671 tv,
1918 5608 2002 5661 11.

1868 5537 2001 5608 γὰρι
2055 5536 2211 5608 Deut.
2245 5554 2314 5601 tv,
2346 5539 2436 5592 ει.

2516 5538 2655 5591 "ea
2689 5538 2866 5609 λόγια]
2914 5538 3055 5594 Psal.
3118 5555 3250 5605 xm,
3304 5539 3400 5595 57.

2078 5606 2122 5637 “
2156 5610 2288 5660 πᾶσι
2320 5613 2383 5662 Α.

1689 5720 1915 5775 NOTAE.

239 5818 356 5888 (‘48)
400 5816 480 5883 Qu
532 5830 652 5871 mos
680 5815 733 5869 in
770 5815 1022 5885 llispania
1059 5817 1321 5884 hodieque
1352 5826 1645 5883 spectatur,
1678 5814 1741 5866 ad
1778 5825 1963 5867 ωιειιιιη
1998 5815 2219 5868 ardente
2249 5817 2489 5870 canicula
2522 5817 2911 5883 depelleudmn.
