4196 6442
787 406 887 468 m
1929 397 2193 458 mum
2221 392 2722 457 PATRIARCH/E
2773 394 2876 454 cr.
3922 406 4021 469 πε

790 512 1202 582 intelligibilium
1234 508 1517 577 spirituum
1545 521 1761 562 nomen.
1820 506 1881 559 Et
1928 508 2119 559 iterum
2162 506 2226 559 de
2255 506 2359 572 pri-
2392 504 2435 559 Δ

2392 504 2435 559 Α
2463 503 2702 573 Γράμμα
2745 504 2909 571 φησιν
2941 521 2954 533 σ
2986 502 3093 557 Kal
3141 508 3751 578 προσκυνησάτωσαν
3774 510 3821 541 ⁶¹
3867 510 4018 575 αὺτῷ

794 606 1061 673 mogenito
1098 604 1148 655 in
1193 601 1377 653 orbem
1419 608 1576 652 terra:
1611 598 1914 652 introducto
1954 597 2237 665 Scriptura
2283 596 2358 648 lo-

2458 595 2681 659 πάντες
2733 595 2975 663 ἄγγελοι
3018 596 3186 649 Θεοῦ.
3229 599 3325 650 Διά
3356 616 3435 651 τοι
3468 599 3627 652 τοῦτο
3658 603 3751 653 καὶ
3799 603 3922 671 ἅμα
3950 606 4021 676 τῷ

791 699 1001 762 quitur:
1023 692 1087 746 Et
1111 694 1329 745 adorent
1360 707 1476 743 eum
1511 706 1684 743 omnes
1712 690 1884 759 angeli
1918 688 2012 742 Dei
2040 689 2181 741 "°".
2218 687 2349 740 Pro-

2459 685 2595 755 πρὸς
2621 686 2681 737 τὸ
2713 685 3102 754 θυσιαστήριον
3118 688 3343 740 εἰσιέναι
3375 690 3501 751 τοὺς
3525 691 3739 759 ίερείςό
3771 693 4024 761 ἱεροψάλ-

792 801 972 856 pterea
1004 786 1166 840 etiam
1196 782 1354 838 simul
1381 793 1545 849 atque
1566 783 1633 835 ad
1666 781 1838 833 altare
1869 779 2177 833 sacerdotes
2205 792 2359 831 acce-

2459 794 2556 845 της
2581 776 2785 829 ἄνωθεν
2816 776 3018 846 ἀναϐοᾷ
3041 778 3122 843 τὸ,
3146 778 3348 847 ’Ἄγιος
3382 782 3415 832 ό
3447 780 3612 846 Θεὸς,
3644 780 3812 850 ἅγιος
3853 787 4024 852 ισχυ.

792 878 947 938 dunt,
987 885 1175 929 cantor
1218 886 1372 924 sacer
1423 873 1488 923 de
1514 871 1793 936 superiore
1845 869 1963 922 loco
1992 868 2071 922 sic
2111 867 2354 920 clamat:

795 966 1019 1021 Sanctus
1065 966 1230 1027 Deus,
1280 971 1497 1016 sanctus
1539 962 1714 1030 fortis,
1765 973 1975 1013 sanctus
2019 958 2356 1013 immortalis.

794 1057 963 1121 Quem
997 1059 1249 1124 hymnum
1305 1069 1371 1107 ex
1422 1055 1722 1107 veneranda
1772 1068 1835 1106 ac
1885 1052 2159 1105 tremenda
2199 1049 2359 1102 Sera—

797 1151 1081 1218 phinorum
1116 1146 1448 1215 professione
1479 1144 1833 1212 compositum
1857 1143 2070 1196 asserit.
2128 1141 2242 1194 Non
2276 1151 2359 1192 ta-

801 1258 920 1291 men
948 1242 1010 1290 de
1034 1254 1132 1291 suo
1184 1239 1385 1291 habere
1441 1237 1541 1289 hoc
1608 1236 1906 1296 inventum,
1961 1234 2146 1304 1911:
2193 1232 2286 1285 sed
2328 1244 2359 1284 e

797 1331 1098 1385 .ladzeorum
1133 1341 1290 1399 gente
1320 1332 1604 1397 quemdam
1634 1326 1876 1380 veritatis
1909 1326 2147 1380 doctrina
2188 1324 2359 1375 imhu-

804 1436 937 1481 tum,
966 1422 1052 1487 qui
1092 1420 1226 1472 alios
1255 1433 1467 1487 quoque
1492 1417 1717 1471 docendi
1749 1414 2125 1467 auctoritatem
2160 1410 2227 1462 ab
2254 1407 2359 1460 Ec-

799 1514 963 1566 clesia
999 1510 1315 1576 accepisset,
1349 1509 1520 1559 virum
1552 1515 1744 1559 extera
1788 1505 2109 1573 sapientem,
2141 1501 2360 1565 vitaque

802 1602 1086 1663 illustrem,
1156 1597 1309 1663 hujus
1343 1596 1599 1650 doctrinae
1654 1594 1807 1646 Johio
1840 1602 2109 1646 auctorem
2169 1589 2356 1649 tuisse,

809 1707 930 1744 cum
961 1693 1104 1743 unde
1144 1687 1474 1758 compositus
1502 1694 1643 1738 esset
1676 1699 1827 1737 sacer
1857 1681 1945 1733 ille
1986 1681 2235 1750 hymnus,
2267 1690 2362 1729 ex-

805 1796 1046 1853 poneret.
1086 1782 1285 1835 Ducere
1311 1792 1437 1829 vero
1462 1777 1632 1845 ipsum
1661 1790 1727 1827 ex
1779 1772 2209 1827 Cherubinorum
2245 1767 2355 1833 (49)

808 1878 1024 1945 hymno,
1088 1882 1143 1927 et
1173 1871 1375 1939 psalmo
1417 1883 1501 1921 xu
1551 1881 1823 1918 sacrorum
1865 1872 2144 1916 cantorum
2188 1860 2361 1914 cauti-

805 1982 929 2018 Cum
977 1965 1101 2017 illud
1157 1960 1442 2015 conﬂatum
1479 1974 1617 2011 esse.
1681 1956 1953 2011 Cclebrari
1986 1954 2125 2007 enim
2172 1954 2224 2004 in
2262 1951 2363 2004 hoc

808 2055 1019 2108 Psalmo
1068 2052 1233 2105 Deum
1266 2050 1450 2119 fortem
1493 2050 1658 2101 vivum
1696 2063 1714 2099 :
1745 2062 1806 2099 ac
1842 2055 2098 2097 mutatam
2139 2043 2358 2113 quidem

806 2159 927 2196 csse
958 2158 1140 2194 vocem
1166 2144 1334 2193 vivum
1362 2140 1411 2189 in
1434 2136 1777 2204 a-quipollens
1809 2133 2122 2186 vocabulum
2147 2134 2363 2183 immor—

805 2236 950 2295 talis,
985 2235 1093 2302 ipsa
1126 2247 1254 2284 voce
1288 2230 1444 2300 [ortis
1476 2239 1711 2281 retenta:
1740 2228 1809 2279 ita
1839 2240 2046 2278 sacrum
2077 2224 2205 2277 illud
2235 2237 2366 2275 can-

811 2328 973 2378 ticum
1013 2333 1318 2375 contextum
1367 2335 1504 2372 esse.
1573 2318 1736 2370 Porro
1771 2313 1996 2383 exprimi
2036 2327 2195 2366 voces
2226 2310 2366 2363 Deus

811 2427 867 2469 et
892 2415 1141 2478 Sanctus,
1202 2423 1259 2465 ut
1296 2410 1569 2464 distinctio
1611 2412 1700 2461 fiat
1728 2411 1794 2461 ab
1836 2406 2095 2459 idolorum
2147 2403 2368 2457 simula-

808 2506 941 2570 cris,
1006 2519 1124 2573 quae
1181 2503 1455 2557 terreStria
1509 2512 1655 2565 sunt,
1704 2500 2058 2553 lnnnanarnm
2117 2509 2367 2548 manuum

808 2612 964 2665 opus,
1001 2605 1055 2650 et
1087 2610 1227 2647 vera:
1258 2593 1708 2646 abominationes.
1746 2588 1925 2643 Fortis
1958 2604 2082 2642 vero
2110 2589 2371 2640 adversus

810 2698 979 2749 mnta,
1032 2682 1323 2738 immobilia
1378 2692 1433 2734 et
1492 2680 1753 2734 imbecilla
1828 2679 1991 2732 idola.
2045 2675 2371 2731 Immortalis

808 2777 1062 2843 denique,
1094 2772 1235 2840 quod
1262 2770 1398 2823 idola
1429 2784 1525 2822 nec
1551 2769 1776 2837 spirent,
1797 2782 1896 2820 nec
1928 2768 2088 2819 ullam
2106 2763 2371 2819 eﬂiciendi

810 2869 916 2920 vim
967 2868 1201 2919 habeant
1230 2880 1243 2917 :
1275 2863 1369 2915 sed
1427 2876 1527 2914 nec
1564 2860 1825 2913 tantillum
1862 2860 2075 2929 quidem
2103 2860 2226 2911 vita:
2253 2870 2374 2923 par-

813 2969 919 3011 tem
966 2956 1295 3025 acceperint.
1344 2952 1538 3007 Narrat
1568 2954 1669 3007 hoc
1712 2954 1899 3015 etiam,
1947 2950 2194 3003 eumdem
2226 2948 2372 3000 illum

2450 864 2560 929 ρὸς
2584 905 2598 926 ,
2644 864 2811 932 ἅγιος
2865 866 3180 931 ἀθάνατος.
3233 868 3461 921 Ἦντινα
3518 871 3843 939 ὑμνολογίαν
3901 891 4026 939 συγ-

2460 953 2679 1006 κεῖσθαί
2708 971 2871 1022 φησιν
2904 958 2970 1008 ὲκ
3002 957 3101 1024 τῆς
3130 957 3238 1008 τῶν
3269 959 3519 1029 Σεραφὶμ
3551 962 3790 1029 φρικτῆς
3835 965 4026 1032 ὁμολο-

2459 1045 2603 1110 γίας.
2633 1045 2771 1113 Φησὶ
2794 1044 2849 1097 δὲ
2876 1046 2951 1109 ὡς
2988 1047 3094 1100 οὐδ’
3130 1048 3345 1101 οἴκοθεν
3373 1052 3506 1121 πρὸς
3528 1052 3729 1123 ταύτην
3767 1050 3905 1122 ἦλθε
3930 1056 4026 1124 τὴν

2463 1137 2690 1201 ἔννοιαν,
2742 1138 2857 1190 ἀλλ’
2910 1138 2971 1203 ἐξ
3003 1140 3275 1194 Ἰουδαίων
3321 1160 3405 1206 τις
3451 1144 3543 1196 τὸν
3587 1145 3686 1213 τῆς
3741 1148 4023 1215 ἀληθείας.

2460 1229 2616 1297 λόγον
2665 1232 2995 1301 κατηχηθεὶς
3040 1236 3136 1286 καὶ
3181 1235 3373 1298 ἄλλους
3425 1239 3689 1307 κατηχεῦ
3735 1240 3888 1309 παρὰ
3928 1241 4025 1308 τῆς

2474 1319 2799 1390 Ἑκκλησίας
2832 1321 3050 1389 ἀξίωμα
3104 1322 3301 1385 λαϐὼν,
3344 1328 3506 1392 σοφός
3548 1343 3605 1377 τε
3645 1328 3713 1379 τὰ
3763 1328 3899 1381 ἄλλα
3934 1331 4027 1381 καὶ

2463 1410 2563 1480 βίῳ
2594 1411 2867 1481 λαμπρὸς,
2912 1414 3115 1475 ἐκεῖνος
3145 1414 3294 1483 αὑτῷ
3316 1418 3412 1485 τῆς
3444 1420 3810 1487 προκειμένης
3848 1419 4027 1489 μαθή·

2465 1520 2603 1565 σεως
2625 1502 2991 1572 καθηγήσατο,
3024 1505 3079 1569 ὲξ
3106 1497 3181 1556 ὧν
3209 1507 3240 1573 ἡ
3267 1507 3546 1576 ίερολογία
3573 1509 3857 1579 συνετέθη,
3892 1512 4026 1564 ἁνα-

2460 1593 2829 1663 διδαξάμενος.
2885 1595 3169 1647 Διδάσκειν
3197 1596 3290 1649 οὖν
3322 1598 3484 1650 αὐτόν
3513 1616 3678 1667 φησιν
3729 1599 3793 1652 ἐκ
3821 1619 3884 1654 τε
3930 1603 4028 1671 τῆς

2463 1685 2803 1754 Χερουόικῆς
2849 1686 3174 1756 ὑμνολογίας
3224 1690 3317 1741 καὶ
3368 1688 3460 1741 τοῦ
3511 1697 3603 1758 μα’
3655 1691 3871 1760 ψαλμοῦ
3920 1694 4027 1745 τῶν

2467 1775 2798 1846 ἱεροψαλτῶν
2834 1777 3206 1831 συντεθεῖσθαι
3233 1779 3296 1831 τὸ
3322 1779 3617 1850 μελῴδημα
3635 1800 3649 1813 ·
3680 1784 3904 1853 ᾅδεσθαι
3930 1786 4029 1853 μὲν

2465 1868 2574 1936 γὰρ
2595 1870 2656 1919 ὲν
2670 1867 2749 1937 τῷ
2774 1867 2973 1937 ψαλμῷ
2998 1869 3101 1921 τὸν
3124 1870 3270 1922 Θεὸν
3288 1872 3393 1923 τὸν
3422 1874 3674 1939 ἰσχυρὸν
3695 1877 3803 1926 τὸν
3823 1873 4029 1939 ζῶντα,

2466 1958 2879 2029 μεταληφθῆναι
2930 1962 2986 2013 δὲ
3031 1962 3091 2014 τὸ
3118 1964 3163 2002 ⁸³
3197 1965 3295 2032 μὲν
3320 1964 3505 2024 ζῶντα
3548 1970 3629 2029 είς
3657 1968 4031 2036 ὶσοόύναμον

2465 2047 2592 2120 [515
2637 2049 2728 2120 PL]
2772 2050 2838 2103 τὸ
2867 2048 3187 2115 ἀθάνατον,
3220 2053 3493 2119 αὐτολεξεὶ
3530 2056 3589 2107 δὲ
3631 2056 4030 2127 διατηρηθῆναι

2465 2140 2572 2193 τὸν
2600 2144 2873 2210 ἰσχυρὸν,
2920 2144 3012 2195 καὶ
3035 2144 3179 2197 οὕτω
3211 2147 3612 2215 συνυφανθῆναι
3644 2166 3694 2200 τι
3729 2150 4030 2220 μελῳδημα

2465 2235 2525 2285 τὸ
2548 2235 2710 2303 ίερὸν.
2743 2236 3117 2291 Ἀποδεδόσθαι
3149 2239 3333 2307 μέντοι
3359 2255 3422 2306 γε
3451 2240 3514 2291 τὸ
3555 2242 3653 2310 μὲν
3680 2242 3827 2307 Θεὸς
3849 2243 3945 2297 καὶ
3968 2239 4031 2296 τό

2466 2324 2632 2392 ἅγιος
2664 2326 2798 2395 πρὸς
2824 2328 3243 2399 ἀντιδιαστολὴν
3288 2329 3396 2383 τῶν
3425 2332 3716 2384 είδωλικῶν
3755 2334 4035 2405 σεϐασμά-

2468 2436 2598 2478 των.
2629 2419 2663 2471 ἆ
2692 2417 2871 2489 γεώδη
2908 2419 2966 2472 τέ
2998 2420 3114 2472 ἔστι
3148 2421 3242 2473 καὶ
3268 2421 3468 2491 χειρῶν
3498 2423 3544 2453 ⁴³
3571 2423 3877 2493 ἀνθρώπων
3899 2426 4035 2497 ἔργα

2466 2510 2561 2560 καὶ
2601 2506 2942 2577 βδελύγματα
2980 2509 3056 2570 ὡς
3081 2509 3322 2578 ἀληθῶςο
3355 2513 3417 2563 τὸ
3452 2512 3509 2564 δὲ
3537 2514 3787 2582 ἰσχυρὸς
3814 2516 3956 2585 πρὸς
3978 2517 4037 2568 τὸ

2471 2600 2697 2651 ἐκείνων
2752 2601 2967 2666 ἄφωνον
3010 2602 3106 2653 καὶ
3151 2602 3410 2672 ἀκίνητον
3458 2605 3553 2656 καὶ
3594 2606 3840 2670 ἀσθενὲς,
3889 2608 3953 2659 τὸ
3983 2608 4036 2658 δὲ

2469 2689 2764 2754 ἀθάνατος
2811 2692 2948 2761 πρὸς
2980 2690 3039 2743 τὸ
3064 2692 3265 2745 ἄπνουν
3295 2694 3518 2745 ἐκείνων
3540 2694 3635 2746 καὶ
3677 2696 4039 2766 ἀνενέργητον

2470 2781 2565 2831 καὶ
2614 2780 2720 2831 οὐδ’
2754 2780 2999 2833 ὁπωσοῦν
3032 2781 3175 2851 ζωῆς
3208 2785 3492 2851 μετασχόν.
3533 2785 3695 2851 Λέγει
3724 2786 3781 2837 δὲ
3823 2787 3918 2839 τὸν
3942 2789 4041 2839 αὑο

2471 2869 2561 2921 τὸν
2592 2870 2739 2939 ἱερὸν
2759 2872 2925 2941 ἄνδρα
2967 2876 3062 2925 καὶ
3089 2873 3248 2925 τοῦτο
3274 2875 3437 2927 αὑτὸν
3464 2875 3871 2939 ἐκδιδάξασθαι,
3901 2878 4042 2931 καθὰ

2472 2962 2565 3013 καὶ
2601 2962 2811 3031 ἑτέροις
2860 2963 3225 3034 ἐξιστόρηται,
3276 2966 3351 3028 ὡς
3405 2967 3481 3037 τῷ
3522 2968 3776 3036 μακαρίῳ
3812 2970 4043 3038 Πρόκλῳ

808 3068 1023 3106 sacrum
1075 3052 1246 3103 virum
1298 3064 1418 3101 sese
1468 3048 1753 3111 docuisse,
1807 3042 2255 3112 quemadmodum
2308 3037 2374 3089 ab

2473 3052 3125 3121 (Κωνσταντινουπόλεως
3160 3057 3214 3108 δὲ
3263 3058 3525 3126 πρόεδρος
3564 3054 3654 3128 ἦν)
3690 3062 3722 3129 ἡ
3757 3059 3851 3112 τοῦ
3890 3037 4040 3130 είρηέ

809 3144 933 3196 aliis
961 3158 1172 3210 quoque
1219 3139 1575 3208 scriptoribus
1634 3137 1887 3198 refertur,
1942 3144 1993 3186 ut
2046 3132 2233 3185 beatus
2261 3129 2371 3196 (60)
2401 3155 2445 3213 ο

2401 3155 2445 3213 ο
2479 3143 2643 3211 μένου
2701 3144 3091 3214 μελῳδήματος
3134 3147 3199 3198 δι’
3243 3149 3638 3216 ἀποκαλύψεως
3699 3129 3955 3222 [ἐμυήθη
3980 3154 4042 3224 ⁵⁸]

809 3234 1033 3287 Proclns
1085 3229 1599 3302 {Constantinopolis
1625 3228 1670 3279 is
1704 3224 1898 3294 praesul
1934 3223 2070 3289 erat)
2131 3220 2373 3291 praedicti

813 3323 997 3392 hymni
1030 3319 1516 3380 canstructionem,
1575 3331 1669 3381 per
1716 3313 2089 3366 revelationem
2155 3309 2376 3361 edoctus

810 3416 901 3474 sit,
933 3428 1052 3466 cum
1083 3410 1287 3480 angelis
1332 3423 1543 3459 sacrum
1576 3407 1719 3458 hunc
1748 3406 2000 3473 hymnum
2036 3399 2371 3459 canentibus,

810 3504 1015 3571 primus
1049 3501 1135 3553 ille
1163 3499 1404 3552 eamdem
1436 3496 1628 3548 deinde
1664 3494 1967 3546 doctrinam
2006 3489 2209 3542 hausit.
2257 3486 2373 3538 Tali

810 3594 1182 3661 disputatione
1223 3589 1538 3643 vicesimum
1592 3595 1843 3653 quartum
1876 3594 1929 3637 et
1955 3583 2197 3651 quintum
2228 3580 2375 3633 clau-

809 3685 955 3737 ditur
983 3694 1164 3751 caput.

879 3775 968 3831 26.
987 3774 1176 3843 Cupite
1196 3774 1450 3827 vicesimo
1473 3782 1628 3823 sexto
1652 3769 1903 3831 refertur,
1931 3781 2023 3820 sex
2044 3767 2249 3819 dierum
2274 3781 2374 3818 nu-

812 3884 1015 3920 merum
1043 3868 1091 3917 in
1117 3864 1380 3933 principio
1406 3872 1585 3932 typum
1606 3876 1724 3914 esse
1759 3860 2108 3929 agnoscenda:
2130 3858 2371 3910 Trinita-

810 3959 897 4015 tis.
918 3957 1152 4022 illudque
1171 3970 1291 4006 cum
1310 3968 1373 4007 ex
1404 3952 1525 4005 aliis
1541 3950 1879 4004 manifestum
1898 3950 2144 4015 evadere,
2171 3961 2279 4002 tum
2303 3965 2371 4003 ex

808 4051 897 4104 illo
917 4068 929 4101 :
948 4047 1070 4101 Dies
1088 4046 1193 4099 diei
1210 4054 1407 4099 eructat
1426 4046 1654 4107 verbum,
1675 4052 1724 4095 et
1741 4058 1842 4095 nox
1855 4043 1993 4095 nocti
2007 4043 2201 4095 indicat
2214 4042 2375 4095 scien-

809 4143 936 4194 tiam
973 4139 1039 4191 ⁸³.
1114 4137 1252 4203 Quin
1304 4146 1358 4188 et
1400 4149 1465 4187 ex
1501 4134 1635 4186 illo:
1673 4132 1739 4185 In
1771 4133 1942 4199 capite
1971 4132 2092 4185 libri
2124 4134 2374 4201 scriptum

806 4243 881 4285 est
918 4233 979 4282 de
1008 4247 1087 4283 me
1116 4229 1195 4281 “:
1240 4227 1434 4296 quibus
1465 4223 1725 4296 [saltem]
1762 4224 2075 4292 contigisset
2100 4225 2375 4291 percipere

808 4336 901 4374 sex
954 4322 1057 4372 illis
1093 4317 1399 4371 initialibus
1436 4315 1623 4367 diebus
1658 4314 1789 4366 nihil
1821 4328 1941 4366 esse
1966 4314 2371 4381 intelligendum

807 4428 1017 4473 eorum,
1049 4426 1166 4479 quae
1203 4415 1541 4476 apparerent.
1583 4402 1753 4471 Caput
1788 4405 1932 4458 enim
1958 4414 2012 4457 et
2045 4404 2367 4473 principium

2481 3234 2749 3297 σύνθεσις,
2779 3237 3027 3303 ἀγγέλων
3065 3238 3163 3307 μὲν
3193 3238 3290 3307 τὴν
3318 3240 3619 3308 ίερολογίαν
3657 3243 3868 3312 ταύτην
3916 3248 4045 3298 ἁνα-

2481 3328 2815 3394 μελπὸντων,
2865 3329 3075 3381 ἐκείνου
3108 3330 3165 3381 δὲ
3200 3330 3296 3400 τὴν
3339 3331 3539 3399 μύησιν
3579 3333 3795 3400 πρώτου
3832 3336 4045 3388 ἐκεῖθεν

2476 3417 2864 3485 ἐκδεξαμένου.
2918 3420 3173 3472 Τοιοῦτον
3203 3422 3301 3488 μὲν
3342 3422 3524 3487 ἀγῶνα
3556 3426 3647 3475 καὶ
3686 3425 3745 3477 τὸ
3796 3426 3842 3478 δ’
3868 3427 3967 3479 καὶ
3998 3427 4044 3479 κ’

2475 3505 2592 3575 ἅμα
2616 3506 2708 3559 τοῦ
2734 3508 2928 3577 ἐφεξῆς
2955 3515 2996 3560 ε’
3026 3512 3319 3579 κεφαλαίου
3343 3515 3652 3569 ὑποδύεται.

2557 3772 2643 3824 Ἐν
2678 3772 2835 3843 δὲτῷ
2875 3781 2966 3839 κς¹
2996 3775 3274 3843 κεφαλαίῳ
3298 3775 3445 3842 λέγει
3478 3776 3569 3828 τὸν
3594 3777 3638 3807 ⁸⁸
3665 3779 3723 3829 ὲν
3741 3780 3810 3848 τῇ
3846 3796 4045 3849 κοσμο-

2474 3865 2658 3933 γενείᾳ
2690 3865 2810 3918 κατ’
2838 3867 3013 3934 ἀρχὰς
3042 3867 3149 3918 τῶν
3176 3873 3228 3929 ς’
3253 3866 3472 3935 ἡμερῶν
3498 3866 3729 3935 ἀριθμὸν
3763 3869 3943 3924 τύπον
3968 3867 4045 3923 εἷ-

2475 3974 2563 4007 ναι
2587 3959 2685 4026 τῆς
2708 3959 2985 4028 τριαδικῆς
3022 3958 3371 4023 ϐεογνωσίας,
3420 3960 3687 4015 καὶτοῦτο
3719 3961 3919 4029 δηλοῦν
3950 3965 4047 4017 σὺν

2475 4050 2568 4100 καί
2594 4066 2734 4100 τισιν
2761 4051 2969 4119 ἑτέροις
2999 4050 3093 4101 καὶ
3123 4050 3206 4113 τὸ,
3255 4050 3474 4118 Ἡμέρα
3502 4052 3547 4083 ⁸⁸
3568 4050 3644 4119 τῇ
3663 4053 3855 4121 ἡμέρᾳ
3884 4056 4047 4122 ἐρεύο

2478 4139 2847 4206 γεταιρἦα,
2883 4140 2979 4192 καὶ
3010 4139 3123 4204 νὺξ
3172 4141 3344 4194 νυκτὶ
3386 4142 3741 4210 ἀναγγέλλει
3791 4146 4045 4213 γνῶσιν.

2488 4231 2646 4281 Ἀλλὰ
2674 4232 2767 4282 καὶ
2797 4231 2876 4293 τὸ,
2914 4232 3011 4282 Ἐν
3057 4232 3335 4299 κεφαλίδι
3371 4234 3411 4261 ⁸⁷
3439 4234 3681 4296 βιϐλίου
3720 4235 4045 4303 γέγραπται

2476 4321 2608 4387 περὶ
2638 4319 2804 4387 ἐμοῦ,
2828 4322 2970 4383 ὅσοις
3000 4322 3218 4387 γέγονεν
3255 4324 3335 4385 είς
3364 4325 3460 4386 τὰς
3485 4326 3716 4393 ἀρχικὰς
3742 4328 3964 4390 ὲκείνας
3989 4328 4046 4392 ἒξ

2483 4412 2694 4479 ἡμέρας
2718 4411 2990 4474 ἐκλαϐεῖν,
3023 4411 3173 4463 οὐδὲν
3193 4412 3301 4463 τῶν
3345 4414 3800 4481 ἀπεμφαινόντων
3830 4418 4045 4486 διανοηο

808 4503 952 4563 libri,
1006 4477 1118 4554 sive
1169 4500 1346 4553 oumis
1387 4515 1415 4549 a
1451 4499 1557 4551 Deo
1612 4498 1885 4564 inspirata:
1913 4496 2225 4564 Scriptum,
2286 4506 2369 4548 est
2402 4477 2445 4531 Ῐ)

2402 4477 2445 4531 D
2478 4477 2653 4569 θῆναι.
2692 4503 2913 4571 Κεφαλὴ
2945 4504 3050 4571 γὰρ
3096 4508 3190 4557 καὶ
3218 4507 3358 4575 ἀρχὴ
3392 4477 3618 4574 βιῦλίου,
3648 4511 3901 4561 τουτέστι
3942 4477 4044 4563 πέ-

805 4612 939 4665 opus
964 4610 1053 4647 sex
1082 4594 1310 4657 dierum,
1338 4591 1532 4659 quibus
1562 4590 1739 4642 mundi
1775 4590 1974 4643 creatio
1996 4588 2227 4655 perfecta
2253 4598 2366 4641 est:

807 4686 959 4753 cujus
990 4699 1049 4735 ex
1089 4681 1452 4751 magnitudine
1483 4695 1545 4733 ac
1569 4680 1968 4749 pulchritudine
2003 4677 2227 4731 Creator
2256 4680 2369 4744 ipse

806 4779 1018 4846 agnitus
1048 4776 1283 4829 canitur.
1330 4773 1618 4841 Imaginem
1648 4786 1771 4823 vero
1813 4770 2016 4822 referre
2047 4768 2364 4821 Trinitatis:

806 4878 857 4922 et
888 4872 953 4920 ad
990 4868 1231 4936 mysterii
1264 4866 1626 4934 COgnitiOnem
1658 4863 1961 4916 conducere
1991 4862 2207 4914 eosdem
2249 4862 2367 4914 illos

806 4976 900 5012 sex
930 4960 1040 5012 dies
1068 4959 1286 5020 asserit,
1322 4972 1427 5010 non
1463 4956 1637 5009 minus
1671 4971 1831 5020 quam
1866 4953 1930 5006 de
1960 4967 2054 5005 sex
2089 4952 2190 5006 alis
2222 4951 2366 5006 Che-

807 5048 963 5102 rubin
997 5049 1289 5119 symbolica
1337 5056 1394 5101 et
1427 5061 1579 5101 sacra
1611 5046 1805 5099 oratio.
1870 5044 1998 5109 Qua:
2025 5051 2173 5097 certe
2207 5045 2365 5096 doce-

879 5160 993 5193 οιισι
1032 5160 1187 5216 Deut,
1216 5175 1388 5225 um,
1416 5158 1485 5213 42
1515 5172 1627 5215 sec.
1662 5155 1838 5222 LXX;
1905 5154 2048 5209 Psal.
2078 5171 2222 5219 xcvr,
2254 5156 2313 5219 7;
2352 5160 2509 5213 llebr.
2548 5179 2583 5223 i,
2619 5162 2673 5213 6.

806 5240 861 5286 et
901 5229 1061 5285 Hebr.
1110 5246 1164 5298 x,
1217 5230 1273 5284 'a'.

2481 4611 2576 4662 σης
2613 4595 2710 4662 τῆς
2753 4596 3113 4647 Θεοπνεύστου
3146 4598 3446 4666 Γραφῆς,ή
3493 4601 3817 4670 ὲξαήμερος,
3862 4604 3921 4654 ὲν
3958 4598 4043 4664 αἷς

2476 4684 2509 4753 ἡ
2542 4684 2717 4746 κτίσις
2750 4686 3104 4757 συνετελέσθη
3126 4704 3138 4715 '
3172 4682 3245 4739 ὧν
3267 4692 3330 4739 ἐκ
3361 4690 3620 4756 μεγέθους
3651 4692 3742 4742 καὶ
3778 4694 4042 4759 καλλονῆς

2475 4780 2503 4829 ὁ
2543 4778 2874 4846 δημιουργὸς
2915 4779 3460 4847 καταλαμϐανόμενος
3489 4781 3826 4849 ἀνυμνεῖται.
3888 4784 4034 4837 Είκο-

2475 4869 2643 4929 νίζειν
2667 4869 2723 4920 δὲ
2746 4869 2842 4936 τὴν
2865 4869 3068 4938 Τριάδα
3100 4870 3192 4920 καὶ
3243 4871 3376 4939 πρὸς
3422 4870 3769 4925 διδασκαλίαν
3813 4874 3908 4925 τοῦ
3944 4894 4031 4943 μυη

2476 4959 2715 5027 στηρίου,
2730 4960 2999 5010 συντελεῖν
3017 4959 3113 5017 τὰς
3134 4960 3299 5023 αὑτὰς
3325 4961 3381 5025 ἒξ
3402 4963 3631 5031 ἡμέρας,
3648 4966 3834 5031 φησὶν.
3853 4965 4040 5034 ὥσπερ

2473 5051 2567 5100 καὶ
2598 5050 2705 5100 τῶν
2733 5050 2789 5115 ἒξ
2828 5052 3175 5123 Χερουόικῶν
3216 5054 3503 5121 πτερύγων
3554 5058 3653 5123 τὴν
3706 5058 4041 5126 συμϐολικὴν

2767 5163 2810 5192 ⁸³
2851 5163 2991 5217 Psal.
3027 5180 3180 5229 xviii,
3226 5168 3276 5221 5.
3357 5169 3404 5198 “
3440 5168 3584 5222 Psal.
3621 5173 3865 5233 xxxix,8

2063 5316 2287 5371 VARUE
2321 5320 2723 5377 LECTIUNES.

875 5410 918 5441 δι
948 5411 1039 5463 καὶ
1072 5407 1297 5480 προσκ.]
1350 5409 1503 5462 Deut.
1564 5426 1739 5469 χχχιι,
1787 5407 1876 5461 42.
1956 5409 2000 5437 δ’
2027 5409 2087 5461 τὸ
2125 5411 2169 5460 Α
2204 5425 2216 5460 :
2251 5409 2341 5461 τὸν
2388 5427 2449 5471 ς.
2532 5413 2576 5443 ⁸³

808 5491 932 5533 ante
954 5483 1003 5533 id
1062 5487 1281 5533 vei-hum
1339 5481 1580 5531 lacunam
1644 5481 1805 5531 habet
1867 5493 2051 5533 versus
2097 5480 2321 5533 dimidii.

808 5551 851 5581 "
884 5552 940 5601 ἐν
989 5549 1139 5621 κεφ.]
1172 5549 1312 5603 l‘sal.
1339 5564 1520 5613 xxxix,
1554 5549 1607 5602 8.

2396 5481 2440 5511 “
2472 5482 2615 5549 λέγει
2641 5481 2741 5534 τὸν
2765 5488 2804 5535 Α
2840 5502 2851 5536 :
2888 5481 3105 5551 λέγεται
3132 5504 3191 5550 ς.

2617 5412 2816 5482 χειρῶν
2842 5416 2950 5466 τῶν
2989 5416 3124 5484 ὰνΟρ
3168 5433 3230 5478 ς,

3308 5417 3351 5446 ⁸⁸
3379 5418 3587 5488 ἐμυήθη
3632 5434 3743 5472 om.
3778 5433 3862 5487 pr.
3887 5421 3928 5472 Α
3957 5438 3970 5473 :
3998 5421 4041 5475 (Ξ

3266 5489 3310 5517 ⁵⁸
3344 5487 3543 5558 ἡμέρα“
3572 5489 3715 5544 Psal.
3783 5506 3936 5552 xvm,
3984 5492 4038 5544 5.

2302 5644 2508 5699 NOTAE

877 5735 988 5804 (l9)
1032 5735 1172 5788 ldum
1216 5739 1367 5790 docet
1407 5735 1623 5803 Nit'i-plt.
1677 5736 1956 5788 Culmsilns
2006 5738 2233 5803 exposit.
2288 5735 2368 5788 Li-

807 5817 944 5871 turg.
980 5822 1097 5875 cap.
1131 5808 1216 5859 20.

2555 5738 2665 5805 (δυ)
2726 5736 2987 5806 Georgius
3082 5740 3393 5803 Ccdrenus,

3479 5741 3680 5794 "litor.
3754 5740 4038 5809 Compend.

2483 5825 2623 5859 anno
2656 5809 2723 5857 50
2759 5807 3067 5862 Theodosii.
