4196 6442
175 445 269 505 7⁸13

1172 439 1690 499 BIBLIOTHECA.
1724 466 1787 478 -
1816 440 1976 499 COD.
2000 440 2276 499 CCXXII.

3281 438 3383 506 774

174 549 485 618 ίερολογέαν.
534 550 594 599 ἹΙ
621 548 676 599 δὲ
710 548 815 614 ἄρα
854 548 1235 616 ὲμυσταγώγει
1264 552 1361 615 τῆς
1390 547 1719 617 δημιουργοῦ
1752 557 1797 610 Α

1752 557 1797 610 Α
1831 550 1919 601 bat
1969 548 2250 601 Trinitatis
2303 547 2583 601 creatricis
2615 546 2861 600 notitiam
2913 563 3009 616 per
3047 549 3379 605 materialem

169 641 386 707 Τριάδος
405 641 503 708 τὴν
521 640 719 706 γνῶσιν
742 639 808 691 δι’
830 639 1018 706 ὑλικῆς
1056 639 1449 707 παραγίνεσθαι
1478 640 1571 692 καὶ
1600 656 1722 688 συν-

171 735 337 782 θέτου.
369 732 477 781 Καὶ
508 730 613 798 μὴν
636 728 730 781 καὶ
761 730 929 794 αὐτῆς
964 731 1061 797 τῆς
1089 732 1265 798 ἁπλῆς
1310 731 1400 780 καὶ
1431 728 1722 781 ἀσυνθέτου

168 823 344 881 οὐσίας
374 822 463 872 διὰ
486 824 582 890 τῆς
612 821 798 873 ἑνύλου
826 822 921 874 καὶ
949 822 1366 889 συντεθειμένης
1386 821 1482 889 τὴν
1515 822 1722 889 τριαδι-

170 913 262 980 κὴν
316 913 724 965 ὑπαινίττεσθαι
756 914 1071 982 κυριότητα.
1126 912 1254 984 [512
1298 911 1392 982 IL]
1427 912 1588 964 Ὅθεν
1632 914 1725 964 καὶ

169 1004 246 1053 διὰ
267 1003 456 1070 διπλῆς
470 1003 697 1073 Τριάδος
722 1003 819 1071 τῆς
837 1004 972 1074 ὑπὲρ
994 1006 1173 1057 πᾶσαν
1200 1006 1475 1073 ἁπλότητα
1497 1005 1725 1076 Τριάδος

172 1092 257 1159 τὴν
288 1093 490 1157 γνῶσιν
543 1091 1041 1147 ἀνακαλύπτεσθαι.
1083 1094 1271 1145 Πίστιν
1300 1094 1357 1146 δὲ
1394 1096 1503 1155 τοῖς
1530 1093 1725 1146 τεθεω-

173 1183 423 1250 ρημένοις
482 1182 781 1245 ἐπιτιθεὶς,
819 1183 917 1253 τὴν
969 1183 1014 1246 ζ’
1064 1185 1195 1253 φησὶ
1240 1183 1408 1237 τύπον
1445 1179 1585 1237 εῖναι
1629 1183 1723 1237 τοῦ

173 1273 352 1341 καιροῦ
376 1272 609 1336 ἐκείνου,
634 1274 692 1324 ὲν
726 1267 771 1341 ᾧ
798 1275 907 1327 τῶν
930 1277 1246 1345 παχυτέρων
1278 1279 1371 1329 καὶ
1402 1279 1726 1347 σωματικῶν

171 1362 291 1430 ἡμῖν
327 1365 505 1432 ἔργων
560 1365 923 1427 κατάπαυσις,
973 1364 1046 1425 ὥς
1093 1383 1197 1419 που
1233 1366 1278 1398 ⁸⁸
1310 1368 1403 1419 καὶ
1441 1370 1469 1420 ό
1514 1370 1725 1431 Παῦλός

172 1473 346 1523 φησιν,
376 1458 451 1519 ὡς
491 1459 887 1512 Ἀπολείπεται
917 1463 1321 1530 σαϐϐατισμὸς
1348 1463 1426 1527 τῷ
1458 1464 1585 1529 λαῷ
1620 1467 1724 1520 τοῦ

174 1546 339 1599 Θεοῦ·
378 1551 410 1600 ὀ
440 1548 547 1616 γὰρ
580 1549 773 1602 ἐλθὼν
804 1554 891 1615 εἰς
928 1551 1043 1617 τὴν
1090 1552 1473 1606 κατάπαυσιν
1514 1558 1721 1623 αὐτοῦ,

172 1636 258 1687 καὶ
292 1636 475 1702 αὐτὸς
530 1638 911 1692 κατέπαυσεν
964 1641 1081 1692 ἀπὸ
1130 1640 1247 1694 τῶν
1287 1642 1474 1711 ἔργων
1516 1645 1721 1710 αὐτοῦ,

170 1726 363 1795 ὥσπερ
388 1728 509 1781 ἀπὸ
536 1728 655 1781 τῶν
678 1729 841 1782 ἰδίων
879 1733 913 1783 ό
944 1732 1108 1796 Θεός.
1138 1734 1198 1784 Εἰ
1227 1734 1281 1787 δὲ
1302 1734 1468 1798 τύπος
1491 1737 1523 1805 ἡ
1560 1736 1603 1798 ζ’
1628 1736 1724 1804 τῆς

170 1818 557 1882 καταπαύσεως
588 1820 695 1871 τῶν
726 1821 856 1891 παρ’
882 1822 1015 1891 ἡμῖν
1046 1823 1221 1893 ἔργων
1250 1825 1358 1878 τῶν
1392 1826 1613 1891 ὑλικῶν,
1633 1827 1721 1879 ὅτε

169 1912 301 1964 κατὰ
331 1913 423 1965 τὸν
450 1913 609 1971 αὐτὸν
652 1914 941 1967 Θεσπέσιον
987 1912 1198 1966 Παῦλον
1220 1914 1265 1947 δ’
1291 1916 1383 1967 καὶ
1411 1916 1471 1968 τὸ
1516 1917 1717 1969 τέλειον

169 2005 261 2074 τῆς
283 2005 535 2072 γνώσεως
558 2008 653 2075 τῆς
677 2008 770 2059 ἐπὶ
791 2008 986 2077 μέρους
1013 2011 1201 2076 σοφίας
1218 2008 1714 2077 ἀνταλλασσόμεθα,

170 2097 395 2163 εὐλόγως
425 2101 516 2151 καὶ
540 2102 638 2166 τὴν
668 2099 976 2170 ὲξαήμερον
1008 2102 1073 2153 ἂν
1104 2100 1274 2153 τύπον
1303 2095 1442 2152 εἶναι
1479 2100 1577 2169 τῆς
1608 2100 1723 2152 ὑλι-

169 2186 266 2254 κῆς
295 2186 720 2256 τεθεωρήκαμεν
748 2188 1021 2256 γνώσεως,
1053 2189 1172 2241 καθ’
1204 2191 1270 2261 ἠν
1308 2190 1371 2241 ὲκ
1400 2190 1596 2260 μέρους
1628 2191 1722 2243 καὶ

167 2275 221 2324 ἐν
246 2275 559 2345 αἰνίγμασιν
591 2279 624 2347 ἡ
664 2278 794 2347 περὶ
825 2278 884 2331 τὸ
913 2278 1066 2331 Θεῖον
1106 2282 1239 2349 ἡμῖν
1269 2280 1536 2350 ὑπόληψις
1570 2298 1721 2351 περι-

167 2368 368 2434 γέγονε.
396 2368 623 2431 Τούτοις
656 2370 848 2436 ἑπάγει
869 2372 960 2424 καὶ
988 2372 1087 2441 τὴν
1109 2371 1202 2424 τοῦ
1223 2372 1480 2441 Θεολόγου
1515 2373 1719 2445 φωνὴν,

167 2458 277 2527 ητις
310 2458 474 2530 μέχρι
505 2462 674 2531 τριῶν
698 2464 828 2531 ἡμῖν
869 2464 1219 2516 ύποστάσεων
1247 2464 1307 2516 τὺ
1331 2463 1430 2533 τῆς
1467 2464 1721 2536 θεότητος

167 2552 462 2619 μυστήριον
486 2552 933 2623 ἀνακαλυφθῆναι
961 2555 1133 2623 λέγει,
1165 2555 1440 2618 Μονόδος
1480 2559 1597 2626 μὲν
1630 2576 1717 2611 κι-

165 2645 467 2710 νηθείσης,
496 2648 651 2713 φησὶ,
675 2644 771 2699 διὰ
797 2646 863 2698 τὸ
889 2648 1211 2711 πλούσιον,
1244 2647 1464 2715 δυάδος
1486 2648 1717 2721 [3|6H.]

163 2731 225 2785 δὲ
252 2736 689 2803 ὐπερϐαθείσης
722 2736 819 2790 διὰ
859 2738 973 2804 τὴν
1010 2738 1169 2806 ὓλην
1195 2740 1294 2793 καί
1334 2740 1399 2792 τὸ
1432 2737 1611 2807 εἶδος,
1652 2741 1720 2805 ἐξ

162 2820 242 2878 ὧν
280 2829 353 2881 τὰ
408 2829 672 2899 σώματα,
732 2830 970 2898 Τριὰδος
1024 2832 1092 2885 δὲ
1134 2834 1479 2901 ὁρισθείσης
1520 2835 1617 2888 διὰ
1652 2834 1720 2888 τὸ

164 2918 405 2973 τέλειον.
434 2921 627 2993 Πρώτη
660 2924 767 2992 γὰρ
794 2925 827 2993 ἡ
849 2925 1016 2993 Τριὰς
1042 2925 1229 2988 δυάδος
1260 2926 1572 2995 ὑπερϐαίνει
1598 2928 1721 2980 σύν-

165 3010 326 3076 θεσιν,
364 3013 454 3065 ἵνα
488 3016 623 3082 μήτε
653 3014 812 3085 στενὴ
844 3016 993 3084 μένοι
1020 3017 1209 3087 θεότης
1249 3020 1384 3087 μήτε
1438 3021 1516 3081 είς
1566 3019 1721 3071 ἄπει-

166 3114 250 3167 ρον
275 3100 486 3169 χέηται.
521 3102 788 3154 Συνάπτει
819 3104 874 3155 δὲ
901 3106 967 3174 τῇ
1002 3106 1152 3176 αἰτίᾳ
1178 3106 1349 3175 ταύτῃ
1395 3111 1487 3158 καὶ
1528 3108 1719 3177 ἑτέραν

162 3192 255 3258 τῆς
287 3194 448 3262 μέχρι
481 3193 709 3263 Τριάδος
755 3195 941 3264 θεῐκῆς
988 3197 1239 3265 προόδου,
1282 3198 1373 3251 καί
1409 3214 1543 3267 φησι
1587 3198 1718 3250 διότι
1745 3234 1787 3289 c

165 3284 249 3334 καὶ
279 3283 441 3353 μόνος
478 3284 727 3354 ἀριθμῶν
760 3286 788 3338 ὸ
815 3289 963 3355 τρεῖς
990 3285 1157 3354 ζυγοῦ
1193 3287 1362 3350 τύπος
1399 3290 1515 3341 ἐστὶ
1555 3289 1717 3356 σαφέ-

166 3388 367 3435 στατος,
419 3376 447 3426 ό
482 3374 537 3426 δὲ
568 3373 730 3441 ζυγὸς
765 3376 1007 3443 ἰσότητος
1046 3376 1206 3447 ἔργον
1251 3376 1365 3445 ἅμα
1394 3377 1488 3429 καὶ
1518 3377 1720 3446 σύμδο-

164 3461 247 3515 λον
271 3481 283 3494 ·
316 3464 440 3517 ὅθεν
472 3468 565 3518 καὶ
600 3466 655 3516 ὲν
696 3467 949 3536 ἀριθμοῖς
978 3467 1007 3519 ό
1060 3466 1335 3540 τριαδικδς
1365 3467 1524 3536 μόνος
1551 3468 1720 3519 ἁπάν-

164 3570 267 3607 των
289 3556 444 3623 φέρει
476 3556 539 3607 τὸ
573 3556 737 3625 μέσον
769 3556 903 3627 πρὸς
932 3559 998 3609 τά
1031 3558 1372 3627 ἑκατέρωθεν
1410 3558 1557 3628 ἄκρα
1607 3560 1722 3611 ἶσον

166 3661 219 3695 τε
265 3650 355 3697 καὶ
385 3646 825 3714 ἀπαράλλακτον,
858 3650 1111 3717 οὐδεμιᾶς
1160 3652 1272 3712 τοῖς
1315 3649 1491 3718 τρισὶν
1526 3651 1722 3719 ὲνορω-

170 3738 327 3807 μένης
372 3738 509 3800 ὅλως
549 3738 870 3802 συνθέσεως.
925 3740 1013 3793 Ἐν
1066 3735 1146 3804 οἷς
1174 3742 1265 3795 καὶ
1309 3743 1337 3795 ὁ
1386 3746 1440 3805 ς’
1468 3740 1546 3811 τῷ
1571 3742 1722 3811 φιλο-

167 3827 379 3895 θεάμονι
412 3829 567 3898 ἀνδρὶ
600 3831 1029 3900 συμπεραίνεται
1058 3831 1235 3901 λόγος.

1825 648 1985 702 atque
2008 637 2357 703 compositam
2384 636 2745 704 cognitionem
2791 637 3043 689 advenire
3063 676 3077 699 ,
3136 639 3384 705 quinimo

1824 730 2085 799 simplicis
2116 730 2283 798 ipsius
2326 739 2379 782 et
2418 730 2787 797 incomposita:
2840 730 3033 798 192a
3066 732 3380 786 substantia

1826 823 2020 875 trinam
2050 822 2455 891 proprietatem,
2502 836 2596 888 per
2641 820 2971 874 materialmn
3013 837 3077 875 ac
3114 824 3385 889 composi-

1826 925 1932 969 tam
1980 914 2315 983 audgmatice
2364 914 2643 980 denotari;
2690 924 2849 981 atque
2906 915 3031 967 ltinc
3087 914 3251 967 etiam
3292 928 3388 980 per

1825 1008 2096 1075 duplicem
2148 1004 2464 1057 Trinitatem
2514 1004 2679 1067 illius,
2729 1018 2940 1056 onmem
2989 1003 3385 1070 simplicitatem

1825 1096 2135 1149 excedentis
2178 1094 2458 1147 Trinitatis
2503 1093 2860 1161 cognitionem
2914 1090 3162 1145 revelari.
3203 1090 3386 1143 Fidem

1827 1202 1954 1241 vero
1980 1197 2226 1240 astruens
2250 1187 2410 1239 rebus
2435 1187 2580 1247 visis,
2629 1184 2915 1250 septimum
2966 1183 3111 1237 diem
3152 1184 3225 1235 ait
3264 1197 3389 1236 esse

1828 1280 2055 1347 figuram
2092 1278 2232 1331 illius
2295 1277 2572 1345 temporis,
2635 1276 2685 1327 in
2714 1290 2817 1341 quo
2854 1275 3007 1329 nobis
3051 1276 3261 1341 requies
3286 1276 3389 1327 erit

1828 1388 1854 1422 a
1884 1372 2161 1439 corporeis
2186 1379 2237 1421 ct
2269 1369 2604 1437 gravioribus
2640 1366 2931 1430 laboribus,
2966 1374 3027 1419 ut
3066 1366 3191 1419 alibi
3221 1369 3385 1418 etiam

1827 1460 2026 1513 Paulus
2072 1458 2388 1519 affirmat”,
2456 1459 2688 1525 relinqui
2746 1458 3133 1511 sabbatismum
3193 1458 3388 1525 p0pulo

1829 1550 1940 1604 Dt'l.
1975 1550 2074 1615 Qui
2100 1550 2242 1602 enim
2274 1549 2545 1617 ingressus
2573 1556 2657 1600 est
2689 1548 2738 1599 in
2758 1549 2994 1614 requiem
3026 1547 3384 1607 suam,etiatn

1827 1645 1939 1712 ipse
1968 1643 2231 1710 requievit
2269 1644 2334 1695 ab
2384 1640 2636 1707 operibus
2683 1640 2815 1700 suis,
2863 1640 2996 1690 sicut
3026 1652 3055 1689 a
3088 1638 3198 1691 suis
3223 1638 3380 1689 Deus.

1827 1734 1881 1788 Si
1927 1749 2051 1787 vero
2076 1732 2241 1801 figura
2270 1740 2353 1785 est
2382 1732 2641 1799 septimus
2670 1730 2781 1782 dies
2815 1728 3074 1796 requietis
3125 1744 3153 1780 a
3187 1730 3386 1781 nostris

1830 1817 2501 1885 matcrialibnsoperibus.
2554 1816 2768 1885 quando
2797 1818 3089 1869 secumlum
3136 1818 3383 1870 eumdem

1826 1909 2063 1961 divinum
2098 1907 2318 1961 Paulum
2345 1910 2389 1940 ⁶⁶
2417 1922 2537 1962 cum
2588 1907 2907 1977 perfectiore
2951 1908 3260 1978 cognitione
3286 1910 3387 1960 im-

1826 1999 2202 2068 perfectiorem
2230 2000 2704 2061 commutabimus,
2746 2001 2938 2053 merito
2967 2012 3019 2053 et
3041 2014 3133 2054 sex
3174 2002 3383 2053 dierum

1821 2106 1955 2159 opus
1986 2092 2211 2159 figuram
2242 2107 2361 2146 esse
2398 2093 2690 2145 materialis
2721 2093 3048 2159 cognitionis
3076 2094 3385 2147 meditando

1822 2183 2213 2249 perspeximus,
2242 2184 2537 2237 secundum
2573 2198 2730 2250 quam
2755 2197 2819 2235 ex
2851 2194 3001 2249 parte
3052 2194 3105 2236 et
3147 2183 3199 2236 in
3249 2184 3380 2236 teni-

1820 2286 1996 2339 gmate
2031 2274 2169 2328 Deus
2193 2290 2219 2327 a
2252 2275 2405 2328 nobis
2431 2275 2788 2343 cognoscitur.
2848 2274 2941 2327 His
2970 2276 3115 2328 addit
3137 2275 3381 2343 Gregorii

1820 2364 2077 2435 Theologi
2116 2366 2228 2437 (5|)
2263 2367 2612 2429 sententiam,
2665 2382 2768 2434 qua
2814 2383 2982 2435 usque
3017 2368 3081 2420 ad
3116 2376 3224 2421 tres
3256 2382 3383 2435 per-

1821 2473 1986 2513 sonas
2046 2458 2346 2512 divinitatis
2398 2459 2709 2527 mySIerium
2779 2458 2932 2512 nobis
2980 2457 3379 2511 manifestatum

1820 2550 1949 2603 dicit
1982 2568 1996 2603 :
2031 2548 2243 2602 Unitate
2277 2558 2437 2613 mota,
2488 2548 2584 2611 ait,
2634 2550 2695 2599 ob
2728 2548 2959 2614 divitias,
3004 2548 3208 2601 binario
3264 2564 3379 2601 vero

1820 2649 2064 2705 superato
2092 2646 2300 2706 propter
2328 2637 2601 2689 materiam
2627 2647 2674 2688 et
2705 2636 2948 2704 farinam,
2970 2654 3033 2691 ea:
3056 2640 3240 2707 quibus
3266 2654 3382 2691 cor-

1818 2747 1947 2797 pora
1986 2749 1998 2782 :
2031 2728 2289 2783 Trinitate
2317 2746 2433 2783 vero
2458 2739 2669 2797 propter
2704 2730 2975 2797 deﬁnitam
3012 2732 3379 2799 perfectionem

1822 2823 2014 2891 (prima
2044 2822 2182 2874 enim
2221 2820 2559 2891 [innumeris
2587 2819 2606 2892 J
2644 2822 2770 2873 trias
2793 2823 2982 2874 binarii
3010 2823 3208 2876 excedit
3236 2840 3379 2876 com-

1819 2914 2171 2982 positionem)
2214 2923 2271 2965 ut
2326 2929 2484 2982 neque
2537 2914 2775 2981 angustis
2832 2916 3068 2967 terminis
3130 2916 3378 2968 divinitas

1819 3005 2166 3060 contineatur.
2184 3003 2409 3069 nequein
2425 3003 2685 3072 infinitum
2708 3002 3057 3074 diffundatur.
3081 3006 3241 3060 Addit
3259 3008 3381 3059 huic

1817 3106 1868 3145 ct
1898 3095 2057 3146 aliam
2080 3108 2292 3147 causam
2341 3108 2439 3146 cur
2496 3097 2561 3147 ad
2584 3094 2900 3150 Trinitatem
2934 3112 3103 3165 usque
3125 3098 3381 3151 divinitas

1822 3200 2104 3255 progressa
2132 3186 2222 3249 sit,
2254 3196 2306 3238 et
2332 3187 2408 3239 ait
2447 3204 2460 3240 :
2496 3187 2628 3252 Quia
2653 3188 2796 3241 solus
2820 3203 3169 3243 numerorum
3195 3200 3377 3243 terua-

1830 3279 1942 3331 rius
1995 3277 2142 3331 librae
2202 3276 2367 3346 ﬁgura
2393 3289 2475 3331 est
2525 3280 2984 3334 manifestissima.
3046 3280 3203 3335 Libra
3250 3296 3381 3337 vero

1824 3370 2180 3438 aequalitatem
2204 3367 2383 3433 efficit,
2410 3370 2567 3423 simul
2596 3386 2659 3425 ac
2717 3372 3004 3442 significat.
3058 3373 3209 3429 Unde
3237 3386 3293 3431 et
3324 3378 3379 3431 in

1826 3460 2065 3513 numeris
2117 3459 2261 3512 solus
2286 3460 2551 3514 ternarius
2580 3462 2809 3514 medium
2842 3472 3070 3529 occupat
3097 3465 3268 3519 locum
3296 3468 3346 3519 in

1828 3562 1909 3606 ter
1948 3564 2176 3621 utraque
2205 3559 2446 3605 extrema
2469 3566 2650 3620 parem
2679 3564 2837 3621 atque
2870 3554 3376 3619 incommutabilem.

1830 3647 1907 3697 sic
1938 3654 1993 3695 ut
2044 3643 2186 3696 nulla
2214 3642 2436 3696 omnino
2465 3644 2518 3695 in
2550 3644 2723 3697 tribus
2746 3642 3201 3699 animadvertatur
3227 3661 3379 3702 com-

1829 3735 2045 3804 positio,
2087 3736 2139 3787 in
2182 3734 2375 3803 quibus
2409 3743 2595 3788 sextus
2634 3734 2962 3805 speculativo
3006 3736 3127 3791 huic
3175 3736 3377 3793 homini

1832 3830 1965 3883 liber
1993 3828 2309 3882 absolvitur.

1671 3927 1823 3981 Liber
1848 3941 1939 3979 νιι.

241 4013 327 4066 Ἐν
354 4013 411 4065 δὲ
434 4014 511 4081 τῷ
557 4014 600 4074 ζ’
637 4016 825 4085 βιϐλίῳ
877 4016 1233 4085 διαλαμὸάνει
1264 4018 1344 4070 ὅτι
1378 4021 1524 4089 τρεῖς
1556 4035 1722 4087 μετα-

1890 4013 2053 4067 Libro
2072 4013 2301 4081 septimo
2320 4010 2461 4083 [cap.
2481 4011 2573 4084 27]
2598 4016 2793 4068 asserit
2817 4024 2926 4070 tres
2943 4016 3247 4085 politiarum
3264 4035 3376 4072 mu-

163 4102 330 4166 οέσεις
349 4105 639 4158 πολιτειῶν
662 4106 722 4158 τὺ
750 4107 890 4177 ίερὸν
911 4107 1216 4178 ἀναγράφει
1243 4108 1498 4178 Γράμμα,
1530 4108 1594 4170 ἃς
1627 4108 1722 4161 καὶ

1719 4147 1722 4157 ,
1820 4106 2050 4157 tationes
2097 4118 2125 4155 a
2171 4119 2322 4157 sacra
2372 4107 2745 4173 repraesentari
2791 4106 3108 4175 Scriptura,
3159 4126 3292 4178 quas
3324 4121 3376 4167 et

164 4197 447 4263 σεισμοὺς
492 4197 771 4266 ὀνομάζει,
808 4198 1030 4268 πρώτην
1055 4200 1150 4268 μὲν
1180 4200 1276 4267 τὴν
1299 4200 1405 4251 ἀπὸ
1440 4198 1536 4267 τῆς
1572 4199 1723 4251 εἰδω-

1714 4231 1723 4242 .
1822 4194 2167 4248 Τενιναειιιοτιιε
2198 4195 2457 4249 nominat.
2498 4196 2730 4250 Primam
2762 4200 2976 4267 quidem
3008 4202 3075 4252 ab
3103 4200 3371 4256 idolorum

163 4285 469 4358 λολατρείας
494 4290 585 4341 ἐπὶ
623 4292 721 4359 τὴν
750 4290 977 4359 νομικὴν
1008 4291 1283 4343 πολιτείαν
1324 4290 1633 4356 μετάθεσιν,
1661 4290 1718 4341 έν
1819 4317 1820 4328 ι

1819 4289 1963 4342 cultu
1983 4288 2033 4340 in
2052 4288 2270 4357 legalem
2287 4289 2593 4356 reipublica:
2605 4290 3022 4356 ordinationem,
3040 4293 3092 4346 in
3112 4309 3216 4364 qua
3231 4296 3376 4351 solus

164 4371 192 4445 ᾖ
228 4378 381 4445 μόνος
410 4381 512 4448 μὲν
540 4382 567 4431 ό
600 4377 789 4447 Πατὴρ
812 4380 1191 4447 ἐμφανέστατα
1228 4380 1577 4449 κηρύττεται,
1611 4382 1639 4431 ὁ
1663 4380 1718 4432 δὲ
1820 4380 1821 4383 “

1820 4378 1982 4433 Pater
2046 4380 2480 4435 manifestissime
2516 4383 2855 4452 praedicatur.
2894 4384 3063 4440 Filius
3108 4398 3285 4444 autem
3320 4402 3376 4443 et

165 4468 279 4532 Υἱὸς
304 4470 399 4529 καὶ
430 4472 490 4522 τὸ
518 4469 742 4538 Πνεῦμα
773 4474 830 4523 ὲν
857 4469 1142 4539 συμϐόλοις
1175 4470 1374 4539 μᾶλλον
1399 4470 1443 4500 ³⁸
1473 4469 1719 4540 παραδη-

1713 4496 1719 4507 -
1823 4471 2055 4539 Spiritus
2084 4473 2341 4541 symbolis
2367 4473 2627 4527 duntaxat
2648 4483 2700 4527 et
2721 4476 3021 4544 aenigmatis
3051 4477 3370 4534 iudicantur.

161 4559 333 4613 λοῦται
363 4562 460 4615 καὶ
505 4561 790 4630 αἰνίγμασι
812 4577 826 4591 ·
858 4562 1116 4632 δευτέραν
1140 4563 1197 4615 δὲ
1242 4561 1340 4631 τὴν
1375 4562 1483 4614 ἀπὸ
1516 4562 1720 4623 ταύτης

1717 4578 1720 4587 ’
1822 4562 2056 4616 Alteram
2105 4576 2231 4616 vero
2260 4576 2325 4615 ex
2362 4563 2461 4616 hac
2487 4563 2537 4615 in
2570 4563 2911 4633 Evangelium
2934 4580 3037 4635 qua
3067 4569 3233 4637 magis
3262 4583 3374 4637 per-

163 4652 289 4719 πρὸς
316 4653 377 4703 τὸ
414 4652 769 4719 Εὑαγγέλιον,
798 4655 855 4705 ὲν
954 4655 1272 4724 τρανότερον
1314 4656 1343 4705 ὀ
1389 4652 1515 4713 Υἱὸς
1542 4652 1633 4705 καὶ
1661 4652 1720 4703 τὸ
1741 4721 1773 4724 _

1717 4676 1773 4724 ι-
1824 4653 2006 4721 spicne
2025 4651 2193 4706 Filius
2211 4662 2265 4705 et
2282 4652 2512 4723 Spiritus
2537 4666 2757 4710 sanctus
2787 4656 3221 4713 manifestantur.
3240 4657 3374 4714 Ter-

162 4742 369 4813 Πνεῦμα
395 4744 842 4797 ἀποκαλύπτεται
860 4759 875 4775 ·
900 4745 993 4797 καὶ
1010 4745 1201 4815 τρίτην
1230 4744 1414 4795 λοιπὸν
1437 4746 1534 4811 τὴν
1560 4744 1714 4795 ἀῦλο-
1740 4721 1793 4780 Ῑ)

1740 4721 1793 4780 Ῑ)
1821 4744 1948 4795 tiam
1964 4744 2194 4811 denique
2210 4721 2349 4796 illam
2366 4745 2602 4798 materiae
2617 4746 3068 4814 magisexpertem
3081 4748 3374 4803 etdivinio-

160 4836 310 4905 τέραν
334 4854 391 4888 τε
420 4837 517 4889 καὶ
548 4836 823 4906 θειοτέραν
858 4837 1033 4904 λῆξιν,
1062 4839 1121 4889 ὲν
1215 4837 1550 4906 διαπρυσίιυς
1581 4836 1713 4887 πᾶσι

1821 4850 1933 4888 rem
1952 4845 2170 4895 sortem,
2186 4835 2237 4887 in
2252 4850 2353 4903 qua
2367 4835 2774 4905 penitusl92b
2793 4835 3073 4891 Trinitatis
3090 4838 3372 4894 uniformi-

160 4924 212 4974 τὸ
231 4926 324 4994 τῆς
347 4927 576 4993 Τριάδος
608 4927 835 4989 ἑνοειδὲς
881 4928 974 4979 καὶ
1032 4927 1323 4996 ἀμέριστον
1383 4926 1474 4979 καὶ
1522 4942 1715 4977 παντο-

1714 4958 1715 4961 η
1819 4933 1921 4988 tas,
1941 4922 2422 4985 etindivisibilitas,
2451 4926 3193 4993 etonmiputentia,quantum
3214 4939 3371 4982 natu-

162 5018 499 5087 κρατορικὺν,
538 5017 613 5080 ὡς
645 5021 877 5088 γεννητῇ
919 5017 1077 5086 φύσει
1105 5017 1349 5081 δυνατὸν,
1394 5020 1472 5079 είς
1502 5016 1712 5087 ἀνθρὼ-

1820 5030 1876 5068 ra
1892 5023 2069 5067 creata
2082 5014 2293 5082 assequi
2309 5024 2503 5083 potest,
2518 5015 2570 5068 in
2586 5016 2858 5068 hominum
2872 5016 3226 5071 indubitatam
3252 5034 3372 5087 per-

161 5118 267 5159 πων
297 5108 624 5161 ἁδίστακτον
658 5108 856 5175 γνῶσιν
889 5111 1218 5178 ἀφικνεῖται.
1262 5108 1621 5175 ’Ᾱπαγγέλλει
1656 5108 1714 5161 δὲ

1819 5106 1966 5159 venit
1986 5106 2360 5172 cognitionem.
2380 5103 2617 5159 Primum
2637 5115 2812 5159 autem
2832 5116 2989 5163 terra
3021 5119 3219 5164 motum
3239 5126 3373 5179 prae-

161 5194 243 5246 τὸν
272 5196 368 5264 μὲν
398 5197 620 5266 πρῶτον
651 5198 872 5267 σεισμὸν
915 5200 942 5251 ό
976 5198 1259 5260 θεσπέσιος
1301 5198 1467 5250 Δασιδ
1490 5197 1577 5251 διὰ
1607 5196 1714 5249 τῶν

1819 5197 1964 5251 dicat
1976 5197 2186 5251 divinus
2202 5197 2291 5251 ille
2305 5196 2493 5259 David,
2513 5198 2597 5252 his
2610 5200 2784 5253 verbis
2799 5216 2815 5253 :
2830 5201 2869 5253 Α
2886 5201 3020 5268 facie
3038 5202 3245 5256 Domini
3262 5220 3372 5255 mo-

164 5285 408 5354 ρημάτων
459 5289 668 5341 τούτων
700 5305 713 5318 ’
750 5289 893 5342 Ἀπὸ
928 5290 1253 5356 προσώπου
1299 5290 1521 5356 Κυρίου
1571 5290 1713 5341 ἐσα-

1712 5319 1713 5325 η
1822 5298 1874 5340 ta
1891 5298 1964 5341 est
1979 5298 2181 5354 terra,a
2198 5289 2333 5357 {acie
2345 5288 2435 5341 Dei
2448 5286 2613 5343 Iacob
2626 5290 2691 5345 ".
2709 5291 2867 5346 Addit
2885 5294 3028 5347 enim
3046 5311 3058 5345 :
3077 5293 3369 5348 Simulaern

160 5376 329 5443 λεύθη
353 5379 397 5408 ⁸⁸
429 5378 469 5446 ἠ
505 5377 604 5448 γῆ,
636 5379 755 5432 ἀπὸ
786 5380 1109 5445 προσώπου
1145 5380 1252 5433 τοῦ
1290 5379 1441 5431 Θεοῦ
1470 5379 1677 5432 ἰακώὄ
1696 5395 1711 5409 ·

1708 5396 1711 5407 ι
1819 5383 2047 5448 gentium
2060 5390 2328 5450 argentum
2340 5392 2386 5434 et
2399 5398 2763 5451 aurum,opera
2776 5401 3021 5439 manuum
3033 5386 3365 5439 hominum".

226 5467 267 5498 “
297 5467 461 5523 Hebr.
521 5485 598 5533 tv,
647 5469 703 5525 9.
812 5472 856 5503 “
894 5471 1066 5526 lCor.
1116 5487 1234 5538 xm,
1286 5472 1338 5526 9.
1446 5472 1489 5502 ⁸⁷
1541 5470 1683 5524 Psal.
1724 5486 1877 5533 cxtn,

812 5472 856 5503 “
894 5471 1066 5526 lCor.
1116 5487 1234 5538 χιιι,
1286 5472 1338 5526 9.
1446 5472 1489 5502 ⁸⁷
1541 5470 1683 5524 Psal.
1724 5486 1877 5533 cxtn,
1913 5474 1966 5524 '7.
2071 5475 2114 5505 "
2154 5474 2282 5528 ibid.
2314 5476 2398 5529 l3.

1412 5560 1641 5615 VARUE
1685 5560 2083 5618 LECTIONES.

224 5653 265 5685 “
290 5655 414 5728 που]
465 5656 630 5710 Hebr.
685 5672 758 5721 tv,
785 5656 838 5710 9.
920 5658 964 5689 δ’
993 5658 1225 5729 Παῦλον]
1272 5659 1402 5715 Cor.
1435 5675 1548 5720 xm,
1584 5662 1635 5712 9.
1714 5659 1760 5688 '°
1840 5661 2037 5727 μᾶλλον
2071 5661 2110 5713 Λ
2144 5678 2157 5713 :
2199 5662 2357 5731 μόνον
2393 5678 2451 5724 ς.
2529 5662 2568 5690 ¹¹
2606 5658 2750 5712 ὲσαλ.
2784 5658 2924 5713 Psal.
2961 5674 3113 5722 cun,
3152 5664 3204 5714 7.

1661 5746 1884 5802 NOTJ'Z.

226 5837 329 5906 (3|)
364 5836 518 5891 Orat.
557 5854 616 5898 tt,
660 5835 733 5889 De
762 5834 919 5898 Pace,
955 5855 1097 5890 ntun.
1137 5840 1216 5891 l7.
