4196 6442
222 404 329 464 777

1250 397 1764 461 BIBLIOTHECA.
1788 421 1867 437 -
1897 400 2062 460 COD.
2105 400 2384 459 CCXXII.

3347 416 3451 481 718

221 517 301 578 ὡς
334 517 371 583 ἡ
412 513 509 566 τοῦ
550 512 761 580 Πατρὸς
805 511 926 563 καθ’
970 510 1540 620 ἑαυτὸν.ἁναίιήρυξις;
1583 510 1785 620 quarta:

1821 515 1867 570 Α
1898 509 2088 573 Deum,
2132 523 2292 577 pares
2328 524 2360 563 ε
2402 510 2555 564 nobis
2611 513 2739 579 ipsis
2787 530 2976 574 causas
3023 535 3125 576 non
3176 523 3455 586 habemus.

224 605 621 673 συμφερόντως
646 619 706 653 τε
737 602 829 654 καὶ
852 599 1222 670 προνοητικῶς
1253 598 1412 668 μόνος
1436 600 1465 649 ό
1488 598 1677 668 Πατὴρ
1703 598 1785 651 διά

1896 596 2080 666 Neque
2110 614 2240 654 vero
2267 602 2486 657 deorum
2527 605 2915 662 multitudinem
2945 611 3137 669 horum
3167 617 3302 687 (54),
3335 636 3458 676 cum

218 712 279 745 τε
312 694 483 762 νόμου
515 696 608 745 καὶ
647 691 941 759 προφητῶν
971 690 1247 789 ἐμφανῶς.
1266 688 1614 787 ἑκηρὺττετο,
1650 690 1788 789 μήτε

223 785 570 852 πρόσκομμα
599 784 711 841 τοῖς
745 778 1071 848 παχυτέροις
1110 777 1437 875 παρέχοντος
1479 777 1598 875 τοῦ.
1621 777 1790 875 χιι-ρύὶ

219 890 473 941 γματος,
520 873 615 925 καὶ
643 876 753 933 τοῖς
806 868 1301 939 θεωρητικωτέροις
1355 866 1601 966 τῆν’-τοῦ
1658 866 1788 966 Υίοῦ

220 962 435 1014 ἔννοιάν
462 979 521 1013 τε
544 963 639 1014 καὶ
674 960 964 1030 ὁμολογίαν
994 958 1420 1024 συνεισάγοντος.
1456 958 1518 1007 El
1548 957 1604 1007 δὲ
1634 957 1788 1024 πρῶ-

217 1069 313 1113 τος
336 1054 365 1105 ὁ
392 1053 521 1114 Υἱὸς
559 1052 908 1121 ὲκηρύττετο,
932 1050 1031 1102 οὐκ
1066 1049 1131 1102 ἂν
1157 1048 1217 1099 τὸ
1253 1047 1415 1115 σοφὸν
1449 1048 1548 1114 τῆς
1579 1048 1787 1098 οίκονο-

224 1146 357 1214 μίας
379 1145 577 1213 ὁμοίως
596 1142 912 1210 προέϐαινεν
928 1158 941 1171 ·
974 1140 1089 1192 ἀλλ’
1109 1139 1219 1191 οὐδ’
1240 1139 1291 1190 εί
1319 1136 1383 1189 τὸ
1405 1136 1669 1205 πανάγιον
1695 1136 1789 1187 καὶ

218 1233 485 1297 ζωοποιὸν
509 1232 751 1299 Πνεῦμα.

1897 688 2058 742 Patre
2117 694 2457 749 enumeratio
2514 696 2593 749 sic
2652 696 2890 756 funditus
2948 704 3311 777 abolevisset,
3368 726 3463 769 aut

1899 778 2159 846 impietati
2216 782 2412 838 deditis
2459 787 2984 853 multiplicandorum
3031 796 3251 854 deorum
3301 818 3463 857 occa-

1896 870 2105 924 sionem
2153 874 2461 940 eripuisset,
2493 888 2550 930 ut
2593 876 2771 934 Patris
2808 881 3046 941 solitario
3077 892 3274 957 sumpti
3313 908 3453 960 pra:-

1896 959 2115 1014 dicatio.
2158 961 2375 1018 Utiliter
2409 966 2570 1036 igitur
2608 985 2672 1022 ac
2717 974 2936 1039 provide
2978 977 3127 1031 solus
3159 959 3325 1035 Pater,
3367 999 3463 1052 per

1900 1048 2047 1118 leges
2096 1058 2151 1103 et
2194 1056 2486 1120 prophetas
2542 1057 2689 1112 clare
2741 1064 3158 1132 praedicabatur,
3204 1084 3324 1125 cum
3368 1048 3461 1128 sic

1898 1150 2000 1189 nec
2042 1138 2439 1205 praedicationis
2484 1143 2862 1201 oﬂ‘endiculum
2913 1153 3128 1221 aliquod
3173 1161 3460 1215 crassiori-

1896 1226 1998 1279 bus
2041 1229 2392 1299 prwberetur,
2424 1244 2481 1286 ct
2528 1239 2697 1306 magis
2749 1243 3095 1307 speculativis
3134 1247 3254 1302 Filii
3291 1251 3453 1305 simul

222 1326 379 1379 notio
437 1336 599 1391 atque
650 1321 918 1378 confessio
968 1322 1326 1390 ingereretur.
1385 1320 1485 1375 Ubi
1536 1319 1581 1372 si
1631 1316 1800 1371 Filius
1832 1317 1983 1383 prior
2014 1320 2417 1389 praedicaretur,
2451 1340 2556 1380 non
2598 1329 2821 1395 perinde
2895 1334 3089 1392 divinae
3162 1338 3456 1397 Providen—

219 1424 313 1474 tia:
350 1419 611 1485 sapientia
648 1418 984 1483 procederet,
1033 1425 1091 1468 ut
1129 1430 1302 1482 neque
1336 1414 1380 1467 si
1417 1410 1792 1467 sanctissimus
1824 1426 1890 1467 ac
1916 1414 2159 1468 viviﬁcus
2190 1414 2446 1485 Spiritus.

289 1514 406 1582 Τῆς
429 1514 621 1581 ὁμοίας
678 1510 857 1562 τοίνυν
911 1510 1089 1578 ἔχεται
1119 1509 1371 1578 προνοίας
1400 1508 1499 1560 καὶ
1557 1506 1793 1575 θεωρίας

218 1606 315 1656 καὶ
339 1604 401 1655 τὸ
431 1603 505 1670 μὴ
534 1601 624 1653 τὸν
653 1601 871 1671 Πατέρα
906 1600 1272 1670 σαρκωθῆναι.
1295 1598 1404 1651 Ποῦ
1426 1599 1535 1668 γὰρ
1564 1596 1791 1650 ἀνεκτὸν

218 1694 341 1746 ἀντὶ
374 1694 490 1756 τοῦ,
525 1693 657 1757 Υἱός
685 1693 730 1723 ⁸ο
758 1709 876 1760 μου
916 1688 975 1743 εί
990 1690 1070 1744 σὺ
1098 1732 1112 1753 ,
1144 1690 1257 1758 ἐγὼ
1292 1690 1557 1757 σήμερον
1588 1688 1792 1757 γεγέν-

216 1782 379 1848 νηκά
394 1798 491 1845 σε,
517 1782 649 1849 πρὸς
667 1782 757 1833 τὸν
786 1781 1135 1851 σαρκωοέντα
1155 1781 1351 1847 λέγειν’
1382 1780 1583 1849 Πατήρ
1600 1798 1718 1848 μου
1736 1776 1797 1833 εἴ

215 1872 302 1925 σὺ
323 1910 341 1935 ,
381 1871 649 1939 σήμερον
672 1870 1040 1940 γεγέννηκας
1055 1887 1130 1938 με
1151 1870 1268 1980 ;ΛΤί
1299 1871 1407 1940 γὰρ
1432 1871 1535 1980 ρὺκ
1561 1870 1629 1974 δν
1654 1871 1792 1939 πρὸς
1820 1923 1866 1980 Β

216 1963 481 2016 ἀπόνοιαν
508 1963 708 2031 ἔπραξε
732 1964 793 2017 τὸ
836 1964 1102 2017 Ἰουδαίων
1135 1964 1286 2025 ἔθνος
1321 1962 1458 2031 μετὰ
1497 1963 1590 2016 τοῦ
1620 1980 1791 2015 κατα-

218 2053 403 2121 φυγὴν
437 2052 710 2121 εὑρίσκειν
740 2056 840 2123 τῆς
874 2053 1079 2122 τόλμης
1108 2054 1169 2104 τὸ
1189 2051 1282 2105 τοῦ
1316 2051 1636 2123 πράγματος
1666 2052 1791 2103 δυσ-

219 2147 568 2217 παρὰδεκτόν
616 2162 676 2198 τε
727 2148 822 2199 καὶ
846 2144 1208 2199 ἀνακόλουθον
1236 2185 1253 2208 ,
1316 2147 1364 2197 εί
1409 2148 1439 2198 ό
1489 2146 1791 2217 σαρκωθεὶς

213 2238 395 2305 ελεγε’
418 2237 618 2304 Πατήρ
645 2240 764 2306 ειμι
800 2238 907 2292 τοῦ
934 2238 1121 2302 Θεοῦ;
1151 2237 1279 2309 [616
1312 2237 1405 2308 IL]
1439 2238 1560 2302 Πῶς
1592 2240 1693 2291 οὐκ
1722 2239 1789 2293 ἂν

214 2327 397 2382 ἐδόκει
435 2329 598 2398 μῦθος
621 2369 637 2393 ,
666 2331 715 2381 εί
738 2329 827 2382 τὸν
850 2330 1201 2401 σαρκωθέντα
1223 2332 1372 2401 φωνή
1396 2348 1479 2395 τις
1501 2334 1790 2403 οὐρανόθεν

212 2419 438 2486 ἐλέγετο
464 2422 663 2472 καλεῖν·
696 2415 884 2486 Οὗτός
905 2420 1077 2473 ἐστιν
1121 2425 1153 2475 ό
1198 2421 1398 2491 Πατήρ
1430 2440 1549 2490 μου
1574 2425 1607 2476 ὁ
1646 2423 1789 2492 ἀνα-

210 2510 428 2576 πητὸς,
469 2510 536 2562 ἐν
570 2505 619 2577 ᾧ
642 2511 949 2578 εὐδόκησα
968 2511 1039 2581 ;ῆ
1071 2512 1131 2564 τὸ
1159 2512 1337 2581 λέγειν
1358 2513 1542 2566 αὐτόν·
1580 2514 1634 2566 Ὀ
1660 2514 1789 2580 nec

211 2596 539 2649 ἀπέστειλέ
560 2613 636 2664 με
655 2636 671 2659 ,
702 2597 804 2649 καί
820 2597 1033 2665 μείζων
1048 2599 1165 2665 μού
1197 2600 1357 2663 ἐστι,
1394 2600 1488 2652 καὶ
1519 2600 1620 2653 ὅσα
1653 2600 1788 2653 ἄλλα

209 2686 464 2739 τοιαῦτα.
488 2686 568 2739 Τὰ
598 2687 739 2740 αὐτὰ
770 2687 813 2740 δ’
846 2689 914 2741 ἂν
939 2688 1022 2757 είη
1053 2688 1232 2755 λέγειν
1262 2690 1355 2740 καὶ
1393 2690 1485 2741 ἐπὶ
1529 2689 1624 2741 τοῦ
1653 2707 1787 2741 παν·-

208 2776 375 2842 αγίου
420 2768 754 2845 Πνεύματος.
791 2775 985 2829 Καίτοι
1018 2792 1082 2843 γε
1129 2776 1191 2828 τὸ
1226 2778 1354 2846 [518
1386 2777 1479 2848 Η.]
1521 2779 1786 2845 πανάγιον

209 2864 447 2935 Πνεῦμα
472 2867 566 2919 καὶ
596 2866 929 2936 γυμνότερον
952 2866 983 2935 ἢ
1009 2868 1102 2919 τὸν
1137 2868 1266 2919 Υίὸν
1292 2868 1353 2919 τὸ
1382 2868 1523 2937 ἱερὸν
1551 2870 1785 2938 γράμμα

208 2955 478 3023 θεολογεῖ.
506 2957 615 3008 Καὶ
640 2958 747 3028 γάρ
789 2973 920 3027 φησι
949 2960 1076 3027 περὶ
1112 2958 1211 3026 μὲν
1242 2952 1333 3010 τοῦ
1365 2958 1517 3010 Υίοῖν
1546 2960 1718 3023 Δεξιὰ
1740 2960 1781 2990 ⁶¹

204 3048 437 3114 Κυρίου
460 3047 708 3112 ἐποίησε
735 3048 1009 3117 δύναμινο
1035 3050 1145 3101 καί
1194 3048 1283 3113 Τῷ
1312 3050 1475 3117 Λόγῳ
1496 3050 1539 3080 θ’
1562 3051 1782 3117 Κυρίου

204 3138 263 3186 οἱ
292 3136 543 3201 οὐρανοὶ
572 3136 1048 3202 ἐστερεώθησαν,
1078 3137 1175 3189 καὶ
1202 3136 1255 3189 εί
1285 3154 1338 3189 τι
1369 3138 1496 3191 ἄλλο
1520 3139 1777 3191 τοιοῦτονο

204 3229 243 3280 Et
268 3230 510 3296 νοήματι
530 3228 627 3296 μὲν
651 3230 937 3297 συμϐαίνει
966 3230 1057 3282 καὶ¹
1082 3231 1429 3299 συνομολογεί
1445 3234 1511 3300 τῇ
1540 3232 1783 3302 σημασία

204 3320 303 3374 τοῦ
358 3322 524 3385 Υἰοῦ,
578 3326 676 3390 τῆς
718 3324 774 3375 δὲ
821 3323 960 3375 κατὰ
1001 3324 1099 3393 τὴν
1130 3326 1313 3389 φωνὴν
1359 3324 1457 3374 οὐκ
1507 3322 1779 3385 ἐξίσταται
1808 3299 1849 3355 C

204 3413 596 3482 παραλλαγῆς.
635 3412 777 3481 Ὅρα
827 3414 885 3464 δὲ
934 3413 993 3465 τὸ
1031 3414 1224 3481 τρανὸν
1248 3414 1337 3465 διαὶ
1365 3415 1781 3482 ἀπαράλλακτον

201 3506 306 3573 τῆς
335 3504 482 3556 κατὰ
510 3505 569 3555 τὸ
598 3505 750 3571 ἅγιον
783 3504 1005 3573 Πνεῦμα
1033 3505 1215 3571 φωνῆς
1243 3519 1255 3532 ’
1294 3502 1374 3567 Τῷ
1416 3506 1712 3573 Πνεύματι
1736 3503 1780 3533 ⁸³

202 3598 312 3649 τοῦ
338 3596 638 3661 στόματος
662 3596 847 3647 αὑτοῦ
872 3594 1035 3648 πᾶσα
1057 3597 1094 3661 ὴ
1126 3596 1376 3662 δύναμις
1405 3594 1602 3647 αὐτῶν
1624 3636 1638 3658 ,
1666 3595 1774 3648 καί·

202 3686 510 3752 ΙΙνεῦμαεδ
525 3686 629 3737 τοῦ
644 3686 861 3747 Ιίιιοιόυ
885 3686 1239 3752 πεπλήρωκε
1262 3685 1375 3748 τὴν
1398 3685 1775 3753 οἰκουμένην,

199 3778 339 3829 καί’
384 3779 455 3830 Τὸ
497 3776 798 3843 Πνεῦμά⁸⁵
850 3793 967 3829 σου
1017 3777 1083 3829 τὸ
1124 3777 1352 3842 ἀγαθὸν
1387 3776 1673 3843 ὁδηγήσει
1702 3793 1776 3843 με

197 3869 272 3919 ἐν
327 3865 409 3935 γῇ
452 3867 652 3931 εὐθείᾳ
676 3905 691 3929 ,
742 3868 876 3919 καί·
904 3868 1146 3935 Πνεῦμα
1161 3868 1206 3897 ⁸⁸
1240 3869 1459 3935 Κυρίου
1498 3869 1590 3919 ἐπ’
1632 3868 1736 3936 ἐμὲ
1759 3909 1774 3933 ,

200 3956 301 4007 καί
319 3972 333 3984 ·
367 3955 610 4022 Πνεῦμα
626 3958 666 3986 δ’
686 3956 844 4009 θεῖον
865 3956 932 4008 τὸ
954 3956 1220 4024 ποιῆσαν
1235 3973 1311 4025 με
1330 3997 1344 4020 ,
1368 3956 1460 4010 καί
1479 3974 1493 3987 ο
1532 3958 1776 4021 Ἐξαπο-

196 4047 449 4109 στελεῖς
468 4046 511 4077 ⁸⁸
533 4048 596 4099 τὸ
620 4048 883 4114 Πνεῦμα,
902 4049 999 4101 καὶ
1017 4049 1469 4115 κτισθήσονται,
1494 4050 1588 4102 καὶ
1606 4051 1775 4119 μυρία

196 4139 361 4192 ἄλλα.
394 4139 505 4205 Τῆς
525 4140 765 4208 ἀρρήτου
792 4140 848 4191 δὲ
872 4141 965 4192 καὶ
996 4140 1151 4193 τοῦτο
1176 4140 1269 4193 τοῦ
1297 4142 1430 4194 Θεοῦ
1464 4144 1655 4211 σοφίας
1680 4186 1695 4208 ,
1712 4144 1775 4195 τὸ

193 4225 292 4275 τὸν
324 4223 425 4293 μὲν
459 4224 582 4275 Υίὸν
614 4226 967 4293 ἐτεροφώνοις
1001 4226 1179 4292 λέξεσι
1206 4227 1572 4297 θεολογεῖσθαι
1592 4272 1608 4298 ,
1641 4232 1774 4284 τὸδὲ

196 4312 433 4379 Πνεῦμα
453 4314 542 4367 διὰ
561 4315 660 4383 τῆς
688 4317 895 4377 οἰκείας
927 4317 1241 4385 ὀνομασίας.
1288 4319 1343 4371 '0
1374 4321 1472 4389 μὲν
1491 4322 1600 4391 γὰρ
1644 4324 1772 4387 Υἱὸς

195 4405 394 4475 ῥηθεὶς
438 4405 636 4456 αὐτίκα
668 4407 729 4457 τὸ
771 4407 1175 4461 αὐθυπόστατον
1202 4411 1419 4478 εἰσῆγεν
1442 4452 1457 4474 ,
1484 4412 1512 4464 δ
1540 4416 1651 4475 τοῖς
1674 4414 1771 4486 τὴν

193 4492 497 4544 ¹πτολυθεῒαν
520 4496 835 4562 νενοσηκόσι
868 4497 1137 4566 πρόφασις
1171 4498 1236 4551 ἂν
1264 4501 1504 4567 ἐγεγόνει
1522 4503 1617 4555 τοῦ
1642 4503 1773 4574 δρα-

196 4591 326 4653 μεῖν
382 4587 521 4655 πρὸς
569 4588 737 4656 αὐτὴν
793 4592 859 4658 ἣν
910 4593 1099 4658 φυγεῖν
1149 4592 1483 4646 ἐδιδάσκοντο
1505 4596 1582 4626 ⁸³·
1611 4596 1672 4648 τὸ
1712 4598 1769 4649 δὲ

193 4680 434 4747 Πνεῦμα
462 4682 511 4731 εί
538 4680 632 4733 καὶ
660 4683 770 4741 τοῖς
800 4682 1113 4733 εὐσεϐοῦσιν
1136 4682 1336 4750 ὁμοίως
1361 4683 1767 4737 αὑθυπόσταςον

189 4775 561 4843 γινώσκεται,
593 4775 707 4827 ἀλλ’
732 4775 824 4828 οὖν
850 4776 1073 4829 δύναται
1101 4779 1215 4839 τοῖς
1241 4777 1452 4841 πολλοῖς
1474 4779 1570 4831 καὶ
1588 4797 1765 4849 παχυ-

188 4866 932 4936 τέροιςπαρακαλύπτεσθαι
953 4867 1029 4929 ὡς
1054 4868 1151 4937 οὐχ
1173 4868 1363 4938 ἑτέραν
1393 4870 1608 4937 εἰσάγον
1636 4872 1767 4925 ὑπόο

191 4972 424 5019 στασιν,
448 4958 541 5007 καὶ
564 4957 714 5009 οὐδὲν
745 4952 905 5027 ἦττον
928 4957 1217 5026 λεγόμενον
1246 4958 1307 5010 τὸ
1336 4959 1436 5027 τῆς
1469 4962 1764 5031 μοναρχίας

188 5047 490 5118 κρατύνειν
524 5049 835 5117 προνόμιον.
872 5048 1082 5118 ’Ὠσπερ
1126 5048 1235 5118 γὰρ
1266 5050 1327 5100 τὸ
1352 5048 1552 5117 λέγειν’
1602 5052 1764 5118 Ham-

187 5140 377 5193 δίασε
399 5142 444 5171 ⁷⁰
488 5141 555 5193 τὸ
600 5140 836 5209 πνεῦμὰ
861 5158 998 5209 μου,
1034 5141 1094 5193 οὐ
1118 5140 1214 5193 δύο
1240 5143 1548 5209 συνεισάγει
1590 5146 1760 5215 πρόσ-

268 5264 294 5293 ει
336 5253 475 5305 Psal.
511 5270 569 5315 ιι,
605 5255 657 5306 7.
764 5255 791 5293 δ
826 5253 966 5306 Psal.
1002 5267 1172 5318 cxvtt,
1206 5254 1292 5309 l7.

193 5328 220 5365 ε
255 5324 363 5377 lsa.
440 5340 549 5386 ut,
582 5328 630 5377 1.
702 5324 731 5362 h
760 5324 860 5378 Job
888 5338 1079 5391 xum,
1111 5326 1166 5379 4.

1406 5255 1599 5328 FPsal.
1655 5273 1828 5328 nm,
1877 5263 1928 5317 6.

1246 5327 1265 5366 ί
1297 5326 1437 5381 Psal.
1472 5342 1591 5388 cm,
1620 5328 1710 5382 30.
1789 5326 1823 5380 ι’
1847 5332 1987 5390 Psal.
2022 5353 2189 5404 chtt,
2218 5326 2270 5396 ιζ

1898 1694 2003 1740 tus.
2045 1688 2324 1754 Quomodo
2375 1696 2519 1748 enim
2572 1698 2787 1754 tolerari
2839 1715 3039 1771 posset,
3103 1710 3148 1762 si
3197 1725 3293 1779 pro
3343 1714 3455 1779 illo,

1896 1772 2073 1831 Filius
2111 1796 2253 1835 ιιιειιε
2292 1798 2347 1836 es
2378 1793 2455 1847 ιιι,
2490 1803 2583 1853 ego
2621 1789 2773 1843 hodie
2804 1796 2957 1861 genui
2987 1807 3035 1849 te
3074 1801 3133 1862 ',
3171 1772 3235 1855 ad
3280 1772 3459 1859 incar;

1898 1875 2080 1921 natum
2133 1869 2383 1927 diceret:
2422 1875 2584 1930 Pater
2622 1895 2765 1933 meus
2810 1900 2865 1936 εε
2910 1896 2989 1951 ιιι,
3042 1888 3189 1944 hodie
3230 1901 3457 1961 genuisti

1894 1960 2018 2011 me?
2068 1959 2207 2026 Quid
2254 1965 2394 2018 enim
2448 1982 2554 2021 non
2601 1984 2697 2038 per
2750 1974 3071 2030 dementiam
3125 1959 3457 2052 designasset

1893 2050 2198 2110 Judzeorum
2250 2073 2400 2127 gens,
2448 2062 2663 2121 invento
2718 2084 2783 2122 ex
2846 2087 2902 2125 re
2956 2073 3045 2127 vix
3093 2077 3336 2132 credibili
3390 2097 3454 2134 ac

1895 2143 2115 2198 minime
2144 2150 2339 2205 rationi
2373 2168 2736 2213 consentanea
2777 2163 3015 2218 audaciae
3044 2181 3155 2221 sua:
3188 2168 3451 2239 perfugio,

1891 2236 1938 2290 si
1985 2238 2300 2297 incarnatus
2342 2245 2547 2302 diceret
2588 2267 2603 2304 :
2648 2250 2811 2305 Pater
2844 2271 2959 2309 sum
2994 2257 3138 2313 Dei?
3174 2236 3451 2326 Quomodo

1892 2326 2019 2380 item
2064 2329 2177 2383 haec
2227 2348 2330 2386 non
2379 2337 2651 2393 videretur
2691 2340 2891 2409 fabula,
2928 2348 2971 2400 si
3014 2349 3191 2416 aliqua
3220 2352 3287 2405 de
3316 2354 3452 2408 caelo

1891 2430 1993 2469 vox
2040 2419 2309 2477 diceretur
2348 2426 2619 2493 appellare
2664 2430 3000 2488 incarnatum
3037 2453 3050 2488 :
3092 2437 3193 2491 Hic
3219 2449 3295 2493 εει
3336 2440 3449 2494 Ρα-

1890 2517 1967 2559 ter
2012 2525 2156 2563 meus
2203 2514 2449 2579 dilectus,
2484 2519 2540 2570 in
2590 2536 2692 2588 quo
2747 2524 2873 2576 mihi
2930 2529 3292 2593 complacitum
3348 2545 3445 2598 εει,

1889 2598 1970 2651 vel
2003 2601 2225 2668 ipsemet
2260 2606 2462 2661 diceret
2494 2626 2507 2661 :
2545 2608 2718 2664 Filius
2759 2616 2899 2667 misit
2937 2634 3036 2678 me,
3065 2629 3115 2670 et
3157 2623 3328 2690 major
3368 2643 3449 2678 me

1888 2701 1989 2753 est,
2027 2702 2079 2745 et
2113 2708 2446 2765 quacunque
2484 2710 2608 2752 sunt
2645 2702 2747 2755 alia
2785 2708 2997 2772 generis
3034 2710 3313 2774 ejusdem?
3348 2715 3448 2768 Eu-

1891 2782 2115 2851 deutque
2144 2786 2258 2840 lure
2291 2790 2393 2843 dici
2429 2792 2640 2858 possint
2670 2795 2735 2849 de
2777 2796 2980 2865 Spiritu
3020 2815 3228 2857 sancto.
3261 2809 3441 2870 Quatt—

1888 2881 2046 2939 quam
2080 2879 2144 2929 de
2176 2878 2277 2933 hoc
2309 2882 2521 2948 planius
2556 2886 2719 2938 etiam
2753 2888 3032 2959 Scriptura
3072 2909 3249 2962 sacra,
3281 2914 3442 2967 quam

1887 2964 1952 3018 de
2001 2966 2138 3019 Filio
2175 2972 2420 3028 disserat.
2483 2976 2556 3029 De
2611 2978 2748 3033 Filio
2780 2982 2926 3036 enim
2980 2986 3110 3039 dicit
3157 3006 3169 3041 ε
3213 2964 3440 3047 Deam

1884 3053 2098 3112 Domini
2144 3062 2269 3128 fecit
2313 3066 2551 3120 virtutem
2604 3068 2651 3121 δ.
2684 3070 2748 3124 Ει
2797 3089 2810 3125 :
2870 3072 3032 3129 Verbo
3082 3078 3293 3135 Domini
3327 3088 3442 3138 coeli

1886 3147 2085 3213 ﬁrmati
2123 3164 2241 3204 sunt
2293 3162 2352 3220 ος
2396 3167 2448 3209 et
2496 3157 2693 3213 similia
2743 3161 2889 3226 alibi,
2925 3180 3043 3235 qua
3090 3170 3439 3235 intelligentia

1887 3240 2101 3305 quidem
2134 3245 2415 3309 quadram,
2438 3257 2489 3299 et
2521 3253 2857 3307 consentiunt
2885 3255 3000 3310 Filii
3035 3259 3439 3332 signiﬁcationi,

1884 3330 1973 3381 sed
2010 3347 2111 3383 non
2147 3334 2262 3387 sine
2292 3352 2479 3391 vocum
2511 3340 2789 3399 abusione.
2825 3344 2943 3400 Jam
2975 3350 3093 3404 vide
3121 3368 3435 3421 expressum

1882 3430 1935 3471 et
1970 3438 2072 3472 tum
2104 3423 2366 3478 detortum
2396 3426 2629 3497 Spiritus
2659 3437 2826 3489 sancti
2866 3441 3176 3496 vocabulum
3216 3462 3229 3498 :
3266 3446 3435 3515 Spiri-

1883 3516 1963 3559 ιιιε
2013 3512 2120 3563 oris
2167 3513 2278 3581 ejus
2328 3521 2492 3571 omnis
2551 3522 2739 3592 193!)
2788 3528 2951 3580 virtus
3004 3547 3183 3585 eorum
3226 3535 3274 3588 ά.
3309 3512 3376 3589 Et
3415 3558 3429 3593 :

1881 3598 2112 3666 Spiritus
2167 3605 2374 3661 Domini
2427 3614 2638 3679 replevit
2694 3617 2867 3670 orbem
2923 3630 3184 3677 terrarum
3228 3634 3275 3682 ο.
3315 3629 3429 3684 Et:

1879 3691 2105 3757 Spiritus
2134 3704 2254 3748 tuus
2282 3699 2444 3753 bonus
2476 3706 2691 3759 deducet
2724 3725 2801 3761 me
2827 3711 2879 3764 in
2910 3724 3106 3767 terram
3137 3730 3325 3770 rectam
3380 3726 3395 3762 ί
3413 3745 3428 3787 ς

1880 3782 2051 3838 item:
2088 3786 2317 3853 Spiritus
2353 3793 2568 3849 Domini
2608 3816 2762 3867 super
2792 3818 2871 3855 me
2929 3813 2975 3858 Β.
3016 3806 3106 3862 Sic
3146 3827 3158 3862 :
3203 3810 3427 3878 Spiritus

1878 3877 2087 3931 Domini
2140 3882 2262 3946 fecit
2319 3900 2398 3937 me
2445 3890 2497 3943 ιι.
2551 3888 2616 3942 Et
2667 3890 2792 3945 alibi
2840 3910 2853 3946 :
2902 3893 3126 3952 Εηιὶιιιε
3177 3898 3429 3968 Spiritum

1878 3978 2045 4030 tuum,
2078 3982 2127 4023 rt
2175 3977 2489 4030 creabantur
2535 3980 2583 4045 i;
2623 3982 2835 4052 aliaque
2879 3988 3063 4043 multa.
3099 3989 3196 4045 Ubi
3236 4004 3287 4047 et
3329 3996 3429 4050 hoc

1876 4062 1943 4114 ab
1973 4062 2223 4117 ineffabili
2270 4068 2454 4134 utique
2481 4070 2574 4124 Dei
2609 4076 2867 4141 sapientia
2905 4080 3200 4147 profectum
3242 4084 3429 4140 obser-

1876 4167 1989 4216 ves,
2035 4153 2229 4209 Filium
2285 4160 2407 4215 aliis
2457 4166 2679 4220 vocibus
2730 4167 2781 4220 in
2836 4170 3121 4242 theologia,
3170 4175 3425 4245 Spiritum

1874 4255 2002 4296 vero
2048 4258 2292 4301 sanctum
2339 4266 2437 4306 suo
2484 4260 2689 4308 tantum
2733 4260 2950 4315 nomine
2988 4265 3263 4332 appellari.
3299 4266 3427 4320 Fili:

1873 4336 2013 4387 enim
2045 4340 2359 4394 vocabulum
2401 4344 2683 4411 prolatum,
2713 4352 2891 4405 statim
2921 4366 3015 4420 per
3043 4371 3103 4408 se
3138 4359 3424 4424 exsistens,

1873 4427 2206 4493 suppositum
2251 4432 2488 4498 adducit,
2520 4439 2662 4506 quod
2702 4455 2885 4497 errore
2935 4445 2989 4498 in
3023 4447 3243 4501 deorum
3286 4452 3426 4503 mul-

1874 4514 2099 4572 titudine
2155 4519 2522 4580 laborantibus
2578 4531 2921 4587 occasionem
2977 4537 3313 4604 praebuisset,
3359 4546 3425 4594 ad

1800 4626 1844 4682 ι)
1877 4606 2021 4659 illum
2059 4608 2228 4675 ipsum
2263 4628 2501 4669 errorem
2543 4624 2873 4685 recurrendi,
2910 4640 3067 4693 quem
3110 4627 3290 4694 fugere
3330 4631 3425 4685 do-

1873 4699 2154 4753 cebantur.
2191 4701 2422 4770 Spiritus
2472 4722 2620 4771 vero,
2655 4713 2753 4766 etsi
2799 4728 2827 4765 a
2866 4716 2969 4782 piis
3010 4718 3257 4773 similiter
3297 4736 3426 4791 sup-

1872 4791 2100 4853 positum
2153 4807 2247 4860 per
2285 4810 2343 4848 se
2384 4800 2711 4867 agnoscitur,
2746 4803 2902 4873 vulgo
2952 4814 3127 4861 tamen
3162 4818 3335 4875 potest
3370 4820 3424 4866 et

1870 4883 2229 4939 crassioribus
2260 4886 2333 4938 ita
2375 4890 2500 4957 tegi,
2533 4894 2687 4958 quasi
2718 4910 2823 4948 non
2855 4896 3013 4950 aliam
3054 4900 3269 4953 inducat
3302 4917 3423 4971 per-

1869 4985 2078 5038 sonam,
2114 4984 2274 5045 atque
2327 4981 2679 5038 nihilominus
2724 4987 2887 5040 etiam
2928 4989 3051 5042 dum
3099 4991 3369 5059 profertur
3403 5015 3418 5050 :

1872 5067 2200 5121 monarcbia:
2245 5075 2651 5141 praerogativam
2702 5077 2934 5133 ﬁrmare.
2993 5081 3064 5135 Ut
3103 5084 3244 5137 enim
3296 5086 3420 5139 dunt

1869 5151 2066 5209 dicitur
2096 5179 2108 5211 :
2144 5159 2405 5215 Anxium:
2440 5175 2515 5217 εει
2561 5168 2775 5234 spiritus
2805 5187 2945 5225 meus
2991 5174 3039 5237 ι,
3074 5188 3178 5227 non
3208 5175 3340 5229 duas
3369 5177 3421 5230 id

2027 5265 2301 5352 dibid._8.
2402 5287 2424 5313 ε
2454 5276 2580 5347 Sap.
2629 5295 2669 5345 ι,
2711 5281 2764 5335 7.
2878 5284 3062 5339 lPsal.
3108 5302 3287 5352 cxut,
3332 5289 3419 5344 10.

1460 5417 1689 5474 γΑιιιΕ
1742 5422 2139 5486 LECTIONES.

266 5509 312 5539 ⁸⁸
344 5506 479 5592 υἱός]
514 5508 654 5592 ῐξξπῐ.
696 5526 756 5573 ιι,
888 5512 978 5592 ﬂ“
1010 5509 1174 5592 δεξιαί
1228 5511 1371 5592 Ῑξξοιἒ
1424 5514 1730 5592 CXVilL17.

188 5595 373 5640 xxxii,
417 5597 461 5631 ι.

186 5664 398 5711 itum,
432 5648 484 5702 4.

263 5802 379 5879 (Si)
420 5767 539 5861 Filii
572 5821 625 5861 et
660 5809 890 5875 Spiritus
918 5814 1122 5865 sancti;

464 5904 477 5911 ”
520 5903 788 5963 Parnm.
838 5905 949 5963 Cu.
1000 5906 1152 5965 Clll.

1826 5518 1967 5589 σίτῷ
2010 5521 2171 5594 λόγῳ]
2219 5525 2360 5579 Psal.
2416 5544 2603 5594 χχιιι,
2655 5530 2710 5584 6.

534 5580 579 5609 ⁸³
602 5580 1013 5667 πνεῦμα]“58ρ.
1045 5598 1083 5643 ι,
1118 5578 1173 5636 Ἱζ
1213 5583 1291 5667 ’ς
1325 5583 1723 5667 τὸητενξυδειιι.
1784 5578 1954 5667 σεεμς
2120 5578 2207 5667 ’ςδθ
2234 5578 2449 5667 πνεῦμα

561 5650 604 5680 ⁵⁸
637 5650 823 5723 team]
854 5650 993 5707 Psal.
1042 5657 1115 5705 cui
1144 5690 1161 5716 ,
1213 5652 1301 5707 50.
1378 5653 1422 5685 ⁸⁸
1456 5650 1763 5709 ὲδιδάσκετο
1820 5650 1964 5714 libri.

1699 5743 1924 5803 NOTAE.

2808 5534 2852 5564 “
2882 5533 2956 5601 τῷ
3001 5533 3241 5605 πνεύμ]
3274 5533 3417 5605 Psal.

2499 5599 2599 5653 lsa.
2634 5617 2743 5676 ιιι,
2790 5603 2840 5660 1.
2925 5599 2966 5635 ⁸⁷
3003 5599 3242 5676 πνεῦμα]
3315 5603 3416 5658 Job

2052 5663 2095 5694 ⁷ο
2132 5664 2315 5735 ὕκηδ.)
2351 5663 2493 5723 Psal.
2526 5684 2685 5737 mu,
2712 5663 2766 5726 4.

3023 5916 3097 5977 E25
