4196 6442
794 416 900 479 ’ΠΒ

1945 406 2208 468 ΡΠΟΤΙΙ
2244 402 2747 466 ΡΑΤΠῙΑΠΟΠΕ
2787 405 2886 465 FP.

3930 394 4033 455 780

798 529 958 582 alIert
985 537 1264 595 personas,
1299 520 1393 577 sed
1436 521 1694 576 unitatem
1729 534 1978 589 peraeque
2010 520 2212 574 retinet
2238 533 2363 588 per-
2395 522 2434 576 Α

2395 522 2434 576 Α
2463 531 2588 567 ωπα
2619 555 2634 578 ,
2669 516 2782 567 ἀλλ’
2824 514 2975 566 οὐδὲν
3006 508 3166 584 ἦττον
3210 512 3271 563 τὸ
3304 511 3505 565 ἐνιαῖον
3550 508 3898 575 διαφυλάττει
3936 507 4032 569 τῆς

795 634 944 680 sonat
964 660 979 683 ,
1014 618 1092 673 sic
1127 625 1182 671 et
1214 614 1446 685 Spiritui
1476 612 1595 679 Dei,
1631 614 1757 668 dum
1789 615 1857 669 ab
1883 613 2117 682 antiquis
2146 613 2366 666 audire-

796 720 886 763 tur
920 708 1208 777 pinguiora
1254 706 1433 769 modo,
1464 714 1517 758 et
1561 704 1626 758 ad
1672 720 1795 758 eum
1837 717 1943 773 quo
1983 704 2035 757 in
2068 703 2225 757 nobis
2262 711 2367 764 est,

799 799 998 853 nullius
1030 798 1130 852 boc
1163 796 1479 851 idololatria:
1513 794 1830 850 scandalum
1864 793 2046 849 dabat.
2079 793 2367 860 Propterea

801 890 984 958 itaque
1020 887 1253 954 Spiritus
1293 887 1451 956 plane
1485 887 1536 940 in
1574 884 1754 939 Veteri
1792 883 2141 939 Testamento
2175 880 2368 952 praedi-

800 989 973 1031 catur.
1005 975 1172 1029 Filius
1208 993 1311 1029 non
1344 976 1498 1039 item,
1531 977 1622 1029 sed
1656 990 1753 1044 per
1786 974 2091 1042 huiusmodi
2126 972 2365 1035 nomina,

800 1084 918 1138 qua:
958 1078 1011 1123 et
1061 1069 1173 1138 ipsa
1222 1077 1492 1136 nequeant
1541 1070 1801 1121 unitatem
1840 1067 2191 1137 liypostaseos
2232 1063 2370 1118 divi-

801 1163 951 1224 dere,
1001 1168 1058 1213 ut
1104 1159 1232 1212 illud
1264 1178 1278 1213 :
1309 1158 1403 1213 Dei
1457 1175 1664 1223 manus,
1710 1158 2018 1213 Brachium.
2074 1155 2368 1225 Sapientia,

804 1247 1074 1315 Potentia,
1116 1248 1361 1313 Dextera,
1429 1247 1671 1313 Verbum,
1720 1257 1775 1303 et
1823 1263 1941 1317 quae
1988 1257 2113 1301 sunt
2161 1246 2371 1315 generis

804 1339 1072 1408 ejusdem.
1142 1342 1247 1394 Ista
1308 1341 1507 1393 etenim
1559 1356 1659 1395 nec
1722 1340 1775 1393 in
1822 1338 2126 1393 mortalium
2177 1349 2373 1391 natura

806 1434 976 1500 ipsam
1032 1434 1292 1485 unitatem
1354 1434 1403 1484 in
1455 1434 1559 1485 duo
1607 1431 1892 1494 dividunt,
1942 1439 2033 1483 aut
2088 1443 2370 1498 personam

805 1522 1159 1591 distinguunt.
1187 1520 1368 1575 Sicubi
1398 1537 1525 1575 vero
1550 1523 1710 1575 etiam
1729 1520 1847 1575 Filii
1875 1519 2188 1574 vocabulum
2222 1516 2376 1570 aﬂ'er-

808 1622 897 1666 tur
934 1630 947 1665 :
985 1613 1199 1681 quando
1248 1628 1369 1665 mox
1408 1622 1465 1665 ut
1494 1614 1690 1666 dicitur
1728 1610 1925 1675 Filius,
1959 1609 2258 1663 diﬂ'erentia
2298 1608 2372 1663 si-

807 1704 1094 1771 gniﬁcatur
1125 1718 1515 1773 personarum;
1556 1714 1612 1756 ut
1660 1706 1712 1756 in
1768 1702 1896 1754 illo:
1933 1698 2109 1753 Filius
2145 1715 2288 1753 meus
2321 1715 2374 1753 es

810 1810 865 1846 ιιι
930 1799 989 1857 Ir;
1042 1796 1416 1847 adumbratutn
1471 1794 1572 1849 hoc
1631 1804 1687 1847 et
1740 1794 2008 1847 obtectum
2066 1791 2369 1845 adducitur.

2470 607 2842 669 ὑποστάσεως,
2872 603 3015 657 οὕτω
3050 603 3143 655 καὶ
3176 601 3420 670 Πνεῦμα
3445 599 3593 655 Θεοῦ
3642 601 3754 660 τοῖς
3784 596 4032 656 παλαιοῖς

2470 697 2823 766 παχυτέρως,
2851 698 2944 748 καὶ
2978 696 3053 757 ὡς
3099 694 3183 762 ἐφ’
3212 694 3369 762 ὴμῶν
3417 691 3742 759 άκουόμενον
3774 688 4034 754 οὐδεμιᾶς

2470 785 2763 846 πολυθεῖας
2809 783 3043 836 ἐνεδίδου
3086 782 3399 835 σκάνδαλον.
3432 780 3531 833 Διὰ
3571 778 3727 831 τοῦτο
3770 778 3951 829 τοίνυν
3978 775 4035 825 τὸ

2478 877 2575 944 μὲν
2608 876 2831 944 Πνεῦμα
2860 875 3037 943 ῥητῶς
3072 874 3222 942 παρὰ
3249 876 3313 942 τῇ
3334 872 3542 941 Παλσιᾷ
3558 870 3798 937 Διαθήκῃ
3828 865 4031 937 κηρύτο

2472 983 2623 1021 τεται
2645 1005 2659 1030 ,
2686 968 2713 1018 6
2742 966 2797 1018 δέ
2828 966 2955 1027 Υίὸς
2988 966 3171 1017 οὐκέτι
3193 1006 3207 1029 ,
3230 964 3365 1015 ἀλλὰ
3388 964 3450 1015 δι’
3475 962 3750 1029 ὀνομάτων
3778 957 4035 1009 τοιούτων

2473 1055 2509 1109 δ.
2535 1057 2629 1108 καὶ
2653 1054 2793 1108 αὐτὰ
2820 1053 3043 1107 δύναται
3074 1054 3135 1105 τὸ
3157 1055 3352 1105 ἐνιαῖον
3384 1052 3512 1121 psi)"
3535 1050 3760 1118 διαιρεῖν
3782 1046 3881 1113 τῆς
3909 1046 4035 1096 ὑπο-

2476 1146 2751 1210 στάσεως,
2797 1143 2874 1205 ὡς
2909 1144 3006 1207 τὸ,
3039 1144 3175 1209 Χείρ
3226 1142 3373 1195 Θεοῦ
3398 1180 3414 1205 ,
3463 1140 3557 1192 καὶ
3608 1137 3911 1205 Βραχίων,
3945 1136 4036 1185 καὶ

2476 1238 2665 1304 Σοφία
2691 1274 2705 1297 ,
2736 1236 2832 1288 καὶ
2865 1236 3124 1302 Δύναμις
3146 1273 3160 1296 ,
3200 1234 3294 1285 καὶ
3321 1230 3491 1293 Δεξιὰ
3511 1268 3527 1294 ,
3558 1228 3650 1281 καί
3684 1228 3876 1294 Λόγος
3899 1264 3915 1289 ,
3947 1225 4038 1275 καὶ

2476 1329 2575 1381 ὃσα
2602 1325 2829 1380 τοιαῦτα
2852 1342 2865 1354 ·
2900 1324 2996 1378 καλ⁸
3026 1326 3133 1393 γάρ
3155 1324 3250 1375 καὶ
3277 1323 3369 1374 ἐπὶ
3392 1324 3491 1390 τῆς
3541 1317 3890 1388 ἀνθρωπίνης
3935 1314 4036 1381 φύ-

2478 1433 2615 1479 σεως
2641 1415 2813 1468 ταῦτα
2838 1414 2898 1467 τδ
2932 1415 3125 1467 ἐνιαῖον
3147 1414 3245 1465 οὐκ
3270 1414 3348 1474 είς
3378 1410 3469 1462 δύο
3492 1407 3729 1471 διαλύει,
3753 1406 3879 1458 οὐδὲ
3900 1404 4038 1455 διαι-

2479 1509 2565 1576 ρεῖ
2591 1506 2687 1576 τὴν
2717 1507 3035 1559 ὑπόστασιν.
3061 1505 3121 1556 Et
3143 1504 3198 1556 δέ
3216 1520 3317 1555 που
3336 1500 3545 1567 καὶτῆς
3570 1498 3671 1552 τοῦ
3690 1496 3822 1549 ι”ίοῦ
3857 1493 4040 1564 φωνῆς

2478 1598 2719 1669 ἐμνήσθη
2743 1638 2758 1663 ,
2793 1596 2980 1666 ἐπειδὴ
3009 1595 3171 1657 εὐθὺς
3204 1595 3232 1646 6
3270 1594 3399 1656 Υίδς
3430 1591 3609 1662 ῥηθεὶς
3641 1588 3907 1656 διαφορὰν
3937 1604 4039 1654 μη-

2478 1688 2591 1741 νύει
2616 1688 2723 1740 τῶν
2746 1686 3091 1740 ὑποστάσεων
3115 1725 3129 1748 ,
3170 1685 3244 1746 ὡς
3273 1684 3334 1735 τὸ
3352 1722 3368 1748 ,
3406 1684 3535 1747 Υἱός
3552 1697 3668 1749 μου
3692 1676 3749 1732 ετ
3770 1678 3852 1731 σὺ
3875 1718 3890 1740 ,
3923 1678 4037 1728 ἐπι-

2481 1779 2835 1847 σκιαζὸμενον
2868 1776 2961 1829 καὶ
2992 1774 3528 1846 περικαλυπτόμενον
3573 1770 3727 1823 τοῦτο
3766 1768 4035 1837 προάγει·

806 1882 1126 1953 Adjungitur
1166 1886 1307 1937 enim
1347 1904 1360 1938 :
1394 1886 1566 1937 Hodie
1601 1886 1755 1953 genui
1799 1893 1886 1948 te;
1930 1883 1993 1936 Et
2030 1881 2291 1936 :Postula
2339 1897 2370 1934 α
2398 1863 2445 1921 Β

2398 1863 2445 1921 Β
2472 1869 2665 1935 ἐπάγει
2684 1868 2794 1936 γὰρ
2813 1906 2829 1931 ,
2851 1865 3118 1934 Σήμερον
3148 1861 3479 1933 γεγέννηκά
3508 1878 3581 1915 σε
3598 1902 3612 1923 ,
3636 1860 3760 1912 καί·
3786 1861 4038 1924 Αίτησαι

808 1991 887 2027 me
945 1978 985 2027 1.
1033 1974 1162 2038 Qua:
1217 1976 1447 2029 humana
1495 1990 1614 2028 cum
1668 1975 1798 2037 sint,
1844 1984 1899 2028 et
1947 1972 2140 2027 divina:
2191 1973 2371 2026 minus

809 2078 929 2136 apta
974 2077 1203 2131 naturae,
1271 2066 1384 2120 Filii
1438 2066 1845 2135 appellationem
1878 2075 2062 2135 tegunt
2096 2074 2150 2119 et
2184 2068 2373 2119 adum-

812 2162 991 2212 brant.
1027 2162 1201 2225 Atque
1234 2159 1285 2210 in
1319 2159 1582 2211 similibus
1617 2159 1681 2210 ad
1716 2157 1962 2209 eumdem
1996 2156 2231 2209 modum.

880 2253 968 2313 At,
1011 2266 1107 2302 cur
1147 2252 1357 2301 tandem
1392 2249 1552 2301 etiam
1581 2247 1867 2300 Dextra'et
1906 2244 2147 2310 Verbum,
2180 2254 2231 2299 et
2270 2244 2375 2298 Po-

811 2351 968 2391 testas
1006 2336 1207 2402 Patris,
1242 2348 1296 2389 et
1348 2336 1542 2389 similia
1590 2336 1789 2389 dicitur
1822 2334 2007 2398 Filius,
2043 2350 2145 2387 non
2186 2344 2372 2387 contra

812 2430 971 2483 Pater
1006 2429 1165 2483 Filii?
1197 2428 1278 2481 An
1328 2428 1453 2496 quia
1501 2428 1662 2480 Pater
1698 2441 1799 2480 non
1830 2442 1859 2479 e
1887 2425 2045 2487 Filio.
2077 2428 2169 2478 sed
2209 2424 2375 2478 Filius

814 2540 842 2576 e
873 2522 1071 2575 Patre?
1106 2522 1185 2574 Ad
1217 2522 1349 2579 haec.
1380 2534 1573 2572 manus
1614 2518 1854 2586 quidem,
1888 2518 2273 2579 bracliiuinque
2313 2530 2375 2569 ac

815 2612 1095 2678 sapientia,
1131 2621 1184 2662 et
1231 2610 1472 2671 verbum,
1505 2609 1735 2660 liominis
1774 2620 1895 2659 esse
1943 2608 2212 2669 dicuntur,
2253 2620 2372 2659 cum

815 2702 976 2753 homo
1005 2701 1261 2764 dextera,
1296 2700 1379 2751 vel
1431 2698 1728 2764 sapientiae,
1779 2698 1861 2750 vel
1914 2696 2169 2750 similium
2219 2711 2375 2750 nemo

818 2792 1049 2856 dixerit;
1107 2788 1553 2857 quemadmodum
1606 2804 1708 2842 non
1763 2788 1897 2840 ranti
1953 2788 2236 2851 arborem,
2283 2787 2375 2841 sed

817 2894 1020 2932 ramum
1069 2878 1277 2932 arboris
1314 2892 1436 2932 esse
1475 2879 1723 2931 dicimus.
1757 2876 1947 2948 194a
1979 2876 2212 2945 Spiritus
2250 2878 2375 2930 item

817 2980 1033 3022 sanctus
1083 2968 1175 3021 Dei
1221 2969 1419 3036 digitus
1470 2968 1765 3033 appellatur
1820 2979 1879 3018 ’³.
1929 2965 2153 3031 Quando
2201 2978 2376 3020 autem

817 3058 1015 3127 digitus
1065 3073 1253 3109 manus
1300 3072 1419 3111 esse
1470 3059 1685 3121 dicitur,
1728 3057 2112 3111 convenienter
2152 3072 2255 3109 non
2290 3071 2375 3109 so-

818 3150 923 3200 lum
958 3145 1152 3210 Patris,
1196 3147 1287 3199 sed
1330 3156 1383 3199 et
1430 3146 1569 3209 Filii,
1609 3160 1728 3212 qua:
1755 3155 1980 3214 paterna
2011 3156 2093 3199 est
2125 3147 2364 3208 dextera,

2478 1960 2616 2026 παρ’
2651 1958 2816 2026 ἐμοῦ,
2843 1958 2984 2026 ἆπερ
3010 1955 3322 2025 ἀνθρώπινα
3350 1955 3480 2006 ὄντα
3510 1954 3603 2005 καὶ
3631 1953 3697 2021 τῇ
3728 1950 3850 2020 θεία
3888 1950 3966 2018 μὴ
3998 1950 4039 1978 τι

2472 2051 2848 2120 ἐφαρμόζοντα
2868 2049 3025 2117 φύσει
3040 2050 3139 2119 τὴν
3153 2048 3246 2100 τοῦ
3268 2046 3396 2099 Υίοῦ
3412 2046 3779 2115 προσηγορίαν
3796 2043 4041 2112 παρεκά-

2472 2143 2639 2195 λυπτέ
2654 2159 2713 2195 τε
2731 2144 2822 2195 καὶ
2836 2142 3172 2206 συνεσκίαζε.
3188 2142 3295 2194 Kal.
3314 2141 3406 2193 ἐπὶ
3424 2139 3528 2191 τῶν
3541 2138 3739 2206 ὁμοίων
3754 2134 4039 2195 ὡσαύτως.

2542 2234 2607 2286 Τί
2633 2234 2694 2304 δή
2724 2250 2853 2287 ποτε
2878 2234 2935 2286 δὲ
2964 2234 3136 2298 Δεξιὰ
3160 2234 3252 2285 καὶ
3278 2234 3467 2299 Λόγος
3496 2230 3590 2284 καλ⁵
3614 2231 3873 2296 Δύναμις
3898 2266 3915 2290 ,
3952 2226 4043 2278 καὶ

2472 2326 2570 2377 ὅσα
2593 2324 2727 2377 ἄλλα
2751 2363 2767 2387 ,
2796 2323 2888 2376 τοῦ
2921 2324 3131 2392 Πατρὸς
3164 2323 3261 2392 μὲν
3289 2327 3317 2375 6
3355 2322 3479 2384 Υίὺς
3504 2322 3755 2389 λέγεται,
3788 2318 3908 2371 ἀλλ’
3943 2319 4041 2371 οὐκ

2475 2416 2707 2484 ἔμπαλιν
2735 2417 2761 2468 6
2788 2415 2974 2484 Πατὴρ
3002 2414 3094 2466 τοῦ
3129 2413 3290 2477 Υίοῦς
3329 2413 3361 2483 ἢ
3398 2414 3531 2466 διότι
3559 2415 3588 2466 6
3612 2414 3801 2482 Πατὴρ
3823 2413 3927 2482 μὲν
3949 2414 4044 2464 οὐκ

2474 2508 2539 2558 ἐκ
2568 2506 2658 2559 τοῦ
2685 2506 2815 2559 Υἱοῦ
2838 2545 2853 2569 ,
2876 2507 2992 2560 ἀλλ’
3021 2507 3049 2558 6
3075 2506 3203 2565 Υἱὸς
3220 2506 3284 2558 ἐκ
3307 2504 3400 2557 τοῦ
3432 2506 3661 2573 Πατρός.
3686 2505 3807 2556 Ἔτι
3840 2504 3901 2557 δὲ
3926 2504 4044 2573 χεὶρ

2481 2598 2601 2667 μὲν,
2632 2599 2725 2649 καὶ
2754 2597 3012 2666 βραχίων,
3035 2599 3127 2649 καὶ
3158 2597 3339 2664 σοφία,
3362 2597 3454 2649 καὶ
3484 2597 3639 2663 λόγος
3662 2595 3815 2648 τοῦδε
3831 2596 3929 2648 τοῦ
3958 2599 4045 2648 ἀν·

2477 2689 2692 2760 θρώπου
2727 2690 2940 2758 λέγεται
2969 2730 2984 2754 ,
3018 2690 3132 2743 ἀλλ’
3166 2692 3193 2742 6
3216 2691 3500 2760 ἅνθρωπος
3536 2691 3636 2757 τῆς
3672 2688 3854 2751 δεξιᾶς
3879 2690 3914 2758 ἢ
3948 2690 4044 2757 τῆς

2478 2781 2667 2848 σοφίας
2696 2782 2729 2851 ἢ
2762 2781 2868 2833 τῶν
2896 2782 3095 2850 ὁμοίων
3137 2782 3235 2833 οὐκ
3262 2782 3327 2833 ἂν
3361 2782 3555 2851 ῥηθείη
3578 2782 3654 2847 ⁷³,
3685 2781 3875 2852 ὥσπερ
3928 2782 4047 2832 οὐδὲ

2478 2871 2576 2923 τοῦ
2608 2872 2802 2925 κλάδου
2839 2875 3016 2941 φαμὲν
3052 2874 3112 2925 τὸ
3140 2874 3350 2942 δένδρον
3376 2913 3389 2935 ,
3428 2874 3563 2926 ἀλλὰ
3607 2874 3699 2926 τὸν
3728 2873 3925 2925 κλάδον
3957 2872 4046 2923 τοῦ

2478 2963 2720 3034 δένδρου.
2769 2966 2878 3017 Kal.
2909 2966 2967 3017 τὸ
3008 2965 3228 3034 Πνεῦμα
3259 2966 3316 3018 δέ
3354 2966 3681 3027 δάκτυλος⁷⁸
3720 2964 4047 3032 ὀνομάζεται

2478 3055 2611 3107 Θεοῦ
2635 3098 2650 3121 ,
2684 3055 2810 3125 [617
2842 3054 2929 3126 IL]
2961 3056 3053 3107 καὶ
3086 3059 3205 3107 ἐπεὶ
3238 3058 3265 3108 6
3290 3056 3549 3117 δάκτυλος
3576 3056 3675 3125 τῆς
3699 3056 3880 3123 χειρὸς
3902 3095 3919 3117 ,
3954 3056 4042 3106 eu-

2480 3148 2646 3214 λόγως
2670 3150 2730 3199 ού
2765 3150 2923 3217 μόνον
2946 3148 3037 3199 τοῦ
3086 3149 3291 3216 Πατρὸς
3317 3188 3331 3212 ,
3366 3147 3494 3217 [519
3526 3147 3619 3216 H.|
3651 3147 3787 3199 ἀλλὰ
3822 3148 3920 3199 καὶ
3952 3148 4044 3199 τοῦ

815 3253 934 3291 esse
963 3238 1179 3291 dicitur.
1233 3235 1426 3289 Verum
1465 3251 1568 3289 non
1603 3236 1683 3289 sic
1717 3237 1953 3289 vicissim
2001 3234 2166 3289 Filius
2199 3238 2372 3289 sancti
2400 3204 2441 3259 δ

2400 3204 2441 3259 C
2482 3204 2647 3299 Υἰοῦ,
2678 3204 2796 3307 ἥτις
2824 3241 2969 3291 ἐστὶν
2996 3240 3027 3306 ἡ
3053 3204 3291 3309 πατρίκῆ
3320 3204 3471 3303 δέξιά
3492 3279 3507 3303 ,
3538 3204 3779 3306 λέγεται.
3818 3240 3963 3291 Ἀλλ’
3986 3242 4043 3291 οὐ

818 3325 1067 3393 Spiritus.
1104 3324 1289 3393 Neque
1334 3327 1477 3377 enim
1524 3340 1713 3379 manus
1758 3325 1915 3393 digiti
1956 3336 2101 3379 recte
2145 3326 2376 3379 dicatur.

818 3416 1003 3485 Neque
1044 3429 1171 3467 vero
1220 3415 1299 3466 vel
1330 3415 1397 3467 ob
1430 3414 1543 3467 lizec
1580 3414 1752 3467 solum
1788 3416 1854 3467 ab
1886 3414 2039 3467 initio
2067 3416 2381 3481 expediebat

816 3521 912 3575 pro
942 3505 1101 3559 Patre
1134 3503 1353 3567 Filium,
1400 3515 1491 3556 aut
1517 3503 1775 3570 Spiritum
1811 3515 2055 3559 sanctum
2085 3506 2377 3559 enuntiari.

815 3598 1024 3652 Etenim
1068 3600 1341 3651 hominum
1376 3596 1534 3649 Pater
1573 3596 1735 3659 Deus,
1777 3607 1834 3651 ut
1868 3599 2024 3652 modo
2057 3599 2377 3658 referebam.

816 3692 990 3745 dictus
1018 3700 1102 3744 est
1145 3689 1382 3744 :Fitium
1418 3705 1546 3743 vero
1583 3700 1819 3743 nostrum
1853 3699 1943 3743 aut
1978 3688 2238 3757 Spiritum
2274 3690 2378 3743 dici

816 3784 1007 3849 Deum,
1052 3782 1342 3836 absurdum
1402 3795 1531 3834 sane
1577 3795 1640 3833 ac
1694 3780 1912 3833 minime
1960 3790 2376 3833 consentaneum

809 3870 1107 3939 iudicatum
1158 3871 1368 3925 fuisset.
1421 3871 1779 3936 Quamobrem
1832 3872 1990 3923 etiam
2044 3869 2202 3925 Pater
2255 3882 2378 3925 tunc

816 3964 1171 4031 praedicatus,
1223 3965 1292 4018 ob
1352 3963 1671 4018 iamiliarem
1729 3963 1933 4017 scilicet
1984 3964 2129 4019 vocis
2187 3979 2376 4029 usum,

816 4072 974 4108 unam
1043 4057 1200 4125 vulgo
1253 4058 1544 4119 innueliat,
1599 4056 2025 4123 ostendebatque
2071 4071 2374 4125 personam.

816 4146 957 4218 [Quo
983 4145 1245 4217 tempore]
1290 4148 1333 4201 si
1378 4145 1544 4200 Filius
1570 4156 1659 4201 aut
1687 4145 1916 4214 Spiritus
1945 4156 2162 4200 sanctus
2189 4148 2379 4215 praedi-

815 4248 970 4289 catus
1017 4236 1230 4297 fuisset,
1277 4238 1496 4288 omnino
1543 4249 1890 4303 personarum
1940 4234 2170 4288 dualitas
2220 4234 2377 4289 simul

816 4327 1161 4391 probabatur.
1211 4326 1313 4391 Qui
1358 4326 1502 4379 enim
1552 4325 1747 4378 Filium
1794 4326 2047 4388 audisset,
2080 4327 2261 4379 statim
2310 4326 2376 4377 ad

813 4416 1028 4470 Patrem
1076 4417 1366 4481 retulisset,
1401 4426 1455 4469 et
1505 4415 1761 4484 Spiritum
1809 4426 2053 4469 sanctum
2105 4416 2372 4480 similiter;

814 4511 965 4575 cujus
1016 4510 1158 4563 enim
1204 4519 1349 4563 esset
1399 4510 1653 4576 Spiritus,
1705 4520 1970 4577 quaereret
2023 4524 2174 4562 mens
2210 4528 2224 4562 :
2262 4507 2371 4580 [ac]
2407 4542 2449 4595 Β

814 4612 950 4667 quos
1003 4598 1295 4651 multorum
1349 4597 1569 4651 deorum
1626 4598 1844 4653 morbus
1894 4609 2119 4661 teneret,
2155 4599 2372 4654 incura-

813 4688 950 4743 biles
987 4703 1053 4742 ex
1097 4690 1208 4757 ipsa
1252 4688 1472 4742 salutari
1516 4689 1779 4758 theologia
1824 4690 2191 4744 redderentur.
2224 4691 2373 4743 Adde

808 4779 918 4847 jam
958 4780 1141 4843 dictis,
1185 4780 1298 4832 ﬁeri
1352 4794 1455 4832 non
1510 4782 1773 4849 pomisse,
1822 4790 1879 4833 ut
1920 4782 2369 4849 quemadmodum

812 4869 958 4935 Filii,
994 4884 1059 4923 ac
1100 4869 1334 4938 Spiritus
1380 4872 1573 4935 sancti,
1604 4873 1680 4925 sic
1728 4872 1891 4925 etiam
1926 4870 2102 4924 Patris
2151 4887 2371 4940 persona

815 4961 1063 5029 prudenti
1110 4961 1285 5029 aliqua
1334 4962 1541 5016 ratione
1586 4963 2023 5017 absconderetur.
2056 4962 2185 5015 Nam
2231 4964 2371 5031 quod

814 5051 1047 5119 Spiritus
1081 5051 1171 5106 Dei
1206 5051 1379 5105 dictus
1410 5052 1480 5105 sit
1515 5052 1728 5116 Dextra,
1771 5052 2065 5120 Sapientia,
2106 5050 2369 5114 Potestas,

817 5145 868 5197 id
906 5142 1379 5212 multiplicatorum
1409 5147 1628 5197 deorum
1680 5146 1945 5198 insaniam
1977 5143 2107 5213 [non
2142 5143 2369 5197 dimcul-

818 5233 921 5305 ter]
948 5233 1179 5304 elIugere
1220 5235 1411 5304 potuit.
1449 5235 1563 5288 Non
1602 5236 1743 5288 enim
1794 5236 2024 5305 percipit
2057 5236 2144 5289 hic
2186 5235 2371 5300 vulgus

814 5341 1165 5395 personarum
1204 5327 1361 5381 simul
1407 5324 1760 5381 differentiam
1804 5327 1948 5381 duci.
1980 5326 2112 5381 Cum
2139 5327 2184 5380 si
2211 5323 2373 5379 Pater

2477 3331 2538 3383 τὸ
2564 3331 2830 3384 ἀνάπαλιν
2863 3331 2890 3381 6
2916 3330 3041 3393 Υἱὸς
3062 3331 3156 3383 τοῦ
3190 3332 3501 3399 Πνεύματος
3526 3349 3541 3363 ο
3571 3332 3690 3383 οὐδὲ
3714 3334 3823 3399 γὰρ
3856 3334 3889 3400 ἡ
3925 3335 4043 3401 χεὶρ

2480 3422 2667 3491 ῥηθείη
2717 3423 2783 3474 ἂν
2834 3420 2928 3473 τοῦ
2958 3421 3248 3476 δακτύλου.
3282 3424 3395 3475 Ούκ
3432 3418 3499 3492 ἦν
3544 3423 3598 3475 δέ
3632 3424 3738 3491 ἄρα
3788 3424 3911 3476 οὐδὲ
3962 3424 4047 3475 διὰ

2476 3511 2646 3565 ταῦτα
2676 3514 2795 3564 ἀντὶ
2824 3511 2919 3564 τοῦ
2958 3513 3169 3579 Πατρὸς
3202 3512 3294 3565 τὸν
3326 3513 3451 3565 Υἱὸν
3498 3514 3530 3583 ἢ
3557 3516 3617 3565 τὸ
3666 3514 3894 3581 Πνεῦμα
3928 3517 4044 3567 κατ’

2477 3602 2649 3671 ἀρχάς
2684 3603 2964 3671 συμφέρον
2997 3602 3486 3669 καταγγέλλεσθαι.
3552 3606 3661 3657 Ka‘t
3687 3605 3795 3673 γάρ
3827 3606 3922 3656 καὶ
3954 3607 4044 3656 av-

2478 3692 2708 3763 θρώπων
2743 3692 2928 3762 Πατὴρ
2959 3694 2987 3744 6
3018 3692 3179 3756 Θεὸς,
3214 3694 3288 3756 ὼς
3319 3697 3641 3765 προέφημεν
3666 3697 3711 3727 ’⁵
3732 3734 3747 3757 ,
3784 3698 4005 3764 ἐλέγετο
4026 3714 4040 3726 ·

2486 3783 2618 3848 Υίὸς
2644 3782 2700 3835 δέ
2734 3782 2766 3852 ἢ
2792 3783 3034 3850 Πνεῦμα
3072 3784 3240 3853 ἡμῶν
3267 3788 3295 3837 6
3321 3785 3484 3850 Θεὸς,
3513 3787 3620 3839 τῶν
3651 3788 3953 3857 ἀμηχάνων
3986 3807 4041 3842 τε

2477 3876 2568 3928 καὶ
2596 3874 2969 3927 ἀνακολούθων
2991 3876 3234 3945 ἐκρίνετο
3258 3875 3531 3944 λέγεσθαι.
3562 3878 3653 3931 Διὸ
3677 3881 3774 3931 καὶ
3802 3884 3832 3933 6
3862 3882 3908 3911 ⁷⁸
3938 3883 4044 3933 Πα-

2476 3964 2580 4034 τὴρ
2613 3965 2711 4033 μὲν
2735 3967 3134 4035 κηρυττόμενος
3157 3964 3246 4017 διά
3272 3966 3368 4036 τὴν
3402 3967 3459 4018 ἐν
3488 3970 3553 4037 τῇ
3584 3970 3844 4040 συνηθείᾳ
3873 3974 4043 4025 κατά-

2478 4072 2673 4123 χρησιν
2690 4054 2747 4107 ἐν
2771 4055 3071 4126 παρεδήλου
3093 4056 3210 4107 τότε
3233 4059 3342 4118 τοῖς
3372 4057 3585 4120 πολλοῖς
3612 4062 3704 4112 καὶ
3728 4062 4041 4115 ὑπεδείκνυε

2478 4146 2804 4215 πρόσωπονο
2834 4147 2884 4197 εί
2926 4145 2981 4197 δὲ
3007 4148 3034 4198 6
3082 4145 3204 4207 Υἱὸς
3241 4144 3361 4214 ἢτδ
3400 4146 3620 4216 Πνεῦμα
3669 4152 4041 4218 κατήγγελτο,

2478 4238 2693 4297 πάντως
2721 4235 2787 4289 ἂν
2817 4238 2877 4288 τὸ
2905 4236 3152 4289 δυαδικδν
3198 4237 3621 4305 συνωμολογεῖτο
3661 4240 3770 4292 τῶν
3804 4242 4041 4296 ὑποστά-

2481 4344 2617 4380 σεων
2638 4344 2650 4357 ·
2682 4330 2709 4380 6
2739 4330 2845 4398 γὰρ
2881 4329 3093 4381 ἁκούων
3124 4329 3249 4381 Υἱόν
3272 4369 3287 4393 ,
3318 4330 3478 4391 εὐθὺς
3528 4330 3662 4399 πρὸς
3705 4333 3797 4385 τὸν
3828 4334 4043 4405 Πατέρα

2477 4419 2725 4489 ἀνήγετο.
2759 4421 2869 4473 Kal.
2888 4420 2949 4473 τὸ
2985 4421 3207 4489 Πνεῦμα
3232 4420 3435 4491 ὁμοίως
3459 4438 3472 4451 °
3490 4419 3550 4476 οῦ
3572 4424 3678 4493 γὰρ
3697 4420 3767 4494 ἦν
3796 4426 4040 4496 Πνεῦμα,

2478 4510 2731 4574 ἐπεζήτει
2758 4513 2790 4581 ὴ
2820 4511 3059 4576 διάνοια,
3088 4507 3168 4574 οἷς
3194 4514 3227 4581 ἡ
3251 4512 3403 4575 νόσος
3432 4513 3493 4565 τὸ
3525 4514 3784 4568 πολύθεον
3808 4518 3917 4569 άπὸ
3945 4520 4041 4587 τῆς

2480 4600 2758 4671 σωζούσης
2802 4601 3075 4668 θεολογίας
3110 4602 3379 4671 ἐλάμϐανε
3407 4604 3469 4655 τὸ
3500 4604 3739 4660 ἀνίατον.
3772 4607 3958 4677 Χωρὶς
3988 4611 4041 4661 δὲ

2477 4690 2585 4744 τῶν
2613 4692 2919 4761 εἰρημένων
2952 4692 3073 4745 οὑδέ
3098 4692 3316 4745 δυνατὸν
3356 4689 3424 4763 ἦν
3449 4732 3464 4757 ,
3497 4694 3747 4766 καθάπερ
3775 4698 3870 4750 τοῦ
3913 4700 4038 4752 Υίοῦ

2478 4784 2572 4834 καὶ
2604 4783 2696 4835 τοῦ
2731 4782 3045 4853 Πνεύματος
3065 4826 3079 4849 ,
3108 4783 3250 4837 οὕτω
3278 4786 3372 4838 καὶ
3396 4787 3457 4838 τὸ
3480 4786 3572 4840 τοῦ
3602 4788 3818 4857 Πατρὸς
3854 4794 4042 4859 σοφαῖς

2481 4876 2723 4945 μεθόδοις
2740 4878 3231 4946 περικαλύπτεσθαι
3254 4880 3563 4949 πρόσωπον.
3583 4882 3807 4952 Πνεῦμα
3823 4884 3924 4950 μιν
3938 4888 4040 4953 γὰρ

2478 4969 2613 5021 θεοῦ
2637 4969 2797 5039 ῥηθὲν
2815 4971 2907 5022 καὶ
2937 4970 3046 5032 Δεξ
3053 4972 3130 5033 ιὰ,
3148 4972 3245 5024 καὶ
3267 4973 3473 5040 Σοφία,
3501 4975 3598 5025 καὶ
3621 4975 3884 5042 Δύναμις
3905 4972 4041 5029 οἶδεν

2478 5060 2763 5129 ἐκφεύγειν
2779 5062 2837 5112 τὸ
2852 5062 2948 5129 τῆς
2963 5062 3247 5124 πολυθεῖας
3265 5064 3640 5133 παλίμφημον·
3656 5064 3909 5119 λανθάνει
3935 5068 4040 5136 γὰρ

2476 5152 2603 5213 τοὺς
2615 5152 2842 5215 πολλοὺς
2861 5152 3124 5221 διαφορὰν
3142 5154 3447 5223 προσώπων
3467 5159 4041 5226 συνεπαγόμενον.Πα-

2484 5240 2597 5308 τὴρ
2622 5240 2679 5293 δέ
2702 5241 2848 5295 Θεοῦ
2881 5242 3202 5311 κηρυχθεὶς,
3234 5243 3335 5297 κᾶν
3365 5245 3457 5297 τὸν
3484 5247 3807 5316 γεννηθέντα
3836 5249 4039 5313 λάϐοις,

2478 5330 2579 5383 κᾶν
2613 5331 2675 5383 τὸ
2702 5332 3030 5403 ἐκπορευθὲν
3052 5373 3067 5397 ,
3112 5333 3297 5388 οὐκέτι
3338 5336 3439 5405 μὲν
3468 5336 3649 5391 λαθεῖν
3681 5337 3796 5409 ἔχοι
3838 5341 3897 5393 τδ
3928 5340 4039 5394 διά-

886 5462 912 5503 ι
953 5463 1097 5519 Psal.
1136 5479 1194 5529 ll,
1232 5462 1283 5516 7.
1371 5460 1389 5502 1
1426 5461 1566 5519 Psal.
1594 5479 1669 5527 ιχ,
1698 5463 1785 5517 10.
1862 5474 1903 5503 ιιι
1930 5463 2100 5519 Exod.
2132 5478 2249 5527 vni,
2281 5462 2381 5527 i9;
2420 5461 2543 5519 Luc.

1136 5479 1194 5529 ll,
1232 5462 1283 5516 7.
1371 5460 1389 5502 1
1426 5461 1566 5519 Psal.
1594 5479 1669 5527 ιχ,
1698 5463 1785 5517 10.
1862 5474 1903 5503 ιιι
1930 5463 2100 5519 Exod.
2132 5478 2249 5527 vni,
2281 5462 2381 5527 i9;
2420 5461 2549 5519 Luc.
2584 5480 2662 5529 ιι,
2691 5464 2782 5518 20.

2060 5596 2288 5655 VARUE
2338 5596 2742 5654 LECTIONES.

823 5779 875 5815 τι
886 5709 1390 5816 ’ίτὲἓρὲῐῖᾇέ
1456 5714 1567 5816 ’.ιαμ

910 5780 1101 5853 ὥσπερ
1123 5780 1333 5854 ἔφημεν
1356 5786 1419 5838 Δ.
1498 5780 1543 5816 ⁷⁸
1576 5780 1733 5840 60m.
1766 5786 1829 5838 Δ.

1570 5713 1816 5791 iietmox
1841 5732 1933 5770 του
1966 5716 2158 5771 aud.A.
2210 5716 2258 5749 "
2282 5716 2348 5772 ἂν
2373 5716 2444 5785 μὴ
2471 5716 2659 5788 ῥηθείη
2697 5732 2759 5779 ς.
2833 5717 2875 5750 τι
2896 5714 3179 5787 δάκτυλος]
3208 5716 3374 5775 Exod.
3404 5736 3522 5787 vm,
3552 5721 3647 5787 i9;
3676 5722 3804 5780 Luc.
3839 5742 3910 5791 τι,
3942 5728 4033 5783 20.
