4196 6442
174 440 271 505 781

1252 414 1777 479 BIBIJOTHECA.
1795 437 1862 449 -
1883 414 2046 476 COD.
2082 415 2360 478 CCXXII.

3294 419 3397 483 782

176 569 344 626 φορσν
375 549 611 618 είσάτων
634 544 742 599 τῶν
772 541 1150 602 ὑποστάσεων,
1181 537 1290 590 οὐδ’
1314 538 1498 605 ὅμοιον
1531 532 1740 626 τοῖς
1766 539 1811 594 Α

1766 539 1811 594 Α
1843 529 1940 583 Dei
1970 533 2307 585 enuntiatum
2342 528 2432 592 sit.
2464 527 2578 584 sive
2617 528 2853 598 genitum
2904 528 3253 595 intellexeris.
3286 534 3400 591 sive

176 618 441 702 πολύθεον
462 638 675 697 νοσοῦσι
690 634 1020 706 προσφέρειν
1043 631 1104 683 τὸ
1121 629 1277 698 ἴαμα.
1299 627 1372 679 06
1403 626 1500 695 μὶν
1516 618 1610 679 οῦν
1630 622 1743 676 ἀλλ’

176 738 287 793 οὐδ’
327 737 489 806 εῐπερ
522 735 551 787 6
584 729 774 799 Πατὴρ
802 727 944 782 κατὰ
964 724 1025 777 τὸ
1053 719 1287 792 ἔμπαλιν
1307 718 1434 787 χεὶρ
1460 716 1567 771 τοῦ
1612 715 1747 769 Υιοῦ

178 832 212 899 ἢ
244 827 357 881 τοῦ
407 825 748 892 Πνεύματος
775 814 1087 886 ὠνομάζετο
1108 853 1123 878 ,
1159 810 1529 880 ὑποκρύπτειν
1557 806 1749 899 ἑαυτὸν

189 898 287 972 παὶ
317 919 379 969 τὸ
407 914 652 969 δυαδιχὸν
673 907 1100 982 περικαλύπτειν
1135 903 1245 957 τῶν
1279 901 1583 973 προσώπων
1621 898 1750 969 ἡδύ-

178 1028 347 1064 νατο·
378 1010 465 1062 ἵνα
504 1006 577 1077 μὴ
625 1004 773 1071 λέγω
814 1002 888 1063 ὼς
920 999 1041 1052 οὐδὲ
1085 996 1315 1068 ῥηθῆναι
1345 993 1630 1056 παντελῶς
1678 992 1749 1045 τὰ

188 1099 480 1170 εἰρημένα,
524 1096 646 1147 οὔτε
686 1091 809 1145 νοῦν
836 1089 957 1143 οὔτε
977 1087 1137 1158 φύσιν
1158 1086 1302 1156 ἔχειν
1329 1084 1503 1147 οὐδεὶς
1521 1082 1587 1136 ἂν
1618 1080 1749 1134 ὑπό-

180 1191 349 1242 θοιτο.
380 1187 478 1240 Διά
500 1186 552 1238 τί
570 1184 614 1238 δ’
636 1182 731 1236 οῦν
754 1182 874 1235 κατ’
903 1178 1080 1249 ἀρχὰς
1112 1179 1146 1248 ἡ
1170 1176 1337 1248 Τριάς
1358 1176 1456 1244 οὐχ
1480 1174 1597 1243 ἃμα
1618 1188 1749 1225 κατ-

180 1281 458 1351 ήγγελτο;
492 1278 572 1331 ὅτι
610 1275 860 1342 καθάπερ
886 1275 1000 1334 τοῖς
1025 1267 1368 1339 ὀφθαλμιῶσι
1408 1267 1467 1319 τὸ
1497 1264 1747 1335 λαμπρὸν

184 1372 307 1438 φῶς
332 1412 349 1437 ,
377 1369 551 1423 καίτοι
584 1369 849 1435 σωτήριον
877 1364 936 1415 ὸν
962 1402 977 1427 ,
1014 1359 1208 1431 ἀθρόον
1254 1357 1708 1411 ὲπιόλαθέστατον
1727 1394 1745 1421 ,

178 1464 326 1515 οῦτω
375 1462 468 1515 καί
510 1461 623 1521 τοῖς
673 1458 752 1520 είς
801 1455 861 1508 τὸ
915 1452 1173 1506 πολύθεον
1218 1448 1746 1517 ἁποτυφλωθεῖσινὴ

178 1553 437 1622 τριαδιχὴ
482 1548 728 1616 θεολογία
760 1544 1017 1616 βλαϐερὸν
1047 1543 1261 1612 ὑπῆρχε
1300 1540 1395 1593 καὶ
1433 1537 1740 1607 ἐπιζήμιον.

192 1643 359 1696 Ἀλλὰ
401 1642 572 1695 ταῦτα
617 1639 717 1709 μὲν
750 1638 827 1706 τῷ
857 1634 1085 1705 φιλοθέῳ
1114 1633 1421 1701 συγγραφεῖ
1452 1632 1547 1683 καὶ
1578 1629 1607 1681 6
1635 1627 1747 1680 τῶν

179 1732 363 1800 λόγων
405 1731 449 1794 ζ’
488 1731 545 1782 ὲν
572 1730 719 1800 τρισὶ
754 1726 1118 1795 φιλοπονεϊται
1162 1719 1472 1788 κεφαλαίοις
1495 1758 1511 1783 ,
1543 1716 1580 1771 ἃ
1610 1716 1750 1785 μετὰ

179 1826 244 1876 τὸ
275 1828 373 1887 κζ’
399 1822 490 1875 τὸν
513 1819 803 1875 ἀκόλουθον
832 1818 1063 1889 ἀριθμὸν
1100 1815 1440 1884 ἀναδέχεται.

1846 635 1970 677 eum
2009 622 2101 692 qui
2141 622 2423 691 processit,
2455 636 2792 690 nequaquam
2835 618 2947 687 jam
2987 621 3062 687 id,
3099 624 3228 693 quin
3280 641 3402 694 per-

1845 727 2100 768 sonarum
2151 712 2437 767 discrimen
2481 710 2691 777 aﬂerat,
2723 711 2957 781 ignorari
3003 714 3237 785 amplius
3281 731 3403 784 pos-

1846 807 1941 871 sit,
1969 818 2143 874 neque
2169 804 2343 859 simile
2372 805 2666 859 remedium
2694 802 3011 858 idololatria
3040 805 3163 862 labe
3187 806 3401 863 infectis

1846 895 2047 950 afferri.
2086 894 2270 963 Itaque
2310 909 2375 949 ne
2410 904 2520 947 tum
2550 894 2788 963 quidem,
2819 893 2861 948 si
2888 895 3049 949 Pater
3070 910 3103 950 e
3130 897 3403 950 contrario

1845 985 2016 1049 Filii,
2077 985 2159 1040 vel
2233 983 2459 1053 Spiritus
2527 983 2695 1037 sancti
2754 998 2939 1037 manus
3016 985 3401 1050 nominaretur,

1845 1082 2082 1149 seipsum
2150 1076 2512 1140 abscondere,
2564 1084 2618 1129 et
2672 1074 2985 1129 dualitatem
3052 1090 3403 1144 personarum

1845 1184 2131 1241 contegere
2159 1176 2340 1240 posset
2371 1184 2385 1221 :
2422 1181 2488 1220 ne
2516 1166 2621 1221 hoc
2648 1166 2845 1230 dicam,
2868 1166 3134 1221 neminem
3169 1182 3405 1236 unquam

1843 1278 2067 1319 censere
2110 1262 2367 1332 potuisse,
2412 1268 2473 1312 ut
2502 1271 2621 1327 qua
2660 1260 3403 1321 nunc-commemoravimus.

1843 1354 1927 1406 vel
1972 1352 2194 1406 omnino
2240 1349 2569 1413 dicerentur,
2616 1357 2709 1415 aut
2758 1362 2974 1401 sensum
3024 1348 3282 1417 aliquem,
3317 1360 3409 1402 aut

1844 1444 2057 1515 genium
2094 1442 2296 1497 habere
2326 1439 2718 1509 iudicarentur.
2762 1439 2940 1507 Quare
2977 1438 3141 1509 igitur
3174 1434 3409 1493 Trinitas

1844 1536 1912 1590 ab
1959 1534 2115 1590 initio
2144 1548 2249 1589 non
2293 1532 2540 1601 evulgata
2585 1541 2668 1585 est
2704 1547 2718 1585 :
2762 1531 2910 1601 quia,
2956 1532 3406 1599 quemadmodum

1847 1626 2221 1683 laborantibus
2246 1639 2312 1681 ex
2349 1624 2519 1679 oculis
2570 1623 2904 1690 splendidum
2935 1623 3071 1679 lucis
3089 1622 3269 1689 jubar,
3302 1625 3404 1679 etsi

1844 1713 2205 1777 salutiferum,
2232 1713 2465 1768 maxime
2503 1711 2719 1764 noxium
2758 1718 2860 1773 est,
2892 1710 2963 1763 ita
3010 1717 3065 1764 et
3110 1708 3398 1763 multorum

1847 1807 2070 1862 deorum
2105 1805 2248 1860 cultu
2286 1802 2567 1858 occaecatis
2592 1801 2751 1855 noxia
2788 1811 2903 1855 erat
2934 1798 3217 1854 Trinitatis
3249 1800 3405 1854 theo-

183 1917 326 1985 logia
350 1956 367 1980 ,
435 1929 497 1968 ac
540 1914 837 1983 perniciosa
892 1912 1093 1965 futura.
1149 1908 1349 1964 Verum
1399 1908 1514 1961 hac
1545 1904 1758 1975 quidem
1794 1902 1886 1957 Dei
1922 1915 2110 1956 amans
2148 1900 2378 1969 scriptor
2415 1899 2645 1967 septimo
2684 1896 2821 1951 libro
2842 1894 3013 1951 tribus
3050 1895 3153 1951 illis
3173 1895 3408 1966 graviter

182 2014 487 2077 pertrath
536 2003 821 2071 capitibus,
888 2016 1007 2069 qua:
1050 2008 1172 2068 post
1216 2005 1424 2053 sextum
1465 2006 1520 2049 et
1594 1994 1907 2048 vicesimum
1944 1990 2132 2045 ordine
2161 1996 2581 2056 consequuntur.

255 2098 332 2152 Τὸ
360 2097 419 2151 δὲ
448 2094 765 2167 τριακοστὸν
794 2090 942 2163 αὐτῷ
970 2090 1262 2160 κεφάλαιον
1300 2088 1551 2155 διέξεισιν
1594 2085 1670 2149 ὡς
1712 2085 1741 2137 6
1774 2087 1819 2146 Β

1774 2087 1819 2146 Β
1916 2080 2266 2136 Tricesimum
2321 2092 2447 2131 vero
2488 2084 2647 2144 caput
2695 2075 3059 2145 persequitur,
3095 2084 3152 2128 ut
3198 2075 3407 2143 primus

185 2191 408 2259 πρῶτος
456 2188 675 2257 σεισμὸς
720 2186 965 2257 θεμέλιος
994 2182 1072 2253 τῷ
1104 2182 1149 2253 β’
1180 2180 1497 2251 γεγένηται,
1547 2178 1643 2231 καὶ
1683 2176 1746 2230 ού

190 2280 356 2355 μόνον
385 2281 499 2342 τοῖς
527 2278 666 2332 κατὰ
692 2276 897 2331 Μωσέα
922 2277 1216 2347 συνήνεγκε
1242 2273 1374 2325 Θεὸν
1402 2272 1493 2325 τὸν
1534 2270 1749 2342 Πατέρα

189 2369 437 2441 κηρύξας
467 2408 483 2430 .
537 2368 672 2422 ἀλλὰ
716 2370 813 2421 καὶ
833 2369 944 2430 τοῖς
977 2368 1034 2419 έν
1067 2368 1130 2435 τῇ
1161 2366 1361 2435 χάριτι.
1398 2362 1490 2428 Ἐξ
1525 2355 1599 2415 ὧν
1642 2361 1750 2432 γὰρ

188 2463 282 2514 τὸν
316 2461 454 2513 Θεὸν
483 2460 697 2529 Πατέρα
720 2459 830 2511 τῶν
850 2456 1150 2528 ἀνθρώπων
1175 2454 1489 2523 νομίζεσθαι
1514 2454 1711 2507 ἔδωκεν
1732 2491 1749 2517 ,

188 2550 422 2611 ἔκαστος
438 2548 484 2579 ⁷⁷
535 2546 641 2600 τῶν
682 2545 923 2615 γνησίως
965 2542 1400 2613 προσανεχόντων
1448 2540 1566 2603 θεῴ
1620 2537 1752 2604 Υἱὸς

192 2638 348 2692 Θεοῦ
388 2638 611 2699 εἰκότως
639 2635 851 2705 δλέγετο
873 2651 888 2667 ·
929 2635 990 2687 ἑκ
1016 2634 1074 2686 δὲ
1114 2633 1301 2686 τούτου
1336 2630 1471 2700 θύρα
1504 2632 1597 2683 καὶ
1638 2630 1752 2692 ὁδὸς

191 2732 258 2799 τῇ
304 2727 398 2781 διὰ
425 2727 625 2797 σαρκὸς
648 2727 929 2796 οἰκονομία
959 2722 1365 2789 ὑπανοίγνυται.
1409 2721 1500 2772 Διὸ
1542 2719 1636 2772 καὶ
1664 2719 1754 2771 τὸν

195 2819 327 2871 Υίὸν
352 2820 383 2871 6
415 2817 460 2887 β’
487 2816 772 2887 κηρύττων
797 2814 1017 2886 σεισμὸς
1038 2853 1054 2879 ,
1077 2813 1152 2876 ὡς
1175 2812 1275 2882 ήδη
1302 2810 1562 2881 συνήθους
1590 2809 1755 2879 οὔσης

192 2910 294 2977 τῆς
325 2909 510 2978 φωνῆς
538 2907 633 2961 καὶ
674 2907 770 2961 ἐπὶ
792 2906 962 2975 ψιλῶν
1010 2903 1309 2972 ἀνθρώπων
1354 2902 1625 2966 τίθεσθαι,
1659 2901 1755 2970 οὐχ

193 3001 341 3053 οὕτω
366 3001 495 3062 τοὺς
528 2998 823 3061 ἀκούοντας
850 2995 1202 3068 ἑξετάραττεν
1225 3036 1242 3062 ,
1287 2996 1353 3048 ἐκ
1377 2994 1475 3063 τῆς
1508 2996 1753 3063 χρήσεως

192 3093 299 3159 τῆς
333 3089 557 3159 πράπης
588 3089 859 3158 Διαθήκης
908 3085 1366 3146 καταλεανθέντας
1410 3083 1507 3146 τὰς
1556 3082 1753 3148 ἀκοὰς,

198 3183 296 3233 καὶ
324 3181 510 3232 οὐκέτι
542 3181 673 3251 πρὸς
716 3180 813 3249 τὴν
839 3177 1017 3248 φωνὴν
1045 3177 1217 3238 οὕτως
1240 3178 1581 3247 ἐμεμήνεσαν
1606 3216 1620 3240 ,
1649 3174 1759 3228 ῶσ-

198 3290 308 3340 περ
355 3274 637 3338 ἐμαίνοντο
661 3271 725 3323 ἂν
751 3310 765 3332 ,
811 3273 861 3322 εί
897 3270 969 3339 μὴ
1000 3270 1237 3339 συνήθης
1292 3268 1472 3329 αὐτοῖς
1503 3266 1611 3319 ἀπὸ
1661 3265 1760 3335 τῆς

199 3361 449 3422 Παλαιᾶς
482 3359 722 3426 ἐγεγόνει
754 3359 1043 3428 Διαθήκης.
1078 3357 1287 3426 Ὠσπερ
1316 3357 1371 3409 δὲ
1410 3357 1503 3408 ἐπὶ
1543 3358 1641 3425 τῆς
1680 3373 1762 3409 νο-

1849 2182 2029 2229 motus
2076 2181 2234 2227 terra
2284 2170 2691 2225 fundamentum
2744 2167 2965 2222 alterius
3017 2166 3201 2231 fuerit,
3249 2177 3411 2235 utque

1850 2282 1958 2321 non
1996 2264 2167 2319 solum
2204 2264 2269 2318 iis
2315 2260 2407 2332 qui
2453 2260 2556 2315 sub
2605 2258 2751 2314 Mose
2791 2260 3057 2323 vixerunt,
3094 2259 3259 2313 Deum
3302 2258 3409 2313 Pa-

1850 2366 1986 2411 trem
2019 2354 2207 2427 19ήὺ
2244 2354 2587 2426 praedicando
2620 2352 2903 2422 profuerit,
2939 2352 3032 2407 sed
3063 2361 3120 2407 et
3145 2355 3236 2421 qui
3271 2362 3409 2407 tem-

1851 2462 1981 2517 pore
2023 2448 2229 2517 gratiae.
2271 2444 2559 2515 Postquam
2609 2445 2755 2499 enim
2802 2442 2980 2498 eﬂ'ecit
3032 2453 3089 2498 ut
3128 2444 3269 2499 Deus
3308 2446 3408 2500 bo-

1853 2539 2055 2592 minum
2104 2535 2267 2591 Pater
2308 2536 2673 2589 crederetur:
2711 2549 2833 2589 mox
2882 2535 3045 2590 etiam
3096 2538 3407 2606 quicunque

1852 2630 1909 2684 in
1937 2627 2048 2684 Deo
2093 2628 2346 2684 ﬁduciam
2388 2628 2698 2692 collocaret,
2740 2627 2931 2681 merito
2964 2625 3059 2681 Dei
3109 2624 3279 2681 Filius
3314 2644 3410 2697 ap-

1854 2720 2102 2790 pellatur.
2137 2718 2289 2775 Unde
2333 2720 2597 2790 patefacta
2653 2719 2840 2788 janua,
2879 2728 2935 2774 et
2976 2722 3061 2775 via
3105 2732 3289 2791 aperta
3326 2728 3413 2775 est

1858 2814 1923 2868 ad
1970 2813 2394 2869 incarnationem
2436 2810 2884 2881 cognoscendam.
2928 2809 3098 2877 Quam
3138 2812 3299 2866 etiam
3340 2813 3412 2867 ob

1855 2918 2075 2959 causam
2125 2906 2247 2959 dum
2319 2904 2511 2960 Filium
2566 2903 2831 2959 secundus
2884 2903 2974 2957 ille
3026 2911 3183 2958 terra:
3238 2912 3414 2959 motus

1858 2998 2176 3063 praedicaret
2208 2997 2369 3065 (quod
2392 2997 2502 3064 jam
2533 3003 2846 3049 consuetum
2882 3004 3029 3049 esset
3062 2994 3198 3049 hanc
3227 3010 3411 3050 vocem

1856 3088 1923 3141 de
1962 3087 2121 3142 meris
2141 3103 2350 3157 quoque
2386 3086 2693 3142 hominibus
2724 3086 3028 3156 usurpare),
3066 3102 3171 3141 non
3203 3088 3282 3141 sic
3317 3103 3413 3140 au-

1858 3178 2060 3233 ditores
2104 3178 2353 3233 turbabat
2391 3178 2586 3246 prioris
2617 3177 2950 3233 Testamenti
3001 3193 3097 3232 usu
3152 3179 3411 3249 mitigatis

1859 3266 2104 3329 auribus,
2138 3274 2195 3319 ut
2225 3283 2326 3321 non
2360 3266 2597 3336 amplius
2637 3266 2716 3322 sic
2758 3266 2903 3321 vocis
2941 3267 3097 3335 hujus
3134 3269 3417 3323 occasione

1861 3355 2257 3422 insaniveriut,
2318 3358 2765 3426 quemadmodum
2832 3357 3243 3425 insanivissent,
3313 3360 3416 3415 nisi

202 3452 373 3519 μικῆς
424 3451 699 3511 πολιτείας
748 3450 807 3501 τὸ
832 3449 1191 3518 κηρύττεσθαι
1219 3449 1309 3501 τὸν
1337 3450 1462 3501 Υίὸν
1494 3449 1759 3518 λαμπρῶς
1789 3429 1833 3486 c

1755 3467 1759 3507 ;
1789 3429 1833 3486 (ἶ
1867 3448 2066 3501 usitata
2092 3447 2196 3503 illis
2225 3463 2321 3518 per
2346 3446 2508 3503 Vetus
2541 3448 2946 3504 Testamentum
2985 3464 3105 3505 esse
3145 3451 3412 3519 cmpisset.

197 3543 232 3610 ἢ
283 3542 347 3592 τὸ
388 3539 650 3607 Πνεῦμα,
676 3538 741 3592 δι’
774 3540 837 3599 ἃς
886 3539 1061 3601 αίτίας
1110 3540 1471 3609 προείπομεν,
1515 3540 1639 3611 [5ἳο
1668 3538 1761 3609 11.]

199 3636 315 3693 τοῖς
343 3632 423 3682 ἔτι
457 3632 551 3693 τὰς
576 3631 736 3691 οὐλὰς
764 3631 863 3698 τῆς
891 3630 1151 3682 πολυθέου
1192 3631 1405 3699 πληγῆς
1450 3632 1507 3682 ὲν
1554 3632 1764 3693 ἑαυτοῖς

200 3722 466 3789 φέρουσιν
488 3758 503 3781 ,
531 3719 656 3789 [ὃτω
687 3719 781 3790 Ιὶ.]
820 3719 961 3770 οὕτω
988 3719 1052 3789 δὴ
1080 3720 1177 3771 καὶ
1203 3720 1264 3771 τὸ
1292 3719 1637 3787 σαρκωθῆναι
1668 3720 1765 3787 μὲν

198 3813 293 3864 τὸν
318 3813 537 3881 Πατέρα
560 3812 591 3881 ἢ
615 3811 673 3862 τὸ
700 3810 921 3880 Πνεῦμα
941 3850 955 3875 ,
981 3810 1361 3863 συνεσκιάσθαι
1380 3810 1436 3861 δὲ
1466 3811 1560 3863 καὶ
1584 3811 1766 3864 λαϐεῖν

205 3904 364 3971 ἰσχὺν
393 3904 471 3964 εἰς
504 3902 563 3953 τὸ
591 3902 769 3953 λαθεῖν
789 3942 804 3964 ,
835 3902 893 3953 ὃν
924 3902 1120 3971 τρόπον
1148 3902 1240 3953 ἐπὶ
1262 3900 1354 3953 τοῦ
1381 3900 1542 3967 Υίοῦ,
1575 3902 1767 3954 ἀδύνα-

202 4011 299 4045 τον
334 3988 423 4062 ἦν.
456 3993 516 4043 Ei
553 3994 659 4062 γὰρ
682 3995 774 4043 καὶ
805 3991 989 4059 κοινῆς
1033 3990 1201 4061 οὔσης
1259 3992 1350 4045 καὶ
1400 3993 1767 4062 τετριμμένης

204 4083 307 4151 τῆς
334 4081 431 4133 τοῦ
460 4081 589 4132 Υἱοῦ
624 4081 990 4152 προσηγορίας
1023 4080 1171 4149 ὅμως
1191 4080 1282 4132 τὸν
1312 4079 1438 4133 Υίὸν
1468 4080 1644 4151 σάρκα
1673 4082 1767 4133 λα-

205 4176 373 4227 δόντα
391 4212 408 4237 ,
441 4174 523 4225 ὅτι
558 4174 702 4225 Θεοῦ
743 4174 879 4226 Υἱόν
897 4175 912 4238 (
932 4174 1064 4243 ὅπερ
1092 4168 1191 4242 ἦν)
1215 4171 1398 4238 ἔλεγεν
1424 4173 1612 4226 ἑαυτὸν
1630 4215 1645 4239 ,
1677 4173 1771 4226 καὶ

206 4267 477 4334 κρημνοῖς
505 4264 702 4327 ἐξῶσαι
734 4267 827 4316 καὶ
849 4264 1151 4333 ραπίσμασι
1191 4264 1370 4333 βαλεῖν
1386 4266 1432 4299 ’⁸
1464 4266 1559 4318 καὶ
1600 4266 1661 4316 τὸ
1684 4282 1774 4318 τευ

1862 3540 2031 3604 Quem
2058 3539 2200 3594 enim
2245 3541 2312 3595 ad
2360 3541 2575 3596 modum
2616 3543 2718 3597 sub
2768 3541 2883 3610 lege
2912 3543 3029 3597 Filii
3065 3554 3155 3597 aut
3187 3543 3417 3612 Spiritus

1868 3641 2052 3697 aperta
2102 3632 2491 3701 promulgatio,
2544 3632 2613 3686 ob
2659 3645 2791 3697 eas,
2845 3647 2977 3701 quas
3018 3645 3175 3687 antea
3225 3648 3418 3687 causas

1864 3721 2118 3786 diximus,
2154 3725 2309 3777 noxia
2341 3723 2453 3777 fore
2494 3723 2775 3777 videbatur
2816 3724 2902 3786 iis,
2931 3723 3023 3791 qui
3065 3725 3237 3777 adhuc
3274 3724 3418 3777 cica-

1864 3812 2027 3867 trices
2073 3811 2255 3868 inﬂicti
2286 3830 2316 3867 a
2350 3814 2570 3868 deorum
2608 3814 2947 3870 multitudine
2988 3814 3221 3869 vulneris
3260 3830 3416 3883 gere-

1866 3900 2012 3956 bant.
2053 3900 2145 3956 Sic
2193 3912 2340 3957 certe
2386 3901 2599 3957 Patrem
2632 3902 2715 3958 vel
2751 3903 3007 3973 Spiritum
3051 3915 3296 3959 sanctum
3333 3904 3419 3957 in-

1871 3993 2102 4059 carnari,
2136 3994 2429 4061 umbraque
2476 3993 2604 4065 tegi,
2659 4004 2716 4048 et
2750 3992 2945 4049 latendi
2979 3993 3224 4063 accipere
3255 3994 3423 4048 facul-

1871 4091 2034 4136 tatem
2064 4082 2225 4153 (utin
2258 4083 2393 4138 Filio
2422 4084 2646 4152 factum)
2679 4084 3011 4154 impossibile
3043 4083 3251 4140 luisset.
3290 4084 3421 4138 Nam

1870 4173 1915 4225 si
1970 4182 2078 4226 tum
2130 4188 2376 4244 quoque,
2433 4189 2553 4230 cum
2612 4174 2735 4231 Filii
2788 4175 3073 4246 appellatio
3125 4179 3424 4231 communis

1872 4272 2038 4327 esset,
2069 4273 2230 4333 atque
2272 4280 2368 4319 usu
2416 4267 2562 4329 trita,
2595 4267 2767 4335 ipsum
2814 4274 2991 4320 tamen
3036 4265 3229 4321 Filium
3263 4280 3426 4321 carne

208 4356 461 4409 λευταϊον
493 4356 708 4425 σταυρῷ
750 4356 1052 4426 ἀναρτῆσαι
1092 4357 1430 4427 ἐξεμάνησαν
1451 4396 1465 4419 ,
1500 4356 1551 4408 τί
1578 4356 1677 4407 οὐκ
1706 4356 1772 4409 ἂν

1765 4371 1772 4400 ν
1875 4352 2115 4408 indutum
2181 4355 2303 4423 quia
2368 4356 2459 4410 Dei
2511 4355 2714 4410 Filium
2765 4357 2940 4426 (quod
2989 4360 3136 4427 erat)
3189 4357 3422 4426 seipsum

212 4446 481 4513 ἐποίησαν
513 4448 605 4497 καὶ
649 4448 804 4498 αὐτοὶ
836 4452 927 4498 καὶ
968 4449 1016 4499 oi
1069 4448 1309 4516 μαθηταὶ
1348 4445 1531 4499 δούλου
1564 4445 1775 4516 μορφὴν

1768 4461 1775 4489 ι
1874 4443 2010 4497 dixit
2048 4454 2101 4511 ιι,
2126 4463 2189 4501 ex
2219 4448 2433 4502 editiori
2476 4447 2593 4504 loco
2636 4448 2994 4518 praecipitare,
3022 4459 3076 4503 et
3122 4449 3290 4516 alapis
3329 4463 3425 4503 ex-

213 4536 484 4607 ὁρῶντες.
521 4539 566 4588 ει
596 4540 623 4590 6
654 4539 957 4608 σαρκωθεὶς
1003 4539 1184 4603 ἔλεγεν
1207 4579 1222 4604 ,
1263 4537 1407 4607 Ἐγώ
1448 4538 1560 4606 ειμι
1590 4540 1623 4591 ό
1658 4541 1776 4591 Πα-

1765 4564 1776 4577 -
1875 4534 2059 4603 cipere
2109 4549 2159 4601 ο,
2186 4552 2249 4591 ac
2281 4539 2492 4591 tandem
2522 4540 2670 4593 cruci
2712 4538 2913 4594 furiose
2945 4538 3157 4609 aﬂigere
3190 4538 3422 4607 aggressi

211 4631 348 4696 τὴρ,
376 4632 408 4698 ἦ
435 4630 500 4681 τὸ
519 4632 759 4699 Πνεῦμα
791 4631 855 4683 τὸ
892 4631 1096 4699 (irier;
1129 4630 1270 4683 ῶστε
1296 4631 1356 4683 τὸ
1378 4631 1485 4682 πᾶν
1513 4631 1610 4699 τῆς
1640 4630 1778 4682 οἱκο-

1768 4656 1778 4669 -
1876 4634 2021 4687 sunt,
2048 4628 2187 4695 quod
2239 4644 2341 4680 non
2391 4629 2647 4683 fecissent
2680 4641 2737 4684 et
2772 4629 2896 4696 ipsi,
2927 4639 2982 4683 et
3013 4630 3280 4697 discipuli,
3315 4627 3425 4699 [so-

213 4721 411 4787 νομίας
456 4720 773 4789 θεοπρεπῶς
821 4737 881 4772 τε
928 4720 1021 4773 καὶ
1068 4720 1207 4789 ὑπὲρ
1240 4718 1396 4787 λόγον
1442 4721 1535 4772 καὶ
1567 4718 1772 4773 ἔννοιαν
1804 4757 1847 4812 D

1767 4741 1772 4762 ν
1804 4757 1847 4812 D
1877 4716 2009 4789 lam]
2038 4719 2176 4772 servi
2208 4720 2445 4774 videntes
2471 4719 2719 4786 formam,
2750 4720 2794 4775 si
2826 4721 3135 4775 incarnatus
3160 4721 3384 4773 dixisset
3410 4737 3424 4772 :

212 4805 699 4874 διεπραγματεύθη
725 4844 740 4869 ,
784 4806 875 4858 καὶ
894 4806 992 4875 τὴν
1018 4805 1123 4860 τῶν
1157 4806 1454 4876 ἀνθρώπιον
1497 4807 1770 4877 σωτηρίαν
1804 4805 1838 4812 ⁷

1804 4805 1838 4812 ⁷
1879 4811 1992 4878 Ego
2027 4826 2143 4863 sunt
2183 4810 2362 4875 Pater,
2396 4811 2476 4865 vel
2520 4809 2751 4879 Spiritus
2775 4813 3033 4865 sanctus?
3068 4811 3208 4880 Ergo
3232 4810 3427 4862 divini-

216 4897 617 4964 ἀπειργάσατο.

1887 4909 1993 4965 tus,
2025 4909 2081 4954 et
2108 4916 2265 4969 supra
2295 4916 2452 4967 quam
2483 4901 2585 4955 dici
2618 4915 2683 4955 ac
2708 4901 2931 4971 cogitari
2961 4900 3151 4968 possit,
3178 4901 3428 4952 universa

1885 4992 2068 5045 mundi
2104 4991 2419 5060 gubernatio
2458 5007 2560 5046 una
2612 5007 2734 5047 cum
2783 4992 3056 5047 hominum
3097 4989 3269 5044 salute
3304 5003 3431 5054 pro-

1884 5088 2068 5132 curata
2107 5090 2210 5133 εει.

290 5159 434 5209 Κατ’
459 5159 629 5229 ἀρχὰς
661 5160 843 5230 μέντοι
873 5162 902 5214 6
933 5162 1106 5229 Λόγος
1136 5162 1199 5215 οὐ
1219 5162 1559 5235 σεσάρκωται
1590 5165 1682 5217 καὶ
1709 5163 1776 5218 δι’

216 5251 387 5312 ἄλλας
422 5251 521 5320 μὲν
546 5253 756 5319 αἰτίας,
800 5254 889 5307 καὶ
910 5255 1051 5308 διότι
1099 5255 1200 5307 οὐκ
1239 5254 1345 5307 ἔδει
1389 5255 1545 5317 εὐθὺς
1571 5257 1631 5309 τὸ
1681 5256 1777 5327 μὲ-

214 5357 409 5411 γιστον
457 5340 565 5393 τῶν
611 5344 917 5415 φαρμάκων
964 5347 1076 5408 τοῖς
1104 5342 1321 5397 νοσοῦσι
1355 5349 1736 5415 προσενεγκεῖν
1758 5385 1775 5411 ,

295 5493 325 5521 ιι
358 5482 491 5539 Luc.
528 5499 601 5550 tv,
635 5486 725 5540 29.
802 5492 830 5522 °
863 5485 1028 5541 Marc.
1064 5500 1178 5551 xlv,
1211 5483 1313 5549 65;
1346 5482 1504 5540 Joan.
1541 5500 1659 5551 xtx,
1686 5486 1738 5540 3.

1957 5171 2205 5227 Attamen
2240 5190 2362 5230 mox
2392 5177 2458 5230 ab
2490 5174 2647 5229 initio
2684 5173 2917 5229 Verbum
2964 5173 3297 5227 incarnatum
3328 5183 3431 5223 non

1884 5272 2004 5327 est,
2052 5280 2173 5319 cum
2226 5267 2347 5321 aliis
2393 5266 2459 5322 de
2509 5266 2708 5333 causis,
2745 5276 2854 5321 tum
2905 5266 3104 5320 idcirco
3143 5261 3281 5330 quod
3328 5274 3433 5312 non

1884 5364 2156 5423 oporteret
2186 5360 2369 5415 statim
2412 5359 2707 5414 maximum
2742 5359 3187 5413 medicamentum
3229 5350 3434 5406 morbi-

1486 5647 1720 5706 VARIIE
1752 5650 2152 5713 LECTIONES.

297 5753 341 5782 "
370 5749 603 5802 ἕκαστον
634 5763 696 5810 ς’.
765 5746 808 5777 ⁷⁸
836 5744 1013 5814 βαλεῖν
1037 5760 1177 5801 corr.
1218 5743 1262 5797 Δ
1300 5760 1313 5797 :
1350 5740 1533 5797 λαϐεῖν
1568 5758 1631 5804 ς.
