4196 6442
800 402 911 467 ’183

1910 388 2171 452 ΡΗΟΤΙῙ
2208 386 2712 449 ΡΑἸἮῙΛΠΕΠΑΞ
2746 387 2854 447 CP.

3922 388 4022 459 784

809 512 892 565 dis
925 505 1134 569 aﬂ'erre,
1166 502 1260 556 sed
1303 513 1423 567 quae
1470 499 1578 553 vim
1620 496 1883 553 haberem
1924 498 2182 567 paulatim
2224 510 2361 550 mor-
2388 512 2466 568 Δ.

2388 494 2601 568 Δάλιλὰ
2652 494 2720 547 τά
2768 494 2854 546 ἐπ’
2906 494 3123 547 ἔλαττον
3172 496 3413 549 ἐλαύνειν
3464 498 3563 567 τὴν
3592 499 3747 551 νόσον
3800 500 4022 572 δύναμιν

807 601 932 654 bum
966 591 1234 664 abigendi.
1268 589 1351 644 Ad
1384 591 1519 654 hare,
1554 587 1622 642 ab
1652 587 1807 642 initio
1844 586 2071 641 Verbum
2121 587 2364 639 incarna-

810 703 943 753 tum,
965 702 1069 741 non
1095 682 1254 738 modo
1279 690 1534 750 quamam
1562 678 1614 731 in
1643 677 1751 732 tine
1779 687 2103 746 temporum,
2132 678 2365 729 adventu

807 795 905 837 suo
946 777 1230 833 utilitatem
1260 768 1414 843 [non]
1448 768 1785 840 praebuisset,
1820 768 1914 822 sed
1956 768 2365 822 incitamentum

808 871 984 941 potius
1008 863 1304 921 idololatris
1328 862 1394 916 ad
1414 874 1654 916 errorem
1673 859 1971 928 iudicatum
1994 859 2207 913 fuisset.
2230 854 2365 909 Nam

808 963 875 1028 si,
906 974 1025 1015 cum
1053 956 1228 1013 Graeci
1263 968 1445 1008 rerum
1473 953 1802 1020 potirentur,
1836 951 2104 1004 similibus
2134 948 2367 1002 all‘ectio-

811 1056 966 1109 nibus
999 1049 1263 1106 obnoxios
1312 1046 1560 1102 homines
1608 1054 1717 1097 tam
1761 1042 1919 1097 facile
1963 1043 2014 1097 in
2054 1043 2143 1096 Dei
2173 1041 2368 1094 evehe-

810 1146 942 1200 bant
981 1144 1317 1213 dignitatem,
1352 1136 1619 1207 quomodo
1662 1135 1897 1189 scientes
1934 1134 1989 1188 in
2037 1148 2202 1188 carne
2230 1131 2365 1185 Ver-

811 1236 938 1289 bum
971 1244 1258 1301 apparens,
1290 1238 1542 1295 tanquam
1580 1224 1747 1278 Deum
1786 1222 2070 1285 celebrari,
2105 1235 2208 1275 non
2256 1231 2366 1275 sta-

813 1330 905 1384 tim
967 1330 1088 1383 inde
1147 1327 1388 1380 lictorum
1418 1337 1447 1375 a
1474 1336 1532 1377 se
1577 1321 1797 1375 deorum
1837 1316 2079 1385 exempla
2103 1326 2363 1386 peterent,

814 1422 1004 1489 iisque,
1041 1418 1131 1488 qui
1167 1422 1489 1470 conarentur
1526 1412 1591 1464 ab
1620 1411 1721 1463 hoc
1759 1423 1942 1462 errore
1978 1408 2231 1470 avellere,
2261 1421 2366 1459 non

814 1508 1214 1582 promptissime
1243 1503 1650 1572 exprobrarent,
1698 1501 1816 1553 illos
1856 1499 2018 1567 ipsos,
2058 1497 2148 1564 qui
2190 1509 2368 1564 repre-

817 1602 1112 1657 henderent
1160 1596 1428 1651 hominem
1474 1607 1623 1661 :eque
1669 1606 1768 1660 pro
1817 1592 1922 1643 Deo
1966 1589 2260 1657 praedicare
2305 1602 2367 1641 ac

815 1689 1075 1745 venerari.
1110 1685 1397 1754 Propterea
1437 1683 1579 1735 enim
1622 1694 1729 1748 quo
1765 1688 2003 1746 tempore
2034 1675 2210 1731 Grteci
2242 1677 2369 1730 deos

816 1781 1157 1843 fabricarent,
1190 1773 1379 1845 195a
1408 1771 1588 1825 Patris
1624 1784 1834 1837 quoque
1868 1770 2046 1822 unitas
2081 1765 2369 1836 praedicata

2464 588 2673 656 ἔχοντα.
2707 588 2826 638 Ἐτι
2857 586 2914 638 δὲ
2940 589 3034 639 καὶ
3058 589 3138 640 ὅτι
3183 592 3303 641 κατ’
3337 590 3512 659 ἀρχάς
3550 591 3855 660 σαρκωθεὶς
3877 597 3907 646 6
3932 596 4027 648 Δόο

2462 696 2556 747 γος
2578 680 2637 730 οὐ
2674 676 2831 747 μόνον
2851 680 2897 714 τ’
2920 682 3178 749 παρεῖχεν
3204 681 3325 750 ῐσην
3350 680 3538 750 ὥσπερ
3568 683 3661 734 ἐπὶ
3689 684 3834 735 τέλει
3862 703 4027 752 παρα-

2462 768 2702 836 γεγονὼς
2732 770 2830 838 τὴν
2857 769 3127 837 ὠφέλειαν
3145 811 3159 833 ,
3181 772 3315 824 ἀλλὰ
3340 773 3435 825 καὶ
3463 774 3810 844 παράκλησις
3833 778 4028 846 μᾶλλον

2462 862 2573 921 τοῖς
2604 860 3048 930 είδωλολατροῦσι
3078 863 3212 931 πρὸς
3253 864 3351 933 τὴν
3397 863 3607 933 πλάνην
3636 867 3940 936 ἐνομίζετο.
3971 870 4027 920 El

2465 952 2572 1020 γὰρ
2596 990 2610 1015 ,
2651 953 2741 1004 ὅτε
2772 952 2961 1016 παῖδες
3006 953 3271 1022 Ἑλλήνων
3301 956 3503 1025 ἐπέστη
3527 957 3595 1022 ⁸ο,
3616 958 3742 1020 τοὺς
3768 960 4028 1027 ὁμοιοπά-

2466 1040 2578 1104 θεῖς
2618 1042 2939 1113 ἀνθρώπους
2968 1046 3049 1106 εἰς
3076 1045 3136 1097 τὸ
3163 1046 3257 1098 τοῦ
3290 1046 3425 1100 Θεοῦ
3473 1048 3665 1118 ῥᾳδίως
3711 1048 4032 1112 ἀνεϐίϐαζον

2468 1133 2709 1203 ἀξίωμα,
2743 1136 2857 1198 πῶς
2879 1136 2966 1203 ἂν,
2990 1136 3191 1200 ειδότες
3217 1139 3379 1207 σαρκὶ
3402 1139 3495 1191 τὸν
3519 1140 3689 1208 Λόγον
3710 1141 4034 1210 φαινόμενον

2472 1228 2566 1278 καὶ
2598 1228 2731 1279 Θεὸν
2769 1229 3125 1299 ὑμνούμενον,
3146 1231 3267 1299 οὐχὶ
3294 1230 3400 1282 τῶν
3447 1232 3576 1300 παρ’
3609 1232 3793 1294 αὐτοῖς
3824 1233 4032 1285 πεπλα-

2472 1318 2685 1385 σμένων
2716 1318 2853 1371 θεῶν
2895 1320 3101 1372 ἐκεῖθεν
3129 1314 3313 1372 εἷλκον
3339 1322 3407 1372 τὰ
3446 1322 3865 1392 παραδείγματα
3891 1364 3906 1386 ,
3945 1326 4035 1376 καὶ

2468 1410 2592 1470 τοὺς
2626 1409 2915 1476 μέλλοντας
2936 1410 3130 1473 αὐτοὺς
3156 1411 3255 1480 τῆς
3285 1411 3490 1481 πλάνης
3516 1416 3771 1483 ἀποσπᾷν
3797 1415 4036 1485 εὐχερῶς

2469 1500 2567 1551 οὐκ
2599 1500 2663 1552 ἂν
2716 1499 3129 1565 ἀντωνείδιζον,
3176 1500 3461 1571 ἄνθρωπον
3522 1506 3615 1555 καὶ
3667 1505 3867 1567 αὐτούς
3916 1507 4038 1568 τοὺς

2469 1590 2823 1659 αἰτιωμένους
2852 1591 2983 1643 Θεόν
3008 1608 3065 1644 τε
3091 1592 3279 1661 ὑμνεῖν
3311 1594 3404 1644 καὶ
3439 1593 3693 1647 σέϐεσθαι
3712 1636 3727 1658 ,
3756 1596 3859 1647 Διά
3884 1595 4039 1648 τοῦτο

2470 1680 2577 1751 γὰρ
2602 1683 2720 1734 τότε
2747 1682 2854 1734 τῶν
2890 1682 3154 1752 Ἑλλήνων
3181 1683 3278 1736 ἀνθ
3289 1684 3500 1752 ρώπους
3526 1685 3916 1739 θεοποιούντων
3947 1690 4038 1739 καὶ

2471 1772 2503 1838 ἡ
2532 1770 2624 1823 τοῦ
2663 1773 2874 1840 Πατρὸς
2923 1773 3089 1841 μονὰς
3115 1775 3443 1844 ἐκηρύττετο
3459 1777 3525 1829 ⁸¹.
3564 1777 3773 1829 Οὐκοῦν
3802 1778 3909 1829 ἔδει
3945 1781 4043 1847 μὲν

816 1879 919 1926 est.
969 1868 1069 1940 [Ne
1113 1869 1239 1922 item
1285 1866 1529 1919 dicerent
1560 1878 1574 1915 :
1627 1861 1681 1914 Si
1713 1860 2027 1920 distulisset.
2060 1859 2174 1913 suis
2205 1872 2262 1913 se
2294 1857 2371 1910 vi-
2403 1851 2445 1905 B

2403 1851 2445 1905 Β
2473 1860 2655 1912 ἐκεῖνα
2699 1861 2913 1927 πρῶτον
2944 1861 3260 1932 [ἀργῆσαι,
3312 1863 3459 1935 ἔδει]
3498 1867 3915 1935 καταργηθῆναι
3957 1868 4040 1919 διὰ

819 1959 964 2012 ribus
997 1958 1289 2010 humanum
1333 1966 1498 2020 genus
1539 1950 1750 2004 salvare
1791 1948 2070 2015 potuisset,
2106 1956 2267 2016 atque
2299 1946 2371 1998 ita

816 2062 1023 2103 summa
1079 2044 1253 2112 gratia
1314 2042 1500 2095 fuisset
1563 2039 1783 2108 ingratis
1847 2052 2116 2091 summum
2179 2035 2371 2104 ingrati

817 2138 981 2193 animi
1022 2138 1233 2191 vitium.
1266 2132 1381 2186 Etsi
1428 2133 1557 2185 nihil
1601 2132 1759 2184 etiam
1804 2129 1871 2181 ab
1904 2129 2054 2181 initio
2087 2130 2368 2190 vetuisset,

817 2229 1003 2284 salutis
1054 2228 1171 2281 loco
1224 2225 1625 2279 contentionum
1676 2230 1921 2274 amantes
1977 2220 2249 2281 homines,
2293 2218 2373 2272 sic

818 2333 1030 2373 rursum
1078 2318 1323 2370 dubitare
1361 2331 1375 2368 :
1420 2311 1529 2365 Cur
1560 2327 1664 2364 non
1696 2312 1748 2364 in
1791 2310 1915 2372 line,
1947 2309 2041 2363 sed
2086 2310 2140 2363 in
2179 2309 2374 2379 princi-

818 2410 905 2480 pio
938 2426 952 2463 :
988 2420 1100 2472 aut,
1130 2422 1228 2461 cur
1263 2422 1368 2458 non
1411 2405 1463 2457 in
1506 2403 1681 2456 medio
1726 2412 2022 2469 temporum
2065 2414 2245 2463 cursu,
2280 2405 2374 2454 sed

817 2501 870 2554 in
923 2499 1183 2568 principio
1228 2495 1462 2549 Verbum
1522 2494 1856 2545 incarnatnm
1913 2492 2027 2545 est?
2082 2492 2154 2545 ita
2210 2491 2261 2544 in
2317 2504 2376 2544 se

818 2600 1005 2644 mutuo
1053 2588 1381 2658 quaestiones
1422 2584 1714 2637 secundum
1765 2582 2024 2651 triplicem
2074 2590 2372 2649 temporum

817 2681 1176 2735 differentiam
1246 2681 1620 2745 torquentes.]
1683 2671 1976 2741 Oportebat
2034 2671 2215 2738 itaque
2271 2670 2376 2739 pri-

818 2788 963 2826 mum
1022 2772 1111 2824 illa
1162 2768 1434 2830 evacuari,
1482 2776 1536 2819 et
1593 2780 1654 2819 ea
1708 2762 1921 2832 quidem
1970 2762 2372 2831 praedicatione,

816 2876 936 2930 quae
965 2861 1175 2914 Patrem
1202 2856 1373 2911 solum
1403 2854 1744 2907 annuntiaret
1774 2870 1788 2905 ε
1820 2852 2116 2919 deindeque
2150 2850 2373 2903 deorum

816 2953 1238 3021 emngendorum
1290 2961 1476 3001 errore
1524 2960 1556 2999 e
1607 2947 1864 2998 memoria
1914 2943 2145 3007 sublato,
2187 2956 2372 2995 verum

2472 1948 2565 1999 τοῦ
2598 1949 2987 2018 κηρύγματος,
3026 1950 3054 2001 ὃ
3079 1951 3171 2003 τὸν
3207 1952 3424 2021 Πατέρα
3457 1955 3616 2022 μόνον
3649 1957 4039 2024 κατήγγελλεν·

2474 2033 2571 2089 εἶθ’
2603 2039 2743 2090 οὕτω
2788 2038 2928 2111 λήθῃ
2976 2040 3221 2111 δοθείσης
3263 2043 3360 2113 τῆς
3398 2044 3644 2097 θεοποιοῦ
3694 2046 3910 2117 πλάνης
3955 2049 4044 2101 τὸν

2473 2130 2647 2199 ἀληθῆ
2676 2130 2809 2184 Θεὸν
2840 2133 2896 2184 ἐν
2926 2133 3090 2203 σαρκὶ
3117 2135 3525 2205 φανερωθῆναι.
3562 2139 3717 2191 Οὕτω
3755 2139 3856 2207 μὲν
3889 2137 3988 2193 οὖν
4018 2144 4045 2193 ὁ

2471 2222 2624 2289 λόγος
2648 2221 2747 2289 τῆς
2775 2222 2860 2274 ἐπ’
2902 2224 3129 2293 ἐσχάτου
3158 2226 3265 2279 τῶν
3318 2230 3542 2297 ἡμερῶν
3571 2230 3664 2282 τοῦ
3700 2232 3878 2299 Λόγου
3912 2250 4045 2302 σαρ-

2472 2312 2714 2375 κώσεως.
2754 2316 2861 2367 Καὶ
2896 2317 3146 2389 καθάπερ
3195 2322 3223 2371 6
3269 2322 3485 2390 πρῶτος
3539 2324 3761 2392 σεισμὸς
3809 2325 3900 2378 διὰ
3940 2325 4047 2376 τῶν

2474 2405 2730 2457 ἐναντίων
2782 2406 2969 2460 ίάσατο
3014 2410 3077 2462 τὸ
3106 2410 3367 2464 πολύθεΟν
3423 2415 3867 2484 ἐπικρυψάμενος
3938 2416 4047 2467 τῶν

2474 2492 2823 2545 ὑποστάσεων
2871 2495 2931 2547 τὸ
2962 2497 3254 2566 διάφορον,
3290 2499 3434 2553 οὕτω
3450 2502 3494 2533 ⁸³
3549 2504 3638 2555 καὶ
3688 2505 3745 2555 ἐν
3787 2504 4045 2573 ἐσχάτοις

2475 2584 2683 2649 καιροῖς
2707 2621 2721 2643 ,
2752 2585 2850 2654 τῆς
2882 2584 3180 2655 Ἰουδαϊκῆς
3205 2590 3361 2659 δόξης
3383 2593 3462 2654 είς
3492 2592 3550 2643 ἐν
3577 2594 3869 2662 πρόσωπον
3899 2597 4049 2664 νόμῳ

2476 2672 2571 2723 καὶ
2600 2672 2776 2742 χρόνῳ
2808 2678 3203 2747 κρατυνθείσης
3237 2682 3331 2733 καὶ
3365 2684 3720 2754 περιελούσης
3761 2686 3826 2738 τὸ
3876 2689 4047 2740 πολύ-

2478 2762 2595 2814 θεον
2612 2802 2628 2827 ,
2662 2767 2688 2816 6
2718 2765 2844 2828 Υἱὸς
2866 2769 3164 2835 τηνικαῦτα
3192 2770 3508 2842 θεοπρεπῶς
3535 2794 3592 2829 τε
3625 2780 3718 2830 καὶ
3745 2779 4053 2849 φιλανθρώ-

2481 2868 2600 2917 πως
2631 2857 2726 2908 καὶ
2755 2858 2931 2926 σάρκα
2980 2860 3247 2929 λαμϐάνει
3293 2866 3389 2918 καὶ
3418 2867 3477 2918 τὸ
3505 2868 3603 2937 τῆς
3647 2870 3877 2938 Τριάδος
3906 2874 4051 2922 κατὰ

2482 2946 2676 3016 μικρὸν
2704 2948 3069 3003 ἀνακαλύπτει
3101 2958 3419 3025 μυστήριον.

816 3046 982 3100 Deum
1028 3045 1084 3098 in
1129 3057 1295 3097 carne
1341 3038 1693 3094 manifestari.
1748 3036 1838 3090 Sic
1892 3036 2053 3105 igitur
2099 3049 2157 3090 se
2204 3036 2367 3091 habet
2400 3036 2515 3091 haec
2561 3040 2629 3120 de
2664 3040 2825 3095 Verbi
2883 3047 2932 3097 in
2987 3049 3241 3115 temporis
3292 3050 3622 3118 plenitudine
3673 3054 4051 3108 incarnatione

819 3139 1176 3196 ratiocinatio.
1228 3137 1295 3191 Et
1336 3134 1786 3204 quemadmodum
1841 3133 2047 3196 primus
2087 3133 2177 3184 ille
2235 3142 2573 3187 terrmmotus
2627 3149 2723 3202 per
2762 3141 3068 3194 contrarias
3107 3145 3349 3197 rationes
3417 3146 3637 3200 deorum
3704 3148 4045 3201 multitudini

820 3235 1138 3289 medicinam
1173 3230 1323 3293 fecit,
1353 3230 1480 3281 dum
1515 3242 1868 3295 personarum
1904 3228 2189 3279 discrimen
2223 3227 2375 3289 texit,
2418 3227 2486 3279 ita
2523 3228 2576 3280 in
2618 3229 2931 3285 novissimis
2966 3234 3178 3301 qucque
3221 3237 3572 3304 temporibus,
3632 3252 3754 3292 cum
3820 3237 4051 3292 Judaica

818 3324 1020 3392 opinio,
1046 3322 1100 3375 in
1130 3335 1292 3375 unam
1345 3333 1626 3386 personam
1673 3318 1788 3387 lege
1833 3332 1897 3371 ac
1965 3326 2207 3385 tempore
2264 3318 2632 3381 corroborata,
2682 3322 2902 3375 deorum
2973 3326 3367 3382 multitudinem
3433 3329 3791 3399 proﬂigasset,
3866 3341 3924 3385 et
3972 3333 4052 3385 di—

820 3415 1021 3469 vinitus
1056 3423 1180 3465 tunc
1220 3409 1312 3463 Dei
1350 3408 1518 3461 Filius
1547 3423 1608 3462 ac
1648 3408 1877 3476 benigne
1911 3422 2129 3460 carnem
2162 3406 2474 3476 assumpsit,
2501 3420 2554 3462 et
2586 3409 2868 3465 Trinitatis
2906 3416 3214 3483 mysterium
3246 3419 3499 3486 paulatim
3535 3422 3757 3474 detexit.

886 3508 978 3563 51.
1019 3507 1182 3561 Addit
1239 3506 1357 3560 istis
1412 3504 1681 3573 sapienter
1744 3504 1961 3556 omnino
2020 3502 2445 3566 Salvatorem,c

822 3602 999 3655 verbis
1028 3600 1245 3668 quidem
1271 3595 1562 3651 humilibus
1590 3594 1808 3659 utendo,
1835 3594 2127 3647 divinitatis
2152 3597 2377 3648 abscon-

822 3692 965 3745 disse
998 3690 1229 3751 radium,
1263 3688 1356 3740 sed
1390 3700 1482 3753 per
1513 3686 1657 3737 Illius
1684 3700 1843 3751 opera
1874 3683 2139 3747 ell'ecisse,
2170 3696 2227 3737 ut
2254 3701 2378 3739 om-

822 3779 1119 3847 nipotentis
1162 3774 1377 3829 virtutis
1426 3772 1681 3837 maiestas
1714 3770 2008 3839 effulgeret,
2039 3786 2101 3825 ac
2142 3787 2235 3840 per
2271 3774 2381 3827 hac

826 3860 1016 3915 eadem
1062 3856 1339 3925 praedicari
1384 3856 1673 3907 videretur.
1707 3854 1882 3920 Atque
1915 3854 2035 3906 hinc
2058 3856 2241 3919 etiam,
2284 3857 2378 3921 ait,

821 3952 1037 4007 dicebat
1073 3969 1085 4003 :
1127 3949 1290 4004 Verba
1332 3962 1447 4015 qua:
1496 3962 1587 4013 ego
1622 3946 1825 4013 loquor,
1853 3962 1883 3995 a
1915 3948 2103 4011 meipso
2152 3962 2255 3999 non
2302 3945 2381 3998 lo-

819 4057 987 4109 quor;
1011 4040 1172 4093 Pater
1193 4049 1366 4088 autem
1396 4038 1447 4085 in
1473 4051 1552 4087 me
1583 4050 1816 4098 "rancus,
1843 4034 1950 4099 ipse
1977 4033 2099 4099 facit
2126 4050 2282 4098 opera
2324 4045 2375 4090 Ρ.

821 4134 1027 4188 Credite
1078 4129 1204 4182 mihi
1251 4126 1389 4195 (56),
1418 4126 1539 4193 quia
1569 4139 1660 4192 ego
1685 4124 1738 4175 in
1760 4121 1941 4187 Patre,
1970 4134 2016 4176 et
2058 4123 2285 4178 Peterin
2301 4142 2381 4181 me

821 4236 893 4278 est
928 4240 947 4276 :
979 4220 1213 4289 alioquin
1248 4226 1457 4287 propter
1482 4231 1633 4283 opera
1661 4217 1772 4280 ipsa
1794 4216 2001 4266 credite.
2038 4215 2175 4268 Duas
2200 4227 2376 4271 autem

823 4316 922 4369 has
974 4316 1045 4367 ob
1100 4324 1295 4365 causas
1356 4308 1636 4359 verborum
1680 4306 2032 4358 humilitatem
2096 4307 2379 4371 adhibuit;

822 4407 1055 4474 primum
1102 4399 1317 4469 quidem
1368 4399 1432 4450 ad
1470 4395 1774 4449 Iudaeorum
1821 4392 2256 4447 eﬂervescentetn
2304 4395 2386 4447 in-

2565 3502 2788 3571 Ἐπάγει
2815 3506 2870 3559 δὲ
2892 3508 3099 3570 τούτοις
3119 3509 3194 3571 ὡς
3225 3514 3511 3579 πανσόφως
3539 3515 3566 3563 6
3594 3514 3784 3583 Σωτὴρ
3812 3516 3930 3577 τοῖς
3953 3516 4052 3583 μὲν

2477 3595 2716 3663 ῥήμασιν
2743 3600 3205 3666 ἐταπεινολογεῖτο
3233 3604 3327 3654 καὶ
3380 3605 3476 3675 τὴν
3501 3604 3600 3672 τῆς
3624 3606 3880 3674 θεότητος
3923 3623 4051 3657 συν-

2475 3684 2723 3737 έστελλεν
2752 3687 2943 3755 αὐγὴν,
2968 3692 3081 3751 τοῖς
3104 3690 3285 3759 ἔργοις
3313 3692 3368 3743 δὲ
3400 3695 3601 3761 ταύτην
3622 3697 3668 3727 ⁸³
3702 3697 4053 3765 παρεσκεύα-

2477 3774 2567 3838 ζεν
2609 3777 2966 3844 ἀστράπτειν,
3008 3780 3102 3831 καὶ
3142 3782 3210 3833 δι’
3241 3783 3422 3835 αὐτῶν
3474 3785 3751 3837 εύδόκειθδ
3782 3789 4048 3857 κηρύττε-

2479 3867 2601 3919 σθαι
2648 3868 2749 3936 τῆς
2803 3874 3307 3943 παντοκρατορικῆς
3358 3876 3639 3943 δυνάμεως
3690 3876 3812 3948 [Sil
3846 3880 3939 3951 H.]
3992 3883 4053 3931 τὸ

2487 3958 2720 4029 ἀξίωμα.
2753 3962 2845 4013 Διὸ
2871 3964 2963 4014 καὶ
2984 3964 3154 4030 ἔλεγε,
3200 3966 3275 4019 Τὰ
3297 3967 3533 4034 ῥήματα
3549 3970 3593 3999 ⁸⁵
3634 3969 3672 4021 ἀ
3708 3969 3824 4037 ἐγὼ
3861 3972 4049 4033 λαλῶ,

2485 4045 2587 4098 ἀπ’
2608 4047 2866 4115 ἐμαυτοῦ
2908 4054 2980 4105 οὐ
3029 4054 3215 4107 λαλῶ·
3251 4058 3284 4107 d
3321 4056 3388 4107 δὲ
3410 4057 3609 4125 Πατὴρ
3632 4061 3665 4111 d
3690 4060 3760 4111 ἐν
3786 4060 3918 4128 ἐμοὶ
3947 4063 4054 4130 μέ-

2487 4150 2609 4186 νων
2632 4136 2813 4202 αὐτὸς
2839 4139 2998 4191 ποιεῖ
3024 4142 3093 4193 τὰ
3131 4143 3295 4211 ἔργα.
3340 4146 3663 4200 Πιστεύετέ
3692 4165 3794 4215 μοι
3819 4150 3909 4201 ὅτι
3939 4152 4053 4219 ἐγὼ

2487 4225 2556 4277 ἐν
2576 4225 2656 4290 τῷ
2681 4230 2860 4295 Harp!
2901 4230 3021 4301 [621
3067 4232 3158 4304 ιι]
3189 4234 3287 4286 καὶ
3310 4238 3343 4287 ό
3366 4238 3567 4304 Πατὴρ
3593 4240 3664 4290 ἐν
3700 4241 3852 4306 ἐμοί.
3889 4245 3959 4297 Ei
3986 4242 4053 4294 δὲ

2477 4316 2584 4382 μὴ,
2617 4319 2716 4369 διὰ
2748 4320 2819 4371 τὰ
2847 4321 2991 4388 ἔργα
3036 4323 3189 4377 αὐτὰ
3239 4329 3551 4380 πιστεύετέ
3595 4347 3714 4397 μοι.
3749 4332 3847 4383 Διὰ
3877 4331 3973 4383 δύο
3999 4334 4054 4383 δὲ

2480 4405 2680 4469 ταύτας
2716 4409 2893 4473 αἰτίας
2920 4412 2979 4462 τὸ
3007 4416 3259 4467 ταπεινὸν
3290 4417 3399 4468 τῶν
3431 4419 3694 4487 ῥημάτων
3747 4423 4047 4490 ὑπήρχετο·

823 4499 1021 4553 vidiam
1062 4493 1449 4562 mitigandam;
1486 4490 1677 4543 deinde
1717 4502 1843 4541 vero
1886 4498 1943 4540 ut
1972 4489 2128 4541 nobis
2173 4502 2386 4557 quoque

2486 4498 2613 4564 μίαν
2644 4501 2762 4568 μὲν,
2796 4502 2885 4553 τὸν
2926 4504 3119 4569 φθόνον
3166 4507 3275 4558 τῶν
3334 4509 3601 4562 Ἰουδαίων
3648 4514 4053 4579 καταπραῦνων

824 4586 1144 4642 lnnirilitatis
1195 4582 1499 4649 exemplum
1550 4580 1774 4646 ipsomet
1828 4578 1970 4631 facto
2027 4580 2383 4647 exprimeret;

2485 4588 2903 4657 φλεγμαίνοντα⁶
2949 4593 3207 4663 δευτέραν
3253 4597 3331 4661 δὲ,
3381 4599 3475 4651 καὶ
3526 4602 3657 4669 ήμῖν
3687 4601 4056 4669 ὑπογραμμὸν

824 4680 985 4734 tertio
1017 4679 1202 4740 etiam,
1231 4674 1357 4743 quia
1396 4671 1679 4725 verborum
1711 4668 1959 4736 Splendor
2022 4685 2126 4721 non
2160 4671 2381 4724 omnino
2414 4684 2457 4738 ι)

2414 4684 2457 4738 Ῑ)
2485 4681 2986 4751 ταπεινοφροσύνης
3021 4685 3168 4754 ἔργῳ
3210 4687 3507 4739 διατυπῶν·
3539 4668 3632 4741 παὶ
3662 4668 3874 4760 τρίτην,
3906 4668 3991 4743 ὅτι
4022 4693 4052 4758 ἡ

823 4773 1062 4827 actiones
1099 4766 1261 4822 simul
1305 4763 1543 4818 emicare
1577 4758 1725 4823 facit,
1759 4774 1883 4812 cum
1928 4770 2103 4812 tamen
2132 4770 2380 4816 naturam

2488 4766 2595 4818 τῶν
2637 4770 2897 4837 ῥημάτων
2948 4774 3268 4844 λαμπρότης
3316 4778 3376 4829 οὑ
3418 4778 3636 4842 πάντως
3682 4783 3831 4832 ποιεῖ
3871 4781 4055 4845 συνεξ-

2124 4974 2361 5031 νΑίιιΑε
2397 4976 2797 5034 LECTIONES.

892 5079 935 5109 7°
967 5079 1024 5129 οὑ
1060 5076 1238 5146 μόνον)
1264 5075 1505 5148 alteram
1550 5082 1892 5148 negationem
1938 5073 2084 5127 addit
2122 5072 2403 5148 Schottus.
2478 5071 2524 5102 ”
2555 5073 2756 5148 ἐπέστη
2792 5074 2880 5148 AC
2916 5076 3278 5148 :‘énefarnaav
3316 5094 3375 5141 ς’.
3557 5089 3676 5146 post
3728 5078 4057 5148 ἐχηρύττετο

827 5151 939 5201 haec
969 5142 1112 5200 addit
1141 5142 1228 5215 mg
1248 5143 1356 5216 AC.
1425 5159 1437 5195 :
1479 5144 1571 5216 καὶ
1600 5142 2045 5216 ῖναῗμὴγλέγοιεν,
2095 5143 2142 5216 εί
2192 5142 2494 5216 άνέ-μεινεν.
2542 5143 2671 5216 αὐτὸ
2718 5144 2782 5195 ἂν
2814 5144 3070 5216 ἐαυτὸίτδ
3093 5145 3450 5216 ,ἀνθρώπινον
3498 5142 3846 5210 ἀνεσώσατο,
3870 5152 3963 5201 καὶ
3991 5146 4055 5216 ἦν

824 5220 889 5271 ἂν
934 5219 966 5284 ἡ
1002 5210 1405 5287 ἀνυπέρϐλητος
1433 5214 1591 5287 χάρις
1611 5210 1729 5287 *τοῖς
1776 5210 2089 5287 άγνώμοσιν
2122 5210 2567 5287 ὑπερϐαλλούσης
2585 5214 2929 5287 μάκαριστίας
2974 5210 3249 5287 ὑπόθεσις.
3294 5219 3404 5269 Καὶ
3433 5218 3487 5287 εί
3513 5218 3634 5270 κατ’
3662 5218 3858 5287 ἀρχάς,
3898 5210 4053 5270 οὐδέν

826 5280 1030 5339 ἐκώλυε
1081 5280 1339 5357 textam:
1369 5280 1443 5357 Α)
1466 5286 1575 5357 τοῖς
1597 5283 1717 5357 ἀντὶ
1743 5284 1841 5357 τῆς
1874 5280 2228 5357 σωτηλρίαςιτὸ
2255 5280 2555 5357 φιλόνειξον
2578 5283 2802 5357 ζητοῦσι
2834 5284 3002 5357 πάλιν
3028 5284 3305 5354 διαπορεῖν
3326 5287 3415 5357 διὰ
3439 5286 3491 5339 τί
3518 5289 3592 5357 μὴ
3627 5280 3771 5339 κατᾶ
3794 5280 3855 5339 τό
3877 5288 4049 5350 τέλος,

822 5358 955 5410 ἀλλὰ
982 5358 1099 5408 κατ’
1128 5356 1321 5428 ἀρχὰς,
1344 5354 1436 5405 καὶ
1476 5352 1564 5428 διὰ
1596 5353 1657 5428 ’τί
1708 5353 1779 5422 μὴ
1812 5352 1950 5404 κατὰ
1983 5350 2282 5428 τὸᾳμέσον,
2317 5350 2432 5428 ἀλλ’
2480 5351 2725 5428 eadem
2748 5350 3213 5428 _é3apxtb0q,_xal
3242 5356 3359 5428 κατ’
3398 5350 3644 5428 ἀλλήλων
3684 5359 3920 5428 τρέπειν
3956 5358 4050 5416 τὰς

822 5408 1051 5495 απορίας
1078 5408 1331 5491 άπὸ”τῆς
1381 5422 1518 5475 κατὰ
1561 5421 1653 5497 τρν
1684 5408 1869 5491 ίρόνον
1892 5408 2131 5497 τριττῆς
2167 5420 2450 5497 διαφῼρᾷς-
2526 5420 2568 5451 ⁸³
2604 5408 2766 5497 tigrin]
2818 5408 3001 5479 tn‘alim
3038 5408 3233 5488 ὀὗτος.
3309 5427 3356 5459 ⁸³
3388 5408 3591 5497 ταύτης
3629 5444 3693 5492 ς.
3722 5408 3735 5428 ’
3766 5425 3812 5458 ⁸⁵
3840 5426 4047 5480 εύδόκει

825 5488 1187 5565 apographum
1223 5488 1478 5562 Stephani
1505 5511 1518 5547 :
1552 5488 1731 5545 ἐδόκει
1754 5511 1812 5556 ς.
1890 5488 1953 5524 ⁸⁸“
1975 5492 2043 5543 τὰ
2075 5488 2319 5561 ῥήματα]
2352 5488 2505 5543 Joan.
2536 5507 2645 5557 τιν,
2678 5488 2763 5546 102

2355 5600 2589 5659 NOTAE.

895 5706 1006 5771 (53)
1042 5703 1164 5758 lla‘c
1192 5706 1343 5756 uncis
1372 5702 1573 5755 inclusa
1604 5702 1768 5756 verba
1795 5700 1847 5754 in
1876 5700 2081 5755 duobus
2111 5698 2370 5753 duntaxat
2401 5710 2531 5752 mss.
2572 5699 2904 5770 legebantur.

897 5780 1006 5844 (ἀΰ)
1041 5775 1192 5843 Vulg.
1230 5771 1346 5825 Non
1377 5774 1626 5825 creditis?
