4196 6442
157 408 264 473 785

1227 417 1749 479 BIBLIOTIIECA.
1772 437 1843 449 --
1876 415 2039 479 COD.
2078 419 2353 480 CCXXII.

3291 425 3396 490 786

158 519 495 590 αττράπτειν
526 522 618 574 καὶ
646 523 713 575 τά
741 524 1056 594 πράγματα,
1090 528 1121 596 ἠ
1144 526 1199 579 δὲ
1229 527 1335 579 τῶν
1362 527 1536 595 ἔργων
1561 527 1729 594 ὑπερ·
1759 525 1806 581 Α

1759 525 2206 582 Aexcedentium
2255 540 2308 583 et
2345 530 2647 585 divmorum
2700 547 2919 600 operum
2976 536 3223 601 patratio,
3274 554 3390 594 ver-

162 612 304 679 φυὴς
349 612 446 664 καὶ
498 612 805 683 θεοπρεπὴς
852 615 1107 680 ἐπίδειξις
1160 617 1251 669 καὶ
1300 617 1406 669 τῶν
1472 616 1729 685 ῥημάτων

164 702 464 771 συνανυψοί
492 705 591 773 τὴν
616 705 912 758 εὐτέλειαν.

250 793 516 847 Ἐνταῦθα
548 795 604 847 δὲ
636 796 731 848 καὶ
767 797 930 866 ῥητοῦ
958 815 1101 861 τινος
1146 796 1502 864 εύαγγελικοῦ
1525 797 1573 829 ⁸⁸
1606 799 1732 849 ἁνα-

162 882 398 936 πτύσσει
428 884 669 938 διάνοιαν
691 888 787 939 τοῦ
815 888 1082 956 λέγοντος,
1120 888 1180 941 Τί
1194 889 1240 920 ⁸⁷
1266 888 1437 941 ἐστιν
1464 888 1729 940 εὐκοπώ-

162 988 340 1038 tepor
368 972 578 1039 εἰπεῖν,
612 974 922 1041 Ἀφέωνταί
941 990 1056 1029 σου
1080 978 1138 1028 αἱ
1160 976 1454 1044 ἁμαρτίαι,
1483 977 1522 1045 ἢ
1544 980 1734 1046 Ἔγει-

157 1080 258 1129 pm
280 1063 331 1094 ⁸⁸
380 1064 477 1115 καὶ
523 1064 862 1131 περιπάτει;
905 1066 1291 1136 Εὐκοπώτερον
1311 1067 1369 1120 δέ
1394 1084 1559 1137 φησιν
1594 1065 1733 1121 εἶναι

164 1156 225 1207 τὸ
255 1172 500 1224 πρωτον,
546 1158 627 1208 ὅτι
656 1157 716 1208 τδ
766 1158 864 1227 μὲν
894 1158 1191 1226 ἀφέωνται
1223 1160 1323 1213 οὑκ
1357 1161 1471 1230 ἔχει
1500 1162 1597 1230 τὴν
1627 1162 1733 1214 τῶν

166 1247 431 1315 ῥημάτων
462 1248 742 1319 προφορὰν
769 1250 846 1311 ὼς
879 1248 937 1313 ἐξ
966 1250 1098 1311 ιδίας
1121 1249 1362 1313 ἐξουσίας
1392 1250 1736 1320 προφερομέ-

161 1356 261 1406 νην
296 1342 391 1392 καὶ
439 1341 857 1409 προστάγματος
900 1340 1071 1409 (οὐδὲν
1104 1342 1212 1410 γὰρ
1257 1341 1455 1394 κωλύει
1503 1342 1595 1393 καὶ
1644 1342 1735 1394 τὸν

165 1432 243 1499 μὴ
281 1433 414 1484 ὄντα
447 1436 545 1502 τῆς
593 1434 839 1499 ἀφέσεως
872 1432 1075 1502 Κύριον
1121 1433 1576 1498 εὐαγγελίσασθαι
1606 1433 1737 1485 ταύ-

159 1524 306 1588 την),
362 1525 422 1574 τὸ
478 1523 553 1585 δὲ,
590 1524 848 1589 Ἐγειραι
900 1524 997 1575 καὶ
1050 1522 1357 1590 περιπάτει
1404 1526 1737 1593 Δεσποτικῆς

160 1611 285 1663 ὅλον
321 1613 671 1681 προστάξεως
727 1615 980 1683 ἢρτηται,
1017 1614 1189 1676 ἄλλως
1220 1631 1278 1666 τε
1315 1616 1370 1667 δὲ
1404 1615 1494 1667 καὶ
1542 1616 1624 1668 ὅτι
1672 1614 1734 1667 τὸ

166 1706 425 1771 Ἐγειραι
458 1705 557 1757 καὶ
593 1704 918 1771 περιπάτει,
964 1705 1283 1772 ἀδιάϐλητον
1338 1706 1503 1775 φέρον
1556 1706 1737 1776 ἔργοις

159 1796 260 1863 τὴν
290 1794 697 1859 αὑθεντείαν⁸⁹,
724 1796 816 1848 καὶ
847 1797 945 1864 τὴν
987 1798 1180 1861 ἄφεσιν
1221 1797 1629 1864 συμπεριεῖχεν.
1678 1795 1736 1849 '0

164 1887 274 1955 γὰρ
314 1887 439 1949 δοὺς
482 1887 582 1955 τὴν
621 1887 779 1955 χάριν
825 1886 919 1938 τοῦ
958 1886 1194 1954 βαδίζειν
1219 1885 1462 1953 δηλονότι
1489 1887 1583 1938 καὶ
1607 1885 1734 1947 τῶν,

161 1978 308 2047 ὑπὲρ
360 1971 436 2029 ὧν
483 1977 762 2044 κατείχετο
791 1978 854 2046 τῇ
898 1977 1062 2045 νόσῳ,
1105 1976 1601 2046 πλημμελημάτων
1636 1977 1735 2046 τὴν

159 2070 360 2136 ἄφεσιν
415 2068 792 2122 συναπεδίδου.
842 2069 1108 2120 Δεσπότου
1139 2070 1195 2121 δὲ
1226 2068 1605 2137 φιλανθρώπου
1645 2069 1739 2121 καὶ

158 2160 257 2227 τὴν
294 2161 539 2228 μάστιγα
567 2162 677 2220 τοῖς
707 2160 1109 2227 ἁμαρτάνουσιν
1158 2160 1468 2225 ἐπαφεῖναι,
1505 2160 1599 2211 καὶ
1639 2159 1738 2227 τῆς

159 2253 383 2320 πληγῆς
432 2253 567 2318 μετὰ
597 2251 690 2304 τοῦ
735 2252 1073 2319 πταίσματος
1112 2250 1203 2303 τὸν
1243 2251 1521 2320 πληγέντα
1563 2251 1738 2304 ἁπαλ-

157 2346 348 2408 λάξαι.
385 2344 555 2405 Εἰδὼς
590 2344 643 2395 δὲ
675 2345 735 2395 τὸ
766 2345 924 2412 ἔργον
952 2343 1045 2395 καὶ
1072 2343 1171 2413 τὴν
1202 2344 1395 2409 άφεσιν
1421 2344 1531 2394 τῶν
1554 2346 1738 2413 ἡμαρ-

158 2437 421 2504 τημένων
450 2433 809 2500 πιστούμενον
835 2433 931 2485 καὶ
953 2432 1050 2501 τὴν
1090 2433 1407 2485 δεσποτείαν
1434 2433 1526 2485 τοῦ
1558 2434 1742 2501 άφιέν-

158 2545 249 2590 τος
290 2526 758 2594 ἐπιδεικνύμενον,
802 2525 995 2592 ἐπάγει
1016 2525 1084 2556 °°'
1142 2525 1265 2578 Ἵνα
1316 2524 1384 2577 δὲ
1431 2524 1625 2592 εἰδῆτε
1654 2524 1740 2577 ὅτι

160 2620 461 2679 ἐξουσίαν
510 2618 635 2685 ἔχει
686 2603 718 2669 ό
767 2618 898 2682 Υἱός
930 2618 1035 2671 τοῦ
1069 2618 1403 2685 ἀνθρώπου,
1441 2621 1533 2670 καὶ
1590 2618 1737 2687 ἑξῆς.

174 2711 505 2775 Ἀναγκαῖον
550 2708 607 2760 δὲ
661 2704 729 2778 ἦν
776 2709 837 2759 τὸ
878 2707 1290 2770 ἐπισκιάζεσθαι
1328 2708 1390 2759 τὸ
1444 2710 1742 2777 μυστήριον

163 2803 260 2867 τῆς
298 2799 396 2849 τοῦ
435 2800 605 2866 Λόγου
663 2798 992 2868 σαρκώσεως
1021 2800 1110 2852 διά
1150 2816 1208 2851 τε
1239 2799 1299 2852 τὸ
1349 2800 1600 2865 γενέσθαι
1631 2803 1744 2862 τοῖς

164 2890 537 2957 ἀκροωμένοις
569 2889 992 2955 εὐπαράδεκτον,
1021 2889 1115 2941 καί
1141 2888 1234 2941 ἵνα
1253 2888 1452 2959 λάθῃ⁹¹
1486 2890 1578 2941 τοῦ
1613 2890 1741 2941 σκό-

164 2996 288 3039 τους
342 2980 435 3030 τὸν
484 2980 739 3048 ἄρχοντα.
774 2981 911 3046 Φησὶ
952 2978 1062 3049 γὰρ
1103 2982 1132 3033 ό
1180 2979 1440 3049 θεοφόρος
1475 2981 1741 3048 Ἰγνάτιος

165 3070 295 3134 τρία
346 3069 530 3120 λαθεῖν
570 3068 660 3119 τὸν
713 3068 947 3137 ἄρχοντα
997 3069 1094 3121 τοῦ
1148 3068 1343 3131 αἰῶνος
1381 3068 1595 3132 τούτου,
1644 3068 1741 3138 τὴν

1832 618 2020 671 borum
2052 634 2157 671 una
2190 633 2373 673 secum
2408 619 2764 675 lmmilitatem
2797 622 3038 678 extollat.

1903 797 2067 851 Porro
2082 796 2184 851 hoc
2209 795 2331 851 loco
2358 796 2485 851 dicti
2515 795 2796 866 cujusdam
2831 799 3127 865 evangelici
3155 815 3391 864 sensum,

1832 889 2051 957 exponit
2077 906 2092 942 :
2122 888 2261 953 Quid
2313 898 2386 942 est
2417 889 2631 957 {acilius
2655 891 2826 943 dicere
2851 907 2871 945 :
2903 891 3255 945 Dimittuntur
3306 897 3397 947 tibi

1831 992 2039 1049 peccata
2077 992 2187 1043 tua,
2229 997 2296 1032 an
2323 982 2525 1033 dicere:
2552 979 2717 1051 Surge
2737 989 2783 1033 et
2815 980 3032 1034 ambula
3058 983 3126 1034 tt?
3167 983 3397 1039 Facilius

1834 1084 2011 1125 autem
2042 1072 2273 1139 primum
2310 1084 2430 1123 esse
2448 1070 2598 1134 dicit,
2626 1071 2883 1139 quoniam
2916 1071 3068 1137 illud,
3098 1072 3389 1126 Dimittun-

1836 1175 1940 1227 tur,
1992 1177 2098 1216 non
2152 1177 2270 1215 eam
2323 1162 2487 1215 habet
2532 1164 2825 1215 verborum
2876 1163 3393 1232 pronuntiationem,

1834 1255 1988 1324 quasi
2034 1270 2101 1309 ex
2171 1254 2385 1325 propria
2427 1253 2754 1308 auctoritate
2800 1257 3129 1325 proprioque
3171 1256 3398 1325 imperio

1838 1347 2187 1413 proferretur.
2227 1345 2371 1398 Nihil
2415 1346 2560 1399 enim
2593 1346 2840 1415 prohibet
2867 1346 2935 1399 ab
2965 1346 3057 1400 illo
3086 1347 3275 1411 etiam,
3308 1350 3397 1417 qui

1837 1436 1953 1501 eius
1986 1450 2322 1503 nequaquam
2355 1435 2427 1488 sit
2457 1434 2735 1499 dominus,
2775 1436 3148 1491 remissionem
3179 1453 3395 1490 annun-

1841 1528 1985 1581 tiari.
2021 1527 2089 1579 At
2116 1544 2129 1579 :
2166 1524 2332 1595 Surge
2361 1536 2409 1577 et
2433 1525 2671 1591 ambula,
2698 1537 2869 1580 totum
2903 1541 2933 1579 a
2960 1525 3242 1580 Dominico
3272 1542 3402 1593 pen-

1837 1619 1927 1673 det
1959 1617 2203 1687 imperio.
2229 1616 2538 1670 Praesertim
2575 1632 2698 1669 cum
2740 1616 2895 1686 |illud
2940 1616 3131 1687 195b
3168 1615 3331 1687 Surge
3355 1627 3403 1670 et

1838 1709 2083 1771 ambula,
2140 1704 2671 1774 irreprehensibilem
2726 1706 2885 1760 rebus
2944 1706 3077 1772 ipsis
3133 1705 3406 1759 aﬂeremlo

1840 1798 2240 1858 auctoritatem,
2275 1798 2446 1864 ipsam
2489 1809 2710 1864 quoque
2752 1796 3135 1849 remissionem
3167 1794 3402 1863 comple-

1842 1900 2097 1944 cteretur.
2144 1888 2247 1955 Qui
2294 1889 2437 1941 enim
2492 1888 2800 1942 ambulandi
2853 1888 3083 1955 gratiam
3134 1886 3400 1949 donabat,

1841 1983 1979 2036 idem
2007 1981 2261 2034 nimirum
2286 1988 2631 2049 peccatorum
2656 1979 2841 2041 etiam,
2865 1979 2935 2031 ob
2952 1993 3071 2047 qure
3103 1976 3290 2032 morbo
3314 1976 3404 2030 ille

1842 2073 2163 2135 tenebatur,
2217 2071 2594 2125 remissionem
2662 2069 2976 2123 conferebat
3028 2086 3040 2121 :
3087 2067 3404 2137 perhumani

1839 2163 1979 2214 enim
2015 2162 2224 2215 Domini
2252 2172 2355 2223 est,
2386 2172 2439 2215 et
2459 2160 2724 2229 ﬂagellum
2752 2160 3131 2228 peccatoribus
3170 2158 3397 2217 inferre.

1840 2268 1892 2310 et
1920 2254 2242 2325 ﬂagellatum
2282 2264 2390 2307 tam
2436 2268 2463 2304 a
2495 2253 2675 2322 plaga,
2709 2266 2870 2318 quam
2906 2250 2973 2303 ab
3004 2251 3239 2319 ipsomet
3274 2263 3406 2316 pec-

1840 2359 1961 2402 cato
1990 2348 2242 2401 liberare.
2271 2344 2461 2398 Sciens
2491 2355 2673 2398 autem
2707 2359 2842 2412 opus
2870 2346 2969 2396 hoc
2997 2357 3103 2395 non
3134 2340 3409 2395 remissio-

1842 2455 1962 2493 nem
1993 2445 2201 2490 tantum
2236 2436 2552 2489 delictorum
2582 2435 3027 2488 conﬁrmaturum
3054 2472 3073 2499 ,
3116 2433 3209 2485 sed
3258 2439 3405 2500 pote-

1841 2542 2033 2585 statem
2081 2542 2298 2596 quoque
2338 2527 2656 2579 tlimittentis
2678 2535 3055 2585 ostensurum,
3107 2524 3255 2577 addit
3288 2542 3301 2576 :
3337 2521 3406 2576 Ut

1842 2632 2017 2675 autem
2050 2622 2253 2682 sciatis,
2284 2619 2410 2687 quia
2456 2617 2630 2673 Filius
2670 2619 2892 2669 hominis
2918 2619 3072 2669 habet
3100 2624 3405 2679 potestatem

1842 2715 1895 2765 in
1921 2723 2061 2765 terra
2100 2712 2392 2765 dimittendi
2438 2719 2671 2777 peccata,
2713 2717 2819 2762 etc.
2865 2708 3134 2762 Caeterum
3188 2720 3409 2760 necesse

1841 2812 1959 2858 erat
2005 2802 2397 2857 incarnationis
2425 2801 2714 2854 Dominica:
2756 2799 3077 2870 mysterium
3114 2797 3264 2852 velut
3292 2812 3410 2849 um-

1842 2901 1935 2952 bra
1977 2899 2120 2968 tegi,
2163 2912 2285 2951 cum
2327 2906 2385 2949 ut
2414 2897 2482 2947 ab
2517 2895 2865 2949 audientibus
2894 2893 3143 2962 cupidius
3182 2892 3411 2960 accipe-

1845 3000 2015 3049 retur,
2050 3000 2159 3043 tum
2212 2999 2269 3041 ut
2326 2988 2375 3039 id
2424 2988 2771 3039 tenebrarum
2816 2986 3068 3054 princeps
3113 2986 3405 3053 ignoraret.

1842 3079 1977 3134 Nam
2005 3082 2107 3134 tria
2145 3080 2356 3133 divinus
2386 3077 2624 3141 lgnatius
2646 3084 2668 3113 ι’
2713 3076 2893 3129 δεξιουιί
2926 3076 3086 3145 hujus
3114 3074 3407 3142 principem

168 3160 478 3229 Παρθενίαν
526 3160 765 3223 Μαρίας,
794 3160 894 3228 τὴν
936 3160 1209 3228 Σύλληψιν
1236 3161 1331 3212 τοῦ
1373 3160 1606 3229 Κυρίου,
1649 3161 1741 3211 καὶ
1769 3191 1813 3250 C

1769 3191 1813 3250 (ς
1846 3171 2068 3225 latuisse
2094 3179 2500 3232 connnemorat,
2532 3166 2910 3231 Virginitatem
2943 3167 3151 3226 Mariae,
3202 3166 3408 3220 Conce-

164 3251 264 3316 τὴν
318 3247 656 3315 Στιύρωσιν.
703 3250 867 3313 Λέγει
914 3249 971 3300 δὲ
1027 3250 1121 3301 καὶ
1154 3248 1493 3310 όθεσπέσιος
1533 3248 1741 3305 Παῦλος

165 3340 295 3405 περὶ
329 3338 441 3389 τῶν
490 3339 765 3406 ἀρχόντων
793 3338 887 3390 τοῦ
920 3340 1117 3400 αἰῶνος
1141 3340 1355 3401 τούτου,
1380 3339 1454 3402 ὡς
1476 3342 1520 3391 Ε
1527 3342 1545 3392 ὶ
1567 3341 1611 3371 ⁸³
1645 3340 1744 3407 ἐτ-

163 3444 396 3491 ιέωσιιν,
444 3430 555 3481 οὐκ
599 3427 678 3483 ἂν
713 3429 822 3482 τόν
865 3431 1082 3497 Κύριον
1102 3429 1211 3497 τῆς
1235 3430 1419 3498 δόξης
1447 3431 1743 3500 ἐσταύρω-

164 3536 312 3573 σαν.

234 3611 429 3664 Ταῦτα
459 3611 628 3665 εἰπὼν
658 3613 912 3683 ἐπιφέρει
946 3614 1021 3675 ὡς
1053 3615 1086 3683 ή
1128 3614 1226 3683 μὲν
1252 3612 1420 3675 άϊδιος
1453 3614 1549 3666 καὶ
1571 3615 1742 3682 ὑπερ-

164 3706 357 3773 άρχιος
385 3705 556 3773 Τριὰς
604 3704 689 3756 ἀεί
738 3705 853 3756 ἐστι
900 3706 992 3756 καὶ
1026 3704 1287 3766 ὡσαύτως
1325 3705 1518 3773 Τριάς,
1556 3705 1744 3774 Πατὴρ

167 3797 295 3857 Υἱὸς
330 3797 425 3848 καὶ
462 3794 690 3865 Πνεῦμα
736 3796 913 3862 ἅγιον,
946 3795 1062 3848 ἀλλ’
1094 3796 1235 3863 ὑπὲρ
1264 3796 1291 3848 ὃ
1320 3795 1549 3865 νοοῦμεν
1590 3796 1744 3866 ἢλα-

163 3888 391 3957 λοῦμεν.
450 3888 567 3940 Πᾶν
616 3888 723 3957 γάρ
756 3887 784 3939 ὃ
812 3888 1045 3955 λέγομεν
1096 3888 1225 3957 περὶ
1252 3887 1390 3940 Θεοῦ
1426 3888 1459 3958 ἢ
1490 3887 1741 3957 νοοῦμεν,

163 3984 228 4034 ὲκ
260 3982 373 4033 τῶν
418 3980 541 4031 καθ’
574 3981 723 4048 ἡμᾶς
756 3980 1100 4051 πραγμάτων
1148 3996 1208 4030 τε
1243 3978 1336 4031 καὶ
1377 3980 1636 4048 ῥημάτων
1678 3980 1745 4029 τὰ

164 4074 300 4143 περὶ
329 4073 503 4139 αὐτῆς
525 4072 571 4104 ’⁸
601 4071 879 4139 ἀναλόγως
918 4073 1013 4125 καὶ
1062 4072 1295 4141 λέγομεν
1342 4074 1437 4124 καὶ
1497 4071 1742 4139 νοοῦμεν.

178 4165 447 4232 ’ἰσότιμος
475 4164 531 4215 δὲ
582 4165 675 4215 καὶ
709 4163 987 4232 ίσοσθενὴς
1014 4165 1047 4231 ἡ
1076 4163 1318 4229 παναγὶα
1346 4161 1536 4232 Τριὰς,
1569 4162 1748 4217 πάντα

164 4252 304 4321 πρὸς
334 4251 437 4321 τὴν
464 4252 740 4321 ἡμετέραν
768 4252 1044 4322 σωτηρίαν
1106 4250 1486 4320 οἰκονομοῦσα,
1522 4252 1616 4303 καὶ
1648 4252 1748 4304 ὅσα

163 4345 441 4411 θεολογεῖν
473 4344 649 4413 αὐτὴν
676 4343 1063 4413 δυναμούμεθα
1082 4343 1154 4408 ’⁵,
1186 4344 1324 4411 αὑτὴ
1350 4344 1521 4397 ταῦτα
1557 4343 1748 4412 φιλαν-

163 4436 406 4503 θρώπως
430 4436 561 4502 ἡμῖν
589 4434 920 4505 χαριζομένη
966 4434 1129 4487 πάλιν
1174 4435 1477 4505 προσίεται.
1509 4435 1599 4488 Διὸ
1626 4436 1747 4489 κατ’

1845 3264 2081 3330 ptionem
2115 3262 2350 3323 Domini,
2396 3272 2450 3313 ct
2474 3260 2634 3313 Cruci
2674 3258 2975 3313 aﬂixionem
3005 3257 3229 3311 Christi.
3262 3254 3414 3309 Afﬁr-

1846 3365 1959 3408 mat
2015 3354 2212 3423 quippe
2250 3352 2409 3406 divus
2460 3348 2664 3403 Paulus
2710 3349 2780 3403 de
2831 3348 3174 3417 principibus
3225 3345 3407 3402 saeculi

1851 3444 2012 3513 hujus
2044 3461 2056 3496 :
2093 3441 2153 3496 Si
2183 3442 2564 3508 cognovissent,
2597 3454 2863 3505 nunquam
2906 3437 3187 3490 Dominum
3225 3436 3407 3507 glorite

1844 3531 2221 3596 cruciﬁxissent
2257 3538 2304 3583 ³.

1915 3617 2004 3673 52.
2032 3616 2156 3671 Haec
2178 3616 2265 3670 ubi
2289 3616 2441 3680 dixit,
2467 3615 2626 3669 infert
2651 3615 3033 3683 sempiternam
3060 3629 3123 3667 ac
3139 3629 3403 3669 summam

1846 3709 2170 3762 Trinitatem
2218 3722 2432 3777 semper
2475 3721 2619 3769 esse,
2663 3718 2718 3761 et
2770 3707 3021 3762 similiter
3061 3705 3404 3768 Trinitatem.

1845 3800 2063 3854 Patrem
2100 3800 2381 3862 nimirum,
2411 3807 2467 3852 et
2496 3797 2716 3865 Filium,
2755 3808 2810 3852 et
2843 3798 3104 3867 Spiritum
3135 3806 3403 3860 sanctum,

1845 3892 1938 3944 sed
1966 3904 2130 3957 supra
2158 3902 2341 3953 omne,
2361 3886 2503 3955 quod
2530 3896 2625 3940 aut
2649 3887 2971 3956 cogitamus,
2999 3895 3094 3940 aut
3115 3886 3401 3954 loquimur.

1846 3981 2293 4048 Quandocuuque
2322 3977 2469 4031 enim
2521 3976 2587 4031 de
2619 3976 2727 4032 Deo
2755 3977 3032 4046 loquimur
3063 3988 3154 4030 ant
3197 3977 3404 4045 cogita-

1846 4088 1986 4134 mus,
2016 4086 2082 4124 ex
2129 4070 2331 4123 nostris
2360 4069 2543 4122 verbis
2577 4083 2640 4122 ac
2686 4069 2845 4122 rebus
2871 4082 2934 4121 ea
2975 4083 3099 4137 qua:
3140 4068 3204 4121 ad
3236 4068 3403 4133 ipsam

1847 4161 2099 4215 Triadcm
2136 4166 2403 4228 spectant,
2435 4156 2778 4225 proportione
2804 4155 3031 4225 quadam
3058 4198 3073 4221 ,
3096 4165 3148 4209 et
3178 4156 3404 4210 dicimus

1845 4262 1901 4307 et
1927 4253 2250 4323 cogitamus.
2292 4248 2655 4303 Sanctissima
2690 4248 2889 4302 etenim
2938 4245 3196 4313 Trinitas,
3227 4246 3404 4314 digni—

1848 4355 1959 4399 tate
2000 4360 2063 4398 ac
2109 4343 2347 4412 potentia
2395 4341 2640 4409 aequalis,
2687 4340 2867 4394 omnia
2903 4354 3022 4408 quae
3067 4340 3132 4391 ad
3169 4347 3406 4392 nostram

1848 4432 2076 4486 salutem
2108 4428 2314 4483 faciunt
2344 4427 2565 4497 provide
2593 4436 2812 4496 operata
2840 4436 2923 4481 est
2950 4444 2964 4480 :
2997 4440 3224 4494 quaeque
3256 4427 3409 4479 theo-

161 4525 340 4592 ἁρχὰς
396 4524 516 4592 μὲν,
566 4524 641 4585 ὼς
692 4524 927 4593 εἴρηται,
965 4524 1053 4577 διά
1104 4524 1166 4577 τὸ
1216 4524 1475 4577 πολύθεον
1534 4526 1568 4594 ή
1621 4525 1741 4578 θεία
1774 4520 1815 4574 D

1774 4520 1815 4574 D
1845 4524 2016 4593 logice
2057 4521 2123 4574 de
2172 4520 2283 4587 ipsa
2334 4517 2601 4587 speculari
2633 4518 2920 4585 possimus,
2952 4518 3066 4571 haac
3110 4517 3198 4570 illa
3229 4518 3403 4579 nobis,

164 4615 359 4682 Γραφὴ
412 4612 942 4679 συγκαταϐαίνουσα,
968 4614 1069 4681 οὐχ
1087 4611 1162 4674 ὡς
1186 4611 1299 4681 ἔχει
1334 4611 1547 4679 φύσεως
1579 4613 1612 4683 ἢ
1648 4614 1743 4666 τά-

166 4721 307 4765 σεως
334 4705 366 4772 ἡ
398 4703 591 4771 Τριὰς,
629 4703 745 4756 ἀλλ’
783 4704 859 4765 ὡς
894 4706 1023 4772 ἡμῖν
1052 4702 1183 4773 [3‘22
1210 4701 1303 4772 H.]
1334 4702 1743 4773 εὑπαράδεκτον

164 4793 567 4863 παραδιδοῦσα,
610 4795 701 4847 τὸν
773 4795 992 4862 Πατέρα
1043 4794 1308 4863 λαμπρῶς
1358 4793 1745 4861 καταγγέλλει,

164 4880 289 4936 εἶτα
318 4883 410 4936 τὸν
452 4883 578 4936 Υιὺν
628 4884 769 4936 κατὰ
814 4886 904 4935 τὸν
937 4882 1189 4952 δεύτερον
1223 4884 1465 4951 σεισμὸν,
1500 4886 1556 4937 ὲν
1585 4876 1629 4950 ᾧ
1655 4884 1749 4936 καί⁸

163 4974 266 5041 τὴν
298 4972 505 5038 γνῶσιν
530 4972 625 5024 τοῦ
678 4972 993 5039 Πνεύματος
1019 4971 1653 5042 συμπαραλαμϐάνομεν,
1680 4973 1743 5025 ού

168 5066 277 5132 μὴν
320 5064 422 5134 τήν
446 5080 512 5130 γε
539 5065 748 5117 τελείαν
766 5081 779 5094 °
808 5063 945 5133 αὕτη
973 5063 1082 5133 γὰρ
1116 5066 1173 5116 ὲν
1200 5064 1275 5133 τῷ
1308 5063 1553 5132 μέλλοντι
1586 5064 1743 5116 αἰῶνι

164 5156 262 5207 καὶ
296 5154 377 5224 τῷ
415 5156 711 5226 τελευταίῳ
751 5156 958 5226 σεισμῷ
992 5156 1377 5226 παραγίνεται,
1426 5155 1523 5224 τῆς
1571 5157 1742 5226 Τριά-

162 5250 250 5309 Co;
301 5248 432 5318 ὅλης
479 5250 803 5319 τρανότερον
852 5251 980 5318 ἡμῖν
1014 5248 1143 5319 [624
1180 5246 1269 5319 IL]
1301 5247 1742 5317 ἐμφανιζομένης

162 5354 221 5389 τε
250 5340 349 5391 καὶ
383 5339 927 5409 άνακαλυπτομένης.
966 5341 1028 5392 Ei
1057 5340 1162 5409 γὰρ
1196 5341 1290 5391 καὶ
1333 5338 1428 5392 τοῦ
1486 5339 1741 5409 Πνεύμα-

234 5501 263 5541 ει
301 5490 490 5545 Matth.
528 5510 603 5555 Ix,
635 5494 689 5547 5.
782 5505 805 5533 ⁷
833 5496 994 5565 Epist.
1026 5496 1079 5549 3.
1150 5506 1170 5533 ⁸
1203 5496 1366 5549 ICor.
1405 5511 1465 5559 tt,
1505 5496 1556 5548 8.

1841 4613 2073 4680 benigne
2105 4608 2444 4679 gratiﬁcans,
2480 4608 2773 4663 identidem
2830 4608 3081 4663 admittit.
3120 4606 3406 4675 Propterea

1840 4704 2058 4773 quidem
2092 4716 2122 4754 a
2155 4700 2449 4770 principio,
2479 4708 2540 4753 ut
2561 4700 2795 4754 diximus
2826 4700 2918 4769 (ob
2947 4701 3169 4754 deorum
3199 4700 3407 4755 scilicet

1842 4789 2267 4859 multitudinem)
2324 4804 2480 4843 sacra
2538 4787 2820 4858 Scriptura
2876 4790 3031 4844 nobis
3079 4790 3410 4844 condescen-

1847 4886 2005 4947 dens,
2038 4898 2145 4937 non
2176 4891 2235 4935 ut
2261 4892 2453 4935 natura
2482 4892 2575 4935 aut
2596 4883 2831 4951 dignitas
2848 4883 3131 4936 Trinitatis
3157 4883 3408 4945 sehabet,

1847 4977 1940 5030 sed
1972 4986 2241 5045 quatenus
2281 4990 2309 5027 a
2348 4975 2504 5029 nobis
2534 4974 2749 5029 facilius
2774 4976 2894 5044 capi
2927 4986 3105 5045 potest
3136 4990 3256 5029 eam
3290 4984 3405 5027 tra-

1847 5068 2046 5130 dendo,
2102 5067 2385 5134 perspicue
2415 5066 2629 5120 Patrem
2666 5066 2889 5121 indicat.
2926 5066 2985 5120 In
3030 5066 3199 5120 altero
3220 5066 3411 5120 deinde

1846 5166 2158 5211 terraetnotu
2185 5157 2397 5216 Filium.
2429 5158 2484 5210 in
2529 5172 2636 5224 quo
2665 5167 2720 5211 et
2754 5157 2990 5225 Spiritus
3017 5156 3187 5211 sancti
3228 5155 3413 5223 cogni-

1847 5249 2067 5311 tionem,
2120 5249 2221 5303 etsi
2269 5250 2446 5302 minus
2508 5249 2825 5315 perlectam,
2871 5250 3030 5302 simul
3082 5248 3401 5315 accipimus.

1846 5340 1969 5395 ll;ec
2011 5342 2154 5395 enim
2200 5341 2252 5395 iu
2282 5340 2464 5395 futuro
2495 5342 2715 5404 saeculo,
2750 5351 2805 5395 et
2848 5341 3041 5393 ultimo
3070 5338 3161 5393 illo
3198 5338 3406 5391 accedit

1426 5629 1656 5684 VARIZE
1695 5629 2092 5685 LECTIONES.

238 5747 286 5777 ⁸⁸
321 5748 685 5816 εύαγγελικὴν
718 5767 777 5812 ς.
854 5751 897 5780 ⁸⁷
931 5749 1003 5820 τί]
1038 5751 1219 5805 Manli.
1257 5768 1331 5808 ιτ.
1384 5750 1434 5802 ἶί.

1513 5750 1558 5779 ⁸⁸
1591 5749 1677 5801 hic.
1708 5760 1761 5801 et
1799 5748 1892 5803 inf.
1923 5749 2099 5815 ἔγειρε
2134 5766 2191 5811 ς.
2268 5748 2311 5778 ⁸⁸
2343 5746 2627 5799 αὑθεντίαν
2656 5763 2714 5809 ς.

2802 5748 2846 5776 9°
2883 5745 3076 5809 ἐπᾶγει
3128 5744 3182 5796 δὲ
3229 5743 3312 5795 ἵνα
3342 5759 3403 5803 ς.

179 5822 220 5849 *³
249 5820 392 5888 istan
449 5830 572 5887 post
629 5821 865 5889 ἄρχοντα
890 5816 1036 5889 ιιυιιίι
1066 5840 1127 5885 ς.
1202 5825 1246 5855 ν’
1279 5820 1349 5891 εὶ]
1390 5821 1402 5871 l
1437 5821 1560 5874 Cur.
1603 5836 1639 5873 ιι
1696 5821 1747 5873 8.
1823 5821 1869 5851 ⁵³
1905 5818 2097 5888 aliti“
2131 5833 2302 5872 nonne
2323 5816 2529 5869 αὑτοῦῖ
2603 5817 2647 5848 ’⁵
2683 5816 2955 5884 oua-ipso:
2992 5832 3051 5869 ετ.
