4196 6442
804 374 912 438 787

1875 379 2137 442 ΡΗΟΤΙΙ
2177 381 2691 443 PATRIARCH/E
2728 384 2833 442 ΟΡ.

3905 382 4018 449 788

806 490 1177 549 terrai-motu,
1217 496 1327 552 quo
1362 489 1473 537 tota
1529 484 1683 540 nobis
1723 484 1965 542 Trinitas
2018 488 2356 544 manifestius
2386 495 2463 551 Α·

2386 495 2550 553 Ατος
2597 490 2688 543 τὸν
2743 489 3056 560 ἀρραϐῶνα,
3084 490 3162 554 ὡς
3202 490 3303 560 τῆς
3357 490 3586 560 ἐκλογῆς
3640 492 4016 565 ὶπιμαρτύρι-

812 575 1100 646 apparebit
1146 589 1209 629 ac
1261 574 1610 631 revelabitur.
1643 575 1757 632 Etsi
1809 578 1951 633 enim
1996 578 2230 649 Spiritus
2271 595 2360 635 ar-

806 669 954 721 rham
979 666 1259 734 habemus,
1288 674 1347 721 ut
1380 680 1475 722 vas
1520 667 1798 723 electionis
1828 676 2052 724 testatur
2089 672 2104 708 α
2153 672 2358 742 196a

808 761 1044 815 nondum
1090 767 1267 814 tamen
1326 760 1394 814 ad
1438 759 1824 830 perfectionem
1883 763 2142 832 spiritalis
2184 776 2357 821 status

804 850 1163 917 pervenimus.
1215 850 1393 920 Ipsum
1440 852 1643 907 etenim
1688 852 1865 907 arrhte
1907 866 2099 906 nomen
2144 853 2355 923 signum

799 938 1011 1007 quidem
1052 938 1276 1007 perfecti
1317 940 1446 995 doni
1487 952 1569 997 est
1598 952 1704 1019 :Iat
1753 957 1858 996 non
1912 944 2083 1010 ipsum
2129 945 2351 999 donum.

800 1030 943 1085 Idem
991 1033 1150 1087 etiam
1198 1032 1325 1087 alibi
1378 1033 1571 1104 pignus
1612 1033 1810 1088 futura
1858 1033 2187 1090 haereditatis
2234 1049 2355 1090 esse

802 1116 1062 1189 Spiritum
1106 1124 1386 1190 pradicat,
1430 1132 1484 1177 et
1528 1123 1794 1192 primitias
1832 1132 2152 1178 mternorum
2186 1123 2353 1178 bono-

800 1226 916 1264 rum
940 1222 992 1265 ιι.
1036 1211 1215 1278 Quare
1262 1212 1650 1282 perfectionem
1695 1212 1929 1281 Spiritus
1978 1216 2189 1268 nonnisi
2232 1225 2354 1285 post

799 1303 1220 1371 redemptionem
1249 1305 1492 1373 corporis
1521 1304 1862 1372 suscipimus.

866 1393 986 1448 Jam
1025 1396 1242 1462 quando
1275 1396 1367 1464 qui
1406 1396 1544 1465 apud
1573 1397 1816 1449 homines
1855 1410 1976 1448 cum
2022 1405 2192 1461 pater,
2237 1404 2349 1450 tum

798 1485 939 1541 ﬁlius
994 1485 1227 1551 dicitur,
1280 1501 1375 1555 per
1416 1486 1651 1555 conjugii
1699 1485 2012 1539 societatem
2048 1486 2353 1541 declaratur

796 1586 963 1645 atque
1002 1580 1347 1646 cognoscitur
1373 1617 1389 1639 ,
1419 1588 1701 1646 propterea
1745 1577 2027 1645 praesentis
2064 1578 2186 1631 vita:
2216 1578 2351 1634 duos

795 1674 1164 1731 termmotus,
1214 1666 1443 1719 alterum
1484 1667 1756 1735 pertinere
1817 1667 1882 1718 ad
1922 1665 2133 1720 Patrem
2167 1706 2184 1729 ,
2215 1667 2349 1720 alte-

800 1771 917 1809 rum
962 1756 1029 1810 ad
1073 1756 1306 1821 Filium,
1368 1756 1621 1809 vaticinia
1683 1757 1923 1808 tradunt.
1976 1754 2186 1810 Rursus
2224 1772 2346 1811 cum

795 1848 1029 1915 Spiritus
1066 1856 1306 1911 sanctus,
1345 1848 1506 1899 etiam
1535 1855 1592 1898 ut
1624 1847 1761 1915 apud
1808 1860 1904 1899 nos
1928 1857 2031 1909 est,
2061 1861 2345 1915 corporum

797 1938 1153 1992 transcendat
1195 1937 1630 1997 crassitudinem,
1665 1937 1861 1989 merito
1890 1937 1979 1989 ubi
2015 1940 2349 1991 cessaverint

793 2028 1063 2097 conjugia,
1095 2028 1361 2081 excelsior
1411 2027 1497 2079 illa
1527 2036 1578 2079 et
1610 2026 1871 2079 illustrior
1904 2028 2011 2078 vita
2058 2026 2186 2097 (vita
2233 2029 2349 2082 haec

795 2117 1211 2170 resurrectionis
1244 2125 1327 2169 est
1352 2134 1365 2168 :
1398 2115 1461 2166 In
1491 2116 1868 2168 resurrectione
1898 2118 2032 2168 enim
2062 2134 2222 2185 neque
2253 2135 2348 2171 nu-

791 2208 905 2261 bent
935 2223 1094 2273 neque
1138 2206 1397 2259 nubentur
1421 2206 1491 2268 ν),
1569 2208 1785 2274 proprie
1820 2207 2147 2260 attribuatur
2186 2208 2352 2276 Spiri-

789 2302 887 2354 tui.
920 2300 1063 2355 lllius
1116 2310 1293 2354 autem
1330 2301 1455 2353 vitae
1494 2310 1761 2369 tempore,
1788 2300 1842 2353 in
1870 2317 1971 2367 qua
2000 2312 2184 2370 patres
2213 2303 2350 2356 filios

791 2398 1168 2457 progenerant,
1199 2388 1361 2441 Deum
1379 2387 1591 2441 Patrem
1622 2387 1812 2442 ordine
1840 2389 1977 2444 Filio
2003 2392 2346 2460 prtepositum

789 2479 1045 2546 cognosci
1075 2478 1377 2546 oportebat,
1408 2493 1513 2531 non
1543 2478 1683 2547 quod
1714 2479 1954 2533 Trinitas
1978 2482 2220 2535 ordinem
2248 2484 2349 2535 ali-

790 2587 951 2640 quem
1000 2571 1241 2640 exigeret
1274 2574 1416 2643 (quis
1447 2574 1589 2625 enim
1632 2571 1705 2627 ibi
1727 2573 1860 2626 ordo
1893 2573 1985 2635 sit,
2035 2574 2124 2626 ubi
2160 2590 2347 2640 arqua-

792 2663 915 2716 litas
949 2664 1299 2717 immutabilis
1334 2664 1560 2734 viget?)
1592 2681 1603 2716 :
1634 2663 1729 2717 sed
1764 2666 1904 2730 quod
1930 2680 2025 2732 per
2052 2679 2175 2719 eum
2204 2669 2351 2721 ordi-

791 2768 936 2819 nem,
962 2756 1050 2822 qui
1087 2755 1136 2806 in
1168 2756 1279 2822 ipsa
1320 2771 1387 2809 ex
1418 2764 1541 2824 apta
1586 2755 1937 2823 dispositione
1964 2768 2066 2823 est,
2103 2773 2133 2811 a
2164 2757 2349 2813 liberis

788 2853 1037 2910 parentes
1087 2845 1343 2899 honorari
1385 2847 1713 2898 hortaretur.
1756 2846 1990 2913 Spiritus
2021 2864 2237 2918 quoque
2269 2851 2350 2902 di-

785 2936 1045 3002 gnitatem
1086 2950 1241 2989 sacra
1271 2935 1550 3003 Scriptura
1583 2938 1867 3000 extollens.
1895 2940 2201 2992 universam
2224 2939 2347 2993 Tri-

787 3028 1008 3080 nitatem
1042 3027 1281 3097 Spiritus
1310 3031 1528 3081 nomine
1551 3030 1801 3097 appellat.
1825 3029 1994 3095 Quale
2028 3031 2154 3085 illud
2185 3050 2197 3085 :
2224 3032 2348 3099 Spi-

2454 597 2542 633 ται
2563 582 2608 613 ⁸⁸
2634 580 2694 633 τὸ
2720 580 2934 644 σκεῦος,
2960 581 3174 651 ἔχομεν,
3210 582 3325 634 ἀλλ’
3354 583 3453 634 ούκ
3473 585 3551 645 είς
3581 582 3682 653 τὴν
3702 584 4017 655 τελειότητα

2454 674 2550 742 τῆς
2580 674 2951 743 πνευματικῆς
2979 674 3295 742 ἐφθάσαμεν
3342 674 3743 736 καταστάσεως.
3774 675 3883 728 Kal.
3906 678 4017 746 γὰρ

2453 762 2548 813 καὶ
2594 762 2727 814 αὐτὸ
2770 762 2830 813 τὸ
2878 761 2971 815 τοῦ
3012 762 3327 832 ἀῤῥαϐὦνος
3373 763 3543 831 ὄνομα
3597 763 3865 833 σύμϐολον
3915 766 4015 833 μέν

2452 853 2567 905 ἐστι
2602 853 2697 905 τοῦ
2735 854 2941 905 τελείου
2972 854 3166 923 δώρου,
3215 854 3275 905 ού
3318 854 3424 923 μὴν
3455 855 3584 908 αὑτό
3612 872 3675 922 γε
3711 856 3775 907 τὸ
3818 856 4013 923 δῶρον.

2452 947 2561 998 Καὶ
2588 944 2856 1016 πολλαχοῦ
2872 947 2918 979 ⁸⁸
2942 945 3234 1017 ἀρραϐῶνα
3253 946 3297 979 ’⁷
3324 946 3423 1015 τῆς
3472 946 3772 1016 μελλούσης
3818 948 4016 1017 κληρο-

2451 1036 2641 1106 νομίας
2663 1038 2725 1090 τὸ
2773 1037 2997 1108 Πνεῦμα
3049 1038 3209 1107 ὑμνεῖ
3261 1038 3355 1090 καὶ
3393 1039 3647 1108 ἀπαρχὴν
3664 1038 3710 1070 ⁸⁸
3734 1037 3844 1089 τῶν
3883 1040 4015 1090 αίω-

2450 1127 2575 1182 νίων
2611 1129 2850 1195 ἀγαθῶν,
2889 1128 3035 1182 ὥστε
3078 1130 3177 1199 τὴν
3212 1129 3524 1199 τελειότητα
3556 1130 3650 1182 τοῦ
3698 1129 4016 1197 Πνεύματος

2453 1220 2592 1289 μετὰ
2620 1218 2717 1290 τὴν
2743 1217 3122 1289 ἀπολύτρωσιν
3154 1218 3249 1271 τοῦ
3275 1218 3523 1288 σώματος
3546 1217 3942 1287 ὑποδεκόμεθα.

2531 1396 2747 1465 Ἐπειδὴ
2771 1396 2827 1448 δὲ
2865 1399 2894 1449 ὁ
2921 1398 3060 1449 κατά
3080 1394 3140 1447 τὸ
3178 1393 3513 1465 ἀνθρώπινον
3540 1395 3695 1462 γένος
3724 1396 4017 1466 λεγόμενος

2449 1488 2542 1540 καὶ
2597 1488 2779 1556 πατὴρ
2828 1488 2922 1539 καὶ
2980 1486 3095 1548 υἱὸς
3171 1486 3424 1556 κοινωνίᾳ
3450 1488 3629 1555 γάμου
3657 1490 4014 1555 ἀναφαίνεται

2448 1582 2541 1631 καὶ
2578 1580 2921 1650 γνωρίζεται,
2947 1579 3035 1631 διὰ
3080 1576 3241 1630 τοῦτο
3283 1576 3377 1630 τοῦ
3424 1580 3690 1647 παρόντος
3738 1579 3854 1647 βίου
3887 1583 4016 1642 τοὺς

2450 1669 2541 1720 δύο
2572 1670 2846 1737 σεισμοὺς,
2876 1668 2967 1720 τδν
3025 1668 3121 1738 μὲν
3156 1669 3417 1737 πρότερον
3448 1670 3674 1737 ἀνήκειν
3704 1669 3782 1739 τῷ
3809 1671 4013 1739 Πατρὶ,

2446 1760 2523 1830 τῷ
2550 1760 2661 1829 Υἰῷ
2690 1760 2744 1812 δὲ
2771 1761 2861 1813 τὸν
2881 1760 3129 1831 δεύτερον
3150 1761 3219 1814 τὰ
3262 1760 3433 1827 Λόγια
3460 1761 3814 1829 παραδίδωσι.
3844 1762 4017 1814 Πάλιν

2381 1832 2421 1884 Β
2450 1849 2635 1919 ἐπειδὴ
2658 1851 2719 1901 τὸ
2748 1849 2967 1918 Πνεῦμα
2995 1852 3087 1903 καὶ
3116 1851 3177 1903 τὸ
3226 1850 3355 1920 παρ’
3382 1852 3516 1920 ἡμῖν
3550 1852 3818 1920 σωμάτων
3842 1853 4016 1922 ὑπερ-

2449 1942 2622 1994 ϐαίνει
2653 1941 2956 2011 παχύτητα,
2987 1942 3209 2003 είκότως
3269 1944 3297 1993 ό
3346 1943 3456 1994 τῶν
3486 1943 3679 2011 γάμων
3730 1945 4020 2011 πεπαυμέ-

2447 2052 2554 2087 νων
2583 2033 2906 2085 ἀνακύπτων
2953 2049 3013 2085 τε
3058 2034 3151 2085 καὶ
3182 2033 3516 2103 ὰναλάμπων
3548 2032 3662 2102 βίος
3696 2029 3873 2104 (οὗτος
3903 2035 3961 2087 δὲ
3991 2038 4020 2087 ό

2447 2124 2547 2192 τῆς
2594 2121 2945 2183 ἀναστάσεως
2975 2121 3040 2173 ἂν
3071 2121 3154 2191 εἴη
3185 2137 3199 2150 ⁸
3238 2122 3336 2174 Ἐν
3368 2122 3476 2189 γὰρ
3499 2123 3542 2153 ⁹⁹
3568 2120 3642 2188 τῇ
3683 2121 4019 2175 ἀναστάσει

2449 2215 2586 2267 οὔτε
2618 2212 2912 2281 γαμοῦσιν
2942 2212 3080 2265 οὔτε
3104 2213 3516 2281 γαμίσκονται,
3554 2213 3767 2275 οἰκείως
3804 2214 3871 2265 ἂν
3914 2214 4020 2279 ἀφ-

2449 2304 2695 2374 ορισθείη
2719 2303 2795 2373 τῷ
2834 2302 3130 2372 Πνεύματι.
3160 2303 3307 2355 Ἔδει
3326 2302 3382 2354 δὲ
3410 2303 3498 2355 τὸν
3529 2303 3661 2372 βίον,
3690 2304 3748 2354 ὲν
3776 2296 3821 2371 ᾧ
3847 2304 4019 2355 πατέ-

2456 2410 2551 2462 ρες
2593 2394 2787 2453 παῖδας
2817 2392 3033 2459 φύουσι,
3070 2392 3157 2443 τὸν
3186 2392 3318 2443 Θεὸν
3383 2392 3476 2443 καὶ
3506 2392 3721 2458 Πατέρα
3754 2408 4020 2459 προτετα-

2452 2486 2655 2553 γμένον
2711 2482 3073 2549 γινώσκεσθαι
3103 2481 3198 2534 τοῦ
3230 2481 3380 2545 Υίοῦ,
3433 2482 3493 2534 ού
3531 2481 3629 2549 τῆς
3660 2482 3889 2552 Τριάδος
3921 2480 4021 2553 τὴν

2449 2575 2606 2639 τάξιν
2653 2573 3011 2642 ἀπαιτούσης,
3056 2572 3184 2640 (ποῦ
3219 2572 3325 2643 γάρ
3381 2572 3553 2638 τάξις,
3591 2572 3719 2624 ἔνθα
3782 2572 3843 2625 τὸ
3902 2575 4016 2625 ῐσον

2456 2665 2873 2735 ἀπαράλλακτον
2893 2664 2947 2732 ;)
2989 2664 3127 2718 ἀλλά
3170 2664 3257 2717 διά
3287 2664 3386 2732 τῆς
3421 2665 3477 2716 ὲν
3504 2666 3639 2733 αὐτῇ
3672 2665 3795 2717 κατ’
3817 2667 3997 2716 οἰκονο

2456 2758 2583 2827 μίαν
2608 2757 2814 2819 τάξεως
2842 2756 2967 2818 τοὺς
2996 2756 3235 2823 πατέρας
3266 2754 3527 2823 τιμᾶσθαι
3555 2756 3705 2823 παρὰ
3754 2756 3864 2806 τῶν
3892 2757 3993 2807 παί

2448 2847 2553 2898 δων
2582 2846 2974 2914 παραινούσης.
3018 2846 3125 2897 Καὶ
3157 2846 3217 2896 τὸ
3247 2846 3463 2914 ἀξίωμα
3494 2846 3551 2897 δὲ
3573 2845 3667 2897 τοῦ
3700 2845 4021 2915 Πνεύματος

2447 2942 2480 3008 ἡ
2513 2939 2633 3009 ιερὰ
2681 2939 2981 3010 ὲπαίρουσα
3032 2939 3221 3007 Γραφὴ
3271 2940 3397 3008 ὅλην
3430 2940 3527 3007 τὴν
3574 2939 3781 3008 Τριάδα
3812 2942 3880 3008 τῇ
3930 2939 4019 2992 τοῦ

2452 3031 2795 3098 Πνεύματος
2829 3030 3141 3096 ἐξονομάζει
3192 3031 3363 3098 φωνῇ,
3417 3028 3493 3091 ὡς
3546 3030 3627 3092 τὸ,
3679 3028 3961 3096 Πνεῦμα⁸
3990 3032 4021 3081 ὀ

788 3118 922 3169 ritus
946 3127 1019 3170 est
1040 3117 1178 3171 Deus
1212 3132 1229 3168 :
1259 3128 1305 3171 et
1327 3135 1413 3171 eos
1436 3120 1523 3187 qui
1551 3120 1779 3172 adorant
1810 3136 1947 3184 eum,
1978 3122 2035 3173 in
2082 3123 2275 3190 spiritu
2298 3132 2347 3176 et
2376 3156 2423 3217 ο

2376 3156 2423 3217 C
2457 3120 2620 3183 Θεὸς,
2655 3120 2755 3171 καὶ
2786 3118 2927 3183 τοὺς
2968 3118 3470 3185 προσκυνοῦντας
3515 3119 3703 3170 αὑτὸν
3742 3119 3811 3169 ὲν
3836 3120 4020 3172 πνεύ-

784 3209 997 3262 υενὶιαιε
1029 3219 1225 3277 oportet
1267 3211 1490 3263 adorare
1519 3218 1570 3263 ι.
1606 3210 1716 3263 Hoc
1766 3212 1893 3265 item
1928 3230 1941 3264 :
1974 3210 2139 3265 Omne
2165 3230 2345 3281 pecca-

784 3312 893 3351 tum
926 3301 1214 3353 remittetur
1237 3301 1532 3353 hominibus
1556 3316 1573 3353 :
1597 3302 1645 3353 ei
1697 3311 1872 3353 autem
1901 3318 1987 3369 qut
2016 3302 2346 3371 blasphema-

782 3389 908 3443 νει-ξι
935 3392 989 3442 in
1023 3389 1273 3455 Spiritum
1295 3401 1555 3453 sanctum,
1590 3408 1691 3444 non
1731 3394 2021 3444 remittetur
2042 3402 2099 3458 Ι,
2126 3395 2191 3448 de
2238 3405 2347 3448 tota

782 3481 1067 3535 divinitate
1098 3491 1401 3549 acceptum,
1437 3498 1559 3535 cum
1598 3485 1851 3551 pra-dicto
1903 3499 2067 3551 scopo
2097 3486 2344 3553 quadrat.

784 3568 879 3622 Illa
917 3585 1130 3639 quoque
1158 3585 1253 3638 per
1289 3571 1567 3636 speculum
1606 3573 1736 3624 etin
1776 3572 2063 3641 aenigmate
2109 3575 2346 3643 cognitio

784 3660 1217 3728 supernaturalis
1243 3662 1294 3713 in
1322 3659 1516 3713 Triade
1562 3662 1804 3724 deitatis,
1833 3678 1927 3731 per
1957 3663 2220 3730 Spiritum
2244 3680 2346 3718 no-

783 3750 867 3806 bis
912 3752 962 3804 in
1007 3750 1187 3805 futuro
1229 3751 1527 3819 perficitur.
1555 3752 1666 3808 'Sic
1709 3756 1853 3808 enim
1903 3754 1989 3809 hic
2037 3767 2213 3810 motus
2279 3759 2345 3809 ad

784 3841 1045 3910 Spiritum
1083 3853 1354 3906 sanctum,
1383 3844 1831 3911 quemadmodum
1876 3845 2103 3899 duorum
2146 3861 2347 3913 praece-

786 3934 1026 3988 dentium
1058 3933 1194 3987 alter
1227 3935 1291 3987 ad
1335 3933 1571 3999 Patrem,
1599 3936 1737 3989 alter
1769 3936 1834 3989 ad
1861 3936 2057 3990 Filium
2087 3938 2342 3993 refertur.

782 4024 883 4091 Qui
926 4035 1107 4079 autem
1152 4025 1344 4079 ordine
1382 4027 1586 4092 primus
1616 4036 1699 4079 est
1729 4036 1887 4080 terra:
1913 4040 2109 4093 motus,
2167 4040 2347 4085 extre—

784 4132 905 4171 mus
956 4118 1093 4171 idem
1140 4118 1403 4186 dignitate
1450 4128 1504 4171 et
1536 4120 1786 4170 utilitatis
1839 4120 2206 4186 magnitudine
2237 4130 2342 4174 est.

784 4207 1125 4262 Manifestam
1154 4210 1302 4261 enim
1324 4210 1551 4278 gratiam
1587 4210 1756 4263 multo
1780 4225 1904 4264 esse
1935 4211 2048 4280 lege
2074 4209 2341 4283 [antiqua]

784 4299 1044 4365 majorem
1082 4309 1137 4354 et
1192 4300 1483 4354 utiliorem.
1525 4299 1723 4353 Verum
1770 4311 1824 4354 et
1868 4304 2138 4356 secundus
2169 4303 2348 4356 minor

783 4400 866 4445 est
907 4392 1091 4455 tertio,
1123 4389 1395 4459 siquidem
1444 4390 1601 4452 Nunc
1664 4392 1897 4445 videmus
1943 4408 2033 4458 per
2080 4394 2347 4461 speculum

2446 3226 2586 3276 ματι
2614 3208 2711 3260 καὶ
2731 3209 2981 3274 ἀληθείῃ
3028 3207 3122 3259 δεῖ
3136 3206 3522 3274 προσκυνεῖν.
3559 3208 3669 3259 Καὶ
3693 3207 3775 3271 τὸ,
3803 3206 3984 3260 Πᾶσα
4001 3210 4020 3238 ³

2452 3300 2705 3367 ἁμαρτία
2765 3298 3128 3366 ἀφεθήσεται
3210 3296 3335 3362 τοῖς
3388 3298 3739 3363 ἀνθρώποις,
3809 3296 3894 3361 τῷ
3960 3297 4022 3349 δὲ

2446 3390 2913 3458 ,ϐλασφημοῦντι
2974 3391 3059 3454 εις
3124 3387 3188 3440 τὸ
3251 3388 3493 3454 Πνεῦμα
3554 3387 3619 3439 τὸ
3677 3386 3852 3454 ἅγιον
3916 3391 4021 3441 οὐκ

2452 3481 2836 3548 ἀφεθήσεται,
2867 3480 2956 3531 ἐπὶ
3010 3479 3107 3546 τῆς
3144 3478 3393 3547 θεότητος
3424 3478 3549 3544 ὅλης
3585 3478 3859 3545 ἐκληφθὲν
3894 3478 4023 3547 σύμ-

2452 3589 2629 3639 φωνον
2664 3571 2729 3623 ἂν
2783 3570 2867 3639 εἴη
2923 3570 3001 3639 τῷ
3060 3569 3442 3638 προειρημένῳ
3487 3568 3694 3637 σκοπῷ.
3744 3569 3856 3620 Καὶ
3902 3570 3939 3636 ὴ
3972 3572 4023 3620 ὲν

2452 3663 2702 3731 ἐσόπτρῳ
2751 3662 2807 3714 δὲ
2841 3662 3040 3731 γνῶσις
3071 3663 3162 3713 καὶ
3212 3662 3245 3729 ἡ
3296 3664 3354 3712 ὲν
3398 3662 3683 3727 αἰνίγματι
3714 3660 3817 3727 τῆς
3853 3660 4021 3729 ὑπερ·

2453 3752 2621 3822 φυοῦς
2652 3755 2709 3805 ἐν
2745 3751 2933 3820 Τριάδι
2982 3750 3232 3819 θεότητος
3283 3752 3363 3811 είς
3413 3751 3473 3802 τὸ
3522 3750 3729 3803 τέλειον
3786 3748 3880 3801 διὰ
3935 3750 4021 3801 τοῦ

2453 3845 2765 3913 Πνεύματος
2797 3845 2928 3912 ἡμῖν
2960 3843 3390 3895 ἀποκαθίσταται
3435 3842 3573 3895 κατὰ
3600 3841 3692 3893 τὸν
3726 3841 4017 3910 μέλλοντα·

2452 3939 2546 3991 καλ⁸
2570 3940 2680 4007 γάρ
2708 3932 2861 3998 οὗτος
2881 3937 2901 3967 ³
2924 3934 3001 4003 τῷ
3047 3934 3296 4003 παναγίῳ
3338 3933 3633 4000 Πνεύματι,
3684 3932 3880 4000 ὥσπερ
3918 3933 4021 3982 τῶν

2453 4030 2558 4099 πρὸ
2604 4028 2769 4081 αὑτοῦ
2820 4028 2911 4079 δύο
2944 4026 3181 4093 σεισμῶν
3212 4028 3241 4077 ὁ
3274 4025 3371 4094 μὲν
3410 4024 3486 4092 τῷ
3539 4024 3739 4093 Πατρὶ,
3784 4024 3813 4073 ό
3857 4024 3916 4075 δὲ
3952 4023 4023 4090 τῷ

2453 4118 2567 4186 Υἰῷ
2614 4117 2963 4186 ἀναφέρεται.
3007 4116 3164 4166 Ἔστι
3196 4114 3253 4166 δὲ
3286 4113 3527 4181 δηλονότι
3570 4114 3597 4163 ό
3631 4113 3730 4180 μὲν
3776 4114 3843 4180 τῇ
3873 4112 4022 4176 τάξει

2452 4211 2666 4279 πρῶτος
2719 4208 2961 4275 σεισμὸς,
2992 4206 3217 4275 ἔσχατος
3266 4204 3344 4273 τῷ
3402 4220 3460 4256 τε
3517 4203 3788 4270 ἀξιώματι
3816 4206 3914 4255 καὶ
3950 4203 4024 4268 τῷ

2454 4303 2550 4370 τῆς
2581 4298 2845 4368 ὠφελείας
2877 4298 3095 4365 μεγέθει
3119 4314 3131 4326 ·
3159 4296 3319 4364 δῆλον
3348 4295 3458 4364 γὰρ
3490 4296 3615 4364 ὼςὴ
3652 4296 3812 4363 χάρις
3846 4295 4024 4359 πολλῷ

2455 4393 2550 4445 τοῦ
2581 4393 2747 4461 νόμου
2797 4391 2995 4460 μείζων
3027 4407 3084 4442 τε
3134 4390 3227 4441 καὶ
3257 4387 3691 4457 λυσιτελεστέρα.
3742 4388 3906 4439 Ἀλλά
3937 4392 4025 4440 καὶ

781 4495 826 4536 et
852 4485 906 4537 in
926 4485 1201 4551 (enigmata
1234 4498 1252 4535 :
1282 4491 1404 4535 tunc
1428 4492 1601 4536 autem
1630 4485 1764 4552 facie
1788 4482 1857 4535 ad
1874 4480 2068 4549 faciem
2097 4494 2143 4537 ι.
2170 4483 2347 4549 Quare
2382 4501 2423 4555 ι)

2382 4501 2423 4555 D
2452 4485 2479 4535 ό
2502 4483 2749 4553 δεύτερος
2775 4480 3086 4534 ἐλαττοῦται
3117 4480 3212 4533 τοῦ
3248 4481 3454 4549 τρίτου,
3486 4479 3599 4546 εῐγε
3623 4478 3717 4529 νῦν
3765 4477 3869 4546 μὲν
3933 4480 4025 4529 Ἑν

783 4577 973 4643 etiam,
998 4574 1130 4629 Cum
1173 4576 1367 4628 venerit
1389 4576 1529 4645 quod
1559 4574 1845 4642 perfectum
1881 4586 1976 4640 est,
2006 4576 2350 4629 evacuabitur

781 4667 917 4735 quod
954 4682 1020 4718 ex
1065 4674 1216 4733 parte
1261 4675 1407 4717 cui.
1453 4663 1519 4717 Et
1569 4664 1850 4716 considera
1890 4662 2119 4735 [quaeso]
2163 4665 2349 4718 divina

782 4759 1057 4827 operantis
1118 4755 1478 4809 Providentia:
1545 4753 1735 4824 l96b
1797 4754 2249 4821 sapientissimam
2295 4766 2351 4810 et

781 4849 1045 4917 :equalem
1106 4848 1390 4901 trutinam.
1436 4846 1727 4900 Videbatur
1776 4844 1938 4898 Pater
1980 4846 2176 4913 priscis
2236 4846 2344 4900 illis

784 4940 1109 5008 pracipuam
1133 4936 1454 5005 dignitatem
1497 4934 1746 4989 obtinere
1775 4953 1787 4987 :
1817 4950 2137 5005 rursumque
2176 4936 2347 4991 Filius

784 5031 835 5083 in
872 5044 1008 5082 nova
1033 5028 1150 5096 lege
1180 5026 1497 5096 quibusdam
1534 5025 1819 5089 minorem,
1853 5036 1906 5080 at
1936 5027 2121 5081 multis
2161 5042 2345 5096 atqua-

782 5122 883 5176 lem
922 5120 1199 5189 :Spiritus
1231 5133 1360 5173 vero
1395 5128 1615 5172 sanctus
1642 5117 1824 5172 multis
1852 5116 2135 5182 minorem,
2160 5120 2347 5187 paucis

781 5213 1066 5283 aqualem.
1100 5211 1172 5266 Ut
1199 5212 1363 5278 igitur
1396 5225 1461 5263 ex
1482 5210 1762 5264 hominum
1788 5210 2042 5278 opinione
2072 5220 2191 5264 orta
2215 5213 2344 5266 ina:-

780 5308 1010 5375 qualitas
1051 5307 1116 5361 ad
1154 5306 1517 5375 aequalitatem
1570 5306 1957 5369 reduceretur,
2003 5307 2208 5373 primus
2255 5308 2344 5362 ille

866 5445 883 5477 ι
916 5442 957 5495 ll
987 5444 1111 5497 Cor.
1142 5460 1183 5509 ι,
1216 5444 1307 5497 22.
1347 5451 1375 5481 τι
1407 5442 1601 5508 Ephes.
1634 5460 1670 5506 ι,
1710 5444 1807 5503 14;
1843 5443 1998 5497 Rom.
2036 5446 2265 5504 vut.25.
2339 5456 2367 5483 ν
2397 5445 2521 5499 Matt

870 5528 947 5568 rc.
981 5528 1063 5569 ll.
1087 5514 1186 5569 29:
1217 5514 1346 5569 Luc.
1377 5530 1474 5569 xu.
1509 5512 1592 5566 l0.
1673 5522 1693 5548 ι
1725 5514 1743 5565 ι
1773 5512 1899 5566 Cor.
1930 5529 2051 5569 xm.
2085 5515 2170 5568 12.
2268 5527 2293 5556 ι
2328 5517 2459 5569 ibid.
2505 5517 2523 5568 1

1216 5444 1307 5497 22.
1347 5451 1375 5481 τι
1407 5442 1601 5508 Ephes.
1634 5460 1670 5506 ι,
1710 5444 1807 5503 14;
1843 5443 1998 5497 Rom.
2036 5446 2265 5504 vut.25.
2339 5456 2367 5483 ν
2397 5445 2724 5510 Matth.xxu,
2756 5446 2846 5499 30.

1217 5514 1346 5569 Luc.
1377 5530 1474 5569 xu.
1509 5512 1592 5566 l0.
1673 5522 1693 5548 ι
1725 5514 1743 5565 ι
1773 5512 1899 5566 Cor.
1930 5529 2051 5569 xm.
2085 5515 2170 5568 12.
2268 5527 2293 5556 ι
2328 5517 2459 5569 ibid.
2505 5517 2595 5569 ll).

2268 5527 2293 5556 ι
2328 5527 2459 5569 Ibid.
2505 5527 2595 5569 ιυ.

782 5511 947 5568 Marc.
981 5528 1063 5579 ιι,
1087 5514 1186 5581 29;
1217 5514 1346 5569 Luc.
1377 5530 1474 5578 xu,
1509 5512 1592 5566 l0.
1673 5522 1693 5548 ι
1725 5514 1743 5565 ι
1773 5512 1899 5566 Cor.
1930 5529 2051 5579 xm,
2085 5515 2170 5568 12.

2450 4576 2762 4641 ὲσόπτρῳδ
2786 4574 3098 4640 ,Βλέπομεν
3143 4571 3242 4624 καὶ
3294 4572 3361 4624 ἐν
3408 4572 3726 4639 αἰνίγματι,
3766 4570 3903 4622 τότε
3958 4569 4027 4621 δὲ

2451 4668 2776 4733 πρόσωπον
2810 4664 2960 4729 πρὸς
3002 4662 3347 4729 πρόσωπον.
3378 4659 3469 4711 Διὸ
3504 4661 3619 4721 καὶ,
3658 4660 3849 4712 Ὅταν
3876 4659 4024 4724 ἔλθῃ

2449 4760 2517 4813 τὸ
2552 4759 2803 4823 τέλειον,
2840 4755 3351 4825 καταργηθήσεται
3400 4753 3466 4807 τὸ
3512 4754 3582 4806 ἐκ
3630 4753 3877 4821 μέρους.
3915 4755 4026 4805 Καὶ

2451 4852 2643 4904 σκόπει
2675 4851 2774 4918 τῆς
2809 4848 3067 4917 θεουργοῦ
3085 4849 3106 4878 ⁸
3136 4848 3395 4914 Προνοίας
3416 4844 3507 4897 τὸν
3536 4845 3812 4911 πάνσοφόν
3834 4861 3897 4896 τε
3932 4846 4026 4895 καὶ

2449 4942 2666 5013 ἀρρεπῆ
2694 4940 2874 5008 ζυγόν.
2899 4939 3026 5009 (525
3056 4936 3148 5008 H.]
3194 4938 3250 4991 '0
3284 4935 3474 5006 Πατὴρ
3504 4935 3677 4988 ἐδόκει
3702 4937 3817 4997 τοῖς
3849 4935 4022 4987 πάλαι

2448 5036 2510 5087 τὸ
2559 5033 2741 5103 μεῖζον
2788 5031 2951 5099 ἔχειν,
2998 5032 3026 5082 ό
3078 5029 3202 5091 Υἱὸς
3233 5027 3289 5080 δὲ
3342 5028 3504 5080 πάλιν
3550 5027 3692 5079 κατά
3734 5027 3837 5094 τὴν
3894 5026 4024 5078 νέαν

2449 5125 2611 5186 ἐνίοις
2652 5124 2750 5193 μὲν
2788 5122 2849 5174 τὸ
2894 5121 3129 5183 ἔλαττον,
3164 5122 3275 5180 τοῖς
3324 5118 3538 5180 πολλοῖς
3590 5117 3647 5169 δὲ
3680 5116 3741 5168 τὺ
3775 5117 3927 5168 ἴσον·
3957 5120 4024 5169 τὸ

2447 5214 2505 5267 δὲ
2548 5215 2700 5283 ἆγιον
2732 5213 2958 5282 Πνεῦμα
2992 5214 3102 5273 τοῖς
3138 5210 3350 5273 πολλοῖς
3382 5210 3485 5278 μὲν
3531 5208 3592 5261 τὸ
3626 5208 3872 5275 ἔλαττον,
3904 5208 4020 5259 ὀλί-

2448 5324 2564 5375 γοις
2590 5307 2645 5358 δὲ
2670 5306 2731 5357 τὸ
2769 5306 2901 5359 ἴσον.
2943 5305 3057 5356 Ἵνα
3085 5301 3177 5355 οῦν
3204 5303 3265 5355 τὸ
3300 5302 3484 5355 ἄνισον
3530 5302 3590 5353 τὸ
3621 5302 3731 5355 ἀπὸ
3775 5301 3881 5370 τῆς
3910 5301 4021 5352 τῶν

2951 5458 2977 5486 ι
3003 5443 3160 5498 Joan.
3194 5459 3269 5508 Iv,
3294 5440 3383 5497 24.
3504 5450 3531 5483 ν
3561 5440 3753 5496 Matth.
3790 5456 3901 5507 xu,
3928 5442 4017 5507 3i;

2082 5606 2316 5662 VARIE
2366 5606 2774 5662 LECTIONES.

847 5720 902 5789 "_
944 5719 1238 5789 ὲπιμαρτ.]
1266 5717 1305 5772 ll
1334 5719 1461 5773 Cor.
1504 5737 1542 5778 ι.
1581 5721 1672 5778 22.

781 5786 904 5873 χὴν]
956 5786 1142 5847 Βοιιι.’
1171 5805 1289 5873 vm,
1316 5790 1413 5873 .25..
1488 5791 1531 5821 ’³
1662 5790 1793 5873 γάρ]

1779 5724 1824 5793 _"
1861 5722 2149 5793 πολλαχοῦ]
2192 5724 2425 5793 ἀλλαχοῦ
2456 5722 2808 5793 llteseheljus.

1856 5789 2213 5850 Matthfxx'u.
2262 5789 2358 5846 30'.
2428 5795 2443 5823 ¹
2482 5789 2719 5861 πνεῦμα]

2910 5722 2955 5758 ’ν
2994 5716 3221 5788 appone]
3281 5716 3478 5783 Ephcs.
3512 5717 3696 5788 “ita
3762 5714 3806 5747 "
3837 5714 4027 5788 ἀπαρ-

2797 5792 2955 5844 Joan.
3006 5784 3220 5846 mea;
3274 5788 3491 5857 ’πᾶσαι
3552 5786 3739 5840 Matth.
3788 5798 3891 5848 ur,
3928 5784 4022 5838 3i.

782 5864 801 5889 ⁴
841 5859 1011 5925 οὕτως
1034 5878 1093 5926 ς.
1175 5860 1193 5891 ⁸
1224 5862 1280 5915 ὲν
1312 5860 1591 5932 ἐσόπτρῳ]
1629 5864 1644 5917 ι
1672 5859 1797 5918 Cur.
1829 5878 1948 5927 xm,
1982 5862 2065 5916 12.
2144 5866 2163 5895 ⁸
2196 5862 2480 5934 Οεουργοῦ]
2515 5859 2847 5931 δημιουργοῦ
2884 5875 2967 5927 pr.
2999 5859 3060 5910 Α.
