4196 6442
181 388 284 449 789

1228 392 1300 452 Β]
1309 394 1751 455 BLIOTHECA.
1770 415 1840 425 —
1873 390 2036 452 COD.
2073 390 2352 451 CCXXII.

3294 382 3401 447 790

182 496 486 569 ἀνθρώπων
517 498 840 569 ὑπολήψεως
869 514 951 559 εις
1000 496 1221 567 ἰσότητα
1248 499 1552 571 ἰπαναχθῇ,
1582 503 1612 554 6
1644 500 1744 570 μὲν
1770 506 1818 563 Α

1743 524 1744 536 ι
1770 506 1818 563 Α
1845 509 2001 553 terra:
2022 498 2327 565 motus,qui
2349 494 2493 550 Patri
2509 494 2801 549 attributus
2821 499 2924 559 est,
2944 491 3207 548 minorem
3223 492 3400 566 digni-

184 591 395 660 πρῶτος
424 592 668 659 σεισμὸς,
697 590 756 653 ὃς
783 588 1062 660 ἀφώριστο
1098 588 1182 657 τῷ
1218 590 1412 659 Πατρί,
1438 592 1499 643 τὸ
1525 591 1743 645 ἔλαττον

183 679 360 747 ἔσχεν,
387 682 416 731 6
447 679 503 730 δὲ
531 679 805 748 δεύτερος,
838 678 897 742 ὃς
926 675 994 750 ἦν
1017 678 1095 749 τῷ
1129 678 1263 747 Υἰῷ,
1290 679 1351 731 τὸ
1377 680 1588 734 ἐκείνου
1627 684 1746 751 μεῖ-

1845 598 2008 644 tatem
2023 587 2532 643 hahuit:secundus
2547 583 2695 649 dein,
2717 584 2804 653 qui
2827 582 2951 638 Filii
2985 594 3127 650 erat,
3163 583 3259 638 illo
3290 601 3400 639 ma-

1838 681 2014 751 jorem
2044 698 2059 735 :
2088 680 2387 748 tertiusque
2403 677 2638 745 Spiritus
2658 675 2853 742 sancti,
2870 682 3102 743 utroque
3119 673 3393 729 excellen-

182 770 293 834 ζον,
320 771 415 823 καὶ
443 774 471 824 6
496 770 591 823 τοῦ
618 771 933 837 Πνεύματος
965 772 1168 841 ἀμφοῖν
1198 770 1483 841 ὑπερέχον.
1514 774 1624 825 Καὶ
1645 774 1746 843 δρα

1743 815 1746 825 .
1845 775 2061 829 tiorem.
2081 774 2156 825 tta
2180 770 2326 825 clare
2355 768 2675 839 perspicias,
2700 768 2968 837 quomodo
3000 782 3120 837 quae
3145 767 3197 821 in
3227 767 3400 823 homi-

184 863 369 930 σαφῶς
397 864 544 926 ὅπως
568 865 601 934 ἠ
638 865 696 916 ὲν
717 866 838 926 ταῖς
871 864 979 917 τῶν
1012 864 1318 933 ἀνθρώπων
1352 864 1535 929 δόξαις
1561 866 1746 919 ἀνισό-

1842 880 1968 917 num
1999 862 2349 931 estopinione
2383 860 2746 929 inatqualitas,
2775 874 2872 927 per
2899 859 3061 914 trium
3091 869 3397 928 temporum

180 971 283 1022 της
320 954 408 1007 διὰ
428 955 450 985 ⁸
482 953 583 1023 τῆς
608 955 720 1007 τῶν
750 954 918 1024 τριῶν
943 955 1151 1025 καιρῶν
1182 957 1491 1026 ἀνισότητος
1534 957 1614 1019 εἰς
1644 957 1746 1026 ap.

1745 988 1746 991 η
1845 954 2290 1024 iucqualitatem.
2309 954 2360 1007 in
2388 952 2754 1007 admirandam
2778 967 2841 1007 ac
2853 951 3102 1007 stabilem
3121 950 3402 1021 aequalita-

186 1046 528 1115 ρεπεστάτην
556 1062 615 1097 τε
643 1045 741 1098 καὶ
762 1045 1070 1115 θαυμασίαν
1108 1047 1471 1117 συνεσιὸἀσθη
1500 1048 1745 1118 ἰσότητα,

1846 1053 1954 1102 tem
1985 1046 2195 1111 coierit,
2224 1044 2512 1099 Trinitatis
2538 1043 2817 1110 majestate
2858 1042 3028 1097 veluti
3062 1042 3397 1111 splendorem

185 1139 315 1211 [625
342 1138 436 1210 Κ]
472 1142 573 1210 τῆς
601 1140 887 1211 τριαδικῆς
924 1140 1184 1212 θεαρχίας
1208 1142 1397 1214 ῶσπερ
1424 1144 1598 1212 αὑγήν
1628 1160 1749 1196 τινα

1747 1184 1749 1193 ,
1847 1137 2137 1203 quemdam
2171 1151 2235 1191 ac
2266 1136 2439 1191 lucem
2483 1135 2806 1203 accipiente.
2846 1132 2999 1201 Quod
3047 1149 3181 1189 vero
3212 1133 3304 1203 qui
3350 1133 3404 1186 in

185 1231 639 1303 παραδεξαμένη⁷
677 1233 772 1285 καὶ
798 1232 1079 1301 Ελλαμψιν.
1114 1234 1239 1287 Ὅτι
1266 1234 1323 1287 δὲ
1353 1236 1387 1304 η
1436 1236 1495 1286 ὲν
1550 1234 1746 1304 Τριάδι

183 1321 340 1385 τάξις
372 1323 471 1387 τὴν
512 1321 620 1373 τῶν
653 1321 863 1374 πολλῶν
906 1322 1219 1393 οἰκονομίαν
1258 1324 1596 1393 στοχάζεται,
1637 1326 1750 1378 ἀλλ’

183 1412 287 1464 οὑκ
314 1412 422 1465 ἀπὺ
447 1414 546 1481 τῆς
578 1413 891 1483 ὑπερφυοῦς
928 1414 1143 1485 ἐκείνης
1187 1416 1281 1469 καὶ
1330 1417 1570 1487 ἀρρήτου
1627 1418 1753 1487 βλα-

188 1504 375 1557 ο-τάνει
402 1504 646 1571 φύσεως,
677 1507 706 1558 6
727 1506 839 1558 τῶν
885 1508 1214 1577 ἀπορρήτων
1247 1508 1455 1579 μύστης
1485 1509 1749 1570 διδάσκει,

184 1594 243 1655 ὃς
275 1595 372 1647 καὶ
393 1596 485 1647 τὸν
516 1596 643 1648 Υίὸν
671 1596 768 1650 καὶ
790 1596 1015 1667 Πνεῦμα
1044 1597 1339 1668 θεόληπτον
1371 1599 1569 1669 μύησιν
1597 1601 1754 1669 ἔσχεν

186 1684 360 1736 ἐνίοτε
416 1684 513 1737 τοῦ
572 1685 783 1755 [ἰατρὸς
826 1687 1145 1756 προτάττειν
1174 1704 1188 1718 ·
1225 1690 1588 1755 Διαιρέσεις-⁸
1646 1690 1754 1760 γὰρ

187 1774 572 1841 χαρισμάτων
624 1776 766 1838 εἰσί,
812 1776 909 1829 καί
966 1776 1031 1829 τὸ
1072 1778 1240 1838 αὐτὸ,
1274 1779 1427 1847 φησί,
1467 1779 1711 1849 Πνεῦμα
1735 1798 1751 1812 ο

185 1864 510 1932 διαιρέσεις
534 1867 603 1920 δὲ
626 1867 964 1935 διακονιῶν,
987 1871 1085 1923 καὶ
1114 1873 1147 1924 d
1172 1870 1354 1937 αὐτὸς
1382 1873 1596 1939 Κύριος
1615 1889 1630 1904 ο
1655 1874 1753 1927 καί

185 1956 511 2025 διαιρέσεις
539 1957 971 2027 ἐνεργιυιάτων,
1007 1960 1105 2014 καί
1149 1963 1183 2014 d
1222 1963 1401 2029 αὐτὸς
1441 1967 1605 2031 Θεὸς.
1646 1967 1756 2018 Καὶ

186 2049 329 2115 πρὸς
362 2048 601 2112 Γαλάτας
623 2052 666 2081 ⁹⁶
699 2054 938 2118 Παῦλος
986 2057 1020 2108 ό
1062 2056 1427 2122 ἀπόστολος,
1492 2059 1605 2110 οὐκ
1652 2059 1753 2113 ἀπ’

186 2139 516 2206 ἀνθρώπων
552 2141 695 2195 οὐδὲ
737 2143 812 2196 δι’
836 2144 1183 2212 ἀνθρώπων,
1217 2148 1377 2202 ἀλλὰ
1416 2147 1515 2201 διὰ
1561 2150 1756 2217 Ἰησοῦ

187 2231 449 2297 Χριστοῦ
478 2232 572 2285 καί
616 2233 766 2288 Θεοῦ
795 2239 1044 2304 Πατρός.
1082 2238 1245 2292 Ὥστε
1270 2240 1332 2292 τὸ
1362 2241 1757 2309 προτάττεσθαι

189 2323 288 2371 καὶ
317 2320 717 2375 ὑποτάττεσθαι
763 2324 831 2377 τὰ
854 2325 895 2355 ⁸ο
928 2326 1026 2394 τῆς
1056 2326 1353 2398 θεαρχικῆς
1384 2329 1614 2399 Τριάδος
1663 2331 1758 2385 καὶ

189 2413 379 2465 πᾶσαν
400 2413 553 2477 τάξιν
582 2415 673 2467 καὶ
710 2415 887 2468 πάντα
915 2416 1070 2484 λόγον
1110 2419 1480 2490 ὑπερεχούσης
1522 2422 1760 2492 ὀνόματα

189 2504 293 2572 οὑχ
352 2504 542 2573 εἰρμόν
598 2522 723 2583 τινα
777 2508 1004 2574 φυσικὸν
1061 2508 1316 2574 διασώζει
1362 2512 1585 2577 τάξεως,
1626 2514 1761 2567 ἀλλά

192 2596 336 2664 πρὸς
364 2596 463 2665 τὴν
494 2596 604 2648 τῶν
634 2598 919 2667 ἀκροατῶν
953 2601 1229 2669 σωτηρίαν
1275 2604 1640 2675 οἰκονομεῖται
1669 2608 1763 2661 καὶ

192 2686 638 2739 διαποικίλλεται.
691 2688 876 2742 Ταῦτα
918 2690 1015 2759 μὲν
1063 2690 1158 2744 οῦν
1186 2693 1227 2724 ¹¹
1284 2696 1312 2747 6
1346 2695 1552 2759 κλεινός
1579 2714 1638 2749 τε
1668 2700 1763 2751 καί

192 2773 305 2825 τῶν
340 2773 498 2827 θείων
530 2776 866 2845 μαθημάτων
893 2778 1157 2849 διάπυρος
1179 2782 1414 2853 ἐραστὴς
1438 2785 1576 2838 κατά
1593 2787 1655 2839 τὸ
1683 2787 1763 2840 λα’

194 2880 255 2915 τε
295 2864 395 2917 καὶ
433 2865 477 2935 β’
510 2867 806 2936 κεφάλαιον
835 2870 1337 2944 φιλοπονησάμενος
1380 2880 1766 2951 ἐπραγματεύ-

196 2972 229 3007 σ
235 2972 353 3008 ατο.

282 3048 372 3099 Ἐν
402 3048 459 3100 δὲ
490 3049 568 3119 τῷ
598 3049 724 3121 ἑξῆς
752 3054 1032 3124 κεφαλαίῳ
1078 3056 1260 3121 αἰτίας
1305 3059 1486 3130 τίθησι
1536 3062 1604 3115 δι’
1635 3063 1702 3128 ἃς
1732 3067 1765 3136 ἡ

1852 1231 2117 1284 Trinitate
2163 1228 2438 1291 estordo,
2486 1227 2631 1294 vulgi
2668 1228 2930 1281 duntaxat
2997 1224 3405 1280 ordinationem

1850 1329 2080 1388 spectet,
2125 1334 2231 1374 non
2263 1328 2440 1372 autem
2478 1332 2547 1372 ex
2596 1315 2852 1371 ineffabili
2898 1323 2955 1370 et
3006 1311 3406 1383 supernaturali

1852 1421 2043 1464 natura
2071 1417 2376 1477 promanet,
2412 1421 2733 1461 arcanorum
2768 1406 2860 1461 ille
2891 1413 3067 1476 mysta
3102 1404 3279 1467 docet,
3302 1402 3397 1473 qui

1852 1500 2109 1553 divinitus
2153 1512 2273 1551 eam
2327 1496 2716 1550 institutionem
2751 1494 2979 1562 accepit,
3016 1504 3075 1547 ut
3116 1491 3309 1547 Filium
3345 1501 3401 1545 et

1854 1588 2116 1656 Spiritum
2154 1586 2475 1654 quandoque
2515 1594 2640 1639 ante
2680 1582 2895 1637 Patrem
2948 1582 3153 1637 locaret
3189 1602 3202 1637 :
3254 1582 3405 1636 Divi-

1854 1679 2022 1732 siones
2076 1677 2214 1729 enim
2265 1676 2560 1743 gratiarum
2617 1685 2763 1738 sunt,
2819 1673 3015 1743 inquit,
3063 1674 3201 1726 idem
3240 1684 3412 1726 autem

1857 1766 2084 1835 Spiritus
2117 1783 2137 1821 :
2168 1766 2445 1819 divisiones
2475 1765 2948 1828 ministrationum,
2982 1773 3031 1817 et
3058 1764 3193 1818 idem
3224 1763 3411 1816 Domi-

1861 1872 1957 1909 nus
1977 1871 1995 1908 :
2019 1864 2068 1909 et
2113 1856 2389 1908 divisiones
2433 1854 2815 1921 operationum,
2842 1853 3078 1923 idemque
3103 1852 3241 1907 Deus
3264 1852 3315 1905 δ.
3332 1851 3413 1907 Λᾶ

1862 1946 2080 2001 Galatas
2109 1960 2320 2014 quoque
2346 1945 2588 2000 scribens
2612 1959 2633 1998 :
2657 1942 2860 1997 Paulus
2900 1943 3188 2012 apostolus,
3221 1960 3322 1997 non
3348 1942 3412 1995 ab

1862 2036 2178 2100 hominibus,
2215 2052 2378 2104 neque
2420 2050 2511 2102 per
2549 2034 2805 2098 homines,
2832 2034 2921 2088 sed
2946 2050 3035 2104 per
3055 2033 3237 2088 Iesum
3269 2032 3415 2087 Chri-

1862 2138 2018 2191 stum,
2048 2135 2096 2181 et
2121 2126 2283 2180 Deum
2300 2124 2514 2179 Patrem
2535 2135 2584 2177 α.
2603 2122 2782 2190 Quare
2797 2124 2938 2193 quod
2961 2124 3156 2178 divinae
3184 2122 3414 2177 Trinita-

1865 2223 1959 2286 tis,
1990 2234 2109 2289 qua’:
2134 2234 2351 2273 omnem
2386 2227 2439 2272 et
2478 2218 2723 2272 ordinem
2756 2228 2811 2271 et
2843 2231 3147 2271 sermonem
3179 2216 3409 2279 excedit,

1864 2310 2080 2363 nomina
2118 2306 2277 2361 modo
2323 2317 2727 2377 praeponantur,
2770 2308 2927 2363 modo
2980 2316 3367 2375 postponantur
3394 2347 3409 2371 ,

1866 2418 1973 2456 non
2009 2402 2057 2454 id
2092 2401 2289 2455 seriem
2325 2400 2563 2469 aliquam
2608 2402 2906 2456 naturalem
2961 2412 3160 2464 tuetur,
3201 2400 3292 2456 sed
3347 2400 3413 2454 ad

1866 2494 2169 2548 auditorum
2202 2493 2432 2547 salutem
2460 2494 2608 2548 varie
2630 2496 3089 2550 accommodatur.
3128 2494 3252 2549 Hac
3290 2508 3416 2548 vero

1868 2586 2099 2657 inclytus
2148 2588 2454 2655 ardensque
2494 2587 2803 2641 divinarum
2843 2587 3246 2659 disciplinarum
3270 2602 3417 2641 ama-

1871 2689 1952 2731 tor
1982 2678 2255 2732 tricesimo
2289 2678 2461 2746 primo
2494 2679 2672 2746 capite
2693 2688 2747 2733 et
2772 2678 2946 2735 altero
2993 2680 3241 2735 studiose
3268 2678 3417 2733 labo-

1870 2769 2039 2823 rando
2062 2768 2433 2839 pertractavit.

1943 3068 2034 3123 35.
2080 3065 2335 3121 Proximo
2381 3064 2577 3121 deliine
2620 3065 2798 3131 capite
2860 3079 3055 3119 causas
3098 3063 3293 3127 reddit,
3324 3078 3424 3117 cur

198 3139 413 3241 Παλαιὰ
446 3144 539 3193 καὶ
562 3143 939 3241 Νέα-Διαθήκη
969 3145 1048 3215 τῷ
1070 3147 1358 3219 δυσλήπτῳ
1378 3169 1435 3203 τε
1458 3155 1551 3205 καί
1577 3154 1767 3225 δυσερ-
1797 3187 1837 3241 C

1797 3187 1837 3241 ε
1876 3164 1981 3208 lam
2027 3153 2235 3209 Novum
2281 3170 2441 3223 quam
2480 3152 2648 3208 Vetus
2699 3153 3104 3207 Testamentum
3147 3151 3424 3206 intellectu

198 3234 455 3302 μηνεύτῳ
498 3236 848 3302 ποικίλλεται,
877 3239 924 3289 εἰ
957 3241 1050 3290 καὶ
1105 3240 1305 3310 μᾶλλον
1344 3243 1500 3315 μὲνή
1536 3246 1767 3309 Παλαιὰ,

193 3321 363 3395 ἦττον
390 3323 447 3376 δὲ
476 3326 543 3377 τά
580 3327 679 3395 τῆς
708 3329 947 3397 χάριτος.
970 3330 1080 3383 Καὶ
1102 3333 1197 3385 ἐπὶ
1230 3334 1330 3402 μὲν
1355 3334 1448 3387 τοῦ
1478 3338 1773 3392 Μωσαῖκοῦ

196 3416 529 3485 γράμματός
561 3435 724 3487 φησιν
766 3420 871 3485 ὅτι,
904 3422 1027 3475 ἐπεὶ
1056 3423 1229 3487 τύπος
1253 3421 1322 3496 ἦν
1351 3428 1445 3479 καί
1493 3430 1621 3482 σκιά
1666 3431 1775 3483 τῶν

199 3507 509 3575 μελλόντων
540 3510 781 3576 ἀγαθῶν,
812 3513 1035 3574 εἰκότως
1056 3515 1130 3578 ὡς
1164 3516 1222 3568 έν
1248 3520 1382 3588 σκιᾷ
1410 3536 1470 3571 τε
1498 3522 1591 3573 καὶ
1616 3522 1772 3592 τύπῳ

196 3600 295 3649 καὶ
354 3599 495 3650 αὑτὰ
517 3600 559 3629 ¹⁸
587 3602 654 3651 τὰ
686 3602 905 3669 ῥήματα
953 3604 1049 3656 καὶ
1079 3606 1181 3674 τὴν
1222 3608 1330 3659 τῶν
1362 3611 1621 3679 ῥημάτων
1659 3630 1776 3666 συν-

198 3680 383 3750 θήκην
413 3682 795 3752 προόἀλλεται,
830 3688 898 3739 δι’
930 3685 1007 3743 ὧν
1035 3696 1232 3762 κρατεῖ
1268 3695 1302 3763 ἡ
1340 3696 1595 3765 ἀσάφεια.
1628 3701 1776 3773 Πλὴν

198 3773 443 3861 γεκατά
483 3775 580 3836 τὰς
612 3774 805 3839 διπλᾶς
850 3781 948 3848 τῆς
989 3782 1311 3851 νομοθεσίας
1348 3786 1561 3852 πλάκας
1582 3789 1776 3861 διπλῆν

200 3859 300 3910 καὶ
337 3859 439 3926 τὴν
479 3862 668 3931 χρείαν
720 3867 1041 3935 παρέχεται,
1078 3871 1192 3933 τοῖς
1253 3873 1355 3943 μὲν
1405 3859 1774 3949 ἀνασεὸηκόσι

200 3951 298 4044 τὸν
332 3951 458 4003 νοῦν
494 3953 592 4023 τὴν
631 3955 827 4027 αῐγλην
867 3958 1071 4014 ἔσωθεν
1116 3964 1647 4036 ἀπαστράπτοντα¹³
1676 3975 1777 4044 τὴν

199 4043 300 4093 τοῦ
331 4044 667 4111 Πνεύματος,
695 4050 821 4112 τοὺς
857 4050 915 4103 δὲ
964 4054 1306 4125 παχυτέρους
1338 4043 1777 4131 ψυχαγωγοῦντά

200 4138 269 4199 τῇ
322 4137 663 4209 σκιαγραφία
701 4141 797 4195 τοῦ
843 4144 1188 4214 γράμματος.
1240 4149 1576 4222 Ἐκέκρυπτο
1613 4156 1671 4209 δὲ
1708 4159 1779 4211 τὰ

206 4225 475 4291 μέλλοντα
509 4230 709 4296 ἀγαθὰ,
741 4225 818 4285 ὦν
844 4236 878 4303 ἡ
905 4235 1004 4304 τῆς
1032 4236 1261 4306 Τριάδος
1299 4242 1499 4308 γνῶσις
1522 4246 1587 4297 τὸ
1610 4250 1779 4316 κεφά-

203 4317 383 4408 λαιον,
406 4319 475 4371 δι’
506 4321 575 4383 ἀς
623 4324 803 4386 αἰτίας
846 4326 1105 4391 πολλάκις
1148 4332 1587 4404 ἀποδεδώκαμεν,
1638 4338 1779 4408 λέγω

202 4407 273 4475 δὴ
308 4407 399 4461 διά
434 4426 495 4462 τε
532 4411 640 4463 τῶν
681 4414 962 4483 ἀκροατῶν
996 4417 1057 4470 τὸ
1097 4419 1319 4485 ἀσθενὲς
1347 4427 1441 4476 καί
1482 4426 1573 4479 διὰ
1596 4428 1659 4481 τὸ
1683 4407 1779 4483 λα-

1874 3257 2033 3315 atque
2070 3247 2357 3315 explanatu
2397 3245 2706 3300 dillicilibus
2753 3245 2884 3298 locis
2934 3243 3283 3298 intertextum
3333 3244 3427 3308 sit,

1872 3338 1971 3392 etsi
2020 3337 2184 3391 Vetus
2230 3337 2637 3392 Testamentum
2676 3336 2814 3405 plus,
2847 3336 3026 3391 minus
3066 3351 3195 3391 vero
3219 3334 3427 3390 Novum

1876 3428 2180 3497 liujusntodi
2228 3428 2600 3483 diﬂicultatum
2630 3429 2850 3482 habeat.
2889 3426 2955 3481 Et
2996 3442 3159 3497 super
3197 3427 3430 3483 Mosaico

1876 3521 2094 3587 quidem
2135 3521 2337 3590 scripto
2374 3519 2625 3587 allirmat,
2668 3518 3104 3590 quandoquidem
3140 3530 3297 3590 typus
3339 3522 3428 3574 illa

1875 3623 2029 3666 erant
2062 3623 2118 3666 et
2146 3614 2336 3667 umbra
2374 3611 2676 3667 futurorum
2713 3612 2997 3673 bonorum,
3056 3611 3250 3665 merito
3291 3620 3349 3665 ut
3376 3612 3428 3665 in

1878 3712 2004 3773 typo
2026 3715 2186 3772 atque
2207 3708 2397 3758 umbra
2420 3718 2542 3758 cum
2572 3703 2738 3764 verba
2765 3712 2877 3755 tum
2905 3700 3192 3756 verborum
3214 3716 3434 3772 compo-

1876 3795 2125 3850 sitionem
2154 3795 2417 3862 ejusmodi
2440 3795 2708 3865 proferre,
2745 3809 2843 3865 per
2877 3809 2997 3863 quae
3039 3804 3311 3849 cresceret
3333 3794 3433 3849 ob-

1877 3888 2131 3942 scuritas.
2158 3888 2474 3956 Quanquam
2501 3887 2615 3942 haec
2640 3886 2695 3940 in
2722 3885 3031 3954 duplicibus
3049 3884 3184 3955 legis
3209 3884 3428 3950 tabulis,

1877 3979 2143 4046 geminam
2185 3993 2401 4049 quoque
2446 3978 2733 4032 utilitatem
2777 3983 3075 4046 praebeant,
3120 3991 3241 4032 cum
3286 3986 3340 4031 et
3369 3978 3438 4033 iis

1876 4072 1965 4137 qui
2027 4080 2203 4124 mente
2284 4071 2445 4125 altius
2527 4071 2920 4135 ascenderunt,
2974 4068 3166 4139 197a
3214 4069 3439 4125 interius

1878 4175 2037 4213 suum
2065 4162 2286 4228 spiritus
2328 4162 2504 4216 lumen
2531 4161 2695 4215 veluti
2734 4160 3096 4221 aﬂulutinant,
3122 4170 3176 4213 et
3202 4156 3437 4213 crassio-

1881 4268 1968 4305 res
2006 4252 2197 4306 littcrte
2236 4253 2645 4307 obumbratione
2685 4253 2971 4307 delectant.
3018 4248 3439 4306 Abscondeban-

1883 4353 1969 4397 tur
1992 4354 2172 4398 autem
2204 4342 2383 4397 futura
2411 4343 2571 4409 bona,
2597 4345 2651 4397 in
2678 4344 2873 4413 quibus
2898 4344 3135 4413 cognitio
3159 4338 3441 4395 Trinitatis

1882 4444 2043 4505 caput
2080 4446 2185 4501 est,
2217 4437 2287 4491 ob
2322 4451 2417 4491 eas
2458 4433 2738 4507 [maxime]
2770 4449 2961 4489 causas
2982 4474 2998 4498 ,
3024 4448 3159 4501 quas
3185 4433 3297 4501 jam
3334 4447 3439 4486 se,

204 4498 323 4551 Οεῖν
357 4501 448 4554 τδν
476 4502 714 4571 ἄρχοντα
761 4506 857 4559 τοῦ
912 4508 1160 4574 σκότους,
1214 4517 1308 4566 καὶ
1352 4516 1536 4585 τρίτον
1585 4520 1673 4574 ῐνα
1714 4524 1777 4575 ὲκ
1809 4509 1851 4563 D

1809 4509 1851 4563 Ι)
1880 4498 2179 4597 penumero
2210 4498 2563 4591 tradidimus,
2592 4498 2811 4595 propter
2838 4498 3169 4579 audienlium
3187 4498 3440 4576 imbecil-

206 4592 383 4686 μέσου
416 4595 694 4658 παντελῶς
737 4598 877 4669 ἀρθῇ
926 4601 988 4652 τὸ
1036 4603 1316 4670 πολύθεον,
1347 4610 1617 4680 μηδεμιᾶς
1647 4632 1781 4686 προ-

204 4685 431 4748 φάσεως
456 4688 570 4748 τοῖς
602 4688 1041 4759 πεπλανημένοις
1071 4712 1136 4747 τε
1158 4698 1250 4749 καί
1285 4700 1683 4773 ἀμαθεστέρους
1716 4710 1780 4761 ὲκ

201 4774 305 4826 τοῦ
347 4776 448 4844 τὴν
473 4777 678 4847 Τριάδα
714 4783 1081 4851 κηρύττεσθαι
1115 4790 1303 4857 σαφῶς
1338 4793 1429 4844 καί
1460 4797 1632 4864 χωρὶς
1665 4816 1775 4852 πα-

205 4868 657 4937 ρακαλυμμάτων
700 4874 1133 4947 ὑπολειπομένης
1182 4880 1321 4945 πρὸς
1352 4883 1643 4954 πλάνησιν,
1672 4890 1779 4942 Καὶ

204 4960 354 5012 ἔοικε
384 4961 453 5014 τά
486 4962 607 5031 ἰερὰ
638 4963 945 5033 Γράμματα
985 4970 1253 5038 χρυσίτιδι
1289 4976 1381 5044 γῇ,
1410 4976 1533 5045 ἦτις
1569 4980 1629 5031 οὑ
1666 4984 1776 5034 πᾶ-

204 5066 297 5103 σιν
317 5049 440 5102 οὑδὲ
467 5054 578 5113 τοῖς
602 5054 874 5121 τυχοῦσιν,
901 5053 1027 5126 [524
1052 5056 1147 5129 Η.]
1174 5059 1310 5113 ἀλλά
1339 5065 1451 5125 τοῖς
1474 5065 1776 5132 φιλοπόνως

202 5142 307 5194 καὶ
339 5144 719 5212 ἐπιστημόνως
752 5146 1143 5215 μεταλλεύουσι
1172 5150 1233 5202 τό
1264 5168 1323 5203 τε
1362 5157 1587 5224 χρυσίον
1630 5159 1777 5213 δόκι-

206 5250 315 5300 μον
365 5234 462 5286 καὶ
507 5236 568 5287 τὸ
620 5237 807 5307 κέρδος
861 5240 969 5293 τῶν
1021 5241 1201 5295 πόνων
1240 5244 1425 5313 μεῖζον
1455 5250 1775 5321 παρέχεται.

203 5325 426 5394 Ὠσπερ
451 5322 545 5381 οὖν
575 5330 763 5393 πενίας
794 5332 892 5387 οὑκ
939 5332 1340 5388 ἀπαλλάττεται
1382 5339 1411 5391 ό
1441 5339 1541 5411 τὴν
1584 5348 1781 5413 μετα).-

317 5464 345 5504 b
372 5463 387 5516 l
416 5463 541 5520 Cor.
588 5482 684 5535 stt,
716 5467 807 5524 24.
872 5480 894 5507 ε
929 5468 1105 5524 Galat.
1139 5486 1176 5534 ι,
1204 5472 1256 5527 4.

1875 4620 2103 4686 litatem,
2139 4621 2386 4688 inquam,
2425 4630 2590 4687 utque
2624 4617 2972 4672 tenebrarum
3020 4614 3316 4686 principem
3363 4612 3441 4666 la-

1880 4720 2057 4766 terent
2096 4729 2111 4767 :
2155 4711 2447 4765 multorum
2507 4710 2731 4764 deorum
2788 4708 3009 4771 cultus,
3079 4720 3201 4760 cum
3266 4704 3443 4759 nullus

1877 4800 2183 4873 [deinceps]
2215 4800 2525 4857 errantibus
2558 4810 2721 4868 atque
2758 4796 3186 4868 imperitioribus
3231 4793 3441 4848 erroris

1878 4894 1961 4947 sui
1993 4904 2288 4962 praetextas
2317 4894 2717 4961 relinqueretur
2757 4906 2822 4945 ex
2848 4890 2997 4947 clara
3017 4901 3072 4946 et
3102 4888 3323 4943 minime
3346 4900 3443 4940 ve-

1883 4984 1989 5037 lata
2035 4983 2318 5041 Trinitatis
2348 4983 2753 5055 praedicatione.
2788 4982 2855 5038 Ut
2880 4997 3053 5037 sacra:
3088 4979 3306 5035 Littera:
3334 4992 3443 5031 non

1884 5074 2178 5129 dissimiles
2218 5089 2396 5129 aurem
2432 5085 2591 5129 terrm
2636 5073 2944 5136 videantur,
2980 5086 3103 5140 qua:
3137 5084 3238 5123 non
3270 5066 3447 5121 omni-

1886 5167 1985 5220 bus
2007 5181 2180 5234 neque
2204 5166 2529 5236 vulgaribus,
2548 5166 2641 5219 sed
2663 5164 2934 5218 laboriose
2953 5168 3166 5214 tantum
3184 5174 3247 5212 ac
3270 5158 3447 5211 scien-

1887 5266 1970 5311 ter
2018 5258 2500 5326 perscrutantibus,
2558 5272 2749 5309 aurum
2810 5254 3093 5321 probatum
3146 5260 3202 5303 et
3235 5248 3442 5301 lucrum

1888 5348 2074 5404 labore
2119 5347 2291 5417 majus
2324 5350 2548 5419 prabet.
2591 5344 3050 5414 Quemadmodum
3094 5343 3277 5411 itaque
3312 5353 3447 5408 pau-

1487 5592 1720 5650 VARLE
1762 5596 2166 5653 LECTIONES.

204 5747 251 5777 ..
289 5676 506 5777 129.9
534 5680 1505 5777 ’.ἲτῗὲζΞδίεῗὲιέῩἎᾹΡε
1544 5693 2019 5777 ,τιαρειδεξφμέγηγ
2064 5713 2124 5759 ςο
2202 5694 2245 5777 τ.
2278 5691 2526 5777 sane]!
2600 5691 2726 5745 θον·
2760 5661 3441 5777 ill»,*;.'_"§?:l--tz_ll

381 5747 595 5836 πένθ’
672 5752 715 5836 ’,ι
739 5750 831 5804 οὖν
872 5763 926 5806 ει
949 5747 1091 5836 "if":
1122 5747 1207 5836 ,τέ
1248 5747 1373 5835 31m.
1400 5761 1465 5815 Α.
1544 5764 1588 5793 ¹²
1616 5747 1709 5818 καὶ
1732 5747 1867 5836 πρδξ
1891 5747 2030 5820 αὑτά
2206 5766 2248 5797 ¹³
2265 5747 2722 5834 ἀπαστράπτοντα
2748 5770 2805 5815 et
2839 5747 2959 5815 mox
2990 5747 3447 5827 ψυχαγωγοῦντσι

208 5817 416 5875 rectius
449 5819 840 5891 ἀπαστράπτον
878 5851 945 5861 -·
980 5817 1361 5893 ψυχαγωγοῦν.
