4196 6442
728 376 829 442 ’191

1885 374 2147 434 ΡΗΟΤΙΙ
2184 375 2689 435 PATRIARCHE
2720 376 2828 434 (ΣΡ.

3862 373 3969 436 πε

726 494 991 558 pertatem
1021 500 1126 541 non
1148 482 1349 548 evadit,
1381 484 1471 554 qui
1492 484 1730 540 fossiletn
1749 500 1970 540 arenam
2004 502 2295 543 ornamen-

2406 488 2554 557 λικὴν
2596 488 2823 556 ψάμμον
2850 489 2906 539 ἐν
2947 487 3265 558 ώραῖσμῷἢ
3302 488 3545 557 παιδιᾷῆ
3589 487 3728 541 κατά
3766 505 3975 556 μυκτη-

732 578 793 642 ti,
842 576 974 643 ludi,
1021 585 1114 630 aut
1150 574 1262 644 joci
1295 588 1458 629 causa
1508 585 1770 640 tractans,
1829 576 2039 631 nullum
2089 578 2297 632 interea

730 668 966 722 studium
997 667 1237 732 adhibet,
1272 674 1331 719 ut
1353 666 1496 733 quod
1526 667 1627 720 sub
1661 681 1726 722 ea
1771 669 2147 724 absconditum
2173 668 2302 723 latet

734 755 1020 825 investiget
1048 774 1061 807 :
1089 755 1167 809 sic
1198 769 1373 823 neque
1406 755 1788 822 ignorantiam,
1823 772 2002 827 neque
2026 758 2302 826 negligen-

734 850 822 901 tiae
849 848 1328 916 reprehensionem
1363 850 1594 904 evadere
1615 860 1797 917 queat,
1834 852 1947 921 qui,
1978 853 2077 905 soli
2106 852 2301 905 litterae

734 946 1149 1007 adlttereseens,
1186 944 1501 998 thesaurum
1544 945 1597 998 in
1642 946 1755 1013 ipsa
1802 947 2137 1000 reconditum
2190 962 2297 1000 non

734 1044 1031 1100 scrutetur,
1068 1048 1246 1103 neque
1300 1033 1554 1087 latentem
1593 1035 1646 1087 in
1686 1033 1802 1100 ejus
1839 1034 2004 1089 fundo
2040 1051 2298 1089 sensuum

736 1126 1021 1179 utilitatem
1069 1124 1325 1195 colligere
1367 1126 1600 1179 studeat.
1674 1126 1744 1180 Et
1786 1137 1934 1180 certe
1981 1128 2083 1181 hoc
2128 1128 2300 1194 ipstnn

736 1221 881 1287 quod
920 1218 1089 1273 divini
1133 1232 1328 1273 sensus
1360 1217 1526 1271 abditi
1568 1216 1793 1281 lateant,
1838 1219 2068 1283 pretium
2109 1234 2297 1271 eorum

737 1310 1032 1364 maximum
1061 1318 1115 1363 et
1146 1307 1534 1362 sublimitatem
1567 1308 1769 1361 indicat
1804 1325 1817 1361 :
1847 1323 1911 1362 ac
1952 1311 2124 1376 majus
2142 1309 2301 1362 simul

745 1400 1049 1469 inquirendi
1076 1398 1405 1454 desiderium
1440 1399 1507 1452 iis
1534 1399 1709 1467 infigit
1737 1400 1957 1463 animis,
1987 1401 2076 1467 qui
2118 1400 2212 1454 Dei
2250 1411 2305 1455 et

738 1494 949 1549 laboris
974 1508 1213 1549 amorem
1237 1492 1447 1547 inertiae
1488 1501 1847 1558 anteponunt.

810 1584 1112 1639 Judaaorutn
1148 1587 1368 1652 insuper
1418 1583 1755 1651 improbitas,
1794 1592 1843 1634 et
1887 1582 1936 1632 in
1977 1583 2138 1636 rebus
2182 1597 2304 1652 quae

742 1674 963 1728 minime
1002 1676 1331 1743 attingendae
1351 1683 1537 1729 essent
1562 1674 1809 1735 audacia,
1840 1675 2193 1727 obscuritatis
2223 1684 2306 1729 est

744 1769 796 1820 in
827 1765 1004 1821 Veteri
1029 1766 1383 1821 Testamento
1412 1767 1663 1819 nonnulla
1692 1781 1876 1820 causa.
1904 1765 1980 1818 Nu.
2018 1767 2161 1819 enim
2186 1783 2306 1835 qua:

744 1860 1031 1914 manifesta
1082 1869 1267 1914 essent
1298 1860 1362 1912 tle
1389 1859 1608 1913 Christo
1644 1869 1805 1927 atque
1841 1871 2025 1927 aperta
2061 1859 2305 1929 Scriptu-

745 1965 929 2003 rarum
984 1952 1287 2005 testimonia
1320 1950 1773 2005 circnmciderent
1820 1959 1875 2003 et
1920 1952 2303 2017 obliterarent,

747 2041 868 2094 ideo
896 2042 1215 2096 adnmbrate
1240 2056 1301 2095 ea
1338 2052 1674 2110 promuntur.
1707 2040 1893 2096 Tertio
1921 2044 2081 2095 etiam
2130 2059 2196 2097 ne
2225 2043 2308 2097 di-

746 2133 992 2185 vinarum
1026 2134 1445 2201 praeceptionum
1475 2136 1832 2202 contemptrix
1865 2133 2171 2187 Iudaeorum
2210 2152 2305 2187 na-

751 2223 843 2281 tio.
882 2224 924 2275 si
957 2223 1101 2277 clare
1127 2224 1441 2277 didicissent
1465 2224 1773 2277 universam
1808 2225 2099 2293 aliquando
2134 2227 2304 2296 legem

746 2308 1208 2374 prmterﬂuxuram
1230 2351 1244 2374 ,
1273 2322 1436 2379 atque
1455 2313 1505 2365 in
1538 2313 1699 2367 aliam
1722 2314 2030 2383 reipublicae
2051 2315 2303 2384 formam,

751 2414 869 2460 qum
900 2402 1038 2467 apud
1067 2402 1213 2468 ipsos
1243 2404 1294 2455 in
1331 2404 1534 2457 honore
1566 2419 1627 2455 ac
1652 2403 1827 2471 pretio
1849 2415 2023 2469 erant,
2053 2409 2307 2460 transitu-

748 2506 804 2543 ra
844 2508 857 2543 :
893 2492 1061 2561 magis
1084 2493 1249 2546 etiam
1280 2496 1345 2547 ad
1369 2504 1745 2563 contemptum
1783 2509 2181 2565 praeceptorum
2206 2500 2301 2553 Dei

744 2596 809 2632 t'X
848 2581 955 2648 ipsa
973 2583 1076 2635 hac
1100 2583 1246 2636 clara
1271 2586 1575 2653 cognitione
1600 2588 1971 2643 traherentur.
2007 2590 2143 2654 Quid
2161 2592 2304 2645 enim

744 2686 924 2726 amare
950 2674 1145 2728 attinet
1188 2691 1293 2737 me,
1344 2677 1485 2743 quod
1526 2693 1647 2731 mox
1698 2679 2044 2741 dissolvetur,
2074 2693 2128 2735 et
2156 2683 2309 2749 cujus

742 2777 845 2816 non
882 2765 955 2816 ita
986 2767 1152 2819 multo
1185 2776 1304 2833 post
1337 2768 1475 2821 nulla
1493 2770 1597 2823 erit
1624 2769 1869 2824 utilitas?
1898 2770 2188 2839 Propterea
2232 2776 2310 2829 ni-

743 2855 937 2908 mirum
976 2855 1089 2910 hzec
1127 2858 1456 2913 obscuritate
1511 2870 1675 2929 atque
1723 2864 2049 2931 percipiendi
2084 2864 2311 2920 difficul-

744 2954 853 2998 tate
880 2946 1240 3000 involvuntur.
1282 2948 1415 3000 Nam
1454 2950 1497 3003 si
1534 2952 1736 3019 absque
1780 2954 1883 3005 ulla
1923 2970 2086 3008 causa
2117 2958 2310 3013 millies

739 3053 768 3088 a
805 3043 1084 3109 praeceptis
1116 3042 1206 3097 Dei
1240 3045 1587 3101 desciverunt
1643 3047 1836 3113 Judtei,
1868 3065 1987 3103 cum
2026 3067 2200 3121 neque
2245 3056 2310 3106 de

740 3144 925 3185 eorum
952 3134 1252 3188 mutatione
1280 3137 1572 3206 quidquam
1623 3142 1897 3208 cognitum
1936 3143 2218 3208 haberent,
2254 3156 2309 3197 ttt
2336 3173 2380 3233 ο

736 3236 915 3291 neque
956 3227 1097 3293 quod
1137 3228 1450 3295 imperfecta
1502 3239 1558 3283 et
1609 3232 1834 3285 alterius
1875 3233 2073 3302 politiae
2137 3235 2305 3302 ﬁgura

735 3322 919 3367 essent
981 3325 1146 3381 atque
1214 3320 1435 3377 ttmbrm,
1495 3321 1623 3388 quid
1679 3324 1893 3375 tandem
1947 3322 2149 3395 [putas]
2205 3341 2307 3377 non

735 3405 1001 3473 egissent,
1062 3408 1268 3478 197!)
1316 3411 1359 3463 si
1426 3413 1619 3464 tradita
1671 3413 1821 3481 [ipsis
1882 3417 2132 3469 mandata
2201 3429 2312 3470 tan.

736 3496 855 3548 dent
895 3497 1146 3550 solvenda
1200 3509 1363 3565 atque
1415 3501 1673 3553 mutanda
1704 3517 1734 3555 e
1768 3502 2063 3569 Scripturis
2113 3505 2311 3556 (larius

737 3589 1157 3655 cognovissent?
1184 3590 1432 3658 Alioquin
1483 3602 1534 3643 et
1579 3591 1663 3643 illa
1712 3592 2023 3662 disciplinas
2066 3593 2306 3646 tradendi

739 3678 822 3729 lex
850 3679 1047 3745 ubique
1069 3681 1437 3745 obtinebat,ut
1463 3683 1554 3750 qui
1588 3694 1835 3736 recenter
1863 3685 2052 3751 primis
2076 3684 2311 3737 elemen-

737 3767 805 3821 tis
839 3767 1231 3832 imbuerentur,
1266 3772 1331 3824 ad
1367 3771 1713 3839 perfectionis
1740 3789 1909 3841 usque.
1947 3783 2158 3838 tempus
2182 3790 2309 3844 per-

734 3857 958 3912 fectiora
1000 3876 1226 3930 quaeque
1274 3862 1625 3917 celarentur:
1674 3866 1768 3918 sed
1814 3865 2120 3919 rudioribus
2172 3870 2312 3920 συη-

737 3960 885 4003 taxat
933 3954 1217 4021 praeceptis
1256 3954 1504 4023 discipuli
1537 3957 1603 4010 ad
1642 3956 2002 4025 perfectorum
2033 3959 2311 4029 cognitio-

737 4057 859 4095 nem
898 4044 1303 4112 percipiendam
1338 4058 1799 4115 prmpararentur.
1842 4048 2043 4103 Praeter
2067 4052 2179 4106 haec
2205 4069 2303 4106 au-

736 4147 841 4189 tem
869 4136 1031 4188 etiam
1083 4144 1331 4189 naturam
1385 4137 1457 4189 ita
1511 4140 1841 4207 gubernari,
1895 4151 1949 4193 et
1993 4157 2159 4210 opera
2213 4160 2306 4198 sua

735 4239 924 4295 regere
982 4227 1246 4284 videmus.
1327 4229 1505 4283 Prima
1582 4230 1725 4284 enim
1797 4234 2058 4287 sementis
2149 4247 2310 4304 atque

730 4320 939 4373 semina
987 4319 1280 4388 perfectam
1312 4321 1364 4373 in
1411 4335 1470 4375 se
1514 4322 1749 4390 speciem
1781 4322 1925 4376 clare
1970 4339 2307 4393 nequaquam

730 4413 1048 4476 ostendunt,
1086 4414 1180 4467 sed
1221 4413 1339 4482 ejus
1375 4422 1582 4468 tantum
1617 4415 1855 4469 rationes
1887 4416 2099 4470 abditas
2132 4420 2307 4471 conti-

2402 578 2593 647 ρισμὸν
2652 577 3034 645 ἐπαφώμενος,
3068 579 3221 631 οὐδὲν
3275 580 3330 630 δέ
3373 578 3674 645 φιλοπονῶν
3727 578 3840 629 οὔδ’
3872 580 3970 629 ἀν-

2403 671 2626 739 ιχνεύων
2658 670 2721 721 τὸ
2754 670 2859 723 ύπδ
2905 670 3111 739 ταύτης
3142 670 3540 739 κρυπτόμενον,
3570 669 3743 731 οῦτως
3775 670 3877 721 ούκ
3905 670 3974 721 ἂν

2400 761 2621 827 ἀγνοίας
2670 760 3011 829 ἀπαλλαγείη
3047 759 3167 812 ούδέ
3216 760 3314 827 τῆς
3359 760 3589 828 ἐχούσης
3644 760 3769 821 τοὺς
3804 758 3975 827 ῥᾳθύ-

2403 868 2536 918 μους
2560 852 2856 913 αίτιάσεως
2886 855 2914 903 ό
2938 851 3017 921 τῷ
3045 851 3334 920 γράμματι
3368 852 3513 921 μόνῳ
3543 852 3972 921 περιφυόμενθς.

2400 942 2489 992 τὸν
2517 941 2572 993 δὲ
2606 943 2663 992 ἐν
2709 940 2856 1011 αύτῷ
2889 941 3162 1010 θησαυρὸν
3199 942 3298 995 οὐκ
3324 941 3650 1009 ἀνερευνῶν,
3682 940 3885 993 οὐδὲτὸ
3919 943 3976 992 ἐν

2404 1034 2555 1103 βάθει
2608 1035 2797 1105 κέρδος
2848 1034 2958 1087 τῶν
2987 1036 3274 1104 νοημάτων
3323 1034 3735 1103 ἀναλεγόμενος.
3780 1033 3976 1085 Καίτοι

2402 1128 2496 1178 καὶ
2529 1126 2661 1179 αὐτὸ
2692 1126 2753 1177 τὸ
2783 1124 3089 1196 κεκρύφθαι
3142 1125 3209 1176 τά
3263 1124 3381 1177 θεῖα
3415 1125 3662 1193 νοήματα
3688 1123 3747 1175 τὸ
3776 1123 3977 1191 τιμιώ-

2402 1236 2562 1272 τατον
2586 1218 2770 1278 αὐτοῖς
2824 1217 2919 1268 καὶ
2968 1216 3169 1284 ὑψηλὸν
3197 1216 3652 1285 ἐπιμαρτύρεται,
3686 1215 3784 1267 καὶ
3808 1217 3977 1269 πόθον

2404 1310 2741 1381 ἐγκεντρίςει
2791 1310 2992 1379 μᾶλλον
3025 1310 3304 1379 ζητήσεως
3333 1312 3453 1371 ταῖς
3478 1310 3695 1377 ψυχαῖς,
3721 1308 3846 1361 ὅσαι
3872 1309 3979 1378 πρὸ

2404 1404 2504 1467 τῆς
2538 1400 2819 1473 ῥᾳστώνης
2850 1402 2910 1453 τὸ
2938 1399 3183 1467 θεοφιλές
3218 1416 3279 1451 τε
3336 1399 3429 1452 καὶ
3458 1398 3743 1466 φιλόπονον
3771 1397 3980 1467 ἔμπρο-

2408 1494 2535 1547 σθεν
2566 1494 2780 1559 ἄγουσι.

2479 1585 2607 1658 [6ἓὸ
2649 1584 2742 1656 IL]
2775 1584 2883 1637 Καὶ
2912 1584 2973 1637 τδ
3013 1583 3320 1654 κακοῦργον
3352 1582 3409 1635 δὲ
3433 1582 3543 1635 τῶν
3585 1580 3857 1633 Ἰουδαίων
3885 1578 3981 1631 καὶ

2406 1678 2678 1747 τολμηρὸν
2712 1676 2838 1746 περὶ
2868 1675 2935 1728 τά
2970 1676 3252 1744 ἀτόλμητα
3290 1673 3389 1741 τῆς
3416 1673 3557 1725 κατά
3593 1671 3691 1740 τὴν
3737 1669 3980 1722 Παλαιὰν

2409 1770 2677 1836 ἀσαφείας
2706 1770 2878 1821 αἴτιον
2902 1783 2917 1799 ο
2950 1768 3036 1819 ἶνα
3062 1767 3171 1834 γὰρ
3195 1766 3268 1835 μὴ
3294 1765 3391 1827 τὰς
3415 1763 3542 1832 περὶ
3565 1760 3801 1832 Χριστοῦ
3837 1776 3980 1830 μαρο

2407 1862 2597 1930 τυρίας
2646 1858 2707 1911 τὸ
2748 1858 3047 1929 περιφανὲς
3095 1858 3188 1909 καὶ
3245 1855 3541 1923 κατάδηλον
3592 1852 3827 1921 ἐχούσας
3868 1850 3982 1903 τῶν

2407 1949 2639 2020 Γραφῶν
2691 1947 3028 2018 περικόψωσι
3085 1948 3182 2000 καὶ
3239 1946 3638 2011 ἐξαφανίσωσι,
3683 1942 3771 1994 διὰ
3822 1941 3982 1994 τοῦτο

2411 2044 2548 2114 μετά
2606 2041 2701 2095 τοῦ
2753 2040 3215 2108 συνεσκιασμένου
3271 2037 3442 2090 ταῦτα
3491 2036 3809 2103 προάγεται.
3870 2035 3981 2086 Καὶ

2406 2134 2609 2203 τρίτον,
2636 2134 2718 2184 ὅτι
2740 2130 3001 2199 ὀλίγωρος
3028 2130 3102 2180 ὢν
3121 2129 3165 2158 ¹⁸
3193 2128 3285 2179 καὶ
3309 2128 3415 2179 τῶν
3444 2127 3601 2179 θείων
3632 2126 3984 2194 προσταγμά-

2406 2242 2516 2276 των
2566 2222 2980 2291 καταφρονητὴς
3029 2222 3057 2272 ὁ
3107 2219 3215 2271 τῶν
3261 2218 3527 2271 Ἰουδαίων
3579 2218 3740 2279 λαὸς,
3774 2217 3865 2268 ἵνα
3906 2217 3981 2285 μὴ

2413 2315 2677 2385 μαθόντες
2719 2314 2904 2382 σαφῶς
2933 2314 3009 2375 ώς
3032 2312 3099 2365 τὰ
3141 2311 3236 2363 τοῦ
3268 2311 3434 2379 νόμου
3471 2312 3646 2362 πάντα
3678 2310 3941 2377 ρυήσεται
3962 2349 3979 2372 ,

2409 2411 2486 2472 είς
2519 2408 2713 2478 ἑτέραν
2737 2408 2794 2459 δὲ
2824 2405 3098 2458 πολιτείαν
3130 2403 3166 2457 ἃ
3200 2403 3327 2471 παρ’
3367 2402 3549 2463 αὐτοῖς
3581 2403 3695 2452 ἐστι
3734 2399 3894 2468 τίμιά
3922 2415 3981 2449 τε

2410 2502 2505 2554 καὶ
2540 2498 2953 2566 σπουδαζόμενα
2986 2495 3406 2565 μεταστήσεται,
3434 2494 3495 2543 ἐκ
3523 2491 3580 2543 δὲ
3601 2490 3703 2559 τῆς
3728 2488 3984 2557 τοιαύτης

2411 2591 2686 2663 ἐμφανοῦς
2722 2588 3069 2656 ἐπιγνώσεως
3102 2586 3265 2639 πλέον
3306 2602 3364 2637 τε
3398 2586 3439 2616 ¹³
3490 2584 3626 2651 πρὸς
3667 2584 3767 2651 τὴν
3806 2583 3982 2650 ὑπερ-

2410 2686 2569 2753 οψίαν
2621 2683 2836 2752 ὑπαχθῇ
2888 2681 2997 2733 τῶν
3026 2679 3487 2748 προσταγμάτων,
3544 2676 3619 2740 (τί
3668 2674 3779 2742 γάρ
3809 2690 3876 2741 με
3904 2673 3985 2724 δεῖ

2414 2775 2661 2845 στέργειν
2696 2773 2731 2826 ἃ.
2768 2772 2908 2841 μετὰ
2956 2770 3149 2840 μικρὸν
3178 2768 3471 2837 λυθήσεται
3512 2768 3605 2817 καὶ
3636 2758 3710 2816 ὧν
3748 2764 3810 2814 ού
3844 2764 3981 2831 μετὰ

2414 2867 2587 2936 βραχὺ
2613 2865 2674 2917 τὸ
2694 2862 3013 2932 ἀνόνητον;)
3040 2859 3127 2912 διά
3156 2860 3313 2911 τοῦτο
3334 2860 3401 2928 τῇ
3430 2856 3667 2924 ἀσαφείᾳ
3692 2855 3867 2907 ταῦτα
3892 2855 3981 2905 καὶ

2409 2958 2488 3027 τῷ
2519 2956 2809 3024 δυσλὴπτῳ
2859 2951 3346 3022 περικαλύπτεται.
3404 2950 3463 3000 Εἰ
3506 2949 3615 3014 γάρ
3670 2946 3764 2998 καὶ
3813 2946 3981 3014 χωρὶς

2411 3050 2739 3121 προφάσεως
2798 3046 3057 3117 μυριάκις
3088 3042 3196 3094 τῶν
3222 3041 3317 3093 τοῦ
3355 3040 3493 3093 Θεοῦ
3542 3040 3982 3109 προσταγμάτων

2411 3143 2754 3210 ἀπέστησαν,
2782 3138 2921 3206 μήτε
2951 3134 3280 3204 μετάστασιν
3308 3132 3491 3184 αὐτῶν
3515 3131 3820 3197 ἐγνωκότες
3846 3132 3980 3199 μήτε

2410 3233 2492 3284 ὅτι
2521 3231 2583 3282 τὸ
2629 3228 2817 3288 ἀτελὲς
2841 3225 3023 3295 ἔχουσι
3060 3224 3195 3292 μήτε
3232 3223 3313 3274 ὅτι
3341 3221 3616 3282 πολιτείας
3649 3221 3850 3288 ἐτέρας
3880 3220 3983 3271 εἰσὶ

2411 3322 2571 3375 τύποι
2598 3319 2692 3372 καὶ
2718 3318 3049 3385 σκιάσματα,
3078 3315 3129 3367 τί
3161 3316 3260 3365 οὐκ
3281 3314 3347 3366 ἂν
3367 3313 3621 3380 ἔδρασαν,
3643 3312 3691 3362 εἰ
3717 3312 3776 3376 ἐξ
3802 3310 3983 3363 αὐτῶν

2413 3412 2638 3465 ἐκείνων
2692 3409 2878 3474 σαφῶς
2928 3407 3027 3475 τὴν
3081 3405 3289 3456 οἰκείαν
3342 3402 3497 3455 λύσιν
3534 3401 3632 3455 καὶ
3694 3400 3983 3470 μετάθεσιν

2412 3502 2715 3571 ἐμάνθανον
2742 3500 2784 3529 ¹⁶
2808 3515 2823 3562 ;
2855 3497 3029 3559 ἄλλως
3060 3512 3120 3547 τε
3148 3495 3205 3547 δὲ
3234 3494 3329 3547 καὶ
3357 3494 3517 3563 νόμος
3546 3491 3822 3560 πανταχοῦ
3840 3507 3980 3562 κρα-

2411 3594 2521 3646 τῶν
2565 3589 2943 3652 διδασκαλίας,
2994 3588 3107 3649 τοῖς
3137 3586 3260 3655 ἄρτι
3307 3585 3767 3653 στοιχειουμένοις
3795 3585 3866 3634 τά
3898 3598 3983 3635 τε·

2411 3684 2653 3751 λεώτερα
2686 3682 2847 3751 μέχρι
2878 3678 3069 3748 καιροῦ
3103 3677 3202 3745 τῆς
3229 3677 3561 3738 τελειώσεως
3600 3674 3981 3741 συγκαλύπτε-

2413 3778 2575 3837 σθαι,
2636 3774 3020 3839 εἱσαγωγικοῖς
3077 3771 3135 3822 δὲ
3187 3768 3519 3838 παιδεύμασι
3575 3767 3669 3819 τὸν
3734 3768 3982 3836 μαθητὴν

2412 3862 2959 3939 προπαρασκευάζειν
2992 3860 3127 3930 πρὸς
3157 3860 3257 3929 τὴν
3282 3860 3389 3913 τῶν
3428 3859 3778 3927 τελεωτέρων
3815 3875 3981 3911 x210-

2411 3962 2618 4030 νόησιν.
2658 3958 2780 4009 Ἐπὶ
2802 3956 2859 4008 δὲ
2887 3957 2999 4014 τοίς
3028 3952 3360 4024 εἰρημένοις,
3384 3953 3479 4005 καὶ
3499 3952 3596 4022 τὴν
3625 3952 3789 4019 φύσιν
3812 3950 3985 4011 οὕτως

2410 4049 2792 4117 οίακιζομένην
2834 4061 2893 4097 τε
2944 4043 3037 4095 καὶ⁸
3088 4042 3157 4094 τὰ
3200 4044 3375 4095 οἰκεῖα
3423 4042 3561 4110 ἔργα
3615 4042 3983 4111 ρυθμὶζουσαν

2410 4144 2647 4214 ὁρῶμεν.
2681 4140 2745 4191 Al
2772 4137 2882 4208 γὰρ
2914 4136 3128 4204 πρῶται
3149 4133 3447 4186 καταϐολαὶ
3483 4133 3663 4184 καὶτὰ
3692 4133 3983 4202 σπέρματα

2411 4235 2471 4288 τὸ
2508 4233 2608 4301 μὲν
2650 4230 2854 4282 τέλειον
2911 4222 3049 4289 εἶδος
3101 4228 3159 4278 ἐν
3203 4227 3414 4287 ἑαυτοῖς
3460 4223 3718 4293 ἐμφανῶς
3764 4225 3827 4275 οὐ
3876 4226 3981 4276 δει-

2410 4325 2655 4387 κνύουσι,
2677 4320 2866 4373 τούτου
2895 4318 2954 4371 δὲ
2981 4319 3107 4380 τοὺς
3147 4317 3338 4384 λόγους
3378 4316 3873 4384 ἐγκεκρυμμένους

2414 4430 2618 4485 ρουσιν,
2641 4405 2753 4463 οἷον
2781 4408 3028 4469 όκόκκος
3056 4407 3253 4475 στάχυς
3284 4406 3381 4474 μὲν
3409 4406 3508 4456 ούκ
3531 4404 3698 4463 ἐστιν,
3727 4406 3785 4457 ἐν
3809 4403 3986 4471 ἐαυτῷ

732 4510 860 4555 nent
892 4516 906 4554 :
944 4511 999 4554 ut
1032 4519 1261 4569 granum
1308 4503 1455 4571 spica
1510 4520 1614 4557 non
1644 4514 1747 4567 est,
1784 4507 1882 4559 etsi
1937 4506 1988 4559 in
2040 4522 2098 4561 se
2143 4509 2305 4575 spicae

2411 4508 2465 4559 δὲ
2490 4504 2724 4573 κρύπτει
2744 4501 2835 4554 τὸν
2854 4500 3011 4567 λόγον
3034 4498 3128 4550 τοῦ
3158 4500 3390 4565 στάχυος
3408 4512 3421 4523 ·
3454 4498 3547 4548 καὶ
3567 4495 3659 4546 ἐπὶ
3680 4495 3790 4547 τῶν
3814 4497 3987 4547 ἄλλων

734 4593 1001 4647 rationem
1037 4595 1189 4663 tegit.
1224 4594 1425 4648 Eadem
1467 4606 1677 4648 naturae
1718 4596 1888 4649 series
1935 4596 1984 4649 itt
2018 4598 2134 4651 aliis
2170 4614 2303 4666 quo-

729 4698 835 4753 que
863 4685 1129 4739 fructibus
1162 4701 1225 4740 ac
1255 4687 1553 4740 seminibus
1591 4688 1959 4756 cognoscitur.
2009 4689 2221 4755 qualem
2251 4701 2306 4743 et

728 4778 813 4831 lex
839 4788 994 4832 vetus
1023 4776 1133 4832 fere
1158 4778 1423 4832 rationem
1448 4793 1567 4832 cum
1592 4780 1763 4849 gratia
1794 4790 1994 4835 servat.
2024 4779 2159 4834 Nam
2183 4798 2304 4851 qua:

729 4864 900 4933 gratia
943 4867 1175 4932 perlicit,
1204 4866 1335 4935 iacti
1374 4881 1473 4936 per
1502 4867 1677 4936 legem
1712 4870 1934 4923 seminis
1956 4885 2110 4937 seges
2141 4872 2306 4925 habe-

728 4966 838 5010 tur.
875 4957 1082 5023 Quibus
1111 4959 1277 5025 igitur
1312 4958 1380 5013 de
1427 4962 1611 5015 causis
1662 4960 2049 5017 obscuritatem
2100 4980 2311 5017 assum-

731 5049 899 5116 pserit
930 5050 1010 5102 lex
1053 5049 1308 5113 Mosaica,
1339 5052 1746 5122 utcttnquejam
1788 5054 2010 5107 dictum.

800 5137 951 5192 Nunc
978 5142 1120 5209 quod
1164 5144 1353 5211 gratia:
1393 5159 1607 5212 quoque
1633 5147 1715 5199 lex
1755 5148 2058 5206 obscurior.
2104 5159 2157 5202 et
2198 5164 2301 5200 non

733 5232 802 5282 ita
828 5232 1051 5286 cuilibet
1084 5236 1367 5302 perspicua
1421 5238 1512 5299 sit,
1558 5238 1868 5291 auditorum
1908 5254 2096 5293 recens
2129 5240 2304 5294 adhuc

735 5318 1054 5383 instructio,
1115 5325 1421 5392 mentisque
1476 5326 1817 5382 imbecillitas
1868 5330 1923 5381 itt
1988 5345 2147 5382 causa
2201 5341 2302 5383 est.

737 5408 886 5465 Unde
914 5423 967 5465 et
996 5427 1091 5466 vas
1145 5414 1469 5469 electionis:
1521 5418 1646 5482 Lac,
1678 5420 1873 5486 inquit,
1932 5420 2075 5473 vobis
2132 5436 2309 5488 potum

735 5502 876 5567 dedi,
910 5521 1012 5558 non
1045 5522 1218 5557 escam
1249 5523 1266 5559 .‘
1310 5511 1539 5562 nondum
1571 5512 1708 5563 enim
1752 5514 1999 5577 poteratis
2026 5524 2073 5565 θ.
2109 5514 2305 5577 Quent-

798 5626 818 5648 °
858 5616 1015 5671 lCor.
1044 5632 1127 5681 ιιι,
1149 5617 1205 5671 2.

2411 4598 2467 4649 δὲ
2524 4592 2753 4662 καρπῶν
2804 4591 2895 4660 καὶ
2946 4589 3277 4657 σπερμάτων
3328 4588 3357 4639 ό
3409 4585 3571 4647 αὐτὸς
3616 4586 3720 4652 τῆς
3772 4586 3987 4653 φύσεως

2415 4686 2605 4755 εἱρμδς
2632 4680 3071 4749 ἐπιγινώσκεται.
3101 4677 3355 4730 Τοιοῦτον
3387 4676 3450 4747 δή
3479 4692 3601 4728 τινα
3645 4678 3740 4727 καὶ
3770 4679 3798 4728 ὀ
3825 4678 3988 4744 νόμος

2419 4778 2553 4847 πρὸς
2602 4774 2702 4843 τὴν
2754 4774 2913 4842 χάριν
2965 4768 3220 4832 διασώζει
3260 4769 3450 4835 λόγον·
3507 4767 3544 4821 ἃ.
3585 4768 3696 4836 γάρ
3748 4770 3782 4835 ἡ
3837 4770 3988 4838 χάρις

2420 4870 2720 4933 ἐτελείωσε,
2757 4866 2867 4918 τῶν
2898 4863 3138 4932 νομικῶν
3164 4862 3492 4931 σπερμάτων
3531 4861 3649 4911 ἐστὶ
3688 4858 3794 4926 τῆς
3823 4876 3987 4912 κατα·

2417 4960 2580 5027 ὄολῆς
2624 4960 2691 5011 τά
2736 4956 2996 5025 γεώργια.
3042 4953 3117 5005 Δι’
3146 4952 3182 5006 ἃ
3234 4954 3334 5022 μὲν
3383 4947 3475 5005 οὖν
3502 4952 3601 5019 τὴν
3647 4952 3986 5019 ἀσάφειανή

2416 5050 2681 5117 Μιυσαῖκὴ
2708 5047 2992 5115 νομοθεσία
3023 5044 3208 5105 ὑπέδυ,
3240 5044 3476 5113 μετρίως
3511 5042 3752 5112 εἴρηται.

2486 5144 2595 5194 Καί
2630 5141 2731 5209 τῆς
2760 5140 2979 5208 χάριτος
3010 5137 3066 5189 δὲ
3108 5136 3167 5188 τὸ
3201 5136 3409 5204 ἀσαφὲς
3439 5136 3533 5188 καὶ
3570 5138 3632 5186 οὐ
3659 5138 3830 5186 πᾶσιν
3873 5137 3988 5187 ἐπί-

2411 5237 2569 5304 δηλον
2624 5234 2687 5286 τὸ
2736 5233 3133 5299 νεοκατὴχητον
3184 5230 3356 5281 αἴτιον
3406 5230 3518 5298 ἔχει
3571 5230 3679 5279 τῶν
3724 5227 3859 5298 [5%
3900 5226 3984 5298 IL]

2414 5326 2698 5397 ἀκροατῶν
2749 5327 2843 5377 καὶ
2874 5324 2971 5388 τῆς
3005 5323 3245 5385 διανοίας
3272 5324 3372 5391 τὴν
3414 5321 3720 5374 ἀσθένειαν.
3756 5321 3851 5372 Διὸ
3895 5325 3987 5372 καί

2416 5421 2475 5472 τὸ
2507 5417 2695 5479 σκεῦος
2724 5416 2824 5483 τῆς
2853 5415 3101 5481 ἐκλογῆς,
3130 5413 3299 5465 Γάζα
3339 5413 3401 5474 ³⁷,
3442 5411 3627 5480 φησιν,
3659 5408 3817 5477 ὑμᾶς
3849 5410 3988 5461 ἐπόο

2420 5527 2579 5573 τισα,
2612 5510 2709 5561 καὶ
2733 5509 2803 5559 οὐ
2826 5504 3038 5574 ,βρῶμα
3058 5523 3070 5533 ·
3103 5507 3266 5558 οὔπω
3292 5504 3399 5572 ¹γὰρ
3426 5503 3751 5569 ἠδύνασθε.
3779 5503 3989 5569 Ὥσπερ

1975 5688 2201 5742 VARI/13
2240 5687 2648 5744 LECTIUNES.

762 5782 801 5813 “
827 5779 922 5855 ὦν]
966 5785 1073 5839 imo
1111 5779 1197 5851 ἦν.

1284 5785 1325 5814 ’⁵
1350 5780 1433 5852 te]
1466 5799 1530 5837 an
1566 5782 1667 5837 fuit
1694 5784 1789 5835 :t?
1868 5786 1907 5815 '0
1947 5785 2314 5853 ἀνεμάνθανον
2344 5786 2407 5838 Δ.

2489 5786 2531 5817 ’⁷
2564 5785 2725 5857 γάλα]
2776 5785 2793 5841 l
2823 5785 2951 5844 Cor.
2982 5803 3064 5856 ιιι,
3097 5788 3153 5841 2.
