4196 6442
154 367 256 430 793

1180 368 1679 430 BIBLIOTHECA
1738 393 1807 405 -

1840 370 2003 434 COD.
2040 376 2315 440 CCXXII.
3268 366 3372 434 79‘

156 483 211 535 δὲ
244 480 397 532 πᾶσα
432 478 605 548 τροφὴ
634 479 1002 547 ἀκατάλληλος
1028 478 1267 549 βλαϐερά
1294 479 1372 548 τῷ
1407 480 1704 550 μετέχοντι,
1734 481 1784 540 Λ
1809 502 1813 534 :

1734 481 2094 542 Aadmodum
2154 502 2333 547 autem
2369 508 2546 548 minus
2583 490 2909 547 conveniens
2979 486 3132 541 cibus
3192 483 3374 538 omnis

154 574 298 629 οὕτω
338 571 434 626 καὶ
460 572 657 640 γνῶσις
676 612 690 634 ,
717 572 822 625 κᾶν
858 572 919 625 τὸ
946 571 1423 641 παναληθέστατον
1448 572 1531 649 ειη
1579 588 1711 641 προ-

1811 578 2092 647 aceipienti
2120 582 2337 648 noxius,
2395 583 2477 638 sic
2500 591 2555 637 et
2575 581 2824 645 scientia,
2849 577 3065 633 tametsi
3091 574 3371 630 verissima

155 666 447 727 ϐάλλουσα,
479 668 591 726 τοῖς
620 663 863 717 ἀτελέσιν
896 664 1229 733 ἀσύμφορος.
1261 664 1326 716 El
1357 664 1465 733 γάρ
1493 664 1585 716 καὶ
1613 665 1711 731 τῆς
1811 690 1812 694 π

1811 683 2094 742 proponat,
2134 676 2336 731 nullam
2375 675 2702 746 imperfectis
2736 674 3018 728 utilitatem
3058 668 3234 724 affert.
3258 667 3370 721 Etsi

154 756 399 819 Παλαιᾶς
444 756 478 824 ἠ
506 755 619 807 Νέα
663 754 1087 824 τηλαυγέστερον
1128 753 1460 821 ἐκδιηγεῖται
1516 753 1575 805 τὸ
1617 754 1713 821 τῆς
1810 796 1811 803 η

1810 765 1954 818 enim
2006 764 2214 819 Novum
2272 781 2431 836 quam
2486 767 2650 821 Vetus
2711 765 3114 820 Testamentum
3176 759 3376 815 clarius

154 846 438 908 εὐσεϐείας
479 848 807 915 μυστήριον,
837 843 948 896 ἀλλ’
987 839 1078 896 οὖν
1108 844 1182 904 ὡς
1223 844 1394 915 ἀρχῆς
1425 844 1518 896 καὶ
1545 844 1713 911 σπέρ-

158 953 326 1003 ματος
359 936 515 1001 λόγον
547 934 818 1002 ἐπέχουσα
846 933 940 987 καὶ
969 934 1105 1003 αὑτὴ
1136 935 1271 1004 πρὸς
1300 936 1397 1003 τὴν
1426 934 1525 1003 ἢδη
1564 934 1715 985 πολι·-

155 1024 308 1075 τείαν
363 1021 817 1091 ἑγκαινιζομένην
846 1022 945 1074 οὐκ
997 1022 1159 1084 εὐθὺς
1207 1024 1318 1085 τοῖς
1372 1020 1713 1091 μυουμένοις,

155 1114 296 1166 ἀλλά
322 1114 465 1166 κατά
512 1112 793 1182 προκοπὴν
839 1112 1212 1165 ἀποκαλύπτει
1246 1112 1315 1165 τά
1354 1110 1557 1163 τέλεια.
1596 1111 1717 1163 Ἔτι

156 1202 213 1254 δὲ
264 1204 359 1255 καὶ
412 1204 524 1264 τοῖς
569 1202 715 1266 κυσὶ,
766 1200 1011 1253 τουτέστι
1050 1204 1161 1262 τοῖς
1196 1199 1588 1269 ἀντικειμένοις
1624 1198 1721 1253 καὶ

158 1292 626 1356 καθυλακτοῦσιν,
697 1292 818 1361 οὐχὶ
881 1290 1167 1362 προπετῶς
1223 1291 1318 1345 καὶ
1378 1290 1721 1358 ἀφιλοσόφως

160 1384 377 1449 ῥίπτειν
408 1384 472 1436 τὰ
496 1384 646 1451 ἀγια,
678 1384 799 1437 οὐδὲ
828 1384 968 1449 τοὺς
993 1386 1357 1452 μαργαρίτας
1385 1383 1723 1451 ἔμπροσθεν

160 1474 279 1526 τῶν
318 1476 567 1543 χοίρων,
609 1470 692 1539 οἷς
734 1476 762 1528 ὸ
810 1475 922 1544 βίος
953 1478 981 1529 ὁ
1030 1476 1139 1528 τῶν
1182 1475 1382 1545 ἡδονῶν
1429 1474 1721 1545 βόρϐορος,

159 1568 491 1619 Δεσποτικὺν
513 1567 747 1635 ὑπάρχει
786 1567 879 1619 καὶ
905 1565 1002 1635 τὴν
1028 1565 1375 1620 διδασκαλίαν
1399 1564 1723 1624 κατευθῦνον

162 1656 552 1725 παράγγελμα.
600 1658 760 1709 Ἀνευ
804 1656 860 1708 δὲ
893 1656 1002 1708 τῶν
1028 1655 1352 1725 εἰρημένων.
1385 1655 1477 1707 καὶ
1506 1657 1539 1724 ἡ
1568 1656 1723 1721 ἁγιο-

160 1747 316 1805 ποιὸς
338 1747 528 1815 τελετὴ
563 1748 858 1815 μυστήριον
884 1746 1227 1815 ὀνομάζεται,
1257 1746 1316 1798 τὸ
1337 1745 1392 1799 δὲ
1426 1746 1725 1816 μυστήριον

156 1839 215 1888 ού
251 1837 431 1890 κοινὸν
471 1806 589 1889 οόδὲ
617 1806 757 1900 τοῖς..
780 1806 1023 1908 βεϐήλοίς
1066 1806 1719 1907 εὐεπίϐατον.“[629ηῐὶ.]
1751 1806 1797 1865 Β

163 1930 286 1979 Ἐτι
336 1928 442 1998 μὴν
482 1929 577 1981 καὶ
605 1929 672 1981 τά
702 1928 832 1996 ἆγια
858 1928 1058 1999 νοερῶς
1091 1928 1188 1998 μὲν
1220 1931 1332 1991 τοῖς
1379 1944 1437 1980 τε
1475 1929 1721 1997 Σεραφὶμ

159 2022 256 2073 καὶ
280 2020 582 2088 Χερουϐὶμ,
612 2020 812 2082 ὑλικῶς
836 2020 889 2073 δὲ
911 2020 1362 2088 καταπετάσμασι
1389 2020 1481 2071 καὶ
1507 2022 1725 2086 πτεροῖς

159 2113 255 2164 καὶ
318 2112 513 2173 πύλαις
564 2112 658 2164 καὶ⁵
716 2112 984 2181 κλείθροις
1040 2109 1537 2180 περιστοιχίζεταιο
1586 2110 1726 2162 οὕτω

157 2206 359 2273 γοῦνη
391 2206 496 2275 χρὴ
552 2205 647 2257 καὶ
684 2205 780 2275 τὴν
830 2206 979 2274 ἱεράν
1023 2203 1180 2273 ἡμῶν
1212 2200 1435 2272 Γραφὴν
1469 2204 1579 2264 τοῖς
1629 2202 1725 2271 μὲν

160 2294 415 2364 βεϐήλοις
462 2294 981 2362 περικαλύπτεσθαι,
1021 2293 1108 2345 ἴνα
1150 2292 1225 2362 μὴ
1253 2292 1321 2343 τά
1350 2292 1479 2358 ἆγια
1517 2290 1729 2359 ἐξυϐρί-

160 2385 333 2446 Cotto,
365 2385 476 2445 τοῖς
510 2384 566 2435 δὲ
617 2382 991 2451 μεμυημένοις
1050 2381 1144 2433 καὶ
1193 2382 1405 2442 πιστοῖς
1459 2379 1729 2433 ἀνακαλύ-

162 2477 420 2527 πτεσθαι.
457 2474 729 2525 Ἀλλωστε
756 2473 813 2525 δὲ
861 2474 953 2525 καὶ
978 2473 1026 2525 εί
1053 2473 1094 2505 ¹⁹
1126 2472 1186 2524 τὸ
1212 2474 1339 2542 ῥᾷον
1364 2474 1442 2534 εἰς
1472 2474 1659 2541 κτῆσιν
1680 2475 1725 2505 ’⁸

158 2570 259 2636 οὐχ
287 2568 481 2636 ὣσπερ
502 2566 563 2617 τὸ
590 2566 738 2636 πόνῳ
766 2565 961 2634 κτηθὲν
986 2564 1467 2633 περισπούδαστον,
1491 2564 1728 2629 εὐλόγως

158 2660 222 2710 τὸ
278 2659 423 2727 ἱερὸν
454 2657 688 2725 Γράμμα
728 2658 840 2717 τοῖς
893 2655 990 2724 μὲν
1040 2656 1304 2724 ῥᾳθύμοις
1339 2656 1429 2706 τὸν
1460 2656 1729 2723 θησαυρὸν

160 2750 602 2818 ἀποκρύπτεται,
633 2750 745 2809 τοῖς
773 2748 829 2800 δὲ
859 2747 1201 2814 φιλοπονοῦσι
1228 2743 1531 2816 χαρίζεται.
1573 2748 1731 2801 Ἀλλά

166 2841 265 2892 καὶ
313 2840 501 2910 ἱδρῶσι
537 2840 644 2892 πᾶν
680 2838 739 2891 τὸ
788 2838 967 2908 τίμιον
1012 2838 1105 2891 κα.)⁵
1214 2839 1383 2908 ἀρετὴ
1433 2840 1511 2899 είς
1541 2839 1731 2908 κτῆσιν

166 2932 484 2998 ἀφικνεῖται
533 2930 625 2981 καὶ
658 2927 987 2991 ἀπόλαυσιν,
1029 2928 1062 2997 ή
1089 2927 1145 2979 δὲ
1178 2928 1344 2979 κακία
1387 2928 1517 2997 ῥᾷόν
1548 2945 1606 2979 τε
1640 2931 1733 2981 καὶ

161 3024 304 3073 πᾶσι
339 3021 647 3090 πρόχειρον.
678 3020 787 3072 Καὶ
816 3019 877 3070 τὸ
908 3019 1005 3088 μὲν
1038 3019 1181 3086 πόνῳ
1213 3018 1553 3087 κατορθωθὲν
1595 3020 1733 3089 μᾶλ-

1813 854 1936 909 fldei
1968 859 2280 927 mysterium
2333 868 2585 925 exponat,
2625 873 2744 913 cum
2781 867 2958 911 tamen
2985 852 3233 924 principii
3280 851 3378 904 ali-

1813 959 1974 1014 quam
2029 962 2094 1002 ac
2141 949 2360 1003 seminis
2407 951 2671 1004 rationem
2724 948 2996 1006 obtineat.
3054 944 3217 997 etiam
3277 944 3380 995 hac

1819 1035 2021 1091 ratione
2069 1039 2135 1091 ad
2188 1052 2305 1092 eam
2326 1053 2445 1106 qua
2495 1052 2639 1093 nunc
2678 1039 2930 1093 innovata
2960 1043 3042 1089 est
3071 1032 3378 1100 reipublicae

1819 1126 2072 1192 formam,
2104 1143 2211 1183 non
2261 1132 2442 1184 statim
2484 1130 2734 1189 initiatis.
2767 1129 2859 1183 sed
2891 1127 3190 1181 sensim-ac
3221 1123 3377 1189 juxta

1817 1217 2213 1285 proficientium
2253 1222 2468 1289 gradus,
2498 1235 2618 1289 qua
2646 1218 2965 1285 perfectiora
3012 1225 3162 1279 sunt,
3208 1216 3382 1267 manl-

1820 1306 2006 1363 festat.
2049 1307 2286 1364 Canibus
2329 1317 2586 1377 praeterea
2636 1308 2776 1378 (hoc
2824 1315 2908 1362 est
2956 1303 3279 1359 adversariis
3327 1310 3382 1356 et

1818 1401 2239 1471 oblatrantibus)
2284 1418 2351 1458 ne
2384 1414 2584 1458 temere
2611 1417 2674 1458 ac
2713 1402 2831 1457 sine
2878 1401 3087 1454 ratione
3124 1397 3382 1468 projicias

1821 1502 2028 1553 sancta,
2065 1502 2159 1548 aut
2195 1496 2510 1564 margaritas
2544 1507 2663 1547 ante
2704 1490 2929 1559 ροινιςοειΙ
2976 1492 3170 1559 quibus
3226 1489 3385 1542 nimi-

1821 1599 1941 1639 rum
1988 1586 2095 1638 vita
2136 1586 2465 1654 voluptatum
2499 1601 2734 1647 cmnnm,
2774 1584 3132 1646 Dominicum,
3158 1590 3215 1634 et
3240 1579 3383 1647 quod

1823 1676 2050 1731 docendi
2072 1678 2308 1744 regulam
2322 1685 2545 1740 statuat,
2565 1684 2885 1746 praeceptum
2900 1670 3381 1727 est.rSanctiflcans

1829 1766 1954 1821 item
1982 1767 2122 1822 sacri
2137 1765 2316 1820 licium
2364 1768 2675 1836 mysterium
2708 1766 2814 1818 dici
2845 1764 2985 1818 solet
3024 1782 3037 1815 :
3069 1760 3379 1831 mysterium

1826 1868 2004 1913 autem
2051 1874 2334 1913 commune
2380 1874 2485 1912 non
2548 1868 2669 1920 est,
2721 1872 2891 1925 neque
2934 1854 3089 1908 facile
3140 1852 3380 1921 profanis

1824 1949 2148 2004 adeundum.
2181 1948 2320 2015 Quin
2348 1949 2509 2002 etiam
2537 1959 2743 2012 sancta,
2778 1943 3131 2015 spiritualiter
3162 1940 3375 2009 quidem

1824 2054 1853 2093 a
1894 2039 2177 2110 Serapbim
2199 2048 2360 2108 atque
2387 2040 2702 2102 Cherubim,
2734 2036 3085 2091 materialiter
3124 2048 3251 2087 vero
3283 2048 3381 2086 ve-

1826 2129 2096 2197 lamentis,
2160 2130 2279 2195 alis,
2330 2132 2497 2199 portis
2545 2145 2608 2184 ac
2668 2129 2932 2197 repagulis
2975 2126 3209 2194 undique
3261 2138 3378 2176 am-

1825 2224 2062 2275 biuntur.
2111 2221 2202 2275 Sic
2233 2224 2393 2291 igitur
2414 2238 2620 2276 sacram
2652 2236 2862 2290 quoque
2905 2220 3237 2284 Scripturam
3283 2230 3379 2268 no—

1827 2322 1991 2367 stram
2032 2322 2240 2381 oportet
2297 2315 2538 2383 profanis
2567 2314 2871 2367 hominibus
2914 2308 3168 2363 abscondi
3209 2308 3380 2375 (utne

1828 2418 1982 2457 sacra
2015 2404 2205 2466 injuria
2268 2404 2445 2471 aliqua
2490 2402 2809 2471 afficiantur)
2858 2416 2919 2454 ac
2972 2400 3099 2454 solis
3154 2396 3379 2450 initiatis

1828 2502 1988 2562 atque
2015 2493 2257 2548 fidelibus
2289 2494 2531 2548 revelari.
2550 2493 2780 2561 Alioqui,
2804 2492 3015 2560 quando
3032 2487 3194 2542 etiam
3230 2486 3375 2548 illud,

1834 2584 2027 2654 198a
2050 2583 2201 2651 cujus
2254 2600 2382 2639 usus
2417 2583 2578 2638 facile
2622 2582 2849 2636 obtineri
2878 2590 3075 2650 potest,
3108 2592 3376 2645 nunquam

1830 2685 1938 2729 tam
1970 2687 2198 2740 amatur,
2232 2686 2393 2743 atque
2426 2675 2478 2728 id
2528 2674 2670 2742 quod
2713 2673 2892 2726 labore
2942 2670 3105 2724 multo
3151 2667 3382 2735 acquisi-

1832 2774 1943 2819 tum
1973 2775 2079 2828 est,
2110 2765 2303 2819 merito
2330 2778 2497 2818 sacrae
2548 2765 2840 2831 Scriptura:
2879 2761 3184 2814 thesaurum
3231 2758 3379 2811 illum

1832 2854 2225 2923 negligentibus
2263 2855 2615 2915 abscondunt,
2668 2868 2824 2921 quem
2876 2850 3155 2905 laboriosis
3188 2862 3382 2902 conce-

1833 2949 1984 3001 dunt.
2018 2946 2123 2999 Sed
2151 2954 2204 2999 et
2236 2947 2549 3000 sudantibus
2581 2945 2796 2997 honesta
2825 2940 3027 3003 omnia,
3056 2939 3381 3006 virtutisque

1834 3051 1937 3089 non
1972 3036 2243 3098 possessio
2288 3037 2567 3095 duntaxat,
2600 3035 2689 3086 sed
2723 3031 2926 3084 fructus
2956 3029 3170 3096 insuper
3206 3026 3385 3080 obtin-

160 3115 253 3164 λον
298 3112 581 3165 meatur
632 3112 661 3165 δ
690 3112 745 3164 δὲ
778 3112 974 3184 ῥᾳδίως
1015 3111 1381 3180 λαμϐάνεται,
1412 3112 1504 3165 καὶ
1540 3114 1732 3184 ῥᾳδίως
1763 3153 1801 3210 c

1725 3131 1801 3210 Ic
1838 3129 1931 3197 git,
1961 3143 2083 3182 cum
2142 3128 2333 3180 vitium
2389 3126 2540 3179 facile
2616 3134 2850 3188 paretur,
2916 3133 2969 3174 et
3030 3119 3277 3173 omnibus
3331 3117 3382 3170 in

164 3203 536 3257 ἀποϐάλλεται
562 3204 655 3255 καὶ
686 3204 821 3272 πρὸς
847 3202 909 3255 τὸ
935 3203 1360 3272 παρεωραμένον
1393 3204 1591 3272 μᾶλλον
1618 3206 1735 3257 ἀντὶ

160 3295 261 3348 τοῦ
302 3294 585 3347 ποθεῖσθαι
640 3293 1027 3364 κατασύρεται.
1061 3294 1151 3345 Διὸ
1189 3294 1284 3347 καὶ
1324 3296 1352 3347 ὁ
1401 3296 1569 3365 ’Λδὰμ
1609 3297 1734 3348 ἄνευ

158 3386 349 3438 ἄθλων
394 3386 485 3438 καὶΙ
534 3386 797 3453 καμάτων
847 3384 1060 3452 ὁμιλίας
1090 3384 1409 3453 ἀξιούμενος
1446 3386 1595 3447 θείας
1644 3388 1736 3439 καὶ

160 3478 275 3531 τῶν
301 3477 479 3532 ἀλλων
503 3476 744 3543 ἀγαθῶν,
774 3477 971 3547 ῥᾳδίως
992 3468 1065 3530 ὧν
1086 3478 1360 3542 ἀπήλαυεν
1383 3475 1733 3545 ὲξωλίσθησε’

159 3570 263 3621 καὶ
314 3567 501 3636 ἐπειδὴ
530 3568 621 3618 τὸν
670 3568 874 3619 ἄλυπον
908 3568 999 3619 καὶ
1029 3569 1265 3637 ἀμοχθον
1298 3567 1410 3636 βίον
1463 3568 1737 3637 βαράθρου

160 3660 434 3730 πρόξενον
487 3657 665 3727 ἑαυτῷ
707 3658 1129 3719 κατεσκεύασεν,
1162 3660 1189 3709 ὁ
1231 3660 1506 3724 πάνσοφος
1556 3660 1739 3726 ἰατρὸς

158 3757 282 3816 τοῖς
334 3752 599 3814 ἐναντίοις
652 3752 962 3823 φαρμάκοις
1016 3752 1227 3815 ὲξιᾶται
1282 3754 1343 3804 τὸ
1394 3754 1625 3821 νόσημα,
1682 3755 1739 3805 ὲν

162 3844 358 3914 ἰῖρῶτι
389 3842 483 3895 τοῦ
517 3844 807 3914 προσώπου
834 3842 928 3895 καὶ
970 3843 1061 3894 τὸν
1096 3843 1404 3911 σωματικὸν
1434 3843 1595 3908 ἄρτον
1634 3860 1740 3909 φα-

160 3939 284 4004 γεῖν
317 3936 484 4004 νόμον
514 3935 815 4005 τιθέμενος,
847 3936 943 3986 καὶ
974 3935 1116 3996 ὅσοις
1146 3937 1173 3986 ὁ
1207 3934 1570 4003 πνευματικὸς
1603 3934 1738 4003 ἔρως

160 4026 556 4096 πνευματικὴν
593 4026 924 4096 παρατίθησι
975 4026 1271 4095 τράπεζαν.
1318 4026 1481 4077 Ἀνευ
1529 4025 1583 4076 δὲ
1634 4026 1742 4077 τῶν

160 4119 505 4190 εἰρημένων,
551 4119 599 4169 εἰ
650 4118 851 4177 παντὸς
897 4112 965 4187 ἥδ
998 4117 1092 4169 καὶ
1134 4118 1302 4187 χωρὶς
1350 4118 1609 4184 καμάτων
1644 4120 1743 4186 τῆς

162 4213 317 4266 κατά
354 4213 454 4281 τὴν
493 4211 712 4280 Γραφὴν
759 4211 990 4280 θεωρίας
1024 4213 1055 4281 η
1105 4210 1439 4279 κατάληψις,
1480 4211 1581 4263 ποῦ
1634 4212 1743 4263 τῶν

1836 3228 2083 3287 promptu
2127 3219 2216 3272 sit.
2271 3218 2537 3284 Quidquid
2591 3217 2714 3267 item
2768 3228 2887 3266 cum
2931 3212 3111 3265 labore
3158 3209 3386 3262 feliciter

1835 3309 2135 3363 confectum
2164 3317 2267 3370 est,
2304 3308 2471 3373 majus
2501 3308 2652 3373 longe
2678 3306 2756 3358 sui
2787 3304 2982 3357 excitat
3020 3300 3339 3355 desiderium
3370 3314 3384 3349 :

1835 3397 1977 3467 quod
2007 3406 2187 3450 autem
2218 3396 2377 3453 facile
2414 3395 2703 3455 obtinctur,
2746 3392 2900 3445 facile
2925 3392 3085 3445 etiam
3128 3387 3388 3453 rejicitur,

1837 3488 2160 3558 propiusque
2181 3496 2264 3539 est
2298 3496 2353 3539 ut
2378 3495 2767 3545 contemnatur,
2791 3498 2947 3549 quam
2997 3490 3054 3533 ut
3086 3487 3386 3546 expetatur.

1838 3579 2124 3649 Propterea
2156 3578 2318 3631 etiam
2351 3578 2542 3638 Adam,
2575 3577 2665 3644 qui
2717 3576 2832 3626 sine
2880 3571 3266 3625 certaminibus
3302 3575 3394 3619 aut

1838 3671 2109 3725 laboribus
2134 3670 2316 3723 divino
2366 3670 2598 3737 alloquio
2642 3667 2955 3732 caaterisqne
3002 3662 3155 3716 benis
3201 3660 3394 3727 dignus

1839 3775 1957 3817 erat
1985 3763 2218 3829 habitus,
2255 3764 2413 3817 citius
2462 3776 2525 3813 ea
2562 3761 2757 3828 quibus
2811 3758 3061 3809 utebatur
3100 3751 3298 3805 amisit.
3326 3750 3394 3801 At

1840 3861 2120 3921 postquam
2153 3852 2355 3906 doloris
2396 3865 2459 3902 ac
2504 3848 2701 3902 laboris
2732 3856 3005 3914 expertem
3047 3843 3206 3894 vitam
3253 3854 3393 3908 prte-

1840 3945 2008 4013 cipitii
2039 3944 2142 3999 sibi
2182 3958 2399 3998 causam
2433 3940 2579 4005 fecit,
2611 3936 2898 3992 contrariis
2946 3935 3132 4001 utique
3167 3932 3398 3985 medica-

1843 4036 2039 4089 mentis
2094 4033 2521 4102 sapientissimus
2574 4031 2814 4085 medicus
2889 4030 3135 4080 morbum
3222 4029 3394 4081 curat,

1842 4128 1948 4182 lata
1982 4127 2116 4195 lege,
2138 4126 2263 4180 utin
2286 4127 2480 4179 sudore
2504 4124 2679 4176 vultus
2714 4129 2762 4185 ο,
2814 4134 2917 4173 non
2962 4116 3256 4184 corporalis
3282 4124 3400 4166 tan-

1845 4229 1955 4273 tum
1977 4218 2131 4273 cibus
2148 4225 2471 4280 sumeretur,
2494 4227 2677 4267 verum
2705 4222 2758 4265 et
2774 4212 2964 4275 quibus
2981 4207 3237 4278 spiritalis
3252 4218 3404 4259 amor

161 4301 665 4372 ὲπαγρυπνούντων
731 4304 904 4374 ταύτῃ
973 4303 1067 4355 καὶ
1129 4301 1624 4371 ὲπαγωνιζομένων
1675 4302 1744 4354 τά

1743 4344 1744 4349 η
1843 4310 2138 4379 spiritalem
2168 4310 2393 4362 adornat
2425 4320 2686 4359 mensam.
2715 4304 2917 4356 Adbaac
2950 4314 3099 4363 vero,
3133 4300 3176 4352 si
3205 4298 3400 4367 quivis,

161 4394 418 4459 ἐπαθλας
464 4393 496 4462 ἢ
530 4394 611 4455 τίς
655 4393 721 4445 ἂν
755 4395 1077 4463 προσανεῖχε
1108 4394 1174 4461 τῇ
1200 4391 1401 4462 ταύτης
1438 4392 1739 4462 φιλοπονίᾳ,

1846 4402 1988 4455 nullo
2011 4402 2171 4455 etiam
2204 4399 2383 4453 labore
2402 4398 2659 4459 adhibito,
2697 4410 2864 4449 sacra:
2885 4394 3159 4460 Scripture
3184 4406 3405 4445 sensum

160 4487 325 4539 οὐδὲν
366 4485 586 4537 ἔλαττον
638 4484 869 4554 ἐχόντων
904 4484 1013 4537 τῶν
1052 4485 1312 4554 ῥᾳθύμως
1363 4486 1532 4553 αὐτῆς
1577 4486 1741 4537 ἀπτο-
1770 4476 1815 4530 ῐ)

1770 4476 1815 4530 Ῐ)
1849 4494 2122 4562 percipere
2166 4500 2366 4560 posset,
2410 4490 2626 4543 ubinam
2668 4501 2853 4541 eorum
2902 4487 2995 4554 qui
3047 4485 3099 4537 in
3151 4483 3251 4536 bac
3299 4497 3401 4535 non

165 4578 389 4649 μένωνς
443 4574 584 4627 ὥστε
639 4575 730 4627 διὰ
780 4575 888 4628 τῶν
918 4576 1224 4645 εἰρημένων
1254 4573 1463 4626 δίκαιόν
1515 4592 1575 4626 τε
1628 4576 1743 4643 ἃμα

1846 4586 1964 4636 sine
2016 4581 2208 4651 vigiliis
2278 4592 2437 4648 atque
2494 4579 2767 4633 laboribus
2829 4586 3112 4630 versantur
3188 4575 3403 4641 praemia

161 4671 268 4723 καὶ
318 4668 595 4730 λυσιτελὲς
632 4669 870 4737 ἀνεφάνη
927 4667 989 4719 τὸ
1021 4668 1097 4737 μὴ
1150 4666 1504 4736 ἀνηπλῶσθαι
1545 4665 1743 4736 μᾶλλον

1851 4670 2164 4723 manerent?
2197 4670 2442 4738 Autquis
2480 4682 2714 4737 unquam
2751 4664 2910 4733 hujus
2951 4679 3070 4718 sese
3109 4665 3285 4717 studio
3314 4662 3407 4715 ad-

164 4760 299 4831 μηδ⁸
350 4760 831 4828 ἀπαραφυλάκτως
877 4758 1133 4830 ἐρρῖφθαι
1164 4757 1197 4827 ἢ
1227 4757 1289 4809 τὸ
1314 4758 1358 4789 ¹¹
1412 4759 1565 4810 κοινά
1606 4776 1743 4828 προ-

1849 4760 2027 4813 ilicere
2063 4759 2209 4823 velit,
2238 4760 2282 4812 si
2313 4761 2493 4812 minus
2538 4758 2669 4813 nihil
2700 4764 3101 4823 consequantur
3130 4754 3164 4807 ii
3195 4753 3283 4820 qui
3315 4766 3410 4804 ne-

160 4850 394 4904 κεῖσθαι
425 4852 559 4903 πᾶσι
587 4851 680 4904 καὶ
715 4853 829 4913 τοῖς
862 4847 1099 4913 ἀναξίοις
1123 4850 1222 4918 τῆς
1268 4849 1306 4901 Γ
1312 4849 1488 4920 ραφῆς
1520 4849 1588 4903 τά
1617 4851 1743 4921 νοή-

1849 4850 2113 4919 gligenter
2147 4864 2265 4904 eam
2300 4850 2662 4920 attingerent?
2690 4850 2767 4903 Ex
2808 4849 2875 4903 iis
2906 4849 3087 4917 igitur,
3118 4861 3236 4916 quas
3278 4847 3408 4899 bac-

165 4959 346 5011 ματα-
1850 4953 2005 4997 tenus
2028 4954 2444 4998 commemorata
2506 4953 2666 5009 sunt,
2699 4957 2909 5010 aequum
2959 4940 3122 4995 simul
3182 4948 3236 4992 et
3281 4937 3409 4991 utile

161 5041 454 5118 appareat,
502 5032 643 5101 quod
715 5049 819 5086 non
890 5033 1158 5102 explicata
1237 5034 1410 5102 magis
1463 5033 1754 5103 Scriptura:
1792 5051 1947 5090 sensa
2017 5052 2196 5093 neque
2248 5037 2519 5093 incautius
2586 5036 2819 5105 abjecta,
2896 5034 2978 5088 vel
3031 5035 3083 5087 in
3136 5034 3406 5086 communi

160 5125 449 5189 onmibus,
472 5125 631 5176 etiam
674 5124 929 5195 indignis,
963 5124 1236 5194 proposita
1277 5123 1496 5180 fuerint.

242 5217 409 5290 Παρὰ
459 5218 639 5287 μέντοι
672 5219 741 5271 τὰ
788 5218 1094 5288 εἰρημένα,
1149 5217 1258 5269 τῶν
1297 5218 1395 5288 μὲν
1440 5216 1738 5286 φιλοπόνων

164 5314 267 5366 καὶ
294 5310 465 5374 ἀξίων
493 5308 585 5362 τοῦ
615 5311 754 5363 κατά
780 5309 981 5377 γνῶσιν
1006 5308 1378 5378 πνευματικοῦ
1413 5309 1746 5380 χαρίσματος

160 5406 274 5458 οὑκ
320 5402 453 5475 [5'26
500 5399 593 5472 IL]
643 5401 709 5455 ἀν
757 5418 842 5465 τις
888 5401 1196 5455 αἰτιάσαιτο
1250 5402 1349 5471 τῆς
1388 5400 1613 5473 Γραφῆς
1648 5400 1744 5452 τὺν

255 5544 285 5583 ιι
326 5542 518 5595 Mattb.
560 5556 654 5607 vn,
692 5543 745 5596 6.
830 5554 853 5579 υ
885 5541 1023 5595 Gen.
1054 5558 1134 5607 Ill,
1168 5543 1254 5596 l9.

1922 5216 2119 5269 Verum
2149 5214 2217 5269 ob
2256 5214 2392 5278 haec,
2422 5228 2540 5279 qum
2563 5211 2673 5279 jam
2720 5212 2974 5278 diximus,
3012 5229 3171 5267 nemo
3200 5228 3405 5273 eorum.

1853 5310 1940 5376 qui
1979 5319 2073 5359 aut
2122 5306 2325 5359 laboris
2354 5316 2599 5358 amantes
2632 5314 2780 5369 sunt,
2818 5316 2908 5357 aut
2934 5305 3163 5373 spiritali
3199 5306 3410 5359 intelle-

1855 5411 1972 5454 ctus
2019 5400 2190 5468 gratia
2234 5395 2400 5463 digni,
2454 5410 2624 5449 sacra:
2667 5395 2958 5461 Scriptum
3021 5396 3409 5449 obscuritatem

1480 5654 1706 5709 VARIAS
1744 5652 2147 5708 LECTIONES.

251 5776 496 5829 "ntalim
520 5773 697 5835 οὕτως
729 5768 840 5828 οὖν.
920 5775 959 5804 ¹’¹
992 5774 1035 5824 εξ
1067 5773 1185 5826 add.
1222 5774 1281 5825 .\.
1368 5773 1410 5802 ³⁸
1440 5770 1651 5840 κτῆσιν]
1678 5769 1795 5826 libri
1818 5768 2031 5838 χρῆσιν.
2108 5770 2151 5799 ἰ
2181 5767 2213 5835 ἦ
2250 5765 2331 5835 τὸ]
2366 5767 2470 5818 εἴτε
2502 5779 2643 5816 (ξυιτ.
2677 5765 2711 5815 Α
2755 5782 2765 5813 τ
2804 5764 2831 5825 ἢ
2860 5762 2922 5812 τὰ
2948 5778 3004 5824 ς.
