4196 6442
146 404 258 471 ’191

1213 400 1741 465 BIBLIO'I‘HECA.
1778 423 1847 438 —
1881 401 2046 463 COD.
2080 400 2359 463 CCXXII.

3295 401 3402 467 798

149 517 281 591 [327
340 513 439 587 IL]
482 515 560 580 ὥς
583 516 737 579 δστις
788 514 862 584 μὴ
888 514 1082 584 ἄλογον
1117 509 1255 568 εἶναι
1297 514 1603 584 διομολογεϊ
1638 509 1728 562 τὸν

1838 512 2187 567 astructionis
2214 526 2333 567 esse
2373 510 2696 581 Gregorium
2741 510 3070 584 Nyssenum.
3096 514 3371 583 Argumen

147 610 322 671 Θεὸν,
370 609 589 668 πάντως
614 606 771 673 λόγον
819 606 965 674 ἔχειν
1000 604 1387 672 συγκατίθεται
1412 620 1427 634 °
1469 607 1497 657 6
1541 605 1599 659 δὲ
1632 604 1729 657 τοῦ

146 700 438 769 ἀκηράτου
486 699 642 765 λόγος
682 699 957 767 ἀκήρατος
980 714 995 727 ⁸
1035 699 1063 750 6
1105 697 1161 750 δὲ
1210 698 1486 767 ἀκήρατος
1522 698 1729 765 Λόγος,

148 792 288 861 παρ’
322 791 385 844 δν
433 790 729 859 δοξάζομεν
774 790 924 852 Υίδν,
962 790 1114 844 οὐδὲν
1167 789 1232 843 ἂν
1272 792 1359 861 εῐη
1398 792 1605 861 ἕτερον.
1669 792 1731 844 Ἦ

154 882 257 950 μὲν
312 879 410 934 οὖν
457 882 799 951 ἐπιχείρησις
833 881 927 934 τοῦ
960 882 1069 935 δεῖν
1114 883 1243 935 Υίδν
1284 884 1429 952 ἔχειν
1470 884 1561 935 τὸν
1601 885 1733 936 Θεὸν

151 975 383 1046 τοιαύτη
405 992 421 1006 ο
450 972 570 1027 εἶτα
596 976 734 1044 πρὸς
767 974 973 1047 ταύτην
1004 976 1449 1047 ἀνθυποφέροντά
1476 995 1598 1030 τινα
1625 977 1732 1029 τῶν

155 1066 332 1136 φίλων
364 1069 600 1134 εἰσάγει,
622 1067 684 1119 ὃν
712 1068 807 1120 καὶ
835 1067 1165 1137 τιμιώτατον
1196 1069 1377 1138 ὑμνεῖ.
1419 1070 1481 1123 'H
1512 1070 1569 1123 δὲ
1597 1071 1729 1124 ἀνθο

154 1159 435 1229 υποφορὰ,
465 1160 549 1211 ὅτι
571 1158 620 1190 ⁸⁸
648 1175 756 1228 περ
794 1158 948 1211 οὐδὲν
976 1159 1175 1213 κωλύει
1201 1160 1271 1213 τὰ
1300 1160 1441 1213 αὐτὰ
1480 1164 1575 1213 καὶ
1605 1162 1731 1228 περὶ

153 1250 250 1304 τοῦ
298 1250 434 1304 Υξοῦ
462 1252 560 1304 καὶ
594 1251 725 1322 περὶ
772 1250 867 1303 τοῦ
899 1251 1217 1321 Πνεύματος
1259 1253 1535 1307 διαλαϐεῖν
1582 1253 1735 1323 (Θεὸς

154 1342 268 1411 γὰρ
299 1341 510 1394 τούτων
532 1342 825 1411 ἑκάτερον)
845 1383 861 1407 ,
893 1342 989 1395 καὶ
1022 1341 1196 1405 οὕτως
1228 1344 1328 1395 οὐκ
1382 1346 1461 1405 είς
1500 1344 1728 1412 Τριάδα,

154 1432 274 1487 ἀλλ’
304 1435 387 1495 εις
422 1433 659 1503 μυριάδα
692 1433 1065 1501 ὑποστάσεων,
1098 1436 1222 1488 ὅσον
1257 1435 1367 1488 ἀπὸ
1401 1436 1495 1489 τοῦ
1526 1438 1735 1506 ἐπιχει-

158 1527 429 1596 ρήματος,
474 1526 862 1598 προελεύσεται
912 1527 974 1579 τὸ
1019 1530 1339 1596 μυστήριον.
1391 1529 1610 1601 Ταύτην
1636 1530 1735 1599 τὴν

157 1618 568 1688 ἀνθυποφοράν,
597 1618 849 1689 δριμεῖαν
884 1636 944 1673 τε
978 1622 1071 1673 καὶ
1107 1622 1596 1692 συνεστραμμένην
1642 1622 1736 1676 οὒ-

157 1725 285 1772 σαν,
319 1708 604 1780 διαφόροις
650 1710 748 1777 μιν
794 1710 1064 1778 ἐπιχειρεῖ
1101 1710 1281 1776 λόγοις
1314 1710 1733 1773 ἁνασκευάζειν,

156 1801 220 1853 οὐ
248 1800 361 1871 μὴν
380 1802 524 1855 κατά
544 1817 609 1870 γε
635 1801 735 1871 [iis
758 1801 858 1870 τῆς
882 1801 1166 1872 ἀκριϐείας
1193 1804 1515 1869 ἐφικνεῖται.
1541 1804 1735 1857 Καίτοι

156 1892 331 1956 πολὺς
379 1891 531 1962 αὐτῷ
580 1895 925 1965 περιρρείται
970 1894 1068 1961 τῆς
1113 1894 1207 1946 ἐπὶ
1236 1894 1410 1964 τούτῳ
1440 1894 1680 1964 σπουδῆς
1710 1898 1739 1949 6

159 1983 360 2054 ἱδρώςο
395 1983 564 2054 μέχρι
593 1984 706 2054 γὰρ
737 1985 834 2038 καὶ
871 1991 939 2054 ιγ’
970 1985 1400 2057 ἐπιχειρήματος
1444 1986 1537 2040 τὸν
1575 1987 1737 2040 πόνον

157 2076 504 2147 παρατείνει.
548 2075 713 2132 Ἀλλά
750 2077 888 2148 πρὸς
916 2077 1016 2148 μὲν
1060 2078 1187 2141 τοὺς
1212 2078 1313 2148 τὴν
1346 2079 1629 2133 εὐσέϐειαν
1655 2098 1739 2133 τι·

161 2168 383 2239 μῶντας
407 2167 557 2221 ἔστιν
578 2166 616 2223 ἃ
652 2168 762 2222 τῶν
782 2171 840 2222 έν
867 2170 1051 2232 αὐτοῖς
1085 2170 1392 2240 εἰρημένων
1421 2172 1519 2224 οὐκ
1549 2172 1740 2239 ἀφυῶς

158 2261 274 2329 ἔχει
292 2276 310 2292 ο
353 2259 512 2329 ἀνδρὶ
537 2259 595 2313 δὲ
622 2259 1009 2329 διαμαχομένῳ
1037 2260 1099 2313 οὐ
1135 2260 1298 2331 μόνον
1328 2262 1483 2315 οὐδὲν
1518 2265 1740 2333 ἐπαγω-

156 2353 255 2419 γὺν
284 2353 427 2423 πρὸς
480 2352 766 2406 εὐσέϐειαν
799 2352 1022 2421 παρέξει
1045 2354 1113 2417 ¹⁹,
1159 2353 1297 2407 ἀλλά
1341 2356 1437 2408 καὶ
1481 2357 1739 2427 ἀφορμὰς

158 2443 299 2513 πρὸς
323 2443 419 2497 τὸν
446 2444 680 2512 γέλωτα.
708 2444 847 2514 Φαίη
876 2444 922 2497 δ’
952 2446 1017 2498 ἄν
1041 2462 1126 2507 τις
1158 2447 1287 2509 ἴσως
1310 2464 1581 2517 συντετμη
1592 2449 1739 2519 μένῳ

155 2554 217 2588 τε
252 2536 350 2589 καὶ
401 2538 703 2608 ἀπερίττῳ,
732 2537 879 2608 λόγῳ
926 2539 1064 2608 πρὸς
1113 2540 1207 2593 τὸν
1257 2543 1322 2609 τῇ
1385 2541 1740 2612 ἀνθυποφορᾷ

158 2628 562 2699 γαυρούμενον,
585 2630 663 2693 ὡς
690 2632 741 2683 εί
774 2631 873 2700 μέν
902 2647 988 2693 τις
1020 2630 1111 2683 τὸν
1139 2631 1359 2701 Πατέρα
1396 2634 1735 2703 προτίθησιν,

158 2715 284 2771 εἶτα
318 2720 451 2789 περὶ
482 2720 650 2773 αὑτοῦ
678 2721 915 2791 διερωτᾷ
944 2722 1174 2791 πότερον
1202 2722 1396 2789 ἄλογον
1426 2724 1457 2791 ἢ
1500 2723 1735 2790 λογικὸν,

156 2808 418 2861 κάκεῖθεν
447 2796 850 2874 κατασκευάζει
878 2810 956 2882 τῷ
988 2812 1163 2880 Πατρὶ
1190 2811 1302 2863 δεῖν
1326 2815 1609 2881 προσεῖναι
1646 2816 1738 2865 καὶ

158 2901 311 2964 Υἰὸν,
344 2899 477 2967 [653
507 2900 601 2972 R.]
627 2903 726 2971 τῆς
758 2901 1143 2972 ἀνθυποφορᾶς
1180 2903 1242 2956 τὸ
1269 2906 1563 2975 περίεργον
1610 2906 1741 2969 ἴσως

156 2992 276 3061 ἔχει
317 2994 553 3063 πάροδον
599 2994 695 3046 καὶ
741 2994 915 3063 ίσχύν.
960 2996 1021 3047 Ei
1073 2996 1131 3047 δὲ
1171 2995 1330 3048 τοῦτο
1368 2996 1467 3066 μὲν
1500 2998 1562 3049 οὐ
1596 3001 1740 3050 ποιεί

158 3084 308 3155 (οὔτε
348 3086 459 3158 γὰρ
488 3086 592 3148 δεῖ,
613 3085 736 3139 οὔτε
760 3089 788 3138 6
818 3086 1127 3156 θαυμαστὸς
1158 3088 1457 3158 Γρηγόριος
1482 3090 1624 3142 οὕτω
1649 3091 1739 3142 τὸν

1831 603 1967 659 talio
2010 605 2126 672 ipsa
2164 604 2237 658 ita
2271 618 2331 658 se
2368 604 2551 658 habet.
2595 603 2858 672 Quisquis
2886 618 2993 658 non
3023 604 3399 663 irrationalem

1831 713 1952 753 esse
1989 695 2157 751 Deum
2202 696 2514 761 conﬁtetur,
2570 696 2617 750 is
2668 696 2835 750 etiam
2896 697 3124 753 omnino
3165 698 3401 753 Verbum

1831 790 2033 844 habere
2082 788 2352 851 concedit,
2402 788 2546 856 quod
2580 788 2874 842 immortali
2927 789 3238 844 immortale
3280 800 3402 844 est:

1833 880 2142 934 immortale
2185 891 2365 933 autem
2419 877 2675 946 Verbum,
2712 888 2912 949 praeter
2954 895 3078 935 eum
3112 896 3277 949 quem
3312 881 3405 935 Fi-

1833 974 1961 1027 lium
1991 974 2301 1040 statuimus,
2346 973 2481 1027 nihil
2512 988 2634 1027 esse
2678 982 2843 1042 queat
2876 972 3041 1026 aliud.
3086 970 3180 1026 Illa
3245 971 3407 1040 igitur

1833 1066 2254 1134 argumentatio,
2305 1080 2427 1134 quae
2468 1074 2724 1133 Oportere
2766 1065 2962 1117 astruit
3020 1070 3079 1116 ut
3127 1062 3270 1115 Deus
3316 1058 3409 1113 Fi-

1835 1159 1963 1212 lium
1996 1159 2212 1221 habeat,
2256 1156 2561 1224 huiusmodi
2605 1165 2711 1210 est.
2751 1155 2950 1209 Deinde
2988 1155 3255 1207 adversus
3295 1153 3411 1208 hac

1836 1250 2197 1321 objectionem
2228 1250 2389 1304 amici
2430 1248 2708 1317 cujusdam
2736 1248 2976 1310 adducit,
3022 1261 3188 1315 quem
3235 1251 3295 1297 ut
3324 1258 3411 1296 re-

1837 1341 2289 1397 verendissimum
2346 1339 2609 1395 celebrat.
2658 1335 2905 1405 Objectio
2948 1349 3077 1388 vero
3126 1342 3229 1395 est,
3261 1330 3411 1385 Nihil

1836 1434 2147 1505 prohibere.
2176 1434 2305 1501 quin
2332 1434 2520 1487 eadem
2558 1428 2628 1485 de
2657 1429 2798 1483 Filio
2834 1442 3052 1495 quoque
3089 1441 3156 1480 ac
3193 1425 3260 1479 de
3288 1422 3411 1492 Spi-

1838 1527 1946 1581 ritu
1977 1535 2164 1579 sancto
2198 1532 2566 1579 assumantur.
2611 1523 2751 1576 Deus
2781 1521 2927 1576 enim
2986 1521 3177 1574 horum
3215 1518 3412 1587 199a

1838 1628 2070 1686 uterque
2099 1626 2201 1669 est.
2242 1616 2417 1683 Atque
2460 1615 2534 1666 ita
2577 1628 2682 1666 non
2717 1612 2771 1665 in
2818 1609 3141 1664 Trinitatem
3176 1620 3413 1673 tantum,

1839 1711 1931 1764 sed
1965 1710 2015 1760 in
2068 1706 2310 1760 inﬁnitas
2356 1719 2621 1774 personas
2666 1716 2733 1757 ex
2778 1702 2939 1771 hujus
2990 1700 3296 1769 argumenti
3352 1711 3412 1752 ut

1843 1804 2160 1873 mysterium
2222 1801 2495 1868 procedet.
2564 1797 2714 1850 Hanc
2791 1796 2974 1863 itaque
3025 1794 3409 1861 objectionem,

1841 1907 2019 1946 acrem
2062 1906 2195 1944 sane
2224 1900 2384 1956 atque
2416 1888 2729 1958 ituplexam,
2763 1888 2925 1939 variis
2953 1886 3170 1953 quidem
3203 1884 3414 1939 solvere

1841 1984 2145 2040 rationibus
2176 1981 2505 2051 aggreditur,
2542 1989 2846 2032 nontamen
2878 1977 3161 2048 (quantum
3190 1991 3291 2045 ego
3323 1976 3413 2041 ju-

1839 2074 1982 2145 dico)
2035 2074 2170 2129 satis
2218 2082 2490 2127 accurate.
2533 2068 2775 2125 Tametsi
2826 2068 3054 2123 multum
3111 2068 3215 2121 hac
3262 2068 3314 2121 in
3352 2082 3412 2120 re

1839 2168 2138 2223 laborando
2180 2167 2430 2229 desudet,
2482 2165 2739 2219 tredecim
2769 2178 2872 2216 non
2914 2162 3099 2217 minus
3123 2175 3415 2231 argumen-

1840 2260 1909 2313 tis
1943 2259 2142 2313 allatis.
2177 2258 2255 2312 Ac
2301 2272 2397 2327 pro
2440 2257 2658 2325 pietatis
2682 2256 2899 2324 quidem
2947 2255 3268 2319 cultoribus,
3316 2269 3414 2308 eo-

1840 2369 1957 2408 rum
1988 2367 2109 2422 que
2137 2351 2209 2406 ibi
2233 2352 2376 2406 dicta
2408 2360 2532 2404 sunt
2581 2349 2761 2417 aliqua
2802 2363 2904 2403 non
2938 2347 3116 2414 inepta
3154 2348 3285 2411 sint,
3317 2347 3411 2401 sed

1839 2459 1960 2513 quae
1983 2445 2331 2499 contentiosu
2361 2443 2522 2496 alicui
2560 2441 2789 2505 homini,
2839 2455 2943 2495 non
2976 2441 3135 2493 modo
3170 2440 3303 2493 nihil
3342 2438 3413 2492 ad

1840 2537 2095 2607 pietatem
2125 2537 2405 2606 impellens
2425 2533 2676 2599 all‘erant,
2709 2541 2767 2586 ut
2798 2532 3005 2585 ridendi
3036 2532 3214 2599 potius
3245 2545 3413 2586 occa-

1840 2634 2023 2685 siones
2046 2632 2340 2699 prmbeant.
2380 2628 2583 2682 Dixerit
2615 2642 2743 2680 vero
2760 2627 3049 2694 quispiam,
3091 2625 3311 2678 concisa
3350 2639 3414 2677 ac

1840 2724 2065 2777 minime
2086 2722 2353 2790 superﬂua
2394 2736 2523 2774 usus
2544 2722 2811 2784 oratione,
2838 2720 3107 2774 adversus
3135 2735 3284 2777 eum.
3320 2718 3413 2786 qui

1839 2814 1941 2868 hac
1956 2814 2257 2883 obiectione
2289 2823 2491 2881 pugnet
2524 2811 2864 2864 insolentius.
2888 2812 2944 2865 Si
2962 2813 3081 2881 quis
3099 2809 3261 2864 Patre
3278 2810 3397 2879 pri-

1840 2923 1985 2962 mum
2029 2909 2227 2977 posito,
2272 2906 2340 2960 de
2371 2907 2485 2973 ipso
2518 2906 2715 2960 deinde
2746 2908 3063 2974 interroget,
3112 2912 3292 2957 utrum
3329 2918 3414 2954 ra-

1841 2999 2007 3053 tionis
2030 2998 2305 3067 particeps
2340 3013 2407 3050 an
2445 3011 2643 3065 expers
2679 3006 2771 3059 sit,
2802 3007 2962 3064 atque
2997 3010 3064 3049 ex
3100 2994 3191 3049 illo
3237 2994 3411 3049 conli-

1840 3093 1954 3145 ciat
1997 3089 2143 3143 Patri
2196 3100 2448 3158 Oportere
2518 3088 2717 3142 Filium
2752 3089 3033 3152 accedere,
3090 3087 3414 3155 objectionis

155 3179 336 3245 λόγον,
358 3179 727 3249 προήνεγκεν)
760 3179 892 3232 αὐτὸ
919 3179 974 3232 δὲ
1006 3178 1066 3231 τὸ
1096 3181 1247 3244 Θεός
1279 3180 1734 3250 προϐαλλόμενος,

1842 3182 2003 3252 hujus
2030 3182 2402 3235 curiositatem
2428 3180 2643 3248 aliquod
2680 3178 2902 3233 forsitan
2939 3178 3213 3247 specimen
3236 3194 3298 3232 ac
3327 3194 3414 3233 ro-

155 3267 185 3319 δ
212 3267 397 3321 κοινόν
424 3268 543 3321 ἐστι
571 3268 668 3321 καὶ
696 3269 996 3337 ἀμέριστον
1024 3270 1133 3322 τῶν
1168 3270 1474 3343 θεαρχικῶν
1508 3275 1743 3330 ὑποστα-

157 3375 299 3412 σῖων
328 3358 523 3428 ὄνομα,
559 3361 648 3412 ἐπ’
698 3361 863 3412 αὐτοῦ
889 3361 954 3430 δὴ
989 3363 1084 3414 καὶ
1127 3363 1216 3415 τὸν
1241 3364 1415 3431 Λόγον
1442 3365 1475 3435 ἢ
1506 3366 1568 3419 τὸ
1596 3369 1743 3435 γόνι-

158 3468 279 3519 μον,
325 3451 380 3502 εί
415 3450 596 3520 βούλει
619 3450 680 3503 δὲ
711 3454 806 3503 καὶ
852 3453 911 3503 τὸ
937 3452 1199 3520 ἔμπνουν,
1244 3456 1515 3527 ἐπερωτᾷ,
1573 3476 1743 3513 κατα-

155 3541 419 3593 σκευάσει
471 3542 571 3609 μὲν
600 3542 662 3593 τὸ
696 3541 797 3610 τῆς
842 3543 1074 3610 Τριάδος
1117 3548 1415 3615 μυστήριον
1462 3541 1637 3613 οὗτος,
1681 3554 1741 3604 ού

159 3633 267 3702 μήν
286 3648 356 3698 γε
380 3630 567 3702 χώραν
588 3632 809 3686 ἐνδώσει
833 3634 909 3701 τῷ
937 3634 1245 3706 βουλομένῳ
1274 3639 1373 3706 τὴν
1396 3644 1742 3714 κατασκευὴν

155 3720 652 3791 περιεργάζεσθαι.
696 3721 806 3775 Ποῦ
850 3723 958 3793 γὰρ
991 3724 1104 3777 ἴσον
1134 3725 1165 3795 ἢ
1198 3728 1367 3795 ἐγγὺς
1407 3730 1591 3799 ὅμοιον
1620 3734 1743 3787 ἀντὶ

153 3813 255 3881 τῆς
281 3813 477 3880 ὁλικῆς
504 3812 759 3881 θεότητος
792 3814 923 3882 μίαν
957 3816 1257 3871 ὑπόστασιν
1294 3819 1606 3887 διαλαϐεῖν,
1648 3827 1743 3877 καὶ

154 3904 286 3974 περὶ
316 3905 525 3975 ταύτης
548 3905 1013 3976 φιλοπραγμονεῖν
1040 3907 1075 3962 ἃ
1105 3910 1287 3973 καλῶς
1316 3906 1430 3983 εἶχε
1457 3916 1583 3982 περὶ
1612 3916 1740 3985 ὅλης

155 3996 437 4063 θεολογεῖν
473 4000 575 4065 τῆς
602 3998 897 4069 Θεότητος;
932 4002 1022 4053 τὸν
1051 4002 1161 4072 γὰρ
1204 4002 1346 4056 οὓτω
1393 4006 1474 4067 είς
1517 4006 1741 4075 ἀλογίαν

155 4089 531 4157 ἐκφερόμενον
582 4092 734 4144 οὐδὲν
762 4092 962 4146 κωλύει
986 4096 1081 4147 καὶ
1114 4097 1244 4149 ἄνευ
1283 4099 1429 4161 τινὸς
1459 4102 1741 4169 περινοίας

155 4180 457 4233 αὐτόθεν⁸⁸
486 4183 850 4253 παραληρεῖν,
888 4186 965 4249 ὡς
994 4188 1117 4240 ὲπεί
1161 4206 1266 4260 περ
1302 4191 1429 4260 ὑμῖν
1465 4195 1522 4245 ὲν
1550 4194 1741 4263 Τριάδι

156 4273 185 4323 6
215 4272 377 4337 Θεὸς,
407 4274 632 4344 ἀνάγκη
662 4277 759 4328 καὶ
784 4276 1015 4331 ἕκαστον
1042 4279 1143 4349 τῆς
1188 4280 1417 4346 Τριάδος
1444 4285 1523 4341 είς
1548 4286 1740 4356 ἑτέραν

157 4362 369 4429 Τριάδα
433 4363 805 4432 πληθύνεσθαι
838 4365 903 4419 ³¹.
961 4367 1105 4437 Πρὸς
1156 4368 1215 4420 δὲ
1268 4370 1508 4423 τοιοῦτον
1575 4372 1741 4441 λῆρον

155 4454 334 4519 οὐδεὶς
364 4455 435 4509 ἂν
458 4451 614 4526 οἶμαι
646 4456 881 4528 σώφρων
907 4459 1130 4529 ἐλεγχος
1150 4462 1531 4532 ὲπιστραφείη.
1577 4465 1740 4518 Ἀλλά

1847 3276 1951 3330 bur
1978 3276 2199 3328 habere.
2240 3272 2336 3327 Sin
2369 3273 2470 3326 hoc
2511 3273 2717 3325 omisso
2753 3271 2955 3339 (neque
2988 3271 3135 3324 enim
3172 3270 3412 3337 expedit,

1846 3382 2020 3433 neque
2066 3366 2416 3421 admirandus
2454 3364 2754 3433 Gregorius
2806 3364 2886 3417 sic
2927 3363 3229 3417 orationem
3276 3363 3417 3417 hanc

1850 3458 2091 3528 protulit)
2141 3460 2310 3525 ipsam
2355 3472 2540 3510 vocem
2588 3456 2724 3510 Deus
2776 3457 3230 3525 preponat,quod
3263 3469 3415 3511 com—

1850 3563 2013 3602 mune
2037 3556 2123 3603 est
2150 3559 2311 3617 atque
2338 3546 2668 3601 indivisibile
2698 3547 2859 3598 trium
2887 3547 3195 3600 divinarum
3227 3561 3417 3614 perso-

1845 3654 2039 3692 narum
2084 3655 2302 3703 nomen,
2336 3654 2401 3693 ac
2431 3640 2496 3693 de
2542 3638 2703 3705 hujus
2736 3650 2845 3691 tum
2890 3641 3006 3693 sive
3048 3639 3248 3701 Verbo,
3298 3640 3416 3692 sive

1844 3732 2099 3802 gignendi
2164 3732 2235 3794 vi,
2292 3732 2399 3783 imo
2450 3740 2505 3783 et
2553 3729 2764 3793 alllatu,
2802 3730 2845 3783 si
2888 3730 3055 3795 voles,
3095 3731 3414 3799 interroget,

1844 3826 1933 3879 hic
1965 3836 2019 3877 et
2048 3823 2263 3878 Triadis
2296 3825 2616 3893 mysterium
2660 3833 2892 3883 astruet,
2922 3833 2976 3876 et
3015 3824 3192 3875 locum
3224 3822 3271 3874 ei
3303 3820 3417 3873 nul—

1844 3915 1955 3969 lum
2004 3917 2175 3977 dabit,
2211 3916 2301 3983 qui
2334 3914 2465 3967 velit
2504 3915 2898 3969 astructionem
2944 3914 3113 3981 ipsam
3150 3915 3417 3967 curiosius

1842 4018 2124 4063 excutere.
2159 4007 2258 4063 Ubi
2296 4008 2439 4060 enim
2479 4006 2686 4074 aequale
2710 4005 2791 4059 vel
2825 4019 2990 4074 prope
3013 4004 3193 4059 simile
3221 4007 3292 4057 sit
3319 4019 3417 4068 pro

1844 4108 1959 4154 tota
1991 4101 2275 4153 divinitate
2321 4114 2485 4153 unam
2522 4098 2753 4166 aliquam
2800 4098 3109 4168 hypOstasin
3144 4097 3413 4164 accipere,

1842 4201 1896 4246 et
1932 4192 1997 4245 de
2048 4192 2148 4244 hac
2191 4190 2586 4245 contentiosius
2633 4188 2722 4241 illa
2765 4188 3061 4255 disputare,
3097 4200 3217 4253 quze
3268 4193 3414 4237 recte

1842 4293 2113 4353 poterant,
2169 4284 2236 4336 de
2289 4292 2396 4335 tota
2461 4280 2676 4334 Deitate
2738 4279 3035 4348 theologice
3084 4277 3234 4330 dici?
3279 4276 3410 4328 Eum

1842 4372 1985 4426 enim
2020 4374 2110 4439 qui
2146 4372 2198 4423 in
2246 4380 2450 4423 tantam
2502 4370 2894 4423 absurditatetn
2956 4368 3245 4427 delabitur,
3284 4364 3416 4417 nihil

1846 4466 2097 4533 prohibet
2135 4465 2255 4517 sine
2304 4463 2407 4515 ulla
2462 4462 2683 4517 solertia
2723 4463 2973 4531 nugaudo
3026 4461 3151 4513 hinc
3201 4457 3419 4511 conclu-

156 4547 268 4613 γὰρ
299 4546 335 4614 ἡ
382 4544 485 4613 μὲν
526 4545 680 4609 λύσις
713 4548 816 4616 τῆς
860 4548 1246 4617 ἀνθυποφορᾶς
1288 4553 1509 4624 τοιαύτη
1542 4571 1626 4617 τις
1673 4557 1737 4610 ἂν

1849 4558 1999 4623 dere,
2029 4555 2469 4624 quandoquidem
2517 4552 2738 4606 Trinum
2773 4554 3061 4605 conlitetur
3094 4549 3288 4609 Deum,
3325 4563 3419 4601 ne-

158 4637 271 4705 εῐη,
318 4637 417 4688 καὶ
455 4638 580 4690 ὅσαι
621 4638 779 4692 ἄλλαι
812 4640 910 4709 τὴν
948 4641 1117 4710 αὐτὴν
1153 4642 1346 4695 ἵενται.
1380 4644 1453 4695 Τὸ
1492 4648 1591 4714 μὲν
1642 4644 1739 4702 οὖν

157 4726 381 4797 πρῶτον
407 4727 503 4780 τοῦ
535 4729 765 4799 ἑϐδόμου
799 4730 1006 4798 βιϐλίου
1037 4732 1333 4800 κεφάλαιον
1363 4741 1625 4795 τοιοῦτον.

1848 4650 2147 4704 cessarium
2192 4663 2406 4717 quoque
2436 4663 2578 4710 esse,
2612 4646 2856 4715 singulas
2897 4646 3113 4697 Triadis
3155 4657 3421 4709 personas

1848 4745 1901 4798 in
1953 4742 2112 4794 aliam
2167 4739 2420 4794 Triadem
2491 4739 2857 4804 multiplicari.
2914 4738 3191 4789 Adversus
3239 4733 3418 4800 qualia

156 4819 546 4884 deliramenta,
576 4822 747 4885 nulla,
797 4824 1015 4889 opinor,
1083 4826 1305 4893 sapiens
1360 4832 1663 4891 confutatio
1722 4840 2019 4910 intorqueri
2074 4836 2263 4907 possit.
2333 4832 2716 4887 Verumtamen
2785 4830 2983 4884 solutio
3053 4829 3212 4897 hujus
3271 4827 3417 4896 obje-

156 4912 364 4966 ctionis
403 4912 532 4966 talis
568 4912 753 4981 fuerit,
796 4924 893 4968 aut
952 4917 999 4970 si
1038 4932 1157 4986 quae
1210 4920 1331 4975 alia!
1374 4924 1564 4978 eadem
1618 4944 1737 4998 pro:

1838 4933 2037 4988 liantur
2085 4930 2193 4982 via.
2258 4925 2371 4982 Hoc
2427 4927 2590 4995 igitur
2641 4925 2871 4994 primum
2930 4932 3013 4977 est
3066 4921 3242 4975 octavi
3296 4914 3416 4973 libri

156 5012 346 5071 caput.

225 5092 497 5161 Δεύτερον
530 5092 586 5146 δὲ
613 5092 785 5164 ζητεῖ,
814 5095 913 5149 Διά
950 5097 1025 5161 τί,
1062 5099 1157 5152 τοῦ
1179 5100 1312 5154 Υίοῦ
1336 5104 1539 5159 καὶτοῦ
1575 5109 1749 5162 Πνεύ-

158 5200 333 5254 ματος
386 5184 665 5254 ὁμοτίμως
715 5187 781 5238 ὲκ
824 5188 918 5240 τοῦ
965 5190 1177 5259 Πατρός
1224 5194 1540 5263 προϊόντων,
1567 5199 1596 5251 6
1641 5200 1741 5269 μὲν

154 5274 379 5342 λέγεται
412 5273 537 5337 Υἱὸς
559 5316 576 5341 ,
603 5276 665 5327 τὸ
692 5276 749 5329 δὲ
796 5278 1053 5349 Πνεῦμα,
1082 5282 1177 5333 καὶ
1231 5284 1333 5336 οὐκ
1367 5286 1533 5354 ἄμφω
1572 5289 1672 5359 τὴν
1698 5292 1741 5322 ³⁸

153 5370 256 5436 τῆς
306 5368 559 5436 υίότητος
608 5368 931 5434 διασώζουσι
978 5373 1192 5443 κλῆσιν,
1238 5374 1428 5446 ὥσπερ
1474 5380 1595 5432 οὐδὲ
1636 5381 1735 5451 τὴν

156 5459 346 5528 σχέσιν
373 5474 390 5523 ;
423 5460 519 5511 καὶ
557 5458 699 5512 οὕτω
740 5461 1074 5533 διαπορήσας
1110 5467 1306 5534 ἐπάγει
1334 5468 1431 5537 τὴν
1464 5470 1635 5533 λύσιν,
1668 5472 1743 5536 ὡς

158 5549 312 5612 ἅπαξ
354 5550 387 5619 ή
438 5549 688 5617 θεολογία
718 5552 783 5605 ὲκ
825 5553 933 5606 τῶν
964 5556 1255 5626 γνωρίμων
1299 5561 1429 5630 ἡμῖν
1458 5562 1559 5632 τῆς
1594 5563 1743 5630 θείας

158 5640 379 5711 φύσεως
410 5641 470 5693 τὸ
496 5643 555 5694 έν
580 5642 771 5712 Τριάδι
798 5646 1024 5716 γνήσιον
1053 5650 1147 5702 καὶ
1188 5650 1449 5722 ὁμότιμον
1477 5654 1741 5727 λογογρα-

1925 5107 2017 5164 55.
2050 5106 2294 5163 Alterum
2332 5107 2527 5161 deinde
2560 5109 2754 5175 quaerit
2782 5124 2796 5160 :
2831 5104 2961 5169 Cur,
2995 5121 3117 5161 cum
3152 5105 3319 5160 Filius
3353 5122 3418 5162 ac

1854 5200 2091 5271 Spiritus
2111 5207 2333 5253 sanctus
2360 5214 2427 5253 ex
2456 5198 2613 5253 Patre
2640 5200 2846 5268 pariter
2873 5200 3184 5269 procedant,
3214 5201 3299 5254 hic
3331 5199 3418 5253 Fi-

1849 5294 1975 5359 lius,
2019 5292 2109 5347 ille
2149 5289 2381 5360 Spiritus
2423 5294 2653 5357 dicatur,
2702 5302 2755 5347 et
2800 5308 2903 5347 non
2932 5295 3091 5347 ambo
3140 5294 3416 5347 liliationis

1851 5385 2271 5455 appellationem
2319 5396 2556 5450 servent,
2608 5386 3056 5453 quemadmodum
3106 5398 3279 5452 neque
3319 5384 3416 5437 ha-

1851 5479 2192 5533 bitudinem?
2222 5478 2333 5533 Hoc
2382 5494 2513 5548 ergo
2544 5480 2635 5532 ubi
2678 5478 2940 5533 dubitavit
2966 5478 3148 5542 modo,
3192 5476 3416 5532 solutio-

1850 5585 1974 5624 nem
2007 5570 2253 5626 adhibet.
2301 5569 2535 5625 Omnino
2577 5569 2804 5641 [inquit]
2834 5569 3097 5640 theologia
3124 5586 3189 5624 ex
3226 5569 3416 5636 cogni-

1851 5661 1924 5715 tis
1954 5661 2111 5715 nobis
2160 5661 2322 5715 rebus
2352 5675 2667 5729 germanam
2704 5671 2869 5730 atque
2899 5660 3163 5731 aqualem
3212 5657 3415 5714 divinat

1473 5767 1704 5823 VARLE
1744 5768 2147 5825 LECTIONES.

227 5849 275 5881 ⁸³
305 5846 414 5921 ὅτι]
449 5841 525 5914 ὧς
559 5851 625 5905 Α.
704 5852 748 5883 ³⁸
785 5853 1011 5927 παρέχει
1060 5858 1125 5911 Α.
1203 5860 1247 5892 ³ο
1282 5860 1509 5917 αὐτόθεν
1565 5866 1687 5921 add.
1744 5864 1811 5920 A.
1888 5863 1930 5896 ³¹
1963 5862 2300 5934 πληθύεσοαι
2358 5866 2426 5921 A.
2502 5866 2547 5899 “
2574 5866 2673 5938 τὴν
2698 5866 2818 5922 add.
2844 5866 2908 5921 Α.
