4196 6442
744 390 847 453 799

1892 389 2153 451 ΡΠΟΤΙΙ
2185 392 2688 452 ΡΛΤΠΙΑΒΟΗᾹΞ
2723 394 2830 453 CP.

3876 396 3989 463 800

745 516 950 558 natura:
974 501 1294 555 Trinitatem
1343 501 1522 555 verbis
1557 500 1895 565 describens,
1929 518 2023 571 per
2064 504 2302 570 Patrem,

2419 504 2617 572 φοῦσα,
2645 504 2734 556 διὰ
2770 501 2865 555 τοῦ
2896 502 3128 573 Πατρὸς,
3157 501 3250 555 καὶ
3281 501 3375 557 τοῦ
3404 502 3559 569 Υἱοῦ,
3584 506 3678 556 καὶ
3706 505 3800 557 τοῦ
3832 507 3989 574 ἁγίου

740 595 939 649 Filium
994 592 1222 661 199b,
1277 600 1335 647 et
1382 592 1650 661 Spiritum
1698 604 1966 659 sanctum,
2019 595 2309 660 inetl‘abile,

743 687 995 755 quodque
1056 684 1398 738 denominari
1464 687 1658 755 nequit
1725 686 2027 741 divinitatis
2092 704 2309 753 nomen,

742 777 1023 832 consuetis
1072 777 1228 828 nobis
1274 778 1629 845 cognatisque
1671 777 2121 845 appellationibus
2182 795 2311 849 sug-

742 872 927 937 gessit.
972 868 1199 929 Quando
1224 877 1404 919 autem
1445 878 1761 922 consuetum
1802 880 1887 923 est
1914 879 2080 935 atque
2114 885 2313 923 conve-

744 962 899 1012 niens
930 962 994 1011 de
1029 959 1156 1012 ﬁliis
1188 960 1392 1013 nostris
1417 961 1596 1013 dicere
1630 961 2059 1029 generationem,
2095 963 2163 1015 de
2194 963 2315 1029 Spi-

743 1053 848 1103 ritu
894 1066 1021 1104 vero
1050 1052 1451 1117 processionem
1485 1067 1500 1105 :
1538 1051 1774 1117 Spiritus
1822 1053 1967 1105 enim
1993 1054 2192 1121 inquit,
2226 1070 2314 1106 va-

740 1142 867 1191 dens
894 1150 940 1191 et
973 1156 1072 1192 non
1092 1140 1291 1191 rediens
1316 1138 1333 1175 τ
1366 1139 1429 1191 Et
1457 1154 1470 1189 :
1498 1138 1678 1192 Exibit
1698 1140 1923 1205 Spiritus
1950 1141 2062 1209 ejus
2082 1144 2126 1196 ε.
2153 1142 2316 1195 Item-

742 1246 847 1297 que
885 1248 899 1283 :
928 1231 1184 1295 Quoniam
1237 1229 1461 1297 Spiritus
1490 1234 1822 1299 pertransivit
1878 1234 1934 1285 in
1982 1234 2096 1294 illo,
2132 1244 2177 1288 et
2212 1252 2313 1287 non

740 1321 983 1375 subsistet
1002 1324 1050 1376 ιι.
1074 1323 1297 1388 Quando
1320 1323 1481 1391 igitur
1508 1324 1559 1376 in
1577 1324 1814 1377 humano
1838 1339 2034 1392 genere
2068 1326 2204 1378 Filio
2228 1342 2318 1393 ge-

744 1416 1080 1468 nerationem
1133 1414 1477 1482 adaptamus,
1524 1416 1749 1484 Spiritui
1812 1431 1942 1469 vero
2007 1420 2316 1483 processio-

746 1520 872 1560 nem
910 1521 924 1559 :
960 1506 1077 1573 pari
1112 1520 1328 1573 quoque
1370 1506 1581 1558 ratione
1630 1506 1682 1559 in
1726 1515 1916 1559 natura
1963 1506 2223 1559 inetlabili
2252 1521 2317 1559 ac

747 1599 1172 1665 supernaturali,
1205 1608 1260 1651 et
1290 1597 1483 1649 Filium
1513 1598 1779 1664 genitum,
1819 1606 1872 1649 et
1899 1595 2158 1663 Spiritum
2193 1611 2316 1648 san-

747 1701 892 1745 etum
950 1692 1266 1757 procedere,
1312 1689 1573 1743 divinitus
1604 1689 1778 1743 edocti
1813 1703 2020 1742 sumus.
2054 1686 2315 1752 Propter-

744 1797 806 1836 ea
845 1783 989 1835 enim
1042 1782 1299 1849 Spiritus,
1350 1781 1525 1835 Patris
1574 1796 1727 1849 mque
1793 1794 1857 1833 ac
1896 1779 2047 1837 Filii,
2080 1778 2315 1846 Spiritus

746 1883 967 1926 sanctus
1004 1873 1205 1926 dicitur
1252 1890 1265 1925 ε

747 1962 940 2015 borum
992 1962 1226 2030 Spiritus
1263 1963 1406 2034 [esse
1453 1962 1622 2033 recte]
1664 1963 1882 2016 dicitur.
1918 1960 2081 2015 Pater
2105 1976 2235 2014 vero
2260 1969 2317 2012 et

747 2052 917 2106 Filius
963 2054 1196 2120 Spiritus
1247 2054 1417 2106 sancti
1462 2068 1566 2106 non
1603 2054 1752 2117 item,
1785 2053 1908 2119 quia
1963 2066 2139 2117 neque
2173 2050 2313 2116 apud

749 2158 866 2197 nos.
919 2144 1184 2196 Caeterum
1233 2147 1373 2211 quod
1443 2142 1584 2196 Deus
1642 2151 1832 2210 suapte
1888 2152 2079 2194 natura
2138 2154 2315 2207 neque

749 2234 851 2287 dici
889 2248 918 2286 a
950 2235 1127 2299 nobis,
1167 2250 1342 2301 neque
1372 2234 1597 2303 cogitari
1631 2235 1820 2303 possit,
1852 2232 2159 2287 communis
2200 2246 2317 2285 om-

748 2328 895 2379 nium
956 2342 1151 2380 sensus
1200 2327 1483 2379 admittit:
1534 2336 1588 2381 et
1639 2341 1768 2379 vero
1809 2325 2009 2394 passim
2047 2324 2103 2377 in
2140 2322 2313 2377 sacris

750 2420 973 2474 Litteris
1014 2421 1360 2487 prazdicatur,
1406 2430 1825 2486 sanctorumque
1856 2418 2074 2471 Patrum
2107 2424 2315 2470 nostro-

748 2528 868 2563 rum
905 2522 1080 2566 coetus
1119 2528 1268 2580 paene
1302 2514 1584 2565 universus
1615 2512 1755 2565 idem
1798 2511 2141 2573 testiﬁcatur,
2177 2523 2312 2575 quo-

751 2618 866 2655 rum
923 2619 989 2657 ne
1038 2606 1197 2657 verba
1244 2605 1459 2670 quidem
1507 2604 1651 2671 (cum
1700 2604 1920 2655 minime
1973 2602 2134 2655 dubia
2181 2600 2310 2662 sint)

750 2696 1035 2761 designare
1085 2710 1327 2749 necesse.
1368 2698 1541 2763 Atque
1592 2696 1708 2748 haec
1741 2695 1880 2749 libro
1904 2702 2099 2748 octavo
2131 2692 2318 2746 Jobius

747 2785 1111 2852 persequitur.

2415 596 2765 665 Πνεύματος,
2798 595 2857 648 τὸ
2885 595 3124 666 ἄρρητον
3164 612 3223 647 τε
3267 595 3362 647 καὶ
3400 596 3843 666 ἀκατονόμαστον
3894 601 3990 667 τῆς,

2414 688 2666 757 θεότητος
2697 688 2867 756 ὄνομα
2896 686 3024 758 [328
3052 685 3145 755 H.'|
3181 687 3464 756 συνήθεσιν
3483 688 3615 757 ἡμῖν
3642 692 3739 741 καὶ
3768 693 3993 760 συντρὸ-

2414 797 2535 846 φοις
2582 778 2977 848 προσηγορίαις
3026 775 3316 831 ὑπέϐαλεν.
3366 777 3476 830 Καὶ
3520 778 3709 847 ἐπειδὴ
3759 778 3991 847 σύνηθες

2413 872 2504 923 ἐπὶ
2534 871 2629 941 μὲν
2670 870 2776 921 τῶν
2822 868 2943 921 καθ’
2982 869 3131 938 ἡμᾶς
3176 868 3305 918 υἱῶν
3332 872 3427 919 καὶ
3474 869 3780 938 πρόσφορον
3812 870 3992 937 λέγειν

2412 961 2511 1030 τὴν
2534 960 2767 1028 γένεσιν,
2795 960 2888 1010 ἐπὶ
2909 958 2966 1011 δὲ
2995 958 3089 1011 τοῦ
3122 957 3435 1024 Πνεύματος
3462 957 3509 987 ³³
3536 957 3634 1025 τὴν
3662 959 3993 1029 ἐκπόρευσιν

2416 1050 2679 1119 (Πνεῦμα
2702 1050 2830 1117 γὰρ,
2855 1049 3019 1117 φησὶ,
3048 1048 3456 1113 πορευόμενον
3476 1048 3573 1100 καὶ
3598 1049 3709 1101 οὐκ
3724 1048 3994 1117 ἐπιστρέ-

2414 1158 2549 1210 evor-
2590 1142 2704 1193 καὶ’
2731 1141 3145 1203 Ἐξελεύσεται
3163 1140 3206 1169 ³⁵
3229 1141 3295 1191 τὸ
3325 1139 3570 1205 Πνεῦμα
3598 1138 3785 1193 αὑτοῦ
3810 1155 3825 1169 ⁸
3861 1142 3958 1192 καὶ
3977 1184 3991 1205 ,

2414 1233 2496 1284 ὅτι
2515 1230 2557 1261 ³⁸
2589 1230 2831 1297 Πνεῦμα
2853 1227 3099 1295 διῆλθεν
3137 1228 3205 1279 ἐν
3238 1225 3421 1291 αὐτῷ,
3446 1227 3544 1280 καὶ
3563 1231 3675 1295 οὐχ
3697 1227 3997 1296 ὑπάρξει),

2417 1322 2539 1373 ἐπεὶ
2577 1316 2670 1373 οὖν
2708 1324 2765 1372 ἐν
2798 1320 2877 1388 τῷ
2909 1319 3232 1387 ἀνθρωπίνῳ
3273 1319 3420 1385 γένει
3464 1320 3543 1387 τῷ
3588 1322 3685 1388 μὲν
3731 1321 3847 1390 1⁸ίῷ
3895 1322 3996 1391 τὴν

2416 1414 2667 1483 γέννησιν
2701 1412 3102 1481 ἐφαρμόζομεν.
3135 1411 3211 1480 τῷ
3257 1412 3538 1480 Πνεὺματι
3578 1412 3634 1464 δὲ
3675 1411 3773 1480 τὴν
3825 1413 3997 1465 ἐκπό-

2420 1523 2624 1576 ρευσιν,
2649 1505 2924 1570 ἀναλόγως
2945 1506 3039 1559 καὶ
3064 1505 3156 1556 ἐπὶ
3174 1508 3273 1572 τῆς
3299 1505 3540 1573 ἀρρήτου
3566 1505 3660 1557 καὶ
3680 1503 3996 1573 ὑπερφυοῦς

2419 1597 2634 1665 φύσεως
2666 1598 2757 1649 τὸν
2783 1597 2881 1665 μὲν
2913 1597 3039 1648 Υἱὸν
3078 1596 3437 1663 γεγεννῆσθαι
3466 1595 3863 1664 διδασκόμεθα,
3901 1599 3997 1649 ἐκ-

2419 1688 2749 1758 πορεύεσθαι
2796 1688 2854 1739 δὲ
2901 1686 2963 1738 τὸ
3004 1685 3228 1754 Πνεῦμα
3276 1685 3593 1755 θεοπρεπῶς
3643 1688 3992 1756 ἐμυήθημεν.

2418 1780 2518 1833 Διὰ
2544 1781 2589 1814 ³⁸
2619 1779 2775 1832 τοῦτο
2800 1779 2908 1847 γὰρ
2935 1780 3025 1831 καὶ
3050 1779 3272 1847 Πνεῦμα
3300 1779 3397 1846 μὲν
3418 1779 3513 1831 τοῦ
3539 1779 3752 1847 Πατρδς
3778 1781 3874 1832 καὶ
3897 1780 3993 1831 τοῦ

1325 1874 1448 1941 quia
1494 1874 1655 1925 etiam
1696 1871 1835 1940 apud
1885 1886 1989 1924 nos
2037 1872 2317 1937 utriusque

2426 1872 2552 1925 Υἱοῦ
2586 1872 2647 1923 τὸ
2675 1873 2829 1936 ἆγιον
2857 1870 3081 1938 Πνεῦμα
3128 1870 3341 1938 εἴρηται
3366 1911 3381 1934 ,
3412 1870 3535 1922 ἐπεὶ
3564 1873 3658 1923 καὶ
3688 1870 3819 1939 παρ’
3864 1873 3998 1938 ἡμῖν

2416 1964 2674 2035 ἐκατέρου
2702 1964 2906 2016 τούτων
2943 1962 3167 2028 Πνεῦμα
3198 1963 3453 2030 λέγεται,
3486 1962 3674 2031 Πατὴρ
3709 1963 3765 2014 δὲ
3800 1962 3833 2031 ἢ
3864 1963 3994 2024 Υἱὸς

2416 2057 2509 2111 τοῦ
2549 2056 2863 2124 Πνεύματος
2892 2054 3101 2106 οὺκέτισ
3138 2055 3259 2106 οὐδέ
3290 2056 3397 2123 γὰρ
3432 2056 3563 2123 παρ’
3599 2055 3751 2123 ἡμῖν.
3785 2056 3909 2106 Ὀτι
3944 2054 3999 2106 δέ

2416 2149 2476 2201 τὸ
2504 2149 2657 2201 Θεῖον
2700 2151 2765 2216 τῇ
2801 2146 2996 2199 ἑαυτοῦ
3040 2145 3203 2214 φύσει
3248 2147 3487 2215 ἄρῤητόν
3519 2148 3636 2198 ἐστι
3677 2147 3770 2198 καὶ⁸
3806 2147 3999 2197 ἀνειῖιι⁸

2420 2240 2627 2310 νόητον,
2664 2240 2813 2292 πᾶσα
2851 2240 2949 2307 μὲν
2993 2238 3146 2308 κοινὴ
3178 2237 3499 2307 ἀνομολογεῖ
3519 2238 3563 2269 ³⁷
3608 2236 3822 2302 ἐννοια,
3860 2235 3996 2288 πολ-

2417 2330 2582 2401 λαχοῦ
2615 2332 2671 2383 δὲ
2703 2331 2795 2383 καὶ
2830 2331 2929 2399 τῆς
2956 2331 3106 2400 ἱερᾶς
3138 2330 3359 2400 Γραφῆς
3382 2328 3827 2400 ἁνακηρύσσεται
3848 2369 3862 2391 ,
3902 2330 4001 2381 καὶ

2416 2422 2525 2475 τῶν
2552 2422 2729 2490 σοφῶν
2768 2421 3025 2489 Πατέρων
3064 2421 3220 2489 ἡμῶν
3253 2420 3450 2491 μικροῦ
3480 2422 3589 2483 πᾶς
3611 2422 3641 2473 ὁ
3666 2420 3827 2490 χορὸς
3874 2436 4001 2472 συν-

2418 2515 2877 2582 επιμαρτύρεται,
2903 2506 2977 2563 ὧν
3015 2512 3138 2564 οὐδὲ
3178 2513 3277 2574 τὰς
3320 2513 3504 2580 φωνὰς
3530 2513 3607 2575 ὡς
3628 2512 3729 2565 οὐκ
3767 2511 3997 2580 ἀδήλους

2418 2605 2633 2673 ἀνάγκη
2666 2604 3132 2674 ἐπισημήνασθαι.
3158 2605 3343 2656 Ταῦτα
3378 2606 3478 2674 μὲν
3504 2606 3563 2658 ἐν
3591 2606 3672 2657 τῶ
3702 2604 3750 2675 η’
3778 2604 3924 2672 λόγῳ
3950 2605 3996 2635 ³⁸

2423 2697 2695 2760 διέξεισιν.

2239 2872 2397 2926 Liber
2438 2888 2488 2926 Ix
2501 2914 2514 2926 .

818 2988 980 3042 Libro
1015 3004 1159 3041 nono
1210 2990 1421 3042 modice
1475 2987 1755 3056 praefatus,
1808 2989 1932 3039 dum
1967 2986 2132 3041 Josne
2182 2986 2321 3039 [ilius

746 3080 892 3133 Nave
949 3081 1147 3132 dicitur
1201 3079 1475 3131 exercitus
1532 3080 1830 3144 principem
1884 3079 2033 3129 illum
2087 3079 2319 3130 interro—

2503 2984 2591 3035 Ἐν
2618 2982 2675 3033 δέ
2704 2981 2781 3049 τῷ
2811 2980 2855 3033 θ’
2890 2979 3029 3049 μετά
3056 2994 3177 3031 τινα
3202 2976 3492 3030 διάπλασιν
3522 2978 3837 3045 προοιμίου,
3873 2980 3933 3031 ἐν
3957 2972 3999 3045 ᾧ

2417 3074 2508 3126 τὸν
2530 3073 2625 3124 τοῦ
2663 3073 2819 3140 Ναυῆ
2863 3069 3070 3138 Ἰησοῦν
3113 3085 3278 3137 φησιν
3300 3069 3343 3099 ³⁸
3371 3068 3736 3137 ἐπερωτῶντα
3773 3069 3867 3121 τὸν
3905 3071 4002 3138 ἀρ-

746 3187 876 3240 garc
908 3188 922 3223 :
959 3170 1153 3223 Noster
1172 3186 1246 3231 es,
1273 3186 1340 3221 an
1376 3171 1796 3223 adversariorum
1828 3170 2019 3223 i?Non
2058 3171 2195 3221 idem
2234 3184 2320 3236 pe-

2419 3163 2804 3234 χιστράτηγον·
2849 3160 3166 3228 Ἠμέτερος
3188 3160 3234 3190 ⁸⁵
3265 3156 3321 3211 εἴ
3350 3160 3388 3225 ἢ
3435 3158 3555 3211 τῶν
3581 3160 4000 3222 oder-artu”;

748 3273 863 3314 tere
917 3261 1159 3328 disputat
1216 3258 1409 3313 Jobins
1472 3262 1739 3327 aliquisne
1788 3271 1933 3314 esset
1977 3260 2314 3313 sensibilium

2419 3257 2515 3308 οὐκ
2553 3254 2605 3307 εἴ
2627 3254 2711 3316 τίς
2757 3255 2875 3305 ἐστι
2920 3252 3028 3305 τῶν
3059 3250 3333 3321 αἰσθητῶν
3370 3251 3667 3319 πολεμίων,
3712 3252 3854 3303 ἀλλὰ
3896 3253 4003 3303 τῶν

746 3351 1009 3415 hostium,
1070 3352 1165 3404 sed
1214 3365 1281 3403 an
1330 3352 1737 3419 spiritualium?
1781 3350 1942 3405 Multa
1981 3352 2123 3404 enim
2153 3350 2315 3405 Josue

2419 3345 2641 3415 νοητῶν.
2681 3347 2779 3412 τὴν
2817 3343 3084 3413 ἐρώτησιν
3128 3344 3419 3397 ποιεῖσθαι.
3467 3344 3645 3397 Πολλὰ
3696 3344 3808 3415 γὰρ
3839 3346 4001 3397 αὑτὸν

746 3445 1032 3506 docebant,
1068 3458 1240 3510 neque
1267 3443 1498 3509 aliquem
1538 3457 1663 3497 esse
1700 3444 1842 3497 hunc
1867 3460 1934 3497 ex
1970 3444 2150 3497 hostili
2176 3443 2314 3507 acie,

2422 3436 2732 3490 ἀνεδίδασκε
2762 3434 2898 3503 μήτε
2917 3434 3016 3501 τῆς
3039 3433 3395 3503 παρατάξεως
3422 3434 3649 3487 ἐκείνων
3670 3433 3835 3501 εῐναι⁹
3865 3437 4000 3489 ἀλλὰ

746 3549 812 3588 ac
852 3550 1025 3603 neque
1050 3552 1114 3589 ex
1143 3537 1361 3603 proprio
1391 3538 1663 3599 exercitu,
1690 3546 1769 3595 ut,
1812 3538 1952 3603 quod
1981 3537 2161 3590 subito
2188 3537 2320 3590 asti-

2424 3529 2559 3597 μηδέ
2588 3544 2711 3578 τινα
2752 3526 2851 3594 τῆς
2887 3527 3095 3584 οἰκείας
3143 3529 3435 3596 στρατιᾶς·
3477 3529 3538 3579 τό
3573 3544 3633 3579 τε
3664 3529 3771 3598 γὰρ
3808 3529 4003 3597 ἁθρόον

750 3627 923 3689 tisset,
966 3632 1219 3695 quodque
1260 3644 1416 3681 nemo
1465 3629 1901 3681 adversariorum
1956 3630 2203 3690 auderet,
2234 3628 2319 3681 vel

2419 3624 2517 3692 τῆς
2549 3625 2892 3687 ἐπιστασίας.
2925 3625 3053 3695 [656
3080 3624 3174 3696 R.]
3204 3627 3300 3678 καὶ
3325 3625 3387 3678 τὸ
3418 3627 3627 3695 μηδένα
3655 3627 3867 3695 τολμᾷν
3900 3628 4004 3679 τῶν

744 3734 847 3787 per
882 3719 1087 3772 medias
1130 3720 1366 3772 hostium
1397 3720 1581 3785 capias
1616 3721 1875 3785 transire,
1905 3719 1987 3771 vel
2014 3721 2065 3772 in
2097 3735 2323 3788 conspe-

746 3817 895 3860 ctum
921 3808 1270 3874 imperatoris
1300 3807 1508 3870 venire,
1541 3808 1671 3876 quin
1715 3816 1795 3871 et,
1823 3808 1969 3876 quod
2007 3816 2156 3860 tanta
2194 3822 2321 3861 usus

747 3900 996 3962 audacia,
1033 3899 1170 3951 nihil
1209 3899 1434 3951 omnino
1477 3899 1670 3952 hostile
1699 3898 1940 3952 fecisset.
1978 3900 2189 3967 Alioqui
2225 3914 2323 3953 nec

747 3992 1138 4058 sapientissimi
1198 3991 1541 4057 imperatoris
1594 3989 1777 4043 fuerat
1825 3992 2110 4057 ignorare,
2148 3990 2324 4058 qualis

748 4084 1138 4136 contribulium
1164 4096 1307 4135 esset
1340 4084 1559 4136 habitus
1584 4094 1749 4150 atque
1787 4091 2104 4149 apparatus,
2146 4082 2322 4149 qualis

756 4170 883 4222 item
926 4170 1376 4235 alienigenarum.
1416 4170 1616 4223 Verum
1655 4180 1883 4223 noverat
1911 4172 2127 4238 quidem
2156 4170 2325 4225 Josue

749 4261 923 4313 visum
971 4262 1099 4314 illud
1152 4278 1315 4313 unum
1362 4262 1779 4329 intelligentinm
1836 4264 2128 4328 spirituum
2177 4278 2323 4326 esse,

750 4353 844 4407 sed
880 4354 982 4406 hoc
1018 4368 1349 4421 cognoscere
1383 4354 1602 4419 avebat,
1650 4365 1829 4405 utrum
1866 4353 2008 4421 quod
2039 4353 2326 4420 apparuis-

748 4456 832 4498 set
861 4461 927 4499 ex
974 4447 1219 4499 hostibus
1253 4454 1419 4507 esset,
1453 4460 1521 4497 an
1551 4447 1618 4498 de
1646 4446 1734 4499 illo
1761 4448 2025 4508 exercitu,
2060 4449 2151 4515 qni
2186 4461 2325 4514 pro—

748 4538 965 4604 tegebat
989 4534 1173 4589 Israel.
1216 4534 1293 4588 De
1324 4535 1424 4589 hoc
1452 4550 1581 4603 ergo
1621 4536 1677 4588 in
1719 4536 1986 4604 prommio
2032 4537 2165 4605 agit.

2422 3715 2678 3767 ἐναντίων
2706 3717 2841 3786 μήτε
2871 3716 2960 3768 διὰ
2985 3717 3153 3785 μέσον
3184 3717 3550 3785 στρατοπέδου
3578 3716 3846 3785 πολεμίου
3870 3719 4006 3771 διελ-

2422 3804 2534 3857 θεῖν
2565 3808 2703 3874 μήτε
2740 3808 2820 3869 είς
2863 3807 2984 3875 ὄψιν
3020 3806 3194 3860 ἐλθεῖν
3227 3807 3321 3858 τοῦ
3364 3808 3672 3877 στρατηγοῦ
3692 3848 3708 3871 ,
3741 3808 3888 3860 ἀλλὰ
3918 3810 4007 3860 καὶ

2420 3897 2481 3948 τὸ
2506 3898 2677 3949 ταῦτα
2701 3899 2742 3927 ⁸¹
2768 3898 3115 3967 τολμήσαντα
3149 3899 3311 3967 μηδὲν
3333 3898 3470 3960 ὅλως
3494 3899 3755 3968 πολέμιον
3780 3900 4003 3969 δρᾶσαι.

2428 3989 2701 4041 ¹’Δλλωστε
2735 3990 2793 4042 δὲ
2819 3990 2941 4042 οὐδὲ
2968 3990 3064 4043 τοῦ
3097 3992 3408 4057 σοφωτάτου
3439 3991 3550 4043 τῶν
3580 3993 3915 4060 στρατηγῶν
3941 3990 4007 4061 ἦν

2427 4083 2499 4151 μὴ
2534 4082 2736 4133 εἰδέναι
2767 4081 2949 4133 ὁποῖόν
2979 4099 3031 4133 τι
3062 4081 3170 4132 τῶν
3197 4082 3484 4150 ὁμοφύλων
3517 4083 3608 4134 τὸν
3637 4084 3827 4151 σχῆμα
3859 4087 4005 4155 καὶὴ

2425 4174 2757 4241 κατασκευὴ,
2785 4175 2879 4226 καὶ
2898 4168 3009 4226 οἷον
3040 4173 3101 4226 τὸ
3121 4174 3440 4241 ἀλλόφυλον.
3476 4174 3616 4226 Ἀλλ’
3640 4175 3762 4243 ᾔδει
3788 4176 3893 4243 μὲν
3917 4178 4008 4244 τὴν

2424 4266 2704 4334 παροῦσαν
2744 4264 2865 4332 ὄψιν
2896 4264 2955 4317 ἐν
2992 4282 3045 4316 τι
3079 4265 3187 4316 τῶν
3212 4266 3415 4333 νοερῶν
3461 4267 3791 4334 πνευμάτων
3827 4264 3969 4319 εἶναι
3993 4307 4005 4327 .

2425 4356 2605 4423 ἐζήτει
2632 4357 2688 4408 δὲ
2718 4357 2909 4425 μαθεῖν
2935 4356 3161 4421 πότερον
3186 4357 3246 4407 τὸ
3270 4356 3595 4425 φαινόμενον
3623 4360 3724 4424 τῆς
3756 4359 4009 4420 ἐναντίας

2425 4448 2510 4516 εἴη
2534 4449 2576 4478 ⁸⁸
2607 4448 2638 4516 ἦ
2667 4449 2762 4515 τῆς
2788 4446 3271 4515 ὑπερασπιζούσης
3297 4447 3580 4515 δυνάμεως
3612 4448 3703 4500 τὸν
3749 4449 3994 4518 Ἰσραήλ.

2426 4539 2581 4589 Κατὰ
2618 4538 2714 4606 μὲν
2738 4533 2830 4590 οῦν
2853 4539 2898 4569 ⁵³
2946 4538 3004 4590 τὸ
3039 4539 3321 4609 προοίμιον
3374 4541 3501 4609 περὶ
3548 4538 3745 4591 τούτου
3771 4540 4006 4610 διαλαμ-

2427 4630 2599 4682 ﬂii/at.

818 4707 906 4761 56.
946 4707 1149 4772 Quaerit
1171 4717 1375 4776 postea,
1400 4708 1676 4772 Quomodo
1707 4717 1931 4776 utraque
1951 4708 2064 4761 haec
2099 4706 2319 4761 concedi

2499 4722 2653 4774 Μετὰ
2697 4722 2754 4774 δὲ
2783 4721 2940 4775 τοῦτο
2990 4722 3164 4791 ζητεῖ,
3219 4720 3343 4785 Πῶς
3391 4721 3460 4774 ἂν
3518 4722 3808 4791 ἀμφότερα
3880 4739 4010 4789 συγ-

751 4812 973 4869 queant,
1008 4816 1106 4853 nos
1134 4811 1188 4853 et
1226 4801 1447 4866 adeptos
1474 4813 1593 4853 esse
1616 4801 1847 4865 gratiam
1877 4802 2117 4868 angelica
2151 4801 2325 4870 digni-

757 4903 867 4946 tate.
896 4893 1155 4957 majorem
1188 4901 1243 4946 et
1298 4892 1504 4959 angelis
1536 4893 1771 4959 aequales
1822 4894 1872 4945 in
1928 4895 2326 4946 resurrectione

752 4985 947 5053 20οα
983 4986 1322 5051 apparituros
1364 4985 1384 5035 ?
1431 4982 1560 5049 Quae
1605 4986 1832 5051 quaestio
1870 4986 1942 5038 ita
1989 4986 2325 5038 dissolvitur.

2423 4812 2719 4881 χωρηθείη,
2747 4813 2840 4865 καὶ
2866 4814 2927 4863 τὸ
2949 4815 3135 4880 τυχεῖν
3162 4814 3309 4881 ἡμᾶς
3328 4812 3669 4881 χαρίσματος
3690 4812 4005 4881 κρείττονος

2424 4901 2517 4952 τοῦ
2557 4902 2848 4967 ἁγγελικοῦ
2884 4900 3230 4970 ἀξιώματος,
3268 4900 3453 4953 καὶτὸ
3490 4900 3815 4966 ίσαγγέλους
3848 4903 3911 4953 ἐν
3951 4904 4010 4968 τῇ

2425 4994 2725 5044 ἀναστάσει
2762 4992 3131 5062 ὁφθήσεσθαι;
3195 4993 3302 5043 Καὶ
3346 4990 3629 5043 ἐπιλύεται
3684 4990 3746 5041 τὸ
3792 4990 4013 5060 ζήτημα

750 5075 1012 5140 Primum,
1034 5076 1166 5129 nihil
1196 5076 1701 5142 prohibeteamdem
1736 5090 1843 5128 rem
1863 5077 2156 5130 secundum
2187 5075 2322 5127 aliud

2428 5083 2644 5153 πρῶτον
2687 5085 2807 5153 μὲν,
2838 5084 2913 5146 ὡς
2943 5084 3094 5136 οὐδὲν
3127 5083 3325 5134 κωλύει
3354 5081 3416 5133 τὸ
3442 5082 3575 5133 αὐτὸ
3600 5080 3722 5133 κατ’
3752 5081 3887 5133 ἄλλο
3920 5081 4013 5151 μὲν

752 5171 1011 5223 honorem
1036 5170 1322 5237 quemdam
1350 5170 1506 5235 paulo
1544 5168 1801 5236 majorem
1823 5169 2102 5236 consequi,
2128 5182 2323 5221 secun-

753 5262 877 5314 dum
894 5263 1039 5314 aliud
1055 5276 1183 5315 vero
1196 5260 1472 5315 inferioris
1490 5277 1608 5316 esse
1624 5261 1970 5315 conditionis.
1990 5260 2044 5313 In
2060 5271 2322 5329 quantum

753 5354 897 5405 enim
952 5363 1138 5408 nostro
1188 5369 1417 5423 corpore
1474 5366 1753 5421 assumpto
1808 5354 2070 5407 Dominus
2121 5355 2171 5407 id
2218 5354 2319 5406 sibi

2428 5176 2621 5245 ἐτέρας
2647 5176 2792 5237 τινὸς
2827 5174 3071 5243 μείζονος
3109 5174 3279 5242 τιμῆς
3308 5171 3621 5231 ἀπολαύειν,
3650 5173 3772 5224 κατ’
3796 5172 3929 5224 ἄλλο
3957 5171 4011 5223 δὲ

2428 5267 2633 5334 λήξεως
2664 5262 2802 5318 εἶναι
2841 5267 2941 5333 τῆς
2967 5266 3208 5335 ἥττονος.
3253 5263 3403 5315 Καθὸ
3436 5262 3536 5331 μὲν
3567 5262 3675 5331 γὰρ
3716 5262 3779 5313 τὸ
3811 5262 4012 5330 ἡμέτε-

2432 5374 2522 5423 ρον
2548 5355 2832 5409 ἀναλαϐὼν
2861 5354 3089 5424 φύραμα
3116 5354 3353 5421 συνῆψεν
3373 5354 3402 5405 ὁ
3432 5353 3715 5420 Δεσπότης
3738 5351 3923 5419 ἐαυτῴ
3946 5352 4007 5412 δ’,

821 5462 839 5502 ί
874 5465 1018 5523 Psal.
1049 5484 1255 5533 Lxxvn,
1294 5469 1383 5524 59.
1464 5471 1488 5509 8
1515 5468 1656 5523 Psal.
1689 5485 1847 5532 οων,
1889 5468 1941 5522 4.
2018 5470 2203 5523 hPsal.
2241 5484 2309 5521 cn

2419 5470 2453 5521 ).
2539 5469 2556 5507 ί
2595 5469 2758 5523 Jowe
2786 5486 2840 5534 v,
2875 5470 2959 5522 l5.

2024 5564 2258 5615 VARMZ
2294 5563 2693 5617 LECTIONES.

840 5657 885 5686 ³³
912 5655 1152 5726 πνεῦμαῖ
1187 5657 1325 5711 Psal.
1349 5674 1525 5713 Luvu
1550 5659 1635 5711 59.
1717 5657 1760 5687 ³⁸
1782 5656 1946 5727 ἐξελ]
1978 5657 2097 5709 Ρεεῖ
2140 5671 2295 5716 cuv,
2322 5658 2375 5728 ιιι
2452 5657 2496 5687 ³⁸
2519 5656 2623 5726 ὅτι]
2656 5656 2912 5728 Ps_::l_.cn,
2946 5655 3072 5728 16._
3108 5655 3151 5683 ³³
3175 5652 3598 5728 ’διὰ-θημρτ.
3681 5649 3722 5678 ³⁷
3760 5648 4012 5725 ἀναλογεί

760 5740 841 5790 ιη’.
871 5732 929 5778 .\.
1010 5722 1063 5759 3“
1082 5722 1221 5797 λόγῳ
1256 5733 1376 5797 add.
1415 5735 1476 5781 Α.
1554 5731 1595 5760 ³²
1635 5729 1752 5782 lihri
1783 5722 1947 5793 φασὶν
1988 5728 2289 5797 ἐπερωτᾷ-ί.
2364 5726 2409 5755 ⁸ο
2445 5722 2735 5796 ἡμέτερος]
2770 5726 2879 5779 Jos.
2929 5742 2977 5786 ν,
3014 5725 3095 5777 15.
3173 5724 3215 5753 ⁸⁸
3245 5722 3304 5773 τὸ
3344 5722 3592 5774 nunc.
3625 5737 3637 5771 :
3674 5722 3912 5771 τοσαῦτα
3939 5734 4011 5779 ς.

764 5803 807 5823 υ
839 5800 915 5823 ρι’..
972 5800 988 5823 ι
1037 5800 1079 5823 -2
1118 5816 1151 5823 ρ
1193 5795 1201 5797 “
1252 5796 1529 5823 ιιι-ἲη..λιι
1601 5802 1617 5823 ι
1731 5800 1773 5823 ιιι
1801 5801 1933 5823 ε--.-
2008 5801 2059 5823 ι..
2110 5795 2272 5823 1....-."

791 5805 807 5825 ⁴
836 5800 917 5865 εἴη
958 5800 998 5849 .\
1036 5800 1081 5851 εἰ
1114 5796 1200 5862 ς(
1252 5796 1405 5852 δὀὗν
1434 5800 1551 5853 add.
1588 5802 1650 5851 Α.
1731 5800 1773 5829 ⁵⁸
1798 5801 1950 5851 δεσπ.
2004 5801 2059 5850 ἐν
2107 5796 2281 5864 ἐαυτῷ
2320 5814 2375 5858 ς.
