4196 6442
170 435 261 499 801
1208 420 1728 486 BIBLIOTHECA.
1765 442 1836 456 --
1870 417 2031 478 COD.
2071 416 2343 479 CCXXII.

170 548 257 596 καὶ
280 540 537 611 υπεράνω
582 541 762 606 πάσης
806 535 977 606 ἀρχῆς
1008 534 1102 587 καὶ
1148 533 1397 598 ιξουσίας
1439 528 1731 598 ἀναγαγὼν
1763 536 1807 589 Α

1763 536 1807 589 Α
1834 525 2136 594 conjunxit,
2178 535 2233 579 et
2259 539 2423 592 supra
2455 537 2647 579 omnes
2685 521 3027 591 Principatus
3064 535 3129 577 ac
3153 520 3404 579 Potesta-

170 638 222 687 ὲν
239 634 389 703 δεξιᾷ
422 630 742 683 συνεκάθισε
771 629 864 681 τοῦ
904 624 1152 695 Πατρὸς,
1192 623 1351 692 δῆλον
1378 625 1457 675 ὅτι
1495 622 1594 691 τῆς
1629 622 1728 688 ἀγ-

168 725 394 793 γελικῆς
414 722 570 786 ἀξίας
602 722 635 791 ἡ
666 719 912 789 ἡμετέρα
953 717 1113 786 φύσις
1157 712 1575 787 προτετίμηται.
1617 710 1730 765 Καὶ

169 816 294 869 καθὸ
322 810 627 882 ἐγνωρίσθη
668 810 797 875 ταῖς
842 808 1065 877 Ἀρχαῖς
1095 806 1191 860 καί
1220 804 1349 869 ταῖς
1393 802 1731 867 Ἑξουσίαις

168 908 230 959 ἐν
274 905 399 971 τοῖς
443 902 819 973 ἐπουρανίοις
861 900 959 953 διὰ
1005 898 1112 965 τῆς
1169 896 1567 963 Ἐκκλησίας,
1608 894 1733 964 ἥτις

167 1002 302 1053 ἐστὶν
328 1001 357 1051 ό
380 1001 462 1060 εἰς
491 996 722 1067 Χριστὸν
758 995 1134 1055 πεπιστευκώς
1168 991 1320 1054 λαὸς,
1352 991 1391 1056 ἡ
1434 986 1728 1041 πολυποί-

168 1094 327 1155 κιλος
376 1089 564 1156 σοφία
608 1087 712 1139 τοῦ
746 1086 933 1149 Θεοῦ,
979 1082 1058 1151 ἣν
1107 1081 1337 1143 ἔδειξεν
1384 1081 1451 1133 ὲν
1500 1074 1731 1147 Χριστῷ

178 1178 410 1245 Ἰησοῦ,
462 1177 559 1229 καὶ
615 1176 756 1229 κατὰ
806 1174 964 1226 τοῦτο
1019 1173 1080 1225 τὸ
1142 1172 1409 1241 ἡμέτερον
1460 1169 1615 1236 γένος
1671 1167 1732 1219 τὸ

168 1270 448 1341 πρεσϐεῖον
468 1267 855 1335 ἀπηνέγκατοο
918 1264 1047 1338 [5ἳ9
1113 1264 1206 1336 H.]
1260 1266 1443 1332 τρίτον
1491 1262 1581 1325 δὲ,
1639 1261 1722 1313 ὅτι

171 1379 267 1431 περ
329 1362 375 1391 ’⁵⁵
446 1360 672 1411 ἐκείνων
743 1360 841 1426 τὴν
910 1358 1211 1411 ἀπόλαυσιν
1269 1353 1731 1424 ὲφιλοτιμήθημεν

168 1457 339 1523 ἡμεῖς,
372 1453 449 1513 είς
495 1450 531 1504 ἃ.
561 1450 925 1519 ἐπιθυμοῦσιν
962 1449 1185 1517 ἄγγελοι
1236 1446 1587 1517 παρακύψαι.
1621 1444 1732 1495 Καὶ

168 1544 290 1595 καθὸ
328 1541 653 1611 ἀμφοτέρων
704 1539 1245 1611 παραπεπτωκότων,
1299 1536 1394 1590 τοῦ
1440 1554 1499 1588 τε
1562 1535 1733 1603 Ἀδάμ

166 1638 253 1686 καὶ
278 1636 375 1702 τῆς
399 1633 694 1701 ἀγγελικῆς
724 1632 953 1695 τάξεως,
984 1631 1079 1683 τοῦ
1108 1632 1206 1700 μὲν
1231 1630 1330 1701 τὴν
1357 1630 1518 1697 φύσιν
1550 1627 1733 1680 λαϐὼν

166 1722 472 1775 ἀνεσώσατο
496 1762 510 1785 ,
545 1722 655 1773 τῶν
689 1721 745 1773 δὲ
775 1720 982 1783 οὐκέτι,
1019 1717 1310 1771 κάντεῦθεν
1340 1717 1497 1785 δῆλον
1530 1716 1604 1777 ὡς
1641 1732 1730 1782 φι-

166 1813 406 1883 laetitia;
445 1813 687 1883 μείζονος
718 1814 751 1881 ἡ
793 1811 1039 1882 ἡμετέρα
1072 1812 1232 1877 φύσις
1263 1808 1619 1877 κατηξίωται.
1659 1805 1733 1858 Τὸ

1830 624 1912 669 tes
1949 622 2193 667 evectum
2239 614 2305 666 ad
2358 614 2607 667 dextram
2652 611 2834 667 Patris
2896 612 3198 668 consedere
3255 611 3409 679 fecit,

1830 704 2089 774 angelica:
2112 702 2326 756 scilicet
2365 702 2613 771 dignitati
2657 711 2841 756 nostra
2873 714 3065 756 natura
3096 707 3405 770 anteposita

1828 804 1933 848 est.
1971 794 2249 859 Quatenus
2280 794 2408 847 item
2439 793 2675 847 innotuit
2706 792 3050 862 Principatus
3084 802 3133 847 et
3165 792 3411 849 Potesta-

1830 889 1967 940 tibus
2008 889 2063 941 in
2097 888 2391 941 caelestibus
2435 902 2526 953 per
2560 885 2849 940 Ecclesium
2885 888 3024 956 (qua:
3070 897 3125 941 et
3162 888 3213 940 in
3244 888 3408 941 Chri-

1833 989 1977 1032 stum
2024 979 2252 1032 credens
2291 977 2551 1047 populus)
2599 977 2944 1045 multiformis
2984 979 3245 1043 sapientia
3286 978 3406 1047 Dei,

1831 1086 1988 1138 quam
2013 1071 2241 1122 exhibuit
2270 1071 2324 1123 in
2364 1069 2576 1123 Christo
2608 1068 2736 1123 Iesu
2783 1068 2829 1131 i,
2856 1078 3079 1123 eatenus
3118 1069 3278 1124 etiam
3313 1085 3411 1139 ge-

1834 1178 1934 1217 nus
1982 1161 2275 1215 humanum
2310 1161 2516 1231 primas
2565 1160 2769 1217 retulit.
2805 1159 2991 1215 Tertio
3034 1163 3177 1228 quod
3212 1161 3301 1213 illo
3330 1162 3413 1214 in-

1834 1269 1998 1325 super
2032 1268 2256 1309 munere
2292 1270 2354 1309 ex
2402 1254 2768 1309 muniﬁcentia
2815 1254 2998 1308 donati
3030 1254 3201 1307 simus
3255 1265 3312 1306 ut
3345 1255 3413 1308 iis

1834 1348 2086 1401 fruamur
2146 1348 2333 1409 rebus,
2367 1348 2419 1401 in
2460 1360 2596 1415 quas
2642 1345 2954 1400 desiderant
2999 1346 3175 1413 angeli
3210 1347 3414 1413 prospi~

1833 1454 1960 1494 cere
1997 1439 2052 1491 ι.
2101 1438 2381 1505 Quatenus
2421 1440 2589 1493 etiam
2629 1437 2875 1505 utrisque
2927 1436 3093 1506 lapsis
3124 1440 3331 1492 Adamo
3357 1449 3414 1493 et

1834 1533 2150 1599 angelorum
2234 1531 2533 1592 ordinibus.
2588 1530 2735 1583 illius
2794 1533 2923 1597 (non
2991 1530 3121 1585 item
3185 1531 3403 1601 borum)

1835 1633 2112 1689 assumpta
2160 1631 2375 1685 natura,
2425 1622 2653 1674 salutem
2685 1620 2881 1674 attulit.
2916 1622 3093 1688 Atque
3134 1622 3259 1676 hinc
3291 1622 3408 1676 cla-

1838 1730 1955 1767 rum
1990 1724 2093 1778 est,
2132 1713 2324 1781 majori
2360 1713 2568 1766 honore
2615 1712 2833 1780 dignam
2878 1727 2999 1767 esse
3030 1712 3271 1767 habitam
3312 1729 3410 1767 na-

1835 1818 2014 1861 turam
2052 1817 2317 1859 nostram.
2350 1806 2501 1869 Quod
2536 1814 2716 1857 autem
2744 1804 2796 1857 in
2831 1807 3240 1860 resurrectione
3270 1807 3411 1861 sicut

163 1903 213 1954 δὲ
244 1908 296 1954 ἐν
328 1906 398 1972 τῇ
447 1904 740 1956 ἀναστάσει
770 1900 846 1961 ὡς
886 1901 1154 1967 ἀγγέλους
1195 1894 1334 1951 εἶναι
1360 1900 1486 1957 τοὺς
1523 1895 1736 1965 ἀνθρώ·
1768 1915 1808 1969 Β

1768 1915 1808 1969 Β
1842 1898 2015 1967 angeli
2069 1906 2226 1951 erunt
2275 1898 2523 1951 homines
2556 1895 2598 1961 ι,
2651 1910 2754 1949 non
2788 1896 2839 1948 id
2888 1896 3172 1966 utriusque
3199 1900 3410 1965 generis

164 2011 289 2056 πους
322 1994 426 2045 οὐκ
463 1992 737 2061 ἰσοτιμίαν
774 1991 1033 2060 ἑκατέρου
1062 1991 1254 2058 γένους
1279 1989 1554 2054 διδάσκει,
1595 1988 1731 2041 ἀλλά

164 2082 435 2133 πολιτείαν
493 2081 853 2149 ὁμοιότροπον
909 2080 1195 2149 μαρτυρεί’
1258 2076 1557 2147 τηνικαῦτα
1621 2078 1729 2148 γάρ

163 2173 345 2241 ὥσπερ
387 2172 498 2224 οὐδ’
543 2172 594 2223 οί
635 2170 857 2238 ἄγγελοι
881 2210 894 2233 ,
925 2169 1099 2231 οὓτως
1141 2168 1263 2221 οὐδὲ
1303 2168 1363 2221 τὸ
1391 2168 1730 2239 ἀνθρώπινον

164 2266 309 2330 γένος
338 2265 520 2332 γάμου
550 2264 645 2314 καὶ
675 2262 999 2331 σωματικῆς
1027 2261 1246 2330 ὁμιλίας
1271 2260 1576 2329 δεήσονται.
1609 2259 1729 2312 Ἔτι

163 2358 216 2410 δὲ
255 2357 407 2409 οὐδὲν
456 2355 657 2409 κωλύει
712 2355 807 2407 καὶ
852 2355 977 2415 τοὺς
1034 2351 1355 2422 ἀνθρώπους
1412 2351 1731 2420 ίσαγγέλους

164 2452 312 2513 ὄντας
342 2451 376 2519 ἦ
416 2450 589 2520 βραχύ
638 2467 689 2502 τι
723 2448 855 2517 παρ’
888 2446 1084 2509 αὐτοὺς
1137 2446 1557 2515 ἠλαττωμένους
1607 2444 1729 2513 μεί-

165 2542 308 2607 ζονος
342 2542 637 2597 ἀπολαύειν
668 2542 873 2611 δώρου,
908 2543 1035 2593 ὅταν
1064 2540 1114 2592 οἱ
1165 2540 1263 2609 μὲν
1292 2540 1585 2610 ἀσωμάτου
1630 2538 1734 2607 φύ-

167 2651 295 2695 σεως
355 2632 613 2701 τυχόντες
677 2632 771 2684 καὶ
827 2630 927 2699 τῆς
983 2629 1189 2693 οἰκείας
1251 2630 1731 2697 ἀποστατήσαντες

165 2725 315 2795 δόξης
348 2726 446 2776 καὶ
473 2722 629 2795 ἀξίνας
658 2722 1074 2792 ἀμεταμέλητον
1106 2719 1433 2791 συντηροῦσι
1454 2722 1551 2789 τὴν
1582 2719 1732 2771 πτῶ-

167 2833 264 2880 σιν,
320 2818 484 2886 ἡμεῖς
530 2815 587 2867 es
641 2818 702 2868 τὸ
754 2815 975 2867 ἔλαττον
1023 2814 1248 2867 ἐκείνων
1295 2812 1356 2878 ἐξ
1405 2812 1574 2882 αὐτῆς
1633 2811 1734 2878 τῆς

166 2910 410 2970 πλάσεως
435 2908 687 2970 λαϐόντες
716 2907 803 2960 διὰ
833 2909 930 2975 τὴν
964 2907 1100 2976 πρὸς
1127 2906 1189 2958 τὸ
1221 2905 1381 2974 σῶμα
1409 2907 1729 2974 συνάφειαν,

165 2994 279 3051 εἶτα
306 3000 408 3067 τῆς
434 2997 653 3067 ἐντολῆς
680 2994 1111 3066 παραρῤυέντες,
1148 2994 1209 3047 οὐ
1251 2994 1515 3063 φιλοῦμεν
1549 2993 1732 3063 μένειν

165 3090 219 3140 ἐν
244 3088 321 3157 τῷ
351 3087 633 3157 πτώματι,
664 3086 753 3138 διὰ
779 3084 1065 3154 μετανοίας
1095 3084 1151 3136 δὲ
1178 3084 1401 3135 ἐκείνων
1430 3084 1538 3135 τῶν
1565 3085 1735 3135 ἐκπε-

167 3181 361 3231 σόντων
391 3179 492 3248 τὴν
535 3178 685 3247 λῆξιν
722 3177 1047 3230 καταλαϐεῖν
1080 3176 1401 3245 σπεύδομεν,
1438 3175 1528 3227 καί
1559 3191 1622 3241 γε
1664 3172 1733 3226 δι’

1840 1990 2202 2058 aequalitatem
2252 1988 2466 2050 edocet,
2517 1988 2612 2040 sed
2670 1986 2910 2041 assimile
2957 1987 3221 2041 duntaxat
3282 1989 3407 2042 vita;

1836 2097 2007 2153 genus
2058 2089 2371 2135 attestatur.
2409 2077 2565 2134 Tunc
2615 2080 2785 2142 enim,
2824 2080 3274 2147 quemadmodum
3308 2095 3408 2135 an-

1837 2173 1940 2243 geli
1980 2188 2087 2227 non
2134 2173 2398 2243 indigent,
2444 2173 2523 2226 sic
2574 2186 2747 2239 neque
2790 2185 2959 2242 genus
2989 2173 3279 2227 humanum
3306 2191 3405 2228 nu-

1837 2266 1966 2335 ptiis
2021 2272 2114 2318 aut
2160 2278 2453 2334 corporum
2513 2278 2811 2331 congressu
2863 2264 3144 2335 indigebit.
3204 2266 3407 2321 Praeter

1837 2358 1963 2421 ista,
2014 2354 2147 2409 nihil
2198 2355 2444 2424 prohibet
2492 2356 2739 2409 homines
2780 2356 2986 2425 angelis
3031 2358 3286 2425 aequales,
3322 2361 3405 2414 vel

1838 2449 2232 2517 paulominus"
2258 2448 2324 2501 ab
2367 2447 2471 2500 illis
2498 2448 2793 2502 diminutos
2828 2447 2997 2514 majus
3035 2448 3248 2517 aliquod
3276 2466 3406 2503 con—

1839 2542 1991 2610 sequi
2025 2554 2240 2605 munus,
2271 2540 2486 2608 quando
2528 2540 2746 2607 quidem
2782 2538 2881 2604 illi,
2912 2539 3003 2609 qui
3040 2541 3285 2609 corporis
3308 2558 3406 2595 ex-

1840 2641 2043 2700 pertem
2088 2640 2335 2683 naturam
2378 2630 2659 2684 consecuti
2706 2639 2855 2694 sunt,
2889 2630 2975 2684 ubi
3019 2630 3186 2684 semel
3218 2646 3248 2683 e
3280 2648 3407 2700 pro-

1840 2722 1959 2791 prio
2005 2724 2208 2777 honore
2238 2732 2294 2775 et
2333 2722 2506 2792 gloria
2556 2723 2903 2787 exciderunt,
2941 2724 2994 2776 in
3024 2738 3126 2777 suo
3147 2723 3404 2791 deinceps

1841 2826 1967 2865 casn
2022 2812 2140 2865 sine
2183 2812 2498 2880 pmnitentia
2553 2821 2881 2867 remanent:
2942 2827 3040 2867 nos
3097 2828 3245 2884 vero,
3279 2830 3403 2868 cum

1840 2900 2155 2955 inferiorem
2212 2902 2316 2957 illis
2366 2904 2732 2956 conditionem
2786 2917 2852 2956 ex
2918 2904 3149 2969 ipsemet
3197 2906 3406 2973 origine

1841 3003 2022 3046 nostra
2060 2992 2303 3060 (prepter
2337 2995 2581 3062 corporis
2623 2994 3084 3064 coniunctionem)
3131 2997 3399 3063 acceperi-

1842 3100 1981 3147 mus,
2047 3096 2371 3154 prazceptum
2432 3086 2629 3138 deinde
2687 3087 3031 3153 transgressi,
3070 3086 3120 3139 in
3167 3087 3406 3153 peccatis

1841 3172 2050 3227 haerere
2081 3176 2353 3239 nolumus,
2391 3177 2482 3229 sed
2536 3177 2748 3229 illorum
2798 3177 2887 3244 qui
2940 3178 3257 3231 exciderunt
3283 3191 3406 3230 sor-

166 3268 468 3345 ὑπερϐολὴν
494 3268 800 3337 φιλοτιμίας
834 3267 925 3319 τὸν
956 3268 1187 3335 οὐρανὸν
1215 3267 1312 3319 καὶ
1342 3266 1563 3336 τὴντοῦ
1596 3264 1732 3316 Θεοῦ
1764 3276 1804 3333 (;

1764 3276 1804 3333 (;
1842 3277 1967 3329 tem,
2018 3281 2114 3333 per
2162 3268 2538 3335 paenitentiam
2594 3283 2919 3335 recuperare
2974 3268 3279 3321 studemus.
3340 3266 3406 3320 Et

166 3362 442 3428 βασιλείαν
472 3362 591 3413 ἀντὶ
619 3358 711 3411 τοῦ
740 3357 1066 3429 παραδείσου
1094 3356 1729 3428 κατακληροδοτούμεοα.

228 3632 455 3692 Τούτοις
485 3631 882 3699 έπιλυσάμενος
912 3629 971 3682 τὸ
1001 3628 1352 3698 ζητούμενον,
1387 3629 1465 3689 εἰς
1490 3627 1735 3679 ἀνάπτυ-

164 3726 239 3788 ξιν
266 3728 487 3796 πρόεισι
521 3725 617 3792 τῆς
652 3723 967 3793 παραϐολῆς
997 3724 1030 3791 ἦ
1080 3740 1162 3784 τις
1193 3721 1283 3773 τὸν
1330 3720 1595 3789 νεώτερον
1637 3718 1735 3771 καὶ

162 3819 368 3869 ἄσωτον
409 3815 525 3868 υίὸν
569 3816 782 3867 καὶτὸν
819 3814 1186 3883 πρεσϐύτερον
1229 3812 1344 3882 ἅμα
1386 3811 1479 3865 τοῦ
1530 3811 1735 3880 πατρὸς

163 3908 392 3975 είσάγει,
426 3907 522 3958 καὶ
548 3906 614 3957 τά
643 3905 763 3957 κατ’
790 3906 986 3966 αὐτοὺς
1020 3903 1337 3963 διατίθεταί,
1366 3903 1457 3954 καί
1482 3919 1613 3972 φησι
1645 3901 1735 3953 τὸν

165 4001 259 4069 μὲν
286 3997 661 4071 πρεσϐύτερον
702 3998 816 4050 υἱὸν
844 3998 942 4058 τὰς
973 3995 1271 4063 ἀγγελικάς
1299 3994 1734 4064 παραδειγματί-

162 4092 271 4155 ζειν
304 4091 567 4159 δυνάμεις
596 4089 794 4160 (χρόνῳ
824 4088 931 4159 γάρ
974 4091 1067 4141 καὶ
1098 4090 1286 4158 τρόπῳ
1336 4088 1429 4139 τοῦ
1464 4088 1733 4157 ἡμετέρου

162 4181 351 4247 γένους
380 4184 443 4232 -τὸ
476 4180 765 4250 πρεσϐεῖον
796 4178 956 4231 αὗται
990 4178 1290 4247 φέρονται),
1310 4179 1402 4230 τὸν
1439 4178 1494 4230 δὲ
1528 4177 1735 4230 ἄσωτον

162 4274 216 4325 τὸ
244 4273 590 4343 ἀνθρώπινον
614 4272 792 4339 γένος,
820 4270 1030 4340 πατέρα
1052 4271 1109 4323 δὲ
1148 4270 1239 4322 τὸν
1266 4269 1605 4338 ,δημιουργὸν
1638 4268 1735 4322 καὶ

162 4364 440 4432 Δεσπότην
470 4362 707 4414 πάντων.
738 4361 864 4432 [657
894 4359 986 4431 3.]
1024 4362 1066 4411 Τ
1070 4360 1097 4411 δ
1137 4360 1191 4411 δὲ
1222 4361 1616 4413 ἀποδυσπετεῖν
1643 4360 1734 4412 τὸν

163 4456 534 4526 πρεσϐύτερον
567 4455 682 4507 υίὸν
711 4455 802 4505 ἐπὶ
833 4455 900 4523 τῇ
929 4453 1227 4522 ἀνακλήσει
1257 4454 1349 4505 καὶ
1368 4450 1613 4515 δεξιώσει
1638 4451 1733 4504 τοῦ

162 4547 427 4619 νεωτέρου
455 4587 471 4607 ,
514 4544 587 4616 μὴ
624 4546 723 4615 τῆς
758 4527 1060 4613 ἀγγελικῆς
1105 4544 1204 4612 μὲν
1239 4539 1563 4595 εἶναιτοῦτο
1591 4540 1730 4617 γνώ-

1836 3372 1964 3411 vero
2018 3372 2115 3425 per
2185 3359 2622 3425 exsuperantiam
2692 3357 2933 3428 [divinas]
2995 3358 3403 3419 muniﬁcentiae,

1836 3450 2031 3503 cmlum
2094 3464 2157 3504 ac
2210 3449 2301 3503 Dei
2344 3466 2565 3519 regnum
2618 3466 2717 3518 pro
2778 3453 3032 3519 paradiso
3091 3451 3405 3504 haereditate

1835 3553 2129 3593 cernimus.

1906 3632 1993 3686 37.
2031 3630 2125 3684 llis
2145 3631 2232 3685 illa
2261 3633 2534 3700 proﬂigata
2554 3635 2871 3700 qurestlone,
2889 3634 2952 3685 ad
2974 3636 3406 3701 explanationem

1834 3723 2107 3791 parabolae
2143 3724 2455 3791 aggreditur
2482 3733 2532 3786 ιι,
2566 3740 2684 3791 quise
2724 3723 2995 3793 juniorem
3036 3740 3098 3779 ac
3126 3730 3404 3797 prodigum

1838 3817 2026 3878 lilium,
2064 3824 2116 3869 et
2146 3817 2412 3869 seniorem
2438 3816 2598 3869 simul
2634 3830 2752 3869 cum
2785 3828 2933 3884 patre
2966 3820 3189 3883 inducit,
3232 3831 3285 3873 et
3316 3837 3410 3875 eo-

1843 3925 1960 3963 rum
2017 3909 2303 3963 historiam
2366 3910 2437 3961 ita
2514 3909 2733 3974 digerit.
2798 3908 2852 3963 In
2905 3912 3118 3965 seniore
3172 3913 3246 3965 ait
3299 3912 3409 3967 lilio

1835 4001 2047 4055 ostendi
2099 4000 2373 4069 angelicas
2430 4002 2701 4068 petentias
2752 4003 2897 4069 (nam
2950 4013 3003 4055 et
3054 4012 3297 4069 tempore
3350 4018 3408 4057 et

1837 4094 2017 4152 modo,
2053 4102 2238 4145 nostro
2269 4092 2451 4159 generi
2477 4093 2737 4161 dignitate
2763 4093 3067 4161 praestant),
3104 4095 3157 4146 in
3185 4094 3409 4163 prodigo

1838 4198 1964 4237 vero
1996 4184 2286 4255 humanum
2312 4198 2481 4252 genus
2508 4201 2521 4236 :
2555 4184 2609 4237 in
2639 4195 2791 4250 patre
2818 4184 3137 4238 Creatorem
3166 4186 3405 4239 universi

1836 4290 1900 4329 ac
1925 4276 2209 4329 Dominum
2241 4279 2643 4344 repraesentari.
2680 4278 2879 4348 200b
2904 4277 3240 4348 lndignatum
3277 4292 3408 4332 vero

1835 4368 2105 4421 seniorem
2136 4369 2304 4421 tilium
2344 4370 2686 4423 revocatione
2721 4380 2775 4423 et
2817 4370 3046 4438 benigna
3083 4370 3406 4423 tractatione

1834 4460 2085 4529 iunioris,
2151 4477 2257 4515 non
2304 4462 2406 4516 hoc
2452 4462 2709 4531 angelicae
2739 4477 2858 4516 esse
2907 4464 3108 4517 mentis
3146 4474 3241 4516 aut
3274 4463 3404 4518 alle-

1835 4550 2050 4613 ctionis,
2088 4552 2182 4604 sed
2210 4550 2517 4619 parabolam
2554 4552 2677 4617 ista,
2714 4566 2820 4620 quo
2846 4552 3094 4606 beneﬁcii
3125 4555 3401 4620 magnitu-

162 4656 263 4706 μης
288 4637 336 4668 ⁸⁸
364 4638 398 4707 ἢ
431 4636 745 4699 διαθέσεως,
792 4634 1295 4704 κατασχηματίζειν
1336 4634 1391 4686 δὲ
1425 4634 1523 4703 τὴν
1551 4652 1732 4704 παρα-
1756 4630 1810 4689 Ι)

1756 4630 1810 4689 1)
1837 4641 2014 4693 dinem
2040 4641 2292 4708 declaret,
2323 4644 2395 4696 ita
2430 4642 2706 4712 elllngere,
2738 4642 3006 4708 Quoniam
3040 4652 3248 4696 tantum
3279 4654 3399 4710 post

160 4728 316 4799 ϐολὴν
338 4727 540 4790 ταῦτα,
569 4727 629 4780 τὸ
660 4726 891 4798 μέγεθος
933 4727 1030 4797 τῆς
1068 4723 1387 4795 εὐεργεσίας
1430 4726 1732 4778 ἐπιδεικνυ-

160 4820 347 4890 μένην,
400 4822 487 4874 ὅτι
537 4818 805 4889 τοσαύτης
860 4818 997 4889 μετὰ
1056 4816 1328 4887 τοσαύτην
1380 4818 1646 4871 ἀσωτείαν
1685 4818 1731 4850 ⁸⁷

158 4915 442 4982 ἀπήλαυσε
492 4912 591 4981 τῆς
645 4911 954 4981 φιλοτιμίας
994 4912 1024 4963 ὁ
1066 4910 1274 4974 ἄσωτος
1323 4910 1469 4972 υίὸς,
1507 4910 1590 4962 ὅτι
1634 4911 1731 4962 καὶ

159 5002 291 5072 αὑτὴ
324 5004 394 5055 ἂν
427 5002 465 5071 ἡ
508 5000 617 5053 τῶν
643 5000 891 5068 ἀγγέλων
920 4999 1097 5063 τάξις,
1128 5001 1287 5070 είπερ
1314 4995 1382 5070 ἦν
1424 5003 1481 5053 ἐν
1512 5003 1575 5069 τῇ
1606 5002 1727 5053 τού-

156 5109 259 5145 των
291 5094 457 5162 φύσει
491 5092 552 5144 τὸ
582 5092 1012 5157 ὲπιϐασκαίνειν,
1052 5092 1409 5163 ἐδυσχέρανεν
1433 5091 1478 5123 ⁸⁸
1521 5093 1586 5145 ἂν
1633 5096 1729 5146 κει.)⁸

155 5184 247 5237 οὐκ
276 5182 517 5253 ἀνεκτὴν
546 5184 789 5254 ἡγήσατο
816 5183 913 5255 τὴν
937 5183 1034 5253 τῆς
1059 5183 1371 5253 φιλοτιμίας
1398 5184 1498 5236 ὑπε
1510 5185 1727 5254 ρϐολήν.

160 5273 260 5326 1ιοῦ
313 5274 429 5345 γάρ
488 5274 672 5342 ὅμοιον
722 5274 848 5336 τοὺς
897 5273 1091 5336 αὐτούς
1140 5290 1199 5325 τε
1248 5274 1459 5344 χαίρειν
1515 5276 1607 5327 ἐπὶ
1649 5277 1729 5328 ἑνὶ

156 5365 468 5438 ἁμαρτωλῷ
492 5364 859 5436 μετανοοῦντι,
888 5366 983 5418 καὶ
1012 5365 1324 5435 βασκαίνειν
1346 5368 1507 5420 πάλιν
1532 5386 1729 5440 πατρι-

223 5505 239 5577 _l
277 5504 484 5573 Ephcs.
516 5519 595 5577 in,
636 5505 720 5557 l0.
799 5504 825 5542 ἰ
856 5501 875 5554 1
905 5500 1051 5577 Ιξειτ.
1102 5520 1137 5563 t.
1174 5502 1256 5577 l2.
1332 5500 1349 5540 ι
1382 5505 1575 5559 Matth.
1623 5521 1771 5574 uti,
1824 5511 1880 5563 5(

707 5544 720 5557 .
799 5504 825 5542 ἰ
856 5501 875 5554 1
905 5500 1051 5577 Ιξειτ.
1102 5520 1137 5563 t.
1174 5502 1256 5577 l2.
1332 5500 1575 5559 1Matth.
1623 5521 1771 5574 uti,
1824 5511 1925 5577 50;
1961 5510 2095 5566 an.
2146 5528 2233 5577 xx,
2274 5513 2361 5569 56.

156 5581 180 5609 η
211 5572 344 5630 [δυο.
386 5591 475 5639 xv,
514 5574 571 5627 ll
609 5590 742 5644 seqq
868 5582 894 5609 υ
921 5574 1054 5629 Luc.
1089 5590 1144 5637 ι,
1180 5574 1268 5626 διδ.

1836 4738 1944 4783 tam
1979 4731 2247 4800 insignem
2296 4734 2770 4801 intemperantiam
2827 4734 3084 4801 prodigus
3138 4733 3226 4786 ille
3257 4734 3400 4786 illius

1832 4830 2089 4890 expertus
2119 4832 2203 4876 est
2245 4822 2656 4892 benignitatem,
2696 4836 2755 4877 ut
2788 4824 2901 4893 ipse
2927 4838 3145 4893 quoque
3175 4825 3401 4891 angelo-

1832 4928 1950 4967 rum
1981 4915 2135 4980 ordo,
2161 4915 2206 4968 si
2242 4916 2535 4968 invidentia
2566 4916 2616 4968 in
2651 4917 2842 4969 herum
2872 4928 3120 4969 naturam
3156 4920 3396 4978 caderet,

1833 5005 2146 5075 indignatus
2174 5008 2357 5075 utique
2388 5005 2601 5071 luisset,
2634 5023 2807 5076 neque
2841 5008 3176 5061 tolerabilem
3212 5018 3398 5074 putas-

1836 5106 1917 5151 set
1965 5106 2170 5151 tantam
2236 5099 2620 5153 benevolentia:
2655 5100 3103 5170 magnitudinem.
3160 5098 3400 5162 Quomo-

1838 5190 1905 5241 do
1935 5191 2077 5244 enim
2113 5189 2314 5261 alioqui
2363 5202 2785 5245 consentaneum
2826 5192 2915 5252 sit,
2965 5190 3132 5244 laetari
3180 5190 3396 5242 easdem

1837 5293 2002 5347 super
2066 5294 2174 5333 uno
2243 5289 2526 5350 peccatore
2596 5282 2970 5349 pmnitentiam
3028 5288 3287 5349 agente0,
3344 5290 3399 5332 et

1836 5386 2049 5425 rursum
2083 5372 2343 5437 invidere,
2372 5372 2515 5443 quod
2548 5374 2903 5427 amantissimi
2940 5376 3107 5442 patris
3142 5372 3399 5438 amplexi-

2468 5524 2504 5551 ω
2541 5515 2682 5570 Psal.
2744 5532 2862 5579 vm,
2900 5517 2952 5581 6;
3021 5515 3181 5567 lii-hr.
3238 5527 3293 5565 ιι,
3343 5512 3393 5563 7.

1442 5692 1677 5748 VARl/E
1710 5692 2116 5748 LECTIONES.

246 5784 289 5835 δέ
321 5785 406 5837 ὅτι
453 5783 580 5855 περ]
645 5784 783 5854 ὅπερ
832 5800 913 5853 pr.
960 5784 1048 5838 A.:
1095 5785 1169 5848 ὡς
1226 5799 1374 5839 corr.

160 5869 311 5907 παντο
335 5872 396 5916 τ’.

1454 5787 1496 5815 ⁵⁸
1527 5787 1747 5854 γνώμης
1785 5787 1942 5841 τοῦτο
2000 5806 2061 5851 ς.

2164 5787 2207 5817 ιτ
2235 5788 2471 5840 ἀσωτίαν
2514 5807 2571 5851 ς.
2675 5793 2719 5821 ιε
2772 5791 3217 5859 ἐδυσχέρανᾶν-
3254 5794 3391 5863 ἡγῇ’
