4196 6442
164 430 270 491 805
1242 414 1738 479 BIBLIOTHECA

1828 438 1867 450 -
1884 411 2048 474 COD.
2086 412 2364 474 CCXXII.
3296 414 3403 480 806

164 533 570 600 κατακαήσεται
601 529 695 581 καί
725 526 1168 597 ἀφανισθήσεται,
1207 528 1324 583 ἀλλ’
1364 526 1524 586 αὐτὸς
1555 528 1585 578 6
1621 524 1724 593 τῆς

1828 528 2005 573 tamen
2042 519 2218 585 ipsum
2248 525 2592 586 peccatorem
2621 531 2725 570 una
2763 517 3175 585 disparlturum.
3214 520 3402 577 Salua-

160 624 437 694 ἀμαρτίας
470 620 705 690 ἐργάτης
736 619 797 670 οὐ
828 618 1372 687 συναφανισθήσεται·
1418 618 1721 687 σωθήσεται

1829 611 1977 665 bitur
1997 626 2137 673 vero,
2166 611 2271 664 hoc
2291 618 2399 670 est.
2426 619 2701 676 perpetua:
2732 611 2968 665 manebit
3022 628 3193 679 ptena:
3224 631 3402 669 reser-

159 717 233 777 δὲ,
267 714 517 765 τουτέστι
549 710 790 776 διαμενεί
813 710 879 777 τῇ
920 709 1154 775 διηνεκεῖ
1180 706 1399 761 κολάσει
1426 708 1722 778 συντηρούο

1828 713 1998 755 vatus.
2013 701 2083 752 At
2096 714 2165 753 ne
2181 699 2328 763 illud,
2352 697 2670 765 Saluabitur,
2684 701 2926 755 videatur
2942 704 3122 757 dicere
3136 708 3400 773 sectariis,

162 821 343 875 μενος.
396 804 515 854 ἰνα
561 800 618 853 δὲ
650 799 706 850 τὸ
756 798 1090 863 σωθήσεται
1114 798 1189 868 μὴ
1224 798 1361 870 ’δόξῃ
1405 798 1581 865 λέγειν
1610 801 1725 861 τοῖς

1828 792 1972 859 quasi
1998 802 2221 858 peccato
2244 805 2503 860 expenso,
2529 802 2869 861 peccatorum
2893 795 3117 861 quilibet
3151 798 3215 849 ad
3234 797 3405 863 justo-

159 891 524 962 αἱρετίζουσιν
547 889 621 950 ὡς
646 890 744 959 τῆς
777 888 1051 957 ἁμαρτίας
1073 888 1467 958 δαπανωμένης
1496 890 1593 941 καὶ
1617 889 1726 940 τῶν

1828 898 1942 935 rum
1963 891 2126 949 atque
2147 882 2475 936 salvatorum
2510 895 2708 939 cetum
2726 887 3095 956 adjungendus
3112 892 3404 956 esset(ces-

160 978 501 1049 ἁμαρτωλῶν
531 977 760 1039 ἕκαστος
792 978 883 1029 τοῦ
913 977 1075 1046 χοροῦ
1106 978 1215 1031 τῶν
1244 979 1469 1031 δικαίων
1501 978 1726 1030 καὶτῶν

1828 980 1980 1023 sante
2009 972 2279 1025 nimirum
2302 988 2482 1039 ptena,
2504 989 2567 1028 ac
2591 977 2862 1029 communi
2886 977 3135 1031 omnibus
3157 979 3407 1034 libertate

164 1071 489 1136 σωζομένων
514 1070 822 1137 γενήσεται,
849 1068 948 1136 τῆς
970 1069 1068 1134 μὲν
1094 1068 1365 1131 κολάσεως
1391 1070 1725 1137 παυομένης,

162 1161 259 1228 τῆς
288 1159 337 1211 δ’
359 1157 709 1219 ἀπολαύσεως
735 1158 920 1225 κοινῆς
946 1158 1116 1211 ἅπασι
1144 1158 1561 1226 προτιθεμένης,
1593 1159 1729 1226 μετά

161 1252 223 1303 τὸ
251 1250 592 1315 Σωθήσεται
625 1248 841 1315 ἐπάγει,
870 1248 965 1317 τὴν
1002 1248 1225 1317 γνώμην
1258 1248 1437 1302 αὐτῶν
1473 1248 1731 1318 ἐμφανῶς

166 1343 581 1411 καταστρέφων,
606 1341 792 1404 οὕτως
812 1340 877 1391 δὲ
901 1341 976 1405 ὠς
1006 1340 1102 1393 διὰ
1126 1341 1339 1408 πυρὸς,
1370 1343 1613 1393 τουτέστι
1634 1344 1734 1411 τῆς

165 1434 254 1484 διὰ
282 1433 455 1502 πυρὸς
492 1431 761 1500 τιμωρίας
795 1431 893 1482 οὐκ
922 1431 1310 1499 ἀπολυόμενος.
1348 1432 1735 1500 Παραπλήσιον

164 1524 347 1577 τοίνυν
388 1524 503 1575 ἐστὶ
531 1522 624 1574 καὶ
650 1524 786 1590 ὅπερ
824 1524 1037 1591 εἰρηται
1066 1524 1194 1592 περὶ
1233 1522 1339 1575 τῶν
1370 1524 1428 1575 ὲν
1470 1524 1630 1593 ’ᾼδου
1660 1523 1734 1593 μὴ

168 1616 581 1668 πιστευσάντων
622 1614 699 1683 τῷ
749 1612 984 1682 Χριστῷ.
1032 1612 1285 1665 Βούλεται
1312 1614 1418 1682 γὰρ
1451 1612 1642 1682 δηλοῦν
1674 1614 1737 1665 τδ

168 1709 303 1760 Ἵνα
336 1704 581 1773 κριθῶσι
608 1704 819 1770 σαρκὶ,
849 1704 943 1755 καὶ
978 1703 1127 1770 ἑξῆς,
1153 1703 1214 1756 τὸ
1236 1705 1490 1774 κριθῆναι
1516 1705 1615 1773 μὲν
1642 1705 1739 1756 a6-

1826 1060 2146 1129 proposita),
2178 1070 2299 1128 post
2326 1060 2472 1127 illud,
2512 1061 2832 1129 Saluabitur,
2858 1066 3184 1133 adilit,quod
3219 1083 3406 1123 eorum

1827 1152 2151 1205 sententiam
2211 1153 2549 1207 manifestius
2593 1156 2838 1209 evertit:
2892 1156 2984 1211 Sic
3032 1169 3205 1211 tamen
3258 1165 3409 1227 quasi

1827 1256 1924 1309 per
1956 1243 2149 1312 ignem,
2192 1243 2245 1297 id
2304 1251 2407 1308 est,
2463 1245 2530 1297 ab
2591 1245 2731 1313 ignis
2785 1260 2940 1314 pana
2979 1264 3084 1301 non
3129 1250 3405 1306 liberatus.

1832 1332 2004 1386 Amne
2044 1334 2206 1403 igitur
2238 1344 2294 1387 et
2335 1334 2466 1388 illud
2496 1345 2597 1397 est,
2642 1338 2784 1405 quod
2806 1339 2872 1392 de
2901 1340 2965 1393 iis
3017 1341 3279 1404 diximus,
3310 1344 3399 1408 qui

1836 1426 1977 1491 apud
2007 1425 2213 1479 inferos
2235 1424 2457 1480 Christo
2494 1428 2720 1481 credere
2755 1427 3064 1484 noluerunt.
3098 1431 3209 1485 Hoc
3233 1433 3405 1497 enim,

1835 1528 1891 1571 tu
1906 1516 2218 1585 judicentur
2243 1534 2421 1581 carne,
2458 1528 2512 1572 et
2536 1533 2656 1587 quae
2705 1531 3030 1589 sequuntur,
3060 1524 3299 1580 indicare
3324 1527 3408 1580 vi-

1836 1608 2295 1677 deturjudicatos
2334 1610 2552 1677 quidem
2593 1611 2739 1677 ipsos
2801 1627 2924 1666 esse
2973 1614 3039 1667 ad
3092 1618 3300 1681 eadem,
3341 1619 3407 1671 ad

1838 1714 1957 1767 qua
1986 1714 2116 1755 caro
2151 1699 2382 1767 judicari
2408 1715 2471 1753 ac
2512 1700 2861 1755 condemnari
2888 1706 3061 1769 solet;
3102 1710 3193 1761 sed
3230 1710 3409 1762 vivere

166 1800 293 1860 τοὺς
342 1797 565 1849 τοιαῦτα
604 1788 691 1847 οἷα
734 1797 943 1861 πέφυκε
996 1794 1279 1861 κρίνεσθαι
1318 1794 1490 1863 σὰρξ.
1536 1794 1636 1863 ζῇν
1680 1794 1735 1848 δὲ

1842 1790 2214 1853 nihilominus,
2271 1805 2375 1844 non
2419 1798 2675 1858 tanquam
2753 1798 3121 1865 corruptibilis
3160 1816 3309 1866 caro,
3355 1810 3410 1855 et

165 1897 316 1963 ὅμως
342 1892 441 1960 οὐχ
470 1885 559 1943 οἷα
588 1889 915 1958 φθειρομένη
947 1888 1080 1958 σὰρξ
1106 1880 1200 1940 xal
1225 1891 1291 1958 τῇ
1324 1887 1583 1959 βαρύτητι
1612 1889 1733 1941 λυο.

1836 1897 1956 1951 qua:
1983 1898 2264 1951 poenarum
2288 1884 2552 1951 gravitate
2585 1884 2847 1949 solvatur,
2884 1901 3068 1940 verum
3090 1890 3183 1953 ita,
3204 1900 3262 1944 ut
3288 1907 3405 1945 cum

169 1986 307 2054 μένη
335 1982 444 2033 τῶν
474 1979 766 2041 κολάσεων,
799 1976 1137 2047 ἀνωλέθρους
1173 1974 1294 2047 [351
1332 1976 1428 2048 Η.]
1466 1978 1521 2028 δὲ
1552 1978 1616 2046 τῇ
1646 1976 1738 2028 δυ-

167 2077 331 2141 νάμει
385 2072 772 2142 συνεχομένους
845 2066 941 2121 τοῦ
1005 2068 1151 2121 θείου
1229 2068 1577 2138 Πνεύματος,
1644 2069 1739 2124 καὶ

168 2166 486 2235 ἀφθάρτους
533 2162 791 2232 ἀφθάρτῳ
840 2160 1059 2213 κολάσει
1099 2160 1198 2229 τὴν
1248 2161 1603 2230 ἀτελεύτητον
1644 2163 1740 2215 καὶ

168 2260 431 2311 ἐπίπονον
464 2254 609 2325 ζωὴν
650 2252 982 2315 διανύοντας.
1041 2252 1178 2305 Ἀλλ’
1221 2254 1253 2323 ή
1305 2253 1405 2323 μὲν
1446 2253 1539 2306 τοῦ
1573 2253 1738 2324 ῥητοῦ

168 2352 499 2418 διασάφησις
524 2348 597 2408 ὡς
621 2350 677 2399 ὲν
705 2347 1066 2418 παρεκϐάσει·
1090 2349 1119 2399 6
1149 2346 1206 2399 δὲ
1232 2345 1431 2408 σκοπὸς
1460 2341 1528 2416 ῆν
1558 2363 1740 2417 παρα-

171 2442 374 2511 στῆσαι
399 2440 475 2501 ὡς
502 2438 595 2490 καὶ
630 2438 767 2507 ὑπὲρ
806 2436 1023 2501 ζώντων
1052 2438 1142 2489 καὶ
1172 2438 1311 2507 ὑπὲρ
1335 2436 1443 2489 τῶν
1476 2438 1535 2501 ἐξ
1570 2437 1742 2506 ’Δδαμ

171 2534 346 2585 πάλαι
376 2530 682 2583 τεθνεώτων
695 2531 731 2600 ,ὁ
754 2530 929 2591 κοινὸς
951 2530 1227 2599 Δεσπότης
1252 2531 1344 2582 καὶ
1372 2530 1563 2601 Σωτὴρ
1586 2530 1741 2600 ἡμῶν

170 2626 387 2693 ὑπέστη
420 2622 513 2673 τὸν
556 2622 801 2685 θάνατον,
838 2622 931 2674 καὶ
978 2620 1045 2673 δι’
1087 2620 1250 2674 αὑτοῦ
1290 2622 1325 2691 ἡ
1366 2622 1612 2691 σωτηρία
1650 2622 1744 2675 καὶ

174 2714 507 2784 κηρύττεται
540 2715 671 2764 πᾶσι
718 2712 811 2764 καὶ
854 2710 1202 2781 βραϐεύεται.
1253 2711 1416 2765 Ἀλλά
1445 2711 1511 2764 δι’
1541 2707 1615 2764 ὧν
1646 2711 1743 2781 μὲν

170 2804 325 2872 αὐτῷ
376 2803 839 2866 κατασκευάζεται
884 2804 945 2855 τὸ
988 2807 1367 2873 προκείμενον,
1419 2804 1477 2857 τὸ
1530 2806 1745 2873 πρῶτον

172 2898 397 2965 εἴρηται
423 2893 530 2944 τῶν
564 2894 1020 2962 ἐπιχειρημάτων.

245 2984 514 3049 Δεύτερον
537 2981 591 3033 δέ
623 2999 784 3049 φησιν
809 2982 883 3045 ὡς
915 2982 962 3034 εἰ
984 2984 1106 3044 τοὺς
1127 2983 1267 3055 ὑπὲρ
1290 2986 1488 3055 ἀρετῆς
1520 2984 1745 3053 μισθοὺς

174 3076 277 3128 καὶ
313 3076 610 3140 στεφάνους
646 3074 678 3141 ἡ
718 3074 1013 3135 ἀνάστασις
1062 3076 1331 3143 προξενεῖ,
1368 3080 1395 3127 6
1429 3077 1483 3128 δὲ
1516 3077 1747 3145 σταυρὸς

173 3168 279 3235 τὴν
314 3165 633 3225 ἀνάστασιν,
688 3166 782 3216 καὶ
828 3164 995 3233 χωρὶς
1040 3165 1206 3232 αὐτῆς
1257 3166 1354 3218 οὐκ
1388 3167 1534 3217 ἐστιν
1566 3167 1745 3219 αὐτῶν

174 3258 375 3308 οὐδένα
411 3254 518 3305 τῶν
562 3253 779 3321 ἀγαθῶν
810 3257 1013 3322 τυχεῖν,
1046 3255 1203 3322 δῆλον
1236 3255 1309 3317 ὡς
1360 3257 1495 3324 ὑπὲρ
1530 3258 1746 3309 πάντων

177 3348 343 3417 ἡμῶν
370 3346 471 3414 τῆς
499 3344 768 3414 σωτηρίας
794 3346 821 3396 6
847 3346 1077 3415 Χριστὸς
1100 3346 1176 3414 τῷ
1197 3348 1409 3415 θανάτῳ
1436 3348 1750 3417 παρέδωκεν

177 3437 403 3488 ἑαυτόν.
447 3432 631 3485 Ταῦτα
666 3432 834 3485 εἰπὼν
865 3434 1136 3499 λογοθετεί
1172 3438 1262 3487 καὶ
1289 3435 1499 3494 διαπλοί
1530 3437 1627 3497 τὴν
1656 3437 1752 3485 Δε-

179 3525 458 3593 σποτικὴν
489 3525 669 3594 φωνὴν
704 3524 802 3592 τὴν
834 3523 1117 3591 λέγουσαν,
1152 3526 1271 3576 Οὐκ
1290 3524 1331 3553 ⁸⁷
1364 3519 1552 3592 ἦλθον
1576 3522 1751 3577 κα.ὶέ-

178 3630 290 3670 σαι
330 3614 621 3677 δικαίους,
680 3613 816 3665 ἀλλ’
862 3612 1245 3679 ἁμαρτωλοὺς
1284 3614 1369 3676 εὶς
1410 3610 1747 3678 μετάνοιαν.

182 3705 297 3757 Καὶ
326 3720 496 3774 φησιν
531 3704 605 3763 ὠς
642 3702 761 3771 οὐχὶ
798 3701 1018 3771 διαιρῶν
1052 3704 1127 3761 εἰς
1170 3699 1519 3770 ἁμαρτωλοὺς
1551 3699 1644 3750 καὶ
1671 3700 1750 3750 δι-

184 3797 381 3858 καίους
441 3795 504 3847 τὸ
549 3794 656 3847 τῶν
717 3794 1017 3864 ἀνθρώπων
1067 3793 1269 3861 πλῆθος
1314 3794 1341 3845 6
1373 3792 1561 3861 Σωτὴρ
1597 3791 1754 3844 τοῦτο

187 3886 513 3955 ἐφθέγξατο.
558 3885 803 3951 Μάχεται
847 3885 954 3952 γὰρ
985 3884 1016 3950 ἡ
1045 3882 1269 3951 τοιαύτη
1305 3881 1508 3933 διάνοια
1560 3884 1653 3932 καὶ
1685 3883 1750 3950 τῇ

182 3974 537 4043 θεοπνεύστῳ
584 3974 768 4043 Γραφῇ
825 3972 920 4025 καὶ
968 3973 1103 4041 αὐτῇ
1148 3973 1213 4041 τῇ
1263 3970 1371 4023 τῶν
1416 3974 1753 4039 πραγμάτων

180 4068 371 4135 φύσει.
421 4066 530 4118 Kal
572 4066 680 4134 γὰρ
728 4063 941 4133 πρῶτον
970 4065 1067 4133 μὲν
1097 4063 1342 4127 ἅπαντας
1368 4066 1397 4117 6
1427 4065 1601 4126 κοινὸς
1638 4064 1751 4116 ἃ».

181 4161 315 4229 τὴρ,
356 4159 455 4210 καί
495 4156 677 4223 οὐχὶη
720 4156 843 4218 τοὺς
879 4155 978 4225 μὲν
1021 4157 1147 4216 τοὺς
1178 4156 1223 4208 δ’
1254 4155 1337 4219 οὓ,
1365 4157 1547 4209 ἐκάλει
1580 4172 1637 4208 τι
1663 4157 1754 4208 καὶ

181 4250 287 4317 τῆς
338 4244 616 4312 σωτηρίας
664 4245 957 4297 ἀπολαύειν
995 4244 1185 4308 ἐδίδου,
1221 4245 1355 4298 ἀλλά
1384 4245 1476 4297 καὶ
1507 4246 1688 4313 κοινὴν
1708 4245 1753 4277 ³⁹

183 4341 288 4407 τὴν
329 4337 683 4391 διδασκαλίαν
732 4338 985 4390 ἐποιεῖτο.
1036 4337 1147 4390 Kal
1192 4338 1253 4389 τὸ
1307 4337 1647 4407 κηρυχθῆναι
1694 4338 1755 4391 τὸ

188 4428 534 4497 Εὐαγγέλιον
572 4430 629 4480 ὲν
674 4427 779 4496 ὅλῳ
834 4427 913 4497 τῷ
965 4431 1153 4497 κόσμῳ
1186 4429 1284 4498 τὴν
1315 4428 1597 4499 διαστολὴν
1650 4428 1755 4481 τῶν

1837 1982 2088 2041 expertes
2135 1972 2388 2027 interitus
2443 1988 2539 2041 per
2594 1977 2771 2028 sancti
2830 1976 3065 2044 Spiritus
3113 1984 3405 2048 potentiam

1838 2072 2249 2126 conserventur,
2308 2064 2747 2132 incorruptibiles
2810 2066 2860 2118 in
2908 2080 3162 2135 perpetua
3213 2086 3395 2139 poena,

1838 2162 2110 2208 carentem
2147 2151 2252 2207 ﬁne
2290 2163 2341 2208 et
2364 2154 2692 2208 laboriosam
2726 2156 2886 2210 vitam
2918 2161 3135 2226 degunt.
3169 2160 3259 2214 Sic
3310 2162 3409 2215 htt-

1834 2245 1921 2315 jus
1959 2244 2067 2299 loci
2090 2244 2397 2313 explanatio
2431 2256 2688 2313 tanquam
2732 2262 2828 2311 per
2878 2248 3263 2318 digressionem
3304 2263 3409 2305 tra-

1839 2340 2040 2387 ctatur.
2089 2332 2401 2403 Pmcipuus
2453 2338 2596 2390 enim
2668 2351 2864 2405 scopus
2922 2351 3043 2392 erat
3098 2342 3405 2409 ostendere,
3494 2338 3497 2339 ⁷

1840 2439 1945 2476 non
1977 2438 2143 2492 super
2199 2427 2334 2480 vivis
2386 2428 2665 2491 duntaxat,
2719 2443 2904 2482 verum
2946 2440 2999 2482 et
3050 2445 3214 2500 super
3279 2433 3404 2486 olim

1842 2516 2074 2569 mortuis
2106 2516 2302 2571 Adami
2354 2520 2586 2587 posteris
2640 2536 2981 2575 communem
3031 2523 3312 2578 Dominum
3347 2541 3409 2579 ac

1844 2605 2178 2660 Salvatorem
2204 2610 2438 2663 subiisse
2488 2621 2738 2673 mortem,
2761 2614 3094 2682 salutemque
3112 2630 3205 2684 per
3235 2618 3407 2683 ipsum

1841 2696 2096 2752 omnibus
2165 2700 2471 2766 praedicari,
2512 2710 2564 2755 et
2619 2705 2763 2756 velut
2833 2707 3150 2760 certaminis
3216 2708 3408 2776 2016

1843 2789 2125 2858 praemium
2161 2789 2416 2844 conferri.
2472 2792 2605 2846 Illud
2655 2808 2784 2861 ergo
2817 2796 3045 2863 primum
3093 2812 3280 2852 eorum
3320 2816 3410 2853 ar-

1844 2889 2228 2949 gumentorum
2258 2895 2480 2947 perqua:
2512 2886 2727 2949 probari
2765 2886 2880 2936 haec
2923 2890 3193 2939 sententia
3217 2898 3407 2957 potest.

1917 2968 2170 3023 Secundo
2203 2971 2364 3040 igitur
2395 2971 2515 3025 loco
2549 2972 2628 3026 sic
2650 2987 3059 3041 argumentatur
3088 2980 3177 3034 :Si
3202 2983 3411 3035 virtutis

1847 3062 2065 3129 praemia
2102 3076 2165 3113 ac
2196 3077 2428 3115 coronas
2457 3068 2782 3118 resurrectio
2800 3071 3072 3130 conciliat.
3124 3086 3250 3125 crux
3287 3089 3412 3128 vero

1848 3148 2328 3211 resurrectionem,
2350 3165 2450 3217 qua
2493 3154 2609 3204 sine
2637 3154 2770 3205 nihil
2817 3156 2937 3207 boni
2984 3162 3236 3227 consequi
3265 3176 3412 3229 quis-

1848 3241 1989 3305 piam
2041 3249 2237 3304 potest,
2267 3251 2471 3292 certum
2505 3253 2584 3294 est
2624 3241 2895 3297 Christum
2925 3261 3019 3311 pro
3064 3252 3238 3303 salute
3298 3267 3412 3304 om-

1850 3330 1995 3381 nium
2034 3338 2277 3381 nostrum
2317 3333 2475 3383 morti
2508 3334 2739 3400 seipsum
2802 3339 3105 3392 tradidisse.
3147 3341 3269 3394 Post
3301 3350 3414 3398 haec

1852 3420 1999 3473 illam
2022 3420 2244 3475 Domini
2277 3426 2624 3485 sententiam,
2652 3428 2913 3480 rationem
2942 3440 3289 3498 rcposcendo,
3318 3451 3414 3489 ex-

1850 3512 2053 3580 planat,
2086 3528 2204 3581 quae
2238 3513 2365 3564 dicit
2394 3531 2405 3564 :
2439 3512 2558 3567 Non
2600 3520 2711 3569 veni
2766 3535 2946 3572 vocare
2963 3525 3265 3589 justoa,sed
3298 3545 3413 3591 pec-

1850 3614 2049 3656 catores
2090 3605 2159 3656 ad
2200 3608 2551 3673 paenitentiam
2586 3608 2604 3642 ⁸
2639 3621 2937 3677 ;negatqne
2988 3615 3095 3665 lure
3133 3616 3202 3665 ita
3232 3632 3350 3669 csse
3384 3635 3412 3670 a

1853 3691 2138 3749 Salvatore
2169 3700 2535 3763 pronuntiata,
2572 3702 2724 3766 quasi
2781 3706 3085 3756 universam
3136 3708 3413 3761 hominum

1853 3784 2247 3837 multitudinem
2304 3786 2354 3838 in
2403 3800 2713 3854 peccatores
2756 3801 2807 3843 et
2862 3804 3034 3857 justus
3084 3797 3416 3866 distinguere

1816 3872 2105 3927 .voluisse.
2150 3875 2359 3944 Pugnat
2408 3878 2572 3941 enim,
2610 3880 2802 3947 inquit,
2841 3882 3141 3951 hujustnodi
3204 3906 3411 3955 stetistis,

1852 3978 1956 4016 non
1983 3978 2104 4017 cum
2151 3968 2322 4021 sacris
2354 3978 2562 4021 tantum
2591 3970 2934 4033 Litteris,seil
2983 3994 3104 4029 cum
3137 3982 3248 4046 lpSa
3276 4000 3413 4049 quo-

1852 4068 1956 4120 que
1980 4068 2163 4108 rerum
2189 4067 2400 4110 natura.
2436 4059 2569 4113 Nam
2589 4062 2834 4131 inprimis
2851 4072 3149 4122 communis
3169 4074 3416 4126 salvator

1852 4160 2060 4213 omnes,
2080 4162 2182 4201 non
2200 4150 2409 4219 aliquos
2425 4162 2651 4217 tantum,
2673 4158 2962 4223 praemissis
2989 4175 3222 4227 caeteris,
3246 4179 3299 4218 et
3324 4184 3417 4235 ap-

1853 4238 2111 4308 pellabat,
2146 4251 2201 4294 et
2230 4245 2597 4310 redemptione
2622 4246 2823 4315 perfrui
2850 4254 3201 4320 concedebat,
3217 4258 3417 4311 doctri-

1856 4344 1977 4383 nam
2036 4329 2237 4403 [suam]
2297 4335 2547 4390 omnibus
2602 4353 2721 4391 esse
2784 4355 3120 4397 communem
3184 4348 3413 4401 volebat.

1855 4417 2212 4489 Evangelium
2239 4438 2452 4493 quoque
2493 4430 2835 4492 praedicatum
2867 4445 2986 4485 esse
3011 4434 3061 4485 in
3109 4442 3221 4489 toto
3239 4445 3412 4489 terra-

186 4518 542 4590 ἁμαρτωλῶν
560 4519 665 4571 ἀπὸ
691 4519 801 4571 τῶν
830 4519 1051 4573 δικαίων
1076 4520 1391 4588 ἀνατρέπει.
1423 4521 1530 4573 Καὶ
1553 4525 1581 4574 6
1610 4522 1747 4573 Παῦ⁴

1828 4556 1831 4576 δ
1860 4526 1979 4564 rum
2008 4512 2160 4577 orbe,
2186 4527 2531 4583 peccatorqu
2585 4518 2731 4571 illam
2762 4536 2790 4572 a
2817 4520 2975 4587 justis
3027 4524 3411 4580 discretionem

184 4613 281 4675 λάξ
317 4626 476 4681 φησι·
514 4610 798 4674 Πάντες-⁸⁸
827 4604 913 4675 εἷς
944 4610 1216 4675 ἐσμεν-ὲν
1243 4610 1492 4678 Χριστῷ.
1525 4613 1631 4665 Καὶ
1663 4614 1747 4683 τῆς

1858 4603 2072 4669 penitus
2129 4605 2354 4657 evertit.
2402 4604 2601 4661 Paulus
2665 4609 2792 4662 item
2855 4613 2963 4666 ait:
3004 4612 3195 4668 Omnes
3255 4633 3411 4670 unum

188 4708 443 4772 σαγήνης
461 4702 501 4733 ⁶¹
540 4702 573 4771 ἡ
599 4702 880 4772 παραϐολὴ
900 4702 961 4754 τὸ
992 4702 1169 4755 κοινὸν
1195 4702 1305 4755 τῶν
1333 4704 1412 4765 εἰς
1440 4704 1612 4774 θήραν
1640 4708 1747 4758 συλ-

1854 4706 2035 4742 sumus
2068 4692 2124 4744 in
2162 4690 2370 4747 Christo
2393 4702 2445 4747 ι.
2504 4694 2615 4751 lmo
2661 4706 2716 4751 et
2758 4699 3007 4767 parabola
3076 4704 3143 4756 dt:
3178 4715 3415 4772 sageua'

186 4792 626 4863 λαμὸανομινων
661 4792 949 4861 κηρύττει·
998 4793 1120 4845 οὐδὲ
1164 4793 1273 4863 γὰρ
1318 4794 1437 4847 οὐδὲ
1484 4796 1667 4866 ἐκείνη
1695 4799 1747 4850 τά

1855 4794 2195 4836 communem
2212 4796 2497 4853 captorum
2526 4789 2889 4845 conditionem
2906 4795 3209 4851 denuntiat.
3234 4798 3417 4868 Neque

192 4886 299 4952 μὲν
342 4881 589 4952 θηρεύει,
624 4884 691 4934 τά
722 4883 778 4935 δὲ
806 4883 866 4934 οὐ
888 4883 1232 4951 μεταδιώκει,
1263 4884 1379 4937 ἀλλ’
1412 4886 1546 4954 ὁμοῦ
1582 4888 1747 4940 πάντα

1856 4870 1999 4923 enim
2030 4870 2144 4926 hac
2164 4873 2300 4928 alios
2324 4877 2540 4943 quidem
2565 4880 2960 4949 complectitur,
2996 4886 3132 4941 alios
3158 4903 3285 4942 vero
3312 4908 3415 4943 mm

186 4978 262 5027 τὰ
294 4974 712 5043 προσπίπτοντα
762 4973 1065 5041 σαγηνεύει.
1104 4975 1212 5027 Kal
1248 4976 1279 5042 ὴ
1330 4975 1518 5028 σινδὼν
1541 4978 1584 5008 ⁸³
1618 4980 1651 5047 η
1679 4978 1747 5049 τῷ

1858 4962 2204 5029 persequitur
2235 4979 2250 5030 ;
2299 4966 2395 5019 sed
2420 4980 2607 5022 omnes
2631 4985 2853 5037 prorsus
2873 4986 3133 5044 quotquot
3157 4982 3414 5042 incnlunt,

188 5067 392 5134 Πέτρῳ
434 5063 807 5133 ὐποδειχθείσα
854 5065 952 5134 τὴν
1011 5065 1195 5135 κοινὴν
1249 5064 1444 5133 κλῆσιν
1507 5067 1747 5120 ἀπάντωι

1861 5051 2056 5105 irretit.
2094 5053 2185 5108 Sic
2206 5064 2261 5108 et
2295 5054 2458 5112 Petro
2486 5067 2762 5115 ostensum
2806 5063 3027 5118 linteum
3063 5075 3091 5103 ι
3118 5084 3416 5121 ευιιιιιιυιιι-

188 5156 533 5224 ὑπογράφει,
575 5154 685 5207 ἀλλ’
712 5156 831 5223 ούχὶ
852 5156 897 5186 ⁸³
934 5154 1042 5206 τῶν
1084 5154 1405 5222 ἀκαθάρτων
1441 5158 1621 5226 μόνον,
1649 5159 1747 5212 τῶι

1865 5153 1946 5195 ter
1976 5157 2163 5197 omnes
2220 5147 2513 5214 appellatos
2551 5150 2817 5220 designat,
2866 5171 2969 5208 non
3026 5159 3264 5225 impuros
3326 5179 3415 5211 su-

188 5246 248 5300 δὲ
284 5245 548 5314 καθαρῶν
588 5247 787 5300 οὐκέτι.
824 5246 951 5311 Kal,
1000 5245 1175 5311 Τέλος
1191 5248 1237 5279 ⁸⁸
1292 5250 1479 5318 νόμον
1506 5250 1747 5316 Χριστὸς

1864 5232 1965 5297 Ιοε,
2022 5234 2263 5289 exclusis
2338 5238 2527 5306 puris:
2577 5238 2950 5315 Finisquoque
2990 5245 3117 5316 legis
3137 5249 3414 5303 Christus:

275 5458 297 5492 ι
322 5452 517 5508 Matth.
554 5455 726 5520 tx,t5.
800 5464 829 5493 ιι
858 5451 1015 5507 Rom.
1043 5463 1143 5517 xit,
1181 5447 1261 5516 5;
1294 5447 1469 5503 Galat.
1492 5463 1577 5516 nt,
1601 5448 1691 5504 38.
1767 5448 2005 5505 VMattb.
2043 5468 2166 5520 χιιι,
2202 5456 2286 5508 t7.
2364 5459 2529 5516 xAct.
2566 5478 2616 5524 x,
2649 5465 2730 5518 tt.

1492 5604 1720 5663 VARIE
1756 5606 2156 5668 LECTIONES.

274 5751 323 5783 "
359 5744 510 5874 οὒᾶιῐ
536 5745 661 5801 Cor.
719 5761 803 5808 ιιι,
845 5745 929 5801 15.
991 5746 1036 5780 ⁸⁷
1060 5745 1188 5817 οὐκ]
1236 5745 1423 5803 Matth.
1460 5762 1536 5810 lx,
1562 5748 1648 5803 15.
1724 5750 1768 5781 ⁸⁸
1796 5749 1894 5836 οὐκ
1926 5767 1985 5813 ς’.
2062 5752 2108 5840 ’ς
2137 5757 2299 5857 κοινῇ.
2321 5774 2379 5819 ς.
2458 5759 2503 5789 ⁶⁰
2539 5759 2759 5833 πάντες]
2794 5763 2948 5819 Rom,
2984 5783 3081 5835 ιη,
3113 5770 3169 5824 ⁵,
3246 5771 3285 5802 ιι
3311 5778 3413 5840 τῆς

283 5820 363 5874 τ.1
506 5816 604 5873 tth.
634 5816 867 5874 xm.47.
970 5817 1015 5849 “
1047 5817 1080 5874 it
1103 5816 1405 5874 σινδ.]Δοι.
1446 5833 1500 5874 x.
1535 5818 1621 5873 lt.
1699 5817 1745 5850 “
1769 5823 1891 5874 ooyl
1914 5823 1957 5872 Δ
1997 5838 2011 5873 :
2044 5840 2107 5874 ου
2142 5840 2199 5874 ς.
2306 5829 2324 5859 ι
2348 5827 2523 5874 τέλος]
2581 5830 2731 5874 ιιωυ-
2800 5850 2823 5874 ι
2899 5837 2931 5874 ,ι

199 5820 364 5891 σαγή
414 5816 604 5874 Ruth.
634 5832 755 5886 χιιι,
777 5816 867 5871 47,
970 5817 1015 5849 σε
1047 5817 1081 5887 ἡ
1103 5816 1263 5889 συλλ]
1285 5817 1405 5875 Λα,
1446 5833 1500 5883 ι.
1535 5818 1621 5873 η.
1699 5817 1745 5850 u
1769 5821 1891 5887 οὐχὶ
1914 5823 1957 5872 Δ
1997 5838 2011 5873 ε
2044 5823 2107 5875 οὐ
2142 5840 2199 5886 ς.
2264 5816 2524 5897 iuraac]
2580 5816 2759 5885 “om?
2800 5850 2849 5898 ι’
