4196 6442
835 403 936 470 8T!

1986 395 2252 456 PHOTII
2293 394 2797 454 PATRIARCH/E
2830 396 2936 455 CP;

3988 394 4092 461 808

842 518 913 569 ad
937 513 1207 585 justitiam
1241 511 1381 564 omni
1405 508 1637 562 credenti
1669 516 1699 557 1
1732 520 1838 561 non
1869 507 2247 575 peccatoribus
2288 513 2408 557 tan-
2438 539 2448 563 ι

2521 507 2600 571 εἰς
2641 506 3039 574 δικαιοσύνην
3083 509 3260 561 παντὶ
3300 507 3382 572 τῷ
3413 510 3781 573 πιστεύοντι,
3829 511 3953 579 οὐχὶ
3981 516 4091 574 τοῖς

838 621 975 663 tum.
1001 607 1200 661 Verum
1248 605 1388 658 idem
1425 616 1639 655 rursum
1674 601 1752 655 ait
1784 614 1799 652 :
1840 599 2133 665 pmdicare
2163 614 2223 653 se
2246 613 2411 651 voca-

840 704 911 757 tis
936 699 1139 755 Judaeis
1169 706 1334 765 atque
1358 693 1581 755 Grecis,
1622 692 1896 747 Christum
1921 690 2012 743 Dei
2066 690 2321 742 virtutem
2358 697 2413 741 et

840 796 933 848 Dei
989 790 1312 858 sapientiam
1348 796 1393 838 ι.
1456 785 1783 852 lternmque,
1840 783 2119 847 Quomodo
2172 796 2276 834 non
2314 796 2411 847 pll-

842 902 1011 956 gnare
1040 884 1131 935 illa
1168 877 1503 934 videantur?
1541 876 1603 929 In
1636 876 1771 929 viam
1800 876 2030 943 gentium
2056 890 2118 926 ne
2155 873 2412 931 abieritis,

838 988 884 1029 et
923 976 975 1027 in
1010 974 1271 1026 civitatem
1328 968 1791 1021 Samaritanorum
1837 981 1898 1018 rte
1938 966 2255 1017 intraveritis
2280 964 2412 1016 Ριεά

837 1067 1013 1135 potius
1055 1066 1127 1116 ite
1191 1059 1259 1114 ad
1310 1076 1426 1112 oves
1475 1074 1592 1126 quae
1650 1058 1915 1127 perierunt
1963 1058 2146 1109 domus
2176 1054 2411 1108 Israela.

839 1158 1116 1223 Quatenus
1155 1153 1325 1215 enim,
1357 1150 1765 1217 quiperierant,
1815 1161 1944 1201 oves
1982 1156 2158 1211 erant,
2188 1144 2415 1214 iustitiae

838 1249 1062 1302 omnino
1095 1257 1149 1300 et
1177 1242 1365 1298 virtuti
1397 1242 1687 1295 viciniores
1745 1249 1925 1304 erant,
1969 1254 2131 1306 quant
2168 1238 2415 1293 Samari-

847 1338 961 1392 tani
988 1349 1151 1406 atque
1181 1342 1391 1404 gentes.
1424 1332 1720 1398 )Quomodo
1755 1330 1882 1384 item
1917 1328 2058 1385 ﬁlios
2107 1340 2264 1385 antea
2299 1344 2418 1385 esse

842 1430 1117 1483 satiandos
1161 1428 1349 1479 edocet
1382 1421 1435 1486 δ,
1464 1438 1525 1476 ac
1554 1432 1665 1476 tum
1718 1436 1836 1491 qum
1862 1430 2151 1490 supersunt
2194 1421 2418 1476 canibus

841 1520 1073 1589 relinqui
1102 1520 1122 1571 ?
1155 1519 1260 1571 Sed
1300 1526 1355 1570 et
1378 1516 1674 1585 discipulos
1708 1515 1996 1583 colligens:
2037 1514 2103 1567 In
2130 1530 2421 1585 quamcun-

842 1630 940 1679 que
964 1615 1059 1674 ait,
1101 1612 1364 1664 civitatem
1396 1619 1486 1661 aut
1515 1609 1794 1661 castellum
1820 1608 2161 1671 intraveritis,
2191 1608 2417 1660 interra-

843 1716 981 1777 gate,
1005 1706 1122 1773 quis
1159 1704 1212 1755 in
1243 1719 1303 1755 ea
1359 1702 1550 1768 dignus
1602 1701 1669 1753 sit
1702 1698 1829 1769 (non
1859 1699 1981 1768 quis
2011 1698 2081 1751 sit
2120 1701 2418 1767 peccator),

842 1808 889 1851 et
920 1797 991 1849 ibi
1012 1804 1238 1859 manete,
1258 1796 1419 1845 donec
1442 1794 1563 1845 inde
1598 1792 1797 1845 exeatis
1833 1801 1879 1844 ο,
1915 1789 2025 1843 Hoc
2054 1789 2183 1843 item
2222 1805 2422 1857 purpu-

844 1892 985 1942 raria
1009 1889 1099 1941 illa
1155 1887 1349 1939 mulier
1404 1901 1508 1937 non
1548 1884 1826 1953 ignorans,
1854 1882 2113 1935 Barnabze
2150 1896 2213 1934 ac
2252 1879 2421 1933 Paulo

842 1980 976 2038 dixit
1008 1996 1023 2031 :
1048 1978 1241 2047 202a
1270 1976 1325 2031 Si
1344 1976 1629 2044 judicastis
1661 1990 1742 2027 me
1765 1973 1993 2041 ﬁdelem,
2016 1984 2223 2025 manete
2277 1969 2419 2039 apud

844 2098 925 2134 me
951 2073 1092 2129 d.Et
1116 2076 1316 2126 dictum
1358 2070 1486 2123 illud
1532 2067 1815 2137 apostolis,
1853 2067 1941 2134 qui
2005 2066 2221 2119 virtutis
2266 2074 2422 2119 erant

846 2188 1068 2228 norma:
1108 2168 1260 2221 Vobis
1292 2171 1469 2219 datunt
1506 2176 1578 2218 est
1605 2181 1754 2218 nosse
1804 2163 2070 2233 mysteria,
2100 2160 2206 2213 illis
2247 2170 2420 2211 autem

847 2282 950 2317 non
990 2275 1063 2317 est
1104 2264 1353 2323 datume,
1381 2258 1633 2313 nimirum
1683 2257 1934 2325 indignis.
1972 2254 2066 2308 llis
2114 2255 2273 2321 igitur
2305 2266 2423 2305 om-

849 2357 1007 2411 nibus
1032 2356 1141 2422 jam
1200 2354 1378 2413 dictis,
1417 2351 1687 2418 quomodo
1730 2363 1837 2402 non
1895 2347 2214 2414 repugnabit
2275 2344 2420 2398 clare

850 2447 982 2501 illud
1021 2463 1033 2497 :
1071 2443 1195 2496 Non
1220 2442 1331 2494 veni
1374 2456 1559 2492 vocare
1608 2442 1805 2507 justas,
1851 2438 1941 2490 sed
1994 2445 2307 2504 peccatores.
2362 2432 2419 2485 Si

849 2538 973 2606 quis
993 2538 1054 2588 de
1074 2534 1351 2587 hominum
1393 2530 1659 2583 divisione
1689 2528 1741 2581 itt
1776 2528 1954 2595 justos
1986 2538 2039 2581 et
2066 2528 2293 2595 injttstos
2323 2526 2421 2578 ltu-

848 2630 931 2698 jus
956 2627 1056 2680 loci
1090 2623 1417 2678 sententiam
1453 2621 1707 2689 accipiat.
1749 2620 1951 2673 Adhzec
1989 2634 2135 2683 vero,
2161 2620 2205 2673 si
2246 2619 2421 2688 justos

851 2738 957 2775 non
994 2718 1224 2780 vocavit,
1256 2724 1571 2785 peccatores
1602 2722 1781 2765 autem
1813 2727 1919 2765 non
1980 2712 2267 2765 accedunt.
2293 2711 2421 2763 0m-

852 2814 935 2864 nis
951 2812 1083 2863 enim
1108 2810 1199 2878 qui
1231 2806 1366 2859 male
1407 2806 1536 2873 agit,
1595 2805 1703 2857 odit
1752 2803 1943 2865 lucem,
1974 2815 2150 2855 etnon
2190 2805 2323 2855 venit
2352 2802 2421 2853 ad

851 2905 1016 2957 lucem
1052 2904 1092 2955 ί.
1133 2904 1235 2954 lit:
1299 2900 1473 2953 Malus
1503 2902 1653 2952 homo
1700 2898 1762 2950 de
1805 2896 1977 2948 cordis
2012 2896 2095 2948 sui
2124 2896 2263 2947 malo
2308 2894 2420 2947 tlte-

853 3012 1013 3048 sauro
1047 2994 1243 3062 profert
1294 2993 1436 3044 mala
1468 2993 1511 3044 ε.
1550 2993 1678 3044 Item
1710 3008 1723 3043 :
1758 2988 1975 3052 Quoties
2024 2988 2165 3039 volui
2204 3004 2420 3055 congre-

850 3104 972 3157 gare
999 3088 1134 3154 ﬁlios
1188 3097 1319 3148 tuos,
1366 3094 1412 3136 et
1474 3084 1687 3137 noluisti
1718 3083 1769 3136 ιι.
1834 3079 1912 3145 Si,
1958 3082 2201 3148 inquam,
2247 3081 2421 3147 justos

2514 600 2861 671 ἁμαρτωλοῖς
2910 602 3113 671 μόνοις.
3181 602 3344 656 Ἀλλὰ
3391 603 3486 655 καὶ
3537 603 3703 665 αὐτὸς
3739 603 3911 656 πάλιν
3960 607 4093 672 φησὶ

2514 690 2637 761 [6M
2674 689 2784 761 IL]
2815 690 3113 760 κηρύσσειν
3132 690 3177 723 ⁸⁸
3206 693 3319 754 τοῖς
3348 691 3568 761 κλητοῖς
3608 692 3885 754 Ἰουδαίοις
3912 710 3975 745 τε
4000 694 4094 745 καὶ

2515 783 2744 853 Ἕλλησι
2797 784 3034 853 Χριστὸν
3088 783 3225 837 Θεοῦ
3278 785 3510 854 δύναμιν
3561 785 3655 839 καὶ
3703 785 3840 838 Θεοῦ
3874 787 4091 853 σοφίαν.

2514 874 2685 924 Πάλιν
2728 873 2785 926 δὲ
2812 875 2931 936 πῶς
2972 876 3034 927 οὐ
3081 875 3222 940 δόξει
3243 876 3289 907 ⁸⁸
3321 876 3588 945 μάχεσθαι
3622 876 3706 942 τὸ,
3740 879 3845 942 Εἰς
3867 877 3916 908 ⁸¹¹
3952 877 4095 929 ὁδὸν

2512 965 2705 1019 ἐθνῶν
2748 966 2835 1035 μὴ
2885 968 3221 1033 ἀπέλθητε,
3252 969 3352 1022 καὶ
3383 971 3469 1034 εὶς
3502 970 3683 1023 πόλιν
3718 968 4097 1038 Σαμαρειτῶν

2512 1060 2597 1128 μὴ
2648 1060 3029 1129 εισέρχησθε,
3073 1063 3402 1129 πορεύεσθε
3439 1062 3508 1115 δὲ
3544 1063 3693 1130 πρὸς
3724 1063 3798 1115 τὰ
3831 1066 4098 1130 πρόϐατα

2516 1153 2590 1203 τὰ
2627 1150 2985 1204 ἀπολωλότα
3020 1152 3191 1206 οἴκου
3232 1152 3511 1219 ’1σραήλ;
3550 1153 3719 1208 Ὀσον
3760 1156 3870 1223 γὰρ
3902 1155 3969 1206 ἂν
3992 1155 4094 1205 ἀπ-

2518 1241 2707 1296 ολώλει
2744 1242 2816 1295 τὰ
2839 1242 3117 1312 πρόϐατα,
3156 1244 3500 1313 δικαιοσύνης
3536 1245 3735 1314 μᾶλλον
3766 1246 3862 1297 καὶ
3894 1247 4097 1314 ἀρετῆς

2519 1335 2791 1407 ὲγγύτερα
2842 1337 3059 1397 πάντως
3099 1336 3207 1387 τῶν
3249 1337 3606 1405 Σαμαρειτῶν
3661 1337 3757 1389 καὶ
3823 1337 4096 1405 Ἐλλήνων

2522 1428 2840 1497 ἐτύγχανον,
2867 1429 2989 1490 Πῶς
3018 1427 3079 1479 δὲ
3106 1427 3203 1480 καὶ
3235 1427 3302 1480 τὰ
3328 1428 3497 1481 τέκνα
3518 1428 3563 1459 ⁸³
3594 1428 3705 1480 δεῖν
3727 1428 4096 1498 χορτασθῆναι

2521 1521 2790 1590 πρότερον
2824 1519 3249 1590 διεμαρτύρατο,
3294 1520 3391 1573 καὶ
3418 1521 3487 1573 τὰ
3512 1520 3744 1590 περιττὰ
3765 1522 3881 1582 τοῖς
3930 1539 4097 1573 κυνα-

2524 1612 2662 1681 ρίοις
2701 1610 3123 1676 ὑπολείπεσθαις
3155 1611 3291 1665 ἀλλὰ
3330 1613 3573 1675 καὶτοὺς
3607 1611 3857 1681 μαθητὰς
3884 1612 4100 1664 διατάτ-

2522 1720 2653 1769 των,
2679 1706 2783 1768 Εις
2800 1702 2937 1770 ἧκ⁸⁹
2954 1703 3052 1768 ἂν,
3076 1704 3231 1772 φησὶ,
3258 1703 3440 1757 πόλιν
3456 1703 3495 1769 ἢ
3527 1702 3731 1772 κώμην
3757 1704 4099 1770 εἰσέλθητε,

2525 1794 2851 1857 ἐξετάσατε
2879 1794 2972 1859 τις
3000 1792 3172 1846 ἐστιν
3192 1792 3262 1844 ἐν
3293 1791 3448 1860 αὑτῇ
3478 1793 3666 1857 ἄξιος,
3699 1793 3823 1861 οὐχὶ
3854 1794 3938 1854 τίς
3959 1794 4103 1843 ἐστιν

2527 1886 2849 1956 ἁμαρτωλὸς
2868 1928 2883 1951 ,
2931 1884 3109 1939 κάκεῖ
3132 1885 3377 1953 μείνατε
3397 1885 3510 1949 ἕως
3534 1884 3817 1951 ἐξέλθητε
3847 1885 4099 1938 ἐκεῖθεν.

2530 1981 2598 2032 Ὃ
2635 1980 2730 2031 καὶ
2766 1980 2799 2048 ἡ
2842 1976 3267 2048 πορφυρόπωλις
3298 1977 3471 2029 εἰδυῖα
3512 1978 3625 2038 τοῖς
3653 1977 3783 2047 περὶ
3815 1977 4102 2047 Βαρνάϐαν

2528 2073 2623 2126 καὶ
2653 2072 2866 2126 Παῦλον
2897 2071 3103 2139 ἔλεγεν,
3136 2073 3206 2124 El
3228 2070 3272 2101 7°
3308 2068 3455 2142 [532
3500 2069 3603 2142 11.]
3638 2070 3865 2134 πιστήν
3892 2087 3973 2138 με
4008 2088 4101 2122 κε-

2527 2167 2768 2233 κρίκατε
2810 2162 2892 2228 τῷ
2923 2164 3139 2230 Κυρίῳ,
3178 2164 3424 2232 μείνατε
3457 2164 3607 2230 πρός
3642 2179 3739 2231 με.
3773 2162 3881 2215 Καὶ
3921 2162 3986 2215 τὸ
4015 2163 4101 2214 λέ-

2526 2278 2644 2327 γειν
2694 2260 2791 2329 μὲν
2838 2247 2977 2329 πρὸς
3024 2259 3153 2320 τοὺς
3206 2255 3559 2321 ἀποστόλους,
3614 2256 3669 2309 οἴ
3719 2273 3863 2318 τινες
3902 2257 4103 2324 ἀρετῆς

2528 2352 2773 2421 ὑπῆρχον
2816 2350 3069 2414 κανόνες,
3117 2348 3347 2417 Ὑμῖντι
3382 2347 3617 2401 δέδοται
3645 2347 3867 2415 γνῶναι
3894 2348 3969 2399 τὰ
3996 2366 4104 2415 μυο

2526 2443 2768 2510 στήρια,
2811 2442 3065 2505 ἐκείνοις
3086 2440 3154 2493 δὲ
3176 2442 3249 2493 οὐ
3289 2439 3547 2502 δέδοται,
3588 2439 3831 2508 δηλονότι
3865 2441 3979 2501 τοῖς
4008 2440 4100 2490 ἀν-

2526 2528 2718 2592 αξίοις.
2752 2528 2977 2591 Τούτοις
3012 2523 3104 2581 οὖν
3131 2530 3246 2590 τοῖς
3276 2528 3591 2598 εἰρημένοις
3628 2529 3801 2581 ἆπασι
3841 2529 3959 2589 πῶς
4005 2529 4102 2580 οῦκ

2526 2622 2897 2675 ἀντιπεσεῖται
2944 2621 3215 2690 λαμπρῶς
3245 2620 3326 2686 τὸ,
3349 2622 3471 2673 Οὐκ
3500 2616 3689 2688 ἦλθον
3726 2620 3981 2672 καλέσαι
4017 2619 4102 2671 δι-

2530 2718 2742 2783 καίους
2771 2716 2909 2769 ἀλλ’
2957 2713 3347 2783 ἁμαρτωλοὺς
3366 2754 3380 2778 ,
3428 2715 3483 2765 εῐ
3510 2732 3592 2777 τις
3644 2714 3988 2784 ὲπιμερίζων
4015 2717 4101 2765 τὸν

2528 2808 2816 2878 ἄνθρωπον
2858 2809 2937 2868 εἰς
2964 2806 3309 2875 ἁμαρτωλῶν
3354 2808 3448 2858 καὶ
3481 2806 3704 2859 δικαίων
3731 2808 3937 2873 τάγμα,
3965 2807 4103 2859 οὕτω

2526 2902 2627 2968 τὴν
2658 2899 2752 2950 τοῦ
2803 2898 2967 2968 ῥητοῦ
3006 2899 3248 2950 διάνοιαν
3300 2897 3663 2965 ἐκλαμϐάνεις
3695 2899 3773 2951 ἔτι
3806 2899 3865 2951 δὲ
3898 2902 3947 2950 εἰ
3980 2902 4101 2960 τοὺς

2532 2992 2630 3061 μὲν
2661 2990 2905 3051 δικαίους
2934 2990 2994 3040 ού
3023 2990 3309 3057 κέκληκεν,
3338 2991 3386 3042 οἱ
3406 2989 3461 3041 δὲ
3490 2990 3806 3057 ἁμαρτωλοὶ
3844 2991 3905 3042 οὐ
3940 3008 4100 3057 προε-

2531 3087 2780 3154 έρχονται
2825 3083 2979 3151 (Πᾶς
3000 3085 3043 3114 ⁷³
3074 3083 3185 3150 γὰρ
3216 3085 3249 3136 ό
3293 3082 3365 3135 τὰ
3397 3084 3601 3151 φαῦλα
3644 3084 3919 3148 πράττων
3945 3083 4106 3151 μισεῖ

856 3195 962 3231 non
991 3178 1221 3238 VUt'a‘v'il,
1253 3184 1569 3243 peccatores
1605 3186 1783 3225 autem
1820 3170 2048 3234 resilire,
2078 3186 2238 3239 quam
2266 3184 2422 3223 acce-

2530 3176 2597 3228 τὸ
2632 3174 2757 3243 φῶς
2786 3174 2882 3227 καὶ
2919 3176 3029 3227 οὐκ
3048 3174 3283 3241 ἔρχεται
3309 3176 3457 3240 πρὸς
3484 3175 3549 3226 τό
3578 3172 3726 3242 φῶς,
3752 3177 3867 3228 καί*
3916 3175 3975 3225 '0
3995 3192 4097 3227 που

854 3270 979 3321 ύειε
1026 3268 1500 3337 (quemadmodum
1533 3265 1787 3331 diximus)
1820 3264 2145 3325 maluerunt,
2198 3262 2426 3330 quibus-

852 3376 975 3411 nam
1038 3358 1385 3424 pra‘dieatum
1460 3365 1543 3407 est
1616 3353 2007 3420 Evangelium?
2062 3353 2239 3421 Atque
2290 3352 2428 3404 idem

850 3451 983 3503 mihi
1010 3450 1120 3515 jam
1156 3466 1184 3501 e
1216 3446 1382 3499 factis
1420 3460 1631 3514 quoque
1670 3447 1799 3512 ipsis
1828 3448 2081 3497 observa.
2134 3445 2432 3511 Oportebat

851 3544 943 3597 Dei
974 3541 1195 3593 Matrem
1234 3541 1287 3591 in
1327 3550 1466 3591 terra
1509 3552 1629 3590 csse
1662 3555 1675 3589 :
1717 3552 1835 3589 eam
1888 3537 2119 3596 vocavit,
2140 3550 2258 3603 qua:
2314 3550 2430 3587 om-

852 3637 1010 3688 nibus
1062 3633 1357 3685 virtutibus
1420 3630 1553 3683 alias
1621 3644 1808 3681 omnes
1860 3637 2159 3695 superaret.
2214 3626 2428 3678 Patrem

850 3728 1156 3797 oportebat,
1182 3736 1235 3777 et
1272 3723 1469 3775 fratres
1526 3738 1686 3790 super
1721 3732 1918 3773 terram
1958 3721 2237 3773 nominare
2283 3735 2425 3783 eum,

848 3823 941 3891 qui
974 3822 1089 3874 sine
1124 3828 1277 3887 patre
1302 3826 1467 3869 esset.
1504 3814 1618 3869 Non
1654 3831 1681 3867 e
1728 3814 2227 3878 latronibushos,et
2257 3834 2430 3871 mere-

855 3913 1104 3973 tricibus,
1136 3908 1451 3975 deligendos
1492 3908 1721 3974 putavit,
1757 3908 1851 3961 sed
1883 3908 1973 3975 qui
2005 3908 2211 3976 justitia
2260 3910 2432 3962 collu-

849 4021 1057 4064 ccreut.
1089 4010 1239 4063 Talis
1281 4007 1501 4073 Josepli,
1554 4006 1687 4057 tales
1729 4015 1783 4057 et
1821 4003 1935 4069 ejus
1977 4003 2151 4055 liberi.
2200 4002 2432 4056 Jacobus

850 4120 980 4159 vero
1010 4105 1060 4156 in
1092 4111 1349 4171 quantum
1375 4082 1590 4152 virtutis
1618 4099 1842 4165 gradum
1867 4099 2217 4157 ascendisset,
2258 4112 2431 4165 quan-

854 4205 1077 4263 tamque
1110 4197 1175 4247 de
1205 4207 1263 4245 se
1290 4192 1595 4260 opinionem
1634 4190 1771 4259 apud
1824 4186 2132 4241 Judaaorum
2176 4188 2428 4255 populum

852 4291 1168 4347 excitasset,
1203 4284 1284 4337 vel
1350 4284 1461 4336 sola
1519 4281 1636 4349 ejus
1689 4280 1976 4349 appellatio
2006 4280 2221 4333 clamat.
2255 4281 2428 4347 lpsunt

852 4381 997 4433 enim
1030 4378 1259 4446 populus
1290 4385 1510 4440 propter
1535 4373 1753 4425 virtutis
1785 4373 2233 4439 magnitudinem,
2269 4382 2431 4440 atque

852 4471 1045 4541 agendi
1095 4486 1218 4521 cum
1256 4466 1365 4520 Deo
1418 4467 1721 4519 libertatem
1758 4464 1963 4517 Obilam
2021 4465 2154 4533 (57),
2188 4466 2289 4517 hoc
2323 4476 2425 4527 est,

2530 3267 2778 3333 νηρὸς⁷³
2805 3266 3113 3333 ἅνθρωπος
3142 3268 3210 3317 ἐκ
3259 3266 3363 3318 τοῦ
3412 3268 3677 3333 πονηροῦ
3718 3267 3825 3333 τῆς
3861 3269 4100 3335 καρδίας

2530 3360 2715 3413 αὑτοῦ
2740 3358 3047 3425 θησαυροῦ
3081 3357 3360 3410 ἐκϐάλλει
3386 3360 3456 3411 τὰ
3478 3362 3739 3425 πονηρά·
3775 3363 3892 3413 καί·
3912 3362 4098 3414 nomi-

2531 3452 2689 3516 κις⁷⁸
2733 3452 3009 3517 ἠθέλησα
3070 3451 3441 3519 συναγαγεῖν
3502 3455 3574 3505 τὰ
3616 3454 3795 3504 τέκνα
3837 3471 3973 3515 σου,
4009 3455 4098 3504 καὶ

2531 3547 2642 3597 οὐκ
2674 3545 3047 3612 ἠθέλησας),
3103 3544 3149 3593 εἰ
3182 3539 3275 3595 οὖν
3309 3545 3433 3603 τοὺς
3494 3544 3591 3613 μὲν
3634 3546 3881 3607 δικαίους
3924 3548 3983 3597 οὐ
4020 3547 4102 3597 κέ-

2541 3636 2763 3705 κληκεν,
2798 3637 2847 3687 οἱ
2886 3636 2943 3687 δὲ
2988 3635 3303 3703 ἁμαρτωλοὶ
3345 3634 3407 3686 τὸ
3436 3635 3774 3704 άποσκιρτᾷν
3806 3636 3903 3688 τοῦ
3940 3654 4100 3705 προσ.

2533 3734 2705 3791 ιέναι,
2767 3729 3018 3799 καθάπερ
3075 3728 3322 3800 εἴρηται,
3384 3732 3820 3800 προτετιμήκασι
3842 3734 3912 3793 ⁷⁸,
3969 3733 4100 3782 τίσιν

2532 3823 2811 3893 ἐκηρύχθη
2863 3823 2925 3875 τὸ
2974 3824 3266 3891 κήρυγμας
3310 3821 3383 3874 Σὺ
3434 3822 3491 3874 δέ
3532 3840 3623 3891 μοι
3670 3824 3767 3875 καὶ
3802 3823 3899 3875 ἀπ’
3931 3822 4100 3876 αὐτῶν

2530 3919 2639 3971 τῶν
2664 3918 3007 3987 πραγμάτων
3033 3916 3247 3968 σκόπει.
3287 3915 3437 3967 Ἔδει
3484 3916 3696 3986 μητέρα
3726 3915 3865 3968 Θεοῦ
3898 3917 3988 3968 ἐπὶ
4005 3917 4099 3983 γῆς

2532 4009 2786 4077 γενέσῧαι
2807 4024 2819 4035 ’
2854 4010 2953 4074 τὴν
3004 4004 3193 4057 πασῶν
3225 4005 3429 4068 πάσαις
3454 4005 3677 4075 ἀρεταῖς
3710 4006 4100 4076 ὑπερανελθοῦο

2534 4120 2631 4153 σαν
2686 4100 2962 4152 ἐκάλεσεν.
2999 4098 3147 4150 Ἔδει
3188 4098 3401 4167 πατέρα
3448 4096 3542 4150 καὶ
3572 4096 3837 4163 ἀδελφοὺς
3873 4098 3965 4148 ἐπὶ
4007 4097 4101 4165 γῆς

2530 4194 2797 4262 ὀνομάσαι
2834 4192 2923 4242 τὸν
2954 4191 3201 4259 ἀπάτορα
3220 4208 3231 4222 ·
3261 4191 3363 4241 οὐκ
3390 4190 3453 4240 ὲκ
3480 4190 3588 4241 τῶν
3616 4189 3831 4259 λῃστῶν
3860 4192 3954 4242 καὶ
3981 4206 4102 4257 πορ-

2534 4287 2640 4339 νῶν
2669 4285 2890 4346 τούτους
2916 4284 3219 4347 ἐξελέξατο,
3250 4282 3388 4334 ἀλλά
3410 4283 3533 4345 τοὺς
3555 4282 3611 4333 ὲν
3641 4282 3960 4351 δικαιοσύνῃ
3995 4282 4101 4333 δια-

2532 4379 2867 4445 λάμποντας.
2901 4376 3159 4436 Τοιοῦτος
3186 4374 3294 4442 γὰρ
3337 4373 3533 4442 Ἰωσήφ
3556 4374 3677 4425 re"
3712 4374 3805 4425 καὶ
3841 4375 3893 4425 ol
3922 4373 4097 4425 τούτου

2533 4469 2741 4528 παῖδες.
2788 4467 2845 4517 Ὀ
2868 4467 2924 4517 δὲ
2970 4463 3223 4524 Ἰάκωόος
3251 4463 3335 4530 ἐφ’
3361 4464 3484 4514 ὅσον
3516 4462 3717 4531 ἀρετῆς
3745 4462 3879 4530 ὕψος
3908 4463 4097 4530 ἀνῆλθε

849 4564 1108 4632 populum
1143 4560 1473 4624 pra'sitlium,
1500 4568 1545 4609 et
1571 4559 1942 4625 protectionem
1973 4557 2257 4609 vocabant.
2288 4554 2427 4607 Rur-

2531 4565 2625 4615 κα“ι
2653 4562 2774 4613 τίνα
2816 4559 3071 4627 παρεῖχεν
3112 4556 3381 4624 ὑπόληψιν
3412 4554 3488 4623 τῷ
3518 4555 3625 4607 τῶν
3667 4557 3940 4608 Ἰουδαίων
3970 4556 4095 4623 λαις),

853 4671 995 4716 smn,
1023 4653 1199 4705 Verbo
1238 4664 1573 4719 prtecurrere
1623 4649 1860 4714 oportuit
1905 4648 2335 4701 Prarcursoretn:
2376 4656 2431 4700 et

849 4751 938 4818 qui
975 4746 1253 4817 prophetis
1274 4751 1323 4805 ο,
1353 4741 1713 4809 omnibusque
1742 4742 1876 4793 adeo
1910 4740 2215 4792 hominibus
2260 4736 2430 4803 major

848 4849 1018 4902 esset,
1080 4835 1384 4904 praecurrit.
1412 4833 1661 4900 Oportuit
1726 4844 1779 4886 et
1838 4843 2027 4886 testem
2082 4830 2287 4894 ollerri,
2333 4831 2421 4897 qui

846 4935 964 5001 ejus
997 4931 1223 5001 gloriam
1248 4936 1559 4983 testaretur.
1582 4925 1890 4979 Simeonem
1924 4925 2103 4977 itaoue
2136 4933 2189 4976 et
2213 4926 2420 4976 Annam

921 5078 948 5116 γ
980 5069 1138 5122 Rom.
1170 5082 1225 5131 κ,
1263 5066 1317 5117 4.
1396 5074 1417 5100 ι
1451 5064 1466 5116 1
1498 5062 1621 5116 Cor.
1654 5078 1690 5123 ι,
1714 5061 1805 5113 24.
1917 5074 1941 5100 ιι
1969 5060 2157 5115 Matth.
2184 5077 2237 5123 κ,
2264 5060 2317 5123 5,
2360 5063 2413 5115 6.

852 5153 878 5180 ε
904 5140 1095 5193 Matth.
1134 5152 1255 5199 xui,
1297 5136 1382 5189 ll.

2510 5062 2537 5101 b
2570 5062 2760 5115 Matth.
2825 5077 2913 5123 xv,
2947 5060 3036 5113 Q6.

1466 5132 1668 5188 f.ioan.
1735 5148 1815 5198 ιιι,
1858 5133 1948 5185 20.
2031 5132 2267 5183 εΜςιιιΙι.
2315 5133 2518 5195 χιι,55.
2595 5132 2834 5185 hMatth.
2886 5148 3032 5196 xxiii.
3074 5130 3163 5184 37.

2532 4656 2624 4707 καὶ
2654 4656 2688 4723 ὴ
2732 4651 2923 4719 κλῆσις
2956 4650 3162 4715 ἀναϐοᾷ
3182 4666 3193 4676 ·
3229 4648 3493 4699 ὠὸλὶαν⁷⁷
3525 4648 3634 4717 γὰρ
3663 4648 3826 4699 αὑτὸν
3856 4648 3919 4700 τὸ
3968 4648 4098 4713 πλῆ-

2535 4746 2625 4808 Οος
2652 4746 2735 4797 διά
2767 4745 2825 4795 τὸ
2846 4746 2943 4811 τῆς
2972 4743 3173 4811 ἀρετῆς
3203 4742 3431 4810 μέγεθος
3461 4742 3554 4794 καὶ
3583 4742 3682 4810 τὴν
3709 4741 3844 4809 πρὸς
3872 4743 3932 4794 τὸ
3954 4743 4098 4793 Θείςν

2532 4832 2871 4903 παρρησίαν,
2924 4830 3169 4882 τουτέστι
3214 4831 3507 4898 περιοχὴν
3560 4831 3653 4882 καὶ
3707 4830 3949 4896 σκέπην
4002 4831 4097 4883 τοῦ

2531 4926 2685 4979 λαοῦ
2766 4922 3174 4991 κατωνόμαζον.
3236 4922 3405 4974 Πάλιν
3462 4923 3567 4974 ἔδει
3620 4923 3959 4993 προδραμεῖν
4011 4923 4095 4976 τοῦ

3128 5071 3149 5098 ε
3174 5059 3362 5114 Matth.
3393 5073 3445 5122 Χ,
3480 5057 3565 5111 11.
3642 5058 3668 5097 ά
3708 5060 3832 5113 Act.
3866 5076 3978 5123 xu,
4024 5061 4095 5112 lii.

2109 5244 2342 5301 VARle
2386 5245 2785 5299 LECTIONES.

1386 5364 1404 5416 l
1440 5364 1564 5418 Cor.
1606 5380 1644 5427 ι,
1687 5365 1776 5416 Ἡ.
1878 5364 1922 5393 ⁸⁸
1961 5362 2084 5429 δόξῃ
2141 5379 2198 5424 ς.
2284 5362 2325 5391 ⁵⁷
2352 5364 2425 5423 εἰς

1678 5438 1720 5463 ⁸³
1754 5436 1831 5495 εἰς
1862 5433 1951 5503 ἣν]

1692 5504 1858 5557 ΜίιιΙι.
1903 5520 1996 5566 χιι,
2025 5504 2113 5555 53.

923 5371 969 5401 ⁸⁸
1009 5364 1329 5438 κηρύσσειν]

854 5441 1004 5492 locus
1038 5450 1121 5493 est
1149 5438 1341 5490 Matth.
1385 5452 1475 5497 xv,
1505 5437 1595 5489 26.

850 5510 1007 5565 Jnan.
1054 5525 1134 5568 ιιι,
1176 5508 1264 5561 Ξυ.
1343 5508 1388 5537 ⁷³
1426 5504 1623 5574 ortam]
1692 5504 1858 5557 ΜίιιΙι.
1903 5520 1996 5566 χιι,
2025 5504 2113 5555 53.
2187 5503 2413 5574 “stood

2436 5362 2449 5432 ]
2500 5362 2694 5415 Matth.
2746 5378 2801 5426 Χ,
2838 5361 2890 5416 5.
2958 5361 3002 5390 ³⁸
3036 5361 3103 5413 τὰ
3143 5362 3308 5432 τέκνα
3354 5362 3460 5413 δεῖν
3487 5363 3528 5413 Α
3565 5378 3578 5411 :
3619 5362 3785 5412 τέκνα
3814 5362 3923 5413 δεῖν
3950 5364 4012 5415 τὺ
4044 5380 4093 5423 τ’.

2000 5432 2189 5486 Matth.
2224 5450 2277 5493 ιι,
2320 5432 2403 5483 ll.
2437 5431 2509 5463 77°
2534 5433 2602 5503 εἰ]
2635 5437 2755 5486 Act.
2794 5448 2904 5493 xvr,
2930 5432 2998 5485 15
3095 5433 3135 5463 ⁷¹
3162 5431 3314 5500 ὑμῖν]
3348 5432 3542 5485 Matth.
3576 5448 3694 5491 xm.
3730 5432 3817 5483 Η.

2468 5503 2631 5555 Matth
2713 5504 2991 5565 xxnr,37.
3068 5504 3114 5533 ⁷⁸
3146 5504 3478 5571 τετιμήκασι
3531 5504 3595 5554 Α.

3897 5435 3939 5463 ”
3974 5436 4093 5491 πάςὶ

3694 5506 3737 5545 ⁷⁶
3770 5519 3829 5553 τε
3885 5506 4009 5557 alid.
4038 5490 4094 5554 .\.

852 5581 896 5612 "
928 5578 1153 5652 ὡόλίαν]
1187 5578 1307 5631 libri
1353 5576 1471 5629 ’1ὼὸ
1508 5571 1651 5631 λίαν.
1690 5576 1763 5629 cf.
1800 5574 2008 5629 Suicer.
2044 5575 2096 5625 h.
2132 5589 2182 5627 ν.
2212 5573 2283 5627 cf.
2312 5573 2593 5627 Fabricius
2621 5572 2685 5627 Β.
2713 5571 2806 5625 Gr.
2836 5585 2875 5626 ι.
2910 5572 2977 5627 Χ.
3012 5591 3063 5645 p.
3096 5573 3198 5626 748
3227 5576 3314 5627 ed.
3348 5575 3556 5629 llarlcs.

2343 5690 2574 5747 NUTE.

923 5819 1031 5892 (:37)
1069 5818 1368 5877 Conﬁrmat
1392 5813 1587 5871 Euseb.
1618 5814 1709 5870 lib.
1736 5828 1794 5873 tt,
1826 5826 1944 5875 cap.
1980 5810 2069 5876 2'2,

2124 5824 2187 5863 ex
2225 5808 2541 5878 ilegesippo.
2581 5807 2846 5865 Vitiatum
2882 5823 3011 5879 ergo
3039 5809 3126 5864 hic
3144 5810 3424 5879 exemplar
3450 5810 3701 5864 Gnecuiu
3734 5809 3966 5875 corrige.
