4196 6442
212 402 334 469 809

1282 400 1807 461 BIBLIOTHECA.
1852 425 1919 435 -
1958 402 2121 461 COD.
2161 404 2439 463 CCXXII.

3360 414 3467 479 810

208 518 395 581 Λόγου
429 514 748 586 Πρόδρομον
770 529 788 546 ⁶
818 515 846 567 δ
878 515 1078 586 μείζων
1112 515 1403 584 προφητῶν
1445 517 1541 567 καὶ
1572 515 1788 568 πάντων

1908 518 2127 569 vocavit
2156 518 2202 556 ιο
2227 527 2272 571 ιι.
2307 517 2674 586 Discipulosne
2705 519 2895 588 legisse
2920 522 3162 590 oportuit
3186 523 3211 577 ?
3233 526 3467 594 optimos

207 604 523 674 ἀνθρώπων
573 605 881 675 προτρέχει.
952 606 1100 658 Ἔδει
1165 607 1419 675 μάρτυρα
1475 606 1575 673 τῆς
1628 606 1794 659 αὐτοῦ

211 697 593 767 προϐαλέσθαι
614 699 662 729 ⁷⁸
714 698 873 764 δόξης
897 712 912 725 ⁶
942 697 1031 749 τὸν
1062 696 1291 766 Συμεὼν
1335 698 1429 750 καὶ
1456 698 1557 765 τὴν
1594 698 1794 750 ’Ἄνναν

210 788 495 841 ἐκάλεσεν.
528 786 677 841 Ἔδει
710 788 958 856 μαθητὰς
989 786 1319 857 προσλαϐεῖν
1350 804 1366 817 ·
1387 788 1514 849 τοὺς
1540 788 1795 857 ἀρίστους

212 880 451 945 λογάδας
476 882 705 932 τίθεται·
739 876 945 932 Οἶδα⁷⁹
986 881 1121 949 γὰρ.
1149 880 1339 949 φησιν,
1368 879 1476 943 οὓς
1508 879 1793 942 ἐξελεξά-

206 985 359 1035 μην.
414 966 553 1038 [ἔδει
572 966 650 1038 ⁸⁸]
683 967 876 1037 νεκρὸν
906 969 1119 1036 ἐγεῖραι
1146 967 1274 1036 [τὸν
1302 969 1368 1018 ὲκ
1413 966 1685 1034 Βηθανίας
1703 967 1746 997 ⁸⁸
1774 965 1793 1035 Ἰ

212 1060 469 1129 Λάζαρον
490 1060 573 1091 ⁸¹’
629 1058 745 1112 ἀλλ’
802 1059 863 1121 ἐξ
915 1058 1246 1126 εὺσεϐούσης
1304 1058 1578 1122 οίκίας⁸³,
1642 1058 1699 1109 ὲν
1758 1052 1792 1129 ᾖ

212 1151 419 1219 Μάρθα
444 1150 537 1203 καὶ
556 1150 767 1219 Μαρία,
795 1149 861 1211 ἃς
883 1150 981 1219 τὴν
1006 1149 1215 1217 ἀγαθὴν
1240 1147 1563 1211 ἐκλέξασθαι
1595 1146 1789 1217 μερίδα

212 1244 276 1294 τὸ
329 1241 471 1295 θεῖον
515 1242 761 1310 ἀπέφηνε
810 1241 1089 1310 ψήφισμα.
1149 1238 1241 1302 Ἐξ
1296 1238 1465 1290 ἐθνῶν
1495 1238 1606 1290 ἔδει
1654 1237 1790 1307 κλη-

214 1332 403 1402 θῆναι·
444 1332 667 1403 ἀπαρχὴ
710 1333 816 1384 τῶν
874 1332 1048 1385 ἄλλων
1097 1332 1127 1381 ό
1162 1329 1459 1399 Κορνήλιος
1507 1329 1784 1381 καλεῖται’

214 1426 342 1486 ὃσος
372 1425 431 1477 δὲ
473 1426 569 1495 τὴν
616 1424 815 1494 ἀρετὴν
855 1425 948 1476 καὶ
998 1422 1106 1490 πρὸ
1158 1422 1252 1474 τοῦ
1284 1421 1678 1490 βαπτίσματος,
1724 1419 1786 1473 τὸ

214 1520 362 1588 ἱερὸν
390 1519 751 1590 ἀνακηρύττει
780 1520 1037 1590 γράμμα.
1059 1517 1423 1585 Σταυροῦνται
1444 1516 1539 1569 δύο
1572 1514 1791 1588 lno-tab

1909 608 2093 673 utique
2128 606 2327 677 delegit
2355 626 2368 661 :
2399 606 2521 662 Scio
2551 611 2711 677 enim,
2758 610 2951 679 inquit,
2977 628 3107 681 quas
3157 613 3397 684 elegerint
3416 627 3466 671 ς.

1900 697 2241 770 [Oportebat]
2299 712 2565 754 mortuum
2625 702 2952 756 resuscitare
3001 703 3466 778 [Bethaniensem|

1898 787 2160 842 Lazarum
2196 799 2238 843 τ.
2266 789 2370 845 Sed
2400 808 2522 846 eum
2574 794 2787 848 nonnisi
2819 808 2883 847 ex
2940 795 3025 862 pia
3062 798 3240 861 domo,
3270 798 3321 851 in
3362 814 3468 866 qua

1898 877 2105 932 Martha
2147 890 2201 933 et
2244 881 2433 945 Maria,
2465 898 2624 949 quam
2686 883 2876 938 bonam
2919 894 2942 922 ⁸
2975 885 3205 955 elegisse
3261 894 3466 954 partem

1897 969 2078 1022 divina
2124 972 2491 1037 pronuntiavit
2524 973 2816 1028 sententia.
2852 974 2925 1026 Ex
2958 974 3207 1042 gentibus
3254 990 3467 1043 quoque

1900 1059 2081 1111 vocari
2115 1058 2324 1128 aliquos
2346 1063 2582 1130 oportuit
2602 1080 2615 1115 :
2634 1064 2841 1132 primus
2860 1067 3098 1117 omnium
3138 1064 3421 1121 Cornelius
3442 1068 3460 1102 ί

1899 1158 2147 1213 vocatur,
2173 1150 2263 1220 qui
2296 1161 2530 1219 quantus
2553 1152 2752 1204 virtute
2770 1152 2954 1218 (etiam
2974 1163 3098 1206 ante
3122 1154 3467 1221 baptismum)

1899 1238 2084 1302 fuerit,
2118 1255 2288 1295 sacra:
2314 1241 2608 1309 loquuntur
2634 1241 2869 1295 Litterre.
2921 1241 3081 1295 Cruci
3111 1254 3139 1280 ιι
3180 1242 3468 1312 aliiguntur

1895 1330 2001 1383 duo
2021 1331 2256 1385 latrones
2286 1350 2299 1386 :
2327 1333 2419 1387 sed
2449 1349 2545 1387 cur
2574 1350 2714 1388 unus
2764 1334 2955 1388 melior
3012 1335 3319 1403 paradisum
3365 1336 3467 1391 sibi

1893 1422 2082 1489 aperit;
2103 1423 2293 1492 292b
2305 1424 2643 1493 blasphemus
2659 1435 2867 1489 contra,
2881 1436 2934 1479 et
2951 1427 3152 1491 peccati
3172 1426 3469 1480 iudelebilia

1897 1526 2112 1585 gestans
2140 1519 2379 1584 vulnera,
2417 1534 2481 1573 ex
2508 1534 2665 1587 poena
2697 1520 2749 1573 in
2781 1520 3173 1573 damnationem
3217 1520 3465 1573 mittitur.

213 1616 332 1667 ἀλλ’
350 1617 378 1667 ὁ
407 1615 504 1683 μὲν
525 1613 820 1683 εὐγνώμων
852 1612 1058 1680 ἀνοίγει
1090 1612 1182 1664 τὸν
1201 1612 1248 1645 ⁸⁵
1276 1612 1620 1682 παράδεισον,
1640 1609 1766 1683 [644
1784 1608 1875 1681 8.]
1894 1610 1993 1664 est
2026 1612 2359 1685 βλασφημῶν
2387 1617 2478 1669 καὶ
2495 1616 2592 1686 τῆς
2614 1616 2885 1687 ἁμαρτίας
2907 1616 3259 1681 ἀνεξάλειπτα
3290 1616 3469 1687 φέρων

211 1712 284 1765 τὰ
314 1710 589 1779 στίγματα
612 1711 693 1772 είς
716 1709 874 1779 δίκην
906 1710 969 1761 ὲκ
1001 1709 1291 1779 ,τιμωρίας
1321 1707 1835 1779 παραπέμπεται⁸⁵.

289 1801 450 1855 Οὕτω
494 1802 635 1854 κατά
681 1802 789 1853 πᾶν
834 1800 986 1863 ἔθνος
1019 1801 1113 1853 καὶ
1167 1801 1324 1867 γένος
1364 1802 1460 1855 καὶ
1510 1801 1788 1863 πολιτείας

1964 1798 2054 1852 Sic
2082 1796 2136 1851 in
2163 1797 2306 1850 omni
2329 1798 2490 1851 etiam
2511 1799 2749 1861 natione,
2783 1809 2891 1851 tum
2944 1798 3144 1852 familia
3187 1810 3241 1853 et
3263 1814 3466 1867 genere

217 1894 420 1961 ίδίωμα
445 1894 569 1954 τοὺς
600 1894 719 1944 κατ’
747 1893 945 1962 ἀρετὴν
981 1890 1096 1943 ἔστι
1131 1890 1331 1960 μᾶλλον
1358 1890 1606 1960 βιοῦντας
1634 1891 1787 1960 ὁρᾷν,

209 1984 247 2054 ἢ
279 1984 408 2045 τοὺς
450 1982 709 2035 τάναντία
764 1981 1195 2046 σπουδάζοντας,
1229 1980 1327 2034 καὶ
1371 1980 1667 2051 κληθέντας
1696 1979 1791 2032 καὶ

212 2074 665 2146 προσδραμόντας
714 2075 809 2127 καὶ
837 2073 1309 2143 ἀκολουθήσαντας
1343 2072 1423 2142 τῷ
1472 2072 1786 2126 καλέσαντι.

212 2168 279 2220 El
310 2168 367 2220 δὲ
402 2168 466 2220 σὺ
509 2167 717 2237 πόρνην
748 2168 843 2219 καὶ
880 2164 1119 2235 τελώνην
1166 2167 1346 2237 είπῃς,
1379 2165 1649 2219 κάκείνων
1679 2165 1789 2219 rae;

210 2260 323 2312 τῶν
346 2258 637 2327 διατριϐῶν
659 2259 755 2311 καὶ
788 2258 1202 2328 πολιτευμάτων
1229 2262 1357 2321 τοὺς
1387 2256 1595 2327 βραχὺν
1636 2275 1790 2309 σπιν-

212 2349 363 2419 θῆρά
409 2366 532 2402 τινα
569 2351 668 2419 τῆς
699 2348 1043 2419 ἀνθρωπίνης
1071 2348 1355 2416 εὐγενείας
1389 2348 1519 2421 [555
1542 2347 1641 2419 H.]
1668 2348 1791 2400 δια-

214 2437 492 2501 σώζοντας
530 2439 849 2510 προσελθεῖν
883 2438 1138 2493 καλοῦντι
1183 2438 1263 2508 τῷ
1306 2438 1553 2508 Σωτῆρι,
1587 2439 1681 2492 καὶ
1712 2438 1789 2491 δι-

212 2532 391 2592 καίως
413 2531 460 2562 ⁸⁸
507 2531 643 2601 πρός
694 2548 759 2598 γε
788 2531 850 2583 τὸ
893 2531 1096 2599 πλῆθος
1133 2531 1241 2583 τῶν
1282 2530 1356 2600 μὴ
1388 2529 1789 2599 προσελθόντων

211 2620 402 2683 ἀξίους
435 2621 529 2674 καὶ
570 2614 886 2688 νομίζεσθαι
917 2622 1011 2673 καὶ
1048 2620 1433 2689 ὀνομάζεσθαι.
1469 2620 1580 2673 Ποῦ
1610 2620 1790 2673 τοίνυν

212 2711 327 2763 τῶν
359 2712 697 2782 ἁμαρτωλῶν
726 2714 760 2782 ἡ
812 2712 1023 2781 κλῆσις,
1055 2714 1143 2766 ὅτε
1174 2713 1374 2783 πόρναι
1422 2712 1516 2763 καὶ
1561 2710 1789 2763 τελῶναι

211 2804 311 2855 καὶ
341 2804 537 2875 λῃτταὶ
573 2803 807 2874 ὁρῶνται
838 2804 1033 2857 ἐκεῖνοι
1066 2805 1226 2873 μόνον
1276 2802 1651 2872 ἀσπασάμενοι
1688 2802 1788 2873 τὴν

213 2896 485 2965 σωτήριον
518 2895 725 2965 κλῆσιν,
756 2897 804 2949 οἲ
832 2896 939 2948 τῶν
968 2896 1301 2966 ὀμοτεχνῶν,
1334 2895 1409 2959 ὡς
1455 2898 1512 2946 ὲν
1539 2893 1778 2963 τοσούτῳ

210 2985 399 3038 κακῶν
430 2986 603 3055 βάθει,
651 2988 801 3056 δμως
846 2990 1099 3057 προεῖχον
1116 2987 1162 3017 ⁸⁷
1197 2988 1255 3037 ἐν
1305 2988 1417 3047 τοῖς
1473 2986 1785 3053 άμείνοσιν;

208 3077 335 3128 οὐδὲ
385 3078 560 3128 ἐκεῖνο
601 3077 657 3129 δὲ
707 3077 993 3146 παρελθεῖν
1035 3076 1265 3130 δίκαιον.
1323 3076 1397 3128 Τὸ
1451 3076 1639 3146 τάγμα
1676 3074 1787 3127 τῶν

1900 1890 1991 1960 qui
2024 1903 2090 1943 ex
2131 1888 2331 1942 virtute
2363 1889 2604 1942 viverent
2647 1890 2887 1943 videmus
2922 1892 3124 1955 vocari,
3161 1903 3460 1953 accurrere,

1894 1988 2281 2047 vocantemque
2296 1980 2444 2048 sequi
2478 1982 2652 2047 potius
2682 1996 2839 2047 quam
2874 1981 3266 2047 quicontrariis
3287 1992 3467 2034 essent

1896 2071 2059 2125 dediti
2098 2071 2311 2125 studiis.
2340 2070 2488 2136 Quod
2521 2071 2566 2123 si
2596 2080 2648 2123 tu
2678 2070 3031 2137 prostibulum
3072 2071 3199 2123 mihi
3236 2082 3324 2124 aut
3363 2089 3463 2140 pu-

1895 2162 2167 2216 blicanum
2196 2161 2429 2229 aliquem
2477 2162 2789 2227 adduxeris,
2821 2164 2983 2216 etiam
3044 2162 3185 2217 illoe
3239 2178 3465 2218 numero

1895 2256 2039 2309 scias
2057 2264 2217 2323 atque
2237 2254 2428 2307 ordine
2446 2255 2511 2308 ad
2536 2264 2813 2309 vocantem
2837 2252 3173 2309 Salvatorem
3203 2256 3463 2311 accedere

1895 2346 1984 2416 qui
2020 2346 2268 2414 exiguam
2296 2346 2487 2399 saltem
2530 2346 2780 2400 humana:
2835 2346 3135 2401 nobilitatis
3170 2344 3461 2401 scintiliani

1894 2437 2211 2499 retinerent,
2246 2446 2305 2488 ut
2343 2437 2537 2489 merito
2563 2452 2671 2505 prae
2694 2436 3034 2492 multitudine
3064 2452 3169 2491 non
3200 2440 3463 2493 acceden-

1896 2527 2025 2579 tium
2076 2528 2141 2579 ad
2201 2524 2387 2589 Deum,
2431 2526 2576 2593 digni
2635 2525 2935 2581 habeantur
2982 2536 3148 2597 atque
3191 2527 3458 2585 dicantur.

1896 2616 1995 2671 Ubi
2035 2626 2116 2669 est
2145 2616 2304 2684 igitur
2333 2626 2670 2683 peccatorum
2704 2619 2933 2681 vocatio,
2960 2619 3176 2687 quando
3210 2633 3241 2673 e
3284 2634 3461 2674 mere—

1896 2708 2136 2769 tricibus,
2164 2706 2464 2775 publicanis
2493 2718 2547 2759 et
2576 2707 2873 2763 latronibus
2931 2708 3097 2763 hosce
3140 2710 3281 2765 solos
3320 2710 3458 2765 divi-

1894 2814 2017 2850 nam
2075 2813 2197 2852 esse
2236 2799 2571 2854 vocationem
2636 2800 2970 2867 amplexatos
3026 2802 3291 2867 videmus,
3365 2804 3457 2873 qui

1893 2891 2035 2943 inter
2062 2901 2344 2945 consortes
2377 2892 2709 2961 (quanquam
2748 2892 2948 2962 ingenti
2973 2893 3024 2946 in
3067 2894 3333 2948 malorum
3354 2894 3453 2950 ba-

1895 2979 2100 3047 rathro)
2125 2982 2334 3035 caeteris
2364 2991 2538 3034 tamen
2570 2982 2849 3035 meliorum
2886 2999 3067 3039 rerum
3122 2986 3299 3037 studio
3324 3000 3462 3054 prae-

1893 3071 2128 3125 stabant.
2149 3071 2329 3140 Neque
2360 3085 2487 3125 vero
2519 3072 2644 3125 illud
2680 3072 2957 3141 praterire
2998 3073 3080 3127 l'as
3130 3084 3226 3127 est.
3266 3073 3458 3127 Decem

208 3167 501 3235 παρθένων
528 3168 560 3235 ἡ
592 3167 754 3229 δεκὰς
789 3166 1178 3236 διελάμϐανεν
1221 3166 1335 3219 ἀλλ’
1368 3168 1424 3219 αἱ
1462 3168 1563 3237 μὲν
1598 3168 1784 3236 φρόνι-

1893 3172 2008 3217 erat
2068 3163 2353 3217 admodum
2396 3164 2660 3233 virginum
2702 3166 3026 3220 etetuszsed
3062 3166 3273 3220 nonnisi
3303 3166 3459 3234 quin-

209 3273 303 3324 μοι
356 3257 450 3309 τοῦ
484 3259 771 3326 ννμφῶνος
816 3258 1202 3321 ἀπολαύουσιν,
1238 3258 1297 3311 αί
1356 3257 1413 3310 δὲ
1450 3258 1633 3329 μωραὶ
1680 3259 1787 3311 άπ-

204 3345 545 3400 ελαύνονται.
592 3348 701 3399 Καὶ
732 3351 760 3400 ὁ
803 3348 860 3400 τὸ
888 3348 1090 3418 ἔνδυμα
1125 3349 1221 3402 τοῦ
1249 3348 1429 3418 γάμου
1471 3351 1549 3420 μὴ
1578 3350 1784 3419 φορῶν,

206 3436 320 3487 τῶν
348 3435 522 3489 ἄλλων
555 3438 823 3506 μενόντων
852 3441 911 3492 ὲν
941 3442 1007 3509 τῇ
1045 3440 1151 3510 ἰδίᾳ
1188 3442 1361 3506 τάξει,
1392 3440 1554 3504 αὐτὸς
1586 3440 1784 3494 ὲκϐἀλ-

202 3524 363 3576 λεται
396 3528 576 3595 μόνος.
605 3528 762 3592 Τίνες
805 3530 862 3581 δὲ
902 3531 995 3583 καὶ
1024 3531 1116 3582 ὑπ’
1144 3532 1393 3599 ἀγγέλων
1420 3533 1479 3583 ἐν
1506 3536 1573 3603 τῇ
1601 3532 1786 3585 τελευ-

204 3616 339 3685 ταίᾳ
368 3620 470 3685 τῆς
512 3620 748 3687 κρίσεως
780 3621 963 3690 ἡμέρᾳ
990 3625 1071 3684 είς
1101 3623 1404 3691 ἀπάντησιν
1438 3623 1533 3676 τοῦ
1579 3624 1781 3695 Κυρίου

208 3706 772 3776 παραλαμϐάνονταις
817 3711 850 3781 ἢ
890 3711 1045 3780 δῆλον
1081 3713 1155 3777 ὡς
1200 3716 1250 3767 oi
1278 3715 1495 3779 δίκαιοι,
1536 3715 1648 3767 ἀλλ’
1684 3718 1782 3786 οὐχ

203 3801 256 3852 οἱ
274 3797 323 3829 ⁸⁸
360 3800 703 3869 ἀμαρτωλοί;
729 3803 780 3855 τί
804 3802 896 3857 οῦν
924 3806 1037 3857 ἐστι
1068 3806 1129 3859 τὸ
1159 3810 1281 3860 Οὐκ
1311 3802 1502 3877 ἦλθον
1523 3807 1779 3861 καλέσαι

202 3887 501 3953 δικαίους.
542 3891 679 3944 ἀλλ’
717 3892 1138 3960 ἁμαρτωλούς;
1165 3896 1439 3949 τουτέστιν
1479 3896 1624 3949 ἅπαν
1646 3896 1690 3929 ⁸⁸
1720 3896 1782 3949 τὸ

201 3978 553 4046 ἀνθρώπινον
578 3982 755 4048 γένος,
777 3987 877 4053 τῆς
906 3986 1168 4055 ἀκριϐοῦς
1197 3988 1287 4039 καὶ
1316 3987 1525 4049 τελείας
1550 3988 1782 4058 διαμαρ-

200 4070 399 4133 τόντας
432 4072 775 4143 δικαιοσύνης
802 4114 818 4138 ,
843 4072 1005 4146 ἦλθον
1032 4078 1261 4131 καλέσαι
1289 4080 1383 4130 καὶ
1414 4080 1779 4145 ἐπαναγαγεῖν

198 4161 346 4226 πρὸς
400 4163 614 4235 ἐκείνην
667 4165 767 4234 τὴν
812 4166 963 4236 λῆξιν
989 4163 1057 4240 ἧς
1091 4169 1523 4239 κατωλίσθησαν.
1576 4171 1638 4222 El
1669 4170 1778 4239 γὰρ

1894 3266 1998 3319 que
2022 3255 2308 3320 prudentes
2335 3254 2573 3321 sponsali
2627 3254 2862 3309 thalamo
2919 3256 3188 3322 fruuntur,
3222 3257 3457 3326 quinque

1891 3344 2052 3398 fatua:
2087 3346 2412 3413 repelluntur
2444 3346 2495 3397 ν.
2546 3344 2637 3399 Sic
2663 3345 2753 3400 ille
2784 3346 2874 3415 qui
2924 3347 3217 3414 nuptialem
3248 3360 3453 3403 vestem

1892 3450 2001 3488 non
2031 3435 2308 3500 attulerat,
2341 3436 2551 3491 czeteris
2575 3452 2730 3490 suum
2758 3439 2984 3506 quisque
3032 3437 3208 3491 locum
3264 3446 3451 3491 tenen-

1892 3527 2056 3590 tibus,
2092 3526 2238 3581 solus
2266 3528 2477 3596 eiicitur
2506 3541 2552 3583 κ.
2587 3528 2819 3594 Quinam
2874 3543 3005 3582 vero
3062 3529 3129 3583 ab
3167 3529 3354 3598 angelo
3396 3530 3450 3583 in

1889 3627 2133 3671 extremo
2150 3618 2335 3683 judicii
2360 3618 2443 3671 die
2462 3633 2748 3673 occursum
2780 3620 2987 3673 Domini
3011 3630 3361 3675 assumuntur
3382 3620 3453 3673 72

1888 3704 2221 3774 Nonnejusti
2244 3718 2295 3762 et
2364 3723 2468 3762 non
2545 3708 2893 3778 peccatores?
2926 3708 3066 3776 Quid
3132 3712 3293 3780 igitur
3346 3710 3448 3764 sibi

1888 3798 2002 3852 vult
2030 3799 2190 3853 illud:
2222 3798 2343 3853 Non
2369 3802 2480 3854 veni
2526 3819 2706 3856 vocare
2725 3805 2921 3872 justas,
2949 3806 3041 3858 sed
3069 3819 3359 3873 peccatores
3384 3805 3449 3858 τί

1888 3886 2001 3941 Hoc
2033 3899 2148 3954 est,
2174 3891 2314 3959 quod
2340 3892 2407 3945 ab
2438 3893 2643 3962 integra
2664 3904 2822 3962 atque
2844 3894 3078 3963 perfecta
3118 3896 3319 3965 iustitia
3350 3911 3447 3949 ex-

1888 3984 2096 4037 ciderat
2132 3984 2421 4038 humanum
2449 4002 2637 4056 genus,
2674 3999 2920 4043 vocatum
2973 3991 3117 4055 veni,
3155 4003 3207 4043 et
3245 3991 3295 4043 in
3328 4006 3446 4044 eant

1886 4085 2104 4135 sortem,
2135 4079 2443 4142 educturus,
2504 4096 2664 4149 quam
2716 4082 2989 4135 amiserat.
3024 4082 3136 4137 Etsi
3156 4083 3292 4135 enim
3329 4083 3447 4136 vite

1885 4182 2082 4235 genere
2132 4170 2286 4224 valde
2341 4170 2481 4224 inter
2534 4187 2593 4226 se
2653 4173 2898 4229 homines
2942 4175 3014 4228 illi
3055 4174 3321 4239 diﬂ‘erant,
3355 4176 3445 4244 qui

197 4253 301 4303 καὶ
344 4252 614 4323 διαφορὰν
646 4258 781 4327 πρὸς
814 4258 1072 4329 ἀλλήλους
1118 4261 1259 4313 κατά
1286 4260 1385 4330 τὴν
1412 4260 1684 4313 πολιτείαν
1718 4262 1777 4313 τὸ

197 4344 361 4409 γένος
393 4344 547 4412 ἡμῶν
582 4345 816 4414 ἔχουσιν,
838 4348 885 4401 οί
922 4348 1021 4417 μὲν
1050 4350 1397 4420 ἐκτοπώτερα
1425 4351 1769 4420 βεϐιωκότες,

198 4433 247 4483 οί
298 4432 356 4483 δὲ
404 4434 768 4502 ἀνεκτότερα,
816 4437 965 4505 ὅμως
1016 4437 1194 4501 οὐδεὶς
1260 4441 1426 4509 χωρὶς
1480 4441 1771 4509 ἁμαρτίας.

1893 4443 2001 4505 ipsa
2071 4446 2347 4499 sententia:
2384 4448 2715 4510 enuntiatio,
2774 4450 2889 4503 sine
2929 4451 3159 4505 articqu
3228 4452 3448 4505 relativo

198 4521 430 4591 Συνᾴδει
461 4524 518 4577 δὲ
560 4527 627 4594 τῇ
672 4526 881 4598 διανοίᾳ
923 4527 1095 4601 ταύτῃ
1121 4530 1211 4583 καὶ
1242 4531 1380 4599 αὐτὴ
1410 4532 1442 4601 ή
1478 4532 1571 4584 τοῦ
1614 4530 1777 4602 ῥητοῦ

1893 4533 2111 4599 prolata.
2135 4533 2269 4587 Nam
2295 4537 2337 4589 si
2358 4537 2580 4592 dixisset
2609 4556 2622 4593 :
2647 4536 2771 4592 Non
2792 4540 2903 4592 veni
2926 4556 3108 4594 vocare
3127 4542 3321 4609 justas,
3353 4542 3444 4593 sed

196 4616 485 4685 πῳφορά,
536 4616 662 4671 ἄνευ
721 4620 814 4671 τοῦ
858 4621 1191 4691 άναφορικοῦ
1249 4622 1453 4693 ἄρθρου
1508 4640 1777 4693 προφερο-

1893 4628 2022 4693 ipsos
2075 4643 2388 4696 peccatores,
2440 4632 2663 4685 lorsitan
2720 4634 2804 4686 illa
2835 4635 3017 4703 opinio
3046 4634 3218 4689 locum
3253 4634 3450 4687 habere

205 4705 370 4774 μένη.
400 4705 462 4758 El
491 4707 597 4777 γάρ
630 4708 816 4777 ἔλεγεν
842 4727 857 4741 ο
884 4714 1005 4765 Οὐκ
1023 4708 1215 4781 ἦλθον
1237 4714 1489 4766 καλέσαι
1512 4713 1655 4778 τοὺς
1690 4714 1778 4767 δι-

1893 4727 2123 4786 poterat,
2153 4736 2269 4787 quae
2300 4733 2613 4790 peceatores
2638 4736 2887 4777 vocatum
2919 4726 3157 4789 venisse,
3206 4740 3307 4778 non
3352 4740 3446 4777 au-

200 4796 415 4860 καίους
444 4836 461 4861 ,
494 4798 656 4852 ἀλλὰ
682 4800 820 4866 τοὺς
854 4802 1241 4869 ἁμαρτωλοὺς
1261 4842 1275 4864 ,
1311 4803 1451 4871 τάχα
1481 4804 1547 4854 ἂν
1570 4804 1715 4873 εἶχεν
1748 4806 1782 4873 ὴ

1893 4808 2203 4877 temjustos,
2232 4813 2506 4876 opinatur.
2530 4814 2601 4865 At
2623 4829 2740 4866 cum
2775 4830 2873 4868 vox
2900 4817 3013 4869 haec
3042 4816 3285 4870 absolute
3332 4817 3448 4868 sine

196 4886 427 4939 ὑπόνοια
493 4888 677 4959 χώραν
723 4893 757 4962 η
801 4894 922 4954 τοὺς
972 4893 1331 4963 ἁμαρτωλοὺς
1389 4895 1491 4963 μὲν
1557 4895 1787 4948 καλέσαι

1893 4897 2150 4951 relatione
2192 4902 2395 4969 prolata
2420 4904 2512 4968 sit,
2538 4905 2757 4957 omnino
2792 4907 3145 4972 periculosam
3197 4922 3259 4960 ac
3288 4906 3444 4959 falla-

192 4978 497 5045 νομίζουσα
518 5021 533 5043 ,
561 4981 743 5035 οὐκέτι
778 4983 834 5035 δὲ
871 4984 997 5045 τοὺς
1022 4983 1299 5047 δικαίους’
1334 4984 1395 5036 τὸ
1418 4985 1475 5037 δὲ
1512 4986 1785 5039 ἀπόλυτον

1893 5003 2007 5040 cem
2034 4990 2171 5043 hanc
2196 5008 2316 5045 esse
2344 4993 2648 5061 opinionem
2700 4998 3051 5051 demonstrat.
3102 4998 3215 5053 Hoc
3270 5009 3448 5052 autem

194 5068 296 5134 τῆς
328 5071 517 5138 φωνῆς
534 5072 579 5102 ⁹⁶
622 5073 714 5125 καὶ
752 5074 924 5143 χωρὶς
953 5076 1229 5144 ἀναφορᾶς
1264 5075 1547 5145 προελθεῖν
1584 5093 1782 5129 παντεο

1893 5090 1942 5130 et
1963 5081 2176 5134 divinus
2206 5082 2291 5136 ille
2317 5082 2511 5137 Paulus
2550 5087 2853 5151 conﬁrmat,
2899 5104 3018 5140 cum
3055 5090 3164 5141 ait:
3214 5089 3463 5143 Christus

188 5154 299 5220 λῶς
323 5160 617 5229 ἀποφαίνει
648 5163 745 5232 τὴν
778 5164 1034 5217 ὑπόνοιαν
1063 5165 1359 5236 σφαλερὰν.
1388 5165 1560 5220 Τοῦτο
1584 5167 1642 5220 δὲ
1673 5168 1769 5219 καὶ

1893 5171 2019 5222 venit
2052 5172 2103 5223 in
2133 5172 2269 5225 hunc
2290 5175 2539 5227 mundum
2563 5188 2859 5244 peccatores
2888 5179 3057 5231 salvos
3083 5179 3256 5247 facere
3282 5198 3295 5232 :
3319 5197 3419 5249 quo
3440 5210 3465 5219 -

1886 4259 2223 4314 indecentius
2277 4262 2529 4327 vixerint,
2608 4266 2805 4335 quique
2862 4267 3246 4332 continentius,
3293 4283 3448 4321 nemo

1886 4359 2061 4404 tamen
2092 4360 2166 4407 .‘st
2192 4354 2307 4407 sine
2334 4365 2574 4421 peccato.
2608 4356 2881 4411 Consonat
2910 4358 3037 4413 huic
3070 4361 3256 4424 menti,
3284 4361 3446 4413 etiam

260 5298 355 5350 ιον
379 5296 725 5383 [meai-1,25,
764 5299 852 5355 '56.
876 5300 1088 5383 q-JOML
1124 5303 1322 5383 lltl,_8_.
1385 5312 1423 5383 _'
1441 5303 1595 5358 Joan.
1628 5305 1736 5383 ιμί
1765 5320 1788 5359 s

1893 5326 1918 5372 ι.
1982 5308 2175 5383 _'_Luc.
2207 5324 2260 5371 ι,
2454 5314 2470 5346 ί
2497 5315 2729 5383 Aet.x.l
2759 5333 2908 5382 seqq.
2984 5325 3010 5351 υ
3045 5315 3173 5370 Luc.
3209 5320 3465 5383 util,29

186 5377 242 5423 et
276 5383 397 5438 seq.
474 5378 502 5406 '
525 5369 717 5425 Matth.
743 5386 866 5435 xxv,
895 5372 919 5426 l
953 5387 1109 5442 seqq.
1208 5387 1231 5413 ι
1254 5374 1440 5427 Matth.
1468 5390 1601 5439 xxii,
1644 5376 1667 5428 1
1697 5369 1857 5445 seqq:
1882 5369 1894 5375 ’
1937 5376 2200 5432 YlThess.
2228 5369 2299 5443 tv,
2324 5382 2407 5434 16.
2489 5391 2510 5416 ι
2531 5369 2717 5439 Matth.
2744 5404 2816 5452 ix,
2838 5369 2925 5440 λδ.

1509 5512 1740 5570 νΑιιιλΕ
1778 5513 2181 5573 LECTIONES.

252 5604 304 5635 "
330 5603 732 5688 προϐάλλεσθαι
757 5623 858 5688 ς’...
901 5606 945 5638 "
976 5602 1116 5688 οἶδα]
1143 5606 1297 5662 Joan.
1328 5624 1447 5688 xm,
1480 5609 1555 5688 8_._
1816 5625 1927 5688 om.
2137 5614 2210 5688 __"
2231 5616 2320 5668 τὸν
2356 5619 2418 5669 ὲκ
2446 5618 2712 5688 Βηθανίας
2736 5636 2845 5673 om.
2876 5620 2916 5673 C
2947 5630 3000 5675 et
3032 5638 3112 5688 pr.
3144 5627 3206 5677 Α.
3284 5629 3327 5657 ⁶¹
3347 5628 3454 5681 Λά-

179 5674 352 5762 Ξαρον
374 5690 484 5762 qm.
508 5691 594 5762 Br:
742 5675 992 5762 Λάςαρον
1026 5674 1316 5762 7172:9335.
1344 5681 1406 5731 A.
1475 5679 1555 5762 _"
1590 5679 1706 5732 ἀλλ’
1729 5679 1808 5762 ἐς.
1831 5674 2215 5762 εδσεϐἒο-Ξκίας
2247 5702 2352 5762 om.
2568 5690 2611 5719 ³⁸
2634 5674 2724 5741 τὸν
2749 5674 2992 5762 onuAn
3028 5674 3451 5762 hirsutam-1?.

178 5744 227 5830 Ζ
254 5742 485 5824 δικαίως
508 5744 763 5830 ξσξισνιιιξ
793 5742 1167 5830 εδιξὶαίουςις.⁷
1228 5747 1273 5779 ⁸⁷
1303 5751 1588 5818 προσεῖχον
1618 5767 1678 5813 ς.
1764 5749 1810 5782 ⁸⁸
1838 5752 1936 5822 οὐχ
1953 5750 2025 5822 οἱ]
2069 5742 2359 5824 Ιίυτὶνούχί.
2436 5758 2480 5789 ⁸³
2503 5757 2645 5811 am
2666 5770 2719 5815 et
2751 5761 2909 5829 paulo
2935 5742 3060 5830 post

179 5816 227 5844 ὀ
268 5813 366 5883 τῆς
391 5812 596 5883 φωνῆςι
627 5817 826 5869 reetius
850 5816 948 5883 τὴν
973 5821 1175 5887 φωνήν.

403 5898 669 5962 ΡΑΤιιοι..
717 5904 834 5970 Gn.
879 5907 1035 5966 Clll.
