4208 6448
243 390 355 455 sta
1290 382 1813 445 BIBLIOTIIECA.
1851 403 1902 419 -
1949 382 2115 445 con.
2155 387 2435 449 CCXXII.
3368 388 3475 452 su

240 509 380 577 πρὸς
414 505 575 575 βάθος
600 503 920 572 καταδύντες
942 505 962 537 ³
985 503 1279 569 ἀπωλείας,
1309 505 1367 568 ἐξ
1398 496 1474 557 ὧν
1498 504 1646 556 ἄλλοι
1665 501 1808 571 μέγα
1835 504 1883 561 Δ

1835 504 1883 561 Δ
1910 503 2151 570 quidem,
2187 506 2313 575 quia
2366 507 2593 562 salutem
2626 521 2722 577 per
2748 508 2861 562 lucc
2904 514 3339 577 consequuntur;
3374 508 3475 565 hoc

242 599 438 669 κέρδος
464 598 829 665 συλλέγουσιν,
876 598 1030 649 αὐτοὶ
1073 595 1504 665 κακουργοῦντες
1536 595 1672 661 πρὸς
1732 593 1806 646 τὰ

1910 607 2065 657 vero,
2093 595 2222 661 quia
2276 596 2328 649 in
2391 596 2713 664 profundum
2762 596 3010 650 interitus
3041 597 3296 661 demersi,
3333 600 3476 653 unde

240 691 416 759 χείρω
442 689 861 757 κατασύρονται.
903 687 1063 741 Ἀλλά
1083 686 1258 739 ταῦτα
1300 686 1399 755 μὲν
1442 686 1537 738 καὶ
1579 689 1637 737 ὲν
1669 684 1807 754 τῷδε

1914 683 2006 737 alii
2058 699 2312 753 magnum
2362 686 2568 740 lucrum
2617 687 2914 756 colligunt,
2966 688 3066 756 ipsi
3120 687 3349 742 maleﬁci
3410 690 3475 743 ad

240 781 322 849 τῷ
353 780 656 847 κεφαλαίῳ.

327 872 417 922 Ἐν
448 872 504 923 δὲ
532 872 643 931 τοῖς
681 869 809 937 ἑξῆς
861 866 1055 938 ἐρεύνῃ
1085 866 1433 935 φιλοθεάμονι
1487 866 1808 937 ἐμϐατεύων

241 960 554 1024 αἰτιολογεῖ,
580 961 681 1011 Διά
724 959 782 1011 τι
832 957 916 1026 μὴ
945 958 1096 1024 ὑπὲρ
1148 956 1420 1025 ἀγγέλων
1472 958 1808 1021 πεσόντων,

242 1048 449 1114 ὥσπερ
485 1048 638 1113 ὑπὲρ
664 1046 988 1111 ἀνθρώπων
1026 1044 1272 1113 γέγονεν
1296 1045 1627 1111 ἄνθρωπος,
1658 1044 1811 1096 οὕτω

243 1140 347 1192 καὶ
370 1138 647 1206 ἄγγελος.
691 1138 800 1188 Καὶ
829 1134 1051 1204 πρώτην
1082 1135 1179 1204 μὲν
1226 1134 1549 1187 ἀποδίδωσιν
1608 1134 1809 1195 αἰτίαν,

242 1232 443 1298 ὅτιπερ
504 1228 691 1296 ἐπειδὴ
724 1229 787 1278 ὲκ
816 1228 995 1293 πάσης
1029 1226 1127 1295 τῆς
1154 1225 1377 1293 λογικῆς
1408 1224 1619 1291 φύσεως
1654 1226 1811 1293 μόνος

244 1326 273 1372 ὸ
312 1321 599 1386 ἄνθρωπος
630 1320 795 1388 σαρκὶ
819 1319 913 1369 καὶ
943 1317 1041 1387 ὕλῃ
1066 1317 1339 1385 συνεδέθη,
1374 1315 1566 1385 ἑτοίμη
1589 1316 1647 1369 δὲ
1676 1316 1813 1385 πρὸς

244 1412 463 1463 δλισθον
496 1413 529 1478 ἡ
560 1410 679 1478 ὕλη,
706 1410 785 1461 ἔτι
814 1410 871 1460 δὲ
890 1408 909 1438 ⁸
934 1409 1055 1460 δυσὶ
1093 1408 1287 1475 φύσεσι
1322 1408 1660 1475 μαχομέναις
1687 1424 1813 1458 συν-

244 1502 424 1563 τεθεὶς
452 1503 479 1552 6
506 1501 814 1570 ἄνθρωπος.
843 1499 1108 1568 ἑκατέρας
1140 1497 1276 1567 πρὸς
1311 1497 1371 1548 τὸ
1411 1500 1610 1549 οἰκεῖον
1658 1498 1809 1548 ἐπει-

246 1595 489 1661 γομένης
516 1592 847 1644 διασπᾶσθαι
908 1588 1053 1657 φιλεί
1082 1589 1142 1640 τὸ
1206 1587 1345 1659 ζῶον
1379 1589 1473 1640 καὶ
1504 1586 1811 1657 διαμερίζεο

250 1684 375 1735 σθαι
403 1683 499 1749 (Τὸ
536 1682 686 1749 γὰρ’
728 1682 1003 1747 φρόνημα
1057 1677 1164 1743 τῆς
1197 1678 1445 1743 σαρκὸς,
1505 1677 1581 1739 ὡς
1644 1677 1739 1727 καὶ
1785 1676 1814 1727 6

247 1768 538 1828 θεσπέσιος
604 1766 811 1827 Παῦλος
870 1764 1324 1833 ὲπιμαρτύρεται,
1376 1762 1455 1827 τῷ
1503 1766 1662 1832 νόμῳ
1707 1763 1812 1815 τοῦ

1913 775 2181 829 deteriora
2215 777 2573 843 abripiuntur.
2610 777 2788 846 Atque
2812 777 2908 829 ista
2932 778 3031 832 hoc
3061 777 3236 845 capite
3265 776 3476 833 Jobius.

1985 865 2349 935 Sequentibus
2376 883 2524 933 vero,
2556 869 2647 939 μυ
2671 880 2726 923 et
2757 870 2870 937 tl),
2903 871 3172 925 curiosam
3203 872 3479 941 ingressus

1916 958 2366 1026 speculationem,
2391 975 2585 1015 causas
2619 960 2838 1014 reddit:
2871 959 3049 1024 Quare
3090 977 3192 1015 non
3236 977 3331 1029 pro
3371 978 3477 1015 au-

1916 1050 2047 1118 gelis
2080 1048 2246 1115 lapsis
2280 1052 2345 1103 sit
2384 1051 2556 1118 [actus
2586 1051 2804 1119 angelus
2846 1050 2962 1120 [Dei
3008 1050 3199 1121 Filius]
3230 1053 3479 1119 quemad-

1915 1139 2128 1191 modum
2174 1156 2269 1207 pro
2312 1140 2608 1192 hominibus
2657 1142 2810 1193 homo
2860 1140 3030 1208 [actus
3080 1150 3177 1194 est.
3240 1141 3477 1196 Primam

1917 1244 2047 1299 ergo
2087 1230 2248 1283 istam
2296 1246 2512 1284 causam
2544 1230 2721 1285 allert.
2754 1232 3197 1302 Quandoquidem
3238 1248 3301 1287 ex
3329 1234 3479 1288 omni

1921 1322 2174 1377 rationali
2202 1333 2417 1385 natura,
2442 1322 2590 1377 solus
2618 1324 2778 1376 homo
2802 1337 2969 1377 carne
2998 1332 3054 1376 et
3080 1325 3304 1378 materia
3325 1338 3477 1378 com-

1917 1420 2108 1480 pactus
2139 1421 2223 1465 est
2245 1411 2492 1479 (materia
2526 1424 2655 1463 vero
2684 1411 2748 1463 ad
2777 1424 2962 1465 casum
2996 1410 3186 1480 prona)
3212 1423 3373 1481 atque
3409 1425 3478 1465 ex

1920 1504 2134 1555 duabus
2174 1502 2395 1569 insuper
2431 1501 2789 1570 pugnantibus
2848 1502 3057 1555 naturis
3102 1502 3430 1567 compositus
3457 1538 3478 1567 ,

1920 1593 2045 1646 dum
2094 1603 2328 1660 utraque
2370 1594 2435 1646 ad
2481 1608 2632 1646 suam
2677 1607 2800 1646 eum
2834 1594 3198 1647 conditionem
3227 1593 3476 1661 impellit,

1920 1682 2099 1737 divelli
2119 1683 2283 1737 debet
2300 1684 2520 1749 animal,
2540 1698 2602 1737 ac
2621 1684 2781 1737 dividi
2809 1682 3102 1753 (Sapientia
3126 1686 3259 1738 enim
3283 1686 3478 1749 carnis,

1919 1782 1978 1826 ut
1998 1774 2213 1827 divinus
2230 1776 2305 1826 ait
2321 1773 2537 1838 Paulus,
2557 1774 2654 1841 legi
2676 1774 2770 1826 Dei
2791 1789 2891 1826 non
2915 1784 2991 1827 est
3015 1773 3247 1841 subjecta
3266 1774 3338 1841 Ρ),
3356 1787 3482 1843 pro-

248 1855 402 1909 Θεοῦ
428 1858 538 1923 οὐχ
560 1856 1011 1918 ὑποτάσσεται),
1046 1853 1135 1905 διὰ
1164 1853 1339 1905 ταῦτα
1387 1852 1461 1914 ὡς
1509 1854 1667 1922 μόνος
1706 1851 1815 1905 τῶν
1845 1852 1888 1906 Β

1845 1852 1888 1906 Β
1922 1874 2110 1933 pterea
2144 1864 2293 1919 solus
2323 1865 2482 1918 homo
2506 1863 2645 1917 inter
2676 1865 2882 1917 ratione
2912 1865 3152 1930 praedita,
3180 1863 3480 1918 istiusmodi

246 1946 483 2013 λογικῶν
498 1949 526 1999 6
548 1946 644 1998 ἀνθ
653 1962 830 2014 ρωπος
848 1944 1124 2005 τοιαύταις
1147 1945 1485 2012 σωματικαῖς
1498 1942 1769 2004 συνδεθεὶς
1790 1943 1813 1973 ⁸

246 2039 462 2101 πέδαις,
493 2032 611 2088 εἶτα
638 2036 731 2087 καὶ
760 2034 855 2103 τὴν
880 2035 1167 2102 μετάνοιαν
1199 2032 1412 2085 οἴκοθεν
1450 2032 1543 2084 τοῦ
1588 2032 1812 2103 ὀλισθὴ-

249 2147 423 2199 ματος
453 2128 907 2198 προϐαλλόμενος,
939 2125 1164 2187 εἰκότως
1196 2125 1290 2178 καὶ
1327 2124 1585 2193 προνοίας
1626 2124 1707 2186 εἰς
1753 2123 1815 2175 τὸ

246 2220 550 2288 ἀναστῆναι
581 2218 822 2280 πλείονός
856 2234 915 2269 τε
943 2220 1038 2269 καὶ
1079 2215 1324 2286 μείζονος
1350 2214 1544 2276 δεῖται,
1591 2216 1687 2267 καὶ
1716 2214 1817 2284 τῆς

248 2313 405 2373 θείας
427 2294 811 2379 δαψιλέστερον
834 2309 1091 2362 ἀπολαύει
1134 2308 1407 2378 βοηθείας,
1463 2308 1572 2359 Καὶ
1620 2306 1649 2359 ὃ
1694 2306 1815 2359 κατ’

248 2406 430 2474 ἀρχὰς
460 2403 678 2454 ἔλαττον
701 2401 807 2453 τῶν
826 2401 995 2454 ἄλλων
1018 2399 1251 2466 λογικῶν
1274 2400 1569 2466 ἀπέφαινεν
1596 2397 1615 2427 ⁷
1645 2398 1813 2467 ἡμᾶς,

246 2497 409 2548 τοῦτο
436 2494 677 2562 μεγάλης
726 2496 855 2561 ἡμῖν
889 2492 1160 2561 σωτηρίας
1219 2490 1471 2560 ἀφορμὴν
1516 2490 1545 2540 6
1608 2490 1817 2551 δίκαιος

248 2587 494 2650 ἀνέδειξε
525 2586 752 2655 Κριτὴς,
782 2582 1021 2655 [335".1
1054 2584 1111 2645 ὃς
1139 2584 1234 2635 καὶ
1267 2583 1521 2650 συνέδησε
1546 2582 1567 2612 ⁸
1610 2582 1709 2649 μὲν
1736 2581 1816 2647 τῷ

252 2679 470 2746 σαρκίῳ
500 2678 742 2739 κολάζων
766 2679 864 2743 τὴν
914 2674 1168 2742 ἔπαρσιν,
1225 2674 1294 2726 δι’
1325 2668 1395 2743 ἦς
1428 2672 1524 2725 καὶ
1569 2671 1817 2739 ἀγγέλων

249 2769 385 2836 τέλη
409 2768 900 2837 ἐκτραχηλισθέντα
918 2767 937 2797 ⁸
968 2766 1183 2817 ἀνίατον
1200 2764 1325 2833 ἔσχε
1354 2763 1417 2816 τδ
1442 2766 1813 2832 παράπτωμα,

252 2857 378 2913 εἶτα
399 2860 454 2911 δὲ
496 2860 587 2911 καὶ
615 2858 866 2927 ἀφορμὴν
902 2861 1003 2927 τῆς
1049 2856 1190 2926 ὑπὲρ
1220 2854 1344 2908 νοῦν
1373 2855 1688 2923 εὐεργεσίας
1726 2852 1817 2906 τὸν

253 2948 585 3017 νομισθέντα
611 2947 810 3013 δεσμὸν
843 2948 940 3014 τῆς
963 2947 1091 3014 ὕλης
1121 2944 1369 2997 ὑπέθετο.
1405 2944 1469 2994 Τί
1499 2943 1604 3011 γὰρ
1637 2945 1704 2995 ἂν
1730 2941 1815 3009 εἴη

260 3041 452 3109 μεῖζον
488 3039 581 3091 καὶ
610 3038 939 3107 ὑψηλότερον
974 3040 1054 3098 εἰς
1078 3035 1418 3107 εὐεργεσίαν,
1455 3035 1582 3105 [648
1614 3034 1708 3106 IL]
1760 3039 1817 3087 ἐν

255 3134 411 3201 δεξιᾷ
432 3131 526 3182 τού
563 3132 772 3199 Πατρλις
805 3131 934 3199 ὁρᾷν
968 3129 1026 3181 τὸ
1057 3128 1320 3197 ἡμέτερον
1382 3127 1664 3195 ἱδρυμένον
1705 3125 1811 3195 φύ-

262 3237 418 3289 ραμα
446 3219 539 3269 καὶ
564 3219 662 3288 τήν
694 3234 824 3270 ποτε
856 3216 1122 3284 στασιώδη
1154 3214 1317 3283 φύσιν
1350 3215 1588 3282 ὑπήκοόν
1628 3232 1688 3266 τε
1728 3215 1821 3266 καὶ

258 3310 550 3379 εἱρηναίαν
582 3309 672 3359 καὶ
695 3308 772 3376 τῷ
804 3308 977 3374 Πατρὶ
998 3305 1107 3356 τῶν
1133 3307 1270 3358 ὅλων
1329 3303 1760 3373 διηλλαγμένην;
1794 3304 1823 3355 δ

257 3402 351 3454 διὰ
384 3402 482 3469 τῆς
510 3399 760 3468 ἀπαρχῆς
791 3400 818 3450 ὁ
843 3398 1044 3466 ταύτην
1068 3395 1391 3467 προσλαϐὼν
1425 3396 1594 3464 Λόγος
1627 3399 1823 3464 ἀπειρ-

260 3493 492 3559 γάσατο.
522 3489 736 3557 Ταύτην
765 3505 853 3557 μοι
886 3487 1031 3539 δοκεῖ
1059 3486 1157 3556 τὴν
1178 3488 1397 3555 εἰρήνην
1418 3485 1495 3555 τῷ
1518 3486 1705 3554 κόσμῳ
1731 3486 1826 3538 καὶ

258 3580 351 3634 διὰ
376 3581 485 3632 τῶν
547 3579 823 3649 μαθητῶν,
862 3578 938 3641 ὡς
970 3580 1027 3631 ὲν
1074 3577 1392 3648 ἀρῤαδῶνος
1437 3576 1599 3645 λόγῳ,
1658 3593 1824 3629 κατα-

255 3670 546 3740 λιμπάνων
563 3670 761 3737 λέγειν’
787 3668 1046 3737 Εἰρήνην
1073 3669 1117 3700 ¹⁶
1139 3667 1411 3736 τὴνέμὴν
1430 3667 1631 3735 δίδωμι
1661 3668 1822 3735 ὑμῖν,

259 3763 363 3817 καὶ
393 3762 605 3830 ἀφίημι
627 3760 787 3828 ὑμῖν.
812 3761 939 3825 Καὶ,
964 3762 1044 3812 Οὺ
1068 3760 1258 3824 καθὼς
1284 3762 1316 3810 d
1336 3760 1559 3827 κόσμος
1581 3759 1826 3811 δίδωσιν

260 3852 533 3920 εἰρήνην.
562 3847 656 3913 Οἷς
703 3851 945 3921 συνᾴδων
996 3852 1091 3902 καὶ
1122 3851 1149 3901 6
1187 3851 1405 3919 γνήσιος
1456 3851 1727 3920 μαθητὴς,
1766 3850 1828 3903 Ἠ

260 3942 475 4008 εἰρήνη
507 3943 569 4003 ¹¹,
600 3941 757 4009 φησὶ,
786 3940 892 3993 τοῦ
914 3941 1085 4004 Θεοῦ,
1116 3940 1154 4005 ἡ
1200 3940 1577 4008 ὑπερέχουσα
1629 3942 1826 3994 πάντα

259 4033 438 4095 γοῦν,
501 4031 821 4099 φρουρήσει
864 4033 969 4096 τὰς
994 4031 1239 4099 καρδίας
1294 4032 1460 4099 ὑμῶν
1496 4047 1509 4059 ·
1560 4031 1676 4096 καὶ,
1735 4036 1825 4084 Δι-

262 4124 615 4187 καιωθέιτες
649 4125 690 4153 ¹¹
743 4123 810 4174 ἐκ
855 4122 1110 4187 πίστεως
1178 4122 1427 4189 εἰρήνην
1477 4124 1694 4193 ἔχομεν
1754 4123 1825 4176 τὰ

263 4213 419 4279 πρὸς
470 4213 573 4263 τὸν
614 4213 763 4264 Θεὸν
827 4212 925 4264 διὰ
963 4214 1067 4265 τοῦ
1119 4214 1336 4279 Κυρίου
1396 4212 1563 4282 ἡμῶν
1621 4216 1825 4280 Ἰησοῦ

259 4300 549 4369 Χριστοῦ,
590 4300 663 4353 δι’
687 4297 757 4354 οὗ
782 4302 879 4353 καὶ
902 4302 1017 4368 τὴν
1040 4303 1435 4373 προσαγωγὴν
1457 4306 1822 4375 ἐσχήκαμεν.

266 4394 343 4444 Οὐ
371 4392 480 4459 γάρ
508 4393 572 4461 δὴ
595 4392 694 4463 τὴν
718 4396 784 4445 ὲκ
811 4394 917 4445 τῶν
954 4394 1204 4463 πολέμων
1235 4397 1456 4465 εἰρήνην
1500 4397 1651 4467 ῆτὴν
1690 4400 1824 4465 πρὸς

1915 1955 2288 2025 corporalibus
2320 1955 2551 2009 vinculis
2585 1956 2833 2019 innexus,
2860 1955 3160 2024 deindeque
3178 1954 3364 2023 lapsus
3390 1954 3474 2009 sui

1916 2046 2346 2113 resipiscentiam
2394 2059 2423 2098 a
2463 2046 2642 2113 seipso
2679 2042 2935 2110 oﬂ‘erens,
2968 2048 3161 2099 merito
3202 2055 3255 2097 et
3288 2043 3480 2112 provi-

1916 2137 2099 2192 dentia
2140 2136 2208 2189 ad
2237 2134 2566 2203 surgendum
2608 2134 2871 2203 ampliore
2910 2146 3073 2203 atque
3103 2133 3305 2201 majore
3334 2135 3484 2189 indi-

1919 2236 2030 2297 get,
2075 2236 2131 2280 et
2155 2227 2337 2280 divino
2359 2226 2629 2294 copiosius
2656 2224 2851 2278 fruitur
2888 2225 3110 2277 auxilio.
3139 2224 3213 2277 Ita
3236 2225 3381 2291 quod
3409 2224 3481 2280 ab

1917 2314 2074 2370 initio
2116 2312 2253 2367 infra
2290 2313 2525 2381 reliquas
2551 2312 2759 2364 ratione
2795 2312 3043 2380 praeditus
3075 2320 3356 2366 creaturas
3376 2324 3480 2365 nos

1916 2420 2037 2460 esse
2066 2405 2322 2467 ostendit,
2357 2406 2458 2458 hoc
2505 2418 2711 2472 magna:
2752 2404 2906 2456 llOiliS
2936 2403 3129 2456 salutis
3149 2418 3366 2457 causam
3394 2414 3480 2456 at-

1918 2495 2106 2550 tulisse
2148 2495 2328 2563 justus
2357 2494 2531 2548 Judex
2575 2493 2892 2557 declaravit,
2937 2494 3027 2562 qui
3074 2508 3172 2549 nos
3213 2494 3484 2565 colligavit

1916 2586 2131 2654 quidem
2158 2586 2307 2640 carui
2336 2587 2401 2639 ad
2431 2584 2785 2639 coercendam
2836 2584 3167 2652 superbiam,
3194 2600 3289 2655 per
3318 2600 3480 2654 quam

1916 2677 2017 2746 ipsi
2071 2678 2382 2746 angelorum
2422 2677 2640 2730 ordines
2675 2675 3011 2745 irreparabili
3056 2676 3209 2745 lapsu
3237 2676 3291 2731 in
3324 2693 3482 2745 prte-

1916 2783 2045 2838 ceps
2075 2769 2179 2821 acti
2208 2778 2375 2832 sunt;
2421 2771 2513 2822 sed
2552 2776 2816 2821 statutum
2864 2766 2990 2820 illud
3030 2767 3274 2821 materia:
3296 2768 3482 2821 vincu-

1917 2856 2024 2908 lum
2081 2857 2133 2908 in
2184 2856 2405 2910 inﬁnita:
2452 2865 2637 2925 postea
2727 2855 3093 2910 beneﬁcentiae
3138 2857 3479 2912 occasionem

1916 2947 2097 3000 vertit.
2116 2946 2373 3012 Qua-nam
2398 2948 2537 3000 enim
2565 2954 2656 2999 aut
2686 2947 2877 3014 major,
2901 2950 3358 3015 autpraastantior
3378 2952 3477 3004 be-

1918 3037 2203 3090 neﬁcentia
2245 3050 2367 3090 esse
2402 3037 2589 3104 possit,
2617 3052 2789 3103 quanr
2815 3035 2879 3087 ad
2917 3038 3193 3089 dexteram
3239 3035 3332 3090 Dei
3372 3035 3480 3089 Pa-

1923 3129 2019 3181 tris
2055 3128 2237 3181 videre
2278 3128 2555 3181 sedentem
2604 3138 2839 3180 nostram
2882 3127 3281 3181 conditionem:
3310 3136 3362 3182 et
3391 3143 3478 3182 re-

1924 3219 2211 3273 bellantem
2272 3220 2540 3287 quondam
2589 3230 2835 3271 naturam
2883 3218 3221 3272 obedientem
3260 3218 3371 3288 jam
3412 3234 3478 3274 ac

1923 3311 2223 3380 paciﬁcum,
2248 3321 2299 3364 et
2323 3311 2693 3363 universorum
2722 3308 2927 3377 parenti
2963 3309 3299 3363 conciliatam
3341 3325 3478 3365 con-

1927 3403 2105 3457 tueri?
2136 3403 2285 3468 Quod
2326 3408 2443 3470 post
2493 3403 2627 3453 hunc.
2671 3410 3021 3468 assumptum,
3064 3415 3158 3468 per
3184 3414 3335 3453 suam
3366 3400 3476 3469 pri-

1928 3492 2195 3545 tuitiarnm
2224 3492 2573 3553 oblationem,
2609 3488 2842 3543 Verbum
2878 3490 3097 3558 perfeci.
3132 3491 3305 3559 Atque
3333 3491 3473 3545 hanc

1927 3582 2056 3634 mihi
2078 3596 2261 3649 pacem
2291 3582 2488 3633 mmqu
2508 3594 2603 3648 per
2642 3577 2909 3646 apostolos
2930 3577 3070 3631 velut
3094 3578 3329 3646 pignoris
3359 3578 3475 3631 loco

1927 3672 2300 3741 relinquendo,
2339 3672 2516 3723 dicere
2558 3670 2807 3721 videtur:
2852 3665 3041 3720 Parem
3091 3684 3256 3720 meam
3277 3670 3343 3721 do
3382 3685 3475 3722 vo-

1926 3766 2004 3817 bis
2028 3775 2077 3819 (ι.
2110 3763 2175 3819 Ει
2204 3780 2216 3815 :
2255 3762 2376 3816 Non
2400 3761 2653 3831 quomodo
2704 3762 2927 3811 mttndus
2972 3760 3063 3811 dat
3101 3776 3276 3826 pacem
3308 3769 3350 3812 τ.
3372 3758 3471 3814 Cui

1924 3857 2084 3909 etiam
2115 3855 2351 3908 concinit
2389 3866 2675 3919 germanus
2712 3850 2827 3915 ejus
2862 3850 3156 3916 discipulus
3186 3867 3199 3901 :
3228 3849 3363 3916 Pax,
3390 3852 3475 3905 in-

1924 3948 2063 4015 quit,
2114 3947 2232 4008 Dei,
2281 3960 2396 4011 qua:
2430 3952 2699 4003 exsuperat
2733 3957 2931 3993 omnem
2960 3957 3187 4001 sensum,
3212 3945 3473 3997 custodiat

1924 4035 2085 4087 corda
2122 4045 2288 4086 vestra
2313 4042 2359 4085 ⁸.
2393 4032 2493 4085 Et:
2527 4027 2719 4097 zoﬁa
2742 4028 3025 4093 Justiﬁcati
3073 4044 3135 4080 ea:
3172 4029 3274 4097 [ide
3296 4048 3470 4097 pacem

1925 4128 2172 4181 habemus
2229 4128 2296 4177 ad
2349 4125 2531 4183 (leum,
2563 4138 2653 4186 per
2702 4121 2977 4173 Dominum
3025 4134 3258 4173 nostrum
3291 4122 3474 4175 Jesum

1925 4215 2190 4270 Christum
2244 4231 2333 4282 per
2388 4229 2535 4282 quem
2583 4220 2633 4263 et
2668 4226 2929 4263 accessum
2979 4209 3312 4263 habuimus‘.
3356 4211 3469 4264 Non

1924 4309 2067 4361 enim
2103 4305 2341 4374 profecto
2378 4320 2407 4357 e
2448 4303 2583 4356 bello
2633 4316 2815 4369 pacem
2863 4310 3041 4352 natam
3069 4314 3302 4353 mutuam
3331 4302 3471 4354 illam

1927 4399 2066 4449 inter
2097 4412 2194 4448 uos
2247 4396 2331 4447 hic
2377 4394 2671 4460 intelligere
2712 4399 2919 4457 oportet
2960 4392 3091 4443 :sed
3130 4406 3290 4457 quam
3317 4392 3476 4444 hahet

258 4482 531 4551 ἀλλήλους
554 4481 783 4534 ἐνταῦθα
812 4486 951 4534 νοεῖν
986 4483 1083 4548 δεῖ,
1116 4484 1249 4537 ἀλλὰ
1275 4485 1518 4554 δηλονότι
1549 4487 1647 4557 τὴν
1694 4489 1819 4539 ὲκά-
1847 4507 1899 4564 Ι)

1810 4518 1819 4526 -
1847 4507 1899 4564 Ι)
1927 4489 2291 4555 unusquisque
2314 4502 2519 4547 secum,
2541 4500 2604 4537 ac
2635 4497 2730 4550 per
2758 4482 2998 4534 eamdem
3028 4482 3187 4534 etiam
3211 4496 3330 4535 eum
3356 4483 3472 4551 ejus

260 4590 393 4625 στου
429 4573 563 4642 πρὸς
593 4574 803 4637 ἑαυτὸν,
834 4574 929 4626 καὶ
958 4573 1042 4625 διά
1074 4575 1276 4644 ταύτης
1306 4576 1438 4645 πρὸς
1488 4578 1577 4630 τὸν
1618 4579 1816 4648 δοτῆρα

253 4665 467 4733 ταύτης
514 4666 604 4718 καὶ
641 4666 738 4733 τῆς
784 4666 1144 4719 ἀστασιάστου
1196 4670 1465 4738 σωτηρίας
1494 4671 1650 4741 ἡμῶν
1687 4689 1817 4741 χορ-

249 4758 417 4825 ηγδν,
442 4757 563 4825 ἥτις
584 4758 677 4809 καὶ
708 4760 937 4826 φρουρεῖ
961 4758 1056 4819 τάς
1077 4760 1300 4828 καρδίας
1330 4760 1485 4829 ἡμῶν
1524 4763 1615 4813 καὶ
1648 4762 1816 4832 ὑπερ-

255 4852 380 4919 έχει
412 4849 591 4902 πάντα
618 4848 762 4913 νοῦν,
812 4850 907 4902 καὶ
942 4850 1005 4919 ἦν
1033 4852 1062 4904 6
1087 4852 1285 4919 κόσμος
1331 4852 1528 4904 διδόναι
1558 4854 1617 4904 ού
1657 4854 1819 4906 δύνα-

249 4958 365 4993 ται.
395 4940 485 4991 Διδ
513 4939 631 4991 οὐδὲ
657 4941 885 5007 μάχεται
908 4939 990 5002 τὺ,
1019 4944 1138 4993 Οὐκ
1162 4942 1204 4971 ¹³
1260 4937 1449 5009 ἦλθον
1472 4944 1691 5006 βαλεῖν
1739 4948 1815 4997 εἰ·

240 5030 454 5099 ρήνην
483 5028 643 5081 ἀλλὰ
662 5028 983 5096 μάχαιραν.
1015 5030 1125 5099 Τὴν
1156 5030 1262 5101 γὰρ
1305 5036 1592 5101 κοσμικὴν,
1622 5035 1811 5102 φησὶν,

248 5122 483 5191 εἰρήνην
510 5121 606 5172 οὐκ
630 5115 791 5190 ἦλθον
824 5122 1005 5190 βαλεῖν
1044 5122 1225 5185 πάλιν,
1256 5124 1514 5176 Ἕσεσθε
1542 5124 1585 5155 ί*
1606 5126 1818 5193 μισού-

242 5231 425 5282 μενοι
452 5213 573 5266 ὑπὸ
612 5212 872 5277 πάντων,
902 5214 994 5266 καὶ
1029 5215 1197 5267 πολλὰ
1220 5215 1473 5267 τοιαῦτα·
1512 5218 1542 5285 ἡ
1595 5219 1702 5286 γὰρ
1740 5220 1819 5283 εἰς

364 5361 392 5400 P
430 5349 587 5403 Rom.
622 5364 737 5410 Vlll,
775 5350 825 5401 7.

244 5432 272 5459 ν
308 5424 485 5474 Marc.
522 5435 636 5483 un,
679 5419 764 5473 l5.

931 5362 956 5400 τι
988 5352 1141 5407 Juau.
1196 5368 1303 5414 xlv,
1336 5351 1423 5404 27.

1541 5363 1561 5389 ¹’
1589 5355 1718 5407 iltitl.
1750 5355 1841 5410 28.

1926 4577 2200 4644 largitore,
2252 4584 2305 4627 et
2351 4569 2811 4639 imperturbabilis
2854 4569 3042 4622 salutis
3079 4570 3476 4638 suppeditatore

1924 4684 2043 4737 qua:
2071 4678 2126 4720 et
2147 4666 2308 4719 corda
2340 4675 2516 4717 nostra
2546 4662 2800 4724 custodit,
2819 4672 2868 4715 et
2887 4675 3098 4714 omnem
3132 4662 3339 4714 excedit
3359 4677 3473 4715 sen-

1926 4775 2064 4821 sum,
2095 4768 2145 4811 et
2178 4772 2336 4824 quam
2364 4754 2593 4808 mundus
2624 4758 2751 4806 dare
2787 4767 2889 4805 non
2918 4762 3113 4820 potest.
3150 4752 3326 4817 Quare
3350 4768 3470 4806 cum

1926 4850 2011 4903 his
2036 4864 2137 4901 non
2166 4856 2361 4915 pugnat
2391 4844 2520 4896 illud
2551 4861 2562 4895 :
2601 4841 2722 4894 Non
2763 4842 2875 4895 veni
2922 4843 3129 4895 mittere
3156 4859 3354 4911 pacem,
3384 4846 3474 4898 sed

1924 4940 2157 5010 gladium
2177 4950 2220 4990 ε.
2270 4935 2448 4989 Mundi
2489 4934 2633 4986 enim
2677 4947 2882 5001 pacem,
2930 4932 3123 5000 inquit,
3186 4948 3289 4986 non
3352 4941 3470 4987 veni

1926 5036 2156 5087 mittere.
2185 5029 2415 5082 Rursum
2449 5044 2461 5080 :
2496 5024 2661 5078 Eritis
2684 5026 2803 5078 odio
2826 5024 3061 5077 omnibus
3078 5034 3125 5086 ν,
3148 5034 3203 5079 et
3231 5026 3280 5078 id
3301 5041 3472 5095 genus

1925 5122 2181 5192 plurima.
2202 5121 2415 5175 Piorum
2441 5120 2583 5173 enim
2607 5133 2726 5171 cum
2753 5116 2863 5169 Deo
2894 5116 3143 5180 aﬂinitas,
3171 5118 3236 5171 ad
3263 5118 3468 5178 odium,

1926 5215 2204 5279 invidiam,
2231 5223 2286 5267 et
2328 5222 2525 5265 metum
2561 5209 2751 5277 impios
2780 5208 3084 5263 concitavit.
3120 5207 3273 5263 Venit
3308 5209 3471 5279 igitur

2502 5346 2704 5401 ‘Rom.
2739 5361 2793 5408 ν,
2821 5346 2871 5400 l.
2978 5344 3217 5401 “Matth.
3271 5362 3327 5411 ι,
3373 5346 3461 5401 54.

1955 5363 1977 5391 ³
2001 5352 2231 5421 Philipp.
2247 5365 2319 5414 tv,
2344 5349 2396 5403 '7.

1511 5534 1740 5588 VARl/E
1780 5536 2178 5591 LECTIONES.

324 5629 345 5659 ³
370 5624 698 5678 καταδυνται
734 5626 796 5678 Α.
878 5626 895 5655 ⁸
918 5626 974 5677 δὲ
1010 5626 1131 5680 add.
1166 5626 1226 5677 A.

244 5703 266 5731 ’
299 5696 833 5765 ὲκτραχηλιασθὲντα
868 5700 927 5747 Λ.
992 5764 995 5765 ν
1041 5697 1081 5725 ’⁸
1120 5696 1360 5765 εἰρήνην]

245 5770 289 5801 ³³
319 5764 447 5837 οὐκ]
480 5766 667 5822 Matth.
702 5783 753 5831 ς,
794 5767 884 5820 3i.
961 5764 1006 5797 ¹⁸
1038 5764 1246 5835 ἕσπεσθε]
1274 5764 1435 5822 Marc.
1494 5782 1609 5833 xm,
1665 5768 1750 5822 15.

1318 5627 1422 5698 {te
1451 5626 1577 5698 γὰρ]
1606 5627 1757 5681 liout.
1801 5645 1917 5695 vm,
1942 5631 1992 5684 7.
2073 5632 2093 5660 '
2119 5629 2391 5691 συντεθεὶς
2426 5648 2485 5693 ς.
2561 5632 2583 5665 "
2614 5628 2902 5698 ἀπέφηνεν,
2925 5645 2984 5691 ς.

1419 5698 1572 5752 Joau.
1630 5713 1736 5758 xw.
1782 5701 1872 5754 9.1.

3059 5628 3079 5657 ⁸
3109 5627 3371 5681 συνέδεισε
3398 5645 3464 5693 ς.

1987 5703 2023 5731 ¹¹
2062 5703 2095 5770 ἡ
2122 5698 2254 5771 εῐρ.]
2302 5700 2527 5773 Philipp.
2554 5712 2632 5763 v1,
2666 5700 2718 5752 7.
2823 5697 3290 5761 ¹³δικαιωθ.Βοω,
3328 5714 3379 5764 ν,
3409 5698 3463 5751 1,
