4208 6448
742 386 845 457 815

1888 382 2147 444 ΡΠΟΤΙΙ
2186 381 2691 443 ΡΛΤΒῘΛΒΟΠΕ
2717 382 2827 442 CP.

3888 379 3997 449 816

748 506 999 557 Salvator
1044 512 1228 569 pacem
1274 497 1507 563 mittere,
1548 510 1668 565 qum
1716 511 1839 551 cum
1866 498 2047 551 animo
2094 512 2155 551 ea
2187 510 2315 549 con-
2344 501 2391 556 Α
2418 494 2459 546 Θ

2418 494 2550 547 Θεὸν
2580 493 2691 546 τῶν
2724 490 3093 545 εὐσεϐούντων
3122 505 3390 558 συναφεια
3411 490 3493 554 είς
3525 492 3679 560 μῖσος
3732 490 3829 543 καὶ
3861 492 3993 559 φθό-

742 596 965 657 sentire,
994 609 1113 662 qua:
1140 591 1386 660 corporis
1414 598 1561 656 sunt,
1592 589 1741 655 facit,
1771 588 2022 658 quodque
2068 588 2310 643 deterius

741 701 844 753 est,
885 680 1123 739 melioris
1157 683 1383 736 arbitrio
1418 681 1662 749 subjicit.
1693 681 1866 746 Quam
1901 680 2117 747 quidem
2146 680 2305 731 nobis

744 780 991 850 pra-buit,
1014 794 1136 831 cum
1171 776 1354 828 rebelli
1383 784 1580 828 nostra:
1605 784 1808 828 natura:
1838 766 2116 841 paciﬁcam
2142 773 2311 825 deita-

748 888 854 928 tem
892 872 1181 943 copulavit.
1222 870 1375 936 Quod
1408 880 1461 923 et
1487 870 1705 923 divinus
1729 870 1922 923 Paulus
1950 870 2149 929 docuit.
2187 885 2308 922 cum

746 967 853 1019 ait:
880 965 1017 1018 Nunt
1043 965 1178 1031 quod
1211 963 1527 1028 impossibile
1552 973 1664 1016 erat
1696 962 1817 1030 legi,
1852 964 1906 1013 in
1935 977 2036 1030 quo
2064 961 2308 1029 inﬁrma-

746 1058 896 1109 batur
950 1072 1041 1123 per
1089 1062 1319 1116 carnem,
1394 1053 1526 1106 Deus
1576 1053 1773 1105 Filium
1817 1070 1968 1106 suum
2010 1056 2216 1106 mineus
2256 1056 2311 1107 in

747 1146 1145 1201 similitudinem
1176 1145 1349 1196 carnis
1380 1145 1599 1207 peccati,
1624 1154 1671 1195 et
1698 1145 1758 1195 de
1791 1154 1999 1209 peccato
2040 1144 2312 1195 damnauit

751 1248 1016 1305 peccatum
1050 1238 1101 1287 iu
1131 1252 1287 1288 carne
1316 1248 1362 1287 ι.
1400 1235 1466 1289 Ut
1501 1236 1608 1299 jam
1660 1246 1782 1302 apte
1824 1236 1888 1287 de
1930 1236 2116 1287 eadem
2144 1250 2200 1287 re
2231 1236 2311 1287 tli-

750 1344 903 1383 catur
928 1349 939 1383 :
976 1328 1074 1381 Ubi
1111 1330 1246 1382 cnim
1274 1328 1557 1380 abundarit
1582 1328 1849 1385 delictum,
1870 1326 2314 1394 superabundavit

751 1421 984 1486 gratiu)’.
1016 1420 1378 1485 Quamobrem
1432 1430 1485 1470 et
1540 1419 1923 1485 redemptionis
1952 1430 2146 1471 nostra:
2188 1433 2314 1485 per-

756 1510 945 1562 fectum
980 1526 1007 1561 a
1046 1508 1208 1562 verbo
1230 1524 1385 1575 opus,
1414 1508 1689 1574 justitiam
1724 1507 1841 1569 Dei,
1871 1505 2230 1573 eljudicium,
2262 1516 2319 1559 ct

750 1602 1167 1654 misericordiam
1203 1615 1354 1652 sacra
1408 1598 1692 1668 Scriptura
1745 1599 2000 1666 praedicat
2036 1615 2049 1650 :
2087 1599 2318 1665 tttjusto

2418 602 2508 637 νον
2538 584 2634 637 καὶ
2658 584 2818 652 φόνον
2838 584 2880 613 ⁸⁸
2922 583 3047 644 τοὺς
3098 580 3317 643 ἀσεϐεῖς
3370 581 3741 651 διεκύμαινεν.
3787 578 3996 635 Ἦλθεν

2415 673 2510 729 οὖν
2530 678 2558 728 ὁ
2585 676 2771 745 Σωτὴρ
2802 662 3026 745 είρήνην
3053 672 3254 741 βαλεῖν,
3286 673 3406 739 ἥτις
3436 675 3705 741 σύμφωνα
3746 676 3813 742 τῇ
3839 673 3993 741 ψυχῇ

2417 769 2485 820 τὰ
2505 765 2600 819 τοῦ
2635 766 2887 834 σώματος
2922 762 3182 817 ἀποτελεῖ
3219 765 3312 815 καὶ
3342 764 3662 828 ὑποτασσει,
3709 764 3769 814 τὸ
3811 767 3998 832 χεῖρον

2417 860 2529 921 τοῖς
2550 856 2644 909 τοῦ
2669 858 2975 926 κρείττονος
2994 855 3303 926 βουλήμασι
3327 857 3391 908 ’⁸.
3440 856 3549 906 Καὶ
3583 856 3827 925 παρέσχε
3862 857 3996 907 ταύ-

2414 966 2537 1019 την,
2562 949 2771 1012 ὲνώσας
2801 951 2957 1018 ἡμῶν
2981 952 3048 1019 τῇ
3083 948 3372 1001 στασιώδει
3402 948 3565 1014 φύσει
3601 948 3699 1015 τὴν
3735 949 3997 1016 εἰρήναρο

2414 1061 2513 1114 χον
2553 1044 2806 1112 θεότητα.
2840 1042 3011 1094 Τοῦτο
3034 1042 3209 1094 δὲκαὶ
3262 1044 3290 1092 ὁ
3321 1041 3609 1101 θεσπέσιος
3652 1040 3869 1102 Παῦλος
3905 1043 3998 1091 ἐκ-

2416 1136 2660 1189 διδάσκει
2686 1136 2880 1202 λέγων,
2919 1135 2989 1187 Τὸ
3014 1136 3054 1164 ¹⁷
3091 1134 3200 1202 γὰρ
3222 1134 3527 1186 ἀδύνατον
3551 1133 3658 1185 τοῦ
3684 1133 3899 1200 γόμου,
3930 1134 4000 1184 ἐν

2416 1222 2725 1295 ᾦὴσθένει
2755 1226 2849 1278 διὰ
2881 1225 2991 1291 τῆς
3024 1226 3276 1291 σαρκὸς,
3338 1228 3371 1278 ό
3424 1225 3571 1290 Θεὸς
3622 1224 3729 1278 τὸν
3779 1226 4000 1277 ἑαυτοῦ

2428 1322 2565 1371 Υἰὸν
2607 1320 2848 1385 πέμψας
2893 1318 2961 1368 ἐν
3027 1319 3343 1385 ὁμοιώματι
3405 1318 3634 1386 σαρκὸς
3684 1311 3999 1385 ἁμαρτίας,

2418 1411 2511 1463 καί
2546 1412 2678 1477 περὶ
2703 1411 3010 1477 ἀμαρτίίις.
3070 1409 3379 1475 κατέκρινε
3430 1409 3545 1475 τὴν
3578 1410 3879 1477 ἁμαρτίαν
3931 1411 4002 1461 ἐν

2418 1508 2492 1576 τῇ
2515 1509 2717 1573 σαρκί.
2760 1506 2844 1568 Ὠς
2871 1506 3134 1575 ἁρμόζειν
3160 1504 3246 1556 ἐπ’
3264 1505 3432 1573 αὐτῆς
3462 1504 3719 1572 λέγεσθαι
3748 1504 3831 1567 τὸ,
3856 1500 3936 1558 Οὖ
3956 1504 4000 1536 ⁸⁸

2420 1598 2917 1667 τὰρὲπλεόνασεν
2944 1597 2979 1662 ἡ
3024 1597 3299 1662 ἁμαρτία,
3343 1597 4001 1663 ὑπερεπερίσσευσεγη

746 1695 948 1762 judicio
990 1694 1104 1754 Dei,
1148 1695 1236 1761 qui
1290 1694 1428 1745 inter
1482 1691 1775 1745 rationales
1822 1703 2104 1745 creaturas
2154 1691 2254 1743 soli
2287 1705 2318 1743 e
2421 1694 2458 1759 ἡ

2421 1694 2458 1759 ἡ
2495 1692 2685 1760 χάρις.
2721 1690 2812 1742 Διὸ
2844 1690 2939 1741 καὶ
2972 1688 3070 1759 τὴν
3092 1688 3215 1739 καθ’
3247 1690 3392 1757 ἡμᾶς
3434 1689 3527 1741 τοῦ
3562 1691 3737 1756 Λόγου
3784 1692 3996 1742 οίκονο-

753 1787 863 1838 luto
899 1785 1142 1837 fabricati
1174 1783 1440 1846 sunt,soli
1470 1783 1631 1836 etiam
1665 1792 1815 1835 tanto
1853 1782 2055 1835 honore
2086 1792 2139 1836 et
2174 1782 2315 1835 iuef-
2349 1839 2388 1851 η
2426 1800 2459 1851 μ

2426 1784 2555 1851 μίαν
2591 1781 2941 1848 δικαιοσύνην
2960 1777 3095 1832 Θεοῦ
3125 1778 3217 1830 καὶ
3248 1780 3431 1848 κρίσιν
3462 1780 3553 1831 καὶ
3586 1780 3734 1831 ἔλεον
3764 1780 3829 1831 τὸ
3859 1781 4003 1851 ἱερὸν

755 1875 901 1928 Ι“;ιί)ἱ1ἰ
927 1839 1471 1943 ηιίεειὶςοι-ιίὶανιιὶειιί
1505 1874 1672 1928 habiti
1702 1874 1829 1927 sint.
1859 1873 2138 1927 Iudicabat
2171 1875 2313 1927 idem
2349 1839 2390 1895 Β

2420 1839 2782 1942 ανακηρύττει
2825 1839 3081 1942 Γραμμα,
3112 1870 3187 1933 ὡς
3241 1839 3427 1941 δικαίᾳ
3478 1871 3659 1940 κρίσει
3718 1870 3815 1923 τοῦ
3865 1839 4001 1923 Θεοῦ

753 1976 805 2017 et
838 1982 932 2031 per
963 1964 1157 2018 Oscam
1190 1966 1376 2019 dicens
1410 1984 1423 2017 :
1473 1964 1740 2031 Sponsabo
1769 1976 1817 2019 te
1850 1966 1979 2018 mihi
2006 1966 2060 2017 in
2080 1967 2315 2033 justitia,
2420 1983 2457 2032 μ

2420 1966 2614 2032 μόνους
2644 1963 2751 2014 τῶν
2778 1963 3014 2029 λογικῶν
3047 1960 3125 2029 τῷ
3160 1960 3339 2030 ’πηλῷ
3395 1960 3750 2022 συνδεθέντας
3802 1961 4002 2029 μόνους

756 2058 807 2107 in
841 2056 1225 2118 misericordia,
1252 2065 1296 2108 et
1325 2055 1378 2106 in
1402 2055 1818 2109 miserationibus
1841 2065 1885 2109 τ.
1918 2055 2059 2110 Mille
2086 2059 2210 2110 item
2229 2056 2318 2111 alii
2418 2072 2459 2106 κη

2418 2053 2514 2106 καὶ
2539 2052 2637 2122 τῆς
2653 2052 2920 2121 τοσαύτης
2945 2049 3248 2119 ἀξιωθῆναι
3274 2049 3586 2119 φιλοτιμίας
3613 2051 3706 2103 καὶ
3722 2049 3821 2102 τοῦ
3842 2052 4003 2103 ἀνεκ-

750 2161 918 2199 ειιςῐω
973 2144 1268 2211 Scriptura:
1316 2144 1417 2197 loci
1458 2144 1731 2210 clamant,
1762 2147 1830 2199 ob
1879 2147 2056 2200 carnis
2106 2147 2317 2200 vincula
2416 2164 2451 2212 φ

2417 2147 2660 2214 φράστου
2685 2143 2892 2205 ὲλέους.
2925 2142 3143 2211 Ἐδήλου
3166 2142 3219 2193 δὲ
3238 2140 3433 2194 καὶδιὰ
3447 2140 3540 2193 τοῦ
3571 2141 3731 2211 Ὠσηὲ
3749 2142 3819 2205 ’⁸,
3840 2144 4005 2207 Mra-

750 2235 1224 2287 iommiscratione
1284 2233 1500 2301 dignum
1557 2250 1678 2288 esse
1737 2236 1977 2288 habitum
2023 2236 2316 2289 humanum
2416 2252 2458 2289 σ

2417 2237 2746 2304 στεὺσομαί
2771 2252 2844 2288 σε
2859 2232 3093 2303 ἐμαυτῷ
3116 2234 3184 2297 ¹¹,
3202 2233 3398 2300 λέγων,
3422 2233 3493 2285 ἐν
3519 2232 3879 2300 δικαιοσύνῃ
3906 2232 4001 2284 καί

747 2340 938 2393 genus,
975 2335 1027 2377 et
1064 2340 1159 2394 pro
1192 2340 1397 2378 annexa
1432 2326 1584 2379 nobis
1613 2328 1857 2391 materia,
1888 2328 2314 2382 incarnationem
2422 2331 2459 2382 ἐπ

2422 2331 2491 2383 ἐν
2518 2330 2666 2392 ἐλέῳ
2730 2329 2829 2382 καὶ
2860 2324 3205 2395 οὶκτιρμοῒς.
3261 2325 3373 2377 Καὶ
3416 2325 3601 2394 μυρίοι
3660 2323 3809 2391 λόγοι
3854 2323 4003 2377 ἄλλοι

742 2430 915 2478 suam,
943 2427 1248 2483 caeteraque
1280 2432 1340 2468 cx
1383 2432 1446 2467 ca
1476 2415 1715 2483 profesta
1743 2416 1883 2472 bona
1905 2418 2140 2473 vicissim
2170 2421 2324 2476 nobis
2424 2423 2459 2472 ἱε

2424 2422 2561 2491 ἱεροὶ
2581 2422 2625 2451 ¹¹
2664 2419 3095 2489 διακεκράγασιν
3123 2420 3204 2471 ὅτι
3235 2416 3323 2470 διὰ
3347 2416 3456 2471 τῶν
3475 2416 3688 2487 δεσμῶν
3713 2416 3812 2485 τῆς
3873 2434 4005 2484 σαρο

747 2506 1024 2564 hominum
1045 2507 1309 2559 donasse:
1346 2504 1662 2559 Recordatus
1685 2509 2177 2578 est.inquitDavid,
2205 2528 2325 2581 quo-
2422 2530 2455 2565 κ

2422 2514 2517 2574 κὸς
2545 2512 2891 2582 συμπαθείας
2920 2511 2981 2564 τὸ
3006 2510 3348 2580 ἀνθρώπινον
3402 2509 3610 2581 ἠξιώθη
3672 2508 3854 2578 γένος,
3910 2508 4003 2560 καὶ

746 2596 888 2647 niam
933 2595 1098 2659 pulris
1120 2611 1297 2647 sumus
1326 2604 1368 2647 ⁸.
1404 2595 1467 2647 Ει
1497 2614 1510 2649 :
1550 2595 1813 2660 Quoniam
1836 2615 2140 2654 carosumus
2172 2601 2222 2655 ι).
2263 2601 2326 2655 Et
2422 2604 2457 2655 ἀ

2422 2604 2544 2656 ἀντὶ
2582 2602 2785 2671 ταύτης
2823 2601 2920 2667 τῆς
2952 2600 3319 2670 συναφθείσης
3346 2602 3476 2670 ἡμῖν
3507 2600 3641 2667 ὕλης
3695 2598 3795 2669 τὴν
3846 2602 4002 2652 ὲναν-

739 2684 839 2741 Job
877 2704 888 2739 :
926 2684 1185 2738 Memento
1228 2686 1366 2751 quod
1409 2686 1542 2738 sicut
1582 2686 1747 2739 lutum
1786 2688 1971 2754 feceris
2000 2706 2080 2743 me
2102 2701 2150 2744 ε.
2424 2694 2451 2745 0

2424 2694 2706 2764 θρὼπησιν
2737 2690 2903 2745 αὑτοῦ
2938 2692 3033 2745 καὶ
3049 2692 3118 2743 τὰ
3138 2692 3206 2743 δι’
3228 2693 3397 2760 αὐτῆς
3417 2690 3597 2759 ἀγαθὰ
3614 2691 4002 2745 ἁνταπέδωκεν

742 2781 874 2848 ἡμῖν
924 2780 1203 2849 ὁΚυριοςυ
1260 2779 1562 2847 Ἐμνήσθη
1612 2780 1659 2811 ⁸³
1694 2782 1841 2851 γὰρ,
1896 2784 2059 2851 φησιν
2112 2787 2140 2838 ὀ
2193 2784 2377 2849 Δισιδ,
2420 2788 2509 2841 ὅτι
2559 2788 2707 2856 χοῦς
2763 2788 2974 2856 ἐσμεν,
3030 2784 3130 2840 καί
3192 2784 3350 2837 ὃτι¹⁶
3402 2784 3562 2852 σάρξ
3622 2785 3852 2853 ἐσμενο
3913 2780 4005 2837 καὶ

741 2874 867 2938 I536
907 2871 1000 2944 IL]
1034 2876 1061 2924 ὁ
1100 2871 1218 2925 Ἰὼϐ
1245 2873 1315 2937 ³⁸,
1349 2873 1669 2941 Μνήσοητι
1699 2875 1786 2928 ὅτι
1826 2878 2025 2944 πηλόν
2058 2895 2132 2945 με
2161 2878 2459 2947 ἔπλασας.

823 2984 1063 3038 Alteram
1092 2982 1286 3037 deinde
1319 2992 1424 3035 tam
1460 2986 1671 3054 egregie
1708 2986 1943 3039 humano
1980 2992 2161 3054 generi
2198 3002 2324 3055 pro-

2501 2986 2769 3057 Δευτέραν
2807 2986 2852 3039 δ’
2882 2987 2947 3038 ἄν
2981 3003 3064 3049 τις
3091 2985 3271 3038 αίτίαν
3315 2983 3446 3053 φαίη
3477 2983 3576 3051 τῆς
3631 2984 3762 3053 περὶ
3822 2982 3883 3034 τὸ
3915 2982 4002 3033 ειν⁸

746 3076 1025 3145 ενίεἰιιιιιίε
1067 3090 1211 3127 cura:
1268 3076 1403 3127 hanc
1459 3075 1621 3129 fuisse
1651 3092 1869 3129 causam
1910 3078 2144 3140 dixeris,
2176 3084 2317 3145 quod
2346 3066 2389 3122 C
2426 3081 2449 3131 0

2426 3081 2697 3151 θρὼπινον
2725 3080 2993 3148 τοσαύτης
3024 3078 3306 3146 προνοίας,
3331 3077 3517 3138 ὼςὰπ’
3548 3076 3721 3145 ἀρχῆς
3772 3074 3802 3125 ὁ
3848 3076 3992 3129 Πλά-

750 3182 1087 3235 nequaquam
1136 3181 1163 3217 a
1210 3167 1477 3234 principio
1525 3166 1784 3222 Conditor
1839 3181 2086 3221 naturam
2128 3171 2322 3236 perl‘e-
2424 3190 2455 3223 σ

2424 3190 2555 3240 στης
2586 3173 2685 3224 οὐκ
2716 3171 2978 3237 αὐτοτελῆ
3026 3169 3125 3239 τὴν
3174 3170 3357 3236 φύσιν,
3404 3167 3658 3237 καθάπερ
3719 3168 3999 3234 ἀγγέλοις,

748 3273 912 3323 ctam,
963 3259 1420 3328 quemadmodum
1456 3260 1681 3325 angelis,
1713 3260 1907 3331 204b
1960 3261 2032 3313 ita
2069 3274 2122 3314 et
2151 3262 2323 3315 ltomi-

758 3347 915 3400 nibus
950 3346 1232 3408 tribuerit;
1302 3348 1395 3400 sed
1442 3348 1669 3400 modicis
1722 3350 2099 3418 progressibus
2144 3351 2322 3418 perfe-

750 3441 985 3493 ctionem
1022 3438 1235 3491 tandem
1270 3440 1526 3506 coosequi
1576 3438 1823 3493 voluerit.
1859 3440 2219 3505 Quamobrem
2268 3453 2324 3497 et

751 3546 849 3597 pro
883 3528 1103 3582 virtutis
1140 3530 1381 3598 przctnio,
1414 3540 1466 3583 et
1495 3545 1592 3597 pro
1635 3531 1896 3585 molestiis
1939 3533 2176 3588 toleratis
2202 3550 2323 3603 per-

750 3621 1037 3677 fectionem
1073 3621 1319 3688 rependit
1356 3640 1369 3674 :
1406 3624 1533 3691 quin
1566 3633 1619 3675 ct
1648 3624 1886 3675 medium
1919 3636 2146 3680 mortem
2184 3626 2324 3679 inter

753 3724 916 3783 atque
955 3710 1417 3765 immortalitatem
1450 3714 1622 3782 ipsum
1654 3714 1972 3778 constituit;
2013 3716 2325 3770 alterutrius

753 3809 988 3877 eligendi
1044 3808 1183 3861 facta
1207 3815 1524 3875 potestate;
1557 3822 1677 3860 cum
1714 3808 1929 3861 interim
1965 3808 2161 3875 angeli,
2186 3817 2239 3861 et
2278 3810 2319 3861 si

754 3901 881 3969 quid
902 3900 1046 3953 aliud
1072 3899 1281 3952 ratione
1309 3896 1592 3966 prarditum
1618 3908 1669 3949 et
1696 3901 2067 3964 incorporeum
2087 3894 2320 3967 [uspiam

755 3989 993 4063 exsistit]
1035 4006 1099 4044 ex
1159 3992 1273 4058 ipso
1316 4005 1437 4042 mox
1495 4000 1616 4040 ortu
1679 4000 1884 4040 natura:
1937 3987 2321 4053 perfectionem

758 4085 934 4151 adepti
971 4084 1097 4135 sint.
1136 4080 1285 4135 Unde
1330 4090 1381 4133 et
1421 4079 1586 4131 David
1634 4079 1709 4130 ait
1745 4096 1757 4131 :
1814 4077 2059 4131 Potentes
2112 4080 2321 4141 virtute,

754 4172 1001 4238 facientes
1050 4172 1255 4223 rerbum
1292 4168 1433 4220 illius
1460 4166 1509 4230 ἀ,
1546 4171 1643 4221 hoc
1685 4179 1768 4222 est
1802 4185 1816 4222 :
1855 4168 2321 4233 Quemadmodum

753 4278 847 4315 eos
880 4262 1010 4315 nihil
1042 4261 1408 4321 materiatum,
1445 4259 1520 4311 uti
1574 4274 1693 4321 nos,
1724 4258 1807 4311 vel
1841 4258 2093 4311 deorsum
2132 4259 2319 4322 trahit,

753 4353 836 4405 vel
870 4353 1108 4419 impedit,
1164 4353 1235 4404 ita
1282 4352 1410 4412 cito,
1447 4362 1501 4403 et
1546 4352 1751 4419 absque
1784 4365 1933 4402 mora
1963 4350 2112 4418 jussa
2154 4350 2317 4417 perli-

751 4444 920 4495 ciuut.
950 4442 1208 4510 Exigebat
1236 4455 1363 4509 ergo
1390 4438 1662 4494 iuell'abile
1695 4440 1786 4494 Dei
1820 4439 2134 4508 iustumque
2171 4441 2317 4507 judi-

751 4538 919 4597 cium,
950 4542 1009 4585 ut
1056 4532 1389 4599 imperfectis
1434 4530 1653 4599 quidem
1688 4532 1706 4598 (
1738 4546 1843 4599 quo
1870 4540 2110 4600 tempore
2146 4533 2316 4601 placi-

753 4632 863 4672 tum
912 4620 1075 4688 esset)
1133 4619 1277 4688 quod
1320 4620 1509 4673 deerat
1550 4619 1849 4688 suppleret,
1896 4633 2031 4685 quos
2080 4634 2207 4674 vero
2251 4619 2319 4672 ab

751 4710 905 4764 initio
966 4714 1236 4776 perfectos
1295 4708 1639 4773 reddidisset,
1694 4722 1799 4761 non
1846 4707 2007 4761 simili
2059 4708 2143 4762 bis
2191 4724 2321 4763 cura

750 4800 1096 4868 provideret:
1120 4802 1212 4853 sed
1233 4814 1297 4852 ex
1323 4798 1883 4867 aequitatejudicaret,
1908 4814 2030 4853 cum
2060 4802 2158 4853 bos
2190 4815 2321 4854 con-

761 4904 938 4947 teutos
973 4893 1078 4946 illis
1109 4890 1317 4963 [rebus]
1343 4906 1464 4945 csse
1495 4890 1717 4952 debere,
1744 4905 1883 4960 quas
1915 4890 2131 4958 ipsimet
2161 4906 2322 4946 occu-

754 4994 1001 5053 passent,
1036 4994 1143 5036 tum
1194 4985 1299 5037 illis
1332 4999 1518 5036 earum
1552 4998 1732 5037 rerum
1782 4982 2027 5037 defectus
2066 4985 2321 5052 supplen-

752 5077 869 5138 dos,
904 5075 1101 5141 quibus
1128 5073 1422 5140 aliquando
1462 5074 1658 5141 privati
1720 5070 1974 5125 fuissent.
2030 5070 2319 5126 Enimvero

753 5174 1017 5231 quotquot
1048 5180 1111 5217 ex
1146 5163 1351 5232 angelis
1380 5162 1513 5230 lapsi
1543 5174 1687 5224 sunt,
1723 5175 1830 5214 non
1876 5159 1910 5212 ii
1954 5162 2177 5214 materia
2232 5161 2317 5215 di—

765 5256 1021 5321 vellente,
1066 5270 1237 5323 neque
1281 5270 1443 5307 carne
1491 5253 1821 5315 retraltente,
1871 5253 1961 5302 sed
1995 5253 2221 5306 arbitrio
2264 5253 2315 5306 id

821 5364 845 5390 ι
878 5352 1010 5403 Rom
1044 5368 1160 5411 xm,
1190 5351 1243 5403 5.
1323 5358 1348 5397 γ
1386 5350 1541 5402 llom.
1583 5364 1632 5412 v,
1662 5348 1753 5401 20.
1834 5352 1857 5381 ³
1898 5342 2055 5400 Osce.
2100 5363 2162 5414 tt,
2212 5348 2300 5402 l9.

762 5419 789 5457 ιι
822 5421 964 5474 Psal.
994 5436 1088 5485 cu,
1114 5422 1203 5472 20.

2410 5357 2438 5385 ι
2475 5344 2619 5400 Psal.
2667 5360 2763 5412 cu,
2809 5346 2897 5402 14.

2423 3265 2676 3317 οὕτωκαὶ
2717 3264 2796 3333 τῷ
2824 3263 3152 3334 ἀνθρωπίνῳ
3170 3262 3317 3329 γένει
3351 3261 3679 3329 παρέσχετο,
3712 3260 3851 3312 ἀλλὰ
3886 3262 4004 3323 ταῖς

2426 3358 2569 3409 κατὰ
2604 3357 2801 3427 μικρὸν
2829 3356 3134 3425 προκοπαῖς
3170 3354 3263 3405 τοῦ
3295 3352 3504 3404 τελείου
3561 3353 3854 3420 τυγχάνειν
3912 3354 4001 3405 eii-

2423 3450 2650 3518 δόκησεν
2669 3466 2682 3479 ·
2712 3448 2793 3502 διὸ
2820 3448 2911 3501 καὶ
2938 3447 3135 3515 ἀρετῆς
3169 3440 3329 3497 ἆθλον
3364 3446 3453 3496 καὶ
3479 3445 3853 3506 κακοπαθείας
3877 3448 4001 3499 ἀντ-

2423 3542 2645 3610 άμειψιν
2699 3543 2798 3607 τὴν
2844 3538 3153 3606 τελειότητα
3204 3536 3403 3591 δίδωσι.
3463 3534 3591 3606 [649
3628 3534 3717 3604 8.]
3772 3536 3883 3588 Kal
3935 3534 3999 3604 δὴ

2429 3636 2523 3684 καὶ
2561 3632 2723 3700 μέσον
2754 3630 2985 3681 θανάτου
3018 3630 3112 3680 καὶ
3134 3628 3434 3690 ἀθανασίας
3483 3626 3647 3678 αὑτὸν
3679 3626 3856 3690 ἔθετο,
3908 3628 4001 3693 τῆς

2428 3721 2564 3789 πρὸς
2591 3719 2851 3787 ἑκάτερον
2878 3719 3144 3787 αἱρέσεως
3171 3719 3454 3785 ἀναφήνας
3491 3716 3702 3787 κύριον,
3736 3717 3999 3785 ’Ἄγγελοι

2425 3811 2501 3873 δὲ,
2534 3811 2627 3861 καὶ
2656 3811 2707 3861 εἴ
2735 3827 2784 3861 τι
2816 3808 2943 3863 ἄλλο
2962 3809 3181 3874 λογικὸν
3230 3809 3323 3860 καὶ
3359 3806 3670 3875 ἀσώματον,
3713 3807 3775 3870 ἐξ
3833 3808 4001 3875 αὐτῆς

2428 3900 2655 3970 προόδου
2694 3901 2757 3952 τὺ
2796 3903 2854 3951 ἐν
2886 3903 2950 3969 τῇ
2986 3900 3148 3967 φύσει
3187 3898 3391 3950 τέλειον
3447 3898 3853 3967 ἐκληρώσαντο.
3913 3899 4002 3951 Διὸ

2424 3993 2638 4045 καὶὸπ
2689 3990 2850 4043 Δαϐίδ
2901 4008 3057 4059 φησι,
3089 3990 3407 4043 Δυνατοὶίτ
3464 3992 3639 4055 ισχύτ
3684 3991 3999 4055 ποιοῦντες

2432 4079 2538 4131 τὸν
2569 4080 2758 4147 λόγον
2786 4077 2995 4142 αὑτοῦ,
3028 4076 3303 4129 τουτέστιν
3334 4077 3384 4131 οῖ
3414 4078 3458 4107 ’⁸
3501 4077 3690 4146 μηδενὶ
3733 4079 3844 4129 τῶν
3892 4080 4000 4131 ύλι-

2427 4168 2563 4232 κῶν,
2599 4168 2847 4238 καθάπερ
2872 4170 3054 4237 ἡμεῖς,
3089 4168 3478 4236 καθελκόμενοί
3505 4186 3561 4220 τε
3615 4169 3709 4220 καὶ
3734 4172 3997 4237 συμποδι-

2427 4261 2665 4331 ζόμενοι,
2694 4260 2835 4312 οὕτω
2862 4260 2949 4312 διὰ
2980 4259 3192 4328 ταχέων
3247 4260 3341 4311 καὶ
3379 4258 3547 4328 χωρίς
3600 4276 3746 4321 τινος
3802 4261 3998 4329 μελλή-

2428 4369 2563 4414 σεως
2600 4344 2862 4421 πληροῦσι
2916 4350 2975 4401 τὸ
3029 4349 3405 4418 κελευόμενον.
3456 4349 3567 4417 Τῆς
3610 4348 3708 4401 οὖν
3755 4352 3997 4420 ἀρρήτου

2424 4438 2817 4506 δικαιοκρισίας
2847 4431 2914 4505 ἦν
2944 4435 3035 4487 τοῦ
3057 4435 3191 4487 Θεοῦ
3228 4440 3341 4500 τοῖς
3373 4437 3470 4505 μὲν
3495 4437 3737 4502 ἀτελέσι,
3776 4439 3900 4492 καθ’
3938 4440 3995 4491 ὃν

2423 4527 2716 4595 ἐδοκίμασε
2744 4526 2788 4557 ²⁹
2819 4525 3030 4594 καιρὸν,
3052 4526 3112 4578 τὸ
3132 4527 3313 4580 λεῖπον
3356 4528 3776 4597 ἀναπληρῶσαι,
3825 4528 3921 4592 οὓς
3954 4530 3997 4582 δ’

2422 4618 2519 4669 ἀπ’
2548 4615 2724 4686 ἀρχῆς
2750 4616 2989 4677 τελείους
3029 4616 3325 4686 ὑπέστησε,
3362 4619 3438 4687 μὴ
3465 4619 3564 4687 τῆς
3612 4620 3810 4688 ὁμοίας
3863 4639 3998 4692 προ.

2424 4709 2573 4771 νοίας
2600 4707 2851 4771 ἀξιῶσαι,
2884 4707 3018 4759 ἀλλὰ
3045 4710 3171 4771 τοὺς
3197 4708 3295 4776 μὲν
3340 4704 3423 4771 οἷς
3458 4712 3760 4780 προέλαϐον
3815 4713 3998 4783 ἀρκεῖο

2427 4800 2570 4865 σθαι,
2599 4801 2723 4862 τοὺς
2769 4800 2825 4851 δὲ
2856 4792 2930 4851 ὧν
2988 4799 3363 4869 ἐστερήθησαν
3417 4802 3893 4873 ἀναπληρωθῆναι
3940 4806 3999 4859 τὸ

2426 4892 2709 4961 ὑστέρημα
2743 4891 3047 4943 δικαιῶσαι.
3082 4892 3188 4942 Καὶ
3213 4892 3319 4943 τῶν
3369 4893 3617 4961 ἀγγέλων
3643 4896 3699 4947 δὲ
3733 4896 3853 4948 ὅσοι
3904 4914 3999 4949 πε-

2429 4982 2733 5037 πτώκασιν.
2762 4983 2822 5034 οὐ
2840 4984 2936 5051 τῆς
2960 4982 3089 5053 ὕλης
3108 4984 3475 5055 κατασπώσης
3502 4986 3625 5038 οὐδὲ
3644 4986 3740 5040 τοῦ
3768 4992 3999 5060 σαρκίον

2429 5069 2806 5140 μεθέλκοντος,
2835 5072 2931 5139 τῆς
2973 5072 3346 5140 προαιρέσεως
3391 5073 3448 5126 δὲ
3502 5075 3565 5127 τὸ
3618 5075 3827 5144 φαῦλον
3880 5078 3999 5128 ἑλο-

2428 5161 2616 5231 μένης,
2642 5161 2739 5229 τῆς
2762 5164 2965 5224 οἰκείας
3010 5163 3167 5234 δόξης
3204 5166 3637 5236 κατηνέχθησαν.
3698 5168 3897 5238 Ἡμεῖς
3944 5170 3999 5221 δὲ

2425 5250 2518 5303 τοῦ
2551 5266 2609 5301 τε
2638 5252 2865 5321 σαρκίου
2897 5252 3231 5323 διοχλούντος
3275 5257 3509 5308 καὶτῶν
3546 5257 3761 5310 ἐκεῖθεν
3809 5261 3999 5311 παθῶν

3008 5348 3037 5389 ιι
3069 5347 3213 5406 Psal.
3247 5366 3453 5416 Lxxvtt,
3486 5352 3574 5406 Η.
3676 5363 3699 5390 ο
3730 5352 3837 5409 Job
3864 5373 3920 5421 ι,
3944 5357 3999 5415 9.

2017 5510 2099 5565 VA
2112 5508 2249 5564 1!le
2283 5503 2693 5561 LECTIONES.

814 5612 857 5641 ⁸⁵
884 5610 1040 5677 φόνον
1085 5611 1122 5662 Α
1149 5608 1342 5674 ιφόϐον
1376 5626 1434 5671 ς.
1513 5606 1556 5637 ¹⁶
1588 5604 1916 5673 βουλεύμασι
1958 5625 2018 5672 ς.

753 5682 1063 5751 ριὸσσευσεν
1089 5695 1171 5746 pr.
1328 5677 1854 5751 ὑπερεπερίσσευσεν
1889 5693 1949 5740 ς.

752 5744 1047 5828 σθηῌςςιεξί.
1080 5744 1297 5828 ῥιμἨ.
1329 5746 1544 5828 η’ξικαί
1570 5744 1672 5828 ὅτι]
1727 5744 1863 5798 Psul.
1907 5760 2072 5811 CXVII,
2106 5746 2194 5800 M.

752 5822 798 5851 ιε
842 5813 936 5889 τί]
968 5820 1092 5874 libri
1144 5813 1250 5872 οἷα,
1329 5813 1686 5885 ’θὲδοκίμαζὲ
1724 5832 1782 5877 ς·

2132 5606 2171 5636 ιν
2206 5602 2265 5652 τὸ
2294 5597 2425 5669 γὰρῖ
2466 5597 2625 5653 Rom.
2674 5609 2793 5664 wit,
2969 5602 3011 5632 η
3039 5597 3130 5690 051
3186 5602 3345 5685 llum.
3376 5620 3426 5667 v,
3466 5608 3555 5662 20,
3668 5613 3716 5646 η
3751 5614 3997 5685 ὑπερπε-

2024 5676 2069 5706 ὀ
2105 5668 2502 5771 ιιισηὲιυιηρίὲί
2534 5669 2866 5771 reverse:
2890 5671 3050 5771 ιεξν
3383 5679 3428 5708 ιι
3462 5679 3717 5771 ιεεδςηςη
3765 5687 3812 5715 η

2296 5696 2380 5771 ⁸η.
2408 5696 2502 5751 ἱισ.
2580 5696 2617 5698 θ’
2643 5696 2866 5739 εμαυτῳ
2890 5696 2929 5722 η
2954 5696 2967 5725 ;
2993 5696 3050 5723 εν
3073 5696 3219 5743 ani-np
3247 5696 3305 5739 ς.
3384 5696 3428 5708 --
3462 5696 3606 5745 ιερος
3638 5696 3700 5743 ς-⁸
3765 5696 3812 5715 η
3833 5696 3937 5755 ei“,

2355 5735 2500 5807 ’lw5]
2534 5753 2587 5804 ι,
2623 5738 2675 5792 9.
2753 5741 2798 5772 ²⁶
2830 5742 2859 5793 ὁ
2914 5756 3025 5796 om.
3064 5744 3129 5798 Α.
3207 5747 3249 5779 ³⁷
3300 5744 3547 5819 δυνατοὶ]
3598 5749 3744 5810 Ρδδι.
3775 5770 3874 5823 αι’
3904 5756 3937 5809 2

2969 5602 3011 5632 ¹⁸
3039 5595 3100 5654 οὗ

3108 5602 3130 5690 1
3186 5602 3345 5685 llum.
3376 5620 3427 5690 ΥΣ
3462 5608 3562 5690 βοὶ
3668 5613 3716 5646 ¹⁹
3751 5614 3997 5690 tbi-$913-
