4208 6448
217 395 323 461 817

1281 399 1802 461 BIBLIOTHECA.
1842 424 1912 435 -
1939 400 2102 462 COD.
2132 402 2412 463 CCXXII.

3345 396 3453 463 818

220 513 795 582 ὑτογαργαλιζόντων,
822 516 958 587 πρὸς
990 517 1056 569 τὰ
1097 514 1265 567 πλείω
1296 515 1407 567 τῶν
1459 514 1795 585 ἁμαρτημά-
1824 528 1867 583 Α

1791 544 1795 552 ν
1824 528 1867 583 Α
1908 518 2055 585 quod
2096 514 2292 569 malum
2325 524 2440 570 erat
2481 515 2733 585 eligente,
2761 513 2827 569 de
2861 529 2956 569 sua
2986 513 3155 585 gloria
3185 513 3453 569 deturbati

219 623 332 659 των
369 604 433 658 οὗ
472 606 523 658 τί
553 624 615 674 γε
644 609 903 671 ἑκούσιοι,
921 610 971 660 εἰ
1001 608 1095 661 καὶ
1125 606 1202 677 μὴ
1224 607 1286 658 τὸ
1310 606 1429 659 ὅλον
1455 607 1701 659 ἀκούσιοι
1721 608 1788 670 ³ο,

221 698 667 767 καταπίπτομεν.
696 699 808 752 Καὶ
837 700 943 769 γὰρ
971 699 1031 751 τὸ
1059 699 1332 768 δαιμόνιον
1378 699 1565 766 φῦλον,
1605 698 1656 751 εί
1702 698 1797 751 καὶ

224 789 342 838 τοῖς
370 788 597 856 αῖμασιν
620 789 806 858 ἥδεται
834 791 927 842 καὶ
955 792 1068 851 τοῖς
1104 789 1191 841 διὰ
1239 788 1441 858 σαρκὸς
1468 790 1649 858 χαίρει
1693 788 1797 841 πά-

227 874 405 939 θεσιν,
438 876 553 929 ἀλλ’
592 873 686 931 οὖν
734 878 885 930 οὐδὲν
915 878 1119 931 τούτων
1171 880 1232 930 οὐ
1270 878 1429 947 μόνον
1476 879 1799 949 αὐτουργεῖν

226 966 393 1033 φύσιν
422 968 522 1020 οὐκ
548 968 761 1038 ἔλαχεν,
792 969 908 1021 ἀλλ’
934 970 1038 1021 οὐδ’
1071 970 1250 1021 αἰτίαν
1279 969 1490 1021 οἴκοθεν
1525 968 1639 1037 ἔχει
1660 968 1798 1038 πρὸς

225 1058 263 1110 ἆ
294 1058 371 1128 μὴ
398 1058 557 1127 θέμις
598 1059 998 1128 ύποσύρουσαν.
1026 1058 1166 1113 Οὕτε
1200 1060 1309 1128 γὰρ
1339 1058 1488 1126 ξίφος
1543 1058 1678 1110 ὠθεῖ
1710 1059 1800 1111 διὰ

226 1150 332 1219 τῆς
362 1149 546 1213 δεξιᾶς
591 1150 727 1220 πρὸς
760 1151 859 1220 τὴν
910 1150 1145 1220 σφαγὴν,
1207 1150 1331 1202 οὔτε
1374 1150 1585 1220 γάμους
1639 1150 1803 1212 αὐτὸς

226 1241 441 1310 ὁμιλῶν
461 1244 525 1311 τῇ
582 1242 855 1312 μοιχαλίδι
904 1243 1029 1305 τοὺς
1075 1242 1447 1313 ἀνθρωπίνους
1492 1241 1801 1312 διορύσσει·

228 1332 351 1383 ἀλλ’
385 1333 508 1384 οὐδὲ
539 1334 709 1402 θυμὸς
740 1334 900 1385 αὑτὸν
933 1334 1181 1396 κολάζειν
1234 1334 1479 1403 ἀδίκημα
1526 1337 1666 1405 πρὸς
1704 1336 1805 1403 τὴν

233 1428 458 1495 σφαγὴν
485 1426 734 1489 συνωθεῖ,
770 1427 829 1477 ού
859 1427 964 1495 μὴν
1008 1428 1129 1479 οὐδὲ
1170 1429 1488 1496 σωματικῆς
1518 1428 1659 1496 ἔρως
1710 1426 1803 1495 μί·

228 1514 394 1578 ξεως.
450 1514 641 1584 Ἡμεῖς
673 1516 728 1567 δὲ
755 1516 1015 1579 πολλάκις
1041 1518 1135 1569 καὶ
1165 1511 1241 1571 ὧν
1300 1516 1398 1587 τὴν
1441 1518 1651 1588 αἵρεσιν
1685 1516 1807 1585 βδε·

230 1606 565 1673 λυττόμεθα,
620 1609 686 1676 τῇ
722 1608 862 1677 ῥοπῇ
921 1608 1023 1677 τῆς
1067 1606 1199 1675 ὕλης
1230 1609 1543 1679 νικηθέντες
1575 1607 1806 1679 ἐργαζό-

236 1697 405 1767 μεθα,
444 1700 535 1750 καὶ
552 1697 724 1770 βραχύ
756 1718 806 1752 τι
842 1700 979 1769 πρὸς
1001 1700 1090 1752 τὸν
1124 1700 1219 1752 τοῦ
1251 1703 1442 1769 νήφειν
1465 1702 1617 1754 τόνον
1643 1702 1808 1754 ὑπεν-

234 1789 422 1851 δὸντες
478 1792 587 1852 τοῖς
641 1790 871 1843 πάθεσιν
923 1790 1442 1861 ἀνδραποδιζόμεθα.
1493 1791 1656 1845 Ὅθεν
1715 1794 1807 1844 καὶ

1894 621 2041 664 sunt.
2072 608 2182 664 Nos
2205 619 2396 665 contra
2419 621 2475 662 et
2496 624 2661 663 carne
2688 607 3109 669 interturbante,
3141 617 3196 661 et
3221 609 3363 661 natis
3389 623 3456 661 cx

1894 716 1959 757 ea
1983 700 2364 756 aﬂectionibus
2386 700 2748 760 titillantibus,
2767 699 2833 751 ad
2859 699 3115 767 pleraque
3133 699 3324 752 delicta
3350 714 3456 750 non

1898 805 2091 861 sponte
2119 794 2384 857 volentes.
2416 793 2511 847 sed
2546 806 2644 845 nec
2672 790 2896 844 omnino
2923 790 3101 853 inviti,
3134 790 3455 843 delabimur.

1901 888 2215 941 Daemonum
2259 885 2404 939 enim
2446 898 2639 955 genus,
2684 882 2903 936 tametsi
2936 881 3201 950 sanguine
3226 879 3456 933 delecte-

1902 988 2010 1041 tur,
2053 986 2109 1031 et
2151 975 2364 1030 carneis
2416 975 2644 1044 gaudeat
2691 972 3091 1035 affectionibus,
3154 986 3258 1023 non
3303 970 3462 1021 modo

1904 1081 2083 1124 tamen
2113 1083 2234 1123 eam
2277 1078 2529 1123 naturam
2559 1081 2671 1121 non
2694 1065 2920 1133 accepit,
2955 1073 3015 1116 ut
3045 1062 3337 1128 quidquam
3367 1060 3461 1111 bo-

1903 1176 2023 1215 rum
2053 1159 2314 1229 perlicere
2336 1173 2436 1227 per
2466 1172 2526 1211 se
2552 1156 2744 1226 possit,
2776 1157 2872 1208 sed
2909 1166 3083 1216 neque
3121 1150 3284 1200 ullam
3310 1163 3375 1199 ex
3405 1162 3465 1198 se

1905 1254 2337 1321 proﬁciscentem
2366 1265 2585 1305 causam
2620 1248 2781 1302 habet
2818 1260 2938 1313 qua:
2970 1245 3036 1295 ad
3068 1240 3218 1294 nefas
3260 1240 3459 1294 trahat.

1907 1345 2089 1412 Neque
2119 1344 2264 1397 enim
2292 1342 2531 1411 gladium
2564 1340 2756 1395 dextra
2786 1337 2965 1391 vibrat
3007 1335 3073 1387 ad
3105 1333 3325 1396 easdem,
3367 1347 3463 1384 ne-

1907 1452 2011 1507 que
2058 1436 2271 1505 nuptias
2321 1435 2583 1488 humanas
2636 1446 2761 1485 cum
2807 1429 3049 1483 adultera
3103 1437 3466 1479 consuesceus

1910 1528 2094 1582 violat.
2152 1526 2257 1581 Sed
2308 1539 2408 1579 nec
2432 1522 2711 1577 iracundia
2752 1521 2928 1589 ipsum
2960 1517 3206 1586 impellit,
3229 1517 3372 1568 caade
3408 1526 3467 1565 ut

1910 1627 2189 1687 acceptam
2241 1615 2497 1684 injuriam
2528 1613 2788 1677 vindicet,
2808 1624 2981 1678 neque
3010 1621 3283 1673 corporeae
3314 1621 3467 1658 com-

1912 1710 2180 1764 mistionis
2227 1723 2399 1761 amor.
2424 1704 2536 1759 Nos
2583 1719 2713 1758 vero
2742 1718 2906 1770 saepe,
2949 1701 3191 1753 materia:
3238 1698 3469 1767 pondere

1913 1800 2141 1865 incitati,
2170 1814 2232 1853 ea
2284 1811 2501 1865 quoque
2545 1803 2936 1863 perpetramus,
2984 1804 3104 1859 quae
3143 1798 3334 1856 sponte
3375 1788 3468 1839 de—

238 1880 456 1943 Παῦλος
477 1881 627 1946 ὲὸόα,
666 1877 811 1934 Οἶδα
835 1882 877 1913 ³¹
908 1882 997 1934 ὅτι
1022 1858 1139 1936 οὐκ
1191 1858 1343 1935 οἰκεῖ
1374 1884 1443 1934 ἐν
1469 1882 1618 1951 ἐμοὶ,
1648 1900 1805 1936 τουτ-
1836 1858 1883 1919 Β

1836 1858 1883 1919 Β
1920 1902 2177 1947 testemur
2200 1889 2427 1957 eligere,
2457 1896 2618 1953 atque
2650 1887 2715 1938 ad
2750 1885 2910 1937 breve
2946 1858 3235 1935 admodum
3263 1888 3470 1944 tempus

234 1972 392 2025 ἐστιν
416 1974 475 2025 ἐν
502 1976 569 2042 τῇ
603 1974 770 2043 σαρκί
799 1991 925 2042 μου,
956 1973 1022 2027 τὸ
1065 1974 1290 2042 ἀγαθόν
1312 1990 1329 2008 ’
1384 1975 1447 2028 τὸ
1481 1976 1589 2044 γὰρ
1614 1975 1811 2030 θέλειν

237 2066 592 2133 παράκειταί
602 2084 723 2134 μοι,
739 2067 833 2118 καὶ
855 2066 983 2134 ἑξῆς
1006 2081 1018 2095 °
1048 2068 1144 2119 καὶ
1161 2066 1344 2131 πάλιν,
1371 2069 1451 2120 Οὐ
1470 2069 1578 2137 γὰρ
1599 2067 1630 2121 ὃ
1660 2068 1812 2122 θέλω

237 2157 392 2212 ποιῶ
442 2159 689 2227 ἀγαθὸν,
722 2158 860 2213 ἀλλ’
902 2158 933 2211 ὃ
980 2161 1051 2212 οὺ
1078 2158 1252 2223 θέλω,
1294 2158 1467 2212 τοῦτο
1523 2160 1808 2228 πράσσω.

238 2250 487 2313 Εἰκότως
513 2246 606 2303 οὖν
629 2251 724 2304 καὶ
752 2250 927 2303 πλείω
955 2250 1062 2302 τῶν
1082 2251 1394 2321 δαιμονίων,
1418 2254 1602 2321 φησὶν,
1636 2254 1813 2323 ἁμαρ-

239 2343 496 2403 τάνοντες
522 2381 538 2407 ,
575 2339 907 2412 συγγνώμης
935 2343 1091 2413 ἡμεῖς
1130 2342 1245 2394 ἀλλ’
1277 2343 1377 2394 οὐκ
1397 2345 1592 2395 ἐκεῖνοι
1613 2345 1815 2413 τυγχά-

240 2449 454 2485 νουσιν.

324 2697 450 2747 Ἔτι
478 2696 535 2748 δὲ
564 2689 673 2749 οὔδ’
700 2699 754 2749 εῖ
771 2715 854 2760 τις
886 2696 1022 2767 δοίη,
1044 2699 1200 2769 φησὶ,
1225 2699 1385 2776 φύσιν
1412 2698 1656 2767 ἀγγέλων
1686 2700 1817 2752 ἀνα-

240 2787 435 2839 λαϐεῖν
457 2788 547 2840 τὸν
577 2789 733 2858 ἡμῶν
754 2790 981 2860 Σωτῆρα
1023 2793 1118 2843 καὶ
1151 2792 1448 2862 Δυτρωτὴν
1482 2793 1577 2844 ἐπὶ
1595 2796 1663 2863 τῇ
1692 2793 1818 2845 τού-

241 2895 357 2930 των
376 2881 642 2950 σωτηρίᾳ,
666 2880 816 2933 οὐδὲν
854 2883 921 2934 ἂν
954 2882 1140 2952 κέρδος
1176 2884 1240 2936 ἐκ
1268 2885 1367 2951 τῆς
1399 2886 1692 2952 συναφείας
1720 2886 1819 2939 αύ-

243 2972 359 3063 τοῖς
390 2972 627 3063 ἀπήντα.
669 2973 906 3063 Ἀνάγκη
939 2974 1037 3042 μὲν
1070 2976 1177 3044 γὰρ
1210 2976 1311 3028 οὐκ
1354 2976 1420 3027 ἂν
1449 2977 1647 3037 αὐτοὺς
1685 2994 1820 3045 μετ-

243 3055 408 3123 ῆγεν,
432 3055 617 3121 ὣσπερ
638 3056 759 3107 οὐδὲ
782 3058 905 3118 τοὺς
923 3059 1017 3109 ἀνθ
1028 3058 1264 3127 ρώπους,
1289 3060 1395 3110 ἀπὸ
1417 3060 1509 3111 τοῦ
1530 3060 1819 3129 πτώματος

1910 1980 2221 2039 sobrietatis
2260 1978 2591 2034 contentioni
2630 1976 2905 2038 cedentes,
2963 1986 3152 2025 rursus
3204 1971 3273 2024 ab
3336 1969 3465 2022 alle-

1910 2075 2087 2128 ctibus
2108 2073 2306 2125 nostris
2328 2069 2522 2136 captivi
2543 2067 2878 2121 abducimur.
2901 2062 3051 2117 Unde
3072 2071 3126 2114 et
3150 2060 3344 2114 Paulus
3361 2060 3442 2111 cla

1913 2160 2109 2214 tnabat.
2146 2157 2267 2211 Scio
2320 2158 2448 2226 quia
2505 2172 2612 2209 non
2664 2154 2863 2206 habitat
2911 2153 2967 2203 in
3014 2166 3115 2211 me,
3151 2152 3248 2201 hoc
3281 2158 3377 2209 cst,
3415 2149 3467 2197 in

1912 2268 2067 2305 carne
2089 2267 2221 2311 mea,
2251 2249 2460 2303 bonum.
2497 2246 2638 2300 Nam
2665 2246 2790 2300 velle
2816 2245 3020 2312 adjacet
3062 2244 3243 2305 mihi”,
3267 2254 3318 2293 et
3350 2254 3469 2308 qua:

1915 2354 2263 2410 sequuntur:
2306 2341 2649 2406 iterumque:
2686 2336 2808 2389 Non
2858 2337 2994 2389 enim
3042 2334 3179 2401 quod
3218 2333 3331 2385 volo
3380 2333 3470 2382 bo~

1915 2455 2061 2499 num,
2097 2437 2192 2489 hoc
2235 2435 2401 2504 fario,
2441 2433 2532 2486 sed
2570 2430 2708 2499 quod
2747 2430 2865 2482 nolo
2897 2425 3143 2499 [malum]
3179 2426 3272 2477 hoc
3303 2440 3399 2493 ago
3424 2424 3466 2475 ί.

1917 2529 2108 2583 Merito
2154 2528 2334 2597 igitur,
2386 2524 2490 2580 etsi
2537 2523 2689 2592 plura
2738 2536 2900 2590 quam
2947 2519 3239 2577 dzemones.
3277 2516 3468 2582 inquit,

1917 2632 2222 2689 peccemus,
2273 2630 2372 2669 nos
2433 2614 2646 2668 veniam
2698 2622 3130 2678 consequemur,
3179 2621 3287 2658 non
3349 2604 3471 2672 ipsi.

1986 2707 2231 2775 Amplius
2250 2720 2401 2769 vero,
2422 2716 2597 2771 neque
2631 2700 2678 2755 si
2720 2698 3050 2753 concesserit
3073 2695 3362 2763 quispiam,
3394 2694 3473 2742 in-

1917 2802 2055 2871 quit,
2108 2796 2305 2866 205a
2337 2804 2580 2848 nostrum
2612 2790 2947 2846 Salvatorem
2974 2803 3036 2841 ac
3061 2786 3473 2851 Redemptort-m

1920 2890 2233 2961 angelorum
2262 2896 2509 2941 naturam
2548 2898 2648 2951 pro
2686 2882 2899 2936 illorum
2936 2880 3110 2934 salute
3152 2876 3475 2944 suscepisse,

1919 2982 2267 3038 commodum
2302 2979 2435 3049 ipsis
2472 2978 2639 3034 ullum
2684 2990 2747 3029 ex
2783 2975 2881 3027 hac
2918 2970 3174 3024 allinitate
3204 2968 3474 3021 obvertim.

1923 3075 2039 3129 Non
2086 3075 2233 3127 enim
2279 3070 2575 3125 necessitas
2620 3067 2789 3134 ipsos,
2837 3071 2894 3117 ut
2926 3077 3101 3131 neque
3140 3060 3411 3120 homines,
3449 3072 3477 3108 a

253 3149 351 3200 ἐπὶ
389 3150 451 3199 τὸ
482 3150 761 3216 κρεῖττον·
814 3149 907 3201 τὸν
954 3149 1010 3201 δὲ
1042 3150 1264 3217 θεοφιλή
1311 3151 1406 3203 καὶ
1434 3151 1657 3221 ἄριστον
1707 3152 1818 3221 βίον
1850 3193 1892 3251 c

1810 3172 1818 3199 '
1850 3193 1892 3251 ρ
1926 3170 2075 3235 lapsu
2110 3167 2175 3219 ad
2219 3164 2496 3219 meliorem
2543 3168 2745 3215 statum
2774 3157 3064 3211 transierat
3098 3169 3114 3206 :
3154 3153 3245 3206 sed
3276 3153 3472 3218 optima

248 3239 454 3309 πρᾶξις
483 3239 681 3308 ἀρίστη
708 3240 801 3291 καὶ
830 3239 1011 3301 νεῦσις
1039 3242 1120 3302 εἰς
1149 3241 1302 3300 Θεὸν,
1340 3242 1476 3310 ὅπερ
1503 3244 1619 3293 ἐστὶ
1642 3243 1820 3306 πίστις

249 3330 612 3399 ἁκηλίδωτος,
649 3332 1067 3396 κατασκευάζει,
1100 3325 1174 3384 ὧν
1206 3334 1339 3401 ἡμῖν
1376 3333 1673 3402 εἰσηγητὴς
1724 3333 1820 3385 καὶ

246 3424 578 3485 διδάσκαλος
600 3424 629 3475 ὁ
662 3424 967 3493 σαρκωθεὶς
1006 3424 1341 3493 ἐχρημάτισε
1379 3424 1572 3491 Λόγος.
1604 3425 1823 3477 Τούτων

250 3516 311 3567 δὲ
339 3514 625 3583 οὐδέτερον
656 3513 789 3583 πρὸς
825 3511 947 3582 [357
970 3512 1427 3583 ΙΙ.];διδασκαλίαν
1457 3517 1551 3566 καὶ
1590 3514 1826 3584 μάθησιν

254 3609 504 3678 (ᾔδεισαν
530 3608 639 3676 γάρ
674 3607 862 3673 σαφῶς
890 3605 1170 3674 ἑκάτερον)
1197 3605 1275 3675 τῷ
1303 3606 1409 3658 τῶν
1431 3608 1675 3673 ἀγγέλων
1693 3624 1820 3660 συν-

254 3702 436 3753 ετέλει
488 3700 638 3767 γένει
657 3714 671 3728 '
703 3698 764 3761 ἐξ
788 3698 957 3765 αὐτῆς
984 3697 1091 3766 γὰρ
1122 3699 1460 3766 παραγωγῆς
1493 3702 1591 3767 τὴν
1619 3699 1826 3754 τούτων

253 3791 409 3860 εἶχον
430 3791 652 3860 γνῶσιν.
679 3792 756 3844 Οὐ
786 3795 918 3863 γὰρ,
963 3792 1151 3863 ὥσπερ
1180 3796 1359 3863 ἡμεῖς,
1410 3795 1518 3847 τῶν
1565 3797 1827 3850 τοιούτων

256 3882 473 3945 ἐπιδεὴς
504 3883 563 3934 τὸ
617 3883 927 3951 ἀσώματον.
966 3886 1073 3937 Καὶ
1126 3886 1235 3954 γὰρ
1292 3886 1385 3938 καὶ
1433 3887 1524 3939 τὸν
1575 3888 1702 3941 Υίὸν
1734 3889 1827 3941 τοῦ

257 3972 401 4025 θεοῦ
430 3974 598 4043 σαρκὶ
628 3976 870 4043 παρόντα
899 3975 1151 4042 δαίμονες
1168 3977 1555 4046 ἐπεγίνωσκον,
1587 3982 1682 4032 καὶ
1705 3996 1827 4050 κριο

258 4066 363 4134 τὴν
398 4066 494 4117 καὶ
526 4064 856 4134 βασανιστὴν
879 4068 972 4118 καὶ
1004 4069 1281 4137 Δεσπότην
1307 4070 1689 4141 ἁνεκήρυττον.
1722 4073 1833 4125 Καὶ

259 4156 326 4205 τὸ
347 4154 491 4223 ίερὸν
512 4155 750 4226 Γράμμα
780 4160 1050 4229 μαρτυρεί
1066 4157 1243 4225 λέγον,
1262 4159 1344 4211 Σὺ
1365 4160 1409 4191 ³³
1426 4162 1722 4226 πιστεύεις
1745 4162 1834 4214 ὅτι

265 4246 414 4310 Θεός
433 4245 583 4307 ἐστι,
607 4246 705 4299 καὶ
727 4248 796 4299 τὰ
826 4247 1101 4315 δαιμόνια
1127 4250 1481 4301 πιστεύουσι
1534 4250 1634 4301 καὶ
1662 4252 1836 4317 φρίσ-

262 4348 454 4387 σσυσι
472 4349 489 4366 ⁸
530 4334 654 4405 [652
692 4336 784 4408 R.)
812 4339 905 4391 καὶ
926 4337 1185 4408 ἀλλαχοῦ,
1223 4338 1333 4391 Τὸν
1347 4340 1466 4407 μὲν
1494 4339 1536 4370 ³³
1578 4341 1835 4406 Χριστὸν

262 4422 425 4491 οῖδα,
458 4426 557 4478 καὶ
582 4428 689 4480 τὸν
724 4429 973 4482 Παῦλον
993 4432 1316 4497 ἐπίσταμαι
1337 4447 1351 4460 ·
1396 4430 1476 4483 σὺ
1509 4430 1577 4482 δὲ
1621 4433 1715 4495 τίς
1744 4429 1799 4484 εἷ
1816 4448 1835 4494 ;

1923 3276 2146 3333 quaeque
2173 3258 2435 3328 operatio,
2455 3262 2617 3323 atque
2642 3263 2941 3323 propensus
2961 3249 3017 3302 in
3045 3248 3209 3300 Deum
3242 3246 3475 3303 animus,

1923 3357 2067 3422 quod
2098 3362 2182 3406 est
2214 3352 2349 3404 ﬁdes
2381 3346 2747 3411 immaculata,
2778 3352 2983 3413 gratam
3024 3341 3129 3394 Deo
3161 3338 3325 3390 vitam
3356 3350 3479 3403 pro-

1925 3447 2157 3511 bamque
2213 3440 2396 3505 eﬂicit,
2456 3453 2687 3508 quorum
2741 3436 2895 3489 nobis
2946 3436 3055 3487 dux
3092 3440 3147 3485 et
3184 3438 3480 3499 praeceptor

1928 3534 2163 3592 Verbum
2205 3534 2552 3587 incarnatutn
2598 3528 2720 3591 fuit,
2750 3541 2871 3581 cum
2911 3538 3099 3577 eorum
3142 3532 3319 3575 tamen
3344 3533 3480 3571 nen-

1930 3639 2075 3695 trum
2110 3628 2176 3680 ad
2214 3624 2441 3694 angelici
2478 3620 2692 3691 generis
2718 3618 2824 3688 (cui
2862 3617 2974 3670 brec
3009 3618 3121 3682 ipsa
3156 3613 3290 3667 satis
3327 3621 3483 3663 erant

1926 3714 2166 3786 cognita)
2217 3712 2629 3767 instructionem
2681 3716 2843 3773 atque
2888 3704 3188 3757 doctrinam
3216 3700 3484 3754 conduce-

1932 3820 2043 3874 ret;
2074 3805 2166 3874 qui
2199 3805 2264 3857 ab
2308 3804 2421 3871 ipsa
2465 3801 2547 3855 sui
2580 3794 2937 3867 productione
2978 3793 3166 3845 horum
3200 3789 3482 3845 scientiam

1932 3898 2265 3953 habuissent.
2296 3892 2476 3961 Neque
2501 3892 2669 3953 enim,
2705 3901 2773 3951 ut
2803 3904 2920 3952 nos,
2952 3886 3146 3940 talibus
3181 3882 3485 3950 incorporei

1932 3990 2196 4057 indigent.
2226 3985 2441 4040 Etenim
2474 3984 2565 4037 Dei
2613 3981 2807 4035 Filium
2855 3981 2908 4034 in
2954 3991 3120 4032 carne
3166 3986 3487 4043 praesentem

1933 4084 2199 4135 daemones
2220 4078 2608 4148 agnoscebant,
2637 4084 2692 4128 et
2726 4072 2961 4143 judicem
2989 4084 3109 4124 eum
3152 4082 3365 4137 pmnatn
3409 4066 3490 4117 in-

1935 4176 2216 4234 lerentem,
2241 4186 2305 4225 ac
2328 4169 2610 4224 Dominum
2642 4167 3005 4234 pradicabant
3023 4165 3070 4215 ε.
3098 4162 3165 4216 Et
3194 4175 3359 4214 sacrae
3388 4160 3489 4211 bne

1945 4274 2156 4319 testata:
2184 4264 2397 4316 Littera:
2427 4263 2575 4313 aiunt
2607 4278 2622 4314 :
2652 4258 2730 4311 Tu
2766 4258 2935 4311 credis
2953 4256 3195 4325 quoniam
3232 4252 3366 4305 Deus
3392 4260 3489 4311 est,

1935 4357 2089 4409 etiam
2116 4358 2379 4407 dwmones
2424 4351 2663 4415 credunt,
2696 4358 2745 4402 et
2775 4341 3238 4401 contremiscunth.
3266 4344 3493 4394 lterum-

1938 4460 2043 4515 que
2073 4445 2197 4497 alibi
2224 4444 2437 4498 :Jesum
2463 4443 2598 4505 novi,
2637 4452 2683 4493 et
2720 4437 2947 4491 Paulum
2965 4438 3072 4489 scio
3095 4451 3113 4489 :
3140 4446 3193 4486 tu
3226 4449 3342 4487 vero
3378 4434 3493 4499 quis

264 4517 330 4580 ἐξ
358 4517 435 4569 ὧν
464 4518 625 4587 δῆλον
656 4518 737 4570 ὅτι
762 4519 823 4571 τὸ
855 4520 1132 4589 δαιμόνιον
1160 4520 1325 4588 φῦλον
1360 4521 1419 4571 ού
1450 4523 1607 4587 μόνον
1632 4522 1747 4591 ᾔδει
1775 4540 1834 4573 τε
1872 4535 1912 4587 ι)

1833 4564 1834 4568 η
1872 4535 1912 4587 1)
1940 4535 2061 4589 esi?
2089 4534 2241 4589 Unde
2275 4534 2409 4587 satis
2445 4542 2613 4600 patet,
2650 4531 2948 4583 daemonum
2973 4527 3239 4579 nationem
3274 4538 3377 4576 non
3410 4538 3495 4575 so-

262 4610 360 4659 τὸν
392 4608 524 4661 Θεὸν
548 4612 643 4661 καὶ
681 4610 936 4663 ἐδεδοίκει
983 4613 1077 4664 καὶ
1104 4613 1315 4676 ἔσεϐεν,
1374 4613 1509 4665 ἀλλὰ
1560 4615 1653 4667 καὶ
1709 4618 1835 4677 τους

264 4700 485 4755 ἐκείνου
521 4705 775 4771 γνησίους
806 4702 1176 4771 θεραπευτάς.

339 4792 535 4844 Δίτίαν
565 4792 621 4843 δὲ
650 4793 746 4861 τῆς
785 4794 992 4862 ἀφάτου
1045 4792 1454 4863 φιλανθρωπίας
1505 4794 1839 4848 ὲπισύναπτε

266 4884 369 4935 καὶ
420 4881 643 4951 ταύτην.
680 4883 838 4952 Ἡμῖν
895 4883 992 4953 μὲν
1046 4884 1251 4951 ἀνοίγει
1294 4884 1383 4936 τὸν
1412 4885 1638 4953 οὐρανὸν
1687 4883 1840 4936 οὔπω

265 4972 534 5041 γεγονότα
564 4972 724 5042 βατὸν
752 4974 871 5027 οὐδὲ
902 4973 1090 5026 θεατόν
1109 4988 1123 5002 ·
1153 4975 1211 5036 ὃς
1244 4976 1337 5027 καὶ
1378 4974 1638 5044 οὐρανῶν,
1660 4971 1836 5043 οἶμαι,

270 5065 527 5134 βασιλεία
559 5064 1044 5133 προσαγορεύεται.
1078 5066 1234 5117 Κατὰ
1262 5069 1371 5135 γὰρ
1403 5067 1493 5119 τὸν
1519 5067 1659 5120 θεῖον
1692 5069 1838 5119 Παύ-

268 5158 385 5219 λον,
411 5156 818 5207 Ὲνεκαίνισεν
832 5156 877 5185 ³⁸
904 5156 1049 5223 ἡμῖν
1076 5155 1221 5208 ὁδὸν
1242 5156 1594 5223 πρόσφατον
1626 5159 1720 5210 καὶ
1741 5158 1841 5217 ζῶ-

268 5264 400 5301 σαν
426 5264 439 5275 ·
487 5248 599 5311 καὶ,
638 5250 757 5301 Οὐκ
776 5249 820 5279 ³⁸
850 5250 935 5313 εἰς
978 5250 1353 5317 χειροποίητα
1379 5250 1513 5319 ἅγια
1536 5251 1841 5318 εἰσῆλθεν,

267 5337 419 5392 ἀλλ’
449 5341 536 5402 εἰς
561 5341 747 5391 αὑτὸν
794 5339 903 5392 τὸν
935 5342 1214 5408 οὐρανὸν,
1262 5343 1378 5396 νῦν
1406 5344 1845 5411 ἐμφανισθῆναι

1947 4632 2052 4684 Ιιιιιι
2082 4630 2223 4682 scire
2255 4628 2443 4688 Deum,
2468 4640 2701 4692 eumque
2729 4632 2986 4684 metuere,
3018 4629 3073 4675 et
3098 4616 3366 4680 venerari,
3399 4617 3493 4669 sed

1944 4732 1997 4775 ct
2029 4732 2312 4788 germanos
2347 4718 2465 4782 ejus
2504 4716 2762 4768 cultores.

2016 4813 2186 4867 Porro
2219 4810 2506 4865 inell’abilis
2548 4809 2599 4860 in
2634 4806 2879 4860 homines
2916 4803 3118 4856 amoris
3149 4800 3240 4853 Dei
3276 4812 3498 4853 causam

1946 4915 2000 4958 et
2035 4905 2173 4956 hanc
2196 4902 2458 4968 adiungit.
2506 4897 2671 4951 Nobis
2696 4891 2918 4967 [inquit]
2954 4893 3288 4946 inaccessum
3313 4900 3496 4946 antea,

1950 4993 2258 5061 nemiuique
2284 4992 2457 5044 adhuc
2486 4990 2654 5040 visum
2683 4988 2876 5039 malum
2904 4982 3067 5052 (quod
3091 4981 3343 5033 caelorum
3372 4988 3499 5046 putn

1950 5098 2164 5149 regnum
2206 5080 2457 5149 appellat)
2504 5078 2699 5147 aperit.
2748 5074 2878 5127 Nam
2935 5073 3225 5126 secundmu
3284 5070 3496 5123 beatum

1953 5174 2173 5227 Paulum
2206 5191 2217 5225 :
2252 5171 2488 5225 Initiavit
2524 5168 2670 5220 nobis
2701 5167 2835 5218 riam
2859 5180 3065 5226 novam,
3098 5172 3147 5215 et
3186 5165 3430 5216 virentem
3462 5159 3496 5211 ¹.

1954 5264 2018 5315 lit
2048 5280 2061 5315 :
2098 5260 2215 5313 Non
2244 5263 2295 5313 in
2318 5259 2619 5324 manufacta
2637 5264 2816 5307 sancta
2845 5253 3108 5318 introivit,
3136 5254 3221 5303 sed
3249 5254 3301 5302 in
3333 5251 3496 5316 ipsum

1954 5355 2159 5419 caelum,
2181 5362 2233 5405 ut
2258 5360 2505 5421 appareat
2530 5364 2664 5401 nunc
2691 5344 2853 5398 cultui
2885 5342 2978 5394 Dei
3012 5359 3105 5409 pro
3152 5342 3294 5393 nobis
3316 5341 3365 5393 κ.
3398 5340 3498 5392 Et:

354 5466 377 5491 υ
412 5450 567 5505 Horn.
602 5454 808 5516 “1,18.
878 5454 897 5492 ί
920 5454 1151 5511 ibid.i9.
1215 5455 1691 5523 3M3tth.vm,29.
1754 5458 1911 5518 Hac.
1939 5482 1997 5531 ιι,
2023 5468 2103 5522 19.
2152 5467 2166 5506 ί
2196 5462 2554 5529 Aet.x1x,l5.
2626 5460 2639 5511 i
2675 5461 2834 5515 llebr.
2857 5454 3016 5519 x,‘.’.0.
3083 5456 3103 5493 ι
3128 5454 3288 5510 Hebr.
3318 5470 3389 5516 IX.
3415 5454 3484 5507 Ξιίν

1549 5619 1786 5676 VARle
1822 5622 2226 5679 LECTIUNES.

352 5743 781 5817 “antistatis.
810 5739 1053 5817 --ξ’-οἶδα]
1085 5743 1238 5817 Rom.
1270 5760 1359 5800 vn.
1402 5746 1483 5800 18.
1560 5747 1601 5777 ³¹
1639 5744 1859 5817 sullae.
1904 5762 1962 5810 ιι,
2001 5746 2078 5801 l9.
2155 5746 2198 5776 ³³
2236 5744 2324 5796 τὸν
2358 5743 2476 5815 μὲν]
2502 5744 2616 5797 Act.
2646 5757 2753 5805 xxx,
2792 5741 2875 5794 15.

277 5829 337 5882 x,
405 5814 500 5881 30,
595 5816 639 5847 ⁸⁵
663 5812 783 5883 οὐκ]
810 5813 936 5868 ibid.
970 5812 1049 5882 ιλ,
1074 5816 1167 5879 24,

2976 5739 3017 5771 δί
3046 5736 3276 5790 ξνεκαίν.
3342 5732 3499 5789 "8LT.
