4208 6448
765 406 873 475 819

1907 403 2167 465 ΡΙῙΟΤΙῘ
2206 400 2710 462 PATRIARCIL‘E
2748 404 2855 464 (ΣΡ.

3899 406 4005 473 820

769 525 869 582 Ubi
900 537 1195 593 pra-cursor
1232 535 1325 591 pro
1354 519 1502 577 nobis
1544 519 1778 574 introivit
1826 516 2068 573 Christus
2093 518 2137 573 ι.
2172 518 2319 571 lianc
2352 518 2431 575 At

2352 518 2397 575 Α
2422 515 2502 578 τῷ
2529 516 2827 581 προσώπῳ
2846 517 2950 570 τοῦ
2974 517 3121 570 Θεοῦ
3158 516 3311 584 ὑπὲρ
3335 515 3506 585 ἡμῶν
3528 533 3544 549 ο
3579 517 3693 583 καὶ,
3734 517 3934 573 Ὅπου
3954 517 4003 551 ⁸⁸

768 617 933 687 igitur
971 616 1113 670 viam
1163 610 1444 674 revelavit,
1490 610 1768 678 adquam
1801 618 1858 663 ut
1898 608 2051 663 nobis
2085 610 2325 677 praeiret,

761 706 987 775 ju’stitia
1014 701 1292 773 exemplar
1335 697 1458 761 fuit,
1488 712 1594 766 quo
1627 698 1918 766 aliquando
1951 699 2151 762 edocti,
2180 697 2326 751 desi-

768 798 925 853 derio
956 796 1392 856 accenderemur,
1428 804 1598 860 eoque
1624 789 1837 844 accensi
1899 790 1965 842 ad
2023 802 2135 842 rem
2180 788 2330 844 desi-

769 889 1010 943 deratam
1046 897 1497 955 praepararemur.
1531 881 1756 950 Angelis
1802 894 1933 934 vero
1977 880 2172 934 etelum
2218 880 2329 947 jam

770 979 895 1032 inde
918 994 948 1032 a
974 976 1239 1046 principio
1272 984 1461 1028 notum
1490 972 1615 1035 fuit,
1639 982 1799 1042 atque
1825 980 2101 1027 testatum.
2120 972 2332 1026 Nostrae

770 1081 1029 1138 praeterea
1074 1067 1391 1132 coniunctus
1418 1072 1621 1118 natura:
1666 1062 2122 1131 resurrectionem
2157 1063 2331 1125 nobis,

768 1170 824 1215 et
865 1158 1323 1227 incorruptionem
1362 1166 1524 1225 atque
1550 1154 2018 1207 immortalitatem
2048 1167 2143 1220 per
2177 1166 2332 1205 suam

770 1246 1230 1301 resurreCtionem
1275 1244 1515 1298 donavit.
1545 1241 1919 1310 incorporeum
1968 1256 2097 1294 vero
2140 1256 2333 1309 genus,

772 1351 892 1390 cum
928 1338 999 1390 sit
1031 1336 1355 1399 immortale,
1390 1337 1492 1388 hae
1521 1349 1623 1388 non
1655 1335 1860 1403 indiget
1909 1334 2104 1402 gratia.
2137 1331 2334 1386 Nostra

777 1428 1001 1496 insuper
1022 1442 1183 1482 causa
1213 1426 1266 1480 in
1295 1442 1461 1481 carne
1492 1426 1891 1494 peregrinatus,
1924 1440 1953 1477 a
1984 1424 2205 1488 diaboli,
2231 1438 2337 1491 qua

777 1520 1115 1583 tenebamur,
1149 1519 1434 1589 tyrannide
1472 1534 1570 1572 nos
1598 1517 1869 1580 liberavit,
1912 1518 1977 1570 de
2013 1516 2332 1584 principati-

775 1612 926 1666 bus"
972 1612 1310 1679 triumphans
1354 1620 1408 1662 et
1456 1610 1812 1679 potestatibus
1854 1608 1905 1660 in
1952 1621 2113 1661 cruce
2147 1648 2163 1669 ,
2213 1608 2337 1659 data

775 1704 904 1757 item
955 1702 1110 1756 nobis
1171 1712 1439 1770 potestate
1503 1700 1745 1756 calcandi
1815 1714 2030 1754 omnem
2082 1701 2338 1754 virtutem

774 1791 982 1846 inimici
1009 1802 1059 1843 ιι.
1097 1789 1193 1845 Ubi
1226 1792 1269 1843 si
1299 1791 1487 1843 horum
1512 1790 2058 1853 subiissetnaturam,
2078 1803 2335 1855 quosnam

772 1881 1206 1936 destruxisset"?
1259 1880 1347 1934 De'
1379 1880 1575 1949 quibus
1619 1881 2058 1949 triumphasset?
2112 1880 2335 1945 Qualem

775 1968 903 2023 item
933 1969 1253 2037 quibusdam
1282 1976 1606 2038 potestatem
1631 1968 1890 2032 dedisset,
1925 1969 2094 2022 autin
2126 1968 2297 2038 quos?

842 2145 1035 2216 205i:
1069 2146 1147 2200 Ad
1182 2147 1298 2200 lizec
1333 2160 1459 2198 vero
1492 2162 1612 2200 cum
1653 2161 1752 2200 nos
1818 2146 1949 2214 lapsi
1984 2162 2186 2209 sumus,
2225 2146 2343 2198 nul-

774 2236 885 2291 lum
932 2238 1197 2304 reliquum
1248 2236 1348 2289 fuit
1388 2218 1683 2304 exeinplar,
1714 2238 1855 2306 quod
1904 2238 2146 2291 eamdem
2182 2248 2342 2289 natl-

776 2343 892 2381 ram
924 2328 1189 2396 integram
1223 2328 1503 2381 retineret.
1532 2329 1603 2381 At
1628 2328 1792 2398 lapsis
1822 2328 2156 2383 daemonibus
2186 2329 2345 2382 innu-

777 2420 1065 2475 merabiles
1114 2419 1471 2475 nihilominus
1504 2422 1949 2490 incorporearum
1996 2423 2143 2476 acies
2191 2423 2343 2476 inva-

776 2513 913 2567 riate
936 2512 1269 2576 consistunt,
1300 2527 1421 2582 quas
1449 2521 1505 2566 et
1530 2513 1728 2568 divinae
1759 2513 2120 2568 ordinationis
2159 2530 2346 2570 exem-

777 2602 920 2670 plum
955 2639 973 2666 ,
1032 2610 1089 2655 et
1133 2617 1406 2671 nunquam
1460 2602 1609 2657 ﬂexae
1674 2604 2016 2658 rectitudinis
2073 2606 2345 2673 specimen

777 2693 1123 2747 exhiberem.
1159 2693 1503 2762 Quapropter
1527 2696 1617 2762 qui
1644 2696 1825 2748 omnia
1864 2697 2156 2763 sapienter,
2190 2708 2244 2752 et
2265 2714 2349 2752 su-

780 2798 874 2849 pra
899 2798 1061 2852 quam
1086 2783 1193 2837 dici
1219 2794 1414 2852 potest,
1436 2785 1680 2853 providet
1708 2800 1771 2839 ac
1796 2784 1928 2839 facit
1955 2785 2097 2840 Deus
2124 2797 2345 2853 noster,

782 2874 983 2942 Deique
1013 2875 1265 2939 Verbum,
1300 2890 1420 2929 cum
1450 2876 1563 2945 jam
1594 2878 1824 2929 humana
1862 2886 2059 2931 natura
2094 2876 2346 2947 prolapsa

780 2972 947 3029 esset,
979 2980 1083 3019 non
1115 2968 1254 3020 hanc
1276 2967 1454 3021 solum
1495 2983 1562 3022 ex
1614 2968 1828 3023 inﬁnita
1870 2984 1968 3024 sua
2003 2971 2059 3024 in
2099 2970 2351 3025 homines

781 3055 983 3110 amoris
1005 3056 1055 3110 vi
1078 3056 1329 3120 assumit,
1347 3058 1440 3111 sed
1464 3074 1559 3127 per
1578 3072 1696 3112 eam
1718 3074 1932 3128 quoque
1952 3060 2227 3126 omnibus,
2248 3060 2339 3129 qui

2431 606 2766 677 πρόδρομος
2793 607 2947 677 ὑπὲρ
2991 608 3163 677 ἡμῶν
3188 606 3437 676 εἰσῆλθε
3470 612 3744 677 Χριστός.
3786 610 4007 679 ταύτην

2434 694 2526 747 οὖν
2551 697 2651 763 τὴν
2680 697 2799 749 ὁδὸν
2828 699 2959 766 ἡμῖν
2990 697 3319 766 ἀνεκάλυψε,
3358 700 3452 752 καὶ
3480 700 3682 769 ταύτης
3707 702 3839 769 ημῖν
3869 700 4003 751 καθ-

2430 786 2743 855 ηγήσασθαι
2773 786 3118 857 δικαιοσύνης
3137 788 3411 853 ἀπόδειξις
3437 784 3528 860 ἦν,
3550 789 3627 854 ὡς
3652 790 3718 843 ἂν
3741 790 4007 859 μαθόντες

2433 876 2876 947 ὲπιποθήσωμεν,
2912 878 3248 947 ποθήσαντες
3279 880 3335 932 δὲ
3390 880 3526 949 πρὸς
3562 880 3624 933 τὸ
3671 880 4003 949 ποθούμενον

2435 968 2998 1038 παρασκευαζώμεθα.
3030 971 3153 1033 Τοῖς
3199 969 3251 1021 δὲ
3311 971 3565 1038 ἀγγέλοις
3619 971 3901 1041 γνώριμος
3937 966 4006 1039 ἧν

2435 1058 2531 1109 ἀπ’
2561 1058 2737 1127 ἀρχῆς
2769 1060 2859 1113 καὶ
2885 1061 2967 1123 είς
3018 1060 3219 1128 γνῶσιν
3252 1062 3490 1130 ἠγμένος
3534 1063 3562 1114 ό
3601 1062 3851 1131 οὐρανός.
3886 1061 4007 1114 Ἔτι

2435 1149 2492 1202 δὲ
2544 1152 2637 1202 καὶ
2680 1153 2711 1219 ὴ
2724 1154 2814 1218 μίν
2872 1152 2970 1221 μὲν
3032 1152 3131 1221 τὴν
3183 1153 3477 1206 ἀνάστασιν
3527 1153 3748 1215 ἑνωθεὶς
3798 1154 3898 1207 καὶ
3951 1156 4010 1207 τὺ

2438 1239 2720 1312 ἄφθαρτον
2762 1243 2856 1296 καὶ
2904 1244 3170 1299 ἀθάνατον
3217 1245 3306 1298 διὰ
3337 1248 3437 1316 τῆς
3482 1245 3687 1306 οἰκείας
3720 1246 4008 1315 χαρίζεται

2438 1332 2788 1394 ἀναστάσεως
2810 1348 2825 1362 ο
2877 1332 2938 1385 τὸ
2965 1333 3021 1385 δὲ
3048 1331 3337 1400 ἀσώματον
3389 1333 3544 1401 γένος
3563 1372 3577 1395 ,
3629 1334 3897 1385 ἀθάνατον
3928 1332 4005 1397 ὃν,

2438 1425 2541 1489 τῆς
2573 1423 2831 1493 τοιαύτης
2870 1424 3115 1487 ἀνενδεὲς
3159 1424 3401 1493 χάριτος.
3449 1425 3558 1476 Καὶ
3607 1424 3675 1477 δι’
3707 1425 3857 1493 ἡμᾶς
3913 1424 4009 1494 μὲν

2440 1514 2786 1583 ἐπιδημήσας
2839 1517 3001 1585 σαρκὶ
3062 1517 3162 1585 τῆς
3213 1516 3552 1585 κατεχούσης
3614 1516 3709 1569 τοῦ
3762 1517 4009 1570 διαϐόλου

2440 1608 2753 1675 τυραννίδος
2786 1607 3147 1675 ἠλευθέρωσε,
3191 1608 3292 1671 τάς
3316 1608 3490 1677 ἀρχάς
3515 1609 3893 1679 θριαμϐεύσας
3920 1612 4009 1663 καὶ

2441 1697 2541 1760 τὰς
2572 1698 2819 1761 ἐξουσίας
2853 1701 2909 1749 ἐν
2942 1698 3021 1768 τῷ
3051 1698 3288 1768 σταυρῷ,
3324 1700 3419 1751 καὶ
3447 1698 3675 1769 δύναμιν
3703 1702 3839 1769 ⁴ἡμῖν
3862 1718 4007 1769 χάριν

2444 1789 2676 1857 σάμενος
2701 1792 2881 1842 πᾶσαν
2908 1788 3009 1860 τὴν
3028 1789 3122 1842 τοῦ
3154 1788 3348 1859 ἐχθροῦ
3381 1789 3609 1858 δύναμιν
3638 1793 4005 1843 καταπατεῖν·

2441 1879 2489 1931 εί
2523 1880 2580 1932 δὲ
2604 1880 2703 1948 τὴν
2728 1880 2949 1931 ἐκείνων
2980 1880 3146 1931 ὑπέδυ
3178 1878 3362 1947 φύσιν,
3392 1878 3543 1941 τίνας
3569 1879 3635 1932 ἂν
3661 1881 4010 1948 κατήργησες

2440 1971 2599 2023 ποίαν
2650 1971 2706 2022 δὲ
2748 1972 2848 2039 τὴν
2900 1970 3147 2035 ἐξουσίαν
3178 1971 3318 2023 τίσιν
3365 1970 3536 2023 ἐδίδου
3595 1973 3692 2025 καὶ
3735 1972 3883 2026 κατά
3933 1973 4013 2025 τί-

2441 2078 2547 2114 νων
2566 2078 2580 2127 ;

2510 2154 2695 2221 Χωρὶς
2719 2152 2775 2204 δὲ
2798 2152 2905 2203 τῶν
2932 2152 3261 2220 εἰρημένων,
3282 2154 3413 2222 ἡμῖν
3439 2152 3537 2223 μὲν
3559 2152 3817 2205 πεσοῦσιν
3844 2153 4018 2214 οὐδεὶς

2440 2239 2508 2314 ἦν
2529 2243 2894 2311 ὑπογραμμὸς
2926 2243 3021 2310 τὴν
3048 2240 3215 2311 αὐτὴν
3244 2240 3426 2309 λαχὼν
3464 2240 3625 2309 φύσιν
3656 2238 4016 2309 διορθώσεως,

2442 2336 2555 2397 τοῖς
2578 2334 2634 2386 δὲ
2658 2332 2972 2385 πεπτωκόσι
2998 2332 3106 2385 τῶν
3133 2332 3403 2401 δαιμόνων
3430 2332 3597 2401 μυρία
3626 2331 3889 2409 τάγματα
3911 2330 4017 2383 τῶν

2444 2424 2753 2491 ἀσωμάτων
2806 2422 3088 2491 ἀτρέπτως
3136 2422 3407 2490 ἑστηκότα
3446 2421 3751 2491 πρόκειται,
3789 2421 3889 2473 καὶ
3927 2436 4020 2472 πο-

2447 2516 2650 2576 λιτείας
2703 2514 2885 2567 ἐνθέου
2938 2514 3293 2583 παράδειγμα
3346 2512 3475 2566 ὅντα
3529 2514 3624 2566 καὶ⁵
3678 2511 4021 2583 διορθώσεως

2447 2606 2695 2670 ἀκλινοῦς
2744 2605 3112 2669 ὑποτύπωσις.
3148 2605 3348 2674 Διόπερ
3405 2605 3433 2656 ό
3483 2607 3659 2659 πάντα
3701 2605 3886 2672 σοφῶς
3931 2602 4023 2655 καὶ

2448 2702 2589 2770 ὑπὲρ
2636 2700 2793 2767 λόγον
2828 2700 3222 2767 προνοούμενος
3250 2700 3344 2749 καὶ
3383 2696 3636 2769 πράττων
3676 2695 3806 2757 Θεὸς
3844 2695 4020 2764 ἡμῶν.

2448 2792 2475 2842 ὁ
2506 2788 2599 2843 τοῦ
2644 2788 2777 2841 Θεοῦ
2810 2789 3000 2856 Λόγος,
3028 2788 3126 2857 τῆς
3163 2786 3259 2856 μὲν
3306 2785 3654 2855 ἀνθρωπίνης
3688 2784 3907 2851 φύσεως
3939 2784 4023 2834 τὸν

2450 2881 2662 2935 ὄλισθον
2731 2880 3045 2948 ὑποστάσης
3115 2880 3209 2932 καὶ
3272 2878 3753 2948 προσλαμϐάνεται
3816 2876 4023 2943 ταύτην

2451 2974 2675 3044 ἀρρήτῳ
2725 2969 3136 3039 φιλανθρωπίας
3170 2968 3373 3038 μέτρῳ,
3422 2968 3516 3021 καὶ
3561 2966 3628 3020 δι’
3656 2965 3830 3033 αὐτῆς
3892 2964 4023 3017 πᾶσι

2452 3065 2564 3124 τοῖς
2592 3062 2855 3131 όμοφυέσι
2902 3061 3003 3128 τήν
3034 3076 3094 3111 τε
3127 3058 3410 3128 διόρθωσιν
3444 3058 3539 3110 καὶ
3584 3056 3683 3126 τὴν
3714 3055 4024 3124 ἀφθαρσίαν

779 3144 1019 3211 ejusdem
1038 3156 1239 3200 natura
1254 3155 1458 3208 essent,
1478 3148 2348 3216 correctionem,incorruptionem
2380 3188 2421 3246 Ο

2380 3188 2421 3246 C
2459 3154 2553 3206 καὶ
2583 3153 2653 3203 τὰ
2679 3150 2849 3220 μυρία
2877 3149 3160 3218 χαρίζεται
3186 3149 3387 3215 ἀγαθὰ,
3413 3146 3506 3200 τοῦ
3536 3148 3592 3199 δὲ
3622 3144 3905 3212 δαιμονίου
3930 3143 4024 3211 φύ-

778 3231 949 3286 etalia
963 3233 1062 3287 ista
1084 3232 1493 3286 innumerabilia
1512 3234 1646 3286 bona
1666 3234 1893 3301 largitur
1914 3252 1928 3287 :
1951 3250 2071 3290 cum
2091 3239 2352 3292 daemonis
2383 3231 2421 3246 “’

2383 3231 2421 3246 ν
2458 3245 2547 3295 λου
2568 3244 2629 3295 ού
2654 3243 2751 3311 μὲν
2776 3239 2870 3294 οὖν
2897 3239 3018 3292 οῦτε
3046 3240 3256 3292 δικαίαν
3284 3237 3406 3290 οὔτε
3437 3238 3824 3307 συμφέρουσαν
3854 3235 4022 3304 κρίνει

784 3333 966 3379 tamen
994 3339 1165 3395 genus
1200 3340 1484 3379 assumere
1532 3339 1707 3393 neque
1746 3326 1977 3395 justum,
2010 3342 2182 3398 neque
2227 3330 2356 3384 utile

2456 3337 2556 3405 τὴν
2587 3332 2912 3403 πρόσληψιν.
2963 3330 3121 3385 Οὕτω
3159 3331 3256 3401 μὲν
3286 3329 3379 3383 οῦν
3404 3330 3498 3382 καὶ
3536 3329 3597 3381 τδ
3621 3327 3714 3381 ἐπὶ
3747 3326 3927 3396 τούτῳ
3952 3324 4024 3393 τῷ

784 3430 909 3471 esse
930 3416 1156 3484 judicet.
1185 3416 1277 3471 Sic
1311 3415 1381 3469 40
1416 3425 1469 3471 et
1495 3418 1637 3485 quod
1662 3418 1908 3486 sequitur
1934 3432 2097 3489 caput
2129 3422 2198 3476 ab
2229 3437 2351 3490 spe-

784 3507 1018 3562 culativo
1049 3520 1104 3563 et
1127 3508 1365 3563 studiose
1396 3509 1662 3577 scriptore
1688 3508 1979 3564 clauditur.

854 3599 945 3652 42.
980 3597 1272 3668 lnvestigat
1309 3598 1452 3652 unde
1484 3600 1638 3653 nobis
1676 3614 1706 3652 e
1739 3601 2008 3654 deteriore
2049 3602 2098 3654 in
2142 3604 2353 3667 melius,

780 3699 839 3744 et
866 3698 1052 3743 contra
1111 3691 1176 3743 ad
1234 3691 1472 3743 deterius
1514 3704 1544 3742 e
1583 3690 1791 3743 meliori
1832 3692 2059 3745 mutatio
2105 3703 2212 3745 tam
2248 3694 2357 3745 fre-

784 3795 981 3851 quens,
1012 3782 1181 3844 varia,
1216 3796 1279 3833 ac
1314 3796 1450 3850 pene
1494 3785 1754 3837 continua
1784 3787 2016 3838 exsistat
2050 3804 2064 3840 :
2100 3788 2357 3857 incorpo-

786 3873 895 3927 reis
928 3887 1079 3937 vero,
1106 3874 1228 3927 aliis
1250 3874 1447 3926 bonum
1483 3874 1553 3927 sit
1581 3876 1935 3939 immutabile,
1973 3878 2095 3932 aliis
2149 3880 2359 3932 vilium?

786 3963 1020 4019 Causam
1048 3964 1249 4031 reddit,
1292 3966 1435 4034 quod
1472 3966 1525 4019 in
1557 3968 1713 4021 nobis
1735 3982 1857 4023 cum
1886 3970 2052 4022 animi
2084 3971 2359 4027 inclinatio

790 4057 845 4110 in
888 4057 1210 4110 alterutram
1232 4066 1437 4122 partem
1465 4057 1798 4123 connitatur,
1823 4060 1894 4112 ob
1917 4061 2168 4129 subjecta:
2196 4074 2361 4116 mate-

791 4150 887 4203 ria:
933 4146 1133 4201 ﬂuxum
1183 4158 1344 4216 atque
1384 4149 1802 4217 vacillationem,
1830 4151 1919 4205 illa
1954 4152 2242 4222 aliquando
2275 4170 2362 4207 ra-

786 4239 989 4292 tiOnem
1021 4250 1259 4308 superet,
1290 4240 1557 4292 interdum
1584 4242 1749 4294 etiam
1788 4252 2112 4310 superetur:
2154 4246 2207 4297 in
2234 4246 2357 4309 illis,

789 4332 857 4385 ad
884 4346 1021 4399 quos
1053 4347 1394 4400 nequaquam
1432 4334 1654 4387 materia
1700 4334 1941 4402 irrepere
1981 4346 2177 4403 p0test,
2223 4339 2360 4389 ratio

785 4421 897 4477 sola
929 4422 980 4475 in
1004 4432 1247 4477 actiones
1280 4437 1467 4476 omnes
1524 4422 1805 4492 imperium
1844 4425 2106 4478 obtineat.
2159 4425 2360 4491 Quam-

2458 3426 2810 3496 φιλοθεάμονι
2840 3423 2933 3476 καὶ
2974 3420 3377 3489 σπουδαιολόγῳ
3420 3420 3574 3491 ἀνδρὶ
3607 3418 3890 3473 διανύεται
3936 3434 4023 3470 κε-

2460 3520 2709 3587 φάλαιον.

2542 3610 2630 3659 Ἐν
2663 3606 2719 3659 δὲ
2764 3604 2843 3676 τῷ
2876 3604 2963 3675 μβ⁹
3015 3606 3167 3671 ζητεῖ
3196 3603 3361 3656 πόθεν
3392 3603 3523 3672 ἡμῖν
3577 3601 3676 3671 μὲν
3722 3600 3787 3653 ἐκ
3830 3616 3894 3651 τε
3939 3598 4026 3652 τοῦ

2461 3701 2703 3771 χείρονος
2737 3701 2816 3761 εἰς
2862 3698 2923 3750 τὸ
2954 3700 3201 3767 κρεῖττον
3225 3696 3319 3748 καὶ
3348 3695 3485 3764 προς
3513 3693 3574 3746 τὸ
3598 3696 3779 3763 χείρον
3803 3692 3917 3745 ἀπὸ
3940 3688 4025 3743 τοῦ

2463 3792 2773 3861 κρείττονος
2806 3791 2839 3859 ή
2870 3787 3138 3859 μεταϐολὴ
3180 3786 3276 3837 καὶ
3306 3784 3475 3854 πολλὴ
3507 3784 3601 3836 καὶ
3639 3783 3901 3851 διάφορος
3942 3783 4029 3832 καὶ

2465 3881 2664 3951 μικροῦ
2696 3879 2945 3949 συνεχὴς,
2974 3878 3085 3931 τῶν
3124 3877 3180 3929 δὲ
3215 3875 3520 3943 ἀσωμάτων
3562 3874 3735 3940 γενῶν
3790 3876 3905 3935 τοῖς
3940 3872 4029 3941 μὲν

2461 3972 2521 4024 τὸ
2570 3971 2733 4023 καλὸν
2764 3968 3167 4039 ἀμετάϐλητον,
3204 3967 3315 4026 τοῖς
3345 3964 3402 4015 δὲ
3432 3964 3490 4016 τὸ
3535 3961 3759 4031 φαῦλον.
3804 3962 3918 4013 Καὶ
3957 3960 4030 4012 τί·

2463 4063 2619 4134 θησιν
2642 4063 2821 4115 αἰτίαν
2844 4062 2973 4129 ἡμῖν
3004 4060 3102 4129 μὲν
3129 4060 3227 4128 τῆς
3255 4057 3340 4125 ἐφ’
3368 4058 3606 4126 ἑκάτερα
3633 4056 4030 4123 στασιαζούσης

2465 4154 2637 4226 ῥοπῆς
2660 4154 2757 4221 τῆς
2788 4152 2915 4223 [538
2946 4149 3038 4221 H.]
3082 4147 3534 4217 ύποϐεϐλημένης
3565 4146 3694 4215 ὕλης
3725 4145 3789 4198 τὸ
3836 4146 4031 4215 ροὦδές

2461 4264 2519 4299 τε
2567 4246 2661 4299 καὶ
2696 4244 3099 4313 εύπαράφορον,
3139 4240 3269 4294 ποτὲ
3304 4240 3402 4308 μὲν
3434 4240 3527 4293 τοῦ
3583 4237 3849 4306 λογισμοῦ
3904 4252 4032 4306 κρα-

2463 4336 2657 4389 τοῦσαν
2677 4334 2745 4397 ³⁷,
2766 4332 2896 4385 ποτὲ
2919 4332 2975 4384 δὲ
2992 4329 3389 4400 κρατουμένην.
3409 4330 3496 4381 Ἐν
3526 4328 3752 4388 ἐκείνοις
3776 4326 3833 4379 δὲ
3865 4326 4030 4394 μηδα-

2467 4426 2582 4495 μῶς
2626 4426 2726 4494 τῆς
2784 4422 2914 4490 ὕλης
2976 4421 3329 4492 παρείσδυσιν
3376 4418 3648 4487 λαϐούσης
3690 4420 3719 4471 ό
3774 4415 4030 4485 λογισμὸς

786 4513 972 4569 obrem
1002 4514 1217 4569 illorum
1251 4514 1467 4583 quidem
1505 4530 1688 4581 casus,
1715 4518 1803 4585 qui
1849 4527 2037 4585 sponte
2081 4526 2136 4572 et
2186 4518 2360 4585 impc-
2398 4516 2439 4569 D

2398 4516 2439 4569 D
2468 4519 2629 4587 μόνος
2663 4516 2769 4568 τῶν
2832 4513 3084 4584 πράξεων
3132 4512 3243 4581 ἔχει
3280 4512 3341 4563 τὸ
3395 4510 3617 4577 κράτος.
3653 4509 3743 4561 Διὸ
3788 4508 3904 4560 τῶν
3939 4506 4030 4576 μὲν

788 4604 962 4659 rantis
988 4620 1177 4659 revera
1210 4620 1361 4660 more
1402 4607 1467 4659 ad
1492 4606 1731 4662 deterius
1772 4607 1971 4675 delapsi
2009 4618 2154 4673 sunt,
2182 4609 2240 4661 ﬁt
2264 4611 2363 4662 im-

790 4696 1154 4761 medicabilis,
1194 4712 1313 4750 cum
1346 4698 1477 4750 nihil
1511 4699 1803 4767 quidqttam
1831 4700 1883 4750 in
1916 4712 1974 4751 se
2003 4699 2230 4753 validius
2269 4701 2363 4752 ha-

786 4784 974 4851 beant,
1004 4790 1150 4857 quod
1190 4790 1273 4843 sui
1303 4789 1444 4858 juris
1472 4800 1728 4849 mentem,
1758 4788 1868 4855 jam
1901 4803 1965 4842 ex
2000 4804 2056 4842 se
2086 4788 2360 4853 ﬂuentem,

789 4881 856 4935 ad
884 4881 937 4935 id
966 4882 1108 4951 quod
1147 4881 1411 4944 deterius,
1448 4892 1662 4935 revocet
1705 4899 1719 4935 :
1751 4881 2204 4950 quemadmodum
2241 4883 2364 4936 aliis

791 4984 999 5039 contra,
1024 4975 1114 5041 qui
1146 4984 1337 5042 sponte
1368 4988 1431 5027 ac
1457 4973 1626 5028 libere
1656 4988 1894 5027 amorem
1948 4974 2158 5026 honesti
2206 4988 2361 5027 acce-

800 5073 1015 5132 perunt,
1053 5065 1200 5117 nullo
1244 5063 1389 5117 ﬂuxu
1435 5067 1711 5117 turbatum
1756 5063 1885 5117 illud
1923 5078 2109 5118 eorum
2150 5064 2362 5117 deside-

794 5156 933 5208 rium
966 5166 1341 5219 cpnservatur.
1366 5154 1501 5210 Cum
1537 5172 1636 5211 nos
1665 5155 1883 5209 interim
1926 5156 2087 5209 veluti
2124 5155 2363 5223 duplices

792 5248 1041 5316 quidam,
1058 5265 1121 5305 ac
1149 5262 1437 5319 propterea
1459 5250 1625 5302 etiam
1659 5247 1799 5302 male
1821 5248 2177 5303 admissorum
2201 5247 2366 5315 poeni-

796 5342 960 5395 tentia
991 5341 1162 5406 ducti,
1196 5356 1301 5395 non
1337 5342 1483 5409 ipsos
1522 5350 1775 5407 tanquam
1799 5339 2006 5392 alienos
2033 5338 2363 5391 incusenms.

874 5499 890 5539 ι
945 5501 1112 5555 "chr.
1158 5518 1228 5563 \‘I,
1269 5500 1360 5553 9.0.
1438 5499 1702 5553 "Coloss.
1736 5497 1912 5560 ",13.

1995 5508 2019 5534 η
2060 5496 2187 5550 Luc.
2224 5513 2277 5560 κ,
2318 5496 2401 5549 l9.

2465 4607 2728 4668 ἑκουσίως
2770 4607 2861 4657 καὶ
2910 4604 2984 4667 ὡς
3023 4602 3237 4670 ἀληθῶς
3289 4599 3763 4670 αὐτοκρατορικῶς
3811 4600 3951 4669 πρὸς
3978 4598 4031 4649 τὸ

2465 4704 2643 4769 χεῖρον
2676 4696 3081 4763 ἀπενεχθέντων
3112 4695 3145 4755 ἡ
3170 4692 3378 4753 πτῶσις
3423 4692 3639 4752 ἀνίατος
3672 4689 3912 4755 γίνεται,
3940 4690 4031 4741 οὐκ

2466 4791 2697 4859 ἐχόντων
2720 4787 2907 4855 ἕτερόν
2945 4802 2993 4836 τι
3027 4786 3275 4853 κρεῖττον
3322 4783 3379 4834 ἐν
3409 4782 3641 4842 ἑαυτοῖς,
3678 4779 3707 4830 ὃ
3739 4779 3839 4849 τὴν
3882 4780 4033 4831 αύτο-

2463 4880 2723 4933 δέσποτον
2756 4877 2980 4947 γνώμην
3030 4874 3201 4943 αὐτὴν
3231 4873 3319 4941 ὑφ’
3345 4872 3545 4939 έαυτῆς
3594 4870 3869 4940 ρεύσασαν
3904 4870 4033 4932 πρὸς

2466 4973 2526 5024 τὸ
2555 4974 2733 5041 χεῖρον
2761 4969 2920 5021 πάλιν
2964 4967 3377 5020 ἀνακαλέσοιτο·
3407 4964 3595 5031 ὥσπερ
3628 4962 3696 5016 αὖ
3732 4962 3899 5014 πάλιν
3929 4962 4033 5020 τοῖς

2468 5062 2729 5119 ἑκουσίως
2761 5060 2855 5111 καὶ
2884 5059 3197 5125 αύτονόμως
3240 5057 3332 5108 τὸν
3369 5054 3546 5125 ἔρωτα
3578 5054 3668 5105 τοῦ
3698 5051 3912 5120 ἀγαθοῦ
3941 5052 4033 5102 λα-

2468 5154 2652 5207 ϐοῦσιν
2676 5151 2805 5223 [055
2834 5150 2926 5221 IL]
2957 5150 3376 5219 ἀπαράτρεπτος
3408 5148 3436 5198 ό
3483 5146 3642 5207 πόθος
3670 5144 3835 5197 ὑπδ³⁸
3873 5143 4033 5213 μηδε-

2472 5248 2600 5313 μιᾶς
2626 5248 2753 5314 ῥοῆς
2780 5242 3160 5311 ἐνοχλούμενος
3187 5238 3529 5303 διασώζεται.
3548 5236 3739 5305 Ἡμεῖς
3766 5234 3821 5286 δὲ
3845 5233 4031 5300 ὥσπερ

2467 5338 2644 5391 διπλοῖ
2697 5336 2843 5397 τινές
2893 5338 3087 5404 ἐσμεν·
3146 5332 3224 5385 διὸ
3281 5332 3373 5384 καὶ
3436 5326 3903 5399 μεταμεληθέντες
3953 5316 4034 5385 οἷς

2516 5502 2539 5527 ο
2574 5494 2589 5546 l
2623 5492 2750 5546 Cur.
2786 5489 2925 5561 11,6.

2073 5649 2308 5706 νΑιῑιιΕ
2362 5647 2763 5704 LECTIONES.

876 5809 919 5842 ³⁸
950 5806 1109 5881 ὅπου]
1144 5806 1273 5863 ibid.
1310 5822 1387 5870 νι,
1422 5804 1507 5859 ‘20.
1591 5805 1627 5835 ³¹
1681 5804 1797 5871 lege
1832 5797 2140 5871 κρατούσης
2185 5827 2233 5836 -
2263 5794 2659 5867 κρατουμένης,

2754 5794 2795 5825 ³³
2826 5791 2965 5861 ὑπὲρ
3000 5808 3055 5853 ς.
