4208 6448
261 381 360 456 821

1314 404 1837 468 BIBLIOTHECA.
1875 408 2127 472 -COD.
2163 408 2443 474 CCXXII.

264 501 674 573 ἁμαρτάνομεν,
716 504 793 569 ὡς
842 508 1061 579 ἑτέρους
1106 512 1333 577 ἑαυτοὺς
1378 514 1825 586 ἑτέιμεμφόμεθα.
1852 514 1906 575 Α

1822 556 1825 568 .
1852 514 1906 575 Α
1929 514 2045 571 Duo
2064 532 2195 573 vero
2227 520 2316 575 ubi
2350 528 2605 591 pugnant,
2630 530 2687 579 et
2714 523 2768 579 bi
2802 527 2997 596 partim
3034 531 3334 603 vincentes,
3357 554 3484 608 par-

262 592 369 645 Δύο
399 592 457 645 δὲ
493 594 834 663 μαχομένων,
860 600 954 652 καὶ
991 602 1197 655 τούτων
1223 603 1330 658 ἀνὰ
1363 606 1527 675 μέρος
1566 607 1830 677 κρατοῦν⁹

258 700 372 736 των
399 702 461 736 τε
485 686 579 737 καὶ.
604 691 1012 758 κρατοῦμένων,
1033 694 1147 757 πῶς
1174 694 1242 748 ἂν
1263 696 1297 764 ἢ
1316 696 1386 749 τά
1413 698 1507 749 τοῦ
1537 700 1831 769 πτώματος

1929 605 2025 661 tim
2055 607 2181 663 victi
2216 628 2230 664 :
2265 614 2534 679 quomodo
2559 614 2615 668 in
2642 615 2728 670 bis
2757 627 2850 671 aut
2887 620 3134 686 victoria,
3171 636 3265 682 aut
3297 605 3482 697 lapsus

1929 697 2281 756 immutabilis
2316 703 2427 758 sit?
2455 703 2640 789 Neque
2687 722 2813 763 vero
2862 710 3034 766 solum
3084 714 3136 768 in
3183 719 3484 776 actionibus

260 776 420 845 σχοίη
451 776 513 828 τὸ
556 778 966 851 ἀμετάϐλητονς
1011 785 1073 837 οὐ
1114 789 1274 855 μόνον
1316 789 1373 841 δὲ
1411 789 1504 843 ἐπὶ
1548 790 1657 843 τῶν
1689 792 1831 861 πρά-

1822 822 1831 832 -
1928 792 1997 849 iis
2022 808 2144 862 qua
2178 794 2389 849 Iaudem
2419 805 2511 850 aut
2550 776 3001 865 vituperationem
3038 820 3336 875 merentur,
3371 829 3484 867 mu-

258 864 421 930 ξεων,
446 870 501 921 αἲ
526 870 585 922 τὸ
605 872 887 927 ἐπαινετὸν
908 875 941 945 ἢ
968 875 1030 928 τὸ
1047 877 1244 945 ψεκτὸν
1271 882 1547 951 φέρουσιν,
1566 886 1650 952 ἐφ’
1672 886 1830 954 ἡμῶν

1822 906 1830 934 ι
1926 886 2062 940 tatio
2086 894 2140 940 et
2172 886 2413 941 reﬂuxus
2453 887 2504 940 in
2533 864 2692 944 nobis
2727 890 3013 962 imperium
3041 895 3159 951 sine
3190 864 3484 970 repu'gnan-

258 958 294 1025 ἠ
331 959 606 1027 μεταϐολὴ
656 963 749 1014 καὶ
794 966 827 1033 ὴ
885 966 1177 1036 παλίρροια
1203 970 1260 1021 τὺ
1309 974 1509 1041 κράτος
1559 977 1660 1029 οὑκ
1714 978 1826 1046 ἔχει

1819 998 1826 1030 ι
1928 977 1997 1030 tia
2040 991 2144 1029 non
2175 975 2338 1031 habet
2367 995 2383 1034 :
2415 978 2515 1033 sed
2550 979 2607 1033 in
2646 982 2770 1038 aliis
2805 958 3030 1053 quoque
3060 958 3264 1043 nostris
3288 958 3481 1059 opera-

259 1050 755 1118 ἀνανταγὼνιστον,
775 1055 910 1109 ἀλλά
937 1058 1031 1110 καὶ
1050 1060 1144 1111 ἐπὶ
1171 1061 1280 1112 τῶν
1298 1064 1470 1117 ἀλλων
1493 1068 1655 1135 ἡμῶν
1677 1070 1760 1119 ὲνε
1771 1087 1828 1138 ρ-

256 1141 427 1205 γειῶν
470 1145 563 1195 xui.
619 1145 980 1215 παθημάτων.
1013 1150 1151 1203 Οὔτε
1186 1155 1295 1223 γὰρ
1325 1156 1414 1208 διά
1443 1159 1641 1221 παντὸς
1692 1161 1826 1211 καθ-

256 1230 425 1296 ῆσθαι
472 1232 596 1286 οὔτε
646 1237 899 1290 ἵστασθαι
935 1240 1232 1309 δυνάμεθα,
1270 1246 1485 1309 ἀτονίας
1526 1248 1689 1311 εὐθὺς
1726 1249 1826 1317 τῆς

257 1323 401 1373 κατά
424 1324 524 1391 τὴν
557 1325 719 1392 φύσιν
750 1329 1012 1400 ἑκατέρου
1032 1336 1097 1403 τῇ
1123 1335 1394 1407 ὑπερϐολῇ
1428 1342 1820 1413 συνεπομένης.

255 1412 372 1464 Καὶ
402 1414 560 1483 δῆλον
592 1418 769 1483 τοῦτο,
802 1421 877 1483 ὠς
905 1422 993 1476 διὰ
1020 1426 1120 1494 τὴν
1145 1428 1204 1478 ὲν
1240 1431 1372 1496 ἡμῖν
1402 1432 1511 1483 τῶν
1545 1435 1822 1503 στοιχείων

250 1500 520 1573 διαφοράν
548 1523 611 1559 τε
653 1511 748 1561 καὶ
773 1511 954 1583 μάχην
997 1516 1306 1583 συμϐαίνει.
1334 1522 1441 1572 Καὶ
1470 1523 1578 1593 γάρ
1620 1500 1690 1577 ἰθ
1722 1527 1821 1595 μὲν
1917 1517 2081 1572 (3³101⁵
2115 1521 2262 1575 cui"!
2320 1524 2386 1576 ad
2437 1500 2631 1593 διερετέ
2683 1500 2908 1593 ίέηβεηίι
2962 1548 2975 1584 ἒ

1925 1068 2162 1121 tionibus
2191 1078 2352 1139 atque
2377 1069 2774 1129 aﬂ'ectiouibus.
2798 1074 2930 1130 Nam
2964 1094 3137 1151 neque
3160 1098 3374 1152 semper
3395 1101 3479 1140 sc-

1921 1158 2073 1221 dere,
2099 1174 2271 1228 neque
2292 1176 2503 1215 rursum
2525 1173 2671 1218 stare
2702 1180 3005 1235 possumus,
3030 1185 3152 1224 cum
3176 1189 3296 1228 mox
3320 1175 3477 1243 juxta

1922 1245 2238 1301 alterutrins
2268 1259 2515 1303 naturam
2550 1251 2743 1306 virium
2776 1257 3020 1311 remissio
3041 1257 3121 1330 [in
3145 1259 3255 1333 his]
3277 1278 3470 1319 exces-

1920 1351 2038 1391 sum
2084 1338 2278 1410 206a
2339 1353 2719 1409 consequatur.
2761 1346 2913 1412 Quod
2950 1364 3044 1418 per
3088 1350 3473 1412 elementorum

1920 1426 1974 1481 in
2000 1430 2154 1483 nobis
2178 1430 2496 1485 varietatem
2528 1443 2584 1488 et
2610 1449 2846 1503 pugnam
2878 1440 3192 1509 contingere
3234 1458 3470 1502 constat.

3028 1541 3296 1589 terrenum
3345 1554 3473 1591 νιξτο

252 1589 458 1659 θερμὸν
500 1596 599 1665 τὴν
623 1591 736 1651 ἀνω
767 1601 950 1670 χώραν
978 1603 1185 1667 διώκει,
1211 1609 1272 1659 τὸ
1314 1610 1369 1661 δὲ
1394 1589 1592 1676 γεῶδες
1644 1589 1819 1683 βρίθει

1804 1634 1819 1669 ι
1916 1611 2058 1677 quod
2082 1623 2185 1676 est,
2210 1613 2461 1668 deorsum
2487 1589 2678 1684 vergit,
2704 1628 2862 1687 atque
2890 1621 2955 1673 ad
2983 1632 3178 1677 terram
3205 1627 3466 1695 detrahit;

249 1698 311 1732 τε
343 1685 439 1734 καὶ
463 1688 820 1752 συγκαθελκει
850 1694 984 1764 προς
1004 1695 1099 1763 τὴν
1117 1699 1237 1765 γῆν.
1271 1700 1378 1751 Καὶ
1401 1703 1491 1753 ἐπὶ
1512 1703 1619 1755 τῶν
1641 1705 1816 1759 ἀλλων

1808 1725 1816 1755 ι
1914 1710 2076 1769 atque
2106 1702 2157 1752 in
2199 1701 2466 1757 similibus
2511 1704 2631 1759 aliis
2679 1707 2744 1759 ad
2780 1685 3035 1764 eumdem
3085 1717 3297 1770 modum
3350 1685 3470 1786 qua;

248 1773 309 1825 δὲ
341 1775 451 1825 τῶν
482 1780 879 1848 παραπλησίων
916 1785 1197 1850 ὡσαύτως.
1238 1791 1305 1841 Ἀ
1335 1793 1427 1844 ἐπὶ
1455 1794 1553 1862 τῆς
1585 1796 1813 1865 ἀσωμά-

246 1880 343 1914 του
376 1866 421 1896 ³⁹
452 1867 553 1919 οὐκ
598 1869 711 1938 ἔχει
755 1872 940 1942 χώραν
966 1876 1196 1942 φύσεως.
1227 1880 1341 1933 ἀλλ’
1367 1880 1555 1952 ὥσπερ
1588 1886 1647 1937 ἐν
1682 1889 1812 1958 ἡμῖν

244 1952 309 2004 τὸ
343 1957 587 2009 ποικίλον
637 1962 731 2013 καὶ
764 1964 1131 2035 πολύμορφον,
1171 1969 1344 2034 οὕτως
1394 1974 1452 2026 ὲν
1480 1952 1811 2041 ἐκείνοις-τὸ

244 2043 529 2099 ἀποίκιλον
581 2051 676 2103 καὶ⁵
733 2056 1004 2122 μονοειδὲς
1054 2059 1457 2131 ὲγκαθίδρυται.
1489 2065 1654 2121 Ὀθεν
1697 2072 1811 2131 τοῖς

246 2136 443 2201 ἁπλοῖς
475 2141 572 2209 μιν
593 2143 688 2195 καὶ
729 2149 1056 2214 μονοειδέσιν
1078 2152 1363 2208 ἀκολουθεῖ
1397 2158 1457 2209 τδ
1485 2158 1807 2215 δυσαλλοὶω-

240 2228 339 2279 τόν
363 2246 425 2281 τε
451 2232 545 2284 καὶ
575 2232 1035 2308 δυσμετάϐλητον,
1065 2246 1178 2307 τοῖς
1202 2245 1261 2298 δὲ
1287 2248 1560 2313 συνθέτοις
1582 2254 1614 2321 ἡ
1644 2269 1807 2322 μετα-

241 2318 375 2387 εολὴ
414 2321 508 2372 καὶ
534 2322 837 2389 ἀλλοίωσις.
875 2327 946 2382 Ίό
972 2330 1029 2381 δὲ
1059 2331 1106 2362 ιο
1158 2333 1232 2403 μὴ
1277 2335 1453 2407 πάντη
1486 2318 1706 2405 πάντως
1744 2344 1805 2397 τδ

238 2411 620 2481 ἀμετάϐλητον
652 2417 747 2470 καὶ
780 2421 1137 2476 ἀναλλοίωτον
1169 2427 1303 2496 μηδὲ
1344 2431 1402 2483 ἐν
1428 2435 1550 2495 ταῖς
1578 2434 1805 2504 ἀσωμά-

236 2519 353 2565 τοις
382 2504 593 2568 οὑσίαις
630 2510 856 2578 ὁρᾶσθαι
895 2513 1142 2587 (καὶγὰρ
1184 2520 1486 2594 μετεϐλήθη
1519 2526 1579 2578 τὸ
1614 2528 1803 2597 δαιμόο

239 2611 358 2645 νιον
383 2597 491 2647 ἀπὸ
517 2598 612 2650 τοῦ
645 2602 952 2668 κρείττονος
990 2610 1071 2669 εἰς
1107 2610 1167 2661 τὺ
1201 2614 1402 2682 χεῖρον)
1429 2616 1603 2670 έκεῖνο
1625 2620 1692 2673 ἀν
1718 2638 1803 2682 τις

236 2684 375 2749 ἴσως
410 2691 825 2758 προφασίσαιτο.
857 2698 936 2749 ὅτι
969 2699 1062 2751 καὶ
1105 2702 1237 2754 αὐτὸ
1276 2704 1336 2756 τὸ
1376 2706 1665 2775 ἀσώματον
1708 2714 1797 2767 ὲκ-

232 2779 448 2848 τροπῆς
486 2797 544 2833 τε
594 2770 689 2835 καὶ
737 2786 1073 2853 ἀλλοιώσεως
1106 2794 1328 2863 ἦρξατο.
1370 2800 1462 2853 Ἐκ
1498 2770 1579 2871 μὴ
1633 2804 1800 2861 ὄντων

231 2869 348 2938 γὰρ
372 2872 454 2932 εἰς
481 2873 541 2925 τὸ
575 2870 832 2930 εἶναικαὶ
883 2882 1014 2934 αὐτὸ
1051 2887 1326 2958 παρήχθη,
1385 2894 1488 2945 κᾶν
1508 2869 1628 2965 τῆς
1658 2901 1799 2952 κατά

228 2960 335 3027 τὴν
370 2962 503 3030 ὓλην
558 2969 876 3040 συμπλοκῆς
915 2974 1205 3046 ἐλευθέραν
1239 2978 1362 3049 ἔσχε
1402 2984 1501 3053 τὴν
1543 2960 1794 3059 ὓπαρξιν.

229 3051 391 3121 Τάχα
422 3056 467 3106 δ’
498 3057 564 3109 ἂν
598 3060 692 3111 καὶ
729 3062 815 3114 διά
842 3066 941 3133 τὴν
974 3068 1101 3133 μίαν
1128 3071 1333 3141 ταύτην
1361 3075 1633 3148 ἐκτροπὴν
1667 3083 1797 3149 μίαν

1914 1806 2046 1847 sane
2072 1794 2125 1846 in
2148 1794 2481 1862 incorporeis
2507 1799 2715 1851 naturis
2741 1798 2912 1852 locum
2940 1817 3044 1856 non
3071 1805 3335 1861 obtinent.
3361 1811 3467 1864 Sed

1912 1886 2365 1949 quemadmodum
2424 1887 2476 1939 in
2530 1888 2683 1941 nobis
2741 1890 3017 1953 varietas,
3081 1897 3468 1968 multiplexque

1911 1974 2106 2040 forma,
2164 1977 2245 2031 sic
2271 1977 2323 2031 in
2363 1979 2497 2047 ipsis
2531 1980 2664 2033 nihil
2697 1983 2924 2047 varium,
2960 1995 3016 2039 at
3059 2002 3160 2040 una
3209 2002 3464 2057 perpetua

1909 2064 2081 2119 forma
2114 2066 2334 2121 residet.
2358 2067 2513 2124 Unde
2538 2069 2808 2140 simplices
2833 2074 2930 2128 bos
2968 2084 3129 2144 atque
3153 2080 3449 2137 uniformos

1908 2157 2039 2212 illud
2068 2160 2440 2230 consequitur,
2479 2172 2536 2214 ut
2572 2162 2790 2218 alterari
2822 2176 2984 2233 atque
3014 2172 3206 2224 mutari
3241 2175 3457 2229 nonnisi

1906 2249 2190 2306 diﬂlcnlter
2227 2253 2461 2321 possint.
2516 2258 2810 2323 composita
2850 2274 2978 2314 vero
3017 2262 3311 2317 comitatur
3343 2281 3460 2318 mu-

1907 2341 2039 2396 tatio
2066 2352 2232 2411 atque
2266 2342 2537 2397 alteratio.
2582 2344 2733 2410 Quod
2776 2356 2952 2402 autent
2995 2366 3099 2404 non
3138 2354 3311 2407 omnis
3343 2370 3461 2409 om-

1904 2432 2033 2487 nino
2073 2432 2481 2489 immutabilitas
2527 2451 2593 2490 ne
2630 2437 2698 2490 ab
2743 2437 3072 2508 incorporeis
3113 2445 3328 2511 quidem
3365 2462 3461 2498 na-

1905 2526 2041 2580 turis
2095 2525 2285 2581 abesse
2325 2528 2569 2579 videatur
2616 2527 2844 2590 (dzemon
2886 2533 3028 2584 enim
3092 2548 3157 2586 ex
3206 2536 3345 2589 bono
3403 2537 3455 2589 in

1905 2618 2101 2671 malum
2158 2626 2397 2673 mutatus
2448 2618 2552 2687 est)
2582 2618 2709 2673 illud
2759 2623 2897 2674 forte
2942 2624 3139 2692 aliquis
3176 2639 3455 2694 praetexat,

1905 2709 2045 2776 quod
2086 2710 2197 2779 ipsa
2235 2725 2447 2780 quoque
2482 2710 2800 2779 incorporea
2831 2723 3022 2767 natura
3052 2730 3114 2769 ex
3163 2720 3459 2772 nttttalionu

1901 2812 2061 2867 atque
2108 2801 2429 2856 alteratioue
2476 2802 2688 2855 initium
2738 2806 3048 2873 sumpserit.
3100 2806 3231 2860 Nam
3274 2824 3304 2861 e
3351 2826 3454 2863 non

1899 2892 2284 2946 exsistentibns
2332 2903 2386 2945 et
2431 2894 2542 2959 ipsa
2595 2896 2849 2962 producta
2886 2905 2987 2961 est,
3023 2900 3233 2951 tametsi
3271 2914 3298 2951 a
3338 2915 3455 2951 ma-

1900 2984 2047 3036 terite
2074 2982 2448 3036 commistione
2479 2984 2699 3036 liberatn
2740 2985 2899 3040 habet
2923 2983 3349 3044 subsistentiam.
3378 2992 3455 3043 Ac

1901 3073 2121 3125 forsitan
2161 3074 2325 3129 etiam
2361 3074 2428 3127 οι)
2469 3075 2678 3127 unicam
2716 3078 3083 3143 mutationem,
3119 3095 3277 3131 unam
3318 3097 3455 3149 quo-

229 3144 330 3194 xu‘t
355 3146 509 3198 αὐτοὶ
533 3150 633 3219 τὴν
663 3152 797 3221 πρὸς
817 3154 877 3205 τὸ
902 3156 1103 3222 φαῦλον
1130 3161 1229 3228 τῆς
1260 3144 1483 3233 γνώμης
1510 3144 1793 3226 ἀλλοίωσιν
1822 3188 1864 3243 c

1787 3194 1793 3219 ν
1822 3188 1864 3243 C
1904 3179 2009 3232 que
2039 3163 2135 3233 ipsi
2170 3166 2366 3217 mentis
2406 3165 2547 3217 illam
2578 3166 2629 3217 itt
2666 3165 2860 3218 malum
2890 3169 3235 3222 mutationem
3265 3183 3449 3223 osten-

227 3234 599 3300 ἐπεδείξαντο.
624 3242 808 3296 Ταῦτα
839 3246 1005 3299 εἰπὼν
1033 3251 1061 3301 ὁ
1092 3250 1347 3324 θεοσεϐὴς
1376 3250 1531 3321 οὗτος
1560 3260 1601 3292 ⁸¹
1635 3281 1794 3334 φρον-

224 3323 373 3375 τίσιν
406 3325 576 3396 ἱεραῖς
594 3331 876 3403 ἀνειμένος
909 3338 1048 3408 ἀνὴρ
1075 3340 1122 3371 ⁸³
1142 3343 1491 3413 ἐπιρραπίζει
1512 3350 1611 3422 τὴν
1646 3323 1793 3424 ζίὶρι⁶

223 3414 422 3481 γένους
458 3420 585 3489 περὶ
629 3421 893 3491 δαιμόνων
935 3430 1027 3481 καὶ
1081 3434 1325 3501 ἀγγέλων
1357 3440 1448 3490 καὶ
1488 3414 1791 3512 ἀνθρώπων

223 3507 323 3557 καὶ
350 3510 599 3580 ἀστέρων
629 3516 722 3566 καὶ
747 3517 849 3586 τῆς
884 3520 1047 3591 ἄλλης
1082 3526 1366 3595 ὁρωμένης
1402 3507 1632 3597 κτίσεως
1662 3536 1789 3589 δυσ-

223 3598 363 3668 σεϐῆ
394 3617 454 3652 τε
504 3604 596 3655 καὶ
634 3607 859 3677 ἀνόητον
892 3614 985 3664 καὶ
1024 3615 1336 3689 πολυπλανῆ
1376 3622 1666 3695 φλυαρίαν,
1697 3630 1789 3683 καὶ

218 3688 383 3752 τέλος
410 3694 686 3766 ἐπιτίθησι
710 3702 801 3751 καὶ
828 3701 905 3772 τῷ
934 3703 978 3772 β’
1009 3706 1102 3758 καὶ
1135 3714 1187 3775 μ’
1209 3688 1504 3783 κεφαλαίῳ.

309 3780 399 3831 Ἐν
427 3781 483 3834 δὲ
510 3785 588 3854 τῷ
641 3788 766 3856 ἑξῆς
793 3789 885 3841 δύο
913 3793 1081 3847 ταῦτα
1126 3797 1296 3866 ζητεῖ,
1322 3799 1380 3852 ἓν
1415 3780 1512 3872 μέν
1532 3806 1621 3859 διὰ
1648 3808 1701 3861 τί
1730 3813 1785 3862 ut

219 3869 382 3935 ἅγιαι
412 3876 507 3925 καὶ
530 3880 714 3947 νοεραὶ
742 3880 1019 3950 δυνάμεις.
1055 3888 1156 3940 ὅσα
1189 3907 1251 3957 γε
1285 3894 1317 3963 η
1329 3893 1443 3962 μῶν
1483 3899 1561 3961 εἰς
1585 3902 1785 3967 γνῶσιν

217 3955 325 4030 ἦκε
357 3964 449 4015 καὶ
476 3966 523 4016 οἱ
546 3971 784 4038 χρησμοὶ
809 3955 1212 4043 ἐξεπαίδευσαν,
1231 3982 1289 4032 τὸ
1306 3955 1471 4037 καλὸν
1495 3955 1785 4063 ἀπ”ἀρχῆς

218 4052 388 4121 μέχρι
426 4055 613 4120 τέλους
633 4060 1013 4129 ἀμετάϐλητον
1036 4066 1321 4134 σώζουσιν,
1361 4072 1548 4146 ὥσπερ
1586 4082 1641 4131 αἱ
1684 4099 1782 4134 πο-

212 4145 383 4211 νηραὶ
427 4146 525 4215 τὴν
574 4151 804 4203 κακίαν·
840 4156 967 4225 [539
998 4158 1091 4229 IL]
1129 4160 1223 4211 καὶ
1255 4161 1343 4215 διὰ
1372 4164 1425 4215 τί
1455 4145 1665 4222 πολλῶν
1692 4173 1782 4225 ἀν-

210 4233 457 4301 θρώπιον
491 4239 791 4306 μελλόντων
828 4249 1173 4317 κολάζεσθαι,
1200 4257 1270 4307 τὸ
1301 4258 1419 4327 πῦρ
1446 4262 1489 4293 ³³
1518 4263 1716 4334 ἔφησεν
1751 4270 1779 4321 ό

211 4325 408 4395 Σωτὴρ
441 4329 792 4397 ἡτοιμάσθαι
821 4338 901 4402 τῷ
946 4342 1204 4411 διαϐόλῳ
1233 4350 1329 4401 κα)
1368 4325 1486 4417 τοῖς
1504 4325 1777 4425 ἀχθέντας

206 4418 421 4471 αὐτοῦ.
452 4421 562 4474 Καὶ
590 4426 724 4493 πρδς
764 4429 860 4496 μὲν
897 4432 996 4501 τὴν
1026 4437 1246 4506 πρώτην
1269 4440 1494 4511 ζήτησιν
1535 4449 1620 4514 ἐφ’
1652 4452 1777 4503 ὲκα-

1895 3256 2109 3309 derunt.
2139 3255 2259 3309 lla'c
2293 3256 2378 3307 ubi
2412 3256 2530 3322 pius
2554 3257 2660 3320 ille,
2691 3268 2738 3311 et
2775 3260 2945 3311 sacris
2994 3260 3077 3312 vir
3122 3261 3314 3315 studiis
3357 3264 3451 3315 de-

1896 3347 2038 3399 ditus
2080 3346 2283 3407 retulit,
2316 3345 2562 3414 Origenis
2612 3347 2677 3399 de
2713 3348 3013 3411 daemoniis,
3074 3353 3298 3417 angelis,
3352 3354 3449 3405 bo~

1893 3435 2152 3501 minibus,
2179 3436 2365 3500 astris,
2403 3436 2632 3505 aliisque
2674 3438 2778 3490 sub
2816 3450 3088 3507 aspectum
3134 3442 3447 3496 cadentibus

1890 3528 2127 3583 conditis
2176 3527 2337 3582 rebus
2380 3528 2593 3595 impias,
2652 3529 2896 3593 stolidas,
2942 3542 2997 3585 et
3027 3534 3229 3587 erroris
3258 3535 3442 3602 plenas

1892 3635 2068 3689 nugas
2108 3619 2546 3689 refellit;sicque
2575 3620 2734 3675 tinem
2764 3623 3181 3693 quadragesimo
3204 3629 3443 3680 secundo

1888 3712 2051 3780 capiti
2079 3711 2325 3780 imponit.

1956 3801 2045 3856 43.
2096 3799 2151 3854 ln
2174 3800 2418 3870 sequenti
2440 3800 2631 3855 deinde
2656 3802 2832 3872 capite
2858 3803 2923 3856 de
2958 3803 3040 3857 his
3072 3804 3274 3859 duobus
3293 3821 3439 3874 quae-

1886 3892 1979 3948 rit.
2012 3891 2278 3957 Primum,
2309 3907 2406 3947 cur
2431 3904 2633 3947 saqu
2658 3902 2711 3947 et
2742 3894 3098 3963 intelligibiles
3144 3907 3435 3964 potestates

1885 3984 2062 4055 (quod
2085 3984 2302 4053 quidem
2348 3985 2678 4047 noverimus,
2724 3994 2884 4051 atque
2917 4002 2947 4039 e
3002 3990 3169 4041 sacris
3224 3987 3438 4043 Litteris

1884 4076 2249 4147 didicerimus)
2268 4078 2347 4133 sic
2366 4078 2613 4131 virtutem
2629 4077 2696 4130 ab
2716 4077 2864 4131 initio
2880 4079 2942 4131 ad
2960 4091 3251 4133 extremum
3273 4099 3437 4149 usque

1885 4168 2269 4223 immutabilem
2314 4168 2603 4231 retineant,
2632 4168 3078 4236 quemadmodum
3128 4170 3439 4239 improbita-

1886 4270 1990 4313 tem
2021 4259 2482 4327 malignte?Quam
2508 4259 2633 4312 item
2662 4256 2732 4311 ob
2750 4273 2989 4321 causam,
3018 4277 3139 4312 cum
3169 4263 3315 4315 multi
3345 4280 3428 4317 es-

1879 4360 1998 4405 sent
2022 4350 2262 4403 homines
2286 4349 2559 4418 puniendi,
2583 4350 2753 4418 ignem
2781 4351 2923 4405 dicat
2956 4353 3198 4408 Salvator
3225 4356 3431 4409 diabolo

1879 4451 1928 4495 et
1950 4443 2147 4510 angelis
2168 4442 2280 4510 ejus
2317 4452 2562 4509 paratum
2592 4454 2638 4496 P.
2706 4445 2881 4514 Atque
2930 4449 2995 4500 ad
3048 4448 3271 4515 primam
3312 4449 3431 4518 qui-

206 4508 380 4609 τέρας
410 4512 625 4579 μερίδος
647 4558 660 4578 ,
684 4518 781 4585 τῆς
807 4538 866 4572 τε
894 4524 1209 4597 ἀγγελικῆς,
1242 4508 1404 4601 φημὶ,
1428 4538 1521 4589 καὶ
1545 4508 1643 4609 της
1669 4544 1779 4595 δαι-
1812 4510 1854 4565 D

1763 4574 1779 4583 .
1812 4508 2418 4601 Ddem—qmnstionem,
2474 4546 2701 4603 utraque
2760 4537 2809 4588 in
2860 4548 3010 4604 parte
3060 4536 3425 4607 (angelorum,

207 4601 428 4666 μονίας,
451 4605 508 4655 τὸ
535 4607 741 4661 ἀπλοῦν
772 4614 1012 4669 αἰτιᾶται
1047 4621 1142 4672 καὶ
1171 4624 1462 4681 ἀσύνθετον
1492 4632 1586 4683 καὶ
1616 4634 1774 4687 ἀποί-

205 4690 383 4757 κιλον,
413 4695 505 4747 καὶ
526 4696 611 4750 διὰ
642 4700 796 4753 τοῦτο
826 4708 971 4774 πρὸς.
998 4711 1065 4763 τά
1102 4713 1452 4785 ἀντικείμενα
1486 4722 1580 4791 τῆς
1606 4742 1775 4793 μετα-

202 4782 375 4847 ϐολῆς
408 4786 734 4856 ἐνυπάρχειν
778 4795 958 4860 αὐτοῖς
987 4800 1048 4851 τὸ
1093 4782 1493 4873 ἀπαράδεκτον,
1713 4817 1771 4869 δὲ

198 4872 303 4940 τὴν
330 4873 591 4944 δευτέραν
646 4882 892 4951 ζήτησιν,
941 4890 1023 4941 ὅτι
1054 4891 1141 4946 διὰ
1182 4872 1338 4950 τοῦτο
1381 4903 1491 4971 πῦρ
1538 4872 1616 4972 τῷ
1645 4872 1772 4959 btu-

198 4961 351 5032 σόλῳ
384 4968 477 5017 καὶ
520 4970 632 5031 τοῖς
674 4973 925 5040 ἀγγέλοις
952 4981 1116 5034 αὐτοῦ
1137 4984 1184 5015 ⁸⁵
1212 4988 1536 5058 ἡτοιμάσθαι
1564 4995 1770 5065 γέγρα-

180 5068 362 5114 πται,
395 5053 512 5105 ἀλλ’
542 5059 663 5125 οὐχὶ
690 5065 799 5124 τοῖς
831 5066 1160 5138 ἀνθρώποις,
1188 5075 1372 5146 ἐπειδὴ
1398 5080 1457 5131 ἐν
1505 5083 1636 5149 ἡμῖν
1673 5085 1773 5152 μὲν

192 5144 298 5194 οὐκ
331 5144 593 5215 ἀδόκητον
615 5150 659 5181 ⁸⁵
696 5154 804 5205 ἀπὸ
830 5157 924 5209 τοῦ
965 5162 1207 5231 χείρονος
1249 5168 1341 5220 ἐπὶ
1376 5171 1436 5222 τὸ
1465 5176 1766 5244 κρεῖττονή

198 5236 499 5305 μεταϐολὴ,
540 5235 685 5294 οὗτοι
722 5244 777 5297 δὲ
822 5248 1012 5321 γνώμη
1070 5257 1405 5327 παρέσχοντο
1463 5235 1520 5315 τό
1550 5235 1769 5317 ἀνέλπιί

195 5342 350 5378 στον.
390 5327 503 5397 Τὴν
536 5332 832 5406 εἰρημένην
857 5339 912 5391 δὲ
946 5341 1039 5395 τοῦ
1070 5345 1321 5417 Σωτῆρος
1354 5354 1537 5424 φωνὴν
1562 5356 1680 5426 ἃμα
1704 5374 1764 5409 τε

299 5474 331 5513 Ρ
364 5463 553 5519 Matth.
588 5484 711 5535 xxv,
743 5473 831 5527 41.

1878 4623 2116 4690 inquam,
2183 4631 2235 4674 et
2283 4622 2622 4693 daemonum)
2678 4622 2958 4698 [naturae]
3012 4628 3427 4696 simplicitatem,

1877 4729 1995 4780 qum
2024 4730 2197 4782 neque
2221 4718 2516 4783 composita
2552 4733 2724 4785 neque
2752 4721 2898 4771 varia
2926 4721 3018 4783 sit,
3045 4722 3095 4773 in
3129 4738 3286 4777 canSa
3311 4740 3430 4779 esse

1876 4806 2025 4874 ponit
2052 4821 2066 4868 ;
2098 4820 2162 4858 ac
2197 4820 2291 4873 per
2319 4807 2418 4859 hoc
2447 4822 2565 4860 eam
2592 4822 2801 4877 quoque
2858 4810 2962 4861 vim
3014 4812 3082 4866 iis
3134 4813 3328 4875 inesse,
3374 4828 3431 4869 ut

1875 4896 2150 4961 oppositas
2204 4898 2516 4949 mutationis
2570 4899 2804 4952 rationes
2836 4901 3107 4968 suscipere
3139 4917 3422 4971 nequeant.

1878 4989 1955 5040 Ad
2009 4987 2230 5040 alteram
2288 5002 2448 5054 porro
2476 4989 2821 5056 quaestionem
2868 4994 3149 5059 respondet
3181 5012 3195 5047 :
3226 4993 3430 5049 Idcirco

1878 5079 2052 5145 ignem
2089 5076 2298 5131 diabolo
2346 5077 2565 5145 ejusque
2602 5079 2824 5147 angelis,
2867 5097 2969 5132 nun
3023 5092 3198 5136 autem
3255 5086 3427 5138 homi-

1875 5170 2034 5223 nibus
2063 5178 2441 5237 przeparatum,
2486 5169 2671 5235 scribi,
2706 5172 2957 5237 quoniam
3009 5173 3061 5225 in
3115 5175 3268 5227 nobis
3321 5190 3426 5228 non

1876 5260 2148 5326 inopinata
2203 5259 2331 5312 site
2362 5259 2501 5312 malo
2553 5259 2604 5312 itt
2652 5260 2843 5313 melius
2877 5263 3124 5327 mutatio,
3174 5280 3291 5316 cum
3353 5264 3426 5317 illi

1872 5351 2189 5404 conﬁrmata
2217 5364 2312 5404 sua
2338 5348 2635 5413 voluntate,
2683 5348 2877 5403 nullam
2909 5352 2973 5404 de
3016 5367 3076 5406 se
3114 5368 3261 5422 spem
3301 5355 3426 5406 reli-

1498 5594 1729 5650 VARIA'I
1770 5595 2174 5655 LECTIONES.

264 5718 311 5747 3’
330 5715 640 5797 ⁹ἀσωμάτου
675 5724 739 5787 Λ,
761 5722 1149 5797 αὐτομάτουες.
1226 5727 1271 5797 f"
1295 5728 1352 5779 τὸ
1381 5729 1469 5797 δὲ]

193 5787 261 5852 Δ,
291 5781 451 5852 οὗτος
470 5781 516 5840 ’ὁ
538 5794 676 5863 ἀνὴρ
705 5781 903 5848 exteri:

1065 5743 1149 5797 ις.
1227 5730 1271 5756 ⁸⁰
1295 5730 1352 5779 τὸ
1381 5730 1469 5797 δὲ]
1523 5730 1750 5803 fortasse
1776 5732 1877 5803 leg.
1909 5732 2003 5784 τοῦ
2023 5734 2099 5785 δὲ.

1014 5794 1150 5847 "ab
1177 5796 1308 5867 πῦρ]
1345 5794 1531 5854 Matth.
1566 5817 1689 5866 ut”,
1720 5802 1807 5857 Η.

2206 5736 2246 5766 ⁸⁸
2279 5732 2429 5800 οὗτος
2461 5737 2655 5791 delevit
2688 5742 2749 5793 Λ.
2827 5740 2871 5769 ⁸³
2897 5740 3054 5811 ἀνὴρ]
3096 5736 3246 5803 οὗτος
3286 5743 3422 5812 ἀνὴρ

1893 5805 1937 5835 ’⁵⁸
1965 5804 2126 5857 αὑτοῦ
2153 5823 2259 5860 om.
2305 5810 2368 5859 Λ.
2444 5809 2489 5840 ⁸⁸⁵
2528 5810 2786 5880 ἀδόκητος
2822 5828 2879 5872 ς.
