4208 6448
805 412 908 475 823

1946 414 2209 475 ΡΗΟΤΙΙ
2243 410 2747 475 PATRIARCIUE
2772 411 2881 471 CP.

3952 398 4065 464 824

804 538 967 594 quant
995 522 1240 577 fecerint.
1281 521 1597 576 Praadictam
1640 537 1771 595 ergo
1800 522 2097 579 Salvatoris
2144 537 2364 580 senten-
2396 530 2440 585 Α

2398 530 2440 585 Α
2466 524 2619 576 λύσιν
2661 522 2857 590 ἐπάγει
2912 518 3011 587 τῆς
3043 512 3301 584 δευτέρας
3339 510 3595 581 ἀπορίας,
3640 509 3738 563 καὶ
3790 509 4060 581 δεύτερον

811 629 937 671 llam
997 614 1153 670 simul
1188 614 1379 683 206!)
1412 629 1507 681 pro
1557 614 1825 671 solutione
1878 616 2233 672 dubitalimtis
2278 632 2367 671 se-

806 710 993 762 cundae
1023 706 1197 768 aﬂert,
1248 715 1301 757 et
1346 706 1504 757 simul
1552 721 1649 773 pro
1679 707 1853 761 altero
1882 720 2224 777 argumento,
2264 722 2372 777 quo

808 802 1111 852 daemonum
1146 807 1395 849 naturam
1443 810 1473 849 e
1503 798 1644 850 malo
1682 813 1789 851 non
1841 800 2040 852 mutari
2080 815 2238 867 posse
2289 814 2373 851 os-

814 894 1086 943 tendatur.

877 980 1005 1035 Post
1045 980 1156 1034 brcc
1184 979 1358 1049 capite
1409 980 1477 1032 44
1510 979 1804 1043 excutitur,
1855 995 1959 1049 qua
1992 980 2057 1033 de
2082 996 2244 1033 causa
2279 981 2370 1049 qui

807 1072 1231 1141 regenerationis
1288 1071 1501 1123 lavacro
1549 1070 1786 1139 tingendi
1842 1074 2124 1135 accedunt,
2159 1071 2373 1126 Satanze

806 1172 860 1215 et
883 1163 1138 1229 cperibus
1159 1161 1274 1229 ejus
1309 1161 1557 1213 nuntium
1604 1163 1878 1214 remittant
1909 1181 1923 1216 :
1956 1178 2061 1215 non
2110 1164 2234 1217 item
2276 1165 2371 1216 bo-

811 1251 1042 1305 minibus
1073 1251 1351 1318 improbis,
1385 1265 1681 1319 eorumque
1705 1252 2047 1305 actionibus?
2083 1252 2372 1306 Enimvero

808 1342 983 1395 sinon
1030 1346 1329 1395 daemonum
1388 1350 1612 1404 naturas,
1663 1344 1756 1394 sed
1807 1345 2057 1409 operibus
2109 1343 2374 1397 duntaxat

806 1449 1016 1495 eorum,
1054 1445 1306 1500 tanquam
1344 1432 1522 1494 malis,
1562 1435 1958 1494 renuntiemus,
1996 1436 2108 1501 pari
2162 1436 2373 1488 ratione

810 1526 1094 1593 oportebat
1143 1525 1418 1577 hominum
1476 1540 1581 1576 non
1619 1535 1821 1577 natura:
1851 1527 2086 1593 quidem,
2132 1538 2187 1579 at
2227 1538 2375 1580 certe

810 1614 1067 1679 Oper-ibus
1099 1617 1424 1667 renuntiare.
1459 1612 1574 1666 Non
1609 1616 1752 1667 enim
1798 1620 1938 1682 quod
1976 1615 2201 1682 majora,
2234 1616 2374 1669 diﬂi-

812 1706 1023 1765 ciliora.
1052 1719 1113 1757 ac
1142 1720 1303 1772 supra
1329 1716 1573 1758 naturam
1611 1718 1852 1760 nostram
1878 1709 2179 1762 daemonum
2206 1724 2373 1778 opera

812 1795 941 1858 sint,
969 1805 1112 1848 recte
1136 1796 1401 1863 quispiam
1436 1812 1531 1864 pro
1563 1797 1919 1851 dubitationis
1965 1800 2245 1854 solutione
2293 1802 2372 1854 tli-

813 1885 971 1939 xerit.
1010 1886 1139 1939 Nam
1170 1889 1496 1940 contrarium
1550 1890 1725 1956 p0tius
1781 1889 1882 1943 boc
1931 1890 2101 1957 ipsum
2156 1894 2374 1945 dubium

812 1987 971 2044 auget
1000 1993 1014 2030 :
1053 1977 1332 2046 siquidem
1364 1978 1451 2030 illa
1486 1980 1748 2047 quispiam
1782 1995 1849 2033 ne
1891 1982 2158 2043 admittat,
2190 1984 2380 2049 depre-

812 2078 983 2132 cetur,
1014 2083 1116 2120 non
1153 2084 1270 2137 quae
1299 2067 1477 2122 facere
1530 2070 1669 2123 nullo
1726 2071 1884 2125 modo
1942 2075 2130 2139 possit,
2190 2076 2284 2128 sed
2315 2076 2381 2128 ad

814 2170 931 2221 quze
962 2154 1167 2224 agenda
1199 2156 1514 2224 propeudet.
1568 2155 1741 2225 lpszun
1778 2159 1944 2225 igitur
1986 2159 2377 2216 dubitationem

812 2248 893 2299 sic
922 2244 1029 2298 fere
1062 2246 1295 2299 instituit
1329 2265 1341 2301 :
1386 2247 1538 2315 cujus
1580 2250 1715 2302 hanc
1769 2250 1989 2318 subjicit
2032 2251 2376 2308 solutionem.

814 2333 1047 2389 Primam
1076 2336 1315 2404 quidem,
1346 2338 1483 2404 quod
1510 2338 1778 2391 daemones
1805 2338 2117 2407 resipiscere
2139 2355 2381 2410 nonpos-

813 2426 920 2480 sint
952 2444 964 2481 :
997 2429 1139 2495 quod
1174 2430 1358 2497 utique
1404 2428 1560 2497 longe
1608 2431 1823 2498 gravius
1860 2442 2022 2499 atque
2056 2433 2377 2486 abominan-

814 2520 936 2571 dum
972 2521 1140 2588 magis
1170 2532 1456 2590 cst,quam
1494 2520 1597 2574 alia
1624 2521 1787 2575 multo
1818 2526 2065 2591 graviora
2112 2534 2331 2592 peccata
2363 2544 2375 2579 :

812 2611 903 2663 sed
930 2627 1049 2679 qua:
1076 2611 1143 2665 ab
1165 2613 1598 2681 hominibus,qui
1629 2629 1726 2683 per
1752 2617 2126 2682 pmnitentiam
2156 2618 2207 2670 in
2237 2620 2375 2671 viam

813 2704 993 2757 reduci
1026 2703 1252 2772 possint,
1282 2704 1710 2758 committuntur.
1734 2705 1971 2759 Alteram
1997 2708 2205 2775 deinde,
2236 2712 2377 2776 quod

812 2793 879 2846 ab
908 2794 1060 2846 initio
1116 2793 1385 2858 Salvator,
1433 2802 1488 2847 et
1532 2795 1842 2848 securitatis
1902 2805 2096 2850 nostra:
2134 2808 2376 2864 curator,

814 2885 1101 2939 terminum
1164 2884 1574 2937 inimicitiarum
1638 2884 2012 2948 immobilem,
2081 2887 2377 2941 daemonem

812 2979 953 3031 inter
1002 2987 1056 3032 et
1110 2978 1359 3032 homines
1415 2977 1725 3045 pra-ﬁxerit,
1778 2988 1836 3030 ut
1886 2979 2145 3033 adversus
2203 2979 2376 3049 ipsum

810 3071 989 3123 odium
1016 3070 1319 3122 immortale
1350 3070 1492 3123 inter
1518 3070 1726 3138 seipsos
1749 3082 2053 3132 servantes,
2102 3087 2377 3140 nunquam

2469 612 2823 683 ἐπιχείρημα,
2868 609 2996 681 [656
3040 605 3129 678 l{.]
3178 606 3245 658 δι’
3298 597 3359 657 οὗ
3410 605 3470 656 τὸ
3518 600 3900 671 ἀμετάϐλητον
3946 602 4058 654 ἀπὸ

2470 706 2666 766 κακίας
2694 704 2794 771 τῆς
2825 699 3104 769 δαιμονίας
3140 695 3510 749 ἐπιδείκνυται
3548 696 3787 761 φύσεως.

2541 966 2664 1016 Ἐπῖ
2693 966 2748 1016 δὲ
2776 963 2985 1023 τούτοις
3020 965 3075 1013 ἐν
3120 961 3197 1029 τῷ
3234 961 3314 1027 μδ¹
3347 958 3627 1027 κεφαλαίῳ
3672 958 4047 1027 διερευνᾶται,

2470 1057 2613 1118 τίνος
2638 1058 2795 1125 χάριν
2825 1056 2873 1106 οἱ
2912 1052 2990 1123 τῷ
3025 1050 3233 1120 λουτρῷ
3280 1053 3380 1119 τῆς
3428 1048 3850 1115 παλιγγενεσίας
3880 1063 4054 1116 προσ-

2474 1148 2756 1216 ερχόμενοι
2780 1145 2857 1215 τῷ
2886 1145 2985 1214 μὲν
3020 1142 3235 1211 Σατανᾷ
3264 1141 3358 1192 καὶ
3389 1142 3498 1200 τοῖς
3521 1140 3701 1208 ἔργοις
3720 1138 3889 1190 αὑτοῦ
3921 1138 4056 1191 ἀπο·

2472 1239 2787 1299 τάσσονται,
2823 1237 3005 1289 οὐκέτι
3044 1235 3099 1287 δὲ
3160 1234 3252 1286 καὶ
3308 1235 3418 1293 τοῖς
3454 1234 3709 1299 πονηροῖς
3742 1228 4055 1300 ἀνθρώποις

2474 1331 2568 1383 καὶ
2599 1333 2719 1391 ταῖς
2747 1328 2951 1381 τούτων
2981 1328 3214 1397 πράξεσι
3237 1341 3250 1355 ⁸
3292 1326 3471 1377 καίτοι
3504 1339 3593 1389 γε,
3640 1324 3689 1374 εξ
3728 1322 3803 1391 μὴ
3838 1324 3906 1389 τῇ
3948 1321 4056 1372 τῶν

2472 1422 2745 1489 δαιμόνων
2781 1420 2939 1489 οὐσία
2972 1419 3108 1471 ἀλλὰ
3144 1420 3257 1479 τοῖς
3289 1416 3471 1485 ἔργοις
3506 1413 3686 1466 αὐτῶν
3716 1413 3793 1475 ὡς
3827 1412 4056 1481 φαύλοις

2473 1511 2919 1582 ἀποτατσόμεθα,
2977 1511 3143 1580 ἐχρῆν
3183 1510 3276 1561 κα)⁸
3307 1510 3374 1577 τῇ
3433 1506 3541 1558 τῶν
3599 1505 3905 1575 ἀνθρώπων
3960 1506 4058 1574 μὲν

2473 1606 2631 1673 οὐσίᾳ
2664 1604 2737 1673 μὴ
2794 1600 3218 1665 ἀποτάσσεσθαι,
3245 1602 3357 1660 τοῖς
3404 1597 3586 1667 ἔργοις
3613 1596 3656 1648 δ’
3698 1596 3882 1650 αὐτῶν
3919 1598 4058 1648 ἀπο-

2474 1697 2790 1750 τάσσεσθαι.
2820 1695 2892 1746 Οὐ
2924 1695 3030 1761 γὰρ
3058 1693 3139 1744 ὅτι
3172 1689 3398 1759 μείζονα
3442 1688 3537 1739 καὶ
3565 1685 3928 1756 χαλεπώτερα
3966 1688 4060 1737 καὶ

2480 1788 2620 1857 ὑπὲρ
2652 1789 2753 1856 τὴν
2785 1787 2939 1856 ἡμῶν
2984 1783 3149 1853 φύσιν
3181 1783 3250 1835 τὰ
3280 1782 3385 1835 τῶν
3414 1781 3686 1851 δαιμόνων
3716 1779 3874 1850 ἔργα,
3902 1778 4057 1831 τοῦτο

2482 1879 2546 1931 ἄν
2576 1895 2657 1939 τις
2690 1877 2844 1929 λύσιν
2874 1877 2991 1945 θείη
3035 1874 3128 1926 τοῦ
3164 1876 3517 1944 ἀπορήματος
3538 1888 3551 1900 ·
3590 1870 3902 1922 τούναντίον
3951 1870 4055 1936 γὰρ

2485 1970 2685 2037 μᾶλλον
2724 1967 2945 2030 αὐξάνει
2983 1965 3044 2017 τὸ
3075 1965 3299 2033 ἄπορον,
3337 1964 3494 2030 εἴπερ
3527 1962 3711 2014 ἐκεῖνά
3750 1979 3836 2023 τις
3880 1963 4057 2030 ἁμαρ-

2479 2062 2659 2113 τάνειν
2706 2060 3028 2128 ἀπεύχεται,
3068 2057 3165 2125 οὐχ
3222 2057 3258 2109 ἃ.
3300 2056 3434 2125 μηδὲ
3470 2055 3733 2123 πράττειν
3786 2052 4053 2120 πέφυκεν,

2481 2154 2595 2205 ἀλλ’
2625 2149 2699 2205 ὧν
2746 2154 2824 2213 εἰς
2879 2150 2975 2220 τὴν
3010 2148 3211 2218 πρᾶξιν
3258 2147 3650 2216 καταφέρεται.
3684 2144 3796 2214 Τὴν
3830 2146 3930 2213 μὲν
3968 2139 4056 2195 οὖν

2480 2245 2719 2315 ἀπορίαν
2754 2242 2895 2295 οὕτω
2944 2241 3253 2309 συγκροτεῖ.
3301 2238 3471 2292 Λύσιν
3500 2236 3556 2288 δὲ
3597 2236 3795 2302 ἐπάγει
3835 2234 4057 2303 πρώτην

2484 2338 2579 2406 μὲν
2633 2336 2693 2387 τὸ
2730 2336 2838 2386 τῶν
2878 2334 3148 2401 δαιμόνων
3195 2331 3585 2400 ἀμετανόητον,
3620 2328 3758 2396 ὅπερ
3819 2326 3938 2377 ἐστὶ
3968 2328 4057 2377 καὶ

2484 2429 2593 2479 τῶν
2620 2427 2753 2479 πολὺ
2803 2425 2901 2495 μὲν
2934 2424 3333 2496 χαλεπωτέρων
3368 2421 3805 2491 ἁμαρτημάτων,
3848 2418 4057 2487 ἀνθρὼ-

2481 2536 2601 2581 ποις
2631 2519 2687 2571 δὲ
2727 2517 3153 2587 πραττομένων,
3204 2517 3299 2568 ἆτε
3340 2512 3405 2582 δὴ
3462 2510 3720 2579 μετανοίᾳ
3776 2507 4057 2577 μεθοδεύε-

2482 2612 2603 2663 σθαι
2637 2609 2983 2676 δυναμένων,
3035 2608 3155 2659 λίαν
3187 2603 3486 2675 βαρύτερόν
3532 2619 3591 2654 τε
3637 2602 3732 2653 καὶ
3776 2599 4061 2668 βδελυκτο-

2478 2720 2657 2770 τερον.
2688 2700 2958 2770 Δευτέραν
2989 2700 3065 2762 δὲ,
3098 2699 3171 2759 ὡς
3201 2698 3294 2748 ἀπ’
3331 2695 3506 2764 ἀρχῆς
3530 2696 3558 2746 ὁ
3602 2692 3792 2761 Σωτὴρ
3831 2692 3928 2743 καὶ
3964 2690 4059 2757 τῆς

2480 2795 2777 2863 ἀσφαλείας
2829 2792 2987 2862 ἡμῶν
3030 2790 3334 2860 προνοητὴς
3380 2788 3503 2856 ὅρον
3550 2784 3747 2854 ἔχθρας
3793 2782 4058 2852 ἀμετακί·

2481 2904 2640 2955 νητον
2676 2885 2879 2955 μεταξὺ
2912 2886 3003 2935 τοῦ
3035 2900 3093 2935 τε
3114 2879 3361 2933 διαϐόλου
3385 2878 3478 2931 καὶ
3508 2876 3663 2947 ἡμῶν
3694 2874 3957 2944 ἐπήξατο,
3983 2873 4057 2933 ὡς

2484 2979 2549 3032 ἂν
2578 2979 2679 3048 τὴν
2716 2980 2850 3047 πρὸς
2879 2974 3041 3027 αὑτὸν
3072 2974 3275 3043 ἔχθραν
3305 2971 3584 3039 ἀκήρατον
3606 2970 3664 3020 ἐν
3708 2968 3924 3029 ἑαυτοῖς
3944 2966 4058 3018 δια-

2484 3072 2750 3134 σώζοντες
2782 3067 2981 3138 μηκέτι
3007 3064 3130 3135 περ’
3154 3062 3317 3114 αὑτοῦ
3348 3059 3767 3129 προσαγομένην
3787 3057 3892 3125 τὴν
3917 3056 4058 3108 ἀπά-

810 3153 1038 3219 atnplius
1093 3151 1326 3205 oblatam
1384 3151 1450 3204 ab
1505 3152 1620 3219 ipso
1689 3152 1931 3205 fraudem
1993 3155 2443 3249 exeiptamuszc

2401 3192 2443 3249 ε
2478 3179 2578 3232 την
2609 3159 2972 3229 εἰσδεξώμεθα
3007 3157 3073 3209 ⁸⁸.
3111 3154 3202 3207 Διὸ
3232 3155 3325 3207 καὶ
3353 3152 3461 3205 τῶν
3488 3148 3878 3219 φωτιζομένων
3903 3148 4058 3200 ἐκαπ-

811 3244 1258 3310 quemadmodum
1291 3240 1453 3295 etiam
1482 3242 1677 3309 singuli
1727 3243 1814 3309 qui
1846 3244 2211 3311 baptizantnr,
2266 3255 2377 3296 tan-

810 3348 971 3402 quam
1008 3330 1284 3385 fateantur
1313 3346 1372 3385 se
1404 3332 1468 3386 ad
1504 3333 1551 3386 id
1584 3349 1753 3403 usque
1786 3344 1996 3403 tempus
2035 3351 2155 3388 cum
2205 3337 2379 3405 primo

811 3442 908 3479 suo
944 3435 1164 3494 parente
1197 3425 1402 3478 Adanto
1451 3425 1708 3495 deceptos
1749 3425 1933 3487 fuisse,
1981 3439 2125 3480 recte
2177 3441 2240 3479 ac
2292 3442 2379 3480 sa-

811 3518 1019 3585 pienter
1052 3515 1103 3568 in
1134 3525 1407 3580 posterum
1436 3517 1739 3585 deceptorio
1763 3516 2018 3569 amicitia:
2044 3516 2377 3569 renuntiant.

813 3610 887 3663 De
913 3609 1217 3662 hominibus
1246 3619 1446 3667 autem.
1500 3607 1710 3660 tametsi
1742 3606 1983 3677 improbe
2012 3609 2213 3674 vivant,
2243 3605 2378 3660 nihil

814 3703 919 3754 tale
944 3700 1224 3761 Dominus,
1249 3699 1377 3767 quin
1420 3698 1599 3762 potius
1630 3699 1966 3752 contrarium
1993 3700 2210 3767 penitus
2237 3718 2376 3771 pra:-

811 3792 973 3860 cepit.
1005 3790 1082 3844 Ac
1121 3790 1185 3844 de
1210 3789 1482 3843 sexcentis
1521 3787 1570 3842 id
1594 3803 1763 3858 genus
1790 3787 1933 3853 aliis,
1970 3804 2090 3857 qua:
2120 3791 2206 3845 hic
2233 3807 2379 3847 com—

812 3895 1114 3936 memorare
1140 3889 1404 3949 poteram,
1441 3893 1604 3932 unum
1636 3878 1763 3931 illud
1787 3891 1816 3931 e
1844 3879 2080 3933 maxime
2127 3897 2379 3936 necessa-

812 3976 928 4038 riis,
990 3973 1133 4041 quod
1187 3972 1440 4026 cbaritati
1497 3981 1695 4023 mutuae
1736 3971 2069 4039 prosiiiciens
2124 3974 2380 4029 Ecclesiae

812 4068 894 4120 lex
924 4067 1115 4135 (quam
1151 4064 1295 4118 mille
1325 4064 1496 4115 modis
1523 4063 1799 4132 improbus
1833 4063 2042 4115 d:cmon
2074 4064 2380 4122 discindere

812 4153 1070 4223 conatur)
1100 4153 1247 4207 omni
1290 4168 1409 4206 eam
1448 4151 1533 4202 via
1558 4136 1637 4203 ac
1668 4151 1931 4219 sapientia
1962 4165 2287 4219 componere
2316 4169 2381 4209 ac

811 4240 1327 4305 eonservarejubet.
1396 4237 1578 4304 Quare
1626 4253 1808 4305 neque
1858 4240 2003 4305 ipsos
2063 4242 2378 4309 improbos,

817 4332 1046 4400 proximi
1080 4348 1201 4385 cum
1229 4330 1336 4383 sint
1360 4338 1410 4393 ιι,
1444 4344 1538 4397 pro
1563 4331 1914 4383 exsecrandis
1960 4333 2181 4395 habere,
2216 4345 2379 4400 atque

814 4424 937 4477 odio
966 4438 1084 4476 esse
1120 4421 1379 4490 permittit
1411 4437 1424 4473 :
1454 4420 1547 4473 sed
1594 4432 1803 4484 centra,
1865 4422 2042 4489 quoad
2098 4422 2215 4490 ejus
2264 4424 2380 4477 ﬁeri

2480 3270 2592 3316 τος,
2613 3251 2800 3319 ὥσπερ
2818 3246 3095 3318 ὁμολογῶν
3113 3247 3180 3315 τῇ
3204 3243 3297 3298 τοῦ
3318 3243 3660 3313 προπάτορος
3682 3240 3874 3311 ἀπάτῃ
3905 3239 4058 3308 μέχρι

2480 3348 2600 3396 τότε
2644 3340 2985 3409 συνέχεσθαι,
3010 3337 3188 3400 καλῶς
3207 3353 3266 3389 τε
3288 3338 3381 3388 καὶ
3400 3334 3671 3401 θεοσόφως
3697 3333 3764 3385 te
3781 3331 3966 3383 λοιπὸν
3992 3331 4055 3398 τῇ

2484 3436 2617 3503 πρὸς
2649 3435 2855 3484 ἐκεῖνον
2885 3429 3250 3483 ἀποτάσσεται
3272 3427 3441 3495 φιλίᾳ.
3485 3425 3609 3478 Ἐπὶ
3639 3424 3695 3476 δέ
3714 3422 3826 3475 τῶν
3854 3421 4057 3489 ἀνθρὼ-

2484 3543 2624 3587 πων,
2654 3525 2757 3576 κᾶν
2809 3523 3042 3592 πονηρία
3070 3520 3302 3581 συζῶσιν
3324 3559 3338 3582 ,
3365 3518 3515 3572 οὐδὲν
3552 3513 3813 3575 τοιοῦτον,
3846 3513 3934 3565 ἵνα
3984 3509 4055 3580 μὴ

2486 3616 2630 3680 λέγω
2652 3616 2761 3666 πᾶν
2782 3611 3110 3673 τούναντίον,
3125 3609 3152 3660 ὁ
3175 3610 3450 3677 Δεσπότης
3465 3606 3740 3659 ἐκέλευσε.
3757 3605 3871 3656 Καὶ
3898 3603 4056 3673 μυρία

2484 3708 2582 3774 μὲν
2612 3705 2756 3756 ἔστιν
2772 3705 2942 3754 εἰπεῖν
2963 3702 3056 3754 καὶ
3078 3699 3212 3754 ἄλλα
3232 3740 3246 3761 ,
3280 3698 3336 3750 ἓν
3357 3698 3414 3749 δὲ
3448 3696 3555 3747 τῶν
3592 3693 4051 3761 ἀναγκαιοτάτων,

2481 3797 2552 3859 ὡς
2592 3796 2689 3865 τῆς
2718 3796 2797 3856 είς
2820 3793 3080 3863 ἀλλήλους
3112 3790 3376 3858 ἀγάπηςό
3394 3790 3490 3857 τῇς
3522 3784 3849 3853 Ἐκκλησίας
3866 3781 4053 3850 acup)»;

2486 3888 2916 3958 προνοούμενος,
2962 3886 3028 3954 ἢν
3084 3880 3460 3951 μυριοτρόπως
3482 3880 3511 3931 ὁ
3539 3874 3773 3946 πονηρὸς
3828 3873 4054 3940 διασπᾷν

2478 3978 2779 4045 ἐπείγεται,
2817 3976 2966 4046 πάσῃ
3006 3973 3212 4044 μεθόδῳ
3268 3971 3364 4024 καὶ
3421 3968 3583 4037 σοφίᾳ
3629 3967 3953 4033 συγκροτεῖν
3996 3978 4051 4012 τε

2480 4069 2679 4137 ταύτην
2712 4068 2806 4119 καὶ
2839 4066 3080 4133 συνέχειν
3126 4060 3424 4132 νομοθετεῖ.
3457 4058 3547 4110 Διδ
3562 4056 3679 4112 οὐδὲ
3705 4056 3907 4116 αὐτοὺς
3937 4053 4052 4113 τοὶς

2484 4161 2722 4229 φαύλους
2745 4156 3045 4225 ὁμοφύλους
3071 4155 3230 4215 ὂντας
3262 4149 3637 4221 βδελύττεσθαι
3662 4146 3759 4199 καὶ
3774 4148 3953 4215 μισεῖν
3971 4146 4051 4210 ἐᾷ,

2478 4255 2538 4306 τὸ
2560 4250 2824 4304 ἀνάπαλιν
2859 4249 2914 4301 δὲ
2944 4249 3190 4316 στέργειν
3222 4260 3283 4296 τε
3338 4243 3429 4295 καὶ
3453 4242 3645 4309 φιλεῖν,
3673 4241 3777 4306 ὅση
3809 4237 4051 4305 δύναμις,

2480 4346 2567 4396 ναὶ
2589 4342 2650 4411 δὴ
2686 4342 2779 4392 καὶ
2792 4340 2833 4371 ⁴⁷
2860 4337 3128 4405 κάθαρσιν
3147 4330 3377 4406 [ΜΟΗῘ]
3409 4334 3507 4402 μὲν
3531 4332 3628 4398 τῆς
3648 4328 3919 4397 πονηρίας
3961 4326 4052 4377 καὶ

2482 4432 2778 4502 θεραπείαν
2830 4431 3085 4491 ἐπινοεῖν,
3106 4421 3631 4498 ,προσλαμϐάνεσθαι
3680 4420 3762 4480 δὲ,
3812 4417 3928 4470 ἀλλ’
3958 4416 4053 4466 οὐκ

813 4524 1009 4582 potest,
1040 4528 1226 4566 amare
1276 4512 1428 4579 jubet
1476 4522 1637 4579 atque
1676 4514 1915 4580 diligere.
1974 4514 2085 4566 luto
2140 4530 2267 4567 vero
2313 4515 2379 4567 de
2416 4538 2457 4593 ι)

2416 4538 2457 4593 D
2488 4524 2847 4581 dmanisOat.
2895 4522 3001 4573 Καὶ
3041 4519 3200 4571 τοῦτο
3252 4515 3459 4576 Παῦλος
3496 4514 3540 4543 ⁵³
3575 4511 3713 4581 μετά
3743 4509 3854 4561 τῶν
3884 4508 4052 4560 ἄλλων

813 4607 1088 4674 purganda
1129 4603 1476 4669 curandaque
1517 4604 1720 4655 malitia
1755 4604 2015 4670 cogitare,
2045 4605 2271 4671 ill03quc
2316 4608 2379 4655 ad

813 4711 871 4749 se
908 4709 1144 4755 sumere,
1183 4694 1327 4746 nullo
1366 4705 1543 4745 autetn
1580 4695 1736 4746 modo
1783 4694 2063 4761 repellere,
2120 4695 2378 4763 prati-ipil.

813 4788 1063 4853 Idemque
1090 4786 1283 4838 Paulus
1309 4786 1447 4837 inter
1469 4785 1571 4836 alia
1596 4796 1775 4837 mouet
1797 4825 1811 4846 ,
1855 4784 1943 4851 qui
1971 4782 2165 4835 Juduéis
2188 4785 2381 4853 207a

815 4890 1070 4946 tanquam
1108 4876 1343 4938 Juda'us,
1376 4886 1430 4928 ct
1464 4876 1713 4928 munibus
1745 4876 1924 4927 omnia
1956 4872 2129 4927 factus
2175 4886 2276 4940 est,
2326 4889 2383 4929 ut

815 4970 1033 5022 omnino
1059 4968 1267 5035 aliquos
1300 4968 1480 5020 salvos
1512 4963 1716 5019 laceret
1740 4976 1787 5019 ι’.

888 5062 1040 5123 Quod
1071 5060 1113 5111 si
1148 5074 1175 5109 a
1226 5056 1604 5125 peccatoribus
1629 5055 1900 5124 juslorum
1935 5065 2108 5109 coetus
2155 5056 2277 5109 inde
2317 5057 2383 5108 ab

820 5151 973 5201 initio
1013 5150 1061 5201 in
1106 5150 1247 5203 hunc
1278 5163 1446 5217 usque
1477 5148 1618 5199 diem
1654 5148 2024 5210 abstinuisset,
2062 5148 2187 5215 quis
2210 5148 2389 5200 salvus

818 5239 1003 5293 esset?
1050 5240 1329 5303 Quomodo
1369 5237 1599 5290 nmndus
1635 5251 1829 5305 sageua
1869 5245 2057 5304 captus
2093 5247 2263 5301 esset,
2318 5237 2385 5301 si,

824 5347 946 5384 cum
994 5342 1305 5399 peccatores
1367 5330 1500 5382 nihil
1563 5330 1786 5383 invicem
1843 5329 2088 5382 utilitatis
2136 5326 2385 5390 alIerant,

897 5516 920 5552 τι
962 5504 1149 5559 Matth.
1198 5522 1248 5569 v,
1306 5505 1394 5569 Η,
1431 5504 1519 5556 45.
1603 5503 1673 5555 rl
1713 5502 1837 5555 Cor.
1867 5518 1939 5565 Ix,
1968 5502 2056 5556 ‘29.

2492 4620 2763 4687 παραινεῖ,
2817 4615 2874 4677 ὃς
2922 4613 3015 4665 καὶ
3060 4613 3171 4673 τοῖς
3217 4607 3491 4667 Ἰουδαίοις
3545 4604 3620 4664 ὠς
3678 4602 3933 4661 Ἰουδαῖος
3963 4595 4055 4648 καὶ

2488 4686 2599 4772 τοῖς
2634 4708 2889 4774 Ἕλλησιν
2930 4705 2972 4735 ⁸⁸
3027 4702 3102 4764 ὼς
3153 4699 3353 4766 Ἕλλην
3403 4698 3497 4748 καὶ
3548 4695 3659 4754 τοῖς
3720 4692 3943 4759 ἀνόμοις
3980 4686 4053 4744 ὡς

2490 4801 2685 4866 ἄνομος
2714 4797 2809 4848 καὶ
2835 4796 2947 4856 τοῖς
2978 4795 3111 4845 πᾶσι
3158 4790 3225 4842 τὰ
3252 4790 3426 4841 πάντα
3447 4785 3685 4855 ἐγένετο,
3717 4783 3805 4833 ἵνα
3839 4780 4053 4855 πάντως

2490 4888 2638 4947 τινας
2667 4884 2837 4954 σώσῃ.

2558 5060 2617 5110 Εἰ
2647 5059 2702 5108 δὲ
2742 5058 2851 5117 τοῖς
2883 5053 3222 5123 ἁμαρτωλοῖς
3259 5054 3287 5102 ὁ
3338 5050 3445 5102 τῶν
3489 5048 3712 5101 δικαίων
3764 5046 3923 5115 χορὸς
3962 5044 4052 5095 ἀπ’

2484 5149 2659 5217 ἀρχῆς
2716 5148 2875 5216 μέχρι
2928 5146 3023 5198 νῦν
3058 5144 3417 5205 ἀπετάσαετο,
3445 5140 3526 5202 τίς
3570 5140 3635 5191 ἂν
3666 5137 3881 5205 ἐσώθης
3934 5136 4052 5193 Πῶς

2485 5241 2529 5293 δ’
2569 5241 2635 5293 ἂν
2672 5241 2700 5290 ὁ
2739 5239 2938 5306 κόσμος
2973 5234 3332 5303 ἐσαγηνεύοη,
3364 5232 3473 5283 τῶν
3508 5231 3604 5301 μὲν
3637 5229 3857 5296 φαύλων
3892 5227 4053 5293 ἀλλή-

2487 5329 2609 5389 λους
2638 5327 2788 5379 οὐδὲν
2814 5324 3185 5392 ὠφελούντων,
3214 5322 3323 5375 τῶν
3351 5320 3396 5374 δ’
3423 5319 3655 5388 ἀγαθῶν
3686 5317 3910 5379 τούτους
3937 5315 4052 5384 βδε-

2096 5633 2325 5689 ἾΑΒΙᾸΞ
2361 5633 2768 5689 LECTIONES.

902 5756 943 5785 “
975 5752 1318 5820 ςξσδεξὸμεθα
1351 5770 1411 5816 ς.
1495 5767 1525 5783 "
1565 5751 1647 5806 ια’.
1682 5751 1741 5817 ὖίτ
1780 5751 1871 5803 καὶ
1912 5752 1948 5802 ,ἱ
1986 5768 1993 5797 ;
2032 5749 2119 5803 καὶ
2144 5750 2205 5819 δὴ
2248 5766 2300 5811 τ’.

832 5826 1029 5891 inus;
1068 5830 1164 5876 azltl
1228 5825 1268 5874 Α

2385 5750 2421 5778 λ’
2455 5745 2685 5817 Παζλος]
2735 5748 2751 5801 Ι
2813 5747 2935 5809 Cor,
2995 5764 3067 5812 lx,
3101 5748 3192 5804 '20.

3298 5749 3343 5779 δ’
3375 5751 3464 5802 καὶ
3530 5749 3637 5810 τοῖς
3690 5744 3950 5817 Ἕλλησιν
3981 5766 4050 5786 -
