4208 6448
636 764 650 813 ί
706 764 1009 836 πρόσληψιν
1044 771 1155 823 τῶν
1200 775 1442 841 φαύλων,
1502 780 1617 832 ἀλλ’

1329 399 1852 468 BIBLIOTHECA.
1892 434 1962 444 -
1999 412 2163 476 COD.
2194 416 2474 480 CCXXII.

674 674 829 740 ζώων
886 680 1225 751 ὑπάρχουσα,
1278 687 1379 756 τὴν
1429 698 1839 766 συναναστροφὴ

707 764 1007 790 --μπωιω
1048 771 1112 790 ,ν-
1294 775 1331 790 η
1705 784 1716 790 -
1814 788 1819 790 μ

2076 674 2090 681 _
2488 674 2497 675 ,
2636 674 2697 678 ,ν
3009 674 3023 689 ,
3052 674 3203 694 τη..-
3247 674 3409 699 -..μυ
3453 674 3551 685 ....-

1975 704 2125 769 puris
2147 708 2511 765 animantibus
2529 713 2768 779 plenum,
2802 716 2867 767 ad
2899 721 3346 775 consuetudinem
3373 725 3551 790 potius

1664 784 1725 835 οὐ
1771 788 1871 855 τὴν
1972 793 2145 850 malos
2172 803 2547 869 assumendus,
2573 820 2734 871 quam
2761 808 3095 875 repellendos
3127 812 3392 882 designat.
3427 815 3548 870 Jam

295 847 653 921 ἀποστροφὴν
704 854 1043 927 ὑπῃνίττετο.
1086 863 1149 915 Εἰ
1201 867 1258 919 δὲ
1296 870 1396 937 τὴν
1447 874 1668 944 ἀγάπην
1726 847 1843 931 οὔτι

2122 847 2140 850 _
2176 847 2547 869 ,--___--.....--,
2576 847 2734 871 .,.......
2761 847 3095 875 “pawn...”
3127 847 3392 882 ..ωδ-...η
3427 847 3544 870 ..ιιι

1968 886 2014 939 si
2057 896 2167 942 tum
2188 892 2371 958 etiam,
2405 897 2621 963 quando
2656 898 2980 954 charitalem
3016 903 3149 957 adeo
3182 905 3275 959 Dei
3302 902 3544 961 Verbum

291 942 573 1010 πανταχοῦ
594 944 690 998 τοῦ
724 948 860 1001 Θεοῦ
900 952 1075 1020 Λόγου
1109 962 1525 1029 νομοθετοῦντος
1561 969 1655 1021 καὶ
1685 971 1798 1023 πάσ

1800 990 1866 1043 ης
1970 980 2169 1048 ubique
2232 982 2491 1053 imperat,
2519 998 2573 1041 ct
2605 990 2858 1045 omnibus
2890 994 3010 1047 aliis
3059 995 3349 1052 virtutibus
3382 999 3550 1066 majo-

287 1029 463 1100 ἇλλης
495 1034 699 1106 ἀρετῆς
730 1040 1098 1113 ὑπερέχουσαν
1128 1051 1218 1103 διὰ
1258 1054 1368 1106 τῶν
1412 1057 1578 1110 αὑτοῦ
1608 1029 1843 1130 μαθητώτ

1975 1029 2095 1048 ,,_-1
2118 1029 2168 1034 ἡ-
2232 1029 2491 1053 -..τη-...ν
2520 1029 2573 1041 ν.
2607 1029 2858 1045 tun-"uua
2890 1029 3010 1047 ...ιω
3064 1029 3349 1052 νιιιυιιυυυ
3382 1029 3547 1066 ιιιηυ-

1968 1084 2079 1123 rem
2103 1087 2198 1139 per
2224 1089 2353 1129 suos
2383 1088 2675 1134 sectatores
2696 1080 2953 1146 clamitat,
2977 1084 3154 1139 hostili
3178 1097 3355 1142 tamen
3381 1091 3466 1143 alii
3496 1093 3547 1145 in

285 1122 635 1189 ἀναϐοῶντος
655 1130 803 1199 ὅμως
822 1135 1092 1203 πολεμίως
1114 1144 1250 1212 πρὸς
1273 1146 1497 1211 ἑαυτοὺς
1518 1122 1859 1220 διακείμεθα,

287 1215 385 1266 καὶ
418 1220 617 1287 μικροῦ
651 1220 743 1279 τὸν
792 1225 1019 1293 πλησίον
1071 1232 1321 1302 ἕκαστος,
1370 1239 1477 1291 κᾶν
1526 1240 1747 1311 ἀριστος
1802 1244 1859 1321 ᾖ,

286 1306 472 1405 ξρθόνῳ
530 1312 844 1383 κακίζομεν,
899 1318 1010 1373 ἔσθ’
1059 1323 1146 1377 ὅτε
1170 1325 1227 1378 δὲ
1273 1329 1367 1380 καί⁵
1416 1306 1857 1405 ἐπιϐουλεύομεν,

287 1396 419 1496 [CS7
596 1406 646 1457 εἰ
693 1409 948 1480 τοιαύτης
998 1414 1254 1486 ἀφορμῆς
1296 1420 1659 1493 ὲδραξάμεθα,
1716 1396 1858 1496 λέγω

282 1489 352 1559 δὴ
380 1491 475 1544 τοῦ
505 1496 618 1558 τοῖς
644 1504 898 1568 πονηροῖς
920 1505 983 1557 ἐκ
1009 1508 1327 1575 νομοθεσίας
1354 1489 1414 1564 τε
1448 1489 1541 1567 καὶ
1567 1489 1856 1587 ὁμολογίας

281 1582 715 1653 ἀποτάσσεσθαι,
749 1590 860 1658 ἐγὼ
896 1595 994 1661 μὲν
1036 1596 1096 1661 ἑξ
1132 1592 1206 1652 ὧν
1242 1603 1352 1671 δρῶ
1393 1606 1455 1655 τὸ
1493 1582 1851 1678 ἀνθρώπινον,

280 1676 381 1727 καὶ
408 1677 534 1741 τοὺς
566 1681 863 1750 εὐεργέτας
897 1689 1060 1755 φημὶ,
1090 1692 1208 1743 ἐπεὶ
1248 1694 1376 1756 τούς
1401 1696 1466 1763 γέ.
1505 1715 1555 1749 τι
1596 1676 1853 1768 παραλυέ

278 1765 543 1832 ποῦντας,
578 1772 682 1823 κᾶν
710 1772 931 1838 δικαίως
966 1778 1123 1832 τοῦτο
1156 1784 1459 1849 πράττωσι,
1521 1790 1741 1853 πάντως
1783 1792 1850 1847 ἂν

279 1856 534 1921 ἐκτόπως
574 1860 875 1930 ἐμισοῦμέν
912 1885 971 1919 τε
1025 1871 1121 1923 καὶ
1150 1873 1628 1946 ἀπεστρεφόμεθα,
1668 1881 1762 1936 ἇτε
1787 1884 1851 1951 δὴ
1885 1854 1924 1909 Β

277 1950 701 2043 παρακάλυμμα
726 1956 826 2025 τῆς
847 1957 1112 2029 φθονερᾶς
1138 1966 1364 2035 γνώμης
1398 1971 1491 2022 καὶ
1519 1971 1621 2038 τῆς
1655 1950 1854 2043 πολλῆς

275 2038 367 2104 ἐφ’
412 2036 493 2104 οἷς
538 2045 805 2113 μισοῦμεν
848 2050 1114 2121 ἀλλήλους
1141 2057 1403 2128 αἰσχύνης
1435 2062 1532 2131 τὴν
1577 2036 1729 2118 θείαν
1758 2036 1847 2119 tv:

273 2129 444 2198 τολὴν
492 2135 917 2207 προϐαλλόμενοι
964 2144 1058 2196 καὶ
1114 2149 1411 2219 συνήγορον
1456 2129 1690 2222 ἔχοντες,
1756 2161 1848 2211 καὶ

270 2222 379 2273 οὐκ
410 2221 479 2275 ἀν
503 2226 619 2278 οὐδὲ
656 2228 817 2298 μέχρι
846 2231 1080 2287 θανάτου
1108 2237 1208 2308 τὴν
1247 2241 1381 2312 πρὸς
1415 2221 1544 2307 τοὺς
1577 2249 1850 2312 τοιούτους

270 2311 479 2383 ἔχθραν
500 2316 838 2389 διιλυόμεθα,
869 2323 973 2378 κᾶν
993 2327 1084 2381 τὸν
1108 2329 1259 2399 ἥλιον
1296 2334 1371 2403 μὴ
1395 2336 1633 2391 ὲπιδύειν
1661 2341 1754 2394 ἐπὶ
1777 2343 1852 2413 τῷ

268 2410 642 2502 παροργισμῷ
696 2413 851 2481 ἡμῶν
905 2416 1009 2485 τῆς
1067 2422 1405 2494 Δεσποτικῆς
1456 2410 1851 2502 νομοθετούσης

270 2496 633 2568 ἀγαθότητος,
668 2505 760 2557 καὶ
784 2505 877 2559 τοῦ
922 2508 1135 2580 [ἰατρὸς
1177 2516 1423 2585 μιμητὰς
1458 2496 1850 2587 ἀποφαίνοντος

268 2589 333 2639 ὲν
362 2590 441 2658 τῷ
470 2594 605 2645 πᾶσι
641 2597 736 2647 καὶ
771 2599 899 2660 τοῖς
956 2602 1172 2669 μισοῦσι
1228 2609 1495 2675 χρηστοὺς
1536 2607 1696 2673 εἶναι,
1753 2615 1849 2681 Ὃς

264 2680 482 2748 βρέχει
520 2682 568 2713 ⁸⁸
606 2685 702 2737 ἐπὶ
728 2686 999 2754 δικαίους
1021 2692 1118 2745 καί
1154 2694 1407 2765 ἀδίκους
1450 2699 1549 2751 καί
1598 2680 1850 2757 (iratii-

266 2774 369 2823 .let
403 2774 510 2824 τὸν
534 2773 713 2841 ἥλιον
735 2779 924 2834 αὐτοῦ
950 2784 1043 2850 ἐφ’
1070 2783 1367 2853 ἑκατέραν
1387 2792 1600 2857 ὁμοίως
1614 2796 1845 2863 μερίδα.

266 2862 334 2913 Ei
377 2863 434 2915 δὲ
479 2859 547 2933 ῆν
581 2871 973 2939 νενομισμένον
996 2875 1109 2938 τοῖς
1136 2881 1394 2947 πονηροῖς
1418 2882 1526 2933 τῶν
1547 2859 1848 2953 ἀνθρώπων

264 2955 401 3016 τοὺς
440 2955 844 3028 φωτιζομένους
870 2964 1297 3034 ἀποτάσσεσθαι,
1334 2973 1428 3025 καὶ
1457 2975 1593 3045 γυνὴ
1624 2976 1693 3029 ἀν
1720 2980 1849 3031 ταύ-

265 3066 372 3117 της
418 3050 519 3119 τῆς
569 3051 824 3126 ἀφορμῆς
859 3059 1130 3133 λαϐομένη
1161 3064 1255 3116 τοῦ
1288 3065 1479 3136 ἀνδρὸς
1520 3068 1844 3140 διεσχίζετο,

1964 1161 2098 1216 alios
2132 1166 2313 1220 animo
2354 1184 2559 1237 sumus,
2598 1181 2651 1226 et
2680 1172 2792 1228 fere
2816 1177 3182 1246 unusquisque
3218 1182 3543 1249 proximum,

1966 1258 2176 1310 tametsi
2202 1260 2437 1327 optimus
2470 1261 2560 1325 sit,
2592 1279 2685 1329 per
2757 1267 3011 1321 invidiam
3073 1269 3336 1337 la‘dimus,
3388 1284 3549 1345 atque

1962 1345 2234 1402 interdum
2262 1353 2493 1407 etiamei
2526 1355 2751 1412 insidias
2786 1374 3038 1425 paramus
3072 1380 3084 1416 :
3120 1364 3221 1418 hac
3248 1366 3426 1419 oblata
3452 1383 3547 1421 oc-

1958 1440 2175 1495 casione
2204 1443 2286 1510 (ut
2322 1443 2530 1499 scilicet
2572 1447 2852 1515 improbis,
2916 1465 2978 1504 ex
3016 1452 3132 1519 lege
3177 1466 3342 1524 atque
3388 1467 3545 1524 pacto

1956 1536 2174 1588 nuntius
2207 1537 2558 1593 remittendus
2587 1540 2691 1608 sit)
2720 1541 2969 1606 equidem
2991 1554 3249 1612 quantum
3265 1550 3542 1603 hominum

1956 1641 2137 1681 mores
2168 1628 2460 1696 perspicio,
2489 1630 2633 1698 ipsos
2661 1646 2873 1700 quoque
2914 1635 3182 1690 beneficos
3218 1636 3270 1690 in
3304 1651 3423 1702 nos,
3451 1639 3541 1706 qui

1953 1720 2115 1772 modo
2131 1720 2362 1788 aliquam
2380 1722 2622 1777 molestia
2634 1725 2868 1789 ni,Cti:un
2882 1724 3023 1789 jtlSle
3042 1726 3293 1781 all‘errent
3311 1729 3541 1783 absurde

1955 1810 2142 1879 utique
2171 1822 2225 1865 et
2270 1813 2579 1866 indecenter
2627 1816 2931 1868 odissemus
2977 1827 3136 1886 atque
3166 1834 3538 1897 aversarentur

1956 1898 2345 1966 (velamentum
2409 1905 2659 1959 nimirum
2726 1907 2898 1959 noxia:
2959 1906 3115 1976 hujus
3164 1910 3455 1965 voluntatis
3486 1925 3539 1969 et

1953 1994 2220 2061 probrosi
2275 1994 2421 2049 illius
2498 2011 2605 2063 quo
2650 1999 2882 2051 invicem
2970 2003 3344 2071 prosequimur
3426 2006 3532 2057 odii

1952 2084 2193 2137 divinum
2250 2097 2577 2156 prmceptum
2617 2088 2957 2155 objicicntcs,
3024 2106 3076 2145 et
3132 2104 3385 2163 tanquam
3441 2112 3537 2164 pro

1952 2174 2212 2229 advocato
2257 2176 2562 2249 habentes)
2597 2195 2659 2234 ac
2705 2196 2881 2248 neque
2912 2184 2974 2235 ad
3005 2196 3309 2239 extremum
3368 2203 3535 2255 usque

1951 2263 2197 2331 spiritum
2254 2266 2435 2322 odium
2496 2269 2548 2325 in
2611 2273 2744 2326 tales
2804 2289 3036 2342 unquam
3105 2275 3530 2344 deponeremus,

1950 2356 2158 2409 etiamsi
2201 2358 2368 2412 solem
2398 2377 2500 2415 non
2537 2364 2783 2419 occidere
2832 2380 2990 2435 super
3044 2368 3383 2423 iracundiam
3436 2387 3533 2425 no-

1951 2458 2116 2501 stram
2152 2449 2357 2505 Domini
2403 2453 2615 2509 bonitas
2661 2458 2934 2524 pra-cipiat
2970 2462 3011 2522 ι,
3058 2472 3221 2530 atque
3255 2477 3351 2530 per
3379 2461 3532 2517 beni-

1953 2539 2209 2607 gnitatem
2240 2557 2363 2610 erga
2406 2559 2613 2609 omnes,
2666 2549 2826 2600 etiam
2878 2548 3164 2616 lftllilli‘OS,
3216 2551 3396 2607 Patris
3445 2555 3527 2608 sui

1953 2630 2251 2687 imitatores
2285 2633 2397 2687 fore
2428 2637 2701 2702 declaret,
2731 2641 2817 2705 qui
2858 2641 2988 2708 pluit
3044 2659 3199 2706 super
3248 2644 3423 2712 justas
3478 2654 3528 2698 et

1950 2724 2196 2791 iniustos,
2252 2737 2299 2778 et
2334 2726 2494 2781 solem
2546 2746 2695 2781 suum
2741 2732 2871 2784 oriri
2905 2732 3031 2800 facit
3066 2749 3221 2800 super
3255 2737 3434 2800 bonos,
3480 2748 3527 2789 et

1951 2817 2191 2870 malos'.
2226 2817 2295 2871 Et
2340 2834 2461 2873 vero
2496 2820 2537 2873 si
2574 2821 2687 2888 lege
2733 2825 3005 2877 decretum
3044 2826 3201 2892 foret,
3238 2837 3295 2881 ut
3349 2827 3527 2897 bapti-

1954 2908 2107 2961 7.:indi
2150 2910 2320 2964 malos
2352 2911 2597 2966 homines
2645 2916 2865 2967 omnino
2889 2918 3067 2972 valere
3090 2916 3345 2985 juberent
3376 2918 3523 2987 :jam

1950 3004 2005 3051 et
2033 3012 2165 3051 uxor
2194 2998 2293 3052 hoc
2342 3000 2522 3055 colore
2562 3016 2589 3053 a
2647 3005 2761 3056 viro
2806 3006 3127 3069 disi-ederet,
3190 3017 3246 3060 et
3305 3008 3387 3063 vir
3454 3010 3524 3063 ab

1948 3101 2134 3151 uxore,
2178 3088 2319 3141 ﬁlius
2346 3104 2373 3141 a
2409 3100 2577 3157 patre,
2618 3108 2644 3142 a
2697 3103 2868 3147 matre
2898 3094 3023 3156 lilia,
3056 3110 3085 3149 ι
3136 3096 3354 3151 domino
3402 3114 3520 3153 ser-

270 3143 371 3194 καὶ
400 3143 660 3209 γυναικὸς
690 3147 719 3198 ό
758 3147 920 3217 ἀνὴρ,
975 3153 1184 3222 πατρός
1214 3172 1273 3207 τε
1312 3158 1341 3208 ό
1369 3158 1480 3218 υίὸς
1514 3160 1609 3211 καὶ
1641 3163 1843 3233 μητρὸς

1955 3191 2069 3230 vus.
2098 3177 2457 3234 Conlirmaret
2489 3184 2631 3235 enim
2681 3185 2871 3237 liorum
2913 3187 3139 3254 quilibet
3170 3202 3229 3242 se
3262 3204 3359 3244 suo
3397 3206 3519 3245 cum

263 3230 301 3299 ἡ
354 3230 601 3303 θυγάτηρ
667 3237 763 3288 καὶ
804 3237 989 3303 δοῦλος
1034 3242 1296 3296 δεσπότου
1322 3260 1337 3273 ’
1374 3230 1847 3321 ὲστηρίζετονγὰρ

265 3322 338 3374 ἂν
384 3321 620 3388 ἕκαστος
670 3326 877 3381 τούτων
921 3332 989 3400 τῇ
1023 3332 1156 3401 πρὸς
1178 3334 1311 3387 Θεὸν
1339 3337 1518 3410 οἰκείᾳ
1562 3340 1842 3413 ὁμολογίᾳ,

264 3413 366 3465 καὶ
419 3414 584 3483 νόμον
630 3417 838 3471 ἐτίθετο
872 3421 1062 3475 τοῦτον
1116 3425 1473 3495 ἀπαράϐατον
1529 3431 1607 3502 τῷ
1659 3434 1845 3506 οἰκείῳ

264 3505 541 3574 θελήματι
575 3506 980 3580 βεϐαιούμενον.
1022 3515 1120 3567 Διὰ
1157 3515 1331 3570 ταῦτα
1380 3521 1561 3575 τοίνυν
1606 3526 1685 3597 τῷ
1729 3505 1845 3583 διαέ

264 3598 413 3666 δόλῳ
450 3598 611 3665 μόνον
652 3602 746 3654 καὶ
771 3607 883 3667 τοῖς
917 3605 1214 3675 δαιμονίοις
1247 3611 1341 3662 καὶ
1372 3614 1486 3675 τοίς
1515 3616 1720 3671 τούτων
1750 3621 1843 3691 ερ.

262 3706 389 3757 τοις
422 3690 647 3758 φεύγειν
684 3709 744 3745 τε
774 3696 869 3746 καὶ⁵
897 3695 1274 3764 βδελύττεσθαι
1309 3704 1403 3755 καὶ
1444 3690 1842 3765 ἀποτάττεσυαι

263 3782 746 3850 πφστετάγμεθα,
786 3786 1041 3857 ἀμέτοχοι
1070 3791 1170 3858 τῆς
1195 3794 1422 3847 ἐκείνων
1474 3798 1702 3870 γνώμης
1751 3804 1841 3859 διὰ

262 3874 473 3938 παντὸς
505 3878 909 3947 συντηρηθῆναι
948 3881 1337 3951 ὁμολογοῦντές
1366 3904 1425 3939 τε
1476 3891 1570 3942 καὶ
1614 3893 1840 3964 εὐχόμεο

259 3969 487 4032 νοι,διά
518 3970 617 4040 τὴν
642 3972 820 4024 αὐτῶν
852 3972 988 4042 πρὸς
1038 3977 1105 4028 τὰ
1155 3978 1336 4046 φαῦλα
1389 3981 1580 4053 ἀκλινῆ
1634 4003 1695 4038 τε
1748 3991 1841 4042 καὶ

258 4060 601 4128 ἀμετάθετον
634 4064 807 4133 ῥοπὴν
843 4068 935 4119 καὶ
967 4067 1053 4121 διὰ
1082 4068 1143 4120 τὸ
1171 4068 1333 4138 κόρον
1365 4072 1474 4125 τῶν
1507 4075 1840 4147 ἁμαρτημά-

255 4167 375 4202 των
407 4152 482 4220 μὴ
520 4153 790 4222 δέχεσθαι.
845 4156 1119 4225 Ἀλλήλοις
1146 4160 1224 4221 δὲ,
1269 4161 1372 4213 κᾶν
1403 4164 1743 4234 ἀνθρώπινον
1778 4166 1835 4242 ᾖ,

260 4243 372 4295 κᾶν
407 4245 488 4307 εἰς
520 4245 581 4297 τὸ
626 4247 781 4301 Θεῖον
834 4250 1085 4321 διαϐαίνῃ
1135 4253 1179 4284 ⁸⁸
1237 4254 1297 4305 τὸ
1349 4257 1677 4326 ἁμάρτημα,
1738 4263 1838 4315 οὐκ

255 4332 446 4399 ὀξεῖαν
486 4338 580 4388 καὶ
609 4339 883 4408 ἀπότομον
912 4342 1010 4410 τὴν
1049 4344 1231 4413 κρίσιν
1272 4347 1458 4419 φέρειν
1504 4349 1792 4419 ὀφείλομεν
1818 4368 1832 4381 ⁸

253 4426 596 4494 λυμαντικόν
618 4445 676 4480 τε
698 4432 807 4501 γὰρ
832 4432 991 4484 τοῦτο
1014 4435 1113 4502 τῆς
1137 4437 1379 4505 ἐμφύτου
1411 4439 1544 4510 πρὸς
1572 4441 1833 4513 ἀλλήλους

251 4519 521 4588 στοργῆς,
552 4519 639 4572 διὰ
669 4521 769 4591 τὴν
802 4525 1218 4596 συνηρτημένην
1251 4528 1385 4598 ὓλην
1422 4530 1499 4599 τῷ
1536 4532 1704 4599 γένει,
1737 4536 1831 4586 καὶ
1870 4512 1911 4566 D

246 4610 337 4662 ὅτι
373 4608 633 4661 πεσοῦσιν
666 4612 821 4674 ἐλπὶς
859 4613 1197 4683 διορθώσεως
1224 4617 1574 4674 ὑπολείπεται
1624 4622 1691 4677 ⁸⁸.
1740 4625 1832 4677 Διὸ

244 4700 348 4753 καὶ
381 4698 448 4751 ἀν
476 4716 560 4763 τις
588 4702 687 4770 μὲν
716 4703 871 4775 λέγῃ,
902 4707 1024 4759 Οὐκ
1054 4706 1169 4775 εἰμί
1198 4710 1327 4763 καθ’
1350 4709 1458 4763 ἕνα
1486 4712 1605 4765 τῶν
1625 4713 1829 4782 δαιμό-

242 4807 400 4853 νων,
428 4791 546 4861 [5M
588 4792 685 4865 ιι]
737 4796 969 4867 ἐπείπερ
1019 4799 1275 4869 ἀλήθειάν
1334 4818 1519 4869 φησιν,
1559 4804 1661 4857 οὐκ
1702 4806 1831 4859 ἀπό·

245 4883 490 4952 ϐλητος·
539 4886 566 4936 ὁ
615 4885 672 4937 δὲ
724 4888 865 4940 κατά
910 4890 1001 4941 τὸν
1060 4892 1355 4960 Φαρισαῖον
1399 4895 1467 4925 ⁸³⁸
1508 4895 1827 4961 ἀλαζονευό-

244 4994 419 5047 μενος
449 4978 543 5029 καὶ
564 4980 638 5041 ώς
666 4982 694 5033 ὁ
714 4980 951 5050 τελώνης
983 4981 1056 5051 μὴ
1088 4979 1224 5036 εἶναι
1264 4988 1622 5057 μεγαλαυχῶν
1663 5008 1826 5045 κατα-

1952 3268 2060 3323 Deo
2085 3270 2217 3324 inito
2245 3282 2421 3340 pacto,
2452 3273 2731 3342 legemque
2773 3276 2911 3329 hanc
2937 3280 3037 3331 sibi
3071 3282 3292 3348 propria
3328 3281 3521 3336 volun-

1949 3369 2058 3414 tate
2107 3363 2514 3417 corroboratam
2550 3382 2820 3433 nunquam
2867 3370 3368 3439 transgrediendum
3408 3384 3521 3428 sta-

1948 3459 2139 3507 tueret.
2189 3451 2299 3509 llas
2339 3456 2499 3526 igitur
2526 3459 2593 3511 ob
2625 3475 2816 3512 causas
2843 3460 3013 3513 solum
3042 3460 3315 3517 diabolum
3356 3473 3519 3533 atque

1942 3542 2232 3610 dtemonia,
2274 3557 2537 3602 eteorum
2591 3566 2753 3617 opera
2800 3551 3054 3618 jubemur
3116 3552 3322 3625 fugere,
3357 3571 3516 3611 exse-

1943 3638 2106 3702 crari,
2161 3638 2437 3709 repellere,
2479 3656 2542 3694 ac
2564 3657 2660 3695 nos
2696 3659 2789 3710 per
2819 3646 2998 3698 onmia
3042 3644 3261 3710 liberos,
3298 3664 3364 3703 ne
3392 3665 3514 3702 cum

1944 3727 2011 3781 iis
2041 3730 2364 3796 sentiamus,
2397 3748 2745 3797 conservare,
2780 3737 3099 3805 proﬁtentes
3127 3750 3289 3807 atque
3325 3752 3517 3810 Optau-

1945 3832 2050 3885 tes,
2100 3833 2318 3892 propter
2345 3840 2529 3879 eorum
2568 3827 2633 3878 ad
2662 3828 2857 3881 malum
2892 3829 3276 3887 immutabilem
3301 3843 3353 3887 et
3377 3833 3517 3887 irre-

1940 3914 2240 3970 vocabilem
2297 3915 2729 3980 inclinationem,
2790 3930 2843 3973 et
2879 3922 3002 3989 quia
3061 3923 3252 3993 20712
3281 3926 3513 3993 peccatis

1941 4018 2045 4057 non
2091 4006 2377 4072 satiantur,
2426 4008 2641 4064 eosdem
2694 4026 2791 4064 nos
2832 4013 3049 4067 minime
3100 4015 3405 4072 admittere.
3452 4016 3511 4071 In

1941 4109 2040 4149 nos
2075 4107 2261 4150 mutuo
2292 4114 2439 4163 vero,
2470 4101 2583 4154 sive
2614 4101 2664 4154 in
2698 4101 2965 4156 hominem
2994 4103 3107 4158 sive
3138 4103 3189 4158 in
3222 4104 3386 4159 Deum
3418 4107 3513 4160 ad-

1942 4185 2163 4238 missum
2194 4200 2471 4253 peccatum
2509 4189 2599 4253 sit,
2629 4189 2858 4244 celerem
2922 4202 2976 4244 ct
3031 4194 3314 4260 abruptam
3368 4194 3511 4249 ferre

1938 4278 2259 4331 sententiam
2298 4294 2402 4332 non
2443 4280 2702 4336 debemus
2734 4282 2984 4353 (noxium
3013 4285 3154 4338 enim
3176 4286 3301 4339 illud
3326 4286 3509 4345 innato

1939 4367 2093 4419 nobis
2128 4370 2295 4422 amori
2333 4380 2517 4423 mutuo
2574 4386 2695 4427 esse
2750 4374 2942 4442 solet),
2991 4386 3100 4430 tum
3139 4378 3279 4445 quod
3339 4393 3508 4447 genus

1944 4459 2256 4512 universum
2303 4475 2332 4513 a
2369 4462 2591 4515 materia
2634 4463 2956 4530 dependeat,
3004 4478 3112 4521 tum
3164 4470 3326 4523 etiam
3381 4471 3505 4539 quia

1944 4543 2105 4612 lapsis
2126 4561 2249 4613 spes
2280 4550 2642 4605 restitutionis
2671 4555 2845 4606 adhuc
2888 4556 3093 4624 reliqua
3120 4567 3223 4611 est.
3280 4558 3431 4614 Unde
3455 4561 3501 4613 si

1927 4637 2048 4702 quis
2073 4637 2308 4692 dixerit:
2349 4638 2526 4709 Egone
2570 4645 2651 4695 vel
2701 4661 2862 4697 unum
2902 4646 3198 4701 dwmonem
3245 4650 3503 4705 imitando

1924 4742 2112 4793 sequor
2137 4744 2153 4783 :
2186 4729 2231 4782 si
2263 4730 2481 4799 quidem
2506 4748 2692 4787 verum
2721 4734 2875 4800 dicit,
2914 4752 3017 4791 non
3046 4748 3129 4793 est
3150 4739 3495 4809 rejiciendus,

1926 4820 2036 4882 sin,
2071 4828 2129 4872 ut
2166 4819 2255 4875 ille
2287 4821 2615 4889 Pbarisaeus,
2648 4842 2767 4881 sese
2812 4830 3050 4897 jactitct,
3099 4842 3156 4887 et
3206 4833 3500 4889 Publicano

1928 4924 2033 4962 non
2097 4925 2218 4966 esse
2271 4914 2498 4969 similem
2557 4920 2845 4985 superbius
2903 4923 3183 4991 glorietur,
3218 4926 3263 4979 is
3319 4927 3503 4996 utique

1928 5001 2215 5056 damnatur
2248 5011 2295 5057 ν.
2322 5004 2505 5074 Neque
2530 5008 2672 5061 enim
2703 5021 2936 5075 constat,
2977 5030 3043 5067 an
3074 5014 3164 5069 ille
3194 5016 3285 5085 qui
3320 5019 3502 5071 stabat

239 5070 539 5134 κρίνεται·
574 5070 698 5123 οὕτε
742 5072 849 5142 γὰρ
872 5074 1033 5135 αὐτὸς
1058 5075 1087 5126 ό
1121 5077 1407 5145 ἱστάμενος
1450 5082 1499 5132 εί
1550 5080 1626 5151 μὴ
1668 5083 1823 5135 πέσοι

1955 5104 2033 5143 am
2064 5106 2171 5145 non
2210 5093 2473 5149 deciderit
2504 5115 2519 5151 :
2553 5113 2727 5166 neque
2792 5116 2969 5154 annon
3019 5103 3090 5157 sit
3128 5115 3496 5169 surrecturus,

236 5162 433 5231 δῆλον,
478 5162 603 5215 οὔτε
648 5164 677 5215 ό
729 5167 1035 5229 πεπτωκὼς
1077 5171 1125 5221 εἰ
1186 5172 1259 5241 μὴ
1317 5176 1592 5241 στήσεται.
1640 5176 1824 5239 Χωρὶς

235 5254 297 5308 δὶ
328 5253 445 5307 τῶν
488 5255 795 5325 εἰρημένων
828 5260 1047 5313 κάκεῖνο
1079 5261 1405 5332 θεωρητέον,
1434 5266 1510 5328 ώς
1544 5268 1731 5340 ἐπειδὴ
1763 5269 1822 5322 τὸ

238 5345 347 5415 μὲν
384 5343 664 5413 δαιμόνιον
696 5346 861 5417 φῦλον
894 5351 1285 5423 ἀμετανόητον,
1324 5356 1484 5424 ήμείς
1520 5357 1575 5410 δὲ
1604 5359 1690 5413 διὰ
1725 5378 1819 5430 με·

233 5437 464 5503 τανοίας
492 5438 569 5511 τῷ
600 5439 933 5513 βαπτίσματι
967 5445 1253 5518 πρόσιμεν,
1289 5447 1359 5501 δι’
1378 5441 1453 5503 ὧν
1479 5454 1591 5515 τοίς
1612 5453 1817 5523 ἀμετα-

1924 5184 2013 5251 qui
2044 5184 2333 5239 ceciderat.
2369 5187 2573 5242 Prmter
2613 5205 2672 5243 ea
2703 5206 2850 5259 vero,
2885 5208 3005 5262 qua:
3036 5194 3149 5263 jam
3182 5195 3323 5249 dicta
3348 5209 3497 5261 sunt,

1922 5276 2084 5327 etiam
2143 5274 2271 5328 illud
2334 5278 2809 5346 consideramlum,
2870 5285 3126 5352 quoniam
3177 5288 3493 5356 pmniteutia

1926 5365 2049 5419 duci
2105 5367 2376 5423 dznmones
2407 5384 2513 5423 non
2574 5382 2828 5439 possunt;
2900 5390 2995 5431 nos
3029 5391 3156 5431 vero
3191 5392 3290 5446 pep
3317 5377 3493 5445 paeni-

1929 5458 2147 5512 tentiam
2172 5461 2235 5513 ad
2265 5463 2587 5531 baptismum
2626 5470 2952 5535 accedimus,
2995 5486 3059 5525 ex
3101 5486 3167 5527 eo
3190 5472 3335 5544 quod
3382 5472 3489 5528 im-

315 5586 341 5616 I
375 5575 500 5632 Act.
526 5593 580 5642 ι,
604 5578 665 5633 ll
693 5593 846 5650 seqq.
927 5582 946 5617 ‘
984 5583 1184 5652 Eplies.
1217 5602 1267 5642 Iv
1289 5626 1304 5651 ,
1334 5587 1423 5643 26.
1485 5601 1512 5629 ιι
1544 5588 1696 5644 Matt.
1728 5606 1780 5655 ν,
1812 5591 1900 5646 45.
1944 5602 1972 5631 ν
2009 5593 2136 5649 Luc.
2183 5612 2335 5662 xrnt,
2370 5598 2401 5653 9
2426 5614 2576 5670 seqq.

1550 5726 1783 5781 VARUS
1834 5727 2237 5788 LECTIONES.

312 5804 363 5837 “
386 5805 599 5882 βρέγει]
632 5808 817 5867 Matth.
859 5829 907 5879 ν,
1110 5816 1151 5848 ⁸¹
1184 5816 1397 5889 διαϐαίη
1431 5836 1516 5891 τη
1565 5824 1607 5854 δ’
1642 5822 1990 5878 ἀπολείπεται
2024 5841 2085 5891 ις.
2161 5828 2227 5859 ⁵²’
2254 5829 2339 5882 τὸν
2382 5832 2541 5902 dum},
2604 5834 2735 5893 Luc.
2782 5856 2933 5907 xmt,
2971 5841 3052 5895 ll.
