4208 6448
731 413 835 476 827

1877 399 2140 463 ΡΠΟΤΙΙ
2178 395 2680 459 ΡΑΤΒῙΑΠΕΙῙίΕ
2708 395 2819 456 CP.

3892 393 3995 463 8%

733 525 1122 597 paenitentibus
1207 520 1605 583 renuntiamus,
1668 518 2044 589 paenitentiam
2109 514 2329 569 omnino

2396 557 2400 571 ,
2428 510 2633 581 νοήτως
2663 509 2875 579 ἔχουσιν
2905 505 3325 577 ἀποτασσόμεθα
3346 544 3361 569 ,
3405 504 3507 578 τὴν
3540 505 3831 578 μενάνοιαν
3860 510 3997 564 πάν-

736 620 847 674 Deo
876 618 1146 687 spondere
1181 630 1281 668 nos
1308 624 1556 682 apparet.
1613 610 1683 664 Et
1713 624 1841 664 vero
1869 610 1959 678 qui
1994 607 2328 662 daemonibus

736 710 809 763 ob
875 710 924 761 id
983 705 1126 773 quod
1184 719 1289 757 non
1349 702 1721 769 resipiscam,
1785 699 2135 760 renuntiavit,
2190 710 2329 764 quo-

741 804 900 855 modo
938 802 982 854 is
1041 815 1146 854 non
1214 796 1635 866 imprnniteutim
1694 794 1926 864 primum
1956 789 2331 845 renuntiavit?

739 896 842 967 Qui
883 895 1043 949 etiam
1099 892 1295 960 prioris
1353 906 1464 943 sua:
1520 888 1776 957 nequitia:
1826 896 1987 954 atque
2039 883 2330 953 impietatis

743 987 953 1038 veniam
1005 986 1159 1052 petit,
1212 982 1485 1051 quomodo
1530 982 1577 1035 is
1620 979 1950 1037 hominibus,
1996 977 2087 1045 qui
2139 976 2329 1029 iisdem

746 1078 967 1131 obnoxii
1008 1086 1132 1131 sunt
1168 1075 1533 1143 passionibus,
1591 1073 1837 1125 eamdem
1862 1086 2021 1137 quam
2068 1084 2164 1137 per
2220 1084 2333 1135 pm-

753 1167 1036 1221 nitentiam
1088 1174 1414 1218 consecutus
1462 1172 1547 1218 est
1587 1161 2039 1223 misericordiam,
2090 1158 2332 1213 sceluse—

752 1256 869 1309 rit?

828 1351 1005 1416 Atque
1040 1349 1139 1401 ista
1158 1346 1375 1415 quidem
1414 1346 1514 1400 hoc
1564 1345 1744 1411 capite
1773 1342 2080 1411 complexus
2114 1348 2217 1395 est.
2254 1340 2338 1393 in-

751 1448 836 1493 ter
870 1453 989 1506 qua:
1027 1437 1153 1491 illud
1178 1437 1339 1490 etiam
1379 1436 1453 1488 ait
1509 1452 1608 1488 nos
1643 1435 1696 1486 in
1743 1432 2137 1485 resurrectione
2169 1442 2335 1495 ange-

754 1518 912 1580 licam
944 1529 1106 1579 vitam
1142 1537 1377 1589 acturos,
1416 1542 1519 1579 non
1558 1526 1670 1594 jam
1732 1523 1964 1589 amplius
2014 1521 2080 1573 ad
2137 1520 2333 1571 malum

753 1620 919 1672 ullum
955 1635 1175 1687 pronos,
1217 1620 1309 1672 sed
1366 1620 1415 1670 in
1464 1616 1733 1670 constanti
1774 1622 1917 1668 statu
1958 1612 2334 1674 conﬁrmatos;

758 1731 864 1767 non
903 1715 953 1767 id
988 1715 1200 1782 quidem
1233 1729 1297 1765 ex
1344 1727 1534 1765 natura
1566 1708 1863 1768 consecuti,
1901 1708 1992 1761 sed
2024 1717 2152 1760 utet
2178 1720 2341 1772 ange-

763 1810 939 1861 lorum
979 1812 1131 1871 ordo,
1178 1808 1374 1859 virtute
1397 1804 1568 1857 sancti
1606 1803 1859 1868 Spiritus.
1888 1799 2111 1859 Eadem,
2146 1797 2335 1865 inquit,

760 1902 969 1954 ratione
1001 1904 1161 1954 etiam
1196 1901 1322 1952 illud
1370 1899 1504 1949 dirit
1542 1916 1554 1948 :
1593 1895 1697 1960 Qui
1744 1896 1915 1945 minor
1962 1900 2033 1942 est
2093 1891 2148 1942 in
2182 1906 2337 1955 regno

760 2000 1027 2057 crrlorum,
1079 1996 1250 2061 major
1282 2001 1354 2044 est
1390 1990 1595 2043 Joanne
1641 1988 1882 2054 Baptista
1907 1998 1954 2048 ι,
1991 1985 2113 2051 quia
2138 1983 2341 2035 scilicet

761 2106 872 2159 prae
900 2085 1221 2141 abundantia
1256 2084 1440 2152 gratim
1460 2080 1725 2147 spiritalis
1768 2077 1959 2129 mutari
1988 2074 2214 2140 amplius
2250 2086 2341 2124 ne-

763 2184 895 2249 quit.
927 2179 1152 2244 Quando
1183 2177 1322 2229 enim
1363 2175 1619 2241 majorem
1680 2169 1941 2223 Joannem
2001 2166 2138 2217 inter
2191 2173 2343 2216 natos

766 2275 1044 2329 mulierum
1071 2268 1376 2337 appellavit,
1401 2266 1487 2329 qui
1516 2264 1565 2315 in
1587 2262 1821 2329 Spiritus
1841 2258 2010 2311 sancti
2031 2256 2181 2307 donis
2199 2256 2334 2307 veri—

767 2376 850 2418 tas
877 2371 977 2425 est,
1010 2359 1269 2413 Conditor
1304 2369 1364 2406 ac
1392 2352 1651 2404 Dominus
1686 2356 1895 2408 noster,
1938 2360 2055 2396 cum
2096 2343 2252 2409 hujus
2286 2351 2339 2393 et

766 2452 957 2505 futura:
982 2450 1104 2501 vita:
1135 2443 1493 2499 tliﬂ'erentiam
1529 2440 1837 2493 ostenderet
1868 2450 1881 2485 :
1915 2434 2022 2486 Etsi
2061 2448 2222 2489 nunc.
2246 2432 2339 2489 ait,

764 2542 1098 2613 spiritalibus
1123 2536 1277 2591 donis
1310 2533 1482 2599 major
1504 2541 1589 2583 est
1622 2529 1946 2582 Praccursor,
1981 2532 2126 2576 tanta
2167 2532 2341 2573 tamen

762 2639 868 2695 erit
903 2640 953 2689 in
993 2635 1167 2685 futura
1202 2629 1307 2679 vita
1349 2628 1540 2678 harum
1581 2636 1756 2673 rerum
1796 2620 1845 2668 in
1888 2617 2073 2667 melius
2109 2627 2345 2665 commu-

768 2732 918 2791 tatio,
944 2738 1195 2791 tantaque
1224 2720 1457 2786 Spiritus
1484 2716 1658 2779 copia.
1687 2722 1744 2762 ut
1780 2710 1867 2776 qui
1905 2708 2007 2759 illis
2049 2707 2222 2757 minor
2244 2712 2346 2769 est,

766 2821 1025 2886 ampliora
1058 2818 1193 2868 dona
1214 2818 1605 2865 consecuturus
1623 2804 1712 2866 sit,
1735 2816 1893 2869 quam
1925 2799 2010 2866 qui
2040 2798 2125 2849 liic
2151 2796 2347 2861 majora

766 2885 1112 2978 acceperunt.
1168 2906 1265 2968 Qui
1310 2900 1452 2952 enim
1486 2898 1572 2950 hic
1607 2896 1858 2962 degebat,
1906 2889 2115 2942 etiamsi
2186 2885 2353 2951 majus

767 3003 894 3072 quid
913 3010 1053 3052 esset
1077 3003 1423 3051 consecutus,
1444 2987 1681 3041 nondum
1710 2996 1887 3036 tamen
1910 2982 2135 3033 habebat
2159 2979 2351 3029 immn-

768 3094 1111 3151 tabilitatem;
1140 3086 1227 3155 qui
1266 3098 1392 3135 vero
1420 3082 1468 3132 in
1490 3079 1752 3131 caelorum
1779 3089 1951 3143 regno
1981 3071 2173 3128 minor,
2208 3067 2352 3132 quis-

769 3185 891 3253 quis
920 3182 1134 3233 tandem
1175 3178 1262 3229 ille
1297 3171 1493 3233 fuerit,
1530 3170 1673 3236 quod
1706 3165 1826 3217 tulit
1860 3165 2085 3219 bonum,
2118 3161 2166 3211 id
2194 3155 2350 3209 simul
2378 3185 2421 3246 C

773 3274 964 3329 smlnle
982 3280 1033 3324 et
1057 3280 1327 3333 nunquam
1350 3260 1699 3315 adimendum
1725 3255 1864 3317 tulit,
1895 3252 2021 3304 nulli
2045 3244 2355 3302 mutationis

772 3363 1071 3421 infirmitati
1102 3357 1389 3413 obnoxius.

847 3545 1042 3613 208a
1064 3540 1265 3606 Quinto
1284 3545 1338 3588 et
1356 3532 1772 3603 quadragesimo
1796 3530 1970 3596 capite
2000 3529 2051 3582 in
2071 3544 2190 3582 eam
2219 3528 2362 3582 venit

775 3637 1161 3706 quzestionem:
1198 3628 1478 3693 Quomodo
1521 3625 1592 3676 illi
1635 3623 1779 3684 duo,
1821 3621 2084 3689 quiprimi
2120 3621 2171 3673 in
2211 3632 2362 3673 utro—

775 3744 881 3797 que
908 3720 1217 3796 [rationalis
1245 3714 1531 3786 creaturae]
1564 3725 1763 3784 genere
1794 3707 1991 3764 conditi
2034 3710 2204 3771 fuere,
2250 3711 2363 3761 dia-

777 3816 930 3870 bolus
975 3812 1238 3868 etAdam.
1280 3806 1460 3858 statim
1516 3820 1543 3854 a
1588 3801 1866 3855 creatione
1917 3799 2267 3852 ceciderunt?
2303 3798 2367 3851 Et

775 3908 1039 3959 Adamum
1080 3902 1295 3969 quidem
1349 3896 1589 3949 omnium
1621 3892 1702 3945 sui
1742 3891 1955 3958 generis
1988 3890 2217 3957 prinmm
2250 3905 2367 3943 esse

777 3997 1078 4055 conditum,
1132 3988 1330 4044 nemini
1385 3986 1628 4038 dubium.
1671 3981 1826 4046 Quod
1870 3996 1996 4034 vero
2034 3992 2087 4032 et
2130 3980 2370 4034 diabolus

784 4102 1040 4156 tanquam
1078 4085 1183 4135 dux
1220 4079 1615 4144 antesignanus
1648 4071 1925 4129 ceciderit,
1966 4071 2102 4137 apud
2137 4069 2255 4133 Joh,
2291 4071 2372 4123 in-

780 4180 920 4249 quit,
953 4171 1192 4248 [legitur]
1230 4170 1341 4223 Hoc
1371 4176 1445 4218 est
1472 4162 1793 4231 principium
1816 4159 2094 4212 creationis
2138 4157 2370 4224 Ποηιίηίν

782 4248 1000 4341 factum,
1039 4277 1091 4317 ut
1120 4263 1429 4314 illuderetur
1460 4260 1522 4306 ab
1547 4255 1746 4323 angelis
1774 4253 1884 4320 ejus
1905 4260 1955 4304 γ.
1985 4252 2047 4302 Et
2070 4248 2324 4315 pr0plieta
2356 4267 2368 4300 :

784 4362 1055 4425 Quomodo
1087 4356 1270 4409 cecidit
1298 4350 1528 4413 Lucifer,
1558 4349 1819 4416 quimmte
1845 4345 2135 4395 oriebaturl
2159 4342 2181 4393 ?
2212 4340 2370 4393 Luci-

784 4452 863 4504 l'er
891 4450 1052 4507 enim.
1087 4460 1206 4497 cmn
1248 4450 1390 4493 motu
1424 4438 1658 4505 quodam
1694 4450 1789 4487 suo
1806 4433 2153 4501 prepinquior
2179 4430 2246 4480 sit
2273 4444 2376 4479 cae-

2425 620 2533 664 τως
2568 601 2686 672 Θεῷ
2727 600 3220 669 καθομολογοῦντες
3273 598 3622 668 δεικνύμεθα.
3674 599 3785 653 Καὶ
3820 602 3850 653 6
3886 602 3997 662 τοίς

2428 694 2730 763 δαιμονίοις
2758 692 2845 744 διά
2872 692 2935 743 τὸ
2971 691 3121 758 σφῶν
3173 691 3511 759 ἀμετάθετον
3547 690 3999 756 ἁποτασσόμενος

2430 788 2547 849 πῶς
2579 787 2701 855 οὐχὶ
2725 785 2801 854 τῷ
2840 783 3157 852 άμεταθέτῳ
3184 782 3400 850 πρῶτος
3437 782 3599 844 αὐτὸς
3648 782 3999 846 ἀπετάξατο;

2432 878 2597 931 Καὶό
2627 878 2728 945 τῆς
2769 877 3043 946 προτέρας
3076 872 3242 926 αύτοῦ
3288 874 3555 941 πονηρίας
3605 873 3699 925 καὶ
3742 873 4003 933 ἀσεϐείας

2434 969 2763 1037 συγγνώμην
2791 965 2958 1020 αἰτῶν
2997 965 3115 1027 πῶς
3145 962 3210 1017 ἂν
3238 966 3349 1025 τοῖς
3372 962 3759 1030 ὁμοιοπαοέσιν
3788 962 4003 1030 ἀνθρώ-

2432 1075 2576 1120 ποις,
2628 1058 2689 1111 ὃν
2734 1057 2866 1111 αὐτὸ
2911 1054 2999 1108 διὰ
3050 1053 3334 1122 μετανοίας
3393 1052 3575 1120 ἔσχεν,
3628 1049 4002 1102 ὰποκλείσειεν

2431 1149 2581 1201 ἔλεον
2603 1166 2618 1214 ;

2504 1324 2671 1379 Ἀλλὰ
2715 1323 2887 1378 ταῦτα
2931 1325 3028 1391 μὲν
3066 1323 3161 1376 καὶ
3191 1322 3248 1373 ἐν
3274 1320 3351 1390 τῷ
3402 1319 3631 1389 παρόντι
3673 1316 3959 1385 κεφαλαίῳ
3985 1331 3999 1346 ’

2426 1418 2493 1471 ’ἐν
2530 1414 2612 1478 οἷς
2650 1416 2742 1468 καί
2768 1431 2932 1483 φησιν
2956 1415 3030 1475 ὡς
3057 1414 3114 1465 ἐν
3147 1414 3212 1481 τῇ
3238 1411 3533 1465 ἀναστάσει
3574 1408 3667 1460 τὸν
3713 1404 4005 1473 άγγελικδν

2437 1506 2751 1579 βιωσόμεθα
2782 1506 2915 1573 βίον,
2965 1504 3162 1572 μηκέτι
3203 1501 3340 1570 πρός
3378 1517 3430 1550 τι
3474 1499 3584 1551 τῶν
3637 1496 3859 1564 φαύλων
3912 1496 4005 1545 ὲκ-

2436 1602 2728 1663 κλίνοντες,
2753 1600 2865 1651 ἀλλ’
2893 1600 2950 1649 ἐν
2976 1597 3052 1666 τῷ
3086 1597 3338 1666 ἀτρέπτῳ
3368 1594 3766 1663 στηριζόμενοι,
3798 1592 3859 1643 ού
3903 1590 4003 1658 φύ-

2439 1709 2519 1743 σει
2542 1691 2699 1744 τοῦτο
2725 1689 3078 1758 κτησάμενοι,
3117 1689 3182 1754 τῇ
3211 1686 3266 1737 δὲ
3294 1686 3387 1736 τοῦ
3418 1684 3731 1751 Πνεύματος
3754 1682 4003 1749 δυνάμει,

2439 1783 2627 1851 ὥσπερ
2669 1782 2762 1833 καὶ
2798 1780 2926 1833 αὐτὸ
2976 1778 3033 1830 τὸ
3071 1777 3178 1829 τῶν
3206 1776 3454 1843 ἀγγέλων
3490 1775 3764 1842 σύστημα.
3820 1772 4003 1839 Ταύτῃ

2366 1853 2412 1909 Β
2438 1872 2520 1924 τοί
2550 1886 2681 1938 φησι
2735 1871 2826 1922 καὶ
2875 1868 2956 1931 τὸ,
3028 1867 3081 1918 '0
3119 1866 3463 1934 μικρότερος
3502 1866 3571 1916 ἐν
3601 1862 3675 1930 τῇ
3715 1862 4006 1925 ,ϐασιλείᾳ

2441 1963 2557 2016 τῶν
2615 1961 2886 2029 οὐρανῶν
2930 1958 3141 2028 μείᾷον
3187 1958 3356 2011 ἐστίν
3401 1956 3691 2017 Ἰωάννου,
3733 1954 3862 2025 [660
3916 1954 4007 2023 IL]

2442 2054 2685 2105 τουτέστι
2716 2055 2782 2121 τῇ
2812 2051 2946 2115 πρὸς
2988 2049 3049 2101 τὸ
3100 2048 3367 2117 ἄτρεπτον
3404 2045 3651 2114 δαψιλεὶᾳ
3698 2042 3795 2095 τοῦ
3844 2044 4008 2093 Ilvati-

2447 2160 2630 2210 ματος,
2679 2140 2893 2205 Ἐπειδὴ
2926 2138 3033 2208 γάρ
3090 2137 3313 2205 μείζονα
3360 2136 3450 2187 τὸν
3496 2136 3746 2201 Ἰωάννην
3783 2136 3841 2184 ἐν
3888 2147 4010 2197 γεν-

2444 2235 2621 2298 νητοῖς
2649 2231 2921 2298 γυναικῶν
2949 2229 3054 2299 [ἐν]
3082 2231 3195 2289 τοῖς
3220 2228 3311 2280 τοῦ
3335 2226 3644 2293 [Ινεύματος
3670 2223 3727 2294 [ἡ
3756 2220 4006 2290 ἀλήθεια]

2444 2323 2777 2391 χαρίσμασιν
2797 2324 2823 2373 6
2854 2320 3027 2381 κοινὸς
3045 2318 3383 2388 Δημιουργὸς
3405 2318 3496 2369 καὶ
3520 2316 3787 2383 Δεσπότης
3815 2314 4006 2383 ἔφησε,

2444 2413 2656 2472 δεικνὺς
2690 2412 2748 2462 τὸ
2798 2411 3052 2478 διάφορον
3099 2410 3197 2476 τῆς
3233 2407 3531 2477 μελλούσης
3566 2406 3700 2474 πρὸς
3732 2405 3832 2470 τὴν
3866 2420 4006 2470 παρ-

2446 2503 2611 2555 οῦσαν
2643 2501 2786 2569 ζωὴν
2824 2501 3209 2562 καταστάσεως
3239 2500 3403 2567 φησιν
3424 2499 3519 2559 ὡς,
3547 2500 3597 2549 εἰ
3639 2497 3732 2548 καὶ
3763 2494 3860 2546 νῦν
3901 2498 4007 2555 τοῖς

2448 2596 2836 2662 πνευματικοῖς
2868 2593 3166 2661 χαρίσμασι
3208 2591 3405 2657 μείζων
3442 2590 3587 2639 ἐστὶν
3618 2591 3645 2639 6
3675 2587 4007 2654 Πρόδρομος,

2447 2686 2563 2737 ἀλλ’
2594 2684 2684 2735 οὖν
2718 2682 2949 2750 τοσαύτη
2986 2700 3069 2743 τις
3104 2682 3255 2731 ἔσται
3286 2680 3424 2730 κατὰ.
3468 2680 3525 2729 τὸ
3578 2678 3767 2746 μέλλον
3825 2679 3855 2743 ὴ
3907 2676 4010 2725 τῶν

2450 2779 2734 2847 παρόντων
2771 2776 3036 2845 μεταϐολὴ
3068 2776 3203 2842 πρὸς
3232 2774 3291 2823 τὸ
3322 2773 3541 2838 ἄμεινον
3576 2770 3670 2821 καὶ
3699 2771 3731 2835 ἡ
3764 2768 4010 2834 δαψίλεια

2450 2868 2541 2921 τοῦ
2588 2867 2921 2934 Ιῐνεύματος,
2956 2866 3028 2927 ὡς
3061 2866 3152 2915 καὶ
3184 2864 3273 2915 τὸν
3311 2864 3487 2912 ἐκεῖσε
3548 2860 3870 2929 μικρότερον
3905 2858 4011 2909 τῶν

2452 2957 2685 3008 ἐνταῦθα
2727 2957 2786 3006 τὸ
2830 2956 3013 3023 μεῖζον
3050 2953 3280 3020 ἐχόντων
3311 2948 3895 3019 μεγαλοπρεπεστέρας
3926 2962 4014 2996 τυ·

2453 3049 2567 3116 χεῖν
2599 3047 2825 3116 δωρεᾶς.
2863 3046 2971 3095 Καὶ
2997 3046 3104 3111 γάρ
3134 3046 3160 3094 6
3199 3043 3293 3109 μὲν
3324 3040 3576 3101 ἐνταῦθα,
3610 3037 3710 3091 κᾶν
3733 3037 3793 3089 τὺ
3835 3036 4016 3105 μεῖζον

2454 3136 2617 3207 εἶχεν,
2665 3137 2765 3187 οὐκ
2816 3131 2925 3204 εἶχε
2972 3137 3029 3187 τὸ
3051 3138 3317 3202 ἄτρεπτον
3348 3148 3363 3161 °
3398 3135 3426 3182 6
3459 3133 3512 3183 δὲ
3555 3133 3614 3181 ἐν
3658 3132 3725 3197 τῇ
3773 3128 4018 3196 βασιλεία

2454 3230 2562 3280 τῶν
2615 3226 2859 3294 οὐρανῶν
2917 3225 3255 3291 μικρότερος,
3306 3223 3452 3279 ὅστις
3495 3217 3611 3269 ποτ’
3658 3217 3727 3268 ἂν
3768 3213 3827 3287 ᾗ,
3884 3216 4019 3281 ὅπερ

2456 3319 2521 3371 ἂν
2564 3320 2755 3386 ἔφερεν
2784 3315 3005 3381 ἀγαθὸν,
3037 3313 3399 3377 ἀναφαίρετον
3443 3308 3867 3373 συνεπεφὲρετο,
3921 3322 4020 3372 μη-

2456 3410 2641 3477 δαμῶς
2663 3406 2941 3477 άρρωστία
2959 3407 3163 3473 τροπῆς
3197 3401 3564 3467 ὑποκείμενος.

2544 3503 2631 3555 Ἑν
2659 3502 2717 3553 δὲ
2745 3500 2820 3568 τῷ
2848 3504 2925 3566 με’
2954 3496 3229 3563 κεφαλαίῳ
3260 3497 3337 3551 εἰς
3377 3493 3622 3555 ἐξέτασιν
3650 3490 3772 3556 ἄγει
3818 3488 3935 3548 πῶς
3974 3488 4021 3539 οε

2461 3594 2552 3645 δύο
2595 3595 2653 3645 ὲν
2676 3592 2919 3659 ἑκατέρῳ
2951 3589 3094 3657 γένει
3150 3585 3584 3654 πρωτόπλαστοι,
3619 3583 3647 3633 ὃ
3679 3597 3739 3633 τε
3781 3579 4024 3638 διάϐολος

2464 3686 2557 3738 καὶ
2584 3686 2611 3736 ὁ
2641 3684 2831 3747 Ἀδάμ,
2874 3681 3075 3739 εύῡὲως
3100 3675 3412 3736 κτισθέντες
3441 3673 3719 3736 ἐξέπεσον.
3760 3671 3903 3720 Ἀλλ’
3950 3670 4025 3720 ὅτι

2471 3779 2569 3846 μὲν
2614 3778 2642 3827 ὁ
2694 3775 2866 3841 Ἀδάμ
2896 3770 3003 3822 τῶν
3043 3768 3195 3835 ἐντῷ
3226 3765 3372 3832 αύτῷ
3403 3764 3531 3816 εἴδει
3581 3759 4025 3829 πρωτόπλαστος,

2468 3870 2625 3936 δῆλον
2658 3882 2671 3896 .
2714 3866 2793 3917 δτι
2844 3864 2899 3915 δὲ
2946 3862 3038 3912 καὶ
3084 3859 3111 3909 ὁ
3145 3858 3408 3918 διάὸολος,
3437 3857 3495 3907 ἐν
3537 3851 3788 3921 τῷζΊὼδ
3845 3867 4025 3917 φησιν’

2471 3958 2659 4027 ὥσπερ
2696 3959 2724 4009 ὁ
2763 3953 3064 4022 στρατηγὸς
3097 3949 3489 4020 πρωτοστάτης
3520 3944 3845 4004 πεπτωκικ,
3901 3940 4028 3994 Τοῦ-

2471 4053 2538 4105 τό
2600 4052 2771 4103 ἐστιν
2823 4047 2978 4113 ἀρχὴ
3026 4046 3242 4110 Κυρίου
3299 4040 3650 4107 πλάσματος
3710 4034 4028 4101 πεποιημέ-

2473 4163 2582 4198 νον
2601 4147 2687 4208 εἰς
2716 4142 2778 4195 τὸ
2820 4138 3274 4197 καταπαίζεσθαι
3308 4134 3425 4187 ὑπὸ
3460 4131 3578 4184 τῶν
3616 4129 3894 4197 ἀγγέλων
3936 4130 4032 4180 ait-

2473 4234 2600 4287 τοῦ.
2660 4235 2766 4285 Καὶ
2794 4234 2822 4283 ό
2857 4230 3167 4298 προφήτης,
3198 4224 3328 4287 Πῶς
3366 4224 3586 4275 ἔπεσεν
3636 4225 3667 4273 ό
3706 4222 4029 4286 ἑωσφόρος,

2475 4333 2507 4381 ὀ
2555 4327 2705 4392 πρωῒ
2768 4324 3153 4379 ἁνατὲ.1.λων;
3211 4319 3268 4368 ὐ
3323 4317 3429 4384 γὰρ
3478 4315 3773 4383 ἑωσφόρος,
3822 4314 3920 4364 ἆτε
3973 4313 4031 4378 δὴ

2477 4416 2791 4484 πλησιάζων
2844 4413 2983 4465 κατά
3019 4427 3137 4462 τινα
3183 4408 3405 4476 πορείαν
3454 4406 3654 4473 μᾶλλον
3706 4404 3815 4455 τῶν
3862 4404 4032 4454 ἄλλων

784 4540 915 4594 teris
948 4536 1144 4599 stellis,
1195 4533 1400 4599 prinms
1428 4538 1511 4581 est
1533 4540 1746 4578 aurorre
1771 4523 2006 4574 nuntius.
2056 4519 2208 4583 Quod
2250 4534 2358 4583 pro-

2398 4505 2449 4563 D
2476 4509 2739 4575 ἀστέρων,
2772 4504 2983 4572 πρῶτός
3016 4504 3164 4552 ἐστιν
3212 4499 3362 4567 ἡλίου
3412 4496 3587 4564 κῆρυξ
3615 4513 3629 4526 ο
3676 4495 3704 4546 ὃ
3753 4494 4032 4557 ἀναλόγως

784 4633 1029 4701 portione
1052 4629 1282 4696 quadam
1315 4623 1441 4675 olim
1476 4621 1526 4672 in
1553 4618 1849 4676 diabolum,
1885 4627 2127 4681 respectu
2155 4615 2370 4681 spirita-

788 4724 851 4776 lis
904 4716 1309 4788 justitize'Solis
1370 4711 1716 4769 convenisse,
1749 4707 2027 4759 obscurius
2095 4706 2369 4770 Scriptura

789 4816 1007 4867 indicat.
1048 4809 1152 4863 Sed
1184 4807 1321 4875 quod
1355 4805 1465 4872 jam
1506 4802 1685 4867 agitur
1714 4815 1729 4851 :
1767 4799 1900 4862 Etsi,
1936 4797 2125 4863 inquit,
2154 4797 2374 4848 minime

788 4905 1080 4975 jucundum
1100 4909 1362 4954 creatura:
1394 4896 1698 4958 utriusque,
1724 4903 1828 4941 tam
1860 4888 2375 4954 intelligibilisqnam

790 5011 911 5063 qua:
941 5006 1194 5046 sensuum
1247 4988 1514 5053 particeps
1543 4995 1649 5038 est.
1690 4980 2071 5048 printogenitos
2105 4981 2154 5030 iu
2190 4978 2376 5029 interi—

796 5100 905 5140 tum
948 5088 1157 5137 ruisse:
1194 5081 1424 5148 posteris
1458 5089 1637 5127 tamen
1668 5072 1920 5125 omnibus
1962 5070 2167 5121 illorum
2206 5069 2383 5134 lapsus

796 5179 849 5231 in
893 5174 1252 5227 communiter
1285 5169 1417 5220 utile
1446 5164 1732 5230 exemplar
1752 5159 2085 5227 proponitur.
2113 5155 2373 5223 praeconis

798 5284 949 5322 more
1001 5265 1334 5322 εχρὶειιιιιιιιε,
1368 5271 1619 5326 magnum
1655 5264 1715 5305 ut
1749 5248 2129 5304 incolumitatis
2160 5262 2267 5300 sum
2291 5262 2382 5299 cu-

799 5378 913 5413 ram
938 5368 1151 5428 gerant,
1185 5371 1250 5407 ne
1286 5363 1377 5405 aut
1402 5365 1523 5404 cum
1556 5350 1675 5400 istis
1701 5346 1753 5397 in
1783 5344 1964 5395 eadem
1987 5341 2219 5393 incidant
2246 5338 2379 5389 mala

799 5463 892 5506 aut
923 5426 1105 5503 talium
1132 5456 1278 5501 certe
1304 5457 1484 5494 rerum
1512 5451 1705 5491 amore
1734 5441 2038 5493 teneantur,
2061 5444 2153 5496 per
2182 5442 2314 5494 quas
2333 5426 2382 5476 in

803 5544 1094 5613 perniciem
1129 5539 1326 5606 aliquis
1362 5543 1487 5587 ruat
1522 5552 1534 5584 :
1571 5531 1664 5583 sed
1700 5524 1845 5579 omni
1876 5521 2028 5574 modo
2063 5520 2310 5586 omnique
2335 5518 2385 5570 vi

804 5632 1246 5688 indiedientlam,
1268 5627 1519 5695 quodque
1550 5637 1645 5689 per
1676 5620 1819 5671 illam
1840 5610 2390 5675 connnittitnrpeeca-

806 5736 917 5777 tum
944 5728 1296 5775 exsecrentur
1318 5736 1329 5768 :
1349 5714 1564 5782 quando
1585 5724 1702 5777 ipsa
1722 5718 1932 5776 quoque
1950 5698 2235 5754 creatiOnis
2255 5700 2387 5749 velut

880 5844 903 5869 ‘
936 5833 1118 5889 )l:t"li.
1151 5847 1206 5890 tt,
1242 5830 1293 5881 "2.
1381 5836 1401 5855 ν
1432 5825 1548 5876 .lub.
1586 5839 1645 5874 χι
1702 5819 1781 5881 ll,
1810 5832 1909 5868 sec.
1944 5809 2100 5865 l..\'.\'.

2477 4602 2618 4668 ἔχειν
2660 4596 2787 4648 ποτε
2815 4597 2903 4645 τὸν
2937 4591 3178 4645 διάϐολον
3210 4589 3580 4655 αἰνιττόμενον
3612 4586 3671 4637 τὸ
3694 4585 3876 4649 λόγιον
3907 4584 4035 4652 πρὸς

2476 4690 2567 4740 τξν
2597 4687 2780 4755 νοητὸν
2812 4686 2907 4751 τῆς
2942 4679 3288 4748 δικαιοσύνης
3322 4679 3471 4747 ἥλιόν
3514 4694 3698 4744 φησιν.
3737 4675 3879 4728 Ἀλλ’
3907 4677 4035 4740 ὅπερ

2481 4781 2782 4848 πρόκειται,
2815 4776 2863 4826 εἱ
2908 4775 2997 4825 καὶ
3023 4772 3280 4841 λυπηρὸν,
3310 4772 3442 4839 φησὶ
3466 4810 3480 4831 ,
3513 4768 3573 4819 τὸ
3604 4767 3869 4834 ἑκατέρας
3930 4764 4039 4817 κτί-

2484 4887 2641 4929 σεως,
2676 4868 2771 4933 τῆς
2799 4883 2857 4917 τε
2882 4864 3075 4933 νοητῆς
3104 4863 3197 4914 καὶ
3218 4862 3313 4928 τῆς
3342 4858 3676 4928 μετεχούσης
3703 4856 3814 4907 τῶν
3856 4855 4040 4921 αἰσθή-

2480 4978 2636 5013 σεων.
2672 4959 2797 5018 τοὺς
2838 4956 3201 5023 πρωτογενεῖς
3231 4953 3309 5011 είς
3342 4948 3554 5001 ὄλισθον
3600 4948 3879 5006 ἐκπεσεῖν,
3934 4945 4039 4997 ἀλλ’

2479 5046 2569 5104 οὖν
2622 5050 2730 5107 τοῖς
2772 5047 2894 5113 ἑξῆς
2941 5046 3147 5097 ἅπασαι
3176 5044 3236 5092 τὸ
3263 5040 3486 5093 ἐκείνων
3518 5038 3716 5104 πτῶμα
3770 5036 3905 5106 [549.
3956 5034 4041 5103 ιι]

2480 5138 2803 5207 κοινωφελὲς
2837 5136 3183 5203 παράδειγμα
3239 5133 3543 5200 πρόκειται,
3592 5130 3835 5199 κήρυκος
3896 5128 4043 5191 δίκην

2487 5230 2801 5300 ἀναφωνούν
2850 5227 3050 5295 πολλῆς
3106 5223 3403 5292 ἀσφαλείας
3458 5222 3602 5289 ἔχειν
3638 5219 3922 5289 πρόνοιαν,
3974 5218 4044 5286 μὴ

2488 5329 2600 5388 τοῖς
2631 5326 2809 5385 αὐτοῖς
2842 5324 3183 5392 περιπεσεῖν,
3223 5319 3352 5387 μηδὲ
3389 5318 3634 5385 στέργειν
3663 5314 3726 5365 δι’
3758 5306 3833 5363 ῶν
3863 5312 3928 5364 ἄν
3972 5325 4045 5369 τις

2490 5417 2843 5484 όλιοθὴσειεν,
2900 5412 3031 5465 ἀλλὰ
3080 5414 3240 5463 παντὶ
3288 5409 3471 5478 τρόπῳ
3504 5408 3597 5458 καὶ
3627 5406 3775 5473 πάσῃ
3826 5403 4047 5468 δυνάμει

2492 5511 2591 5577 τὴν
2621 5507 2903 5579 παρακοήν
2936 5505 3030 5557 καὶ
3062 5504 3160 5572 τὴν
3201 5501 3267 5553 δι’
3308 5500 3479 5566 αὐτῆς
3521 5496 3799 5566 ἁμαρτίαν
3842 5493 4048 5563 βδελύτ-

2495 5599 2700 5663 τεσθαι,
2747 5597 2797 5649 εἴ
2841 5614 2901 5665 γε
2945 5596 3037 5647 καὶ
3067 5593 3203 5646 αὐτὰ
3230 5594 3327 5660 τῆς
3359 5587 3739 5658 δημιουργίας,
3781 5587 3850 5637 τὰ
3896 5583 4049 5635 οἱονεὶ

2502 5693 2674 5761 βάθρα
2731 5690 2825 5741 καὶ
2871 5686 3091 5755 Οεμέλια
3129 5684 3200 5753 μὴ
3238 5683 3334 5752 τῆς
3362 5679 3585 5747 δεούσης
3620 5676 3845 5738 ἑαυτοὺς
3891 5671 4046 5739 ἀξιώ-

2178 5820 2193 5845 έ
2226 5810 2321 5863 Ιδει.
2363 5825 2470 5871 nx,
2508 5809 2587 5860 1'2.
