4208 6448
226 393 337 462 829

229 519 427 566 σαντες
455 501 728 572 προσοχῆς
765 502 857 557 ἐπὶ
891 502 1139 559 τοσοῦτον
1173 504 1222 538 ⁸³
1242 523 1257 537 ·
1279 508 1327 540 ⁵⁸
1346 508 1674 580 ὠλίσθησαν.
1696 514 1795 562 Δια

224 591 392 645 who
422 591 531 661 γὰρ
555 593 648 647 καὶ
671 592 700 645 ό
726 594 889 661 σοφὸς
922 594 1077 664 ὴμῶν
1104 597 1348 667 πλάστης
1368 600 1461 653 κειὶ
1491 601 1796 672 προνοητὴς

226 684 367 750 πρὸς
420 684 795 757 σωφρονισμὸν
827 686 935 740 τῶν
973 688 1111 756 μετὰ
1156 690 1327 742 ταῦτα
1384 692 1600 744 πάντων
1655 709 1795 761 παρ-

226 777 432 830 αυτίκα
450 778 544 830 καὶ
566 779 670 849 πρὸ
694 776 888 848 καιροῦ
905 779 1101 849 τρόπον
1124 783 1243 834 τινά
1267 782 1508 852 ἐκατέρῳ
1533 784 1797 854 προσάγει

223 867 327 937 τὴν
357 868 602 931 κόλασιν,
638 869 731 922 τὸν
763 870 860 940 μὲν
888 868 966 941 τῷ
1000 870 1176 941 θνητῷ
1208 873 1597 938 καταδικάσας,
1632 874 1708 944 τῷ
1738 875 1795 927 δὲ

223 956 328 1026 τὴν
357 956 545 1029 χώραν
572 958 812 1028 ἀμείψας
849 962 943 1014 καὶ
978 962 1097 1014 ἀντὶ
1118 962 1216 1032 τῆς
1249 964 1361 1016 ἀνω
1388 965 1478 1016 καὶ
1520 965 1799 1036 μακαρίας

222 1048 516 1119 διατριϐῆς
565 1049 626 1103 τὸ
682 1050 869 1112 σκότος
927 1052 1170 1115 ἀντιδοὺς
1216 1055 1311 1108 καὶ
1356 1054 1449 1107 τὸν
1502 1055 1795 1126 τάρταρον,

225 1138 480 1209 ἑκατέρῳ
528 1140 689 1193 πάθει
724 1142 1058 1210 κατάλληλον
1096 1145 1334 1213 κεράσας
1382 1145 1443 1197 τὸ
1483 1146 1793 1215 φάρμακον.

238 1230 297 1279 '0
334 1232 437 1298 μὲν
470 1230 579 1301 γὰρ
608 1230 781 1300 ’Δδὰμ
818 1232 949 1294 Θεὸς
994 1231 1214 1286 ἔσεσθαι
1259 1232 1487 1301 νομίσας
1535 1238 1627 1287 καὶ
1674 1235 1800 1296 τούς

226 1322 287 1386 ὸς
304 1320 546 1389 υαλμοὺς
576 1322 761 1390 φέρειν
799 1321 1177 1391 ἀνεῳγμένους
1213 1324 1305 1376 καὶ
1336 1324 1536 1391 γνῶσιν
1575 1324 1801 1393 πλουτῆ-

231 1428 323 1463 σαι
366 1411 413 1441 ⁸⁷
464 1410 561 1463 τοῦ
608 1410 775 1465 καλοῦ
815 1429 872 1464 τε
918 1412 1141 1466 καὶτοῦ
1192 1413 1452 1483 πονηροῦ,
1505 1413 1694 1481 θνητός
1740 1431 1799 1467 τε

228 1500 449 1571 ἐδείχθη
476 1502 568 1554 καὶ
588 1502 923 1573 πολυπαθὴς,
948 1504 1041 1555 καὶ
1064 1504 1258 1573 μικροῦ
1274 1504 1689 1571 τυφλώττουσαν
1709 1505 1801 1557 καὶ

227 1593 609 1657 παντοδαποῦς
653 1594 877 1661 ἀγνοίας
908 1596 1108 1665 μεστὴν
1143 1599 1303 1664 φύσιν
1333 1597 1598 1665 ἠνέγκατο
1629 1613 1642 1626 ·
1668 1600 1694 1650 ὁ
1744 1598 1800 1650 δὲ

224 1684 319 1733 τὸν
368 1684 417 1714 ⁸⁸
474 1683 663 1753 θρόνον
708 1686 788 1747 είς
832 1686 923 1736 τὸν
961 1686 1187 1757 (οὐρανὸν
1218 1690 1284 1756 τῇ
1318 1689 1589 1758 φαντασία
1632 1688 1801 1751 τιθεὶς

1230 396 1754 463 BIBLIOTHECA.
1793 425 1846 437 ·-
1900 400 2063 462 COD.
2080 399 2388 462 CCXXIII.

3372 398 3475 463 830

1898 507 2243 564 fundamenta
2272 524 2337 563 ac
2364 507 2540 571 bases,
2565 507 2691 561 dum
2732 517 2990 575 quantum
3018 515 3330 575 oportuerat
3371 508 3476 566 sibi

1896 616 2001 654 non
2025 601 2324 666 attendunt,
2359 609 2463 653 tam
2489 599 2717 667 turpiter
2747 598 2906 667 lapsa:
2931 607 3075 653 sunt.
3116 597 3249 651 Nam
3276 607 3327 651 et
3344 613 3469 666 pro-

1899 702 2080 761 pterea
2106 692 2323 761 sapiens
2349 691 2624 745 hominum
2653 690 2916 745 iormator
2953 701 3120 759 atque
3156 699 3377 744 curator
3402 691 3470 744 ad

1902 783 2062 835 totius
2098 782 2423 849 posteritatis
2437 780 2867 835 emendationem
2900 783 3101 841 statim,
3124 790 3178 835 et
3209 780 3471 848 quodam-

1901 876 2056 928 modo
2097 885 2224 928 ante
2263 884 2469 943 tempus
2502 873 2715 941 utrique
2746 887 2956 941 pinnam
3000 871 3212 941 inﬂigit,
3241 874 3473 926 alterum

1897 966 2109 1031 quidem
2136 974 2305 1017 morte
2333 965 2632 1018 damnando
2662 980 2675 1016 :
2709 964 2862 1017 alteri
2887 979 3013 1017 vero
3050 964 3223 1017 locum
3261 979 3475 1030 permu-

1901 1050 2076 1115 tando,
2092 1059 2145 1102 et
2165 1065 2261 1116 pro
2280 1065 2471 1121 supera
2486 1052 2751 1120 bellaque
2768 1052 2896 1117 vita,
2912 1051 3161 1105 tenebras
3185 1052 3474 1118 rependen-

1898 1144 1967 1193 do
2000 1155 2062 1193 ac
2092 1138 2618 1209 Tartarum.utrique
2647 1140 2779 1195 vitio
2818 1141 2958 1208 quoil
2988 1140 3294 1203 conveniat,
3314 1141 3475 1193 misto

1900 1234 2212 1299 pharuiaco.
2248 1233 2410 1285 Deum
2448 1233 2592 1285 enim
2631 1231 2864 1298 aliquem
2906 1230 3021 1284 fore
3057 1244 3115 1283 se
3137 1230 3306 1283 Adam
3331 1230 3479 1284 arbi-

1902 1332 2093 1385 tratus,
2124 1334 2449 1391 apertosque
2480 1333 2815 1392 gestaturum
2841 1321 3047 1386 oculos,
3076 1332 3129 1375 et
3166 1321 3288 1375 boui
3329 1320 3476 1376 insu-

1902 1432 1996 1486 per
2025 1431 2088 1469 ac
2119 1415 2247 1468 mali
2288 1415 2591 1482 cognitione
2626 1416 2903 1467 ilitanduin
2938 1431 2951 1466 :
2990 1411 3231 1465 mortalis
3272 1412 3476 1482 [subito

1901 1518 1955 1561 et
2012 1506 2176 1560 variis
2241 1505 2576 1574 passiouibns
2621 1503 2885 1557 obnoxius
2912 1518 3031 1557 esse
3073 1504 3473 1558 ilemOustratus

1901 1608 2002 1661 est,
2058 1608 2375 1651 occmcatam
2418 1596 2585 1650 ferme
2613 1612 2675 1650 ac
2728 1596 2873 1648 varia
2928 1596 3229 1664 ignorantia
3262 1594 3472 1664 plenam

1903 1702 2148 1743 naturam
2180 1690 2424 1743 sortitus.
2475 1688 2575 1753 Qui
2603 1704 2730 1741 vero
2770 1688 3083 1755 auiinojam
3124 1692 3375 1740 thronum
3420 1689 3473 1741 in

226 1776 320 1825 καὶ
368 1776 555 1844 ὅμοιος
584 1775 662 1845 τῷ
709 1774 947 1845 Ὑψίστῳ
988 1778 1279 1843 γενόμενος
1312 1778 1416 1829 ὐπὸ
1466 1781 1567 1848 γῆν
1613 1795 1670 1830 τε
1722 1780 1790 1831 δι-

1899 1783 2034 1837 ςωιο
2059 1782 2367 1845 collocarat,
2398 1780 2494 1849 ipsi
2526 1795 2738 1848 quoque
2767 1779 3042 1832 Altissiin
3082 1778 3274 1832 similis
3302 1777 3475 1831 factus

226 1866 403 1927 καὶως
431 1865 628 1937 ἐρρίφη
665 1866 758 1917 καὶ
806 1867 931 1927 τοὺς
985 1868 1312 1938 ταρταρίους
1358 1868 1523 1919 ὑπέδυ
1573 1870 1794 1936 μυχοὺς,

228 1958 323 2008 καὶ
352 1958 578 2025 γέγονεν
602 1958 787 2017 αὐτοῖς
825 1958 856 2025 ἡ
886 1958 1159 2026 ἀπληστία
1187 1960 1277 2011 καὶ
1300 1960 1400 2027 τῆς
1432 1961 1488 2010 ὲν
1515 1954 1593 2022 οἷς
1623 1960 1798 2029 ὐπῆρυ-

224 2065 321 2117 χον
377 2048 719 2117 συμμετρίας
773 2050 1107 2109 ἀπόπτωσις.
1160 2048 1433 2119 Ὶατρικῆς
1499 2050 1554 2103 δὲ
1611 2050 1797 2116 σοφίας

226 2138 319 2188 καὶ
343 2138 404 2188 τὸ
423 2137 753 2207 προσφέρειν
772 2141 883 2199 τοῖς
905 2137 1171 2200 ἐναντίοις
1216 2139 1285 2190 τά
1310 2139 1527 2191 ἐναντία
1571 2140 1793 2206 ἰάματα.

224 2227 346 2299 [661
397 2228 491 2299 li.)
527 2230 665 2282 Ἀλλ’
698 2234 756 2283 ἐν
784 2232 995 2292 τούτοις
1028 2231 1125 2300 μὲν
1164 2231 1241 2300 τῷ
1282 2232 1563 2301 ἱερομαθεῖ
1592 2250 1649 2285 τε
1705 2234 1798 2284 καὶ

221 2321 579 2390 φιλοθεάμονι
627 2323 687 2375 τὸ
720 2328 760 2374 ε’
793 2322 882 2375 καὶ
917 2322 969 2391 μ’
994 2322 1053 2376 τὸ
1097 2323 1269 2394 πέρας
1314 2325 1652 2396 ἀποφέρεται
1702 2341 1796 2378 κε-

222 2413 479 2480 φάλαιον.

934 2510 1101 2573 ΣΚΓ.

220 2598 516 2666 Διοδώρου
565 2598 900 2655 ἐπισκόπου
958 2601 1185 2669 Ταρσοῦ
1231 2600 1379 2654 κατὰ
1417 2602 1792 2671 εἱμαρμένης.

296 2688 647 2760 Ἀνεγνὼσθη
664 2691 911 2754 ,βιϐλίον
939 2692 1286 2761 Διοδώρου.¹⁹
1320 2694 1623 2747 ἐπισκόπου
1655 2697 1797 2765 Ταρο

221 2777 321 2829 σοῦ
352 2778 506 2830 κατὰ
538 2780 915 2846 εἱμαρμένης,
946 2782 1004 2832 ὲν
1037 2780 1213 2848 λόγοις
1247 2782 1346 2851 μὲν
1381 2788 1453 2852 η’,
1482 2783 1793 2850 κεφαλαίοις

216 2873 275 2924 δὲ
300 2869 348 2937 γ’
377 2873 473 2923 καὶ
494 2876 556 2924 ν’.
586 2872 744 2923 Ἔστι
773 2873 871 2940 μὲν
888 2872 1053 2925 οὐνὲν
1072 2873 1282 2935 τούτοις
1311 2872 1551 2926 εὐσεϐῶν
1579 2875 1607 2925 ὁ
1632 2875 1792 2943 ἀνὴρ,

218 2964 314 3015 καὶ
366 2960 490 3013 οὐδὲ
538 2962 666 3031 περὶ
698 2962 800 3030 τὴν
826 2961 984 3029 δόξαν
1021 2963 1116 3015 τοῦ
1165 2963 1293 3015 Υίοῦ
1324 2963 1417 3017 τοῦ
1452 2964 1612 3027 Θεοῦ,
1648 2967 1712 3033 ἢν
1760 2967 1791 3032 ἡ

214 3053 315 3106 τοῦ
376 3052 673 3123 Νεπορὶου
713 3052 885 3107 λύσσα
937 3053 1348 3124 διασπαράττει,
1387 3056 1788 3125 σφαλλόμενος·

1902 1874 2089 1927 merito
2101 1876 2199 1926 sub
2221 1885 2418 1925 terram
2437 1870 2674 1936 dejectus
2691 1869 2976 1922 Tartareas
2994 1882 3257 1921 cavernas
3283 1867 3472 1923 subiit.

1899 1962 1974 2018 Ita
2018 1967 2069 2017 lii
2102 1979 2195 2031 per
2255 1964 2610 2017 insatiabilem
2661 1961 3010 2030 cupiditatem
3071 1959 3137 2012 ab
3166 1974 3233 2012 eo
3279 1960 3329 2011 iu
3366 1972 3473 2027 quo

1897 2065 2050 2109 erant
2088 2056 2349 2110 bonorum
2392 2061 2812 2121 temperamento
2871 2051 3220 2114 exciderunt;
3282 2050 3472 2103 medici

1898 2162 2023 2201 vero
2044 2146 2300 2215 sapientis
2328 2146 2423 2198 fuit
2455 2143 2740 2198 contrariis
2762 2157 3029 2211 opponere
3057 2141 3327 2195 contraria
3358 2155 3473 2195 me-

1897 2239 2218 2292 dicamenta.
2249 2234 2442 2288 Verum
2471 2237 2519 2289 iu
2557 2236 2641 2288 liis
2672 2250 2945 2288 sacrarum
2989 2232 3077 2286 ille
3116 2247 3292 2285 rerum
3333 2232 3473 2302 peri—

1897 2339 2003 2389 tus,
2035 2338 2087 2381 et
2134 2327 2598 2395 contemplationis
2658 2340 2847 2379 amans
2871 2327 3102 2393 scriptor
3143 2324 3386 2393 quintum
3417 2332 3470 2377 et

1897 2419 2365 2490 quadragesimum
2400 2427 2560 2485 caput
2599 2417 2850 2469 absolvit.

2428 2509 2622 2580 2031,
2655 2508 2924 2564 ccxxul.

2093 2602 2353 2656 Diodorus
2382 2602 2533 2655 Tarsi
2563 2603 2829 2670 episcopus
2871 2599 3065 2654 Contra
3098 2599 3289 2668 fatum.

1966 2694 2185 2749 Lectum
2214 2704 2296 2748 est
2332 2693 2500 2747 Dioilo
2520 2694 2559 2744 ri
2588 2692 2699 2762 (58)
2737 2693 2976 2762 episcopi
3002 2691 3290 2745 Tarsensis
3321 2691 3466 2758 0pm

1896 2787 2139 2837 adversus
2181 2784 2376 2851 fatum,
2415 2783 2564 2836 libris
2597 2794 2740 2845 octo,
2780 2799 2841 2835 ac
2901 2784 3071 2836 tribus
3113 2798 3272 2851 supra
3304 2783 3465 2851 quin-

1896 2877 2148 2944 quaginta
2183 2877 2447 2945 capitibus
2474 2876 2806 2930 distinctum.
2840 2874 3043 2941 Quibus
3087 2877 3137 2928 in
3178 2877 3324 2931 libris
3347 2877 3465 2943 pius

1895 2964 2107 3032 quidem
2135 2973 2216 3016 est
2264 2964 2347 3016 hic
2372 2963 2625 3030 scriptor,
2660 2977 2833 3031 neque
2878 2964 2928 3016 iu
2960 2979 3077 3016 eam
3112 2977 3313 3019 scolam
3345 2964 3459 3032 (59)

1894 3057 1960 3110 de
1995 3056 2082 3109 Dei
2132 3052 2285 3117 Filio,
2316 3070 2471 3122 quem
2505 3055 2665 3121 impia
2684 3054 2911 3108 Nestorii
2946 3058 3124 3110 rabies
3172 3057 3457 3121 dissecuit,

214 3146 336 3206 τοῖς
372 3143 435 3196 δὲ
464 3144 892 3213 ἐπιχειρήμασιν
930 3144 1043 3195 ἐστι
1079 3143 1179 3214 μὲν
1232 3137 1313 3207 οἷς
1364 3143 1538 3213 ὀρθῶς
1584 3162 1644 3197 τε
1697 3163 1768 3199 κα

1898 3148 2189 3202 aberrauilo
2234 3146 2485 3200 thll:3Clll.
2551 3146 2751 3199 Verum
2820 3148 2872 3199 in
2933 3152 3297 3217 argumentis,
3358 3152 3460 3206 etsi

214 3233 437 3303 εὐφυῶς
470 3232 771 3297 ἱπιδάλλει,
802 3232 1094 3303 διελέγχων
1136 3236 1264 3297 τοὺς
1306 3233 1403 3305 τὴν
1449 3236 1790 3307 εἱμαρμένην

216 3326 567 3390 δοξάζοντας,
597 3325 792 3377 ἔστιδὲ
816 3325 952 3377 ὅπου
998 3326 1131 3395 πρὸς
1179 3326 1338 3395 μόνον
1379 3326 1439 3377 τὸ
1469 3328 1791 3396 φαινόμενον

213 3420 311 3472 τὸν
345 3418 534 3485 άγῶνα
567 3418 745 3487 φέρει,
780 3419 871 3469 καὶ
902 3417 1035 3486 μηδὲ
1066 3418 1250 3485 σαφῶς
1290 3418 1350 3469 τὸ
1378 3419 1484 3471 τῶν
1518 3420 1788 3472 ἐναντίων

214 3509 531 3579 ἐξακρισῶν
583 3510 784 3578 δόγμα.
843 3509 1005 3561 Ὅθεν
1057 3509 1316 3571 πολλάκις
1375 3513 1475 3564 οὐκ
1530 3512 1787 3573 ἐκείνοις,

213 3602 361 3671 πρὸς
404 3598 499 3662 οὓς
542 3602 571 3652 ό
610 3599 868 3670 πόλεμος,
908 3600 1025 3653 ἀλλ’
1080 3602 1284 3668 ἑτέροις
1339 3601 1539 3671 μᾶλλον
1588 3602 1789 3667 δόξειεν

213 3691 285 3745 ἂν
330 3691 713 3761 διαμάχεσθαι.
764 3692 911 3762 Πλὴν
947 3692 977 3744 ὅ
1013 3709 1075 3760 γε
1111 3692 1409 3762 εὐγνώμων
1458 3693 1650 3764 κριτὴς
1693 3695 1791 3763 οὐχ

214 3782 365 3852 ὑπὲρ
395 3775 473 3835 ὧν
502 3782 604 3834 οὐκ
635 3780 907 3852 εὐστόχως
934 3781 1149 3852 ἑνιαχοῦ
1192 3782 1417 3853 φέρεται
1463 3783 1791 3852 μωμήσαιτο

213 3870 285 3924 ἄν
313 3886 328 3901 ο
386 3870 528 3940 ὑπὲρ
554 3863 630 3924 ὧν
682 3872 739 3924 δὲ
788 3869 1078 3934 σπουδάζει
1123 3872 1220 3941 τὴν
1251 3873 1293 3903 ⁸ο
1328 3871 1423 3941 τῆς
1453 3871 1790 3941 εἱμαρμένης

216 3963 432 4033 πλάνην
462 3963 834 4030 κατενεγκεῖν,
871 3964 964 4016 καὶ
996 3962 1071 4025 ὡς
1099 3964 1198 4016 οὐκ
1228 3964 1285 4016 ὲν
1308 3963 1511 4031 ὀλίγοις
1537 3964 1656 4016 κατ’
1696 3964 1792 4016 αὐ-

212 4055 316 4125 τῆς
367 4054 664 4122 εὐδοκιμεῖ,
705 4054 793 4107 τὸν
836 4055 1005 4124 ἄνδρα
1046 4056 1215 4125 τιμῆς
1242 4056 1337 4109 καὶ
1366 4057 1590 4125 χάριτος
1640 4056 1790 4120 ἄξιον

211 4144 569 4215 ἀνομολογεῖν
591 4146 707 4197 ἔστι
745 4145 953 4207 δίκαιος
983 4146 1049 4198 ⁶¹.
1083 4146 1176 4197 Ἐν
1204 4147 1386 4215 μέντοι
1422 4163 1485 4212 γε
1507 4147 1585 4218 τῷ
1616 4154 1663 4200 α’
1693 4149 1791 4201 καὶ

211 4244 257 4288 ν’
296 4236 597 4306 κεφαλαίῳ,
649 4238 765 4306 ἅμα
809 4238 910 4305 τὴν
956 4237 1054 4306 τῆς
1096 4238 1436 4308 εἱμαρμένης
1487 4241 1791 4294 κατασείων

209 4327 395 4393 δόξαν,
454 4330 549 4381 καὶ
600 4329 698 4398 τὴν
732 4330 1064 4399 Βαρδισάνου
1120 4332 1591 4400 συνεπιρραπίζει.
1633 4332 1784 4402 Αὕτη

209 4420 271 4471 δὲ
314 4420 597 4490 ἡμιμανής
629 4420 712 4482 τίς
756 4421 873 4473 ἐστι
914 4421 1007 4473 καὶ
1044 4422 1309 4490 ἡμίτομος
1335 4438 1351 4454 ο
1386 4423 1485 4492 τὴν
1522 4423 1621 4493 μὲν
1672 4423 1781 4493 γὰρ

206 4510 392 4579 ψυχὴν
420 4512 761 4581 εἱμαρμένης
798 4529 859 4564 τε
889 4512 982 4564 καὶ⁵
1027 4512 1125 4580 τῆς
1169 4511 1469 4583 λεγομένης
1497 4514 1778 4580 γενεθλια-

207 4599 400 4669 λογίας
424 4600 713 4671 ἐλευθέραν
760 4601 1010 4665 ἀπολύει,
1059 4601 1338 4673 συντηρῶν
1376 4603 1515 4674 αὐτῇ
1562 4605 1623 4657 τὺ
1649 4605 1780 4659 αύτ-

1889 3243 2130 3309 (ιιιωιὶιιιιι
2183 3251 2327 3292 recte
2368 3238 2499 3293 satis
2541 3252 2603 3291 ac
2646 3240 2865 3292 dextere
2905 3242 3145 3306 adhibet,
3191 3244 3314 3295 dum
3366 3243 3460 3297 fati

1890 3329 2192 3384 laudatores
2220 3340 2509 3399 oppugnat,
2560 3330 2700 3384 alias
2724 3340 2905 3382 tamen
2938 3346 3113 3396 neque
3134 3334 3268 3387 satis
3291 3333 3457 3401 clare,

1890 3433 2062 3488 neque
2094 3421 2230 3473 satis
2259 3432 2514 3475 accurate
2562 3421 2992 3474 adversariormn
3044 3419 3237 3490 dogma
3270 3437 3458 3489 perse-

1889 3520 2068 3572 cutus,
2102 3526 2165 3564 ea
2196 3525 2507 3579 oppugnare
2549 3510 2879 3580 aggreditur,
2922 3525 3039 3577 quae
3065 3512 3298 3578 speciem
3321 3512 3460 3565 duu-

1891 3608 2037 3652 taxat
2089 3600 2354 3666 dogmatis
2414 3615 2523 3666 pra:
2556 3614 2616 3653 se
2670 3601 2864 3653 ferant.
2916 3600 3045 3653 Inde
3089 3615 3457 3668 saepenumero

1889 3704 1994 3743 non
2030 3704 2153 3744 cum
2189 3690 2313 3753 illis,
2358 3690 2678 3757 quibuscum
2723 3699 2997 3742 certamen
3055 3692 3314 3758 suscepit,
3363 3692 3456 3745 sed

1888 3796 2009 3834 cum
2059 3780 2182 3834 aliis
2241 3781 2419 3849 potius
2463 3781 2784 3848 quibusdam
2840 3795 3081 3848 pugnare
3140 3791 3447 3835 censeatur.

1888 3870 2207 3939 Quanquam
2257 3871 2393 3924 bene
2438 3870 2678 3924 sentiens
2724 3870 2945 3931 arbiter,
2995 3886 3099 3923 non
3131 3873 3199 3926 ob
3225 3872 3275 3926 id
3312 3875 3456 3942 quod

1890 3962 2066 4017 minus
2093 3961 2327 4015 feliciter
2356 3960 2550 4014 alicubi
2589 3962 2727 4015 hanc
2761 3976 2869 4013 rem
2899 3972 3042 4030 agat,
3074 3965 3454 4030 reprehensum

1888 4069 2008 4108 eum
2041 4054 2166 4107 velit
2204 4071 2217 4107 :
2248 4068 2367 4106 cum
2396 4068 2461 4106 ex
2504 4068 2568 4107 eo
2612 4054 2803 4107 saltem
2870 4054 3043 4106 honor
3095 4054 3167 4107 illi
3204 4064 3251 4107 et
3283 4056 3455 4122 gratia

1886 4144 2081 4198 merito
2107 4143 2390 4204 debeatur,
2433 4142 2575 4210 quod
2607 4158 2713 4196 non
2738 4143 2975 4205 siue_sna
3010 4146 3063 4197 iu
3096 4144 3277 4199 multis
3302 4147 3458 4201 lauile

1888 4236 2154 4310 [noxium]
2189 4238 2255 4290 de
2288 4236 2398 4291 fato
2434 4250 2676 4289 errorem
2736 4238 3041 4305 opprimere
3088 4239 3359 4292 moliatur.
3396 4238 3454 4293 lit

1890 4330 2062 4397 primo
2085 4326 2303 4395 quidem
2334 4337 2482 4381 certe
2509 4336 2564 4380 et
2583 4328 3036 4395 quinquagesimo
3064 4330 3261 4395 capite.
3296 4328 3456 4382 simul

1888 4422 2011 4472 dum
2040 4418 2129 4472 fati
2158 4418 2463 4488 Opinionem
2504 4418 2780 4481 convellit,
2817 4421 2979 4473 etiam
3013 4418 3453 4489 Bardisauist60)

1885 4512 2205 4568 sententiain
2244 4509 2434 4563 refellit
2463 4526 2476 4561 :
2509 4524 2627 4579 qua:
2665 4509 2779 4578 ipsa
2843 4521 2900 4563 ut
2924 4526 2954 4565 e
2988 4511 3211 4564 dimidio
3262 4511 3328 4565 ab
3362 4511 3452 4563 illa

1894 4602 2115 4663 refecta,
2149 4604 2219 4655 ita
2250 4601 2383 4655 semi
2420 4601 2610 4655 insana
2647 4602 2947 4654 etiamnum
2994 4601 3278 4655 remansit.
3317 4599 3449 4655 Nam

1494 4799 1729 4856 VARIAS
1763 4796 2178 4857 LECTIONES.

277 4936 328 4969 ⁸³
347 4953 360 4965 ·
378 4936 422 4968 ⁵⁸
444 4933 665 4987 τοσοῦτο
682 4952 745 5000 ς.

822 4935 865 4967 ⁸⁷
896 4933 1016 4988 libri
1038 4934 1345 5005 πλουτίσαι.
1422 4936 1468 4967 ⁸⁸
1499 4936 1592 4987 τὸν
1618 4946 1739 5005 post
1766 4936 1845 4998 εἰς
1878 4935 2002 4989 adii.
2036 4934 2100 4988 Α.
2176 4933 2221 4965 ⁵⁸
2249 4929 2571 5000 ΘεοδώρονΛ
2600 4946 2637 4993 ς
2668 4946 2683 4982 :
2713 4930 2808 4983 sed
2834 4945 2940 5000 mg.
2971 4932 3012 4983 A
3037 4947 3127 5001 γρ.
3156 4928 3447 5001 Διοδώρου,

203 5005 280 5069 ὡς
315 5004 527 5076 προῖὼν
569 5006 842 5075 εὑρήσεις.
920 5006 965 5037 ⁸⁸
998 5004 1094 5076 τὴν
1140 5006 1261 5060 add.
1299 5008 1363 5058 Λ.
1440 5006 1481 5036 ⁸³
1517 5004 1726 5060 δίκαιον
1759 5023 1822 5069 ς.

1719 5118 1949 5178 NOTAE.

277 5237 398 5307 (58)
423 5236 711 5290 Diodorum
746 5239 925 5306 potius
949 5253 1109 5307 quam
1150 5237 1479 5291 Theodorum
1508 5239 1780 5307 appellare

200 5306 409 5381 placuit
439 5325 453 5360 :
481 5323 599 5361 cum
627 5311 768 5376 quod
800 5318 916 5378 post
944 5306 1120 5381 paulo
1158 5324 1193 5381 a_
1236 5306 1449 5381 Pliotio
1480 5310 1557 5361 sic
1608 5308 1779 5381 nomi-

202 5378 388 5440 netur,
428 5387 539 5430 tum
562 5381 702 5445 quod
731 5381 914 5432 suiilas
944 5378 1196 5431 Tarsensi
1222 5380 1348 5432 huic
1369 5378 1619 5445 episcopo
1637 5378 1778 5430 κατὰ

198 5447 655 5519 ἀστρονόμωνκαὶ
675 5449 1016 5519 ἀστρολόγων
1038 5450 1131 5501 καὶ
1154 5448 1497 5519 εἱμαρμένης
1532 5463 1666 5516 opus
1694 5458 1776 5500 at-

1949 5236 2061 5307 (59)
2103 5234 2381 5307 Οὺίίιιιειηι
2412 5231 2548 5286 male
2576 5231 2849 5285 auilirisse
2885 5246 3043 5300 supra
3072 5230 3273 5286 iuilirat
3305 5234 3444 5289 Pho-

1880 5306 1987 5363 tius
2014 5309 2133 5359 cod.
2182 5306 2304 5359 102.

1944 5378 2056 5445 (60)
2093 5375 2266 5427 llabes
2296 5388 2416 5445 eam
2459 5372 2595 5445 apud
2621 5371 2817 5424 Euseb.
2847 5371 2941 5445 lib.
2971 5386 3023 5445 tv
3059 5372 3134 5423 De
3153 5385 3440 5439 pra-parat.

1871 5440 2047 5515 evang.
2082 5460 2200 5511 cap.
2231 5444 2452 5515 Vlll._l)e
2488 5444 2596 5509 ipsa
2633 5456 2794 5515 porro
2844 5440 3133 5515 [larilisane
3167 5445 3443 5515 __lcgeudus

199 5509 600 5573 tribiratfldem
624 5509 857 5571 tractant
887 5509 1773 5587 argumentumBIChrysostomus
1872 5509 2066 5587 Euseb.
2104 5509 2203 5587 lib.
2232 5511 2466 5587 “pnis!”-
2488 5527 2605 5587 estp.
2631 5511 2729 5570 23;
2850 5509 3066 5587 Hieron.
3087 5509 3437 5587 iuCuialogo,

197 5606 292 5641 ιιι-ι
324 5603 375 5640 Vl
409 5588 645 5641 bomiliis
682 5587 757 5641 De
802 5580 1042 5650 Fatofct
1079 5591 1225 5641 hom.
1276 5590 1294 5640 ί
1360 5588 1411 5641 in
1458 5580 1577 5656 cap.
1620 5604 1658 5651 t,
1702 5590 1772 5639 ad
1875 5586 2116 5654 eap.45;
2147 5583 2365 5656 Nil-cpit.
2410 5582 2499 5633 lib.
2527 5580 2855 5656 4,_t:_ap.._‘:’.5_,‘
2890 5581 3072 5656 et_lib.
3101 5581 3156 5656 ᾖ.
3181 5597 3299 5650 cap.
3346 5580 3454 5656 i0:,

199 5658 398 5711 Timot.
436 5658 629 5711 Euseb.
665 5667 775 5711 toto
820 5659 1050 5726 librort.
1090 5658 1161 5710 De
1212 5669 1495 5725 prwparat.
1538 5656 1766 5726 evangel.

198 5729 394 5797 Cicero
419 5727 492 5780 De
513 5728 731 5780 divinat.
759 5738 811 5781 ct
839 5728 909 5779 De
943 5725 1099 5797 Fato.
1132 5730 1429 5781 Alexander
1452 5725 1767 5797 Aphrodisi-

198 5816 305 5855 eus
319 5796 640 5863 Favorinus,
672 5800 810 5867 apud
835 5799 979 5866 Aget.
1016 5795 1148 5859 XIV.
1176 5814 1292 5865 cap.
1327 5813 1361 5851 ι.

1875 5648 2318 5723 ΒίΑιιειιειίιιιιέ.
2352 5653 2542 5723 lucri-5.
2580 5650 2781 5723 53;_S.
2818 5648 3058 5723 Epiphau
3122 5648 3311 5707 Intres.
3341 5655 3436 5722 i0;

1876 5719 2196 5779 'l'heodbret.
2230 5722 2321 5775 lib.
2358 5736 2394 5785 ι,
2433 5719 2629 5773 llwrct.
2675 5720 2845 5787 fabul.
