4208 6448
730 412 830 478 831

1868 409 2127 470 ΡΙΙΟΤΙΙ
2172 408 2674 468 ΡΑΤΙὶΙΑΙῖΕΠᾹΞ
2705 409 2814 470 CP.

3881 408 3995 475 832

726 545 828 581 eis:
861 528 1097 582 animam
1120 526 1339 594 quidem
1366 541 1397 579 a
1425 526 1556 586 fato.
1592 537 1648 579 et
1680 541 1709 578 a
1748 527 1989 579 natalitia
2032 523 2308 578 notatione
2338 571 2342 581 ι

2448 522 2689 589 Ξούσιον,
2747 522 3040 577 ὑποτάττει
3101 523 3157 576 δὲ
3210 524 3277 594 τῇ
3329 521 3537 592 ταύτης
3615 520 3883 590 διοικήσει
3930 527 3994 578 τδ

728 634 849 685 quae
879 620 1096 680 dicitur,
1140 619 1365 671 liberam
1409 618 1682 682 dimittit,
1740 620 1948 671 arbitrii
2006 619 2307 671 libertatem

729 706 807 760 illi
844 708 1238 769 conservando,
1296 722 1493 774 corpus
1530 720 1739 770 tamen,
1791 718 1845 762 et
1879 722 2217 775 qumcunque
2245 707 2312 760 ad

727 816 927 867 corpus
968 808 1235 869 spectant,
1266 798 1375 850 fato
1407 799 1760 865 gubernanda
1800 800 2036 866 subjicit.
2066 799 2311 860 Divitias,

732 892 979 959 inquam,
1038 901 1357 955 egestatem,
1410 891 1683 948 morbmn,
1720 890 1923 951 vitam,
1982 899 2233 951 mortem,
2263 896 2319 940 et

735 996 855 1047 qna:
898 980 947 1031 in
1001 991 1183 1031 nostra
1232 994 1335 1029 non
1378 990 1504 1029 sunt
1546 987 1860 1045 potestate:
1903 992 2079 1045 eaque
2130 978 2309 1028 omnia

736 1071 831 1123 fati
866 1087 986 1124 esse
1021 1070 1207 1125 affet-ta
1246 1072 1432 1122 tradit.
1465 1068 1603 1137 Ergo
1656 1072 1804 1123 hunc
1839 1070 2112 1123 studiosus
2141 1070 2229 1122 ille
2265 1077 2317 1120 et

740 1164 943 1215 sciendi
976 1165 1203 1229 cupidus
1234 1163 1503 1215 Diodorus
1527 1163 1674 1215 t-lare
1718 1178 1783 1216 ac
1821 1162 1998 1215 valide
2024 1162 2316 1221 convincit,

740 1256 908 1306 verbo
950 1254 1167 1319 quidem
1236 1253 1466 1303 mediam
1527 1256 1791 1304 duntaxat
1848 1253 2053 1304 erroris
2112 1264 2317 1319 partem

742 1346 1063 1411 przedicare,
1086 1359 1141 1397 re
1166 1351 1343 1395 autem
1372 1344 1485 1409 ipsa
1513 1355 1681 1395 totum
1705 1342 2027 1395 conlirmare
2051 1356 2065 1394 :
2090 1342 2323 1409 quando-

742 1436 963 1504 quidem
996 1434 1241 1501 plurima:
1271 1436 1517 1499 corporis
1540 1436 1655 1487 sive
1677 1434 1991 1486 all‘ectiones
2018 1447 2112 1499 per
2131 1433 2322 1484 animae

743 1527 1154 1594 operationem,
1224 1528 1686 1591 cooperationetn,
1744 1535 1835 1579 aut
1899 1527 2061 1578 etiam
2121 1536 2325 1578 naturae

744 1630 1096 1677 consensum,
1127 1614 1377 1667 accidere
1403 1616 1581 1668 solent
1621 1630 1684 1666 ac
1724 1614 1929 1681 perlici.

820 1706 1005 1760 Primo
1038 1707 1199 1773 igitur
1228 1704 1365 1756 libro
1393 1715 1511 1770 post
1556 1706 1661 1756 alia
1716 1706 1784 1757 de
1825 1705 1937 1755 fato
1985 1705 2175 1767 relata,
2212 1712 2321 1755 tum

751 1797 897 1851 unde
926 1807 1031 1849 tam
1067 1798 1233 1849 libere
1262 1797 1455 1864 agendi
1509 1796 1791 1849 audaciam
1828 1812 1982 1849 error
2009 1796 2324 1862 sumpserit,

2423 614 2583 682 σῶμα
2636 615 2730 667 καὶ
2777 615 2843 666 τὰ
2891 614 3019 682 περὶ
3052 612 3113 665 τὸ
3146 612 3325 681 σῶμα,
3358 611 3589 665 πλοῦτον
3630 613 3696 681 δή
3747 614 3793 644 ⁸³
3848 630 3996 684 φημι

2421 705 2518 758 καὶ
2573 706 2766 759 πενίαν
2812 706 2908 757 καὶ
2948 704 3100 757 νόσον
3142 706 3235 756 καὶ
3284 704 3430 773 ζωὴν
3466 707 3563 758 καὶ
3612 705 3845 758 θάνατον
3902 708 3998 759 καὶ

2422 798 2520 848 ὃσα
2548 799 2647 848 οὐκ
2676 797 2764 865 ἐφ’
2798 798 2950 865 ἡμῖν,
2987 799 3079 849 καὶ
3107 796 3280 848 ταῦτα
3308 795 3483 848 πάντα
3512 797 3611 863 τῆς
3651 797 3999 866 εἱμαρμένης

2424 887 2562 956 ἔργα
2599 887 2934 957 δογματίζει.
2974 889 3070 938 Ὃν
3108 888 3153 918 ⁸³
3183 888 3211 937 ὁ
3244 886 3546 957 φιλομαθὴς
3577 888 3670 939 καὶ
3709 889 4000 951 σπουδαῖος

2424 978 2688 1047 Διόδωρος
2718 978 2904 1044 σαφῶς
2933 977 3059 1048 [315
3092 976 3183 1048 IL]
3216 994 3273 1028 τε
3310 978 3404 1029 καὶ
3436 977 3697 1045 γενναίως
3727 978 3998 1046 διελέγχει

2424 1070 2567 1137 λόγῳ
2625 1068 2725 1137 μὲν
2778 1069 3047 1137 ἡμίτομον
3094 1069 3193 1134 τὴν
3244 1070 3343 1137 τῆς
3400 1068 3740 1136 εἱμαρμένης
3786 1068 4000 1137 πλάνην

2425 1161 2750 1231 κηρύττειν,
2799 1160 2945 1229 ἔργῳ
2992 1160 3047 1211 δὲ
3105 1162 3423 1228 συγκροτεῖν
3475 1161 3576 1226 τὴν
3622 1159 3789 1229 ὅλην,
3840 1161 4000 1227 εἴπερ

2427 1252 2521 1303 καὶ
2551 1252 2620 1304 τὰ
2648 1252 2878 1305 πλεῖστα
2905 1252 3011 1303 τῶν
3044 1250 3371 1319 σωματικῶν
3397 1250 3587 1302 παθῶν
3608 1268 3667 1302 τε
3698 1250 3793 1302 καὶ
3823 1250 4001 1320 ἔργων

2427 1341 2512 1393 διὰ
2536 1342 2633 1410 τῆς
2668 1342 2907 1410 ψυχικῆς
2935 1342 3215 1410 ἐνεργείας
3250 1358 3308 1392 τε
3338 1341 3432 1392 καὶ
3464 1340 3806 1409 συνεργείας,
3838 1341 3931 1392 ναὶ
3959 1342 4003 1371 ⁸⁵

2429 1432 2493 1499 δὴ
2530 1434 2624 1499 κα)
2655 1431 3003 1502 συμπαθείας
3034 1430 3223 1484 εἴωθεν
3260 1431 3678 1501 ὲπισυμὸαίνειν
3724 1431 3825 1483 καὶ
3870 1432 4005 1483 ἁπο-

2429 1523 2720 1577 τελεῖσθαι.

2502 1706 2592 1755 Ἔν
2623 1704 2721 1771 μὲν
2752 1699 2846 1756 οὖν
2874 1704 2953 1774 τῷ
2980 1710 3026 1756 α’
3065 1704 3210 1774 λόγῳ
3237 1704 3375 1757 ἄλλα
3412 1705 3473 1756 τέ
3502 1722 3625 1758 τινα
3651 1706 3784 1775 περὶ
3810 1706 4007 1775 εἱμαρ-

2439 1796 2604 1863 μένης
2648 1796 2892 1857 διελθὼν,
2934 1796 3028 1848 καὶ
3065 1796 3187 1848 ὅθεν
3223 1796 3347 1864 ἔσχε
3380 1798 3481 1862 τὴν
3506 1796 3710 1866 τόλμαν
3746 1799 3781 1863 ἡ
3827 1798 4004 1866 πλάνη

754 1888 1016 1941 adversus
1043 1902 1160 1940 eam
1196 1888 1429 1953 inSurgit
1481 1888 1817 1953 Opinionem,
1862 1901 1979 1950 quae
2020 1888 2329 1939 universum

2448 1885 2959 1953 παρρησιάσασθαι,
3028 1886 3121 1936 καὶ
3187 1884 3329 1936 κατὰ
3383 1886 3481 1953 τῆς
3530 1885 3799 1954 λεγούσης
3849 1885 4009 1953 δόξης

754 1974 863 2026 hoc
885 1982 1006 2026 ortu
1043 1990 1229 2026 carere
1258 1974 1456 2025 asserit
1490 1973 1665 2040 (putat
1690 1974 1834 2025 enim
1859 1988 1924 2024 ex
1952 1973 2049 2025 liae
2081 1974 2335 2039 opinione

755 2063 884 2117 illud
919 2079 1132 2130 quoque
1175 2065 1239 2115 de
1288 2065 1396 2115 fato
1436 2063 1756 2131 ﬁgmentum
1800 2062 2043 2130 conﬂari)
2096 2063 2338 2129 libroque

760 2151 885 2206 huic
914 2154 997 2212 ,ita
1034 2156 1190 2207 linem
1226 2154 1471 2219 imponit,
1506 2164 1561 2206 ttt
1597 2170 1662 2206 ne
1719 2155 1769 2205 in
1802 2152 1972 2205 altero
2016 2152 2231 2221 quidem
2270 2152 2336 2204 ab

757 2247 948 2301 eadem
982 2263 1158 2316 pugna
1183 2248 1431 2300 desistat.

833 2423 1193 2489 Quamobrem
1218 2427 1428 2479 decimo
1454 2436 1572 2494 post
1599 2427 1710 2479 hac
1733 2427 2054 2493 capite,tam
2081 2426 2336 2479 mundum

764 2514 962 2579 ipsum,
1004 2532 1165 2583 quam
1205 2519 1255 2568 in
1292 2533 1357 2570 eo
1382 2518 1670 2583 degentem
1715 2518 1988 2569 hominem
2026 2530 2203 2571 ortum
2247 2519 2339 2570 ha-

768 2609 895 2659 bere
930 2609 1333 2672 demonstrans,
1374 2609 1477 2663 hoc
1515 2612 1623 2662 fere
1674 2614 1830 2661 modo
1882 2610 1946 2661 ad
1998 2620 2338 2677 argumenta-

766 2699 972 2752 tionem
1005 2700 1340 2765 aggreditur.
1375 2698 1849 2767 Quandoquidem,
1884 2702 1975 2760 ait,
2028 2701 2338 2767 singulatim

769 2790 1043 2841 hominum
1070 2789 1265 2857 209a
1297 2790 1493 2857 singuli
1537 2792 1871 2859 corruptioni
1920 2800 2081 2857 atque
2115 2804 2343 2858 genera-

769 2880 901 2931 tioni
934 2881 1151 2934 obnoxii
1181 2889 1329 2939 sunt,
1363 2882 1712 2934 manifestum
1767 2897 1897 2935 sane
1930 2883 2098 2949 ipsam
2130 2897 2343 2947 quoque

770 2972 962 3024 horum
997 2981 1247 3024 naturam
1284 2974 1349 3023 ad
1391 2973 1625 3026 similem
1686 2975 1852 3041 redigi
1904 2974 2342 3034 dissolutionem,

768 3073 823 3113 et
857 3062 1067 3115 nonnisi
1101 3063 1150 3115 in
1187 3064 1318 3116 solis
1347 3079 1411 3116 ex
1447 3080 1505 3119 se
1537 3075 1726 3117 mutuo
1758 3066 2197 3117 successionilms
2224 3082 2347 3133 per-

768 3151 990 3204 durare.
1026 3152 1211 3219 Neque
1262 3154 1406 3204 enim
1448 3156 1591 3221 quod
1627 3165 1751 3206 ortu
1804 3166 1982 3217 caret,
2026 3156 2147 3208 inde
2191 3172 2341 3208 suam

774 3241 975 3293 habere
1020 3241 1591 3309 incorruptibilitatem
1652 3254 1849 3308 poteSt,
1896 3245 2038 3309 quod
2089 3260 2250 3295 unum
2290 3245 2341 3297 in

771 3333 1000 3386 alterius
1052 3334 1228 3384 locum
1287 3334 1584 3386 identidem
1652 3337 1946 3385 succedere
1996 3336 2349 3402 cogitemus:

772 3424 865 3476 sed
886 3426 1027 3491 quod
1057 3426 1106 3476 id
1130 3439 1226 3491 per
1245 3425 1505 3493 seipsum,
1534 3436 1697 3491 atque.
1717 3438 1782 3475 ex
1810 3436 2021 3478 suamet
2054 3425 2352 3479 subsisten-

778 3515 873 3574 tia,
916 3516 1020 3568 tale
1056 3516 1145 3568 sit.
1185 3516 1356 3570 Porro
1385 3518 1643 3569 mundum
1677 3532 1892 3586 quoque
1925 3517 2098 3585 ipsum
2152 3520 2352 3573 habere

773 3620 977 3669 Ot'llltn,
1030 3610 1193 3662 exiis
1226 3618 1313 3661 est
1351 3610 1725 3673 manifestum,
1785 3611 1927 3677 quod
1974 3626 2091 3677 qua:
2138 3611 2189 3663 in
2242 3612 2357 3679 ipso

777 3708 924 3759 sunt,
963 3700 1122 3767 ignis,
1156 3715 1318 3766 aqua,
1354 3709 1522 3763 terra,
1553 3716 1668 3760 aer,
1700 3712 1885 3752 ortum
1935 3702 2192 3754 habeant.
2233 3702 2357 3756 Hmc

775 3791 919 3843 enim
972 3791 1211 3857 quotidie
1265 3792 1626 3856 particulatim
1679 3803 1734 3843 et
1789 3805 2232 3858 corrumpuntur,
2304 3806 2357 3847 ct

778 3882 1093 3948 gignuntur.
1129 3880 1361 3934 Rursum
1402 3894 1579 3936 autem
1634 3884 1778 3950 quod
1831 3896 1976 3935 terra
2032 3887 2358 3953 corruptibi-

780 3973 848 4027 lis
887 3975 977 4037 sit,
1008 3991 1071 4028 ex
1113 3974 1177 4027 iis
1208 3975 1547 4041 perspicuum
1584 3977 1788 4039 evadit,
1828 3980 1972 4044 quod
2021 3981 2133 4031 sive
2174 3980 2355 4042 homo,

784 4064 902 4117 sive
936 4064 1041 4116 alia
1081 4066 1334 4117 animalia
1387 4078 1831 4134 corrumpantur,
1872 4069 1922 4118 in
1980 4079 2178 4121 terram
2232 4082 2361 4121 con-

785 4165 1087 4208 vertantur.
1122 4153 1254 4207 Nam
1307 4157 1447 4223 quod
1494 4156 1609 4210 [nec
1644 4158 1696 4208 in
1744 4157 1886 4208 illam
1919 4168 2361 4223 corrumpantur,

784 4256 1108 4313 argumento
1141 4248 1326 4313 utique
1359 4256 1463 4311 est,
1501 4264 1565 4301 ex
1604 4249 1692 4299 illa
1737 4249 1852 4314 ipsa
1898 4258 2154 4317 corrupta
2184 4261 2360 4300 ortum

786 4351 943 4388 suum
994 4336 1146 4387 initio
1187 4338 1488 4404 accepisse.
1532 4338 1689 4389 Adde
1732 4339 1873 4402 quod
1919 4338 2212 4388 etiamnum
2248 4336 2365 4387 ani-

785 4428 989 4480 mantia
1031 4427 1286 4493 pleraqne
1331 4443 1399 4479 ex
1452 4429 1553 4480 hac
1596 4442 1753 4478 versa
1794 4436 1955 4491 atque
1986 4435 2239 4491 corrupta
2283 4426 2363 4489 qi-

2436 1976 2555 2028 τάδε
2582 1976 2640 2026 τὸ
2671 1978 2779 2027 πᾶν
2810 1976 3074 2042 ἀγένητον
3106 1976 3150 2007 ⁶⁵
3190 1970 3328 2028 εἶναι
3363 1977 3775 2043 διανιστάμενος
3817 1977 4008 2045 (οῐεται

2435 2068 2544 2135 γὰρ
2579 2069 2644 2118 ἐκ
2678 2068 2774 2135 τῆς
2821 2066 3142 2135 ὑπολήψεως
3187 2068 3285 2135 τῆς
3344 2067 3433 2116 τὸν
3487 2068 3691 2135 κόσμον
3743 2068 4012 2135 ἀγένητον

2438 2160 2718 2227 ποιούσης,
2768 2160 2976 2213 ἐκεῖθεν
3021 2161 3112 2212 καὶ
3160 2159 3221 2211 τὸ
3253 2160 3353 2227 τῆς
3389 2161 3730 2228 εἱμαρμένης
3774 2168 4013 2228 συγκρο-

2440 2252 2654 2303 τεῐσθαι
2689 2250 2938 2319 πλάσμα)
2972 2252 3203 2319 περατοῖ
3238 2250 3327 2301 τὸν
3356 2249 3403 2301 α’
3448 2249 3628 2315 λύγον,
3683 2250 3781 2301 καὶ
3830 2249 3892 2300 ὲν
3938 2246 4015 2317 τῷ

2512 2434 2601 2484 Διὸ
2653 2435 2748 2484 καὶ
2788 2434 2845 2483 ἐν
2890 2431 2967 2499 τῷ
3025 2429 3055 2482 ι’
3088 2430 3368 2499 κεφαλαίῳ
3393 2430 3619 2496 γενητὸν
3650 2424 3791 2480 εἶναι
3821 2428 3915 2481 τόν
3956 2444 4015 2479 τε

2442 2526 2646 2591 κὸσμον
2680 2524 2772 2575 καὶ
2807 2522 2900 2574 τὸν
2928 2525 2984 2573 ἐν
3022 2521 3170 2589 αὐτῷ
3217 2521 3503 2589 ἄνθρωπον
3559 2520 3874 2579 ἐπιδεικνὺς
3916 2512 4017 2571 ὦδέ

2444 2633 2559 2674 πως
2586 2614 2854 2665 εἰσϐάλλει
2898 2611 3032 2681 πρὸς
3066 2610 3165 2679 τὴν
3206 2611 3583 2679 ἐπιχείρησιν·
3645 2610 3823 2669 Ἐπεὶ,
3860 2608 4017 2676 φησὶ,

2443 2703 2552 2756 τῶν
2580 2701 2721 2753 κατὰ
2748 2701 2910 2767 μέρος
2934 2698 3232 2768 ἀνθρώπων
3259 2698 3488 2759 ἕκαστος
3512 2696 3749 2765 φθαρτός
3778 2698 3899 2748 ἐστι
3926 2698 4018 2747 καὶ

2444 2794 2688 2862 γενητὸς,
2725 2792 2881 2859 δῆλον
2911 2791 2985 2851 ὡς
3019 2793 3113 2841 καὶ
3138 2791 3169 2857 ἠ
3194 2789 3397 2841 τούτων
3426 2787 3587 2854 φύσις
3607 2789 3686 2849 εἰς
3710 2787 3811 2853 τὴν
3828 2787 4022 2853 ὁμοίαν

2446 2885 2637 2951 ἄγεται
2670 2882 2841 2945 λύσιν,
2873 2884 2929 2934 ἐν
2980 2881 3168 2949 μόναις
3213 2882 3332 2941 ταῖς
3379 2879 3438 2942 ἐξ
3480 2878 3724 2946 ἀλλήλων
3750 2877 4023 2944 διαδοχαῖς

2446 2976 2772 3043 διαμένουσα
2794 2990 2808 3001 ·
2840 2973 2898 3024 τὸ
2921 2974 3026 3042 γὰρ
3058 2973 3321 3039 ἀγένητον
3340 2972 3439 3021 οὐκ
3468 2972 3526 3021 ὲν
3544 2970 3590 3000 ⁸⁸
3610 2970 3889 3036 διαδοχαῖς
3914 2970 4024 3018 ἐπι-

2448 3068 2734 3134 νοούμενον
2787 3065 2900 3134 ἔχει
2952 3065 3011 3116 τὸ
3059 3064 3356 3130 ἄφθαρτον,
3385 3061 3521 3113 ἀλλὰ
3562 3060 3685 3113 καθ’
3720 3059 3888 3111 ἑαυτὸ
3936 3060 4026 3109 καὶ

2449 3159 2591 3209 κατὰ
2618 3158 2716 3224 τὴν
2738 3157 2876 3208 ἰδίαν
2903 3154 3349 3207 ὑπόστασιν,”οτι
3365 3154 3421 3203 δὲ
3441 3154 3470 3204 ὁ
3492 3152 3697 3220 κόσμος
3716 3151 3945 3219 γενητὸς
3959 3151 4024 3210 ",

2450 3250 2606 3320 δῆλον
2659 3248 2718 3312 ἐξ
2756 3243 2830 3299 ὧν
2864 3248 2957 3299 καὶ
2986 3248 3051 3298 τὰ
3088 3248 3146 3298 ὲν
3173 3245 3319 3314 αὐτῷ
3350 3247 3573 3314 γενητὰ,
3615 3243 3728 3311 πῦρ
3754 3242 3854 3295 καὶ
3888 3241 4028 3307 ὕδωρ

2452 3344 2545 3394 καὶ
2576 3342 2647 3409 γῆ
2691 3342 2783 3392 καὶ
2810 3341 2916 3408 ἀήρ
2939 3356 2953 3369 ’
2984 3338 3079 3390 καὶ
3119 3338 3227 3407 γὰρ
3272 3336 3443 3387 ταῦτα
3494 3332 3646 3403 παρὰ
3680 3332 3853 3399 μέρος
3900 3330 4030 3382 καθ’

2452 3430 2692 3497 ἑκάστην
2718 3429 2811 3479 καὶ
2836 3427 3119 3495 φθείρεται
3154 3426 3248 3477 καὶ
3278 3426 3504 3491 γίνεται.
3539 3422 3666 3493 [(564
3699 3419 3792 3490 IL]
3830 3421 3951 3472 Ὀτι
3973 3418 4030 3469 δὲ

2455 3522 2619 3574 πάλιν
2648 3522 2682 3587 ἡ
2708 3521 2779 3588 γῆ
2801 3518 3036 3587 φθαρτή,
3057 3516 3215 3584 δῆλον
3242 3516 3299 3579 ἐξ
3323 3510 3398 3565 ὧν
3427 3517 3507 3575 είς
3529 3513 3633 3580 γῆν
3658 3513 3753 3563 καὶ
3779 3513 3809 3562 ὁ
3827 3510 4031 3577 ἄνθρω-

2455 3631 2558 3675 πος
2584 3612 2678 3664 καὶ
2704 3611 2769 3665 τὰ
2793 3611 2927 3663 ἄλλα
2952 3609 3060 3662 τῶν
3082 3607 3234 3669 ζώων
3258 3605 3587 3673 φθειρόμενα
3612 3602 4028 3671 μεταδάλλεταυ

2455 3707 2515 3758 τὸ
2542 3706 2649 3775 γὰρ
2677 3706 2754 3765 εἰς
2781 3703 2985 3771 ταύτην
3011 3701 3328 3769 φθείρεσθαι
3358 3696 3630 3760 ἀπόδειξίς
3652 3696 3768 3745 ἐστι
3792 3693 3891 3744 τοῦ
3908 3693 3950 3723 ⁸³
3970 3694 4032 3742 ἐκ

2456 3799 2661 3864 ταύτης
2689 3794 2987 3862 φθαρείσης
3016 3790 3136 3842 κατ’
3167 3787 3341 3857 ἀρχὰς
3370 3785 3543 3838 ταῦτα
3576 3783 3859 3850 γενέσθαι.
3892 3780 4031 3849 Πλὴν

2459 3886 2553 3936 καὶ
2586 3886 2682 3934 νῦν
2718 3882 2798 3932 ἔτι
2828 3880 2897 3932 τὰ
2920 3882 2961 3911 ³⁸
2995 3877 3165 3930 πολλὰ
3196 3876 3304 3928 τῶν
3328 3874 3482 3938 ζώων
3510 3874 3718 3940 ταύτης
3764 3870 4032 3940 τρεπομέ-

2459 3992 2557 4042 νης
2582 3974 2673 4025 καὶ
2707 3970 3070 4040 φθειρομένης
3100 3966 3309 4035 γίνεταί
3356 3983 3415 4016 τε
3462 3967 3554 4016 καὶ
3584 3964 3931 4014 συνίσταται.
3964 3960 4033 4009 Τὸ

2461 4066 2517 4118 δὲ
2550 4065 2883 4134 τρεπόμενον
2919 4062 2967 4113 εί
3002 4061 3093 4113 καὶ
3127 4060 3200 4127 μὴ
3232 4056 3497 4125 πρόδηλον
3528 4053 3643 4123 εἶχε
3673 4054 3773 4120 τὴν
3807 4049 4029 4119 φθορὰν,

2467 4156 2581 4217 πῶς
2632 4155 2697 4207 ἂν
2730 4156 2814 4221 εῐη
2846 4153 3140 4219 ἀγένητονς
3182 4148 3369 4218 Τροπὴ
3400 4147 3509 4216 γὰρ
3558 4147 3708 4196 πᾶσα
3755 4144 3852 4194 τοῦ
3896 4142 4033 4193 κατᾶ

2464 4249 2624 4316 φύσιν
2664 4244 3112 4316 προϋπάρχοντος
3164 4242 3257 4293 καὶ
3307 4239 3542 4306 μάλιστα
3581 4237 3682 4304 τῆς
3736 4234 4033 4301 ἀγενησίας

2464 4338 2800 4404 καθέστηκεν
2829 4335 3123 4394 ἔκπτωσις.
3154 4332 3214 4382 Εἰ
3252 4331 3308 4381 δὲ
3338 4326 3405 4399 ἦν
3437 4328 3699 4395 ἀγένητον
3727 4325 4032 4391 ἄνθρωπος,

2465 4430 2583 4490 πῶς
2634 4429 2740 4479 ὑπὸ
2786 4428 2884 4495 τῆς
2930 4424 3195 4491 γενέσεως
3243 4424 3363 4489 ἦτοι
3411 4422 3509 4487 τῆς
3562 4418 3906 4485 εἱμαρμένης
3956 4415 4030 4465 δι-

784 4530 1046 4589 gnttntnr,
1080 4530 1132 4571 et
1164 4520 1311 4570 liaiit.
1356 4520 1508 4581 Quod
1558 4527 1738 4568 autem
1787 4518 2141 4577 convertitur,
2196 4518 2337 4569 etian

2462 4519 2701 4589 ῳκεῖτ’⁷⁰
2732 4520 2832 4582 ἄν;
2879 4518 2951 4569 Τὸ
2979 4520 3087 4585 γὰρ
3117 4515 3379 4582 ἀγένητον
3409 4514 3471 4563 οὐ
3503 4509 3675 4561 δεῖταί
3710 4525 3858 4569 τινος
3886 4506 4037 4559 ἁλλο-

785 4610 828 4661 si
868 4610 1006 4661 forte
1042 4611 1217 4661 minus
1249 4609 1409 4660 fuerit
1439 4607 1727 4659 manifesta
1750 4608 1868 4675 ejus
1893 4608 2188 4674 corruptio,
2233 4624 2342 4674 quo-

2470 4608 2618 4676 τρίου
2659 4608 2793 4677 πρὸς
2830 4607 2927 4676 τὴν
2968 4607 3102 4658 ἰδίειν
3142 4604 3419 4655 σύστασιν.

790 4706 949 4757 modo
1011 4706 1060 4757 id
1128 4717 1249 4755 ortu
1305 4720 1495 4757 carere
1530 4704 1739 4771 possit?
1788 4702 2049 4766 Quoniam
2119 4707 2297 4754 omnis
2367 4705 2594 4757 mutatio
2639 4704 2754 4771 ejus
2794 4704 2935 4772 quod
2988 4713 3141 4754 antea
3189 4716 3283 4753 sua
3354 4709 3541 4750 natura
3596 4695 3919 4756 exsistebat,
3961 4692 4039 4743 vel

790 4800 1027 4851 tziaxime
1062 4800 1295 4851 incausa
1327 4813 1445 4850 esse
1474 4798 1632 4863 solet,
1666 4812 1765 4851 cur
1802 4799 1851 4848 id
1879 4807 1996 4848 ortu
2025 4813 2127 4849 non
2189 4806 2358 4849 creat.
2396 4814 2512 4851 eam
2547 4802 2591 4851 si
2629 4810 2781 4852 ortus
2810 4802 2989 4851 omnis
3030 4812 3224 4865 expers
3277 4795 3466 4847 fuisset
3520 4792 3754 4844 hominis
3827 4800 4038 4851 natura,

790 4892 1059 4958 quomodo
1086 4905 1204 4943 eam
1250 4898 1342 4943 aut
1384 4892 1601 4955 genesis
1628 4900 1723 4942 aut
1774 4888 1944 4941 fatum
1992 4890 2515 4957 dispensat-enm":
2546 4892 2691 4961 quod
2720 4902 2839 4946 ortu
2893 4902 3063 4952 caret,
3122 4890 3342 4942 alterius
3420 4901 3765 4953 nequaquam
3816 4884 4038 4950 inding

790 4999 847 5041 ut
882 4988 1161 5041 subsistat.

871 5080 925 5133 Si
978 5082 1097 5145 quis
1146 5089 1330 5132 autem
1374 5079 1487 5146 ipsa
1558 5092 1745 5129 rerum
1813 5075 2082 5128 evidentia
2136 5084 2377 5138 coactus,

792 5174 1016 5226 forsitan
1044 5170 1300 5233 fateatur,
1332 5182 1450 5223 orta
1489 5172 1711 5240 quidem
1763 5184 1886 5223 esse
1929 5183 2047 5220 cum
2081 5170 2377 5233 terrestria,

2547 5074 2607 5125 Εἰ
2635 5073 2692 5125 δέ
2720 5090 2805 5134 τις
2835 5071 2939 5124 ὑπὸ
2967 5072 3065 5139 τῆς
3091 5070 3199 5122 τῶν
3226 5068 3569 5138 πραγμάτων,
3591 5068 3885 5135 ἐναργείας
3929 5070 4041 5137 βια-

2474 5164 2697 5233 ζόμενος
2740 5162 2990 5231 ὁμολογεῖ
3024 5160 3223 5229 γενητὰ
3257 5159 3354 5228 μὲν
3384 5155 3522 5209 εἶναι
3549 5157 3620 5209 τὰ
3664 5159 3757 5209 ἐπὶ
3805 5160 3910 5227 γῆς
3956 5162 4042 5209 καὶ

792 5278 905 5319 tum
950 5268 1194 5334 aquatica
1225 5276 1278 5319 et
1310 5280 1467 5317 aerea
1506 5284 1516 5317 :
1557 5264 1655 5318 sed
1718 5263 1863 5317 illam
1901 5272 2075 5315 tamen
2113 5263 2373 5331 genesim,

796 5373 889 5424 per
918 5372 1080 5424 quam
1120 5358 1233 5409 lucc
1269 5356 1663 5424 perﬁciantur,
1720 5369 1880 5407 cursu
1938 5367 2035 5405 suo
2061 5353 2373 5406 continuam

793 5450 1109 5515 quamdam,
1161 5458 1218 5503 et
1260 5458 1414 5503 ortus
1475 5458 1761 5516 expertem
1816 5444 2219 5513 corruptionem
2263 5443 2375 5497 elli-

2474 5254 2743 5326 θαλάττης
2774 5254 2866 5307 καὶ
2896 5254 2963 5305 τὰ
2993 5254 3049 5303 ἐν
3079 5252 3232 5322 ἀέρι,
3264 5252 3362 5321 τὴν
3388 5250 3442 5302 δὲ
3473 5253 3645 5303 ταῦτα
3676 5250 4042 5302 ἀποτελοῦσαν

2471 5350 2684 5416 γένεσιν
2718 5347 3016 5416 τρέχουσαν
3044 5345 3264 5415 διηνεκῆ
3294 5344 3463 5414 φορὰν
3480 5345 3533 5373 ⁷³⁸
3558 5344 3651 5395 καὶ
3678 5344 3939 5412 ἀγένητον
3971 5347 4042 5395 ἐν·

2471 5442 2673 5509 εργεῖν,
2700 5438 2793 5490 καὶ
2817 5436 3144 5506 ἐργάζεσθαι
3170 5436 3240 5489 τὰ
3266 5434 3639 5507 προειρημένα
3661 5434 3843 5487 πάντα
3864 5436 4043 5494 ἁῐδίως

2089 5594 2320 5650 VARle
2364 5592 2767 5649 LECTIONES.

868 5722 911 5751 ⁶²
937 5719 1000 5789 δή
1026 5721 1068 5771 Α
1101 5738 1113 5772 :
1143 5718 1198 5769 δὲ
1223 5737 1282 5782 ς.
1360 5719 1407 5749 ⁶⁸
1438 5717 1497 5770 ὃν
1533 5716 1800 5789 ὃςιιοιωε
1830 5727 1844 5789 _:
1876 5710 1993 5789 libri
2022 5704 2119 5789 ᾧν.

798 5793 957 5859 νητὸς
989 5783 1060 5831 ζ-
1088 5789 1319 5859 γεννητὰ
1349 5806 1410 5853 ς.
1488 5789 1531 5819 ⁸³⁸
1558 5785 1682 5857 τοῦ]
1720 5784 1843 5839 libri
1881 5783 1959 5835 τό.

2195 5710 2238 5739 ⁸⁸
2268 5710 2354 5759 ναὶ
2384 5709 2423 5758 Λ
2454 5726 2466 5761 :
2496 5707 2589 5757 καὶ
2622 5724 2682 5768 ς.

2037 5784 2079 5813 ⁵³
2107 5780 2171 5832 τὰ
2203 5795 2309 5834 0111.
2345 5781 2407 5832 Α.

2759 5705 2803 5735 ⁶⁸
2845 5704 3137 5772 ἀγέννητον
3167 5703 3231 5754 Λ.
3333 5701 3377 5731 ⁸⁵
3405 5704 3460 5752 ἐν
3483 5701 3527 5751 Λ
3554 5718 3570 5757 ;
3601 5703 3668 5755 ἂν
3702 5720 3762 5765 ς.

3842 5703 3884 5733 ⁸⁷
3921 5718 4043 5752 γεν-

2496 5719 2589 5757 και
2622 5724 2682 5768 ς.
2759 5719 2803 5735 "
2845 5720 3137 5772 αγεννητον
3167 5719 3231 5754 Λ.
3335 5719 3377 5731 '"
3405 5719 3460 5752 εν
3483 5719 3527 5751 ιι
3554 5719 3570 5757 ζ
3601 5721 3668 5755 αν
3702 5720 3762 5765 ς.
3842 5719 3879 5733 ’-
3921 5719 3955 5768 γ

2484 5777 2529 5807 ⁷⁰
2581 5775 2699 5830 libri
2732 5774 2995 5840 διοικεῖτ’,
3043 5784 3092 5829 et
3119 5772 3275 5843 paulo
3304 5779 3426 5842 post
3464 5775 3588 5825 an).
3666 5774 3709 5804 "
3738 5773 3940 5843 φθορὶιν

3666 5774 3709 5804 ’⁸
3738 5773 3940 5843 φθορὶιν
3978 5788 4041 5839 ς.
