4208 6448
798 414 903 478 835

1956 398 2218 462 ΡΙΙΟΤΙΙ
2258 392 2762 457 PATRIARCH/E
2795 393 2906 455 (ΣΡ.

3943 396 4044 461 836

798 539 991 580 natura
1020 521 1271 585 validius,
1296 535 1415 590 qum
1448 528 1627 573 ortum
1661 516 1868 571 nullum
1902 516 2081 569 liabet.
2118 512 2389 579 Quomodo

2493 508 2731 578 κράτος;
2780 509 2839 559 El
2870 506 2928 560 δὲ
2958 505 3051 559 καὶ
3082 503 3221 559 αὑτά
3249 507 3580 577 προαγαγεῖν
3621 507 3841 576 ἴσχυσεν
3886 507 4053 561 ἑαυτὰ

800 618 951 677 item,
985 630 1104 681 qua:
1145 612 1296 664 nullo
1351 624 1582 678 prorsus
1636 606 1796 661 modo
1844 614 1991 667 sunt,
2032 605 2148 657 sine
2192 602 2383 670 opilice

801 706 916 758 fieri
949 703 1195 771 possint?
1224 711 1315 753 aut
1341 702 1612 768 quomodo
1644 699 1753 751 Deo
1775 698 1916 750 lianc
1934 696 2038 749 vim
2059 694 2381 754 auferenteS,

801 795 902 848 sibi
959 795 1238 845 vindicare
1322 790 1635 843 facultatem
1690 803 1811 841 cam
1850 798 2092 856 possunt.
2122 793 2179 839 ut
2207 786 2382 852 seipsa

802 886 1121 951 producant.
1162 898 1282 951 qua:
1328 890 1488 933 antea
1529 894 1637 933 non
1661 877 2033 932 exsistebantl
2061 874 2117 930 Si
2149 890 2277 927 vero
2301 888 2384 928 se-

802 975 1027 1039 metipsa
1086 974 1385 1038 producere
1442 977 1732 1037 patuerunt
1776 968 1905 1033 quin
1963 970 2088 1021 item
2122 982 2150 1019 a
2192 966 2381 1033 seipsis

803 1063 1150 1130 dispensandi
1204 1062 1283 1113 sui
1322 1060 1633 1112 facultatem
1682 1068 2035 1126 acceperunt,
2069 1058 2160 1110 sed
2211 1058 2378 1111 aliena

804 1171 936 1207 cura
985 1172 1119 1223 opus
1161 1155 1502 1206 habuerunt?
1536 1156 1700 1208 Multo
1727 1156 1872 1208 enim
1920 1155 2059 1208 factu
2116 1154 2379 1207 difﬁcilius

806 1252 909 1303 est,
944 1243 1179 1308 primum
1215 1244 1415 1308 aliquid
1452 1243 1589 1305 fieri,
1632 1259 1796 1311 quam
1846 1254 2126 1312 postquam
2179 1246 2374 1297 factum

809 1334 981 1384 fuerit
1024 1348 1366 1400 permanere.
1393 1334 1676 1397 Quomodo
1707 1336 1870 1404 igitur
1890 1339 2029 1402 quod
2051 1346 2164 1388 erat
2193 1337 2378 1389 diffici-

807 1426 911 1476 lius
939 1424 990 1494 [π
1022 1440 1138 1477 sese
1189 1426 1545 1497 babneruut,]
1598 1430 1741 1494 quod
1781 1439 1963 1480 autem
2016 1428 2244 1488 facilius,
2280 1444 2379 1479 non

812 1517 1095 1579 baberent,
1157 1516 1257 1566 nisi
1315 1523 1382 1567 ab
1430 1518 1535 1568 alio
1580 1518 1953 1583 act-cpissent?
2007 1518 2071 1570 Et
2116 1519 2382 1587 quomodo

804 1607 1016 1671 genesis
1042 1615 1261 1666 terrain,
1306 1622 1513 1670 acrem,
1561 1620 1613 1660 et
1647 1612 1748 1661 alia
1778 1625 1897 1676 qum
1946 1625 2047 1661 non
2086 1612 2228 1669 fecit,
2262 1612 2376 1661 dis-

803 1704 1013 1760 pensat.
1056 1696 1370 1747 Conditoris
1410 1700 1551 1750 enim
1620 1715 1814 1752 munus
1849 1708 1929 1752 est
1970 1700 2130 1753 etiam
2166 1701 2378 1769 dispen-

804 1784 967 1845 satio,
995 1800 1117 1835 cum
1151 1802 1255 1837 non
1290 1787 1462 1839 solum
1493 1790 1732 1841 omnium
1765 1806 1883 1858 qua:
1917 1790 1984 1843 ab
2012 1792 2126 1858 ipso
2164 1792 2375 1845 condita

804 1884 929 1925 snnt
974 1885 1220 1927 naturam
1257 1878 1419 1939 norit,
1460 1893 1639 1931 verum
1670 1880 1833 1931 etiam
1885 1896 2004 1947 qua:
2040 1882 2377 1949 potissimum

806 1966 1013 2016 ratione
1062 1969 1393 2029 conservari,
1417 1980 1471 2021 et
1504 1970 1641 2022 umle
1691 1973 2097 2040 rnrsus210a
2124 1973 2376 2026 confumli

806 2067 1033 2124 queant,
1062 2066 1225 2124 atque
1251 2062 1547 2127 corrumpi.
1582 2062 1635 2112 Si
1662 2061 1751 2127 qui
1802 2076 1963 2129 porro
1998 2064 2249 2126 audeant,
2271 2065 2379 2117 ele-

808 2156 1115 2197 mentorum
1164 2160 1381 2212 quoque
1409 2150 1738 2202 creationem
1773 2150 1880 2203 fato
1914 2153 2169 2215 tribuere,
2197 2154 2376 2206 dicant

806 2234 963 2284 vclint
1012 2236 1187 2299 nobis,
1217 2236 1499 2303 qualenam
1551 2249 1779 2299 astrum,
1818 2243 1880 2292 ad
1920 2256 2076 2294 snuut
2104 2244 2153 2295 in
2198 2246 2379 2295 zodia-

804 2340 926 2377 cum
975 2327 1235 2379 circulum
1272 2330 1595 2395 ingressum,
1636 2342 1834 2385 terram
1866 2333 2187 2400 perfecerit?
2219 2336 2383 2402 Quale

804 2415 968 2467 etiam
1002 2432 1207 2480 aerem,
1266 2418 1349 2471 vel
1404 2419 1604 2487 ignem,
1672 2422 1756 2475 vel
1806 2426 2037 2490 aquam?
2095 2426 2286 2479 Verum
2332 2427 2381 2478 id

806 2520 1081 2573 nunquam
1105 2509 1363 2571 dixerint,
1417 2513 1625 2565 etiamsi
1664 2516 1897 2567 maxime
1928 2516 2159 2583 amplius
2192 2518 2380 2583 nugari

806 2600 991 2650 velint.
1044 2598 1311 2653 Praeterea
1346 2602 1413 2664 si,
1457 2605 1597 2668 quod
1647 2604 1774 2656 facit
1808 2606 2041 2673 genesis,
2078 2622 2181 2660 non
2221 2608 2385 2663 semel

808 2687 955 2748 facit,
1020 2691 1113 2741 sed
1152 2692 1340 2743 eadem
1396 2695 1592 2758 sa-pins
1661 2704 1781 2762 post
1837 2705 2133 2763 temporum
2185 2698 2385 2763 aliquot

805 2780 1074 2831 curricula
1108 2783 1323 2847 repetit,
1370 2785 1658 2837 ostendant
1697 2786 1854 2838 nobis
1918 2788 2112 2853 saepius
2144 2803 2264 2841 esse
2303 2788 2385 2840 fa-

814 2882 932 2923 ctas
959 2873 1153 2923 multas
1194 2874 1430 2941 integras
1460 2887 1651 2939 terras,
1692 2878 1890 2931 multas
1915 2879 2159 2947 integras
2194 2895 2381 2947 aquas,

808 2964 975 3015 multa
1022 2964 1228 3031 integra
1270 2968 1462 3027 maria,
1496 2970 1637 3021 unde
1676 2971 1841 3022 etiam
1889 2973 2117 3023 mundos
2146 2972 2385 3026 infinitos

805 3054 1167 3107 constituant.
1212 3056 1289 3108 Ae
1335 3060 1787 3124 quemadmodum
1839 3062 1939 3113 lioc
1980 3062 2093 3115 fieri
2136 3078 2240 3115 non
2288 3079 2383 3131 po-

2482 602 2573 655 διά
2599 601 2653 652 τί
2687 599 2761 667 μὴ
2794 598 2885 650 καὶ
2912 597 2973 649 τὸ
3000 596 3316 649 διοικεῖσθαι
3342 595 3554 648 οἴκοθεν
3586 596 3885 666 παρέσχεν,
3918 598 4054 649 ἀλλὰ

2482 695 2581 761 τῆς
2615 693 2802 759 ἐτέρου
2833 689 3161 759 κηδεμονίας
3185 688 3377 756 ἐδεήθη
3402 703 3416 751 ;
3454 688 3529 739 Τὸ
3555 688 3663 757 γὰρ
3684 690 3942 754 γενέσθαι
3964 689 4055 741 τοῦ

2481 782 2755 850 διαμένειν
2787 779 3079 846 γενόμενον
3112 777 3291 847 πολλῷ
3316 776 3755 846 δυσχερέστερον.
3784 780 3911 841 Πῶς
3942 775 4060 844 οὖν,

2481 871 2511 923 ὃ
2559 871 2659 939 μὲν
2708 866 2779 938 ἦν
2824 868 3264 937 δυσχερέστερον,
3297 869 3376 929 είς
3429 868 3629 937 πρᾶξιν
3655 870 3911 937 ἤνεγκεν,
3942 870 3974 922 ὃ
4004 871 4062 922 δὲ

2485 964 2684 1033 ῥᾴδιον,
2714 963 2815 1013 οὑκ
2844 960 2908 1013 ἂν
2938 959 3051 1028 ιχοι
3102 959 3175 1029 μὴ
3210 960 3338 1027 παρ’
3367 960 3553 1027 ἑτέρου
3589 957 3812 1022 λαόώνί
3842 960 3976 1022 Πῶς
4004 960 4061 1011 δὲ

2483 1053 2575 1104 καὶ
2625 1054 2658 1121 ὴ
2704 1050 2915 1117 γένεσις
2960 1053 3063 1119 γῆν
3093 1068 3153 1102 τε
3184 1053 3276 1102 καὶ
3308 1052 3443 1120 ἀέρα
3476 1052 3572 1103 καὶ
3599 1052 3668 1121 τά
3697 1052 3854 1116 ἄλλα.
3896 1053 3936 1105 ἃ
3985 1055 4061 1121 μὴ

2484 1144 2781 1213 πεποίηκε,
2815 1144 3041 1207 διοικεῖ;
3077 1144 3275 1211 Ἔργον
3304 1146 3411 1213 γὰρ
3440 1143 3533 1196 τοῦ
3566 1145 3930 1213 πεποιηκότος
3966 1147 4060 1196 καί

2480 1238 2539 1289 τὸ
2569 1237 2809 1297 διοικεῖν,
2842 1238 2920 1289 ὅτι
2954 1239 3045 1289 καὶ
3081 1239 3239 1305 μόνος
3266 1239 3374 1288 τῶν
3408 1238 3602 1291 ἑαυτοῦ
3633 1241 4057 1308 δημιουργημά-

2479 1348 2585 1380 των
2630 1330 2729 1397 τὴν
2756 1329 2914 1397 φύσιν
2949 1326 3076 1392 οἶδε,
3121 1330 3213 1381 καὶ
3246 1331 3393 1391 ὅπως
3436 1330 3537 1397 μὲν
3584 1334 3857 1398 κρατοῖτο,
3891 1330 4058 1381 πόθεν

2481 1420 2534 1468 δὲ
2567 1420 2848 1486 συγχὲοιτο
2882 1420 2973 1470 καὶ
3005 1418 3385 1486 διαφθείροιτο.
3423 1418 3483 1469 El
3518 1417 3574 1469 δὲ
3602 1419 3937 1487 τολμήσαιεν
3966 1419 4059 1470 καὶ

2482 1510 2587 1558 τῶν
2619 1510 2894 1576 στοιχείων
2921 1510 3019 1579 τὴν
3048 1508 3402 1577 δημιουργίαν
3427 1508 3684 1560 ἀνάπτειν
3699 1508 3741 1538 ⁷⁸
3765 1510 3835 1577 τῇ
3861 1508 4059 1575 εἱμαρ-

2487 1602 2641 1668 μένῃ,
2676 1599 2927 1671 [⁸545ζΗ.]
2963 1602 3269 1668 λεγέτωσαν
3309 1601 3440 1666 ἡμῖν
3469 1601 3614 1659 ποῖος
3648 1600 3744 1666 μὲν
3769 1599 3952 1666 ἀστὴρ
3981 1599 4058 1659 είς

2480 1692 2596 1743 τόδε
2626 1693 2686 1743 τὸ
2716 1691 2902 1755 coam
2934 1691 3191 1744 εἰσελθὼν
3215 1692 3505 1742 ἀπετέλεσε
3542 1691 3639 1759 τὴν
3666 1690 3790 1757 γῆν,
3822 1694 3980 1752 ποῖος
4003 1691 4056 1741 δὲ

2482 1786 2571 1836 τὸν
2604 1788 2743 1851 ἀέρα
2772 1784 2803 1853 ἢ
2834 1784 2893 1836 τὸ
2920 1784 3030 1854 πῦρ
3058 1785 3090 1851 ἢ
3120 1787 3180 1836 τὸ
3206 1784 3367 1851 ὓδωρ.
3387 1782 3525 1834 Ἀλλ’
3554 1783 3653 1834 οὑκ
3676 1782 3742 1834 ἂν
3767 1782 3947 1851 ἔχοιεν
3974 1782 4057 1833 λέ-

2483 1893 2619 1943 γειν,
2651 1878 2698 1928 εἰ
2734 1876 2827 1927 καὶ
2867 1875 3029 1927 πλέον
3052 1876 3235 1943 ληρεῖν
3267 1875 3649 1943 μελετήσωσιν.
3673 1871 3884 1934 Ἀλλως
3911 1889 3974 1924 τε
4005 1872 4057 1924 δὲ

2484 1969 2529 2019 εί
2562 1968 2657 2036 οὑχ
2682 1966 2828 2029 ἅπαξ
2852 1968 2994 2018 ποιεῖ
3023 1965 3051 2018 ὃ
3075 1967 3221 2017 ποιεῖ
3244 1967 3277 2035 ἡ
3304 1965 3535 2031 γένεσις,
3565 1962 3825 2025 πολλάκις
3849 1964 3908 2015 δι
3933 1963 4060 2014 ea"

2482 2059 2621 2110 αὑτά
2649 2058 2791 2109 κατά
2814 2074 2963 2120 τινας
2991 2058 3197 2127 χρόνων
3226 2058 3524 2126 περιόδους.
3542 2056 3905 2109 δεικνύτωσαν
3928 2058 4058 2123 ἡμῖν

2485 2149 2738 2211 πολλάκις
2778 2149 2875 2217 μὲν
2912 2149 3282 2219 γεγενημένας
3317 2149 3515 2212 πολλὰς
3561 2148 3817 2217 ὀλότητας
3857 2148 4053 2213 γαιῶν,

2484 2239 2683 2302 πολλάς
2731 2240 2787 2292 δὲ
2834 2238 3060 2306 ὑδάτων,
3092 2240 3294 2303 πολλὰς
3321 2240 3378 2292 δὲ
3408 2240 3710 2300 θαλασσῶν.
3751 2240 3810 2305 ἐξ
3848 2235 3925 2293 ὧν
3965 2241 4056 2293 καὶ

2484 2331 2722 2399 κόσμους
2768 2332 3027 2399 ἀπείρους
3058 2332 3438 2400 συστήσουσιν.
3460 2330 3618 2383 Ἀλλὰ
3653 2332 3760 2399 μὴν
3790 2331 4056 2384 ἀδύνατον

2482 2422 2640 2474 τοῦτο
2661 2436 2677 2452 ·
2709 2422 2968 2476 ἀδύνατον
3005 2422 3112 2492 ἄρα
3156 2424 3250 2475 καὶ
3278 2422 3336 2475 τὸ
3365 2421 3512 2485 ἅπαξ
3539 2421 3634 2490 τὴν
3666 2423 3880 2488 γένεσιν
3913 2422 3977 2473 ἓν
4004 2439 4054 2474 τι

2482 2514 2592 2565 τῶν
2625 2516 2901 2583 στοιχείων
2928 2516 3282 2584 προαγαγεῖν.
3312 2512 3374 2567 El
3400 2515 3455 2566 δὲ
3485 2516 3547 2566 ὲκ
3585 2516 3781 2580 μανίας
3827 2516 3908 2576 εἰς
3953 2531 4053 2582 μα-

2484 2607 2603 2659 νίαν
2633 2607 3062 2675 μεταπίπτοντες
3094 2606 3199 2658 ὑπὸ
3246 2606 3381 2658 Θεοῦ
3434 2606 3531 2672 μὲν
3580 2605 4053 2674 δημιουργηθῆναι

2486 2699 2643 2763 φαῖεν
2667 2695 2732 2747 τὰ
2761 2698 3022 2763 στοιχεῖα,
3050 2694 3154 2747 ὑπὸ
3179 2694 3234 2747 δὲ
3260 2695 3359 2764 τῆς
3385 2696 3649 2761 γενέσεως
3673 2696 3943 2763 άγενήτου
3966 2694 4055 2746 καὶ

2485 2789 2654 2852 αὐτῆς
2680 2786 2867 2854 ὥσπερ
2887 2787 2945 2837 τὸ
2972 2786 3125 2838 Θεῖον
3148 2785 3311 2853 οὑσης
3340 2784 3675 2845 διοικεῖσθαι,
3701 2785 4054 2854 ὲκδηλότεῳν

2484 2878 2663 2929 αὑτῶν
2710 2878 2808 2946 τὴν
2855 2877 3040 2929 ἄνοιαν
3079 2875 3531 2943 στη).ιτεὺουσι⁷⁷.
3579 2876 3677 2927 Διὰ
3727 2876 3779 2927 τί
3837 2877 3949 2943 γὰρ
3995 2878 4053 2927 τὸ

2484 2970 2636 3019 Θεῖον
2664 2968 2879 3033 ἀτάκτῳ
2908 2969 3115 3033 γενέσει
3137 2968 3197 3019 τὸ
3226 2967 3422 3019 οἰκεῖον
3448 2964 3681 3017 ὑπέϐαλε
3712 2964 4051 3034 δημιούργηο

2489 3076 2563 3127 μα
2590 3076 2605 3125 ;
2638 3053 2765 3125 ’Ἆρ’
2792 3058 2868 3119 ὼς
2898 3056 3060 3118 αὑτὸς
3090 3056 3189 3108 οὑκ
3214 3055 3351 3124 ἔχων
3396 3053 3495 3123 τὴν
3537 3053 3632 3107 τοῦ
3682 3056 3935 3125 προνοεῖν
3966 3073 4051 3107 σο-

809 3154 931 3207 test,
980 3146 1048 3197 ita
1086 3162 1184 3200 nec
1212 3148 1364 3210 illud,
1406 3160 1462 3200 ttt
1507 3151 1585 3202 vcl
1624 3154 1790 3205 semel
1830 3155 2042 3218 genesis
2074 3170 2237 3207 unum
2279 3155 2373 3208 ali-

2484 3150 2641 3217 φίαν;
2676 3149 2785 3201 Kal.
2826 3146 2908 3207 τίς
2955 3146 3020 3197 ἂν
3063 3146 3272 3211 ἐνέγκοι
3313 3144 3374 3196 τὸ
3417 3144 3719 3213 δύσφημον,
3746 3146 3833 3207 τίς
3886 3145 3947 3198 δὲ
3990 3145 4051 3199 τὸ

805 3237 946 3303 quod
1020 3238 1349 3292 elementum
1417 3243 1757 3307 produxerit.
1801 3243 1919 3295 .lam
1970 3245 2011 3298 si
2056 3247 2120 3298 de
2175 3248 2380 3300 insania

808 3327 859 3378 in
895 3327 1158 3379 insaniam
1207 3330 1536 3395 delabeutes,
1578 3347 1605 3383 a
1644 3332 1754 3385 Deo
1781 3334 1995 3399 quidem
2035 3346 2213 3388 creata
2263 3352 2382 3390 esse

804 3419 1039 3469 dixerint
1067 3419 1355 3483 elementa,
1411 3436 1593 3474 verum
1625 3424 1739 3476 brec
1769 3426 1837 3478 ab
1870 3440 1931 3477 ea
1968 3428 2147 3493 genesi
2179 3428 2383 3495 dispen-

806 3507 945 3567 sari,
974 3522 1093 3575 qua:
1138 3524 1290 3577 atque
1357 3524 1419 3563 ac
1490 3513 1627 3566 Deus
1674 3514 1792 3581 ipse
1858 3526 2010 3569 ortus
2050 3532 2241 3585 expers
2288 3519 2379 3581 sit,

808 3596 974 3647 tttnlto
1001 3596 1164 3648 etiam
1199 3598 1539 3653 manifestius
1586 3604 1881 3655 amentiam
1934 3620 2088 3657 suam
2126 3609 2376 3674 produnt.

805 3684 1077 3748 Quorsum
1122 3689 1265 3740 enim
1321 3689 1461 3743 Deus
1487 3693 1736 3745 ordinem
1768 3697 1976 3747 nullum
2008 3699 2241 3750 serranti
2291 3714 2382 3767 ge-

812 3778 925 3829 nesi
989 3790 1228 3832 creatum
1264 3796 1291 3832 a
1330 3796 1389 3834 se
1422 3796 1557 3847 opus
1586 3783 1884 3851 subjiciat?
1938 3785 2015 3838 An
2066 3789 2205 3855 quod
2261 3804 2371 3841 ean

807 3868 921 3933 ipse
964 3870 1283 3935 sapientiam
1315 3886 1419 3923 non
1454 3873 1674 3934 habeat,
1704 3889 1808 3941 qua
1867 3876 1937 3929 illi
1970 3880 2279 3945 provideat?
2311 3884 2379 3933 At

821 3959 943 4024 quis
1000 3960 1139 4013 banc
1196 3962 1382 4013 tulerit
1432 3962 2010 4033 blaSpbetniatn?quis
2060 3971 2380 4023 amentiam?

822 4049 1043 4100 creandi
1076 4049 1291 4114 quidem
1325 4053 1619 4117 potentiam
1658 4054 1859 4106 habere
1886 4054 2072 4117 Deum,
2106 4061 2380 4123 providen-

812 4140 899 4191 tia:
933 4154 1035 4190 non
1088 4140 1291 4193 habere
1341 4152 1573 4207 tantum,
1624 4154 1888 4210 quantum
1938 4146 2240 4199 inordinata
2290 4149 2377 4202 illa

802 4230 1017 4299 genesis
1052 4232 1153 4283 sibi
1186 4233 1463 4296 rapuerit?
1496 4236 1633 4297 Quin
1658 4247 1713 4287 et
1748 4236 2015 4288 infinitum
2042 4250 2236 4304 praeter
2268 4241 2378 4293 haec

801 4322 1158 4375 absurdorum
1196 4336 1426 4373 examen
1478 4326 1852 4390 consequitur.
1876 4324 2071 4377 Verum
2091 4328 2159 4391 si,
2190 4342 2377 4395 quem-

803 4416 1093 4467 admodum
1154 4415 1396 4466 bonitate
1460 4429 1554 4466 sua
1580 4414 1909 4485 [creaturas]
1953 4416 2079 4469 fecit
2109 4419 2265 4479 Deus,
2294 4420 2373 4472 sic

802 4518 854 4559 et
896 4506 1138 4574 providet
1170 4520 1183 4555 :
1221 4516 1682 4571 supervacaneum
1721 4517 1871 4557 certe
1902 4484 1984 4559 ac
2035 4506 2253 4559 stultum
2293 4516 2374 4559 cst
2401 4484 2450 4542 D

800 4598 901 4651 hoc
926 4598 993 4650 de
1018 4597 1130 4649 fato
1160 4597 1276 4649 sive
1296 4594 1479 4662 genesi
1511 4607 1903 4649 connnentnm.
1936 4598 2214 4663 Quomodo
2244 4600 2371 4652 item

800 4693 920 4745 sine
954 4700 1087 4752 ortu
1109 4690 1305 4742 carlqu
1348 4702 1472 4740 esse
1520 4688 1711 4755 possit,
1759 4690 2190 4755 quandoquidem
2226 4706 2374 4743 cont-

798 4782 956 4850 positi
1011 4782 1219 4843 mundi,
1262 4795 1425 4847 quem
1479 4780 1717 4846 undique
1766 4780 1953 4846 cingit,
2007 4794 2130 4846 pars
2162 4782 2276 4834 est?
2320 4792 2375 4835 at

797 4877 939 4940 quod
994 4885 1171 4926 ortum
1220 4874 1423 4925 nnllmn
1465 4872 1648 4934 liabet,
1695 4872 1747 4923 id
1775 4886 1950 4937 neque
1972 4872 2188 4940 cingere
2216 4875 2372 4941 quid-

796 4982 955 5032 quam
981 4978 1157 5034 neque
1184 4964 1415 5016 aliorum
1459 4962 1608 5015 locus
1644 4976 1771 5015 esse
1806 4964 1995 5027 possit,
2029 4964 2119 5016 sed
2143 4978 2263 5016 cum
2304 4964 2371 5017 ab

797 5055 903 5116 bis,
948 5065 1058 5105 tum
1095 5056 1161 5106 ab
1192 5053 1315 5105 aliis
1346 5050 1728 5105 aﬂectiOnibus
1748 5052 2241 5106 munibusliberum
2266 5064 2367 5107 est.

794 5145 933 5207 Quin
958 5144 1040 5196 vel
1065 5158 1129 5196 ex
1166 5143 1277 5209 ipsa
1315 5156 1503 5195 eorum
1536 5157 1699 5210 quam
1725 5142 2039 5211 conﬁngunt
2072 5145 2367 5211 liypotltesi,

2482 3239 2725 3306 ἀνόητον,
2760 3236 3118 3306 δημιουργίας
3152 3238 3250 3300 μὲν
3278 3238 3475 3305 κράτος
3512 3236 3674 3305 ἔχειν,
3707 3238 3967 3305 προνοίας
3992 3237 4048 3289 δὲ

2486 3330 2609 3398 μηδ’
2635 3331 2758 3380 ὅσον
2805 3331 2836 3395 ἡ
2883 3328 3116 3388 ἄτακτος
3149 3328 3363 3395 ἧρπ⁶ασε
3410 3328 3657 3394 γένεσις;
3704 3330 3813 3381 Καὶ
3857 3330 4050 3399 μυρίος

2481 3419 2637 3479 ἄλλος
2666 3420 2831 3487 ἐσμὸς
2866 3419 3233 3486 άτοπημάτων
3258 3420 3467 3471 ἕπεται.
3500 3417 3561 3470 El
3608 3418 3654 3470 δ’
3684 3418 3874 3488 ὥσπερ
3914 3422 4048 3487 ἀγα·

2484 3512 2665 3580 θὸτητι
2695 3513 2949 3579 ἐποίησεν
2980 3514 3009 3563 ό
3040 3512 3193 3575 Θεὸς,
3226 3511 3365 3563 οὑτω
3409 3511 3503 3564 καὶ
3548 3512 3785 3580 προνοεῖ,
3820 3510 4045 3582 περιττὴ

2482 3603 2574 3655 καὶ
2603 3603 2804 3671 ματαία
2838 3604 2871 3670 ἠ
2902 3604 3111 3655 ἐπίνοια
3142 3602 3240 3669 τῆς
3266 3602 3601 3671 εἱμαρμένης
3626 3602 3742 3671 ἦτοι
3771 3602 3870 3669 τῆς
3899 3602 4045 3666 γενέ-

2484 3710 2641 3753 σεως.
2676 3693 2797 3757 Πῶς
2827 3695 2881 3745 δὲ
2917 3695 3177 3762 ἀγένητος
3207 3696 3235 3745 ό
3260 3693 3507 3761 οὐρανὸς,
3536 3691 3627 3743 τοῦ
3663 3692 3919 3743 συνθέτου
3952 3693 4042 3744 κόο

2482 3809 2619 3857 σμου
2654 3789 2815 3858 μέρος
2849 3787 3105 3853 ὑπάρχων
3131 3786 3223 3837 καὶ
3254 3784 3481 3853 περιοχή
3506 3800 3519 3847 ;
3549 3782 3622 3835 To
3648 3782 3756 3850 γὰρ
3780 3783 4044 3849 ἀγένητον

2480 3882 2600 3934 οὔτε
2636 3880 2860 3949 περιοχή
2898 3895 2981 3939 τις
3022 3876 3144 3928 οὔτε
3176 3877 3336 3936 τόπος
3367 3876 3567 3944 ἑτέρων
3613 3876 3681 3928 ἂν
3728 3876 3840 3945 εἴη,
3872 3876 4042 3928 καθα·

2484 3974 2628 4042 ρεύει
2656 3971 2710 4023 δὲ
2738 3970 2845 4023 τῶν
2875 3968 3135 4020 τοιούτων
3162 3984 3219 4018 τε
3249 3971 3341 4019 καὶ
3374 3967 3561 4018 παθῶν
3593 3967 3868 4021 ἁπάντων.
3887 3967 4043 4020 Ἀλλά

2480 4063 2575 4115 καὶ
2625 4062 2684 4125 ἐξ
2741 4061 2909 4127 αὑτῆς
2962 4059 3140 4111 αὐτῶν
3172 4058 3271 4127 τῆς
3302 4058 3673 4127 πλαττομένης
3732 4059 4043 4123 ὑποθέσεως

2478 4154 2637 4221 δῆλον
2667 4153 2742 4214 ὡς
2775 4150 2895 4204 οὕτε
2946 4152 2974 4203 ό
3021 4149 3249 4217 οὐρανὸς
3276 4147 3400 4200 οὔτε
3430 4150 3479 4200 οἱ
3510 4150 3737 4219 ἀστέρες
3764 4149 4041 4219 ἀγένητοι.

2479 4248 2585 4298 Ka‘t
2616 4246 2723 4314 γὰρ
2756 4245 2881 4306 τοὺς
2910 4243 3005 4312 μὲν
3034 4242 3212 4294 αὐτῶν
3240 4240 3600 4307 άγαθοποιοὺς
3642 4241 3767 4303 τοὺς
3791 4242 3849 4293 δὲ
3878 4259 4040 4294 κακο-

2478 4336 2664 4393 ποιοὺς
2713 4335 2947 4397 λέγουσι,
2986 4331 3109 4401 [668
3138 4330 3227 4400 ιι]
3275 4331 3369 4383 καὶ
3413 4330 3593 4393 οἴκους
3624 4331 3817 4393 ἄλλους
3868 4331 4042 4393 ἄλλοις

2477 4425 2846 4495 ἀφορίζουσιν,
2879 4425 2937 4475 ὲν
2960 4417 3041 4484 οἷς
3068 4423 3342 4489 γινόμενοι
3385 4421 3533 4474 ἄλλοι
3566 4422 3664 4490 μὲν
3690 4419 4040 4483 κακὺνονται,

2476 4517 2508 4585 ἢ
2544 4515 2701 4567 πλέον
2726 4514 2757 4582 ἢ
2787 4516 2879 4565 καὶ
2908 4514 2965 4577 ἐξ
2995 4513 3330 4581 άγαθότητος
3348 4511 3648 4581 τραπέντες
3669 4511 3751 4573 εἰς
3776 4510 4038 4574 κάκωσιν,

2473 4608 2523 4657 οἱ
2549 4606 2605 4658 δὲ
2636 4604 2943 4657 τούναντίον
2974 4603 3006 4671 ἦ
3043 4606 3180 4671 πρὸς
3206 4602 3520 4669 άγαθότητα
3548 4600 3705 4652 κακοὶ
3736 4599 3892 4661 ὄντες
3916 4616 4041 4670 μετα

2475 4694 2797 4763 εὸλήθησαν,
2826 4691 2858 4761 ἢ
2893 4692 3052 4744 πλέον
3079 4693 3179 4759 τῆς
3208 4689 3478 4759 προτέρας
3503 4686 3890 4757 ήγαθὺνθησαν
3911 4690 4041 4757 άγα-

2476 4786 2715 4855 οὸτητος.
2750 4782 2861 4837 Καὶ
2893 4782 3006 4843 πῶς
3037 4782 3104 4833 ἂν
3129 4782 3186 4832 ἐν
3214 4780 3421 4841 τούτοις
3448 4778 3610 4847 νοηθῇ
3653 4778 3687 4847 ἢ
3731 4778 3795 4831 τὸ
3832 4778 4042 4839 ἀπαθὲς

2474 4878 2507 4947 ἢ
2540 4876 2599 4928 τὸ
2630 4874 2833 4927 ἁπλοῦν
2855 4874 2887 4942 ἢ
2912 4873 2973 4925 τὸ
2994 4872 3282 4924 ἀσύνθετον
3312 4870 3347 4939 ἦ
3374 4870 3433 4920 τὸ
3460 4869 3723 4938 ἀγένητον
3751 4870 3846 4921 καὶ
3874 4870 4041 4939 μυρία

2475 4964 2643 5027 (illa;
2693 4963 2779 5013 Ἐν
2810 4956 2889 5023 οἷς
2919 4962 3011 5013 καὶ
3053 4961 3081 5011 ό
3123 4960 3369 5028 δεύτερος
3398 4957 3549 5027 αὑτῷ
3583 4959 4038 5027 συναπαρτίζεται

2475 5055 2630 5120 λόγος
2661 5052 2754 5104 καὶ
2795 5051 2864 5102 τά
2892 5051 3021 5102 δέκα
3062 5050 3345 5117 κεφάλαια,
3374 5048 3770 5118 τελευτήσαντα
3813 5051 3915 5117 μὲν
3960 5052 4037 5111 εἰς

2483 5148 2543 5197 τὸ
2571 5151 2641 5209 κ’,
2675 5144 2845 5213 ἀρχὴν
2874 5143 2931 5195 δὲ
2957 5143 3016 5195 τὸ
3047 5140 3074 5193 ι’
3103 5142 3464 5210 ποιησάμενα.

796 5237 924 5289 satis
963 5244 1213 5303 apparet,
1242 5233 1465 5285 omnino
1494 5249 1672 5301 neque
1728 5234 1951 5298 cmlnm,
1999 5250 2170 5302 neque
2204 5235 2382 5291 stellas
2411 5248 2528 5290 ortu
2562 5250 2769 5289 carere.
2812 5236 3017 5287 Etenim
3077 5236 3335 5302 quasdam
3374 5248 3559 5287 earum
3612 5247 3732 5287 esse
3768 5233 4039 5287 benefica:

800 5324 997 5386 rolttnt,
1022 5328 1283 5393 quasdam
1307 5338 1498 5377 rursus
1526 5323 1810 5377 tnalelicas
1837 5324 2058 5389 faciunt,
2084 5329 2375 5395 domosque
2405 5329 2521 5381 aliis
2550 5328 2683 5380 alias
2702 5326 3026 5389 attribuunt,
3060 5326 3111 5378 in
3141 5326 3332 5394 quibus
3382 5324 3507 5378 dum
3571 5332 3875 5386 versentur,
3921 5325 4036 5375 alia:

796 5417 873 5470 vel
909 5419 1257 5483 maligniores
1293 5421 1443 5480 liant,
1466 5419 1549 5471 vel
1580 5428 1732 5470 certe
1756 5435 1822 5471 ex
1860 5420 2103 5489 benignis
2136 5422 2381 5490 malignae
2414 5425 2666 5485 evadant,
2716 5423 2832 5475 alia:
2906 5430 3091 5475 contra
3136 5421 3216 5473 vel
3266 5421 3331 5474 ad
3382 5420 3787 5475 bent-licentiam
3861 5420 4035 5488 (make

788 5524 909 5561 cum
942 5510 1071 5579 sint)
1108 5509 1449 5574 delabantur,
1486 5509 1569 5563 vel
1626 5510 1978 5577 benigniores
2009 5529 2168 5578 quam
2206 5523 2364 5565 antea
2410 5515 2722 5567 redduntur.
2755 5512 3033 5579 Quomodo
3063 5525 3195 5578 ergo
3220 5511 3282 5565 (lc
3317 5510 3399 5566 his
3458 5510 3539 5567 vel
3602 5518 3781 5566 mente
3826 5508 4035 5577 concipi

2090 5674 2319 5729 νΑιιιΛε
2351 5673 2750 5729 LECTIONES.

894 5780 938 5810 "
978 5782 1170 5832 ἅπτειν
1198 5786 1260 5833 Λ.
1340 5784 1381 5814 ⁷⁵
1406 5785 1471 5837 τὰ
1499 5793 1547 5836 ιιι
1580 5786 1721 5842 infra
1764 5787 1954 5850 ἄλλους
1984 5790 2104 5844 add.
2133 5792 2195 5841 Δ.

2306 5791 2347 5819 ⁷⁷
2390 5789 2785 5858 στηλιτεὺσουσι
2809 5806 2865 5853 ς.
