  <div class='ocr_page' id='page_1' title='image "/cluster/home/n/w/nwhite01/storage/ocr_20150623/103/nnc1.0046979689/426.png"; bbox 0 0 4208 6448; ppageno 0'>
   <div class='ocr_carea' id='block_1_1' title="bbox 194 411 297 475">
    <p class='ocr_par' dir='ltr' id='par_1_1' title="bbox 194 411 297 475">
     <span class='ocr_line' id='line_1_1' title="bbox 194 411 297 475; baseline 0 0"><span class='ocrx_word' id='word_1_1' title='bbox 194 411 297 475; x_wconf 81' lang='grc'><strong>837</strong></span> 
     </span>
    </p>
   </div>
   <div class='ocr_carea' id='block_1_2' title="bbox 1215 385 2389 459">
    <p class='ocr_par' dir='ltr' id='par_1_2' title="bbox 1215 385 2389 459">
     <span class='ocr_line' id='line_1_2' title="bbox 1215 385 2389 459; baseline -0.01 1"><span class='ocrx_word' id='word_1_2' title='bbox 1215 398 1291 459; x_wconf 86' lang='lat' dir='ltr'><strong>BI</strong></span> <span class='ocrx_word' id='word_1_3' title='bbox 1300 392 1717 459; x_wconf 82' lang='lat' dir='ltr'><strong>BLIOTIIECA</strong></span> <span class='ocrx_word' id='word_1_4' title='bbox 1730 437 1743 451; x_wconf 97' lang='lat'><strong>.</strong></span> <span class='ocrx_word' id='word_1_5' title='bbox 1784 411 1852 429; x_wconf 70' lang='grc' dir='ltr'><strong>ο-</strong></span> <span class='ocrx_word' id='word_1_6' title='bbox 1882 387 2047 450; x_wconf 91' lang='lat' dir='ltr'><strong>COD.</strong></span> <span class='ocrx_word' id='word_1_7' title='bbox 2070 385 2389 448; x_wconf 76' lang='lat' dir='ltr'><strong>CCXXIII.</strong></span> 
     </span>
    </p>
   </div>
   <div class='ocr_carea' id='block_1_3' title="bbox 3338 386 3446 455">
    <p class='ocr_par' dir='ltr' id='par_1_3' title="bbox 3338 386 3446 455">
     <span class='ocr_line' id='line_1_3' title="bbox 3338 386 3446 455; baseline 0 0"><span class='ocrx_word' id='word_1_8' title='bbox 3338 386 3446 455; x_wconf 82' lang='lat'><strong>838</strong></span> 
     </span>
    </p>
   </div>
   <div class='ocr_carea' id='block_1_4' title="bbox 194 498 3455 594">
    <p class='ocr_par' dir='ltr' id='par_1_4' title="bbox 194 498 3455 594">
     <span class='ocr_line' id='line_1_4' title="bbox 194 498 3455 594; baseline -0.002 -33"><span class='ocrx_word' id='word_1_9' title='bbox 194 525 388 594; x_wconf 53' lang='lat' dir='ltr'><strong>possit,</strong></span> <span class='ocrx_word' id='word_1_10' title='bbox 433 517 850 589; x_wconf 57' lang='lat' dir='ltr'><strong>perturbationis</strong></span> <span class='ocrx_word' id='word_1_11' title='bbox 883 530 944 570; x_wconf 70' lang='lat' dir='ltr'><strong>ca</strong></span> <span class='ocrx_word' id='word_1_12' title='bbox 975 528 1097 570; x_wconf 62' lang='lat' dir='ltr'><strong>esse</strong></span> <span class='ocrx_word' id='word_1_13' title='bbox 1125 509 1396 582; x_wconf 75' lang='lat' dir='ltr'><strong>expertia,</strong></span> <span class='ocrx_word' id='word_1_14' title='bbox 1426 515 1519 561; x_wconf 89' lang='lat' dir='ltr'><strong>aut</strong></span> <span class='ocrx_word' id='word_1_15' title='bbox 1548 500 1834 572; x_wconf 79' lang='lat' dir='ltr'><strong>simplicia,</strong></span> <span class='ocrx_word' id='word_1_16' title='bbox 1872 509 1966 552; x_wconf 87' lang='lat' dir='ltr'><strong>aut</strong></span> <span class='ocrx_word' id='word_1_17' title='bbox 2029 498 2406 594; x_wconf 76' lang='lat' dir='ltr'><strong>incomposita,</strong></span> <span class='ocrx_word' id='word_1_18' title='bbox 2464 508 2559 594; x_wconf 82' lang='lat' dir='ltr'><strong>aut</strong></span> <span class='ocrx_word' id='word_1_19' title='bbox 2643 498 2760 594; x_wconf 74' lang='lat' dir='ltr'><strong>sine</strong></span> <span class='ocrx_word' id='word_1_20' title='bbox 2815 505 2964 561; x_wconf 90' lang='lat' dir='ltr'><strong>ortu,</strong></span> <span class='ocrx_word' id='word_1_21' title='bbox 3032 498 3245 594; x_wconf 83' lang='lat' dir='ltr'><strong>aliaque</strong></span> <span class='ocrx_word' id='word_1_22' title='bbox 3288 512 3455 569; x_wconf 83' lang='lat' dir='ltr'><strong>prope</strong></span> 
     </span>
    </p>
   </div>
   <div class='ocr_carea' id='block_1_5' title="bbox 195 591 3455 670">
    <p class='ocr_par' dir='ltr' id='par_1_5' title="bbox 195 591 3455 670">
     <span class='ocr_line' id='line_1_5' title="bbox 195 591 3455 670; baseline -0.005 -3"><span class='ocrx_word' id='word_1_23' title='bbox 195 591 440 670; x_wconf 81' lang='lat' dir='ltr'><strong>intinita?</strong></span> <span class='ocrx_word' id='word_1_24' title='bbox 497 610 595 664; x_wconf 88' lang='lat' dir='ltr'><strong>Ubi</strong></span> <span class='ocrx_word' id='word_1_25' title='bbox 649 610 867 663; x_wconf 88' lang='lat' dir='ltr'><strong>demum</strong></span> <span class='ocrx_word' id='word_1_26' title='bbox 926 605 1194 661; x_wconf 86' lang='lat' dir='ltr'><strong>secundus</strong></span> <span class='ocrx_word' id='word_1_27' title='bbox 1244 603 1383 657; x_wconf 89' lang='lat' dir='ltr'><strong>liber</strong></span> <span class='ocrx_word' id='word_1_28' title='bbox 1447 597 1767 657; x_wconf 74' lang='lat' dir='ltr'><strong>absolvitur,</strong></span> <span class='ocrx_word' id='word_1_29' title='bbox 1803 604 2016 659; x_wconf 88' lang='lat' dir='ltr'><strong>unaque</strong></span> <span class='ocrx_word' id='word_1_30' title='bbox 2061 591 2249 645; x_wconf 88' lang='lat' dir='ltr'><strong>decem</strong></span> <span class='ocrx_word' id='word_1_31' title='bbox 2290 591 2380 646; x_wconf 88' lang='lat' dir='ltr'><strong>illa</strong></span> <span class='ocrx_word' id='word_1_32' title='bbox 2415 591 2592 662; x_wconf 80' lang='lat' dir='ltr'><strong>capita</strong></span> <span class='ocrx_word' id='word_1_33' title='bbox 2630 591 2779 661; x_wconf 77' lang='lat' dir='ltr'><strong>(tit),</strong></span> <span class='ocrx_word' id='word_1_34' title='bbox 2821 606 2941 661; x_wconf 64' lang='lat' dir='ltr'><strong>quae</strong></span> <span class='ocrx_word' id='word_1_35' title='bbox 2994 605 3025 647; x_wconf 87' lang='lat' dir='ltr'><strong>a</strong></span> <span class='ocrx_word' id='word_1_36' title='bbox 3087 592 3298 649; x_wconf 89' lang='lat' dir='ltr'><strong>decimo</strong></span> <span class='ocrx_word' id='word_1_37' title='bbox 3346 595 3455 651; x_wconf 83' lang='lat' dir='ltr'><strong>ini-</strong></span> 
     </span>
    </p>
   </div>
   <div class='ocr_carea' id='block_1_6' title="bbox 196 696 1454 767">
    <p class='ocr_par' dir='ltr' id='par_1_6' title="bbox 196 696 1454 767">
     <span class='ocr_line' id='line_1_6' title="bbox 196 696 1454 767; baseline -0.006 -12"><span class='ocrx_word' id='word_1_38' title='bbox 196 709 267 759; x_wconf 88' lang='lat' dir='ltr'><strong>tio</strong></span> <span class='ocrx_word' id='word_1_39' title='bbox 294 706 460 758; x_wconf 87' lang='lat' dir='ltr'><strong>ducto</strong></span> <span class='ocrx_word' id='word_1_40' title='bbox 496 704 545 755; x_wconf 92' lang='lat' dir='ltr'><strong>iu</strong></span> <span class='ocrx_word' id='word_1_41' title='bbox 573 701 893 754; x_wconf 84' lang='lat' dir='ltr'><strong>vicesimum</strong></span> <span class='ocrx_word' id='word_1_42' title='bbox 920 712 1089 767; x_wconf 90' lang='lat' dir='ltr'><strong>usque</strong></span> <span class='ocrx_word' id='word_1_43' title='bbox 1118 696 1454 765; x_wconf 66' lang='lat' dir='ltr'><strong>perungunt.</strong></span> 
     </span>
    </p>
   </div>
   <div class='ocr_carea' id='block_1_7' title="bbox 258 770 1920 863">
    <p class='ocr_par' dir='ltr' id='par_1_7' title="bbox 258 780 1851 863">
     <span class='ocr_line' id='line_1_7' title="bbox 258 780 1851 863; baseline -0.009 -14"><span class='ocrx_word' id='word_1_44' title='bbox 258 798 354 849; x_wconf 80' lang='grc' dir='ltr'>Ἑν</span> <span class='ocrx_word' id='word_1_45' title='bbox 388 796 444 847; x_wconf 77' lang='grc' dir='ltr'>δὲ</span> <span class='ocrx_word' id='word_1_46' title='bbox 475 787 551 863; x_wconf 81' lang='grc' dir='ltr'>τῷ</span> <span class='ocrx_word' id='word_1_47' title='bbox 584 794 753 863; x_wconf 83' lang='grc' dir='ltr'>τρίτῳ</span> <span class='ocrx_word' id='word_1_48' title='bbox 783 791 1039 861; x_wconf 79' lang='grc' dir='ltr'>πειρᾶται</span> <span class='ocrx_word' id='word_1_49' title='bbox 1088 788 1187 857; x_wconf 78' lang='grc' dir='ltr'>μὲν</span> <span class='ocrx_word' id='word_1_50' title='bbox 1216 786 1307 839; x_wconf 88' lang='grc' dir='ltr'><strong>διά</strong></span> <span class='ocrx_word' id='word_1_51' title='bbox 1347 802 1407 836; x_wconf 87' lang='grc' dir='ltr'><strong>τε</strong></span> <span class='ocrx_word' id='word_1_52' title='bbox 1449 782 1545 835; x_wconf 89' lang='grc' dir='ltr'><strong>τοῦ</strong></span> <span class='ocrx_word' id='word_1_53' title='bbox 1570 788 1655 834; x_wconf 72' lang='grc' dir='ltr'>καθ</span> <span class='ocrx_word' id='word_1_54' title='bbox 1686 797 1777 833; x_wconf 83' lang='grc' dir='ltr'>κε·</span> <span class='ocrx_word' id='word_1_55' title='bbox 1807 780 1851 834; x_wconf 82' lang='grc' dir='ltr'><strong>Α</strong></span> 
     </span>
    </p>
   </div>
   <div class='ocr_carea' id='block_1_8' title="bbox 1791 770 3453 863">
    <p class='ocr_par' dir='ltr' id='par_1_8' title="bbox 1807 770 3453 840">
     <span class='ocr_line' id='line_1_8' title="bbox 1807 770 3453 840; baseline 0.001 -12"><span class='ocrx_word' id='word_1_56' title='bbox 1807 780 1851 834; x_wconf 81' lang='grc' dir='ltr'><strong>Α</strong></span> <span class='ocrx_word' id='word_1_57' title='bbox 1949 772 2134 828; x_wconf 81' lang='lat' dir='ltr'><strong>Tertio</strong></span> <span class='ocrx_word' id='word_1_58' title='bbox 2196 772 2394 827; x_wconf 88' lang='lat' dir='ltr'><strong>deinde</strong></span> <span class='ocrx_word' id='word_1_59' title='bbox 2448 772 2587 826; x_wconf 87' lang='lat' dir='ltr'><strong>libro</strong></span> <span class='ocrx_word' id='word_1_60' title='bbox 2644 782 2875 825; x_wconf 91' lang='lat' dir='ltr'><strong>conatur</strong></span> <span class='ocrx_word' id='word_1_61' title='bbox 2917 770 3133 840; x_wconf 81' lang='lat' dir='ltr'><strong>quidem</strong></span> <span class='ocrx_word' id='word_1_62' title='bbox 3193 772 3453 829; x_wconf 80' lang='lat' dir='ltr'><strong>vicesimo</strong></span> 
     </span>
    </p>
   </div>
   <div class='ocr_carea' id='block_1_9' title="bbox 192 873 1772 956">
    <p class='ocr_par' dir='ltr' id='par_1_9' title="bbox 192 873 1772 956">
     <span class='ocr_line' id='line_1_9' title="bbox 192 873 1772 956; baseline -0.009 -14"><span class='ocrx_word' id='word_1_63' title='bbox 192 888 422 956; x_wconf 66' lang='grc' dir='ltr'>φαλαίαν</span> <span class='ocrx_word' id='word_1_64' title='bbox 453 888 546 939; x_wconf 74' lang='grc' dir='ltr'>καὶ</span> <span class='ocrx_word' id='word_1_65' title='bbox 575 886 667 938; x_wconf 89' lang='grc' dir='ltr'><strong>τοῦ</strong></span> <span class='ocrx_word' id='word_1_66' title='bbox 701 883 805 954; x_wconf 88' lang='grc' dir='ltr'>κβ’,</span> <span class='ocrx_word' id='word_1_67' title='bbox 835 884 923 935; x_wconf 74' lang='grc' dir='ltr'>καὶ</span> <span class='ocrx_word' id='word_1_68' title='bbox 952 881 1057 949; x_wconf 73' lang='grc' dir='ltr'>μὴν</span> <span class='ocrx_word' id='word_1_69' title='bbox 1084 881 1179 934; x_wconf 77' lang='grc' dir='ltr'>καὶ</span> <span class='ocrx_word' id='word_1_70' title='bbox 1208 878 1302 931; x_wconf 88' lang='grc' dir='ltr'><strong>τοῦ</strong></span> <span class='ocrx_word' id='word_1_71' title='bbox 1325 878 1373 945; x_wconf 90' lang='grc' dir='ltr'>γ’</span> <span class='ocrx_word' id='word_1_72' title='bbox 1394 878 1489 930; x_wconf 71' lang='grc' dir='ltr'>καὶ</span> <span class='ocrx_word' id='word_1_73' title='bbox 1517 882 1565 928; x_wconf 85' lang='grc' dir='ltr'>κ’</span> <span class='ocrx_word' id='word_1_74' title='bbox 1592 874 1687 929; x_wconf 75' lang='grc' dir='ltr'>καὶ</span> <span class='ocrx_word' id='word_1_75' title='bbox 1709 873 1772 938; x_wconf 87' lang='grc' dir='ltr'>δ’,</span> 
     </span>
    </p>
   </div>
   <div class='ocr_carea' id='block_1_10' title="bbox 194 968 1773 1047">
    <p class='ocr_par' dir='ltr' id='par_1_10' title="bbox 194 968 1773 1047">
     <span class='ocr_line' id='line_1_10' title="bbox 194 968 1773 1047; baseline -0.01 -14"><span class='ocrx_word' id='word_1_76' title='bbox 194 980 442 1047; x_wconf 77' lang='grc' dir='ltr'><strong>ἐλέγχειν</strong></span> <span class='ocrx_word' id='word_1_77' title='bbox 473 978 597 1039; x_wconf 81' lang='grc' dir='ltr'>τοὺς</span> <span class='ocrx_word' id='word_1_78' title='bbox 625 977 715 1029; x_wconf 76' lang='grc' dir='ltr'>τὸν</span> <span class='ocrx_word' id='word_1_79' title='bbox 746 974 971 1043; x_wconf 75' lang='grc' dir='ltr'>οὐρανὸν</span> <span class='ocrx_word' id='word_1_80' title='bbox 1021 970 1308 1042; x_wconf 77' lang='grc' dir='ltr'><strong>σφαιρικὸν</strong></span> <span class='ocrx_word' id='word_1_81' title='bbox 1333 968 1773 1039; x_wconf 78' lang='grc' dir='ltr'>ὑποτιθεμένους,</span> 
     </span>
    </p>
   </div>
   <div class='ocr_carea' id='block_1_11' title="bbox 192 1057 1775 1138">
    <p class='ocr_par' dir='ltr' id='par_1_11' title="bbox 192 1057 1775 1138">
     <span class='ocr_line' id='line_1_11' title="bbox 192 1057 1775 1138; baseline -0.009 -14"><span class='ocrx_word' id='word_1_82' title='bbox 192 1072 252 1123; x_wconf 71' lang='grc' dir='ltr'><strong>οὐ</strong></span> <span class='ocrx_word' id='word_1_83' title='bbox 287 1072 476 1138; x_wconf 78' lang='grc' dir='ltr'>μέντοι</span> <span class='ocrx_word' id='word_1_84' title='bbox 507 1083 571 1135; x_wconf 89' lang='grc' dir='ltr'><strong>γε</strong></span> <span class='ocrx_word' id='word_1_85' title='bbox 605 1067 691 1119; x_wconf 80' lang='grc' dir='ltr'>διὰ</span> <span class='ocrx_word' id='word_1_86' title='bbox 719 1066 827 1119; x_wconf 76' lang='grc' dir='ltr'><strong>τῶν</strong></span> <span class='ocrx_word' id='word_1_87' title='bbox 860 1067 1013 1134; x_wconf 74' lang='grc' dir='ltr'>ἰσχὺν</span> <span class='ocrx_word' id='word_1_88' title='bbox 1044 1064 1276 1133; x_wconf 67' lang='grc' dir='ltr'>ἑχόντων</span> <span class='ocrx_word' id='word_1_89' title='bbox 1308 1062 1359 1115; x_wconf 77' lang='grc' dir='ltr'>οἱ</span> <span class='ocrx_word' id='word_1_90' title='bbox 1387 1062 1598 1131; x_wconf 77' lang='grc' dir='ltr'>ἔλεγχοι</span> <span class='ocrx_word' id='word_1_91' title='bbox 1639 1057 1775 1128; x_wconf 85' lang='grc' dir='ltr'>πρό-</span> 
     </span>
    </p>
   </div>
   <div class='ocr_carea' id='block_1_12' title="bbox 194 1150 1778 1226">
    <p class='ocr_par' dir='ltr' id='par_1_12' title="bbox 194 1150 1778 1226">
     <span class='ocr_line' id='line_1_12' title="bbox 194 1150 1778 1226; baseline -0.008 -12"><span class='ocrx_word' id='word_1_92' title='bbox 194 1180 322 1214; x_wconf 85' lang='grc' dir='ltr'>εισι.</span> <span class='ocrx_word' id='word_1_93' title='bbox 361 1162 436 1212; x_wconf 82' lang='grc' dir='ltr'>Τὸ</span> <span class='ocrx_word' id='word_1_94' title='bbox 461 1158 749 1225; x_wconf 73' lang='grc' dir='ltr'>σφαιρικὸν</span> <span class='ocrx_word' id='word_1_95' title='bbox 781 1159 837 1211; x_wconf 77' lang='grc' dir='ltr'>δὲ</span> <span class='ocrx_word' id='word_1_96' title='bbox 875 1159 935 1211; x_wconf 84' lang='grc' dir='ltr'><strong>οὐ</strong></span> <span class='ocrx_word' id='word_1_97' title='bbox 974 1156 1223 1226; x_wconf 85' lang='grc' dir='ltr'>βούλεται</span> <span class='ocrx_word' id='word_1_98' title='bbox 1250 1154 1551 1222; x_wconf 85' lang='grc' dir='ltr'>συγχωρεῖν</span> <span class='ocrx_word' id='word_1_99' title='bbox 1577 1150 1656 1221; x_wconf 85' lang='grc' dir='ltr'>τῷ</span> <span class='ocrx_word' id='word_1_100' title='bbox 1688 1151 1778 1203; x_wconf 64' lang='grc' dir='ltr'>οὐ-</span> 
     </span>
    </p>
   </div>
   <div class='ocr_carea' id='block_1_13' title="bbox 200 1244 1776 1323">
    <p class='ocr_par' dir='ltr' id='par_1_13' title="bbox 200 1244 1776 1323">
     <span class='ocr_line' id='line_1_13' title="bbox 200 1244 1776 1323; baseline -0.005 -19"><span class='ocrx_word' id='word_1_101' title='bbox 200 1254 372 1323; x_wconf 80' lang='grc' dir='ltr'>ρανῷ,</span> <span class='ocrx_word' id='word_1_102' title='bbox 404 1252 540 1305; x_wconf 83' lang='grc' dir='ltr'>διότι</span> <span class='ocrx_word' id='word_1_103' title='bbox 572 1251 783 1321; x_wconf 77' lang='grc' dir='ltr'><strong>νομίζει</strong></span> <span class='ocrx_word' id='word_1_104' title='bbox 810 1251 910 1320; x_wconf 84' lang='grc' dir='ltr'>τὴν</span> <span class='ocrx_word' id='word_1_105' title='bbox 932 1245 1275 1319; x_wconf 75' lang='grc' dir='ltr'><strong>εἱμαρμένην</strong></span> <span class='ocrx_word' id='word_1_106' title='bbox 1307 1248 1372 1299; x_wconf 85' lang='grc' dir='ltr'>ὲκ</span> <span class='ocrx_word' id='word_1_107' title='bbox 1398 1245 1499 1315; x_wconf 81' lang='grc' dir='ltr'>τῆς</span> <span class='ocrx_word' id='word_1_108' title='bbox 1520 1244 1776 1313; x_wconf 75' lang='grc' dir='ltr'><strong>τοιαύτης</strong></span> 
     </span>
    </p>
   </div>
   <div class='ocr_carea' id='block_1_14' title="bbox 195 1335 1777 1411">
    <p class='ocr_par' dir='ltr' id='par_1_14' title="bbox 195 1335 1777 1411">
     <span class='ocr_line' id='line_1_14' title="bbox 195 1335 1777 1411; baseline -0.006 -14"><span class='ocrx_word' id='word_1_109' title='bbox 195 1342 518 1411; x_wconf 78' lang='grc' dir='ltr'><strong>εἰσάγεσθαι</strong></span> <span class='ocrx_word' id='word_1_110' title='bbox 552 1342 773 1403; x_wconf 80' lang='grc' dir='ltr'><strong>θέσεως.</strong></span> <span class='ocrx_word' id='word_1_111' title='bbox 804 1341 996 1395; x_wconf 80' lang='grc' dir='ltr'>Καίτοι</span> <span class='ocrx_word' id='word_1_112' title='bbox 1040 1339 1267 1410; x_wconf 78' lang='grc' dir='ltr'>οὐδεμία</span> <span class='ocrx_word' id='word_1_113' title='bbox 1309 1338 1466 1391; x_wconf 89' lang='grc' dir='ltr'>τοῦτο</span> <span class='ocrx_word' id='word_1_114' title='bbox 1509 1335 1777 1401; x_wconf 80' lang='grc' dir='ltr'>ἀπόδειξις</span> 
     </span>
    </p>
   </div>
   <div class='ocr_carea' id='block_1_15' title="bbox 194 1429 1779 1502">
    <p class='ocr_par' dir='ltr' id='par_1_15' title="bbox 194 1429 1779 1502">
     <span class='ocr_line' id='line_1_15' title="bbox 194 1429 1779 1502; baseline -0.004 -15"><span class='ocrx_word' id='word_1_115' title='bbox 194 1436 546 1498; x_wconf 67' lang='grc' dir='ltr'>ἐκϐιάζεται·</span> <span class='ocrx_word' id='word_1_116' title='bbox 576 1433 637 1486; x_wconf 89' lang='grc' dir='ltr'><strong>οὐ</strong></span> <span class='ocrx_word' id='word_1_117' title='bbox 669 1433 797 1502; x_wconf 79' lang='grc' dir='ltr'>γὰρ,</span> <span class='ocrx_word' id='word_1_118' title='bbox 828 1433 880 1484; x_wconf 81' lang='grc' dir='ltr'><strong>εί</strong></span> <span class='ocrx_word' id='word_1_119' title='bbox 908 1449 971 1498; x_wconf 92' lang='grc' dir='ltr'><strong>γε</strong></span> <span class='ocrx_word' id='word_1_120' title='bbox 1023 1430 1309 1501; x_wconf 76' lang='grc' dir='ltr'>σφαιρικδς</span> <span class='ocrx_word' id='word_1_121' title='bbox 1344 1430 1373 1481; x_wconf 84' lang='grc' dir='ltr'><strong>ό</strong></span> <span class='ocrx_word' id='word_1_122' title='bbox 1403 1429 1650 1499; x_wconf 79' lang='grc' dir='ltr'>οὐρανὸς,</span> <span class='ocrx_word' id='word_1_123' title='bbox 1686 1429 1779 1481; x_wconf 82' lang='grc' dir='ltr'>καὶ</span> 
     </span>
    </p>
   </div>
   <div class='ocr_carea' id='block_1_16' title="bbox 192 1518 1497 1595">
    <p class='ocr_par' dir='ltr' id='par_1_16' title="bbox 192 1518 1497 1595">
     <span class='ocr_line' id='line_1_16' title="bbox 192 1518 1497 1595; baseline -0.003 -18"><span class='ocrx_word' id='word_1_124' title='bbox 192 1524 254 1577; x_wconf 80' lang='grc' dir='ltr'>τὸ</span> <span class='ocrx_word' id='word_1_125' title='bbox 282 1528 387 1595; x_wconf 77' lang='grc' dir='ltr'>τῆς</span> <span class='ocrx_word' id='word_1_126' title='bbox 421 1523 763 1593; x_wconf 71' lang='grc' dir='ltr'>εἱμαρμένης</span> <span class='ocrx_word' id='word_1_127' title='bbox 790 1521 851 1587; x_wconf 71' lang='grc' dir='ltr'>ἐξ</span> <span class='ocrx_word' id='word_1_128' title='bbox 885 1520 1129 1591; x_wconf 83' lang='grc' dir='ltr'><strong>ἀνάγκης</strong></span> <span class='ocrx_word' id='word_1_129' title='bbox 1161 1518 1497 1573; x_wconf 82' lang='grc' dir='ltr'>συνίσταται.</span> 
     </span>
    </p>
   </div>
   <div class='ocr_carea' id='block_1_17' title="bbox 263 1694 1776 1767">
    <p class='ocr_par' dir='ltr' id='par_1_17' title="bbox 263 1694 1776 1767">
     <span class='ocr_line' id='line_1_17' title="bbox 263 1694 1776 1767; baseline -0.004 -14"><span class='ocrx_word' id='word_1_130' title='bbox 263 1701 342 1753; x_wconf 79' lang='grc' dir='ltr'><strong>Τὸ</strong></span> <span class='ocrx_word' id='word_1_131' title='bbox 366 1701 426 1754; x_wconf 82' lang='grc' dir='ltr'>δὲ</span> <span class='ocrx_word' id='word_1_132' title='bbox 453 1699 531 1753; x_wconf 82' lang='grc' dir='ltr'>κε’</span> <span class='ocrx_word' id='word_1_133' title='bbox 555 1700 650 1752; x_wconf 79' lang='grc' dir='ltr'>καὶ</span> <span class='ocrx_word' id='word_1_134' title='bbox 675 1698 728 1764; x_wconf 85' lang='grc' dir='ltr'>ς’</span> <span class='ocrx_word' id='word_1_135' title='bbox 754 1697 1050 1767; x_wconf 70' lang='grc' dir='ltr'>κεφάλαιον</span> <span class='ocrx_word' id='word_1_136' title='bbox 1080 1695 1324 1759; x_wconf 76' lang='grc' dir='ltr'>εὐσεϐεῖς</span> <span class='ocrx_word' id='word_1_137' title='bbox 1351 1696 1449 1766; x_wconf 76' lang='grc' dir='ltr'>μὲν</span> <span class='ocrx_word' id='word_1_138' title='bbox 1474 1694 1776 1766; x_wconf 77' lang='grc' dir='ltr'>προδάλλεο</span> 
     </span>
    </p>
   </div>
   <div class='ocr_carea' id='block_1_18' title="bbox 192 1786 1780 1861">
    <p class='ocr_par' dir='ltr' id='par_1_18' title="bbox 192 1786 1780 1861">
     <span class='ocr_line' id='line_1_18' title="bbox 192 1786 1780 1861; baseline -0.005 -14"><span class='ocrx_word' id='word_1_139' title='bbox 192 1811 285 1847; x_wconf 83' lang='grc' dir='ltr'><strong>ται</strong></span> <span class='ocrx_word' id='word_1_140' title='bbox 308 1792 532 1859; x_wconf 89' lang='grc' dir='ltr'>λόγους,</span> <span class='ocrx_word' id='word_1_141' title='bbox 558 1790 693 1861; x_wconf 80' lang='grc' dir='ltr'>πρὸς</span> <span class='ocrx_word' id='word_1_142' title='bbox 723 1790 947 1858; x_wconf 72' lang='grc' dir='ltr'>ἔλεγχον</span> <span class='ocrx_word' id='word_1_143' title='bbox 974 1789 1032 1842; x_wconf 74' lang='grc' dir='ltr'>δὲ</span> <span class='ocrx_word' id='word_1_144' title='bbox 1060 1790 1161 1857; x_wconf 77' lang='grc' dir='ltr'>τῆς</span> <span class='ocrx_word' id='word_1_145' title='bbox 1191 1787 1558 1859; x_wconf 77' lang='grc' dir='ltr'>προκειμένης</span> <span class='ocrx_word' id='word_1_146' title='bbox 1585 1786 1780 1840; x_wconf 80' lang='grc' dir='ltr'>ὑποθέ-</span> 
     </span>
    </p>
   </div>
   <div class='ocr_carea' id='block_1_19' title="bbox 195 1869 1779 1949">
    <p class='ocr_par' dir='ltr' id='par_1_19' title="bbox 195 1869 1779 1949">
     <span class='ocr_line' id='line_1_19' title="bbox 195 1869 1779 1949; baseline -0.007 -15"><span class='ocrx_word' id='word_1_147' title='bbox 195 1899 337 1942; x_wconf 79' lang='grc' dir='ltr'>σεως</span> <span class='ocrx_word' id='word_1_148' title='bbox 367 1882 468 1949; x_wconf 85' lang='grc' dir='ltr'>τὴν</span> <span class='ocrx_word' id='word_1_149' title='bbox 517 1880 669 1948; x_wconf 84' lang='grc' dir='ltr'>ίσχύν</span> <span class='ocrx_word' id='word_1_150' title='bbox 717 1878 778 1930; x_wconf 91' lang='grc' dir='ltr'><strong>οὐ</strong></span> <span class='ocrx_word' id='word_1_151' title='bbox 825 1877 945 1929; x_wconf 88' lang='grc' dir='ltr'>λίαν</span> <span class='ocrx_word' id='word_1_152' title='bbox 992 1873 1592 1942; x_wconf 79' lang='grc' dir='ltr'>ἑπιδεικνυμένους.Ἐν</span> <span class='ocrx_word' id='word_1_153' title='bbox 1618 1872 1675 1925; x_wconf 79' lang='grc' dir='ltr'>δὲ</span> <span class='ocrx_word' id='word_1_154' title='bbox 1701 1869 1779 1942; x_wconf 83' lang='grc' dir='ltr'>τῷ</span> 
     </span>
    </p>
   </div>
   <div class='ocr_carea' id='block_1_20' title="bbox 192 1968 1779 2043">
    <p class='ocr_par' dir='ltr' id='par_1_20' title="bbox 192 1968 1779 2043">
     <span class='ocr_line' id='line_1_20' title="bbox 192 1968 1779 2043; baseline -0.006 -14"><span class='ocrx_word' id='word_1_155' title='bbox 192 1976 276 2041; x_wconf 80' lang='grc' dir='ltr'><strong>κζ’</strong></span> <span class='ocrx_word' id='word_1_156' title='bbox 304 1975 467 2042; x_wconf 77' lang='grc' dir='ltr'>δόξας</span> <span class='ocrx_word' id='word_1_157' title='bbox 514 1973 848 2043; x_wconf 84' lang='grc' dir='ltr'>προθέμενος</span> <span class='ocrx_word' id='word_1_158' title='bbox 898 1969 1028 2042; x_wconf 86' lang='grc' dir='ltr'>περί</span> <span class='ocrx_word' id='word_1_159' title='bbox 1068 1986 1129 2024; x_wconf 85' lang='grc' dir='ltr'><strong>τε</strong></span> <span class='ocrx_word' id='word_1_160' title='bbox 1170 1968 1402 2039; x_wconf 89' lang='grc' dir='ltr'>οὐρανοῦ</span> <span class='ocrx_word' id='word_1_161' title='bbox 1445 1969 1540 2021; x_wconf 62' lang='grc' dir='ltr'><strong>καῖ⁵</strong></span> <span class='ocrx_word' id='word_1_162' title='bbox 1582 1968 1691 2021; x_wconf 86' lang='grc' dir='ltr'><strong>τῶν</strong></span> <span class='ocrx_word' id='word_1_163' title='bbox 1721 1969 1779 2021; x_wconf 78' lang='grc' dir='ltr'>ὲν</span> 
     </span>
    </p>
   </div>
   <div class='ocr_carea' id='block_1_21' title="bbox 191 2056 1807 2138">
    <p class='ocr_par' dir='ltr' id='par_1_21' title="bbox 191 2056 1807 2138">
     <span class='ocr_line' id='line_1_21' title="bbox 191 2056 1807 2138; baseline -0.008 -14"><span class='ocrx_word' id='word_1_164' title='bbox 191 2067 346 2138; x_wconf 82' lang='grc' dir='ltr'><strong>αὐτῷ</strong></span> <span class='ocrx_word' id='word_1_165' title='bbox 378 2067 645 2136; x_wconf 81' lang='grc' dir='ltr'>ἀστέρων,</span> <span class='ocrx_word' id='word_1_166' title='bbox 672 2064 738 2129; x_wconf 77' lang='grc' dir='ltr'>ἃς</span> <span class='ocrx_word' id='word_1_167' title='bbox 785 2064 933 2132; x_wconf 80' lang='grc' dir='ltr'>λέγει</span> <span class='ocrx_word' id='word_1_168' title='bbox 966 2063 1073 2117; x_wconf 81' lang='grc' dir='ltr'><strong>τῶν</strong></span> <span class='ocrx_word' id='word_1_169' title='bbox 1117 2060 1586 2132; x_wconf 84' lang='grc' dir='ltr'>ἀστρολογούντων</span> <span class='ocrx_word' id='word_1_170' title='bbox 1618 2056 1776 2121; x_wconf 81' lang='grc' dir='ltr'>εἶναι,</span> <span class='ocrx_word' id='word_1_171' title='bbox 1802 2112 1807 2116; x_wconf 76' lang='grc'><strong>,</strong></span> 
     </span>
    </p>
   </div>
   <div class='ocr_carea' id='block_1_22' title="bbox 1884 863 3455 934">
    <p class='ocr_par' dir='ltr' id='par_1_22' title="bbox 1884 863 3455 934">
     <span class='ocr_line' id='line_1_22' title="bbox 1884 863 3455 934; baseline 0.001 -16"><span class='ocrx_word' id='word_1_172' title='bbox 1884 866 2080 934; x_wconf 83' lang='lat' dir='ltr'><strong>primo,</strong></span> <span class='ocrx_word' id='word_1_173' title='bbox 2119 866 2377 927; x_wconf 88' lang='lat' dir='ltr'><strong>secundo,</strong></span> <span class='ocrx_word' id='word_1_174' title='bbox 2417 864 2575 917; x_wconf 89' lang='lat' dir='ltr'><strong>tertio</strong></span> <span class='ocrx_word' id='word_1_175' title='bbox 2598 871 2654 916; x_wconf 91' lang='lat' dir='ltr'><strong>et</strong></span> <span class='ocrx_word' id='word_1_176' title='bbox 2704 870 2899 931; x_wconf 88' lang='lat' dir='ltr'><strong>quarto</strong></span> <span class='ocrx_word' id='word_1_177' title='bbox 2946 863 3215 930; x_wconf 72' lang='lat' dir='ltr'><strong>capitibus</strong></span> <span class='ocrx_word' id='word_1_178' title='bbox 3267 879 3455 934; x_wconf 82' lang='lat' dir='ltr'><strong>repre-</strong></span> 
     </span>
    </p>
   </div>
   <div class='ocr_carea' id='block_1_23' title="bbox 1886 952 3451 1024">
    <p class='ocr_par' dir='ltr' id='par_1_23' title="bbox 1886 952 3451 1024">
     <span class='ocr_line' id='line_1_23' title="bbox 1886 952 3451 1024; baseline -0.001 -13"><span class='ocrx_word' id='word_1_179' title='bbox 1886 957 2122 1011; x_wconf 87' lang='lat' dir='ltr'><strong>hendere</strong></span> <span class='ocrx_word' id='word_1_180' title='bbox 2146 970 2241 1011; x_wconf 90' lang='lat' dir='ltr'><strong>eos</strong></span> <span class='ocrx_word' id='word_1_181' title='bbox 2295 956 2384 1024; x_wconf 88' lang='lat' dir='ltr'><strong>qui</strong></span> <span class='ocrx_word' id='word_1_182' title='bbox 2433 954 2633 1008; x_wconf 82' lang='lat' dir='ltr'><strong>ctelum</strong></span> <span class='ocrx_word' id='word_1_183' title='bbox 2685 966 2806 1007; x_wconf 85' lang='lat' dir='ltr'><strong>esse</strong></span> <span class='ocrx_word' id='word_1_184' title='bbox 2849 952 3129 1022; x_wconf 75' lang='lat' dir='ltr'><strong>globosum</strong></span> <span class='ocrx_word' id='word_1_185' title='bbox 3186 964 3451 1021; x_wconf 82' lang='lat' dir='ltr'><strong>statuunt,</strong></span> 
     </span>
    </p>
   </div>
   <div class='ocr_carea' id='block_1_24' title="bbox 1885 1045 3452 1116">
    <p class='ocr_par' dir='ltr' id='par_1_24' title="bbox 1885 1045 3452 1116">
     <span class='ocr_line' id='line_1_24' title="bbox 1885 1045 3452 1116; baseline -0.001 -15"><span class='ocrx_word' id='word_1_186' title='bbox 1885 1047 2079 1116; x_wconf 77' lang='grc' dir='ltr'><strong>21οὺ</strong></span> <span class='ocrx_word' id='word_1_187' title='bbox 2114 1047 2207 1101; x_wconf 89' lang='lat' dir='ltr'><strong>sed</strong></span> <span class='ocrx_word' id='word_1_188' title='bbox 2251 1045 2511 1113; x_wconf 80' lang='lat' dir='ltr'><strong>ejusmodi</strong></span> <span class='ocrx_word' id='word_1_189' title='bbox 2559 1057 2901 1113; x_wconf 77' lang='lat' dir='ltr'><strong>nequaquam</strong></span> <span class='ocrx_word' id='word_1_190' title='bbox 2940 1046 3273 1113; x_wconf 84' lang='lat' dir='ltr'><strong>argumentis</strong></span> <span class='ocrx_word' id='word_1_191' title='bbox 3300 1048 3452 1100; x_wconf 86' lang='lat' dir='ltr'><strong>adhi-</strong></span> 
     </span>
    </p>
   </div>
   <div class='ocr_carea' id='block_1_25' title="bbox 1885 1137 3454 1208">
    <p class='ocr_par' dir='ltr' id='par_1_25' title="bbox 1885 1137 3454 1208">
     <span class='ocr_line' id='line_1_25' title="bbox 1885 1137 3454 1208; baseline 0.002 -16"><span class='ocrx_word' id='word_1_192' title='bbox 1885 1139 2036 1199; x_wconf 89' lang='lat' dir='ltr'><strong>bitis,</strong></span> <span class='ocrx_word' id='word_1_193' title='bbox 2116 1153 2242 1205; x_wconf 75' lang='lat' dir='ltr'><strong>qua:</strong></span> <span class='ocrx_word' id='word_1_194' title='bbox 2286 1137 2642 1208; x_wconf 74' lang='lat' dir='ltr'><strong>redarguendi</strong></span> <span class='ocrx_word' id='word_1_195' title='bbox 2704 1137 2810 1190; x_wconf 80' lang='lat' dir='ltr'><strong>vim</strong></span> <span class='ocrx_word' id='word_1_196' title='bbox 2860 1137 3115 1193; x_wconf 79' lang='lat' dir='ltr'><strong>habeant.</strong></span> <span class='ocrx_word' id='word_1_197' title='bbox 3169 1138 3454 1195; x_wconf 80' lang='lat' dir='ltr'><strong>Clobosam</strong></span> 
     </span>
    </p>
   </div>
   <div class='ocr_carea' id='block_1_26' title="bbox 1884 1228 3455 1299">
    <p class='ocr_par' dir='ltr' id='par_1_26' title="bbox 1884 1228 3455 1299">
     <span class='ocr_line' id='line_1_26' title="bbox 1884 1228 3455 1299; baseline 0.003 -19"><span class='ocrx_word' id='word_1_198' title='bbox 1884 1244 2018 1283; x_wconf 77' lang='lat' dir='ltr'><strong>vero</strong></span> <span class='ocrx_word' id='word_1_199' title='bbox 2049 1228 2280 1284; x_wconf 81' lang='lat' dir='ltr'><strong>formam</strong></span> <span class='ocrx_word' id='word_1_200' title='bbox 2339 1230 2479 1285; x_wconf 75' lang='lat' dir='ltr'><strong>ccelo</strong></span> <span class='ocrx_word' id='word_1_201' title='bbox 2510 1229 2811 1285; x_wconf 85' lang='lat' dir='ltr'><strong>concedere</strong></span> <span class='ocrx_word' id='word_1_202' title='bbox 2872 1242 3155 1299; x_wconf 85' lang='lat' dir='ltr'><strong>prOpterea</strong></span> <span class='ocrx_word' id='word_1_203' title='bbox 3217 1244 3455 1298; x_wconf 80' lang='lat' dir='ltr'><strong>recusat,</strong></span> 
     </span>
    </p>
   </div>
   <div class='ocr_carea' id='block_1_27' title="bbox 1885 1319 3458 1393">
    <p class='ocr_par' dir='ltr' id='par_1_27' title="bbox 1885 1319 3458 1393">
     <span class='ocr_line' id='line_1_27' title="bbox 1885 1319 3458 1393; baseline 0.002 -20"><span class='ocrx_word' id='word_1_204' title='bbox 1885 1324 2028 1389; x_wconf 88' lang='lat' dir='ltr'><strong>quod</strong></span> <span class='ocrx_word' id='word_1_205' title='bbox 2061 1319 2229 1375; x_wconf 72' lang='lat' dir='ltr'><strong>latum</strong></span> <span class='ocrx_word' id='word_1_206' title='bbox 2258 1338 2325 1375; x_wconf 80' lang='lat' dir='ltr'><strong>ex</strong></span> <span class='ocrx_word' id='word_1_207' title='bbox 2372 1322 2461 1375; x_wconf 85' lang='lat' dir='ltr'><strong>tali</strong></span> <span class='ocrx_word' id='word_1_208' title='bbox 2504 1322 2767 1390; x_wconf 88' lang='lat' dir='ltr'><strong>positione</strong></span> <span class='ocrx_word' id='word_1_209' title='bbox 2844 1323 3029 1375; x_wconf 90' lang='lat' dir='ltr'><strong>induci</strong></span> <span class='ocrx_word' id='word_1_210' title='bbox 3073 1331 3242 1390; x_wconf 87' lang='lat' dir='ltr'><strong>putet,</strong></span> <span class='ocrx_word' id='word_1_211' title='bbox 3284 1339 3458 1393; x_wconf 85' lang='lat' dir='ltr'><strong>quan-</strong></span> 
     </span>
    </p>
   </div>
   <div class='ocr_carea' id='block_1_28' title="bbox 1885 1415 3454 1484">
    <p class='ocr_par' dir='ltr' id='par_1_28' title="bbox 1885 1415 3454 1484">
     <span class='ocr_line' id='line_1_28' title="bbox 1885 1415 3454 1484; baseline 0.003 -19"><span class='ocrx_word' id='word_1_212' title='bbox 1885 1430 2046 1483; x_wconf 87' lang='lat' dir='ltr'><strong>quam</strong></span> <span class='ocrx_word' id='word_1_213' title='bbox 2087 1415 2227 1467; x_wconf 91' lang='lat' dir='ltr'><strong>nulla</strong></span> <span class='ocrx_word' id='word_1_214' title='bbox 2276 1416 2327 1468; x_wconf 88' lang='lat' dir='ltr'><strong>id</strong></span> <span class='ocrx_word' id='word_1_215' title='bbox 2369 1415 2758 1469; x_wconf 82' lang='lat' dir='ltr'><strong>demonstratio</strong></span> <span class='ocrx_word' id='word_1_216' title='bbox 2794 1424 3103 1484; x_wconf 80' lang='lat' dir='ltr'><strong>extorquet.</strong></span> <span class='ocrx_word' id='word_1_217' title='bbox 3134 1415 3247 1469; x_wconf 81' lang='lat' dir='ltr'><strong>Non</strong></span> <span class='ocrx_word' id='word_1_218' title='bbox 3289 1418 3454 1480; x_wconf 91' lang='lat' dir='ltr'><strong>enim,</strong></span> 
     </span>
    </p>
   </div>
   <div class='ocr_carea' id='block_1_29' title="bbox 1885 1502 3458 1573">
    <p class='ocr_par' dir='ltr' id='par_1_29' title="bbox 1885 1502 3458 1573">
     <span class='ocr_line' id='line_1_29' title="bbox 1885 1502 3458 1573; baseline 0.001 -17"><span class='ocrx_word' id='word_1_219' title='bbox 1885 1503 1930 1556; x_wconf 88' lang='lat' dir='ltr'><strong>si</strong></span> <span class='ocrx_word' id='word_1_220' title='bbox 1955 1502 2148 1556; x_wconf 68' lang='lat' dir='ltr'><strong>coelum</strong></span> <span class='ocrx_word' id='word_1_221' title='bbox 2196 1503 2469 1573; x_wconf 78' lang='lat' dir='ltr'><strong>globosutu</strong></span> <span class='ocrx_word' id='word_1_222' title='bbox 2498 1504 2587 1569; x_wconf 87' lang='lat' dir='ltr'><strong>sit,</strong></span> <span class='ocrx_word' id='word_1_223' title='bbox 2627 1520 2749 1558; x_wconf 79' lang='lat' dir='ltr'><strong>mox</strong></span> <span class='ocrx_word' id='word_1_224' title='bbox 2792 1505 2955 1558; x_wconf 87' lang='lat' dir='ltr'><strong>etiam</strong></span> <span class='ocrx_word' id='word_1_225' title='bbox 3003 1504 3171 1558; x_wconf 76' lang='lat' dir='ltr'><strong>fatum</strong></span> <span class='ocrx_word' id='word_1_226' title='bbox 3213 1519 3458 1560; x_wconf 86' lang='lat' dir='ltr'><strong>necessa-</strong></span> 
     </span>
    </p>
   </div>
   <div class='ocr_carea' id='block_1_30' title="bbox 1887 1591 2250 1660">
    <p class='ocr_par' dir='ltr' id='par_1_30' title="bbox 1887 1591 2250 1660">
     <span class='ocr_line' id='line_1_30' title="bbox 1887 1591 2250 1660; baseline 0.006 -16"><span class='ocrx_word' id='word_1_227' title='bbox 1887 1591 1969 1645; x_wconf 89' lang='lat' dir='ltr'><strong>rio</strong></span> <span class='ocrx_word' id='word_1_228' title='bbox 2012 1594 2250 1660; x_wconf 87' lang='lat' dir='ltr'><strong>ponitur.</strong></span> 
     </span>
    </p>
   </div>
   <div class='ocr_carea' id='block_1_31' title="bbox 1956 1681 3457 1757">
    <p class='ocr_par' dir='ltr' id='par_1_31' title="bbox 1956 1681 3457 1757">
     <span class='ocr_line' id='line_1_31' title="bbox 1956 1681 3457 1757; baseline 0.005 -21"><span class='ocrx_word' id='word_1_229' title='bbox 1956 1681 2124 1737; x_wconf 88' lang='lat' dir='ltr'><strong>Porto</strong></span> <span class='ocrx_word' id='word_1_230' title='bbox 2173 1684 2489 1738; x_wconf 81' lang='lat' dir='ltr'><strong>vicesimum</strong></span> <span class='ocrx_word' id='word_1_231' title='bbox 2527 1683 2773 1751; x_wconf 89' lang='lat' dir='ltr'><strong>quintum</strong></span> <span class='ocrx_word' id='word_1_232' title='bbox 2809 1693 2861 1738; x_wconf 90' lang='lat' dir='ltr'><strong>et</strong></span> <span class='ocrx_word' id='word_1_233' title='bbox 2891 1696 3101 1739; x_wconf 81' lang='lat' dir='ltr'><strong>sextum</strong></span> <span class='ocrx_word' id='word_1_234' title='bbox 3146 1697 3303 1756; x_wconf 88' lang='lat' dir='ltr'><strong>caput</strong></span> <span class='ocrx_word' id='word_1_235' title='bbox 3338 1687 3457 1757; x_wconf 87' lang='lat' dir='ltr'><strong>pias</strong></span> 
     </span>
    </p>
   </div>
   <div class='ocr_carea' id='block_1_32' title="bbox 1884 1773 3454 1844">
    <p class='ocr_par' dir='ltr' id='par_1_32' title="bbox 1884 1773 3454 1844">
     <span class='ocr_line' id='line_1_32' title="bbox 1884 1773 3454 1844; baseline 0.005 -17"><span class='ocrx_word' id='word_1_236' title='bbox 1884 1773 2129 1827; x_wconf 87' lang='lat' dir='ltr'><strong>continet</strong></span> <span class='ocrx_word' id='word_1_237' title='bbox 2194 1773 2453 1839; x_wconf 88' lang='lat' dir='ltr'><strong>rationes,</strong></span> <span class='ocrx_word' id='word_1_238' title='bbox 2515 1776 2609 1828; x_wconf 81' lang='lat' dir='ltr'><strong>sed</strong></span> <span class='ocrx_word' id='word_1_239' title='bbox 2667 1789 2785 1841; x_wconf 68' lang='lat' dir='ltr'><strong>quae</strong></span> <span class='ocrx_word' id='word_1_240' title='bbox 2849 1776 2914 1828; x_wconf 87' lang='lat' dir='ltr'><strong>ad</strong></span> <span class='ocrx_word' id='word_1_241' title='bbox 2981 1780 3454 1844; x_wconf 77' lang='lat' dir='ltr'><strong>reprehensioaem</strong></span> 
     </span>
    </p>
   </div>
   <div class='ocr_carea' id='block_1_33' title="bbox 1884 1864 3456 1939">
    <p class='ocr_par' dir='ltr' id='par_1_33' title="bbox 1884 1864 3456 1939">
     <span class='ocr_line' id='line_1_33' title="bbox 1884 1864 3456 1939; baseline 0.004 -22"><span class='ocrx_word' id='word_1_242' title='bbox 1884 1864 2139 1931; x_wconf 67' lang='lat' dir='ltr'><strong>subjectae</strong></span> <span class='ocrx_word' id='word_1_243' title='bbox 2174 1866 2488 1934; x_wconf 82' lang='lat' dir='ltr'><strong>hypothesis</strong></span> <span class='ocrx_word' id='word_1_244' title='bbox 2521 1867 2685 1919; x_wconf 90' lang='lat' dir='ltr'><strong>robur</strong></span> <span class='ocrx_word' id='word_1_245' title='bbox 2711 1883 2814 1919; x_wconf 81' lang='lat' dir='ltr'><strong>non</strong></span> <span class='ocrx_word' id='word_1_246' title='bbox 2853 1869 2988 1921; x_wconf 88' lang='lat' dir='ltr'><strong>adeo</strong></span> <span class='ocrx_word' id='word_1_247' title='bbox 3014 1883 3263 1937; x_wconf 78' lang='lat' dir='ltr'><strong>magnum</strong></span> <span class='ocrx_word' id='word_1_248' title='bbox 3316 1887 3456 1939; x_wconf 75' lang='lat' dir='ltr'><strong>prae-</strong></span> 
     </span>
    </p>
   </div>
   <div class='ocr_carea' id='block_1_34' title="bbox 1886 1955 3452 2032">
    <p class='ocr_par' dir='ltr' id='par_1_34' title="bbox 1886 1955 3452 2032">
     <span class='ocr_line' id='line_1_34' title="bbox 1886 1955 3452 2032; baseline 0.006 -22"><span class='ocrx_word' id='word_1_249' title='bbox 1886 1955 2084 2010; x_wconf 80' lang='lat' dir='ltr'><strong>ferant.</strong></span> <span class='ocrx_word' id='word_1_250' title='bbox 2114 1958 2353 2026; x_wconf 80' lang='lat' dir='ltr'><strong>Septimo</strong></span> <span class='ocrx_word' id='word_1_251' title='bbox 2376 1957 2565 2012; x_wconf 83' lang='lat' dir='ltr'><strong>dehinc</strong></span> <span class='ocrx_word' id='word_1_252' title='bbox 2595 1972 2648 2012; x_wconf 86' lang='lat' dir='ltr'><strong>et</strong></span> <span class='ocrx_word' id='word_1_253' title='bbox 2689 1959 2944 2011; x_wconf 85' lang='lat' dir='ltr'><strong>vicesimo</strong></span> <span class='ocrx_word' id='word_1_254' title='bbox 2980 1961 3045 2013; x_wconf 86' lang='lat' dir='ltr'><strong>de</strong></span> <span class='ocrx_word' id='word_1_255' title='bbox 3084 1962 3240 2024; x_wconf 72' lang='lat' dir='ltr'><strong>cmlo,</strong></span> <span class='ocrx_word' id='word_1_256' title='bbox 3280 1964 3452 2032; x_wconf 85' lang='lat' dir='ltr'><strong>deque</strong></span> 
     </span>
    </p>
   </div>
   <div class='ocr_carea' id='block_1_35' title="bbox 1884 2048 3456 2122">
    <p class='ocr_par' dir='ltr' id='par_1_35' title="bbox 1884 2048 3456 2122">
     <span class='ocr_line' id='line_1_35' title="bbox 1884 2048 3456 2122; baseline 0.005 -19"><span class='ocrx_word' id='word_1_257' title='bbox 1884 2048 1999 2115; x_wconf 82' lang='lat' dir='ltr'><strong>ejus</strong></span> <span class='ocrx_word' id='word_1_258' title='bbox 2031 2050 2219 2113; x_wconf 80' lang='lat' dir='ltr'><strong>stellis,</strong></span> <span class='ocrx_word' id='word_1_259' title='bbox 2270 2050 2618 2119; x_wconf 88' lang='lat' dir='ltr'><strong>opinionibus</strong></span> <span class='ocrx_word' id='word_1_260' title='bbox 2677 2053 2832 2119; x_wconf 83' lang='lat' dir='ltr'><strong>(quas</strong></span> <span class='ocrx_word' id='word_1_261' title='bbox 2880 2051 3278 2122; x_wconf 76' lang='lat' dir='ltr'><strong>astrologorum</strong></span> <span class='ocrx_word' id='word_1_262' title='bbox 3334 2070 3456 2111; x_wconf 79' lang='lat' dir='ltr'><strong>esse</strong></span> 
     </span>
    </p>
   </div>
   <div class='ocr_carea' id='block_1_36' title="bbox 190 2140 1852 2229">
    <p class='ocr_par' dir='ltr' id='par_1_36' title="bbox 190 2140 1852 2229">
     <span class='ocr_line' id='line_1_36' title="bbox 190 2140 1852 2229; baseline -0.006 -17"><span class='ocrx_word' id='word_1_263' title='bbox 190 2160 321 2213; x_wconf 78' lang='grc' dir='ltr'>οὔτε</span> <span class='ocrx_word' id='word_1_264' title='bbox 353 2157 557 2221; x_wconf 79' lang='grc' dir='ltr'>ταύτας</span> <span class='ocrx_word' id='word_1_265' title='bbox 605 2155 733 2229; x_wconf 66' lang='grc'><strong>[546</strong></span> <span class='ocrx_word' id='word_1_266' title='bbox 772 2154 865 2227; x_wconf 58' lang='grc' dir='ltr'>ιι]</span> <span class='ocrx_word' id='word_1_267' title='bbox 914 2153 1218 2225; x_wconf 78' lang='grc' dir='ltr'>ἁκιόδήλως</span> <span class='ocrx_word' id='word_1_268' title='bbox 1268 2152 1518 2223; x_wconf 84' lang='grc' dir='ltr'>προάγει,</span> <span class='ocrx_word' id='word_1_269' title='bbox 1545 2152 1647 2212; x_wconf 75' lang='grc' dir='ltr'>καὶ,</span> <span class='ocrx_word' id='word_1_270' title='bbox 1684 2151 1783 2213; x_wconf 85' lang='grc' dir='ltr'><strong>τὰς</strong></span> <span class='ocrx_word' id='word_1_271' title='bbox 1815 2140 1852 2195; x_wconf 76' lang='grc' dir='ltr'>Β</span> 
     </span>
    </p>
   </div>
   <div class='ocr_carea' id='block_1_37' title="bbox 1792 2140 3454 2229">
    <p class='ocr_par' dir='ltr' id='par_1_37' title="bbox 1815 2140 3454 2211">
     <span class='ocr_line' id='line_1_37' title="bbox 1815 2140 3454 2211; baseline 0.004 -16"><span class='ocrx_word' id='word_1_272' title='bbox 1815 2140 1855 2195; x_wconf 83' lang='grc' dir='ltr'>Β</span> <span class='ocrx_word' id='word_1_273' title='bbox 1886 2142 1983 2210; x_wconf 82' lang='lat' dir='ltr'><strong>ait)</strong></span> <span class='ocrx_word' id='word_1_274' title='bbox 2017 2142 2215 2204; x_wconf 80' lang='lat' dir='ltr'><strong>allatis,</strong></span> <span class='ocrx_word' id='word_1_275' title='bbox 2270 2152 2323 2196; x_wconf 89' lang='lat' dir='ltr'><strong>et</strong></span> <span class='ocrx_word' id='word_1_276' title='bbox 2352 2158 2455 2197; x_wconf 91' lang='lat' dir='ltr'><strong>non</strong></span> <span class='ocrx_word' id='word_1_277' title='bbox 2508 2143 2643 2198; x_wconf 84' lang='lat' dir='ltr'><strong>satis</strong></span> <span class='ocrx_word' id='word_1_278' title='bbox 2688 2145 2831 2209; x_wconf 86' lang='lat' dir='ltr'><strong>ipsas</strong></span> <span class='ocrx_word' id='word_1_279' title='bbox 2872 2145 3082 2199; x_wconf 84' lang='lat' dir='ltr'><strong>sincere</strong></span> <span class='ocrx_word' id='word_1_280' title='bbox 3131 2148 3365 2211; x_wconf 89' lang='lat' dir='ltr'><strong>adducit,</strong></span> <span class='ocrx_word' id='word_1_281' title='bbox 3400 2157 3454 2202; x_wconf 82' lang='lat' dir='ltr'><strong>et</strong></span> 
     </span>
    </p>
   </div>
   <div class='ocr_carea' id='block_1_38' title="bbox 192 2240 1783 2317">
    <p class='ocr_par' dir='ltr' id='par_1_38' title="bbox 192 2240 1783 2317">
     <span class='ocr_line' id='line_1_38' title="bbox 192 2240 1783 2317; baseline -0.007 -14"><span class='ocrx_word' id='word_1_282' title='bbox 192 2252 318 2303; x_wconf 77' lang='grc' dir='ltr'>κατ’</span> <span class='ocrx_word' id='word_1_283' title='bbox 351 2248 535 2302; x_wconf 83' lang='grc' dir='ltr'>αὐτῶν</span> <span class='ocrx_word' id='word_1_284' title='bbox 579 2247 953 2317; x_wconf 80' lang='grc' dir='ltr'>ἐπιχειρήσεις</span> <span class='ocrx_word' id='word_1_285' title='bbox 1003 2242 1124 2297; x_wconf 80' lang='grc' dir='ltr'>οὐτε</span> <span class='ocrx_word' id='word_1_286' title='bbox 1185 2242 1608 2306; x_wconf 81' lang='grc' dir='ltr'>ἀποδεικτικὰς,</span> <span class='ocrx_word' id='word_1_287' title='bbox 1656 2240 1783 2297; x_wconf 84' lang='grc' dir='ltr'>ἀλλ’</span> 
     </span>
    </p>
   </div>
   <div class='ocr_carea' id='block_1_39' title="bbox 192 2332 1781 2405">
    <p class='ocr_par' dir='ltr' id='par_1_39' title="bbox 192 2332 1781 2405">
     <span class='ocr_line' id='line_1_39' title="bbox 192 2332 1781 2405; baseline -0.005 -12"><span class='ocrx_word' id='word_1_288' title='bbox 192 2341 321 2395; x_wconf 77' lang='grc' dir='ltr'>οὐδὲ</span> <span class='ocrx_word' id='word_1_289' title='bbox 356 2340 447 2391; x_wconf 75' lang='grc' dir='ltr'>διὰ</span> <span class='ocrx_word' id='word_1_290' title='bbox 477 2338 571 2392; x_wconf 89' lang='grc' dir='ltr'><strong>τοῦ</strong></span> <span class='ocrx_word' id='word_1_291' title='bbox 604 2336 829 2391; x_wconf 83' lang='grc' dir='ltr'>πιθανοῦ</span> <span class='ocrx_word' id='word_1_292' title='bbox 862 2335 1102 2389; x_wconf 85' lang='grc' dir='ltr'>δείκνυσι</span> <span class='ocrx_word' id='word_1_293' title='bbox 1131 2334 1449 2405; x_wconf 88' lang='grc' dir='ltr'>προῖούσας.</span> <span class='ocrx_word' id='word_1_294' title='bbox 1478 2332 1553 2386; x_wconf 74' lang='lat' dir='ltr'><strong>To</strong></span> <span class='ocrx_word' id='word_1_295' title='bbox 1594 2332 1651 2386; x_wconf 86' lang='grc' dir='ltr'>δὲ</span> <span class='ocrx_word' id='word_1_296' title='bbox 1696 2347 1781 2404; x_wconf 84' lang='grc' dir='ltr'>κη·</span> 
     </span>
    </p>
   </div>
   <div class='ocr_carea' id='block_1_40' title="bbox 194 2424 1783 2503">
    <p class='ocr_par' dir='ltr' id='par_1_40' title="bbox 194 2424 1783 2503">
     <span class='ocr_line' id='line_1_40' title="bbox 194 2424 1783 2503; baseline -0.006 -18"><span class='ocrx_word' id='word_1_297' title='bbox 194 2432 339 2503; x_wconf 78' lang='grc' dir='ltr'>πρὸς</span> <span class='ocrx_word' id='word_1_298' title='bbox 362 2431 463 2494; x_wconf 80' lang='grc' dir='ltr'><strong>τὰς</strong></span> <span class='ocrx_word' id='word_1_299' title='bbox 488 2430 655 2492; x_wconf 73' lang='grc' dir='ltr'>αὐτὰς</span> <span class='ocrx_word' id='word_1_300' title='bbox 686 2429 1039 2498; x_wconf 73' lang='grc' dir='ltr'>ἐνιστάμενον</span> <span class='ocrx_word' id='word_1_301' title='bbox 1070 2425 1224 2491; x_wconf 81' lang='grc' dir='ltr'>δόξας</span> <span class='ocrx_word' id='word_1_302' title='bbox 1270 2426 1336 2479; x_wconf 77' lang='grc' dir='ltr'>δι’</span> <span class='ocrx_word' id='word_1_303' title='bbox 1370 2427 1485 2478; x_wconf 75' lang='grc' dir='ltr'>[σου</span> <span class='ocrx_word' id='word_1_304' title='bbox 1534 2424 1631 2495; x_wconf 82' lang='grc' dir='ltr'>μὲν</span> <span class='ocrx_word' id='word_1_305' title='bbox 1673 2424 1783 2477; x_wconf 84' lang='grc' dir='ltr'><strong>τῶν</strong></span> 
     </span>
    </p>
   </div>
   <div class='ocr_carea' id='block_1_41' title="bbox 193 2515 1781 2589">
    <p class='ocr_par' dir='ltr' id='par_1_41' title="bbox 193 2515 1781 2589">
     <span class='ocr_line' id='line_1_41' title="bbox 193 2515 1781 2589; baseline -0.006 -11"><span class='ocrx_word' id='word_1_306' title='bbox 193 2524 532 2589; x_wconf 76' lang='grc' dir='ltr'>ἀποδείξεων</span> <span class='ocrx_word' id='word_1_307' title='bbox 571 2522 876 2585; x_wconf 78' lang='grc' dir='ltr'>διαπίπτει,</span> <span class='ocrx_word' id='word_1_308' title='bbox 902 2519 963 2573; x_wconf 81' lang='grc' dir='ltr'><strong>οὐ</strong></span> <span class='ocrx_word' id='word_1_309' title='bbox 999 2518 1184 2588; x_wconf 83' lang='grc' dir='ltr'>μέντοι</span> <span class='ocrx_word' id='word_1_310' title='bbox 1213 2535 1277 2586; x_wconf 92' lang='grc' dir='ltr'><strong>γε</strong></span> <span class='ocrx_word' id='word_1_311' title='bbox 1302 2517 1396 2570; x_wconf 87' lang='grc' dir='ltr'>καὶ</span> <span class='ocrx_word' id='word_1_312' title='bbox 1423 2517 1516 2569; x_wconf 85' lang='grc' dir='ltr'><strong>τοῦ</strong></span> <span class='ocrx_word' id='word_1_313' title='bbox 1552 2515 1781 2570; x_wconf 81' lang='grc' dir='ltr'>πιθανοῦ</span> 
     </span>
    </p>
   </div>
   <div class='ocr_carea' id='block_1_42' title="bbox 192 2604 1783 2684">
    <p class='ocr_par' dir='ltr' id='par_1_42' title="bbox 192 2604 1783 2684">
     <span class='ocr_line' id='line_1_42' title="bbox 192 2604 1783 2684; baseline -0.007 -16"><span class='ocrx_word' id='word_1_314' title='bbox 192 2612 584 2684; x_wconf 84' lang='grc' dir='ltr'>διαμαρτάνει.</span> <span class='ocrx_word' id='word_1_315' title='bbox 606 2612 693 2664; x_wconf 82' lang='grc' dir='ltr'>Ἐν</span> <span class='ocrx_word' id='word_1_316' title='bbox 725 2610 783 2664; x_wconf 77' lang='grc' dir='ltr'>δὲ</span> <span class='ocrx_word' id='word_1_317' title='bbox 812 2610 890 2679; x_wconf 82' lang='grc' dir='ltr'>τῷ</span> <span class='ocrx_word' id='word_1_318' title='bbox 924 2609 1004 2662; x_wconf 85' lang='grc' dir='ltr'>κθ¹</span> <span class='ocrx_word' id='word_1_319' title='bbox 1045 2608 1200 2676; x_wconf 75' lang='grc' dir='ltr'>φησὶ,</span> <span class='ocrx_word' id='word_1_320' title='bbox 1244 2606 1362 2670; x_wconf 84' lang='grc' dir='ltr'><strong>πῶς</strong></span> <span class='ocrx_word' id='word_1_321' title='bbox 1393 2606 1493 2677; x_wconf 80' lang='grc' dir='ltr'>τὴν</span> <span class='ocrx_word' id='word_1_322' title='bbox 1522 2606 1651 2673; x_wconf 83' lang='grc' dir='ltr'>ὅλην</span> <span class='ocrx_word' id='word_1_323' title='bbox 1681 2604 1783 2674; x_wconf 81' lang='grc' dir='ltr'>γῆν</span> 
     </span>
    </p>
   </div>
   <div class='ocr_carea' id='block_1_43' title="bbox 193 2696 1785 2774">
    <p class='ocr_par' dir='ltr' id='par_1_43' title="bbox 193 2696 1785 2774">
     <span class='ocr_line' id='line_1_43' title="bbox 193 2696 1785 2774; baseline -0.007 -15"><span class='ocrx_word' id='word_1_324' title='bbox 193 2709 277 2769; x_wconf 86' lang='grc' dir='ltr'><strong>εἰς</strong></span> <span class='ocrx_word' id='word_1_325' title='bbox 307 2706 399 2759; x_wconf 82' lang='grc' dir='ltr'>ἶσα</span> <span class='ocrx_word' id='word_1_326' title='bbox 426 2705 568 2774; x_wconf 82' lang='grc' dir='ltr'>μέρη</span> <span class='ocrx_word' id='word_1_327' title='bbox 598 2704 709 2764; x_wconf 86' lang='grc' dir='ltr'>τοῖς</span> <span class='ocrx_word' id='word_1_328' title='bbox 741 2700 950 2753; x_wconf 83' lang='grc' dir='ltr'>δώδεκα</span> <span class='ocrx_word' id='word_1_329' title='bbox 979 2698 1439 2769; x_wconf 76' lang='grc' dir='ltr'>καταμερίζοντες</span> <span class='ocrx_word' id='word_1_330' title='bbox 1466 2696 1696 2759; x_wconf 80' lang='grc' dir='ltr'>ζωὸίοις,</span> <span class='ocrx_word' id='word_1_331' title='bbox 1717 2696 1785 2749; x_wconf 75' lang='grc' dir='ltr'><strong>τὰ</strong></span> 
     </span>
    </p>
   </div>
   <div class='ocr_carea' id='block_1_44' title="bbox 200 2785 1785 2869">
    <p class='ocr_par' dir='ltr' id='par_1_44' title="bbox 200 2785 1785 2869">
     <span class='ocr_line' id='line_1_44' title="bbox 200 2785 1785 2869; baseline -0.008 -17"><span class='ocrx_word' id='word_1_332' title='bbox 200 2800 305 2869; x_wconf 82' lang='grc' dir='ltr'>μὲν</span> <span class='ocrx_word' id='word_1_333' title='bbox 339 2785 607 2867; x_wconf 83' lang='grc' dir='ltr'>τμήματα</span> <span class='ocrx_word' id='word_1_334' title='bbox 640 2797 739 2865; x_wconf 79' lang='grc' dir='ltr'>τῆς</span> <span class='ocrx_word' id='word_1_335' title='bbox 783 2793 888 2863; x_wconf 82' lang='grc' dir='ltr'>γῆς</span> <span class='ocrx_word' id='word_1_336' title='bbox 919 2793 1014 2845; x_wconf 76' lang='grc' dir='ltr'>καὶ</span> <span class='ocrx_word' id='word_1_337' title='bbox 1051 2793 1176 2854; x_wconf 76' lang='grc' dir='ltr'>τοὺς</span> <span class='ocrx_word' id='word_1_338' title='bbox 1225 2793 1282 2844; x_wconf 67' lang='grc' dir='ltr'>ἐν</span> <span class='ocrx_word' id='word_1_339' title='bbox 1313 2790 1493 2853; x_wconf 86' lang='grc' dir='ltr'>αὐτοῖς</span> <span class='ocrx_word' id='word_1_340' title='bbox 1522 2789 1679 2859; x_wconf 80' lang='grc' dir='ltr'>δῆλον</span> <span class='ocrx_word' id='word_1_341' title='bbox 1708 2790 1785 2841; x_wconf 82' lang='grc' dir='ltr'><strong>οἰ-</strong></span> 
     </span>
    </p>
   </div>
   <div class='ocr_carea' id='block_1_45' title="bbox 194 2880 1784 2955">
    <p class='ocr_par' dir='ltr' id='par_1_45' title="bbox 194 2880 1784 2955">
     <span class='ocr_line' id='line_1_45' title="bbox 194 2880 1784 2955; baseline -0.008 -10"><span class='ocrx_word' id='word_1_342' title='bbox 194 2892 435 2952; x_wconf 77' lang='grc' dir='ltr'>κοῦντας</span> <span class='ocrx_word' id='word_1_343' title='bbox 463 2892 543 2952; x_wconf 78' lang='grc' dir='ltr'>εἰς</span> <span class='ocrx_word' id='word_1_344' title='bbox 583 2889 815 2941; x_wconf 74' lang='grc' dir='ltr'>ἕκαστον</span> <span class='ocrx_word' id='word_1_345' title='bbox 863 2884 1258 2955; x_wconf 76' lang='grc' dir='ltr'>ἀφωρισμένως</span> <span class='ocrx_word' id='word_1_346' title='bbox 1304 2882 1631 2953; x_wconf 78' lang='grc' dir='ltr'>ἀναφέρουσι</span> <span class='ocrx_word' id='word_1_347' title='bbox 1675 2880 1784 2933; x_wconf 83' lang='grc' dir='ltr'><strong>τῶν</strong></span> 
     </span>
    </p>
   </div>
   <div class='ocr_carea' id='block_1_46' title="bbox 195 2974 1781 3046">
    <p class='ocr_par' dir='ltr' id='par_1_46' title="bbox 195 2974 1781 3046">
     <span class='ocr_line' id='line_1_46' title="bbox 195 2974 1781 3046; baseline -0.009 -9"><span class='ocrx_word' id='word_1_348' title='bbox 195 2984 438 3046; x_wconf 77' lang='grc' dir='ltr'>ζωδίων,</span> <span class='ocrx_word' id='word_1_349' title='bbox 472 2982 567 3033; x_wconf 79' lang='grc' dir='ltr'>καὶ</span> <span class='ocrx_word' id='word_1_350' title='bbox 597 2977 921 3032; x_wconf 78' lang='grc' dir='ltr'>ὑποκεῖσθαι</span> <span class='ocrx_word' id='word_1_351' title='bbox 961 2975 1060 3046; x_wconf 76' lang='grc' dir='ltr'>μὲν</span> <span class='ocrx_word' id='word_1_352' title='bbox 1091 2974 1162 3027; x_wconf 79' lang='grc' dir='ltr'><strong>τὰ</strong></span> <span class='ocrx_word' id='word_1_353' title='bbox 1185 2974 1284 3043; x_wconf 84' lang='grc' dir='ltr'>τῆς</span> <span class='ocrx_word' id='word_1_354' title='bbox 1310 2974 1415 3042; x_wconf 85' lang='grc' dir='ltr'>γῆς</span> <span class='ocrx_word' id='word_1_355' title='bbox 1447 2974 1586 3044; x_wconf 85' lang='grc' dir='ltr'>μέρη</span> <span class='ocrx_word' id='word_1_356' title='bbox 1608 3010 1623 3034; x_wconf 95' lang='grc'><strong>,</strong></span> <span class='ocrx_word' id='word_1_357' title='bbox 1657 2974 1781 3025; x_wconf 76' lang='grc' dir='ltr'>ἑπι-</span> 
     </span>
    </p>
   </div>
   <div class='ocr_carea' id='block_1_47' title="bbox 194 3064 1780 3135">
    <p class='ocr_par' dir='ltr' id='par_1_47' title="bbox 194 3064 1780 3135">
     <span class='ocr_line' id='line_1_47' title="bbox 194 3064 1780 3135; baseline -0.006 -12"><span class='ocrx_word' id='word_1_358' title='bbox 194 3069 419 3124; x_wconf 78' lang='grc' dir='ltr'>κεῖσθαι</span> <span class='ocrx_word' id='word_1_359' title='bbox 462 3069 519 3121; x_wconf 78' lang='grc' dir='ltr'>δὲ</span> <span class='ocrx_word' id='word_1_360' title='bbox 559 3068 668 3122; x_wconf 83' lang='grc' dir='ltr'><strong>τῶν</strong></span> <span class='ocrx_word' id='word_1_361' title='bbox 713 3067 919 3131; x_wconf 79' lang='grc' dir='ltr'>ζωδίων</span> <span class='ocrx_word' id='word_1_362' title='bbox 957 3067 1186 3118; x_wconf 72' lang='grc' dir='ltr'>ἕκαστον</span> <span class='ocrx_word' id='word_1_363' title='bbox 1233 3064 1386 3134; x_wconf 87' lang='grc' dir='ltr'>δίκην</span> <span class='ocrx_word' id='word_1_364' title='bbox 1438 3065 1667 3133; x_wconf 78' lang='grc' dir='ltr'>νεφέλης</span> <span class='ocrx_word' id='word_1_365' title='bbox 1715 3068 1780 3135; x_wconf 79' lang='grc' dir='ltr'><strong>τῇ</strong></span> 
     </span>
    </p>
   </div>
   <div class='ocr_carea' id='block_1_48' title="bbox 192 3155 1784 3231">
    <p class='ocr_par' dir='ltr' id='par_1_48' title="bbox 192 3155 1784 3231">
     <span class='ocr_line' id='line_1_48' title="bbox 192 3155 1784 3231; baseline -0.004 -17"><span class='ocrx_word' id='word_1_366' title='bbox 192 3160 563 3231; x_wconf 63' lang='grc' dir='ltr'>ἀφωρισμένη</span> <span class='ocrx_word' id='word_1_367' title='bbox 602 3158 768 3229; x_wconf 69' lang='grc' dir='ltr'>μοίρᾳ</span> <span class='ocrx_word' id='word_1_368' title='bbox 820 3157 922 3227; x_wconf 75' lang='grc' dir='ltr'>τῆς</span> <span class='ocrx_word' id='word_1_369' title='bbox 974 3159 1077 3226; x_wconf 80' lang='grc' dir='ltr'>γῆς</span> <span class='ocrx_word' id='word_1_370' title='bbox 1111 3155 1608 3226; x_wconf 80' lang='grc' dir='ltr'>ἐποχούμενον.Ἐν</span> <span class='ocrx_word' id='word_1_371' title='bbox 1634 3157 1784 3225; x_wconf 81' lang='grc' dir='ltr'><strong>κινή⁶</strong></span> 
     </span>
    </p>
   </div>
   <div class='ocr_carea' id='block_1_49' title="bbox 194 3248 1784 3323">
    <p class='ocr_par' dir='ltr' id='par_1_49' title="bbox 194 3248 1784 3323">
     <span class='ocr_line' id='line_1_49' title="bbox 194 3248 1784 3323; baseline -0.004 -16"><span class='ocrx_word' id='word_1_372' title='bbox 194 3272 283 3307; x_wconf 89' lang='grc' dir='ltr'><strong>σει</strong></span> <span class='ocrx_word' id='word_1_373' title='bbox 310 3253 424 3323; x_wconf 75' lang='grc' dir='ltr'><strong>γὰρ</strong></span> <span class='ocrx_word' id='word_1_374' title='bbox 454 3251 573 3305; x_wconf 74' lang='grc' dir='ltr'>κατ’</span> <span class='ocrx_word' id='word_1_375' title='bbox 604 3252 801 3313; x_wconf 79' lang='grc' dir='ltr'>αὐτοὺς</span> <span class='ocrx_word' id='word_1_376' title='bbox 827 3253 1067 3319; x_wconf 84' lang='grc' dir='ltr'>διηνεκεῖ</span> <span class='ocrx_word' id='word_1_377' title='bbox 1086 3250 1180 3303; x_wconf 86' lang='grc' dir='ltr'><strong>τοῦ</strong></span> <span class='ocrx_word' id='word_1_378' title='bbox 1203 3249 1456 3316; x_wconf 82' lang='grc' dir='ltr'>οὐρανίου</span> <span class='ocrx_word' id='word_1_379' title='bbox 1490 3248 1653 3301; x_wconf 85' lang='grc' dir='ltr'>πόλου</span> <span class='ocrx_word' id='word_1_380' title='bbox 1690 3265 1784 3315; x_wconf 81' lang='grc' dir='ltr'>φε-</span> 
     </span>
    </p>
   </div>
   <div class='ocr_carea' id='block_1_50' title="bbox 193 3338 1779 3415">
    <p class='ocr_par' dir='ltr' id='par_1_50' title="bbox 193 3338 1779 3415">
     <span class='ocr_line' id='line_1_50' title="bbox 193 3338 1779 3415; baseline -0.003 -18"><span class='ocrx_word' id='word_1_381' title='bbox 193 3345 459 3415; x_wconf 85' lang='grc' dir='ltr'>ρομένου,</span> <span class='ocrx_word' id='word_1_382' title='bbox 486 3342 578 3395; x_wconf 79' lang='grc' dir='ltr'><strong>καὶ</strong></span> <span class='ocrx_word' id='word_1_383' title='bbox 603 3342 1130 3411; x_wconf 85' lang='grc' dir='ltr'>συμπεριαγομένων</span> <span class='ocrx_word' id='word_1_384' title='bbox 1156 3340 1305 3409; x_wconf 88' lang='grc' dir='ltr'><strong>αὐτῷ</strong></span> <span class='ocrx_word' id='word_1_385' title='bbox 1325 3338 1432 3393; x_wconf 81' lang='grc' dir='ltr'>τῶν</span> <span class='ocrx_word' id='word_1_386' title='bbox 1459 3340 1523 3409; x_wconf 78' lang='grc' dir='ltr'><strong>ιβ’</strong></span> <span class='ocrx_word' id='word_1_387' title='bbox 1551 3338 1779 3405; x_wconf 77' lang='grc' dir='ltr'>ζωδίων,</span> 
     </span>
    </p>
   </div>
   <div class='ocr_carea' id='block_1_51' title="bbox 1884 2237 3454 2309">
    <p class='ocr_par' dir='ltr' id='par_1_51' title="bbox 1884 2237 3454 2309">
     <span class='ocr_line' id='line_1_51' title="bbox 1884 2237 3454 2309; baseline 0.003 -20"><span class='ocrx_word' id='word_1_388' title='bbox 1884 2250 2011 2305; x_wconf 66' lang='lat' dir='ltr'><strong>qua:</strong></span> <span class='ocrx_word' id='word_1_389' title='bbox 2036 2245 2225 2291; x_wconf 83' lang='lat' dir='ltr'><strong>contra</strong></span> <span class='ocrx_word' id='word_1_390' title='bbox 2272 2237 2488 2292; x_wconf 89' lang='lat' dir='ltr'><strong>easdem</strong></span> <span class='ocrx_word' id='word_1_391' title='bbox 2539 2239 2746 2307; x_wconf 76' lang='lat' dir='ltr'><strong>profert</strong></span> <span class='ocrx_word' id='word_1_392' title='bbox 2794 2249 3130 2307; x_wconf 74' lang='lat' dir='ltr'><strong>argumenta,</strong></span> <span class='ocrx_word' id='word_1_393' title='bbox 3170 2254 3234 2294; x_wconf 87' lang='lat' dir='ltr'><strong>ea</strong></span> <span class='ocrx_word' id='word_1_394' title='bbox 3280 2255 3454 2309; x_wconf 81' lang='lat' dir='ltr'><strong>neque</strong></span> 
     </span>
    </p>
   </div>
   <div class='ocr_carea' id='block_1_52' title="bbox 1882 2329 3451 2399">
    <p class='ocr_par' dir='ltr' id='par_1_52' title="bbox 1882 2329 3451 2399">
     <span class='ocr_line' id='line_1_52' title="bbox 1882 2329 3451 2399; baseline 0.002 -16"><span class='ocrx_word' id='word_1_395' title='bbox 1882 2329 2287 2384; x_wconf 84' lang='lat' dir='ltr'><strong>demonstrandi</strong></span> <span class='ocrx_word' id='word_1_396' title='bbox 2316 2331 2420 2383; x_wconf 84' lang='lat' dir='ltr'><strong>vim</strong></span> <span class='ocrx_word' id='word_1_397' title='bbox 2456 2331 2653 2385; x_wconf 84' lang='lat' dir='ltr'><strong>habere</strong></span> <span class='ocrx_word' id='word_1_398' title='bbox 2679 2346 2851 2399; x_wconf 92' lang='lat' dir='ltr'><strong>neque</strong></span> <span class='ocrx_word' id='word_1_399' title='bbox 2872 2333 3061 2387; x_wconf 84' lang='lat' dir='ltr'><strong>saltem</strong></span> <span class='ocrx_word' id='word_1_400' title='bbox 3089 2333 3231 2389; x_wconf 73' lang='lat' dir='ltr'><strong>veris</strong></span> <span class='ocrx_word' id='word_1_401' title='bbox 3256 2334 3451 2388; x_wconf 87' lang='lat' dir='ltr'><strong>similia</strong></span> 
     </span>
    </p>
   </div>
   <div class='ocr_carea' id='block_1_53' title="bbox 1882 2420 3454 2495">
    <p class='ocr_par' dir='ltr' id='par_1_53' title="bbox 1882 2420 3454 2495">
     <span class='ocr_line' id='line_1_53' title="bbox 1882 2420 3454 2495; baseline 0.002 -19"><span class='ocrx_word' id='word_1_402' title='bbox 1882 2437 2183 2492; x_wconf 81' lang='lat' dir='ltr'><strong>proponere</strong></span> <span class='ocrx_word' id='word_1_403' title='bbox 2214 2421 2476 2477; x_wconf 83' lang='lat' dir='ltr'><strong>videntur.</strong></span> <span class='ocrx_word' id='word_1_404' title='bbox 2499 2420 2617 2475; x_wconf 81' lang='lat' dir='ltr'><strong>Jant</strong></span> <span class='ocrx_word' id='word_1_405' title='bbox 2664 2422 2975 2477; x_wconf 76' lang='lat' dir='ltr'><strong>vicesimum</strong></span> <span class='ocrx_word' id='word_1_406' title='bbox 3008 2436 3257 2479; x_wconf 83' lang='lat' dir='ltr'><strong>octavum</strong></span> <span class='ocrx_word' id='word_1_407' title='bbox 3295 2435 3454 2495; x_wconf 84' lang='lat' dir='ltr'><strong>caput</strong></span> 
     </span>
    </p>
   </div>
   <div class='ocr_carea' id='block_1_54' title="bbox 1884 2514 3452 2586">
    <p class='ocr_par' dir='ltr' id='par_1_54' title="bbox 1884 2514 3452 2586">
     <span class='ocr_line' id='line_1_54' title="bbox 1884 2514 3452 2586; baseline 0.001 -19"><span class='ocrx_word' id='word_1_408' title='bbox 1884 2516 2143 2570; x_wconf 82' lang='lat' dir='ltr'><strong>adversus</strong></span> <span class='ocrx_word' id='word_1_409' title='bbox 2194 2514 2410 2571; x_wconf 89' lang='lat' dir='ltr'><strong>easdem</strong></span> <span class='ocrx_word' id='word_1_410' title='bbox 2455 2514 2737 2582; x_wconf 83' lang='lat' dir='ltr'><strong>opiniones</strong></span> <span class='ocrx_word' id='word_1_411' title='bbox 2774 2515 3078 2585; x_wconf 77' lang='lat' dir='ltr'><strong>insurgens,</strong></span> <span class='ocrx_word' id='word_1_412' title='bbox 3111 2519 3452 2586; x_wconf 86' lang='lat' dir='ltr'><strong>persimilem</strong></span> 
     </span>
    </p>
   </div>
   <div class='ocr_carea' id='block_1_55' title="bbox 1883 2607 3451 2676">
    <p class='ocr_par' dir='ltr' id='par_1_55' title="bbox 1883 2607 3451 2676">
     <span class='ocr_line' id='line_1_55' title="bbox 1883 2607 3451 2676; baseline 0.002 -14"><span class='ocrx_word' id='word_1_413' title='bbox 1883 2609 2101 2676; x_wconf 82' lang='lat' dir='ltr'><strong>quidem</strong></span> <span class='ocrx_word' id='word_1_414' title='bbox 2141 2607 2543 2663; x_wconf 86' lang='lat' dir='ltr'><strong>demonstrandi</strong></span> <span class='ocrx_word' id='word_1_415' title='bbox 2587 2608 2855 2661; x_wconf 86' lang='lat' dir='ltr'><strong>rationem</strong></span> <span class='ocrx_word' id='word_1_416' title='bbox 2887 2610 3175 2673; x_wconf 85' lang='lat' dir='ltr'><strong>delabitur,</strong></span> <span class='ocrx_word' id='word_1_417' title='bbox 3216 2611 3309 2664; x_wconf 90' lang='lat' dir='ltr'><strong>sed</strong></span> <span class='ocrx_word' id='word_1_418' title='bbox 3346 2626 3451 2665; x_wconf 74' lang='lat' dir='ltr'><strong>no.1</strong></span> 
     </span>
    </p>
   </div>
   <div class='ocr_carea' id='block_1_56' title="bbox 1884 2700 3450 2757">
    <p class='ocr_par' dir='ltr' id='par_1_56' title="bbox 1884 2700 3450 2757">
     <span class='ocr_line' id='line_1_56' title="bbox 1884 2700 3450 2757; baseline 0.002 -3"><span class='ocrx_word' id='word_1_419' title='bbox 1884 2702 1957 2754; x_wconf 83' lang='lat' dir='ltr'><strong>ita</strong></span> <span class='ocrx_word' id='word_1_420' title='bbox 2031 2700 2191 2754; x_wconf 88' lang='lat' dir='ltr'><strong>etiam</strong></span> <span class='ocrx_word' id='word_1_421' title='bbox 2264 2700 2395 2753; x_wconf 88' lang='lat' dir='ltr'><strong>illud</strong></span> <span class='ocrx_word' id='word_1_422' title='bbox 2464 2700 2529 2752; x_wconf 90' lang='lat' dir='ltr'><strong>ad</strong></span> <span class='ocrx_word' id='word_1_423' title='bbox 2590 2700 2869 2753; x_wconf 75' lang='lat' dir='ltr'><strong>verisimili</strong></span> <span class='ocrx_word' id='word_1_424' title='bbox 2915 2703 3151 2755; x_wconf 85' lang='lat' dir='ltr'><strong>aberrat.</strong></span> <span class='ocrx_word' id='word_1_425' title='bbox 3202 2702 3450 2757; x_wconf 77' lang='lat' dir='ltr'><strong>Proximo</strong></span> 
     </span>
    </p>
   </div>
   <div class='ocr_carea' id='block_1_57' title="bbox 1884 2790 3450 2862">
    <p class='ocr_par' dir='ltr' id='par_1_57' title="bbox 1884 2790 3450 2862">
     <span class='ocr_line' id='line_1_57' title="bbox 1884 2790 3450 2862; baseline 0.003 -18"><span class='ocrx_word' id='word_1_426' title='bbox 1884 2802 2062 2846; x_wconf 89' lang='lat' dir='ltr'><strong>autem</strong></span> <span class='ocrx_word' id='word_1_427' title='bbox 2117 2790 2285 2846; x_wconf 80' lang='lat' dir='ltr'><strong>refert</strong></span> <span class='ocrx_word' id='word_1_428' title='bbox 2350 2790 2709 2862; x_wconf 75' lang='lat' dir='ltr'><strong>[Astrologos]</strong></span> <span class='ocrx_word' id='word_1_429' title='bbox 2776 2802 2972 2845; x_wconf 89' lang='lat' dir='ltr'><strong>terram</strong></span> <span class='ocrx_word' id='word_1_430' title='bbox 3028 2793 3337 2848; x_wconf 80' lang='lat' dir='ltr'><strong>universam</strong></span> <span class='ocrx_word' id='word_1_431' title='bbox 3398 2798 3450 2849; x_wconf 91' lang='lat' dir='ltr'><strong>in</strong></span> 
     </span>
    </p>
   </div>
   <div class='ocr_carea' id='block_1_58' title="bbox 1884 2882 3452 2953">
    <p class='ocr_par' dir='ltr' id='par_1_58' title="bbox 1884 2882 3452 2953">
     <span class='ocr_line' id='line_1_58' title="bbox 1884 2882 3452 2953; baseline 0.001 -15"><span class='ocrx_word' id='word_1_432' title='bbox 1884 2883 2167 2938; x_wconf 88' lang='lat' dir='ltr'><strong>duodecim</strong></span> <span class='ocrx_word' id='word_1_433' title='bbox 2211 2898 2390 2951; x_wconf 70' lang='lat' dir='ltr'><strong>aequas</strong></span> <span class='ocrx_word' id='word_1_434' title='bbox 2429 2892 2611 2949; x_wconf 87' lang='lat' dir='ltr'><strong>partes</strong></span> <span class='ocrx_word' id='word_1_435' title='bbox 2663 2898 2763 2951; x_wconf 91' lang='lat' dir='ltr'><strong>pro</strong></span> <span class='ocrx_word' id='word_1_436' title='bbox 2798 2882 2913 2952; x_wconf 91' lang='lat' dir='ltr'><strong>pari</strong></span> <span class='ocrx_word' id='word_1_437' title='bbox 2957 2884 3234 2953; x_wconf 87' lang='lat' dir='ltr'><strong>signorum</strong></span> <span class='ocrx_word' id='word_1_438' title='bbox 3290 2886 3452 2940; x_wconf 66' lang='lat' dir='ltr'><strong>coslc-</strong></span> 
     </span>
    </p>
   </div>
   <div class='ocr_carea' id='block_1_59' title="bbox 1895 2974 3452 3044">
    <p class='ocr_par' dir='ltr' id='par_1_59' title="bbox 1895 2974 3452 3044">
     <span class='ocr_line' id='line_1_59' title="bbox 1895 2974 3452 3044; baseline 0.001 -15"><span class='ocrx_word' id='word_1_439' title='bbox 1895 2976 2056 3029; x_wconf 69' lang='lat' dir='ltr'><strong>otium</strong></span> <span class='ocrx_word' id='word_1_440' title='bbox 2093 2990 2317 3029; x_wconf 86' lang='lat' dir='ltr'><strong>numero</strong></span> <span class='ocrx_word' id='word_1_441' title='bbox 2346 2975 2657 3044; x_wconf 89' lang='lat' dir='ltr'><strong>partientes,</strong></span> <span class='ocrx_word' id='word_1_442' title='bbox 2695 2974 2933 3043; x_wconf 77' lang='lat' dir='ltr'><strong>singulas</strong></span> <span class='ocrx_word' id='word_1_443' title='bbox 2976 2986 3133 3029; x_wconf 62' lang='lat' dir='ltr'><strong>terra!</strong></span> <span class='ocrx_word' id='word_1_444' title='bbox 3162 2978 3452 3044; x_wconf 75' lang='lat' dir='ltr'><strong>sectioues,</strong></span> 
     </span>
    </p>
   </div>
   <div class='ocr_carea' id='block_1_60' title="bbox 1885 3067 3452 3139">
    <p class='ocr_par' dir='ltr' id='par_1_60' title="bbox 1885 3067 3452 3139">
     <span class='ocr_line' id='line_1_60' title="bbox 1885 3067 3452 3139; baseline 0.004 -21"><span class='ocrx_word' id='word_1_445' title='bbox 1885 3083 1992 3118; x_wconf 89' lang='lat' dir='ltr'><strong>una</strong></span> <span class='ocrx_word' id='word_1_446' title='bbox 2041 3082 2159 3119; x_wconf 89' lang='lat' dir='ltr'><strong>cum</strong></span> <span class='ocrx_word' id='word_1_447' title='bbox 2198 3081 2381 3120; x_wconf 88' lang='lat' dir='ltr'><strong>earum</strong></span> <span class='ocrx_word' id='word_1_448' title='bbox 2433 3067 2641 3129; x_wconf 91' lang='lat' dir='ltr'><strong>incolis,</strong></span> <span class='ocrx_word' id='word_1_449' title='bbox 2682 3067 2753 3118; x_wconf 89' lang='lat' dir='ltr'><strong>ita</strong></span> <span class='ocrx_word' id='word_1_450' title='bbox 2804 3067 3021 3121; x_wconf 81' lang='lat' dir='ltr'><strong>deﬁnite</strong></span> <span class='ocrx_word' id='word_1_451' title='bbox 3054 3068 3248 3136; x_wconf 88' lang='lat' dir='ltr'><strong>cuique</strong></span> <span class='ocrx_word' id='word_1_452' title='bbox 3296 3071 3452 3139; x_wconf 85' lang='lat' dir='ltr'><strong>signo</strong></span> 
     </span>
    </p>
   </div>
   <div class='ocr_carea' id='block_1_61' title="bbox 1884 3159 3449 3229">
    <p class='ocr_par' dir='ltr' id='par_1_61' title="bbox 1884 3159 3449 3229">
     <span class='ocr_line' id='line_1_61' title="bbox 1884 3159 3449 3229; baseline 0.001 -17"><span class='ocrx_word' id='word_1_453' title='bbox 1884 3160 2212 3223; x_wconf 81' lang='lat' dir='ltr'><strong>atttilmere,</strong></span> <span class='ocrx_word' id='word_1_454' title='bbox 2259 3170 2318 3212; x_wconf 92' lang='lat' dir='ltr'><strong>ut</strong></span> <span class='ocrx_word' id='word_1_455' title='bbox 2376 3169 2533 3212; x_wconf 69' lang='lat' dir='ltr'><strong>terrm</strong></span> <span class='ocrx_word' id='word_1_456' title='bbox 2584 3160 2824 3225; x_wconf 88' lang='lat' dir='ltr'><strong>partibus</strong></span> <span class='ocrx_word' id='word_1_457' title='bbox 2892 3159 3145 3224; x_wconf 84' lang='lat' dir='ltr'><strong>subjectis</strong></span> <span class='ocrx_word' id='word_1_458' title='bbox 3206 3160 3449 3229; x_wconf 80' lang='lat' dir='ltr'><strong>singula,</strong></span> 
     </span>
    </p>
   </div>
   <div class='ocr_carea' id='block_1_62' title="bbox 1892 3247 3450 3319">
    <p class='ocr_par' dir='ltr' id='par_1_62' title="bbox 1892 3247 3450 3319">
     <span class='ocr_line' id='line_1_62' title="bbox 1892 3247 3450 3319; baseline 0.003 -20"><span class='ocrx_word' id='word_1_459' title='bbox 1892 3247 2096 3300; x_wconf 75' lang='lat' dir='ltr'><strong>zodiaci</strong></span> <span class='ocrx_word' id='word_1_460' title='bbox 2130 3247 2278 3315; x_wconf 78' lang='lat' dir='ltr'><strong>signa</strong></span> <span class='ocrx_word' id='word_1_461' title='bbox 2307 3247 2635 3310; x_wconf 89' lang='lat' dir='ltr'><strong>incumbant,</strong></span> <span class='ocrx_word' id='word_1_462' title='bbox 2681 3260 2838 3313; x_wconf 85' lang='lat' dir='ltr'><strong>atque</strong></span> <span class='ocrx_word' id='word_1_463' title='bbox 2866 3248 3038 3301; x_wconf 90' lang='lat' dir='ltr'><strong>instar</strong></span> <span class='ocrx_word' id='word_1_464' title='bbox 3059 3250 3265 3304; x_wconf 76' lang='lat' dir='ltr'><strong>nebula:</strong></span> <span class='ocrx_word' id='word_1_465' title='bbox 3290 3266 3450 3319; x_wconf 80' lang='lat' dir='ltr'><strong>supra</strong></span> 
     </span>
    </p>
   </div>
   <div class='ocr_carea' id='block_1_63' title="bbox 1884 3338 3448 3404">
    <p class='ocr_par' dir='ltr' id='par_1_63' title="bbox 1884 3338 3448 3404">
     <span class='ocr_line' id='line_1_63' title="bbox 1884 3338 3448 3404; baseline 0.003 -15"><span class='ocrx_word' id='word_1_466' title='bbox 1884 3338 2161 3389; x_wconf 83' lang='lat' dir='ltr'><strong>deﬁnitam</strong></span> <span class='ocrx_word' id='word_1_467' title='bbox 2196 3348 2353 3391; x_wconf 68' lang='lat' dir='ltr'><strong>terra:</strong></span> <span class='ocrx_word' id='word_1_468' title='bbox 2391 3348 2596 3404; x_wconf 81' lang='lat' dir='ltr'><strong>partem</strong></span> <span class='ocrx_word' id='word_1_469' title='bbox 2636 3340 2985 3392; x_wconf 74' lang='lat' dir='ltr'><strong>devehantur.</strong></span> <span class='ocrx_word' id='word_1_470' title='bbox 3018 3340 3087 3392; x_wconf 81' lang='lat' dir='ltr'><strong>At</strong></span> <span class='ocrx_word' id='word_1_471' title='bbox 3127 3355 3248 3394; x_wconf 88' lang='lat' dir='ltr'><strong>cum</strong></span> <span class='ocrx_word' id='word_1_472' title='bbox 3289 3342 3448 3394; x_wconf 86' lang='lat' dir='ltr'><strong>etiam</strong></span> 
     </span>
    </p>
   </div>
   <div class='ocr_carea' id='block_1_64' title="bbox 191 3429 1853 3527">
    <p class='ocr_par' dir='ltr' id='par_1_64' title="bbox 191 3431 1853 3527">
     <span class='ocr_line' id='line_1_64' title="bbox 191 3431 1853 3527; baseline -0.004 -39"><span class='ocrx_word' id='word_1_473' title='bbox 191 3435 467 3488; x_wconf 84' lang='grc' dir='ltr'>ἀδύνατον</span> <span class='ocrx_word' id='word_1_474' title='bbox 488 3434 548 3485; x_wconf 78' lang='grc' dir='ltr'>τὸ</span> <span class='ocrx_word' id='word_1_475' title='bbox 574 3433 704 3486; x_wconf 85' lang='grc' dir='ltr'>αὐτὸ</span> <span class='ocrx_word' id='word_1_476' title='bbox 730 3434 827 3501; x_wconf 81' lang='grc' dir='ltr'>τῆς</span> <span class='ocrx_word' id='word_1_477' title='bbox 855 3433 957 3501; x_wconf 82' lang='grc' dir='ltr'>γῆς</span> <span class='ocrx_word' id='word_1_478' title='bbox 987 3433 1072 3485; x_wconf 74' lang='grc' dir='ltr'><strong>διὰ</strong></span> <span class='ocrx_word' id='word_1_479' title='bbox 1102 3432 1301 3493; x_wconf 82' lang='grc' dir='ltr'>παντὸς</span> <span class='ocrx_word' id='word_1_480' title='bbox 1322 3431 1536 3500; x_wconf 78' lang='grc' dir='ltr'>ἐπέχειν</span> <span class='ocrx_word' id='word_1_481' title='bbox 1562 3432 1779 3502; x_wconf 84' lang='grc' dir='ltr'>τμῆμα,</span> <span class='ocrx_word' id='word_1_482' title='bbox 1811 3469 1853 3527; x_wconf 78' lang='lat' dir='ltr'><strong><em>C</em></strong></span> 
     </span>
    </p>
   </div>
   <div class='ocr_carea' id='block_1_65' title="bbox 1790 3429 3452 3527">
    <p class='ocr_par' dir='ltr' id='par_1_65' title="bbox 1811 3429 3452 3527">
     <span class='ocr_line' id='line_1_65' title="bbox 1811 3429 3452 3527; baseline 0.003 -45"><span class='ocrx_word' id='word_1_483' title='bbox 1811 3469 1853 3527; x_wconf 64' lang='grc' dir='ltr'>ο</span> <span class='ocrx_word' id='word_1_484' title='bbox 1884 3443 1950 3482; x_wconf 79' lang='lat' dir='ltr'><strong>ex</strong></span> <span class='ocrx_word' id='word_1_485' title='bbox 1979 3429 2192 3482; x_wconf 90' lang='lat' dir='ltr'><strong>illorum</strong></span> <span class='ocrx_word' id='word_1_486' title='bbox 2241 3430 2529 3491; x_wconf 85' lang='lat' dir='ltr'><strong>sententia,</strong></span> <span class='ocrx_word' id='word_1_487' title='bbox 2568 3440 2823 3498; x_wconf 74' lang='lat' dir='ltr'><strong>perpetuo</strong></span> <span class='ocrx_word' id='word_1_488' title='bbox 2852 3430 3046 3482; x_wconf 72' lang='lat' dir='ltr'><strong>cmlutn</strong></span> <span class='ocrx_word' id='word_1_489' title='bbox 3077 3441 3221 3484; x_wconf 90' lang='lat' dir='ltr'><strong>motu</strong></span> <span class='ocrx_word' id='word_1_490' title='bbox 3251 3433 3452 3487; x_wconf 82' lang='lat' dir='ltr'><strong>feratur</strong></span> 
     </span>
    </p>
   </div>
   <div class='ocr_carea' id='block_1_66' title="bbox 192 3521 1854 3595">
    <p class='ocr_par' dir='ltr' id='par_1_66' title="bbox 192 3521 1851 3595">
     <span class='ocr_line' id='line_1_66' title="bbox 192 3521 1851 3595; baseline -0.003 -15"><span class='ocrx_word' id='word_1_491' title='bbox 192 3528 341 3581; x_wconf 77' lang='grc' dir='ltr'>ἀλλὰ</span> <span class='ocrx_word' id='word_1_492' title='bbox 368 3526 706 3595; x_wconf 79' lang='grc' dir='ltr'>παραλλάξει</span> <span class='ocrx_word' id='word_1_493' title='bbox 746 3525 848 3595; x_wconf 84' lang='grc' dir='ltr'>μὲν</span> <span class='ocrx_word' id='word_1_494' title='bbox 896 3521 1038 3577; x_wconf 67' lang='grc' dir='ltr'>κατὰ</span> <span class='ocrx_word' id='word_1_495' title='bbox 1082 3525 1180 3592; x_wconf 80' lang='grc' dir='ltr'>τὴν</span> <span class='ocrx_word' id='word_1_496' title='bbox 1226 3524 1447 3591; x_wconf 83' lang='grc' dir='ltr'>πορείαν</span> <span class='ocrx_word' id='word_1_497' title='bbox 1477 3524 1571 3576; x_wconf 85' lang='grc' dir='ltr'><strong>τοῦ</strong></span> <span class='ocrx_word' id='word_1_498' title='bbox 1620 3524 1783 3576; x_wconf 85' lang='grc' dir='ltr'>πόλου</span> <span class='ocrx_word' id='word_1_499' title='bbox 1819 3521 1851 3527; x_wconf 58' lang='grc'><strong><em>⁷</em></strong></span> 
     </span>
    </p>
   </div>
   <div class='ocr_carea' id='block_1_67' title="bbox 1786 3521 3448 3595">
    <p class='ocr_par' dir='ltr' id='par_1_67' title="bbox 1819 3521 3448 3593">
     <span class='ocr_line' id='line_1_67' title="bbox 1819 3521 3448 3593; baseline 0.002 -18"><span class='ocrx_word' id='word_1_500' title='bbox 1819 3521 1851 3527; x_wconf 62' lang='grc'><strong><em>⁷</em></strong></span> <span class='ocrx_word' id='word_1_501' title='bbox 1890 3534 2103 3589; x_wconf 89' lang='lat' dir='ltr'><strong>unaque</strong></span> <span class='ocrx_word' id='word_1_502' title='bbox 2129 3536 2249 3573; x_wconf 92' lang='lat' dir='ltr'><strong>cum</strong></span> <span class='ocrx_word' id='word_1_503' title='bbox 2282 3521 2397 3587; x_wconf 87' lang='lat' dir='ltr'><strong>ipso</strong></span> <span class='ocrx_word' id='word_1_504' title='bbox 2421 3533 2473 3573; x_wconf 91' lang='lat' dir='ltr'><strong>et</strong></span> <span class='ocrx_word' id='word_1_505' title='bbox 2498 3523 2778 3574; x_wconf 83' lang='lat' dir='ltr'><strong>duodecim</strong></span> <span class='ocrx_word' id='word_1_506' title='bbox 2806 3522 2952 3591; x_wconf 83' lang='lat' dir='ltr'><strong>signa</strong></span> <span class='ocrx_word' id='word_1_507' title='bbox 2980 3523 3411 3593; x_wconf 81' lang='lat' dir='ltr'><strong>circumagantur</strong></span> <span class='ocrx_word' id='word_1_508' title='bbox 3432 3566 3448 3591; x_wconf 88' lang='lat'><strong>,</strong></span> 
     </span>
    </p>
   </div>
   <div class='ocr_carea' id='block_1_68' title="bbox 190 3614 1785 3685">
    <p class='ocr_par' dir='ltr' id='par_1_68' title="bbox 190 3614 1785 3685">
     <span class='ocr_line' id='line_1_68' title="bbox 190 3614 1785 3685; baseline -0.003 -13"><span class='ocrx_word' id='word_1_509' title='bbox 190 3621 434 3672; x_wconf 74' lang='grc' dir='ltr'>ἕκαστον</span> <span class='ocrx_word' id='word_1_510' title='bbox 465 3615 653 3681; x_wconf 77' lang='grc' dir='ltr'>ζώδιον</span> <span class='ocrx_word' id='word_1_511' title='bbox 685 3617 863 3668; x_wconf 76' lang='grc' dir='ltr'>πάντα</span> <span class='ocrx_word' id='word_1_512' title='bbox 900 3616 972 3667; x_wconf 75' lang='grc' dir='ltr'><strong>τά</strong></span> <span class='ocrx_word' id='word_1_513' title='bbox 1010 3616 1272 3685; x_wconf 84' lang='grc' dir='ltr'>τμήματα</span> <span class='ocrx_word' id='word_1_514' title='bbox 1302 3615 1401 3683; x_wconf 81' lang='grc' dir='ltr'>τῆς</span> <span class='ocrx_word' id='word_1_515' title='bbox 1432 3614 1531 3683; x_wconf 80' lang='grc' dir='ltr'>γῆς</span> <span class='ocrx_word' id='word_1_516' title='bbox 1552 3656 1567 3679; x_wconf 96' lang='grc'><strong>,</strong></span> <span class='ocrx_word' id='word_1_517' title='bbox 1597 3614 1785 3667; x_wconf 84' lang='grc' dir='ltr'>ἄλλοτε</span> 
     </span>
    </p>
   </div>
   <div class='ocr_carea' id='block_1_69' title="bbox 194 3705 1785 3778">
    <p class='ocr_par' dir='ltr' id='par_1_69' title="bbox 194 3705 1785 3778">
     <span class='ocr_line' id='line_1_69' title="bbox 194 3705 1785 3778; baseline -0.001 -17"><span class='ocrx_word' id='word_1_518' title='bbox 194 3710 300 3778; x_wconf 74' lang='grc' dir='ltr'>μὲν</span> <span class='ocrx_word' id='word_1_519' title='bbox 333 3709 423 3761; x_wconf 75' lang='grc' dir='ltr'><strong>ἐπ’</strong></span> <span class='ocrx_word' id='word_1_520' title='bbox 459 3707 724 3777; x_wconf 79' lang='grc' dir='ltr'>ἀνατολῆς</span> <span class='ocrx_word' id='word_1_521' title='bbox 752 3707 823 3770; x_wconf 79' lang='grc'><strong>⁷⁸,</strong></span> <span class='ocrx_word' id='word_1_522' title='bbox 863 3705 1051 3759; x_wconf 80' lang='grc' dir='ltr'>ἄλλοτε</span> <span class='ocrx_word' id='word_1_523' title='bbox 1090 3706 1145 3757; x_wconf 85' lang='grc' dir='ltr'>δὲ</span> <span class='ocrx_word' id='word_1_524' title='bbox 1176 3708 1268 3758; x_wconf 73' lang='grc' dir='ltr'><strong>ἐπὶ</strong></span> <span class='ocrx_word' id='word_1_525' title='bbox 1296 3705 1447 3757; x_wconf 80' lang='grc' dir='ltr'>δύσιν</span> <span class='ocrx_word' id='word_1_526' title='bbox 1468 3745 1482 3766; x_wconf 90' lang='grc'><strong>,</strong></span> <span class='ocrx_word' id='word_1_527' title='bbox 1512 3705 1700 3759; x_wconf 78' lang='grc' dir='ltr'>ἄλλοτε</span> <span class='ocrx_word' id='word_1_528' title='bbox 1729 3706 1785 3759; x_wconf 71' lang='grc' dir='ltr'>δὲ</span> 
     </span>
    </p>
   </div>
   <div class='ocr_carea' id='block_1_70' title="bbox 190 3796 1783 3870">
    <p class='ocr_par' dir='ltr' id='par_1_70' title="bbox 190 3796 1783 3870">
     <span class='ocr_line' id='line_1_70' title="bbox 190 3796 1783 3870; baseline -0.003 -17"><span class='ocrx_word' id='word_1_529' title='bbox 190 3802 295 3854; x_wconf 77' lang='grc' dir='ltr'><strong>ἐπὶ</strong></span> <span class='ocrx_word' id='word_1_530' title='bbox 320 3798 673 3870; x_wconf 83' lang='grc' dir='ltr'>μεσημόρίαν</span> <span class='ocrx_word' id='word_1_531' title='bbox 702 3802 768 3869; x_wconf 77' lang='grc' dir='ltr'>τῇ</span> <span class='ocrx_word' id='word_1_532' title='bbox 795 3798 1022 3868; x_wconf 76' lang='grc' dir='ltr'>οὐρανία</span> <span class='ocrx_word' id='word_1_533' title='bbox 1052 3798 1263 3864; x_wconf 78' lang='grc' dir='ltr'>κινήσει</span> <span class='ocrx_word' id='word_1_534' title='bbox 1292 3796 1783 3866; x_wconf 75' lang='grc' dir='ltr'>συμπεριδινούμε-</span> 
     </span>
    </p>
   </div>
   <div class='ocr_carea' id='block_1_71' title="bbox 192 3886 1783 3961">
    <p class='ocr_par' dir='ltr' id='par_1_71' title="bbox 192 3886 1783 3961">
     <span class='ocr_line' id='line_1_71' title="bbox 192 3886 1783 3961; baseline -0.003 -14"><span class='ocrx_word' id='word_1_535' title='bbox 192 3912 313 3957; x_wconf 82' lang='grc' dir='ltr'>νον,</span> <span class='ocrx_word' id='word_1_536' title='bbox 349 3892 451 3946; x_wconf 73' lang='grc' dir='ltr'>καὶ</span> <span class='ocrx_word' id='word_1_537' title='bbox 498 3894 597 3946; x_wconf 87' lang='grc' dir='ltr'><strong>οὐκ</strong></span> <span class='ocrx_word' id='word_1_538' title='bbox 645 3894 730 3961; x_wconf 74' lang='grc' dir='ltr'><strong>ἐφ’</strong></span> <span class='ocrx_word' id='word_1_539' title='bbox 760 3892 839 3944; x_wconf 81' lang='grc' dir='ltr'>ἑνί</span> <span class='ocrx_word' id='word_1_540' title='bbox 865 3909 970 3944; x_wconf 91' lang='grc' dir='ltr'>τινι</span> <span class='ocrx_word' id='word_1_541' title='bbox 1002 3889 1518 3961; x_wconf 76' lang='grc' dir='ltr'>στηριζόμενον.“Εξ</span> <span class='ocrx_word' id='word_1_542' title='bbox 1542 3886 1602 3945; x_wconf 77' lang='grc' dir='ltr'><strong>οῦ</strong></span> <span class='ocrx_word' id='word_1_543' title='bbox 1643 3908 1783 3960; x_wconf 82' lang='grc' dir='ltr'>συμ-</span> 
     </span>
    </p>
   </div>
   <div class='ocr_carea' id='block_1_72' title="bbox 192 3978 1778 4053">
    <p class='ocr_par' dir='ltr' id='par_1_72' title="bbox 192 3978 1778 4053">
     <span class='ocr_line' id='line_1_72' title="bbox 192 3978 1778 4053; baseline -0.004 -14"><span class='ocrx_word' id='word_1_544' title='bbox 192 3986 383 4039; x_wconf 73' lang='grc' dir='ltr'>ϐαίνει</span> <span class='ocrx_word' id='word_1_545' title='bbox 414 3984 521 4036; x_wconf 85' lang='grc' dir='ltr'><strong>τῶν</strong></span> <span class='ocrx_word' id='word_1_546' title='bbox 548 3983 813 4048; x_wconf 66' lang='grc' dir='ltr'><strong>«ζωδίωνἠ</strong></span> <span class='ocrx_word' id='word_1_547' title='bbox 844 3984 1073 4037; x_wconf 71' lang='grc' dir='ltr'>ἕκαστον</span> <span class='ocrx_word' id='word_1_548' title='bbox 1097 3982 1248 4037; x_wconf 86' lang='grc' dir='ltr'>οὐδὲν</span> <span class='ocrx_word' id='word_1_549' title='bbox 1281 3978 1443 4053; x_wconf 85' lang='grc' dir='ltr'>ἦττον</span> <span class='ocrx_word' id='word_1_550' title='bbox 1475 3983 1539 4035; x_wconf 86' lang='grc' dir='ltr'>τὸ</span> <span class='ocrx_word' id='word_1_551' title='bbox 1570 3984 1778 4052; x_wconf 76' lang='grc' dir='ltr'>ἀφωρι-</span> 
     </span>
    </p>
   </div>
   <div class='ocr_carea' id='block_1_73' title="bbox 194 4074 1783 4146">
    <p class='ocr_par' dir='ltr' id='par_1_73' title="bbox 194 4074 1783 4146">
     <span class='ocr_line' id='line_1_73' title="bbox 194 4074 1783 4146; baseline -0.003 -16"><span class='ocrx_word' id='word_1_552' title='bbox 194 4077 403 4146; x_wconf 68' lang='grc' dir='ltr'>σμένον</span> <span class='ocrx_word' id='word_1_553' title='bbox 434 4075 533 4140; x_wconf 81' lang='grc' dir='ltr'>τῆς</span> <span class='ocrx_word' id='word_1_554' title='bbox 562 4078 663 4145; x_wconf 83' lang='grc' dir='ltr'>γῆς</span> <span class='ocrx_word' id='word_1_555' title='bbox 696 4074 915 4144; x_wconf 78' lang='grc' dir='ltr'>ἐπέχειν</span> <span class='ocrx_word' id='word_1_556' title='bbox 959 4078 1151 4145; x_wconf 80' lang='grc' dir='ltr'>τμῆμα</span> <span class='ocrx_word' id='word_1_557' title='bbox 1180 4075 1213 4145; x_wconf 81' lang='grc' dir='ltr'>ἢ</span> <span class='ocrx_word' id='word_1_558' title='bbox 1242 4074 1303 4126; x_wconf 84' lang='grc' dir='ltr'>τὸ</span> <span class='ocrx_word' id='word_1_559' title='bbox 1342 4074 1783 4145; x_wconf 80' lang='grc' dir='ltr'>ἁλλότριον.’Λλ-</span> 
     </span>
    </p>
   </div>
   <div class='ocr_carea' id='block_1_74' title="bbox 192 4167 1780 4237">
    <p class='ocr_par' dir='ltr' id='par_1_74' title="bbox 192 4167 1780 4237">
     <span class='ocr_line' id='line_1_74' title="bbox 192 4167 1780 4237; baseline -0.001 -17"><span class='ocrx_word' id='word_1_560' title='bbox 192 4170 307 4231; x_wconf 84' lang='grc' dir='ltr'><strong>λως</strong></span> <span class='ocrx_word' id='word_1_561' title='bbox 334 4184 399 4220; x_wconf 90' lang='grc' dir='ltr'><strong>τε</strong></span> <span class='ocrx_word' id='word_1_562' title='bbox 446 4167 502 4220; x_wconf 76' lang='grc' dir='ltr'>δὲ</span> <span class='ocrx_word' id='word_1_563' title='bbox 546 4169 593 4219; x_wconf 80' lang='grc' dir='ltr'><strong>εί</strong></span> <span class='ocrx_word' id='word_1_564' title='bbox 623 4167 744 4219; x_wconf 82' lang='grc' dir='ltr'>κατ’</span> <span class='ocrx_word' id='word_1_565' title='bbox 771 4168 966 4231; x_wconf 78' lang='grc' dir='ltr'>αὐτοὺς</span> <span class='ocrx_word' id='word_1_566' title='bbox 998 4168 1030 4237; x_wconf 83' lang='grc' dir='ltr'><strong>ή</strong></span> <span class='ocrx_word' id='word_1_567' title='bbox 1061 4167 1133 4235; x_wconf 84' lang='grc' dir='ltr'>γῆ</span> <span class='ocrx_word' id='word_1_568' title='bbox 1168 4168 1392 4235; x_wconf 83' lang='grc' dir='ltr'>κέντρου</span> <span class='ocrx_word' id='word_1_569' title='bbox 1428 4169 1521 4221; x_wconf 70' lang='grc' dir='ltr'>καὶ</span> <span class='ocrx_word' id='word_1_570' title='bbox 1555 4168 1780 4236; x_wconf 83' lang='grc' dir='ltr'>σημείου</span> 
     </span>
    </p>
   </div>
   <div class='ocr_carea' id='block_1_75' title="bbox 193 4256 1786 4327">
    <p class='ocr_par' dir='ltr' id='par_1_75' title="bbox 193 4256 1786 4327">
     <span class='ocr_line' id='line_1_75' title="bbox 193 4256 1786 4327; baseline -0.001 -17"><span class='ocrx_word' id='word_1_571' title='bbox 193 4258 363 4325; x_wconf 77' lang='grc' dir='ltr'>λόγον</span> <span class='ocrx_word' id='word_1_572' title='bbox 407 4257 594 4325; x_wconf 75' lang='grc' dir='ltr'>ἐπέχει</span> <span class='ocrx_word' id='word_1_573' title='bbox 631 4258 765 4327; x_wconf 81' lang='grc' dir='ltr'>πρὸς</span> <span class='ocrx_word' id='word_1_574' title='bbox 809 4257 902 4308; x_wconf 82' lang='grc' dir='ltr'>τὸν</span> <span class='ocrx_word' id='word_1_575' title='bbox 946 4256 1193 4327; x_wconf 76' lang='grc' dir='ltr'>οὐρανὸν,</span> <span class='ocrx_word' id='word_1_576' title='bbox 1232 4256 1459 4309; x_wconf 73' lang='grc' dir='ltr'>καὶτῶν</span> <span class='ocrx_word' id='word_1_577' title='bbox 1489 4256 1693 4319; x_wconf 78' lang='grc' dir='ltr'>ζωδίων</span> <span class='ocrx_word' id='word_1_578' title='bbox 1727 4256 1786 4309; x_wconf 87' lang='grc' dir='ltr'>ἒν</span> 
     </span>
    </p>
   </div>
   <div class='ocr_carea' id='block_1_76' title="bbox 192 4347 1784 4417">
    <p class='ocr_par' dir='ltr' id='par_1_76' title="bbox 192 4347 1784 4417">
     <span class='ocr_line' id='line_1_76' title="bbox 192 4347 1784 4417; baseline -0.002 -13"><span class='ocrx_word' id='word_1_579' title='bbox 192 4347 492 4404; x_wconf 81' lang='grc' dir='ltr'>ὁποιονοῦν</span> <span class='ocrx_word' id='word_1_580' title='bbox 511 4347 586 4417; x_wconf 81' lang='grc' dir='ltr'><strong>τῷ</strong></span> <span class='ocrx_word' id='word_1_581' title='bbox 608 4364 667 4399; x_wconf 87' lang='grc' dir='ltr'><strong>τε</strong></span> <span class='ocrx_word' id='word_1_582' title='bbox 696 4349 890 4401; x_wconf 86' lang='grc' dir='ltr'>πλάτει</span> <span class='ocrx_word' id='word_1_583' title='bbox 912 4351 1006 4400; x_wconf 77' lang='grc' dir='ltr'>καὶ</span> <span class='ocrx_word' id='word_1_584' title='bbox 1030 4348 1196 4417; x_wconf 85' lang='grc' dir='ltr'>μήκει</span> <span class='ocrx_word' id='word_1_585' title='bbox 1221 4348 1619 4402; x_wconf 83' lang='grc' dir='ltr'>πολλαπλάσιόν</span> <span class='ocrx_word' id='word_1_586' title='bbox 1638 4351 1784 4402; x_wconf 76' lang='grc' dir='ltr'>ἐστιν</span> 
     </span>
    </p>
   </div>
   <div class='ocr_carea' id='block_1_77' title="bbox 191 4432 1809 4509">
    <p class='ocr_par' dir='ltr' id='par_1_77' title="bbox 191 4432 1809 4509">
     <span class='ocr_line' id='line_1_77' title="bbox 191 4432 1809 4509; baseline -0.002 -14"><span class='ocrx_word' id='word_1_587' title='bbox 191 4440 401 4509; x_wconf 82' lang='grc' dir='ltr'>αὐτῆς,</span> <span class='ocrx_word' id='word_1_588' title='bbox 431 4437 547 4500; x_wconf 83' lang='grc' dir='ltr'><strong>πῶς</strong></span> <span class='ocrx_word' id='word_1_589' title='bbox 574 4432 683 4490; x_wconf 75' lang='grc' dir='ltr'>οἷόν</span> <span class='ocrx_word' id='word_1_590' title='bbox 724 4438 783 4489; x_wconf 90' lang='grc' dir='ltr'><strong>τέ</strong></span> <span class='ocrx_word' id='word_1_591' title='bbox 828 4440 973 4491; x_wconf 79' lang='grc' dir='ltr'>ἐστιν</span> <span class='ocrx_word' id='word_1_592' title='bbox 1015 4438 1245 4491; x_wconf 75' lang='grc' dir='ltr'>ἕκαστον</span> <span class='ocrx_word' id='word_1_593' title='bbox 1273 4440 1381 4491; x_wconf 87' lang='grc' dir='ltr'><strong>τῶν</strong></span> <span class='ocrx_word' id='word_1_594' title='bbox 1409 4439 1681 4509; x_wconf 85' lang='grc' dir='ltr'>δωδεκατη</span> <span class='ocrx_word' id='word_1_595' title='bbox 1693 4440 1809 4507; x_wconf 60' lang='grc' dir='ltr'>μοι’</span> 
     </span>
    </p>
   </div>
   <div class='ocr_carea' id='block_1_78' title="bbox 196 4528 1784 4603">
    <p class='ocr_par' dir='ltr' id='par_1_78' title="bbox 196 4528 1784 4603">
     <span class='ocr_line' id='line_1_78' title="bbox 196 4528 1784 4603; baseline -0.001 -18"><span class='ocrx_word' id='word_1_596' title='bbox 196 4533 337 4603; x_wconf 85' lang='grc' dir='ltr'>ρίων</span> <span class='ocrx_word' id='word_1_597' title='bbox 374 4529 478 4598; x_wconf 79' lang='grc' dir='ltr'>τῆς</span> <span class='ocrx_word' id='word_1_598' title='bbox 513 4530 611 4599; x_wconf 83' lang='grc' dir='ltr'>γῆς</span> <span class='ocrx_word' id='word_1_599' title='bbox 644 4528 857 4600; x_wconf 78' lang='grc' dir='ltr'>ἑκάστῳ</span> <span class='ocrx_word' id='word_1_600' title='bbox 883 4529 992 4582; x_wconf 84' lang='grc' dir='ltr'><strong>τῶν</strong></span> <span class='ocrx_word' id='word_1_601' title='bbox 1035 4528 1241 4592; x_wconf 80' lang='grc' dir='ltr'>ζωδίων</span> <span class='ocrx_word' id='word_1_602' title='bbox 1273 4531 1567 4602; x_wconf 82' lang='grc' dir='ltr'>ίσομοιρεῖν</span> <span class='ocrx_word' id='word_1_603' title='bbox 1596 4548 1655 4583; x_wconf 87' lang='grc' dir='ltr'><strong>τε</strong></span> <span class='ocrx_word' id='word_1_604' title='bbox 1691 4532 1784 4584; x_wconf 73' lang='grc' dir='ltr'>καὶ</span> 
     </span>
    </p>
   </div>
   <div class='ocr_carea' id='block_1_79' title="bbox 195 4620 1782 4693">
    <p class='ocr_par' dir='ltr' id='par_1_79' title="bbox 195 4620 1782 4693">
     <span class='ocr_line' id='line_1_79' title="bbox 195 4620 1782 4693; baseline -0.001 -17"><span class='ocrx_word' id='word_1_605' title='bbox 195 4620 743 4690; x_wconf 82' lang='grc' dir='ltr'>συμπαρατείνεσθαι</span> <span class='ocrx_word' id='word_1_606' title='bbox 772 4620 867 4673; x_wconf 72' lang='grc' dir='ltr'>καὶ</span> <span class='ocrx_word' id='word_1_607' title='bbox 896 4620 981 4673; x_wconf 83' lang='grc' dir='ltr'>διὰ</span> <span class='ocrx_word' id='word_1_608' title='bbox 1008 4620 1165 4673; x_wconf 83' lang='grc' dir='ltr'>τοῦτο</span> <span class='ocrx_word' id='word_1_609' title='bbox 1198 4622 1297 4690; x_wconf 84' lang='grc' dir='ltr'>τὴν</span> <span class='ocrx_word' id='word_1_610' title='bbox 1329 4622 1603 4676; x_wconf 83' lang='grc' dir='ltr'>οἰκείωσιν</span> <span class='ocrx_word' id='word_1_611' title='bbox 1639 4622 1782 4693; x_wconf 83' lang='grc' dir='ltr'>ἔχειν</span> 
     </span>
    </p>
   </div>
   <div class='ocr_carea' id='block_1_80' title="bbox 189 4712 1785 4787">
    <p class='ocr_par' dir='ltr' id='par_1_80' title="bbox 189 4712 1785 4787">
     <span class='ocr_line' id='line_1_80' title="bbox 189 4712 1785 4787; baseline 0.002 -20"><span class='ocrx_word' id='word_1_612' title='bbox 189 4714 341 4784; x_wconf 69' lang='grc' dir='ltr'><strong>⁸πρὸς</strong></span> <span class='ocrx_word' id='word_1_613' title='bbox 376 4712 536 4776; x_wconf 79' lang='grc' dir='ltr'>αὐτός</span> <span class='ocrx_word' id='word_1_614' title='bbox 564 4712 673 4765; x_wconf 73' lang='grc' dir='ltr'><strong>Καὶ</strong></span> <span class='ocrx_word' id='word_1_615' title='bbox 701 4712 821 4763; x_wconf 85' lang='grc' dir='ltr'>τότε</span> <span class='ocrx_word' id='word_1_616' title='bbox 852 4712 958 4764; x_wconf 75' lang='grc' dir='ltr'>οὐδ’</span> <span class='ocrx_word' id='word_1_617' title='bbox 980 4712 1153 4781; x_wconf 79' lang='grc' dir='ltr'>αὐτῆς</span> <span class='ocrx_word' id='word_1_618' title='bbox 1179 4713 1305 4781; x_wconf 83' lang='grc' dir='ltr'>ὅλης</span> <span class='ocrx_word' id='word_1_619' title='bbox 1328 4715 1659 4786; x_wconf 74' lang='grc' dir='ltr'>οἰκουμένης</span> <span class='ocrx_word' id='word_1_620' title='bbox 1684 4717 1785 4787; x_wconf 81' lang='grc' dir='ltr'>τῆς</span> 
     </span>
    </p>
   </div>
   <div class='ocr_carea' id='block_1_81' title="bbox 1888 3611 3451 3683">
    <p class='ocr_par' dir='ltr' id='par_1_81' title="bbox 1888 3611 3451 3683">
     <span class='ocr_line' id='line_1_81' title="bbox 1888 3611 3451 3683; baseline 0.003 -18"><span class='ocrx_word' id='word_1_621' title='bbox 1888 3612 2002 3665; x_wconf 83' lang='lat' dir='ltr'><strong>ﬁeri</strong></span> <span class='ocrx_word' id='word_1_622' title='bbox 2036 3612 2185 3666; x_wconf 91' lang='lat' dir='ltr'><strong>nullo</strong></span> <span class='ocrx_word' id='word_1_623' title='bbox 2217 3614 2372 3666; x_wconf 86' lang='lat' dir='ltr'><strong>modo</strong></span> <span class='ocrx_word' id='word_1_624' title='bbox 2404 3628 2555 3680; x_wconf 72' lang='lat' dir='ltr'><strong>posse</strong></span> <span class='ocrx_word' id='word_1_625' title='bbox 2591 3611 2794 3683; x_wconf 83' lang='lat' dir='ltr'><strong>[dot-et]</strong></span> <span class='ocrx_word' id='word_1_626' title='bbox 2823 3624 2879 3664; x_wconf 84' lang='grc' dir='ltr'><strong>ιιι</strong></span> <span class='ocrx_word' id='word_1_627' title='bbox 2904 3615 3144 3667; x_wconf 84' lang='lat' dir='ltr'><strong>eamdem</strong></span> <span class='ocrx_word' id='word_1_628' title='bbox 3181 3616 3266 3668; x_wconf 88' lang='lat' dir='ltr'><strong>illa</strong></span> <span class='ocrx_word' id='word_1_629' title='bbox 3296 3628 3451 3670; x_wconf 71' lang='lat' dir='ltr'><strong>terra:</strong></span> 
     </span>
    </p>
   </div>
   <div class='ocr_carea' id='block_1_82' title="bbox 1886 3704 3447 3777">
    <p class='ocr_par' dir='ltr' id='par_1_82' title="bbox 1886 3704 3447 3777">
     <span class='ocr_line' id='line_1_82' title="bbox 1886 3704 3447 3777; baseline 0.003 -18"><span class='ocrx_word' id='word_1_630' title='bbox 1886 3704 2177 3759; x_wconf 81' lang='lat' dir='ltr'><strong>sectionem</strong></span> <span class='ocrx_word' id='word_1_631' title='bbox 2215 3717 2473 3773; x_wconf 85' lang='lat' dir='ltr'><strong>perpetuo</strong></span> <span class='ocrx_word' id='word_1_632' title='bbox 2503 3705 2800 3769; x_wconf 85' lang='lat' dir='ltr'><strong>obtineant,</strong></span> <span class='ocrx_word' id='word_1_633' title='bbox 2829 3706 2917 3759; x_wconf 86' lang='lat' dir='ltr'><strong>sed</strong></span> <span class='ocrx_word' id='word_1_634' title='bbox 2952 3707 3324 3776; x_wconf 87' lang='lat' dir='ltr'><strong>pertransibit,</strong></span> <span class='ocrx_word' id='word_1_635' title='bbox 3351 3711 3447 3777; x_wconf 85' lang='lat' dir='ltr'><strong>ait,</strong></span> 
     </span>
    </p>
   </div>
   <div class='ocr_carea' id='block_1_83' title="bbox 1881 3794 3449 3865">
    <p class='ocr_par' dir='ltr' id='par_1_83' title="bbox 1881 3794 3449 3865">
     <span class='ocr_line' id='line_1_83' title="bbox 1881 3794 3449 3865; baseline 0.004 -19"><span class='ocrx_word' id='word_1_636' title='bbox 1881 3794 2034 3865; x_wconf 80' lang='lat' dir='ltr'><strong>juxta</strong></span> <span class='ocrx_word' id='word_1_637' title='bbox 2068 3797 2187 3850; x_wconf 60' lang='lat' dir='ltr'><strong>caeli</strong></span> <span class='ocrx_word' id='word_1_638' title='bbox 2233 3811 2573 3864; x_wconf 75' lang='lat' dir='ltr'><strong>progressum</strong></span> <span class='ocrx_word' id='word_1_639' title='bbox 2628 3812 2814 3851; x_wconf 83' lang='lat' dir='ltr'><strong>omnes</strong></span> <span class='ocrx_word' id='word_1_640' title='bbox 2860 3810 3019 3853; x_wconf 79' lang='lat' dir='ltr'><strong>teme</strong></span> <span class='ocrx_word' id='word_1_641' title='bbox 3063 3801 3327 3854; x_wconf 86' lang='lat' dir='ltr'><strong>sectioues</strong></span> <span class='ocrx_word' id='word_1_642' title='bbox 3373 3805 3449 3855; x_wconf 90' lang='lat' dir='ltr'><strong>si-</strong></span> 
     </span>
    </p>
   </div>
   <div class='ocr_carea' id='block_1_84' title="bbox 1885 3888 3449 3959">
    <p class='ocr_par' dir='ltr' id='par_1_84' title="bbox 1885 3888 3449 3959">
     <span class='ocr_line' id='line_1_84' title="bbox 1885 3888 3449 3959; baseline 0.007 -19"><span class='ocrx_word' id='word_1_643' title='bbox 1885 3903 2046 3956; x_wconf 78' lang='lat' dir='ltr'><strong>gnum</strong></span> <span class='ocrx_word' id='word_1_644' title='bbox 2075 3888 2367 3957; x_wconf 84' lang='lat' dir='ltr'><strong>quodlibet,</strong></span> <span class='ocrx_word' id='word_1_645' title='bbox 2395 3890 2517 3942; x_wconf 90' lang='lat' dir='ltr'><strong>dum</strong></span> <span class='ocrx_word' id='word_1_646' title='bbox 2549 3889 2681 3943; x_wconf 86' lang='lat' dir='ltr'><strong>alias</strong></span> <span class='ocrx_word' id='word_1_647' title='bbox 2710 3892 2775 3942; x_wconf 82' lang='lat' dir='ltr'><strong>ad</strong></span> <span class='ocrx_word' id='word_1_648' title='bbox 2807 3901 3003 3959; x_wconf 91' lang='lat' dir='ltr'><strong>ortum,</strong></span> <span class='ocrx_word' id='word_1_649' title='bbox 3026 3893 3160 3949; x_wconf 84' lang='lat' dir='ltr'><strong>alias</strong></span> <span class='ocrx_word' id='word_1_650' title='bbox 3191 3898 3258 3949; x_wconf 87' lang='lat' dir='ltr'><strong>ad</strong></span> <span class='ocrx_word' id='word_1_651' title='bbox 3288 3911 3449 3951; x_wconf 87' lang='lat' dir='ltr'><strong>occa-</strong></span> 
     </span>
    </p>
   </div>
   <div class='ocr_carea' id='block_1_85' title="bbox 1885 3981 3447 4049">
    <p class='ocr_par' dir='ltr' id='par_1_85' title="bbox 1885 3981 3447 4049">
     <span class='ocr_line' id='line_1_85' title="bbox 1885 3981 3447 4049; baseline 0.007 -17"><span class='ocrx_word' id='word_1_652' title='bbox 1885 3994 2000 4032; x_wconf 89' lang='lat' dir='ltr'><strong>sum</strong></span> <span class='ocrx_word' id='word_1_653' title='bbox 2049 3981 2199 4045; x_wconf 86' lang='lat' dir='ltr'><strong>solis,</strong></span> <span class='ocrx_word' id='word_1_654' title='bbox 2238 3981 2472 4049; x_wconf 87' lang='lat' dir='ltr'><strong>aliasque</strong></span> <span class='ocrx_word' id='word_1_655' title='bbox 2510 3984 2574 4035; x_wconf 81' lang='lat' dir='ltr'><strong>ad</strong></span> <span class='ocrx_word' id='word_1_656' title='bbox 2621 3982 2897 4036; x_wconf 82' lang='lat' dir='ltr'><strong>meridiem</strong></span> <span class='ocrx_word' id='word_1_657' title='bbox 2934 4000 3036 4039; x_wconf 89' lang='lat' dir='ltr'><strong>una</strong></span> <span class='ocrx_word' id='word_1_658' title='bbox 3088 4002 3207 4039; x_wconf 90' lang='lat' dir='ltr'><strong>cum</strong></span> <span class='ocrx_word' id='word_1_659' title='bbox 3242 3988 3447 4043; x_wconf 63' lang='lat' dir='ltr'><strong>caelesti</strong></span> 
     </span>
    </p>
   </div>
   <div class='ocr_carea' id='block_1_86' title="bbox 1885 4070 3445 4148">
    <p class='ocr_par' dir='ltr' id='par_1_86' title="bbox 1885 4070 3445 4148">
     <span class='ocr_line' id='line_1_86' title="bbox 1885 4070 3445 4148; baseline 0.008 -27"><span class='ocrx_word' id='word_1_660' title='bbox 1885 4077 2030 4123; x_wconf 88' lang='lat' dir='ltr'><strong>motu</strong></span> <span class='ocrx_word' id='word_1_661' title='bbox 2068 4070 2469 4141; x_wconf 78' lang='lat' dir='ltr'><strong>circumagitur,</strong></span> <span class='ocrx_word' id='word_1_662' title='bbox 2500 4078 2554 4126; x_wconf 89' lang='lat' dir='ltr'><strong>et</strong></span> <span class='ocrx_word' id='word_1_663' title='bbox 2586 4088 2851 4142; x_wconf 89' lang='lat' dir='ltr'><strong>nunquam</strong></span> <span class='ocrx_word' id='word_1_664' title='bbox 2880 4076 2931 4129; x_wconf 91' lang='lat' dir='ltr'><strong>in</strong></span> <span class='ocrx_word' id='word_1_665' title='bbox 2962 4091 3064 4130; x_wconf 84' lang='lat' dir='ltr'><strong>una</strong></span> <span class='ocrx_word' id='word_1_666' title='bbox 3106 4079 3278 4148; x_wconf 82' lang='lat' dir='ltr'><strong>aliqua</strong></span> <span class='ocrx_word' id='word_1_667' title='bbox 3328 4095 3445 4134; x_wconf 83' lang='lat' dir='ltr'><strong>sec-</strong></span> 
     </span>
    </p>
   </div>
   <div class='ocr_carea' id='block_1_87' title="bbox 1886 4160 3443 4239">
    <p class='ocr_par' dir='ltr' id='par_1_87' title="bbox 1886 4160 3443 4239">
     <span class='ocr_line' id='line_1_87' title="bbox 1886 4160 3443 4239; baseline 0.009 -26"><span class='ocrx_word' id='word_1_668' title='bbox 1886 4160 2030 4215; x_wconf 90' lang='lat' dir='ltr'><strong>tione</strong></span> <span class='ocrx_word' id='word_1_669' title='bbox 2099 4162 2261 4216; x_wconf 72' lang='lat' dir='ltr'><strong>[imm</strong></span> <span class='ocrx_word' id='word_1_670' title='bbox 2297 4175 2494 4218; x_wconf 88' lang='lat' dir='ltr'><strong>manet.</strong></span> <span class='ocrx_word' id='word_1_671' title='bbox 2548 4164 2699 4219; x_wconf 87' lang='lat' dir='ltr'><strong>Unde</strong></span> <span class='ocrx_word' id='word_1_672' title='bbox 2733 4166 2788 4219; x_wconf 84' lang='lat' dir='ltr'><strong>lit</strong></span> <span class='ocrx_word' id='word_1_673' title='bbox 2820 4176 2875 4220; x_wconf 91' lang='lat' dir='ltr'><strong>ut</strong></span> <span class='ocrx_word' id='word_1_674' title='bbox 2908 4169 3109 4235; x_wconf 81' lang='lat' dir='ltr'><strong>singula</strong></span> <span class='ocrx_word' id='word_1_675' title='bbox 3144 4171 3291 4239; x_wconf 80' lang='lat' dir='ltr'><strong>signa</strong></span> <span class='ocrx_word' id='word_1_676' title='bbox 3340 4188 3443 4227; x_wconf 90' lang='lat' dir='ltr'><strong>nou</strong></span> 
     </span>
    </p>
   </div>
   <div class='ocr_carea' id='block_1_88' title="bbox 1885 4253 3441 4331">
    <p class='ocr_par' dir='ltr' id='par_1_88' title="bbox 1885 4253 3441 4331">
     <span class='ocr_line' id='line_1_88' title="bbox 1885 4253 3441 4331; baseline 0.006 -24"><span class='ocrx_word' id='word_1_677' title='bbox 1885 4254 2064 4307; x_wconf 90' lang='lat' dir='ltr'><strong>minus</strong></span> <span class='ocrx_word' id='word_1_678' title='bbox 2087 4253 2227 4309; x_wconf 87' lang='lat' dir='ltr'><strong>illam</strong></span> <span class='ocrx_word' id='word_1_679' title='bbox 2259 4254 2359 4309; x_wconf 85' lang='lat' dir='ltr'><strong>sibi</strong></span> <span class='ocrx_word' id='word_1_680' title='bbox 2397 4256 2673 4310; x_wconf 88' lang='lat' dir='ltr'><strong>delinitant</strong></span> <span class='ocrx_word' id='word_1_681' title='bbox 2717 4268 2873 4311; x_wconf 73' lang='lat' dir='ltr'><strong>terra:</strong></span> <span class='ocrx_word' id='word_1_682' title='bbox 2909 4262 3199 4316; x_wconf 89' lang='lat' dir='ltr'><strong>sectionem</strong></span> <span class='ocrx_word' id='word_1_683' title='bbox 3235 4274 3441 4331; x_wconf 82' lang='lat' dir='ltr'><strong>regant,</strong></span> 
     </span>
    </p>
   </div>
   <div class='ocr_carea' id='block_1_89' title="bbox 1883 4344 3441 4423">
    <p class='ocr_par' dir='ltr' id='par_1_89' title="bbox 1883 4344 3441 4423">
     <span class='ocr_line' id='line_1_89' title="bbox 1883 4344 3441 4423; baseline 0.007 -26"><span class='ocrx_word' id='word_1_684' title='bbox 1883 4358 2041 4409; x_wconf 86' lang='lat' dir='ltr'><strong>quam</strong></span> <span class='ocrx_word' id='word_1_685' title='bbox 2070 4344 2322 4399; x_wconf 80' lang='lat' dir='ltr'><strong>alienam.</strong></span> <span class='ocrx_word' id='word_1_686' title='bbox 2354 4347 2519 4412; x_wconf 85' lang='lat' dir='ltr'><strong>Adde,</strong></span> <span class='ocrx_word' id='word_1_687' title='bbox 2552 4347 2595 4401; x_wconf 90' lang='lat' dir='ltr'><strong>si</strong></span> <span class='ocrx_word' id='word_1_688' title='bbox 2620 4350 2910 4403; x_wconf 90' lang='lat' dir='ltr'><strong>secundum</strong></span> <span class='ocrx_word' id='word_1_689' title='bbox 2926 4367 3108 4405; x_wconf 90' lang='lat' dir='ltr'><strong>eorum</strong></span> <span class='ocrx_word' id='word_1_690' title='bbox 3139 4355 3441 4423; x_wconf 88' lang='lat' dir='ltr'><strong>opinionem</strong></span> 
     </span>
    </p>
   </div>
   <div class='ocr_carea' id='block_1_90' title="bbox 1884 4437 3439 4510">
    <p class='ocr_par' dir='ltr' id='par_1_90' title="bbox 1884 4437 3439 4510">
     <span class='ocr_line' id='line_1_90' title="bbox 1884 4437 3439 4510; baseline 0.008 -22"><span class='ocrx_word' id='word_1_691' title='bbox 1884 4449 2027 4489; x_wconf 82' lang='lat' dir='ltr'><strong>terra</strong></span> <span class='ocrx_word' id='word_1_692' title='bbox 2056 4437 2225 4489; x_wconf 86' lang='lat' dir='ltr'><strong>centri</strong></span> <span class='ocrx_word' id='word_1_693' title='bbox 2258 4452 2321 4491; x_wconf 90' lang='lat' dir='ltr'><strong>ac</strong></span> <span class='ocrx_word' id='word_1_694' title='bbox 2370 4438 2552 4506; x_wconf 89' lang='lat' dir='ltr'><strong>puncti</strong></span> <span class='ocrx_word' id='word_1_695' title='bbox 2600 4441 2861 4496; x_wconf 90' lang='lat' dir='ltr'><strong>rationem</strong></span> <span class='ocrx_word' id='word_1_696' title='bbox 2900 4445 3057 4497; x_wconf 87' lang='lat' dir='ltr'><strong>habet</strong></span> <span class='ocrx_word' id='word_1_697' title='bbox 3109 4446 3174 4497; x_wconf 89' lang='lat' dir='ltr'><strong>ad</strong></span> <span class='ocrx_word' id='word_1_698' title='bbox 3222 4446 3439 4510; x_wconf 69' lang='lat' dir='ltr'><strong>caelum,</strong></span> 
     </span>
    </p>
   </div>
   <div class='ocr_carea' id='block_1_91' title="bbox 1883 4526 3437 4599">
    <p class='ocr_par' dir='ltr' id='par_1_91' title="bbox 1883 4526 3437 4599">
     <span class='ocr_line' id='line_1_91' title="bbox 1883 4526 3437 4599; baseline 0.006 -19"><span class='ocrx_word' id='word_1_699' title='bbox 1883 4536 1937 4580; x_wconf 82' lang='lat' dir='ltr'><strong>et</strong></span> <span class='ocrx_word' id='word_1_700' title='bbox 1977 4526 2251 4596; x_wconf 75' lang='lat' dir='ltr'><strong>quodlibet</strong></span> <span class='ocrx_word' id='word_1_701' title='bbox 2302 4530 2578 4583; x_wconf 82' lang='lat' dir='ltr'><strong>zodiacum</strong></span> <span class='ocrx_word' id='word_1_702' title='bbox 2606 4531 2814 4599; x_wconf 82' lang='lat' dir='ltr'><strong>signum</strong></span> <span class='ocrx_word' id='word_1_703' title='bbox 2859 4548 2977 4585; x_wconf 86' lang='lat' dir='ltr'><strong>cunt</strong></span> <span class='ocrx_word' id='word_1_704' title='bbox 3006 4534 3307 4597; x_wconf 85' lang='lat' dir='ltr'><strong>latitudine,</strong></span> <span class='ocrx_word' id='word_1_705' title='bbox 3327 4546 3437 4590; x_wconf 85' lang='lat' dir='ltr'><strong>tum</strong></span> 
     </span>
    </p>
   </div>
   <div class='ocr_carea' id='block_1_92' title="bbox 1881 4616 3433 4695">
    <p class='ocr_par' dir='ltr' id='par_1_92' title="bbox 1881 4616 3433 4695">
     <span class='ocr_line' id='line_1_92' title="bbox 1881 4616 3433 4695; baseline 0.005 -25"><span class='ocrx_word' id='word_1_706' title='bbox 1881 4616 2213 4687; x_wconf 75' lang='lat' dir='ltr'><strong>longitudine</strong></span> <span class='ocrx_word' id='word_1_707' title='bbox 2245 4619 2430 4674; x_wconf 89' lang='lat' dir='ltr'><strong>multis</strong></span> <span class='ocrx_word' id='word_1_708' title='bbox 2457 4622 2701 4690; x_wconf 91' lang='lat' dir='ltr'><strong>partibus</strong></span> <span class='ocrx_word' id='word_1_709' title='bbox 2733 4633 2835 4688; x_wconf 87' lang='lat' dir='ltr'><strong>est,</strong></span> <span class='ocrx_word' id='word_1_710' title='bbox 2881 4640 3037 4693; x_wconf 88' lang='lat' dir='ltr'><strong>quam</strong></span> <span class='ocrx_word' id='word_1_711' title='bbox 3072 4626 3179 4690; x_wconf 76' lang='lat' dir='ltr'><strong>illa,</strong></span> <span class='ocrx_word' id='word_1_712' title='bbox 3218 4626 3385 4695; x_wconf 83' lang='lat' dir='ltr'><strong>majus</strong></span> <span class='ocrx_word' id='word_1_713' title='bbox 3419 4646 3433 4682; x_wconf 88' lang='lat'><strong>:</strong></span> 
     </span>
    </p>
   </div>
   <div class='ocr_carea' id='block_1_93' title="bbox 1882 4708 3434 4781">
    <p class='ocr_par' dir='ltr' id='par_1_93' title="bbox 1882 4708 3434 4781">
     <span class='ocr_line' id='line_1_93' title="bbox 1882 4708 3434 4781; baseline 0.006 -21"><span class='ocrx_word' id='word_1_714' title='bbox 1882 4709 1974 4778; x_wconf 92' lang='lat' dir='ltr'><strong>qui</strong></span> <span class='ocrx_word' id='word_1_715' title='bbox 2010 4708 2123 4763; x_wconf 84' lang='lat' dir='ltr'><strong>ﬁeri</strong></span> <span class='ocrx_word' id='word_1_716' title='bbox 2179 4710 2397 4764; x_wconf 90' lang='lat' dir='ltr'><strong>omnino</strong></span> <span class='ocrx_word' id='word_1_717' title='bbox 2446 4722 2635 4779; x_wconf 87' lang='lat' dir='ltr'><strong>potest.</strong></span> <span class='ocrx_word' id='word_1_718' title='bbox 2684 4722 2739 4766; x_wconf 89' lang='lat' dir='ltr'><strong>ut</strong></span> <span class='ocrx_word' id='word_1_719' title='bbox 2776 4714 3025 4781; x_wconf 71' lang='lat' dir='ltr'><strong>quaelibet</strong></span> <span class='ocrx_word' id='word_1_720' title='bbox 3069 4715 3434 4770; x_wconf 87' lang='lat' dir='ltr'><strong>duodenarum</strong></span> 
     </span>
    </p>
   </div>
   <div class='ocr_carea' id='block_1_94' title="bbox 193 4802 1855 4877">
    <p class='ocr_par' dir='ltr' id='par_1_94' title="bbox 193 4802 1850 4877">
     <span class='ocr_line' id='line_1_94' title="bbox 193 4802 1850 4877; baseline -0.004 -19"><span class='ocrx_word' id='word_1_721' title='bbox 193 4803 329 4873; x_wconf 82' lang='grc' dir='ltr'>γῆς,</span> <span class='ocrx_word' id='word_1_722' title='bbox 360 4802 508 4855; x_wconf 75' lang='grc' dir='ltr'>κατὰ</span> <span class='ocrx_word' id='word_1_723' title='bbox 534 4802 590 4854; x_wconf 87' lang='grc' dir='ltr'>δὲ</span> <span class='ocrx_word' id='word_1_724' title='bbox 617 4803 677 4854; x_wconf 86' lang='grc' dir='ltr'><strong>τὺ</strong></span> <span class='ocrx_word' id='word_1_725' title='bbox 710 4803 977 4868; x_wconf 82' lang='grc' dir='ltr'>πλεῖστον,</span> <span class='ocrx_word' id='word_1_726' title='bbox 999 4804 1061 4856; x_wconf 82' lang='grc' dir='ltr'>τὸ</span> <span class='ocrx_word' id='word_1_727' title='bbox 1093 4804 1190 4872; x_wconf 85' lang='grc' dir='ltr'>μὲν</span> <span class='ocrx_word' id='word_1_728' title='bbox 1216 4804 1303 4857; x_wconf 85' lang='grc' dir='ltr'><strong>διὰ</strong></span> <span class='ocrx_word' id='word_1_729' title='bbox 1335 4806 1615 4877; x_wconf 86' lang='grc' dir='ltr'>καύματος</span> <span class='ocrx_word' id='word_1_730' title='bbox 1639 4809 1699 4860; x_wconf 80' lang='grc' dir='ltr'>τὸ</span> <span class='ocrx_word' id='word_1_731' title='bbox 1720 4808 1774 4860; x_wconf 76' lang='grc' dir='ltr'>δὲ</span> <span class='ocrx_word' id='word_1_732' title='bbox 1806 4810 1850 4866; x_wconf 80' lang='grc' dir='ltr'><strong>Ι)</strong></span> 
     </span>
    </p>
   </div>
   <div class='ocr_carea' id='block_1_95' title="bbox 1771 4802 3433 4877">
    <p class='ocr_par' dir='ltr' id='par_1_95' title="bbox 1771 4803 3433 4876">
     <span class='ocr_line' id='line_1_95' title="bbox 1771 4803 3433 4876; baseline 0.003 -22"><span class='ocrx_word' id='word_1_733' title='bbox 1771 4830 1774 4858; x_wconf 85' lang='grc'>;</span> <span class='ocrx_word' id='word_1_734' title='bbox 1806 4810 1850 4866; x_wconf 81' lang='grc' dir='ltr'>ι)</span> <span class='ocrx_word' id='word_1_735' title='bbox 1881 4810 2037 4855; x_wconf 70' lang='lat' dir='ltr'><strong>terrm</strong></span> <span class='ocrx_word' id='word_1_736' title='bbox 2069 4803 2298 4870; x_wconf 85' lang='lat' dir='ltr'><strong>partium</strong></span> <span class='ocrx_word' id='word_1_737' title='bbox 2324 4804 2597 4873; x_wconf 76' lang='lat' dir='ltr'><strong>signorum</strong></span> <span class='ocrx_word' id='word_1_738' title='bbox 2658 4805 2875 4860; x_wconf 89' lang='lat' dir='ltr'><strong>cuilibet</strong></span> <span class='ocrx_word' id='word_1_739' title='bbox 2908 4822 2969 4859; x_wconf 77' lang='lat' dir='ltr'><strong>ex</strong></span> <span class='ocrx_word' id='word_1_740' title='bbox 3018 4822 3170 4876; x_wconf 71' lang='lat' dir='ltr'><strong>aequo</strong></span> <span class='ocrx_word' id='word_1_741' title='bbox 3210 4824 3433 4876; x_wconf 83' lang='lat' dir='ltr'><strong>respou-</strong></span> 
     </span>
    </p>
   </div>
   <div class='ocr_carea' id='block_1_96' title="bbox 192 4893 1775 4967">
    <p class='ocr_par' dir='ltr' id='par_1_96' title="bbox 192 4893 1775 4967">
     <span class='ocr_line' id='line_1_96' title="bbox 192 4893 1775 4967; baseline 0.002 -19"><span class='ocrx_word' id='word_1_742' title='bbox 192 4896 290 4949; x_wconf 78' lang='grc' dir='ltr'>διὰ</span> <span class='ocrx_word' id='word_1_743' title='bbox 336 4893 547 4962; x_wconf 82' lang='grc' dir='ltr'>ψύχους</span> <span class='ocrx_word' id='word_1_744' title='bbox 590 4893 915 4964; x_wconf 76' lang='grc' dir='ltr'>ὑπερϐολὴν,</span> <span class='ocrx_word' id='word_1_745' title='bbox 947 4894 1247 4966; x_wconf 82' lang='grc' dir='ltr'>ἀνθρώπων</span> <span class='ocrx_word' id='word_1_746' title='bbox 1298 4894 1466 4965; x_wconf 82' lang='grc' dir='ltr'>οῦσης</span> <span class='ocrx_word' id='word_1_747' title='bbox 1499 4898 1775 4967; x_wconf 73' lang='grc' dir='ltr'>ἀοικήτου,</span> 
     </span>
    </p>
   </div>
   <div class='ocr_carea' id='block_1_97' title="bbox 1877 4893 3435 4966">
    <p class='ocr_par' dir='ltr' id='par_1_97' title="bbox 1877 4893 3435 4966">
     <span class='ocr_line' id='line_1_97' title="bbox 1877 4893 3435 4966; baseline 0.005 -21"><span class='ocrx_word' id='word_1_748' title='bbox 1877 4893 2020 4954; x_wconf 89' lang='lat' dir='ltr'><strong>deat,</strong></span> <span class='ocrx_word' id='word_1_749' title='bbox 2048 4904 2210 4962; x_wconf 89' lang='lat' dir='ltr'><strong>atque</strong></span> <span class='ocrx_word' id='word_1_750' title='bbox 2239 4898 2644 4959; x_wconf 78' lang='lat' dir='ltr'><strong>coextendatur,</strong></span> <span class='ocrx_word' id='word_1_751' title='bbox 2683 4912 2744 4950; x_wconf 88' lang='lat' dir='ltr'><strong>ac</strong></span> <span class='ocrx_word' id='word_1_752' title='bbox 2777 4908 3055 4966; x_wconf 89' lang='lat' dir='ltr'><strong>propterea</strong></span> <span class='ocrx_word' id='word_1_753' title='bbox 3086 4901 3244 4953; x_wconf 87' lang='lat' dir='ltr'><strong>etiam</strong></span> <span class='ocrx_word' id='word_1_754' title='bbox 3266 4898 3435 4953; x_wconf 75' lang='lat' dir='ltr'><strong>:tﬂiui-</strong></span> 
     </span>
    </p>
   </div>
   <div class='ocr_carea' id='block_1_98' title="bbox 193 4983 1855 5060">
    <p class='ocr_par' dir='ltr' id='par_1_98' title="bbox 193 4983 1777 5059">
     <span class='ocr_line' id='line_1_98' title="bbox 193 4983 1777 5059; baseline 0.001 -19"><span class='ocrx_word' id='word_1_755' title='bbox 193 4986 295 5040; x_wconf 71' lang='grc' dir='ltr'>καὶ</span> <span class='ocrx_word' id='word_1_756' title='bbox 318 4983 604 5045; x_wconf 84' lang='grc' dir='ltr'>παντελῶς</span> <span class='ocrx_word' id='word_1_757' title='bbox 636 4983 730 5037; x_wconf 81' lang='grc' dir='ltr'><strong>ἀπ’</strong></span> <span class='ocrx_word' id='word_1_758' title='bbox 758 4984 935 5054; x_wconf 76' lang='grc' dir='ltr'>ἀρχῆς</span> <span class='ocrx_word' id='word_1_759' title='bbox 967 4986 1376 5055; x_wconf 73' lang='grc' dir='ltr'>ἁφωρισμένης.</span> <span class='ocrx_word' id='word_1_760' title='bbox 1408 4987 1472 5041; x_wconf 82' lang='lat' dir='ltr'><strong>Ei</strong></span> <span class='ocrx_word' id='word_1_761' title='bbox 1498 4988 1554 5041; x_wconf 79' lang='grc' dir='ltr'>δὲ</span> <span class='ocrx_word' id='word_1_762' title='bbox 1588 4988 1662 5059; x_wconf 83' lang='grc' dir='ltr'>μὴ</span> <span class='ocrx_word' id='word_1_763' title='bbox 1687 5006 1777 5041; x_wconf 84' lang='grc' dir='ltr'>το-</span> 
     </span>
    </p>
   </div>
   <div class='ocr_carea' id='block_1_99' title="bbox 1768 4983 3430 5060">
    <p class='ocr_par' dir='ltr' id='par_1_99' title="bbox 1768 4984 3430 5060">
     <span class='ocr_line' id='line_1_99' title="bbox 1768 4984 3430 5060; baseline 0.009 -29"><span class='ocrx_word' id='word_1_764' title='bbox 1768 5019 1777 5031; x_wconf 96' lang='grc'><em>.</em></span> <span class='ocrx_word' id='word_1_765' title='bbox 1877 4991 2039 5036; x_wconf 90' lang='lat' dir='ltr'><strong>tatem</strong></span> <span class='ocrx_word' id='word_1_766' title='bbox 2078 4984 2219 5038; x_wconf 89' lang='lat' dir='ltr'><strong>illam</strong></span> <span class='ocrx_word' id='word_1_767' title='bbox 2251 5001 2371 5039; x_wconf 90' lang='lat' dir='ltr'><strong>cum</strong></span> <span class='ocrx_word' id='word_1_768' title='bbox 2399 5001 2465 5040; x_wconf 91' lang='lat' dir='ltr'><strong>eo</strong></span> <span class='ocrx_word' id='word_1_769' title='bbox 2495 4988 2732 5041; x_wconf 85' lang='lat' dir='ltr'><strong>habeat?</strong></span> <span class='ocrx_word' id='word_1_770' title='bbox 2767 4987 3070 5044; x_wconf 66' lang='lat' dir='ltr'><strong>Prmsertim</strong></span> <span class='ocrx_word' id='word_1_771' title='bbox 3109 5006 3229 5045; x_wconf 86' lang='lat' dir='ltr'><strong>cunt</strong></span> <span class='ocrx_word' id='word_1_772' title='bbox 3262 5008 3430 5060; x_wconf 86' lang='lat' dir='ltr'><strong>nequc</strong></span> 
     </span>
    </p>
   </div>
   <div class='ocr_carea' id='block_1_100' title="bbox 194 5072 1779 5148">
    <p class='ocr_par' dir='ltr' id='par_1_100' title="bbox 194 5072 1779 5148">
     <span class='ocr_line' id='line_1_100' title="bbox 194 5072 1779 5148; baseline 0.001 -19"><span class='ocrx_word' id='word_1_773' title='bbox 194 5075 384 5137; x_wconf 71' lang='grc' dir='ltr'><strong>⁸πωιιιῖις</strong></span> <span class='ocrx_word' id='word_1_774' title='bbox 414 5072 523 5126; x_wconf 85' lang='grc' dir='ltr'><strong>τῶν</strong></span> <span class='ocrx_word' id='word_1_775' title='bbox 552 5074 651 5143; x_wconf 80' lang='grc' dir='ltr'>τῆς</span> <span class='ocrx_word' id='word_1_776' title='bbox 680 5073 788 5142; x_wconf 86' lang='grc' dir='ltr'>γῆς</span> <span class='ocrx_word' id='word_1_777' title='bbox 813 5074 1117 5144; x_wconf 85' lang='grc' dir='ltr'>τμημάτων</span> <span class='ocrx_word' id='word_1_778' title='bbox 1145 5076 1215 5129; x_wconf 82' lang='grc' dir='ltr'><strong>τά</strong></span> <span class='ocrx_word' id='word_1_779' title='bbox 1239 5075 1406 5138; x_wconf 77' lang='grc' dir='ltr'>ζώδια</span> <span class='ocrx_word' id='word_1_780' title='bbox 1434 5081 1656 5148; x_wconf 86' lang='grc' dir='ltr'>κρατεῖν</span> <span class='ocrx_word' id='word_1_781' title='bbox 1680 5079 1779 5131; x_wconf 84' lang='grc' dir='ltr'>λέ·-</span> 
     </span>
    </p>
   </div>
   <div class='ocr_carea' id='block_1_101' title="bbox 194 5163 1781 5237">
    <p class='ocr_par' dir='ltr' id='par_1_101' title="bbox 194 5163 1781 5237">
     <span class='ocr_line' id='line_1_101' title="bbox 194 5163 1781 5237; baseline 0 -17"><span class='ocrx_word' id='word_1_782' title='bbox 194 5182 373 5234; x_wconf 83' lang='grc' dir='ltr'>γοιεν,</span> <span class='ocrx_word' id='word_1_783' title='bbox 414 5163 548 5233; x_wconf 86' lang='grc' dir='ltr'>μηδὲ</span> <span class='ocrx_word' id='word_1_784' title='bbox 595 5163 891 5232; x_wconf 86' lang='grc' dir='ltr'>σωματικῷ</span> <span class='ocrx_word' id='word_1_785' title='bbox 921 5163 1141 5234; x_wconf 89' lang='grc' dir='ltr'>μεγέθει</span> <span class='ocrx_word' id='word_1_786' title='bbox 1171 5164 1311 5218; x_wconf 87' lang='grc' dir='ltr'>κατὰ</span> <span class='ocrx_word' id='word_1_787' title='bbox 1348 5165 1408 5219; x_wconf 84' lang='grc' dir='ltr'>τὸ</span> <span class='ocrx_word' id='word_1_788' title='bbox 1439 5166 1584 5236; x_wconf 75' lang='grc' dir='ltr'>ἔχειν</span> <span class='ocrx_word' id='word_1_789' title='bbox 1614 5168 1781 5237; x_wconf 82' lang='grc' dir='ltr'>αὐτῆς</span> 
     </span>
    </p>
   </div>
   <div class='ocr_carea' id='block_1_102' title="bbox 192 5254 1773 5329">
    <p class='ocr_par' dir='ltr' id='par_1_102' title="bbox 192 5254 1773 5329">
     <span class='ocr_line' id='line_1_102' title="bbox 192 5254 1773 5329; baseline 0.001 -18"><span class='ocrx_word' id='word_1_790' title='bbox 192 5260 258 5311; x_wconf 78' lang='grc' dir='ltr'>τὸ</span> <span class='ocrx_word' id='word_1_791' title='bbox 293 5257 523 5320; x_wconf 82' lang='grc' dir='ltr'>πλάτος,</span> <span class='ocrx_word' id='word_1_792' title='bbox 539 5254 664 5326; x_wconf 71' lang='grc'><strong>[669</strong></span> <span class='ocrx_word' id='word_1_793' title='bbox 692 5254 785 5327; x_wconf 68' lang='lat' dir='ltr'><strong>IL]</strong></span> <span class='ocrx_word' id='word_1_794' title='bbox 819 5255 1010 5309; x_wconf 62' lang='lat' dir='ltr'><strong>ana&quot;</strong></span> <span class='ocrx_word' id='word_1_795' title='bbox 1044 5258 1285 5325; x_wconf 79' lang='grc' dir='ltr'>φυσικῶς</span> <span class='ocrx_word' id='word_1_796' title='bbox 1308 5258 1518 5329; x_wconf 87' lang='grc' dir='ltr'>χαίρειν</span> <span class='ocrx_word' id='word_1_797' title='bbox 1546 5258 1773 5313; x_wconf 74' lang='grc' dir='ltr'>ἕκαστον</span> 
     </span>
    </p>
   </div>
   <div class='ocr_carea' id='block_1_103' title="bbox 192 5344 1775 5421">
    <p class='ocr_par' dir='ltr' id='par_1_103' title="bbox 192 5344 1775 5421">
     <span class='ocr_line' id='line_1_103' title="bbox 192 5344 1775 5421; baseline 0 -20"><span class='ocrx_word' id='word_1_798' title='bbox 192 5346 308 5401; x_wconf 83' lang='grc' dir='ltr'><strong>τῶν</strong></span> <span class='ocrx_word' id='word_1_799' title='bbox 341 5344 552 5410; x_wconf 76' lang='grc' dir='ltr'>ζωδίων</span> <span class='ocrx_word' id='word_1_800' title='bbox 580 5344 793 5415; x_wconf 75' lang='grc' dir='ltr'>ἑκάστῳ</span> <span class='ocrx_word' id='word_1_801' title='bbox 838 5346 995 5416; x_wconf 87' lang='grc' dir='ltr'>μέρει</span> <span class='ocrx_word' id='word_1_802' title='bbox 1037 5345 1138 5415; x_wconf 85' lang='grc' dir='ltr'>τῆς</span> <span class='ocrx_word' id='word_1_803' title='bbox 1166 5346 1301 5416; x_wconf 79' lang='grc' dir='ltr'>γῆς,</span> <span class='ocrx_word' id='word_1_804' title='bbox 1340 5348 1606 5418; x_wconf 86' lang='grc' dir='ltr'>περιττῶς</span> <span class='ocrx_word' id='word_1_805' title='bbox 1640 5349 1775 5421; x_wconf 83' lang='grc' dir='ltr'>πρὸς</span> 
     </span>
    </p>
   </div>
   <div class='ocr_carea' id='block_1_104' title="bbox 1879 5077 3430 5151">
    <p class='ocr_par' dir='ltr' id='par_1_104' title="bbox 1879 5077 3430 5151">
     <span class='ocr_line' id='line_1_104' title="bbox 1879 5077 3430 5151; baseline 0.005 -22"><span class='ocrx_word' id='word_1_806' title='bbox 1879 5083 2019 5129; x_wconf 84' lang='lat' dir='ltr'><strong>terra</strong></span> <span class='ocrx_word' id='word_1_807' title='bbox 2045 5077 2294 5129; x_wconf 82' lang='lat' dir='ltr'><strong>universa</strong></span> <span class='ocrx_word' id='word_1_808' title='bbox 2322 5077 2392 5132; x_wconf 91' lang='lat' dir='ltr'><strong>sit</strong></span> <span class='ocrx_word' id='word_1_809' title='bbox 2418 5079 2746 5144; x_wconf 81' lang='lat' dir='ltr'><strong>habitabilis,</strong></span> <span class='ocrx_word' id='word_1_810' title='bbox 2771 5079 2860 5133; x_wconf 89' lang='lat' dir='ltr'><strong>sed</strong></span> <span class='ocrx_word' id='word_1_811' title='bbox 2886 5094 2982 5148; x_wconf 92' lang='lat' dir='ltr'><strong>pro</strong></span> <span class='ocrx_word' id='word_1_812' title='bbox 3005 5082 3233 5134; x_wconf 82' lang='lat' dir='ltr'><strong>maxima</strong></span> <span class='ocrx_word' id='word_1_813' title='bbox 3258 5091 3430 5151; x_wconf 90' lang='lat' dir='ltr'><strong>parte.</strong></span> 
     </span>
    </p>
   </div>
   <div class='ocr_carea' id='block_1_105' title="bbox 1876 5166 3429 5240">
    <p class='ocr_par' dir='ltr' id='par_1_105' title="bbox 1876 5166 3429 5240">
     <span class='ocr_line' id='line_1_105' title="bbox 1876 5166 3429 5240; baseline 0.005 -21"><span class='ocrx_word' id='word_1_814' title='bbox 1876 5180 1988 5236; x_wconf 43' lang='lat' dir='ltr'><strong>prae</strong></span> <span class='ocrx_word' id='word_1_815' title='bbox 2019 5166 2184 5220; x_wconf 80' lang='grc' dir='ltr'>ιιὶηιίο</span> <span class='ocrx_word' id='word_1_816' title='bbox 2214 5168 2406 5236; x_wconf 89' lang='lat' dir='ltr'><strong>partim</strong></span> <span class='ocrx_word' id='word_1_817' title='bbox 2463 5169 2660 5234; x_wconf 90' lang='lat' dir='ltr'><strong>calore,</strong></span> <span class='ocrx_word' id='word_1_818' title='bbox 2699 5170 2896 5238; x_wconf 90' lang='lat' dir='ltr'><strong>partim</strong></span> <span class='ocrx_word' id='word_1_819' title='bbox 2942 5171 3157 5240; x_wconf 79' lang='lat' dir='ltr'><strong>frigore,</strong></span> <span class='ocrx_word' id='word_1_820' title='bbox 3202 5172 3429 5227; x_wconf 86' lang='lat' dir='ltr'><strong>habitari</strong></span> 
     </span>
    </p>
   </div>
   <div class='ocr_carea' id='block_1_106' title="bbox 1879 5258 3432 5333">
    <p class='ocr_par' dir='ltr' id='par_1_106' title="bbox 1879 5258 3432 5333">
     <span class='ocr_line' id='line_1_106' title="bbox 1879 5258 3432 5333; baseline 0.003 -21"><span class='ocrx_word' id='word_1_821' title='bbox 1879 5259 1949 5313; x_wconf 86' lang='lat' dir='ltr'><strong>ab</strong></span> <span class='ocrx_word' id='word_1_822' title='bbox 1984 5258 2295 5314; x_wconf 86' lang='lat' dir='ltr'><strong>hominibus</strong></span> <span class='ocrx_word' id='word_1_823' title='bbox 2324 5269 2572 5329; x_wconf 88' lang='lat' dir='ltr'><strong>nequeat,</strong></span> <span class='ocrx_word' id='word_1_824' title='bbox 2609 5261 2676 5316; x_wconf 88' lang='lat' dir='ltr'><strong>ab</strong></span> <span class='ocrx_word' id='word_1_825' title='bbox 2702 5262 2910 5317; x_wconf 68' lang='lat' dir='ltr'><strong>caeteris</strong></span> <span class='ocrx_word' id='word_1_826' title='bbox 2948 5265 3072 5318; x_wconf 90' lang='lat' dir='ltr'><strong>item</strong></span> <span class='ocrx_word' id='word_1_827' title='bbox 3119 5274 3275 5319; x_wconf 79' lang='lat' dir='ltr'><strong>teme</strong></span> <span class='ocrx_word' id='word_1_828' title='bbox 3311 5279 3432 5333; x_wconf 88' lang='lat' dir='ltr'><strong>par-</strong></span> 
     </span>
    </p>
   </div>
   <div class='ocr_carea' id='block_1_107' title="bbox 1884 5346 3429 5420">
    <p class='ocr_par' dir='ltr' id='par_1_107' title="bbox 1884 5346 3429 5420">
     <span class='ocr_line' id='line_1_107' title="bbox 1884 5346 3429 5420; baseline 0.005 -19"><span class='ocrx_word' id='word_1_829' title='bbox 1884 5348 2030 5401; x_wconf 88' lang='lat' dir='ltr'><strong>tibus</strong></span> <span class='ocrx_word' id='word_1_830' title='bbox 2054 5346 2165 5414; x_wconf 89' lang='lat' dir='ltr'><strong>jam</strong></span> <span class='ocrx_word' id='word_1_831' title='bbox 2192 5348 2324 5402; x_wconf 84' lang='lat' dir='ltr'><strong>inde</strong></span> <span class='ocrx_word' id='word_1_832' title='bbox 2360 5362 2389 5401; x_wconf 91' lang='lat' dir='ltr'><strong>a</strong></span> <span class='ocrx_word' id='word_1_833' title='bbox 2425 5350 2686 5420; x_wconf 89' lang='lat' dir='ltr'><strong>principio</strong></span> <span class='ocrx_word' id='word_1_834' title='bbox 2716 5351 2928 5420; x_wconf 88' lang='lat' dir='ltr'><strong>penitus</strong></span> <span class='ocrx_word' id='word_1_835' title='bbox 2979 5352 3249 5408; x_wconf 87' lang='lat' dir='ltr'><strong>distincta.</strong></span> <span class='ocrx_word' id='word_1_836' title='bbox 3281 5354 3429 5420; x_wconf 79' lang='lat' dir='ltr'><strong>Quod</strong></span> 
     </span>
    </p>
   </div>
   <div class='ocr_carea' id='block_1_108' title="bbox 1492 5484 2177 5544">
    <p class='ocr_par' dir='ltr' id='par_1_108' title="bbox 1492 5484 2177 5544">
     <span class='ocr_line' id='line_1_108' title="bbox 1492 5484 2177 5544; baseline -0.001 -3"><span class='ocrx_word' id='word_1_837' title='bbox 1492 5484 1729 5541; x_wconf 74' lang='lat' dir='ltr'><strong>VARUE</strong></span> <span class='ocrx_word' id='word_1_838' title='bbox 1773 5484 2177 5544; x_wconf 64' lang='lat' dir='ltr'><strong>&#39;JECTIONES.</strong></span> 
     </span>
    </p>
   </div>
   <div class='ocr_carea' id='block_1_109' title="bbox 269 5572 1805 5646">
    <p class='ocr_par' dir='ltr' id='par_1_109' title="bbox 269 5572 1805 5646">
     <span class='ocr_line' id='line_1_109' title="bbox 269 5572 1805 5646; baseline 0.001 -18"><span class='ocrx_word' id='word_1_839' title='bbox 269 5577 317 5608; x_wconf 84' lang='lat'>&quot;</span> <span class='ocrx_word' id='word_1_840' title='bbox 348 5572 640 5646; x_wconf 72' lang='grc' dir='ltr'>ἀνατολῆς]</span> <span class='ocrx_word' id='word_1_841' title='bbox 670 5575 778 5629; x_wconf 89' lang='lat' dir='ltr'><strong>imo</strong></span> <span class='ocrx_word' id='word_1_842' title='bbox 806 5575 1089 5645; x_wconf 77' lang='grc' dir='ltr'>ἀνατολὴν.</span> <span class='ocrx_word' id='word_1_843' title='bbox 1167 5577 1210 5609; x_wconf 71' lang='grc'><strong>⁷⁸</strong></span> <span class='ocrx_word' id='word_1_844' title='bbox 1242 5575 1444 5643; x_wconf 76' lang='grc' dir='ltr'>ζώδων,</span> <span class='ocrx_word' id='word_1_845' title='bbox 1464 5588 1521 5633; x_wconf 90' lang='lat' dir='ltr'><strong>ut</strong></span> <span class='ocrx_word' id='word_1_846' title='bbox 1552 5578 1707 5643; x_wconf 81' lang='lat' dir='ltr'><strong>solet,</strong></span> <span class='ocrx_word' id='word_1_847' title='bbox 1742 5579 1805 5630; x_wconf 88' lang='grc' dir='ltr'><strong>Λ.</strong></span> 
     </span>
    </p>
   </div>
   <div class='ocr_carea' id='block_1_110' title="bbox 1884 5576 2512 5646">
    <p class='ocr_par' dir='ltr' id='par_1_110' title="bbox 1884 5576 2512 5646">
     <span class='ocr_line' id='line_1_110' title="bbox 1884 5576 2512 5646; baseline 0 -17"><span class='ocrx_word' id='word_1_848' title='bbox 1884 5576 1928 5608; x_wconf 79' lang='grc'><strong>⁸⁸</strong></span> <span class='ocrx_word' id='word_1_849' title='bbox 1956 5577 2089 5629; x_wconf 78' lang='grc' dir='ltr'>ἀλλὰ</span> <span class='ocrx_word' id='word_1_850' title='bbox 2139 5576 2272 5646; x_wconf 79' lang='grc' dir='ltr'>μηδὲ</span> <span class='ocrx_word' id='word_1_851' title='bbox 2303 5592 2428 5645; x_wconf 79' lang='grc' dir='ltr'>φυσ.</span> <span class='ocrx_word' id='word_1_852' title='bbox 2452 5590 2512 5641; x_wconf 81' lang='grc' dir='ltr'>ς.</span> 
     </span>
    </p>
   </div>
   <div class='ocr_carea' id='block_1_111' title="bbox 1722 5716 1950 5772">
    <p class='ocr_par' dir='ltr' id='par_1_111' title="bbox 1722 5716 1950 5772">
     <span class='ocr_line' id='line_1_111' title="bbox 1722 5716 1950 5772; baseline 0.004 -1"><span class='ocrx_word' id='word_1_853' title='bbox 1722 5716 1950 5772; x_wconf 65' lang='lat' dir='ltr'><strong>NOTAE.</strong></span> 
     </span>
    </p>
   </div>
   <div class='ocr_carea' id='block_1_112' title="bbox 270 5777 3355 5884">
    <p class='ocr_par' dir='ltr' id='par_1_112' title="bbox 270 5777 3355 5884">
     <span class='ocr_line' id='line_1_112' title="bbox 270 5777 3355 5884; baseline 0.001 -19"><span class='ocrx_word' id='word_1_854' title='bbox 270 5777 389 5878; x_wconf 52' lang='grc' dir='ltr'><strong>(ωδ</strong></span> <span class='ocrx_word' id='word_1_855' title='bbox 419 5806 655 5863; x_wconf 80' lang='grc' dir='ltr'>Ἕνδεκα</span> <span class='ocrx_word' id='word_1_856' title='bbox 684 5805 986 5877; x_wconf 77' lang='lat' dir='ltr'><strong>legendum,</strong></span> <span class='ocrx_word' id='word_1_857' title='bbox 1022 5807 1345 5863; x_wconf 85' lang='lat' dir='ltr'><strong>ut.calculus</strong></span> <span class='ocrx_word' id='word_1_858' title='bbox 1369 5810 1593 5878; x_wconf 90' lang='lat' dir='ltr'><strong>quadret</strong></span> <span class='ocrx_word' id='word_1_859' title='bbox 1618 5826 1631 5864; x_wconf 91' lang='lat'><strong>:</strong></span> <span class='ocrx_word' id='word_1_860' title='bbox 1660 5810 1759 5867; x_wconf 90' lang='lat' dir='ltr'><strong>nisi</strong></span> <span class='ocrx_word' id='word_1_861' title='bbox 1786 5810 1923 5865; x_wconf 88' lang='lat' dir='ltr'><strong>libro</strong></span> <span class='ocrx_word' id='word_1_862' title='bbox 1954 5809 2258 5879; x_wconf 83' lang='lat' dir='ltr'><strong>insequenti</strong></span> <span class='ocrx_word' id='word_1_863' title='bbox 2303 5813 2611 5869; x_wconf 70' lang='lat' dir='ltr'><strong>vicesimum</strong></span> <span class='ocrx_word' id='word_1_864' title='bbox 2640 5823 2798 5884; x_wconf 87' lang='lat' dir='ltr'><strong>caput</strong></span> <span class='ocrx_word' id='word_1_865' title='bbox 2834 5814 3053 5869; x_wconf 87' lang='lat' dir='ltr'><strong>Photius</strong></span> <span class='ocrx_word' id='word_1_866' title='bbox 3099 5814 3355 5871; x_wconf 87' lang='lat' dir='ltr'><strong>omiserit.</strong></span> 
     </span>
    </p>
   </div>
  </div>
