4208 6448
732 442 840 509 839

1881 408 2145 473 ΡΠΟΤΠ
2184 394 2694 466 ΡΛΤῐῖῐΑῐὶΟΙΙΕ
2730 395 2841 454 CP.

3883 379 3987 444 840

732 561 777 614 si
809 572 915 611 non
946 552 1154 607 ratione
1195 546 1334 601 situs
1352 536 1579 609 singulis
1620 545 1776 588 terra:
1805 527 2134 582 sectionibus
2155 524 2308 590 signa

2422 515 2479 569 τά
2505 515 2760 585 σχήματα
2782 507 2891 562 τῶν
2917 503 3124 570 ζωδίων
3146 499 3238 553 καὶ
3268 498 3372 569 γῆς
3402 496 3603 560 τόπους
3628 495 3987 564 ἀπονέμουσιν

2488 607 2509 614 -
2616 602 2630 614 -
2766 598 2792 610 ~
3121 590 3311 614 -,_\_2-
3345 588 3536 614 1:-..L-
3576 604 3730 614 -,,,,.,
3778 588 3867 614 ..-ι
3906 587 3987 614 ι,

736 652 1001 717 imperare
1019 637 1274 699 dixerint,
1301 645 1474 699 neque
1499 627 1705 683 ratione
1736 631 2009 687 corporeae
2038 613 2312 684 magnitu-

738 702 897 797 ditlis.
914 734 1065 803 quasi
1087 742 1239 783 terrze
1256 727 1507 779 nimirum
1524 720 1756 772 habeant
1774 707 2199 777 amplitudinem,
2219 702 2313 757 sed

741 845 916 897 neque
944 825 1143 895 211a
1168 819 1375 873 ratione
1397 824 1600 867 natura:
1619 808 1849 875 gaudere
1876 798 2116 869 singulas
2142 792 2313 862 signi-

749 885 847 975 feri
886 885 1065 989 par-tots
1110 910 1336 981 singulis
1365 916 1523 959 terra:
1556 900 1819 969 partibus,
1866 895 2061 946 frustra
2094 885 2317 940 omnino

744 978 898 1083 juxta
934 1011 1133 1080 figuras
1175 978 1474 1073 signoruni,
1497 997 1656 1049 etiam
1689 1001 1843 1045 terra:
1876 988 1989 1039 loca
2009 978 2341 1035 distribuunt

833 1290 1030 1344 Adhmc
1058 1284 1151 1357 [si]
1190 1280 1394 1351 singula
1440 1273 1681 1345 signiferi
1710 1271 1859 1338 signa
1897 1263 2123 1333 singulis
2156 1270 2315 1313 terra:

756 1379 1109 1441 sectionibus,
1141 1377 1213 1427 ita
1261 1381 1464 1423 natura:
1492 1366 1701 1418 ratione
1733 1360 2021 1427 gaudeant,
2056 1363 2114 1404 ut
2142 1360 2198 1403 et
2229 1348 2321 1401 lae-

762 1478 892 1529 dant
922 1470 1038 1538 ejus
1062 1475 1242 1536 partes
1275 1478 1339 1515 ac
1376 1458 1588 1516 vitieut.
1636 1455 1717 1507 vel
1752 1464 1907 1505 terrae
1940 1445 2193 1507 motibus,
2241 1442 2325 1494 vel

762 1566 938 1622 bellis.
964 1562 1043 1613 vel
1066 1534 1205 1628 ignis
1228 1550 1640 1611 vastationibus,
1669 1544 1749 1597 vel
1781 1540 2088 1596 sterilitate,
2115 1534 2329 1603 quoties

766 1655 1059 1720 malignum
1108 1646 1321 1715 aliquod
1372 1644 1518 1696 sidus
1569 1644 1813 1705 apparet,
1844 1643 1896 1687 et
1927 1642 2111 1685 contra
2145 1628 2334 1697 juvent

768 1746 1022 1805 maxime,
1076 1737 1429 1806 agricultura,
1477 1727 1848 1788 a'dificatione,
1897 1724 2161 1784 ubertate,
2210 1719 2332 1769 dum

771 1804 1059 1897 benignum
1095 1804 1310 1891 aliquod
1356 1821 1506 1873 sidus
1539 1817 1603 1868 ad
1637 1828 1731 1867 eas
1762 1811 2000 1865 defertur
2027 1826 2039 1871 ;
2070 1804 2337 1874 quomodo

771 1924 957 1975 adlnec
1006 1919 1119 1971 loca
1164 1914 1407 1981 quaedam
1454 1908 1814 1974 reperiuntur,
1850 1916 1966 1969 quae
2001 1902 2068 1951 ob
2113 1898 2335 1950 nimium

773 2014 887 2067 sive
930 2008 1122 2077 frigus,
1151 2005 1267 2058 sive
1300 2003 1531 2053 calorem
1562 1997 1785 2049 omnino
1819 1993 2032 2045 deserta
2080 1995 2337 2054 perpetuo

776 2108 1059 2157 remanent
1102 2114 1115 2150 :
1160 2110 1333 2163 neque.
1391 2091 1474 2143 vel
1529 2086 1826 2143 beneﬁcum
1878 2080 2093 2147 aliquod
2134 2088 2335 2130 astrum

777 2194 988 2248 Sublata
1040 2187 1336 2243 solitudine
1372 2182 1683 2249 temperiem
1733 2178 1883 2232 hisce
1918 2173 2116 2231 attulit,
2153 2170 2235 2221 vel
2272 2168 2337 2219 ad

779 2283 1103 2340 habitabiles
1152 2282 1299 2332 locos
1340 2276 1627 2343 malignum
1679 2272 1889 2336 signum
1936 2264 2252 2324 ascendens,
2287 2262 2338 2313 in

779 2391 983 2431 meram
1014 2389 1109 2427 eos
1132 2368 1475 2424 solitudinem
1514 2382 1574 2417 ac
1606 2365 1906 2415 vastitatem
1956 2354 2200 2424 redegit?
2231 2351 2341 2405 Etsi

780 2470 921 2523 enim
948 2468 1033 2519 hic
1064 2462 1391 2531 contigerint
1420 2457 1710 2525 aliquando
1735 2453 2030 2515 eluviones,
2060 2446 2142 2501 vel
2181 2460 2343 2513 gran-

782 2562 968 2613 dinum
1014 2568 1105 2610 aut
1140 2554 1422 2605 fulminum
1451 2550 1612 2607 ictus.
1641 2546 1841 2615 quibus
1886 2556 1947 2593 ea
1982 2554 2099 2606 qua:
2134 2537 2186 2589 in
2215 2535 2346 2603 ipsis

782 2660 927 2711 sunt,
958 2649 1195 2715 perirent
1221 2661 1233 2696 ;
1270 2652 1510 2695 attamen
1540 2634 1851 2707 συμμετρία
1876 2647 2059 2684 τηε-8ης
2088 2630 2202 2681 hrec
2230 2628 2346 2680 loca

783 2741 850 2792 ad
894 2740 1191 2791 naturalem
1226 2735 1527 2787 ubertatem
1560 2728 1797 2789 reduxit,
1832 2740 1952 2777 cum
1988 2722 2091 2775 illis
2117 2718 2350 2773 desertis

786 2843 1057 2895 nunquam
1107 2827 1320 2893 aliquod
1367 2824 1628 2874 hactenus
1670 2816 1793 2869 felix
1827 2824 2031 2868 astrum
2068 2809 2348 2879 profuerit.

788 2922 894 2975 Sed
918 2930 1111 2971 natura
1148 2915 1401 2969 nimirum
1437 2912 1663 2973 obtinet,
1694 2922 1816 2960 cum
1865 2906 1917 2957 in
1949 2901 2349 2960 solitudinibus,

788 3025 897 3064 tum
951 3010 1289 3075 ubicunque,
1324 3021 1426 3057 non
1472 3002 1657 3055 eadem
1699 3000 1783 3051 illa
1837 2999 1995 3049 rebus
2040 2992 2286 3046 omnibus
2323 3004 2351 3041 a

2417 607 2539 668 ταῖς
2575 602 2675 673 μὲν
2700 598 2795 652 τοῦ
2823 595 3085 666 καρκίνου
3120 590 3311 663 χηλαῖς
3344 588 3536 657 ἐξοχάς
3576 604 3730 646 τινας
3778 588 3873 637 καὶ
3904 587 3997 638 ὲκ.

2417 697 2604 755 τάσεις
2635 690 2791 751 ἐκτὸς
2813 686 2911 739 τοῦ
2938 685 3063 739 ὅλου
3112 680 3401 751 μεγέθους,
3429 681 3543 740 τοῖς
3568 679 3626 731 δὲ
3663 676 3760 729 τοῦ
3793 677 3998 745 ταύρου

2421 788 2618 857 κέρασι
2649 781 2745 835 καὶ
2787 780 2900 840 τοῖς
2944 776 3103 828 ποσὶν
3135 769 3459 844 ἑτέρους,τῷ
3488 770 3585 839 τῆς
3619 767 3839 838 φύσεως
3871 768 4001 836 σχή-

2426 892 2556 945 ματι
2586 867 3023 942 παραπλησίους.

2379 977 2487 1025 :ut
2540 980 2663 1021 cum
2711 961 2893 1018 cancri
2946 956 3115 1015 chelis
3175 955 3289 1008 sive
3329 952 3619 1021 forcipibus
3697 951 4002 1005 eminentes

2488 1250 2610 1302 Ἔτι
2636 1247 2703 1312 ,δὲ
2734 1247 2783 1298 εί
2814 1242 2994 1315 χαίρει
3032 1239 3140 1293 τῶν
3184 1235 3391 1301 ζωδίων
3435 1235 3669 1287 ἕκαστον
3730 1230 3987 1300 φυσικῶς

2418 1343 2634 1410 ἑκάστῳ
2677 1340 2831 1409 μέρει
2871 1335 2973 1403 τῆς
3017 1332 3144 1400 γῆς,
3174 1329 3272 1382 καὶ
3324 1327 3555 1398 βλάπτει
3602 1325 3701 1392 μὲν
3732 1321 3913 1389 αὐτῆς
3940 1320 4009 1372 τὰ

2425 1434 2565 1505 μέρη
2596 1434 2691 1485 καὶ
2720 1426 2974 1496 ἀφανίζει
3012 1424 3046 1495 ἢ
3084 1422 3325 1490 σεισμοῖς
3349 1420 3395 1451 ⁸¹
3426 1418 3460 1487 ἢ
3492 1416 3757 1484 πολέμοις
3788 1413 3824 1482 ἢ
3855 1428 4001 1479 πυρα

2427 1526 2720 1595 πολὴσεσιν
2768 1522 2802 1591 ἢ
2864 1516 3119 1587 ἀφορίαις
3175 1508 3471 1566 κακοποιοῦ
3529 1507 3789 1576 φανέντος
3846 1503 3943 1556 τοῦ
3965 1503 4011 1533 ⁸⁸

2431 1618 2680 1688 ἀστέρος,
2710 1612 2912 1680 ὠφελεῖ
2938 1607 2994 1660 δὲ
3025 1606 3091 1659 τά
3134 1605 3369 1674 μέγιστα
3397 1599 3506 1652 τῶν
3548 1595 3897 1665 ἀγαθοποιῶν
3936 1611 4017 1646 τι-

2433 1726 2524 1772 νος
2564 1709 2645 1770 είς
2678 1704 2811 1759 αὐτὸ
2856 1700 3180 1773 ἐρχομένου,
3210 1694 3520 1766 γηπονίαις,
3557 1690 3863 1760 εὐφορίαις,
3894 1688 4013 1751 πῶς

2435 1801 2541 1852 εἰσι
2568 1795 2828 1861 τόποιδιά
2857 1793 3058 1862 κρύους
3084 1788 3118 1858 ἢ
3145 1787 3382 1847 θάλπους
3408 1781 3713 1853 ὑπερϐολὴν
3740 1780 3833 1833 διὰ
3869 1795 4014 1831 παν-

2435 1892 2527 1953 τὸς
2582 1891 2803 1942 πάντων
2852 1886 3072 1955 ἔρημοι,
3125 1879 3218 1933 καὶ
3264 1876 3387 1931 οὔτε
3443 1872 3775 1943 ἀγαθοποιδς
3827 1870 4015 1931 αὐτοῖς

2437 1980 2624 2051 ἀφεῖλε
2679 1978 2777 2048 τὴν
2825 1976 3083 2046 ἐρημίαν,
3120 1971 3361 2038 παρέσχε
3390 1968 3447 2022 δὲ
3473 1967 3573 2035 τὴν
3619 1963 3922 2032 εὐκρασίαν
3945 1960 4014 2022 ⁸⁸,

2438 2074 2561 2127 οὔτε
2588 2071 2718 2133 τοὺς
2745 2067 3072 2137 οἰκησίμους
3103 2064 3302 2123 τόπους
3325 2056 3617 2119 κακοποιὸς
3645 2052 3822 2116 οὐδεὶς
3846 2053 4018 2118 ἔπεμ-

2439 2165 2643 2218 ϐαίνων
2689 2160 2799 2214 τῶν
2854 2158 3061 2222 ζωδίων
3099 2154 3182 2216 εἰς
3212 2149 3450 2218 παντελῆ
3485 2144 3718 2217 ἐρημίαν
3739 2143 3837 2196 καὶ
3867 2144 4015 2208 ἀφα-

2440 2254 2631 2325 νισμὸν
2684 2247 3123 2322 μετεσκεύασενς
3154 2245 3203 2297 εί
3234 2243 3343 2311 γὰρ
3372 2240 3469 2293 καὶ⁵
3493 2237 3734 2308 γένοιντο
3759 2234 3891 2308 [547
3923 2232 4016 2305 IL]

2443 2341 2883 2413 κατακλυσμοὶῆ
2922 2338 3162 2410 χαλάζης
3217 2336 3251 2406 ἢ
3306 2330 3585 2404 κεραυνῶν
3623 2328 3801 2398 βολαὶ,
3847 2328 3918 2379 τά
3962 2329 4020 2378 ὲν

2445 2440 2630 2499 αὐτοῖς
2678 2431 3053 2502 ἀφανίζοντες,
3084 2428 3199 2482 ἀλλ’
3231 2428 3264 2496 ἡ
3294 2424 3608 2494 συμμετρία
3651 2419 3820 2475 πάλιν
3852 2420 3936 2480 είς
3962 2417 4021 2471 τὸ

2446 2532 2591 2586 κατά
2616 2528 2776 2597 φύσιν
2802 2526 3030 2595 εῦφορον
3060 2520 3253 2583 αὐτοὺς
3281 2518 3617 2587 ἐπανήγαγε.
3640 2514 3781 2576 Τοὺς
3809 2513 3870 2567 δὲ
3894 2511 4022 2581 Ep!)-

2453 2641 2583 2693 μους
2604 2622 2803 2680 τόπους
2847 2618 3001 2670 οῠπω
3033 2632 3117 2676 τις
3149 2612 3429 2680 ὠφέλησεν
3456 2606 3785 2677 άγαθοποιὸς
3818 2604 4019 2673 ἀστὴρ,

2452 2717 2566 2769 ἀλλ’
2601 2716 2635 2783 ἡ
2674 2712 2833 2781 φύσις
2871 2709 3064 2778 κρατεῖ
3114 2705 3209 2758 κα)⁸
3233 2706 3291 2757 ὲν
3318 2702 3577 2773 ἐρημίαις
3613 2699 3710 2753 καὶ
3733 2694 4017 2764 πανταχοῦ

2456 2807 2607 2875 παρά
2656 2802 2793 2855 Θεοῦ
2823 2804 2935 2862 τοῖς
2968 2798 3087 2852 οῦσι
3125 2796 3399 2865 διαφόρως
3426 2792 3667 2855 δοθεῖσα,
3695 2789 3791 2842 καὶ
3818 2787 3933 2841 οὔτ’
3957 2785 4023 2839 ἂν

2454 2897 2606 2957 ὑετὸς
2655 2888 3005 2959 κατενεχθείη
3035 2890 3169 2940 ὅπου
3213 2887 3288 2954 μὴ
3323 2883 3590 2951 πέφυκεν,
3629 2878 3741 2932 οὒτ’
3770 2878 3841 2930 ἂν
3878 2892 4025 2945 νιφε-

2454 2988 2562 3040 τῶν
2618 2981 2961 3048 ἀπαλλαγείη
3017 2979 3085 3030 τά
3133 2978 3220 3029 διὰ
3263 2974 3461 3035 παντὸς
3495 2970 3730 3041 φέροντα
3778 2965 4025 3036 κρυμβῦς

791 3105 895 3156 Deo
933 3103 1118 3163 indita,
1151 3112 1207 3151 nt
1251 3113 1424 3162 neque
1459 3094 1631 3163 pluvia
1661 3091 1734 3144 ibi
1763 3087 1977 3141 decidat
2004 3086 2091 3139 tibi
2130 3098 2223 3151 per
2258 3096 2341 3134 na-

2454 3076 2697 3146 άγρίους.
2742 3074 2803 3125 Εἰ
2828 3070 2884 3122 δὲ
2910 3070 3041 3122 αὐτὸ
3081 3068 3181 3134 τῆς
3209 3065 3319 3118 τῶν
3352 3064 3531 3117 τόπων
3559 3060 3777 3130 φύσεως
3804 3057 3869 3110 τὺ
3893 3058 4025 3126 ἀμε-

789 3201 962 3242 tnram
998 3202 1102 3240 non
1159 3184 1321 3242 solet,
1370 3195 1542 3247 neque
1592 3180 1806 3230 nivibus
1841 3189 2074 3241 unquam
2128 3170 2214 3223 illa
2265 3182 2341 3219 ca-

2454 3168 2719 3236 τάϐλητον
2768 3165 2965 3231 δεῖγμα
3000 3159 3336 3228 λαμϐάνουσι
3390 3152 3482 3206 τοῦ
3540 3153 3749 3221 χαίρειν
3798 3149 4025 3201 ἕκαστον

788 3289 959 3341 reant,
996 3290 1332 3347 quaacunque
1370 3271 1625 3325 immania
1662 3268 1769 3336 pati
1822 3265 2022 3333 frigora
2062 3273 2341 3315 consueve-

2458 3262 2652 3325 ζώδιον
2682 3255 2901 3323 ἑκάστῳ
2930 3252 3085 3321 μέρει
3111 3251 3238 3317 γῆς,
3277 3249 3334 3300 αἱ
3363 3245 3472 3298 ἀπὸ
3501 3240 3768 3311 εὐφοριῶν
3791 3241 3873 3301 εἰς
3898 3240 4029 3304 ἀφο-

792 3384 933 3424 runt.
965 3368 1115 3434 Quod
1166 3370 1209 3419 si
1256 3365 1349 3432 qui
1388 3362 1613 3413 forsitan
1670 3354 2060 3411 immutabilem
2109 3353 2249 3405 hunc
2303 3350 2336 3401 it

2422 3403 2426 3423 ,
2463 3355 2583 3425 ρίας
2617 3348 2910 3419 μεταϐολαὶ
2959 3344 3055 3397 καὶ
3090 3344 3136 3394 oi
3167 3339 3382 3408 σεισμοὶ
3425 3336 3486 3389 τὸ
3520 3334 3815 3401 λεγόμενον
3846 3331 4027 3389 αὐτοῖς

790 3465 1026 3517 locorum
1067 3469 1259 3511 natura
1307 3456 1553 3510 ordinem
1590 3465 1687 3519 pro
1734 3448 1936 3502 indicio
1982 3457 2145 3513 atque
2199 3458 2341 3507 argui

2460 3424 2683 3503 ἀσθενὶς
2712 3439 3076 3506 διελέγχουσι·
3109 3432 3220 3485 τῶν
3274 3430 3372 3500 μὲν
3404 3427 3514 3496 γὰρ
3568 3424 3791 3491 ἀγαθῶν
3849 3424 4026 3474 τόπων

791 3571 977 3614 mento
1008 3560 1311 3611 assumant.
1358 3548 1502 3617 quod
1540 3542 1749 3611 singula
1787 3537 2029 3608 signiferi
2065 3537 2216 3605 signa
2251 3535 2341 3587 sin

2460 3535 2721 3594 πολλάκις
2767 3526 3036 3600 ἠφανίσθη
3062 3524 3121 3576 τὸ
3156 3520 3443 3592 εὔκρατον,
3469 3518 3576 3569 τῶν
3599 3515 3655 3567 δὲ
3686 3515 3915 3583 ἐρήμων
3949 3511 4027 3563 οὐ·

791 3654 929 3717 gulis
971 3661 1131 3703 terra:
1160 3642 1407 3712 partibus
1437 3638 1746 3705 gaudeant:
1779 3640 1924 3683 certe
1970 3626 2262 3679 fertilitatis
2310 3625 2362 3676 in

793 3744 1138 3797 sterilitatem
1167 3732 1640 3790 commutationes,
1674 3736 1939 3789 terraeque
1969 3719 2136 3788 ipsius
2162 3723 2363 3778 motus,

796 3833 1121 3889 imbecillum
1151 3842 1275 3883 esse
1303 3826 1493 3878 horum
1524 3826 1902 3888 argumentum
1943 3812 2072 3865 satis
2105 3814 2359 3876 arguunt.

793 3924 927 3978 Nam
953 3923 1050 3977 etsi
1081 3920 1316 3974 felicium
1345 3915 1583 3967 locorum
1614 3913 2097 3975 temperamentum
2126 3909 2363 3968 persa‘pe

795 4015 1040 4085 perierit,
1094 4007 1443 4066 solitudinum
1484 4012 1661 4055 tamen
1695 3992 2067 4050 inhabitabilis
2097 3988 2363 4057 asperitas

797 4083 1070 4170 nunquam
1108 4102 1389 4153 immutata
1436 4101 1541 4145 est.
1578 4088 1696 4141 Haec
1751 4086 1913 4154 igitur
1946 4083 2031 4135 illa
2068 4089 2194 4133 sunt
2244 4091 2365 4145 qua:

799 4193 1072 4247 tricesimo
1114 4188 1291 4255 capite
1335 4184 1409 4237 ita
1454 4190 1772 4240 tractantur,
1810 4185 1868 4228 ut

2458 3618 2738 3673 δεπώποτε
2787 3611 3096 3685 μετεϐλήθη
3127 3609 3188 3661 τὸ
3219 3609 3408 3677 άγριον
3458 3606 3552 3658 καὶ
3600 3605 3881 3671 ἀοίκητον.
3912 3600 4028 3652 Τῶν

2467 3710 2565 3781 μὲν
2596 3707 2689 3760 οῦν
2720 3709 2778 3758 ὲν
2830 3704 2907 3773 τῷ
2934 3703 2976 3754 λ’
3008 3699 3287 3768 κεφαλαίῳ
3329 3698 3428 3749 ὅσα
3460 3694 3522 3746 τὸ
3572 3691 3866 3745 ἀκόλουθόν
3916 3705 4029 3750 πως

2471 3800 2611 3872 μετά
2641 3798 2733 3850 τοῦ
2768 3792 2992 3849 πιθανοῦ
3026 3788 3161 3861 εἶχε,
3221 3788 3392 3842 ταῦτά
3438 3788 3585 3839 ἐστι·
3614 3784 3723 3837 τῶν
3762 3782 3807 3835 δ’
3858 3781 4028 3834 ἀλλων

2468 3871 2537 3945 τὰ
2592 3890 2689 3959 μὲν
2718 3890 2829 3949 τοῖς
2878 3880 3211 3953 προλαϐοῦσι
3242 3878 3557 3945 κεφαλαίοις
3587 3874 3932 3945 προείρηται,
3965 3871 4031 3923 τά

2468 3983 2526 4036 δὲ
2583 3980 2725 4033 κατά
2763 3976 2823 4029 τὸ
2866 3973 3188 4044 φαινόμενον
3220 3970 3417 4040 μᾶλλον
3448 3968 3542 4020 καὶ
3569 3966 3891 4018 ἐπιπόλαιον
3955 3962 4031 4015 δυ-

2473 4082 2823 4126 εσκευασται.

1922 4171 2364 4238 eonsequentiam
2408 4168 2646 4234 aliquam
2699 4168 2755 4211 et
2808 4153 3242 4225 probabilitatem
3303 4150 3558 4210 habeant,
3623 4156 3818 4199 caetera
3884 4158 4028 4210 vero,

799 4285 994 4355 partim
1024 4281 1291 4349 capitibus
1336 4275 1478 4328 dicta
1513 4280 1637 4326 sunt
1670 4267 2122 4337 prreeedentibus,
2170 4263 2365 4332 partim
2409 4262 2462 4314 in
2500 4255 2733 4326 speciem
2762 4252 3019 4304 duntaxat
3043 4247 3365 4299 exteriorem
3402 4242 3659 4293 instructa
3692 4239 3960 4293 ridentur.

2558 4352 2611 4355 __
2675 4349 2713 4355 --
2796 4345 2819 4355 .-
2856 4344 2870 4355 ι
2923 4343 2935 4355 ι
2968 4342 2991 4355 ι
3192 4342 3213 4355 ο
3250 4336 3337 4355 κιρ
3368 4335 3471 4355 ΑΡ..
3516 4332 3851 4355 ι----·.ι------
3883 4332 3960 4355 θέε·

870 4380 939 4432 At
965 4376 1138 4444 primo
1182 4381 1235 4424 et
1272 4368 1548 4421 tricesimo
1592 4365 1773 4431 capite
1821 4360 2216 4428 astrologormn
2249 4358 2368 4424 opi-
2402 4360 2447 4415 D

799 4470 1016 4521 nionem
1062 4462 1413 4516 labefactans.
1458 4457 1529 4509 ita
1562 4454 1791 4522 qua:rit:
1824 4450 1934 4504 Cur
1970 4448 2175 4501 zodiaci
2213 4449 2367 4513 signa

799 4559 1093 4613 errantium
1127 4552 1407 4607 stellarum
1434 4549 1621 4599 domos
1653 4541 1960 4611 appellant?
1987 4540 2067 4593 An
2101 4539 2223 4605 quia
2257 4538 2371 4590 haec

803 4653 853 4701 iit
905 4648 1044 4701 cmlo
1091 4646 1190 4696 lixa
1226 4640 1395 4695 sum?
1446 4638 1585 4705 Ergo
1644 4641 1913 4703 quotquot
1960 4630 2207 4684 similiter
2263 4628 2367 4680 ﬁxa

802 4748 1019 4792 manent
1066 4746 1236 4793 astra,
1269 4734 1505 4797 ipsorum
1536 4743 1688 4793 teque
1733 4727 1924 4776 domus
1960 4721 2178 4774 fuerint.
2212 4718 2365 4781 Non;

802 4832 893 4882 sed
924 4829 1050 4895 quia
1094 4839 1196 4877 non
1232 4819 1536 4875 errantium
1577 4816 1855 4868 stellarum
1893 4812 2147 4880 qnaalibet
2176 4807 2371 4877 gaudet

803 4906 996 4991 21111
1040 4926 1277 4973 errante.
1313 4912 1452 4978 Quin
1492 4912 1652 4978 igitur
1694 4918 1748 4961 et
1803 4905 2029 4974 planetae
2088 4901 2367 4969 signorum

805 5013 1006 5067 Zodiaci
1069 5012 1261 5061 domus
1325 4999 1704 5071 appellantur?
1763 4995 2044 5061 Quomodo
2089 5006 2190 5043 non
2245 4991 2371 5041 item

804 5110 995 5157 domus
1035 5100 1262 5152 invicem
1298 5102 1421 5148 sunt
1470 5090 1698 5144 benefici
1735 5085 2089 5155 prosperique
2123 5081 2372 5149 planeta‘,

804 5205 858 5247 et
890 5190 1120 5246 maleﬁci
1150 5207 1163 5242 :
1204 5189 1311 5241 imo
1342 5194 1396 5235 ct
1425 5198 1545 5252 qua:
1572 5180 1673 5233 sibi
1710 5188 1898 5230 mutuo
1932 5172 2214 5225 familiaria
2250 5178 2376 5221 sunt

806 5284 1013 5339 zodiaci
1069 5282 1241 5349 signa.
1283 5276 1339 5329 Si
1401 5287 1527 5326 vero
1584 5280 1890 5339 propterea,
1944 5264 2084 5333 quod
2136 5263 2287 5329 signa
2345 5272 2375 5311 e

810 5378 994 5433 multis
1048 5377 1439 5439 componantur
1494 5364 1685 5425 stellis,
1733 5375 1854 5413 cum
1908 5356 2100 5424 singuli
2148 5353 2373 5420 planette

807 5472 965 5524 unius
1003 5464 1214 5535 generis
1258 5462 1397 5522 sint;
1440 5471 1564 5510 mox
1603 5455 1766 5507 etiam
1799 5448 2093 5518 quamlibet
2144 5445 2370 5495 lixarum

2557 4352 2645 4402 ’Ev
2671 4349 2725 4400 δὲ
2753 4345 2830 4413 τῷ
2856 4343 2935 4395 λα’
2964 4342 3213 4409 διαπορεῖ
3242 4336 3340 4407 τὴν
3363 4335 3473 4387 τῶν
3508 4332 3851 4402 ἀστρολόγων
3878 4332 4029 4398 δόξαν

2464 4438 2736 4499 διασείων,
2774 4434 2871 4486 καί
2914 4445 3067 4499 (mar
3105 4427 3206 4479 Διά
3231 4427 3283 4478 τί
3334 4425 3442 4493 γὰρ
3497 4424 3663 4487 ζώδια
3714 4422 3899 4485 οἴκους
3926 4424 4029 4476 τῶν

2464 4529 2747 4598 πλανήτων
2778 4522 3033 4575 καλοῦσιν
3058 4537 3072 4585 ;
3107 4516 3195 4589 ἆρ’
3226 4519 3309 4569 ὅτι
3340 4516 3584 4582 πέπηγεν
3600 4513 3648 4545 ⁸⁸
3676 4514 3734 4565 ὲν
3767 4513 3846 4583 τῷ
3873 4514 4031 4583 οὖρα..

2464 4620 2577 4689 νῷ;
2626 4618 2721 4670 καὶ
2762 4616 2961 4675 πάντες
3016 4612 3123 4679 ἄρα
3178 4610 3227 4661 οἱ
3274 4606 3475 4676 ὁμοίως
3521 4604 3833 4671 πεπηγότες
3899 4599 4030 4657 οἶκοι

2466 4707 2739 4760 ἔσονται⁸⁵
2769 4704 2991 4757 τούτων.
3042 4700 3177 4753 Ἀλλ’
3211 4701 3292 4751 ὅτι
3342 4694 3613 4748 κινοῦνται
3652 4693 4028 4764 οί.πλάνητες;

2468 4799 2561 4851 καὶ
2589 4797 2732 4849 οὕτω
2766 4794 2924 4846 πάλιν
2953 4792 3151 4852 πάντες
3185 4791 3233 4841 οἱ
3258 4788 3572 4857 πεπηγότες
3592 4783 3736 4839 οἶκοι
3764 4788 3835 4840 ἂν
3855 4788 4031 4840 αὐτῶν

2469 4892 2657 4958 εἴησαν
2705 4885 2950 4946 εἰκότως.
2993 4881 3132 4934 Ἀλλ’
3185 4881 3265 4933 ὅτι
3314 4879 3422 4931 τῶν
3481 4878 3736 4932 ἀπλανῶν
3807 4878 4036 4941 ῑκαστος

2470 4980 2649 5049 χαίρει
2687 4977 2762 5045 τῷ
2793 4976 3023 5042 πλάνητι
3060 4990 3075 5037 ;
3108 4971 3195 5023 διὰ
3227 4970 3280 5023 τί
3317 4967 3411 5022 οὖν
3451 4968 3524 5039 μὴ
3560 4970 3654 5022 καὶ
3683 4969 3735 5020 οἱ
3765 4969 4035 5038 πλάνητες

2472 5068 2611 5121 οἴκοι
2649 5066 2758 5118 τῶν
2788 5065 2994 5129 ζωδίων
3025 5080 3039 5127 ;
3073 5062 3189 5125 πῶς
3223 5062 3279 5115 δὲ
3313 5061 3387 5131 μὴ
3415 5059 3659 5128 ἀλλήλων
3702 5053 3847 5111 οἶκοι
3878 5060 4035 5111 πάλιν

2473 5162 2523 5212 οἱ
2558 5156 2872 5225 άγαθοποιοὶ
2897 5156 3163 5221 πλάνητες
3185 5154 3280 5205 καὶ
3308 5156 3356 5206 oi
3395 5150 3701 5215 κακοποιοὶ,
3739 5150 3838 5203 καὶ
3868 5152 3947 5203 ἔτι
3970 5150 4035 5201 τά

2473 5250 2720 5319 ἀλλήλοις
2754 5245 3009 5315 χαίροντα
3027 5244 3072 5274 ⁸⁸
3099 5242 3209 5296 τῶν
3246 5241 3488 5307 ζωδίωνς
3521 5242 3569 5293 εί
3606 5240 3651 5293 δ’
3680 5242 3771 5293 ὃτι
3825 5241 3895 5292 τὰ
3940 5241 4038 5307 μὲν

2470 5342 2634 5406 ζώδια
2668 5337 2947 5405 σύγκειται
2988 5336 3050 5387 ὲκ
3075 5334 3302 5397 πολλῶν,
3336 5333 3564 5395 ἕκαστος
3596 5331 3652 5385 δὲ
3682 5330 3796 5383 τῶν
3831 5330 4037 5399 πλανήο

2477 5450 2584 5484 των
2626 5428 2925 5500 μονοειδὴς,
2959 5427 3054 5480 καὶ
3096 5427 3333 5495 ἑκάστην
3367 5424 3612 5477 σύνθεσιν
3639 5423 3753 5475 τῶν
3787 5421 4038 5475 ἀπλανῶν

2098 5617 2329 5674 VAlll/E
2375 5612 2777 5670 LECTIONES.

879 5771 918 5798 "
947 5769 1123 5835 flante
1157 5759 1403 5835 σεισμοῖς
1452 5769 1561 5806 om.
1598 5752 1661 5802 Α.
1770 5747 1812 5777 ⁸³
1836 5742 1927 5830 τοῦ
1962 5757 2077 5835 ptri1
2112 5739 2177 5793 C.

808 5812 1123 5895 add.
1154 5812 1211 5865 “7‘7
1228 5812 1483 5899 χαίροντα
1520 5835 1574 5877 ct
1613 5834 1735 5873 mox
1770 5817 1893 5876 τοὺς
1918 5812 2015 5864 add
2049 5813 2110 5861 Λ.

2296 5736 2338 5767 ⁸³
2372 5732 2639 5802 ἀκρασίαν
2668 5748 2726 5794 ς.

2827 5728 2870 5759 ⁸³
2920 5726 3006 5796 ἀρ’
3062 5724 3154 5777 οῦν
3206 5723 3286 5777 ὅτι
3333 5739 3394 5788 ς.
3502 5722 3546 5754 ⁸⁸
3565 5722 3776 5774 ἔσονται
3808 5711 4046 5771 -οίκοι
