4208 6448
203 415 304 481 841

1228 410 1744 471 BiBLIOTHECA.
1770 434 1839 445 -··
1873 410 2033 470 COD.
2065 410 2372 469 CCXXIII.

3300 407 3410 479 842

198 532 347 588 οἷκον
399 532 673 602 ὀφείλουσι
714 533 887 583 ποιεῖν
921 530 1031 583 τῶν
1059 528 1343 598 πλανήτων
1368 545 1380 556 ·
1420 528 1616 589 πολλὰς
1646 528 1754 598 γάρ
1784 536 1832 591 Α

1745 528 2136 591 δΑδίρίΙίιιἸιιιι
2185 528 2631 597 compositionem
2692 527 3024 596 planetarum
3077 528 3407 585 consuluere

197 627 265 679 ἄν
306 643 393 688 τις
431 624 583 692 εὖροι
635 622 928 687 συνθέσεις,
962 620 1239 691 βουληθεὶς
1278 619 1478 685 ζητεῖν,
1528 619 1622 671 καὶ
1648 619 1758 671 τῶν

199 718 379 770 ἄλλων
408 713 682 768 ἀπλανῶν.
718 714 779 765 Εἰ
803 713 857 765 δὲ
888 715 966 766 ὃτι
1011 712 1144 782 μόνα
1169 710 1237 763 τὰ
1270 710 1435 774 ζώδια
1485 712 1599 771 τοῖς
1630 709 1759 762 πλά-

197 823 356 874 νησιν
394 806 475 863 εἰς
506 804 575 856 τὰ
606 804 1020 872 ἀποτελέσματα
1068 804 1335 871 συνεργεῖ,
1364 800 1523 853 διὰτί
1552 800 1627 870 μὴ
1665 800 1760 852 καὶ

195 901 238 949 οί
271 897 549 965 πλάνητες
577 888 714 947 οἶκοι
746 894 852 946 τῶν
886 894 1089 956 ζωδίων
1120 893 1503 962 συνεργοῦντες
1537 891 1717 951 αὐτοῖς
1743 908 1758 955 ;

196 990 244 1040 εἰ
271 987 328 1040 δὲ
360 987 498 1039 διότι
529 986 627 1048 τὰς
666 986 775 1037 τῶν
810 985 1012 1047 ζωδίων
1061 983 1339 1053 ἐνεργείας
1383 982 1476 1034 καὶ
1525 983 1761 1049 ἀκύρους

196 1078 291 1129 καὶ
341 1079 589 1143 ὲνεργεῖς
630 1076 881 1128 δύνανται
938 1075 1133 1137 ποιεῖν,
1178 1072 1306 1144 [672
1345 1070 1437 1142 IL]
1488 1070 1601 1133 πῶς
1641 1070 1762 1138 ούχί¹

197 1170 295 1219 καὶ
323 1168 571 1236 ἀλλήλων
607 1162 744 1218 οἶκοί
779 1168 905 1224 εἰσι,
938 1167 1050 1225 τοῖς
1088 1163 1337 1231 ἀλλήλων
1364 1161 1762 1229 ἀποτελέσμασι

197 1259 289 1308 καὶ
322 1257 491 1324 κῦρος
517 1257 607 1309 καὶ
633 1255 922 1308 κατάλυσιν
952 1254 1203 1321 ἐπάγειν,
1229 1252 1303 1313 ῶς
1338 1269 1522 1320 φασιν,
1558 1251 1762 1320 ἰσχύον-

202 1364 316 1411 reg;
351 1347 469 1408 πῶς
501 1348 555 1399 δὲ
593 1347 726 1415 μόνα
760 1346 827 1397 τὰ
858 1346 1021 1407 ζώδια
1047 1347 1159 1406 τοῖς
1188 1342 1427 1411 πλάνησι
1475 1343 1759 1410 συνεργεῖ;

197 1433 309 1504 ἆρα.
342 1436 571 1504 μάταιός
622 1436 771 1486 ἐστιν
818 1436 846 1486 6
891 1434 1070 1496 λοιπὸς
1119 1433 1227 1485 τῶν
1257 1430 1513 1484 ἀπλανῶν
1561 1431 1760 1501 χορός;

197 1526 313 1587 πῶς
359 1527 419 1577 δὲ
456 1527 580 1588 τοὺς
624 1524 899 1593 πλάνητας
949 1524 1298 1592 ἀγαθοποιεῖν
1325 1523 1419 1575 καὶ
1451 1524 1763 1575 κακοποιεῖν

198 1616 333 1677 ὅλως
365 1614 623 1668 δύνασθαί
659 1632 853 1683 φασιν;
885 1610 994 1683 ἆρα
1033 1613 1119 1665 διὰ
1151 1613 1211 1664 τὸ
1243 1611 1507 1665 κινεῖσθαι
1528 1628 1543 1676 ;
1568 1611 1762 1663 οὐκοῦν

198 1706 304 1756 τῶν
333 1704 401 1772 ιβ’
435 1704 637 1768 ζωδίων
674 1704 828 1756 οὐδὲν
866 1703 989 1755 οῦτε
1026 1703 1416 1771 ἀγαθοποιήσει
1442 1700 1564 1754 οὔτε
1593 1718 1760 1753 κακο-

1862 619 2080 671 domum
2111 619 2363 687 astrologi
2391 630 2675 687 coguntur.
2703 618 2893 674 Multas
2913 619 3081 684 enim,
3115 620 3206 689 qui
3262 620 3413 675 inve-

1861 710 2066 777 stigare
2092 708 2238 772 velit,
2285 710 2446 762 etiam
2485 710 2709 763 aliarum
2741 709 2966 764 lixarum
3000 709 3414 777 compositiones

1863 800 2111 866 reperiat.
2132 797 2228 853 Sin
2264 799 2406 868 quod
2450 800 2607 853 nulla:
2641 810 2833 869 praeter
2876 800 3081 855 zodiaci
3127 800 3279 866 signa
3309 816 3409 853 una

1862 903 1983 942 cum
2028 889 2258 955 planetis
2296 888 2520 945 effectus
2564 889 2757 944 fatales
2783 898 3114 959 operentur,
3159 904 3259 951 cur
3307 905 3411 943 non

1860 988 1914 1031 et
1937 978 2162 1046 planetae
2190 979 2384 1033 domus
2411 988 2537 1034 sunt
2568 981 2839 1049 signorum
2863 980 3189 1045 caelestium,
3222 996 3413 1050 quein-

1862 1068 2147 1121 admodum
2201 1083 2323 1122 cum
2385 1070 2490 1124 illis
2519 1085 2621 1123 una
2654 1071 2984 1138 operantur?
3014 1069 3108 1125 Sin
3136 1070 3274 1125 forte
3301 1085 3417 1139 pro-

1864 1170 2048 1226 pterea
2086 1159 2228 1225 quod
2261 1160 2537 1226 signorum
2578 1162 2880 1216 caelestium
2918 1163 3260 1231 Operationes
3290 1174 3416 1228 pos-

1862 1251 1973 1303 sint
2002 1251 2229 1318 planetae
2258 1261 2347 1305 aut
2394 1252 2597 1317 irritas,
2639 1263 2730 1306 aut
2756 1252 3001 1308 efficaces
3035 1251 3231 1315 facere,
3281 1265 3418 1320 quo-

1865 1344 2022 1394 modo
2056 1358 2159 1395 non
2190 1343 2352 1397 etiam
2388 1343 2613 1396 aliorum
2647 1344 2736 1397 alii
2769 1345 2958 1398 domus
2986 1354 3131 1408 sunt,
3156 1341 3414 1411 quemad-

1864 1433 2079 1485 modum
2113 1442 2327 1486 mutuos
2348 1430 2596 1496 effectus.
2623 1443 2684 1486 ut
2722 1432 2797 1487 illi
2829 1433 3088 1496 fatentur,
3118 1443 3172 1487 et
3196 1442 3341 1486 ratos
3362 1440 3418 1485 et

1863 1522 2048 1577 irritos
2078 1523 2302 1577 reddere
2331 1524 2566 1591 queunt?
2605 1522 2881 1588 Quomodo
2928 1523 3055 1576 item
3101 1521 3212 1575 sola
3247 1519 3417 1591 signi-

1862 1614 1963 1669 feri
2006 1616 2155 1683 signa
2199 1615 2431 1685 planetis
2473 1617 2871 1687 cooperantur?
2903 1615 3039 1670 Num
3096 1630 3415 1684 supervaca-

1863 1719 1997 1758 nens
2024 1714 2105 1759 est
2133 1704 2372 1775 reliquus
2417 1706 2644 1761 lixarum
2676 1708 2882 1762 cretus!
2917 1706 3195 1773 Quomodo
3228 1708 3416 1762 adhmc

198 1795 447 1861 ποιήσει’
489 1794 601 1846 ἀλλ’
638 1793 759 1844 οὐδέ
805 1809 888 1855 τις
923 1792 1079 1854 ἄλλος
1134 1792 1242 1845 τῶν
1282 1791 1557 1845 ἀπλανῶν.
1600 1792 1662 1842 Εἰ
1704 1790 1761 1842 δὲ
1813 1865 1825 1866 7

1750 1805 1761 1841 ι
1813 1865 1825 1866 7
1866 1794 2108 1862 planetas
2152 1806 2243 1850 ant
2301 1797 2543 1866 jbenigne
2597 1797 2797 1863 facere,
2864 1806 2957 1851 aut
3013 1811 3210 1852 nocere
3254 1812 3412 1865 posse

198 1884 353 1947 διότι,
384 1885 541 1953 φησὶ,
568 1883 636 1936 δι’
664 1883 841 1937 αὐτῶν
868 1883 1186 1953 πορεύονται
1206 1884 1255 1935 οἰ
1281 1882 1570 1952 πλάνητες,
1592 1881 1770 1950 πολλῷ
1800 1865 1842 1923 Β

1749 1881 1770 1950 ζ»
1800 1865 1842 1923 Β
1871 1885 2164 1939 asserunt?
2200 1901 2265 1939 an
2294 1865 2514 1955 propter
2559 1898 2761 1942 motum
2786 1888 2810 1941 ’ἰ
2836 1885 3051 1941 Nullum
3096 1887 3255 1955 igitur
3284 1901 3313 1941 e
3337 1900 3411 1940 ιιι

199 1972 407 2040 μᾶλλον
464 1974 520 2026 αἱ
572 1970 738 2035 ζῶναι
797 1973 891 2025 καί
941 1975 991 2026 οἰ
1038 1973 1133 2025 τοῦ
1186 1972 1347 2043 ἀέρος
1378 1974 1557 2032 τόποι.
1589 1973 1656 2025 δι’
1687 1966 1762 2027 ὧν

197 2061 466 2125 ὁδεύουσι,
504 2061 597 2113 τοῦ
649 2061 958 2115 καλοποιεῖν
1005 2064 1099 2115 καὶ
1154 2064 1467 2115 κακοποιεῖν
1531 2062 1761 2131 δύναμιν

198 2151 415 2214 έξουσιν
434 2167 449 2181 ο
477 2151 706 2220 ούρανοῦ
737 2152 865 2221 γὰρ,
894 2154 952 2205 ὲν
984 2145 1028 2220 ᾧ
1063 2153 1113 2205 οἰ
1144 2152 1432 2221 πλάνητες,
1479 2153 1759 2222 οὐμενοῦν,

196 2242 270 2306 ὦς
301 2260 434 2311 φασι
465 2283 481 2308 ,
538 2242 716 2313 πολλῷ
762 2244 1052 2311 κατωτέρω
1075 2245 1225 2308 ὄντες
1250 2244 1348 2314 οὐχ
1382 2245 1662 2300 ἅπτονται.
1698 2246 1761 2298 Τί

196 2332 249 2384 δὲ
288 2333 351 2401 δή
394 2351 525 2386 ποτε
560 2336 756 2404 σελήνη
811 2337 910 2405 μὲν
950 2337 1011 2388 τὸ
1046 2334 1327 2406 μειοῦσθαι
1383 2336 1479 2390 καὶ
1516 2336 1761 2401 αὐξάνειν

196 2423 482 2493 ὕπομένει,
516 2425 624 2477 τῶν
645 2426 687 2477 δ’
714 2426 887 2480 ἄλλων
919 2427 1204 2497 πλανήτων
1230 2427 1630 2497 προποδισμοὺς
1670 2429 1762 2480 καὶ

197 2518 539 2585 στηριγμοὺς
565 2518 661 2568 καὶ
702 2518 1101 2587 ἀναποδισμοὺς
1129 2519 1460 2587 εἰσάγοντες,
1484 2520 1634 2590 ἥλιον
1664 2523 1759 2572 xai.

196 2606 433 2675 σελήνην
460 2608 558 2677 τῆς
588 2592 842 2678 τοιαύτης
873 2610 997 2679 [548
1026 2609 1119 2680 H.]
1149 2610 1514 2678 παλιντρόπου
1557 2610 1763 2679 πλάνης

196 2697 517 2767 ἐλευθέρους
569 2699 766 2763 έῶσιν;
808 2701 902 2752 καὶ
951 2702 998 2751 εἰ
1059 2701 1399 2770 μικροφανὴς
1453 2703 1481 2754 6
1528 2702 1760 2771 Κρόνος,

196 2785 407 2854 μείζων
442 2839 458 2866 ν
499 2787 601 2869 ὥς¹
637 2806 766 2857 φασι
805 2831 819 2854 ,
860 2791 967 2843 τῶν
1019 2792 1198 2845 ἀλλων
1251 2793 1508 2865 ὑπάρχων
1562 2794 1762 2863 πλανή-

201 2894 325 2939 των,
373 2880 456 2930 ὃτι
504 2879 708 2933 τούτων
776 2880 1042 2951 ἀνώτερον
1100 2883 1368 2953 διατρέχει
1426 2883 1643 2948 κύκλον,
1676 2884 1763 2937 διά

195 2970 245 3019 τί
283 2969 489 3038 μείζων
521 2972 549 3022 6
579 2971 729 3039 ἥλιος
762 2972 860 3041 τῆς
897 2974 1146 3041 σελήνης,
1174 2975 1440 3043 τετάρτην
1469 2975 1565 3028 ἀπ’
1592 2975 1762 3045 αὐτῆς

193 3058 377 3130 ζώνην
402 3060 676 3125 ﬂauum);
707 3061 872 3131 ἐχρῆν
906 3062 1014 3130 γὰρ
1044 3063 1207 3115 αὑτὸν
1230 3064 1410 3133 πολλῷ
1443 3063 1645 3134 ταύτης
1675 3082 1761 3133 μι-

194 3152 457 3222 κρότερον
486 3151 797 3220 φαίνεσθαι.
826 3153 987 3206 Ὠστε
1016 3154 1193 3206 πάντα
1221 3155 1389 3223 ψευδῆ
1420 3156 1511 3206 καὶ
1550 3154 1759 3206 πεπλα-

194 3244 395 3311 σμένα,
437 3245 471 3297 ἃ
514 3245 609 3313 τῆς
656 3244 1010 3315 ἀστρολογίας
1061 3247 1109 3296 οἰ
1170 3245 1323 3297 πόνοι
1387 3244 1761 3315 κρατύνουσιν.

192 3335 355 3387 Οὕτω
392 3335 493 3405 μὲν
529 3332 622 3389 οὖν
651 3336 742 3388 καὶ
770 3336 831 3389 τὸ
853 3336 932 3389 λα’
964 3336 1280 3403 κεφάλαιον.

1865 1976 1972 2031 illis
2006 1976 2213 2032 zodiaci
2246 1977 2414 2048 signis
2450 1992 2763 2047 prosperum
2807 1980 2910 2032 erit
2960 1978 3045 2031 vel
3087 1978 3409 2033 adversum:

1862 2070 1955 2125 sed
1984 2084 2157 2138 neque
2182 2071 2285 2125 alia
2322 2071 2430 2125 ulla
2458 2086 2559 2125 non
2597 2085 2786 2125 errans
2811 2072 2990 2127 stella.
3032 2070 3126 2126 Sin
3158 2072 3297 2134 ideo,
3329 2070 3412 2125 in-

1862 2160 2001 2229 quit,
2041 2162 2179 2229 quod
2212 2176 2306 2229 per
2358 2162 2449 2215 illa
2485 2163 2807 2231 gradiuntur
2833 2162 3079 2231 planetae,
3109 2161 3216 2227 jam
3247 2161 3413 2214 multo

1864 2251 2045 2319 potius
2079 2252 2192 2305 sive
2214 2266 2380 2317 zonae,
2420 2253 2532 2307 sive
2562 2253 2699 2306 aeris
2729 2252 2811 2306 illa
2853 2252 2988 2314 loca,
3029 2267 3123 2321 per
3168 2266 3285 2319 quae
3321 2250 3410 2304 isti

1862 2344 2201 2412 gradiuntur,
2233 2344 2372 2399 hanc
2417 2345 2553 2398 bene
2585 2355 2678 2398 aut
2707 2345 2841 2398 male
2868 2346 3057 2413 agendi
3094 2352 3407 2411 potestatem

1862 2432 2154 2488 habebunt.
2205 2432 2388 2503 Neque
2430 2436 2571 2489 enim
2615 2438 2726 2490 haec
2818 2436 3147 2503 planetarum
3192 2434 3408 2498 cmlum,

1863 2538 1983 2576 cum
2032 2526 2200 2577 inulto
2247 2525 2355 2578 sint
2395 2524 2476 2593 (ut
2529 2526 2701 2588 aiunt)
2746 2523 3022 2589 inferiora,
3075 2524 3409 2591 contingunt.

1862 2614 2128 2680 Quorsum
2168 2618 2379 2670 tandem
2409 2616 2533 2670 luna
2570 2617 2733 2670 minui
2763 2628 2922 2685 atque
2974 2616 3154 2685 augeri
3197 2624 3413 2687 potest:

1862 2715 2067 2759 etcum
2122 2718 2436 2760 cmterorum
2489 2706 2824 2775 planetarum
2875 2721 3212 2775 progressus,
3244 2716 3416 2760 status

1868 2799 2027 2862 fixos,
2058 2812 2121 2851 ac
2154 2799 2929 2869 retrogressionesadducant,
2961 2800 3124 2855 solem
3152 2810 3331 2854 tamen
3362 2809 3417 2853 et

1862 2886 2040 2940 lunam
2066 2888 2132 2939 ab
2173 2888 2274 2941 hoc
2308 2889 2620 2955 retrngrado
2642 2902 2826 2943 errore
2861 2888 3060 2944 liberos
3093 2890 3280 2945 sinunt
3305 2889 3328 2942 ἰ
3350 2888 3419 2942 Ει

1862 2977 1906 3031 si
1951 2993 2147 3047 parvus
2182 2979 2273 3048 qui
2314 2980 2524 3033 videtur
2577 2979 2860 3044 Saturnus,
2916 2980 3037 3034 aliis
3086 2990 3263 3035 tamen
3333 2979 3418 3050 (ut

1863 3068 2036 3136 aiunt)
2083 3068 2251 3136 major
2290 3080 2373 3122 est
2422 3070 2671 3137 planetis,
2718 3085 2782 3125 eo
2840 3073 2980 3139 quod
3029 3087 3122 3139 per
3174 3072 3415 3125 altiorem

1864 3158 2047 3211 orbem
2075 3156 2421 3222 obambulet;
2469 3173 2564 3212 cur
2596 3159 2767 3228 major
2817 3160 2941 3214 luna
2998 3175 3156 3229 quam
3200 3160 3298 3224 soi,
3325 3153 3419 3226 qui

1872 3257 2065 3314 quarto
2090 3262 2248 3315 supra
2302 3247 2441 3300 illam
2474 3249 2604 3301 orbe
2634 3249 2875 3301 decurrit
2900 3248 2923 3301 ’ἰ
2948 3249 3231 3317 oportebat
3274 3250 3418 3303 enim

1878 3337 2051 3405 ipsum
2080 3339 2245 3391 multo
2272 3338 2360 3391 iila
2408 3339 2665 3393 minorem
2691 3354 2966 3408 apparere.
3018 3340 3194 3407 Quare
3239 3341 3421 3398 omnia

194 3429 330 3483 falsa
371 3440 500 3484 sunt
529 3442 689 3499 atque
714 3432 966 3498 conficta,
995 3425 1113 3501 qua:
1136 3433 1532 3503 astrologorum
1547 3432 1762 3501 scriptis
1794 3440 2129 3486 astruuntur.
2167 3431 2260 3487 Sic
2296 3434 2507 3501 quidem
2540 3434 2767 3503 primum
2806 3446 2858 3488 et
2888 3436 3212 3491 tricesimum
3262 3446 3423 3508 caput

192 3521 516 3577 absolvitur.

264 3617 345 3669 Τὸ
360 3617 419 3669 δὲ
442 3615 519 3687 λβ¹
534 3618 578 3649 ⁸⁷
597 3618 749 3670 οὐδὲν
778 3618 887 3672 τῶν
906 3619 1122 3690 ἀληθῶν
1148 3621 1282 3689 πρὸς
1297 3620 1625 3691 ἀνατροπὴν,
1651 3620 1759 3673 οὐδ’

192 3712 323 3763 ὅσον
354 3713 436 3774 εἰς
468 3712 527 3765 τὸ
563 3714 904 3780 φαινόμενον,
954 3714 1256 3782 ἀναγράφει
1278 3731 1291 3744 ·
1326 3714 1440 3767 ἀλλ’
1475 3715 1598 3766 ὅσον
1627 3714 1759 3784 ὁρᾶ-

191 3821 285 3856 ται
336 3802 614 3856 κάνταῦθα
650 3806 775 3866 τοὺς
823 3804 1119 3874 λογισμοὺς
1156 3805 1395 3859 εὐσεϐῶν
1428 3807 1456 3858 6
1498 3805 1657 3875 ἀνὴρ,
1680 3822 1765 3857 το-

198 3894 394 3946 σοῦτον
432 3894 544 3963 ἔχει
583 3894 643 3947 τὸ
671 3896 879 3960 ἄτονον,
914 3896 1013 3948 ὃσα
1055 3913 1119 3963 γε
1158 3896 1294 3967 πρὸς
1332 3897 1431 3964 τὴν
1459 3896 1765 3964 ἀνασκευὴν

192 3987 299 4055 τῆς
335 3986 564 4056 πλάνης.
616 3987 727 4040 Καὶ
765 3988 826 4040 τὸ
875 3988 1057 4056 τρίτον
1083 3988 1139 4040 δὲ
1184 3989 1276 4041 καὶ
1312 3986 1633 4056 τριακοστὸν
1666 3989 1763 4057 τῆς

193 4078 370 4147 αὐτῆς
413 4080 528 4130 ὲστι
578 4079 720 4132 κατά
757 4078 854 4148 τὴν
879 4078 1106 4149 δύναμιν
1138 4078 1308 4141 ἰδέαςο
1336 4078 1373 4131 a
1395 4078 1504 4149 γὰρ
1536 4080 1616 4142 εἰς
1640 4079 1768 4131 ἀνα-

197 4168 413 4238 τροπὴν
436 4168 797 4238 προὸάλλεται
825 4168 919 4223 τοῦ
955 4169 1029 4241 μὴ
1064 4172 1298 4238 σφαῖραν
1322 4163 1461 4221 εἶναι
1484 4170 1578 4221 τὸν
1602 4167 1767 4239 οὐρα-

197 4260 312 4323 νὸν,
346 4260 502 4311 κοινά
549 4260 615 4312 ἂν
666 4262 999 4331 ἀπορήματα
1046 4261 1132 4330 εἴη
1191 4260 1283 4314 καὶ
1326 4260 1464 4328 πρὸς
1492 4261 1613 4321 τοὺς
1645 4261 1769 4328 ἡμιο

199 4350 461 4419 σφαίριον
490 4350 652 4404 αὑτὸν
704 4352 951 4414 τιθέντας
994 4353 1026 4422 ἢ
1071 4353 1328 4422 καμάραν
1354 4352 1387 4421 ἡ
1417 4369 1468 4403 τι
1502 4351 1631 4404 ἄλλο
1662 4351 1769 4402 τῶν

197 4442 605 4512 παραπλησίων
634 4444 947 4513 σχημάτων.
987 4444 1074 4497 Ἐν
1096 4438 1175 4507 οἷς
1203 4446 1295 4496 καὶ
1323 4444 1352 4495 6
1376 4444 1557 4514 τρίτος
1586 4443 1763 4510 λόγος.

280 4706 376 4758 Ἐν
425 4704 481 4756 δὲ
529 4704 608 4775 τῷ
635 4704 679 4758 δ’
713 4704 813 4774 μὲν
839 4706 1004 4776 λόγῳ,
1034 4707 1077 4757 λ’
1106 4706 1163 4758 δὲ
1211 4705 1250 4757 δ’
1287 4707 1565 4777 κεφαλαίῳ
1612 4709 1705 4760 καὶ
1730 4715 1768 4759 ε’

1927 3616 2168 3670 Alterum
2219 3630 2346 3669 vero
2381 3631 2539 3685 supra
2585 3618 2912 3672 tricesimum
2962 3619 3094 3673 nihil
3164 3621 3232 3676 ad
3282 3621 3421 3677 refu-

1861 3708 2049 3762 tandos
2080 3707 2417 3760 adversarios
2443 3705 2616 3770 affert,
2640 3708 2787 3777 quod
2810 3709 2917 3762 veri
2936 3710 3169 3775 speciem
3195 3710 3415 3767 habeat.

1864 3797 1970 3853 Sed
2029 3812 2189 3867 quam
2263 3799 2381 3867 pius
2436 3801 2486 3853 in
2535 3801 2648 3854 suis
2677 3802 3172 3858 ratiocinationibus
3198 3813 3419 3873 apparet

1864 3891 1954 3945 hic
1982 3891 2083 3955 vir,
2110 3900 2217 3945 tam
2263 3892 2425 3945 etiam
2460 3890 2625 3959 (quod
2667 3893 2854 3946 saltem
2890 3894 2955 3947 ad
2981 3897 3183 3949 erroris
3208 3896 3415 3949 refuta-

1865 3982 2063 4035 tionem
2078 3982 2287 4051 attinet)
2320 3982 2625 4051 languidum
2652 3986 2895 4039 eumdem
2918 3986 3121 4041 videas.
3156 3986 3273 4042 Jam
3307 3998 3414 4042 ter-

1865 4072 1995 4125 tium
2024 4082 2079 4128 et
2100 4073 2425 4129 tricesimum
2457 4083 2617 4142 caput
2642 4074 2875 4140 ejusdem
2898 4086 3004 4140 est,
3036 4080 3209 4146 quoad
3233 4078 3416 4132 effica-

1864 4164 2002 4216 ciam
2034 4162 2239 4217 formae.
2278 4162 2405 4229 Quae
2432 4164 2575 4218 enim
2621 4165 2693 4218 ibi
2729 4165 2794 4218 ad
2842 4164 3181 4221 refutandum
3220 4170 3415 4223 caelum

1865 4266 1988 4306 esse
2020 4253 2306 4307 rotundum
2337 4252 2510 4316 affert,
2543 4254 2750 4324 212a
2779 4269 3085 4311 communes
3122 4272 3242 4311 esse
3274 4257 3418 4311 difﬂ-

1865 4342 2091 4396 cuitates
2128 4353 2329 4411 queant
2377 4345 2634 4398 adversus
2676 4360 2789 4409 eos,
2824 4347 2913 4414 qui
2952 4346 3416 4414 hemisphaericum

1870 4429 2005 4483 illud
2037 4446 2158 4484 esse
2208 4443 2470 4497 statuunt,
2503 4434 2587 4486 vel
2610 4433 2831 4488 fornicis
2868 4436 2919 4489 in
2955 4437 3167 4490 modum
3200 4452 3412 4503 cavum,

1876 4522 1957 4575 vel
1992 4522 2225 4575 similem
2266 4523 2313 4576 ei
2348 4523 2579 4592 aliquam
2622 4524 2844 4579 formam
2894 4528 3151 4582 tribuunt.
3206 4527 3307 4585 Ubi
3361 4540 3418 4585 et

1800 4599 1841 4652 D
1876 4613 2063 4667 tertius
2088 4613 2223 4667 iiber
2252 4614 2465 4668 desinit.

1936 4704 2139 4771 Quarto
2177 4708 2372 4761 dehinc
2397 4706 2552 4771 libro,
2575 4708 2749 4777 capite
2770 4723 2893 4763 vero
2913 4711 3181 4765 tricesimo
3202 4721 3413 4778 quarto,

192 4797 296 4850 καὶ
328 4802 404 4861 ς’,
433 4796 651 4861 διέξεισι
671 4796 840 4849 ταῦτα
862 4814 877 4829 ⁸
912 4797 1040 4849 Ἀπὸ
1069 4798 1167 4866 τῆς
1196 4798 1455 4867 διαφορᾶς
1481 4799 1547 4867 ἢν
1578 4799 1689 4867 ἔχει
1711 4799 1771 4850 τὸ

1750 4799 1771 4847 b
1864 4796 2052 4865 quinto
2079 4806 2132 4850 et
2169 4809 2339 4863 sexto,
2388 4799 2502 4852 haec
2557 4800 2670 4853 fere
2728 4810 2942 4857 tractat.
3011 4802 3053 4854 E
3085 4803 3412 4869 diversitate,

191 4887 520 4957 οἰκούμενον
550 4888 687 4958 πρὸς
718 4889 779 4941 τὸ
820 4889 1073 4960 ἀοίκητον
1107 4890 1198 4942 καὶ
1218 4889 1287 4959 ἢν
1309 4889 1443 4958 πρὸς
1468 4890 1671 4958 ἄλληλα
1704 4892 1771 4943 τά

1754 4892 1771 4943 ι
1866 4901 1985 4955 quae
2016 4900 2138 4940 cum
2170 4887 2312 4940 inter
2342 4886 2691 4942 habitabilem
2718 4890 2863 4943 orbis
2904 4900 3109 4957 partem
3142 4902 3300 4960 atque
3335 4892 3416 4944 in-

192 4980 447 5049 κλίματα
496 4980 703 5048 ἔχουσι,
747 4980 849 5048 τὴν
894 4979 1205 5050 ἀνατροπὴν
1236 4980 1334 5051 τῆς
1365 4979 1628 5047 γενέσεως
1652 4982 1768 5051 ἦτοι

1755 4999 1768 5033 ι
1867 4974 2235 5038 habitabilem,
2276 4984 2386 5029 tum
2437 4977 2576 5031 inter
2609 4978 2720 5046 ipsa
2778 4980 3005 5033 invicem
3055 4981 3268 5034 climata
3335 4996 3417 5034 re-

191 5072 297 5141 τῆς
326 5071 666 5141 εἱμαρμένης
695 5074 948 5127 ποιεῖται.
981 5075 1115 5143 Φησὶ
1145 5074 1274 5144 γὰρ,
1309 5072 1439 5125 ποία
1472 5071 1577 5123 τῶν
1602 5072 1761 5124 ἀστέ-

1750 5100 1761 5112 .
1858 5066 2080 5133 peritur,
2148 5066 2383 5120 refutare
2428 5069 2646 5137 genesin
2687 5069 2797 5123 sive
2853 5070 3017 5123 fatum
3078 5071 3412 5137 aggreditur.

202 5179 317 5231 ρων
362 5161 655 5229 ἐργάζεται
702 5163 915 5230 κίνησις
963 5164 1059 5233 τὴν
1108 5165 1205 5233 μὲν
1238 5164 1488 5235 ἀοίκητον
1523 5158 1662 5215 εἶναι
1694 5163 1763 5215 δι’
1860 5170 1864 5194 ⁴

1753 5163 1763 5181 ³
1860 5154 2114 5220 Quisnam
2139 5158 2281 5211 enim
2334 5168 2599 5213 astrorum
2628 5160 2714 5214 ille
2742 5172 2913 5214 motus
2965 5172 3068 5225 εει,
3104 5163 3415 5229 interrogat,

198 5248 514 5318 ὑπερϐολὴν
554 5250 777 5319 ψύχους,
807 5254 903 5322 τὴν
945 5254 1000 5306 δὲ
1028 5254 1097 5306 δι’
1128 5253 1432 5324 ὑπερσολὴν
1461 5254 1762 5322 καύματος,

1748 5293 1762 5317 ,
1861 5262 1969 5315 quo
2001 5247 2080 5313 fit,
2134 5248 2385 5302 utaltera
2418 5251 2636 5320 quidem
2669 5261 2823 5306 terra:
2842 5268 2963 5321 pars
3008 5255 3078 5307 ob
3122 5254 3287 5323 frigus
3336 5257 3410 5308 ni-

196 5342 299 5392 καὶ
330 5341 432 5410 τὴν
468 5341 565 5411 μὲν
602 5343 690 5395 διὰ
733 5345 932 5406 παντὸς
980 5346 1131 5414 μόλις
1160 5344 1429 5398 οἰκεῖσθαι
1455 5344 1764 5414 τηκομένην

1754 5362 1764 5393 ρ
1865 5340 2049 5403 inium,
2097 5339 2263 5393 altera
2323 5344 2391 5394 ob
2437 5344 2822 5398 intolerabilem
2898 5346 3126 5398 calorem
3186 5339 3416 5400 habitari

194 5428 277 5498 τῷ
313 5432 576 5499 καύματι,
604 5432 702 5502 τὴν
740 5434 795 5486 δὲ
829 5434 1100 5503 δυσχερῶς
1130 5435 1328 5505 ὁμοίως
1356 5434 1679 5503 οἰκουμένην
1697 5433 1765 5497 ⁸⁸,

196 5520 297 5573 ᾰτε
324 5519 391 5589 δὴ
424 5521 659 5590 συνεχῶς
687 5523 1011 5592 νειφομένην
1028 5524 1070 5555 ⁸⁸
1106 5525 1199 5576 καὶ
1228 5526 1292 5592 τῇ
1326 5521 1419 5574 τοῦ
1449 5522 1649 5593 κρύους
1675 5522 1768 5572 ἐκ·

196 5610 570 5682 θηριουμένην
592 5613 873 5682 ἀγριότητι
896 5632 907 5678 ;
938 5615 1022 5666 διὰ
1050 5614 1102 5666 τί
1124 5614 1179 5666 δὲ
1208 5616 1388 5676 αὐτοῖς
1413 5615 1473 5666 οὐ
1499 5612 1768 5681 μεταὸἀλ-

1865 5431 2083 5483 omnino
2133 5433 2412 5499 nequeat?
2442 5450 2758 5503 rursumque
2792 5437 2893 5489 alia
2936 5439 3019 5490 vel
3060 5450 3313 5507 perpetuo
3348 5439 3415 5492 ii-

1877 5536 2134 5587 qnescens
2160 5524 2358 5589 calore,
2392 5526 2474 5579 vel
2501 5527 2733 5580 assiduis
2786 5542 3037 5595 percussa
3092 5530 3323 5593 nivibus,
3366 5541 3421 5583 et

1879 5612 2093 5681 frigoris
2128 5617 2420 5682 asperitate
2449 5618 2590 5671 velut
2617 5618 2858 5685 efferata,
2886 5622 3095 5675 nonnisi
3139 5623 3421 5677 diﬂicuiter

1463 5723 1697 5777 VARIAE
1728 5722 2126 5781 LECTIONES.

272 5817 317 5848 "
350 5814 429 5883 15'
462 5817 504 5867 A
532 5830 545 5864 :
575 5814 825 5884 δεύτερον
857 5836 915 5881 ς.
991 5818 1036 5847 ⁸⁸
1066 5816 1410 5886 οἰκουμένην]
1442 5828 1653 5886 ιιιιιξειιιι
1701 5817 1984 5868 οἰκεῖσθαι.
2062 5819 2104 5847 δ’
2136 5820 2429 5887 νιφομένην
2460 5836 2517 5883 ς.

522 5909 793 5973 ΡΑΤῐιοΙ..
837 5912 951 5971 (in.
999 5913 1147 5971 (ῙΙΙΙ.

3040 5918 3073 5977 :2

3079 5918 3109 5948 '.'

3086 5958 3099 5979 ι
