4208 6448
843 392 952 460 843

2011 399 2265 460 ΡΗΟΤΙῙ
2296 397 2795 459 ΡᾹΤΒΙΑΒΕΗΑΞ
2829 399 2939 462 CP.

3988 397 4089 459 844

845 510 1006 565 incoli
1071 512 1241 580 possit
1262 510 1308 565 1’.
1336 509 1446 566 Cur
1479 524 1583 567 non
1631 522 1685 568 ct
1731 513 1783 568 in
1837 513 1920 569 his
1953 517 2094 570 aeris
2145 517 2411 570 constitu-
2440 520 2491 577 Α

2440 520 2491 577 Α
2518 516 2597 568 λει
2628 516 2727 587 τὴν
2750 516 2847 570 τοῦ
2880 515 3044 587 ἀέρος
3086 516 3419 571 κατάστασιν
3447 516 3479 583 ἡ
3509 514 3742 582 γένεσις,
3773 517 4021 583 συνεχεῖς
4046 519 4086 546 ’⁸

842 603 1041 656 tionem
1079 602 1329 656 immutat
1355 613 1611 670 perpetua
1636 605 1721 658 illa
1749 607 1984 675 genesis,
2016 621 2133 676 qua:
2157 616 2237 661 tot
2266 623 2415 663 sem-

840 705 937 761 per
966 692 1018 746 in
1044 691 1163 747 aliis
1197 692 1505 748 climatibus
1527 698 1845 752 mutationes
1864 699 2158 766 producit?
2188 698 2413 753 Certum

842 784 1004 851 igitur
1059 784 1210 847 illud,
1275 798 1445 853 neque
1509 786 1843 855 planetarum
1920 805 2162 854 cursmn,
2239 806 2414 857 neque

840 874 1112 941 signorum
1130 874 1431 928 caelestium
1462 878 1932 945 compositionem,
1958 880 2051 933 sed
2080 896 2240 933 unam
2283 881 2413 935 solis

848 975 1096 1018 naturam
1118 980 1214 1033 pro
1244 966 1526 1019 intervallo
1557 967 1900 1037 locorumque
1960 973 2064 1025 situ
2106 986 2219 1036 eas,
2275 987 2413 1042 quas

833 1045 947 1112 jam
1004 1054 1253 1121 diximus,
1283 1056 1571 1110 varietates
1597 1057 1823 1113 eflicere.
1851 1059 1959 1114 Cur
1982 1061 2130 1123 item,
2169 1077 2291 1115 cum
2324 1075 2411 1114 re-

839 1143 980 1212 liqua
1030 1145 1224 1213 ubique
1262 1155 1402 1200 terra
1444 1148 1701 1203 imbribus
1728 1149 2012 1218 irrigetur,
2042 1151 2210 1205 solam
2240 1152 2409 1222 Egy-

840 1246 989 1303 ptum
1023 1234 1193 1301 Nilus,
1241 1236 1365 1290 dum
1399 1238 1561 1292 certis
1597 1240 1720 1293 anni
1781 1242 2110 1310 temporibus
2143 1245 2403 1309 exundat,

836 1336 995 1394 atque
1041 1328 1091 1380 in
1129 1328 1273 1381 illam
1302 1342 1359 1382 se
1389 1326 1632 1393 effundit,
1657 1330 1886 1387 fertilem
1918 1332 2158 1403 frugibus
2195 1337 2409 1390 reddit?

836 1416 943 1471 Cur
970 1420 1149 1472 adhmc
1178 1418 1485 1475 Thebaidos
1535 1423 1842 1481 interiorem
1892 1426 2191 1496 regionem,
2237 1443 2402 1497 quam

835 1508 998 1563 Oasin
1046 1512 1345 1580 nominant,
1370 1529 1544 1583 neque
1600 1515 1820 1579 fluvius.
1853 1534 2026 1588 neque
2061 1519 2232 1573 imber
2266 1519 2405 1573 ullus

835 1600 1041 1669 irrigat,
1078 1604 1169 1657 sed
1201 1605 1427 1659 fontium
1460 1606 1718 1662 duntaxat
1766 1608 1945 1663 fluxus
1974 1611 2273 1675 laetificant,
2309 1614 2403 1682 qui

835 1709 1028 1763 magno
1064 1694 1448 1764 inquilinorum
1489 1698 1677 1754 labore
1732 1703 2022 1767 exsistunt,
2073 1720 2175 1756 non
2209 1714 2401 1773 sponte

836 1798 958 1850 sua,
994 1800 1167 1854 neque
1215 1788 1473 1844 imbribus
1507 1792 1557 1843 in
1616 1801 1819 1845 terram
1869 1792 2262 1859 delabentibus,
2303 1797 2401 1850 iis-

2522 607 2611 659 ἀεὶ
2646 607 2746 669 τὰς
2796 606 3099 675 μεταϐολὰς
3130 608 3190 661 ἐν
3229 608 3344 668 τοῖς
3390 604 3571 667 ἄλλοις
3614 603 3939 673 παρέχουσα
3974 604 4086 655 κλί-

2517 714 2680 765 μασιν
2704 714 2718 763 ;
2761 698 2794 765 ἦ
2821 698 2979 767 δῆλον
3003 697 3078 761 ὡς
3118 697 3241 750 οὔτε
3278 696 3561 765 πλανήτων
3584 695 3783 764 δρόμος
3805 692 3934 747 οὔτε
3967 694 4085 746 σύν·

2514 786 2661 847 θεσις
2690 786 2919 849 ζωδίων,
2960 786 3093 857 μόνη
3126 787 3184 840 δὲ
3216 786 3310 839 τοῦ
3341 786 3493 856 ἡλίου
3512 787 3555 818 ⁹¹
3588 787 3621 854 ἡ
3651 784 3813 853 φύσις
3848 785 3992 852 πρὸς
4023 786 4084 835 τὰ

2510 877 2859 947 διαστήματα
2903 879 2997 931 καὶ
3030 880 3136 931 τῶν
3158 878 3337 931 τόπων
3374 880 3471 941 τάς
3496 877 3675 938 Θέσεις
3700 876 3800 939 τὰς
3829 893 4085 945 προειρηο

2515 968 2681 1037 μένας
2731 968 3023 1037 ἐργάζεται
3067 970 3350 1039 διαφοράς.
3381 969 3480 1022 Διά
3528 970 3578 1020 τί
3630 968 3689 1020 δὲ
3741 968 3931 1029 πάλιν,
3988 969 4082 1034 τῆς

2510 1060 2612 1127 γῆς
2648 1061 2822 1123 ὑετοῖς
2851 1060 3153 1131 ἀρδομένης
3215 1058 3549 1130 ἁπανταχοῦ,
3612 1062 3781 1129 μόνην
3832 1060 3937 1129 τὴν
3996 1062 4082 1111 At.

2508 1167 2715 1218 γυπτον
2754 1152 3098 1223 πλημμυρῶν
3126 1154 3155 1205 ό
3186 1154 3376 1215 Νεῖλος
3422 1154 3563 1206 κατά
3597 1169 3718 1204 τινα
3763 1150 3961 1219 χρόνον
3994 1152 4079 1202 το]

2506 1242 2760 1296 ἐνιαυτοῦ
2787 1244 2882 1297 καὶ
2917 1244 3280 1314 ἀναχεόμενος
3304 1247 3383 1307 εἰς
3417 1244 3586 1313 αὐτὴν
3613 1243 3973 1313 καρποφόρον
4000 1245 4080 1308 ἐρ-

2506 1334 2767 1401 γάξεταις
2814 1335 2900 1387 διὰ
2941 1335 2995 1387 τί
3031 1336 3088 1388 δὲ
3128 1334 3229 1405 τὴν
3264 1336 3524 1405 ἐνδοτέρω
3556 1334 3824 1404 Θηϐαΐδος
3876 1333 4078 1403 χώραν,

2505 1427 2573 1496 ἢν
2605 1426 2962 1495 ὀνομάζουσιν
3016 1428 3228 1493 Ὄασιν,
3288 1425 3411 1478 οὑτε
3460 1427 3702 1495 ποταμὸς
3749 1426 3875 1478 οὒτε
3934 1424 4081 1485 ὑετὸς

2506 1517 2678 1587 ἄρδει,
2730 1517 2864 1570 ἀλλὰ
2897 1518 3090 1589 πηγῶν
3125 1518 3406 1588 εὐφραίνει
3457 1517 3706 1588 ῥεύματα
3754 1517 4077 1585 πολυχειρίᾳ

2502 1607 2610 1659 τῶν
2642 1608 2966 1678 οἰκητόρων,
3001 1608 3116 1661 ἀλλ’
3145 1609 3245 1660 οὐκ
3292 1607 3614 1676 αὐτομάτως
3660 1606 4076 1672 ἀναδιδομένων,

2501 1698 2622 1750 οὐδὲ
2668 1698 2838 1751 ὑετῶν
2888 1700 3062 1768 φορᾶς
3110 1700 3204 1751 ἐπὶ
3232 1697 3339 1766 γῆς
3372 1698 3671 1768 ἐρχομένης
3703 1695 3831 1766 [673
3861 1694 3961 1765 R.]
3993 1698 4078 1746 καὶ

2500 1787 2587 1840 διὰ
2618 1788 2730 1840 τῶν
2766 1790 2825 1840 ἐν
2850 1789 2987 1858 αὑτῇ
3020 1788 3232 1856 φλεϐῶν
3261 1788 3671 1857 ἀναδιδομένης,
3704 1790 3842 1855 ὅπερ
3866 1788 4076 1852 γίνεται

833 1876 1061 1946 demque
1091 1894 1282 1935 rursus
1315 1896 1410 1945 per
1466 1882 1608 1937 illius
1636 1898 1799 1939 venas
1846 1886 2092 1947 redditis,
2146 1897 2201 1941 ut
2240 1890 2387 1957 apud
2419 1874 2495 1929 B‘

2419 1874 2619 1948 Βπαρ⁶
2669 1880 2823 1947 ἡμῖν.
2882 1880 2994 1931 Καὶ
3051 1878 3245 1932 τούτου
3300 1882 3523 1949 σημεῖον
3565 1882 3627 1932 τὸ
3674 1882 3770 1942 τὰς
3833 1880 3935 1949 μὲν
3980 1880 4075 1932 ὑπ-

832 1981 932 2022 nos
970 1970 1252 2039 contingit.
1291 1971 1455 2040 Cujus
1487 1973 1701 2043 quidem
1739 1979 1814 2031 rei
1852 1977 1983 2033 illud
2015 1978 2229 2047 signum
2252 1991 2391 2047 esto,

2498 1968 2696 2037 ωρείάς
2725 1969 3011 2039 προΐεσθαι
3042 1972 3222 2039 πηγὰς
3248 1972 3522 2039 ποταμοὺς
3543 1970 3924 2039 ἐργαζομένας
3951 1971 4074 2022 διει-

836 2059 978 2128 quod
1016 2074 1136 2129 quae
1178 2063 1449 2117 montibus
1492 2065 1728 2133 subjecta
1758 2077 1882 2120 sunt
1941 2067 2080 2135 loca,
2126 2070 2391 2138 ejusmodi

2498 2058 2607 2121 δεῖς
2634 2075 2691 2111 τε
2724 2056 2818 2111 καὶ
2852 2056 3091 2127 γλυκεῖς,
3123 2060 3190 2113 τά
3225 2061 3280 2113 δὲ
3326 2061 3419 2112 ἐπὶ
3476 2060 3722 2113 πλεῖστον
3774 2061 4072 2131 ηπλωμένα

837 2150 1012 2204 fontes
1056 2152 1329 2218 emittant,
1363 2155 1451 2222 qui
1504 2156 1707 2225 integra
1770 2160 1933 2212 etiam
2006 2158 2222 2214 ﬂumina
2287 2176 2395 2217 non

835 2241 1012 2294 minus
1045 2241 1257 2311 limpida
1283 2259 1442 2314 quam
1491 2247 1659 2302 dulcia
1689 2250 2003 2317 producant,
2033 2266 2153 2306 cum
2183 2254 2396 2309 interim

841 2332 1195 2400 patentissimi
1246 2335 1444 2405 quique
1485 2339 1657 2408 campi
1691 2355 1718 2393 a
1754 2341 2023 2396 montibus
2054 2344 2394 2407 remotiores,

846 2418 1189 2488 maximeque
1235 2422 1401 2491 plani,
1434 2424 1518 2477 vel
1556 2426 1751 2480 nullam
1789 2426 2019 2484 habeant
2062 2446 2277 2500 aquam,
2312 2434 2398 2489 vel

837 2511 1048 2565 nonnisi
1110 2515 1372 2569 modicam
1425 2531 1652 2587 eamque
1679 2536 1895 2588 gravem
1958 2534 2012 2577 et
2044 2526 2264 2592 salsam,
2294 2542 2397 2582 nec

837 2603 1215 2659 scaturientem
1246 2605 1409 2669 illam,
1441 2611 1532 2661 sed
1556 2612 1605 2663 in
1633 2610 1789 2666 fossis
1814 2615 2109 2680 iuventam,
2134 2630 2197 2669 ac
2220 2633 2393 2688 neque

840 2701 949 2745 tcta
1002 2704 1183 2749 aestate
1228 2697 1312 2750 siti
1368 2697 1736 2756 subicientem.
1788 2704 1939 2770 Quod
1989 2706 2032 2759 si
2078 2709 2255 2761 omnia
2305 2724 2399 2777 per

836 2784 1071 2848 genesim
1120 2786 1584 2857 administrantur,
1621 2794 1708 2860 qui
1747 2794 1803 2847 iit
1843 2798 1983 2862 quod
2012 2798 2064 2850 in
2118 2798 2397 2854 humidum

837 2873 1049 2942 aliquod
1070 2877 1280 2947 signum
1330 2880 1539 2949 sibique
1580 2884 1844 2938 familiare
1886 2888 2097 2953 planeta
2132 2890 2397 2959 ingresso,

837 2978 940 3016 non
984 2980 1198 3021 omnem
1227 2970 1383 3023 simul
1417 2981 1619 3026 terram
1652 2975 1873 3044 impleat
1907 2978 2111 3047 pluvia,
2145 2982 2239 3034 sed
2267 2982 2393 3036 alibi

837 3054 1188 3111 nihilominus
1239 3073 1499 3127 aquarum
1534 3063 1885 3128 abundantia,
1927 3065 2052 3120 alibi
2094 3068 2397 3135 pluviarum

844 3146 1048 3214 inopia,
1075 3150 1261 3202 eodem
1300 3166 1519 3219 prorsus
1556 3162 1827 3223 tempore,
1862 3172 2032 3226 neque
2066 3175 2259 3229 magno
2308 3166 2399 3215 ad‘

2501 2146 2658 2199 πεδία
2714 2149 2808 2200 καὶ
2862 2149 2959 2216 τῆς
3006 2149 3114 2200 τῶν
3159 2149 3299 2218 ὀρῶν
3341 2148 3642 2219 ἐγγύτητος
3684 2149 3744 2201 οὑ
3780 2150 4074 2218 μετέχοντα

2506 2238 2599 2289 καὶ
2634 2236 2869 2306 μάλιστα
2907 2237 3128 2290 ίσόπεδα
3170 2238 3244 2308 μὴ
3281 2238 3424 2307 ἐχειν
3449 2238 3612 2308 ὕδωρ,
3643 2238 3676 2308 ἢ
3719 2238 3928 2307 σφόδρα
3950 2239 4075 2307 βρα-

2503 2324 2591 2392 χὺ,
2626 2325 2717 2376 καὶ
2736 2322 2911 2393 τοῦτος
2925 2324 3061 2394 βαρὺ
3093 2326 3186 2379 καὶ
3217 2326 3553 2398 ἁλμυρῶδες,
3581 2329 3644 2379 οὑ
3678 2327 3932 2397 πηγάζον
3963 2330 4073 2380 ἀλλ’

2505 2417 2561 2468 ἐν
2584 2415 2887 2484 ὀρύγμασιν
2922 2417 3330 2488 εὑρισκόμενον,
3362 2412 3484 2471 οὑδέ
3511 2420 3581 2472 δι’
3606 2419 3729 2472 ὅλου
3760 2419 3854 2472 τοῦ
3886 2420 4075 2490 θέρους

2502 2504 2692 2576 ἀρκεῖν
2744 2506 3058 2575 δυνάμενον.
3091 2509 3154 2561 Εἰ
3184 2507 3363 2561 πάντα
3411 2508 3694 2561 διοικεῖται
3734 2512 3800 2579 τῇ
3842 2511 4073 2576 γενέσει,

2504 2597 2621 2659 πῶς
2654 2598 2923 2669 πλάνητος
2973 2600 3229 2663 εἰσιόντος
3261 2602 3339 2663 είς
3370 2600 3535 2668 ὑγρὸν
3580 2599 3791 2662 ζώδιον,
3820 2598 3951 2670 [549
3984 2598 4075 2667 H.]

2503 2683 2549 2758 ᾧ
2574 2691 2775 2762 χαίρει,
2809 2691 2869 2742 ού
2894 2692 3073 2744 πᾶσαν
3102 2692 3237 2761 ὁμοῦ
3272 2693 3371 2758 τὴν
3399 2692 3502 2760 γῆν
3537 2691 3736 2761 πληροῖ
3763 2692 3942 2753 ὑετὸς,
3965 2691 4074 2743 ἀλλ’

2505 2782 2540 2851 ἡ
2573 2782 2668 2851 μὲν
2700 2781 2908 2836 ὑδάτων
2959 2780 3152 2851 πλήθει
3195 2782 3291 2834 καὶ
3335 2782 3600 2851 διεφθάρη
3645 2781 3928 2845 πολλάκις,
3958 2784 3991 2848 ὴ
4021 2780 4077 2831 δὲ

2506 2872 2833 2942 ἀνομϐρίαις
2871 2874 3011 2925 κατά
3050 2874 3143 2925 τὸν
3195 2873 3357 2925 αὑτὸν
3379 2873 3591 2944 καιρὸν,
3628 2874 3803 2925 καίτοι
3839 2889 3903 2939 γε
3958 2872 4074 2923 οὐδὲ

2506 2962 2640 3015 πολὺ
2674 2963 2864 3033 τιόρρω
2901 2963 3257 3033 διισταμένων
3289 2963 3564 3033 ἀλλήλων;
3606 2962 3864 3017 τάναντία
3912 2962 3959 3013 δ’
3989 2958 4079 3013 οὖν

2506 3056 2667 3109 πάλιν
2696 3056 2773 3116 εἰς
2798 3054 2989 3123 καιρὸν
3016 3054 3201 3121 ἓτερον
3228 3052 3454 3116 ταύταις
3482 3056 3673 3123 ὁρᾶται
3689 3053 4075 3124 συμϐαίνοντα.

2510 3146 2661 3215 Τάχα
2692 3144 2784 3198 τοῦ
2812 3146 2995 3207 ἔθνους
3014 3144 3059 3176 ’³
3089 3143 3367 3208 ἰδιάζουσά
3402 3163 3483 3209 τις
3513 3135 3744 3215 γένεσις,
3776 3144 3854 3207 ὡς
3886 3145 3951 3198 ἂν
3981 3145 4077 3197 αύ-

840 3234 1055 3290 tuodum
1087 3238 1324 3292 locorum
1356 3242 1660 3308 intervallo,
1713 3257 1855 3301 terra
1918 3227 2180 3305 vitietur‘l
2229 3268 2398 3321 quan-
2428 3227 2469 3283 Ο

2428 3227 2469 3283 C
2504 3238 2586 3289 τοὶ
2634 3235 2950 3300 πλάσαιντο,
3000 3237 3034 3306 ἦ
3064 3253 3117 3288 τι
3168 3237 3573 3307 παρανατέλλον
3608 3238 3752 3299 ἰδίως
3791 3235 3983 3300 mam
4010 3240 4073 3288 τὰ

840 3340 999 3393 quam
1046 3337 1099 3382 et
1136 3332 1407 3384 contraria
1450 3332 1641 3388 iterum
1674 3337 1724 3389 in
1750 3337 1832 3392 his
1866 3337 1971 3393 alio
2003 3351 2241 3409 tempore
2271 3359 2405 3398 con-

840 3418 1046 3484 tingere
1068 3420 1271 3482 videas,
1304 3422 1403 3474 nisi
1431 3422 1569 3477 forte
1591 3426 1669 3480 vel
1700 3428 1989 3493 peculiaris
2022 3432 2269 3497 quaedam
2328 3434 2401 3488 sit

840 3505 981 3561 illius
1010 3510 1185 3577 populi
1223 3512 1453 3580 genesis,
1490 3522 1547 3566 ut
1588 3515 1683 3583 ipsi
1715 3517 1908 3586 2121)
1939 3520 2166 3588 tingunt,
2206 3521 2291 3575 vel
2344 3523 2394 3576 in

839 3599 1141 3667 propinquo
1172 3602 1367 3657 alicubi
1407 3605 1661 3673 singulari
1689 3610 1920 3677 quodam
1948 3613 2105 3667 modo
2144 3614 2399 3669 exoriens

839 3687 1052 3758 signum
1078 3707 1391 3749 communes
1457 3696 1575 3751 illas
1606 3713 1863 3766 gencscos
1891 3701 2204 3759 eﬂ’ectiones
2243 3720 2401 3759 ever-

840 3788 938 3844 tat,
976 3782 1258 3852 inanisqne
1300 3786 1371 3841 sit
1415 3788 1735 3844 universalis
1771 3807 2029 3859 geneseos
2055 3795 2157 3859 vis,
2200 3798 2243 3849 si
2294 3813 2398 3851 non

839 3882 889 3925 et
922 3874 1261 3941 particularis
1291 3880 1502 3945 genesis
1524 3894 1847 3937 concurrat.
1870 3885 2211 3954 Singularum
2240 3890 2402 3955 igitur

840 3971 996 4017 terra!
1017 3966 1246 4033 partium
1272 3981 1496 4035 geneses
1514 3985 1687 4025 aerem
1712 3984 1952 4036 movent,
1988 3991 2160 4045 neque
2186 3979 2397 4048 signum

841 4056 1117 4111 humidum
1162 4073 1267 4113 una
1312 4075 1435 4113 cum
1472 4060 1572 4115 sibi
1634 4062 1776 4117 ailini
1839 4066 2051 4134 planeta
2101 4069 2395 4136 quidquam

838 4142 1052 4199 efﬁcere
1102 4147 1315 4214 poterit,
1357 4149 1668 4216 particulari
1712 4150 1824 4204 fato
1877 4153 2183 4207 resistente.
2220 4154 2397 4219 Quare

842 4242 1104 4297 praeterea
1162 4234 1215 4287 in
1266 4234 1399 4288 locis
1432 4235 1753 4304 quibusdam
1807 4238 1982 4290 rarior
2023 4247 2105 4290 est
2154 4240 2401 4306 potabilis

838 4338 999 4392 aqua,
1034 4324 1086 4378 in
1110 4325 1427 4393 quibusdam
1444 4341 1574 4381 vero
1601 4328 1858 4395 abundat,
1882 4337 1937 4381 et
1960 4329 2153 4383 calidis
2181 4332 2400 4397 insuper

838 4414 1117 4481 patiuntur
1165 4417 1320 4484 aquis
1393 4417 1583 4472 incolae
1630 4429 1819 4486 sponte
1858 4420 2173 4489 productis?
2203 4420 2401 4476 Sicilia

2505 3328 2660 3381 κοινά
2698 3328 2796 3397 τῆς
2840 3327 3109 3395 γενέσεως
3134 3328 3556 3398 ἀποτελέσματα
3582 3328 3818 3393 διέλυσε,
3853 3328 3949 3379 καλ⁵
3976 3328 4074 3396 μά-

2503 3418 2653 3470 ταιόν
2684 3418 2802 3470 ἐστι
2843 3416 2906 3470 τδ
2932 3420 3033 3488 τῆς
3077 3418 3342 3485 γενέσεως
3387 3418 3694 3481 καθολικὸν,
3727 3418 3793 3471 ἂν
3832 3418 3908 3487 μὴ
3954 3435 4075 3469 συν·

2502 3512 2673 3583 τρέχῃ
2699 3511 2850 3580 καὶή
2886 3511 3108 3580 μερική.
3136 3510 3346 3563 Οὐκοῦν
3386 3511 3443 3562 αἱ
3472 3509 3578 3562 τῶν
3611 3509 3713 3578 τῆς
3748 3509 3853 3578 γῆς
3899 3510 4075 3580 μερῶν

2503 3603 2747 3669 γενέσεις
2800 3601 2892 3653 τὸν
2928 3601 3069 3670 ἀέρα
3135 3599 3370 3665 κινοῦσι,
3428 3599 3522 3651 καὶ
3572 3600 3724 3651 οὐδὲν
3762 3598 3954 3651 ἀνύσει
4016 3598 4074 3650 τὸ

2505 3695 2671 3765 ὑγρὸν
2720 3693 2910 3758 ζώδιον
2948 3693 3155 3763 μετά⁹³
3184 3692 3280 3745 τοῦ
3311 3692 3511 3745 οἰκείου
3544 3692 3813 3761 πλάνητος
3847 3691 3947 3759 τῆς
3979 3708 4071 3759 με-

2508 3784 2667 3855 ρικῆς
2700 3784 3042 3854 εἱμαρμένης
3087 3783 3532 3851 ἀντιπιπτούσης.
3566 3784 3674 3835 Καὶ
3699 3782 3786 3835 διὰ
3811 3783 3865 3834 τί
3886 3783 3947 3833 ἐν
3969 3797 4071 3832 τισι

2508 3878 2605 3947 μὲν
2637 3876 2825 3938 τόποις
2856 3875 3103 3939 σπανίζει
3130 3876 3191 3927 τὸ
3219 3875 3445 3943 πότιμον
3478 3873 3640 3943 ὕδωρ,
3672 3874 3730 3925 ἐν
3754 3890 3866 3925 τισι
3900 3874 3955 3924 δὲ
3985 3874 4071 3924 καὶ

2504 3970 2664 4020 τούτο
2717 3967 2966 4037 πληθύει,
3020 3968 3113 4020 καὶ
3168 3966 3385 4036 θερμῶν
3444 3965 3651 4019 ὑδάτων
3715 3965 4069 4018 ἀπολαύουσιν

2506 4058 2826 4128 αὐτομάτως
2873 4058 3304 4129 ἀναδιδομένων;
3364 4055 3613 4119 Σικελίας
3669 4056 3726 4108 δέ
3787 4057 3885 4108 καὶ
3941 4056 4071 4107 Γαλ-

2502 4149 2620 4211 λίας
2640 4149 2686 4181 ³⁵
2719 4152 2814 4202 καὶ
2849 4150 3056 4213 Λυκίας
3107 4151 3201 4201 καὶ
3267 4149 3466 4218 ἐτέρων
3494 4149 3663 4202 ἐθνῶν
3718 4148 3820 4201 οὐκ
3879 4150 4068 4216 ὀλίγων

2503 4239 2603 4311 ὅρη
2651 4240 2886 4308 μέγιστα
2932 4240 3045 4309 πῦρ
3106 4239 3357 4292 ἀέναον⁹⁵
3380 4240 3646 4292 ἐκδιδόασι
3694 4239 3970 4299 τοσοῦτον.
3999 4242 4069 4300 ὡς

2503 4335 2600 4386 καὶ
2633 4337 2745 4396 τοῖς
2803 4336 2861 4386 ἐν
2913 4335 3072 4386 νυκτὶ
3106 4334 3391 4402 φαίνεσθαι
3431 4334 3736 4404 πόρρωθεν,
3778 4336 3916 4404 μήτε
3970 4334 4068 4385 ὑπὸ

2504 4422 2705 4492 κρύους
2757 4422 3168 4492 ἐλαττούμενον,
3204 4425 3340 4491 μήτε
3386 4423 3489 4475 ὑπὸ
3534 4422 3746 4492 ὄμϐρου
3770 4423 3816 4453 ⁹⁶
3852 4422 4069 4475 σϐεννύ-

836 4520 1071 4574 quoque,
1110 4505 1317 4569 Galliae,
1372 4506 1571 4577 Lyciae,
1603 4508 1937 4579 aliarumque
1996 4512 2236 4579 gentium
2293 4528 2396 4566 non
2425 4552 2475 4612 υ

2425 4552 2475 4612 D
2508 4530 2689 4581 μενον,
2725 4515 2862 4583 μήτε
2909 4516 3020 4574 τοῖς
3067 4514 3161 4582 τῆς
3206 4514 3309 4584 γῆς
3340 4514 3681 4583 βλαστήμασι
3745 4514 4067 4584 λυμαινόμε-

836 4598 1204 4665 minimarum,
1235 4600 1451 4652 maximi
1488 4610 1723 4665 montes,
1762 4616 2056 4670 perennem
2106 4602 2284 4671 ignem
2320 4603 2398 4658 sic
2425 4598 2469 4612 ⁷

2425 4598 2469 4612 ’⁷
2503 4620 2613 4668 νον,
2650 4604 2757 4656 τῶν
2792 4604 3215 4675 παρακειμένων
3255 4604 3439 4667 αὐτοῖς
3469 4605 3606 4673 μήτε
3650 4621 3701 4656 τι
3727 4603 3942 4658 τοιοῦτο
3969 4622 4066 4655 πα-

842 4687 1122 4751 emittunt,
1172 4690 1420 4743 utetiam
1473 4689 1627 4759 longe
1678 4692 1867 4759 positis
1906 4703 2065 4745 noctu
2120 4703 2398 4762 appareat,

839 4794 1013 4849 neque
1048 4781 1128 4835 vel
1188 4781 1478 4851 frigoribus
1543 4784 1917 4849 imminuatur,
1980 4785 2063 4837 vel
2136 4784 2401 4839 imbribus

843 4873 1355 4943 exstinguatur,vel
1391 4885 1549 4929 terrae
1604 4877 1938 4946 germinibus
1998 4886 2225 4931 noceat:
2278 4891 2399 4929 cum

835 4964 924 5031 qui
961 4964 1045 5018 his
1104 4965 1235 5033 ipsis
1272 4966 1449 5034 populi
1480 4964 1744 5035 adjacent,
1776 4966 1880 5020 tale
1912 4966 2044 5020 nihil
2101 4968 2399 5035 patiantur,

843 5069 1017 5124 neque
1045 5056 1332 5111 ostendere
1361 5054 1487 5128 [illi]
1509 5056 1738 5125 possint,
1755 5058 1886 5126 quid
1910 5068 2111 5111 tantam
2137 5058 2399 5121 locorum,

838 5147 1001 5212 aeris,
1032 5162 1318 5216 aquarum,
1351 5163 1688 5219 camporum,
1714 5149 1999 5211 montium,
2045 5147 2401 5201 diil’erentiam

835 5237 1065 5291 dederit.
1102 5238 1235 5293 Nam
1260 5239 1303 5292 si
1336 5237 1623 5294 duodecim
1663 5240 1814 5308 signa
1839 5240 2067 5304 zodiaci,
2109 5248 2161 5293 et
2194 5246 2401 5307 septem

837 5328 1063 5392 planetze
1113 5328 1188 5400 [id
1224 5328 1535 5400 prastent],
1591 5345 1760 5399 quare
1818 5330 1984 5400 igitur
2043 5347 2147 5385 non
2213 5333 2399 5385 eadem

838 5420 1035 5492 ubique
1059 5422 1394 5491 operantur?
1425 5423 1618 5493 inopes
1648 5434 1908 5493 prreterea
1936 5435 1990 5480 et
2039 5425 2253 5488 divites,
2291 5425 2393 5477 im—

2502 4697 2736 4765 σχόντων
2776 4697 2912 4764 μήτε
2958 4694 3407 4759 ἐπιδεικνύντων;
3456 4696 3509 4747 τί
3566 4696 3839 4766 τοσαύτην
3868 4697 4065 4756 τόπων,

2498 4788 2697 4857 ἀέρων,
2747 4787 2979 4849 ὑδάτων,
3012 4786 3231 4850 πεδίων,
3257 4787 3398 4856 ὁρῶν
3445 4786 3644 4839 δέδωκε
3677 4786 3979 4857 διαφοράν;
4010 4789 4065 4839 οὐ

2502 4880 2568 4947 ιβ’
2595 4880 2667 4931 τά
2696 4876 2861 4941 ζώδια
2915 4878 3007 4930 καὶ
3028 4878 3078 4929 οἰ
3110 4877 3378 4947 πλάνητες
3406 4875 3486 4941 ζ’;
3520 4877 3607 4931 διὰ
3630 4879 3684 4930 τί
3713 4878 3809 4932 οὖν
3852 4881 3915 4933 οὑ
3944 4899 4069 4933 παν-

2498 4969 2664 5038 ταχοῦ
2682 4970 2751 5022 τά
2779 4970 2916 5022 αὑτά
2942 4968 3217 5038 ἐνεργοῦσι
3237 4986 3251 5034 ;
3271 4970 3367 5022 καὶ
3398 4969 3503 5039 μὴν
3526 4970 3765 5040 πένητας
3794 4973 3887 5025 καὶ
3910 4974 4067 5025 πλου-

2502 5062 2670 5123 σίους.
2740 5061 3009 5129 ἄρχοντας
3052 5061 3148 5112 καὶ
3211 5059 3568 5129 ἀρχομένους,
3638 5061 3935 5122 νοσοῦντας
3985 5064 4068 5114 καὶ

2502 5154 2840 5222 ὑγιαίνοντας
2877 5154 2972 5207 καὶ
2997 5154 3065 5207 τὰ
3094 5155 3221 5223 ἑξῆς
3252 5154 3435 5224 εὕροις
3468 5154 3535 5207 ἂν
3569 5156 3910 5225 ἁπανταχοῦ.
3953 5157 4067 5214 Πῶς

2500 5245 2593 5298 οῦν
2625 5247 2685 5298 οὑ
2732 5246 3007 5315 πανταχοῦ
3058 5249 3151 5299 καὶ
3199 5245 3346 5298 ὑετοὶ
3396 5245 3491 5298 καὶ
3533 5246 3735 5315 αὑχμοὶ
3756 5248 3801 5277 ’⁷
3834 5248 3931 5299 καὶ
3974 5248 4067 5298 ὅσα

2504 5339 2942 5406 προειρήκαμεν;
2998 5336 3200 5407 χρυσοῦ
3249 5337 3305 5389 δέ
3369 5337 3696 5407 μέταλλονῆ
3748 5338 3992 5408 ἀργύρου
4037 5338 4064 5403 ἦ

2506 5428 2707 5497 χαλκοῦ
2763 5428 2795 5497 ἢ
2844 5427 3227 5498 κασσιτέρουῆ
3265 5426 3510 5497 μολίϐδου
3558 5427 3590 5496 ἢ
3621 5428 3729 5480 τῶν
3762 5429 4065 5497 ἄλλων,με-

2087 5607 2167 5661 VA
2180 5606 2319 5661 ΜΔΕ
2359 5605 2765 5663 LECTIONES.

906 5716 1379 5791 "auvq‘cigucurr.
1419 5723 1457 5771 Λ
1496 5723 1762 5791 εσυνεχὴς

1118 5720 1379 5791 [τῖςᾷοιιι-Γ.
1419 5723 1457 5771 Λ
1496 5740 1505 5772 :
1536 5723 1762 5791 συνεχὴς
1796 5740 1854 5783 ς.
1931 5721 1973 5751 ’⁸
2004 5720 2059 5771 δὲ
2085 5720 2178 5771 τοῦ
2208 5719 2380 5789 ἡλίου]
2411 5718 2500 5771 τοῦ
2524 5721 2673 5789 ἡλίου
2703 5723 2759 5775 δὲ
2786 5725 2850 5774 Δ.

835 5787 974 5839 κατὰ
1002 5804 1060 5851 ς’.
1135 5790 1181 5819 ’⁵
1201 5789 1445 5861 Ιάλλίαςι
1473 5810 1537 5845 an
1578 5787 1845 5853 Ἰταλίαςῖ
1917 5791 1961 5825 ’⁵
1993 5787 2303 5853 ἀὲνναονς.
2369 5787 2576 5859 “libri
2619 5792 2875 5859 δμϐρους.

3699 5724 3745 5755 ⁸³
3779 5718 3921 5791 μετὰ
3943 5718 4023 5772 AC
4046 5734 4057 5767 ε

2927 5726 2970 5752 θ’
3000 5726 3177 5786 ΞΟνως
3213 5724 3294 5777 AC
3328 5725 3510 5786 :§00u;
3540 5742 3597 5788 ς.

2956 5800 2993 5826 ³⁷
3031 5797 3186 5847 καὶτή
3226 5796 3421 5863 αὐχμοὶ
3450 5795 3512 5846 Α.
