4208 6448
230 391 329 456 8L5

1252 386 1776 449 BIBLIOTHECA.
1820 408 1885 419 -
1916 384 2077 445 COD.
2114 384 2421 447 CCXXIII.

3330 384 3435 446 846

226 500 493 555 ταλλικῶν
537 500 643 554 ἀπὸ
683 500 839 563 ποίας
884 500 1146 568 γενέσεως
1180 502 1211 572 ή
1243 503 1401 568 ερύσις
1432 500 1779 568 εύρίσκεται;
1812 500 1888 567 A1

1769 515 1779 563 ;
1812 500 1857 556 Α
1883 507 2132 568 perantes
2161 508 2215 553 et
2246 498 2509 561 subditos,
2542 510 2715 567 aegros
2741 503 2902 564 atque
2934 510 3118 561 sanos,
3150 502 3204 551 et
3236 505 3431 553 cietera

224 595 355 647 Θεὸν
381 593 478 662 μὲν
507 588 599 646 οὖν
628 593 891 661 τοσαύτην
925 593 1180 664 διαφοράν
1225 595 1319 647 καὶ⁸
1371 593 1566 663 μυρίαν
1619 591 1784 660 ἀλλην

228 684 544 755 κεχαρίσθαι
567 687 632 753 τῇ
654 687 722 752 γῇ
746 684 811 736 δι’
845 686 989 754 ἡμᾶς
1012 685 1393 753 ὁμολογοῦντες
1425 684 1752 752 εύσεϐοὖμεν
1769 699 1781 711 ’

226 775 630 845 εἱμαρμένην⁹⁸
677 775 731 827 δὲ
774 774 860 826 διὰ
904 775 1058 827 τοῦτο
1099 776 1344 845 τεχνίτας
1393 776 1663 839 πλάττειν,
1700 774 1788 825 ῖνα

226 869 534 937 χρήσωνται
566 868 686 927 ταῖς
718 864 891 928 ὕλαις,
931 866 1041 918 οὔτ’
1082 866 1146 919 ἂν
1191 869 1349 936 ἡμεῖς
1396 867 1641 934 εῐποιμεν
1665 863 1787 915 οὔτε

224 960 410 1025 ἕτερος
442 956 501 1008 εὖ
533 956 764 1026 φρονῶν.
801 954 919 1007 Ἐτι
967 955 1025 1007 δὲ
1067 957 1115 1007 εί
1151 956 1321 1024 κλίμα
1349 955 1576 1007 ἕκαστον
1604 954 1791 1021 διαμέ-

224 1064 302 1097 νει
339 1045 563 1116 μυρίαις
592 1047 711 1107 ταῖς
741 1044 876 1113 πρὸς
906 1044 1107 1113 άλληλα
1151 1045 1431 1113 διαφοραῖς
1477 1047 1583 1096 ἀπὸ
1626 1061 1793 1095 κατα-

225 1137 387 1205 ϐολῆς
420 1136 647 1197 κτίσεως
684 1135 1075 1204 κοσμούμενον,
1109 1137 1204 1187 καὶ
1248 1136 1510 1203 ἀκίνητον
1538 1134 1634 1187 ἀπ’
1661 1134 1792 1186 αἰῶ-

223 1245 310 1288 νος
346 1227 581 1293 ἕστηκεν
630 1225 734 1277 ὑπὸ
754 1225 798 1255 ’⁸
836 1224 977 1276 τῶν¹
1017 1226 1117 1293 τῆς
1142 1224 1409 1291 γενέσεως
1453 1222 1788 1292 μεταϐολῶν,

222 1316 413 1369 ούδὲν¹
449 1315 813 1384 βλαπτόμενον
839 1314 982 1383 (οὔτε
1022 1315 1127 1384 γὰρ
1174 1315 1481 1385 παλίρροιαι
1521 1314 1792 1382 θαλάσσης

222 1407 567 1476 ἐπαύθησαν,
599 1408 656 1458 ού
686 1407 857 1475 πυρὸς
885 1406 1138 1459 άσ6εστοι
1170 1408 1364 1473 πηγαὶ,
1389 1408 1448 1458 ού
1472 1406 1625 1467 ζώων
1661 1406 1789 1458 ἐκά-

226 1516 356 1550 στου
385 1497 648 1565 κλίματος
670 1496 945 1563 διαφοραὶ,
984 1496 1043 1546 οὐ
1101 1496 1306 1563 μυρίων
1340 1494 1512 1545 ἄλλων
1545 1494 1793 1561 ἑτερότη-

222 1608 317 1652 τες
347 1588 758 1657 ἀμετάδλητοι),
808 1587 1078 1639 τοσούτων
1129 1588 1464 1654 πραγμάτων
1523 1586 1619 1653 τῆς
1664 1584 1793 1653 παρ’

224 1678 413 1739 αὐτοῖς
440 1677 459 1706 ³
493 1676 757 1741 γενέσεως
796 1672 1229 1742 ἀπηλλαγμένων
1282 1673 1397 1734 πῶς
1456 1673 1606 1724 οὐδὲν
1665 1672 1794 1723 ἄνευ

1887 590 2085 659 ubique
2131 590 2408 659 reperias:
2443 590 2571 658 quin
2623 601 2753 658 ergo
2796 590 2960 643 etiam
3000 588 3197 658 ubique
3246 590 3438 658 pluviae

1887 692 1941 734 et
1988 681 2297 744 ariditates,
2348 690 2403 733 et
2455 694 2786 748 quaecunque
2834 689 2991 733 antea
3046 695 3440 736 commemora-

1887 772 2104 824 vimus?
2152 769 2269 823 laiti
2300 770 2419 823 auri
2450 768 2745 835 metallum,
2776 771 3006 839 argenti,
3052 772 3199 833 atris,
3232 772 3437 834 statuti,

1889 860 2113 929 plumbi,
2162 861 2245 913 vel
2298 870 2615 913 cancrorum
2683 860 3073 913 metallicorum
3142 871 3355 925 natura,
3411 879 3440 913 a

1890 948 2031 1018 quali
2066 949 2279 1002 tandem
2306 949 2484 1017 genesi
2512 957 2627 1000 orta
2668 947 2978 1016 reperitur?
3046 947 3223 1014 Itaque
3279 946 3443 1000 Deum

1889 1041 2105 1109 quidem
2140 1050 2194 1093 et
2221 1041 2359 1094 hanc
2389 1050 2614 1103 tantam,
2647 1048 2703 1092 et
2731 1038 2865 1091 alias
2896 1037 3312 1091 innumerabiles
3347 1052 3442 1088 va-

1893 1132 2108 1186 rietates
2134 1140 2315 1184 nostra
2342 1130 2676 1198 potissimum
2705 1144 2864 1183 causa
2894 1139 3053 1183 terra;
3083 1128 3447 1197 impertivisse

1892 1224 1979 1291 pie
2015 1222 2248 1276 fatemur
2286 1240 2299 1275 :
2335 1237 2363 1274 a
2399 1221 2508 1275 fato
2532 1237 2660 1276 vero
2687 1232 2969 1291 propterea
2996 1221 3180 1276 fabros
3210 1221 3445 1275 artiﬁces

1897 1310 2093 1371 creari,
2126 1326 2232 1379 quo
2265 1311 2445 1364 mundi
2478 1310 2637 1379 hujus
2674 1311 2838 1365 rebus
2869 1312 2944 1365 uti
2979 1311 3211 1381 possint,
3248 1312 3300 1365 id
3355 1326 3447 1366 ne-

1891 1416 1997 1469 que
2047 1415 2143 1453 nos
2190 1400 2520 1464 dixerimus,
2588 1413 2759 1467 neque
2839 1400 2978 1454 alius
3030 1409 3173 1454 recte
3208 1401 3447 1455 sentiens

1894 1495 2197 1560 quisquam.
2232 1491 2430 1545 Praeter
2473 1493 2572 1545 ista
2599 1533 2612 1553 ,
2648 1493 2694 1546 si
2734 1492 2938 1559 singula
2968 1492 3183 1546 climata
3239 1508 3449 1559 peruia-

1895 1591 2041 1646 nent,
2094 1582 2361 1637 sexcentis
2425 1582 2568 1636 iuter
2608 1596 2667 1636 se
2718 1581 3032 1635 diﬂ'erentiis
3080 1581 3190 1648 jam
3244 1582 3368 1634 inde
3419 1600 3447 1633 :i

1894 1672 2106 1725 condito
2121 1674 2250 1726 orbe
2277 1682 2552 1737 exornata,
2574 1681 2629 1725 et
2658 1671 2786 1724 nihil
2812 1687 2841 1725 a
2871 1686 3125 1740 geneseos
3148 1672 3452 1725 mutationi-

221 1768 442 1835 ταύτης
471 1764 595 1817 οὔτε
643 1763 886 1831 γίνεσθαι
934 1763 1180 1829 λέγουσιν
1212 1760 1333 1814 οὕτε
1375 1762 1647 1831 διαμένειν
1669 1760 1791 1813 οὔτε

1790 1804 1791 1809 η
1896 1765 1993 1818 bus
2015 1766 2160 1827 lmsa,
2183 1764 2472 1817 immobilia
2489 1778 2713 1833 prorsus
2732 1764 2802 1817 ab
2823 1774 3024 1817 aeterno
3052 1763 3452 1817 constituerunt

221 1857 573 1921 διοικεῖσθαι;
605 1855 874 1924 πυθοίμην
904 1853 947 1906 δ’
997 1854 1062 1906 ἂν
1091 1854 1270 1907 αὐτῶν
1294 1853 1486 1923 ἡδέως,
1511 1852 1637 1904 ποία
1668 1852 1789 1921 δρό-
1822 1836 1863 1890 Β

1788 1886 1789 1891 η
1822 1836 1863 1890 Β
1895 1852 2020 1922 (ηοη
2052 1853 2192 1905 enim
2227 1862 2322 1907 aut
2357 1852 2547 1907 alterni
2580 1851 2752 1905 ﬂuxus
2785 1855 2966 1916 maris,
3014 1862 3105 1906 aut
3133 1852 3268 1921 ignis
3298 1855 3450 1905 inex-

224 1968 331 2019 μου
357 1950 569 2017 κίνησις
598 1949 675 2007 εἰς
696 1946 757 1998 τὸ
778 1942 913 1998 εἶναι
935 1946 1032 2012 τὴν
1052 1945 1226 2015 ἀρχὴν
1253 1944 1489 2013 παρέσχε
1508 1945 1625 2005 ταῖς
1642 1942 1791 2013 βοτά-

224 2060 366 2104 ναις,
389 2042 502 2101 τοῖς
524 2040 727 2107 φυτοῖς,
762 2039 871 2099 τοῖς
894 2035 1048 2100 ζώοις
1068 2052 1083 2099 ;
1110 2036 1191 2088 δεῖ
1211 2035 1317 2105 γάρ
1341 2036 1568 2088 ἑκάστου
1588 2035 1789 2087 τούτων

223 2131 515 2200 φαίνεσθαι
540 2132 636 2201 τὴν
650 2133 746 2201 τῆς
766 2130 1029 2196 γενέσεως
1052 2127 1223 2199 ὥραν,
1248 2129 1335 2180 ὅτε
1352 2127 1459 2181 ἀπὸ
1474 2128 1577 2196 γῆς
1594 2126 1790 2179 ἐπλάτ-

223 2241 402 2281 τοντο,
433 2222 560 2293 [676
588 2220 677 2293 ιι.]
702 2223 792 2273 καὶ
826 2222 1014 2290 ἑτέραν
1048 2222 1143 2291 μὲν
1178 2217 1313 2272 εἶναι
1340 2219 1597 2287 φοίνικος,
1625 2219 1790 2288 ἀλλην

219 2316 281 2367 δὲ
314 2314 511 2380 συκῆς,
539 2314 634 2366 καὶ
660 2313 820 2375 κυνὸς
855 2312 1163 2375 ἰδιάζουσαν
1190 2314 1279 2364 καὶ
1305 2312 1549 2380 καμήλου
1570 2328 1583 2341 ·
1611 2312 1671 2363 ού
1692 2312 1790 2381 τὴν

221 2405 399 2473 αὐτὴν
434 2405 623 2467 ἵππου,
651 2419 871 2474 περιστε
883 2404 998 2471 ρᾶς,
1025 2400 1346 2471 ἀνθρώπων,
1371 2403 1463 2455 καὶ
1490 2402 1598 2454 τῶν
1618 2402 1789 2455 ἄλλων

221 2498 450 2566 ὁμοίως.
484 2498 580 2549 “Av
608 2500 705 2567 μὲν
726 2492 818 2549 οὖν
850 2496 1013 2565 ἔχωσι
1042 2496 1220 2564 λέγειν
1260 2494 1349 2548 διὰ
1375 2496 1427 2549 τί
1459 2496 1532 2566 μή
1574 2498 1666 2549 καὶ
1698 2496 1790 2549 νῦν

224 2590 342 2641 ἀπὸ
371 2589 474 2656 γῆς
498 2588 518 2619 ’⁵
545 2590 577 2657 ἡ
607 2576 819 2655 γένεσις
851 2589 1073 2640 πλάττει
1118 2589 1185 2640 τὰ
1231 2589 1617 2657 προειρημένα,
1648 2588 1791 2639 διδα-

227 2678 512 2729 σκέτωσαν
536 2692 549 2704 ·
579 2676 729 2728 οὐδὲν
758 2676 866 2744 γάρ
903 2674 1046 2741 ἅπαξ
1076 2676 1105 2727 ό
1138 2676 1235 2744 τῆς
1276 2675 1548 2741 ,γενέσεως
1595 2676 1790 2739 κύκλος

222 2769 570 2829 ἀποτελέσει,
599 2768 657 2820 τὸ
685 2768 728 2819 δ’
756 2768 885 2819 αὐτὸ
912 2770 1053 2820 ποιεῖ
1078 2768 1354 2829 πολλάκις.
1400 2767 1500 2819 Διά
1540 2768 1669 2821 τίδὲ
1691 2766 1789 2838 τὴν

228 2859 333 2927 μὲν
366 2857 540 2927 ἀρχὴν
578 2857 674 2908 ούκ
722 2857 787 2909 ἂν
815 2854 884 2927 ἦν
910 2856 944 2909 ἀ
973 2857 1244 2927 προήχθη,
1280 2857 1355 2927 μὴ
1397 2858 1504 2909 ἀπὸ
1526 2859 1629 2927 γῆς
1655 2859 1790 2910 πλα-

226 2950 452 3013 σθέντα,
489 2946 614 3018 [350
640 2947 728 3017 H.]
764 2948 900 3016 μετά
933 2948 988 3000 δὲ
1012 2947 1185 2999 ταῦτα
1215 2948 1366 3001 οὐδὲν
1390 2947 1456 3001 ἂν
1481 2949 1657 3002 αὐτῶν
1683 2952 1790 3002 ἀπὸ

222 3043 335 3109 γῆς
368 3041 706 3109 βλαστήσειε,
738 3039 825 3091 διά
854 3040 910 3091 δὲ
937 3042 1033 3107 τῆς
1062 3039 1120 3103 ἐξ
1150 3038 1391 3109 ἀλλήλων
1412 3039 1661 3109 διαδοχῆς
1684 3040 1789 3093 σώ-

1891 1944 2070 1997 stincti
2122 1942 2299 1998 fontes
2336 1952 2427 1996 aut
2460 1942 2771 1995 animalium
2812 1943 2861 1995 in
2889 1943 3113 2012 smgulis
3150 1944 3452 1997 climatibus

1892 2032 2206 2089 dillerentiae
2237 2043 2329 2088 aut
2362 2033 2478 2087 alia:
2510 2034 2947 2097 innumerabiles,
2968 2033 3059 2087 sed
3094 2034 3451 2087 immutabile:

1888 2138 2068 2178 rerum
2112 2125 2455 2179 alterationes
2486 2138 2720 2193 unquam
2760 2122 3056 2193 cessarunt)
3089 2143 3102 2177 :
3132 2131 3210 2176 tot
3237 2123 3451 2176 interim

1890 2217 2049 2270 rebus
2082 2232 2176 2285 per
2206 2216 2371 2285 ipsam
2403 2217 2637 2285 genesim
2674 2215 2989 2278 imnmtatis,
3043 2216 3311 2283 quomodo
3337 2218 3454 2269 sine

1892 2310 1992 2363 hac
2012 2318 2104 2361 aut
2133 2307 2247 2361 fieri
2274 2308 2562 2375 quidquam
2578 2316 2670 2361 aut
2700 2321 3013 2375 permanere
3044 2316 3137 2360 aut
3164 2309 3451 2374 gubernari

1891 2416 2046 2470 posse
2095 2400 2339 2470 negant?
2372 2399 2620 2455 Libenter
2661 2408 2836 2453 autem
2870 2401 2935 2452 ab
2986 2400 3066 2453 eis
3113 2400 3450 2468 quarsierim,

1890 2492 2185 2561 qualisnam
2235 2492 2373 2547 forte
2426 2492 2677 2545 curriculi
2717 2501 2891 2544 motus
2922 2490 3120 2552 herbis,
3164 2490 3357 2559 plantis
3397 2502 3457 2542 et

1891 2584 2248 2636 animantibus
2299 2583 2682 2637 exsistentibus
2722 2583 3033 2651 principium
3065 2580 3273 2635 dederit
3306 2599 3319 2633 :
3356 2584 3453 2633 de-

1892 2681 2234 2734 monstranda
2270 2682 2412 2735 enim
2465 2681 2728 2749 genitum
2766 2679 2953 2731 horum
2985 2677 3244 2746 cujusque
3296 2676 3450 2733 liora.

1892 2785 1992 2839 qua
2019 2786 2049 2825 e
2098 2779 2238 2823 terra
2276 2769 2644 2824 formabatur:
2678 2780 2733 2824 et
2751 2769 2908 2822 aliam
2944 2770 3157 2837 quidem
3192 2782 3313 2821 esse
3340 2768 3452 2835 pal-

1892 2880 2010 2929 nne,
2056 2865 2213 2918 aliam
2266 2864 2419 2925 ficus,
2460 2865 2608 2917 canis
2662 2866 2789 2917 item
2830 2879 2978 2916 suam
3005 2878 3126 2917 esse
3152 2863 3451 2933 propriam,

1891 2957 2243 3024 similiterque
2285 2955 2481 3024 213a
2533 2956 2743 3018 cameli,
2778 2969 2949 3024 neque
3004 2952 3248 3007 eamdem
3305 2952 3450 3006 illam

1893 3061 2016 3102 esse
2067 3048 2211 3116 equi,
2251 3046 2534 3109 columbae,
2588 3054 2681 3097 aut
2728 3044 3026 3105 hominum,
3077 3050 3133 3096 et
3178 3040 3231 3094 id
3282 3053 3451 3105 genus

225 3136 423 3198 ςεταις
466 3132 498 3201 ἢ
530 3131 645 3193 πῶς
679 3131 740 3183 τὸ
784 3130 1118 3198 κυριώτατον
1170 3131 1262 3182 καὶ
1309 3131 1789 3200 ἀναγκαιότατονή
1820 3155 1862 3216 C

1820 3155 1862 3216 ρ
1899 3139 2153 3191 aliorum.
2193 3136 2248 3188 Si
2278 3151 2407 3201 ergo
2453 3143 2675 3201 possunt
2710 3136 2910 3197 dicere,
2944 3150 3040 3187 cur
3096 3147 3201 3185 non
3230 3141 3283 3184 et
3306 3147 3456 3189 nunc

224 3227 449 3291 γένεσις
470 3223 566 3275 οὐκ
598 3223 815 3291 ἔχουσα,
856 3222 998 3287 λέγω
1034 3221 1099 3290 δὴ
1126 3221 1187 3273 τδ
1218 3223 1325 3274 ἀπὸ
1359 3223 1461 3291 γῆς
1496 3222 1700 3275 πλάσαι
1723 3223 1791 3274 τά

224 3316 438 3376 πάντα,
470 3312 562 3364 τοῦ
600 3314 925 3381 συγκρατεῖν
946 3311 1038 3363 καὶ
1081 3311 1363 3364 ἀποτελεῖν
1394 3314 1486 3365 καὶ
1513 3313 1793 3379 ἀφανίζειν

224 3405 353 3459 ἐστὶ
384 3405 545 3473 κυρία
570 3420 585 3468 ;
614 3402 695 3454 ἔτι
727 3402 783 3454 δὲ
806 3404 855 3454 εί
874 3402 894 3433 ⁸
921 3402 1027 3455 ἀπὸ
1054 3402 1150 3471 τῆς
1178 3404 1318 3455 κατά
1342 3403 1439 3473 τὴν
1465 3403 1614 3473 ὥραν
1644 3405 1795 3473 ἀκρι-

222 3496 364 3559 ϐοῦς
402 3495 749 3562 ἐπιγνώσεως
778 3495 989 3562 ἑκάστῳ
1016 3494 1126 3546 τῶν
1162 3494 1458 3562 γινομένων
1484 3495 1549 3546 τά
1580 3496 1793 3563 συμὸη-

226 3585 288 3635 σό
296 3599 438 3652 μενα
450 3580 714 3647 λέγουσιν,
731 3580 825 3631 ἀνθ
835 3578 1015 3649 ρώπῳ,
1033 3597 1104 3649 φη
1114 3580 1196 3647 μὶ,
1216 3582 1308 3633 καὶ
1326 3581 1406 3649 βοῒ
1418 3583 1505 3633 καὶ
1517 3582 1687 3652 ὀρνέῳ
1702 3584 1793 3635 καὶ

224 3674 404 3741 πλοίῳ
429 3672 521 3723 καὶ
551 3671 719 3733 πόλει,
739 3673 831 3722 καὶ
861 3672 1075 3724 πάντων
1101 3666 1174 3724 ὧν
1202 3674 1297 3742 τὴν
1319 3674 1622 3742 πρόγνωσιν
1652 3673 1793 3741 ἔχειν

226 3763 624 3833 ἰσχυρίζονται,
640 3762 756 3825 πῶς
780 3763 885 3830 γῆς
908 3763 1001 3816 καὶ
1019 3763 1289 3833 θαλάσσης
1304 3766 1502 3817 καὶτοῦ
1526 3766 1683 3835 ἀέρος
1695 3767 1793 3820 οὐκ

220 3856 435 3917 ειδότες
460 3855 567 3907 τῶν
592 3856 858 3923 γενέσεων
882 3855 1007 3917 τοὺς
1044 3857 1289 3925 καιροὺς,
1319 3856 1387 3909 τά
1415 3857 1561 3926 πάθη
1590 3858 1793 3911 τούτων

220 3949 328 4001 καὶ
361 3948 460 4008 τὰς
490 3946 732 4015 κινήσεις
758 3946 851 3998 καὶ
889 3945 988 4005 τὰς
1018 3946 1321 4015 μεταϐολάς
1367 3948 1793 4016 ἐπαγγέλλονται

217 4039 445 4105 λέγεινς
480 4038 571 4088 καὶ
602 4036 717 4099 πῶς
754 4035 851 4087 ούκ
886 4036 949 4088 ἄν
988 4053 1070 4099 τις
1099 4037 1279 4101 αὐτοῖς
1308 4039 1646 4106 ἀπιστήσειε,
1679 4041 1794 4104 πῶς

217 4132 280 4182 δὲ
318 4130 421 4181 ούκ
455 4127 520 4179 ἂν
557 4127 735 4179 αὐτῶν
778 4128 1175 4195 άποστραφεῖεν
1204 4128 1300 4196 τὴν
1350 4130 1581 4197 ἄμετρον
1608 4132 1796 4194 ἀλαζο-

217 4223 411 4283 νείανς
438 4218 556 4270 οὐδὲ
586 4217 693 4285 γάρ
718 4216 827 4268 τῶν
853 4216 991 4268 κατά
1016 4218 1178 4286 μέρος
1204 4220 1458 4271 ἀπάντων
1488 4220 1792 4283 ἰδιαζούσας

218 4310 526 4381 παρέξουσι
572 4308 669 4369 τὰς
716 4308 976 4373 γενέσεις.
1014 4310 1120 4360 Καὶ
1153 4310 1258 4377 μὴν
1299 4310 1585 4362 ἀκόλουθον
1608 4313 1794 4364 τοσαύ-

214 4419 322 4463 τας
353 4396 491 4451 εἶναι
519 4398 783 4465 γενέσεων
819 4398 1096 4467 διαφοράς,
1123 4400 1223 4451 ὃσα
1259 4402 1324 4451 τά
1362 4400 1493 4469 γένη
1520 4402 1627 4453 τῶν
1658 4418 1791 4472 προ-

1895 3244 1925 3282 e
1952 3241 2091 3281 terra
2137 3228 2346 3295 genesis
2378 3225 2568 3279 formet
2602 3225 2877 3294 praedicta,
2909 3226 3134 3279 doceant
3159 3238 3273 3275 nos.
3310 3221 3450 3274 Nihil

1894 3320 2059 3381 enim,
2103 3316 2243 3386 quod
2273 3316 2437 3370 semel
2478 3320 2735 3370 duntaxat
2768 3333 2863 3385 per
2894 3332 3155 3384 geneseos
3184 3315 3443 3367 ambitum

1897 3410 2225 3477 perﬁciatur,
2269 3409 2362 3461 sed
2391 3408 2529 3461 idem
2564 3408 2726 3461 etiarn
2756 3423 2895 3475 saepe
2925 3406 3105 3462 eilicit.
3168 3406 3277 3459 Cur
3306 3409 3453 3457 insu-

1896 3516 1989 3567 per
2022 3500 2088 3554 ab
2111 3500 2263 3553 initio
2286 3499 2497 3567 quidem
2529 3514 2633 3553 non
2657 3508 2845 3552 essent
2873 3513 2992 3565 quae
3018 3498 3273 3566 producta
3303 3507 3448 3556 sunt,

1895 3590 1997 3643 nisi
2053 3604 2083 3643 e
2132 3599 2272 3641 terra
2332 3590 2559 3642 formata
2601 3586 2872 3640 fuissent:
2929 3595 3048 3656 post
3091 3596 3270 3640 autem
3316 3585 3449 3637 nihil

1897 3684 2085 3734 horum
2124 3694 2155 3733 ο
2202 3690 2340 3731 terra
2374 3678 2675 3745 germinare
2706 3678 2893 3745 possit,
2929 3678 3022 3731 sed
3061 3692 3155 3745 per
3207 3686 3451 3729 mutuam

1893 3771 2086 3825 debeat
2117 3770 2514 3823 successionem
2542 3768 2846 3821 conservari
2870 3765 2893 3819 ἳ
2918 3768 3023 3819 Aut
3048 3766 3312 3831 quomodo
3329 3781 3449 3819 cum

1893 3878 2010 3933 qua:
2051 3860 2265 3930 propria
2317 3859 2655 3926 maximeque
2705 3860 3004 3911 necessaria
3049 3866 3191 3921 sunt,
3242 3856 3452 3926 genesis

1896 3971 1996 4009 non
2028 3956 2222 4008 habeat
2242 3954 2368 4021 (vim
2402 3952 2545 4005 illam
2576 3962 2704 4019 puto
2726 3952 2986 4005 formandi
3014 3966 3044 4005 e
3076 3961 3216 4005 terra
3246 3951 3451 4017 omnia)

1895 4046 2247 4101 conservandi
2294 4041 2543 4114 [tamen],
2574 4042 2908 4109 perficiendi,
2930 4052 3104 4116 .atque
3144 4042 3449 4095 destruendi

1895 4150 2083 4206 patens
2114 4136 2181 4188 sit
2207 4134 2230 4185 ?
2259 4132 2522 4185 Praeterea
2548 4132 2593 4185 si
2624 4146 2687 4185 ex
2717 4141 2963 4185 accurata
2983 4132 3070 4185 illa
3098 4132 3239 4185 hora:
3272 4131 3455 4198 cogni-

1895 4230 2059 4291 tiuuc,
2088 4224 2314 4293 singulis
2340 4238 2456 4292 quae
2482 4223 2769 4292 gignuntur
2795 4233 3048 4276 eventura
3078 4223 3335 4284 referunt,
3359 4224 3454 4275 ho-

1895 4318 2048 4379 mini,
2107 4316 2346 4382 inquam,
2399 4322 2452 4365 et
2484 4312 2755 4380 bovi,|avi
2784 4322 2946 4379 atque
2971 4314 3117 4373 navi,
3174 4313 3290 4367 urbi
3324 4314 3452 4365 item

1894 4418 1948 4463 et
1975 4409 2183 4463 caeteris
2207 4406 2475 4467 omnibus,
2505 4419 2733 4472 quorum
2756 4406 3222 4472 prtecognitionem
3251 4404 3453 4457 habere

213 4490 536 4560 ἀγομένων.
568 4488 691 4551 Πῶς
742 4488 851 4557 γὰρ
898 4488 964 4541 ἂν
992 4489 1025 4557 ή
1053 4489 1211 4556 αύτὴέ
1236 4490 1327 4541 τοῦ
1354 4490 1551 4559 δρόμου
1581 4492 1790 4558 γένεσις
1820 4477 1866 4533 Ῑ)

1820 4477 1866 4533 θ
1894 4516 1951 4556 se
1970 4508 2216 4553 asserunt
2236 4517 2249 4552 :
2273 4497 2369 4570 [at]
2390 4512 2493 4566 qua
2520 4498 2725 4550 ratione
2752 4512 2872 4550 cum
2897 4507 3074 4557 terrm,
3101 4498 3288 4559 maris,
3309 4496 3452 4549 aeris

212 4584 371 4635 κύνα
394 4582 487 4633 καὶ
522 4580 710 4633 λέοντα
743 4579 1075 4650 ἐργάσαιτο⁶
1112 4584 1208 4632 καὶ
1251 4580 1535 4649 ἄνθρωπον
1577 4584 1671 4634 καὶ
1710 4583 1792 4635 τπ.

212 4689 350 4735 πον,
380 4671 506 4731 τοὺς
541 4666 792 4722 τοσοῦτον
840 4669 1083 4738 ἀλλήλων
1128 4669 1567 4734 διαλλάττονταςς
1602 4673 1717 4734 πῶς
1745 4674 1789 4725 δ’

210 4766 287 4818 ἄν
325 4760 419 4829 εἴη
456 4759 695 4812 ποικιλία
745 4761 1070 4830 χρωμάτων,
1106 4760 1418 4829 σχημάτων,
1466 4764 1787 4832 ποιοτήτων.

213 4856 301 4923 μὴ
346 4852 529 4905 πάντα
560 4850 808 4919 ποικίλης
849 4850 1111 4917 γενέσεως
1158 4850 1546 4919 ἀποτελούσης,
1587 4852 1661 4915 ῶς
1696 4870 1787 4920 φα.

206 4960 351 5008 σιν;
387 4941 446 4993 ού
497 4940 622 5009 μίαν
672 4940 730 4991 δὲ
774 4940 1004 5007 ἑχόντων
1051 4938 1249 5007 πρᾶξιν
1293 4940 1326 5006 ἢ
1382 4940 1553 5004 πάθος
1591 4942 1649 4993 ἓν
1682 4943 1791 4994 τῶν

203 5037 489 5090 ἁπάντων
522 5029 903 5101 ἀνθρώπωντῆ
936 5030 1119 5082 ἵππων
1145 5029 1281 5081 ὅλων
1307 5030 1340 5099 ἢ
1363 5030 1580 5099 χοίρων,
1602 5034 1661 5083 ού
1697 5033 1792 5101 μέ-

203 5126 413 5195 γεθος,
433 5122 495 5174 οὐ
517 5122 699 5191 τάχος,
721 5120 819 5172 οὐκ
852 5120 1026 5188 ίσχὺν,
1052 5120 1111 5171 ού
1144 5120 1348 5189 φωνήν,
1372 5121 1527 5189 δῆλον
1568 5122 1644 5184 ὡς
1672 5124 1792 5191 οὐχὶ

202 5220 356 5290 μίαν
387 5213 650 5283 γενέσεως
682 5212 872 5283 ῥοπὴν,
902 5212 1034 5265 ἀλλά
1054 5211 1316 5275 τοσαύτας
1350 5214 1790 5283 ἀναγκασθήσον-

194 5328 302 5363 ται
335 5307 544 5373 λέγειν,
580 5305 679 5374 ὅση
723 5304 949 5356 καὶτῶν
989 5303 1430 5373 ἀποτελουμένων
1464 5306 1496 5374 ἡ
1533 5305 1783 5374 διαφορὰ,

194 5405 268 5457 οὐ
312 5401 489 5474 μόνον
518 5396 671 5461 ζώων
710 5396 979 5465 χερσαίων
1008 5398 1100 5449 καὶ
1130 5395 1349 5465 πτηνῶν
1384 5396 1477 5449 καὶ
1529 5396 1783 5466 ἐνύδρων,

1887 4587 2142 4657 genitura:
2173 4598 2407 4654 tempora
2451 4601 2555 4637 non
2592 4585 3068 4644 noverint.horum
3113 4584 3448 4647 affectiones,

1888 4693 1949 4732 ac
2002 4678 2282 4736 motiones,
2316 4676 2749 4742 mutationesque
2777 4675 3096 4729 denuntiare
3140 4689 3198 4728 se
3228 4675 3452 4743 promit-

1888 4769 2050 4823 tunt?
2092 4766 2356 4835 quomodo
2402 4767 2521 4834 quis
2570 4767 2688 4820 istis
2730 4767 2931 4829 credat,
2968 4776 3061 4819 aut
3091 4780 3195 4835 qua
3244 4767 3451 4820 ratione

1888 4856 2301 4913 immoderatam
2340 4858 2572 4923 ipsorum
2610 4861 2972 4926 arrogantiam
2997 4872 3102 4911 non
3128 4860 3451 4913 aversetur?

1895 4964 2162 5015 numquam
2178 4948 2320 5001 enim
2344 4946 2649 5016 singulatim
2669 4948 2907 5001 omnium
2927 4949 3182 5002 exhibere
3204 4948 3450 5017 pr0prias

1892 5040 2170 5110 genituras
2216 5048 2484 5107 poterunt.
2512 5038 2578 5092 Et
2617 5053 2745 5091 vero
2775 5039 2936 5092 etiam
2983 5054 3318 5108 consequens
3365 5049 3449 5091 est

1895 5141 1972 5184 tot
2010 5144 2129 5183 esse
2157 5130 2521 5199 geniturarum
2552 5128 2901 5195 dill‘erentias,
2932 5138 3064 5199 quot
3096 5139 3220 5183 sunt
3259 5144 3445 5183 eorum

1891 5234 2009 5287 qua:
2063 5220 2430 5286 producuntur
2479 5232 2692 5287 genera.
2747 5217 2877 5271 Nam
2946 5220 3214 5287 quomodo
3257 5220 3444 5271 eadem

1893 5310 2142 5363 curriculi
2172 5310 2381 5377 genesis
2411 5324 2597 5364 canem
2629 5318 2683 5364 et
2710 5309 2915 5364 leonem
2955 5309 3234 5378 producat,
3270 5310 3443 5363 homi-

1894 5413 2014 5453 nem
2052 5402 2175 5453 item
2209 5411 2265 5455 ct
2300 5416 2498 5471 equum
2535 5411 2812 5469 tantopere
2859 5403 2999 5456 inter
3042 5417 3100 5457 se
3135 5403 3446 5470 discrepatio

1487 5571 1720 5627 VARIIE
1751 5571 2149 5629 LECTIONES.

279 5695 332 5725 ⁸⁸
370 5692 678 5760 εἱμαρμένη
706 5694 769 5743 Α.
844 5690 889 5721 ’⁸
922 5689 1048 5758 ὑπὸ]
1079 5689 1201 5743 libri

194 5769 218 5799 ⁵
248 5767 305 5818 εί
342 5758 472 5815 τίω.
502 5758 563 5816 AL
636 5758 983 5829 θἐὶργάσατο
1018 5779 1078 5823 ς.
1154 5760 1172 5789 ⁷
1205 5758 1505 5827 ἀνθρώπων
1527 5760 1646 5811 add.
1680 5760 1742 5813 Α.

1450 5690 1465 5719 ²
1497 5688 1603 5740 τῶν
1623 5688 1745 5739 add.
1779 5691 1840 5741 Λ.

1940 5693 1958 5721 ¹
1993 5692 2141 5745 οὐδὲν
2167 5696 2209 5745 Λ
2246 5708 2259 5745 :
2294 5694 2352 5745 ού
2390 5712 2447 5757 ς.
2557 5695 2766 5766 ἀὐτῆς
2802 5714 2859 5760 ς,

2967 5698 2985 5727 ⁸
3009 5696 3115 5750 ἀπὸ
3136 5700 3231 5767 τῆς
3260 5696 3357 5765 γῆς
3382 5715 3435 5760 ς.
