4208 6448
831 381 929 444 847
1972 368 2232 430 ΡΗΟΤΙῙ
2255 370 2493 430 ΡΑΤΙΠ

2382 369 2760 429 ‘RMRCILE
2792 370 2896 429 cr.
3954 372 4044 438 sta

829 497 911 541 tes
939 484 963 538 ἲ
988 480 1256 553 quomodo
1280 478 1408 533 item
1441 476 1703 540 culorum,
1736 475 2047 544 figurarum,
2069 478 2393 546 qualitatum
2423 491 2470 537 Α

2383 494 2393 530 ι
2423 491 2470 537 Α
2498 476 2632 529 ἀλλὰ
2672 480 2765 529 καὶ
2808 478 2991 544 φυτῶν
3027 480 3121 532 καὶ
3152 477 3387 547 βοτανῶν
3421 480 3515 531 καὶ
3555 478 3607 529 ετ
3627 496 3679 530 τι
3707 478 3839 532 ἀλλο
3863 480 3932 531 tv
3966 487 4045 532 xc;-

829 579 1059 633 varietas
1080 576 1172 637 sit,
1195 573 1298 627 nisi
1321 569 1467 625 varia
1491 583 1704 639 quoque
1727 568 1939 637 genesis
1966 570 2079 623 haec
2104 571 2283 623 omnia
2312 568 2395 624 ef-

2383 596 2395 610 -
2500 585 2623 638 σμῳ
2652 568 2866 638 φύεται.
2898 571 3010 624 Καὶ
3043 570 3159 630 πῶς
3207 571 3273 622 ἂν
3316 569 3567 623 τοσοῦτον
3591 570 3820 640 ἄπειρον
3856 571 4045 642 πλῆθος

828 672 1031 729 ticeret.
1056 676 1111 721 ut
1132 665 1314 720 aiunt?
1336 662 1471 717 Cum
1499 675 1626 715 vero
1657 675 1762 714 non
1789 675 1892 714 una
1924 662 1993 714 sit
2019 662 2257 715 omnium
2287 662 2401 717 sive

2387 677 2401 716 ι
2496 659 2605 713 τῶν
2639 660 2848 730 καιρῶν
2894 661 3365 726 ἀναπλάσουσιν⁸;
3396 661 3511 713 ἀλλ’
3545 662 3643 730 οὐχ
3689 662 3931 727 ἕξουσιν,
3958 662 4049 715 οὐδ’

828 762 989 821 actio,
1014 759 1127 813 sive
1151 754 1385 818 affectio,
1419 767 1523 807 non
1550 767 1806 819 equorum
1829 752 2069 805 omnium
2101 753 2180 805 vel
2211 766 2401 821 porco-

2386 784 2401 795 -
2495 753 2545 804 εί
2586 753 2846 822 μυριάδες
2880 753 3099 823 ἡμερῶν
3147 754 3329 816 αὐτοῖς
3369 754 3458 806 τὸν
3496 752 3738 805 ἐνιαυτὸν
3768 753 4048 822 ἐπλήρουν.

826 869 944 908 rum
968 852 1154 907 eadem
1178 844 1807 916 magnitudoﬁceleritas,
1834 843 2115 908 fortitudo,
2142 859 2266 907 vox,
2292 859 2399 897 non

2386 860 2399 897 ι
2496 844 2755 897 Μάλιστα
2791 845 2849 897 δὲ
2884 844 3062 898 αὐτῶν
3091 845 3151 898 τὸ
3182 845 3377 914 ψεῦδος
3419 845 3779 916 κατάφωρον⁹
3834 846 4048 913 γίνεται.

831 958 994 999 unum
1029 944 1187 995 etiam
1224 945 1501 1007 cogentur,
1522 945 1581 989 ut
1612 942 1841 995 constat,
1868 934 2125 1003 genitura:
2150 949 2394 987 momen-

2390 964 2394 971 ι
2495 936 2544 988 εί
2575 936 2642 988 τὰ
2675 936 2912 1005 συνεχῶς
2945 936 3195 990 τίκτοντα
3232 936 3526 1005 σκοπήσειέ
3556 953 3659 998 τις,
3688 938 3861 997 κύνας
3896 936 3929 1004 ἢ
3961 938 4052 1003 χοὶ-

830 1046 941 1089 tttm
976 1031 1158 1095 fateri,
1184 1030 1276 1084 sed
1312 1038 1388 1082 tut
1418 1027 1594 1095 plane,
1626 1035 1757 1094 quot
1786 1034 1941 1079 erunt
1963 1040 2146 1078 eorum
2178 1040 2296 1092 quae
2324 1026 2391 1079 ab

2386 1046 2391 1075 ι
2494 1045 2618 1097 ρους
2649 1027 2683 1097 ἢ
2712 1027 2911 1098 ὄρνεις,
2947 1028 3044 1082 καὶ
3100 1029 3199 1097 οὐχ
3252 1028 3457 1095 ἥκιστα
3505 1026 3575 1079 τὰ
3618 1026 4048 1093 πολυγονώτατα.

827 1142 889 1182 ea
948 1120 1663 1196 perficiunturdifferentiae,
1712 1134 1817 1173 non
1846 1118 2185 1171 terrestrium
2230 1117 2390 1171 modo
2488 1122 2489 1169 ζ

2389 1148 2390 1157 ι
2488 1121 2676 1189 Χοῖροι
2707 1119 2815 1188 γὰρ
2852 1120 2946 1173 καὶ
3002 1119 3180 1189 ἰχθύες
3230 1121 3323 1172 καὶ
3378 1119 3537 1180 κύνες
3575 1118 3744 1170 πολλὰ
3791 1118 4051 1177 τίκτοντες

828 1216 1134 1270 animalium
1185 1222 1311 1282 puta
1359 1220 1414 1265 et
1463 1208 1791 1273 volantium,
1838 1218 2000 1275 atque
2048 1207 2386 1275 aquatilium,
2486 1232 2490 1244 ι

2486 1210 2575 1262 τὸν
2604 1212 2700 1278 τῆς
2728 1209 2942 1279 ἡμέρας
2971 1210 3319 1263 ἀναλίσκουσι
3348 1210 3556 1278 καιρὸν,
3578 1211 3606 1261 ὁ
3626 1210 3668 1260 δ’
3693 1208 3872 1279 ἰχθὺς,
3893 1206 4053 1278 οἶμαι,

827 1310 920 1363 sed
952 1317 1007 1362 et
1036 1307 1366 1377 plantarum,
1403 1311 1457 1356 et
1502 1301 1815 1363 herbarum,
1846 1308 1898 1353 et
1929 1300 1970 1355 si
2003 1301 2127 1369 quid
2155 1299 2296 1353 aliud
2332 1301 2384 1353 in

2493 1302 2585 1355 καὶ
2619 1302 2821 1365 πολλὰς
2860 1303 3093 1373 ἡμέρας,
3126 1303 3224 1372 τῆς
3255 1303 3365 1356 τῶν
3397 1303 3520 1355 ὠῶν
3557 1300 3794 1370 πληθύος
3836 1304 3895 1353 ὲν
3923 1301 4052 1363 τάξει

829 1411 972 1454 terra
1009 1408 1275 1452 nascatur.
1330 1394 1394 1448 Et
1423 1394 1689 1461 quomodo
1735 1393 2046 1445 immensam
2080 1392 2216 1445 adeo
2253 1401 2386 1446 tem-

2494 1394 2879 1462 μορφουμένης
2938 1396 3016 1457 είς
3075 1394 3340 1465 μυριάδας
3386 1393 3586 1463 ίχθύων
3613 1392 3754 1446 κατά
3797 1394 3965 1462 μέρος
3994 1410 4056 1443 τι-

828 1492 971 1560 poris
990 1499 1380 1545 momentorum
1401 1485 1793 1539 multitudinem
1817 1483 2045 1536 forment
2060 1483 2083 1534 ?
2100 1481 2382 1551 Nunquam
2489 1507 2490 1510 η

2489 1484 2796 1553 κτομένων,
2827 1486 2884 1538 ὲν
2913 1479 3001 1548 αἷς
3037 1486 3316 1556 ἀμήχανον
3354 1487 3427 1556 μὴ
3457 1486 3714 1555 γενέσθαι
3748 1486 3935 1555 πτηνὰ
3968 1485 4057 1552 ἤι’

830 1600 957 1638 sane
992 1591 1265 1653 poterunt,
1290 1595 1394 1635 non
1427 1579 1471 1631 si
1494 1579 1676 1632 decem
1709 1577 1912 1630 dierum
1946 1574 2179 1628 millibus
2210 1588 2382 1627 annus
2487 1594 2492 1645 3

2487 1580 2716 1646 χερσαῖα
2749 1579 2805 1630 ὲν
2852 1579 2959 1649 ὅλῳ
2990 1596 3066 1648 τῳ
3114 1580 3301 1649 κόσμῳ
3351 1579 3384 1649 ἢ
3425 1579 3599 1648 νηκτά
3636 1581 3693 1632 ὲν
3725 1577 3823 1647 ὅλῃ
3874 1576 4056 1629 θαλάτ-

830 1676 956 1742 ipsis
989 1681 1217 1727 constet.
1272 1672 1347 1725 Ita
1386 1683 1513 1724 vero
1543 1668 1775 1722 maxime
1806 1667 1996 1720 horum
2043 1664 2379 1719 mendacium
2484 1686 2492 1703 -

1770 1686 1775 1719 ι
1806 1667 1996 1720 horum
2043 1664 2379 1719 mendacium
2484 1671 2609 1740 τῃ¹¹
2646 1673 2742 1723 καὶ
2778 1674 3041 1740 ποταμοῖς
3079 1675 3171 1726 καὶ
3195 1673 3432 1742 λίμναις.

832 1766 1214 1834 prosternitur,
1250 1763 1293 1816 si
1330 1762 1449 1831 quis
1496 1759 1749 1813 animalia
1775 1756 2091 1824 frequenter
2140 1756 2402 1825 parientia
2440 1761 2767 1827 considerat,
2788 1772 2842 1816 ut
2866 1777 3048 1825 canes,
3075 1780 3285 1831 porcos,
3310 1766 3560 1833 gallinas,
3613 1772 3670 1816 et
3724 1763 4054 1831 potissimum

830 1873 945 1925 quae
976 1856 1085 1923 iam
1114 1856 1374 1923 Plurimos
1406 1852 1565 1908 Simili
1595 1852 1816 1918 gignunt
1846 1847 2029 1900 Ῐωιῑιδ-
2055 1844 2187 1899 Nam
2213 1847 2383 1914 pOI'Ci.
2412 1848 2616 1916 pisces,
2698 1866 2882 1919 canes,
2934 1855 3117 1909 multis
3170 1854 3445 1921 pariendis
3506 1853 3673 1906 etiam
3725 1852 3830 1902 diri
3874 1850 4054 1915 ἰμιιιςιι

832 1955 1056 2023 spatium
1107 1953 1411 2006 absumunt.
1477 1946 1543 2001 Et
1595 1960 1723 1999 vero
1776 1943 1937 2012 piscis
1966 1945 2244 2011 (quantum
2288 1956 2390 2011 ego
2426 1949 2576 2014 puto)
2629 1947 2828 2002 multos
2877 1964 3093 2019 quoque
3133 1950 3286 2015 dies,
3339 1962 3405 2003 eo
3455 1950 3597 2017 quod
3660 1961 3891 2003 ovorum
3980 1946 4055 1999 illa

831 2048 1109 2103 multitudo
1158 2043 1347 2113 213i:
1398 2040 1449 2095 in
1496 2038 1766 2109 myriadas
1819 2034 2047 2103 piscium
2096 2048 2163 2087 ex
2201 2035 2391 2089 ordine
2431 2036 2866 2106 transformetur,
2921 2044 3011 2112 qui
3076 2042 3268 2096 deinde
3321 2041 3514 2109 singuli
3568 2040 3879 2109 pariuntur.
3944 2038 4057 2105 Qui~

832 2143 929 2196 bus
969 2140 1181 2208 quidem
1229 2136 1415 2191 diebus
1465 2133 1578 2187 ﬁeri
1624 2130 1769 2186 nullo
1805 2130 1965 2184 modo
2008 2138 2204 2197 potest,
2259 2130 2389 2197 quin
2425 2133 2664 2186 volatilia
2706 2135 2788 2189 vel
2821 2137 3098 2191 terrestria
3145 2137 3196 2190 in
3228 2144 3342 2189 toto
3375 2134 3594 2197 mundo,
3659 2132 3744 2189 vel
3822 2135 4056 2188 natatilia

833 2239 884 2289 in
926 2244 1034 2288 toto
1060 2232 1195 2287 mari
1231 2242 1283 2286 et
1311 2229 1488 2284 fluviis
1515 2237 1570 2282 et
1594 2226 1797 2295 stagnis
1831 2226 2137 2296 gignantur.

904 2326 1105 2381 Verum
1162 2326 1285 2379 hinc
1333 2323 1519 2386 etiam,
1554 2320 1695 2390 quod
1734 2320 1879 2387 volo,
1916 2320 2114 2374 certius
2161 2320 2282 2389 quis
2314 2321 2397 2375 di»
2430 2330 2473 2384 Β

2390 2352 2397 2359 ο
2430 2330 2473 2384 Β
2573 2318 2692 2370 Ἔτι
2726 2317 2782 2369 δὲ
2814 2316 3202 2387 ἀκριϐέστερον
3227 2316 3292 2369 ἄν
3333 2332 3418 2377 τις
3452 2312 3702 2367 ἐντεῦθεν
3728 2312 3756 2365 δ
3786 2313 3932 2381 λέγω
3963 2331 4051 2366 κα-

831 2429 975 2473 seat:
1026 2412 1238 2487 quando
1264 2432 1357 2469 ver
1402 2414 1537 2468 bene
1564 2423 1915 2484 temperatum
1964 2411 2171 2481 incipit,
2211 2413 2386 2468 omnis
2487 2427 2493 2440 ‘

2487 2406 2725 2477 ταμάθοι
2753 2425 2767 2439 ·
2814 2406 3003 2459 Ἡνίκα
3033 2406 3092 2459 τὸ
3121 2405 3221 2475 ἔαρ
3245 2404 3510 2475 εὔκρατον
3539 2404 3754 2473 ἐπιστῇ,
3785 2404 3937 2455 πᾶσα
3965 2404 4053 2473 μὲν

832 2512 977 2565 ﬂoret
1018 2508 1178 2564 herba
1229 2517 1283 2562 et
1313 2507 1564 2576 parturit,
1616 2506 1899 2574 omnisque
1948 2504 2209 2574 lignorum
2266 2520 2386 2573 spe-
2486 2517 2494 2549 ι

2486 2498 2637 2550 ἀνοεῑ
2668 2496 2863 2567 βοτάνη
2916 2497 3011 2549 καὶ
3058 2498 3333 2564 κυοφορεῖ,
3388 2496 3538 2547 πᾶσα
3580 2494 3636 2547 δὲ
3668 2490 3843 2558 ξύλων
3868 2496 4048 2564 φύσις.

832 2604 961 2666 (ἰοε,
986 2602 1076 2656 sed
1102 2610 1156 2654 et
1188 2598 1349 2652 multa
1375 2598 1486 2651 sive
1512 2596 1825 2657 volucrium,
1848 2595 1961 2648 sive
2009 2594 2383 2659 animantium,
2487 2607 2494 2622 ⁴

2487 2588 2657 2641 πολλά
2699 2588 2757 2640 δὲ
2803 2587 3022 2657 πτηνῶν
3056 2588 3149 2640 καὶ
3204 2585 3474 2656 χερσαίων
3508 2586 3597 2638 καὶ
3646 2586 3880 2638 ἐναλίων
3929 2589 4050 2653 γένη

835 2696 944 2749 sive
994 2694 1217 2762 piscium
1272 2704 1463 2759 genera
1536 2688 1695 2741 mista
1762 2686 1989 2739 invicem
2055 2687 2382 2756 concipiunt.
2489 2698 2497 2751 |

2489 2682 2794 2751 μιγνύμενα
2821 2682 2961 2735 κύει.
2991 2681 3099 2733 Καὶ
3132 2682 3301 2749 μυρία
3335 2679 3433 2749 μὲν
3456 2680 3586 2749 γένη
3612 2680 3751 2733 κατά
3778 2680 3874 2732 τὸν
3900 2682 4052 2732 αὐτὸν

836 2787 1040 2839 lnlinita
1097 2774 1711 2850 quoquelplanlarum]
1746 2790 1940 2846 genera
2004 2775 2190 2829 eodem
2248 2783 2385 2830 tem-
2486 2792 2498 2826 ι

2486 2776 2676 2843 καιρὸν
2708 2775 3026 2843 τελεσφορΞῖ
3061 2773 3129 2827 τὰ
3166 2773 3457 2842 σπέρματα
3477 2812 3493 2836 ,
3534 2772 3705 2842 μυρία
3732 2771 3791 2825 δὲ
3823 2773 3933 2826 τῶν
3965 2774 4050 2839 ξύ-

834 2889 961 2941 νοιε
1009 2870 1242 2940 perfecta
1297 2868 1473 2920 ferunt
1528 2863 1755 2927 semina,
1802 2860 2126 2931 infinitaeque
2165 2861 2387 2916 arbores
2484 2865 2496 2917 1

2484 2865 2591 2918 λων
2608 2867 2733 2929 τοὺς
2756 2867 3020 2936 καρποὺς,
3042 2864 3140 2917 οὐκ
3160 2865 3217 2917 ὲν
3248 2864 3349 2933 μιᾷ
3370 2866 3535 2933 ῥοπῇ,
3555 2862 3671 2916 ἀλλ’
3695 2866 3753 2917 ἐν
3775 2864 4050 2924 πλείσταις

832 2978 957 3017 suos
999 2962 1220 3019 fructus,
1260 2972 1366 3010 non
1411 2970 1517 3008 uno
1542 2954 1754 3023 quidem
1787 2960 2076 3013 momento,
2123 2953 2215 3005 sed
2246 2952 2386 3005 mul-
2483 2972 2494 3007 ι

2483 2956 2741 3025 ἡμέραις,
2779 2955 2889 3008 τῶν
2924 2956 3023 3024 μὲν
3048 2953 3354 3007 ἀνθούντων
3386 2952 3468 3004 ἔτι
3500 2954 3557 3004 ὲν
3582 2950 3660 3021 τῷ
3693 2952 3847 3021 αὐτῷ
3882 2953 4048 3021 φυτῷ,

832 3060 903 3107 tis
930 3054 1136 3116 diebus,
1170 3051 1292 3102 dum
1330 3049 1381 3100 in
1415 3048 1598 3099 eadem
1627 3044 1806 3113 planta
1835 3042 1923 3095 alii
1953 3042 2243 3096 etiamnum
2285 3042 2383 3096 flo-
2484 3049 2494 3098 ι

2382 3073 2383 3079 η
2484 3047 2687 3115 ἐτέρων
2742 3046 2798 3098 δὲ
2860 3044 3178 3114 αὐξομένων
3230 3046 3323 3097 καὶ
3379 3044 3556 3097 ἄλλων
3614 3045 4044 3113 πεπαινομένων.

833 3154 969 3206 rent,
1003 3143 1090 3195 alii
1120 3147 1389 3198 crescunt,
1431 3136 1517 3190 alii
1565 3143 1950 3189 maturescunt.
2000 3132 2109 3188 Nec
2150 3134 2383 3187 dissitni-
2484 3136 2495 3207 ι

2484 3136 2607 3207 [677
2637 3135 2730 3207 IL]
2771 3138 2837 3189 Ἥ
2886 3137 3024 3204 αὐτὴ
3074 3136 3120 3189 δ’
3150 3135 3412 3202 ἀναλογία
3468 3134 3562 3187 τοῦ
3616 3135 3780 3188 τόκου
3822 3138 3917 3188 καὶ
3956 3138 4047 3202 τῆς

834 3238 898 3287 lis
923 3244 1002 3286 est
1033 3233 1085 3285 in
1120 3230 1447 3285 animalibus
1477 3226 1746 3287 omnibus,
1772 3234 1957 3293 partus
1983 3236 2379 3293 conceptusque
2480 3245 2496 3278 ι

2480 3232 2729 3298 κυήσεως
2755 3228 2846 3281 καὶ
2877 3229 2971 3280 ἐπὶ
2999 3229 3107 3281 τῶν
3140 3227 3297 3291 ζώων
3330 3230 3570 3292 πάντων,
3618 3220 3694 3281 ὧν
3730 3228 3831 3296 οὐχ
3857 3224 3967 3281 οἶόν
3992 3246 4043 3280 τε

832 3324 1131 3391 proportio:
1165 3335 1282 3388 qua:
1312 3318 1452 3370 idem
1490 3316 1709 3369 omnino
1748 3315 2008 3384 geniture
2053 3322 2380 3367 momentum
2480 3337 2494 3369 ιι

2480 3320 2580 3390 τὴν
2605 3320 2775 3388 αὐτὴν
2806 3319 2905 3387 τῆς
2935 3319 3202 3386 γενέσεως
3228 3320 3373 3388 ἔχειν
3405 3320 3603 3389 ῥοπήν.
3634 3319 3756 3371 Ἔτι
3778 3320 3839 3371 δὲ
3863 3321 3931 3372 τὰ
3956 3322 4043 3389 μὲν

831 3416 1025 3467 habere
1068 3411 1211 3463 nullo
1259 3408 1414 3460 modo
1464 3414 1705 3473 possunt.
1753 3404 1901 3455 Adde
1939 3403 2082 3469 quod
2134 3402 2235 3454 alia
2288 3417 2383 3469 per
2482 3412 2493 3461 ι

2376 3417 2383 3430 ’
2482 3410 2727 3462 ἐνιαυτὸν
2760 3413 3040 3481 κυοφορεῖ,
3075 3409 3145 3462 τὰ
3174 3410 3229 3463 δὲ
3264 3411 3440 3480 μῆνας
3478 3408 3531 3472 ι’,
3559 3412 3627 3463 τὰ
3652 3411 3710 3463 δὲ
3736 3411 3952 3480 ἡμέρας
3976 3410 4038 3478 μ’.

829 3518 1024 3555 annum
1096 3501 1356 3561 integrum
1422 3494 1587 3547 fetum
1647 3502 1797 3545 utero
1853 3502 2083 3560 gestant,
2139 3493 2380 3559 quaedam
2481 3517 2491 3550 ι

2481 3501 2573 3552 καὶ
2610 3500 2777 3570 μυρία
2820 3499 2955 3569 ἄλλη
2979 3500 3231 3569 διαφορά.
3280 3501 3441 3563 Heio;
3467 3496 3558 3554 οὖν
3581 3501 3760 3570 ἀστὴρ
3794 3503 3875 3564 είς
3904 3504 4042 3553 ποῖον

832 3593 1101 3645 mensibus
1161 3591 1365 3650 decem,
1430 3586 1671 3653 quzedant
1727 3585 1919 3637 diebus
2002 3582 2377 3651 quadraginta,
2481 3588 2494 3650 ζ

2481 3588 2672 3650 ζώδιον
2702 3587 2885 3641 είσιὼν
2928 3588 3347 3660 μεμετρημένον
3380 3588 3500 3661 [551
3531 3588 3626 3660 Η.]
3654 3591 3875 3659 ἑκάστῳ
3908 3591 4039 3657 γένει

826 3686 1036 3752 aliaque
1069 3685 1119 3735 in
1159 3681 1241 3733 his
1266 3679 1486 3747 plurima
1547 3676 1809 3742 reperitur
1860 3674 2183 3727 differentia.
2214 3674 2382 3740 Quale
2410 3693 2451 3751 ο
2485 3699 2488 3711 ι

2376 3692 2451 3751 :C
2485 3679 2573 3731 τὸν
2614 3679 2712 3747 τῆς
2755 3682 3050 3749 κυοφορίας
3089 3681 3339 3750 ἀφορίζει
3384 3681 3607 3750 χρόνονς
3650 3681 3740 3734 διὰ
3774 3683 3828 3734 τί
3859 3683 3913 3735 δὲ
3943 3683 4038 3734 τῶν

832 3777 991 3841 igitur
1045 3784 1249 3827 astrum
1293 3770 1343 3822 in
1397 3767 1554 3836 quale
1592 3768 1800 3835 signum
1840 3766 2142 3834 ingrediens
2180 3766 2387 3820 dimen-
2486 3787 2494 3821 :

2375 3795 2387 3807 -
2486 3770 2629 3822 κατὰ
2649 3771 2708 3822 τὸ
2728 3770 2886 3838 γένος
2904 3770 3057 3836 ζώων
3074 3772 3101 3823 ὁ
3116 3772 3216 3840 τῆς
3234 3772 3378 3842 ζωῆς
3395 3773 3583 3844 γρόνος
3603 3774 3703 3825 οὐκ
3726 3772 3844 3836 ἴσος
3862 3774 3935 3826 ὢν
3950 3776 4037 3842 τὴν

826 3882 940 3918 sum
1003 3864 1287 3931 unicuique
1324 3859 1506 3930 generi
1564 3858 1726 3911 fetum
1781 3857 1981 3911 ferendi
2035 3866 2244 3925 tempus
2293 3858 2381 3911 de-
2483 3878 2488 3913 ε

2372 3883 2381 3896 -
2483 3861 2679 3930 κύησιν
2701 3863 2821 3931 ίσην
2843 3862 2984 3931 Extat;
3009 3863 3073 3916 Εί
3098 3862 3196 3931 μὲν
3218 3862 3311 3916 οὖν
3334 3863 3613 3916 καὶταῦτα
3629 3864 3737 3917 ἀπὸ
3758 3866 4034 3931 γενέσεως,

824 3954 1105 4010 terminat?
1156 3952 1265 4005 Cur
1313 3959 1512 4013 autem,
1544 3964 1661 4003 cum
1719 3947 2068 4001 animantium
2109 3947 2160 4001 in
2189 3960 2383 4016 genere
2482 3953 2486 4004 I

2371 3961 2383 4001 ξ
2482 3952 2806 4019 λεγέτωσαν,
2851 3954 2938 4007 ἵνα
2991 3954 3151 4007 πλέον
3208 3954 3485 4025 ὀφλήσωσι
3519 3958 3609 4010 τὸν
3634 3957 3677 3987 ³³
3718 3957 3962 4023 γέλωταο
3994 3960 4033 4009 εί

826 4048 943 4099 vita:
972 4055 1178 4111 tempus
1207 4041 1410 4110 aequale
1457 4056 1559 4093 non
1624 4040 1717 4101 sit,
1747 4037 2002 4105 mqualetn
2056 4044 2237 4092 tamen
2292 4035 2380 4090 illa
2477 4043 2488 4094 ι

2368 4052 2380 4089 ι
2477 4043 2536 4096 δὲ
2563 4049 2689 4115 σιγῇ
2721 4045 2819 4114 τὴν
2860 4046 3123 4117 αἰσχύνην
3166 4046 3549 4111 ἀποκλίνουσι,
3583 4047 3702 4111 πῶς
3726 4049 3884 4101 οὐδὲν
3918 4048 4030 4103 ἄνευ

825 4141 956 4191 uteri
997 4137 1347 4204 gestationem
1404 4131 1635 4186 habent?
1673 4130 1860 4182 Dicant
1914 4128 2091 4196 igitur,
2122 4142 2211 4181 .an
2267 4127 2379 4181 haec
2477 4151 2487 4164 -

2369 4142 2379 4180 ι
2477 4135 2741 4203 γενέσεως
2763 4132 2903 4190 εἶναι
2933 4137 3184 4205 λέγουσι;
3213 4139 3321 4191 Καὶ
3354 4138 3507 4191 οὔπω
3551 4138 3698 4206 λέγω
3731 4141 3832 4203 τὰς
3860 4141 4031 4209 διαφο-

822 4232 978 4282 etiam
1010 4245 1038 4281 a
1070 4229 1247 4298 genesi
1274 4226 1713 4293 proficiscantur,
1746 4222 1995 4289 ut-magis
2017 4220 2364 4273 irrideantur.
2481 4253 2484 4293 Ι

2481 4226 2579 4294 ρὰς
2606 4224 2715 4279 τῶν
2747 4228 3099 4298 τικτομένων.
3128 4229 3208 4281 Τὰ
3236 4229 3336 4296 μὲν
3363 4229 3469 4299 γὰρ
3497 4231 3656 4299 ὃμοια
3678 4230 3790 4284 τῶν
3814 4233 4030 4298 γεννῶν.

823 4321 917 4372 Sin
959 4334 1054 4387 per
1088 4319 1357 4371 silentium
1411 4314 1635 4365 dedecus
1688 4326 1839 4365 suum
1896 4309 2204 4363 declinent:
2236 4323 2373 4376 quo-
2473 4333 2485 4361 ε

2368 4336 2373 4347 ·
2473 4333 2582 4368 των
2615 4318 2781 4381 ἐστὶν,
2810 4318 2886 4381 ὡς
2932 4318 3206 4389 ἄνθρωποι
3237 4319 3329 4373 καὶ
3368 4320 3523 4373 ἵπποι
3558 4321 3653 4373 καὶ
3697 4320 3940 4387 λέοντες,
3972 4324 4030 4374 τὰ

822 4413 976 4463 modo
1026 4410 1221 4477 aliquid
1252 4408 1365 4459 sine
1407 4406 1584 4471 genesi
1633 4405 1745 4456 fieri
1804 4401 2041 4470 negant?
2083 4400 2262 4469 Neque
2295 4410 2372 4451 ta-
2470 4407 2484 4459 ε

2365 4427 2372 4439 ·
2470 4407 2527 4460 δὲ
2564 4407 2660 4477 οὐχ
2708 4407 2899 4473 οὕτως,
2946 4408 3021 4472 ὡς
3066 4410 3255 4479 ἀρκτοι
3300 4410 3394 4463 καὶ
3433 4412 3641 4481 σφῆκες
3667 4413 3765 4465 καὶ
3797 4414 4027 4481 μέλιτται

822 4518 938 4553 men
992 4501 1076 4553 hic
1130 4502 1327 4551 fetuum
1393 4495 1722 4548 differentias
1761 4492 1964 4545 affero:
1999 4506 2224 4559 quorum
2278 4490 2367 4542 alii
2471 4514 2484 4547 ι

2365 4493 2367 4541 ζ
2471 4497 2562 4548 καὶ
2589 4498 2686 4548 ὅσα
2710 4497 2796 4551 διὰ
2852 4498 2961 4550 τῶν
2990 4498 3112 4551 ὼῶν
3142 4500 3375 4569 πρόεισι.
3403 4502 3512 4553 Καὶ
3537 4500 3655 4553 τινὰ
3681 4503 3784 4570 μὲν
3803 4504 3899 4556 καὶ
3921 4505 4027 4574 δίχα

819 4589 1148 4656 genitoribus
1193 4586 1393 4639 similes
1423 4593 1567 4649 Sunt,
1618 4593 1676 4635 ut
1730 4584 1995 4642 homines,
2055 4582 2203 4650 equi,
2260 4582 2369 4634 leo-
2472 4610 2481 4660 γ

2360 4608 2369 4619 -
2472 4592 2669 4660 μίξεως
2705 4591 2980 4656 τίκτεται,
3037 4590 3160 4643 τινὰ
3191 4590 3249 4642 δὲ
3297 4594 3465 4661 χωρὶς
3510 4593 3714 4663 ταύτης
3764 4597 4022 4666 οὐδαμῶς.

821 4696 941 4745 nes;
980 4681 1063 4731 alii
1112 4695 1211 4729 nun
1256 4677 1402 4738 item,
1434 4686 1489 4727 ιιι
1528 4690 1683 4735 ursze,
1726 4688 1920 4741 vespae,
1964 4687 2110 4740 apes,
2141 4682 2193 4725 et
2221 4688 2365 4739 quaa-
2469 4686 2483 4735 ι

2364 4702 2365 4708 ‘
2469 4685 2575 4737 Καὶ
2606 4684 2689 4746 τίς
2720 4683 2786 4735 ἂν
2818 4681 3223 4752 ἀπαριθμήσειε
3259 4683 3358 4746 τὰς
3394 4685 3453 4737 έν
3487 4684 3699 4748 τούτοις
3732 4687 4026 4759 ἀναριθμή-

816 4788 1025 4839 cunque
1068 4786 1130 4822 ex
1167 4771 1282 4822 ovis
1312 4767 1593 4833 prodeunt.
1648 4765 1777 4819 Pars
1804 4778 2011 4817 rursum
2053 4764 2170 4817 sine
2224 4764 2364 4816 coitu
2466 4792 2478 4820 ε

2363 4795 2364 4814 ι
2466 4792 2591 4838 τους
2616 4774 2898 4845 διαφορὰς,
2926 4776 2985 4825 ού
3014 4773 3122 4826 τῶν
3155 4772 3309 4837 ζώων
3336 4776 3519 4844 μόνον,
3551 4778 3686 4831 ἀλλὰ
3726 4781 3827 4834 καὶ
3858 4783 4025 4849 φυτῶν

817 4874 1157 4931 generantur,
1228 4875 1351 4928 pars
1405 4860 1606 4925 absque
1644 4872 1709 4910 eo
1748 4870 2098 4924 nequaquam.
2140 4856 2204 4907 Et
2247 4855 2366 4922 quis
2465 4883 2479 4917 π

2361 4872 2366 4905 ἰ
2465 4865 2558 4917 καὶ
2610 4865 2846 4934 βοτανῶν
2885 4866 2979 4916 καὶ
3020 4863 3125 4917 τῶν
3179 4865 3607 4935 παραπλησίων;
3646 4861 3723 4920 ὧν
3778 4871 4023 4924 ἁπάντων

818 4958 1141 5013 innumeras,
1200 4965 1317 5018 quae
1377 4950 1426 5003 in
1476 4951 1554 5002 his
1617 4950 1971 5015 reperiuntur,
2038 4946 2364 5001 differentias
2465 4971 2480 5005 ἰ

2359 4965 2428 5030 ;_
2465 4954 2562 5016 τὰς
2591 4954 2767 5015 αἰτίας
2798 4954 2949 5022 παρὰ
2978 4953 3082 5006 τῶν
3124 4954 3224 5024 τῆς
3254 4957 3598 5027 εἱμαρμένης
3642 4960 3904 5030 πατέρων
3941 4962 4021 5030 ζη-

814 5046 1226 5107 enumeraverit,
1254 5058 1355 5095 non
1390 5042 1741 5094 animantium
1775 5043 1950 5102 modo,
1984 5055 2168 5091 verum
2199 5041 2358 5092 etiam
2387 5024 2476 5091 Da

2387 5024 2439 5081 D
2464 5046 2575 5096 τεῖν
2599 5044 2823 5103 δίκαιον.
2858 5044 3016 5113 εἴπερ
3042 5046 3221 5099 πάντα
3245 5046 3343 5116 τῆς
3374 5048 3640 5114 γενέσεως
3683 5052 3807 5103 κατ’
3840 5054 4021 5115 αὐτοὺς

814 5138 1055 5205 stirpium
1079 5146 1131 5189 et
1180 5134 1487 5195 herbarum,
1532 5132 1864 5199 aliorumque
1896 5128 2192 5181 similium?
2228 5143 2364 5196 quo-
2462 5134 2476 5184 ι

2355 5156 2364 5167 -
2462 5133 2718 5201 ἠρτηται,
2744 5134 2839 5185 καὶ
2865 5134 2923 5186 τὸ
2960 5128 3099 5186 εἷναι
3123 5136 3216 5186 καὶ
3244 5136 3273 5186 ὁ
3296 5135 3391 5188 τοῦ
3416 5131 3555 5189 εἶναι
3578 5138 3804 5207 τρόπος,
3837 5158 4017 5207 κυοφο·

816 5245 931 5281 rum
978 5230 1213 5281 omnium
1267 5238 1457 5278 causas
1496 5224 1561 5276 ab
1596 5224 1681 5277 iliS
1718 5220 1811 5274 fati
1875 5223 2183 5275 auctoribus
2218 5236 2365 5291 quat-
2464 5241 2478 5293 ε

2353 5249 2365 5260 -
2464 5223 2670 5293 ρείσθαί
2699 5241 2759 5276 τε
2808 5226 2900 5276 καὶ
2948 5224 3177 5294 πάσχειν
3230 5226 3323 5278 καὶ
3349 5226 3482 5297 δρᾷν
3510 5228 3604 5280 καὶ
3634 5228 4015 5299 ἀποθνήσκειν.

815 5334 931 5373 rere
982 5318 1181 5388 jusmm
1213 5326 1295 5371 est
1320 5333 1333 5367 :
1363 5315 1621 5383 siquidem
1653 5314 1830 5367 omnia
1857 5314 2148 5367 secundum
2175 5316 2363 5366 horum
2465 5315 2477 5332 ‘

2353 5328 2363 5365 ι
2465 5315 2533 5366 Ἣ
2572 5314 2713 5367 κατά
2742 5314 2849 5367 τῶν
2893 5312 3092 5367 ἀθλίων
3122 5314 3424 5385 ἀνθρώπων
3454 5318 3640 5381 αὐτοῖς
3677 5320 3845 5387 μόνον
3872 5320 4015 5389 ἠκρι-

811 5410 1125 5461 sententiam
1151 5424 1214 5461 ex
1235 5406 1413 5475 genesi
1470 5406 1718 5472 pendent,
1745 5411 1798 5457 et
1830 5407 1967 5472 quod
1997 5407 2279 5467 exsistant,
2309 5412 2363 5457 et
2460 5408 2473 5457 t

2350 5412 2363 5456 ι
2460 5405 2729 5475 ϐολογήθη
2758 5405 2827 5457 τὰ
2850 5405 2948 5475 τῆς
2977 5406 3266 5473 γενέσεως,
3297 5407 3383 5459 ἵνα
3400 5406 3463 5460 τὸ
3492 5410 3711 5463 πάντων
3740 5410 4012 5464 κάλλιστον

813 5499 995 5551 modus
1015 5514 1116 5566 quo
1139 5498 1418 5561 exsistunt,
1443 5506 1496 5551 et
1519 5497 1711 5566 gestari
1738 5504 1907 5559 utero,
1932 5506 1986 5550 et
2008 5496 2113 5566 pati
2136 5505 2187 5549 et
2204 5510 2365 5563 agere
2472 5514 2475 5527 ι

2351 5510 2365 5550 3
2472 5494 2577 5546 τῶν
2596 5495 2639 5525 ¹³
2668 5497 2725 5546 ἐν
2752 5496 2881 5563 ἡμῖν
2918 5495 2978 5547 τὸ
3003 5494 3325 5565 αὐθαίρετον
3351 5497 3614 5571 ἀγνοηθῇ,
3665 5501 3760 5554 καὶ
3788 5499 3919 5563 Θεὸς
3948 5508 4013 5575 μὴ

2061 5603 2293 5659 νΑιιιΑΞ
2338 5600 2752 5659 LECTIONES.

880 5699 900 5730 ⁸
930 5698 1354 5773 ἀναπλάττουσιν
1379 5717 1437 5763 ς.
1492 5769 1514 5773 _
1541 5701 1577 5773 ’_
1600 5699 1903 5773 κατάφορον
1935 5714 1991 5773 ς’.
2226 5712 2334 5751 om.
2363 5700 2424 5752 A.
2529 5698 2567 5729 ¹¹
2604 5694 2846 5764 θαλάσσῃ
2882 5712 2942 5759 ς.
3049 5696 3221 5764 ¹¹λτὺν
3265 5711 3318 5755 et
3362 5698 3488 5755 infr.
3521 5701 3617 5754 καὶ
3655 5712 3777 5772 post
3806 5701 3923 5773 μέλ.
3950 5701 4009 5751 Α.

812 5771 853 5801 ⁸³
881 5772 1093 5824 πάντων
1142 5770 1419 5823 κάλλιστον
1450 5768 1581 5841 τῶν]
1614 5772 1730 5825 ltbri
1763 5769 1871 5820 πᾶν
1895 5770 2000 5821 τὼν
2024 5766 2341 5820 καλλίστων.
