4208 6448
180 398 273 461 849
1198 389 1718 452 BIBLIO'EHECA.
1755 414 1823 426 --
1852 391 2013 454 COD.
2056 392 2365 455 CCXXIII.

3268 392 3378 456 850

179 502 529 573 ιύχαριστηθῇ
550 496 629 563 οἷς
652 500 712 552 τὸ
731 499 886 567 γένος
909 496 1275 568 εὐηργέτησεν
1295 516 1309 561 ς
1342 497 1456 559 πῶς
1483 497 1539 551 δὲ
1559 496 1718 551 πάλιν
1746 503 1792 561 Α
1820 512 1841 553 ε

1746 503 1792 561 Α
1820 507 1873 553 et
1922 499 2080 553 mori.
2139 501 2218 555 An
2236 502 2373 555 forte
2416 498 2671 554 adversus
2693 497 2932 552 miseros‘
2951 499 3203 554 mortales
3251 504 3381 556 diiu-

180 597 205 663 ἠ
228 594 438 661 γένεσις
458 593 716 661 ἀκαίρους
756 591 853 659 μὲν
882 589 1195 659 προσθήκας
1220 589 1420 651 δίδωσι,
1462 588 1726 659 τετρακέ-

181 685 314 753 φαλα
349 681 470 736 κατ’
511 682 708 743 αὐτοὺς
751 680 1083 735 ἀποτελοῦσα
1135 680 1232 732 καὶ
1280 682 1465 747 χεῖρας
1510 678 1727 743 πλείους

181 776 263 827 καὶ
309 774 479 835 πόδας
522 773 630 826 τῶν
662 773 803 826 κατά
834 771 1014 840 φύσιν,
1044 773 1155 833 τοῖς
1180 771 1235 825 δὲ
1265 772 1511 841 ἑρπετοῖς
1550 772 1611 823 οὐ
1646 770 1726 823 δί-

180 865 297 917 δωσι
346 864 533 929 πόδας,
584 863 633 915 οἶ
674 863 995 930 παρέξουσιν
1029 862 1209 923 αὐτοῖς
1246 861 1304 913 τὸ
1330 862 1384 912 ὲν
1415 864 1479 930 τῇ
1525 860 1727 928 βαδίσει

181 956 463 1023 χρήσιμον,
507 954 607 1005 οὐκ
649 951 956 1019 ὀφθαλμοὺς
984 953 1093 1011 τοῖς
1127 948 1447 1018 ἀσφάλαξιν,
1478 948 1587 1001 οὐδ’
1632 946 1729 1001 ἀλ-

181 1044 281 1105 λοις
308 1036 386 1095 ὧν
412 1037 783 1108 δέονται;εἷτα
803 1041 900 1111 ζῇν
931 1042 1029 1110 μὲν
1045 1036 1125 1103 οἷς
1150 1040 1247 1103 τάς
1274 1040 1535 1109 ἀκαίρους
1564 1054 1729 1108 προσ-

184 1134 346 1203 θήκας
371 1133 566 1187 ἔδωκεν
611 1133 709 1186 οὐκ
754 1134 817 1200 te
852 1133 1061 1200 (πάντα
1094 1131 1201 1200 γὰρ
1247 1129 1519 1200 βραχύὸια
1548 1128 1616 1179 τά
1644 1143 1730 1179 τε·

186 1225 552 1296 ρατόμορφα),
596 1226 689 1278 καὶ
740 1228 803 1295 τῇ
848 1224 1130 1293 προσθήκῃ
1182 1223 1279 1292 τὴν
1308 1223 1433 1289 ὃλην
1482 1216 1731 1288 ἀφανίζει

185 1316 333 1384 φύσιν
356 1331 369 1345 ⁸
400 1308 474 1368 ὧν
498 1316 553 1367 δὲ
590 1316 659 1368 τά
698 1316 838 1367 κατά
860 1314 1021 1383 φύσιν
1050 1315 1258 1380 ἀφεῖλε,
1288 1314 1475 1382 χεῖρας
1502 1310 1535 1380 ἢ
1567 1310 1732 1371 πόδας

184 1411 211 1478 ἢ
236 1410 567 1478 ὀφθαλμοὺς,
598 1409 771 1462 ταῦτα
796 1408 895 1479 ζῇν
919 1411 1002 1478 ἐᾷ,
1024 1408 1121 1478 τὴν
1146 1410 1461 1477 σωματικὴν
1486 1409 1733 1475 πήρωσιν

185 1501 606 1571 ἀπαραμύθητον
634 1502 843 1571 ἔχοντα.
874 1502 936 1553 Εἰ
970 1500 1071 1569 μὲν
1100 1496 1192 1553 οὖν
1223 1516 1306 1561 τις
1351 1500 1429 1559 εἰς
1474 1494 1735 1566 εἱμαρμέ-

184 1606 268 1655 νην
302 1591 567 1660 ἀναφέρει
596 1592 784 1656 ταῦτα,
817 1591 976 1652 αὐτὸς
1004 1590 1047 1621 ⁸⁸
1080 1591 1178 1642 σὺν
1216 1590 1350 1658 αὐτῇ
1383 1589 1479 1656 τῆς
1506 1588 1731 1649 ἀτοπίας

182 1682 437 1742 όαῖτιος’
490 1684 537 1733 εί
591 1682 649 1733 δὲ
678 1682 775 1750 τῆς
826 1680 1039 1749 φύσεως
1092 1676 1198 1731 οἶδε
1238 1679 1297 1731 τὸ
1326 1678 1729 1748 διαμαρτάνειν,

187 1769 383 1837 ἐξαιρεῖ
407 1770 469 1821 τὸ
517 1771 669 1822 Θεῖον
698 1771 797 1838 τῆς
833 1772 1181 1840 κατηγορίας.
1224 1770 1431 1837 Ὠσπερ
1456 1770 1563 1839 γὰρ
1593 1769 1728 1838 αὐτῇ

1830 596 1979 643 taxat
2008 599 2115 642 tam
2154 598 2438 645 accuratus
2475 588 2541 642 de
2581 586 2759 658 genesi
2811 602 2988 643 sermo
3024 590 3091 645 ab
3127 591 3256 658 ipsis
3298 593 3385 645 ln-

1832 681 2050 734 stitutus
2074 690 2189 734 est:
2216 688 2297 745 ut,
2315 680 2455 749 quod
2486 681 2537 735 in
2573 681 2724 734 nobis
2748 681 2983 734 omnium
3010 690 3091 735 est
3120 682 3387 736 honestis-

1837 774 2056 837 simum,
2093 773 2312 827 libertas
2349 772 2579 836 arbitrii,
2620 772 2898 842 ignoretur
2943 789 2958 826 :
3014 773 3228 839 Deoqne
3288 788 3385 839 pro

1836 862 2042 917 collatis
2080 862 2133 914 in
2180 875 2349 927 genus
2375 862 2664 914 humanum
2697 861 2991 925 beneficiis,
3045 862 3232 930 gratia
3281 878 3383 915 nou

1837 952 2102 1023 agantur?
2165 953 2233 1006 At
2279 954 2543 1020 quomodo
2595 967 2807 1004 rursum
2868 953 3075 1020 genesis
3126 953 3387 1020 intempe—

1836 1046 1975 1099 stiva
2033 1044 2120 1097 illa
2154 1044 2513 1097 additamenta
2570 1042 2773 1110 adjicit,
2827 1044 2951 1096 dum
3005 1043 3391 1110 quadricipites

1836 1134 1979 1188 fetus
2011 1134 2301 1188 secundum
2338 1134 2455 1195 hos,
2481 1142 2572 1186 aut
2599 1131 2780 1199 plures
2798 1147 2956 1200 quam
2988 1142 3175 1185 natura
3199 1133 3390 1202 exigit,

1836 1225 1950 1279 sive
1983 1239 2171 1278 manus
2210 1225 2322 1277 sive
2361 1223 2519 1291 pedes
2563 1222 2802 1290 perficiat
2845 1240 2859 1276 :
2899 1237 3020 1275 cum
3084 1236 3257 1290 neque
3306 1236 3392 1276 re-

1836 1314 2055 1383 ptilibus
2087 1315 2247 1382 pedes
2273 1316 2490 1378 tribuat,
2519 1315 2610 1382 qui
2635 1315 2738 1369 illis
2763 1316 2827 1368 ad
2857 1314 3236 1368 ambulandum
3284 1313 3394 1367 sint

1839 1405 1977 1468 usui,
2032 1419 2202 1472 neque
2254 1404 2447 1475 214a
2493 1405 2674 1458 oculos
2726 1404 2903 1473 talpis,
2968 1418 3142 1473 neque
3182 1402 3392 1458 aliisea

1838 1496 2031 1562 quibus
2064 1494 2321 1560 indigent.
2354 1495 2501 1547 Adde
2534 1496 2676 1562 quod
2701 1509 2774 1549 ea.
2808 1494 3023 1562 quidem
3072 1494 3267 1563 quibus
3310 1492 3395 1546 in-

1840 1588 2152 1651 tempestiva
2190 1585 2275 1637 illa
2308 1585 2669 1638 additamenta
2707 1585 2872 1651 dedit,
2910 1599 3012 1638 non
3057 1584 3182 1637 sinit
3211 1583 3396 1639 vivere

1839 1672 2192 1743 (quaecunque
2232 1674 2373 1726 enim
2406 1674 2721 1741 prodigiosae
2769 1673 2954 1727 formae
3018 1682 3163 1739 sunt,
3214 1672 3399 1727 brevis

1840 1780 2051 1834 quoque
2074 1765 2169 1820 aevi
2204 1780 2321 1818 esse
2356 1765 2571 1833 solent),
2593 1775 2648 1819 et
2678 1765 2949 1819 additione
3000 1778 3096 1818 sua
3126 1774 3286 1818 totam
3317 1765 3394 1818 si.

185 1860 391 1927 τρέχειν
420 1860 653 1923 οἰκείους
679 1861 872 1929 νόμους
919 1862 1189 1930 διώρισεν.
1231 1860 1372 1913 οὕτω
1406 1860 1500 1912 καὶ
1535 1860 1732 1929 θνητὴν
1761 1845 1807 1905 Β
1837 1876 1847 1910 l

1729 1845 1807 1905 ’Β
1837 1858 1944 1911 mul
1983 1860 2171 1911 horum
2214 1867 2455 1911 naturam
2503 1858 2709 1912 abolet:
2744 1858 2940 1926 quibus
2988 1870 3115 1911 vero
3140 1868 3391 1911 amatura

187 1948 524 2018 συνεχώρησε
568 1950 709 2003 κατά
732 1968 852 2025 τινα
883 1953 1227 2020 συμφέροντα
1273 1952 1448 2018 λόγον.
1500 1950 1647 2017 Αὕτη
1680 1950 1735 2003 δὲ
1833 1965 1849 2003 ι

1728 1967 1735 2002 ι
1833 1948 2008 2003 debita
2055 1949 2167 2002 sive
2199 1949 2379 2017 pedes,
2415 1949 2528 2003 sive
2572 1964 2785 2011 manus,
2832 1948 2953 2002 sive
2986 1948 3175 2002 oculos
3209 1948 3390 2000 abstu-

188 2038 425 2101 σώζουσα
452 2040 548 2107 μὲν
578 2041 644 2093 τά
676 2043 851 2093 οἰκεῖα
889 2041 1060 2110 μέτρα
1098 2042 1248 2093 οὐδὲν
1281 2041 1605 2112 ὑδρισμένον
1636 2039 1733 2107 φέ-

1832 2040 1911 2102 lit,
1943 2054 2002 2093 ea
2037 2039 2107 2092 ita
2140 2040 2319 2094 vivere
2358 2040 2637 2109 permittit,
2668 2049 2725 2094 ut
2769 2040 2998 2093 mutilati
3033 2040 3274 2109 corporis
3302 2053 3390 2093 so-

188 2144 286 2194 ρει,
320 2129 639 2193 ἐξοχείλσσα
662 2131 704 2161 ¹⁸
735 2131 788 2183 δὲ
817 2132 949 2200 πρὸς
996 2132 1262 2201 ἀμετρίας
1292 2132 1322 2201 ἢ
1356 2131 1559 2194 ἐνδείας
1586 2130 1618 2200 ἢ
1645 2130 1737 2199 φό-
1834 2127 1850 2181 l

1729 2159 1737 2170 -
1834 2127 2015 2181 latium
2060 2128 2261 2182 nullum
2298 2129 2554 2183 habeant.
2595 2127 2652 2182 Si
2678 2130 2798 2198 quis
2839 2129 2954 2185 haec
3008 2130 3171 2199 igitur
3213 2130 3280 2183 ad
3314 2129 3391 2182 fa-

184 2219 299 2281 6ou;
338 2220 372 2289 ἢ
429 2221 571 2291 πάθη
626 2223 720 2274 καὶ
774 2224 897 2286 τοὺς
941 2224 1189 2286 δοθέντας
1246 2224 1737 2293 παραχαράττουσα
1836 2227 1846 2269 1

1727 2241 1737 2276 ι
1836 2227 1947 2271 tum
1984 2217 2195 2279 referat,
2240 2218 2285 2272 is
2308 2217 2656 2273 absurditatis
2684 2229 2870 2273 auctor
2892 2234 2996 2273 non
3027 2219 3205 2272 minus
3230 2233 3389 2286 quam

184 2308 371 2379 νόμους
402 2313 511 2365 οὐδ’
540 2316 597 2365 ὲν
622 2317 733 2377 τοῖς
778 2315 1117 2384 τικτομένοις
1152 2314 1211 2367 τὸ
1236 2313 1521 2381 ἀκίὸδηλον
1547 2312 1729 2377 σώζει.
1839 2309 1846 2362 i

1726 2354 1729 2365 ,
1839 2308 1965 2362 illud
2017 2306 2263 2363 edicitur.
2306 2307 2397 2362 Sin
2431 2318 2634 2365 natura:
2663 2326 2780 2365 esse
2815 2320 3089 2379 peccatum
3126 2312 3388 2379 agnoscit,

184 2402 272 2452 Διά
303 2402 355 2454 τί
390 2403 447 2454 δέ
491 2420 610 2457 τινα
654 2405 762 2458 τῶν
791 2406 944 2469 ζώων
969 2407 1026 2458 οὐ
1075 2406 1263 2476 τρέφει
1293 2406 1359 2457 τὰ
1386 2406 1731 2475 γεννήματα,
1839 2419 1846 2451 4

1730 2451 1731 2460 χ
1839 2415 2047 2455 omnem
2075 2402 2355 2455 accusandi
2381 2400 2619 2455 Numinis
2638 2403 2970 2456 occasionem
3006 2403 3162 2457 tollit.
3190 2402 3392 2468 Quem-

185 2490 366 2563 ὥσπερ
395 2496 612 2564 πτηνῶν
645 2496 800 2566 μὲν¹⁶
826 2498 996 2565 γῦπες
1040 2498 1130 2549 καὶ
1163 2500 1413 2566 κόρακες,
1468 2496 1647 2565 ἰχθύες
1678 2496 1733 2549 δὲ
1841 2508 1847 2543 ε

1732 2536 1733 2543 η
1841 2491 2123 2544 admodum
2154 2492 2295 2544 enim
2324 2492 2491 2559 ipsam
2542 2490 2655 2545 suis
2698 2492 3012 2560 quibusdam
3050 2507 3269 2547 currere
3314 2491 3394 2545 le-

186 2588 379 2657 μικροῦ
420 2588 731 2658 σύμπαντες
753 2605 767 2619 ·
812 2589 879 2641 τὰ
906 2588 961 2641 δὲ
991 2590 1083 2641 καὶ
1115 2591 1444 2657 γηροτροφεῖ
1484 2590 1610 2651 τοὺς
1644 2606 1733 2641 τε·
1840 2600 1848 2650 1

1728 2618 1733 2629 .
1840 2583 1993 2652 gibus
2021 2582 2223 2644 statuit,
2254 2581 2330 2636 sic
2358 2592 2412 2635 et
2439 2582 2701 2645 eamdem,
2738 2583 2942 2637 ratione
2980 2586 3208 2652 quadam
3250 2584 3390 2648 ntili,

184 2678 405 2744 κόντας;
438 2681 531 2731 καὶ
560 2681 625 2731 τὰ
648 2680 745 2747 μὲν
778 2681 869 2732 καὶ
893 2678 1044 2731 νόθον
1068 2678 1429 2755 ὑποϐαλλεται
1460 2681 1622 2749 γονὴν
1643 2680 1737 2731 καὶ
1828 2672 1846 2740 j

1732 2715 1737 2728 .
1828 2672 1982 2740 juxta
2024 2674 2328 2726 mortalium
2372 2673 2731 2727 conditionem
2778 2674 2904 2727 ferri
2948 2677 3239 2729 concessit.
3276 2673 3394 2742 Ipsa

180 2765 384 2833 τρέφει,
417 2769 484 2819 τὰ
514 2768 739 2821 πλεῖστα
770 2770 824 2821 δὲ
851 2768 943 2832 ob;
979 2768 1072 2819 καὶ
1102 2769 1184 2829 τίς
1217 2767 1281 2819 ἂν
1307 2767 1405 2830 τὰς
1437 2766 1737 2836 ἀναριθμή-
1832 2765 1842 2817 i

1832 2765 2012 2834 igitur,
2042 2776 2194 2818 suum
2237 2763 2448 2817 modum
2497 2777 2742 2827 servans,
2785 2764 2917 2818 nihil
2980 2766 3121 2833 quod
3172 2765 3273 2817 ulla
3327 2765 3399 2819 sit

180 2871 294 2919 τους
324 2859 438 2911 τῶν
471 2859 636 2912 ὄντων
665 2861 922 2929 διαφορὰς
953 2859 1326 2924 καταλέξειεν;
1376 2858 1536 2911 Ἀλλά
1565 2858 1735 2912 ταῦτα
1833 2870 1842 2908 :

1732 2876 1735 2910 ι
1833 2853 2079 2909 affectum
2112 2854 2301 2921 injuria
2330 2852 2565 2921 profert:
2594 2861 2649 2907 at
2671 2854 2716 2907 si
2744 2855 2795 2908 in
2825 2856 3154 2910 nimietatem
3186 2855 3269 2909 vel
3301 2856 3394 2909 de-

181 2944 271 3009 μὲν
300 2947 397 2997 καὶ
429 2947 487 2998 ἐν
512 2946 587 3015 τῷ
621 2946 661 2996 δ’
699 2946 859 3015 λόγῳ.
1838 2951 1843 2999 l

1838 2946 2057 3009 fectum,
2116 2946 2166 2999 in
2224 2960 2495 3014 pavorem,
2545 2944 2632 2999 vel
2695 2946 3036 3000 vehementes
3088 2945 3397 3000 affectiones

178 3036 413 3104 delapsa,
468 3040 724 3090 adversus
780 3037 915 3088 latas
958 3036 1057 3090 sibi
1106 3035 1251 3104 leges
1295 3036 1567 3105 quidpiam
1621 3036 1918 3101 admittat,
1953 3051 2078 3091 mox
2114 3051 2283 3105 neque
2346 3036 2399 3090 in
2435 3036 2501 3090 iis
2561 3050 2679 3104 quae
2739 3036 3029 3107 gignuntur
3115 3038 3393 3099 sincerita-

176 3135 274 3178 tem
306 3136 514 3181 servat.
571 3128 677 3180 Cur
730 3128 946 3195 insuper
982 3128 1223 3196 quaedam
1270 3128 1562 3181 animantia
1595 3142 1722 3182 suos
1760 3127 1895 3181 fetus
1942 3142 2048 3181 non
2108 3130 2365 3193 nutriunt,
2416 3128 2863 3197 quemadmodum
2925 3128 2989 3181 in
3082 3130 3391 3188 volatilibus

175 3218 440 3280 vultures,
496 3219 664 3281 corvi,
725 3219 1005 3286 piscesque
1052 3219 1165 3273 fere
1202 3234 1426 3285 omnes;
1481 3221 1727 3289 quaedam
1768 3236 1893 3274 vero
1926 3222 2086 3273 etiam
2112 3230 2359 3289 parentes
2393 3219 2445 3272 in
2474 3220 2625 3274 senio
2664 3220 2846 3287 alunt;
2876 3221 3003 3274 item
3061 3221 3164 3275 alia
3226 3224 3399 3277 etiam

172 3312 510 3380 illegitimum
538 3314 635 3366 sibi
674 3316 1005 3383 suppositum
1052 3313 1217 3369 fetum
1287 3315 1549 3378 nutriunt,
1593 3315 1846 3385 pleraque
1913 3329 2041 3368 vero
2089 3314 2344 3369 minime?
2426 3314 2495 3369 At
2539 3314 2660 3384 quis
2732 3314 3151 3371 innumerabiles
3220 3331 3409 3371 rerum

170 3402 409 3455 omnium
461 3401 788 3458 differentias
830 3407 1148 3461 recenseat?
1184 3406 1349 3475 igitur
1376 3408 1491 3462 haec
1517 3409 1733 3477 quidem
1774 3408 1909 3461 libro
1943 3415 2133 3475 quarto
2162 3408 2526 3462 continentur.

249 3491 335 3541 Ἐν
366 3490 429 3541 δὲ
456 3490 532 3559 τῷ
562 3498 603 3543 ε’
633 3491 773 3559 λόγῳ
796 3491 928 3545 ἄλλα
958 3511 1015 3545 τε
1038 3492 1281 3559 διέξεισι,
1310 3496 1402 3548 καὶ
1434 3497 1537 3566 πρὸ
1566 3496 1743 3551 αὐτῶν
1770 3501 1811 3559 C

1728 3501 1811 3559 lc
1914 3495 2076 3549 Libro
2140 3498 2327 3564 quinto
2373 3513 2495 3552 cum
2529 3498 2635 3554 alia
2690 3500 3049 3569 persequitur,
3102 3508 3212 3553 tum
3266 3512 3390 3553 ante

166 3583 366 3649 ὁμοίως
402 3584 546 3635 κατά
573 3585 671 3653 τῆς
696 3586 1033 3656 εἱμαρμένης
1057 3587 1235 3643 τοῦτο.
1272 3590 1332 3641 Εἰ
1363 3592 1472 3652 τοῖς
1500 3591 1739 3657 γονεῦσι,

1735 3630 1739 3649 ,
1842 3590 1953 3642 haec
1984 3589 2047 3642 de
2094 3587 2205 3641 fato
2247 3590 2500 3644 similiter
2548 3592 2670 3646 ista.
2728 3592 2785 3647 Si
2839 3592 2981 3660 quod
3028 3602 3279 3661 parentes
3317 3594 3397 3661 gi-

166 3670 291 3740 {680
322 3672 421 3743 IL]
477 3675 641 3741 φασὶ,
668 3675 731 3727 τὸ
775 3677 979 3729 τίκτειν
1015 3678 1122 3730 ἀπὸ
1166 3680 1431 3746 γενέσεως
1483 3681 1737 3750 ὑπάρχει,

1733 3725 1737 3742 ,
1840 3688 2022 3746 gnant,
2049 3679 2143 3743 ait,
2178 3693 2205 3729 a
2238 3680 2417 3747 genesi
2448 3681 2729 3751 contingit,
2760 3680 3103 3735 manifestum
3135 3691 3215 3736 est
3238 3699 3264 3735 a
3300 3698 3395 3750 pa-

162 3758 317 3827 δῆλον
346 3761 429 3823 ὡς
464 3761 571 3814 ἀπὸ
598 3763 696 3832 τῆς
729 3763 836 3816 τῶν
866 3764 1116 3834 πατέρων
1147 3768 1413 3833 γενέσεως
1447 3770 1538 3821 καὶ
1571 3770 1603 3839 η
1632 3770 1741 3822 τῶν

1735 3788 1741 3812 ι
1840 3780 2050 3823 rentum
2079 3771 2260 3840 genesi
2288 3780 2341 3825 et
2370 3770 2598 3825 filiorum
2648 3774 2909 3842 genesim,
2942 3784 2996 3828 et
3021 3774 3178 3843 hujus
3210 3775 3397 3829 horam

162 3850 293 3901 υἱῶν
320 3852 546 3918 γένεσις
576 3854 669 3905 καὶ
698 3855 730 3923 ἡ
763 3855 966 3925 ταύτης
992 3854 1110 3927 ὥρα
1141 3856 1423 3927 διωρίσθη.
1457 3860 1524 3911 Εἰ
1554 3860 1612 3913 δὲ
1640 3860 1736 3930 μὴ,

1732 3904 1736 3920 .
1841 3862 2115 3917 definitam
2146 3878 2284 3918 esse.
2331 3863 2424 3918 Sin
2459 3867 2657 3930 minus,
2688 3882 2815 3936 ergo
2858 3868 3187 3937 gignentium
3232 3886 3394 3939 gene—

157 3942 214 3991 οὺ
243 3943 357 3994 τῶν
390 3946 770 4013 γεννησάντων
800 3948 832 4015 ἠ
868 3948 1080 4013 γένεσις
1124 3949 1375 4001 ἀποτελεῖ
1409 3951 1533 4013 τοὺς
1561 3967 1739 4003 τικτο-

1728 3979 1739 3993 -
1840 3953 1915 4005 sis
1948 3966 2041 4005 eos
2073 3953 2162 4021 qui
2194 3952 2484 4023 gignuntur
2508 3970 2619 4009 non
2662 3956 2888 4024 perﬁcit,
2938 3956 3243 4027 frustraque
3278 3958 3390 4013 lon-

160 4034 380 4100 μένους,
419 4036 517 4088 καὶ
572 4036 749 4105 μάτην
795 4038 823 4089 ό
854 4038 1020 4101 πολὺς
1053 4039 1153 4107 τῆς
1183 4043 1523 4111 εἱμαρμένης
1559 4043 1735 4110 λόγος.

1837 4057 1936 4113 gus
1968 4044 2033 4097 de
2060 4043 2171 4097 fato
2197 4058 2373 4098 sermo
2401 4043 2645 4099 habetur.
2696 4044 2751 4100 Si
2780 4048 2921 4100 enim
2950 4050 3089 4117 quod
3132 4048 3270 4102 fetus
3312 4064 3397 4103 se-

159 4122 217 4175 Εί
249 4126 365 4195 γὰρ
416 4126 481 4178 τὺ
530 4127 807 4197 σπαρῆναι
838 4129 930 4180 καὶ
969 4131 1372 4201 χυοφορηθῆναι
1416 4136 1510 4185 καὶ
1539 4134 1739 4185 τέλειον

1734 4151 1739 4177 ν
1850 4134 2105 4199 minetur,
2157 4142 2432 4200 gestetur,
2465 4136 2842 4205 perfeCIusque
2911 4138 2993 4191 vel
3057 4139 3396 4208 imperfectus

155 4217 451 4283 προελθεῖν
491 4218 523 4285 ἢ
577 4218 764 4279 ἀτελὲς
806 4218 951 4288 [55Ξ
999 4218 1090 4291 ιι]
1128 4222 1226 4290 τῆς
1267 4222 1534 4289 γενέσεως
1580 4223 1738 4294 ἔργον

1838 4224 2136 4294 proveniat,
2171 4240 2199 4278 a
2229 4237 2512 4295 parentum
2547 4230 2727 4297 genesi
2759 4229 2989 4293 exsistit,
3025 4230 3229 4285 clarum
3255 4232 3405 4301 quod

152 4308 267 4359 ἐστὶ
317 4308 438 4359 τῶν
492 4309 809 4375 τικτόντων,
858 4310 1014 4378 δῆλον
1044 4313 1124 4364 ὅτι
1162 4317 1255 4365 καὶ
1282 4316 1315 4383 ή
1348 4314 1549 4367 τούτων
1578 4316 1698 4385 ὥρα
1720 4332 1735 4347 ·

152 4397 279 4448 aias
338 4398 422 4468 μὴ
478 4398 640 4466 αὕτη,
690 4399 809 4451 οὐδὲ
862 4404 1064 4454 ἐκεῖνα.
1119 4403 1181 4455 Εἰ
1216 4403 1261 4456 δ’
1292 4404 1348 4455 αἱ
1389 4405 1629 4471 γενέσεις
1676 4407 1734 4472 ἐξ

149 4490 357 4557 ἑτέρων
404 4491 519 4541 εἰσὶ
556 4490 843 4557 γενέσεων,
890 4495 983 4545 καὶ
1013 4495 1040 4545 ό
1088 4495 1181 4546 τοῦ
1221 4497 1511 4563 γεννᾶσθαι
1545 4498 1734 4569 καιρὸς

147 4575 252 4626 ἀπὸ
300 4578 411 4646 τῆς
443 4578 558 4629 τῶν
588 4581 995 4650 γεγεννηκότων
1040 4584 1398 4653 εἱμαρμένης,
1440 4587 1619 4656 ῥᾴδιον
1668 4586 1733 4640 ἂν

144 4669 227 4734 εἴη
253 4670 372 4730 τοῖς
407 4667 623 4737 ταύτης
649 4670 905 4738 ἐρασταῖς
952 4673 1082 4739 μίαν
1114 4675 1211 4743 μὲν
1240 4675 1526 4745 ἀνθρώπου
1551 4677 1732 4730 λαϐεῖν

142 4758 383 4824 γένεσιν,
419 4760 487 4824 ἐξ
519 4760 688 4830 αὐτῆς
718 4760 774 4813 δὲ
802 4764 898 4833 τήν
926 4780 985 4816 τε
1016 4765 1124 4817 τῶν
1154 4768 1403 4836 πατέρων
1432 4770 1609 4821 εἰπεῖν
1636 4770 1730 4822 καὶ

1839 4315 2039 4381 Ιιοτυιιι
2080 4331 2293 4386 quoque
2336 4318 2463 4371 hora
2511 4318 2578 4373 ab
2633 4322 2818 4374 eadem
2863 4322 3255 4389 proficiscatur.
3300 4322 3395 4378 Sin

1838 4408 2013 4461 minus
2057 4408 2190 4472 haec,
2217 4422 2345 4478 ergo
2402 4424 2498 4463 nec
2547 4410 2654 4465 illa.
2700 4410 2820 4465 1am
2848 4414 2891 4466 si
2924 4428 3146 4483 geneses
3174 4415 3291 4468 alia:
3329 4430 3394 4469 ex

1836 4497 1957 4551 aliis
2011 4508 2156 4559 sunt,
2217 4498 2497 4568 ipsumque
2530 4502 2783 4555 nascendi
2815 4513 3167 4566 {momentum
3204 4504 3271 4558 ab
3305 4520 3393 4558 eo-

1834 4603 1950 4643 rum
1972 4590 2059 4658 qui
2088 4600 2386 4657 genuerunt
2413 4592 2521 4645 fato
2550 4593 2930 4661 proficiscitur,
2960 4594 3118 4649 facile
3140 4595 3211 4649 sit
3239 4595 3399 4663 hujus

1833 4682 2160 4735 amatoribus
2190 4696 2346 4734 unam
2385 4682 2614 4751 aliquam
2648 4685 2878 4739 hominis
2912 4699 3105 4754 capere
3124 4688 3392 4756 genesim,

1834 4781 1993 4840 atque
2017 4772 2212 4840 exipsa
2244 4782 2351 4825 tum
2377 4784 2604 4840 patrum,
2648 4784 2757 4827 tum
2790 4790 3029 4839 avorum,
3063 4778 3170 4830 imo
3200 4787 3252 4831 et
3279 4793 3391 4830 ma-

141 4849 248 4901 τῶν
296 4851 564 4903 πάππων
602 4852 696 4903 καὶ
734 4851 843 4905 τῶν
885 4854 965 4905 ἔτι
1000 4857 1445 4925 προπατόρωνίτ,
1482 4860 1577 4910 καὶ
1609 4859 1736 4911 τού·
1765 4857 1803 4915 ι]

1728 4857 2014 4932 -Djorum
2066 4863 2303 4931 genesim
2360 4864 2617 4927 indicare,
2644 4867 2937 4933 horumque
2993 4869 3232 4921 omnium
3285 4877 3390 4921 tam

140 4955 247 4990 των
282 4940 565 4993 ἁπάντων
596 4941 664 4992 τά
692 4958 752 4993 τε
794 4944 938 5013 πάθη
972 4946 1066 4997 καὶ
1100 4946 1198 5008 τὰς
1231 4947 1454 5015 πράξεις
1510 4948 1611 5017 τῆς
1638 4949 1738 5017 ψυ-

139 5028 237 5095 χῆς
266 5030 368 5081 καὶ
403 5027 513 5080 τοῦ
568 5028 828 5097 τώματος,
860 5033 927 5085 τά
961 5050 1019 5084 τε
1068 5036 1319 5104 σχήματα
1349 5038 1441 5088 καὶ
1473 5038 1737 5107 χρώματα

142 5121 232 5169 καὶ
287 5120 553 5189 μεγέθη,
593 5122 651 5173 ού
698 5122 856 5175 τοῦτο
900 5125 955 5177 δὲ
995 5125 1175 5194 μόνον,
1211 5128 1326 5179 ἀλλ’
1354 5131 1417 5180 ὲκ
1442 5130 1538 5198 τῆς
1564 5130 1735 5198 αὐτῆς

141 5210 232 5262 καὶ
268 5212 366 5264 τοῦ
400 5212 539 5273 ἑνὸς
583 5215 846 5278 γενέσεως
874 5216 1017 5278 τίνες
1050 5218 1097 5269 οἱ
1132 5217 1518 5287 τεχθησόμενοι
1550 5237 1735 5288 προει-

138 5303 281 5364 πεῖν,
323 5304 427 5356 καὶ
458 5303 652 5354 πᾶσαν
673 5304 771 5373 τὴν
805 5307 1069 5376 ἐσομένην
1098 5309 1162 5359 ἐκ
1191 5310 1285 5378 τῆς
1316 5309 1561 5378 διαδοχῆς
1603 5328 1733 5378 συγ-

138 5390 379 5457 γένειαν,
447 5393 556 5444 καὶ
620 5394 823 5463 ταύτης
879 5396 976 5458 τὰς
1037 5398 1264 5467 πράξεις
1314 5400 1409 5451 καὶ
1460 5401 1559 5452 ὅσα
1598 5400 1732 5453 ἄλλα

139 5485 502 5555 προείρηται,
538 5486 633 5535 καὶ
658 5487 796 5555 μήτε
817 5487 941 5550 τοὺς
965 5488 1331 5556 παρελθόντας
1350 5492 1565 5557 ἀγνοεῖν
1594 5492 1730 5561 μήτε

138 5575 242 5628 τῶν
270 5576 578 5647 ἐσομένων
611 5578 815 5647 μηδένα
833 5595 847 5609 ο
882 5580 910 5631 ὃ
936 5582 1029 5633 καὶ
1050 5582 1204 5635 αὐτοὶ
1232 5582 1299 5636 ἂν
1332 5583 1725 5650 διαγελάσαιεν·

1840 4952 2001 5004 animi
2026 4965 2184 5019 quam
2209 4954 2449 5020 corporis
2476 4954 2784 5010 affectiones
2817 4958 3187 5027 actionesque,
3220 4974 3283 5013 ac
3317 4962 3390 5013 si-

1839 5044 1946 5095 mul
1969 5043 2186 5112 figuras,
2215 5045 2420 5099 colores
2447 5056 2501 5100 et
2557 5049 2969 5115 magnitudines.
3014 5048 3125 5105 Nec
3156 5051 3257 5105 hoc
3302 5066 3390 5103 su-

1838 5133 1965 5196 lum,
1997 5136 2089 5188 sed
2126 5137 2287 5189 etiam
2324 5152 2389 5190 ex
2424 5137 2521 5191 hac
2565 5138 2677 5206 ipsa
2718 5149 2771 5193 et
2801 5140 2941 5195 illius
2996 5141 3154 5195 unius
3208 5152 3391 5211 generd

1836 5223 2015 5276 licebit
2059 5226 2273 5291 quinam
2328 5230 2613 5296 generandi
2657 5231 2763 5282 sint
2804 5230 3116 5298 prazdicere,
3152 5248 3394 5285 omnem-

1838 5330 1941 5380 que
1976 5315 2107 5369 adeo
2126 5315 2359 5370 futuram
2390 5334 2451 5370 ex
2476 5321 2663 5373 ordine
2688 5322 3079 5389 cognationem,
3111 5337 3231 5375 cum
3280 5325 3392 5376 suis

1838 5404 2157 5467 actionibus,
2188 5414 2242 5458 et
2274 5421 2603 5475 quaecunque
2642 5408 2744 5462 alia
2788 5410 3092 5478 supradicta
3138 5422 3294 5465 sunt:
3338 5422 3395 5464 ut

1841 5508 2009 5560 neque
2058 5497 2465 5562 praeteritorum,
2519 5514 2691 5566 neque
2747 5500 3048 5556 futurorum
3107 5502 3390 5571 quisquam

1840 5584 2129 5650 ignoretur.
2164 5586 2313 5652 Quod
2366 5598 2419 5641 et
2448 5589 2658 5658 ipsimet
2682 5592 2873 5663 2146
2904 5595 3187 5649 irriserint.
3219 5594 3289 5649 At
3338 5603 3392 5645 tu

1440 5679 1672 5733 VARIAS
1716 5680 2118 5738 LEC'l'lONES.

211 5764 251 5797 ¹⁸
275 5765 452 5830 αὐτὸς
488 5767 545 5820 Α
574 5784 586 5820 :
618 5768 788 5839 αὐτῆς
813 5789 871 5835 ς.
906 5774 946 5807 ’⁵
980 5770 1328 5839 ὲξοκὲλλουσα
1350 5778 1412 5829 Δ.
1494 5776 1536 5805 ¹⁶
1563 5777 1661 5844 μὲν
1684 5784 1737 5829 et
1770 5791 1887 5832 mox
1922 5780 2014 5831 καὶ
2048 5780 2170 5835 add.
2199 5782 2262 5835 Α.
2341 5782 2382 5812 ⁸⁷
2415 5786 2851 5857 προπατέρωνιὶ.
