4208 6448
166 381 267 450 853

1211 380 1735 442 BIBLIOTHECA.
1773 402 1842 415 -
1879 379 2041 440 COD.
2083 379 2391 441 CCXXIII.

3264 389 3369 454 854

169 499 435 577 ηταύτην
482 501 549 573 τῇ
594 498 702 553 τῶν
746 496 953 552 πολλῶν
992 496 1352 568 ἀκολουθῆσαι
1394 498 1492 568 τῆς
1521 497 1766 559 οίκείαςλ

1786 497 2067 567 ιεεηεεῐιιι
2094 498 2161 553 ab
2198 498 2284 551 illa
2320 510 2426 551 una
2470 495 2681 551 irritam
2719 495 2888 563 reddi,
2932 498 3015 553 vel
3050 511 3200 557 certe
3227 504 3387 572 hanc,

165 592 570 662 ἀποσπωμένην
616 590 911 661 ἐνεργείας.
954 590 1033 643 Τά
1064 590 1109 643 δ’
1147 591 1288 643 αύτά
1318 590 1498 660 λέγειν
1526 590 1593 644 ἂν
1641 591 1728 660 εῐη

167 688 259 739 καὶ
291 684 421 754 περὶ
450 684 621 747 ξύλων
660 682 769 735 ml?
798 682 1003 752 χόρτων
1044 684 1138 736 καὶ
1165 683 1400 751 βοτανῶν
1445 684 1539 737 καὶ
1573 683 1729 747 ζώων

167 778 447 830 ἁπάντων.
482 778 544 828 El
568 776 749 827 τοίνυν
800 776 857 827 αί
887 775 1129 842 γενέσεις
1180 775 1271 828 ὑπ’
1311 775 1554 845 ἀλλήλων
1598 775 1732 828 ἀνας

163 867 479 937 τρέπονται,
514 869 607 920 καὶ
635 868 690 919 αἱ
722 866 819 936 μὲν
836 866 944 919 τῶν
968 866 1172 919 παίδων
1199 866 1294 928 τὰς
1323 864 1431 917 τῶν
1456 865 1732 935 πατέρων,

170 961 222 1011 al
272 960 332 1011 δὲ
388 958 591 1011 τούτων
638 959 735 1021 τὰς
792 958 1015 1012 ἐκείνων
1070 957 1374 1027 ἀναιροῦσι,
1408 958 1500 1010 καὶ
1529 957 1587 1009 al.
1625 956 1735 1008 τῶν

170 1051 444 1115 συζυγιῶν
486 1051 585 1109 τὰς
630 1048 876 1115 ἀλλήλων
904 1090 919 1114 ,
974 1048 1066 1101 καὶ
1106 1051 1160 1101 αἱ
1205 1047 1312 1100 τῶν
1369 1046 1555 1100 οἰκιῶν
1610 1047 1736 1110 τοὺς

170 1141 516 1201 ἐνοικοῦντας
546 1140 579 1210 ἢ
613 1141 669 1192 αἱ
722 1139 927 1193 τούτων
973 1140 1069 1203 τὰς
1118 1140 1227 1192 τῶν
1273 1140 1603 1209 οἰκημάτων,
1644 1140 1738 1192 καὶ

170 1236 359 1296 ἁπλῶς
414 1234 515 1286 ὅσα
564 1232 908 1302 προείρηται,
941 1231 1277 1300 πανταχόθεν
1314 1231 1347 1299 ἡ
1380 1231 1589 1297 γένεσις
1613 1229 1738 1282 ἑαυ-

172 1329 269 1397 τὴν
298 1325 563 1395 ἀνέτρεψε
610 1326 704 1379 καὶ
728 1324 988 1378 διέλυσεν.
1026 1324 1164 1377 Ἀλλ’
1196 1322 1338 1377 οὕτω
1368 1324 1468 1394 μὲν
1497 1323 1622 1393 τὸβ¹
1646 1323 1742 1377 καί

179 1426 226 1488 μ’
256 1418 579 1487 κεφάλαιον.

254 1601 346 1654 Ἔν
362 1600 420 1653 δὲ
441 1598 517 1668 τῷ
535 1598 584 1666 γ’
608 1598 702 1651 καὶ
726 1602 778 1667 μ’
804 1596 969 1666 φησὶν
991 1597 1073 1649 ὅτι
1104 1594 1375 1659 ποικίλαις
1402 1595 1499 1665 μὲν
1516 1595 1746 1665 πράξεσι

176 1692 271 1746 καὶ
294 1692 529 1745 πάθεσιν
562 1691 594 1759 ἢ
628 1691 882 1757 φυσικαῖς
913 1688 949 1758 ἢ
965 1688 1304 1758 αὐθαιρέτως
1325 1688 1394 1741 τὰ
1409 1690 1499 1742 ἐπὶ
1522 1691 1625 1759 γῆς
1655 1690 1749 1743 καὶ

177 1784 245 1835 τὰ
275 1783 336 1834 ἐν
372 1782 496 1853 ἀέρι
530 1782 625 1834 καὶ
677 1782 734 1833 ἐν
771 1780 1008 1852 θαλάττῃ
1054 1780 1148 1832 κα)⁵
1182 1781 1343 1849 ἡμεῖς
1382 1780 1747 1850 ὁμολογοῦμεν

176 1874 496 1926 ὑποκεῖσθαι
518 1888 531 1902 ’
552 1871 611 1924 τὸ
628 1872 683 1923 δὲ
708 1871 952 1939 ἀνάγκην
973 1870 1310 1940 εἱμαρμένην
1337 1871 1551 1923 πάντων
1575 1870 1751 1924 αἰτίαν

181 1961 330 2018 εἶναι
362 1965 456 2015 καὶ
482 1961 861 2032 ἐκτρεπόμεθα
882 1960 971 2013 καὶ
989 1960 1352 2030 διελέγχομεν,
1369 1961 1476 2013 ἀπὸ
1503 1960 1608 2013 τῶν
1625 1960 1757 2028 ἀψύ-

178 2072 288 2123 χων
310 2055 604 2124 ἀρχόμενοι
638 2052 729 2104 καὶ
751 2054 831 2114 είς
853 2052 920 2104 τά
943 2050 1110 2119 ἄλογα
1150 2049 1267 2113 ζῶα
1312 2050 1753 2121 μεταϐαίνοντες,

178 2144 392 2197 ἐκεῖθεν
418 2145 495 2206 είς
522 2142 649 2206 τοὺς
694 2141 946 2209 λογικοὺς
984 2141 1302 2211 ἀνθρώπους
1332 2141 1755 2205 διαϐιϐάζοντες.

177 2237 413 2305 Μάγνης
429 2233 559 2303 γοῦν
579 2234 606 2286 ό
625 2233 771 2295 λίθος
790 2233 1004 2303 σίδηρον
1027 2230 1283 2301 ἁρπάζει,
1302 2232 1397 2285 κα)⁸
1414 2233 1508 2301 οὐχ
1526 2229 1758 2302 ἁρπάζει

182 2330 347 2398 μόνον
373 2369 388 2387 ,
422 2327 556 2380 ἀλλὰ
587 2329 679 2380 καὶ
705 2326 934 2396 δύναμιν
963 2324 1235 2394 ἐντίθησιν
1268 2324 1452 2393 ἕτερον
1483 2325 1753 2394 ἁρπάσαι,

179 2424 441 2482 κάκεῖνος
474 2419 632 2472 πάλιν
671 2419 829 2473 ἄλλον
868 2418 1027 2489 μέχρι
1074 2418 1354 2473 πλειόνων.
1396 2416 1759 2487 Δίκταμνος¹δ

178 2518 213 2584 ἡ
236 2514 438 2584 βοτάνη
468 2512 628 2565 πάλιν
655 2514 769 2575 τοῖς
802 2512 1025 2573 ίοὸόλοις
1050 2511 1169 2564 ἐστὶ
1193 2510 1451 2581 πολέμιος
1476 2527 1488 2539 ·
1522 2511 1616 2563 καὶ
1648 2510 1758 2581 γὰρ

179 2609 278 2659 καὶ
305 2606 477 2674 μόνης
501 2605 598 2673 τῆς
626 2600 803 2673 ὀσμῆς
831 2602 1339 2671 ἀντιλαμὸανόμενα
1364 2604 1444 2665 είς
1466 2601 1523 2654 τὸ
1545 2600 1758 2670 ἀνενέρ-

178 2711 353 2762 γητον
406 2693 751 2763 μεταϐάλλει.
806 2692 915 2744 Καὶ
964 2692 1202 2762 βοτανῶν
1236 2691 1580 2759 άγλαοφωτὶς
1625 2691 1760 2759 μόνη

177 2786 443 2840 τοσοῦτον
476 2787 533 2837 ἐν
577 2786 733 2837 νυκτὶ
754 2784 959 2852 λάμπει
989 2784 1112 2835 ὅσον
1136 2784 1170 2851 ἡ
1203 2783 1539 2852 προσηγορία
1571 2781 1757 2851 δηλοῖ,

178 2880 276 2931 καὶ
304 2876 398 2929 τὸν
427 2875 801 2943 ἐπιθυμοῦντα
827 2875 1011 2928 λαϐεῖν
1039 2875 1230 2944 φεύγει
1256 2916 1270 2939 ,
1298 2875 1391 2926 καὶ
1418 2874 1587 2925 ταῦτα
1611 2875 1786 2953 ὲρριχ⁸

178 2969 409 3037 ζωμένη
442 2968 609 3019 τόπον
652 2968 717 3018 ὲκ
746 2968 910 3018 τόπου
946 2966 1095 3035 παρὰ.
1126 2965 1287 3033 φύσιν
1325 2964 1720 3033 μεταϐαίνουσα
1743 2979 1757 2994 ·

175 3059 239 3110 οὗ
274 3059 387 3127 γάρ
427 3057 683 3125 πρόσεστι
722 3058 831 3118 τοῖς
866 3056 1259 3124 ὲρῤιζωμένοις
1294 3056 1505 3123 κίνησις
1531 3057 1563 3123 ἡ
1600 3070 1760 3122 μετα-

178 3150 414 3216 δατική.
452 3148 777 3216 Χαμαιλέων
816 3147 875 3198 τὸ
904 3147 1040 3209 ζῶον
1078 3147 1159 3208 είς
1190 3146 1360 3197 πολλὰ
1405 3146 1671 3215 χρώματα
1701 3144 1761 3197 τὸ

179 3240 352 3308 σῶμα
390 3239 718 3307 μεταϐάλλει
742 3278 756 3301 ,
784 3240 877 3291 καὶ
916 3237 1151 3300 τοιοῦτος
1170 3238 1215 3269 ’⁸
1246 3239 1497 3305 φαίνεται
1548 3231 1659 3289 οἷον
1702 3237 1763 3288 τὸ

178 3330 494 3400 πλησιάζον
527 3332 620 3382 καί¹
663 3331 1071 3399 παρακείμενον
1102 3328 1250 3398 αύτῷ
1276 3368 1291 3394 ,
1341 3328 1444 3382 κᾶν
1475 3329 1630 3392 ξύλον
1658 3328 1763 3381 κᾶν

177 3424 334 3486 λίθος
370 3421 476 3475 κᾶν
500 3421 626 3474 ἄλλο
647 3422 693 3452 ’⁸
726 3440 776 3474 τι
802 3416 1095 3494 τοιοῦτονῇ
1122 3436 1137 3449 ’
1170 3420 1305 3489 πρὸς
1335 3422 1441 3490 γὰρ
1478 3420 1575 3489 τὴν
1620 3420 1767 3472 ἐκεί-

178 3533 279 3566 νου
330 3515 522 3583 χροιὰν
553 3511 811 3581 ἁρμόττει
831 3514 874 3541 ¹τ
904 3512 1001 3580 τὴν
1042 3511 1257 3564 ἑαυτοῦ.
1306 3512 1418 3564 Καὶ
1448 3512 1482 3580 ἡ
1514 3510 1766 3573 σελευκὶς

179 3609 248 3660 τὸ
282 3606 493 3675 πτηνὸν
527 3604 699 3665 οὕτως
734 3605 880 3656 ἐστὶν
934 3604 1150 3672 ἀκρίσιν
1191 3599 1432 3672 ὀλέθριον
1457 3645 1470 3666 ,
1504 3603 1642 3656 ὥστε
1673 3602 1769 3655 καὶ

178 3702 313 3751 ὅσαι
347 3695 415 3748 ἂν
461 3696 526 3764 τῇ
569 3695 695 3763 σκιᾷ
744 3692 945 3761 ταύτης
983 3692 1381 3761 καταληφθεῖεν
1430 3691 1762 3761 φθείρονται.

185 3790 415 3850 Ἀλλοις
451 3788 612 3840 πάλιν
644 3787 676 3855 ἡ
710 3787 805 3850 νὺξ
825 3826 838 3848 ,
871 3784 982 3838 ἀλλ’
1014 3785 1132 3853 οὐχὶ
1160 3785 1221 3836 τὸ
1257 3783 1370 3851 φῶς
1408 3784 1523 3834 ἐστι
1554 3784 1619 3851 τῇ
1650 3782 1769 3849 ὄψει

181 3880 479 3950 ἁρμόδιον.
524 3878 634 3930 Καὶ
665 3876 839 3947 τροφὴ
876 3876 1035 3928 πάλιν
1069 3875 1250 3937 ἄλλοις
1280 3875 1312 3941 ἡ
1340 3874 1512 3943 ἑτέρῳ
1530 3873 1575 3904 ²¹¹
1609 3871 1769 3926 θανά-

189 3989 383 4041 σιμος.
412 3969 576 4022 Ἀλλὰ
605 3968 698 4022 καὶ
719 3968 780 4020 τὸ
808 3967 970 4020 ποτὸν
1007 3968 1065 4018 ού
1101 3968 1233 4018 πᾶσι
1259 3967 1369 4027 τοῖς
1395 3964 1552 4027 ζώοις
1580 3965 1771 4033 χρήσι-

191 4084 324 4134 μον.
359 4063 432 4115 Τὸ
457 4063 514 4115 δέ
536 4079 599 4127 γε
625 4060 806 4129 οὐρεῖν
838 4057 1181 4126 τετραπόδων
1210 4056 1308 4127 μὲν
1335 4057 1495 4118 ἐνίοις
1522 4055 1580 4106 ού
1608 4054 1773 4125 πρόσ-

182 4174 314 4209 εστι
334 4196 347 4219 ,
375 4154 596 4220 πτηνῶν
617 4153 670 4205 δὲ
691 4151 885 4204 ούδενί.
918 4150 1029 4203 Καὶ
1052 4148 1104 4200 τί
1134 4148 1213 4200 δεῖ
1236 4148 1412 4214 λέγειν
1439 4146 1581 4199 κατὰ
1612 4147 1772 4215 μέρος

180 4248 291 4309 τὰς
315 4247 377 4295 ἐν
403 4246 516 4304 τοῖς
546 4242 703 4305 ζώοις
734 4240 861 4311 [554
894 4237 999 4309 Η.]
1032 4238 1234 4307 τροφῆς
1270 4254 1326 4289 τε
1364 4235 1457 4289 καὶ
1488 4236 1647 4288 πότου
1678 4235 1774 4287 καὶ

180 4336 542 4389 διαπλάσεων
573 4335 663 4385 καὶ
691 4331 832 4401 ᾠδῆς
880 4332 972 4382 κα¹ι
1004 4331 1161 4396 σιγῆς
1193 4328 1289 4381 καὶ
1320 4328 1483 4398 μονῆς
1517 4328 1611 4381 καὶ
1640 4329 1774 4381 ἁπο-

181 4430 403 4497 ὀημίας
424 4428 519 4478 καὶ
543 4425 805 4477 ἐπανόδου
849 4424 945 4475 καὶ
984 4422 1284 4491 ὑπηρεσίας
1324 4421 1417 4479 καὶ
1464 4417 1774 4488 ἐλευθερίας

1788 3188 1830 3245 C

1834 588 2048 657 propria
2101 597 2318 642 exutam
2344 588 2603 651 efficacia,
2644 587 2713 641 ab
2750 587 2838 643 illa
2869 590 3161 647 multorum
3194 597 3387 666 abripi.

1834 680 2145 748 Eademque
2186 679 2365 733 dicere
2392 679 2511 747 quis
2537 687 2716 746 posset
2740 679 2807 735 de
2828 680 3007 747 lignis,
3035 685 3391 753 graminibus,

1836 774 2020 828 herbis
2062 782 2117 827 et
2164 773 2412 827 omnibus
2457 770 2799 828 animalibus.
2858 771 2917 827 Si
2966 774 3126 845 igitur
3174 793 3395 846 geneses

1836 864 1955 919 alia!
1988 864 2057 918 ab
2085 864 2204 919 aliis
2235 863 2462 919 invicem
2486 872 2819 930 evertantur,
2844 865 2917 920 ita
2946 874 3005 920 ut
3039 866 3268 923 filiorum
3300 886 3396 939 ge-

1838 972 1992 1012 neses
2045 965 2326 1026 parentum
2380 957 2639 1025 genesim,
2665 965 2718 1011 et
2747 957 2935 1014 borum
2963 974 3151 1016 rursus
3189 962 3394 1017 illorum

1839 1049 2147 1113 destruant,
2184 1055 2240 1102 et.
2267 1047 2516 1102 similiter
2547 1048 2828 1115 coniugum
2864 1051 3002 1105 inter
3034 1066 3116 1116 se,
3147 1061 3273 1105 utet
3296 1053 3397 1105 dn-

1839 1153 2050 1192 morum
2103 1138 2317 1207 genesis
2350 1137 2468 1191 illas
2525 1138 2899 1206 habitantium,
2952 1140 3037 1195 vel
3079 1151 3264 1195 contra
3296 1142 3396 1196 bo—

1839 1246 1958 1285 rum
1988 1232 2157 1300 ipsam
2196 1232 2473 1284 domorum
2529 1232 2792 1299 genesim,
2828 1242 3011 1303 atque,
3039 1243 3096 1287 ut
3124 1236 3285 1289 semel
3317 1236 3397 1288 di-

1844 1336 1983 1380 cam.
2032 1336 2095 1375 ea
2141 1321 2272 1374 fiant
2308 1336 2427 1388 qua:
2473 1321 2581 1389 jam
2623 1322 2763 1376 dicta
2820 1332 2965 1386 sunt,
3008 1325 3233 1391 ipsamet
3282 1340 3401 1380 sese

1845 1414 2057 1482 genesis
2108 1413 2346 1481 undique
2397 1415 2592 1467 evertit
2635 1424 2688 1468 et
2738 1416 2999 1471 dissolvit.
3044 1416 3135 1471 Sic
3179 1417 3398 1486 quidem

1846 1504 2020 1572 capite
2047 1504 2455 1573 quadragesimo
2496 1506 2731 1560 secundo
2754 1507 3005 1575 disputat.

1924 1593 2129 1649 Deinde
2155 1595 2332 1663 capite
2382 1596 2645 1663 proximo,
2692 1596 2852 1651 variis
2891 1598 3191 1652 actionibus
3243 1608 3403 1667 atque

1849 1684 2239 1748 affectionibus,
2281 1686 2449 1754 iisque
2474 1686 2558 1739 vel
2585 1687 2912 1742 naturalibus
2943 1687 3023 1742 vel
3042 1687 3244 1755 liberis,
3272 1693 3400 1744 suh-

1845 1777 1939 1847 jici
1970 1786 2075 1830 tam
2100 1791 2219 1846 quae
2245 1777 2295 1830 in
2324 1786 2487 1841 terra,
2516 1791 2679 1845 quam
2709 1792 2825 1844 quae
2881 1779 2933 1831 in
2980 1793 3105 1833 aere
3156 1788 3211 1833 et
3268 1780 3402 1833 mari

1786 1852 1825 1907 Β
1854 1870 2143 1934 exsistunt,
2174 1869 2335 1923 etiam
2373 1883 2489 1933 nos,
2528 1869 2721 1936 inquit,
2755 1869 3018 1924 fatemur:
3060 1886 3125 1925 ac
3169 1873 3401 1926 necessi-

1858 1969 2017 2015 tatem
2050 1960 2265 2014 fatalem
2289 1960 2479 2014 horum
2508 1958 2746 2013 omnium
2782 1974 2998 2013 causam
3026 1974 3167 2024 esse,
3200 1962 3250 2015 id
3277 1975 3405 2015 vero

1855 2063 1910 2108 et
1950 2066 2281 2117 aversamur,
2313 2059 2369 2104 et
2405 2050 2796 2119 redarguimus,
2833 2051 2992 2105 ducto
3057 2050 3124 2105 ab
3152 2052 3406 2105 inanimis

1856 2145 2011 2199 initio
2035 2146 2100 2198 ad
2132 2143 2353 2198 rationis
2382 2143 2622 2210 expertia
2660 2143 2949 2197 animantia
2997 2142 3403 2208 descendentes,

1857 2238 2089 2306 indeque
2116 2236 2180 2289 ad
2210 2235 2483 2290 hominem
2534 2235 2742 2287 ratione
2784 2235 3062 2303 prmditnm
3104 2249 3406 2288 sermonem

1859 2337 2251 2383 convertentes.
2285 2326 2675 2397 Magnesigitur
2694 2326 2823 2393 lapis
2854 2326 3051 2379 ferrum
3078 2326 3143 2379 ad
3170 2342 3227 2380 se
3252 2328 3406 2394 rapit,

1859 2437 1955 2476 nec
1982 2422 2093 2487 ipse
2145 2422 2283 2488 rapit
2315 2420 2707 2482 tantummodo,
2730 2421 2823 2473 sed
2854 2428 2907 2474 et
2944 2420 3065 2473 huic
3116 2419 3313 2487 aliquid
3345 2421 3409 2472 ad

1859 2529 1917 2568 se
1948 2514 2147 2567 ferrum
2190 2513 2429 2583 rapiendi
2478 2513 2582 2565 vim
2637 2513 2839 2577 tribuit,
2907 2522 2961 2567 et
3019 2514 3142 2567 huic
3198 2529 3408 2567 rursum

1858 2605 2024 2668 aliud,
2085 2604 2151 2659 ad
2208 2607 2358 2674 plura
2412 2621 2602 2675 usque.
2642 2606 2912 2659 Dictamus
2968 2620 3180 2673 quoque
3245 2606 3409 2661 herba

1860 2695 2133 2749 venenatis
2166 2694 2485 2749 animalibus
2527 2697 2661 2749 adeo
2694 2696 2906 2749 inimica
2943 2706 3046 2756 est,
3086 2706 3142 2749 ut
3193 2695 3271 2749 vel
3300 2699 3413 2749 solo

1859 2784 2086 2839 odoratu
2114 2794 2348 2853 recepta,
2379 2785 2606 2839 nocendi
2638 2786 2742 2837 vim
2795 2800 3006 2839 omnem
3035 2786 3247 2853 eripiat.
3289 2786 3410 2839 Sola

1860 2877 1985 2933 item
2015 2877 2155 2930 inter
2186 2876 2378 2930 herbas
2425 2874 2759 2945 aglaophotis
2794 2876 2902 2945 (ὃῖ)
2942 2877 3012 2930 ita
3058 2888 3213 2931 noctu
3248 2877 3413 2940 lucet,

1860 2978 1918 3022 ut
1948 2969 2181 3021 nominis
2213 2968 2569 3035 veriloquium
2607 2969 2827 3031 indicat,
2862 2978 2914 3021 et
2952 2983 3175 3034 carpere
3208 2984 3413 3023 conan-

1863 3069 1968 3113 tem
2002 3058 2234 3125 refugit;
2267 3059 2425 3125 idque
2466 3060 2702 3113 radicata
2735 3074 2853 3112 cum
2884 3060 2975 3125 sit,
3006 3060 3178 3113 locum
3213 3076 3276 3113 ex
3300 3061 3418 3113 loco

1864 3158 2053 3204 contra
2086 3157 2329 3201 naturam
2354 3158 2567 3200 mutans
2598 3163 2611 3198 :
2639 3162 2810 3215 neque
2838 3148 2978 3200 enim
3007 3162 3123 3216 quae
3152 3148 3419 3201 radicibus

1872 3240 2078 3293 haerent
2116 3238 2407 3291 transitivo
2461 3246 2607 3291 motu
2641 3238 2857 3305 praedita
2895 3247 3041 3291 sunt.
3083 3238 3417 3292 Chamarleon

1866 3331 2049 3383 adhaac
2079 3329 2276 3382 animal
2328 3330 2379 3382 in
2414 3328 2607 3382 multos
2644 3328 2847 3383 colores
2884 3344 3082 3397 corpus
3113 3338 3300 3393 mutat,
3336 3340 3422 3382 ta-

1871 3420 2045 3489 lisque
2087 3422 2309 3474 omnino
2348 3429 2589 3487 apparet,
2632 3420 2792 3489 quale
2821 3421 2962 3488 quod
2994 3420 3066 3473 illi
3110 3421 3419 3490 adiunctum

1869 3524 2029 3581 atque
2072 3513 2369 3581 subjectum
2401 3522 2501 3572 est,
2544 3512 2659 3567 sive
2717 3512 2940 3581 lignum,
2994 3515 3107 3566 sive
3139 3513 3294 3581 lapis,
3329 3528 3421 3567 seu

1868 3602 1995 3669 quid
2042 3601 2186 3655 aliud
2241 3600 2433 3655 fuerit:
2471 3601 2537 3653 ad
2579 3601 2721 3654 illius
2771 3601 2913 3654 enim
2970 3603 3203 3655 colorem
3261 3604 3424 3655 etiam

1869 3709 2021 3749 suum
2055 3700 2222 3761 aptat.
2255 3692 2492 3746 Seleucis
2540 3692 2758 3761 insuper
2816 3693 2928 3745 avis
2964 3707 3132 3761 usque
3180 3692 3312 3746 adeo
3344 3694 3419 3747 lo-

1870 3786 2037 3840 custis
2058 3793 2142 3839 est
2160 3784 2399 3842 inimica.
2426 3782 2620 3851 215b
2669 3792 2727 3835 ut
2754 3792 3017 3851 quotquot
3041 3783 3158 3851 eius
3184 3784 3427 3835 umbram

1871 3876 2123 3940 subeunt,
2157 3875 2443 3928 intereant.
2473 3873 2607 3926 Aliis
2642 3888 2848 3925 rursum
2891 3889 2991 3926 nox
3035 3882 3116 3927 est
3155 3874 3218 3925 ad
3248 3873 3429 3926 viden-

1873 3968 1998 4020 dum
2021 3981 2180 4034 quam
2203 3966 2315 4019 dies
2346 3966 2800 4018 accommodatior
2829 3980 2841 4015 :
2873 3964 2989 4016 aliis
3015 3964 3175 4017 etiam
3204 3964 3427 4017 alimeno

1877 4070 1989 4112 tum
2030 4058 2157 4111 illud
2186 4066 2291 4120 est,
2335 4057 2475 4125 quod
2520 4057 2673 4109 alteri
2715 4056 2909 4109 lethale
2932 4056 3023 4117 sit,
3064 4056 3154 4108 sed
3185 4067 3237 4109 et
3272 4066 3428 4124 potus

1875 4164 1979 4204 non
2010 4150 2259 4204 omnibus
2284 4148 2535 4202 convenit
2558 4148 2936 4202 animantibus.
2977 4147 3228 4211 Quaedam
3248 4147 3429 4200 adhaac

1876 4240 1929 4294 in
1989 4238 2448 4306 quadrupedibus,
2506 4237 2744 4291 volatilia
2794 4252 2923 4290 vero
2966 4237 3169 4299 omnia,
3219 4238 3426 4289 urinam

1879 4331 2135 4387 reddendi
2191 4330 2450 4384 facultate
2502 4330 2883 4383 destituuntur.
2937 4329 2999 4381 Et
3051 4328 3180 4397 quid
3239 4329 3432 4381 attinet

1879 4424 2154 4492 sigillatim
2186 4422 2541 4476 animantium
2590 4420 2829 4475 infinitas
2865 4419 3196 4474 differentias
3230 4426 3342 4472 tum
3379 4419 3433 4472 in

185 4520 324 4589 [68f
352 4514 449 4586 IL]
481 4514 834 4586 σωφροσύνης
865 4530 924 4565 τε
956 4513 1051 4565 καὶ
1085 4511 1422 4578 πολυγαμίας
1464 4510 1558 4562 καὶ
1601 4510 1766 4577 ἐργα-

1802 4518 1845 4573 D
1880 4515 2021 4577 cibo,
2049 4524 2157 4567 tum
2184 4514 2237 4568 in
2271 4522 2419 4584 potu,
2454 4513 2504 4566 in
2537 4512 2728 4583 figura,
2753 4512 2808 4564 in
2840 4521 3001 4564 cantu
3033 4520 3087 4565 et
3109 4512 3346 4575 silentio,
3381 4513 3434 4564 in

188 4609 321 4668 σίας
356 4606 454 4657 καὶ
495 4604 694 4674 ἀργίας
727 4601 1062 4671 θρασύτητός
1092 4617 1151 4652 τε
1182 4601 1275 4653 καὶ
1295 4599 1497 4661 δειλίας
1532 4599 1626 4651 καὶ
1665 4597 1766 4651 τῶν

1877 4607 2155 4660 mansione
2182 4614 2235 4660 et
2285 4604 2602 4673 migratione
2637 4618 2699 4657 ac
2731 4603 2920 4665 reditu,
2972 4602 3026 4655 in
3080 4602 3337 4670 obsequio
3380 4612 3436 4654 et

182 4699 378 4751 ἄλλων
408 4694 799 4763 ἀναριθμήτων
826 4693 1087 4760 διαφοράς
1114 4709 1128 4757 ;
1174 4690 1526 4773 Ποίαιτοίνυν
1574 4690 1766 4759 δρόμου

1880 4697 2149 4761 libertate,
2185 4696 2239 4749 in
2286 4695 2639 4763 temperantia
2671 4704 2724 4748 et
2762 4693 3003 4756 libidine,
3050 4692 3102 4746 in
3150 4693 3333 4747 labore
3380 4701 3436 4745 et

182 4789 418 4854 κίνησις
448 4785 678 4838 ’ἑκαστον
704 4784 858 4850 γένος
892 4784 1130 4837 τοιοῦτον
1162 4783 1469 4852 ύπέστησε’;
1516 4783 1603 4836 διὰ
1632 4782 1685 4834 τί
1717 4782 1766 4835 δὲ

1878 4786 2010 4850 otio,
2044 4786 2096 4838 in
2129 4784 2352 4838 audacia
2375 4793 2429 4837 et
2458 4783 2766 4845 timiditate,
2795 4792 2955 4850 atque
2982 4782 3035 4835 in
3059 4780 3178 4835 aliis
3205 4782 3434 4835 intinitis

178 4885 252 4935 τὸ
299 4880 426 4932 ὅλον
468 4880 624 4945 γένος
662 4878 931 4942 τοιοῦτον,
969 4878 1062 4929 καὶ
1109 4875 1233 4927 οὔτε
1280 4874 1459 4941 λαγὼς
1493 4874 1766 4944 θρασυνθῇ

1882 4876 2214 4930 recensere?
2249 4875 2431 4941 Qualis
2462 4890 2590 4942 ergo
2616 4874 2870 4927 curriculi
2922 4872 3102 4927 fatalis
3145 4883 3322 4927 motus
3350 4884 3432 4928 ta-

178 4974 321 5027 οὖτε
351 4969 493 5021 λέων
534 4970 791 5021 δειλιάσει
815 4970 859 4999 ²⁹
881 5010 894 5030 ,
923 4970 1031 5021 οὐδ’
1068 4968 1194 5021 ἄλλο
1219 4984 1272 5018 τι
1305 4966 1403 5035 τῆς
1442 4966 1582 5019 κατὰ
1616 4967 1774 5033 γένος

179 5068 291 5117 καὶ
320 5060 711 5131 προσηκούσης
741 5060 888 5130 αὐτῷ
910 5060 1187 5127 ἐνεργείας
1208 5057 1307 5127 τὴν
1338 5058 1518 5126 φυγὴν
1551 5057 1773 5126 μελετή-

176 5171 342 5208 σειεν
364 5193 379 5215 ,
434 5152 548 5203 ἀλλ’
588 5151 817 5203 ἕκαστον
847 5151 1001 5218 γένος
1030 5151 1147 5203 ὅλον
1198 5150 1385 5217 ὅμοιον
1410 5185 1426 5209 ,
1461 5147 1620 5215 μόνον
1644 5147 1687 5177 ³⁰
1715 5148 1771 5199 δὲ

1884 4966 1949 5020 lis
1980 4975 2036 5018 ut
2065 4974 2226 5026 esset,
2253 4980 2419 5034 genus
2448 4966 2722 5033 quodlibet
2759 4964 2937 5017 effecit
2965 4964 2988 5017 ἲ
3022 4980 3118 5018 cur
3164 4979 3290 5019 vero
3314 4965 3437 5017 uni-

1881 5071 2093 5110 versum
2118 5071 2285 5123 genus
2320 5055 2579 5119 ejusmodi
2613 5066 2714 5117 est,
2745 5063 2803 5108 ut
2831 5068 3004 5122 neque
3033 5053 3183 5124 lepus
3217 5054 3434 5113 audeat.

1880 5160 2053 5214 neque
2085 5146 2167 5199 leo
2195 5156 2399 5213 paveat,
2426 5162 2595 5213 neque
2617 5147 2757 5200 aliud
2782 5146 2943 5201 ullum
2961 5146 3178 5210 animal,
3200 5147 3435 5199 innatam

172 5249 315 5308 ταῖς
345 5243 675 5314 μεταϐολαῖς
698 5243 757 5296 τὸ
776 5244 885 5295 τῶν
912 5242 1212 5311 ἀνθρώπων
1233 5240 1388 5307 γένος
1411 5238 1766 5305 ποικίλλεται;

1879 5254 1975 5292 suo
2004 5240 2185 5305 generi
2219 5238 2585 5305 operationem
2610 5238 2779 5292 vitare
2819 5248 3042 5293 conetur
3069 5253 3085 5302 ;
3118 5237 3210 5292 sed
3241 5253 3433 5291 unum-

1513 5424 1746 5480 VARIE
1788 5422 2193 5478 LECTIONES.

269 5521 320 5551 ”
346 5520 611 5588 δίκταμο;
632 5520 671 5571 C
701 5538 759 5584 ς.
840 5523 883 5552 ’⁸
908 5520 1117 5573 τοιοῦτο
1137 5523 1197 5571 Λ.
1276 5521 1321 5552 ’⁸
1348 5519 1473 5572 ἄλλο
1494 5537 1545 5571 τι
1574 5522 1615 5571 Α
1651 5537 1661 5569 :
1695 5522 1742 5580 ὅ,
1766 5536 1817 5568 τι
1850 5536 1908 5580 ς.
1943 5586 1949 5588 _
1988 5518 2030 5547 ’⁷
2054 5518 2309 5587 ἁρμόττει
2329 5524 2369 5571 Λ
2394 5539 2404 5571 ;
2431 5520 2718 5588 ἀρμολογεί
2740 5538 2797 5583 ς.
2874 5521 2916 5550 ¹¹¹
2939 5520 3107 5588 ἐτέρῳ
3135 5516 3387 5572 Schotttls

171 5591 326 5647 libri
355 5586 545 5659 ἑτέρα.
623 5592 666 5620 ¹⁹
698 5591 941 5661 δειλιάσῃ
973 5607 1031 5653 ς.
1110 5592 1153 5621 ³ο
1191 5590 1352 5660 μόνον
1414 5590 1669 5644 Scitottus
1702 5608 1714 5641 :
1744 5588 1862 5641 libri
1886 5586 2096 5656 μόναις.

1690 5699 1919 5756 ΝΟΤᾹΞ.

272 5798 390 5865 (fit!)
432 5794 575 5869 Lege
616 5799 868 5863 Plinium,
904 5800 991 5856 lib.
1033 5816 1178 5865 utv,
1203 5815 1317 5868 cap.
1359 5800 1441 5865 l7,
1469 5808 1520 5855 et
1561 5797 1759 5853 .‘Elian.
1802 5796 1875 5852 Dc
1901 5798 2118 5851 animal.
2154 5795 2242 5850 lib.
2277 5811 2381 5859 MV,
2410 5811 2527 5862 cap.
2558 5796 2639 5849 27.
