4208 6448
785 426 894 490 855

1930 421 2187 482 ΡΠΟΤΙΙ
2213 419 2715 481 PATRIARCILE
2741 424 2846 485 CP.

3894 433 3997 499 856

784 538 1033 608 quodque
1067 550 1233 606 genus
1275 544 1443 590 totum
1493 535 1719 591 inlorme
1765 535 1857 601 sit,
1904 535 2155 604 solusque
2186 538 2344 589 homo
2372 536 2416 593 Α

2342 560 2344 577 ι
2372 536 2416 593 Α
2446 534 2493 585 εἰ
2522 534 2567 585 δ’
2612 536 2643 602 ή
2689 536 2899 601 γένεσις
2934 536 3162 589 ἕκαστον
3187 538 3337 605 γένος
3367 541 3424 593 ἐν
3455 540 3531 610 τῷ
3558 544 3745 614 οἰκείῳ
3774 546 3873 615 τῆς
3906 550 4004 615 φύς-

786 628 1173 683 mutationibus
1193 626 1466 681 varietur?
1498 626 1647 691 Quod
1675 625 1719 681 si
1752 641 1847 695 per
1888 628 2125 697 genesim
2150 642 2341 679 unum.

787 730 1033 789 quoaque
1057 732 1224 787 genus
1254 718 1306 771 in
1336 717 1550 786 proprio
1575 727 1778 771 natum
1812 731 1961 771 more
1986 718 2183 786 ubique
2215 732 2343 770 con-

788 822 1051 873 servatur,
1085 810 1354 879 quomodo
1383 810 1712 863 contrarium
1749 810 1801 863 in
1834 808 2141 863 hominibus
2184 823 2343 877 repe—

790 906 928 959 ritur
949 904 972 957 ?
992 904 1201 959 Etenim
1235 904 1285 957 in
1314 917 1379 956 eo
1409 902 1668 955 timiditas
1693 911 1747 956 et
1777 902 2025 967 audacia,
2060 901 2336 956 iracundia

791 1006 846 1049 et
872 995 1242 1058 mansuetudo,
1271 992 1589 1062 improbitas
1632 1002 1685 1047 et
1739 991 2001 1061 probitas,
2057 994 2345 1057 omniaque

791 1086 924 1141 adeo
949 1085 1242 1140 contraria.
1281 1082 1381 1139 Ubi
1406 1094 1486 1138 est
1508 1082 1775 1155 igiturille
1809 1098 2066 1153 geneseos
2105 1084 2340 1138 cursus?

2446 640 2579 686 σεως
2627 624 2746 693 ήοει
2798 626 3070 695 πανταχοῦ
3097 628 3347 693 διασώζει
3388 672 3402 697 ,
3432 634 3548 695 πῶς
3595 635 3653 686 ἐν
3697 635 4004 705 ἀνθρώποις

2442 714 2746 767 τούναντίον
2796 716 3141 785 εὑρίσκεται;
3177 719 3405 789 καὶγὰρ
3453 721 3625 776 δειλία
3659 725 3751 776 καὶ
3799 724 4003 793 θρασύ-

2442 822 2539 873 της
2560 847 2573 869 ,
2610 807 2780 875 θυμὸς
2804 810 2896 861 καὶ
2928 810 3167 879 πραότης
3187 852 3199 874 ,
3231 817 3534 885 κακουργία
3560 816 3651 867 καὶ
3681 820 4003 887 χρηστότης,

2444 901 2538 951 καὶ
2570 901 2828 953 τάναντία
2856 902 3050 956 πάντα.
3088 902 3196 955 Ποῦ
3244 900 3333 957 οὖν
3363 906 3391 957 6
3423 907 3519 976 τῆς
3568 910 3838 975 γενέσεως
3893 910 4008 979 6.96-

2449 1008 2579 1059 μος;
2613 993 2711 1061 οὐχ
2741 994 2879 1046 ἐπτά
2913 994 2961 1045 οἱ
3011 994 3279 1065 πλάνητες
3326 1000 3419 1048 καὶ
3465 997 3630 1060 ζὼδια
3680 1000 3926 1062 δώδεκα;
3957 1003 4007 1050 τί

2446 1082 2507 1150 δή
2542 1084 2657 1135 ποτ’
2691 1084 2784 1137 οῦν
2814 1086 2925 1147 τοῖς
2964 1085 3269 1155 ἀνθρώποις
3300 1088 3537 1158 παρέσχε
3571 1090 3762 1141 παθῶν
3804 1108 3865 1142 τε
3891 1108 4007 1142 τοσ-

794 1179 884 1233 ubi
932 1190 1133 1247 septem
1175 1177 1420 1247 planetae,
1471 1167 1847 1231 et'duodecim
1894 1176 2098 1230 zodiaci
2152 1176 2349 1243 signa?
2450 1194 2456 1224 4

2348 1184 2349 1195 ‘
2450 1174 2620 1243 αύτην
2650 1178 2743 1228 καὶ
2776 1176 3223 1247 ἐπιτηδευμάτων
3244 1180 3505 1249 διαφορὰν
3525 1223 3540 1246 ,
3582 1184 3692 1244 τοῖς
3720 1182 3775 1233 δὲ
3807 1182 4010 1244 λοιποῖς

796 1271 930 1337 Quid
965 1272 1180 1325 tandem
1206 1271 1513 1325 hominibus
1548 1280 1748 1324 tantam
1778 1270 1979 1337 prmbet
2002 1268 2347 1322 alIectionum

796 1364 1200 1431 studiorumque
1230 1362 1561 1421 varietatem,
1601 1361 1813 1415 ezeteris
1843 1376 1943 1413 non
1969 1360 2352 1412 item?Asiuus

796 1452 939 1507 enim
970 1452 1166 1519 ubique
1198 1466 1361 1505 onera
1398 1462 1589 1520 gestat,
1625 1452 1864 1520 pardalis
1901 1466 2061 1516 rapax
2122 1458 2224 1513 est,
2250 1464 2353 1501 ca:-

799 1550 1019 1611 teraque
1046 1543 1243 1611 speciei
1274 1558 1382 1596 suae
1412 1545 1654 1596 ordinem
1687 1551 1924 1595 servant.
1966 1541 2163 1594 Eodem
2196 1556 2350 1609 pror-

799 1648 892 1689 sus
925 1635 1081 1687 modo
1128 1644 1183 1689 et
1233 1649 1350 1703 qua:
1407 1635 1576 1687 brutis
1627 1634 1991 1687 animantibus
2058 1632 2352 1685 secundum

798 1724 1063 1793 cujusque
1100 1726 1333 1793 speciem
1367 1725 1505 1778 inest
1534 1737 1744 1790 natura,
1781 1739 1900 1777 cum
1929 1723 2190 1792 genesim,
2241 1731 2351 1773 tum

800 1815 1023 1869 circiter
1052 1830 1169 1869 eam
1218 1818 1526 1869 exorientes
1568 1815 1775 1879 stellas,
1828 1828 2153 1881 omnemque
2204 1812 2349 1865 illam

2449 1273 2664 1333 ούκέτις
2707 1273 2867 1327 Ἀλλὰ
2907 1273 3177 1343 πανταχοῦ
3219 1275 3315 1343 μὲν
3361 1275 3478 1337 ὄνος
3506 1274 3831 1345 ἀχθοφορεῖ,
3882 1280 4015 1344 πάρ-

2452 1356 2597 1417 δαλις
2622 1357 2677 1408 δὲ
2708 1356 2943 1426 ἁρπάζει
2960 1398 2973 1422 ,
3008 1360 3100 1411 καὶ
3126 1358 3192 1408 τά
3229 1359 3364 1411 ἀλλα
3384 1359 3475 1410 τοῦ
3500 1359 3671 1421 εἴδους
3696 1360 3788 1411 τὸν
3827 1361 4017 1429 εἱρμὸν

2456 1450 2708 1517 συντηρεῑ
2729 1448 2927 1517 ὁμοίως
2953 1490 2967 1513 ,
2999 1450 3093 1502 καὶ
3125 1452 3247 1518 νικᾷ
3277 1450 3384 1501 τῶν
3412 1450 3621 1517 ἀλόγων
3657 1450 3812 1513 ζώων
3831 1453 3863 1519 ὴ
3902 1453 4017 1504 κατ’

2454 1534 2591 1601 εἶδος
2612 1539 2771 1605 φύσις
2793 1541 2891 1609 τήν
2918 1558 2973 1593 τε
3002 1541 3212 1607 γένεσιν
3239 1541 3333 1593 καὶ
3358 1543 3483 1602 τοὺς
3514 1543 4019 1611 παρανατέλλοντας

2456 1631 2550 1683 καὶ
2600 1630 2777 1682 πάντα
2818 1631 2908 1683 τὸν
2949 1632 3160 1699 μακρὸν
3191 1632 3395 1683 ἐκεῖνον
3437 1631 3600 1701 λῆρον
3621 1633 3686 1684 ⁸¹.
3718 1632 3831 1684 Ποῦ
3864 1633 3973 1702 γάρ
3994 1635 4022 1683 6

2460 1724 2662 1791 ’Ᾱρης;
2714 1722 2857 1784 τίνος
2911 1722 3019 1774 τῶν
3058 1722 3265 1789 ἀλόγων
3312 1721 3515 1775 ὥπλισε
3564 1723 3703 1792 ξίφει
3740 1723 4020 1791 δεξιάν,ῆ

2459 1814 2665 1885 θώρακι
2697 1815 2756 1865 τὸ
2788 1813 2966 1883 σῶμα,
2994 1812 3026 1882 ἢ
3068 1814 3259 1881 κράνει
3289 1813 3383 1883 τὴν
3414 1814 3653 1883 κεφαλὴν
3688 1814 4024 1881 ἠσφαλίσατο

798 1906 1013 1977 longam
1043 1908 1322 1963 domorum
1343 1909 1635 1962 sortionem
1665 1909 1851 1962 vineit.
1893 1905 1991 1961 Ubi
2020 1907 2160 1959 enim
2182 1904 2355 1958 Mars?
2382 1880 2427 1939 Β
2456 1926 2460 1935 -

2382 1880 2427 1939 Β
2456 1907 2487 1976 ἢ
2519 1880 2732 1976 κνήμας
2767 1906 2799 1976 ἢ
2827 1880 3025 1968 πόδαςξ
3060 1880 3135 1957 Ού
3168 1904 3273 1973 γάρ
3302 1880 3723 1966 λύκουςῶπλισε
3765 1904 3908 1955 κατὰ
3937 1904 4024 1955 λύ-

797 1998 1077 2065 cuiusnam
1111 2000 1250 2054 bruti
1278 2001 1565 2053 animantis
1590 1999 1866 2053 dexteram
1897 1998 2074 2068 gladio
2102 1997 2353 2059 armavit,

796 2086 883 2142 vel
920 2103 1115 2157 corpus
1144 2089 1307 2143 lorica
1339 2089 1592 2151 texit,vel
1622 2090 1773 2159 galea
1811 2100 1972 2159 caput
2006 2100 2211 2143 tutatus
2250 2097 2351 2150 est,

795 2189 889 2235 aut
915 2195 1072 2235 crura
1107 2193 1196 2236 aut
1231 2182 1437 2250 pedes?
1468 2181 1575 2239 Nec
1608 2185 1749 2237 enim
1774 2184 1956 2253 lupum
1983 2184 2034 2236 in
2060 2184 2242 2251 lupum
2273 2196 2357 2234 ar—

795 2275 983 2337 mavit.
1022 2291 1193 2345 neque
1213 2276 1422 2331 leonum
1452 2293 1685 2347 unquam
1715 2277 1860 2330 acies
1892 2279 2029 2329 inter
2050 2293 2107 2331 se
2128 2277 2357 2331 commi-

794 2368 884 2422 sit.
920 2369 1048 2434 Quis
1074 2377 1250 2423 autem
1281 2385 1707 2425 commemorare
1738 2373 1971 2431 studeat,
1997 2386 2115 2437 qua:
2165 2384 2355 2422 recen-

793 2470 915 2513 sere
963 2468 1125 2528 queat
1154 2475 1311 2513 nemo
1345 2459 1369 2513 ?
1407 2459 1461 2513 Si
1486 2461 1627 2514 enim
1654 2460 1785 2514 nihil
1814 2470 1965 2513 extra
2004 2460 2239 2528 genesim
2277 2460 2353 2520 lit,

794 2553 1065 2618 quomodo
1089 2551 1288 2604 nullum
1316 2554 1484 2618 sidus,
1518 2568 1623 2606 non
1658 2566 1848 2606 errans
1876 2552 2049 2614 stella,
2085 2550 2353 2619 nonjuxta

795 2642 989 2696 alicubi
1044 2643 1315 2705 exoriens,
1366 2660 1469 2697 non
1509 2644 1753 2715 signiferi
1800 2646 2009 2713 signum
2060 2646 2173 2699 hac
2227 2658 2355 2698 con-

793 2733 992 2798 genitis
1012 2734 1184 2788 brutis
1217 2735 1439 2803 pra'bet,
1476 2750 1595 2803 qua:
1625 2749 1748 2789 cum
1784 2736 2001 2789 homine
2048 2737 2354 2790 communi-

792 2826 938 2881 cavit
964 2826 988 2879 ?
1026 2841 1130 2881 non
1170 2827 1455 2880 textoriam
1486 2838 1681 2892 artem,
1705 2842 1811 2881 non
1834 2827 2148 2881 ferrariam:
2180 2842 2356 2897 neque

794 2917 929 2971 alios
961 2917 1179 2985 quidem
1210 2918 1499 2987 magistros
1538 2918 1661 2972 aliis
1688 2918 1781 2986 qui
1809 2916 1877 2971 ab
1899 2916 2138 2983 ejusdem
2156 2920 2354 2987 speciei

794 3006 963 3061 sociis
997 3006 1271 3061 discerent
1328 3006 1659 3061 constituit?
1695 3006 1751 3061 Si
1792 3006 1913 3075 quis
1946 3006 2084 3059 forte
2126 3023 2155 3060 a
2200 3008 2354 3061 nobis

792 3096 974 3150 doceri
1013 3098 1266 3150 animalia
1294 3098 1604 3163 contendat,
1637 3098 1871 3167 primum
1914 3098 2131 3167 quidem
2180 3113 2350 3165 pauca

2457 2017 2601 2063 κων,
2656 1998 2778 2051 οὑδέ
2826 1998 3059 2050 λεόντων
3109 1997 3469 2066 συνεκρότησε
3512 1996 3815 2065 φάλαγγας.
3868 1996 4025 2048 Ἀ).λὰ

2454 2088 2535 2149 τίς
2567 2086 2815 2151 διεξιέναι
2844 2088 3171 2157 φιλονεικοίη
3199 2088 3267 2139 τὰ
3296 2088 3633 2157 ἀδιεξίτητας
3659 2089 3703 2139 εί
3733 2088 3843 2157 γάρ
3873 2088 4025 2139 οὐδὲν

2454 2180 2605 2240 ἐκτὸς
2632 2181 2927 2246 γενέσεως,
2974 2180 3091 2242 πῶς
3122 2181 3294 2241 οὐδεὶς
3325 2181 3497 2250 ἀστὴρ
3518 2221 3532 2243 ,
3574 2181 3635 2231 οὐ
3671 2178 3881 2248 πλάνης
3902 2219 3918 2241 ,
3967 2180 4026 2232 ού

2457 2269 2907 2339 παρανατέλλων,
2932 2272 2991 2323 οὐ
3008 2272 3196 2333 ζώδιον
3234 2271 3405 2324 ταῦτα
3436 2274 3547 2333 τοῖς
3582 2271 3882 2340 ὁμοφυὲσιν
3912 2270 4029 2322 ἀλό-

2457 2377 2571 2427 γοις
2613 2360 2883 2429 παρέχει,
2918 2356 2998 2423 οἷς
3021 2360 3110 2413 τὸν
3148 2360 3429 2431 ἄνθρωπον
3478 2360 3885 2429 κατεμέρισεν;
3931 2360 4027 2427 οὐκ

2456 2451 2753 2518 ὑφαντικὴν
2772 2494 2786 2515 ,
2818 2453 2878 2505 ού
2905 2452 3299 2522 χαλκευτικήν;
3327 2452 3387 2505 οὐ
3412 2452 3519 2504 τῶν
3546 2453 3641 2521 μὲν
3667 2453 3745 2513 είς
3775 2450 4029 2503 διδασκά-

2457 2544 2579 2607 λους
2605 2585 2620 2608 ,
2674 2546 2800 2608 τοὺς
2829 2544 2887 2599 δέ
2924 2547 3073 2616 παρά
3113 2546 3220 2598 τῶν
3266 2546 3523 2615 ὁμοειδῶν
3576 2544 3871 2614 μανθάνειν
3906 2561 4030 2595 συν-

2458 2636 2724 2705 έστησενς
2780 2638 2825 2689 εί
2880 2638 2936 2690 δέ
2998 2654 3081 2699 τις
3104 2637 3418 2705 παρ’ήμῶν
3466 2636 3808 2689 διδάσκεσθαι
3861 2636 4031 2687 ταῦτα

2457 2728 2607 2798 ἐρεῖ,
2643 2729 2857 2797 πρῶτον
2891 2729 2988 2797 μὲν
3010 2729 3167 2795 ὀλίγα
3192 2728 3353 2792 δείξει
3372 2768 3387 2792 ,
3417 2730 3508 2780 καὶ
3534 2728 3619 2779 διὰ
3647 2727 3697 2778 τί
3724 2726 3798 2795 μὴ
3832 2726 4031 2786 πάντα,

2460 2819 2620 2872 πλέον
2648 2822 2935 2891 ἀπορήσειο
2955 2818 3203 2888 δεύτερον
3235 2820 3353 2889 οὐχὶ
3385 2820 3459 2890 νῷ
3492 2820 3583 2871 καὶ
3617 2819 3901 2888 ἐπιστήμῃ
3932 2819 4034 2870 ῶσ-

2459 2928 2561 2981 περ
2582 2912 2883 2982 ἄνθρωπος,
2905 2912 3021 2966 ἀλλ’
3037 2912 3220 2981 ἀπάτῃ
3247 2913 3279 2982 ἢ
3309 2911 3455 2979 φόϐῳ
3476 2911 3816 2972 διδάσκεται,
3844 2910 4034 2978 ῶσπερ

2460 3003 2609 3055 κύων
2633 3003 2969 3071 τυπτόμενος
2998 3003 3030 3072 ἢ
3065 3003 3293 3072 πίθηκος
3322 3002 3352 3070 ἢ
3378 3003 3540 3063 ἵππος
3562 3003 3717 3069 τηρεῖ
3736 3002 3804 3052 τὰ
3826 3000 4034 3051 δεικνύ-

2462 3112 2597 3162 μενα
2624 3136 2637 3157 ,
2662 3096 2759 3163 ούχ
2795 3094 2875 3146 ὅτι
2903 3094 3075 3147 ταῦτα
3099 3093 3174 3162 τῷ
3203 3094 3435 3162 δεσπότῃ
3460 3094 3704 3161 χρήσιμα
3725 3092 3865 3143 νοῶν
3883 3133 3897 3156 ,
3928 3090 4035 3143 ἀλλ’

792 3187 1055 3254 ejusmodi
1081 3187 1350 3250 ostendet,
1380 3196 1437 3241 et
1465 3203 1562 3242 cur
1592 3204 1693 3242 non
1732 3189 1896 3243 etiam
1921 3190 2099 3244 omnia
2130 3188 2355 3244 docean-
2385 3212 2427 3270 ο

2385 3212 2427 3270 C
2460 3186 2541 3237 ὅτι
2578 3184 2653 3255 μὴ
2700 3184 2872 3237 ποιῶν
2903 3185 3187 3237 τύπτεται.
3230 3185 3339 3237 Καὶ
3374 3184 3636 3252 ψιττακὸς
3671 3183 4034 3250 ἀπατώμενος

797 3287 902 3341 tur,
951 3276 1219 3333 diliicilius
1263 3280 1369 3332 erit
1411 3278 1810 3333 demonstrare.
1855 3279 2055 3334 Deinde
2088 3298 2356 3351 nunquam

795 3381 976 3424 mente
1000 3378 1095 3423 aut
1125 3368 1502 3438 intelligentia,
1546 3371 1997 3439 quemadmodum
2025 3372 2183 3427 homo
2216 3392 2230 3441 ;
2267 3377 2360 3431 sed

802 3461 990 3515 fraude
1016 3460 1098 3515 vel
1134 3462 1327 3515 timore
1374 3461 1630 3514 animalia
1664 3461 1945 3517 docentur.
1996 3462 2359 3526 Quemadmo-

797 3552 919 3603 dum
966 3551 1140 3616 canis,
1181 3550 1264 3603 vel
1320 3551 1500 3613 simia,
1561 3552 1668 3605 vel'
1703 3567 1898 3621 equus,
1949 3556 1991 3608 si
2047 3556 2360 3611 verberibus

798 3652 1134 3703 coerceatur,
1168 3656 1227 3691 ca
1261 3656 1383 3709 quae
1407 3652 1620 3696 ostensa
1656 3643 1729 3696 illi
1759 3655 1883 3697 sunt
1915 3648 2204 3700 observat:
2248 3663 2351 3702 non

797 3730 941 3798 quod
972 3730 1083 3783 haec
1131 3730 1328 3801 216a
1364 3732 1582 3785 domino
1611 3732 1761 3786 utilia
1800 3732 1915 3788 fore
1947 3738 2241 3802 existimet,
2269 3740 2361 3793 sed

798 3822 940 3889 quod
971 3822 1227 3885 cedatur,
1263 3822 1314 3875 ni
1350 3820 1535 3877 faciat.
1575 3822 1843 3879 Psittacus
1876 3840 2089 3895 quoque
2128 3839 2248 3883 astu
2272 3831 2363 3884 de—

2464 3280 2743 3346 μιμεῖται·
2777 3276 3028 3347 ἐσόπτρῳ
3062 3275 3171 3346 γάρ
3222 3274 3611 3344 παρακειμένῳ
3659 3273 3756 3343 τὴν
3806 3273 4036 3343 μίμησιν

2460 3370 2770 3423 κλέπτεται.
2828 3369 3195 3430 Λανθάνοντες
3254 3368 3361 3436 γὰρ
3414 3366 3635 3419 δπισθεν
3671 3366 3903 3419 λαλοῦσι
3948 3366 4036 3418 τοῦ

2462 3459 2861 3529 παρατεθέντος
2890 3461 3156 3529 ἐσόπτρου
3180 3498 3195 3525 ,
3226 3457 3264 3511 ἃ
3295 3457 3585 3526 μανθάνειν
3627 3457 3877 3519 ἐκείνους
3924 3458 4039 3526 βούσ-

2462 3552 2673 3602 λονταιο
2702 3553 2730 3603 6
2774 3550 2828 3603 δὲ
2873 3551 3129 3619 ψιττακὸς
3176 3548 3334 3602 ἀλλον
3372 3548 3540 3599 δοκῶν
3584 3548 3715 3616 όρᾷν
3769 3548 4035 3616 ψιττακὺν

2465 3640 2681 3691 σπεύδει
2716 3640 2854 3710 πρὸς
2905 3639 3138 3709 μίμησιν
3170 3637 3280 3688 τῶν
3323 3636 3526 3687 ἐκείνου
3568 3638 3797 3702 φωνῶνζ,
3840 3638 3903 3688 οὐ
3941 3637 4039 3687 τῶν

2463 3731 2775 3801 λεγομένων
2810 3732 2947 3799 ἔχων
2976 3730 3194 3799 νόησιν*
3231 3730 3409 3781 πάντα
3440 3728 3547 3795 γὰρ
3595 3728 3658 3780 ἀν
3676 3729 3719 3757 ³“
3761 3729 4040 3798 ἐνάρθρως

2466 3825 2763 3892 ἐμάνθανε.
2792 3824 2901 3877 Καὶ
2938 3822 3043 3894 μὴν
3086 3824 3183 3876 καὶ
3230 3822 3494 3890 ψιττακὸς
3550 3820 3748 3887 μόνος,
3799 3822 3918 3873 ἀλλ’
3950 3824 4040 3873 οῦκ

798 3920 985 3979 ceptus
1038 3909 1353 3982 [humanam
1420 3912 1635 3985 vocem]
1673 3914 1937 3980 imitatur,
1992 3917 2209 3981 quando
2270 3934 2366 3987 per

2467 3917 2621 3977 ἀετὸς
2650 3915 2769 3967 οὐδὲ
2790 3915 2857 3967 τὰ
2884 3912 3017 3968 ἄλλα
3045 3914 3153 3966 τῶν
3178 3914 3332 3976 ζώων
3360 3914 3429 3965 τά
3460 3915 3669 3964 ἐκείνου
3700 3911 4036 3983 διδάσκεται.

801 4000 1076 4067 speculum
1124 4002 1426 4070 appOsitum
1471 4018 1575 4055 non
1609 4003 2003 4059 animadvertit
2032 4020 2190 4074 quem
2239 4008 2362 4061 imi-

800 4101 963 4147 tetur.
994 4092 1251 4147 Clanculo
1269 4094 1411 4146 enim
1444 4105 1563 4163 post
1592 4096 1875 4163 speculum
1914 4097 2055 4165 quod
2086 4097 2355 4168 objectum

798 4196 881 4239 est
910 4185 1216 4254 loquuntur,
1254 4200 1371 4251 qua:
1409 4187 1621 4241 discere
1672 4187 1819 4256 ipsos
1853 4188 2111 4256 cupiunt:
2168 4191 2363 4257 psitta-

798 4292 894 4330 cus
935 4291 1085 4338 vero,
1117 4286 1267 4331 ratus
1298 4291 1357 4329 se
1399 4277 1561 4330 alium
1594 4277 1884 4346 psittacum
1944 4280 2147 4345 videre,
2200 4296 2365 4333 voces

799 4365 917 4420 illas
948 4366 1257 4431 exprimere
1281 4376 1528 4431 conatur,
1567 4368 1698 4422 nihil
1726 4369 1943 4423 interim
1972 4386 2090 4437 qua:
2112 4373 2366 4425 dicuntur

800 4456 1131 4525 intelligens,
1164 4471 1289 4509 cum
1312 4457 1493 4511 omnia
1524 4459 1810 4513 articulate
1839 4460 2109 4515 didicerit.
2143 4462 2207 4516 Et
2234 4479 2361 4517 vero

2479 4006 2636 4058 ’Λλλὰ
2668 4008 2759 4057 καὶ
2793 4006 2909 4067 πῶς
2940 4005 3038 4057 οὐκ
3068 4004 3201 4057 αὐτὸ
3242 4001 3398 4056 τοῦτο
3447 4002 3606 4056 πάλιν
3640 4000 3791 4069 παρά
3820 4000 3918 4051 τὸν
3950 4000 4042 4064 τῆς

2466 4100 2730 4166 γενέσεως
2760 4096 2960 4165 νόμον;
3006 4096 3175 4163 ἄλογα
3215 4094 3325 4163 γὰρ
3371 4093 3555 4160 ἐκείνη
3611 4091 3680 4143 τὰ
3733 4090 3833 4143 ὅλα
3856 4091 3903 4134 ³-³
3937 4090 4041 4154 ζῶα

2470 4191 2613 4241 ποιεῖ
2638 4228 2652 4250 ,
2686 4188 2925 4240 διδάσκει
2957 4186 3012 4239 δὲ
3032 4186 3208 4239 αὐτῶν
3232 4188 3259 4237 6
3289 4185 3574 4253 ἅνθρωπος
3607 4183 3719 4235 ἔνια
3738 4226 3753 4248 ,
3792 4185 3893 4236 καὶ
3929 4186 4043 4251 νικᾷ

2466 4286 2567 4353 τῆς
2593 4284 2861 4350 γενέσεως
2882 4281 3005 4345 τοὺς
3034 4282 3193 4349 ὅρους
3220 4282 3247 4331 6
3283 4279 3549 4349 μηδέποτε
3576 4278 3783 4331 τούτων
3815 4279 4041 4331 ἀπολυό-

2468 4392 2647 4444 μενος.
2699 4374 2760 4426 Εἰ
2799 4374 2853 4426 δέ
2904 4373 3136 4435 καὶτὰς
3188 4370 3443 4441 μελίττας
3484 4370 3756 4422 διδάσκειν
3808 4372 4042 4438 ἀλλήλας

2466 4467 2653 4530 φαῖεν,
2708 4459 2986 4513 κάνταῦθα
3034 4459 3093 4511 τὺ
3140 4458 3330 4528 ψεῦδος
3374 4461 3678 4528 ἐτίμησαν·
3716 4460 3783 4510 ἐκ
3828 4459 4043 4525 φύσεως

798 4548 947 4604 solus
995 4550 1279 4618 psittacus,
1337 4564 1445 4603 non
1497 4560 1673 4603 autem
1723 4551 1922 4621 aquila,
1988 4568 2162 4621 neque
2219 4555 2361 4607 aliud
2396 4525 2439 4578 θ

2396 4525 2439 4578 ί)
2473 4525 2604 4624 ιάρ,
2640 4554 2765 4625 [355
2802 4551 2894 4623 ιι]
2929 4525 3166 4605 ἀλλὀὐκ
3212 4552 3319 4605 ἀπὸ
3371 4525 3563 4621 am
3611 4551 3911 4621 ἐργάζεται
3953 4555 4039 4621 μὲ-

799 4641 965 4694 ullum
1013 4641 1213 4694 animal
1266 4641 1345 4695 sic
1376 4642 1621 4695 docetur.
1699 4642 1767 4696 At
1796 4646 2067 4711 quomodo
2099 4662 2202 4699 nou
2236 4646 2364 4698 illud

801 4746 1014 4784 rursum
1049 4739 1234 4784 contra
1274 4732 1489 4799 genesis
1528 4732 1717 4798 legem,
1755 4735 1897 4803 quod
1926 4750 2045 4789 cum
2086 4739 2198 4791 haec
2254 4752 2365 4790 cae-

801 4832 917 4877 tera
965 4824 1217 4879 animalia
1278 4826 1487 4878 ratione
1533 4826 1786 4879 destituta
1838 4828 2124 4897 producat,
2172 4844 2362 4883 eorum

803 4924 978 4969 tamen
1014 4915 1193 4985 aliqua
1216 4915 1283 4970 ab
1330 4916 1637 4972 hominibus
1684 4920 2002 4982 doceantur,
2039 4932 2364 4989 superetque

800 5022 1060 5077 geneseos
1102 5009 1363 5062 terminos
1411 5007 1457 5061 is
1507 5009 1598 5077 qui
1635 5024 1905 5076 nunquam
1954 5010 2111 5078 hujus
2158 5011 2363 5079 legibus

798 5084 1044 5152 solvitur.
1085 5099 1139 5154 Si
1187 5114 1313 5154 vero
1344 5099 1506 5153 etiam
1567 5115 1696 5167 apes
1727 5102 1794 5154 ab
1823 5101 2051 5154 invicem
2079 5102 2255 5155 doceri
2281 5105 2362 5156 di-

798 5190 1001 5255 xerint,
1050 5190 1104 5244 in
1139 5191 1221 5244 his
1261 5206 1475 5260 quoque
1530 5190 1721 5245 falsum
1776 5201 2027 5246 tuentur:
2088 5207 2117 5246 a
2166 5206 2355 5247 natura

798 5284 965 5347 enim,
1023 5299 1128 5337 non
1169 5284 1235 5339 ab
1262 5294 1379 5338 arte
1413 5295 1668 5353 operatur
1717 5286 1852 5353 apis.
1919 5286 2241 5356 Quanquam
2279 5288 2356 5341 sic

798 5374 961 5427 etiam
1016 5373 1299 5428 diﬂicultas
1350 5386 1633 5442 augeatur.
1676 5376 1786 5431 Cur
1844 5377 1988 5430 enim
2022 5394 2197 5447 neque
2251 5380 2351 5432 alia

799 5466 854 5519 in
888 5480 983 5519 suo
1017 5480 1243 5536 quaeque
1270 5482 1465 5531 genere
1488 5468 1627 5521 inter
1658 5483 1716 5521 se
1750 5477 1838 5520 aut
1874 5469 2087 5531 docent,
2130 5479 2225 5523 aut
2266 5472 2355 5523 do-

798 5558 1025 5613 centur?
1074 5558 1206 5625 Quis
1230 5559 1373 5613 enim
1406 5574 1597 5619 corvos
1628 5569 1719 5612 aut
1774 5558 2013 5613 vultures
2060 5560 2246 5615 volare
2270 5561 2358 5614 do-

2464 4649 2644 4698 λισσα.
2700 4645 2845 4711 Πλὴν
2896 4645 2991 4697 καὶ
3040 4643 3186 4696 οὔτω
3233 4644 3292 4695 τὸ
3335 4645 3537 4712 ἄπορον
3572 4643 3833 4706 αὒξεται·
3878 4645 3970 4697 δια
3997 4644 4043 4695 τί

2465 4740 2573 4805 γὰρ
2608 4737 2682 4807 μὴ
2711 4738 2803 4788 καὶ
2837 4735 2903 4787 τὰ
2937 4735 3072 4788 ἄλλα
3100 4734 3239 4787 κατά
3270 4735 3423 4801 γένος
3449 4734 3651 4804 ἄλληλα
3675 4736 3770 4787 καὶ
3800 4735 4044 4787 διδάσκει

2464 4829 2557 4880 καὶ
2591 4826 2935 4887 διδάσκεται;
2969 4824 3061 4885 Τίς
3092 4823 3149 4876 δέ
3188 4824 3426 4893 κόρακας
3456 4823 3548 4875 καὶ
3592 4822 3773 4889 γῦπας
3807 4823 4045 4886 ἐδίδαξεν

2467 4916 2725 4969 ἵπτασθαι
2750 4954 2766 4977 ,
2820 4912 2914 4977 οὓς
2955 4913 3074 4965 οὐδὲ
3106 4913 3325 4982 τρέφειν
3353 4912 3402 4963 oi
3441 4912 3835 4981 γεγεννηκότες
3869 4913 4043 4980 πεφύ-

2466 5027 2591 5061 κασι
2616 5027 2630 5071 ;
2657 5008 2786 5079 [685
2812 5004 2905 5075 IL]
2933 5006 3047 5067 πῶς
3077 5004 3123 5057 δ’
3154 5007 3212 5056 ἐν
3226 5005 3269 5035 ³⁸
3296 5004 3477 5066 αὐτοῖς
3496 5005 3538 5036 ³⁸
3566 5006 3803 5056 ἀπεῖπεν
3825 5007 3860 5073 ἡ
3895 5006 4046 5074 βασι-

2464 5102 2589 5162 λέας
2623 5100 2848 5150 ποιοίσα
2896 5098 2988 5149 καὶ
3038 5096 3303 5165 ἄρχοντας
3340 5094 3589 5161 γένεσιςς
3626 5095 3749 5147 οὔτε
3781 5096 3892 5164 γάρ
3926 5096 4044 5157 ὄνος

2460 5193 2597 5245 ὄνων
2639 5191 2761 5242 οὔτε
2798 5190 2975 5243 λύκων
3018 5187 3333 5239 ἐόασίλευσε
3369 5187 3530 5248 λύκος
3557 5204 3570 5215 ·
3603 5187 3722 5238 οὐδὲ
3750 5188 3778 5239 6
3807 5188 3911 5256 μὲν
3948 5189 4047 5240 αὑ-

2462 5284 2569 5336 τῶν
2602 5284 2857 5347 πένεται,
2890 5283 2917 5334 6
2945 5282 3000 5333 δὲ
3044 5280 3296 5333 πλουτεῖ·
3330 5280 3449 5331 οὐδέ
3482 5279 3590 5331 τῶν
3626 5279 3804 5330 ἄλλων
3857 5279 4043 5343 οὐδὲν,

2466 5372 2545 5439 οἷς
2567 5378 2627 5429 τὸ
2670 5376 3012 5447 ἀνθρώπινον
3047 5378 3199 5443 γένος
3239 5374 3685 5444 καταμερίξεται.
3718 5372 3830 5425 Ποῦ
3865 5372 3957 5425 οὖν
3990 5375 4046 5423 oi

2470 5470 2963 5538 παρανατέλλοντες
2988 5471 3081 5523 καὶ
3110 5471 3143 5539 ὴ
3177 5468 3387 5535 γένεσις
3422 5467 3513 5518 καὶ
3546 5465 3605 5517 τὸ
3631 5465 3741 5517 τῶν
3782 5464 4046 5517 ἀποτελε-

2472 5562 2693 5629 σμάτων
2718 5562 2905 5624 αὐτοῖς
2943 5561 3179 5631 πλῆθοςς
3222 5560 3256 5630 ἢ
3297 5559 3437 5613 κατά
3486 5558 3662 5629 μόνων
3701 5556 3813 5610 τῶν
3840 5556 4045 5609 ἀθλίων

2096 5677 2331 5732 VARI/IS
2359 5677 2762 5734 ιεατιοΝιεε.

1784 5773 1827 5804 ³⁸
1876 5773 1939 5826 ἂν

894 5772 932 5801 ³¹
962 5771 1126 5841 λῆρον
1166 5773 1251 5829 AC

1310 5792 1323 5828 :
1381 5774 1577 5843 κλῆρον
1624 5791 1683 5837 ς.

802 5838 847 5872 ³⁸
876 5838 1114 5905 ἐκείνους
1148 5860 1207 5907 ς.

2004 5782 2054 5827 ει
2116 5788 2237 5826 mox
2288 5770 2444 5824 τοῦτο
2505 5776 2625 5829 add.
2660 5777 2721 5827 Λ.

2836 5774 2877 5805 ³³
2912 5772 3033 5844 ὅλα]
3093 5772 3212 5828 libri
3265 5770 3413 5826 ἄλλα.
3534 5769 3579 5799 ³⁸
3606 5769 3665 5821 ἐν
3722 5768 3769 5821 Δ
3804 5783 3817 5817 ;
3850 5766 3919 5819 ἂν
3976 5781 4038 5827 ς.
