4208 6448
209 413 319 484 85Τ

1238 419 1753 480 BIBLIOTIIECA.
1777 442 1845 453 —
1874 417 2036 477 COD.
2061 419 2348 479 CCXXIII

3328 423 3436 491 858

217 529 523 603 ἀνθρώπων
551 532 610 583 τὸ
656 540 852 601 κρατοῖ
886 544 1182 604 πηρπασανς
1221 532 1397 585 καίτοι
1456 531 1563 583 τῶν
1608 530 1782 584 ἀλλων
1811 535 1856 591 Α

1772 546 1782 579 ο
1811 535 1856 591 Α
1884 531 2015 589 cuit,
2051 544 2187 597 quos
2222 546 2287 582 ne
2325 540 2570 597 parentes
2617 531 2830 600 quidem
2867 531 3010 585 alere
3042 531 3263 591 solent?
3289 534 3434 601 Quu-

214 622 375 687 ζώων
410 624 699 691 κράτιστον
730 623 1031 693 ἄνθρωπος.
1060 624 1171 675 Καὶ
1212 623 1320 690 γὰρ
1366 622 1458 673 καὶ
1484 620 1591 673 τῶν
1623 620 1781 672 δυναο

218 712 471 780 τωτέρων
499 713 706 765 συνέσει
732 716 950 783 κρατεῖ,
984 715 1075 767 καὶ
1098 713 1205 765 τῶν
1230 713 1538 780 ίπταμένων
1566 712 1656 762 ἐπὶ
1678 711 1780 777 γῆς

215 799 451 867 βαδίζων
484 802 670 869 κύριος
701 802 942 867 γίνεται,
979 802 1072 853 καὶ
1105 803 1171 853 τὰ
1226 803 1303 861 εἰς
1352 800 1509 867 βυθὸν
1557 799 1778 867 ἀγρεύει

213 892 521 959 νηχόμενα,
558 892 650 943 καὶ
694 892 880 956 ἁπλῶς
925 893 1138 945 πάντων
1178 892 1291 943 ἐστὶ
1316 890 1391 958 τῷ
1421 890 1562 959 λόγῳ
1586 891 1677 942 καὶ
1709 892 1775 959 τῇ

212 982 431 1035 συνέσει
472 985 875 1053 κραταιότερος.
927 984 1050 1045 Πῶς
1091 983 1182 1035 οὖν
1216 984 1248 1051 ἡ
1286 982 1494 1050 γένεσις
1543 982 1633 1033 τοῦ
1683 982 1780 1050 μὲν

212 1076 547 1145 κρατοῦντος
584 1081 798 1132 πάντων
832 1083 1051 1149 κρατεῖ,
1077 1080 1181 1131 τῶν
1210 1080 1253 1130 δ’
1286 1079 1377 1131 ὑπ’
1411 1079 1615 1130 ἐκείνου
1646 1095 1780 1149 κρα-

211 1168 496 1235 τουμένων
538 1170 727 1239 ἀρχειν
770 1172 868 1223 ούκ
924 1174 1173 1239 ἰσχυσενς
1211 1170 1322 1222 ἀλλ’
1354 1169 1427 1230 ὡς
1458 1170 1629 1229 ἔοικε,
1663 1168 1779 1221 κατ’

214 1260 525 1330 ἀνθρώπων
574 1262 711 1332 αὕτη
761 1263 910 1332 παρὰ
938 1264 1029 1315 τοῦ
1069 1264 1306 1332 πονηροῦ
1343 1262 1704 1331 προϐέϐληται
1744 1263 1776 1330 ή

218 1352 439 1420 μηχανὴ
464 1394 477 1411 ,
523 1354 609 1405 ἵνα
637 1353 695 1404 τὸ
719 1353 962 1405 εὐσεϐεῖν
988 1354 1079 1404 καὶ
1106 1353 1512 1420 δικαιοπραγεῖν
1537 1352 1779 1419 ἀνάγκης

215 1442 379 1510 ἔργον
406 1443 723 1511 νομίσαντες
753 1443 1151 1513 ἀλλοτριωθῶσι
1180 1442 1313 1495 Θεοῦ
1335 1484 1349 1507 ,
1381 1443 1474 1494 καὶ
1504 1442 1562 1493 rb
1591 1442 1783 1493 τάναν-

210 1533 302 1585 τία
356 1536 622 1603 πράττειν
672 1536 767 1602 τῆς
822 1535 993 1604 αὐτῆς
1038 1534 1218 1594 αἰτίας
1271 1532 1579 1597 πειθόμενοι
1630 1531 1778 1583 οὐδὲν

212 1626 501 1679 ἀποκνῶσι
528 1628 571 1657 ³⁸
604 1627 739 1695 πρὸς
770 1626 836 1678 τά
864 1627 1250 1695 ἁμαρτήματα.
1277 1623 1482 1676 Οὐκοῦν
1506 1623 1605 1674 οὐκ
1635 1622 1779 1674 ἔστιν

212 1718 246 1785 ἡ
287 1718 505 1784 γένεσις
528 1760 541 1781 ,
586 1719 876 1771 πλάττεται
922 1717 977 1769 δὲ
1012 1717 1111 1768 ὑπὸ
1147 1715 1254 1767 τῶν
1292 1714 1496 1783 ἐχθρῶν
1522 1714 1618 1782 τῆς
1648 1714 1777 1781 ἀλη-

213 1807 366 1871 θείας
401 1810 540 1863 κατά
563 1811 660 1877 τῆς
700 1809 989 1879 ἀληθείας,
1036 1806 1221 1877 ῶσπερ
1269 1806 1373 1858 ὑπὸ
1420 1805 1528 1857 τῶν
1573 1804 1775 1874 ταύτης

213 1900 502 1972 ἐλέγχεται
540 1902 731 1970 φίλων.

1882 620 2040 673 modo
2083 620 2208 672 item
2244 621 2472 688 genesis,
2539 636 2656 689 quae
2717 637 2867 692 rcges
2899 638 2960 676 ac
2996 624 3264 693 principes
3299 641 3432 678 cun-

1882 715 2109 767 stituere
2143 713 2305 775 solet,
2339 714 2433 768 hos
2463 714 2542 767 eis
2581 714 2836 781 negavit?
2873 731 2994 768 nam
3035 731 3207 784 neque
3249 720 3435 774 asinus

1883 805 2177 865 asinorum,
2229 819 2399 871 neque
2431 804 2585 871 lupus
2640 805 2883 872 luporum
2946 823 3037 861 rex
3101 818 3202 873 est,
3265 826 3436 878 neque

1882 896 2022 947 inter
2074 895 2171 947 hos
2220 894 2355 948 alius
2422 910 2621 964 pauper
2678 906 2787 957 est,
2848 897 2985 950 alius
3028 899 3198 960 dives.
3264 916 3435 966 neque

1882 986 2107 1038 aliorum
2141 986 2209 1037 ihi
2236 985 2548 1053 quidquam,
2576 989 2768 1053 quitms
2804 991 3091 1041 humanum
3140 1006 3305 1057 genus
3337 994 3435 1044 oh-

1884 1078 2100 1131 noxium
2157 1085 2259 1131 est.
2298 1076 2396 1132 Ubi
2447 1078 2611 1142 igitur
2640 1094 2743 1131 una
2795 1080 3031 1133 urientes
3090 1083 3258 1135 stella:
3290 1084 3312 1135 ?
3340 1085 3425 1137 ubi

1884 1170 2118 1237 ipsorum
2163 1169 2393 1235 genesis,
2427 1178 2586 1236 atque
2621 1168 2706 1222 illa
2743 1171 3183 1235 apotelesmatum
3248 1174 3430 1223 multi-

1886 1262 2166 1315 tudo?An
2200 1261 2314 1315 haec
2358 1261 2408 1313 in
2462 1261 2605 1314 solos
2636 1261 2863 1313 miseros
2922 1263 3177 1314 mortales
3233 1272 3432 1315 tantum

1884 1352 2168 1418 abripuere
2198 1350 2485 1417 potentiam
2514 1350 2536 1400 ?
2562 1350 2720 1417 Atqui
2764 1350 2811 1402 vi
2844 1361 3160 1403 ceterorum
3197 1354 3434 1405 omnium

1883 1442 2235 1493 animantium
2262 1442 2859 1509 potentissimushomo.
2893 1440 3099 1495 Etenim
3127 1456 3179 1495 et
3210 1443 3437 1497 fortiori-

1889 1533 1988 1586 bus
2036 1532 2309 1587 intellectu
2367 1541 2607 1600 prmstat,
2636 1540 2689 1585 et
2736 1548 2898 1600 super
2932 1544 3133 1588 terram
3182 1536 3434 1603 gradiens

1889 1622 2183 1676 volatilium
2223 1632 2396 1676 tamen
2428 1623 2673 1676 dominus
2701 1632 2803 1684 est,
2833 1631 2883 1673 et
2939 1623 2988 1675 in
3023 1624 3155 1676 mari
3190 1626 3431 1677 natantia

1881 1720 2082 1778 captat,
2108 1719 2191 1772 et,
2228 1720 2286 1763 ut
2328 1710 2482 1764 simul
2520 1711 2714 1771 dicam,
2779 1711 3026 1766 omnibus
3076 1713 3438 1767 animantibus

1884 1804 2091 1855 ratione
2150 1813 2308 1871 atque
2347 1802 2667 1870 intelligendi
2712 1801 2959 1856 facultate
2992 1805 3441 1871 autecellit.Quo-

1878 1896 2034 1949 modo
2064 1895 2223 1963 igitur
2256 1897 2461 1965 genesis
2510 1897 2560 1947 in
2612 1911 2731 1958 eum
2783 1896 2940 1949 habet
2989 1896 3269 1963 imperium
3300 1940 3315 1964 ,
3348 1900 3437 1965 qui

212 1993 427 2047 caeteris
456 1993 683 2060 imperat
711 1991 979 2053 omnibus,
999 1990 1063 2045 iis
1091 2006 1220 2044 vero
1256 1989 1521 2053 imperare
1556 1985 1758 2053 nequit,
1804 2000 1923 2054 quae
1944 1985 2099 2049 hujus
2123 1985 2345 2051 imperio
2380 1984 2720 2038 continentur
2748 1984 2987 2038 ?Verum
3014 2025 3028 2049 ,
3086 1996 3141 2039 ut
3196 2000 3436 2057 apparet,

213 2084 330 2138 hac
370 2084 631 2139 adversus
686 2083 929 2136 homines
982 2096 1011 2134 a
1068 2081 1207 2137 malo
1254 2085 1490 2135 daemone
1560 2078 1817 2132 instructa
1862 2075 2108 2128 machina
2138 2082 2317 2139 est,ut
2342 2084 2392 2127 et
2410 2075 2494 2143 pie
2534 2074 2713 2127 vivere
2749 2074 2997 2143 justeque
3020 2090 3179 2145 agere
3204 2083 3440 2132 necessi-

212 2176 342 2231 tatis
371 2190 495 2230 esse
534 2174 781 2229 eﬂectum
825 2175 949 2241 rati,
981 2174 1143 2229 alieni
1182 2189 1210 2227 a
1238 2172 1348 2227 Deo
1386 2171 1761 2233 ellicerentur;

1833 2176 1885 2219 et
1949 2181 2065 2234 quae
2118 2165 2200 2219 his
2250 2166 2517 2219 contraria
2567 2168 3027 2219 committerentur
3058 2206 3074 2230 ,
3119 2169 3185 2222 ah
3243 2171 3428 2223 eadem

212 2270 484 2337 proﬁcisci
522 2282 678 2321 causa
717 2266 1198 2335 persuasi,nullum
1233 2263 1451 2317 omnino
1483 2268 1757 2330 peccatum
1798 2257 2289 2324 praztermitterent.
2356 2256 2507 2310 Nulla
2578 2266 2658 2309 est
2698 2256 2857 2325 igitur
2909 2272 3131 2324 prorsus
3200 2261 3429 2328 genesis,

209 2362 353 2418 seda
386 2359 631 2413 veritatis
674 2360 919 2413 hostihus
965 2368 1151 2411 contra
1195 2356 1476 2409 veritatem
1526 2354 1765 2421 tingitur,
1806 2349 2253 2417 quemadmodum
2286 2350 2351 2401 ab
2392 2348 2548 2413 hujus
2573 2349 2761 2402 amicis
2798 2349 3214 2404 demonstratur.

316 2450 454 2503 Οὐδὲ
477 2451 585 2517 γὰρ
615 2450 712 2516 τὴν
747 2448 968 2515 ἀλογίαν
994 2446 1144 2517 εὖροι
1177 2462 1260 2509 τις
1298 2445 1363 2498 ἂν
1394 2441 1779 2513 ἀκριϐολογού-

214 2559 372 2609 μενος
406 2541 585 2592 αἰτίαν
612 2538 804 2608 τοῦμὴ
852 2537 1137 2607 μανθάνειν
1169 2539 1237 2591 τά
1264 2536 1380 2601 ζῶα
1426 2536 1523 2589 ὅσα
1555 2535 1646 2588 καὶ
1691 2533 1780 2587 ἄν-

210 2634 470 2702 θρωπος,
522 2630 706 2699 ῶσπερ
753 2629 871 2681 οὐδὲ
917 2628 977 2680 τὸ
1015 2628 1227 2696 λογικὸν
1269 2627 1344 2695 τῷ
1374 2624 1640 2695 ἀνθρώπῳ
1672 2626 1779 2678 τῶν

216 2722 431 2792 μυρίων
458 2719 906 2787 ἐπιτηδευμάτων
945 2718 1133 2772 αῖτιον.
1168 2717 1372 2779 Πόσους
1410 2716 1516 2787 γὰρ
1542 2718 1657 2769 κατ’
1684 2717 1778 2769 αύ-

208 2815 337 2875 τοὺς
366 2814 399 2881 ἡ
436 2800 648 2878 γένεσις
666 2810 954 2880 ἐργάζεται
977 2810 1211 2877 κωφοὺς,
1242 2808 1507 2877 ἀφώνους,
1540 2808 1771 2879 μωροὺς,

216 2907 510 2975 ἀτέχνους,
560 2905 748 2971 ἀφυεῖς
780 2903 879 2954 lTl
934 2897 1025 2954 οὖν
1064 2900 1308 2971 ὠφέλησε
1342 2901 1402 2952 rb
1440 2900 1653 2967 λογικὸν
1688 2900 1777 2951 τὸν

211 2996 277 3049 ἔκ
330 2996 545 3065 μήτρας
599 2993 922 3057 προελθόντα
974 2990 1171 3059 τυφλὸν
1229 2993 1319 3045 καλ¹
1377 2992 1617 3061 κωφὸνῆ
1651 2993 1776 3053 τοὺς

205 3086 483 3147 τοιούτους
508 3125 522 3148 ,
562 3084 655 3136 καὶ
676 3083 855 3135 πόσων
907 3083 1113 3150 ἀλόγων
1144 3083 1245 3135 οὐκ
1284 3083 1390 3134 εἰσὶ
1433 3082 1646 3151 χείρους
1680 3082 1775 3133 καὶ

209 3176 349 3246 πρὸς
381 3176 494 3244 βίον
524 3176 615 3227 καὶ
641 3175 775 3243 πρὸς
805 3174 1069 3243 μάθησιν;
1096 3176 1147 3227 τί
1172 3174 1227 3227 δὲ
1263 3174 1515 3243 μέλιτταν
1543 3173 1774 3243 ἔσλαψεν

1948 2437 2128 2506 Neque
2170 2437 2313 2492 enim
2342 2438 2481 2506 quod
2535 2438 2783 2490 animalia
2840 2440 3045 2493 ratione
3100 2453 3338 2505 careant,
3384 2446 3433 2499 in

1876 2542 2037 2583 causa
2070 2543 2188 2582 esse
2217 2528 2446 2596 diligens
2495 2542 2674 2581 rerum
2724 2539 3094 2596 perscrutator
3124 2532 3423 2599 deprehen-

1875 2619 1982 2677 det.
2014 2618 2301 2685 quominus
2336 2621 2490 2671 bruta
2530 2617 2736 2670 discant
2771 2618 2978 2683 eadem,
3020 2635 3139 2689 qua:
3188 2622 3435 2678 homines

1875 2711 2071 2773 solent,
2104 2718 2162 2763 ut
2193 2724 2364 2779 neque
2399 2710 2661 2763 rationem
2690 2710 2740 2760 in
2768 2710 2982 2765 homine
3031 2712 3263 2779 etlicere,
3295 2721 3433 2782 quod

1875 2802 2080 2872 2160
2120 2802 2435 2871 disciplinas
2486 2818 2650 2871 prope
2702 2804 2938 2856 inﬁnitas
2991 2806 3429 2871 comprehendat.

1873 2893 2044 2957 Quam
2096 2893 2291 2946 multos
2315 2893 2455 2946 enim
2508 2907 2573 2947 ex
2625 2893 2835 2945 illorum
2893 2897 3153 2948 sententia
3223 2899 3431 2965 genesis

1873 2982 2035 3037 ellicit
2105 2984 2316 3048 surdos,
2374 2991 2574 3046 mutos,
2619 2983 2837 3047 stultos,
2885 2984 3109 3047 inertes,
3170 2986 3419 3056 ineptos!

1874 3074 2008 3139 Quid
2073 3074 2231 3141 igitur
2302 3074 2436 3127 ratio
2508 3073 2708 3142 profuit
2776 3089 2840 3127 ex
2926 3084 3079 3129 utero
3144 3080 3427 3144 prodeunti

1883 3178 2043 3226 creco,
2087 3165 2250 3217 surdo
2294 3174 2383 3217 aut
2407 3163 2567 3217 simili
2596 3164 2801 3218 alicui?
2839 3164 2903 3219 Et
2930 3166 3122 3234 quibus
3170 3170 3423 3224 animan-

206 3227 523 3337 ἢῐάράχνην
551 3267 582 3335 ἢ
608 3227 871 3336 μύρμηκα
900 3227 1169 3334 ἡιάλογία,
1191 3267 1238 3318 εί
1261 3227 1489 3336 πράττει
1514 3264 1549 3318 ἃ
1577 3265 1620 3296 ³⁷
1650 3227 1777 3318 ἕκα-
1802 3227 1845 3284 C

1766 3227 1845 3305 ,δ
1879 3256 2021 3309 tibus
2078 3256 2358 3310 inferiores
2416 3272 2518 3309 non
2565 3264 2707 3323 sunt,
2769 3256 2881 3311 sive
2932 3260 2996 3311 ad
3035 3260 3233 3314 victum
3277 3277 3428 3331 quae-

208 3375 336 3410 στον
383 3357 676 3417 ἀκωλύτως
744 3356 884 3409 κατά
929 3356 1083 3423 φύσιν
1127 3356 1307 3418 αὐτοῖς
1365 3355 1773 3425 ὲπιτηδεύεταις

206 3446 259 3497 τί
293 3446 351 3497 δὲ
382 3447 451 3496 τά
484 3444 614 3496 ἄλλα
646 3443 755 3495 τῶν
788 3443 941 3507 ζώων
972 3444 1289 3514 παρέὀλαψε
1332 3446 1466 3514 πρὸς
1491 3445 1552 3498 rb
1580 3448 1777 3499 οἰκεῖον

206 3534 371 3605 ἔργον
395 3573 410 3596 ,
447 3532 570 3585 ἀντὶ
602 3532 693 3584 τοῦ
725 3532 940 3600 λογικοῦ
974 3532 1200 3587 λαϐόντα
1223 3535 1286 3586 τὸ
1311 3534 1537 3602 ἀλογον;
1573 3536 1647 3604 μὴ
1670 3538 1780 3598 τοῖς

207 3628 431 3692 πτεροῖς
471 3625 617 3695 ᾄδειν
657 3624 748 3677 τὸν
776 3624 973 3677 κύκνον
1013 3626 1047 3695 ἠ
1090 3624 1280 3693 ἀλογία
1333 3626 1695 3688 συνέστειλεν,
1743 3626 1774 3695 ἢ

204 3716 334 3778 τοὺς
363 3716 656 3781 τέττιγαςς
690 3714 805 3768 ἀλλ’
841 3715 949 3784 ἄρα
999 3714 1224 3769 δύναται
1262 3717 1355 3769 καὶ
1402 3716 1559 3784 φύσει
1604 3719 1777 3769 ποιεῖν

207 3810 241 3877 ή
269 3808 483 3875 γένεσις
513 3806 803 3875 μουσικούς
830 3822 843 3837 ⁸
876 3806 969 3859 καὶ
996 3806 1113 3869 πῶς
1142 3808 1262 3876 οὐχὶ
1294 3808 1386 3860 καὶ
1428 3809 1660 3878 ῥήτορας
1684 3806 1777 3860 καὶ

209 3895 473 3963 σοφιστὰς
518 3894 849 3961 ἁπετέλεσες
894 3895 981 3948 διὰ
1028 3896 1078 3948 τί
1126 3897 1182 3949 δὲ
1210 3897 1355 3950 καθὰ
1410 3900 1665 3966 γινώσκει
1707 3899 1776 3951 τά

205 3987 381 4053 ἄλογα
401 4026 415 4049 ,
448 3985 521 4054 μὴ
555 3986 646 4039 καὶ
678 3988 835 4056 ἡμεῖς
874 3987 1032 4056 ῖσμεν
1081 3988 1248 4058 χωρὶς
1281 3987 1373 4041 τοῦ
1439 3990 1729 4057 μανθάνειν
1758 4005 1771 4051 ;

205 4078 346 4130 ἀλλὰ
376 4078 447 4128 τὰ
477 4076 582 4128 τῶν
611 4078 843 4143 λογικῶν
876 4078 963 4131 διὰ
998 4078 1057 4130 rb
1082 4079 1275 4146 ἀλογον
1304 4080 1364 4131 οὐ
1394 4080 1614 4132 δύναται
1640 4097 1775 4149 μαν-

205 4168 393 4222 θάνειν
420 4170 487 4219 τά
520 4169 707 4235 ἄλογα.
731 4169 839 4221 Καὶ
864 4168 979 4231 πῶς
997 4170 1063 4221 τὰ
1082 4170 1325 4240 ἀλλήλων
1351 4171 1438 4224 διὰ
1462 4172 1561 4241 τὴν
1590 4172 1774 4241 κοινὴν

201 4258 432 4325 ἀλογίαν
461 4258 519 4310 οὑ
540 4258 878 4311 διδάσκονται
902 4300 916 4324 ,
941 4261 1159 4329 γέρανοι
1189 4260 1256 4313 τά
1280 4261 1490 4313 κύκνων
1513 4299 1529 4324 ,
1564 4263 1674 4313 δνοι
1706 4263 1775 4313 τά

203 4351 387 4401 κυνῶν
412 4391 427 4413 ,
480 4350 573 4400 καὶ
614 4350 682 4401 τὰ
734 4349 983 4419 μελίττης
1030 4353 1237 4421 ἀράχνη
1261 4391 1277 4415 ,
1313 4353 1405 4405 καὶ
1446 4352 1671 4405 ἕκαστον
1716 4352 1775 4404 τὸ

200 4438 521 4508 ἀλλότριον;
562 4439 659 4491 οὐκ
683 4438 789 4507 ἄρα
818 4439 903 4492 διά
930 4440 1025 4510 τὴν
1045 4441 1264 4509 ἀλογίαν
1286 4444 1317 4511 ή
1343 4441 1449 4496 τῶν
1476 4442 1773 4513 ἀνθρώπων

1880 3347 2123 3408 rendum,
2153 3348 2265 3399 sive
2293 3349 2357 3401 ad
2384 3347 2739 3401 discendum?
2768 3350 2903 3415 Quid
2927 3365 3053 3405 vero
3072 3352 3299 3421 apicula;
3330 3370 3427 3407 no-

1877 3438 2009 3499 cuit,
2041 3438 2119 3490 vel
2153 3451 2380 3502 araneae,
2425 3439 2502 3489 vel
2534 3439 2790 3503 formicae,
2821 3440 2963 3508 quod
2981 3441 3202 3495 rationis
3234 3457 3427 3511 expers

1876 3528 1969 3591 sit,
1996 3527 2039 3581 si
2073 3527 2259 3581 horum
2301 3528 2576 3596 quodlibet
2612 3528 2744 3583 facit
2788 3531 2859 3594 id,
2887 3532 3024 3599 quod
3054 3532 3099 3585 ei
3126 3536 3420 3587 secundum

1878 3629 2124 3674 naturam
2173 3621 2465 3675 convenit?
2508 3621 2643 3685 Quid
2678 3623 2905 3691 denique
2940 3624 3060 3678 aliis
3104 3624 3277 3679 obfuit
3313 3627 3426 3679 aui-

1877 3712 2148 3767 mantibus
2182 3715 2247 3766 ad
2283 3728 2437 3767 suum
2502 3713 2759 3783 cujusque
2797 3730 2949 3782 opus,
3004 3717 3144 3785 quod
3203 3718 3428 3773 rationis

1876 3804 2119 3873 expertia
2153 3804 2307 3858 sint?
2357 3803 2621 3872 Numquid
2684 3816 2959 3874 pr0pterea
3011 3810 3153 3877 quod
3216 3812 3426 3866 ratione

1876 3904 2139 3960 carerent,
2179 3894 2413 3964 impediti
2468 3894 2618 3949 fuere
2670 3896 2783 3950 sive
2826 3898 3003 3967 cycni,
3062 3902 3173 3952 sive
3198 3902 3417 3963 cicadae,

1875 3988 2160 4058 quominus
2190 3989 2287 4044 alis
2328 3990 2436 4044 suis
2486 3999 2699 4043 cantum
2740 3990 3003 4043 ederent?
3034 3990 3137 4046 Sed
3189 4009 3309 4063 quze
3356 4010 3422 4050 ex

1875 4077 1989 4148 ipsa
2024 4087 2212 4133 natura
2262 4079 2485 4132 canendi
2515 4079 2716 4147 peritos
2762 4080 3055 4146 producere
3083 4083 3293 4148 genesis
3314 4096 3409 4149 po-

1875 4178 2003 4234 test,
2036 4169 2301 4237 quomodo
2342 4184 2444 4222 non
2497 4169 2804 4237 eloquentes
2845 4186 2906 4224 ac
2944 4172 3171 4225 disertos
3224 4174 3407 4227 eadem

1874 4258 2139 4314 reddidit?
2171 4258 2277 4313 Cur
2294 4260 2447 4313 bruta
2473 4260 2692 4313 damnas
2715 4259 2738 4311 ?
2763 4259 3023 4327 Numquid
3061 4276 3155 4314 nos
3181 4261 3401 4331 aliquid,

1876 4350 1978 4403 nisi
2032 4350 2325 4414 discamus,
2363 4349 2644 4403 novimus?
2690 4348 2887 4402 Verum
2916 4350 3067 4403 bruta
3097 4352 3414 4415 animantia,

1873 4455 1993 4495 cum
2030 4441 2237 4495 ratione
2268 4440 2645 4503 destituantur,
2673 4455 2857 4495 eorum
2885 4456 3002 4509 quae
3042 4443 3108 4495 ad
3157 4443 3415 4496 rationem

203 4528 447 4598 μάθησις
488 4530 701 4598 ἀλόγοις
730 4533 1101 4602 ἀπαράδεκτος
1129 4573 1144 4598 ,
1186 4534 1320 4588 ἀλλά
1352 4535 1439 4588 διὰ
1466 4535 1561 4605 τὴν
1589 4536 1766 4603 διαφοο
1792 4549 1844 4607 D

1743 4563 1766 4581 ρ
1792 4549 1844 4607 D
1873 4540 2137 4599 spectant,
2171 4532 2374 4585 discere
2430 4532 2859 4601 nihiljpossunt.
2901 4533 3039 4598 Quin
3090 4550 3239 4603 ergo,
3286 4552 3405 4588 cum

203 4621 305 4685 ραν
342 4617 441 4685 τῆς
478 4619 580 4670 ὑπὸ
611 4620 702 4672 τοῦ
728 4622 1065 4691 Δημιουργοῦ
1101 4624 1464 4694 προαχθείσης
1514 4624 1751 4691 φύσεως.

197 4707 298 4769 Τίς
334 4707 393 4758 δὲ
422 4708 595 4777 ἀστὴρ
628 4710 743 4761 τόδε
775 4710 1095 4763 καταλαϐὼν
1124 4713 1181 4764 rb
1211 4711 1396 4776 ζὼδιον
1418 4712 1544 4783 [356
1576 4714 1668 4787 IL]
1710 4717 1769 4769 τὸ

196 4798 356 4864 γένος
383 4797 584 4850 ἔπλασε
615 4799 720 4851 τῶν
741 4800 939 4870 θηρίων
967 4804 1073 4856 ἀπὸ
1098 4803 1195 4871 τῆς
1219 4805 1319 4871 γῆς
1343 4804 1375 4875 ἢ
1402 4806 1509 4857 τῶν
1532 4808 1763 4876 κτηνῶν,

197 4887 229 4954 ἦ
258 4888 373 4939 ἀπὸ
396 4886 666 4956 θαλάσσης
694 4889 801 4942 τῶν
827 4892 1068 4957 νηκτῶν;
1098 4894 1190 4945 καὶ
1216 4893 1303 4945 διὰ
1348 4894 1400 4946 τί
1428 4896 1499 4964 μὴ
1550 4900 1644 4948 κα)⁵
1671 4894 1765 4949 νῦν

194 4978 257 5028 τὸ
288 4978 423 5028 αὐτὸ
485 4976 902 5046 διαπράττεταις
945 4983 975 5049 ἡ
1002 4981 1058 5032 δὲ
1087 4985 1209 5045 τοὺς
1241 4982 1451 5053 ἀώρους
1504 4987 1766 5049 θανάτους

195 5067 483 5132 ἐπάγουσα
508 5069 719 5133 γένεσις
741 5069 854 5132 πῶς
886 5071 1001 5138 οὐχὶ
1029 5072 1120 5122 καὶ
1143 5073 1270 5125 δέκα
1314 5073 1448 5125 ἐτῶν
1482 5076 1763 5146 ἄνθρωπον

195 5156 371 5218 ἔδειξε
417 5156 685 5223 γέροντα,
725 5156 757 5225 ἢ
797 5155 1093 5225 πρώτοις³⁸
1140 5159 1332 5220 ἰούλοις
1371 5159 1432 5211 τὸ
1477 5164 1765 5228 πρόσωπον

197 5242 675 5311 στεφανούμενον;
724 5248 819 5298 καὶ
872 5248 918 5299 εί
974 5247 1066 5298 τοῦ
1111 5249 1300 5317 χρόνου
1350 5248 1412 5301 rb
1457 5250 1625 5320 μῆκος
1666 5254 1765 5321 τῆς

196 5334 434 5386 ἑκάστου
476 5333 617 5404 ζωῆς
636 5337 713 5398 είς
737 5337 893 5388 πέντε
913 5339 1002 5391 καὶ
1023 5338 1079 5402 ἒξ
1099 5339 1142 5370 ⁸³
1162 5378 1175 5401 ,
1200 5340 1367 5392 ἐνίοτε
1388 5340 1445 5393 δὲ
1474 5343 1567 5394 καὶ
1590 5343 1764 5410 ἀσύγ-

195 5445 388 5497 κριτον
440 5428 581 5480 κατά
626 5429 687 5480 rb
736 5427 953 5481 ἔλαττον
980 5430 1169 5499 ἔτεμε,
1204 5432 1329 5502 [688
1359 5432 1449 5503 IL]
1479 5434 1594 5495 πῶς
1624 5436 1764 5488 οὐδέ-

198 5536 333 5571 ποτε
358 5517 764 5571 πενταπλάσιον
788 5519 822 5587 ἦ
856 5519 1243 5589 δεκαπλάσιον;
1274 5526 1368 5576 καὶ
1388 5524 1437 5576 τί
1466 5524 1607 5592 λέγω
1632 5544 1758 5578 πενο

1863 4622 2087 4693 perinde
2144 4621 2323 4674 omnia
2370 4622 2578 4676 ratione
2642 4632 2878 4686 careant,
2931 4638 3034 4676 non
3088 4638 3149 4677 ea
3213 4624 3403 4679 saltem

1861 4716 2092 4777 discunt,
2132 4728 2249 4783 quae
2277 4714 2343 4766 ad
2386 4722 2579 4767 caetera
2615 4714 2768 4767 bruta
2812 4714 3126 4779 pertinent;
3164 4725 3218 4767 ut
3251 4731 3413 4785 grues

1862 4820 1982 4874 quae
2029 4804 2093 4859 ad
2149 4804 2344 4864 olores.
2379 4804 2511 4857 asini
2565 4818 2685 4872 quae
2737 4804 2801 4856 ad
2850 4818 3036 4869 canes,
3070 4814 3125 4858 et
3174 4805 3239 4859 ad
3285 4822 3415 4874 apes

1862 4908 2079 4954 aranea,
2116 4902 2164 4946 et
2196 4893 2272 4946 sic
2303 4893 2553 4962 deinceps
2582 4893 2871 4963 quodlibet,
2903 4895 3044 4964 quod
3073 4897 3138 4949 ad
3184 4896 3410 4952 alterum

1862 4984 2102 5053 spectat!
2138 4981 2252 5037 Non
2281 4993 2427 5038 certe
2461 4983 2584 5052 quia
2644 4985 2850 5038 ratione
2896 4984 3230 5051 destituitur,
3284 5003 3410 5057 pro-

1862 5088 2041 5145 pterea
2077 5077 2323 5129 humana:
2352 5076 2704 5129 institutionis
2727 5076 2941 5130 brutum
2969 5093 3138 5147 capax
3170 5095 3273 5132 non
3302 5092 3402 5144 est,

1861 5168 1950 5219 sed
1982 5165 2050 5219 ob
2082 5176 2305 5231 naturae,
2334 5181 2491 5232 quam
2543 5164 2801 5219 Conditor
2848 5168 3116 5234 produxit,
3152 5167 3404 5223 differen-

1862 5256 2011 5311 tiam.
2045 5255 2319 5321 Quodnam
2352 5270 2478 5310 vero
2525 5254 2649 5309 illud
2686 5264 2885 5310 astrum
2928 5266 3031 5321 est,
3071 5260 3210 5327 quod
3244 5261 3407 5315 hocce

1860 5347 2095 5417 signiferi
2120 5356 2382 5415 occupato
2422 5347 2570 5415 signo
2601 5346 2835 5401 ferarum
2862 5357 3020 5416 atque
3039 5348 3400 5417 jumentorum

1868 5454 2034 5505 genus
2083 5454 2113 5492 e
2165 5448 2305 5491 terra
2343 5448 2432 5491 aut
2475 5453 2540 5492 ex
2576 5438 2708 5491 mari
2761 5440 3059 5492 natalitium
3112 5439 3409 5495 formavit?

1864 5527 1930 5581 Et
1950 5543 2045 5582 cur
2079 5528 2215 5582 idem
2272 5544 2409 5584 nunc
2449 5543 2656 5598 quoque
2702 5545 2803 5582 non
2878 5528 3069 5583 edicit?
3112 5529 3229 5585 Jam
3289 5546 3407 5600 qua:

1503 5635 1734 5692 VARle
1772 5638 2172 5695 LECTIONES.

270 5723 320 5801 ’f
349 5716 757 5801 dﬂgftmﬁgtnc
785 5739 813 5801 _:_
839 5723 1128 5787 dnoxvoﬁq:
1167 5743 1224 5789 ς.
1301 5726 1343 5756 ³⁷
1370 5726 1405 5779 ἃ
1430 5739 1542 5788 onst
1566 5730 1859 5794 ἀκωλύτως
1895 5732 2369 5801 transponendum.

198 5791 347 5846 libri.
432 5792 476 5822 ³⁸
500 5788 581 5858 ἐξ]
610 5789 648 5852 ξ’
678 5791 932 5861 Scaliger.

2469 5732 2511 5763 "'
2553 5731 2779 5801 πρώτοις
2801 5729 3034 5802 Scaliger
3070 5755 3082 5789 ;
3113 5734 3255 5805 rupi
3293 5737 3398 5796 τ’,ῗς
