4208 6448
768 371 872 435 859

1913 371 2169 431 ΡΙΙΟΤΙΙ
2197 370 2698 437 PATRIARCILE
2738 372 2841 430 ΟΡ.

3894 367 3992 432 860

765 490 1108 539 immatura-nt
1166 495 1389 538 mortem
1429 485 1646 538 adducit
1689 485 1919 552 genesis,
1970 500 2065 537 cur
2096 499 2199 536 non
2234 483 2317 536 vel
2346 493 2427 547 Αι

2346 493 2393 547 Α
2419 482 2720 535 ταπλάσιον
2745 522 2760 545 ,
2794 481 2907 535 ἀλλ’
2938 482 3056 533 οὐδὲ
3086 482 3164 545 είς
3201 480 3259 533 τὸ
3296 479 3610 551 τριπλάσιον
3645 480 3677 551 ἢ
3710 481 3990 537 διπλάσιον

764 581 1052 632 decenncm
1088 578 1317 644 aliquem
1354 578 1481 630 fecit
1527 592 1649 631 esse
1688 591 1892 639 senem,
1927 576 2007 628 vel
2036 574 2316 645 (lanugine

2423 574 2767 643 παρεξέτεινε
2791 592 2807 640 ;

766 674 951 725 saltem
974 674 1163 725 [aciem
1191 672 1455 723 vestivit?
1486 671 1551 725 Et
1586 671 1628 722 si
1661 671 1781 721 vitm
1807 669 2037 735 spatium
2099 669 2360 738 cujusque
2401 679 2651 721 nostrum
2678 669 2746 721 ad
2803 669 3052 737 quintum
3102 675 3157 720 et
3203 668 3594 732 sexagesimum
3659 682 3885 728 annum.
3942 677 3991 721 et

768 774 1149 829 nonnunquam
1181 763 1345 814 etiam
1378 762 1689 829 longissime
1729 758 1864 811 infra
1893 773 2014 810 eum
2038 758 2322 810 terminum
2362 757 2619 822 resecuit,
2657 758 2748 825 qui
2783 757 2859 823 lit,
2887 757 3025 825 quod
3056 770 3328 821 nunquam
3356 754 3482 807 illud
3538 756 3592 808 in
3650 755 3989 823 quintuplutu

765 860 856 902 aut
881 851 1159 919 decuplum
1187 851 1208 901 ?
1239 852 1433 918 atquid
1458 851 1575 902 dico
1614 849 1972 917 quintuplum,
2021 847 2126 899 imo
2156 846 2237 897 vel
2276 846 2327 897 in
2352 844 2572 912 triplum
2606 858 2699 899 aut
2731 847 2781 898 in
2813 846 3032 913 duplum
3063 847 3304 900 extendit
3331 845 3353 897 ?

836 946 963 1007 Qua:
990 943 1076 996 ubi
1116 943 1194 993 vir
1243 942 1332 994 ille
1386 942 1542 1004 dixit,
1572 956 1692 994 mox
1724 940 2056 994 climacteris
2105 938 2315 993 descri-

764 1034 1002 1099 ptionem
1032 1032 1280 1099 subjecit,
1305 1043 1361 1085 ut
1395 1042 1448 1085 et
1478 1032 1922 1101 astrologicorum
1954 1033 2231 1086 nominum
2260 1047 2324 1086 ac

765 1126 1126 1185 schematum,
1182 1125 1485 1177 accuratius
1538 1124 1729 1177 horum
1777 1124 2167 1190 expositionem
2202 1138 2323 1191 per-

764 1218 1058 1281 sequendo.
1097 1216 1256 1267 Addit
1300 1214 1513 1278 deinde,
1544 1217 1586 1268 si
1632 1230 1728 1281 per
1780 1215 2054 1269 stellarum
2103 1230 2318 1267 cursum

763 1318 923 1375 atque
948 1307 1221 1359 schemata
1258 1308 1434 1358 omnia
1467 1307 1719 1359 animalia
1756 1308 2143 1375 gubernantur,
2187 1322 2319 1373 quo-

764 1398 920 1448 modo
954 1396 1155 1447 nullum
1175 1410 1411 1462 unquam
1434 1406 1642 1449 astrum
1668 1405 1760 1446 aut
1784 1396 2025 1457 schema,
2046 1406 2137 1447 aut
2158 1395 2319 1448 vicini

763 1489 953 1540 sideris
976 1498 1197 1540 exortus
1222 1488 1302 1538 vel
1356 1496 1559 1555 patrem
1620 1501 1740 1539 esse
1789 1486 1992 1538 mulum
2043 1485 2193 1547 fecit,
2238 1486 2321 1539 vel

763 1586 985 1628 matrem
1021 1577 1240 1638 mulam,
1279 1592 1397 1627 cum
1431 1588 1610 1629 tamen
1669 1576 1721 1628 hi
1752 1575 1992 1628 fecundis
2036 1591 2139 1628 non
2202 1591 2323 1629 raro

763 1667 1082 1721 animalibus
1116 1667 1483 1718 misceantur?
1514 1665 1711 1717 Natura
1751 1666 2000 1717 nimirum
2028 1665 2184 1731 hujus
2214 1666 2320 1718 vim

762 1757 936 1818 elidit,
985 1765 1039 1808 et
1069 1758 1265 1822 ubique
1300 1770 1417 1808 eam
1450 1756 1652 1808 vincit:
1708 1756 1758 1807 in
1814 1754 2070 1823 temporis
2113 1757 2312 1822 produ-

2493 936 2678 990 Ταῦτα
2710 934 2877 989 εἰπὼν
2918 938 2945 989 ὁ
2974 937 3111 1007 ἀνὴρ
3153 939 3245 989 καὶ
3282 937 3649 1009 κλιμακτῆρος
3700 955 3985 1009 καταγρα-

2421 1027 2528 1095 φὴν
2559 1027 2775 1097 ὖτῑήχθη
2805 1030 2979 1080 ποιεῖν
3022 1027 3111 1079 καί
3142 1046 3307 1080 τινων
3345 1028 3747 1096 ἀστρολογικῶν
3788 1031 3987 1097 ὀνομά-

2422 1137 2532 1171 των
2576 1122 2670 1172 καὶ
2723 1120 3049 1189 σχημάτων,
3085 1120 3182 1185 τὴν
3231 1121 3432 1172 τούτων
3467 1122 3991 1190 ἀκριϐολογούμενος

2420 1207 2652 1279 ἕκθεσοιν.
2694 1210 2920 1276 Ἐπάγει
2963 1210 3019 1262 δὲ
3056 1209 3132 1272 ὡς
3176 1212 3222 1261 εί
3253 1211 3328 1279 τῷ
3372 1210 3555 1281 δρόμῳ
3603 1212 3711 1263 τῶν
3746 1213 3993 1280 ἀστέρων

2422 1300 2515 1352 καὶ
2563 1302 2674 1362 τοῖς
2723 1302 2963 1369 σχήμασι
3022 1302 3199 1353 πάντα
3241 1302 3517 1353 διοικεῖται
3557 1303 3625 1355 τά
3669 1302 3820 1365 ζῶα,
3875 1304 3991 1367 πῶς

2424 1391 2597 1452 οὐδεὶς
2624 1391 2797 1461 ἀστὴρ
2825 1392 2947 1445 οὐδὲ
2979 1392 3160 1461 σχῆμα
3187 1393 3303 1443 οὐδὲ
3327 1392 3746 1461 παρανατέλλων
3766 1395 3989 1462 ήμίονον

2426 1482 2637 1550 πατέρα
2665 1483 2697 1552 ἢ
2732 1484 2944 1554 μητέρα
2965 1526 2979 1549 ,
3001 1484 3174 1535 καίτοι
3206 1485 3297 1535 καὶ
3326 1487 3436 1547 τοῖς
3457 1484 3701 1553 γονίμοις
3729 1485 3991 1548 πολλάκις

2431 1573 2823 1640 μιγνυμένους,
2854 1575 3108 1627 οὐδέποτε
3141 1575 3545 1643 ἀπειργάσατο;
3582 1578 3694 1629 ἀλλ’
3741 1581 3773 1644 ἠ
3830 1580 3992 1646 φύσις

2428 1664 2487 1715 τὸ
2531 1665 2747 1731 ἐκείνης
2774 1665 2890 1716 λύει
2918 1665 3113 1733 κράτος
3133 1705 3150 1730 ,
3178 1668 3271 1720 καὶ
3304 1668 3575 1735 πανταχοῦ
3601 1669 3805 1736 ταύτην
3833 1674 3991 1740 νικᾷ,

2428 1751 2484 1801 ὲν
2512 1752 2817 1821 παρατάσει
2866 1754 3073 1823 χρόνων
3096 1794 3110 1817 ,
3150 1757 3205 1805 ιν
3229 1756 3413 1825 ὁμιλίᾳ
3439 1757 3702 1825 σωμάτων
3724 1800 3738 1823 ,
3774 1761 3830 1810 ὲν
3863 1778 3991 1812 κυο-

761 1851 964 1912 ctione,
1016 1850 1068 1901 in
1102 1864 1388 1915 corporum
1418 1862 1732 1915 congressu,
1780 1847 1830 1898 in
1881 1848 2124 1913 gestandi
2183 1846 2321 1899 fetus
2354 1844 2395 1898 Β

2354 1844 2395 1898 Β
2425 1844 2625 1913 φοριῶν
2647 1842 2924 1913 διαφοραῖς
2950 1885 2966 1909 ,
2988 1844 3044 1895 ὲν
3069 1843 3387 1912 ἐξαλλαγαῖς
3416 1847 3639 1915 ἡλικιῶν
3661 1849 3756 1900 καὶ
3792 1852 3851 1901 ὲν
3879 1853 3991 1913 τοῖς

761 1941 1040 1999 varietate,
1059 1938 1111 1989 in
1130 1946 1345 1989 aetatum
1378 1936 1767 1996 immutatione,
1785 1934 1836 1985 in
1864 1936 2071 1987 cteteris
2092 1973 2107 1996 ,
2128 1934 2321 2002 217a

762 2046 879 2097 qum
909 2030 1204 2083 secundum
1243 2036 1487 2079 naturam
1529 2026 1664 2077 ﬁunt
1696 2024 1948 2077 omnibus
1972 2039 2199 2092 quorum
2236 2025 2321 2077 illa

766 2122 895 2175 nihil
925 2128 1101 2190 potest
1130 2120 1438 2171 immutare.
1468 2116 1578 2171 Cur
1634 2118 1777 2169 enim
1810 2130 1979 2183 equus
2013 2115 2188 2169 nullus
2241 2115 2320 2167 vel

761 2216 946 2269 asinus
980 2214 1258 2265 hominum
1282 2212 1465 2279 effugit
1504 2210 1794 2278 ﬂagellum,
1829 2224 1950 2261 cum
1987 2218 2179 2262 cmtera
2204 2208 2323 2261 ani-

768 2309 965 2360 mantia
1013 2306 1203 2357 horum
1247 2305 1409 2355 ictum
1447 2319 1550 2355 non
1588 2300 1812 2353 ferant?
1845 2300 1912 2353 At
1938 2301 1981 2353 si
2040 2317 2167 2370 qua,
2196 2317 2315 2369 qua:

764 2411 937 2453 tamen
981 2413 1100 2451 rara
1152 2405 1300 2460 sunt,
1333 2395 1621 2456 sustinent,
1676 2408 1742 2446 ne
1797 2397 1875 2447 sic
1945 2395 2164 2461 quidem
2217 2394 2325 2447 dif-

763 2491 971 2543 licnltas
1025 2488 1273 2541 solvitur.
1316 2484 1424 2538 Cur
1463 2484 1607 2537 enim
1652 2496 1755 2534 non
1803 2492 1857 2536 et
1901 2493 2097 2536 caetera
2141 2484 2321 2536 omnia

761 2584 1061 2635 sustineant
1098 2592 1321 2631 numero
1373 2576 1538 2629 multo
1566 2575 1763 2645 plura?
1800 2574 2015 2643 ,Deinde
2064 2576 2206 2628 inter
2237 2590 2319 2639 ea,

761 2690 878 2743 qttte
903 2673 1085 2741 ﬂagris
1115 2672 1414 2731 caeduntur,
1439 2671 1609 2725 libera
1641 2678 1763 2723 sunt
1790 2671 1969 2734 bruta,
1990 2669 2114 2722 dum
2143 2667 2326 2721 adole-

760 2767 979 2817 verint:
1032 2777 1151 2813 nam
1184 2776 1299 2812 mox
1333 2770 1388 2813 ut
1435 2775 1601 2814 onera
1654 2758 1797 2811 ferre
1850 2758 2129 2825 cmperint,
2157 2759 2321 2810 etiam

760 2854 1032 2907 verberari
1062 2852 1339 2918 incipiunt.
1374 2849 1442 2902 At
1472 2851 1632 2903 homo
1659 2849 1994 2917 potissimum
2023 2849 2074 2900 in
2097 2849 2323 2917 pueritia

761 2946 1086 3015 ﬂagellatur:
1127 2959 1245 2997 cum
1272 2952 1447 2995 autem
1475 2944 1539 2994 ad
1592 2941 1803 2994 virilem
1830 2948 2045 2993 aetatem
2069 2940 2321 3003 creverit,

762 3048 851 3089 aut
876 3050 1169 3102 nunquam,
1196 3044 1284 3085 aut
1304 3033 1492 3085 saltem
1520 3046 1639 3084 raro
1664 3032 1905 3084 carditur.
1938 3028 2121 3094 Quare
2144 3029 2324 3083 adhcec

763 3128 934 3190 libris,
971 3127 1181 3185 suibus,
1215 3124 1368 3190 gallis
1398 3123 1741 3191 gallinaceis,
1778 3121 2108 3184 hominibus,
2142 3121 2319 3188 equis,

760 3230 815 3271 et
854 3217 1168 3285 quibusdam
1214 3215 1351 3269 forte
1377 3216 1514 3277 aliis,
1553 3213 1805 3282 genitalia
1847 3223 2189 3277 exsecantur,
2216 3212 2323 3265 fer-

762 3318 983 3368 rumque
1035 3303 1176 3370 ipsos
1240 3316 1335 3368 pro
1390 3300 1632 3353 fecundis
1670 3300 1885 3354 steriles
1944 3301 2156 3354 reddit:
2191 3318 2320 3355 cum

761 3401 950 3444 mulera
1013 3401 1190 3443 tamen
1229 3390 1524 3442 animantia
1577 3406 1681 3443 non
1717 3390 1873 3441 modo
1930 3388 1997 3441 ab
2051 3401 2320 3443 astrorum

760 3484 1083 3535 necessitate
1110 3482 1236 3532 nihil
1286 3481 1573 3542 ltcdantur,
1614 3481 1707 3533 sed
1745 3495 1860 3532 eam
1892 3481 2056 3532 etiam
2098 3482 2324 3535 irriden-

760 3577 878 3626 dam
929 3572 1267 3640 proponant?
1293 3572 1401 3623 Cur
1432 3572 1645 3624 tandem
1680 3571 1866 3624 eadem
1915 3572 2191 3626 stellarum
2226 3589 2322 3641 po-

759 3667 928 3720 situra
976 3666 1221 3718 eumdem
1274 3680 1492 3717 cursum
1550 3674 1787 3727 tenente,
1816 3665 1860 3717 si
1913 3664 2110 3733 plantae
2134 3681 2323 3733 ampu-

759 3770 960 3822 tentur,
994 3772 1206 3811 rursum
1277 3771 1457 3810 ramos
1507 3757 1787 3819 emittunt,
1844 3766 1898 3810 et
1955 3759 2321 3813 circumtonsa

759 3854 925 3907 herba
958 3865 1107 3918 atque
1142 3861 1197 3903 ut
1221 3850 1545 3917 antea,quin
1575 3850 1738 3903 etiam
1766 3849 2319 3918 altiuserigitur,cum

758 3945 809 3996 in
837 3944 1175 4004 animalibus,
1233 3942 1278 3993 si
1341 3942 1481 4009 quod
1525 3940 1666 3993 forte
1699 3941 1995 3993 membrum
2028 3942 2321 3994 dissectum

759 4035 940 4097 fuerit,
976 4033 1184 4093 oculus,
1246 4032 1327 4084 vel
1359 4048 1542 4095 nasus,
1588 4031 1669 4082 vel
1722 4032 1944 4098 digitus,
1981 4031 2114 4083 nihil
2168 4032 2323 4098 plane

758 4128 925 4175 latum
988 4123 1053 4175 ad
1108 4123 1265 4190 hujus
1312 4122 1538 4174 membri
1579 4122 2033 4174 restaurationem
2079 4122 2319 4191 adjuvat,

756 4216 855 4268 etsi
889 4215 989 4267 hoc
1024 4216 1197 4281 ipsum
1252 4215 1490 4280 prmbere
1517 4214 1604 4265 illa
1640 4229 1757 4281 qua:
1804 4215 1881 4269 sic
1911 4214 2152 4277 abstulit,
2188 4229 2319 4266 cen-

754 4306 910 4359 sent?
940 4307 1009 4357 At
1037 4321 1136 4357 non
1164 4315 1365 4357 naturae
1385 4307 1712 4374 pr0prietas,
1736 4308 1827 4360 sed
1846 4315 2113 4358 astrorum
2142 4316 2316 4361 motus

753 4398 969 4464 quidam
1000 4408 1162 4463 atque
1200 4398 1513 4450 constitutio
1546 4398 1674 4450 illud
1720 4398 1917 4465 partim
1945 4398 2154 4461 bestiis,
2187 4415 2313 4467 par-

2422 1936 2599 1997 ἄλλοις
2626 1937 2760 1988 πᾶσι
2791 1937 2902 1997 τοῖς
2931 1935 3071 1988 κατά
3096 1936 3257 2003 φύσιν
3283 1975 3295 1997 ,
3327 1931 3402 1989 ὧν
3428 1938 3577 1991 οὐδὲν
3611 1941 3799 2008 ἐκείνη
3827 1941 3989 2004 ἐξαλ-

2424 2028 2633 2081 λάττειν
2683 2026 2922 2082 δύναται.
2969 2028 3068 2079 Διά
3116 2027 3169 2080 τί
3197 2028 3305 2101 γὰρ
3358 2028 3494 2082 ὄνων
3520 2030 3618 2099 μὲν
3663 2033 3754 2083 καὶ
3807 2032 3991 2085 ἵππων

2424 2122 2597 2183 οὐδεὶς
2627 2122 2725 2184 τὰς
2754 2123 2811 2186 ἐξ
2840 2122 3143 2191 ἀνθρώπων
3186 2124 3465 2191 διαφεύγει
3497 2127 3764 2194 μάστιγας
3783 2168 3797 2189 ,
3826 2128 3995 2181 trina.

2423 2211 2477 2263 δὲ
2507 2212 2613 2263 τῶν
2646 2212 2856 2280 ἀλόγων
2904 2212 3056 2274 ζώων
3086 2213 3185 2281 τὴν
3228 2214 3333 2265 ἀπὸ
3384 2214 3588 2267 τούτων
3638 2215 3851 2283 πληγὴν
3898 2217 3995 2285 οὐχ

2424 2304 2750 2372 ὑπέμεινεν;
2807 2306 2855 2357 εί
2894 2305 2950 2357 δέ
2987 2322 3089 2356 που
3126 2306 3219 2355 καὶ
3269 2306 3499 2370 σπάνια,
3542 2307 3603 2357 τὸ
3652 2306 3859 2376 ἄπορον
3898 2308 3995 2361 οὐκ

2425 2398 2663 2451 ἀνίεται·
2694 2399 2782 2453 διά
2804 2402 2856 2452 τί
2886 2402 2993 2471 γάρ
3029 2400 3102 2471 μὴ
3127 2402 3221 2453 καὶ
3251 2402 3317 2453 τὰ
3345 2402 3477 2454 ἄλλα
3506 2402 3639 2455 πολὺ
3666 2402 3836 2455 πλείω
3867 2420 3995 2470 τυγ-

2423 2489 2685 2557 χάνοντας
2715 2486 2832 2543 εἶτα
2878 2490 2971 2543 καὶ
3024 2491 3204 2543 αὐτῶν
3236 2492 3341 2545 τῶν
3366 2494 3410 2523 ⁸⁸
3464 2494 3875 2562 μαστιζομένων
3927 2494 3995 2548 τὰ

2427 2578 2525 2645 μὲν
2559 2579 2757 2646 ἄλογα,
2810 2580 2914 2643 ἓως
2954 2581 3035 2646 {av
3076 2582 3353 2651 ἀνδρωθῇ,
3390 2584 3662 2651 μαστίγων
3694 2585 3995 2654 ἐλεύθερα,

2424 2668 2751 2738 ἀχθοφορεῖν
2776 2670 2831 2722 δὲ
2855 2671 3129 2739 ἀρχόμενα
3156 2672 3562 2743 προσλαμϐάνει
3594 2674 3768 2725 καὶτὸ
3796 2674 3995 2726 τύπτε-

2425 2760 2547 2811 σθαι
2570 2776 2585 2791 ο
2617 2760 2898 2828 ἄνθρωπος
2925 2762 2981 2813 δὲ
3020 2762 3077 2812 ὲν
3129 2765 3284 2816 παισὶ
3317 2764 3413 2833 μὲν
3443 2763 3518 2814 ὢν
3551 2765 3747 2833 μᾶλλον
3799 2767 3996 2834 μαστί-

2424 2850 2612 2913 ζεται,
2663 2850 2827 2920 ἄνδρα
2879 2852 2933 2903 δὲ
2978 2852 3077 2916 τῆς
3132 2852 3351 2921 ἡλικίας
3405 2853 3566 2905 αὑτὸν
3614 2854 3911 2924 δεικνύσης
3963 2856 3994 2924 ἢ

2422 2944 2670 3009 οὐδαμῶς
2697 2943 2729 3013 ἦ
2755 2942 2839 2994 ἐπ’
2867 2942 3082 2995 ἔλαττον
3115 2943 3219 2995 ὑπὸ
3263 2944 3527 3011 μάστιγας
3561 2944 3783 3010 ἄγεται.
3820 2948 3921 2997 Διά
3949 2949 3997 2997 τί

2422 3035 2481 3087 δὲ
2511 3036 2774 3103 κάστορες
2811 3036 2908 3103 μὲν
2959 3036 3054 3087 καὶ
3110 3035 3200 3097 ὕες
3240 3036 3329 3087 καὶ
3373 3036 3723 3105 ἀλεκτρυόνες
3770 3039 3869 3089 καὶ
3905 3040 3996 3091 ἄν·

2426 3124 2639 3192 θρωποι
2670 3126 2761 3176 καὶ
2800 3126 2954 3177 ἵπποι
2976 3168 2989 3188 ,
3015 3124 3110 3176 καὶ
3139 3124 3191 3176 εἴ
3215 3142 3267 3176 τι
3297 3125 3424 3178 ἄλλο
3452 3127 3740 3179 ὑπόλοιπον
3761 3169 3776 3192 ,
3808 3128 3872 3179 τὸ
3911 3146 3998 3195 γε·

2424 3217 2739 3285 νεσιουργὸν
2778 3217 2866 3267 ὑπ’
2889 3215 3188 3286 ἀνθρώπων
3225 3219 3621 3287 ἀποτέμνεται,
3645 3220 3739 3271 καὶ
3784 3221 3997 3291 σίδηρος

2426 3309 2607 3370 αὐτοῖς
2635 3308 2755 3359 ἀντὶ
2805 3308 3150 3374 παιδογονίας
3184 3309 3390 3373 δικάζει
3428 3311 3487 3361 τὸ
3533 3313 3760 3374 ἄγονον,
3828 3312 3900 3364 τὰ
3956 3314 3995 3365 δ’

2423 3400 2559 3452 ἄλλα
2588 3398 2695 3450 τῶν
2738 3397 2891 3459 ζώων
2928 3398 3028 3466 τὴν
3054 3398 3161 3451 ἀπὸ
3204 3399 3310 3450 τῶν
3349 3400 3562 3467 ἄστρων
3597 3400 3849 3467 ἀνάγκην
3880 3403 3998 3454 ἀντὶ

2421 3486 2517 3539 τοῦ
2559 3486 2835 3540 σινοῦσθαι
2874 3486 3190 3555 γελωμένην
3223 3488 3643 3552 καταλείπουσι;
3694 3490 3749 3541 τί
3798 3491 3997 3559 δήποτε

2422 3578 2480 3630 δὲ
2503 3578 2599 3645 τῆς
2631 3577 2801 3645 αὐτῆς
2837 3576 3192 3646 ἀστροθεσίας
3224 3577 3313 3628 τὸν
3342 3579 3503 3630 αὐτὸν
3532 3580 3728 3649 δρόμον
3764 3583 3994 3653 ἐχούσης

2426 3668 2571 3736 φυτὰ
2604 3668 2702 3737 μὲν
2727 3668 3162 3736 περιτεμνόμενα
3208 3668 3367 3720 πάλιν
3412 3669 3562 3733 αὔξει
3594 3671 3825 3735 κλάδους
3850 3713 3864 3732 ,
3909 3676 3997 3725 καὶ

2423 3760 2843 3828 περικειρομένη
2872 3758 3067 3828 βοτάνη
3103 3758 3308 3827 ἀνίσχει
3336 3760 3433 3828 τὴν
3468 3761 3588 3830 ἴσην
3616 3761 3649 3829 ἢ
3682 3764 3778 3813 καὶ
3816 3766 3995 3817 πλείο-

2423 3868 2516 3913 να,
2552 3848 2629 3918 τῷ
2652 3849 2709 3901 δὲ
2748 3848 2871 3919 ζὼῳ
2902 3849 2967 3914 ⁸¹,
3002 3851 3053 3901 εί
3071 3867 3123 3901 τι
3147 3850 3253 3900 τῶν
3279 3850 3453 3918 μελῶν
3472 3855 3743 3921 περικοπῇ
3765 3896 3778 3916 ,
3802 3854 3998 3921 ὀφθαλο

2426 3934 2525 4002 μὸν
2552 3935 2585 4003 ἢ
2615 3937 2736 4003 ῥῖνα
2762 3935 2794 4004 ἢ
2822 3935 3119 4001 δάκτυλονξ,
3145 3936 3295 3988 οὐδὲν
3319 3939 3350 4003 ἡ
3383 3939 3686 4008 εἱμαρμένη
3725 3943 3870 4009 πρὸς
3906 3944 3996 4010 τὴν

2424 4023 2520 4075 τοῦ
2555 4025 2749 4092 μέλους
2781 4025 3049 4092 ἀνάφυσιν
3086 4026 3551 4094 συλλαμϐάνεται;
3587 4030 3765 4081 καίτοι
3794 4032 3996 4101 ταύτην

2424 4113 2734 4176 καθίζουσιν
2763 4115 2987 4175 ἐκείνοις
3015 4115 3373 4184 χαριζομένην
3417 4118 3557 4187 ἅπερ
3588 4120 3841 4184 ἀφεῖλεν,
3886 4122 3995 4173 ἀλλ’

2423 4202 2546 4269 οὐχὶ
2581 4204 2678 4271 τῆς
2706 4204 2916 4271 φύσεως
2947 4205 3007 4255 τὸ
3040 4205 3251 4272 ἰδίωμα.
3283 4206 3422 4258 Αύτο
3452 4207 3506 4258 δὲ
3538 4207 3698 4259 τοῦτο
3726 4211 3813 4271 τίς
3840 4211 3997 4261 ἁοτέο

2425 4313 2533 4364 ρων
2565 4294 2775 4362 κίνησις
2803 4295 2897 4347 καὶ
2928 4296 3110 4363 σχῆμα
3131 4294 3197 4345 τά
3226 4296 3324 4363 μὲν
3356 4298 3434 4358 είς
3464 4297 3693 4362 ἀλόγους
3724 4300 3797 4349 τὰ
3821 4299 3877 4350 δὲ
3918 4301 3996 4361 εἰς

2420 4384 2667 4451 λογικοὺς
2689 4384 3015 4452 διεκλήρωσε
3044 4399 3057 4447 ;
3106 4385 3187 4444 τίς
3216 4384 3272 4435 δὲ
3304 4386 3391 4436 ὑσὶ
3423 4387 3519 4454 μὲν
3542 4389 3634 4438 καὶ
3670 4387 3995 4457 ἀλεκτρυόσι

755 4493 849 4543 tim
910 4490 1232 4555 hominibus
1268 4489 1569 4542 distribuit.
1644 4486 1761 4541 Jam
1828 4504 1952 4541 vero
1991 4490 2115 4557 quis
2164 4505 2311 4552 sues,
2350 4495 2395 4550 Ι)

2350 4495 2395 4550 D
2424 4475 2518 4527 καὶ
2554 4472 2666 4537 αἰξὶ
2696 4476 2786 4525 καὶ
2821 4472 3012 4541 βουσὶ,
3038 4474 3130 4526 καὶ
3165 4475 3217 4525 εῐ
3243 4491 3293 4526 τι
3313 4476 3522 4538 τούτοις
3551 4478 3764 4544 ὅμοιον,
3788 4480 3879 4530 τὸν
3911 4482 3995 4532 διὰ

751 4583 915 4649 gallos
959 4582 1308 4648 gallinaceos,
1352 4595 1568 4648 capras,
1604 4580 1794 4642 boves,
1851 4590 1905 4633 et
1951 4581 1995 4633 si
2053 4581 2182 4647 quid
2237 4582 2319 4635 his

748 4673 927 4725 simile
951 4680 1053 4737 est,
1081 4672 1146 4724 ad
1176 4681 1401 4723 mortem
1440 4687 1535 4740 per
1563 4671 1802 4739 gladium
1863 4671 2195 4725 subeundam
2225 4673 2321 4725 ad-

742 4764 1021 4832 judicavit,
1059 4778 1177 4816 cum
1203 4764 1430 4830 plurima
1456 4763 1753 4815 animantia
1774 4763 1874 4815 hoc
1901 4762 2089 4815 mortis
2125 4777 2323 4830 genere

750 4872 852 4907 non
906 4854 1171 4922 pereant?
1226 4853 1365 4906 Olim
1414 4866 1699 4921 prmterea,
1750 4867 1872 4905 cum
1932 4852 2086 4907 idolis
2138 4854 2313 4907 sacri-

748 4944 937 4997 hcandi
966 4944 1099 4996 ritus
1120 4944 1343 5011 vigeret,
1369 4943 1785 4998 innumerabilis
1808 4943 1998 4996 horum
2022 4958 2139 5012 qua:
2160 4944 2314 5012 jugu-

747 5035 922 5085 lantur
956 5034 1243 5085 multitudo
1289 5048 1391 5085 una
1415 5048 1557 5100 saepe
1592 5031 1973 5084 immolabatur
2001 5032 2152 5084 hora.
2201 5031 2313 5084 lloc

745 5137 872 5173 vero
896 5136 1045 5175 more
1073 5133 1339 5183 cessante,
1379 5136 1483 5175 non
1515 5122 1865 5189 perindejam
1903 5122 2017 5174 haec
2058 5121 2311 5174 animalia

744 5212 917 5278 gladio
978 5212 1681 5278 subjiciuntur?Siderum
1738 5221 1913 5263 tamen
1967 5211 2304 5274 constitutio,

746 5313 802 5352 ut
856 5301 926 5353 illi
965 5301 1336 5369 loquerentur,
1385 5312 1705 5355 constanter
1769 5303 2014 5354 eumdem
2082 5317 2300 5356 cursum

747 5403 936 5456 tenes,
972 5394 1307 5463 ina-qualiter
1357 5395 1491 5448 adeo
1532 5396 1725 5447 horum
1764 5394 2077 5447 animalium
2124 5395 2314 5448 condi-

747 5486 947 5537 tionem
973 5485 1301 5549 immutavit,
1328 5501 1448 5555 qua:
1481 5496 1803 5539 caeterorum
1832 5486 2067 5553 priscum
2098 5486 2307 5539 vivendi

2424 4566 2697 4635 μαχαίρας
2721 4565 2936 4618 ἐδίκασε
2957 4566 3000 4595 δ’
3035 4565 3264 4618 θάνατον
3289 4608 3302 4630 ,
3334 4568 3403 4619 τὰ
3427 4568 3483 4619 δὲ
3519 4569 3746 4622 πλεῖστα
3773 4571 3881 4622 τῶν
3909 4574 3995 4625 ἄλ-

2421 4655 2528 4707 λων
2552 4654 2704 4715 ζώων
2730 4655 2827 4723 τὴν
2872 4654 3128 4724 τοιαύτην
3158 4657 3256 4707 οὐκ
3286 4646 3423 4707 οἶδέν
3441 4657 3485 4687 ⁵³
3512 4659 3817 4725 ὲπήρειαν;
3863 4661 3995 4713 ἀλλά

2423 4747 2517 4798 καὶ
2544 4746 2751 4797 τούτων
2778 4746 2886 4797 τῶν
2907 4745 2953 4775 ⁸⁸
2990 4745 3392 4813 ἀναιρουμένων
3416 4748 3583 4799 πάλαι
3615 4748 3711 4816 μὲν
3730 4791 3743 4810 ,
3777 4751 3879 4820 τῆς
3917 4753 3995 4803 εἱ-

2421 4835 2748 4896 δωλοθυσίας
2770 4835 3206 4903 ἐπικρατούσης,
3246 4837 3470 4905 ἄπειρον
3501 4836 3625 4908 [557
3658 4838 3748 4907 IL]
3784 4843 3843 4891 ἐν
3880 4841 3995 4911 ὥρᾳ

2424 4928 2523 4996 μιᾷ
2561 4924 2851 4979 κατεούετο
2903 4925 3140 4991 πλῆθος·
3198 4925 3290 4977 νῦν
3335 4927 3391 4979 δὲ
3442 4928 3741 4996 παυθείσης
3779 4932 3994 4999 ἐκείνης

2420 5020 2517 5087 οὐχ
2546 5017 2745 5087 ὁμοίως
2772 5021 2833 5071 τὸ
2863 5016 3013 5083 ξίφος
3042 5018 3363 5087 ὑπέρχονται
3398 5036 3412 5083 ;
3438 5020 3547 5071 Καὶ
3591 5020 3699 5072 τῶν
3746 5022 3994 5092 ἀστέρων

2421 5117 2450 5166 ὁ
2496 5114 2879 5182 σχηματισμὸς
2903 5152 2917 5175 ο
2946 5112 3019 5171 ὡς
3052 5109 3117 5162 ἂν
3150 5112 3343 5163 ἐκεῖνοι
3376 5114 3533 5179 φαῖεν
3559 5152 3573 5177 ,
3615 5112 3993 5178 ἀναλλοιὼτως

2420 5207 2510 5259 τὸν
2532 5206 2692 5258 αὐτὸν
2723 5205 3057 5275 ὲξομαλίζων
3079 5205 3274 5275 δρόμον
3293 5242 3308 5267 ,
3342 5204 3482 5257 οὕτω
3506 5206 3605 5274 μὲν
3628 5206 3694 5257 τὰ
3721 5208 3849 5275 περὶ
3871 5207 3992 5258 τού-

2421 5316 2531 5351 των
2562 5298 2864 5366 ἀνωμάλως
2899 5298 3214 5368 ὲξηλλοίωσε
3234 5337 3248 5359 ,
3292 5297 3399 5349 τῶν
3429 5298 3473 5349 δ’
3519 5298 3694 5350 ἄλλων
3720 5297 3876 5360 ζώων
3902 5299 3991 5351 τὸν

2423 5394 2623 5463 τρόπον
2667 5396 2766 5460 τῆς
2813 5394 3044 5461 ἀρχαίας
3087 5394 3231 5459 ζωῆς
3257 5392 3317 5444 οὐ
3356 5392 3669 5461 μετέϐαλεν.
3718 5393 3780 5444 Εἰ
3805 5391 3864 5444 δὲ
3901 5409 3989 5444 και

2424 5505 2546 5540 τινα
2578 5487 2975 5558 παραπλησίως
3012 5490 3215 5540 τούτων
3267 5486 3705 5556 μεταϐέϐληκεν,
3752 5485 3870 5538 ἀλλ’
3908 5486 3967 5536 ὅτ

2056 5639 2287 5694 νΑιιιΑῑ
2314 5638 2719 5695 LECTIONES.

805 5756 847 5787 ³ο
880 5757 982 5811 τῶν
1004 5759 1102 5811 add
1152 5763 1210 5812 Α.
1295 5764 1329 5788 ’³
1358 5760 1459 5810 τιδέ
1497 5759 1550 5811 δὲ
1584 5758 1738 5809 ξενίων
1779 5776 1833 5820 τ.

1916 5762 1955 5789 δ’
1994 5759 2271 5811 tacita-Cios:
2304 5776 2361 5820 τ.

2815 5757 2993 5811 “uin
3053 5773 3159 5810 oin.
3232 5757 3370 5810 llbl‘l.

2572 5759 2591 5769 κ

2450 5768 2487 5788 ‘-‘
2517 5775 2650 5809 ειοεν
2678 5775 2734 5819 τ.
