4208 6448
241 403 346 468 861

1292 410 1809 473 BIBLiOTHECA.
1849 434 1917 445 -
1955 409 2119 470 COD.
2165 409 2479 471 CCXXIII.

3344 404 3450 471 882

242 515 317 584 μὴ
340 512 517 567 πάντα
549 514 680 586 μηδὲ
708 516 776 568 τὰ
806 518 1025 572 πλεῖστα
1044 562 1059 584 ,
1084 520 1233 573 οὐδὲν
1260 518 1425 593 ἧττον
1455 525 1483 577 6
1503 523 1612 576 τῶν
1635 521 1796 577 ἀστέ-
1825 537 1872 593 Α
1898 538 1904 576 ι

1772 551 1796 561 -
1825 524 2114 593 Amulium
2173 523 2488 577 invariatum
2540 522 2773 590 reliquit.
2839 521 2988 588 Quod
3045 524 3089 575 sl
3144 520 3283 576 torte
3336 523 3434 575 alia

241 622 355 675 ρων
382 607 583 674 ὁμαλὸς
618 608 814 678 δρόμος
848 612 941 663 καὶ
972 612 1104 683 πρὸς
1123 614 1166 645 ⁸⁸
1200 615 1553 684 ἀπαράϐατον
1582 615 1795 681 ἀνάγκη

236 695 639 764 διεχλεύασται.
686 701 824 753 Ἀλλ’
851 704 930 765 είς
949 702 1103 755 τοῦτο
1119 705 1164 736 ⁵⁸
1196 705 1292 773 μὲν
1322 705 1555 775 πέρατος
1583 704 1676 758 καὶ
1704 707 1733 758 6
1760 711 1800 755 ε’

237 784 396 851 λόγος
428 791 520 839 καὶ
545 789 604 840 τὸ
624 795 671 856 γ’
701 793 795 844 καὶ
826 798 879 860 μ’
913 793 1207 860 κεφάλαιον
1246 796 1563 865 καταλήγει.

1903 628 2114 681 quoque
2146 616 2399 671 nonnulla
2433 616 2499 668 ad
2545 615 2686 668 hunc
2727 613 2839 667 fere
2894 613 3107 667 modum
3170 613 3453 666 immutata

1905 711 2054 764 sunt,
2086 706 2300 770 quando
2330 705 2380 757 id
2414 718 2585 771 neque
2613 704 2663 756 in
2696 703 2967 764 omnibus,
2992 716 3165 769 neque
3194 702 3245 753 in
3282 699 3449 767 pluri—

1907 792 2009 846 mis
2030 792 2245 856 accidit,
2276 794 2549 861 aequabilis
2577 794 2925 847 nihilominus
2981 802 3250 844 astrorum
3312 802 3443 841 cur-

241 890 357 938 sus,
389 881 443 927 et
490 876 705 946 insuper
738 881 1186 937 incommutabilis
1221 885 1309 937 illa
1358 886 1646 940 necessitas
1665 879 1898 937 ludibrio
1921 884 2163 949 exposita
2191 893 2294 941 est.
2330 884 2395 938 Et
2416 885 2515 938 hoc
2573 885 2786 953 quidem
2851 882 2970 937 libri
3035 898 3085 944 v,
3156 882 3449 949 capitisque

238 968 633 1036 quadragesimi
664 970 807 1023 tertii
838 980 1131 1025 extremum
1159 985 1265 1029 est.

314 1056 441 1129 [689
477 1057 568 1129 8.]
603 1059 691 1112 Ἐν
722 1061 779 1112 δὲ
808 1062 886 1130 τῷ
932 1071 985 1127 ς’
1019 1065 1114 1134 μὲν
1144 1066 1307 1134 λόγῳ,
1338 1064 1379 1117 δ’
1404 1066 1461 1119 δὲ
1494 1066 1587 1118 καὶ
1622 1071 1674 1133 μ’
1706 1080 1799 1118 κε-

1968 1060 2187 1130 2171).
2223 1058 2386 1113 Sexto
2450 1071 2630 1114 autem
2679 1062 2813 1115 libro
2852 1071 2905 1114 et
2941 1031 3114 1129 capite
3154 1061 3450 1129 quadragc-

241 1150 461 1219 φαλαίῳ
487 1149 659 1201 ταῦτα
687 1152 1009 1207 ὑποϐάλλειο.
1028 1156 1089 1207 El
1122 1156 1219 1223 τῆς
1246 1157 1528 1222 γενέσεως,
1564 1155 1748 1223 φησὶν,
1774 1156 1803 1207 6
1896 1163 1903 1198 1

1788 1156 1803 1207 5
1896 1147 2033 1201 simo
2062 1158 2254 1215 quarto
2272 1149 2384 1202 haec
2411 1150 2647 1217 subjicit.
2680 1152 2735 1204 Si
2765 1166 3019 1218 geneseos
3048 1164 3257 1211 cursus,
3283 1152 3377 1211 ait,
3421 1168 3450 1203 e

240 1238 440 1305 δρόμος
468 1239 576 1292 ἀπὸ
603 1240 706 1309 γῆς
726 1242 817 1294 τὸν
834 1242 1116 1312 ἄνθρωπον
1144 1245 1236 1297 καὶ
1262 1246 1328 1298 τὰ
1352 1245 1488 1297 ἄλλα
1516 1246 1625 1297 τῶν
1649 1245 1803 1308 ζώων

242 1330 559 1391 ἀπετέλεσε,
594 1333 709 1394 πῶς
755 1334 870 1385 νυνὶ
915 1334 1083 1402 χωρὶς
1130 1336 1308 1404 γάμου
1353 1335 1475 1387 οὗτε
1523 1335 1805 1405 ἄνθρωπον

242 1420 370 1473 οὔτε
402 1421 472 1474 τὰ
509 1423 676 1492 μυρία
705 1424 817 1494 εῖδη
838 1424 948 1477 τῶν
977 1424 1127 1487 ζώων
1156 1427 1401 1496 οὐδαμῶς
1429 1428 1743 1496 προάγουσα
1760 1426 1804 1456 ⁸⁷

242 1511 524 1564 δείκνυται
542 1528 557 1576 ;
582 1513 645 1566 Ei
668 1513 725 1565 δέ
744 1531 864 1565 τινα
885 1514 1084 1567 τούτων
1108 1514 1203 1567 καὶ
1222 1518 1606 1584 νυνὶξπροάγει,
1620 1515 1767 1568 ὥσπε
1775 1534 1806 1584 ρ

245 1601 539 1670 σκώληκας
562 1603 653 1653 καὶ
679 1602 903 1655 τοιαῦτα
919 1604 965 1635 ⁸³
988 1603 1124 1666 ἔνια,
1147 1604 1262 1666 πῶς
1294 1604 1369 1673 μὴ
1392 1605 1482 1657 καὶ
1506 1604 1682 1657 πάντα
1706 1606 1806 1657 ὅσα

248 1693 455 1759 ὁμοίως
485 1691 580 1744 ἀπ’
608 1692 781 1761 ἀρχῆς
808 1694 908 1763 τῆς
944 1694 1047 1762 γῆς
1089 1694 1253 1759 ἔδειξε
1280 1695 1553 1762 φυόμενα;
1593 1696 1729 1746 Ἀλλ’
1757 1696 1804 1746 εί

250 1779 350 1831 καὶ
378 1780 578 1849 δρόμος
620 1782 862 1851 ἀστέρων
891 1784 1015 1845 τοὺς
1040 1783 1357 1852 ἀνθρώπους
1383 1784 1489 1837 ἀπὸ
1532 1783 1636 1853 γῆς
1673 1786 1805 1836 κατ’

245 1867 425 1937 ἀρχὰς
467 1868 689 1930 ἔπλασε,
724 1871 842 1931 πῶς
867 1872 987 1941 οὐχὶ
1033 1873 1126 1925 καὶ
1164 1875 1409 1943 τεχνίτας
1437 1875 1631 1927 αὐτίκα
1663 1893 1801 1946 συμ-

240 1960 583 2027 προήγαγεν,
614 1959 748 2012 ἀλλά
768 1961 946 2032 πολλῷ
966 1963 1140 2033 χρόνῳ
1162 1964 1285 2017 ῦστε
1295 1981 1385 2033 ρον
1407 1966 1687 2036 τεκτονικὴ
1711 1969 1804 2020 καὶ

239 2050 515 2118 ὑφαντικὴ
549 2052 641 2104 καὶ
687 2053 930 2122 ἱστορικὴ
958 2054 1265 2124 γεωμετρία
1295 2073 1353 2108 τε
1401 2057 1495 2108 καὶ
1544 2057 1803 2129 ῥητορικὴ

239 2143 339 2193 καὶ
373 2142 562 2211 μυρίαι
591 2142 775 2213 τέχναι
801 2144 957 2199 ἄλλαι
988 2146 1265 2213 λογισμοῖς
1306 2146 1665 2218 ἀνθρωπίνοις
1710 2150 1801 2202 εὐ-

243 2231 484 2300 ρέθησάν
515 2250 574 2286 τε
606 2235 699 2287 καὶ
725 2236 1072 2303 ἐπεγένοντος
1104 2238 1163 2290 Εἰ
1185 2238 1239 2290 δὲ
1270 2238 1363 2290 καὶ
1391 2241 1672 2309 προελθεῖν
1696 2243 1803 2294 ἀπὸ

236 2324 345 2391 γῆς
370 2326 736 2395 ἐπιστήμονας
758 2329 883 2390 τοὺς
908 2329 1223 2398 ἀνθρώπους
1243 2347 1300 2382 τε
1310 2332 1673 2400 ρατεύσοιντο,
1688 2335 1803 2397 πῶς

234 2416 360 2467 τότε
397 2419 494 2488 μὲν
520 2420 645 2473 ἄνευ
671 2418 955 2488 μαθήσεως
979 2420 1337 2489 ἐπιστήμονες
1358 2422 1669 2490 ἀνεφύοντο,
1687 2427 1803 2479 νυνὶ

234 2508 294 2560 δὲ
324 2508 512 2570 πόνοις
539 2509 629 2560 καὶ
658 2509 908 2577 μελέταις
943 2508 1093 2578 μόλις
1124 2509 1443 2578 κατορθοῦσι
1489 2512 1588 2582 τὴν
1631 2515 1802 2585 μάθη-

238 2615 361 2663 σιν;
400 2597 510 2651 Ποῦ
540 2599 585 2651 δ’
614 2598 707 2652 οὖν
746 2600 948 2668 οἴχεται
975 2598 1169 2669 δρόμος
1196 2602 1399 2663 ἐκεῖνος
1426 2603 1455 2653 6
1482 2602 1706 2667 παλαιὸς
1724 2646 1740 2669 ,
1775 2607 1804 2657 6

238 2690 369 2751 τοὺς
417 2690 533 2758 ἃμα
579 2693 641 2761 τῇ
695 2691 902 2760 προόδῳ
951 2693 1145 2759 σοφοὺς
1167 2692 1210 2721 δ’
1263 2692 1643 2758 ἀναπλάττωνς
1698 2696 1804 2748 Καὶ

238 2780 406 2832 πόθεν
438 2781 508 2833 τά
530 2780 943 2851 νῦνάντανέστη
970 2782 999 2833 6
1030 2782 1155 2844 τοὺς
1184 2783 1471 2850 αὐτοφυεῖς
1504 2785 1801 2854 ἐπιστήμο-

235 2890 335 2935 νας
364 2874 548 2934 πόνοις
582 2871 922 2941 προόιόάζων
951 2873 1045 2925 καὶ
1076 2876 1257 2945 μακρᾷ
1286 2876 1515 2945 μελέτῃς
1550 2878 1613 2929 Τί
1644 2878 1685 2929 δ’
1709 2876 1802 2931 οῦν

235 2965 265 3013 6
294 2963 575 3030 μιαιφόνος
608 2962 872 3031 ἔπραττεν
892 2964 1061 3033 ’Δρης
1082 2965 1199 3016 τότε
1222 2965 1329 3017 τῶν
1355 2966 1653 3035 ἀνθρώπων
1672 2987 1774 3022 κατ
1789 2972 1802 2987 “

235 3054 489 3122 ἀλλήλων
534 3053 631 3121 οὐχ
676 3052 1075 3119 ὁπλιζομένωνς
1123 3054 1232 3107 Ποῦ
1278 3056 1323 3109 δ’
1353 3059 1380 3109 6
1430 3058 1679 3125 βασιλέας
1709 3062 1801 3114 καὶ

1901 1246 2039 1292 terra
2076 1240 2341 1294 hominem
2374 1252 2673 1309 ceteraque
2708 1243 2956 1295 animalia
3004 1244 3284 1311 produxit,
3319 1260 3450 1310 quu-

1904 1330 2064 1383 modo
2096 1345 2241 1385 nunc
2267 1333 2383 1385 sine
2407 1332 2655 1401 coniugio
2680 1346 3009 1401 nequaquam
3043 1333 3123 1385 vel
3158 1334 3449 1393 hominem,

1906 1422 1985 1474 vel
2014 1422 2190 1475 varias
2232 1422 2349 1476 illas
2378 1424 2732 1476 animantium
2764 1424 2966 1491 species
3028 1425 3325 1493 producere
3355 1426 3451 1477 de-

1905 1512 2300 1580 prehenditur?
2326 1512 2476 1578 Quod
2504 1514 2566 1567 si
2601 1524 2655 1567 et
2695 1530 2837 1567 nunc
2872 1516 3117 1581 quaedam
3160 1528 3341 1567 eorum
3374 1515 3450 1567 sic

1907 1604 2171 1669 producit,
2202 1619 2411 1658 vermes
2442 1615 2567 1672 puta
2617 1614 2670 1657 et
2705 1605 2754 1657 id
2786 1620 2951 1672 genus
3000 1606 3274 1667 nonnulla,
3318 1620 3449 1659 ouo-

1906 1695 2064 1746 modo
2114 1709 2215 1748 non
2258 1696 2416 1748 etiam
2476 1696 2654 1748 omnia
2739 1696 2841 1748 alia
2897 1709 3223 1763 quaecunque
3263 1696 3447 1749 eodem

1906 1788 2063 1839 modo
2100 1800 2130 1839 e
2180 1797 2320 1840 terra
2370 1788 2436 1840 ab
2487 1787 2635 1839 initio
2692 1794 2946 1855 prognata
2994 1783 3275 1838 exhibuit?
3303 1784 3371 1836 At
3403 1784 3446 1836 si

1904 1878 2044 1932 forte
2072 1878 2349 1933 stellarum
2389 1894 2579 1933 cursus
2620 1880 2867 1932 homines
2914 1893 2944 1931 e
2994 1889 3133 1932 terra
3164 1879 3314 1932 initio
3344 1880 3451 1930 tor-

1904 1967 2087 2031 mavit,
2122 1980 2217 2019 cur
2243 1982 2345 2020 non
2391 1981 2486 2021 eos
2520 1968 2590 2019 ita
2637 1966 2904 2035 produxit,
2942 1976 2999 2019 ut
3042 1965 3199 2021 simul
3243 1966 3450 2019 artibus

1904 2058 2149 2111 instructi
2193 2058 2513 2126 prodirent?
2547 2059 2639 2111 sed
2668 2058 2823 2127 longo
2860 2068 2977 2125 post
3007 2067 3243 2126 tempore
3281 2068 3336 2111 et
3370 2056 3447 2109 fa-

1902 2148 2053 2203 brilis
2094 2163 2184 2203 ars
2226 2158 2386 2215 atque
2429 2149 2681 2213 textoris,
2722 2157 2775 2202 et
2823 2147 3099 2211 historica,
3132 2149 3446 2216 geometria,

1904 2241 2194 2303 rhetorica,
2243 2240 2469 2309 aliaquo
2542 2242 2831 2294 innumera:
2876 2250 3016 2295 artes
3056 2242 3288 2294 humano
3321 2250 3446 2295 sunt

1904 2334 2114 2401 ingenio
2138 2333 2367 2400 primum
2404 2332 2717 2401 excogitata:
2750 2342 2909 2399 atque
2941 2332 3210 2385 inductae?
3236 2332 3289 2386 Si
3321 2347 3446 2384 vero

1901 2426 2209 2497 provenisse
2235 2424 2477 2479 homines
2507 2423 2631 2477 olim
2660 2424 2879 2477 scientia
2918 2424 3206 2477 instructos
3235 2437 3263 2475 c
3304 2434 3447 2475 terra

1911 2527 2213 2585 nugentur:
2240 2516 2504 2585 quomodo
2540 2525 2665 2567 tunc
2697 2515 2812 2569 sine
2840 2514 3118 2583 disciplina
3151 2514 3291 2568 docti
3322 2525 3445 2566 sunt

1903 2610 2035 2672 Itali,
2075 2608 2167 2677 qui
2196 2623 2336 2662 nunc
2362 2608 2447 2661 vix
2485 2606 2665 2660 multis
2694 2606 2962 2659 laboribus
2990 2616 3150 2675 atque
3179 2605 3443 2659 exercita—

1904 2697 2135 2751 tionibus
2183 2698 2478 2751 doctrinam
2511 2695 2743 2764 parant?
2777 2694 2892 2759 Quo
2937 2709 3075 2747 nunc
3106 2694 3266 2763 igitur
3300 2702 3447 2747 vetus

1909 2788 1997 2841 ille
2032 2802 2220 2841 cursus
2252 2787 2495 2846 recessit,
2525 2788 2611 2855 qui
2641 2787 2707 2839 ab
2742 2787 2857 2853 ipso
2887 2798 3003 2839 ortu
3038 2786 3307 2853 sapientes
3348 2787 3445 2838 ho-

1901 2881 2072 2933 mines
2126 2878 2514 2948 ﬁngebat'laut
2562 2877 2699 2930 unde
2748 2876 2835 2931 hic
2885 2885 3066 2929 noster
3105 2877 3321 2944 prodiit,
3354 2878 3445 2943 qui

1900 2980 2087 3023 natura
2120 2984 2212 3023 sua
2247 2970 2445 3038 peritos
2489 2968 2699 3022 nonnisi
2755 2982 2848 3035 per
2889 2966 3094 3019 labores
3128 2981 3192 3020 ac
3240 2967 3444 3034 Iungam

1898 3059 2336 3113 exercitationem
2375 3057 2664 3125 provehit?
2688 3056 2822 3122 Quid
2858 3056 3016 3125 igitur
3048 3055 3276 3109 crudelis
3306 3056 3449 3111 Mars

234 3147 506 3215 ἄρχοντας
534 3145 702 3197 ποιῶν
721 3145 827 3196 τῶν
846 3145 1084 3216 ἀστέρων
1109 3146 1323 3215 δρόμος,
1352 3148 1571 3212 πολλαῖς
1593 3155 1800 3217 γενεαῖς
1826 3164 1870 3223 c

1782 3164 1870 3223 :c
1904 3163 2012 3207 tum
2058 3151 2304 3215 faciebat,
2338 3166 2456 3203 cum
2489 3151 2734 3203 homines
2770 3149 2820 3201 in
2848 3159 3080 3200 mutuam
3112 3147 3308 3199 caedem
3341 3162 3444 3198 nun

236 3236 471 3303 ὕστερον
498 3237 589 3288 καὶ
617 3237 674 3289 τὸ
701 3236 841 3288 κατά
868 3236 1056 3305 κώμας
1086 3240 1271 3302 οἰκεῖν,
1306 3241 1380 3310 μή
1411 3240 1463 3292 τί
1491 3258 1552 3308 γε
1590 3244 1744 3297 πόλιν
1767 3245 1799 3315 ἢ

233 3325 416 3393 ἀρχὴν
461 3325 655 3377 εἰδέναι
703 3325 1137 3395 ἐπιωησάντωη
1170 3327 1259 3379 διὰ
1297 3328 1350 3381 τί
1390 3329 1449 3383 δὲ
1492 3332 1655 3384 πάλαι
1703 3336 1801 3403 μὶν

232 3416 519 3486 ἄνθρωποι
551 3415 754 3484 τεχνῶν
795 3417 1156 3485 ἐχρημάτιζον
1199 3419 1441 3488 εὑρεταὶ,
1475 3422 1569 3474 νῦν
1598 3424 1655 3477 δὲ
1685 3427 1803 3488 ταῖς

234 3504 631 3574 ὲξευρημέναις
671 3506 995 3575 ἀρκούμενοι
1036 3508 1345 3578 περαιτέρω
1393 3513 1670 3580 προελθεῖν
1704 3516 1803 3569 οὐκ

234 3595 578 3656 ἐπινοοῦσιν;
615 3596 685 3648 Ἢ
717 3597 874 3665 δῆλον
901 3599 981 3650 ὅτι
1024 3600 1053 3650 6
1091 3600 1241 3669 παρὰ
1268 3602 1403 3655 Θεοῦ
1443 3607 1556 3667 τοῖς
1594 3608 1803 3677 ἀνθρὼ-

233 3704 366 3749 ποις
391 3685 563 3749 δοθεὶς
590 3687 732 3751 νοῦς,
768 3690 943 3759 χρόνῳ
971 3691 1064 3743 καὶ
1093 3695 1236 3760 πόνῳ
1265 3697 1357 3746 καὶ
1385 3700 1491 3764 πρό
1514 3714 1575 3764 γε
1600 3700 1802 3753 τούτων

231 3778 304 3844 τῇ
333 3774 541 3829 ἀνωθεν
570 3777 827 3846 συνεργίᾳ
852 3780 919 3831 τὰ
949 3779 1083 3848 πρὸς
1117 3782 1207 3833 τὸν
1238 3783 1351 3851 βίον
1377 3787 1620 3855 χρήσιμα
1652 3790 1802 3853 ἐξευ-

235 3865 373 3934 ρὼν,
408 3866 539 3936 ἔστη
570 3866 665 3919 τοῦ
692 3870 1022 3939 πορρωτέρω
1048 3873 1141 3924 καὶ
1174 3874 1350 3943 μάτην
1382 3879 1803 3950 ἐνταλαιπωρεῖ-

234 3957 367 4009 σθαι
395 3959 516 4019 ταῖς
549 3958 831 4021 ἐπινοίαις.
862 3961 987 4023 Πῶς
1024 3962 1080 4014 δὲ
1121 3962 1215 4015 τοῦ
1243 3965 1406 4017 αὑτοῦ
1438 3968 1623 4033 γένους
1653 3971 1803 4036 ἔθνος

234 4048 341 4116 μὲν
368 4045 657 4115 ὁλόκληρον
683 4049 843 4116 κομᾷ,
868 4049 996 4101 ἄλλο
1018 4050 1073 4103 δὲ
1100 4051 1372 4121 κείρεταις
1406 4056 1515 4108 Καὶ
1546 4057 1671 4111 ἄλλο
1704 4061 1801 4129 μὲν

232 4138 605 4208 μητρογαμεῖ,
627 4137 693 4188 τὰ
724 4138 890 4189 πλείω
913 4139 967 4191 δὲ
994 4142 1241 4210 μυσαράν
1264 4144 1362 4212 τὴν
1387 4147 1584 4213 πρᾶξιν
1610 4150 1801 4217 ἡγοῦν-

225 4243 362 4291 ταις
406 4229 515 4280 Καὶ
548 4228 767 4298 μυρίαις
796 4230 979 4293 ἄλλαις
1012 4234 1499 4302 κατατέμνονται⁸⁸
1523 4238 1801 4310 διαφοραῖς

224 4318 439 4385 νόμων,
476 4316 624 4385 βίων,
655 4317 792 4371 ἐθῶν
812 4334 825 4347 ·
860 4321 955 4372 καὶ
978 4321 1151 4381 οὐδεὶς
1175 4323 1419 4391 ἀστέρων
1448 4326 1646 4397 δρόμος
1676 4329 1798 4383 οῦτε

1900 3244 2285 3297 armarentur?
2332 3242 2428 3297 Ubi
2486 3251 2752 3295 astrorum
2800 3254 2992 3293 cursus
3044 3238 3131 3291 ille
3165 3253 3344 3305 regum
3394 3247 3448 3291 et

1900 3332 2201 3401 principum
2241 3331 2420 3384 multis
2471 3338 2588 3396 post
2636 3327 2866 3389 sarculis,
2909 3335 2966 3378 ut
3005 3335 3058 3380 et
3094 3340 3253 3394 pagos
3297 3324 3446 3379 habi-

1901 3420 2047 3475 tandi
2073 3428 2275 3481 auctor,
2298 3436 2416 3473 cum
2436 3431 2604 3485 neque
2630 3425 2807 3470 mente
2837 3414 3047 3483 quidem
3076 3414 3259 3467 urbem
3284 3413 3446 3466 ullum

1902 3522 1993 3569 aut
2045 3512 2329 3580 imperium
2382 3510 2625 3563 homines
2658 3502 3091 3572 excogitassenti
3117 3501 3224 3557 Cur
3267 3501 3446 3555 adhmc

1900 3608 2025 3660 olim
2065 3603 2310 3657 homines
2356 3601 2545 3653 artium
2585 3598 2893 3651 inventores
2935 3602 3109 3655 erant,
3136 3608 3277 3646 nunc
3317 3606 3447 3645 vero

1901 3695 2134 3751 inventis
2176 3692 2412 3747 contenti
2462 3689 2669 3754 longius
2716 3686 2965 3755 progredi
3022 3699 3127 3737 non
3178 3684 3447 3737 student?

1901 3784 2237 3839 Manifestum
2280 3790 2428 3834 certe
2471 3783 2646 3831 datam
2681 3791 2709 3829 a
2741 3775 2850 3829 Deo
2898 3775 3201 3829 hominibus
3250 3772 3447 3827 intelli-

1902 3874 2057 3945 gendi
2088 3873 2217 3934 vim,
2247 3880 2364 3940 post
2390 3871 2598 3922 inventa
2634 3881 2753 3919 cum
2796 3874 3035 3931 tempore
3070 3873 3123 3916 et
3158 3862 3354 3925 labore,
3383 3878 3445 3916 ac

1902 3961 2239 4031 potissimum
2287 3972 2406 4010 cum
2440 3954 2647 4007 cmlesti
2700 3952 2896 4005 auxilio
2936 3966 2996 4003 ea
3031 3964 3147 4018 quae
3176 3951 3240 4002 ad
3286 3951 3445 4003 vitam

1904 4054 2153 4106 tuendam
2195 4060 2349 4104 erant
2388 4049 2559 4110 utilia,
2592 4047 2701 4115 jam
2734 4045 3060 4109 constitisse,
3097 4059 3269 4112 neque
3309 4044 3445 4097 ultra

1901 4144 2192 4213 quidquam
2223 4141 2425 4195 frustra
2459 4137 2925 4193 comminiscendis
2948 4136 3100 4190 novis
3126 4135 3443 4189 allaborare.

1900 4235 2182 4301 Quomodo
2214 4234 2341 4287 item
2364 4230 2602 4300 ejusdem
2638 4229 2925 4297 provinciae
2961 4230 3243 4281 totaonatio
3272 4226 3444 4294 aliqua

1901 4342 2111 4382 comam
2140 4324 2332 4385 nutrit,
2363 4323 2465 4376 alia
2490 4320 2779 4374 tondetur?
2818 4320 2882 4372 Et
2908 4318 3149 4387 quaedam
3176 4334 3307 4387 gens
3335 4334 3448 4370 tua-

1903 4419 2071 4473 tribus
2100 4416 2377 4478 miscetur,
2400 4414 2577 4483 plures
2599 4426 2725 4465 vero
2748 4412 2886 4464 hunc
2914 4408 3303 4463 exsecrandum
3330 4422 3449 4461 esse

222 4409 363 4471 τοὺς
410 4410 657 4478 κομήτας
686 4409 897 4479 κείρει,
931 4412 1052 4464 οὔτε
1082 4414 1205 4475 τοὺς
1242 4416 1592 4484 κειρομένους
1626 4422 1800 4490 κομᾷν

224 4500 570 4563 ἐκὸιάζεται,
602 4500 719 4553 οὐδὲ
753 4499 877 4570 [558
911 4500 1006 4570 ιι]
1036 4502 1102 4555 τὰ
1132 4503 1265 4557 ἄλλα
1293 4479 1550 4573 πράττειν
1582 4479 1793 4575 atad-4},
1824 4479 1877 4541 Ι)

1787 4553 1793 4572 ,
1824 4479 1877 4541 D
1904 4525 2105 4565 morem
2153 4479 2533 4563 ducuntiEtsi
2575 4504 2693 4557 aliis
2720 4504 2937 4570 insuper
2976 4500 3449 4555 innumerabilibus

224 4592 335 4643 ὅσα
361 4592 473 4652 τοῖς
508 4591 656 4659 παρά
689 4592 840 4657 σφίσι
871 4591 1055 4660 νόμοις
1085 4592 1184 4645 οὐκ
1209 4592 1429 4663 ἔμαθον.
1462 4598 1571 4651 Καὶ
1601 4601 1670 4654 τὰ
1697 4602 1796 4671 μὲν

1787 4621 1796 4652 ι
1902 4598 2220 4654 diﬂ'erentiis
2265 4598 2461 4665 legum,
2498 4596 2639 4657 vitae,
2672 4608 2734 4647 ac
2774 4591 3221 4647 consuetudinum
3258 4591 3449 4643 distiu-

218 4681 324 4732 τοῦ
356 4682 619 4749 παρόντος
646 4680 940 4748 κεφαλαίου
970 4681 1209 4735 τοιαῦτα.

1902 4700 2159 4762 guuntur,
2208 4702 2379 4756 neque
2424 4698 2599 4740 tamen
2648 4684 2787 4737 ullus
2831 4683 3067 4737 siderum
3122 4695 3313 4735 cursus
3359 4687 3452 4732 aut

218 4784 477 4826 comatos
512 4772 714 4834 tondet,
753 4781 846 4823 aut
868 4779 1118 4825 attonsos
1144 4788 1355 4828 comam
1378 4776 1522 4833 alere
1554 4783 1713 4852 cogit,
1742 4798 1836 4845 aut
1872 4790 1977 4845 alia
2008 4789 2141 4842 alios
2167 4786 2365 4847 facere,
2405 4796 2521 4849 quae
2548 4778 2661 4832 suis
2697 4777 2795 4846 ipsi
2868 4776 3075 4845 legibus
3127 4775 3270 4829 docti
3344 4788 3449 4827 non

218 4874 379 4922 sunt.
410 4863 536 4917 Haec
558 4875 735 4917 autem
763 4864 883 4932 ipso
908 4864 1083 4931 capite
1112 4866 1475 4922 continentur.

298 4956 395 5008 Ἐν
422 4956 478 5008 δὲ
504 4954 581 5023 τῷ
614 4955 739 5023 ἑξῆς
764 4956 958 5022 ἐπάγει
986 4955 1081 5017 ὡς,
1106 4957 1271 5010 είῖκαὶ
1294 4957 1502 5023 δόξαιεν
1528 4968 1796 5034 καταφεύ-

1789 4999 1796 5009 -
1974 4965 2226 5021 Proximo
2253 4976 2377 5015 vero
2406 4958 2531 5011 illud
2569 4955 2817 5010 adducit:
2848 4955 2904 5009 Si
2927 4953 3086 5009 etiam
3114 4952 3207 5007 l'ati
3245 4960 3451 5005 amato~

214 5066 349 5116 γειν
377 5047 429 5098 οἱ
456 5047 552 5115 τῆς
601 5047 943 5117 εἱμαρμένης
996 5048 1223 5116 ἐρασταὶ
1252 5050 1343 5102 ἐπὶ
1377 5053 1502 5115 τοὺς
1549 5072 1795 5127 παρανα-

1786 5090 1795 5100 -
1899 5073 1991 5114 res
2036 5056 2110 5109 illi
2159 5050 2463 5122 fugiendum
2496 5056 2681 5117 putent
2718 5046 2783 5099 ad
2827 5045 3121 5099 vicinarum
3174 5044 3448 5097 stellarum

212 5140 535 5200 στέλλοντας,
570 5136 618 5191 οἶ
667 5137 775 5190 τῶν
822 5137 1026 5202 ζωδίων
1060 5140 1153 5191 καὶ
1195 5140 1301 5192 τῶν
1344 5142 1626 5215 πλανήτων
1654 5152 1793 5203 εἰσὶν

1790 5168 1793 5189 ν
1897 5157 2116 5204 exortus
2138 5152 2277 5213 (quae
2300 5158 2327 5194 a
2348 5139 2512 5209 signis
2531 5148 2690 5205 atque
2721 5134 2946 5205 planetis
2978 5135 3200 5187 diversa:
3220 5172 3235 5197 ,
3255 5133 3452 5200 2180

213 5233 407 5301 ἕτεροι
462 5231 554 5283 καὶ
600 5228 722 5283 οὔτε
768 5233 880 5294 τοῖς
926 5233 1021 5301 τῆς
1072 5233 1340 5298 γενέσεως
1385 5237 1788 5311 ἀποτελέσμασι

1783 5266 1788 5298 μ
1896 5237 2151 5293 fatalibus
2181 5244 2435 5302 geneseos
2480 5226 2688 5282 eventis
2738 5225 2924 5279 aﬂincs
2952 5237 3055 5276 non
3088 5231 3238 5284 sunt,
3273 5236 3445 5287 neque

211 5323 510 5393 χαίρουσιν
541 5319 663 5373 οὔτε
707 5321 955 5391 ἀλλήλοις
982 5322 1295 5392 συνᾴδουσιν
1318 5366 1333 5390 ,
1364 5327 1500 5381 ἀλλά
1531 5331 1671 5384 κατά
1697 5335 1793 5397 τάς

1784 5352 1793 5395 ς
1900 5332 2043 5385 inter
2075 5343 2135 5380 se
2162 5323 2529 5382 consentiunt,
2554 5320 2644 5373 sed
2675 5332 2769 5387 pro
2797 5317 3067 5370 climatum
3110 5311 3446 5373 dili‘erentiis,

211 5413 332 5465 τῶν
381 5410 657 5480 κλιμάτων
704 5410 967 5482 διαφορὰς
1011 5412 1238 5476 ἕκαστος
1287 5416 1464 5469 αὐτῶν
1508 5420 1574 5473 τά
1620 5423 1792 5477 οἰκεῖα

1786 5441 1792 5475 :
1896 5419 2119 5491 singula:
2150 5432 2275 5471 suos
2296 5413 2635 5483 suppeditant
2654 5407 2925 5474 eventus),
2962 5406 3138 5459 dicant
3166 5405 3322 5459 velim
3352 5420 3448 5456 nu-

215 5504 457 5573 χορηγεῖ
500 5502 933 5569 ἀποτελέσματα,
967 5502 1275 5558 εἰπάτωσαν
1303 5507 1436 5577 ἡμῖν
1465 5512 1565 5563 ποῦ
1602 5514 1661 5565 τὸ
1694 5516 1793 5583 τῆς

1786 5533 1793 5575 :
1898 5515 2006 5574 bis,
2040 5510 2254 5564 ubinam
2282 5506 2351 5559 sit
2382 5516 2635 5573 geneseos
2662 5501 2977 5554 inconcussa
3002 5496 3089 5550 illa
3118 5494 3344 5549 (inuitas
3370 5503 3448 5545 at-

283 5704 337 5785 ,"
576 5705 649 5768 ὡς
678 5702 741 5758 Ᾱ-
770 5705 861 5785 --⁵⁸
886 5704 1072 5785 τοῦτον
1116 5723 1175 5769 ς.
1250 5706 1295 5736 ⁵⁷
1327 5712 1670 5782 προσάγουσα
1719 5733 1777 5778 ς.
1858 5716 1899 5748 ³⁸
1928 5715 2119 5785 ὥσπερ
2160 5714 2252 5767 καὶ
2296 5710 2456 5766 eam.
2514 5706 2606 5761 xu".
2655 5706 2719 5759 τὰ
2766 5698 2983 5755 τοιαῦτα
3015 5718 3074 5767 ς.
3150 5702 3194 5734 ⁸⁵
3234 5700 3444 5771 assam

208 5774 349 5837 τοὺς
395 5775 590 5841 σοιςοὺς
636 5792 694 5837 ς.
770 5776 815 5807 ⁸³
842 5777 1235 5846 κατατέμνεται
1265 5794 1325 5840 ς.
