  <div class='ocr_page' id='page_1' title='image "/cluster/home/n/w/nwhite01/storage/ocr_20150623/103/nnc1.0046979689/439.png"; bbox 0 0 4208 6448; ppageno 0'>
   <div class='ocr_carea' id='block_1_1' title="bbox 770 405 875 471">
    <p class='ocr_par' dir='ltr' id='par_1_1' title="bbox 770 405 875 471">
     <span class='ocr_line' id='line_1_1' title="bbox 770 405 875 471; baseline 0 0"><span class='ocrx_word' id='word_1_1' title='bbox 770 405 875 471; x_wconf 83' lang='lat'><strong>863</strong></span> 
     </span>
    </p>
   </div>
   <div class='ocr_carea' id='block_1_2' title="bbox 1912 388 2848 457">
    <p class='ocr_par' dir='ltr' id='par_1_2' title="bbox 1912 388 2848 457">
     <span class='ocr_line' id='line_1_2' title="bbox 1912 388 2848 457; baseline -0.005 -1"><span class='ocrx_word' id='word_1_2' title='bbox 1912 394 2175 457; x_wconf 80' lang='lat' dir='ltr'><strong>PHOTII</strong></span> <span class='ocrx_word' id='word_1_3' title='bbox 2204 388 2704 454; x_wconf 75' lang='lat' dir='ltr'><strong>PATRIARCH/E</strong></span> <span class='ocrx_word' id='word_1_4' title='bbox 2741 389 2848 452; x_wconf 71' lang='grc' dir='ltr'><strong>(ΖΡ.</strong></span> 
     </span>
    </p>
   </div>
   <div class='ocr_carea' id='block_1_3' title="bbox 3894 384 4002 447">
    <p class='ocr_par' dir='ltr' id='par_1_3' title="bbox 3894 384 4002 447">
     <span class='ocr_line' id='line_1_3' title="bbox 3894 384 4002 447; baseline -0.019 1"><span class='ocrx_word' id='word_1_5' title='bbox 3894 384 4002 447; x_wconf 71' lang='grc'><strong>866</strong></span> 
     </span>
    </p>
   </div>
   <div class='ocr_carea' id='block_1_4' title="bbox 768 489 2407 586">
    <p class='ocr_par' dir='ltr' id='par_1_4' title="bbox 768 505 2407 586">
     <span class='ocr_line' id='line_1_4' title="bbox 768 505 2407 586; baseline -0.006 -15"><span class='ocrx_word' id='word_1_6' title='bbox 768 533 872 586; x_wconf 86' lang='lat' dir='ltr'><strong>que</strong></span> <span class='ocrx_word' id='word_1_7' title='bbox 905 511 1257 573; x_wconf 72' lang='lat' dir='ltr'><strong>constantia?</strong></span> <span class='ocrx_word' id='word_1_8' title='bbox 1292 510 1367 565; x_wconf 82' lang='lat' dir='ltr'><strong>Ex</strong></span> <span class='ocrx_word' id='word_1_9' title='bbox 1398 510 1465 565; x_wconf 86' lang='lat' dir='ltr'><strong>iis</strong></span> <span class='ocrx_word' id='word_1_10' title='bbox 1487 511 1632 565; x_wconf 79' lang='lat' dir='ltr'><strong>enim</strong></span> <span class='ocrx_word' id='word_1_11' title='bbox 1666 524 1784 579; x_wconf 71' lang='lat' dir='ltr'><strong>qua:</strong></span> <span class='ocrx_word' id='word_1_12' title='bbox 1814 508 1913 577; x_wconf 77' lang='lat' dir='ltr'><strong>ipsi</strong></span> <span class='ocrx_word' id='word_1_13' title='bbox 1944 507 2185 561; x_wconf 82' lang='lat' dir='ltr'><strong>referunt</strong></span> <span class='ocrx_word' id='word_1_14' title='bbox 2208 505 2338 559; x_wconf 84' lang='lat' dir='ltr'><strong>satis</strong></span> <span class='ocrx_word' id='word_1_15' title='bbox 2364 506 2407 561; x_wconf 83' lang='lat' dir='ltr'><strong>A</strong></span> 
     </span>
    </p>
   </div>
   <div class='ocr_carea' id='block_1_5' title="bbox 2434 489 4003 586">
    <p class='ocr_par' dir='ltr' id='par_1_5' title="bbox 2436 489 4003 569">
     <span class='ocr_line' id='line_1_5' title="bbox 2436 489 4003 569; baseline -0.014 -15"><span class='ocrx_word' id='word_1_16' title='bbox 2436 500 2702 569; x_wconf 85' lang='grc' dir='ltr'>γενέσεως</span> <span class='ocrx_word' id='word_1_17' title='bbox 2733 498 2947 569; x_wconf 86' lang='grc' dir='ltr'>βέϐαιον</span> <span class='ocrx_word' id='word_1_18' title='bbox 2992 494 3087 547; x_wconf 73' lang='grc' dir='ltr'>καὶ</span> <span class='ocrx_word' id='word_1_19' title='bbox 3124 492 3447 548; x_wconf 78' lang='grc' dir='ltr'>ἀσάλευτονο</span> <span class='ocrx_word' id='word_1_20' title='bbox 3474 489 3701 552; x_wconf 78' lang='grc' dir='ltr'>ἔκαστος</span> <span class='ocrx_word' id='word_1_21' title='bbox 3734 490 3845 559; x_wconf 73' lang='grc' dir='ltr'>γὰρ</span> <span class='ocrx_word' id='word_1_22' title='bbox 3874 494 4003 543; x_wconf 65' lang='grc' dir='ltr'><strong>τού-</strong></span> 
     </span>
    </p>
   </div>
   <div class='ocr_carea' id='block_1_6' title="bbox 769 596 2332 680">
    <p class='ocr_par' dir='ltr' id='par_1_6' title="bbox 769 596 2332 680">
     <span class='ocr_line' id='line_1_6' title="bbox 769 596 2332 680; baseline -0.011 -15"><span class='ocrx_word' id='word_1_23' title='bbox 769 620 1013 680; x_wconf 82' lang='lat' dir='ltr'><strong>apparet,</strong></span> <span class='ocrx_word' id='word_1_24' title='bbox 1034 604 1267 676; x_wconf 85' lang='lat' dir='ltr'><strong>propriis</strong></span> <span class='ocrx_word' id='word_1_25' title='bbox 1289 604 1491 658; x_wconf 88' lang='lat' dir='ltr'><strong>viribus</strong></span> <span class='ocrx_word' id='word_1_26' title='bbox 1519 605 1710 656; x_wconf 87' lang='lat' dir='ltr'><strong>barum</strong></span> <span class='ocrx_word' id='word_1_27' title='bbox 1741 600 1980 670; x_wconf 87' lang='lat' dir='ltr'><strong>singulas</strong></span> <span class='ocrx_word' id='word_1_28' title='bbox 2015 600 2159 653; x_wconf 89' lang='lat' dir='ltr'><strong>illius</strong></span> <span class='ocrx_word' id='word_1_29' title='bbox 2208 596 2332 651; x_wconf 74' lang='lat' dir='ltr'><strong>eﬂ‘e-</strong></span> 
     </span>
    </p>
   </div>
   <div class='ocr_carea' id='block_1_7' title="bbox 772 692 2333 763">
    <p class='ocr_par' dir='ltr' id='par_1_7' title="bbox 772 692 2333 763">
     <span class='ocr_line' id='line_1_7' title="bbox 772 692 2333 763; baseline -0.009 -8"><span class='ocrx_word' id='word_1_30' title='bbox 772 715 890 756; x_wconf 91' lang='lat' dir='ltr'><strong>ctus</strong></span> <span class='ocrx_word' id='word_1_31' title='bbox 922 700 1255 754; x_wconf 83' lang='lat' dir='ltr'><strong>rescindere.</strong></span> <span class='ocrx_word' id='word_1_32' title='bbox 1288 696 1606 763; x_wconf 80' lang='lat' dir='ltr'><strong>Quanquam</strong></span> <span class='ocrx_word' id='word_1_33' title='bbox 1647 711 1749 746; x_wconf 94' lang='lat' dir='ltr'><strong>non</strong></span> <span class='ocrx_word' id='word_1_34' title='bbox 1772 707 1960 746; x_wconf 88' lang='lat' dir='ltr'><strong>omnes</strong></span> <span class='ocrx_word' id='word_1_35' title='bbox 1992 692 2135 745; x_wconf 85' lang='lat' dir='ltr'><strong>idem</strong></span> <span class='ocrx_word' id='word_1_36' title='bbox 2176 700 2333 741; x_wconf 63' lang='lat' dir='ltr'><strong>terrae</strong></span> 
     </span>
    </p>
   </div>
   <div class='ocr_carea' id='block_1_8' title="bbox 772 778 2331 858">
    <p class='ocr_par' dir='ltr' id='par_1_8' title="bbox 772 778 2331 858">
     <span class='ocr_line' id='line_1_8' title="bbox 772 778 2331 858; baseline -0.009 -15"><span class='ocrx_word' id='word_1_37' title='bbox 772 791 1002 858; x_wconf 75' lang='lat' dir='ltr'><strong>spatium</strong></span> <span class='ocrx_word' id='word_1_38' title='bbox 1034 789 1319 840; x_wconf 85' lang='lat' dir='ltr'><strong>obtinent:</strong></span> <span class='ocrx_word' id='word_1_39' title='bbox 1352 785 1527 854; x_wconf 82' lang='lat' dir='ltr'><strong>qualis</strong></span> <span class='ocrx_word' id='word_1_40' title='bbox 1560 786 1629 837; x_wconf 88' lang='lat' dir='ltr'><strong>sit</strong></span> <span class='ocrx_word' id='word_1_41' title='bbox 1657 783 1943 836; x_wconf 84' lang='lat' dir='ltr'><strong>Persarum</strong></span> <span class='ocrx_word' id='word_1_42' title='bbox 1974 789 2135 847; x_wconf 89' lang='lat' dir='ltr'><strong>atque</strong></span> <span class='ocrx_word' id='word_1_43' title='bbox 2160 778 2331 831; x_wconf 87' lang='lat' dir='ltr'><strong>Ibero-</strong></span> 
     </span>
    </p>
   </div>
   <div class='ocr_carea' id='block_1_9' title="bbox 775 874 2329 948">
    <p class='ocr_par' dir='ltr' id='par_1_9' title="bbox 775 874 2329 948">
     <span class='ocr_line' id='line_1_9' title="bbox 775 874 2329 948; baseline -0.01 -15"><span class='ocrx_word' id='word_1_44' title='bbox 775 897 889 933; x_wconf 92' lang='lat' dir='ltr'><strong>rum</strong></span> <span class='ocrx_word' id='word_1_45' title='bbox 932 882 1125 948; x_wconf 89' lang='lat' dir='ltr'><strong>portio,</strong></span> <span class='ocrx_word' id='word_1_46' title='bbox 1182 876 1261 929; x_wconf 92' lang='lat' dir='ltr'><strong>vel</strong></span> <span class='ocrx_word' id='word_1_47' title='bbox 1292 878 1553 930; x_wconf 84' lang='lat' dir='ltr'><strong>Lazorum</strong></span> <span class='ocrx_word' id='word_1_48' title='bbox 1596 885 1756 941; x_wconf 88' lang='lat' dir='ltr'><strong>atque</strong></span> <span class='ocrx_word' id='word_1_49' title='bbox 1817 874 2200 932; x_wconf 79' lang='lat' dir='ltr'><strong>Romanorum,</strong></span> <span class='ocrx_word' id='word_1_50' title='bbox 2238 883 2329 921; x_wconf 87' lang='lat' dir='ltr'><strong>seu</strong></span> 
     </span>
    </p>
   </div>
   <div class='ocr_carea' id='block_1_10' title="bbox 776 963 2333 1038">
    <p class='ocr_par' dir='ltr' id='par_1_10' title="bbox 776 963 2333 1038">
     <span class='ocr_line' id='line_1_10' title="bbox 776 963 2333 1038; baseline -0.009 -15"><span class='ocrx_word' id='word_1_51' title='bbox 776 972 999 1025; x_wconf 87' lang='lat' dir='ltr'><strong>aliorum</strong></span> <span class='ocrx_word' id='word_1_52' title='bbox 1031 983 1499 1038; x_wconf 86' lang='lat' dir='ltr'><strong>quorumcnnquc.</strong></span> <span class='ocrx_word' id='word_1_53' title='bbox 1538 965 1818 1031; x_wconf 80' lang='lat' dir='ltr'><strong>Quomodo</strong></span> <span class='ocrx_word' id='word_1_54' title='bbox 1852 963 2014 1030; x_wconf 80' lang='lat' dir='ltr'><strong>igitur</strong></span> <span class='ocrx_word' id='word_1_55' title='bbox 2056 963 2169 1013; x_wconf 74' lang='lat' dir='ltr'><strong>lizec</strong></span> <span class='ocrx_word' id='word_1_56' title='bbox 2204 974 2333 1027; x_wconf 80' lang='lat' dir='ltr'><strong>gens</strong></span> 
     </span>
    </p>
   </div>
   <div class='ocr_carea' id='block_1_11' title="bbox 774 1050 2333 1129">
    <p class='ocr_par' dir='ltr' id='par_1_11' title="bbox 774 1050 2333 1129">
     <span class='ocr_line' id='line_1_11' title="bbox 774 1050 2333 1129; baseline -0.009 -14"><span class='ocrx_word' id='word_1_57' title='bbox 774 1064 1031 1129; x_wconf 84' lang='lat' dir='ltr'><strong>oppositis</strong></span> <span class='ocrx_word' id='word_1_58' title='bbox 1057 1061 1189 1113; x_wconf 84' lang='lat' dir='ltr'><strong>adeo</strong></span> <span class='ocrx_word' id='word_1_59' title='bbox 1220 1059 1360 1111; x_wconf 91' lang='lat' dir='ltr'><strong>illius</strong></span> <span class='ocrx_word' id='word_1_60' title='bbox 1394 1059 1568 1123; x_wconf 84' lang='lat' dir='ltr'><strong>gentis</strong></span> <span class='ocrx_word' id='word_1_61' title='bbox 1599 1056 1810 1109; x_wconf 87' lang='lat' dir='ltr'><strong>vivendi</strong></span> <span class='ocrx_word' id='word_1_62' title='bbox 1844 1054 2067 1112; x_wconf 90' lang='lat' dir='ltr'><strong>normis,</strong></span> <span class='ocrx_word' id='word_1_63' title='bbox 2129 1050 2333 1118; x_wconf 77' lang='lat' dir='ltr'><strong>legibus</strong></span> 
     </span>
    </p>
   </div>
   <div class='ocr_carea' id='block_1_12' title="bbox 778 1141 2332 1219">
    <p class='ocr_par' dir='ltr' id='par_1_12' title="bbox 778 1141 2332 1219">
     <span class='ocr_line' id='line_1_12' title="bbox 778 1141 2332 1219; baseline -0.011 -13"><span class='ocrx_word' id='word_1_64' title='bbox 778 1170 839 1206; x_wconf 92' lang='lat' dir='ltr'><strong>ac</strong></span> <span class='ocrx_word' id='word_1_65' title='bbox 864 1154 1100 1206; x_wconf 89' lang='lat' dir='ltr'><strong>moribus</strong></span> <span class='ocrx_word' id='word_1_66' title='bbox 1129 1149 1504 1219; x_wconf 79' lang='lat' dir='ltr'><strong>gubernatur?</strong></span> <span class='ocrx_word' id='word_1_67' title='bbox 1534 1147 1737 1200; x_wconf 80' lang='lat' dir='ltr'><strong>Deinde</strong></span> <span class='ocrx_word' id='word_1_68' title='bbox 1767 1143 2033 1212; x_wconf 89' lang='lat' dir='ltr'><strong>quomodo</strong></span> <span class='ocrx_word' id='word_1_69' title='bbox 2066 1141 2332 1209; x_wconf 68' lang='lat' dir='ltr'><strong>pleraaque</strong></span> 
     </span>
    </p>
   </div>
   <div class='ocr_carea' id='block_1_13' title="bbox 774 1230 2330 1309">
    <p class='ocr_par' dir='ltr' id='par_1_13' title="bbox 774 1230 2330 1309">
     <span class='ocr_line' id='line_1_13' title="bbox 774 1230 2330 1309; baseline -0.008 -18"><span class='ocrx_word' id='word_1_70' title='bbox 774 1249 957 1309; x_wconf 84' lang='lat' dir='ltr'><strong>gentes</strong></span> <span class='ocrx_word' id='word_1_71' title='bbox 984 1253 1109 1292; x_wconf 86' lang='lat' dir='ltr'><strong>suos</strong></span> <span class='ocrx_word' id='word_1_72' title='bbox 1130 1251 1353 1304; x_wconf 70' lang='lat' dir='ltr'><strong>qumque</strong></span> <span class='ocrx_word' id='word_1_73' title='bbox 1389 1236 1520 1288; x_wconf 87' lang='lat' dir='ltr'><strong>lines</strong></span> <span class='ocrx_word' id='word_1_74' title='bbox 1553 1234 1867 1293; x_wconf 89' lang='lat' dir='ltr'><strong>incolentes,</strong></span> <span class='ocrx_word' id='word_1_75' title='bbox 1888 1231 1940 1283; x_wconf 91' lang='lat' dir='ltr'><strong>in</strong></span> <span class='ocrx_word' id='word_1_76' title='bbox 1968 1230 2330 1282; x_wconf 80' lang='lat' dir='ltr'><strong>Romanorum</strong></span> 
     </span>
    </p>
   </div>
   <div class='ocr_carea' id='block_1_14' title="bbox 777 1318 2331 1388">
    <p class='ocr_par' dir='ltr' id='par_1_14' title="bbox 777 1318 2331 1388">
     <span class='ocr_line' id='line_1_14' title="bbox 777 1318 2331 1388; baseline -0.008 -7"><span class='ocrx_word' id='word_1_77' title='bbox 777 1329 1033 1381; x_wconf 83' lang='lat' dir='ltr'><strong>terminos</strong></span> <span class='ocrx_word' id='word_1_78' title='bbox 1069 1326 1383 1379; x_wconf 88' lang='lat' dir='ltr'><strong>irruernnt?</strong></span> <span class='ocrx_word' id='word_1_79' title='bbox 1412 1324 1597 1377; x_wconf 89' lang='lat' dir='ltr'><strong>Tertio</strong></span> <span class='ocrx_word' id='word_1_80' title='bbox 1634 1337 1779 1381; x_wconf 88' lang='lat' dir='ltr'><strong>vero,</strong></span> <span class='ocrx_word' id='word_1_81' title='bbox 1805 1320 2054 1388; x_wconf 76' lang='lat' dir='ltr'><strong>migravit</strong></span> <span class='ocrx_word' id='word_1_82' title='bbox 2082 1318 2209 1369; x_wconf 92' lang='lat' dir='ltr'><strong>olim</strong></span> <span class='ocrx_word' id='word_1_83' title='bbox 2243 1330 2331 1383; x_wconf 82' lang='lat' dir='ltr'><strong>po-</strong></span> 
     </span>
    </p>
   </div>
   <div class='ocr_carea' id='block_1_15' title="bbox 774 1406 2334 1484">
    <p class='ocr_par' dir='ltr' id='par_1_15' title="bbox 774 1406 2334 1484">
     <span class='ocr_line' id='line_1_15' title="bbox 774 1406 2334 1484; baseline -0.005 -17"><span class='ocrx_word' id='word_1_84' title='bbox 774 1418 928 1484; x_wconf 92' lang='lat' dir='ltr'><strong>pulns</strong></span> <span class='ocrx_word' id='word_1_85' title='bbox 954 1416 1212 1470; x_wconf 83' lang='lat' dir='ltr'><strong>Judaicus</strong></span> <span class='ocrx_word' id='word_1_86' title='bbox 1238 1417 1287 1466; x_wconf 93' lang='lat' dir='ltr'><strong>in</strong></span> <span class='ocrx_word' id='word_1_87' title='bbox 1316 1414 1628 1483; x_wconf 65' lang='lat' dir='ltr'><strong>ngyptum,</strong></span> <span class='ocrx_word' id='word_1_88' title='bbox 1657 1425 1829 1477; x_wconf 71' lang='lat' dir='ltr'><strong>neque</strong></span> <span class='ocrx_word' id='word_1_89' title='bbox 1862 1420 2039 1461; x_wconf 91' lang='lat' dir='ltr'><strong>tamen</strong></span> <span class='ocrx_word' id='word_1_90' title='bbox 2069 1423 2096 1459; x_wconf 88' lang='lat' dir='ltr'><strong>a</strong></span> <span class='ocrx_word' id='word_1_91' title='bbox 2145 1406 2334 1473; x_wconf 85' lang='lat' dir='ltr'><strong>patriis</strong></span> 
     </span>
    </p>
   </div>
   <div class='ocr_carea' id='block_1_16' title="bbox 776 1497 2331 1570">
    <p class='ocr_par' dir='ltr' id='par_1_16' title="bbox 776 1497 2331 1570">
     <span class='ocr_line' id='line_1_16' title="bbox 776 1497 2331 1570; baseline -0.005 -17"><span class='ocrx_word' id='word_1_92' title='bbox 776 1504 979 1569; x_wconf 84' lang='lat' dir='ltr'><strong>legibus</strong></span> <span class='ocrx_word' id='word_1_93' title='bbox 1023 1503 1279 1556; x_wconf 88' lang='lat' dir='ltr'><strong>recessit:</strong></span> <span class='ocrx_word' id='word_1_94' title='bbox 1328 1518 1390 1553; x_wconf 77' lang='lat' dir='ltr'><strong>ex</strong></span> <span class='ocrx_word' id='word_1_95' title='bbox 1436 1500 1669 1570; x_wconf 59' lang='lat' dir='ltr'><strong>zEgypto</strong></span> <span class='ocrx_word' id='word_1_96' title='bbox 1699 1499 1893 1552; x_wconf 91' lang='lat' dir='ltr'><strong>deinde</strong></span> <span class='ocrx_word' id='word_1_97' title='bbox 1949 1498 2089 1550; x_wconf 89' lang='lat' dir='ltr'><strong>idem</strong></span> <span class='ocrx_word' id='word_1_98' title='bbox 2136 1497 2331 1549; x_wconf 86' lang='lat' dir='ltr'><strong>iterum</strong></span> 
     </span>
    </p>
   </div>
   <div class='ocr_carea' id='block_1_17' title="bbox 774 1585 2331 1659">
    <p class='ocr_par' dir='ltr' id='par_1_17' title="bbox 774 1585 2331 1659">
     <span class='ocr_line' id='line_1_17' title="bbox 774 1585 2331 1659; baseline -0.004 -16"><span class='ocrx_word' id='word_1_99' title='bbox 774 1596 1110 1659; x_wconf 77' lang='lat' dir='ltr'><strong>demigrans,</strong></span> <span class='ocrx_word' id='word_1_100' title='bbox 1154 1591 1497 1644; x_wconf 54' lang='lat' dir='ltr'><strong>Palaestinam</strong></span> <span class='ocrx_word' id='word_1_101' title='bbox 1556 1598 1611 1643; x_wconf 89' lang='lat' dir='ltr'><strong>et</strong></span> <span class='ocrx_word' id='word_1_102' title='bbox 1672 1588 1925 1641; x_wconf 83' lang='lat' dir='ltr'><strong>Arabiam</strong></span> <span class='ocrx_word' id='word_1_103' title='bbox 1976 1585 2331 1650; x_wconf 88' lang='lat' dir='ltr'><strong>inhabitavit,</strong></span> 
     </span>
    </p>
   </div>
   <div class='ocr_carea' id='block_1_18' title="bbox 776 1673 2334 1745">
    <p class='ocr_par' dir='ltr' id='par_1_18' title="bbox 776 1673 2334 1745">
     <span class='ocr_line' id='line_1_18' title="bbox 776 1673 2334 1745; baseline -0.003 -14"><span class='ocrx_word' id='word_1_104' title='bbox 776 1681 1068 1733; x_wconf 73' lang='lat' dir='ltr'><strong>idololatria</strong></span> <span class='ocrx_word' id='word_1_105' title='bbox 1111 1679 1258 1745; x_wconf 85' lang='lat' dir='ltr'><strong>prius</strong></span> <span class='ocrx_word' id='word_1_106' title='bbox 1291 1678 1425 1730; x_wconf 88' lang='lat' dir='ltr'><strong>bello</strong></span> <span class='ocrx_word' id='word_1_107' title='bbox 1452 1677 1657 1743; x_wconf 79' lang='lat' dir='ltr'><strong>pulsis;</strong></span> <span class='ocrx_word' id='word_1_108' title='bbox 1697 1690 1793 1728; x_wconf 92' lang='lat' dir='ltr'><strong>nec</strong></span> <span class='ocrx_word' id='word_1_109' title='bbox 1848 1690 1877 1726; x_wconf 90' lang='lat' dir='ltr'><strong>a</strong></span> <span class='ocrx_word' id='word_1_110' title='bbox 1928 1673 2159 1727; x_wconf 84' lang='lat' dir='ltr'><strong>Mosaica</strong></span> <span class='ocrx_word' id='word_1_111' title='bbox 2215 1675 2334 1727; x_wconf 88' lang='lat' dir='ltr'><strong>ideo</strong></span> 
     </span>
    </p>
   </div>
   <div class='ocr_carea' id='block_1_19' title="bbox 775 1764 2330 1837">
    <p class='ocr_par' dir='ltr' id='par_1_19' title="bbox 775 1764 2330 1837">
     <span class='ocr_line' id='line_1_19' title="bbox 775 1764 2330 1837; baseline -0.005 -16"><span class='ocrx_word' id='word_1_112' title='bbox 775 1770 887 1837; x_wconf 88' lang='lat' dir='ltr'><strong>lege</strong></span> <span class='ocrx_word' id='word_1_113' title='bbox 918 1769 1161 1831; x_wconf 70' lang='lat' dir='ltr'><strong>descivit,</strong></span> <span class='ocrx_word' id='word_1_114' title='bbox 1217 1779 1273 1819; x_wconf 89' lang='lat' dir='ltr'><strong>ut</strong></span> <span class='ocrx_word' id='word_1_115' title='bbox 1326 1783 1497 1835; x_wconf 79' lang='lat' dir='ltr'><strong>neque</strong></span> <span class='ocrx_word' id='word_1_116' title='bbox 1538 1777 1683 1829; x_wconf 84' lang='lat' dir='ltr'><strong>tunc,</strong></span> <span class='ocrx_word' id='word_1_117' title='bbox 1730 1780 1849 1818; x_wconf 90' lang='lat' dir='ltr'><strong>cum</strong></span> <span class='ocrx_word' id='word_1_118' title='bbox 1882 1765 1933 1816; x_wconf 93' lang='lat' dir='ltr'><strong>iu</strong></span> <span class='ocrx_word' id='word_1_119' title='bbox 1968 1764 2330 1831; x_wconf 79' lang='lat' dir='ltr'><strong>captivitatem</strong></span> 
     </span>
    </p>
   </div>
   <div class='ocr_carea' id='block_1_20' title="bbox 774 1826 2407 1929">
    <p class='ocr_par' dir='ltr' id='par_1_20' title="bbox 774 1826 2407 1929">
     <span class='ocr_line' id='line_1_20' title="bbox 774 1826 2407 1929; baseline -0.004 -17"><span class='ocrx_word' id='word_1_120' title='bbox 774 1861 1095 1929; x_wconf 81' lang='lat' dir='ltr'><strong>Babylonem</strong></span> <span class='ocrx_word' id='word_1_121' title='bbox 1132 1860 1393 1913; x_wconf 89' lang='lat' dir='ltr'><strong>deductus</strong></span> <span class='ocrx_word' id='word_1_122' title='bbox 1424 1868 1523 1921; x_wconf 79' lang='lat' dir='ltr'><strong>est,</strong></span> <span class='ocrx_word' id='word_1_123' title='bbox 1563 1858 1655 1911; x_wconf 91' lang='lat' dir='ltr'><strong>sed</strong></span> <span class='ocrx_word' id='word_1_124' title='bbox 1690 1871 1787 1909; x_wconf 89' lang='lat' dir='ltr'><strong>nec</strong></span> <span class='ocrx_word' id='word_1_125' title='bbox 1825 1865 2007 1921; x_wconf 88' lang='lat' dir='ltr'><strong>postea</strong></span> <span class='ocrx_word' id='word_1_126' title='bbox 2041 1870 2135 1923; x_wconf 87' lang='lat' dir='ltr'><strong>per</strong></span> <span class='ocrx_word' id='word_1_127' title='bbox 2165 1865 2329 1907; x_wconf 92' lang='lat' dir='ltr'><strong>totam</strong></span> <span class='ocrx_word' id='word_1_128' title='bbox 2361 1826 2407 1886; x_wconf 73' lang='grc' dir='ltr'><strong>Β</strong></span> 
     </span>
    </p>
   </div>
   <div class='ocr_carea' id='block_1_21' title="bbox 774 1943 2334 2018">
    <p class='ocr_par' dir='ltr' id='par_1_21' title="bbox 774 1943 2334 2018">
     <span class='ocr_line' id='line_1_21' title="bbox 774 1943 2334 2018; baseline -0.005 -13"><span class='ocrx_word' id='word_1_129' title='bbox 774 1963 973 2005; x_wconf 88' lang='lat' dir='ltr'><strong>terram</strong></span> <span class='ocrx_word' id='word_1_130' title='bbox 1031 1951 1302 2018; x_wconf 88' lang='lat' dir='ltr'><strong>dispersus</strong></span> <span class='ocrx_word' id='word_1_131' title='bbox 1370 1949 1567 2014; x_wconf 88' lang='lat' dir='ltr'><strong>patrias</strong></span> <span class='ocrx_word' id='word_1_132' title='bbox 1620 1947 1763 2015; x_wconf 83' lang='lat' dir='ltr'><strong>leges</strong></span> <span class='ocrx_word' id='word_1_133' title='bbox 1820 1946 2076 1999; x_wconf 86' lang='lat' dir='ltr'><strong>deseruit.</strong></span> <span class='ocrx_word' id='word_1_134' title='bbox 2128 1943 2334 1997; x_wconf 82' lang='lat' dir='ltr'><strong>Nullius</strong></span> 
     </span>
    </p>
   </div>
   <div class='ocr_carea' id='block_1_22' title="bbox 776 2038 2335 2106">
    <p class='ocr_par' dir='ltr' id='par_1_22' title="bbox 776 2038 2335 2106">
     <span class='ocr_line' id='line_1_22' title="bbox 776 2038 2335 2106; baseline -0.004 -11"><span class='ocrx_word' id='word_1_135' title='bbox 776 2043 919 2095; x_wconf 90' lang='lat' dir='ltr'><strong>enim</strong></span> <span class='ocrx_word' id='word_1_136' title='bbox 954 2052 1105 2094; x_wconf 79' lang='lat' dir='ltr'><strong>extra</strong></span> <span class='ocrx_word' id='word_1_137' title='bbox 1140 2042 1416 2093; x_wconf 85' lang='lat' dir='ltr'><strong>zodiacum</strong></span> <span class='ocrx_word' id='word_1_138' title='bbox 1456 2040 1641 2106; x_wconf 66' lang='lat' dir='ltr'><strong>positae</strong></span> <span class='ocrx_word' id='word_1_139' title='bbox 1674 2038 1842 2091; x_wconf 66' lang='lat' dir='ltr'><strong>stellae</strong></span> <span class='ocrx_word' id='word_1_140' title='bbox 1868 2051 2038 2098; x_wconf 92' lang='lat' dir='ltr'><strong>ortus,</strong></span> <span class='ocrx_word' id='word_1_141' title='bbox 2076 2052 2138 2090; x_wconf 92' lang='lat' dir='ltr'><strong>ac</strong></span> <span class='ocrx_word' id='word_1_142' title='bbox 2164 2052 2335 2105; x_wconf 90' lang='lat' dir='ltr'><strong>neque</strong></span> 
     </span>
    </p>
   </div>
   <div class='ocr_carea' id='block_1_23' title="bbox 782 2127 2332 2200">
    <p class='ocr_par' dir='ltr' id='par_1_23' title="bbox 782 2127 2332 2200">
     <span class='ocr_line' id='line_1_23' title="bbox 782 2127 2332 2200; baseline -0.004 -17"><span class='ocrx_word' id='word_1_143' title='bbox 782 2132 992 2200; x_wconf 80' lang='lat' dir='ltr'><strong>genesis</strong></span> <span class='ocrx_word' id='word_1_144' title='bbox 1022 2131 1157 2197; x_wconf 70' lang='lat' dir='ltr'><strong>ipsa,</strong></span> <span class='ocrx_word' id='word_1_145' title='bbox 1186 2130 1614 2182; x_wconf 85' lang='lat' dir='ltr'><strong>circumcisionis</strong></span> <span class='ocrx_word' id='word_1_146' title='bbox 1643 2128 1762 2181; x_wconf 91' lang='lat' dir='ltr'><strong>illos</strong></span> <span class='ocrx_word' id='word_1_147' title='bbox 1808 2134 1899 2179; x_wconf 92' lang='lat' dir='ltr'><strong>aut</strong></span> <span class='ocrx_word' id='word_1_148' title='bbox 1934 2127 2142 2179; x_wconf 87' lang='lat' dir='ltr'><strong>sabbati</strong></span> <span class='ocrx_word' id='word_1_149' title='bbox 2195 2141 2332 2193; x_wconf 75' lang='lat' dir='ltr'><strong>prae~</strong></span> 
     </span>
    </p>
   </div>
   <div class='ocr_carea' id='block_1_24' title="bbox 775 2217 2336 2289">
    <p class='ocr_par' dir='ltr' id='par_1_24' title="bbox 775 2217 2336 2289">
     <span class='ocr_line' id='line_1_24' title="bbox 775 2217 2336 2289; baseline -0.002 -17"><span class='ocrx_word' id='word_1_150' title='bbox 775 2230 984 2288; x_wconf 77' lang='lat' dir='ltr'><strong>ceptum</strong></span> <span class='ocrx_word' id='word_1_151' title='bbox 1022 2221 1229 2274; x_wconf 88' lang='lat' dir='ltr'><strong>solvere</strong></span> <span class='ocrx_word' id='word_1_152' title='bbox 1256 2222 1448 2289; x_wconf 81' lang='lat' dir='ltr'><strong>coegit.</strong></span> <span class='ocrx_word' id='word_1_153' title='bbox 1467 2220 1605 2284; x_wconf 82' lang='lat' dir='ltr'><strong>Quin</strong></span> <span class='ocrx_word' id='word_1_154' title='bbox 1631 2228 1683 2272; x_wconf 92' lang='lat' dir='ltr'><strong>et</strong></span> <span class='ocrx_word' id='word_1_155' title='bbox 1703 2228 1945 2272; x_wconf 92' lang='lat' dir='ltr'><strong>nostrum</strong></span> <span class='ocrx_word' id='word_1_156' title='bbox 1972 2233 2164 2285; x_wconf 89' lang='lat' dir='ltr'><strong>genus,</strong></span> <span class='ocrx_word' id='word_1_157' title='bbox 2187 2217 2336 2272; x_wconf 84' lang='lat' dir='ltr'><strong>Chri-</strong></span> 
     </span>
    </p>
   </div>
   <div class='ocr_carea' id='block_1_25' title="bbox 775 2309 2338 2378">
    <p class='ocr_par' dir='ltr' id='par_1_25' title="bbox 775 2309 2338 2378">
     <span class='ocr_line' id='line_1_25' title="bbox 775 2309 2338 2378; baseline -0.001 -15"><span class='ocrx_word' id='word_1_158' title='bbox 775 2312 1068 2363; x_wconf 84' lang='lat' dir='ltr'><strong>SIianornm</strong></span> <span class='ocrx_word' id='word_1_159' title='bbox 1090 2311 1327 2377; x_wconf 88' lang='lat' dir='ltr'><strong>inquam,</strong></span> <span class='ocrx_word' id='word_1_160' title='bbox 1353 2310 1762 2378; x_wconf 82' lang='lat' dir='ltr'><strong>quadringentis</strong></span> <span class='ocrx_word' id='word_1_161' title='bbox 1785 2310 1980 2362; x_wconf 85' lang='lat' dir='ltr'><strong>abhinc</strong></span> <span class='ocrx_word' id='word_1_162' title='bbox 2004 2309 2159 2363; x_wconf 84' lang='lat' dir='ltr'><strong>annis</strong></span> <span class='ocrx_word' id='word_1_163' title='bbox 2184 2324 2338 2362; x_wconf 85' lang='lat' dir='ltr'><strong>exor-</strong></span> 
     </span>
    </p>
   </div>
   <div class='ocr_carea' id='block_1_26' title="bbox 776 2401 2335 2468">
    <p class='ocr_par' dir='ltr' id='par_1_26' title="bbox 776 2401 2335 2468">
     <span class='ocr_line' id='line_1_26' title="bbox 776 2401 2335 2468; baseline 0 -16"><span class='ocrx_word' id='word_1_164' title='bbox 776 2410 907 2465; x_wconf 82' lang='lat' dir='ltr'><strong>tum,</strong></span> <span class='ocrx_word' id='word_1_165' title='bbox 956 2401 1133 2455; x_wconf 92' lang='lat' dir='ltr'><strong>subito</strong></span> <span class='ocrx_word' id='word_1_166' title='bbox 1182 2401 1386 2466; x_wconf 86' lang='lat' dir='ltr'><strong>orbem,</strong></span> <span class='ocrx_word' id='word_1_167' title='bbox 1418 2418 1518 2468; x_wconf 84' lang='lat' dir='ltr'><strong>qua</strong></span> <span class='ocrx_word' id='word_1_168' title='bbox 1572 2410 1738 2467; x_wconf 83' lang='lat' dir='ltr'><strong>patet,</strong></span> <span class='ocrx_word' id='word_1_169' title='bbox 1787 2403 2103 2467; x_wconf 88' lang='lat' dir='ltr'><strong>occupavit,</strong></span> <span class='ocrx_word' id='word_1_170' title='bbox 2142 2415 2172 2453; x_wconf 87' lang='lat' dir='ltr'><strong>a</strong></span> <span class='ocrx_word' id='word_1_171' title='bbox 2225 2403 2335 2453; x_wconf 88' lang='lat' dir='ltr'><strong>suis</strong></span> 
     </span>
    </p>
   </div>
   <div class='ocr_carea' id='block_1_27' title="bbox 775 2492 2334 2560">
    <p class='ocr_par' dir='ltr' id='par_1_27' title="bbox 775 2492 2334 2560">
     <span class='ocr_line' id='line_1_27' title="bbox 775 2492 2334 2560; baseline -0.001 -17"><span class='ocrx_word' id='word_1_172' title='bbox 775 2502 931 2559; x_wconf 86' lang='lat' dir='ltr'><strong>gente</strong></span> <span class='ocrx_word' id='word_1_173' title='bbox 961 2493 1197 2560; x_wconf 78' lang='lat' dir='ltr'><strong>qualibet</strong></span> <span class='ocrx_word' id='word_1_174' title='bbox 1229 2492 1417 2545; x_wconf 88' lang='lat' dir='ltr'><strong>ritibus</strong></span> <span class='ocrx_word' id='word_1_175' title='bbox 1452 2492 1702 2555; x_wconf 86' lang='lat' dir='ltr'><strong>abducta,</strong></span> <span class='ocrx_word' id='word_1_176' title='bbox 1732 2500 1893 2558; x_wconf 89' lang='lat' dir='ltr'><strong>atque</strong></span> <span class='ocrx_word' id='word_1_177' title='bbox 1936 2493 1999 2544; x_wconf 91' lang='lat' dir='ltr'><strong>ad</strong></span> <span class='ocrx_word' id='word_1_178' title='bbox 2041 2492 2334 2545; x_wconf 84' lang='lat' dir='ltr'><strong>ducendam</strong></span> 
     </span>
    </p>
   </div>
   <div class='ocr_carea' id='block_1_28' title="bbox 775 2581 2335 2651">
    <p class='ocr_par' dir='ltr' id='par_1_28' title="bbox 775 2581 2335 2651">
     <span class='ocr_line' id='line_1_28' title="bbox 775 2581 2335 2651; baseline 0.001 -17"><span class='ocrx_word' id='word_1_179' title='bbox 775 2599 836 2636; x_wconf 78' lang='lat' dir='ltr'><strong>ex</strong></span> <span class='ocrx_word' id='word_1_180' title='bbox 859 2586 1073 2650; x_wconf 81' lang='lat' dir='ltr'><strong>pietatis</strong></span> <span class='ocrx_word' id='word_1_181' title='bbox 1105 2585 1414 2651; x_wconf 70' lang='lat' dir='ltr'><strong>praescripto</strong></span> <span class='ocrx_word' id='word_1_182' title='bbox 1446 2584 1609 2635; x_wconf 89' lang='lat' dir='ltr'><strong>vitam</strong></span> <span class='ocrx_word' id='word_1_183' title='bbox 1642 2581 1829 2635; x_wconf 89' lang='lat' dir='ltr'><strong>tralata</strong></span> <span class='ocrx_word' id='word_1_184' title='bbox 1859 2599 1871 2634; x_wconf 89' lang='lat'><strong>:</strong></span> <span class='ocrx_word' id='word_1_185' title='bbox 1902 2596 2005 2635; x_wconf 92' lang='lat' dir='ltr'><strong>non</strong></span> <span class='ocrx_word' id='word_1_186' title='bbox 2035 2582 2086 2635; x_wconf 89' lang='lat' dir='ltr'><strong>id</strong></span> <span class='ocrx_word' id='word_1_187' title='bbox 2110 2584 2335 2648; x_wconf 87' lang='lat' dir='ltr'><strong>patriam</strong></span> 
     </span>
    </p>
   </div>
   <div class='ocr_carea' id='block_1_29' title="bbox 777 2673 2335 2741">
    <p class='ocr_par' dir='ltr' id='par_1_29' title="bbox 777 2673 2335 2741">
     <span class='ocr_line' id='line_1_29' title="bbox 777 2673 2335 2741; baseline 0.001 -15"><span class='ocrx_word' id='word_1_188' title='bbox 777 2676 1049 2741; x_wconf 87' lang='lat' dir='ltr'><strong>mutando,</strong></span> <span class='ocrx_word' id='word_1_189' title='bbox 1088 2676 1178 2729; x_wconf 90' lang='lat' dir='ltr'><strong>sed</strong></span> <span class='ocrx_word' id='word_1_190' title='bbox 1226 2678 1276 2729; x_wconf 91' lang='lat' dir='ltr'><strong>iu</strong></span> <span class='ocrx_word' id='word_1_191' title='bbox 1330 2679 1536 2737; x_wconf 88' lang='lat' dir='ltr'><strong>eadem,</strong></span> <span class='ocrx_word' id='word_1_192' title='bbox 1591 2685 1647 2726; x_wconf 92' lang='lat' dir='ltr'><strong>ut</strong></span> <span class='ocrx_word' id='word_1_193' title='bbox 1700 2673 1963 2737; x_wconf 86' lang='lat' dir='ltr'><strong>solebant,</strong></span> <span class='ocrx_word' id='word_1_194' title='bbox 2003 2676 2335 2741; x_wconf 83' lang='lat' dir='ltr'><strong>habitando;</strong></span> 
     </span>
    </p>
   </div>
   <div class='ocr_carea' id='block_1_30' title="bbox 775 2765 2335 2833">
    <p class='ocr_par' dir='ltr' id='par_1_30' title="bbox 775 2765 2335 2833">
     <span class='ocr_line' id='line_1_30' title="bbox 775 2765 2335 2833; baseline 0 -16"><span class='ocrx_word' id='word_1_195' title='bbox 775 2777 934 2833; x_wconf 89' lang='lat' dir='ltr'><strong>atque</strong></span> <span class='ocrx_word' id='word_1_196' title='bbox 966 2769 1037 2819; x_wconf 89' lang='lat' dir='ltr'><strong>ita</strong></span> <span class='ocrx_word' id='word_1_197' title='bbox 1067 2776 1277 2819; x_wconf 89' lang='lat' dir='ltr'><strong>vetusta</strong></span> <span class='ocrx_word' id='word_1_198' title='bbox 1303 2767 1386 2817; x_wconf 82' lang='lat' dir='ltr'><strong>illa</strong></span> <span class='ocrx_word' id='word_1_199' title='bbox 1424 2767 1701 2817; x_wconf 82' lang='lat' dir='ltr'><strong>stellarum</strong></span> <span class='ocrx_word' id='word_1_200' title='bbox 1726 2765 1916 2817; x_wconf 86' lang='lat' dir='ltr'><strong>harum</strong></span> <span class='ocrx_word' id='word_1_201' title='bbox 1950 2767 2335 2832; x_wconf 88' lang='lat' dir='ltr'><strong>apotclesmata</strong></span> 
     </span>
    </p>
   </div>
   <div class='ocr_carea' id='block_1_31' title="bbox 777 2854 2339 2925">
    <p class='ocr_par' dir='ltr' id='par_1_31' title="bbox 777 2854 2339 2925">
     <span class='ocr_line' id='line_1_31' title="bbox 777 2854 2339 2925; baseline -0.001 -17"><span class='ocrx_word' id='word_1_202' title='bbox 777 2858 1041 2910; x_wconf 88' lang='lat' dir='ltr'><strong>imbecilla</strong></span> <span class='ocrx_word' id='word_1_203' title='bbox 1084 2870 1135 2912; x_wconf 90' lang='lat' dir='ltr'><strong>et</strong></span> <span class='ocrx_word' id='word_1_204' title='bbox 1175 2858 1282 2910; x_wconf 91' lang='lat' dir='ltr'><strong>risu</strong></span> <span class='ocrx_word' id='word_1_205' title='bbox 1312 2858 1468 2923; x_wconf 88' lang='lat' dir='ltr'><strong>digna</strong></span> <span class='ocrx_word' id='word_1_206' title='bbox 1505 2856 1873 2925; x_wconf 86' lang='lat' dir='ltr'><strong>relinquendo.</strong></span> <span class='ocrx_word' id='word_1_207' title='bbox 1917 2854 2100 2921; x_wconf 84' lang='lat' dir='ltr'><strong>Itaque</strong></span> <span class='ocrx_word' id='word_1_208' title='bbox 2131 2859 2195 2909; x_wconf 87' lang='lat' dir='ltr'><strong>ab</strong></span> <span class='ocrx_word' id='word_1_209' title='bbox 2241 2858 2339 2909; x_wconf 88' lang='lat' dir='ltr'><strong>bo-</strong></span> 
     </span>
    </p>
   </div>
   <div class='ocr_carea' id='block_1_32' title="bbox 776 2948 2337 3015">
    <p class='ocr_par' dir='ltr' id='par_1_32' title="bbox 776 2948 2337 3015">
     <span class='ocr_line' id='line_1_32' title="bbox 776 2948 2337 3015; baseline 0.001 -16"><span class='ocrx_word' id='word_1_210' title='bbox 776 2950 1007 3001; x_wconf 87' lang='lat' dir='ltr'><strong>minibus</strong></span> <span class='ocrx_word' id='word_1_211' title='bbox 1046 2948 1276 3001; x_wconf 86' lang='lat' dir='ltr'><strong>indoctis</strong></span> <span class='ocrx_word' id='word_1_212' title='bbox 1324 2950 1527 3015; x_wconf 82' lang='lat' dir='ltr'><strong>prolata</strong></span> <span class='ocrx_word' id='word_1_213' title='bbox 1560 2948 1830 3012; x_wconf 85' lang='lat' dir='ltr'><strong>doctrina,</strong></span> <span class='ocrx_word' id='word_1_214' title='bbox 1862 2950 1974 3000; x_wconf 54' lang='lat' dir='ltr'><strong>haec</strong></span> <span class='ocrx_word' id='word_1_215' title='bbox 2016 2949 2129 3015; x_wconf 90' lang='lat' dir='ltr'><strong>ipsa</strong></span> <span class='ocrx_word' id='word_1_216' title='bbox 2161 2948 2337 3000; x_wconf 75' lang='lat' dir='ltr'><strong>mani-</strong></span> 
     </span>
    </p>
   </div>
   <div class='ocr_carea' id='block_1_33' title="bbox 776 3040 2340 3108">
    <p class='ocr_par' dir='ltr' id='par_1_33' title="bbox 776 3040 2340 3108">
     <span class='ocr_line' id='line_1_33' title="bbox 776 3040 2340 3108; baseline 0.002 -15"><span class='ocrx_word' id='word_1_217' title='bbox 776 3040 910 3093; x_wconf 74' lang='lat' dir='ltr'><strong>feste</strong></span> <span class='ocrx_word' id='word_1_218' title='bbox 956 3042 1171 3105; x_wconf 87' lang='lat' dir='ltr'><strong>evertit,</strong></span> <span class='ocrx_word' id='word_1_219' title='bbox 1225 3040 1420 3106; x_wconf 90' lang='lat' dir='ltr'><strong>quibus</strong></span> <span class='ocrx_word' id='word_1_220' title='bbox 1468 3041 1776 3108; x_wconf 87' lang='lat' dir='ltr'><strong>pudibunda</strong></span> <span class='ocrx_word' id='word_1_221' title='bbox 1834 3041 2060 3094; x_wconf 86' lang='lat' dir='ltr'><strong>cedebat</strong></span> <span class='ocrx_word' id='word_1_222' title='bbox 2109 3042 2340 3096; x_wconf 88' lang='lat' dir='ltr'><strong>imbellis</strong></span> 
     </span>
    </p>
   </div>
   <div class='ocr_carea' id='block_1_34' title="bbox 2432 578 4003 660">
    <p class='ocr_par' dir='ltr' id='par_1_34' title="bbox 2432 578 4003 660">
     <span class='ocr_line' id='line_1_34' title="bbox 2432 578 4003 660; baseline -0.009 -13"><span class='ocrx_word' id='word_1_223' title='bbox 2432 612 2539 647; x_wconf 91' lang='grc' dir='ltr'><strong>των</strong></span> <span class='ocrx_word' id='word_1_224' title='bbox 2594 592 2747 654; x_wconf 77' lang='grc' dir='ltr'><strong>ἰδίαις</strong></span> <span class='ocrx_word' id='word_1_225' title='bbox 2795 589 3094 660; x_wconf 72' lang='grc' dir='ltr'><strong>ἐνεργείαις</strong></span> <span class='ocrx_word' id='word_1_226' title='bbox 3120 586 3188 638; x_wconf 78' lang='grc' dir='ltr'><strong>τά</strong></span> <span class='ocrx_word' id='word_1_227' title='bbox 3217 588 3420 654; x_wconf 81' lang='grc' dir='ltr'>ταύτης</span> <span class='ocrx_word' id='word_1_228' title='bbox 3445 582 3789 639; x_wconf 76' lang='grc' dir='ltr'>ἀνακόπτων.</span> <span class='ocrx_word' id='word_1_229' title='bbox 3817 582 3879 644; x_wconf 80' lang='grc' dir='ltr'><strong>ἐξ</strong></span> <span class='ocrx_word' id='word_1_230' title='bbox 3925 578 4003 635; x_wconf 81' lang='grc' dir='ltr'>ὧν</span> 
     </span>
    </p>
   </div>
   <div class='ocr_carea' id='block_1_35' title="bbox 2432 672 4004 753">
    <p class='ocr_par' dir='ltr' id='par_1_35' title="bbox 2432 672 4004 753">
     <span class='ocr_line' id='line_1_35' title="bbox 2432 672 4004 753; baseline -0.009 -15"><span class='ocrx_word' id='word_1_231' title='bbox 2432 702 2617 753; x_wconf 85' lang='grc' dir='ltr'>φασιν,</span> <span class='ocrx_word' id='word_1_232' title='bbox 2650 684 3013 736; x_wconf 82' lang='grc' dir='ltr'>ἐπιδείκνυται</span> <span class='ocrx_word' id='word_1_233' title='bbox 3036 680 3467 746; x_wconf 83' lang='grc' dir='ltr'>ἀποτελέσματα.</span> <span class='ocrx_word' id='word_1_234' title='bbox 3496 674 3687 726; x_wconf 80' lang='grc' dir='ltr'>Καίτοι</span> <span class='ocrx_word' id='word_1_235' title='bbox 3717 672 3839 725; x_wconf 84' lang='grc' dir='ltr'>οὐδὲ</span> <span class='ocrx_word' id='word_1_236' title='bbox 3865 675 4004 726; x_wconf 83' lang='grc' dir='ltr'>πάν-</span> 
     </span>
    </p>
   </div>
   <div class='ocr_carea' id='block_1_36' title="bbox 2431 760 4005 849">
    <p class='ocr_par' dir='ltr' id='par_1_36' title="bbox 2431 760 4005 849">
     <span class='ocr_line' id='line_1_36' title="bbox 2431 760 4005 849; baseline -0.009 -20"><span class='ocrx_word' id='word_1_237' title='bbox 2431 794 2521 838; x_wconf 86' lang='grc' dir='ltr'><strong>τες</strong></span> <span class='ocrx_word' id='word_1_238' title='bbox 2550 777 2609 828; x_wconf 85' lang='grc' dir='ltr'><strong>τὸ</strong></span> <span class='ocrx_word' id='word_1_239' title='bbox 2639 777 2770 830; x_wconf 78' lang='grc' dir='ltr'>αὐτὸ</span> <span class='ocrx_word' id='word_1_240' title='bbox 2794 776 2894 849; x_wconf 77' lang='grc' dir='ltr'>τῆς</span> <span class='ocrx_word' id='word_1_241' title='bbox 2928 777 3032 843; x_wconf 84' lang='grc' dir='ltr'>γῆς</span> <span class='ocrx_word' id='word_1_242' title='bbox 3078 774 3261 840; x_wconf 82' lang='grc' dir='ltr'>ἔχουσι</span> <span class='ocrx_word' id='word_1_243' title='bbox 3306 768 3519 837; x_wconf 78' lang='grc' dir='ltr'><strong>μέτρον,</strong></span> <span class='ocrx_word' id='word_1_244' title='bbox 3551 760 3661 818; x_wconf 78' lang='grc' dir='ltr'>οἷον</span> <span class='ocrx_word' id='word_1_245' title='bbox 3707 768 3741 834; x_wconf 85' lang='grc' dir='ltr'>ἡ</span> <span class='ocrx_word' id='word_1_246' title='bbox 3776 766 4005 835; x_wconf 85' lang='grc' dir='ltr'>Περσῶν</span> 
     </span>
    </p>
   </div>
   <div class='ocr_carea' id='block_1_37' title="bbox 2432 858 4004 936">
    <p class='ocr_par' dir='ltr' id='par_1_37' title="bbox 2432 858 4004 936">
     <span class='ocr_line' id='line_1_37' title="bbox 2432 858 4004 936; baseline -0.01 -16"><span class='ocrx_word' id='word_1_247' title='bbox 2432 868 2525 921; x_wconf 71' lang='grc' dir='ltr'><strong>καὶ</strong></span> <span class='ocrx_word' id='word_1_248' title='bbox 2561 868 2782 936; x_wconf 80' lang='grc' dir='ltr'>Ἰϐήρων</span> <span class='ocrx_word' id='word_1_249' title='bbox 2819 868 2979 935; x_wconf 86' lang='grc' dir='ltr'>μοῖρα</span> <span class='ocrx_word' id='word_1_250' title='bbox 3013 864 3045 932; x_wconf 80' lang='grc' dir='ltr'>ἢ</span> <span class='ocrx_word' id='word_1_251' title='bbox 3092 864 3126 931; x_wconf 81' lang='grc' dir='ltr'>ἠ</span> <span class='ocrx_word' id='word_1_252' title='bbox 3171 860 3363 923; x_wconf 80' lang='grc' dir='ltr'>Λαζῶν</span> <span class='ocrx_word' id='word_1_253' title='bbox 3393 859 3487 910; x_wconf 80' lang='grc' dir='ltr'><strong>καὶ</strong></span> <span class='ocrx_word' id='word_1_254' title='bbox 3518 858 3802 925; x_wconf 74' lang='grc' dir='ltr'>Ῥωμαίων</span> <span class='ocrx_word' id='word_1_255' title='bbox 3832 858 3865 923; x_wconf 77' lang='grc' dir='ltr'>ἢ</span> <span class='ocrx_word' id='word_1_256' title='bbox 3894 858 4004 907; x_wconf 83' lang='grc' dir='ltr'><strong>τῶν</strong></span> 
     </span>
    </p>
   </div>
   <div class='ocr_carea' id='block_1_38' title="bbox 2431 949 4005 1020">
    <p class='ocr_par' dir='ltr' id='par_1_38' title="bbox 2431 949 4005 1020">
     <span class='ocr_line' id='line_1_38' title="bbox 2431 949 4005 1020; baseline -0.01 -8"><span class='ocrx_word' id='word_1_257' title='bbox 2431 960 2625 1013; x_wconf 82' lang='grc' dir='ltr'>ἄλλων.</span> <span class='ocrx_word' id='word_1_258' title='bbox 2664 958 2787 1020; x_wconf 87' lang='grc' dir='ltr'>Πῶς</span> <span class='ocrx_word' id='word_1_259' title='bbox 2832 954 2923 1010; x_wconf 79' lang='grc' dir='ltr'><strong>οὖν</strong></span> <span class='ocrx_word' id='word_1_260' title='bbox 2972 955 3091 1008; x_wconf 89' lang='grc' dir='ltr'>τόδε</span> <span class='ocrx_word' id='word_1_261' title='bbox 3120 954 3180 1006; x_wconf 81' lang='grc' dir='ltr'><strong>τὸ</strong></span> <span class='ocrx_word' id='word_1_262' title='bbox 3195 954 3237 984; x_wconf 83' lang='grc'>⁸¹</span> <span class='ocrx_word' id='word_1_263' title='bbox 3269 953 3420 1013; x_wconf 88' lang='grc' dir='ltr'>ἔθνος</span> <span class='ocrx_word' id='word_1_264' title='bbox 3463 951 3656 1019; x_wconf 82' lang='grc' dir='ltr'>πρὸς⁶¹</span> <span class='ocrx_word' id='word_1_265' title='bbox 3687 949 3804 1000; x_wconf 81' lang='grc' dir='ltr'>τόδε</span> <span class='ocrx_word' id='word_1_266' title='bbox 3855 950 4005 999; x_wconf 85' lang='grc' dir='ltr'>ἀντι-</span> 
     </span>
    </p>
   </div>
   <div class='ocr_carea' id='block_1_39' title="bbox 2432 1044 4004 1122">
    <p class='ocr_par' dir='ltr' id='par_1_39' title="bbox 2432 1044 4004 1122">
     <span class='ocr_line' id='line_1_39' title="bbox 2432 1044 4004 1122; baseline -0.009 -17"><span class='ocrx_word' id='word_1_267' title='bbox 2432 1054 2709 1122; x_wconf 84' lang='grc' dir='ltr'><strong>κειμένοις</strong></span> <span class='ocrx_word' id='word_1_268' title='bbox 2756 1054 2850 1105; x_wconf 80' lang='grc' dir='ltr'>καὶ</span> <span class='ocrx_word' id='word_1_269' title='bbox 2898 1051 2996 1121; x_wconf 86' lang='grc' dir='ltr'><strong>βίῳ</strong></span> <span class='ocrx_word' id='word_1_270' title='bbox 3037 1050 3131 1103; x_wconf 77' lang='grc' dir='ltr'><strong>καὶ</strong></span> <span class='ocrx_word' id='word_1_271' title='bbox 3160 1049 3342 1117; x_wconf 73' lang='grc' dir='ltr'>νόμοις</span> <span class='ocrx_word' id='word_1_272' title='bbox 3374 1049 3467 1099; x_wconf 71' lang='grc' dir='ltr'><strong>καὶ</strong></span> <span class='ocrx_word' id='word_1_273' title='bbox 3498 1045 3652 1113; x_wconf 67' lang='grc' dir='ltr'>ῆθεσι</span> <span class='ocrx_word' id='word_1_274' title='bbox 3677 1044 3962 1095; x_wconf 83' lang='grc' dir='ltr'>διοικεῖται</span> <span class='ocrx_word' id='word_1_275' title='bbox 3991 1059 4004 1103; x_wconf 88' lang='lat'>;</span> 
     </span>
    </p>
   </div>
   <div class='ocr_carea' id='block_1_40' title="bbox 2433 1131 4007 1211">
    <p class='ocr_par' dir='ltr' id='par_1_40' title="bbox 2433 1131 4007 1211">
     <span class='ocr_line' id='line_1_40' title="bbox 2433 1131 4007 1211; baseline -0.01 -15"><span class='ocrx_word' id='word_1_276' title='bbox 2433 1144 2695 1211; x_wconf 82' lang='grc' dir='ltr'>Δεύτερον</span> <span class='ocrx_word' id='word_1_277' title='bbox 2724 1144 2781 1195; x_wconf 83' lang='grc' dir='ltr'>δὲ</span> <span class='ocrx_word' id='word_1_278' title='bbox 2808 1142 2924 1205; x_wconf 86' lang='grc' dir='ltr'><strong>πῶς</strong></span> <span class='ocrx_word' id='word_1_279' title='bbox 2947 1142 3015 1194; x_wconf 72' lang='grc' dir='ltr'><strong>τά</strong></span> <span class='ocrx_word' id='word_1_280' title='bbox 3040 1140 3262 1191; x_wconf 73' lang='grc' dir='ltr'>πλεῖστα</span> <span class='ocrx_word' id='word_1_281' title='bbox 3289 1137 3397 1188; x_wconf 88' lang='grc' dir='ltr'><strong>τῶν</strong></span> <span class='ocrx_word' id='word_1_282' title='bbox 3424 1135 3590 1187; x_wconf 84' lang='grc' dir='ltr'>ἐθνῶν</span> <span class='ocrx_word' id='word_1_283' title='bbox 3630 1136 3687 1185; x_wconf 87' lang='grc' dir='ltr'><strong>ἐν</strong></span> <span class='ocrx_word' id='word_1_284' title='bbox 3712 1134 3826 1193; x_wconf 87' lang='grc' dir='ltr'>τοῖς</span> <span class='ocrx_word' id='word_1_285' title='bbox 3873 1131 4007 1192; x_wconf 86' lang='grc' dir='ltr'>ἰδίας</span> 
     </span>
    </p>
   </div>
   <div class='ocr_carea' id='block_1_41' title="bbox 2432 1222 4008 1303">
    <p class='ocr_par' dir='ltr' id='par_1_41' title="bbox 2432 1222 4008 1303">
     <span class='ocr_line' id='line_1_41' title="bbox 2432 1222 4008 1303; baseline -0.013 -13"><span class='ocrx_word' id='word_1_286' title='bbox 2432 1235 2535 1303; x_wconf 78' lang='grc' dir='ltr'>γῆς</span> <span class='ocrx_word' id='word_1_287' title='bbox 2561 1235 2708 1303; x_wconf 85' lang='grc' dir='ltr'>ὅροις</span> <span class='ocrx_word' id='word_1_288' title='bbox 2755 1234 3011 1303; x_wconf 81' lang='grc' dir='ltr'>ἱδρυμένα</span> <span class='ocrx_word' id='word_1_289' title='bbox 3040 1233 3117 1292; x_wconf 88' lang='grc' dir='ltr'><strong>είς</strong></span> <span class='ocrx_word' id='word_1_290' title='bbox 3147 1230 3215 1282; x_wconf 84' lang='grc' dir='ltr'>τὰ</span> <span class='ocrx_word' id='word_1_291' title='bbox 3247 1228 3355 1281; x_wconf 89' lang='grc' dir='ltr'><strong>τῶν</strong></span> <span class='ocrx_word' id='word_1_292' title='bbox 3388 1224 3673 1295; x_wconf 83' lang='grc' dir='ltr'>Ῥωμαίων</span> <span class='ocrx_word' id='word_1_293' title='bbox 3709 1222 4008 1292; x_wconf 87' lang='grc' dir='ltr'>μετέϐαλεν</span> 
     </span>
    </p>
   </div>
   <div class='ocr_carea' id='block_1_42' title="bbox 2432 1312 4008 1397">
    <p class='ocr_par' dir='ltr' id='par_1_42' title="bbox 2432 1312 4008 1397">
     <span class='ocr_line' id='line_1_42' title="bbox 2432 1312 4008 1397; baseline -0.013 -19"><span class='ocrx_word' id='word_1_294' title='bbox 2432 1326 2538 1394; x_wconf 74' lang='grc' dir='ltr'>ἢθη</span> <span class='ocrx_word' id='word_1_295' title='bbox 2564 1342 2578 1388; x_wconf 91' lang='lat'><strong>;</strong></span> <span class='ocrx_word' id='word_1_296' title='bbox 2608 1323 2733 1397; x_wconf 74' lang='grc'><strong>[692</strong></span> <span class='ocrx_word' id='word_1_297' title='bbox 2769 1322 2861 1394; x_wconf 69' lang='grc'><strong>8.]</strong></span> <span class='ocrx_word' id='word_1_298' title='bbox 2902 1322 3061 1375; x_wconf 82' lang='grc' dir='ltr'>Ἀλλά</span> <span class='ocrx_word' id='word_1_299' title='bbox 3110 1319 3207 1373; x_wconf 71' lang='lat' dir='ltr'><strong>xui.</strong></span> <span class='ocrx_word' id='word_1_300' title='bbox 3252 1319 3455 1389; x_wconf 86' lang='grc' dir='ltr'>τρίτον,</span> <span class='ocrx_word' id='word_1_301' title='bbox 3508 1312 3790 1383; x_wconf 81' lang='grc' dir='ltr'>μετῴκησε</span> <span class='ocrx_word' id='word_1_302' title='bbox 3809 1312 3857 1341; x_wconf 85' lang='grc'><strong>⁸⁸</strong></span> <span class='ocrx_word' id='word_1_303' title='bbox 3912 1312 4008 1375; x_wconf 83' lang='grc' dir='ltr'><strong>μὲν</strong></span> 
     </span>
    </p>
   </div>
   <div class='ocr_carea' id='block_1_43' title="bbox 2431 1398 4008 1474">
    <p class='ocr_par' dir='ltr' id='par_1_43' title="bbox 2431 1398 4008 1474">
     <span class='ocr_line' id='line_1_43' title="bbox 2431 1398 4008 1474; baseline -0.012 -9"><span class='ocrx_word' id='word_1_304' title='bbox 2431 1413 2494 1465; x_wconf 80' lang='grc' dir='ltr'>τὸ</span> <span class='ocrx_word' id='word_1_305' title='bbox 2514 1413 2562 1444; x_wconf 71' lang='grc'><strong><em>⁵⁵</em></strong></span> <span class='ocrx_word' id='word_1_306' title='bbox 2604 1412 2872 1465; x_wconf 80' lang='grc' dir='ltr'>Ἰουδαίων</span> <span class='ocrx_word' id='word_1_307' title='bbox 2901 1412 3051 1474; x_wconf 89' lang='grc' dir='ltr'>ἔθνος</span> <span class='ocrx_word' id='word_1_308' title='bbox 3076 1411 3156 1471; x_wconf 83' lang='grc' dir='ltr'><strong>εἰς</strong></span> <span class='ocrx_word' id='word_1_309' title='bbox 3178 1408 3448 1474; x_wconf 74' lang='grc' dir='ltr'>Αἴγυπτον</span> <span class='ocrx_word' id='word_1_310' title='bbox 3469 1444 3484 1463; x_wconf 90' lang='grc'><strong>,</strong></span> <span class='ocrx_word' id='word_1_311' title='bbox 3515 1403 3624 1454; x_wconf 81' lang='grc' dir='ltr'><strong>τῶν</strong></span> <span class='ocrx_word' id='word_1_312' title='bbox 3656 1401 3712 1452; x_wconf 84' lang='grc' dir='ltr'>δὲ</span> <span class='ocrx_word' id='word_1_313' title='bbox 3738 1398 4008 1467; x_wconf 77' lang='grc' dir='ltr'>πατρῴων</span> 
     </span>
    </p>
   </div>
   <div class='ocr_carea' id='block_1_44' title="bbox 2432 1488 4007 1573">
    <p class='ocr_par' dir='ltr' id='par_1_44' title="bbox 2432 1488 4007 1573">
     <span class='ocr_line' id='line_1_44' title="bbox 2432 1488 4007 1573; baseline -0.015 -16"><span class='ocrx_word' id='word_1_314' title='bbox 2432 1503 2612 1573; x_wconf 86' lang='grc' dir='ltr'>νόμων</span> <span class='ocrx_word' id='word_1_315' title='bbox 2635 1504 2697 1555; x_wconf 89' lang='grc' dir='ltr'><strong>οὐ</strong></span> <span class='ocrx_word' id='word_1_316' title='bbox 2727 1502 3052 1571; x_wconf 86' lang='grc' dir='ltr'>μετανέστη.</span> <span class='ocrx_word' id='word_1_317' title='bbox 3081 1498 3357 1564; x_wconf 76' lang='grc' dir='ltr'><strong>Αἰγύπτου</strong></span> <span class='ocrx_word' id='word_1_318' title='bbox 3376 1494 3436 1546; x_wconf 82' lang='grc' dir='ltr'><strong>δέ</strong></span> <span class='ocrx_word' id='word_1_319' title='bbox 3465 1492 3627 1545; x_wconf 83' lang='grc' dir='ltr'>πάλιν</span> <span class='ocrx_word' id='word_1_320' title='bbox 3655 1488 4007 1542; x_wconf 76' lang='grc' dir='ltr'>ἀπαναστάν-</span> 
     </span>
    </p>
   </div>
   <div class='ocr_carea' id='block_1_45' title="bbox 2432 1574 4006 1659">
    <p class='ocr_par' dir='ltr' id='par_1_45' title="bbox 2432 1574 4006 1659">
     <span class='ocr_line' id='line_1_45' title="bbox 2432 1574 4006 1659; baseline -0.006 -15"><span class='ocrx_word' id='word_1_321' title='bbox 2432 1608 2524 1655; x_wconf 86' lang='grc' dir='ltr'><strong>τες</strong></span> <span class='ocrx_word' id='word_1_322' title='bbox 2576 1589 2939 1659; x_wconf 78' lang='grc' dir='ltr'>Παλαιστίνην</span> <span class='ocrx_word' id='word_1_323' title='bbox 2987 1588 3084 1656; x_wconf 83' lang='grc' dir='ltr'><strong>μέν</strong></span> <span class='ocrx_word' id='word_1_324' title='bbox 3117 1586 3211 1639; x_wconf 71' lang='grc' dir='ltr'><strong>καὶ</strong></span> <span class='ocrx_word' id='word_1_325' title='bbox 3239 1582 3497 1655; x_wconf 74' lang='grc' dir='ltr'>Ἀραϐίαν</span> <span class='ocrx_word' id='word_1_326' title='bbox 3543 1576 3849 1636; x_wconf 82' lang='grc' dir='ltr'>ἐποικοῦσι,</span> <span class='ocrx_word' id='word_1_327' title='bbox 3884 1574 4006 1635; x_wconf 66' lang='grc' dir='ltr'>τοὺς</span> 
     </span>
    </p>
   </div>
   <div class='ocr_carea' id='block_1_46' title="bbox 2434 1669 4004 1751">
    <p class='ocr_par' dir='ltr' id='par_1_46' title="bbox 2434 1669 4004 1751">
     <span class='ocr_line' id='line_1_46' title="bbox 2434 1669 4004 1751; baseline -0.013 -16"><span class='ocrx_word' id='word_1_328' title='bbox 2434 1685 2563 1751; x_wconf 78' lang='grc' dir='ltr'>πρὶν</span> <span class='ocrx_word' id='word_1_329' title='bbox 2627 1680 2907 1742; x_wconf 79' lang='grc' dir='ltr'>οἰκοῦντας</span> <span class='ocrx_word' id='word_1_330' title='bbox 2955 1677 3344 1742; x_wconf 87' lang='grc' dir='ltr'>είδωλολάτρας</span> <span class='ocrx_word' id='word_1_331' title='bbox 3388 1672 3645 1739; x_wconf 82' lang='grc' dir='ltr'>πολέμοις</span> <span class='ocrx_word' id='word_1_332' title='bbox 3680 1669 3963 1737; x_wconf 65' lang='grc' dir='ltr'>ὧσάμεωι</span> <span class='ocrx_word' id='word_1_333' title='bbox 3988 1683 4004 1698; x_wconf 80' lang='grc' dir='ltr'><strong>ο</strong></span> 
     </span>
    </p>
   </div>
   <div class='ocr_carea' id='block_1_47' title="bbox 2435 1754 4011 1835">
    <p class='ocr_par' dir='ltr' id='par_1_47' title="bbox 2435 1754 4011 1835">
     <span class='ocr_line' id='line_1_47' title="bbox 2435 1754 4011 1835; baseline -0.01 -9"><span class='ocrx_word' id='word_1_334' title='bbox 2435 1773 2661 1826; x_wconf 73' lang='grc' dir='ltr'>καὶτῶν</span> <span class='ocrx_word' id='word_1_335' title='bbox 2693 1768 3000 1825; x_wconf 86' lang='grc' dir='ltr'>Μωσαῖκῶν</span> <span class='ocrx_word' id='word_1_336' title='bbox 3051 1768 3113 1820; x_wconf 88' lang='grc' dir='ltr'><strong>οὐ</strong></span> <span class='ocrx_word' id='word_1_337' title='bbox 3160 1765 3589 1835; x_wconf 79' lang='grc' dir='ltr'>παρετράπησαν</span> <span class='ocrx_word' id='word_1_338' title='bbox 3626 1760 3831 1827; x_wconf 85' lang='grc' dir='ltr'>νόμων.</span> <span class='ocrx_word' id='word_1_339' title='bbox 3849 1754 4011 1811; x_wconf 82' lang='grc' dir='ltr'>Ἀλλ’</span> 
     </span>
    </p>
   </div>
   <div class='ocr_carea' id='block_1_48' title="bbox 2434 1847 4008 1931">
    <p class='ocr_par' dir='ltr' id='par_1_48' title="bbox 2434 1847 4008 1931">
     <span class='ocr_line' id='line_1_48' title="bbox 2434 1847 4008 1931; baseline -0.012 -15"><span class='ocrx_word' id='word_1_340' title='bbox 2434 1864 2545 1917; x_wconf 85' lang='grc' dir='ltr'>οὐδ’</span> <span class='ocrx_word' id='word_1_341' title='bbox 2568 1864 2655 1915; x_wconf 85' lang='grc' dir='ltr'>ὅτε</span> <span class='ocrx_word' id='word_1_342' title='bbox 2679 1862 2813 1931; x_wconf 84' lang='grc' dir='ltr'>πρὸς</span> <span class='ocrx_word' id='word_1_343' title='bbox 2834 1858 3129 1911; x_wconf 87' lang='grc' dir='ltr'>Βαϐυλῶνα</span> <span class='ocrx_word' id='word_1_344' title='bbox 3155 1856 3477 1923; x_wconf 77' lang='grc' dir='ltr'>δοριάλωτον</span> <span class='ocrx_word' id='word_1_345' title='bbox 3496 1852 3557 1903; x_wconf 81' lang='grc' dir='ltr'><strong>τὸ</strong></span> <span class='ocrx_word' id='word_1_346' title='bbox 3583 1850 3735 1911; x_wconf 81' lang='grc' dir='ltr'>ἔθνος</span> <span class='ocrx_word' id='word_1_347' title='bbox 3757 1847 4008 1916; x_wconf 79' lang='grc' dir='ltr'>ἀπήχθη,</span> 
     </span>
    </p>
   </div>
   <div class='ocr_carea' id='block_1_49' title="bbox 2435 1934 4009 2021">
    <p class='ocr_par' dir='ltr' id='par_1_49' title="bbox 2435 1934 4009 2021">
     <span class='ocr_line' id='line_1_49' title="bbox 2435 1934 4009 2021; baseline -0.012 -15"><span class='ocrx_word' id='word_1_348' title='bbox 2435 1952 2532 2005; x_wconf 78' lang='grc' dir='ltr'>καὶ</span> <span class='ocrx_word' id='word_1_349' title='bbox 2586 1951 2725 2021; x_wconf 86' lang='grc' dir='ltr'><strong>μετά</strong></span> <span class='ocrx_word' id='word_1_350' title='bbox 2770 1949 2991 2019; x_wconf 80' lang='grc' dir='ltr'>χρόνους</span> <span class='ocrx_word' id='word_1_351' title='bbox 3037 1946 3116 2007; x_wconf 79' lang='grc' dir='ltr'><strong>εἰς</strong></span> <span class='ocrx_word' id='word_1_352' title='bbox 3161 1945 3341 1997; x_wconf 79' lang='grc' dir='ltr'>πᾶσαν</span> <span class='ocrx_word' id='word_1_353' title='bbox 3370 1940 3467 2009; x_wconf 81' lang='grc' dir='ltr'>τὴν</span> <span class='ocrx_word' id='word_1_354' title='bbox 3497 1940 3601 2007; x_wconf 85' lang='grc' dir='ltr'>γῆν</span> <span class='ocrx_word' id='word_1_355' title='bbox 3628 1934 4009 2003; x_wconf 79' lang='grc' dir='ltr'>διεσκεδάσθη,</span> 
     </span>
    </p>
   </div>
   <div class='ocr_carea' id='block_1_50' title="bbox 2442 2024 4011 2113">
    <p class='ocr_par' dir='ltr' id='par_1_50' title="bbox 2442 2024 4011 2113">
     <span class='ocr_line' id='line_1_50' title="bbox 2442 2024 4011 2113; baseline -0.013 -18"><span class='ocrx_word' id='word_1_356' title='bbox 2442 2040 2583 2113; x_wconf 75' lang='grc' dir='ltr'>[καὶ]</span> <span class='ocrx_word' id='word_1_357' title='bbox 2605 2041 2713 2093; x_wconf 90' lang='grc' dir='ltr'><strong>τῶν</strong></span> <span class='ocrx_word' id='word_1_358' title='bbox 2747 2036 3016 2107; x_wconf 83' lang='grc' dir='ltr'>πατρῴων</span> <span class='ocrx_word' id='word_1_359' title='bbox 3044 2037 3143 2088; x_wconf 88' lang='grc' dir='ltr'><strong>οὐκ</strong></span> <span class='ocrx_word' id='word_1_360' title='bbox 3169 2032 3513 2098; x_wconf 82' lang='grc' dir='ltr'>ἀπεστάτησε</span> <span class='ocrx_word' id='word_1_361' title='bbox 3545 2029 3744 2097; x_wconf 85' lang='grc' dir='ltr'>νόμων,</span> <span class='ocrx_word' id='word_1_362' title='bbox 3767 2027 3864 2078; x_wconf 74' lang='grc' dir='ltr'>καὶ</span> <span class='ocrx_word' id='word_1_363' title='bbox 3886 2024 4011 2077; x_wconf 75' lang='grc' dir='ltr'>οὔτε</span> 
     </span>
    </p>
   </div>
   <div class='ocr_carea' id='block_1_51' title="bbox 2433 2118 4010 2199">
    <p class='ocr_par' dir='ltr' id='par_1_51' title="bbox 2433 2118 4010 2199">
     <span class='ocr_line' id='line_1_51' title="bbox 2433 2118 4010 2199; baseline -0.01 -15"><span class='ocrx_word' id='word_1_364' title='bbox 2433 2150 2517 2195; x_wconf 89' lang='grc' dir='ltr'><strong>τις</strong></span> <span class='ocrx_word' id='word_1_365' title='bbox 2545 2131 2653 2183; x_wconf 89' lang='grc' dir='ltr'><strong>τῶν</strong></span> <span class='ocrx_word' id='word_1_366' title='bbox 2697 2126 3207 2199; x_wconf 82' lang='grc' dir='ltr'>παρανατελλόντων</span> <span class='ocrx_word' id='word_1_367' title='bbox 3256 2121 3376 2175; x_wconf 76' lang='grc' dir='ltr'>οὔτε</span> <span class='ocrx_word' id='word_1_368' title='bbox 3412 2123 3445 2191; x_wconf 76' lang='grc' dir='ltr'>ἡ</span> <span class='ocrx_word' id='word_1_369' title='bbox 3476 2121 3686 2187; x_wconf 87' lang='grc' dir='ltr'>γένεσις</span> <span class='ocrx_word' id='word_1_370' title='bbox 3728 2118 4010 2185; x_wconf 86' lang='grc' dir='ltr'>κατηνάγ-</span> 
     </span>
    </p>
   </div>
   <div class='ocr_carea' id='block_1_52' title="bbox 2434 2208 4017 2288">
    <p class='ocr_par' dir='ltr' id='par_1_52' title="bbox 2434 2208 4017 2288">
     <span class='ocr_line' id='line_1_52' title="bbox 2434 2208 4017 2288; baseline -0.011 -12"><span class='ocrx_word' id='word_1_371' title='bbox 2434 2239 2601 2277; x_wconf 84' lang='grc' dir='ltr'>κασεν</span> <span class='ocrx_word' id='word_1_372' title='bbox 2646 2222 2842 2282; x_wconf 81' lang='grc' dir='ltr'>αὐτοὺς</span> <span class='ocrx_word' id='word_1_373' title='bbox 2893 2219 2925 2288; x_wconf 86' lang='grc' dir='ltr'>ἢ</span> <span class='ocrx_word' id='word_1_374' title='bbox 2976 2220 3072 2285; x_wconf 83' lang='grc' dir='ltr'>τῆς</span> <span class='ocrx_word' id='word_1_375' title='bbox 3119 2214 3420 2285; x_wconf 77' lang='grc' dir='ltr'>περιτομῆς</span> <span class='ocrx_word' id='word_1_376' title='bbox 3454 2210 3610 2281; x_wconf 78' lang='grc' dir='ltr'>ἢτοῦ</span> <span class='ocrx_word' id='word_1_377' title='bbox 3645 2209 3922 2262; x_wconf 86' lang='grc' dir='ltr'>σαϐϐάτου</span> <span class='ocrx_word' id='word_1_378' title='bbox 3952 2208 4017 2259; x_wconf 73' lang='grc' dir='ltr'>τὸ</span> 
     </span>
    </p>
   </div>
   <div class='ocr_carea' id='block_1_53' title="bbox 2434 2297 4015 2381">
    <p class='ocr_par' dir='ltr' id='par_1_53' title="bbox 2434 2297 4015 2381">
     <span class='ocr_line' id='line_1_53' title="bbox 2434 2297 4015 2381; baseline -0.011 -15"><span class='ocrx_word' id='word_1_379' title='bbox 2434 2312 2801 2381; x_wconf 72' lang='grc' dir='ltr'>παράγγελμα</span> <span class='ocrx_word' id='word_1_380' title='bbox 2832 2309 3011 2361; x_wconf 80' lang='grc' dir='ltr'>λῦσαι.</span> <span class='ocrx_word' id='word_1_381' title='bbox 3041 2306 3112 2359; x_wconf 82' lang='grc' dir='ltr'>Τὸ</span> <span class='ocrx_word' id='word_1_382' title='bbox 3140 2304 3197 2356; x_wconf 84' lang='grc' dir='ltr'><strong>δέ</strong></span> <span class='ocrx_word' id='word_1_383' title='bbox 3222 2320 3284 2371; x_wconf 91' lang='grc' dir='ltr'><strong>γε</strong></span> <span class='ocrx_word' id='word_1_384' title='bbox 3311 2304 3578 2371; x_wconf 85' lang='grc' dir='ltr'>ἡμέτερον</span> <span class='ocrx_word' id='word_1_385' title='bbox 3606 2301 3791 2366; x_wconf 85' lang='grc' dir='ltr'>γένος,</span> <span class='ocrx_word' id='word_1_386' title='bbox 3821 2299 3882 2350; x_wconf 83' lang='grc' dir='ltr'><strong>τὸ</strong></span> <span class='ocrx_word' id='word_1_387' title='bbox 3900 2297 4015 2349; x_wconf 85' lang='grc' dir='ltr'><strong>τῶν</strong></span> 
     </span>
    </p>
   </div>
   <div class='ocr_carea' id='block_1_54' title="bbox 2435 2389 4015 2474">
    <p class='ocr_par' dir='ltr' id='par_1_54' title="bbox 2435 2389 4015 2474">
     <span class='ocr_line' id='line_1_54' title="bbox 2435 2389 4015 2474; baseline -0.011 -18"><span class='ocrx_word' id='word_1_388' title='bbox 2435 2403 2777 2474; x_wconf 80' lang='grc' dir='ltr'>Χριστιανῶν</span> <span class='ocrx_word' id='word_1_389' title='bbox 2824 2400 2988 2466; x_wconf 85' lang='grc' dir='ltr'>λέγω,</span> <span class='ocrx_word' id='word_1_390' title='bbox 3021 2397 3127 2466; x_wconf 83' lang='grc' dir='ltr'><strong>πρὸ</strong></span> <span class='ocrx_word' id='word_1_391' title='bbox 3170 2394 3539 2465; x_wconf 85' lang='grc' dir='ltr'>τετρακοσίων</span> <span class='ocrx_word' id='word_1_392' title='bbox 3590 2392 3689 2459; x_wconf 81' lang='grc' dir='ltr'>μὲν</span> <span class='ocrx_word' id='word_1_393' title='bbox 3725 2389 3862 2443; x_wconf 89' lang='grc' dir='ltr'>ἐτῶν</span> <span class='ocrx_word' id='word_1_394' title='bbox 3914 2389 4015 2457; x_wconf 75' lang='grc' dir='ltr'><strong>τὴν</strong></span> 
     </span>
    </p>
   </div>
   <div class='ocr_carea' id='block_1_55' title="bbox 2434 2480 4008 2565">
    <p class='ocr_par' dir='ltr' id='par_1_55' title="bbox 2434 2480 4008 2565">
     <span class='ocr_line' id='line_1_55' title="bbox 2434 2480 4008 2565; baseline -0.011 -17"><span class='ocrx_word' id='word_1_395' title='bbox 2434 2494 2608 2565; x_wconf 84' lang='grc' dir='ltr'>ἀρχὴν</span> <span class='ocrx_word' id='word_1_396' title='bbox 2635 2492 2815 2563; x_wconf 77' lang='grc' dir='ltr'>ἔσχεν,</span> <span class='ocrx_word' id='word_1_397' title='bbox 2843 2490 2907 2543; x_wconf 87' lang='grc' dir='ltr'><strong>ἀθ</strong></span> <span class='ocrx_word' id='word_1_398' title='bbox 2919 2490 3036 2558; x_wconf 90' lang='grc' dir='ltr'>ρόον</span> <span class='ocrx_word' id='word_1_399' title='bbox 3059 2488 3115 2539; x_wconf 87' lang='grc' dir='ltr'><strong>δέ</strong></span> <span class='ocrx_word' id='word_1_400' title='bbox 3145 2488 3322 2538; x_wconf 80' lang='grc' dir='ltr'>πᾶσαν</span> <span class='ocrx_word' id='word_1_401' title='bbox 3350 2484 3506 2536; x_wconf 87' lang='grc' dir='ltr'>ἔλαϐε</span> <span class='ocrx_word' id='word_1_402' title='bbox 3536 2481 3635 2552; x_wconf 85' lang='grc' dir='ltr'><strong>τὴν</strong></span> <span class='ocrx_word' id='word_1_403' title='bbox 3656 2480 4008 2549; x_wconf 80' lang='grc' dir='ltr'>οἰκουμένην,</span> 
     </span>
    </p>
   </div>
   <div class='ocr_carea' id='block_1_56' title="bbox 2436 2571 4013 2652">
    <p class='ocr_par' dir='ltr' id='par_1_56' title="bbox 2436 2571 4013 2652">
     <span class='ocr_line' id='line_1_56' title="bbox 2436 2571 4013 2652; baseline -0.012 -13"><span class='ocrx_word' id='word_1_404' title='bbox 2436 2587 2532 2639; x_wconf 77' lang='grc' dir='ltr'><strong>κα1⁸</strong></span> <span class='ocrx_word' id='word_1_405' title='bbox 2559 2586 2664 2637; x_wconf 86' lang='grc' dir='ltr'><strong>τῶν</strong></span> <span class='ocrx_word' id='word_1_406' title='bbox 2700 2584 2797 2652; x_wconf 85' lang='grc' dir='ltr'>μὲν</span> <span class='ocrx_word' id='word_1_407' title='bbox 2822 2582 3038 2635; x_wconf 79' lang='grc' dir='ltr'>οἰκείων</span> <span class='ocrx_word' id='word_1_408' title='bbox 3073 2578 3209 2630; x_wconf 88' lang='grc' dir='ltr'>ἐθῶν</span> <span class='ocrx_word' id='word_1_409' title='bbox 3243 2578 3473 2629; x_wconf 72' lang='grc' dir='ltr'>ἕκαστον</span> <span class='ocrx_word' id='word_1_410' title='bbox 3499 2573 3810 2639; x_wconf 81' lang='grc' dir='ltr'>ἀπέστησεν</span> <span class='ocrx_word' id='word_1_411' title='bbox 3836 2571 4013 2633; x_wconf 81' lang='grc' dir='ltr'>ἔθνος,</span> 
     </span>
    </p>
   </div>
   <div class='ocr_carea' id='block_1_57' title="bbox 2437 2659 4013 2741">
    <p class='ocr_par' dir='ltr' id='par_1_57' title="bbox 2437 2659 4013 2741">
     <span class='ocr_line' id='line_1_57' title="bbox 2437 2659 4013 2741; baseline -0.013 -13"><span class='ocrx_word' id='word_1_412' title='bbox 2437 2679 2516 2739; x_wconf 91' lang='grc' dir='ltr'><strong>εἰς</strong></span> <span class='ocrx_word' id='word_1_413' title='bbox 2560 2676 2617 2727; x_wconf 85' lang='grc' dir='ltr'>δὲ</span> <span class='ocrx_word' id='word_1_414' title='bbox 2658 2675 2749 2726; x_wconf 86' lang='grc' dir='ltr'><strong>τὸν</strong></span> <span class='ocrx_word' id='word_1_415' title='bbox 2774 2675 2874 2741; x_wconf 79' lang='grc' dir='ltr'>τῆς</span> <span class='ocrx_word' id='word_1_416' title='bbox 2901 2668 3182 2727; x_wconf 88' lang='grc' dir='ltr'>εὐσεϐείας</span> <span class='ocrx_word' id='word_1_417' title='bbox 3217 2664 3615 2735; x_wconf 81' lang='grc' dir='ltr'>μετερῤύθμισε</span> <span class='ocrx_word' id='word_1_418' title='bbox 3644 2660 3777 2729; x_wconf 87' lang='grc' dir='ltr'>βίον,</span> <span class='ocrx_word' id='word_1_419' title='bbox 3816 2661 3877 2711; x_wconf 80' lang='grc' dir='ltr'><strong>οὐ</strong></span> <span class='ocrx_word' id='word_1_420' title='bbox 3914 2659 4013 2727; x_wconf 76' lang='grc' dir='ltr'>τῆς</span> 
     </span>
    </p>
   </div>
   <div class='ocr_carea' id='block_1_58' title="bbox 2437 2751 4013 2834">
    <p class='ocr_par' dir='ltr' id='par_1_58' title="bbox 2437 2751 4013 2834">
     <span class='ocr_line' id='line_1_58' title="bbox 2437 2751 4013 2834; baseline -0.013 -15"><span class='ocrx_word' id='word_1_421' title='bbox 2437 2766 2691 2834; x_wconf 85' lang='grc' dir='ltr'>πατρίδος</span> <span class='ocrx_word' id='word_1_422' title='bbox 2743 2760 3167 2832; x_wconf 82' lang='grc' dir='ltr'>μεθισταμένους</span> <span class='ocrx_word' id='word_1_423' title='bbox 3190 2758 3261 2821; x_wconf 83' lang='grc'>⁸⁵,</span> <span class='ocrx_word' id='word_1_424' title='bbox 3291 2756 3425 2807; x_wconf 80' lang='grc' dir='ltr'>ἀλλά</span> <span class='ocrx_word' id='word_1_425' title='bbox 3452 2756 3551 2823; x_wconf 86' lang='grc' dir='ltr'>τὴν</span> <span class='ocrx_word' id='word_1_426' title='bbox 3599 2752 3768 2820; x_wconf 82' lang='grc' dir='ltr'>αὐτὴν</span> <span class='ocrx_word' id='word_1_427' title='bbox 3816 2751 3894 2811; x_wconf 81' lang='grc' dir='ltr'>ὡς</span> <span class='ocrx_word' id='word_1_428' title='bbox 3922 2752 4013 2801; x_wconf 81' lang='grc' dir='ltr'>καὶ</span> 
     </span>
    </p>
   </div>
   <div class='ocr_carea' id='block_1_59' title="bbox 2440 2841 4013 2930">
    <p class='ocr_par' dir='ltr' id='par_1_59' title="bbox 2440 2841 4013 2930">
     <span class='ocr_line' id='line_1_59' title="bbox 2440 2841 4013 2930; baseline -0.015 -18"><span class='ocrx_word' id='word_1_429' title='bbox 2440 2860 2703 2930; x_wconf 78' lang='grc' dir='ltr'>πρότερον</span> <span class='ocrx_word' id='word_1_430' title='bbox 2736 2854 3035 2915; x_wconf 78' lang='grc' dir='ltr'>οἰκοῦντας,</span> <span class='ocrx_word' id='word_1_431' title='bbox 3072 2850 3167 2902; x_wconf 71' lang='grc' dir='ltr'>καὶ</span> <span class='ocrx_word' id='word_1_432' title='bbox 3199 2850 3266 2899; x_wconf 84' lang='grc' dir='ltr'>τὰ</span> <span class='ocrx_word' id='word_1_433' title='bbox 3282 2848 3327 2878; x_wconf 78' lang='grc'>⁸⁸</span> <span class='ocrx_word' id='word_1_434' title='bbox 3360 2848 3469 2897; x_wconf 86' lang='grc' dir='ltr'><strong>τῶν</strong></span> <span class='ocrx_word' id='word_1_435' title='bbox 3499 2841 4013 2911; x_wconf 82' lang='grc' dir='ltr'>παρανατελλόντων</span> 
     </span>
    </p>
   </div>
   <div class='ocr_carea' id='block_1_60' title="bbox 2438 2936 4014 3017">
    <p class='ocr_par' dir='ltr' id='par_1_60' title="bbox 2438 2936 4014 3017">
     <span class='ocr_line' id='line_1_60' title="bbox 2438 2936 4014 3017; baseline -0.014 -12"><span class='ocrx_word' id='word_1_436' title='bbox 2438 2951 2851 3017; x_wconf 79' lang='grc' dir='ltr'>ἀποτελέσματα</span> <span class='ocrx_word' id='word_1_437' title='bbox 2882 2943 3211 3012; x_wconf 86' lang='grc' dir='ltr'>πολυχρόνια</span> <span class='ocrx_word' id='word_1_438' title='bbox 3244 2941 3419 3008; x_wconf 86' lang='grc' dir='ltr'>σαθρά</span> <span class='ocrx_word' id='word_1_439' title='bbox 3467 2940 3562 2991; x_wconf 76' lang='grc' dir='ltr'><strong>καὶ</strong></span> <span class='ocrx_word' id='word_1_440' title='bbox 3586 2936 3853 3004; x_wconf 81' lang='grc' dir='ltr'>γελᾶσθαι</span> <span class='ocrx_word' id='word_1_441' title='bbox 3887 2951 4014 2985; x_wconf 87' lang='grc' dir='ltr'>κατ-</span> 
     </span>
    </p>
   </div>
   <div class='ocr_carea' id='block_1_61' title="bbox 2439 3026 4015 3103">
    <p class='ocr_par' dir='ltr' id='par_1_61' title="bbox 2439 3026 4015 3103">
     <span class='ocr_line' id='line_1_61' title="bbox 2439 3026 4015 3103; baseline -0.012 -11"><span class='ocrx_word' id='word_1_442' title='bbox 2439 3041 2624 3093; x_wconf 86' lang='grc' dir='ltr'>έλιπεν</span> <span class='ocrx_word' id='word_1_443' title='bbox 2653 3037 2807 3100; x_wconf 78' lang='grc' dir='ltr'>ἀξιαο</span> <span class='ocrx_word' id='word_1_444' title='bbox 2840 3034 2933 3085; x_wconf 79' lang='grc' dir='ltr'>καὶ</span> <span class='ocrx_word' id='word_1_445' title='bbox 2976 3034 3110 3103; x_wconf 82' lang='grc' dir='ltr'>πρὸς</span> <span class='ocrx_word' id='word_1_446' title='bbox 3138 3031 3173 3084; x_wconf 82' lang='grc' dir='ltr'>ἃ</span> <span class='ocrx_word' id='word_1_447' title='bbox 3205 3032 3238 3099; x_wconf 84' lang='grc' dir='ltr'>ὴ</span> <span class='ocrx_word' id='word_1_448' title='bbox 3264 3030 3475 3096; x_wconf 88' lang='grc' dir='ltr'>γένεσις</span> <span class='ocrx_word' id='word_1_449' title='bbox 3512 3028 3663 3095; x_wconf 81' lang='grc' dir='ltr'>ἰσχὺν</span> <span class='ocrx_word' id='word_1_450' title='bbox 3690 3027 3793 3076; x_wconf 91' lang='grc' dir='ltr'><strong>οὐκ</strong></span> <span class='ocrx_word' id='word_1_451' title='bbox 3821 3026 4015 3093; x_wconf 78' lang='grc' dir='ltr'>ἔχουσα</span> 
     </span>
    </p>
   </div>
   <div class='ocr_carea' id='block_1_62' title="bbox 774 3117 2407 3203">
    <p class='ocr_par' dir='ltr' id='par_1_62' title="bbox 774 3133 2406 3203">
     <span class='ocr_line' id='line_1_62' title="bbox 774 3133 2406 3203; baseline 0.001 -18"><span class='ocrx_word' id='word_1_452' title='bbox 774 3133 1005 3199; x_wconf 77' lang='lat' dir='ltr'><strong>genesis.</strong></span> <span class='ocrx_word' id='word_1_453' title='bbox 1046 3133 1252 3184; x_wconf 81' lang='lat' dir='ltr'><strong>Etenim</strong></span> <span class='ocrx_word' id='word_1_454' title='bbox 1286 3134 1463 3198; x_wconf 91' lang='lat' dir='ltr'><strong>paruit</strong></span> <span class='ocrx_word' id='word_1_455' title='bbox 1492 3135 1708 3201; x_wconf 86' lang='lat' dir='ltr'><strong>quidem</strong></span> <span class='ocrx_word' id='word_1_456' title='bbox 1742 3133 1869 3185; x_wconf 89' lang='lat' dir='ltr'><strong>olim</strong></span> <span class='ocrx_word' id='word_1_457' title='bbox 1907 3134 2142 3203; x_wconf 86' lang='lat' dir='ltr'><strong>Assyriis</strong></span> <span class='ocrx_word' id='word_1_458' title='bbox 2198 3138 2329 3187; x_wconf 89' lang='lat' dir='ltr'><strong>sub-</strong></span> <span class='ocrx_word' id='word_1_459' title='bbox 2363 3146 2406 3202; x_wconf 65' lang='grc' dir='ltr'><strong>(ζ</strong></span> 
     </span>
    </p>
   </div>
   <div class='ocr_carea' id='block_1_63' title="bbox 2434 3117 4013 3203">
    <p class='ocr_par' dir='ltr' id='par_1_63' title="bbox 2438 3117 4013 3192">
     <span class='ocr_line' id='line_1_63' title="bbox 2438 3117 4013 3192; baseline -0.012 -8"><span class='ocrx_word' id='word_1_460' title='bbox 2438 3131 2749 3190; x_wconf 84' lang='grc' dir='ltr'>κατεδύετο,</span> <span class='ocrx_word' id='word_1_461' title='bbox 2778 3124 2951 3178; x_wconf 82' lang='grc' dir='ltr'>ταῦτα</span> <span class='ocrx_word' id='word_1_462' title='bbox 3005 3121 3318 3192; x_wconf 80' lang='grc' dir='ltr'>περιφανῶς</span> <span class='ocrx_word' id='word_1_463' title='bbox 3367 3121 3428 3171; x_wconf 70' lang='grc' dir='ltr'><strong>τὸ</strong></span> <span class='ocrx_word' id='word_1_464' title='bbox 3475 3119 3584 3170; x_wconf 86' lang='grc' dir='ltr'><strong>τῶν</strong></span> <span class='ocrx_word' id='word_1_465' title='bbox 3632 3117 4013 3185; x_wconf 77' lang='grc' dir='ltr'>ἀγραμμάτων</span> 
     </span>
    </p>
   </div>
   <div class='ocr_carea' id='block_1_64' title="bbox 778 3219 2335 3290">
    <p class='ocr_par' dir='ltr' id='par_1_64' title="bbox 778 3219 2335 3290">
     <span class='ocr_line' id='line_1_64' title="bbox 778 3219 2335 3290; baseline 0.004 -18"><span class='ocrx_word' id='word_1_466' title='bbox 778 3233 934 3273; x_wconf 87' lang='lat' dir='ltr'><strong>actus</strong></span> <span class='ocrx_word' id='word_1_467' title='bbox 960 3221 1127 3285; x_wconf 84' lang='lat' dir='ltr'><strong>orbis,</strong></span> <span class='ocrx_word' id='word_1_468' title='bbox 1176 3221 1301 3273; x_wconf 87' lang='lat' dir='ltr'><strong>hinc</strong></span> <span class='ocrx_word' id='word_1_469' title='bbox 1354 3219 1589 3290; x_wconf 85' lang='lat' dir='ltr'><strong>Babylon</strong></span> <span class='ocrx_word' id='word_1_470' title='bbox 1621 3221 1924 3287; x_wconf 86' lang='lat' dir='ltr'><strong>imperavit,</strong></span> <span class='ocrx_word' id='word_1_471' title='bbox 1956 3223 2147 3276; x_wconf 89' lang='lat' dir='ltr'><strong>deinde</strong></span> <span class='ocrx_word' id='word_1_472' title='bbox 2200 3225 2335 3280; x_wconf 79' lang='lat' dir='ltr'><strong>Medi</strong></span> 
     </span>
    </p>
   </div>
   <div class='ocr_carea' id='block_1_65' title="bbox 775 3312 2336 3378">
    <p class='ocr_par' dir='ltr' id='par_1_65' title="bbox 775 3312 2336 3378">
     <span class='ocr_line' id='line_1_65' title="bbox 775 3312 2336 3378; baseline 0.004 -15"><span class='ocrx_word' id='word_1_473' title='bbox 775 3312 1055 3377; x_wconf 87' lang='lat' dir='ltr'><strong>imperium</strong></span> <span class='ocrx_word' id='word_1_474' title='bbox 1085 3322 1434 3375; x_wconf 78' lang='lat' dir='ltr'><strong>exceperunt,</strong></span> <span class='ocrx_word' id='word_1_475' title='bbox 1466 3321 1519 3364; x_wconf 93' lang='lat' dir='ltr'><strong>et</strong></span> <span class='ocrx_word' id='word_1_476' title='bbox 1546 3321 1665 3378; x_wconf 85' lang='lat' dir='ltr'><strong>post</strong></span> <span class='ocrx_word' id='word_1_477' title='bbox 1694 3312 1813 3365; x_wconf 90' lang='lat' dir='ltr'><strong>illos</strong></span> <span class='ocrx_word' id='word_1_478' title='bbox 1847 3312 2046 3375; x_wconf 70' lang='lat' dir='ltr'><strong>Persae,</strong></span> <span class='ocrx_word' id='word_1_479' title='bbox 2083 3317 2253 3369; x_wconf 90' lang='lat' dir='ltr'><strong>donec</strong></span> <span class='ocrx_word' id='word_1_480' title='bbox 2288 3318 2336 3369; x_wconf 91' lang='lat' dir='ltr'><strong>id</strong></span> 
     </span>
    </p>
   </div>
   <div class='ocr_carea' id='block_1_66' title="bbox 778 3400 2340 3475">
    <p class='ocr_par' dir='ltr' id='par_1_66' title="bbox 778 3400 2340 3475">
     <span class='ocr_line' id='line_1_66' title="bbox 778 3400 2340 3475; baseline 0.006 -22"><span class='ocrx_word' id='word_1_481' title='bbox 778 3404 992 3455; x_wconf 90' lang='lat' dir='ltr'><strong>tandem</strong></span> <span class='ocrx_word' id='word_1_482' title='bbox 1045 3403 1108 3454; x_wconf 88' lang='lat' dir='ltr'><strong>ad</strong></span> <span class='ocrx_word' id='word_1_483' title='bbox 1169 3400 1487 3455; x_wconf 75' lang='lat' dir='ltr'><strong>Macedonas</strong></span> <span class='ocrx_word' id='word_1_484' title='bbox 1536 3404 1794 3456; x_wconf 88' lang='lat' dir='ltr'><strong>transiit:</strong></span> <span class='ocrx_word' id='word_1_485' title='bbox 1839 3414 2073 3457; x_wconf 85' lang='lat' dir='ltr'><strong>attamen</strong></span> <span class='ocrx_word' id='word_1_486' title='bbox 2116 3422 2340 3475; x_wconf 66' lang='lat' dir='ltr'><strong>quaeque</strong></span> 
     </span>
    </p>
   </div>
   <div class='ocr_carea' id='block_1_67' title="bbox 774 3494 2341 3565">
    <p class='ocr_par' dir='ltr' id='par_1_67' title="bbox 774 3494 2341 3565">
     <span class='ocr_line' id='line_1_67' title="bbox 774 3494 2341 3565; baseline 0.005 -20"><span class='ocrx_word' id='word_1_487' title='bbox 774 3509 905 3565; x_wconf 87' lang='lat' dir='ltr'><strong>gens</strong></span> <span class='ocrx_word' id='word_1_488' title='bbox 945 3508 1069 3546; x_wconf 86' lang='lat' dir='ltr'><strong>suos</strong></span> <span class='ocrx_word' id='word_1_489' title='bbox 1100 3494 1366 3545; x_wconf 88' lang='lat' dir='ltr'><strong>retinebat</strong></span> <span class='ocrx_word' id='word_1_490' title='bbox 1401 3508 1599 3555; x_wconf 90' lang='lat' dir='ltr'><strong>mores,</strong></span> <span class='ocrx_word' id='word_1_491' title='bbox 1633 3502 1689 3546; x_wconf 94' lang='lat' dir='ltr'><strong>et</strong></span> <span class='ocrx_word' id='word_1_492' title='bbox 1728 3508 1755 3545; x_wconf 90' lang='lat' dir='ltr'><strong>a</strong></span> <span class='ocrx_word' id='word_1_493' title='bbox 1790 3495 1903 3548; x_wconf 91' lang='lat' dir='ltr'><strong>suis</strong></span> <span class='ocrx_word' id='word_1_494' title='bbox 1934 3498 2219 3563; x_wconf 87' lang='lat' dir='ltr'><strong>regebatur</strong></span> <span class='ocrx_word' id='word_1_495' title='bbox 2252 3513 2341 3553; x_wconf 87' lang='lat' dir='ltr'><strong>re-</strong></span> 
     </span>
    </p>
   </div>
   <div class='ocr_carea' id='block_1_68' title="bbox 777 3587 2346 3663">
    <p class='ocr_par' dir='ltr' id='par_1_68' title="bbox 777 3587 2346 3663">
     <span class='ocr_line' id='line_1_68' title="bbox 777 3587 2346 3663; baseline 0.006 -22"><span class='ocrx_word' id='word_1_496' title='bbox 777 3592 953 3663; x_wconf 86' lang='lat' dir='ltr'><strong>gibus,</strong></span> <span class='ocrx_word' id='word_1_497' title='bbox 1002 3604 1064 3643; x_wconf 90' lang='lat' dir='ltr'><strong>ac</strong></span> <span class='ocrx_word' id='word_1_498' title='bbox 1103 3589 1290 3643; x_wconf 90' lang='lat' dir='ltr'><strong>saltem</strong></span> <span class='ocrx_word' id='word_1_499' title='bbox 1333 3604 1674 3642; x_wconf 88' lang='lat' dir='ltr'><strong>comumnem</strong></span> <span class='ocrx_word' id='word_1_500' title='bbox 1721 3587 1905 3651; x_wconf 89' lang='lat' dir='ltr'><strong>illum,</strong></span> <span class='ocrx_word' id='word_1_501' title='bbox 1956 3591 2045 3659; x_wconf 90' lang='lat' dir='ltr'><strong>qui</strong></span> <span class='ocrx_word' id='word_1_502' title='bbox 2094 3593 2346 3651; x_wconf 85' lang='lat' dir='ltr'><strong>omnibus</strong></span> 
     </span>
    </p>
   </div>
   <div class='ocr_carea' id='block_1_69' title="bbox 778 3681 2344 3752">
    <p class='ocr_par' dir='ltr' id='par_1_69' title="bbox 778 3681 2344 3752">
     <span class='ocr_line' id='line_1_69' title="bbox 778 3681 2344 3752; baseline 0.003 -19"><span class='ocrx_word' id='word_1_503' title='bbox 778 3682 1097 3748; x_wconf 85' lang='lat' dir='ltr'><strong>imperabat,</strong></span> <span class='ocrx_word' id='word_1_504' title='bbox 1123 3682 1452 3748; x_wconf 83' lang='lat' dir='ltr'><strong>agnoscebat</strong></span> <span class='ocrx_word' id='word_1_505' title='bbox 1482 3681 1790 3734; x_wconf 91' lang='lat' dir='ltr'><strong>Dominum.</strong></span> <span class='ocrx_word' id='word_1_506' title='bbox 1818 3681 1968 3734; x_wconf 87' lang='lat' dir='ltr'><strong>Nunc</strong></span> <span class='ocrx_word' id='word_1_507' title='bbox 1993 3696 2142 3747; x_wconf 86' lang='lat' dir='ltr'><strong>vero,</strong></span> <span class='ocrx_word' id='word_1_508' title='bbox 2162 3700 2344 3752; x_wconf 85' lang='lat' dir='ltr'><strong>quem-</strong></span> 
     </span>
    </p>
   </div>
   <div class='ocr_carea' id='block_1_70' title="bbox 777 3772 2338 3845">
    <p class='ocr_par' dir='ltr' id='par_1_70' title="bbox 777 3772 2338 3845">
     <span class='ocr_line' id='line_1_70' title="bbox 777 3772 2338 3845; baseline 0.005 -22"><span class='ocrx_word' id='word_1_509' title='bbox 777 3772 1063 3828; x_wconf 86' lang='lat' dir='ltr'><strong>admodum</strong></span> <span class='ocrx_word' id='word_1_510' title='bbox 1114 3789 1215 3825; x_wconf 91' lang='lat' dir='ltr'><strong>uua</strong></span> <span class='ocrx_word' id='word_1_511' title='bbox 1259 3774 1517 3825; x_wconf 78' lang='lat' dir='ltr'><strong>duntaxat</strong></span> <span class='ocrx_word' id='word_1_512' title='bbox 1554 3782 1639 3826; x_wconf 85' lang='lat' dir='ltr'><strong>est</strong></span> <span class='ocrx_word' id='word_1_513' title='bbox 1686 3772 1893 3841; x_wconf 84' lang='lat' dir='ltr'><strong>religio,</strong></span> <span class='ocrx_word' id='word_1_514' title='bbox 1926 3776 2004 3827; x_wconf 90' lang='lat' dir='ltr'><strong>sic</strong></span> <span class='ocrx_word' id='word_1_515' title='bbox 2038 3784 2091 3829; x_wconf 92' lang='lat' dir='ltr'><strong>et</strong></span> <span class='ocrx_word' id='word_1_516' title='bbox 2133 3779 2338 3845; x_wconf 81' lang='lat' dir='ltr'><strong>regium</strong></span> 
     </span>
    </p>
   </div>
   <div class='ocr_carea' id='block_1_71' title="bbox 779 3864 2348 3933">
    <p class='ocr_par' dir='ltr' id='par_1_71' title="bbox 779 3864 2348 3933">
     <span class='ocr_line' id='line_1_71' title="bbox 779 3864 2348 3933; baseline 0.003 -17"><span class='ocrx_word' id='word_1_517' title='bbox 779 3865 1060 3930; x_wconf 88' lang='lat' dir='ltr'><strong>imperium</strong></span> <span class='ocrx_word' id='word_1_518' title='bbox 1113 3880 1250 3916; x_wconf 90' lang='lat' dir='ltr'><strong>unus</strong></span> <span class='ocrx_word' id='word_1_519' title='bbox 1313 3874 1502 3928; x_wconf 89' lang='lat' dir='ltr'><strong>tenet,</strong></span> <span class='ocrx_word' id='word_1_520' title='bbox 1551 3864 1915 3931; x_wconf 87' lang='lat' dir='ltr'><strong>trecentisque</strong></span> <span class='ocrx_word' id='word_1_521' title='bbox 1962 3868 2212 3933; x_wconf 83' lang='lat' dir='ltr'><strong>gentibus</strong></span> <span class='ocrx_word' id='word_1_522' title='bbox 2257 3878 2348 3920; x_wconf 90' lang='lat' dir='ltr'><strong>aut</strong></span> 
     </span>
    </p>
   </div>
   <div class='ocr_carea' id='block_1_72' title="bbox 779 3954 2344 4022">
    <p class='ocr_par' dir='ltr' id='par_1_72' title="bbox 779 3954 2344 4022">
     <span class='ocr_line' id='line_1_72' title="bbox 779 3954 2344 4022; baseline 0.001 -14"><span class='ocrx_word' id='word_1_523' title='bbox 779 3956 1029 4022; x_wconf 79' lang='lat' dir='ltr'><strong>amplius,</strong></span> <span class='ocrx_word' id='word_1_524' title='bbox 1053 3955 1262 4008; x_wconf 90' lang='lat' dir='ltr'><strong>nonnisi</strong></span> <span class='ocrx_word' id='word_1_525' title='bbox 1300 3971 1407 4006; x_wconf 90' lang='lat' dir='ltr'><strong>una</strong></span> <span class='ocrx_word' id='word_1_526' title='bbox 1468 3954 1705 4022; x_wconf 83' lang='lat' dir='ltr'><strong>legitima</strong></span> <span class='ocrx_word' id='word_1_527' title='bbox 1734 3955 1942 4021; x_wconf 87' lang='lat' dir='ltr'><strong>imperii</strong></span> <span class='ocrx_word' id='word_1_528' title='bbox 1982 3958 2344 4010; x_wconf 79' lang='lat' dir='ltr'><strong>Romanorum</strong></span> 
     </span>
    </p>
   </div>
   <div class='ocr_carea' id='block_1_73' title="bbox 784 4042 2348 4111">
    <p class='ocr_par' dir='ltr' id='par_1_73' title="bbox 784 4042 2348 4111">
     <span class='ocr_line' id='line_1_73' title="bbox 784 4042 2348 4111; baseline 0.003 -16"><span class='ocrx_word' id='word_1_529' title='bbox 784 4043 1034 4106; x_wconf 83' lang='lat' dir='ltr'><strong>majestas</strong></span> <span class='ocrx_word' id='word_1_530' title='bbox 1088 4053 1301 4109; x_wconf 66' lang='lat' dir='ltr'><strong>praeest,</strong></span> <span class='ocrx_word' id='word_1_531' title='bbox 1348 4042 1543 4110; x_wconf 67' lang='lat'><strong>213!)</strong></span> <span class='ocrx_word' id='word_1_532' title='bbox 1585 4044 2034 4109; x_wconf 85' lang='lat' dir='ltr'><strong>quemadmodum</strong></span> <span class='ocrx_word' id='word_1_533' title='bbox 2073 4053 2126 4096; x_wconf 83' lang='lat' dir='ltr'><strong>et</strong></span> <span class='ocrx_word' id='word_1_534' title='bbox 2161 4046 2348 4111; x_wconf 78' lang='lat' dir='ltr'><strong>religio</strong></span> 
     </span>
    </p>
   </div>
   <div class='ocr_carea' id='block_1_74' title="bbox 781 4132 2347 4201">
    <p class='ocr_par' dir='ltr' id='par_1_74' title="bbox 781 4132 2347 4201">
     <span class='ocr_line' id='line_1_74' title="bbox 781 4132 2347 4201; baseline 0 -13"><span class='ocrx_word' id='word_1_535' title='bbox 781 4135 991 4189; x_wconf 90' lang='lat' dir='ltr'><strong>nonnisi</strong></span> <span class='ocrx_word' id='word_1_536' title='bbox 1026 4150 1128 4185; x_wconf 90' lang='lat' dir='ltr'><strong>una</strong></span> <span class='ocrx_word' id='word_1_537' title='bbox 1188 4141 1291 4186; x_wconf 90' lang='lat' dir='ltr'><strong>est.</strong></span> <span class='ocrx_word' id='word_1_538' title='bbox 1330 4132 1513 4200; x_wconf 82' lang='lat' dir='ltr'><strong>Neque</strong></span> <span class='ocrx_word' id='word_1_539' title='bbox 1564 4144 1742 4185; x_wconf 90' lang='lat' dir='ltr'><strong>tamen</strong></span> <span class='ocrx_word' id='word_1_540' title='bbox 1790 4135 2020 4201; x_wconf 86' lang='lat' dir='ltr'><strong>aliquem</strong></span> <span class='ocrx_word' id='word_1_541' title='bbox 2073 4133 2176 4188; x_wconf 87' lang='lat' dir='ltr'><strong>hoc</strong></span> <span class='ocrx_word' id='word_1_542' title='bbox 2215 4145 2347 4189; x_wconf 83' lang='lat' dir='ltr'><strong>tem-</strong></span> 
     </span>
    </p>
   </div>
   <div class='ocr_carea' id='block_1_75' title="bbox 781 4223 2349 4295">
    <p class='ocr_par' dir='ltr' id='par_1_75' title="bbox 781 4223 2349 4295">
     <span class='ocr_line' id='line_1_75' title="bbox 781 4223 2349 4295; baseline 0 -16"><span class='ocrx_word' id='word_1_543' title='bbox 781 4242 910 4295; x_wconf 92' lang='lat' dir='ltr'><strong>pore</strong></span> <span class='ocrx_word' id='word_1_544' title='bbox 947 4227 1092 4295; x_wconf 82' lang='lat' dir='ltr'><strong>cogit</strong></span> <span class='ocrx_word' id='word_1_545' title='bbox 1136 4224 1354 4293; x_wconf 83' lang='lat' dir='ltr'><strong>genesis</strong></span> <span class='ocrx_word' id='word_1_546' title='bbox 1400 4225 1482 4277; x_wconf 85' lang='lat' dir='ltr'><strong>vel</strong></span> <span class='ocrx_word' id='word_1_547' title='bbox 1539 4225 1680 4276; x_wconf 92' lang='lat' dir='ltr'><strong>idola</strong></span> <span class='ocrx_word' id='word_1_548' title='bbox 1713 4223 1907 4287; x_wconf 86' lang='lat' dir='ltr'><strong>colere,</strong></span> <span class='ocrx_word' id='word_1_549' title='bbox 1954 4234 2045 4277; x_wconf 89' lang='lat' dir='ltr'><strong>aut</strong></span> <span class='ocrx_word' id='word_1_550' title='bbox 2087 4228 2349 4279; x_wconf 79' lang='lat' dir='ltr'><strong>matribus</strong></span> 
     </span>
    </p>
   </div>
   <div class='ocr_carea' id='block_1_76' title="bbox 783 4312 2349 4380">
    <p class='ocr_par' dir='ltr' id='par_1_76' title="bbox 783 4312 2349 4380">
     <span class='ocr_line' id='line_1_76' title="bbox 783 4312 2349 4380; baseline -0.001 -11"><span class='ocrx_word' id='word_1_551' title='bbox 783 4316 1021 4376; x_wconf 73' lang='lat' dir='ltr'><strong>misceri,</strong></span> <span class='ocrx_word' id='word_1_552' title='bbox 1043 4324 1133 4366; x_wconf 90' lang='lat' dir='ltr'><strong>aut</strong></span> <span class='ocrx_word' id='word_1_553' title='bbox 1156 4314 1257 4364; x_wconf 84' lang='lat' dir='ltr'><strong>alia</strong></span> <span class='ocrx_word' id='word_1_554' title='bbox 1287 4314 1531 4380; x_wconf 68' lang='lat' dir='ltr'><strong>quaedam</strong></span> <span class='ocrx_word' id='word_1_555' title='bbox 1565 4319 1803 4379; x_wconf 88' lang='lat' dir='ltr'><strong>patrare,</strong></span> <span class='ocrx_word' id='word_1_556' title='bbox 1830 4312 2024 4379; x_wconf 88' lang='lat' dir='ltr'><strong>quibus</strong></span> <span class='ocrx_word' id='word_1_557' title='bbox 2050 4316 2349 4367; x_wconf 71' lang='lat' dir='ltr'><strong>metuenda:</strong></span> 
     </span>
    </p>
   </div>
   <div class='ocr_carea' id='block_1_77' title="bbox 781 4402 2344 4475">
    <p class='ocr_par' dir='ltr' id='par_1_77' title="bbox 781 4402 2344 4475">
     <span class='ocr_line' id='line_1_77' title="bbox 781 4402 2344 4475; baseline -0.002 -17"><span class='ocrx_word' id='word_1_558' title='bbox 781 4419 968 4475; x_wconf 89' lang='lat' dir='ltr'><strong>gentes</strong></span> <span class='ocrx_word' id='word_1_559' title='bbox 1001 4405 1105 4458; x_wconf 68' lang='lat' dir='ltr'><strong>illa:</strong></span> <span class='ocrx_word' id='word_1_560' title='bbox 1133 4418 1237 4455; x_wconf 92' lang='lat' dir='ltr'><strong>non</strong></span> <span class='ocrx_word' id='word_1_561' title='bbox 1278 4403 1419 4454; x_wconf 90' lang='lat' dir='ltr'><strong>inter</strong></span> <span class='ocrx_word' id='word_1_562' title='bbox 1443 4416 1501 4454; x_wconf 85' lang='lat' dir='ltr'><strong>se</strong></span> <span class='ocrx_word' id='word_1_563' title='bbox 1533 4402 1906 4453; x_wconf 86' lang='lat' dir='ltr'><strong>tantummodo</strong></span> <span class='ocrx_word' id='word_1_564' title='bbox 1941 4402 2344 4470; x_wconf 78' lang='lat' dir='ltr'><strong>discrepabant,</strong></span> 
     </span>
    </p>
   </div>
   <div class='ocr_carea' id='block_1_78' title="bbox 2441 3206 4016 3287">
    <p class='ocr_par' dir='ltr' id='par_1_78' title="bbox 2441 3206 4016 3287">
     <span class='ocr_line' id='line_1_78' title="bbox 2441 3206 4016 3287; baseline -0.013 -10"><span class='ocrx_word' id='word_1_565' title='bbox 2441 3223 2706 3278; x_wconf 82' lang='grc' dir='ltr'>κατέλυσε</span> <span class='ocrx_word' id='word_1_566' title='bbox 2738 3212 3350 3287; x_wconf 83' lang='grc' dir='ltr'>κήρυγμα.Ἐδούλευσε</span> <span class='ocrx_word' id='word_1_567' title='bbox 3387 3210 3485 3279; x_wconf 78' lang='grc' dir='ltr'><strong>μὲν</strong></span> <span class='ocrx_word' id='word_1_568' title='bbox 3525 3206 3617 3261; x_wconf 77' lang='grc' dir='ltr'><strong>οὖν</strong></span> <span class='ocrx_word' id='word_1_569' title='bbox 3654 3208 3963 3275; x_wconf 82' lang='grc' dir='ltr'>Ἀσσυρίοις</span> <span class='ocrx_word' id='word_1_570' title='bbox 3991 3208 4016 3255; x_wconf 79' lang='grc' dir='ltr'>ὁ</span> 
     </span>
    </p>
   </div>
   <div class='ocr_carea' id='block_1_79' title="bbox 2444 3295 4017 3378">
    <p class='ocr_par' dir='ltr' id='par_1_79' title="bbox 2444 3295 4017 3378">
     <span class='ocr_line' id='line_1_79' title="bbox 2444 3295 4017 3378; baseline -0.015 -12"><span class='ocrx_word' id='word_1_571' title='bbox 2444 3313 2647 3378; x_wconf 87' lang='grc' dir='ltr'>κόσμος</span> <span class='ocrx_word' id='word_1_572' title='bbox 2673 3307 2863 3366; x_wconf 83' lang='grc' dir='ltr'>πάλαι,</span> <span class='ocrx_word' id='word_1_573' title='bbox 2900 3301 3019 3355; x_wconf 82' lang='grc' dir='ltr'>εἶτα</span> <span class='ocrx_word' id='word_1_574' title='bbox 3050 3298 3304 3353; x_wconf 86' lang='grc' dir='ltr'>Βαϐυλὼν</span> <span class='ocrx_word' id='word_1_575' title='bbox 3335 3298 3577 3365; x_wconf 82' lang='grc' dir='ltr'>ἐκράτει,</span> <span class='ocrx_word' id='word_1_576' title='bbox 3607 3297 3701 3348; x_wconf 77' lang='grc' dir='ltr'>καὶ</span> <span class='ocrx_word' id='word_1_577' title='bbox 3724 3296 3902 3362; x_wconf 84' lang='grc' dir='ltr'>Μῆδοι</span> <span class='ocrx_word' id='word_1_578' title='bbox 3927 3295 4017 3360; x_wconf 82' lang='grc' dir='ltr'><strong>τὴν</strong></span> 
     </span>
    </p>
   </div>
   <div class='ocr_carea' id='block_1_80' title="bbox 2445 3386 4018 3472">
    <p class='ocr_par' dir='ltr' id='par_1_80' title="bbox 2445 3386 4018 3472">
     <span class='ocr_line' id='line_1_80' title="bbox 2445 3386 4018 3472; baseline -0.015 -16"><span class='ocrx_word' id='word_1_579' title='bbox 2445 3404 2621 3472; x_wconf 83' lang='grc' dir='ltr'>ἀρχὴν</span> <span class='ocrx_word' id='word_1_580' title='bbox 2654 3396 2961 3461; x_wconf 76' lang='grc' dir='ltr'>ἐξεδέξαντο</span> <span class='ocrx_word' id='word_1_581' title='bbox 2976 3394 3045 3455; x_wconf 82' lang='grc'><strong>³⁷,</strong></span> <span class='ocrx_word' id='word_1_582' title='bbox 3093 3394 3187 3443; x_wconf 72' lang='grc' dir='ltr'>καὶ</span> <span class='ocrx_word' id='word_1_583' title='bbox 3227 3391 3343 3460; x_wconf 79' lang='grc' dir='ltr'>μετ’</span> <span class='ocrx_word' id='word_1_584' title='bbox 3376 3388 3616 3449; x_wconf 73' lang='grc' dir='ltr'>ἐκείνους</span> <span class='ocrx_word' id='word_1_585' title='bbox 3666 3386 3901 3452; x_wconf 81' lang='grc' dir='ltr'>Πέρσαι,</span> <span class='ocrx_word' id='word_1_586' title='bbox 3930 3387 4018 3434; x_wconf 71' lang='grc' dir='ltr'><strong>καὶ</strong></span> 
     </span>
    </p>
   </div>
   <div class='ocr_carea' id='block_1_81' title="bbox 2448 3472 4016 3563">
    <p class='ocr_par' dir='ltr' id='par_1_81' title="bbox 2448 3472 4016 3563">
     <span class='ocr_line' id='line_1_81' title="bbox 2448 3472 4016 3563; baseline -0.015 -18"><span class='ocrx_word' id='word_1_587' title='bbox 2448 3492 2584 3563; x_wconf 83' lang='grc' dir='ltr'>πρὸς</span> <span class='ocrx_word' id='word_1_588' title='bbox 2600 3490 2646 3521; x_wconf 83' lang='grc'><strong>⁵⁸</strong></span> <span class='ocrx_word' id='word_1_589' title='bbox 2676 3486 2988 3546; x_wconf 87' lang='grc' dir='ltr'>Μακεδόνας</span> <span class='ocrx_word' id='word_1_590' title='bbox 3024 3482 3248 3551; x_wconf 79' lang='grc' dir='ltr'>ὕστερον</span> <span class='ocrx_word' id='word_1_591' title='bbox 3297 3481 3357 3531; x_wconf 84' lang='grc' dir='ltr'><strong>τὸ</strong></span> <span class='ocrx_word' id='word_1_592' title='bbox 3398 3478 3597 3547; x_wconf 83' lang='grc' dir='ltr'>κράτος</span> <span class='ocrx_word' id='word_1_593' title='bbox 3639 3474 3758 3526; x_wconf 86' lang='grc' dir='ltr'>ὅλον</span> <span class='ocrx_word' id='word_1_594' title='bbox 3788 3472 4016 3541; x_wconf 84' lang='grc' dir='ltr'>μετέϐα-</span> 
     </span>
    </p>
   </div>
   <div class='ocr_carea' id='block_1_82' title="bbox 2448 3563 4018 3635">
    <p class='ocr_par' dir='ltr' id='par_1_82' title="bbox 2448 3563 4018 3635">
     <span class='ocr_line' id='line_1_82' title="bbox 2448 3563 4018 3635; baseline -0.015 0"><span class='ocrx_word' id='word_1_595' title='bbox 2448 3583 2559 3635; x_wconf 88' lang='grc' dir='ltr'>λεν.</span> <span class='ocrx_word' id='word_1_596' title='bbox 2602 3578 2743 3632; x_wconf 81' lang='grc' dir='ltr'>Ἀλλ’</span> <span class='ocrx_word' id='word_1_597' title='bbox 2776 3576 3006 3628; x_wconf 89' lang='grc' dir='ltr'>ἔκαστον</span> <span class='ocrx_word' id='word_1_598' title='bbox 3059 3570 3207 3632; x_wconf 82' lang='grc' dir='ltr'>ἔθνος</span> <span class='ocrx_word' id='word_1_599' title='bbox 3264 3572 3375 3631; x_wconf 86' lang='grc' dir='ltr'>τοῖς</span> <span class='ocrx_word' id='word_1_600' title='bbox 3426 3565 3644 3628; x_wconf 86' lang='grc' dir='ltr'>οἰκείοις</span> <span class='ocrx_word' id='word_1_601' title='bbox 3699 3564 3955 3631; x_wconf 73' lang='grc' dir='ltr'>ἐνέμενεν</span> <span class='ocrx_word' id='word_1_602' title='bbox 3976 3563 4018 3593; x_wconf 80' lang='grc'><strong><em>⁸⁹</em></strong></span> 
     </span>
    </p>
   </div>
   <div class='ocr_carea' id='block_1_83' title="bbox 2450 3652 4018 3737">
    <p class='ocr_par' dir='ltr' id='par_1_83' title="bbox 2450 3652 4018 3737">
     <span class='ocr_line' id='line_1_83' title="bbox 2450 3652 4018 3737; baseline -0.015 -11"><span class='ocrx_word' id='word_1_603' title='bbox 2450 3673 2615 3735; x_wconf 90' lang='grc' dir='ltr'>ἔθεσι,</span> <span class='ocrx_word' id='word_1_604' title='bbox 2642 3670 2735 3721; x_wconf 75' lang='grc' dir='ltr'>καὶ</span> <span class='ocrx_word' id='word_1_605' title='bbox 2764 3664 3071 3737; x_wconf 76' lang='grc' dir='ltr'>βασιλεῦσιν</span> <span class='ocrx_word' id='word_1_606' title='bbox 3105 3661 3254 3722; x_wconf 87' lang='grc' dir='ltr'>ἰδίοις</span> <span class='ocrx_word' id='word_1_607' title='bbox 3284 3658 3676 3714; x_wconf 83' lang='grc' dir='ltr'>ἐπολιτεύοντο.</span> <span class='ocrx_word' id='word_1_608' title='bbox 3707 3656 3755 3705; x_wconf 88' lang='grc' dir='ltr'><strong>εί</strong></span> <span class='ocrx_word' id='word_1_609' title='bbox 3777 3657 3872 3706; x_wconf 67' lang='grc' dir='ltr'><strong>καὶ</strong></span> <span class='ocrx_word' id='word_1_610' title='bbox 3898 3652 4018 3724; x_wconf 70' lang='grc' dir='ltr'><strong>[μὴ]</strong></span> 
     </span>
    </p>
   </div>
   <div class='ocr_carea' id='block_1_84' title="bbox 2450 3746 4015 3826">
    <p class='ocr_par' dir='ltr' id='par_1_84' title="bbox 2450 3746 4015 3826">
     <span class='ocr_line' id='line_1_84' title="bbox 2450 3746 4015 3826; baseline -0.015 -11"><span class='ocrx_word' id='word_1_611' title='bbox 2450 3764 2540 3816; x_wconf 82' lang='grc' dir='ltr'>τὸν</span> <span class='ocrx_word' id='word_1_612' title='bbox 2563 3762 2778 3813; x_wconf 86' lang='grc' dir='ltr'>πάντων</span> <span class='ocrx_word' id='word_1_613' title='bbox 2797 3754 3101 3826; x_wconf 82' lang='grc' dir='ltr'>κρατοῦντα</span> <span class='ocrx_word' id='word_1_614' title='bbox 3133 3751 3308 3803; x_wconf 85' lang='grc' dir='ltr'>κοινὸν</span> <span class='ocrx_word' id='word_1_615' title='bbox 3331 3748 3607 3815; x_wconf 72' lang='grc' dir='ltr'>Δεσπότην</span> <span class='ocrx_word' id='word_1_616' title='bbox 3632 3746 4015 3812; x_wconf 82' lang='grc' dir='ltr'>ἐπεγίνωσκον.</span> 
     </span>
    </p>
   </div>
   <div class='ocr_carea' id='block_1_85' title="bbox 2452 3834 4019 3916">
    <p class='ocr_par' dir='ltr' id='par_1_85' title="bbox 2452 3834 4019 3916">
     <span class='ocr_line' id='line_1_85' title="bbox 2452 3834 4019 3916; baseline -0.015 -10"><span class='ocrx_word' id='word_1_617' title='bbox 2452 3853 2585 3907; x_wconf 83' lang='grc' dir='ltr'>Νυνί</span> <span class='ocrx_word' id='word_1_618' title='bbox 2616 3851 2671 3903; x_wconf 79' lang='grc' dir='ltr'><strong>δέ</strong></span> <span class='ocrx_word' id='word_1_619' title='bbox 2704 3850 2890 3916; x_wconf 87' lang='grc' dir='ltr'>ῶσπερ</span> <span class='ocrx_word' id='word_1_620' title='bbox 2918 3848 2950 3915; x_wconf 82' lang='grc' dir='ltr'>ἠ</span> <span class='ocrx_word' id='word_1_621' title='bbox 2983 3842 3237 3896; x_wconf 87' lang='grc' dir='ltr'>εὐσέϐεια</span> <span class='ocrx_word' id='word_1_622' title='bbox 3287 3841 3405 3910; x_wconf 88' lang='grc' dir='ltr'>μία,</span> <span class='ocrx_word' id='word_1_623' title='bbox 3432 3840 3575 3890; x_wconf 82' lang='grc' dir='ltr'>οὓτω</span> <span class='ocrx_word' id='word_1_624' title='bbox 3604 3839 3699 3889; x_wconf 71' lang='grc' dir='ltr'><strong>καὶ</strong></span> <span class='ocrx_word' id='word_1_625' title='bbox 3729 3836 3758 3887; x_wconf 84' lang='grc' dir='ltr'>ὁ</span> <span class='ocrx_word' id='word_1_626' title='bbox 3782 3834 3845 3887; x_wconf 81' lang='grc' dir='ltr'>τὸ</span> <span class='ocrx_word' id='word_1_627' title='bbox 3873 3835 4019 3903; x_wconf 53' lang='grc' dir='ltr'>βασι-</span> 
     </span>
    </p>
   </div>
   <div class='ocr_carea' id='block_1_86' title="bbox 2451 3926 4018 4010">
    <p class='ocr_par' dir='ltr' id='par_1_86' title="bbox 2451 3926 4018 4010">
     <span class='ocr_line' id='line_1_86' title="bbox 2451 3926 4018 4010; baseline -0.015 -14"><span class='ocrx_word' id='word_1_628' title='bbox 2451 3944 2591 3996; x_wconf 89' lang='grc' dir='ltr'>λειον</span> <span class='ocrx_word' id='word_1_629' title='bbox 2634 3942 2833 4010; x_wconf 85' lang='grc' dir='ltr'>κράτος</span> <span class='ocrx_word' id='word_1_630' title='bbox 2881 3938 3018 4006; x_wconf 83' lang='grc' dir='ltr'>ἔχων</span> <span class='ocrx_word' id='word_1_631' title='bbox 3072 3929 3173 3996; x_wconf 73' lang='grc' dir='ltr'>εἷς,</span> <span class='ocrx_word' id='word_1_632' title='bbox 3208 3933 3302 3983; x_wconf 78' lang='grc' dir='ltr'>καὶ</span> <span class='ocrx_word' id='word_1_633' title='bbox 3331 3928 3656 4001; x_wconf 88' lang='grc' dir='ltr'>τριακοσίων</span> <span class='ocrx_word' id='word_1_634' title='bbox 3706 3926 3877 3978; x_wconf 82' lang='grc' dir='ltr'>ἐθνῶν</span> <span class='ocrx_word' id='word_1_635' title='bbox 3924 3926 4018 3993; x_wconf 62' lang='lat' dir='ltr'><strong>ﬁ“</strong></span> 
     </span>
    </p>
   </div>
   <div class='ocr_carea' id='block_1_87' title="bbox 2453 4018 4020 4096">
    <p class='ocr_par' dir='ltr' id='par_1_87' title="bbox 2453 4018 4020 4096">
     <span class='ocr_line' id='line_1_87' title="bbox 2453 4018 4020 4096; baseline -0.011 -10"><span class='ocrx_word' id='word_1_636' title='bbox 2453 4035 2547 4087; x_wconf 70' lang='grc' dir='ltr'><strong>καὶ</strong></span> <span class='ocrx_word' id='word_1_637' title='bbox 2576 4032 2834 4084; x_wconf 85' lang='grc' dir='ltr'>πλειόνων</span> <span class='ocrx_word' id='word_1_638' title='bbox 2884 4028 2982 4096; x_wconf 87' lang='grc' dir='ltr'><strong>μία</strong></span> <span class='ocrx_word' id='word_1_639' title='bbox 3026 4042 3110 4086; x_wconf 89' lang='grc' dir='ltr'><strong>τις</strong></span> <span class='ocrx_word' id='word_1_640' title='bbox 3165 4023 3380 4091; x_wconf 82' lang='grc' dir='ltr'>ἔννομος</span> <span class='ocrx_word' id='word_1_641' title='bbox 3420 4022 3454 4090; x_wconf 87' lang='grc' dir='ltr'>ἡ</span> <span class='ocrx_word' id='word_1_642' title='bbox 3490 4020 3799 4087; x_wconf 84' lang='grc' dir='ltr'>Ῥωμαίων,</span> <span class='ocrx_word' id='word_1_643' title='bbox 3837 4018 4020 4084; x_wconf 81' lang='grc' dir='ltr'>ῶσπερ</span> 
     </span>
    </p>
   </div>
   <div class='ocr_carea' id='block_1_88' title="bbox 2453 4109 4016 4196">
    <p class='ocr_par' dir='ltr' id='par_1_88' title="bbox 2453 4109 4016 4196">
     <span class='ocr_line' id='line_1_88' title="bbox 2453 4109 4016 4196; baseline -0.012 -19"><span class='ocrx_word' id='word_1_644' title='bbox 2453 4127 2547 4196; x_wconf 59' lang='lat' dir='ltr'><strong>ﬂ&quot;</strong></span> <span class='ocrx_word' id='word_1_645' title='bbox 2578 4121 2830 4175; x_wconf 84' lang='grc' dir='ltr'>εὐσέϐεια</span> <span class='ocrx_word' id='word_1_646' title='bbox 2850 4161 2863 4185; x_wconf 91' lang='grc'><strong>,</strong></span> <span class='ocrx_word' id='word_1_647' title='bbox 2893 4118 3120 4185; x_wconf 79' lang='grc' dir='ltr'>ἐπάρχει</span> <span class='ocrx_word' id='word_1_648' title='bbox 3154 4115 3295 4183; x_wconf 82' lang='grc' dir='ltr'>ἀρχή</span> <span class='ocrx_word' id='word_1_649' title='bbox 3317 4130 3328 4141; x_wconf 77' lang='grc'><strong><em>⁸</em></strong></span> <span class='ocrx_word' id='word_1_650' title='bbox 3368 4114 3461 4163; x_wconf 73' lang='grc' dir='ltr'><strong>καὶ</strong></span> <span class='ocrx_word' id='word_1_651' title='bbox 3488 4112 3677 4162; x_wconf 80' lang='grc' dir='ltr'>οὐδένα</span> <span class='ocrx_word' id='word_1_652' title='bbox 3710 4109 3955 4177; x_wconf 76' lang='grc' dir='ltr'>βιάζεται</span> <span class='ocrx_word' id='word_1_653' title='bbox 3986 4112 4016 4175; x_wconf 78' lang='grc' dir='ltr'>ὴ</span> 
     </span>
    </p>
   </div>
   <div class='ocr_carea' id='block_1_89' title="bbox 2452 4200 4019 4283">
    <p class='ocr_par' dir='ltr' id='par_1_89' title="bbox 2452 4200 4019 4283">
     <span class='ocr_line' id='line_1_89' title="bbox 2452 4200 4019 4283; baseline -0.013 -15"><span class='ocrx_word' id='word_1_654' title='bbox 2452 4217 2665 4283; x_wconf 89' lang='grc' dir='ltr'>γένεσις</span> <span class='ocrx_word' id='word_1_655' title='bbox 2709 4211 2802 4264; x_wconf 82' lang='grc' dir='ltr'>νῦν</span> <span class='ocrx_word' id='word_1_656' title='bbox 2858 4208 2981 4261; x_wconf 74' lang='grc' dir='ltr'>οὔτε</span> <span class='ocrx_word' id='word_1_657' title='bbox 3028 4204 3430 4271; x_wconf 87' lang='grc' dir='ltr'>είδωλολατρεῖν</span> <span class='ocrx_word' id='word_1_658' title='bbox 3476 4200 3598 4253; x_wconf 81' lang='grc' dir='ltr'>οὔτε</span> <span class='ocrx_word' id='word_1_659' title='bbox 3648 4202 4019 4269; x_wconf 79' lang='grc' dir='ltr'>μητρογαμείν</span> 
     </span>
    </p>
   </div>
   <div class='ocr_carea' id='block_1_90' title="bbox 2452 4290 4021 4361">
    <p class='ocr_par' dir='ltr' id='par_1_90' title="bbox 2452 4290 4021 4361">
     <span class='ocr_line' id='line_1_90' title="bbox 2452 4290 4021 4361; baseline -0.013 -3"><span class='ocrx_word' id='word_1_660' title='bbox 2452 4304 2572 4357; x_wconf 89' lang='grc' dir='ltr'><strong>οὐδέ</strong></span> <span class='ocrx_word' id='word_1_661' title='bbox 2605 4302 2673 4355; x_wconf 88' lang='grc' dir='ltr'>τὰ</span> <span class='ocrx_word' id='word_1_662' title='bbox 2702 4300 2855 4359; x_wconf 84' lang='grc' dir='ltr'>ἀλλα,</span> <span class='ocrx_word' id='word_1_663' title='bbox 2888 4299 3030 4356; x_wconf 84' lang='grc' dir='ltr'>ὅσοις</span> <span class='ocrx_word' id='word_1_664' title='bbox 3055 4294 3122 4345; x_wconf 86' lang='grc' dir='ltr'><strong>τά</strong></span> <span class='ocrx_word' id='word_1_665' title='bbox 3150 4293 3378 4361; x_wconf 81' lang='grc' dir='ltr'>διάφορα</span> <span class='ocrx_word' id='word_1_666' title='bbox 3393 4293 3435 4321; x_wconf 84' lang='grc'><strong>⁶¹</strong></span> <span class='ocrx_word' id='word_1_667' title='bbox 3472 4292 3579 4343; x_wconf 89' lang='grc' dir='ltr'><strong>τῶν</strong></span> <span class='ocrx_word' id='word_1_668' title='bbox 3621 4290 3791 4341; x_wconf 87' lang='grc' dir='ltr'>ἐθνῶν</span> <span class='ocrx_word' id='word_1_669' title='bbox 3816 4291 3916 4341; x_wconf 89' lang='grc' dir='ltr'><strong>οὐκ</strong></span> <span class='ocrx_word' id='word_1_670' title='bbox 3941 4290 4021 4351; x_wconf 75' lang='grc' dir='ltr'><strong>ἐξ·</strong></span> 
     </span>
    </p>
   </div>
   <div class='ocr_carea' id='block_1_91' title="bbox 2453 4379 4017 4465">
    <p class='ocr_par' dir='ltr' id='par_1_91' title="bbox 2453 4379 4017 4465">
     <span class='ocr_line' id='line_1_91' title="bbox 2453 4379 4017 4465; baseline -0.01 -18"><span class='ocrx_word' id='word_1_671' title='bbox 2453 4396 2680 4465; x_wconf 83' lang='grc' dir='ltr'>ήλλαττε</span> <span class='ocrx_word' id='word_1_672' title='bbox 2711 4393 2866 4460; x_wconf 82' lang='grc' dir='ltr'>μόνον</span> <span class='ocrx_word' id='word_1_673' title='bbox 2897 4387 3163 4455; x_wconf 84' lang='grc' dir='ltr'>ἀλλήλων,</span> <span class='ocrx_word' id='word_1_674' title='bbox 3189 4385 3321 4437; x_wconf 85' lang='grc' dir='ltr'><strong>ἀλλά</strong></span> <span class='ocrx_word' id='word_1_675' title='bbox 3344 4384 3435 4436; x_wconf 72' lang='grc' dir='ltr'><strong>καὶ</strong></span> <span class='ocrx_word' id='word_1_676' title='bbox 3463 4382 3599 4451; x_wconf 80' lang='grc' dir='ltr'>πρὸς</span> <span class='ocrx_word' id='word_1_677' title='bbox 3620 4382 3663 4412; x_wconf 85' lang='grc'><strong>⁶³</strong></span> <span class='ocrx_word' id='word_1_678' title='bbox 3692 4382 3763 4432; x_wconf 86' lang='grc' dir='ltr'><strong>τά</strong></span> <span class='ocrx_word' id='word_1_679' title='bbox 3784 4380 3912 4451; x_wconf 78' lang='grc'><strong>[559</strong></span> <span class='ocrx_word' id='word_1_680' title='bbox 3930 4379 4017 4451; x_wconf 71' lang='lat' dir='ltr'><strong>IL]</strong></span> 
     </span>
    </p>
   </div>
   <div class='ocr_carea' id='block_1_92' title="bbox 782 4473 2407 4559">
    <p class='ocr_par' dir='ltr' id='par_1_92' title="bbox 782 4490 2407 4559">
     <span class='ocr_line' id='line_1_92' title="bbox 782 4490 2407 4559; baseline -0.004 -9"><span class='ocrx_word' id='word_1_681' title='bbox 782 4498 873 4550; x_wconf 87' lang='lat' dir='ltr'><strong>sed</strong></span> <span class='ocrx_word' id='word_1_682' title='bbox 904 4497 1065 4548; x_wconf 86' lang='lat' dir='ltr'><strong>etiam</strong></span> <span class='ocrx_word' id='word_1_683' title='bbox 1102 4495 1168 4545; x_wconf 90' lang='lat' dir='ltr'><strong>ab</strong></span> <span class='ocrx_word' id='word_1_684' title='bbox 1201 4493 1465 4559; x_wconf 86' lang='lat' dir='ltr'><strong>oppositis</strong></span> <span class='ocrx_word' id='word_1_685' title='bbox 1503 4490 1606 4544; x_wconf 88' lang='lat' dir='ltr'><strong>sibi</strong></span> <span class='ocrx_word' id='word_1_686' title='bbox 1632 4491 1861 4542; x_wconf 88' lang='lat' dir='ltr'><strong>invicem</strong></span> <span class='ocrx_word' id='word_1_687' title='bbox 1894 4492 2201 4543; x_wconf 83' lang='lat' dir='ltr'><strong>nationibus</strong></span> <span class='ocrx_word' id='word_1_688' title='bbox 2236 4492 2345 4543; x_wconf 83' lang='lat' dir='ltr'><strong>dis-</strong></span> <span class='ocrx_word' id='word_1_689' title='bbox 2377 4490 2407 4544; x_wconf 73' lang='lat' dir='ltr'><strong>II</strong></span> 
     </span>
    </p>
   </div>
   <div class='ocr_carea' id='block_1_93' title="bbox 2434 4473 4017 4559">
    <p class='ocr_par' dir='ltr' id='par_1_93' title="bbox 2449 4473 4017 4551">
     <span class='ocr_line' id='line_1_93' title="bbox 2449 4473 4017 4551; baseline -0.011 -13"><span class='ocrx_word' id='word_1_690' title='bbox 2449 4484 2799 4551; x_wconf 80' lang='grc' dir='ltr'>ἀντικείμενα</span> <span class='ocrx_word' id='word_1_691' title='bbox 2825 4479 3202 4545; x_wconf 80' lang='grc' dir='ltr'>κατετέμνετο.</span> <span class='ocrx_word' id='word_1_692' title='bbox 3220 4476 3422 4526; x_wconf 87' lang='grc' dir='ltr'>Ἐκεῖνο</span> <span class='ocrx_word' id='word_1_693' title='bbox 3443 4474 3498 4525; x_wconf 83' lang='grc' dir='ltr'>δὲ</span> <span class='ocrx_word' id='word_1_694' title='bbox 3530 4475 3659 4541; x_wconf 79' lang='grc' dir='ltr'>ἡμῖν</span> <span class='ocrx_word' id='word_1_695' title='bbox 3689 4473 4017 4539; x_wconf 82' lang='grc' dir='ltr'>λεγέτωσαν,</span> 
     </span>
    </p>
   </div>
   <div class='ocr_carea' id='block_1_94' title="bbox 784 4563 2407 4652">
    <p class='ocr_par' dir='ltr' id='par_1_94' title="bbox 784 4580 2348 4652">
     <span class='ocr_line' id='line_1_94' title="bbox 784 4580 2348 4652; baseline -0.004 -11"><span class='ocrx_word' id='word_1_696' title='bbox 784 4588 1187 4652; x_wconf 82' lang='lat' dir='ltr'><strong>tinguebantur.</strong></span> <span class='ocrx_word' id='word_1_697' title='bbox 1225 4583 1357 4635; x_wconf 91' lang='lat' dir='ltr'><strong>lllnd</strong></span> <span class='ocrx_word' id='word_1_698' title='bbox 1391 4597 1521 4649; x_wconf 85' lang='lat' dir='ltr'><strong>ergo</strong></span> <span class='ocrx_word' id='word_1_699' title='bbox 1552 4580 1711 4633; x_wconf 91' lang='lat' dir='ltr'><strong>nobis</strong></span> <span class='ocrx_word' id='word_1_700' title='bbox 1756 4580 2047 4649; x_wconf 80' lang='lat' dir='ltr'><strong>explicent,</strong></span> <span class='ocrx_word' id='word_1_701' title='bbox 2080 4583 2348 4650; x_wconf 87' lang='lat' dir='ltr'><strong>quomodo</strong></span> 
     </span>
    </p>
   </div>
   <div class='ocr_carea' id='block_1_95' title="bbox 2434 4563 4018 4652">
    <p class='ocr_par' dir='ltr' id='par_1_95' title="bbox 2445 4563 4018 4641">
     <span class='ocr_line' id='line_1_95' title="bbox 2445 4563 4018 4641; baseline -0.011 -12"><span class='ocrx_word' id='word_1_702' title='bbox 2445 4576 2584 4639; x_wconf 81' lang='grc' dir='ltr'>πῶς,</span> <span class='ocrx_word' id='word_1_703' title='bbox 2613 4574 2800 4641; x_wconf 84' lang='grc' dir='ltr'>ὥσπερ</span> <span class='ocrx_word' id='word_1_704' title='bbox 2844 4570 2941 4639; x_wconf 60' lang='lat' dir='ltr'><strong>ﬂ“</strong></span> <span class='ocrx_word' id='word_1_705' title='bbox 2984 4566 3291 4637; x_wconf 83' lang='grc' dir='ltr'>εἱμαρμένη</span> <span class='ocrx_word' id='word_1_706' title='bbox 3343 4564 3642 4633; x_wconf 78' lang='grc' dir='ltr'>μεταϐολάς</span> <span class='ocrx_word' id='word_1_707' title='bbox 3696 4567 3841 4615; x_wconf 78' lang='grc' dir='ltr'>ποιεῖ</span> <span class='ocrx_word' id='word_1_708' title='bbox 3890 4563 4018 4631; x_wconf 82' lang='grc' dir='ltr'>θρη-</span> 
     </span>
    </p>
   </div>
   <div class='ocr_carea' id='block_1_96' title="bbox 782 4655 2407 4741">
    <p class='ocr_par' dir='ltr' id='par_1_96' title="bbox 782 4672 2349 4741">
     <span class='ocr_line' id='line_1_96' title="bbox 782 4672 2349 4741; baseline -0.004 -10"><span class='ocrx_word' id='word_1_709' title='bbox 782 4675 1058 4741; x_wconf 82' lang='lat' dir='ltr'><strong>religionis</strong></span> <span class='ocrx_word' id='word_1_710' title='bbox 1088 4684 1251 4740; x_wconf 89' lang='lat' dir='ltr'><strong>atque</strong></span> <span class='ocrx_word' id='word_1_711' title='bbox 1280 4673 1654 4725; x_wconf 88' lang='lat' dir='ltr'><strong>doctrinarum</strong></span> <span class='ocrx_word' id='word_1_712' title='bbox 1694 4672 2041 4724; x_wconf 89' lang='lat' dir='ltr'><strong>mutationem</strong></span> <span class='ocrx_word' id='word_1_713' title='bbox 2068 4673 2233 4724; x_wconf 72' lang='lat' dir='ltr'><strong>fatum</strong></span> <span class='ocrx_word' id='word_1_714' title='bbox 2268 4674 2349 4725; x_wconf 89' lang='lat' dir='ltr'><strong>in-</strong></span> 
     </span>
    </p>
   </div>
   <div class='ocr_carea' id='block_1_97' title="bbox 2434 4655 4019 4741">
    <p class='ocr_par' dir='ltr' id='par_1_97' title="bbox 2448 4655 4019 4729">
     <span class='ocr_line' id='line_1_97' title="bbox 2448 4655 4019 4729; baseline -0.01 -9"><span class='ocrx_word' id='word_1_715' title='bbox 2448 4668 2637 4727; x_wconf 87' lang='grc' dir='ltr'>σκείας</span> <span class='ocrx_word' id='word_1_716' title='bbox 2668 4665 2761 4715; x_wconf 75' lang='grc' dir='ltr'><strong>καὶ</strong></span> <span class='ocrx_word' id='word_1_717' title='bbox 2794 4662 3102 4729; x_wconf 81' lang='grc' dir='ltr'>δογμάτων,</span> <span class='ocrx_word' id='word_1_718' title='bbox 3134 4657 3257 4726; x_wconf 74' lang='grc' dir='ltr'>οὐχὶ</span> <span class='ocrx_word' id='word_1_719' title='bbox 3307 4657 3402 4709; x_wconf 77' lang='grc' dir='ltr'><strong>καὶ</strong></span> <span class='ocrx_word' id='word_1_720' title='bbox 3428 4658 3499 4707; x_wconf 81' lang='grc' dir='ltr'>τὰ</span> <span class='ocrx_word' id='word_1_721' title='bbox 3528 4656 3659 4707; x_wconf 77' lang='grc' dir='ltr'>ἄλλα</span> <span class='ocrx_word' id='word_1_722' title='bbox 3693 4656 3846 4723; x_wconf 78' lang='grc' dir='ltr'>ἰσχὺν</span> <span class='ocrx_word' id='word_1_723' title='bbox 3875 4655 4019 4707; x_wconf 77' lang='grc' dir='ltr'>οὐδε-</span> 
     </span>
    </p>
   </div>
   <div class='ocr_carea' id='block_1_98' title="bbox 782 4748 2407 4833">
    <p class='ocr_par' dir='ltr' id='par_1_98' title="bbox 782 4756 2349 4833">
     <span class='ocr_line' id='line_1_98' title="bbox 782 4756 2349 4833; baseline -0.006 -10"><span class='ocrx_word' id='word_1_724' title='bbox 782 4770 963 4829; x_wconf 87' lang='lat' dir='ltr'><strong>ducat,</strong></span> <span class='ocrx_word' id='word_1_725' title='bbox 1028 4756 1201 4833; x_wconf 84' lang='lat' dir='ltr'><strong>neque</strong></span> <span class='ocrx_word' id='word_1_726' title='bbox 1249 4771 1427 4815; x_wconf 83' lang='lat' dir='ltr'><strong>tamen</strong></span> <span class='ocrx_word' id='word_1_727' title='bbox 1482 4771 1677 4815; x_wconf 69' lang='lat' dir='ltr'><strong>czctera</strong></span> <span class='ocrx_word' id='word_1_728' title='bbox 1738 4762 1979 4813; x_wconf 83' lang='lat' dir='ltr'><strong>mutandi</strong></span> <span class='ocrx_word' id='word_1_729' title='bbox 2029 4762 2133 4813; x_wconf 90' lang='lat' dir='ltr'><strong>vim</strong></span> <span class='ocrx_word' id='word_1_730' title='bbox 2188 4762 2349 4814; x_wconf 91' lang='lat' dir='ltr'><strong>ullam</strong></span> 
     </span>
    </p>
   </div>
   <div class='ocr_carea' id='block_1_99' title="bbox 2434 4748 4019 4833">
    <p class='ocr_par' dir='ltr' id='par_1_99' title="bbox 2448 4748 4019 4830">
     <span class='ocr_line' id='line_1_99' title="bbox 2448 4748 4019 4830; baseline -0.009 -19"><span class='ocrx_word' id='word_1_731' title='bbox 2448 4760 2577 4830; x_wconf 84' lang='grc' dir='ltr'>μίαν</span> <span class='ocrx_word' id='word_1_732' title='bbox 2625 4754 2943 4825; x_wconf 83' lang='grc' dir='ltr'>μεταϐαλεῖν</span> <span class='ocrx_word' id='word_1_733' title='bbox 2985 4752 3173 4819; x_wconf 80' lang='grc' dir='ltr'>ἐσχεν;</span> <span class='ocrx_word' id='word_1_734' title='bbox 3203 4750 3392 4801; x_wconf 86' lang='grc' dir='ltr'>οὐδένα</span> <span class='ocrx_word' id='word_1_735' title='bbox 3444 4749 3550 4816; x_wconf 83' lang='grc' dir='ltr'>γὰρ</span> <span class='ocrx_word' id='word_1_736' title='bbox 3582 4748 3753 4814; x_wconf 79' lang='grc' dir='ltr'>ἐφάνη</span> <span class='ocrx_word' id='word_1_737' title='bbox 3791 4748 4019 4798; x_wconf 79' lang='grc' dir='ltr'>πείσασα</span> 
     </span>
    </p>
   </div>
   <div class='ocr_carea' id='block_1_100' title="bbox 782 4850 2352 4918">
    <p class='ocr_par' dir='ltr' id='par_1_100' title="bbox 782 4850 2352 4918">
     <span class='ocr_line' id='line_1_100' title="bbox 782 4850 2352 4918; baseline -0.006 -5"><span class='ocrx_word' id='word_1_738' title='bbox 782 4857 1017 4914; x_wconf 83' lang='lat' dir='ltr'><strong>habeat?</strong></span> <span class='ocrx_word' id='word_1_739' title='bbox 1045 4854 1325 4908; x_wconf 82' lang='lat' dir='ltr'><strong>Neminem</strong></span> <span class='ocrx_word' id='word_1_740' title='bbox 1362 4853 1504 4904; x_wconf 92' lang='lat' dir='ltr'><strong>enim</strong></span> <span class='ocrx_word' id='word_1_741' title='bbox 1546 4867 1785 4918; x_wconf 86' lang='lat' dir='ltr'><strong>unquam</strong></span> <span class='ocrx_word' id='word_1_742' title='bbox 1811 4860 1902 4901; x_wconf 88' lang='lat' dir='ltr'><strong>aut</strong></span> <span class='ocrx_word' id='word_1_743' title='bbox 1937 4850 2232 4915; x_wconf 87' lang='lat' dir='ltr'><strong>suadendo,</strong></span> <span class='ocrx_word' id='word_1_744' title='bbox 2258 4860 2352 4903; x_wconf 91' lang='lat' dir='ltr'><strong>aut</strong></span> 
     </span>
    </p>
   </div>
   <div class='ocr_carea' id='block_1_101' title="bbox 788 4942 2349 5017">
    <p class='ocr_par' dir='ltr' id='par_1_101' title="bbox 788 4942 2349 5017">
     <span class='ocr_line' id='line_1_101' title="bbox 788 4942 2349 5017; baseline -0.006 -14"><span class='ocrx_word' id='word_1_745' title='bbox 788 4953 837 5003; x_wconf 88' lang='lat' dir='ltr'><strong>vi</strong></span> <span class='ocrx_word' id='word_1_746' title='bbox 866 4952 1105 5017; x_wconf 83' lang='lat' dir='ltr'><strong>cogendo</strong></span> <span class='ocrx_word' id='word_1_747' title='bbox 1126 4961 1190 4999; x_wconf 94' lang='lat' dir='ltr'><strong>eo</strong></span> <span class='ocrx_word' id='word_1_748' title='bbox 1218 4943 1506 4997; x_wconf 81' lang='lat' dir='ltr'><strong>adduxisse</strong></span> <span class='ocrx_word' id='word_1_749' title='bbox 1530 4943 1761 5004; x_wconf 87' lang='lat' dir='ltr'><strong>videtur,</strong></span> <span class='ocrx_word' id='word_1_750' title='bbox 1795 4954 1852 4993; x_wconf 93' lang='lat' dir='ltr'><strong>ut</strong></span> <span class='ocrx_word' id='word_1_751' title='bbox 1875 4957 1994 4993; x_wconf 91' lang='lat' dir='ltr'><strong>cum</strong></span> <span class='ocrx_word' id='word_1_752' title='bbox 2026 4942 2349 5009; x_wconf 74' lang='lat' dir='ltr'><strong>ignominiae,</strong></span> 
     </span>
    </p>
   </div>
   <div class='ocr_carea' id='block_1_102' title="bbox 783 5032 2350 5112">
    <p class='ocr_par' dir='ltr' id='par_1_102' title="bbox 783 5032 2350 5112">
     <span class='ocr_line' id='line_1_102' title="bbox 783 5032 2350 5112; baseline -0.004 -22"><span class='ocrx_word' id='word_1_753' title='bbox 783 5040 1135 5112; x_wconf 75' lang='lat' dir='ltr'><strong>paupertatis,</strong></span> <span class='ocrx_word' id='word_1_754' title='bbox 1188 5034 1596 5096; x_wconf 90' lang='lat' dir='ltr'><strong>invaletudinis,</strong></span> <span class='ocrx_word' id='word_1_755' title='bbox 1644 5033 1943 5095; x_wconf 89' lang='lat' dir='ltr'><strong>servitutis,</strong></span> <span class='ocrx_word' id='word_1_756' title='bbox 1983 5032 2211 5099; x_wconf 70' lang='lat' dir='ltr'><strong>injuriae,</strong></span> <span class='ocrx_word' id='word_1_757' title='bbox 2258 5041 2350 5085; x_wconf 90' lang='lat' dir='ltr'><strong>aut</strong></span> 
     </span>
    </p>
   </div>
   <div class='ocr_carea' id='block_1_103' title="bbox 781 5124 2351 5198">
    <p class='ocr_par' dir='ltr' id='par_1_103' title="bbox 781 5124 2351 5198">
     <span class='ocr_line' id='line_1_103' title="bbox 781 5124 2351 5198; baseline -0.008 -11"><span class='ocrx_word' id='word_1_758' title='bbox 781 5132 1008 5198; x_wconf 89' lang='lat' dir='ltr'><strong>alicujus</strong></span> <span class='ocrx_word' id='word_1_759' title='bbox 1050 5145 1117 5184; x_wconf 84' lang='lat' dir='ltr'><strong>ex</strong></span> <span class='ocrx_word' id='word_1_760' title='bbox 1149 5127 1374 5181; x_wconf 84' lang='lat' dir='ltr'><strong>inﬁnitis</strong></span> <span class='ocrx_word' id='word_1_761' title='bbox 1426 5124 1548 5178; x_wconf 90' lang='lat' dir='ltr'><strong>aliis</strong></span> <span class='ocrx_word' id='word_1_762' title='bbox 1584 5125 1777 5177; x_wconf 87' lang='lat' dir='ltr'><strong>horqu</strong></span> <span class='ocrx_word' id='word_1_763' title='bbox 1826 5124 2089 5177; x_wconf 87' lang='lat' dir='ltr'><strong>similibus</strong></span> <span class='ocrx_word' id='word_1_764' title='bbox 2136 5124 2351 5176; x_wconf 89' lang='lat' dir='ltr'><strong>deside-</strong></span> 
     </span>
    </p>
   </div>
   <div class='ocr_carea' id='block_1_104' title="bbox 783 5215 2352 5290">
    <p class='ocr_par' dir='ltr' id='par_1_104' title="bbox 783 5215 2352 5290">
     <span class='ocr_line' id='line_1_104' title="bbox 783 5215 2352 5290; baseline -0.007 -12"><span class='ocrx_word' id='word_1_765' title='bbox 783 5226 923 5278; x_wconf 88' lang='lat' dir='ltr'><strong>rium</strong></span> <span class='ocrx_word' id='word_1_766' title='bbox 949 5228 1187 5290; x_wconf 91' lang='lat' dir='ltr'><strong>caperet.</strong></span> <span class='ocrx_word' id='word_1_767' title='bbox 1223 5218 1328 5271; x_wconf 91' lang='lat' dir='ltr'><strong>Sed</strong></span> <span class='ocrx_word' id='word_1_768' title='bbox 1365 5215 1823 5285; x_wconf 88' lang='lat' dir='ltr'><strong>quemadmodum</strong></span> <span class='ocrx_word' id='word_1_769' title='bbox 1881 5218 2075 5280; x_wconf 89' lang='lat' dir='ltr'><strong>ubique</strong></span> <span class='ocrx_word' id='word_1_770' title='bbox 2117 5215 2226 5267; x_wconf 89' lang='lat' dir='ltr'><strong>visa</strong></span> <span class='ocrx_word' id='word_1_771' title='bbox 2268 5222 2352 5267; x_wconf 90' lang='lat' dir='ltr'><strong>est</strong></span> 
     </span>
    </p>
   </div>
   <div class='ocr_carea' id='block_1_105' title="bbox 2446 4837 4014 4915">
    <p class='ocr_par' dir='ltr' id='par_1_105' title="bbox 2446 4837 4014 4915">
     <span class='ocr_line' id='line_1_105' title="bbox 2446 4837 4014 4915; baseline -0.011 -14"><span class='ocrx_word' id='word_1_772' title='bbox 2446 4848 2565 4901; x_wconf 71' lang='grc' dir='ltr'>οὐδὲ</span> <span class='ocrx_word' id='word_1_773' title='bbox 2600 4843 2900 4915; x_wconf 83' lang='grc' dir='ltr'>βιασαμένη</span> <span class='ocrx_word' id='word_1_774' title='bbox 2947 4841 3159 4903; x_wconf 79' lang='grc' dir='ltr'>ἀδοξίας</span> <span class='ocrx_word' id='word_1_775' title='bbox 3206 4839 3238 4907; x_wconf 86' lang='grc' dir='ltr'><strong>ἧ</strong></span> <span class='ocrx_word' id='word_1_776' title='bbox 3282 4838 3555 4905; x_wconf 83' lang='grc' dir='ltr'>πτωχείας</span> <span class='ocrx_word' id='word_1_777' title='bbox 3584 4837 3616 4905; x_wconf 82' lang='grc' dir='ltr'>ἢ</span> <span class='ocrx_word' id='word_1_778' title='bbox 3648 4837 4014 4905; x_wconf 74' lang='grc' dir='ltr'>ἀρῥωστίαςῆ</span> 
     </span>
    </p>
   </div>
   <div class='ocr_carea' id='block_1_106' title="bbox 2456 4926 4017 5003">
    <p class='ocr_par' dir='ltr' id='par_1_106' title="bbox 2456 4926 4017 5003">
     <span class='ocr_line' id='line_1_106' title="bbox 2456 4926 4017 5003; baseline -0.012 -10"><span class='ocrx_word' id='word_1_779' title='bbox 2456 4938 2696 4997; x_wconf 83' lang='grc' dir='ltr'>δουλείας</span> <span class='ocrx_word' id='word_1_780' title='bbox 2725 4936 2758 5003; x_wconf 87' lang='grc' dir='ltr'>ἢ</span> <span class='ocrx_word' id='word_1_781' title='bbox 2790 4934 3057 4993; x_wconf 86' lang='grc' dir='ltr'>κολάσεως</span> <span class='ocrx_word' id='word_1_782' title='bbox 3103 4931 3135 4999; x_wconf 83' lang='grc' dir='ltr'>ἢ</span> <span class='ocrx_word' id='word_1_783' title='bbox 3185 4930 3394 4999; x_wconf 82' lang='grc' dir='ltr'>ὕϐρεως</span> <span class='ocrx_word' id='word_1_784' title='bbox 3439 4927 3557 4979; x_wconf 86' lang='grc' dir='ltr'>οὐδὲ</span> <span class='ocrx_word' id='word_1_785' title='bbox 3610 4928 3821 4994; x_wconf 89' lang='grc' dir='ltr'>μυρίων</span> <span class='ocrx_word' id='word_1_786' title='bbox 3852 4926 4017 4976; x_wconf 78' lang='grc' dir='ltr'>ἄλλων</span> 
     </span>
    </p>
   </div>
   <div class='ocr_carea' id='block_1_107' title="bbox 2455 5018 4016 5088">
    <p class='ocr_par' dir='ltr' id='par_1_107' title="bbox 2455 5018 4016 5088">
     <span class='ocr_line' id='line_1_107' title="bbox 2455 5018 4016 5088; baseline -0.011 -4"><span class='ocrx_word' id='word_1_787' title='bbox 2455 5031 2709 5085; x_wconf 84' lang='grc' dir='ltr'>τοιούτων</span> <span class='ocrx_word' id='word_1_788' title='bbox 2739 5028 2899 5078; x_wconf 81' lang='grc' dir='ltr'>πόθον</span> <span class='ocrx_word' id='word_1_789' title='bbox 2926 5018 3141 5077; x_wconf 80' lang='grc' dir='ltr'>λαϐεῖν’·</span> <span class='ocrx_word' id='word_1_790' title='bbox 3171 5022 3286 5075; x_wconf 83' lang='grc' dir='ltr'>ἀλλ’</span> <span class='ocrx_word' id='word_1_791' title='bbox 3310 5021 3497 5088; x_wconf 83' lang='grc' dir='ltr'>ὥσπερ</span> <span class='ocrx_word' id='word_1_792' title='bbox 3521 5022 3554 5087; x_wconf 81' lang='grc' dir='ltr'>ἡ</span> <span class='ocrx_word' id='word_1_793' title='bbox 3578 5020 3739 5086; x_wconf 80' lang='grc' dir='ltr'>φύσις</span> <span class='ocrx_word' id='word_1_794' title='bbox 3764 5019 4016 5084; x_wconf 85' lang='grc' dir='ltr'>κρείττων</span> 
     </span>
    </p>
   </div>
   <div class='ocr_carea' id='block_1_108' title="bbox 2456 5109 4011 5189">
    <p class='ocr_par' dir='ltr' id='par_1_108' title="bbox 2456 5109 4011 5189">
     <span class='ocr_line' id='line_1_108' title="bbox 2456 5109 4011 5189; baseline -0.012 -14"><span class='ocrx_word' id='word_1_795' title='bbox 2456 5122 2612 5189; x_wconf 81' lang='grc' dir='ltr'>ῶφθη</span> <span class='ocrx_word' id='word_1_796' title='bbox 2660 5118 2935 5187; x_wconf 74' lang='grc' dir='ltr'>πανταχοῦ</span> <span class='ocrx_word' id='word_1_797' title='bbox 2969 5115 3075 5168; x_wconf 88' lang='grc' dir='ltr'><strong>τῶν</strong></span> <span class='ocrx_word' id='word_1_798' title='bbox 3104 5116 3202 5182; x_wconf 85' lang='grc' dir='ltr'>τῆς</span> <span class='ocrx_word' id='word_1_799' title='bbox 3234 5115 3496 5179; x_wconf 87' lang='grc' dir='ltr'>γενέσεως</span> <span class='ocrx_word' id='word_1_800' title='bbox 3545 5109 4011 5176; x_wconf 75' lang='grc' dir='ltr'>ἀποτελεσμάτων,</span> 
     </span>
    </p>
   </div>
   <div class='ocr_carea' id='block_1_109' title="bbox 2455 5199 4013 5274">
    <p class='ocr_par' dir='ltr' id='par_1_109' title="bbox 2455 5199 4013 5274">
     <span class='ocr_line' id='line_1_109' title="bbox 2455 5199 4013 5274; baseline -0.012 -9"><span class='ocrx_word' id='word_1_801' title='bbox 2455 5212 2595 5266; x_wconf 80' lang='grc' dir='ltr'>οὕτω</span> <span class='ocrx_word' id='word_1_802' title='bbox 2630 5212 2721 5262; x_wconf 76' lang='grc' dir='ltr'>καὶ</span> <span class='ocrx_word' id='word_1_803' title='bbox 2755 5211 2783 5260; x_wconf 91' lang='grc' dir='ltr'>ὁ</span> <span class='ocrx_word' id='word_1_804' title='bbox 2807 5206 3063 5274; x_wconf 79' lang='grc' dir='ltr'>λογισμὸς</span> <span class='ocrx_word' id='word_1_805' title='bbox 3087 5205 3147 5255; x_wconf 85' lang='grc' dir='ltr'><strong>τὸ</strong></span> <span class='ocrx_word' id='word_1_806' title='bbox 3175 5205 3369 5255; x_wconf 79' lang='grc' dir='ltr'>οἰκεῖον</span> <span class='ocrx_word' id='word_1_807' title='bbox 3396 5202 3493 5269; x_wconf 85' lang='grc' dir='ltr'>τῆς</span> <span class='ocrx_word' id='word_1_808' title='bbox 3525 5200 3835 5266; x_wconf 77' lang='grc' dir='ltr'>ἐλευθερίας</span> <span class='ocrx_word' id='word_1_809' title='bbox 3862 5199 4013 5261; x_wconf 74' lang='grc' dir='ltr'>ἀξίω-</span> 
     </span>
    </p>
   </div>
   <div class='ocr_carea' id='block_1_110' title="bbox 2460 5292 4010 5373">
    <p class='ocr_par' dir='ltr' id='par_1_110' title="bbox 2460 5292 4010 5373">
     <span class='ocr_line' id='line_1_110' title="bbox 2460 5292 4010 5373; baseline -0.011 -16"><span class='ocrx_word' id='word_1_810' title='bbox 2460 5323 2534 5373; x_wconf 80' lang='grc' dir='ltr'><strong>μα</strong></span> <span class='ocrx_word' id='word_1_811' title='bbox 2563 5300 2861 5363; x_wconf 79' lang='grc' dir='ltr'>διασώζων,</span> <span class='ocrx_word' id='word_1_812' title='bbox 2900 5300 2957 5348; x_wconf 82' lang='grc' dir='ltr'><strong>ἐν</strong></span> <span class='ocrx_word' id='word_1_813' title='bbox 2984 5294 3063 5357; x_wconf 81' lang='grc' dir='ltr'><strong>οἷς</strong></span> <span class='ocrx_word' id='word_1_814' title='bbox 3101 5295 3435 5361; x_wconf 79' lang='grc' dir='ltr'>αὐθαιρέτως</span> <span class='ocrx_word' id='word_1_815' title='bbox 3470 5295 3720 5361; x_wconf 77' lang='grc' dir='ltr'>πράττει,</span> <span class='ocrx_word' id='word_1_816' title='bbox 3747 5293 3854 5345; x_wconf 86' lang='grc' dir='ltr'><strong>τῶν</strong></span> <span class='ocrx_word' id='word_1_817' title='bbox 3879 5292 4010 5342; x_wconf 81' lang='grc' dir='ltr'>ἐκεῖ·</span> 
     </span>
    </p>
   </div>
   <div class='ocr_carea' id='block_1_111' title="bbox 783 5306 2351 5379">
    <p class='ocr_par' dir='ltr' id='par_1_111' title="bbox 783 5306 2351 5379">
     <span class='ocr_line' id='line_1_111' title="bbox 783 5306 2351 5379; baseline -0.008 -10"><span class='ocrx_word' id='word_1_818' title='bbox 783 5323 973 5369; x_wconf 88' lang='lat' dir='ltr'><strong>natura</strong></span> <span class='ocrx_word' id='word_1_819' title='bbox 1022 5310 1293 5379; x_wconf 90' lang='lat' dir='ltr'><strong>potentior</strong></span> <span class='ocrx_word' id='word_1_820' title='bbox 1340 5322 1499 5376; x_wconf 91' lang='lat' dir='ltr'><strong>quam</strong></span> <span class='ocrx_word' id='word_1_821' title='bbox 1548 5306 1744 5358; x_wconf 81' lang='lat' dir='ltr'><strong>fatales</strong></span> <span class='ocrx_word' id='word_1_822' title='bbox 1776 5306 2107 5369; x_wconf 82' lang='lat' dir='ltr'><strong>ell&#39;ectiones,</strong></span> <span class='ocrx_word' id='word_1_823' title='bbox 2173 5306 2250 5358; x_wconf 90' lang='lat' dir='ltr'><strong>sic</strong></span> <span class='ocrx_word' id='word_1_824' title='bbox 2298 5316 2351 5357; x_wconf 92' lang='lat' dir='ltr'><strong>et</strong></span> 
     </span>
    </p>
   </div>
   <div class='ocr_carea' id='block_1_112' title="bbox 787 5394 2353 5469">
    <p class='ocr_par' dir='ltr' id='par_1_112' title="bbox 787 5394 2353 5469">
     <span class='ocr_line' id='line_1_112' title="bbox 787 5394 2353 5469; baseline -0.006 -13"><span class='ocrx_word' id='word_1_825' title='bbox 787 5405 947 5463; x_wconf 88' lang='lat' dir='ltr'><strong>ratio,</strong></span> <span class='ocrx_word' id='word_1_826' title='bbox 973 5399 1204 5469; x_wconf 64' lang='lat' dir='ltr'><strong>propria:</strong></span> <span class='ocrx_word' id='word_1_827' title='bbox 1234 5398 1503 5450; x_wconf 86' lang='lat' dir='ltr'><strong>libertatis</strong></span> <span class='ocrx_word' id='word_1_828' title='bbox 1526 5395 1790 5464; x_wconf 86' lang='lat' dir='ltr'><strong>dignitate</strong></span> <span class='ocrx_word' id='word_1_829' title='bbox 1813 5406 2051 5455; x_wconf 87' lang='lat' dir='ltr'><strong>servata,</strong></span> <span class='ocrx_word' id='word_1_830' title='bbox 2070 5394 2353 5447; x_wconf 78' lang='lat' dir='ltr'><strong>manifeste</strong></span> 
     </span>
    </p>
   </div>
   <div class='ocr_carea' id='block_1_113' title="bbox 784 5488 3030 5562">
    <p class='ocr_par' dir='ltr' id='par_1_113' title="bbox 784 5488 3030 5562">
     <span class='ocr_line' id='line_1_113' title="bbox 784 5488 3030 5562; baseline -0.011 -7"><span class='ocrx_word' id='word_1_831' title='bbox 784 5501 917 5555; x_wconf 76' lang='lat' dir='ltr'><strong>satis</strong></span> <span class='ocrx_word' id='word_1_832' title='bbox 951 5500 1005 5551; x_wconf 89' lang='lat' dir='ltr'><strong>in</strong></span> <span class='ocrx_word' id='word_1_833' title='bbox 1049 5498 1133 5561; x_wconf 91' lang='lat' dir='ltr'><strong>iis,</strong></span> <span class='ocrx_word' id='word_1_834' title='bbox 1166 5507 1283 5562; x_wconf 74' lang='lat' dir='ltr'><strong>quae</strong></span> <span class='ocrx_word' id='word_1_835' title='bbox 1317 5492 1621 5546; x_wconf 87' lang='lat' dir='ltr'><strong>voluntarie</strong></span> <span class='ocrx_word' id='word_1_836' title='bbox 1652 5499 1941 5559; x_wconf 65' lang='lat' dir='ltr'><strong>,operatur,</strong></span> <span class='ocrx_word' id='word_1_837' title='bbox 1988 5504 2157 5557; x_wconf 88' lang='lat' dir='ltr'><strong>nugas</strong></span> <span class='ocrx_word' id='word_1_838' title='bbox 2193 5490 2321 5541; x_wconf 90' lang='lat' dir='ltr'><strong>istas</strong></span> <span class='ocrx_word' id='word_1_839' title='bbox 2362 5488 2579 5541; x_wconf 84' lang='lat' dir='ltr'><strong>vincere</strong></span> <span class='ocrx_word' id='word_1_840' title='bbox 2607 5489 3030 5539; x_wconf 87' lang='lat' dir='ltr'><strong>demonstratur.</strong></span> 
     </span>
    </p>
   </div>
   <div class='ocr_carea' id='block_1_114' title="bbox 2460 5383 3531 5452">
    <p class='ocr_par' dir='ltr' id='par_1_114' title="bbox 2460 5383 3531 5452">
     <span class='ocr_line' id='line_1_114' title="bbox 2460 5383 3531 5452; baseline -0.012 -6"><span class='ocrx_word' id='word_1_841' title='bbox 2460 5394 2552 5445; x_wconf 85' lang='grc' dir='ltr'><strong>θεν</strong></span> <span class='ocrx_word' id='word_1_842' title='bbox 2575 5392 2848 5444; x_wconf 84' lang='grc' dir='ltr'>δείκνυται</span> <span class='ocrx_word' id='word_1_843' title='bbox 2873 5383 3303 5447; x_wconf 76' lang='grc' dir='ltr'>κατεξουσιάζων</span> <span class='ocrx_word' id='word_1_844' title='bbox 3332 5384 3531 5452; x_wconf 73' lang='grc' dir='ltr'>λήρων.</span> 
     </span>
    </p>
   </div>
   <div class='ocr_carea' id='block_1_115' title="bbox 2072 5642 2749 5697">
    <p class='ocr_par' dir='ltr' id='par_1_115' title="bbox 2072 5642 2749 5697">
     <span class='ocr_line' id='line_1_115' title="bbox 2072 5642 2749 5697; baseline 0 -3"><span class='ocrx_word' id='word_1_845' title='bbox 2072 5643 2305 5695; x_wconf 75' lang='lat' dir='ltr'><strong>VARle</strong></span> <span class='ocrx_word' id='word_1_846' title='bbox 2342 5642 2749 5697; x_wconf 79' lang='lat' dir='ltr'><strong>LECTIONES.</strong></span> 
     </span>
    </p>
   </div>
   <div class='ocr_carea' id='block_1_116' title="bbox 859 5732 2957 5807">
    <p class='ocr_par' dir='ltr' id='par_1_116' title="bbox 859 5732 2957 5807">
     <span class='ocr_line' id='line_1_116' title="bbox 859 5732 2957 5807; baseline 0 -26"><span class='ocrx_word' id='word_1_847' title='bbox 859 5753 903 5782; x_wconf 81' lang='grc' dir='ltr'>ιι</span> <span class='ocrx_word' id='word_1_848' title='bbox 936 5751 1056 5802; x_wconf 69' lang='grc' dir='ltr'><strong>τδΑ</strong></span> <span class='ocrx_word' id='word_1_849' title='bbox 1093 5767 1103 5800; x_wconf 66' lang='grc' dir='ltr'>ε</span> <span class='ocrx_word' id='word_1_850' title='bbox 1137 5762 1197 5797; x_wconf 77' lang='grc' dir='ltr'>τε</span> <span class='ocrx_word' id='word_1_851' title='bbox 1220 5762 1280 5807; x_wconf 76' lang='grc' dir='ltr'><strong>ς,</strong></span> <span class='ocrx_word' id='word_1_852' title='bbox 1356 5746 1400 5775; x_wconf 78' lang='grc' dir='ltr'>η</span> <span class='ocrx_word' id='word_1_853' title='bbox 1431 5737 1591 5807; x_wconf 74' lang='grc' dir='ltr'>πρὸς]</span> <span class='ocrx_word' id='word_1_854' title='bbox 1612 5738 1783 5807; x_wconf 15' lang='grc' dir='ltr'><strong>ὡςνᾹ.</strong></span> <span class='ocrx_word' id='word_1_855' title='bbox 1862 5736 1908 5767; x_wconf 86' lang='grc'><strong><em>⁵³</em></strong></span> <span class='ocrx_word' id='word_1_856' title='bbox 1933 5733 2069 5807; x_wconf 76' lang='lat' dir='ltr'><strong>libri</strong></span> <span class='ocrx_word' id='word_1_857' title='bbox 2114 5734 2442 5807; x_wconf 29' lang='grc' dir='ltr'>μετῴκισεη</span> <span class='ocrx_word' id='word_1_858' title='bbox 2484 5734 2616 5807; x_wconf 73' lang='grc' dir='ltr'>’δτδ</span> <span class='ocrx_word' id='word_1_859' title='bbox 2645 5736 2737 5807; x_wconf 82' lang='lat' dir='ltr'><strong>A_:</strong></span> <span class='ocrx_word' id='word_1_860' title='bbox 2779 5732 2885 5783; x_wconf 86' lang='grc' dir='ltr'><strong>τῶν</strong></span> <span class='ocrx_word' id='word_1_861' title='bbox 2917 5749 2957 5807; x_wconf 58' lang='grc' dir='ltr'><strong>ς</strong></span> 
     </span>
    </p>
   </div>
   <div class='ocr_carea' id='block_1_117' title="bbox 792 5798 3409 5879">
    <p class='ocr_par' dir='ltr' id='par_1_117' title="bbox 792 5798 3409 5879">
     <span class='ocr_line' id='line_1_117' title="bbox 792 5798 3409 5879; baseline -0 -6"><span class='ocrx_word' id='word_1_862' title='bbox 792 5822 857 5873; x_wconf 82' lang='grc' dir='ltr'><strong>Α.</strong></span> <span class='ocrx_word' id='word_1_863' title='bbox 932 5798 1304 5879; x_wconf 60' lang='grc' dir='ltr'>ι’ίὲῐεδέξαιῖτο</span> <span class='ocrx_word' id='word_1_864' title='bbox 1331 5832 1390 5876; x_wconf 81' lang='grc' dir='ltr'>ς.</span> <span class='ocrx_word' id='word_1_865' title='bbox 1468 5798 1514 5841; x_wconf 68' lang='grc'><strong>⁵³</strong></span> <span class='ocrx_word' id='word_1_866' title='bbox 1548 5798 1905 5879; x_wconf 25' lang='grc' dir='ltr'><strong>πρὺς1ὼςλΛ-</strong></span> <span class='ocrx_word' id='word_1_867' title='bbox 1982 5798 2329 5874; x_wconf 51' lang='lat' dir='ltr'><strong>“&#39;Ea&#39;avav&#39;c-</strong></span> <span class='ocrx_word' id='word_1_868' title='bbox 2406 5803 2835 5873; x_wconf 65' lang='grc' dir='ltr'>⁶⁰ἡλετῶντο</span> <span class='ocrx_word' id='word_1_869' title='bbox 2914 5798 3409 5870; x_wconf 70' lang='grc' dir='ltr'><strong>⁶¹ὴΑεκιῖὴτο</strong></span> 
     </span>
    </p>
   </div>
   <div class='ocr_carea' id='block_1_118' title="bbox 795 5877 1981 5963">
    <p class='ocr_par' dir='ltr' id='par_1_118' title="bbox 795 5877 1981 5963">
     <span class='ocr_line' id='line_1_118' title="bbox 795 5877 1981 5963; baseline -0.011 -20"><span class='ocrx_word' id='word_1_870' title='bbox 795 5889 931 5963; x_wconf 71' lang='grc' dir='ltr'>ϐερά</span> <span class='ocrx_word' id='word_1_871' title='bbox 953 5907 1013 5954; x_wconf 82' lang='grc' dir='ltr'>ς.</span> <span class='ocrx_word' id='word_1_872' title='bbox 1091 5891 1133 5923; x_wconf 80' lang='grc'><strong>⁶³</strong></span> <span class='ocrx_word' id='word_1_873' title='bbox 1160 5877 1313 5957; x_wconf 55' lang='grc' dir='ltr'>πρὸς]</span> <span class='ocrx_word' id='word_1_874' title='bbox 1346 5883 1420 5947; x_wconf 80' lang='grc' dir='ltr'>ὡς</span> <span class='ocrx_word' id='word_1_875' title='bbox 1450 5883 1513 5935; x_wconf 77' lang='grc' dir='ltr'><strong>Α.</strong></span> <span class='ocrx_word' id='word_1_876' title='bbox 1590 5879 1635 5911; x_wconf 66' lang='grc'><strong>⁸³</strong></span> <span class='ocrx_word' id='word_1_877' title='bbox 1672 5880 1706 5947; x_wconf 86' lang='grc' dir='ltr'>ἡ</span> <span class='ocrx_word' id='word_1_878' title='bbox 1765 5877 1883 5932; x_wconf 86' lang='lat' dir='ltr'><strong>add.</strong></span> <span class='ocrx_word' id='word_1_879' title='bbox 1916 5879 1981 5930; x_wconf 81' lang='grc' dir='ltr'><strong>Δ.</strong></span> 
     </span>
    </p>
   </div>
   <div class='ocr_carea' id='block_1_119' title="bbox 3057 5719 4003 5797">
    <p class='ocr_par' dir='ltr' id='par_1_119' title="bbox 3057 5719 4003 5797">
     <span class='ocr_line' id='line_1_119' title="bbox 3057 5719 4003 5797; baseline -0.012 -15"><span class='ocrx_word' id='word_1_880' title='bbox 3057 5730 3104 5761; x_wconf 86' lang='grc'><strong><em>⁸⁸</em></strong></span> <span class='ocrx_word' id='word_1_881' title='bbox 3141 5725 3543 5797; x_wconf 81' lang='grc' dir='ltr'>μεθισταμένης</span> <span class='ocrx_word' id='word_1_882' title='bbox 3569 5724 3643 5797; x_wconf 34' lang='grc' dir='ltr'><strong>ᾗ..</strong></span> <span class='ocrx_word' id='word_1_883' title='bbox 3713 5722 3761 5752; x_wconf 85' lang='grc'><strong>⁸⁸</strong></span> <span class='ocrx_word' id='word_1_884' title='bbox 3793 5722 3863 5774; x_wconf 80' lang='grc' dir='ltr'><strong>τά</strong></span> <span class='ocrx_word' id='word_1_885' title='bbox 3892 5719 4003 5771; x_wconf 80' lang='lat' dir='ltr'><strong>add.</strong></span> 
     </span>
    </p>
   </div>
   <div class='ocr_carea' id='block_1_120' title="bbox 3490 5792 4010 5862">
    <p class='ocr_par' dir='ltr' id='par_1_120' title="bbox 3490 5792 4010 5862">
     <span class='ocr_line' id='line_1_120' title="bbox 3490 5792 4010 5862; baseline -0.006 -18"><span class='ocrx_word' id='word_1_886' title='bbox 3490 5795 3534 5823; x_wconf 78' lang='lat'>“</span> <span class='ocrx_word' id='word_1_887' title='bbox 3565 5792 3798 5862; x_wconf 77' lang='grc' dir='ltr'>διάφορα</span> <span class='ocrx_word' id='word_1_888' title='bbox 3820 5796 3898 5846; x_wconf 77' lang='lat' dir='ltr'><strong>A:</strong></span> <span class='ocrx_word' id='word_1_889' title='bbox 3925 5804 4010 5857; x_wconf 83' lang='grc' dir='ltr'>φο-</span> 
     </span>
    </p>
   </div>
  </div>
