4208 6448
198 391 304 454 865

1254 383 1325 443 BI
1334 382 1773 454 BLIOTHECA,
1795 404 1863 416 --
1887 381 2050 443 COD.
2083 382 2394 445 CCXXIII.

3311 386 3413 448 866

257 502 422 557 Ἀλλά
453 503 561 574 γὰρ
595 504 645 555 εί
664 502 710 534 ⁸⁸
743 498 806 554 τδ
831 500 1070 553 εὐσεθεῖν
1114 498 1208 551 καὶ
1235 496 1516 549 δυσσεὸεῖν
1544 494 1652 547 ἀπὸ
1677 512 1759 563 γε·
1787 497 1834 549 Α

1752 527 1759 536 -
1787 497 1834 549 Α
1935 489 2314 547 Verumtamen
2345 491 2390 547 si
2417 491 2504 562 pie
2534 498 2628 548 aut
2652 492 2814 561 impie
2846 507 3005 564 agere
3025 507 3056 549 a
3077 494 3262 565 genesi
3291 510 3414 564 pro-

186 597 409 660 νέσεως,
437 594 741 663 λεγέτωσαν
789 593 920 662 ἡμῖν
962 592 1045 655 τίς
1094 590 1301 658 γένεσις
1338 591 1571 644 Στωϊκὸν
1596 591 1757 655 ποιεῖ,

186 688 268 749 τίς
301 686 364 740 δέ
400 684 789 755 Ἐπικούρειον,
821 682 1255 753 Περιπατητικὸν
1295 682 1353 734 δὲ
1395 683 1523 735 ποία
1552 683 1585 753 ἢ
1614 682 1759 736 Πλα-

187 778 457 841 τωνικ6ν;
492 777 588 839 Τίς
615 774 899 846 λατρεύειν
938 772 1243 842 Διόνυσονῆ
1274 773 1567 843 Δήμητραν
1597 773 1629 843 ἢ
1661 774 1760 825 Σε-

188 867 360 936 λήνην
408 867 443 938 ἢ
479 866 689 930 Ἥλιον,
741 864 775 935 ἢ
820 864 909 916 τὸν
959 862 1254 931 Αἰγύπτιον
1305 864 1611 915 συνελαύνει
1662 863 1759 917 λα-

191 959 408 1029 τρεύειν
436 957 498 1010 τὸ
531 956 798 1027 πρόϐατον
827 956 860 1027 ἦ
888 956 977 1008 τὸν
1003 956 1138 1009 κύνα
1166 954 1199 1025 ἢ
1234 954 1323 1007 τὸν
1351 954 1629 1024 αἴλουρον;
1666 955 1761 1017 Τίς

192 1052 247 1104 δέ
268 1052 569 1120 Μανιχαϊον
594 1048 867 1112 ἀποτελεῖ,
886 1048 969 1110 τίς
991 1046 1373 1108 Οὐαλεντίνους
1394 1045 1471 1108 “;
1499 1046 1559 1099 El
1587 1046 1642 1098 δὲ
1665 1046 1760 1104 οὐκ

193 1142 261 1195 ἂν
292 1144 453 1209 φαῖεν
483 1140 591 1194 οὐδ’
618 1141 684 1194 ἂν
735 1138 898 1192 πλέον
947 1137 1314 1209 θρασυνθεῖεν,
1345 1137 1403 1191 ἐν
1447 1137 1580 1205 ἡμῖν
1633 1136 1761 1205 ἄρα,

192 1232 289 1284 καὶ
315 1232 378 1284 οὐ
407 1232 508 1299 τῆς
537 1230 802 1298 γενέσεως
828 1229 1009 1301 ἔργον,
1038 1230 1098 1282 τὸ
1120 1228 1343 1282 τοιῶσδε
1371 1228 1404 1297 ἢ
1428 1226 1647 1281 τοιῶσδε
1681 1228 1767 1279 σέ-

194 1328 331 1379 6ειν.
367 1327 431 1379 Εἰ
455 1328 511 1379 δέ
535 1325 711 1389 τοῦτο,
739 1327 832 1379 καὶ
864 1325 925 1377 τὸ
960 1324 1137 1378 σέϐειν
1168 1321 1356 1385 ἁπλῶς
1385 1322 1478 1374 καὶ
1512 1322 1586 1391 μὴ
1606 1321 1649 1351 ⁸⁷
1677 1320 1751 1373 σέ-

195 1418 343 1469 ϐειν·
374 1420 439 1470 ἐκ
463 1417 573 1469 τῶν
604 1417 786 1487 μερῶν
817 1416 925 1487 γάρ
961 1417 1021 1469 τὸ
1044 1417 1166 1469 ὅλον
1198 1415 1533 1468 συνίσταται.
1561 1413 1684 1476 Πῶς
1711 1412 1767 1466 δέ

195 1511 297 1563 οὐκ
327 1509 670 1576 ἀλογώτατον
701 1509 935 1579 πονηρὸν
956 1506 1206 1576 γενέσθαι
1230 1508 1337 1559 ἀπὸ
1362 1507 1649 1574 γενέσεως,
1675 1507 1762 1558 κατ

199 1600 479 1666 μισεῖσθαι
526 1599 635 1653 ἀπὸ
678 1603 777 1668 τῆς
794 1599 838 1630 ⁸⁸
862 1599 1033 1669 αὐτῆς
1062 1598 1151 1652 διά
1186 1598 1286 1668 τὴν
1316 1598 1607 1667 πονηρίαν;
1639 1596 1767 1667 [695

197 1688 290 1761 IL]
320 1690 524 1759 ὁμοίιος
570 1689 665 1741 καὶ
694 1689 897 1756 ἀγαθὸν
939 1688 1190 1757 γενέσθαι
1241 1705 1301 1741 τε
1358 1688 1451 1741 καὶ
1494 1686 1767 1755 θαυμάζε-

1860 582 2589 653 ﬁciscitur,explicentvelim
2612 586 2789 649 nobis,
2808 601 2925 655 qua
2942 587 3154 657 genesis
3175 585 3416 643 Stoicum

1860 676 2092 731 reddat?
2115 690 2235 745 qua
2267 676 2636 747 Epicureum?
2673 676 3091 747 Peripateticum
3125 680 3252 732 item
3286 692 3421 748 qna-

1860 768 1950 834 lis,
1998 778 2091 821 aut
2135 766 2518 822 Platonicum?
2551 782 2671 837 qua:
2715 768 2992 822 immolare
3034 769 3269 834 Baccho,
3326 778 3420 821 aut

1858 860 2065 924 Cereri,
2117 857 2297 912 Solive
2346 867 2437 912 aut
2482 856 2689 913 Luna?
2722 858 2849 925 Quae
2891 857 3204 929 Egyptium
3254 873 3420 928 pecus

1860 954 2109 1015 adorare,
2134 948 2216 1004 vel
2242 962 2428 1003 canem
2456 946 2731 1002 felemve?
2762 964 2878 1017 qua!
2914 948 3270 1002 Manicheum
3299 951 3423 1001 red.

1862 1041 1993 1095 dat?
2029 1056 2151 1111 quae
2186 1038 2727 1105 Valentinuleuod
2780 1040 2823 1093 si
2875 1039 3115 1094 indicare
3168 1040 3424 1108 nequive-

1863 1135 1994 1199 rint,
2026 1147 2093 1187 ne
2122 1147 2335 1203 quoque
2364 1130 2506 1185 ultra
2536 1144 2657 1186 sese
2697 1128 2946 1195 efferant,
2986 1143 3197 1183 moneo.
3237 1127 3290 1179 ιιι
3323 1142 3423 1181 no-

1866 1224 1950 1280 bis
1988 1224 2152 1291 igitur
2175 1224 2362 1286 situm,
2401 1237 2505 1276 non
2559 1220 2614 1275 in
2660 1234 2918 1291 geneseos
2963 1220 3298 1289 Operatione,
3345 1218 3425 1273 sic

1867 1312 1950 1367 vel
1979 1315 2059 1366 sic
2089 1328 2284 1367 numen
2311 1311 2509 1368 colere.
2540 1309 2597 1366 Si
2619 1325 2749 1366 vero
2784 1310 2886 1365 hoc
2911 1327 2925 1364 :
2956 1310 3140 1380 utique
3164 1319 3217 1363 et
3250 1309 3427 1363 colere

1867 1404 2204 1474 simpiiciter,
2247 1413 2301 1459 et
2355 1401 2620 1476 [omnino]
2668 1416 2774 1456 non
2827 1401 3046 1456 colere:
3098 1416 3130 1455 e
3181 1401 3427 1467 patribus

1867 1498 2013 1552 enim
2056 1508 2227 1551 totum
2270 1506 2503 1552 constat.
2539 1496 2819 1563 Quomodo
2853 1494 3032 1549 autem
3077 1510 3182 1549 non
3231 1494 3426 1550 absur-

1870 1587 2151 1641 dissimum
2186 1588 2314 1641 illud
2351 1588 2442 1652 sit,
2476 1589 2780 1656 improbum
2813 1602 2906 1656 per
2936 1586 3180 1657 genesim
3207 1584 3346 1645 fieri.
3373 1594 3429 1639 et

1872 1681 2045 1735 eidem
2084 1690 2263 1734 tamen
2296 1680 2661 1749 improbitatis
2691 1680 2909 1732 nomine
2932 1679 3058 1732 odio
3081 1677 3249 1733 esse?
3280 1677 3429 1731 simi-

198 1780 360 1843 σθαι;
400 1779 586 1849 μοιχὸν
609 1779 807 1848 ὁμοίως
838 1779 870 1849 ἢ
902 1780 1087 1847 φονέα,
1114 1780 1211 1833 καὶ
1238 1778 1371 1849 δρᾷν
1394 1779 1484 1831 ὑπ’
1507 1778 1674 1846 αὐτῆς
1698 1778 1766 1828 τὰ
1793 1833 1839 1849 __

1762 1795 1766 1828 :
1793 1833 1839 1849 __
1872 1771 1993 1825 liter
2021 1781 2075 1825 et
2112 1773 2309 1825 bonum
2354 1770 2491 1835 fieri,
2521 1780 2683 1839 atque
2704 1770 3048 1823 admirationi
3093 1783 3233 1832 esse,
3264 1778 3316 1823 et
3346 1772 3424 1823 si-

193 1833 379 1924 ἀτοπά
400 1833 749 1940 ⁵βιαζόμενον,
789 1833 894 1923 ’καὶ
915 1833 1023 1925 ⁵διά
1061 1833 1217 1925 τοῦτο
1251 1833 1762 1939 κολαζόμενονξ-νο-
1793 1833 1841 1894 Β

1793 1833 1841 1894 Β
1875 1862 2073 1917 militer
2094 1861 2418 1926 adulterum,
2447 1833 2541 1915 aut
2572 1833 2896 1915 homicidam
2920 1860 2941 1913 2
2967 1861 3048 1915 Ab
3073 1862 3260 1914 eadem
3302 1861 3425 1915 item

199 1962 438 2029 μοθέτας
471 1961 748 2025 καθίζειν,
782 1963 1028 2026 κολάζειν
1052 1964 1179 2024 τοὺς
1210 1963 1642 2031 ἁμαρτάνοντας,
1673 1962 1768 2015 καὶ

196 2053 423 2122 ἐτέρους
449 2051 710 2104 συνωθεῖν
742 2054 835 2106 καὶ
860 2053 1090 2117 ἄκοντας
1112 2054 1247 2121 πρὸς
1265 2054 1308 2085 ⁸⁸
1333 2052 1402 2105 τά
1435 2053 1765 2123 ἁμαρτήμαοο

196 2163 284 2208 τα,
314 2145 415 2198 καὶ
446 2145 586 2197 ὅσων
610 2142 785 2197 ἄλλων
812 2144 1067 2197 τοιούτων
1100 2144 1295 2214 μεστὸς
1330 2144 1359 2196 6
1390 2143 1503 2213 βίος
1536 2147 1765 2214 ὁρᾶταις

198 2239 384 2306 ’Λπερ
432 2239 481 2289 εί
517 2237 616 2305 μὲν
645 2237 880 2307 ἐφ’ήμίν
896 2238 964 2298 ⁷ο,
1010 2238 1275 2311 ἡμέτερον
1312 2237 1492 2289 καὶτὸ
1520 2236 1770 2306 ἔγκλημα

196 2328 307 2379 τῶν
348 2326 729 2397 ἐργαζομένων
751 2341 764 2355 ’
800 2327 848 2380 εί
889 2326 945 2380 δέ
979 2327 1076 2397 τῆς
1105 2327 1370 2395 γενέσεως
1395 2326 1456 2379 τὸ
1484 2326 1704 2400 κράτος,
1736 2327 1770 2397 ή

200 2417 417 2486 μέμψις
464 2416 679 2486 ἐκείνης
724 2417 758 2489 ἢ
810 2415 904 2470 τοῦ
956 2417 1155 2489 ταύτην
1204 2417 1584 2487 πεποιηκότος.
1615 2413 1772 2469 Οὕτω

196 2507 541 2578 πανταχόθεν
586 2507 646 2561 τδ
688 2509 789 2577 τῆς
812 2506 1152 2579 εἱμαρμένης
1184 2509 1319 2579 μετά
1344 2509 1436 2562 τοῦ
1467 2508 1770 2563 ἀσυστάτου

196 2600 401 2661 ἀσεϐές
430 2616 489 2651 τε
524 2599 616 2653 καί⁵
647 2587 1023 2670 παλίμφημον.
1043 2601 1200 2654 Ἀλλά
1232 2601 1339 2671 γὰρ
1370 2603 1427 2653 ἐν
1451 2600 1658 2665 τούτοις
1682 2602 1772 2654 καὶ

198 2683 317 2745 τῶν
338 2692 519 2759 λόγων
545 2694 574 2744 6
604 2691 760 2755 ἕκτος
790 2691 885 2744 καὶ⁵
904 2690 967 2744 τὸ
994 2690 1034 2743 ε’
1060 2692 1153 2744 xui.
1184 2690 1235 2761 μ’
1258 2690 1576 2763 ἐπερατώθη
1604 2694 1773 2759 κεφά-

200 2800 381 2840 Ααιον.

278 3049 370 3103 Ἐν
417 3049 475 3103 δέ
515 3047 593 3119 τῷ
625 3048 670 3113 ζ’
701 3047 845 3119 λόγῳ
876 3046 1111 3117 ἀπορίαν
1156 3048 1279 3101 τινὰ
1323 3047 1483 3118 δῆθεν
1524 3049 1629 3104 ὑπὸ
1665 3050 1774 3104 τῶν

202 3141 554 3212 ἀστρολόγων
590 3139 972 3210 προαγομένην
1001 3137 1257 3201 διατιθεὶς
1275 3179 1291 3205 ,
1321 3140 1515 3206 ἐπάγει
1551 3143 1647 3195 καὶ
1675 3142 1774 3211 τὴν

201 3234 379 3286 λύσιν.
416 3232 648 3299 Λέγουσι
675 3232 806 3301 γὰρ,
834 3230 1018 3298 φησὶν,
1052 3232 1101 3282 εί
1136 3230 1211 3300 μὴ
1240 3230 1347 3283 ἀπὺ
1378 3232 1476 3300 τῆς
1500 3232 1774 3303 είμαρμέ-

202 3341 327 3394 νης,
361 3321 527 3374 πόθεν
560 3322 626 3373 τὰ
655 3321 830 3385 κακά;
862 3316 955 3383 Οἷς
983 3320 1506 3392 ἀποκρίνεται⁷¹,ὠς
1526 3325 1587 3377 El
1611 3326 1710 3393 μὲν
1739 3324 1777 3379 ἃ.

201 3413 558 3482 διατιθέαμεν
576 3412 836 3482 ἀλλήλους
861 3412 1006 3465 κακὰ
1031 3414 1077 3445 ⁷⁸
1107 3414 1300 3485 μαθεῖν
1335 3413 1565 3468 ἐθέλοιτε
1591 3417 1775 3481 πόθεν,

204 3509 336 3568 τοὺς
364 3505 607 3575 δρῶντας
632 3505 863 3574 ὁρῶντες
896 3506 1073 3574 μάτην
1116 3506 1294 3559 αἰτίαν
1337 3506 1501 3577 ἄλλην
1529 3509 1736 3578 ζητεῖτε
1759 3526 1774 3540 ·

202 3600 254 3650 εί
302 3596 364 3650 δὲ
406 3596 443 3649 ἃ
492 3596 773 3664 πάσχομεν
817 3596 1059 3659 ἄκοντες,
1094 3597 1372 3650 καὶτοῦτο
1400 3600 1639 3671 φανερὰν
1667 3601 1779 3671 ἔχει

201 3687 310 3757 τὴν
336 3685 511 3739 λύσιν.
531 3685 901 3755 Ἐθολώσαμεν
947 3688 1296 3755 παντοδαπῆς
1342 3690 1539 3753 κακίας
1585 3692 1780 3764 θυέλλῃ

202 3778 301 3831 τὸν
337 3778 473 3847 βίον,
503 3779 812 3846 πράττομεν
834 3777 870 3832 ἃ
899 3781 1046 3847 μισεῖ
1065 3780 1155 3833 καὶ
1180 3780 1475 3849 ἀποτρέπει
1500 3782 1656 3846 Θεόςο
1691 3783 1779 3837 διά

203 3868 376 3921 τοῦτο
406 3868 689 3937 πάσχομεν
723 3867 758 3921 ἀ
807 3870 883 3938 μὴ
929 3868 1172 3939 θέλομεν,
1209 3871 1293 3922 ῑνα
1328 3872 1524 3941 μηκέτι
1555 3874 1689 3945 πρὸς
1718 3874 1780 3928 τὺ

204 3959 433 4014 πταίειν
496 3960 879 4030 ἐκφερώμεθα.
916 3961 988 4013 Ἢ
1048 3963 1213 4033 ἐχρῆν
1270 3962 1581 4028 ὑπευθύνως
1638 3964 1781 4019 οὕτω

204 4051 469 4123 βιοῦντας
498 4051 843 4120 εὐδαιμονίας
880 4053 1194 4117 ἀπολαύειν,
1228 4054 1313 4107 ἵνα
1354 4071 1416 4107 τε
1462 4055 1621 4109 πλέον
1649 4058 1781 4121 Θεὸς

204 4141 459 4210 ἡγωήΟη
496 4141 589 4193 καὶ
621 4140 1023 4211 προθυμότερον
1053 4142 1246 4213 πρὸς⁷³
1273 4143 1340 4196 τὰ
1364 4143 1510 4215 πάθη
1547 4162 1782 4215 καταφε-

205 4233 477 4305 pagana;
507 4232 568 4283 El
599 4232 653 4284 δέ
685 4232 939 4303 πράττειν
962 4232 1031 4286 τά
1054 4233 1229 4288 ἄτοπα
1273 4232 1361 4287 διὰ
1385 4235 1482 4304 τῆς
1510 4236 1780 4307 εἱμαρμέ-

202 4342 308 4390 νης
335 4324 367 4375 6
388 4323 520 4385 Θεὸς
546 4324 687 4391 ἡμᾶς
716 4322 1118 4393 κατηνάγκαζε,
1144 4323 1259 4386 πῶς
1283 4324 1443 4377 πάλιν
1469 4326 1683 4390 κολάζει
1706 4328 1781 4391 ὼς

206 4416 591 4479 πταίσαντας;
623 4412 809 4485 ἕτερον
855 4415 911 4467 δέ
958 4416 1124 4478 ἐστιν.
1157 4414 1231 4477 ὡς
1271 4414 1451 4482 δῆλον,
1480 4416 1539 4468 τὸ
1568 4433 1783 4487 συγχω-

1875 1966 1972 2020 per
2003 1951 2109 2004 vim
2139 1959 2386 2005 coactum
2436 1950 2573 2004 mala
2622 1959 2959 2019 perpetrare,
2992 1959 3049 2003 et
3102 1964 3312 2002 rursum
3356 1948 3428 2001 ob

1875 2043 2003 2098 illud
2036 2043 2210 2111 ipsum
2244 2042 2465 2112 puniri?
2501 2041 2865 2110 Legislatores
2914 2040 3269 2104 constituere,
3309 2054 3429 2094 sce-

1875 2134 2076 2190 leratos
2108 2134 2319 2203 punire,
2357 2144 2411 2187 et
2442 2132 2797 2187 nihilominus
2828 2132 2963 2186 alios
2993 2131 3075 2186 vel
3106 2131 3302 2185 invitos
3333 2131 3431 2183 im-

1875 2224 2073 2295 pellere
2105 2224 2173 2279 ad
2207 2224 2567 2294 peccandum,
2613 2238 2705 2277 seu
2746 2225 2812 2276 ad
2844 2223 2947 2275 alia
2992 2222 3189 2290 quibus
3228 2220 3426 2274 referta

1875 2327 1960 2373 est
1999 2318 2277 2371 hominum
2312 2316 2462 2370 vita?
2493 2315 2619 2382 Quae
2673 2316 2936 2384 siquidem
2984 2315 3036 2367 in
3073 2322 3255 2369 nostra
3303 2318 3431 2365 sunt

1876 2418 2182 2478 potestate,
2220 2407 2378 2463 nobis
2420 2420 2635 2477 quoque
2687 2420 2874 2460 eorum
2928 2420 3046 2474 quae
3094 2404 3225 2458 fiunt
3272 2404 3429 2471 culpa

1876 2497 2230 2559 sustinenda;
2276 2495 2360 2552 sin
2396 2496 2609 2565 genesis
2637 2509 2900 2549 summam
2942 2503 3262 2564 potestatem
3293 2493 3432 2548 obti-

1876 2598 1986 2652 net,
2030 2597 2122 2642 aut
2162 2589 2276 2643 haec
2312 2588 2596 2656 culpanda,
2626 2599 2718 2641 aut
2746 2588 2792 2642 is
2827 2599 2996 2651 certe,
3021 2586 3111 2655 qui
3143 2589 3281 2640 hanc
3303 2600 3433 2640 con-

1879 2680 2036 2734 didit.
2077 2678 2152 2733 Ita
2217 2680 2452 2747 undique
2504 2679 2671 2733 fatum
2724 2694 2826 2733 non
2872 2679 3173 2734 consistere
3223 2686 3430 2732 tantum

1880 2772 2027 2826 nullo
2063 2772 2221 2826 modo
2251 2786 2429 2839 posse,
2465 2773 2555 2827 sed
2595 2773 2815 2840 impium
2846 2774 3068 2842 insuper
3100 2785 3245 2838 esse,
3273 2780 3435 2841 atque

1878 2867 2199 2937 probrosum
2228 2864 2600 2937 [ostenditur].
2643 2867 2841 2921 Verum
2875 2868 2959 2921 his
2998 2875 3054 2921 et
3081 2866 3217 2922 liber
3249 2876 3437 2922 sextus

1878 2968 1932 3015 et
1970 2960 2213 3028 quintum
2237 2946 2298 3012 ac
2326 2959 2796 3037 quadragesimum
2825 2968 2987 3029 caput
3014 2958 3333 3014 absolvitur.

1951 3052 2187 3121 Septimo
2224 3062 2398 3105 autem
2451 3050 2587 3103 libro
2637 3040 2983 3116 questionem
3040 3050 3108 3104 ab
3155 3049 3439 3119 astrologis

1882 3144 2105 3214 proponi
2129 3143 2339 3198 solitam
2360 3140 2621 3196 dissolvit.
2652 3139 2847 3195 Dicunt
2890 3141 3058 3205 enim,
3083 3142 3158 3195 ait
3197 3158 3211 3195 :
3240 3140 3437 3211 2194

1880 3236 2032 3292 Unde
2065 3236 2334 3290 exsistunt
2362 3234 2520 3296 mala,
2546 3234 2589 3286 si
2626 3248 2730 3286 non
2765 3249 2793 3286 a
2825 3232 2937 3287 fato
2972 3234 3387 3302 proﬁciscuntur
3416 3234 3441 3287 3

1878 3329 2083 3395 Quibus
2130 3328 2211 3382 sic
2248 3327 2579 3394 respondet:
2620 3322 2675 3378 Si
2721 3340 2837 3392 quas
2882 3325 3035 3380 nobis
3065 3335 3248 3379 mutuo
3296 3326 3437 3378 mala

1876 3422 2156 3482 struimus.
2179 3420 2388 3474 discere
2417 3418 2590 3471 velitis
2622 3418 2761 3470 unde
2790 3417 3069 3480 exsistant,
3103 3415 3226 3469 dum
3252 3430 3437 3470 eorum

1877 3520 2179 3581 patratores
2209 3509 2403 3563 vestris
2428 3506 2597 3561 oculis
2627 3506 2961 3573 conspicitis,
2992 3506 3191 3559 frustra
3218 3520 3433 3561 causam

1878 3604 2038 3656 aliam
2082 3601 2323 3669 qumritis
2361 3618 2375 3652 :
2426 3598 2506 3651 sin
2537 3612 2597 3651 ea
2637 3598 2796 3659 mala,
2843 3612 2960 3665 qua:
2998 3594 3152 3649 inviti
3184 3600 3435 3665 patimur,

1878 3694 2039 3747 etiam
2082 3690 2241 3759 hujus
2277 3689 2472 3743 solutio
2527 3690 2592 3741 ad
2646 3689 2861 3741 oculum
2908 3698 3071 3756 patet.
3106 3688 3441 3757 Perturhavi-

1879 3797 1997 3837 mus
2046 3781 2344 3851 omnigenm
2390 3779 2745 3848 improbitatis
2789 3779 2999 3832 turbine
3040 3778 3210 3846 ipsam
3249 3778 3436 3843 vitam,

1878 3874 2102 3929 facimus
2145 3886 2264 3943 qua:
2292 3870 2403 3926 odit
2426 3882 2480 3925 et
2512 3882 2787 3924 aversatur
2824 3869 3005 3934 Deus;
3043 3869 3160 3924 ideo
3207 3870 3438 3939 patimur

1880 3982 1998 4035 quae
2044 3966 2313 4031 nolumus,
2340 3972 2401 4019 ut
2438 3978 2504 4017 ne
2533 3963 2787 4030 deinceps
2833 3961 2885 4016 in
2918 3962 3047 4015 vitia
3074 3961 3435 4030 prolabamur.

1880 4055 1994 4110 Nisi
2023 4054 2159 4108 forte
2186 4054 2423 4121 oportuit
2444 4052 2515 4105 ita
2548 4052 2863 4106 criminibus
2900 4051 3163 4104 obnoxios
3186 4050 3437 4104 felicitate

1881 4148 2098 4215 insuper
2141 4146 2322 4213 potiri,
2354 4159 2458 4212 quo
2492 4142 2631 4197 Deus
2676 4143 2906 4211 amplius
2948 4143 3108 4196 etiam
3144 4142 3435 4211 ignoretur,

1879 4244 1933 4288 et
1961 4249 2054 4287 nos
2106 4234 2326 4299 pronius
2371 4235 2421 4287 in
2458 4234 2595 4286 mala
2642 4232 2909 4289 feramur.
2937 4232 3005 4284 At
3045 4232 3090 4286 si
3131 4240 3437 4301 perpetrare

1882 4328 2022 4381 mala
2072 4341 2165 4395 per
2204 4325 2369 4379 fatum
2419 4327 2556 4379 Deus
2581 4339 2679 4378 nos
2720 4324 2880 4393 cogit,
2911 4326 3176 4392 quomodo
3224 4339 3437 4378 rursum

1881 4418 2024 4474 velut
2055 4426 2340 4488 peccantes
2381 4416 2608 4485 castigat
2633 4415 2657 4469 τ
2685 4415 2840 4469 Aliud
2883 4424 3058 4469 autem
3085 4425 3187 4479 est,
3220 4425 3279 4469 ut
3330 4414 3438 4469 cla-

208 4508 327 4575 ρεῖν
360 4505 597 4574 χρᾶσθαι
623 4504 701 4573 τῷ
728 4504 1059 4575 αὐτεξουσίῳ
1088 4503 1181 4556 καὶ
1203 4503 1475 4574 αἱρεῖσθαι
1506 4505 1733 4560 ἕκαστον
1751 4507 1779 4560 ὃ
1804 4545 1856 4603 D

1776 4533 1856 4603 iD
1883 4524 2021 4569 rum.
2080 4508 2389 4577 permittere
2432 4505 2721 4576 quemlibet
2761 4504 2926 4560 libero
2976 4505 3200 4559 arbitrio
3246 4507 3343 4570 uti,
3382 4516 3438 4559 et

206 4596 493 4663 βούλεται,
524 4595 619 4647 καὶ
647 4595 706 4648 τὸ
730 4594 1162 4664 καταναγκάζειν
1197 4595 1457 4665 πράττειν
1485 4596 1551 4649 τὰ
1582 4596 1777 4651 ἄτοπα.

206 4689 335 4750 Πῶς
366 4688 425 4740 δέ
454 4688 602 4753 ὑμῖν,
635 4688 819 4755 φησιν,
846 4686 1047 4756 ἐπῆλθε
1091 4684 1218 4757 [360
1243 4684 1337 4756 H.]
1380 4685 1490 4739 τῶν
1521 4686 1615 4739 τοῦ
1646 4687 1781 4741 Θεοῦ

199 4776 535 4845 οἰκονομιῶν
567 4775 818 4843 ἀγνοοῦσι
848 4776 910 4828 τὸ
953 4776 1133 4844 βάθος,
1163 4778 1244 4838 είς
1285 4776 1346 4827 τὸ
1378 4778 1476 4845 τῆς
1518 4778 1781 4844 γενέσεως

202 4866 604 4934 ἀποτραπῆναι
633 4865 858 4936 πλάσμα
882 4884 897 4933 ;
928 4868 1035 4920 Καὶ
1066 4869 1146 4920 ὅτι
1180 4865 1254 4937 μὴ
1281 4865 1373 4918 ἐπὶ
1397 4866 1498 4936 γῆς
1522 4867 1781 4938 ἐρποντες

199 4962 289 5021 εἰς
322 4958 385 5009 τὸ
409 4958 505 5009 τοῦ
536 4958 875 5029 Δημιουργοῦ
910 4961 1017 5010 τῶν
1058 4958 1338 5029 χριμάτων
1374 4957 1505 5026 ὕψος
1531 4959 1782 5031 ἀνέὸητε,

194 5049 295 5117 διὰ
323 5046 487 5099 τοῦτο
514 5047 600 5100 ἐπ’
630 5049 865 5118 ἀστέρας
886 5049 980 5101 καὶ
1008 5049 1236 5119 σελήνην
1271 5048 1366 5101 καὶ
1392 5048 1543 5117 ἥλιον
1572 5049 1673 5113 τάς
1700 5054 1784 5105 αί-

192 5142 332 5203 τίας
364 5140 629 5193 ἀνάπτειν
660 5142 976 5212 παρήχθητε
1001 5141 1111 5195 τῶν
1154 5140 1286 5211 παρ’
1314 5142 1446 5211 ἡμῖν
1477 5143 1781 5213 πραττομέ-

192 5250 340 5296 νων,
380 5233 477 5283 καὶ
510 5232 545 5285 ἀ
589 5232 688 5301 μὲν
718 5233 944 5295 ἑαυτοὺς
987 5232 1203 5302 ὁρῶμεν
1231 5232 1650 5303 ἐργαζομένους,
1686 5234 1783 5304 οὐχ

190 5324 464 5394 ἡμέτερα
516 5319 651 5375 εῖναι
703 5323 1109 5392 τερατεύεσθαι,
1138 5323 1173 5376 ἃ
1220 5323 1277 5375 δέ
1322 5325 1422 5376 οὐκ
1475 5324 1617 5378 ἔστιν
1655 5326 1782 5379 ίδεῖν

187 5417 337 5481 τοὺς
383 5415 618 5487 ἀστέρας
661 5417 1021 5489 πράττοντας,
1060 5420 1282 5474 ἐκείνων
1328 5413 1466 5472 εἶναι
1514 5416 1575 5469 τὸ
1618 5414 1781 5489 ἔργον

1879 4599 2022 4668 quod
2055 4598 2429 4668 veliteligere;
2462 4597 2628 4664 aliud,
2657 4597 2721 4651 ad
2748 4598 3124 4651 committenda
3160 4599 3297 4650 mala
3334 4599 3437 4651 im-

1877 4690 2095 4756 pellere.
2133 4688 2413 4755 Quomodo
2461 4704 2588 4743 vero
2622 4689 2794 4753 vobis,
2829 4688 2925 4752 ait,
2949 4689 3140 4743 divinae
3168 4689 3436 4759 guberna-

1880 4783 2037 4837 tionis
2063 4783 2478 4852 profunditatem
2526 4782 2917 4849 ignorantibus,
2948 4782 3000 4835 in
3029 4792 3260 4836 mentem
3291 4784 3440 4835 venit

1881 4874 1948 4927 ad
1992 4887 2249 4943 geneseos
2302 4874 2431 4928 illud
2488 4873 2796 4944 figmentum
2837 4875 3074 4928 converti
3113 4873 3297 4941 ?Qnia
3346 4888 3441 4939 per

1880 4973 2076 5019 terram
2125 4974 2394 5033 reptantes
2434 4979 2527 5018 vos
2557 4964 2620 5017 ad
2654 4964 2963 5019 Conditoris
3016 4965 3183 5033 ipsius
3207 4964 3440 5031 judicio.

1879 5070 1997 5110 rum
2031 5054 2366 5110 altitudinem
2413 5070 2748 5124 nequaquam
2785 5055 3128 5121 ascendistis,
3157 5066 3436 5124 propterea

1880 5147 1932 5201 in
1980 5149 2188 5209 stellas.
2246 5148 2446 5211 lunam.
2470 5149 2766 5218 solemque,
2818 5163 3000 5203 eorum
3048 5164 3225 5217 quma
3282 5148 3439 5203 nobis

1880 5238 2015 5293 ﬁunt
2060 5254 2225 5295 causa
2275 5240 2480 5296 referre
2534 5242 2712 5294 conati
2761 5241 2990 5304 estis,et
3019 5256 3137 5310 qua:
3172 5256 3264 5295 nos
3292 5242 3438 5310 ipsos

1878 5331 2087 5388 edicere
2130 5332 2393 5399 videmus,
2420 5346 2480 5386 ea
2515 5348 2617 5386 non
2652 5348 2773 5389 esse
2813 5344 2992 5387 nostra
3026 5334 3210 5405 nugari
3249 5351 3263 5399 ;
3294 5349 3438 5402 qua:-

1878 5438 1983 5492 que
2020 5435 2167 5478 astra
2216 5422 2424 5479 efficere
2451 5424 2595 5478 nullo
2635 5424 2793 5480 modo
2839 5435 3083 5495 possunt,
3116 5426 3227 5481 bzec
3259 5434 3438 5479 tamen

1474 5596 1706 5654 VARIE
1739 5595 2143 5653 LECTIONES.

284 5708 339 5783 “7
358 5702 413 5760 εί
438 5710 525 5783 A__:
544 5703 645 5783 eis
670 5726 749 5783 g.
809 5712 854 5744 “
882 5711 1359 5783 Οὐαλεντινιανοὺς
1385 5712 1643 5783 Scaliger.
1702 5712 1771 5783 Ᾱ⁶⁷ί
1800 5711 1874 5782 μὴ
1898 5712 1940 5763 Α
1972 5727 1986 5764 :
2014 5711 2073 5783 τὸ
2098 5710 2179 5783 μὴ,
2205 5728 2263 5775 ς.
2305 5780 2313 5783 _
2338 5710 2383 5742 ⁶⁸
2410 5711 2516 5764 ἀπὸ
2540 5712 2637 5782 τῆς
2670 5716 2712 5764 Λ
2744 5729 2758 5764 :
2795 5713 2899 5783 ὑπὸ
2928 5716 3024 5781 τῆς
3056 5732 3116 5779 ς.
3196 5714 3239 5745 ⁶⁹
3272 5709 3432 5783 πρὸς]

186 5778 282 5841 ὡς
315 5782 382 5831 Α.

462 5780 507 5811 ⁷⁸
537 5778 647 5847 ἐφ’]
698 5781 817 5839 lihri
842 5784 897 5835 ἐν
923 5794 977 5840 et
1006 5785 1093 5841 hic
1112 5778 1175 5840 et
1204 5783 1369 5840 infra.
1444 5783 1487 5815 "
1516 5778 1597 5846 οἷς
1630 5781 1722 5838 καὶ
1750 5778 1947 5846 ἀέιζς.

2028 5782 2074 5813 ⁷⁸
2103 5781 2221 5835 ἀλλ.
2260 5780 2329 5835 τὰ
2358 5783 2501 5836 κακά
2527 5780 2603 5846 ς(
2666 5783 2712 5815 ⁷³
2746 5782 2903 5853 πρὸς]
2934 5780 3010 5846 ὡς
3042 5787 3106 5839 Δ.
