4208 6448
792 385 894 454 867

1936 382 2197 445 PIIOTII
2229 382 2732 447 PATRIARCHE
2771 388 2885 451 (ΣΡ.

3938 405 4054 468 868

796 515 887 567 per
914 497 1000 549 illa
1042 493 1155 548 fieri
1207 492 1536 547 mendaciter
1586 490 1837 562 fingere?
1882 490 2018 559 Quin
2085 508 2184 562 ego
2235 494 2361 562 ipse,

2474 496 2910 565 καταψεύδεσθαι
2938 517 2951 564 ;
2982 500 3154 570 Κάγὼ
3184 502 3262 567 δὲ,
3291 504 3446 575 φησὶ,
3474 502 3647 560 ταῦτα
3678 509 3909 580 γράφων
3949 516 4059 567 ὐπὸ

800 589 993 658 inquit,
1044 588 1168 639 dum
1221 586 1337 639 lucc
1369 584 1571 648 scribo,
1603 599 1633 637 a
1666 586 1874 655 genesi,
1912 587 2205 639 secundum
2254 601 2368 653 vos,

795 688 1017 728 coactus
1038 690 1153 726 smn
1180 671 1276 725 has
1298 671 1417 739 ejus
1444 670 1684 725 scribere
1706 673 2151 739 reprehensiones
2176 690 2189 726 :
2217 673 2369 735 ut,.ita

795 769 958 817 etiam
986 769 1214 834 ipsamet
1242 763 1421 816 acrius
1444 763 1707 817 adversus
1737 764 1992 830 seipsam,
2029 778 2190 832 quam
2224 765 2367 819 ullus

796 856 937 907 alius
980 857 1322 907 extrinsecus
1372 867 1491 906 eam
1524 866 1841 921 Oppugnans
1882 854 2049 906 hostis
2102 854 2367 925 insurgat.

869 950 935 999 At
978 961 1108 998 vero
1144 947 1270 1011 quid
1295 944 1445 1010 juvat
1476 960 1537 997 ea
1585 945 1815 1005 discere,
1851 961 1969 1011 qnze
1993 961 2019 996 a
2050 947 2226 1013 genesi
2272 961 2368 999 ex-

797 1036 1158 1104 spectantur?
1207 1035 1340 1088 Nam
1374 1036 1417 1088 si
1468 1035 1683 1102 quidem
1709 1036 1881 1089 vitare
1921 1037 2370 1104 cognoscentibus

798 1128 1129 1189 conceditur,
1158 1142 1274 1194 qua:
1300 1128 1409 1179 fato
1434 1127 1701 1180 destinata
1743 1138 1887 1191 sunt,
1915 1128 2090 1194 inepta
2117 1138 2198 1182 est
2230 1145 2366 1198 pra:-

797 1218 981 1271 dictio.
1016 1216 1193 1271 Vincit
1231 1218 1372 1270 enim
1406 1232 1523 1285 quae
1558 1218 1608 1271 in
1653 1218 1806 1271 nobis
1844 1228 1925 1272 est
1955 1218 2179 1273 facultas
2205 1234 2367 1289 gene-

798 1312 898 1362 sim
955 1328 968 1363 :
1038 1321 1092 1362 et
1150 1312 1401 1371 maxime,
1464 1310 1659 1377 quibus
1720 1309 1884 1363 fatum
1941 1327 2045 1364 non
2108 1313 2365 1379 ignotum,

798 1401 1005 1455 solvere
1062 1402 1228 1469 ipsius
1281 1401 1473 1454 seriem
1536 1411 1787 1469 poterunt
1839 1418 1853 1465 ;
1910 1416 2029 1455 cum
2091 1404 2143 1455 hi
2200 1404 2368 1470 magis

797 1507 957 1559 quam
990 1493 1345 1559 c:cteri,‘qu:e
1366 1506 1393 1541 a
1418 1492 1596 1558 genesi
1625 1491 1871 1544 ordinata
1892 1501 2013 1544 sunt
2045 1506 2367 1558 cognoscen-

801 1595 899 1643 tes,
954 1582 1084 1633 nihil
1119 1596 1305 1634 eorum
1346 1596 1462 1649 qua:
1495 1583 1606 1649 ipsa
1646 1583 1945 1645 minitatur,
1988 1582 2234 1635 accidere
2265 1581 2365 1635 sibi

799 1675 1083 1740 patientur.
1118 1672 1185 1726 At
1212 1686 1308 1723 nec
1336 1671 1458 1733 hoc,
1494 1672 1685 1725 iterum
1719 1673 1788 1726 illi
1819 1674 1987 1736 aiunt,
2021 1684 2174 1725 extra
2203 1686 2365 1742 gene-

797 1779 917 1815 scos
944 1764 1137 1817 seriem
1165 1773 1267 1825 est,
1292 1764 1550 1831 quodqui
1581 1765 1693 1818 haec
1736 1766 2103 1833 cognoverint,
2130 1766 2364 1834 eripian-

2476 586 2741 653 γενέσεως
2771 588 2901 663 καθ’
2932 591 3075 661 ὑμᾶς
3105 592 3456 665 ἠναγκάσθην
3486 598 3720 667 γράφειν
3762 602 3890 662 τοὺς
3930 604 4055 656 κατ’

2475 679 2644 747 αὐτῆς
2661 680 2706 709 ⁷⁵
2737 678 3026 751 ἐλέγχους,
3061 683 3203 736 ὥστε
3248 686 3340 737 καὶ
3372 686 3543 750 οὕτως
3588 690 3727 760 αὐτὴ
3779 692 3902 743 καθ’
3928 695 4056 745 ἑαυ-

2475 769 2576 836 τῆς
2595 769 2637 799 ⁷⁸
2668 768 2831 824 πλέον
2862 771 2971 824 τῶν
3000 771 3199 839 ἔξωθεν
3246 775 3384 845 αὐτῇ
3414 777 3737 845 μαχομένων
3763 780 4055 835 ἐπανίστα-

2473 877 2584 913 ται.

2544 952 2608 1004 Τί
2654 951 2714 1013 δὲ
2760 955 2852 1007 καὶ
2894 953 3085 1023 ὖφελος
3113 954 3174 1007 τὸ
3206 955 3496 1025 μανθάνειν
3534 961 3603 1014 τὰ
3631 961 3739 1013 ἀπὸ
3784 963 4054 1028 γενέσεως

2475 1044 2931 1115 προσδοκώμενα;
2968 1048 3030 1101 Et
3064 1046 3163 1117 μὲν
3187 1048 3294 1117 γὰρ
3324 1050 3438 1123 ξστι
3476 1054 3668 1119 φυγεῖν
3694 1055 3820 1115 τοὺς
3854 1054 4053 1122 μαθόν-

2472 1154 2572 1199 τας
2601 1138 2635 1191 ἂ
2663 1138 2941 1191 ὲπέκλωσε
2960 1177 2977 1201 ,
3009 1139 3173 1209 λῆρος
3200 1141 3233 1209 ή
3258 1142 3597 1213 πρόρρησις·
3630 1146 3825 1213 κρατεῖ
3855 1146 3968 1213 γὰρ
3995 1146 4052 1195 τὸ

2474 1230 2559 1298 ἐφ’
2583 1232 2713 1299 ἡμῖν
2739 1229 2838 1299 τῆς
2869 1229 3155 1297 γενέσεως.
3190 1232 3437 1284 Μάλιστα
3466 1233 3526 1285 δὲ
3566 1236 3677 1295 τοῖς
3718 1235 3819 1303 τῆς
3853 1238 4051 1305 εἱμαρ-

2478 1318 2643 1387 μένης
2694 1319 3022 1386 ὲπιστήμοσι
3074 1319 3135 1370 τὸ
3181 1319 3329 1371 λύειν
3359 1320 3529 1389 αὐτῆς
3562 1322 3652 1373 τδν
3686 1323 3881 1391 εἱρμὸν
3921 1341 4053 1393 συμ-

2473 1412 2730 1479 ϐήσεται·
2763 1405 2906 1464 οὗτοι
2936 1410 3043 1483 γάρ
3077 1409 3183 1462 τῶν
3211 1410 3386 1463 ἄλλων
3416 1412 3615 1480 μᾶλλον
3652 1416 3720 1466 τὰ
3760 1415 3870 1466 ἀπὸ
3886 1415 3933 1445 ⁷⁸
3964 1431 4052 1483 γε·

2472 1503 2675 1563 νέσεως
2709 1502 2891 1563 αὐτοῖς
2921 1500 3295 1570 ἐπιστάμενοι,
3325 1501 3480 1554 οὐδὲν
3533 1503 3640 1554 τῶν
3688 1504 3800 1555 άπὸ
3844 1505 4048 1573 ταύτης

2471 1595 2655 1655 αὐτοῖς
2701 1594 3107 1663 ἀπειλουμένων
3165 1595 3464 1664 συμπεσεῖν
3522 1598 4043 1665 παραχωρήσουσιν.

2472 1681 2623 1747 Εἶτα,
2671 1685 2811 1736 ’Λλλ’
2840 1685 2938 1736 οὐκ
2968 1684 3145 1748 ἐκτὸς,
3176 1683 3330 1752 φασὶ,
3360 1683 3623 1752 γενέσεως
3657 1685 3716 1738 τὸ
3745 1686 4046 1755 paveam.

2470 1795 2567 1840 τας
2586 1779 2629 1809 ⁷⁷
2661 1778 3112 1831 ἀπαλλάττεσθαι.
3143 1777 3351 1830 Οὐκοῦν
3378 1779 3411 1847 ἡ
3440 1778 3653 1845 γένεσις
3687 1781 3767 1842 είς
3802 1780 3871 1832 τά
3900 1781 4046 1832 ἀντι-

802 1865 909 1907 tur.
950 1855 1116 1922 Igitur
1142 1857 1354 1922 genesis
1378 1856 1428 1907 in
1455 1855 1721 1907 contraria
1759 1856 2032 1920 dividitur,
2065 1860 2361 1923 partimque

2474 1872 2691 1939 κείμενα
2720 1872 2993 1939 τέμνεται,
3029 1874 3122 1922 καὶ
3165 1871 3225 1923 τδ
3260 1872 3358 1940 μὲν
3388 1870 3558 1938 αὐτῆς
3584 1871 3866 1940 προλέγει,
3904 1872 3967 1925 τὸ
3992 1873 4043 1924 δὲ

798 1948 1191 2013 praedictionem
1245 1947 1479 2008 adhibet,
1524 1949 1713 2015 partim
1753 1963 1869 2000 eam
1917 1948 2082 2017 ipsam
2131 1949 2361 2001 irridet:

796 2054 902 2106 qun
947 2039 1069 2105 quid
1112 2041 1280 2107 magis
1322 2039 1601 2091 ridiculum
1652 2054 1770 2093 esse
1803 2050 1961 2106 queat
2000 2038 2364 2108 ?Quanquatn

796 2140 850 2182 et
893 2130 991 2181 alia
1040 2146 1230 2183 rursus
1263 2146 1327 2185 ex
1364 2142 1515 2199 parte
1568 2133 1730 2184 multa
1772 2142 1854 2185 est
1897 2132 1949 2185 in
1980 2135 2060 2185 'ea
2102 2132 2362 2199 iniustitia

796 2232 959 2289 atque
992 2221 1340 2289 inaequalitas.
1370 2221 1478 2275 Cur
1513 2223 1655 2275 enim
1693 2237 1793 2274 non
1825 2223 2072 2276 oumibus
2112 2224 2213 2278 hoc
2238 2238 2362 2291 per-

795 2314 982 2375 suasit,
1018 2322 1073 2364 nt
1124 2324 1381 2365 eventura
1409 2314 1506 2366 sibi
1541 2313 1835 2378 discerent,
1874 2330 1979 2382 quo
2012 2314 2139 2367 item
2176 2330 2366 2370 omnes

794 2418 861 2457 ex
912 2405 992 2456 his
1037 2403 1600 2473 eriperentur?Qnod
1659 2406 1701 2457 si
1734 2420 1861 2458 vero
1907 2405 1955 2457 ei
1991 2404 2082 2472 qui
2126 2405 2228 2458 ista
2274 2420 2367 2459 co-

796 2493 1060 2560 gnoverit,
1110 2492 1343 2557 effugere
1379 2500 1553 2544 tamen
1601 2507 1703 2543 non
1761 2492 1880 2543 licet
1927 2508 1942 2556 ;
1998 2490 2123 2559 quid
2172 2490 2368 2543 frustra

796 2598 1121 2650 cognoscere
1170 2584 1338 2652 juvat,
1387 2584 1639 2647 curisque
1673 2591 1796 2635 ante
1848 2592 2054 2650 tempus
2095 2582 2363 2645 consumi,

796 2674 1009 2739 percelli
1045 2682 1168 2725 ante
1204 2675 1385 2731 ictum,
1415 2681 1466 2723 et
1515 2672 1711 2741 219i:
1742 2681 1863 2725 ante
1893 2680 2117 2724 mortem
2151 2672 2367 2741 gravius

795 2780 963 2833 quam
997 2776 1169 2817 morte
1206 2764 1316 2831 ipsa
1356 2763 1514 2832 afﬂigi
1545 2764 1569 2816 ?

863 2876 971 2930 Hoc
1017 2892 1177 2944 porro
1220 2877 1469 2929 omnibus
1514 2876 1878 2945 perspicuum,
1926 2892 2037 2941 eos,
2070 2877 2158 2943 qui
2200 2877 2365 2929 fatum

791 2980 1059 3027 asserunt,
1095 2977 1147 3020 ct
1168 2970 1457 3035 proborum
1477 2968 1662 3019 laudes
1685 2976 1845 3033 atque
1874 2981 2099 3019 coronas
2126 2982 2157 3020 e
2185 2966 2363 3019 medio

792 3056 1016 3119 tollere,
1076 3065 1129 3107 et
1176 3055 1436 3122 improbis
1493 3064 1678 3107 contra
1744 3055 1996 3123 injustam
2046 3054 2365 3108 denuntiare

2465 1962 2748 2030 καταγελᾷ
2793 1962 2893 2029 τῆς
2936 1962 3329 2031 προρρήσεως·
3373 1956 3434 2014 οὗ
3462 1961 3516 2013 τί
3550 1962 3616 2013 ἂν
3645 1964 3731 2029 εἴη
3774 1964 4042 2030 γελοιότε-

2469 2072 2558 2125 ρον
2580 2070 2593 2118 ;
2625 2052 2800 2121 Πολλὴ
2828 2052 2884 2105 δὲ
2907 2053 3066 2106 πάλιν
3096 2053 3190 2105 καὶ
3211 2053 3385 2116 ἄλλως
3409 2053 3591 2105 ἀδικία
3616 2056 3708 2105 καὶ
3730 2055 4039 2124 ἀνωμαλία.

2465 2148 2564 2198 Διὰ
2596 2143 2648 2196 τί
2680 2144 2788 2214 γάρ
2822 2144 2896 2213 μὴ
2926 2144 3131 2204 πάντας
3163 2144 3359 2196 ἔπεισε·
3374 2146 3686 2214 μανθάνειν,
3718 2146 3810 2197 ῖνα
3842 2149 4041 2209 πάντες

2465 2237 2573 2289 τῶν
2618 2236 2890 2288 τοσούτων
2937 2236 3395 2299 άπαλλάττοιντος
3443 2235 3569 2307 [696
3600 2235 3689 2307 IL]
3735 2238 3802 2290 Ei
3848 2238 3907 2289 δὲ
3955 2240 4042 2291 καὶ

2471 2330 2708 2399 μαθόντα
2743 2329 2815 2397 μὴ
2850 2329 3074 2382 δυνατόν
3107 2331 3221 2381 ἐστι
3250 2332 3459 2397 φυγεῖν,
3502 2330 3555 2380 τί
3603 2332 3709 2400 χρὴ
3746 2331 4040 2399 μανθάνειν

2471 2421 2647 2489 μάτην
2698 2423 2792 2472 καὶ
2841 2423 2959 2483 ταῖς
2992 2422 3238 2490 φροντίσι
3273 2421 3719 2490 προδαπανᾶσθαι
3746 2423 3843 2474 καὶ
3871 2422 4039 2493 πλήτ-

2466 2510 2651 2563 τεσθαι
2682 2511 2788 2579 πρὸ
2830 2514 2925 2580 τῆς
2958 2511 3170 2580 πληγῆς
3206 2516 3299 2563 καὶ
3335 2513 3441 2583 πρὸ
3474 2513 3569 2565 τοῦ
3597 2512 3835 2567 θανάτου
3863 2517 4037 2584 χεῖρον

2466 2602 2575 2654 τῶν
2601 2601 2908 2654 τεθνεώτων
2938 2600 3295 2666 κολάζεσθαις

2538 2778 2747 2831 Ἐκεῖνο
2772 2778 2828 2830 δὲ
2856 2780 2990 2832 πᾶσι
3033 2780 3361 2847 καταφανὲς,
3412 2780 3488 2842 ὡς
3516 2782 3543 2833 ὁ
3573 2779 3671 2850 τὴν
3697 2781 4038 2850 εἱμαρμένην

2468 2869 2699 2935 εἰσάγων
2729 2871 2821 2921 καὶ
2846 2869 2955 2920 τῶν
2980 2869 3278 2921 σπουδαίων
3297 2871 3611 2940 ἀφαιρεῖται
3636 2874 3761 2933 τοὺς
3785 2873 4038 2935 ἐπαίνους

2468 2959 2705 3019 καὶτοὺς
2734 2959 3050 3037 στεφάνους,
3084 2961 3176 3011 καὶ
3204 2960 3313 3011 τῶν
3338 2961 3659 3030 κακούργων
3694 2963 3888 3016 ἄδικον
3914 2966 4036 3017 ἀνα-

2467 3049 2734 3117 κηρύσσει
2765 3049 2861 3118 τὴν
2895 3050 3081 3117 ποινὴν
3117 3050 3208 3101 καὶ
3234 3050 3330 3111 τὰς
3362 3051 3612 3113 εὐθύνας.
3660 3053 3723 3105 El
3752 3055 3867 3122 γὰρ
3912 3057 4036 3110 ἐκά-

791 3161 1004 3214 ptenam
1054 3154 1215 3213 atque
1268 3145 1680 3198 correctionem.
1750 3144 1881 3198 Nam
1937 3146 1981 3199 si
2042 3146 2361 3199 necessitate

2474 3155 2623 3207 τερος
2651 3139 2707 3203 ἐξ
2742 3139 2986 3207 ἀνάγκης
3015 3136 3179 3209 ἦλθεν
3208 3142 3287 3202 είς
3313 3141 3375 3192 τὸ
3404 3142 3665 3211 πράττειν
3708 3144 3745 3197 ἃ
3788 3149 4033 3216 πράττοι,

788 3238 1045 3289 adductus
1101 3246 1183 3289 est
1230 3235 1480 3289 uterlibet
1526 3239 1592 3289 ad
1640 3250 1725 3299 ea,
1757 3252 1874 3303 qua:
1909 3236 2039 3304 agit,
2095 3236 2205 3305 jam
2240 3235 2352 3303 (63)

788 3344 956 3395 neque
996 3328 1175 3379 virtuti
1208 3343 1416 3379 merces
1467 3327 1568 3379 ulla
1606 3338 1710 3391 est,
1744 3340 1918 3395 neque
1959 3327 2220 3380 scelerum
2249 3342 2361 3395 pa:-

786 3436 907 3470 uam
970 3421 1185 3488 exigere
1231 3419 1353 3470 licet
1388 3438 1399 3471 :
1432 3419 1573 3486 quod
1615 3434 1724 3472 non
1764 3427 1946 3487 potest
1994 3434 2097 3472 non
2148 3419 2360 3487 penitus

784 3520 1024 3563 nostram
1077 3511 1239 3561 vitam
1266 3509 1597 3563 confundere
1628 3520 1793 3579 atque
1838 3511 2124 3573 invertere,
2163 3521 2216 3563 ct
2244 3525 2360 3563 om-

785 3604 938 3653 nibus
994 3600 1046 3652 in
1076 3599 1241 3651 Deum
1284 3599 1520 3666 linguam
1556 3616 1711 3655 suam
1762 3600 2081 3653 acuentibus
2111 3614 2233 3652 esse
2260 3600 2361 3652 int-

782 3694 1083 3759 pudentius.
1119 3690 1235 3744 Non
1263 3691 1561 3744 sullicicbat
1592 3692 1847 3745 nimirum
1878 3691 2110 3755 miseris,
2132 3693 2175 3745 si
2202 3707 2363 3761 euge-

785 3792 967 3835 rcntur
996 3783 1132 3836 mala
1162 3783 1422 3850 cogitare,
1450 3784 1652 3845 dicere,
1686 3781 1864 3836 facere
1886 3801 1898 3834 :
1922 3784 2013 3835 sed
2033 3798 2150 3834 cum
2173 3797 2356 3834 eorum

783 3876 1025 3929 misereri
1041 3884 1335 3943 oporteret,
1358 3874 1540 3927 odium
1565 3874 1789 3940 insuper
1822 3873 2072 3939 adjicitur
2090 3882 2143 3923 et
2180 3887 2355 3940 poena.

856 3966 954 4020 Ubi
987 3967 1031 4021 si
1070 3967 1190 4033 quis
1216 3966 1435 4031 dixerit,
1467 3970 1729 4031 {nostrum
1787 3980 1891 4017 non
1919 3978 2037 4017 esse
2083 3964 2224 4017 scire
2264 3978 2360 4016 cur

786 4060 925 4112 Deus
983 4060 1143 4112 talem
1176 4058 1483 4111 condiderit
1525 4057 1765 4125 genesim
1802 4073 1816 4120 ;
1861 4055 1905 4108 is
1942 4055 2065 4106 dum
2120 4054 2359 4107 modeste

784 4164 943 4217 agere
970 4164 1027 4201 se
1058 4147 1232 4216 ﬁngit,
1266 4148 1520 4213 pietatem
1557 4147 1895 4215 perstringit,
1937 4160 1999 4197 ac
2040 4160 2132 4213 per
2160 4160 2220 4197 ea
2249 4147 2357 4211 ipsa

781 4243 941 4293 etiam
993 4240 1163 4307 magis
1223 4238 1280 4290 fit
1319 4239 1535 4305 impius,
1586 4253 1684 4305 per
1714 4252 1832 4303 qme
1883 4239 2156 4289 moderate
2215 4235 2357 4302 loqui

782 4332 1010 4383 videtur.
1051 4329 1105 4381 Si
1136 4328 1279 4382 enim
1312 4343 1439 4381 vere
1472 4331 1608 4381 bona
1650 4329 1861 4396 genesis
1900 4338 1999 4390 est,
2032 4342 2150 4393 qua:
2203 4326 2358 4379 nobis

780 4418 916 4471 mala
961 4426 1211 4485 apparet,
1272 4426 1327 4469 et
1372 4416 1422 4469 id
1464 4417 1683 4484 quidem
1722 4431 1813 4483 per
1863 4417 2031 4483 ipsam
2072 4416 2352 4483 genesim:

2460 3229 2583 3283 οὐτε
2630 3231 2727 3299 τῆς
2744 3232 2788 3263 ⁷⁸
2814 3230 3173 3299 ἀγαθοεργίας
3222 3233 3337 3285 ἐστὶ
3366 3235 3552 3304 μισθὸς
3584 3234 3709 3289 οὔτε
3756 3239 3860 3308 τῆς
3901 3259 4034 3293 κακ-

2460 3322 2685 3390 ουργίας
2728 3324 2917 3390 ποινῆς
2960 3323 3278 3392 εῖσπραξις·
3343 3325 3371 3375 ὅ
3400 3325 3517 3388 πῶς
3550 3328 3649 3378 οὐκ
3682 3328 3750 3381 ἄν
3782 3332 3873 3400 εἴη
3908 3332 4034 3394 ὅλως

2461 3413 2618 3481 ἡμῶν
2651 3413 2934 3481 συγχέον⁷⁹
2966 3413 3060 3465 καὶ
3103 3414 3409 3484 άνατρέπον
3456 3416 3547 3468 τὸν
3599 3418 3715 3486 βίον
3758 3423 3854 3472 καὶ
3900 3426 4032 3475 κατά

2460 3504 2552 3555 τοῦ
2596 3504 2729 3557 Θεού
2756 3506 2852 3572 τὴν
2880 3505 3127 3572 γλῶσσαν
3154 3506 3371 3559 πάντων
3402 3508 3587 3572 ὀξύνον
3616 3513 4026 3585 ἀναιδέστερον;

2460 3597 2572 3648 Οὐκ
2617 3597 2777 3664 ἢρκει
2822 3596 2877 3647 δὲ
2920 3598 3029 3658 τοῖς
3064 3597 3352 3665 δυστυχέσι
3385 3599 3446 3650 τὸ
3462 3600 3506 3630 ⁸⁸
3531 3600 3601 3652 τά
3633 3605 3781 3655 κακὰ
3808 3607 3950 3656 νοεῖν
3978 3624 4031 3658 τε

2461 3686 2555 3736 καὶ
2605 3683 2784 3751 λέγειν
2838 3685 2933 3737 καὶ
2988 3685 3248 3755 πράττειν
3296 3687 3719 3755 ἀναγκάζεσθαι,
3752 3693 3891 3746 ἀλλά
3920 3696 4029 3747 δέον

2460 3774 2725 3828 ἐλεεῖσθαι
2762 3778 2856 3829 καὶ
2883 3776 2942 3828 τὸ
2974 3777 3250 3846 μισεῖσθαι
3282 3780 3630 3850 προστίθεται
3657 3784 3752 3835 καὶ
3786 3785 3849 3837 τὸ
3880 3788 4028 3840 κολά-

2462 3867 2672 3930 ςεσθαι.

2531 3959 2591 4011 Ei
2623 3959 2678 4010 δὲ
2706 3959 2853 4026 λέγοι
2886 3976 2967 4023 τις
2998 3958 3071 4022 ὡς
3106 3962 3202 4031 οὐχ
3250 3964 3406 4033 ἡμῶν
3434 3967 3581 4019 ἐστιν
3622 3966 3824 4021 εἰδέναι
3870 3970 3954 4023 διὰ
3979 3970 4025 4023 τί

2459 4049 2713 4116 τοιαύτην
2742 4050 2770 4101 ὁ
2799 4048 2927 4111 Θεὸς
2958 4050 3355 4121 ἐδημιούργησε
3377 4055 3609 4119 γένεσιν,
3644 4056 3701 4106 ἐν
3728 4060 4025 4125 προσποιή-

2461 4138 2667 4191 σει.τοῦ
2706 4139 3017 4209 μετριάζειν
3062 4144 3379 4209 ἐπισφίγγει
3421 4144 3519 4212 τὴν
3561 4145 3903 4210 ἀσέϐειανυ,
3936 4150 4024 4200 καὶ

2457 4231 2525 4283 δι’
2552 4224 2625 4283 ὧν
2656 4232 2804 4283 δοκεῖ
2834 4233 3145 4300 μετριάζειν
3164 4272 3179 4295 ,
3214 4236 3398 4301 μεῖζον
3422 4236 3629 4289 ἀσεϐεῖ.
3664 4238 3723 4288 ΕΞ
3753 4240 3865 4308 γὰρ
3892 4241 4024 4311 καὶὴ

2460 4321 2559 4390 μὲν
2598 4323 2630 4390 ἡ
2670 4321 2902 4388 γένεσις,
2937 4325 3071 4391 ἡμῖν
3098 4323 3153 4375 δὲ
3188 4324 3436 4387 φαίνεται
3466 4328 3630 4397 κακὴ,
3664 4330 3759 4379 καὶ
3789 4331 3944 4382 τοῦτο
3971 4332 4023 4383 δὲ

2457 4409 2565 4463 άπὸ
2596 4410 2882 4477 γενέσεως,
2913 4412 3010 4462 οὐκ
3037 4411 3167 4480 ἐμὸν
3198 4412 3258 4464 τὸ
3282 4412 3537 4483 σφάλμα,
3570 4416 3781 4486 φαύλην
3822 4420 4022 4473 οἴεσθαι

780 4524 883 4561 non
933 4508 1043 4575 jam
1096 4509 1198 4561 hoc
1243 4523 1421 4560 meum
1454 4519 1696 4561 erratum
1730 4518 1831 4573 est,
1864 4509 1906 4560 si
1963 4506 2154 4559 malam
2203 4516 2354 4575 puto,

2474 4502 2556 4569 τὴν
2585 4501 2645 4551 ού
2672 4501 2899 4571 φαύλην,
2924 4500 3017 4553 τοῦ
3049 4502 3106 4553 δὲ
3136 4502 3395 4573 τοιαύτην
3424 4506 3606 4575 κρίσιν
3638 4508 3725 4559 διὰ
3750 4512 3850 4577 τῆς
3878 4512 4021 4576 γενέ-

779 4614 897 4667 qua:
948 4599 1085 4650 mala
1138 4613 1240 4650 non
1274 4610 1397 4662 eSt;
1432 4599 1524 4651 sed
1577 4598 1696 4667 ejus
1753 4600 1926 4666 potius
1972 4599 2061 4665 qui
2114 4598 2215 4650 tale
2266 4612 2359 4665 per

778 4691 1013 4758 genesim
1060 4690 1322 4759 judicium
1372 4691 1621 4759 cogitatis
1667 4690 1870 4742 nostris
1913 4689 2156 4742 inseruit.
2220 4688 2352 4741 Nam

780 4782 823 4834 si
859 4797 1033 4834 meum
1076 4788 1316 4835 erratum
1352 4791 1457 4843 est,
1491 4780 1667 4834 aliena
1702 4790 1864 4834 erunt
1902 4781 2085 4847 utique
2118 4795 2144 4831 a
2172 4781 2353 4850 genesi

780 4887 1117 4941 quazcunque
1162 4874 1227 4925 ad
1259 4872 1493 4938 cogitata
1529 4872 1824 4939 pertinent,
1851 4887 1969 4940 qua:
1999 4882 2052 4923 et
2092 4887 2269 4924 sermo
2296 4883 2352 4925 et

779 4968 1375 5032 operatio‘sequuntur,
1412 4962 1720 5032 frustraque
1761 4961 2178 5032 fueritgenesis.
2216 4963 2349 5016 Vera

782 5056 942 5121 igitur
973 5054 1270 5108 moderatio
1324 5066 1594 5120 cautaque
1649 5052 1737 5106 hic
1790 5054 2200 5121 circumspectio
2247 5069 2349 5107 non

779 5146 870 5205 sit,
907 5145 1097 5197 malam
1145 5145 1364 5198 finxisse
1397 5144 1662 5214 genesim,
1700 5143 1998 5212 deindeqne
2046 5145 2153 5199 Deo
2182 5146 2352 5199 malo-

778 5248 895 5287 rum
950 5235 1328 5305 cogitationem
1378 5235 1678 5289 concedere
1728 5252 1743 5300 ;
1792 5250 1962 5303 neque
2004 5237 2129 5290 item
2181 5235 2345 5300 illud,

2461 4606 2596 4652 σεως
2625 4589 2994 4658 καταθεμένου
3038 4590 3195 4659 ἡμῶν
3240 4594 3353 4654 τοῖς
3386 4593 3694 4662 λογισμοῖς·
3726 4599 3777 4647 εί
3807 4598 3863 4649 δὲ
3894 4601 4021 4667 ἐμὸν

2454 4683 2516 4734 τὸ
2566 4684 2808 4753 σφάλμα,
2840 4685 2996 4749 ἐκτὸς
3039 4687 3148 4757 ἄρα
3191 4687 3454 4755 γενέσεως
3480 4690 3550 4742 τὰ
3578 4691 3688 4743 τῶν
3723 4693 4017 4765 λογισμῶν,

2454 4770 2533 4838 οἷς
2579 4775 2860 4828 ἀκολουθεῖ
2902 4778 2997 4830 καὶ
3044 4778 3201 4845 λόγος
3245 4780 3341 4831 καὶ
3387 4780 3602 4849 πρᾶξις,
3634 4785 3729 4836 καὶ
3782 4788 4019 4859 μάτηνὴ

2451 4870 2683 4935 γένεσις.
2703 4867 2931 4937 Ἀληθὴς
2978 4868 3155 4921 τοίνυν
3191 4872 3480 4941 μετριότης
3517 4876 3610 4926 καὶ
3660 4876 3919 4933 εὐλάϐεια
3960 4884 4016 4933 οὐ

2451 4959 2511 5011 τὸ
2539 4961 2714 5029 κακὴν
2743 4960 2943 5011 πλάσαι
2964 4960 3194 5027 γένεσιν,
3231 4959 3351 5015 εἶτα
3380 4970 3731 5035 παραχωρεῖν
3771 4970 3889 5038 Θεῷ
3914 4973 4015 5023 τῶν

2453 5052 2638 5104 κακῶν
2665 5052 2761 5121 τὴν
2791 5052 3011 5119 γνῶσιν,
3042 5053 3163 5105 οὐδὲ
3207 5054 3299 5106 τὸν
3345 5056 3506 5110 αὐτὸν
3542 5057 3722 5123 λέγειν
3746 5059 3910 5111 ὠθεῖν
3941 5064 4014 5122 εἰς

2453 5144 2519 5195 τὰ
2554 5142 2676 5213 [561
2712 5142 2806 5213 Η.]
2840 5144 2986 5196 κακά
3015 5145 3109 5197 καὶ
3136 5146 3382 5208 κολάζειν
3406 5146 3501 5210 οὓς
3524 5148 3610 5202 διὰ
3628 5151 3729 5218 τῆς
3754 5153 4012 5218 γενέσεως

2454 5233 2685 5301 ὢθησεν.
2715 5235 2827 5287 Οὐκ
2863 5234 2979 5287 ἔστι
3007 5235 3181 5291 ταῦτα
3213 5239 3615 5308 μετριάζοντος,
3662 5242 3777 5293 ἀλλ’
3806 5246 3859 5295 ὲν
3886 5246 4010 5313 σχή-

2050 5369 2287 5425 νΑιιιιΕ
2318 5366 2724 5423 LECTIONES.

879 5490 927 5521 "
953 5491 1120 5560 αὐτῆς
1153 5493 1192 5545 Δ
1223 5508 1234 5541 :
1266 5492 1462 5553 αὐτοὺς
1500 5509 1558 5555 ς.

776 5561 883 5629 γάρ
914 5562 1011 5631 τῆς
1041 5581 1101 5626 ς-

1636 5491 1683 5522 ἰ
1705 5490 1901 5559 ἑαυτῆς
1926 5490 2165 5561 Scaliger
2200 5509 2211 5543 :
2253 5492 2369 5544 libri
2409 5489 2650 5552 ἑαυτούς.

1211 5563 1255 5593 ⁷³
1291 5564 1408 5613 libri
1444 5563 1691 5631 συγχέων
1721 5591 1789 5599 -
1811 5562 2126 5631 ἀνατρέπων
2166 5594 2233 5603 --
2261 5561 2561 5626 όξύνοντος.

2737 5490 2781 5520 ⁷⁸
2804 5490 2869 5542 τά
2905 5494 2945 5543 Α
2979 5506 2993 5543 :
3026 5491 3086 5545 τὸ
3113 5510 3173 5555 ς.
3270 5494 3315 5525 τ’
3345 5495 3613 5555 μανθάνον
3655 5513 3718 5555 ς.
3812 5498 3854 5529 ’⁸
3883 5498 4005 5550 οὔτε

3270 5494 3315 5525 τ’
3344 5495 3613 5565 μανθάνον
3655 5513 3718 5560 ς.

2651 5563 2696 5592 ⁸ο
2726 5560 2787 5612 τὸ
2814 5562 2934 5615 add.
2959 5564 3023 5615 A.

3129 5563 3172 5593 ⁸¹
3213 5563 3492 5621 εὐσέϐειαν
3521 5586 3582 5631 ς.

2308 5680 2532 5735 NOTAE.

842 5770 951 5838 (ϋῦ)
983 5769 1177 5824 Ειιιοιυ
1210 5772 1293 5825 hic
1330 5772 1569 5825 vuculam
1614 5773 1723 5842 γάρ
1754 5790 1813 5827 ex
1863 5777 2191 5843 praecedente
2222 5775 2439 5829 forsitan
2474 5792 2625 5830 versu
2679 5776 2918 5843 illapsant
