4208 6448
204 391 307 455 869
1263 386 1789 448 BIBLIOTHECA.
1808 411 1872 422 -
1903 387 2065 448 COD.
2102 388 2289 448 CCXX
2304 388 2389 447 III
2402 433 2415 447 .
3332 390 3437 453 870

199 521 333 574 ματι
381 500 883 571 ταπεινοφροσύνης
924 498 1168 570 χαλεπὴν
1196 499 1412 569 ἀπάτην
1442 502 1769 569 εἰσάγοντος.
1801 508 1851 567 Α

1801 508 1851 567 Α
1877 502 2145 557 atllrmare
2182 503 2431 557 eumdem
2462 509 2516 557 et
2539 501 2605 557 ad
2650 501 2846 557 malum
2874 502 3171 572 impellere,
3212 512 3269 559 et
3310 520 3444 574 quos

196 597 239 648 Τ
241 598 269 647 ὸ
311 593 369 646 δὲ
419 594 518 663 τῆς
563 592 845 655 εὐσεϐείας
876 593 1028 660 γένος
1069 592 1168 663 οὐχ
1195 591 1404 661 ὑϐρίζει
1433 591 1565 646 Θεὸν
1595 593 1663 649 δι’
1695 586 1769 647 ὧν

1875 612 1940 651 eo
1961 610 2055 664 per
2074 596 2312 663 genesim
2350 594 2647 665 impulerit.
2680 595 3025 651 nihilominus
3073 598 3266 666 punire
3296 614 3309 663 ;
3343 614 3443 653 non

194 687 341 739 δοκεῖ
364 686 555 755 τιμᾷν,
584 686 705 738 οὐδὲ
737 686 836 754 τὴν
866 685 1031 739 αὑτοῦ
1064 686 1277 756 ἀναιρεῖ
1305 685 1637 753 ἀγαθότητα,
1661 686 1770 741 τῶν

1876 697 2004 741 sunt
2046 684 2161 740 inec
2208 686 2459 740 modeste
2482 686 2771 755 loquentis,
2828 686 2918 740 sed
2962 687 3073 754 ipsa
3107 689 3449 743 demissionis

195 779 383 832 κακῶν
410 778 559 847 αὑτῷ
586 779 685 846 τὴν
706 777 951 840 ἐξουσίαν
985 777 1238 847 παρέχον.
1259 776 1486 830 Ἀδικεῖν
1515 778 1623 848 γάρ
1647 776 1770 830 οὐτε

1876 778 2053 847 specie
2078 779 2129 830 in
2161 793 2375 849 gravem
2402 793 2639 832 errorem
2674 778 2992 832 inducentis.
3022 781 3089 832 At
3127 796 3254 833 vero
3282 782 3448 849 picta-

194 865 336 922 οἶδεν
379 868 503 922 οὐτε
547 870 833 939 δυνήσεται
871 870 901 939 ἡ
935 869 1026 922 τοῦ
1061 868 1193 921 Θεοῦ
1228 869 1448 935 ἐξουσία
1471 884 1485 898 ·
1519 871 1579 922 οὐ
1627 869 1774 922 ποιεῖ

194 960 364 1029 φονέα
392 960 488 1013 καὶ
521 958 761 1023 κολάζει,
792 959 899 1011 οὐδ’
930 958 1261 1028 ἀπαγορεύει
1289 958 1502 1012 πταίειν
1532 961 1627 1011 καὶ
1651 959 1769 1029 βιά-

194 1053 351 1115 ζεται
404 1050 739 1122 παρακούειν
794 1053 888 1104 καὶ
942 1050 1365 1120 παρακούσαντα
1424 1054 1768 1119 τιμωρεῖται.

193 1145 384 1198 Ταῦτα
413 1141 536 1197 οὐτε
571 1145 769 1212 πρέπει
801 1140 920 1211 Θεῷ
948 1142 1073 1194 οὐτε
1105 1142 1332 1211 εὐσεϐὴς
1360 1142 1533 1205 οὐδεὶς
1559 1144 1772 1213 δέχεται

193 1235 477 1304 λογισμός.
515 1235 597 1287 Τά
634 1234 691 1286 δὲ
729 1234 1007 1305 πρέποντα
1037 1233 1287 1303 νοοῦμεν,
1316 1234 1410 1286 καὶ
1452 1234 1559 1287 τῶν
1588 1236 1645 1287 ὲν
1680 1235 1773 1288 κό-

194 1346 322 1396 σμῳ
353 1327 652 1396 γινομένων
676 1326 774 1397 τὴν
802 1325 1039 1395 παντελῆ
1083 1326 1387 1395 κατάληψιν
1422 1325 1570 1395 αὐτῷ
1602 1342 1776 1395 παρα-

195 1418 507 1490 χωροῦμεν,
535 1418 631 1471 καὶ
658 1416 981 1471 καταλαϐεῖν
1013 1419 1073 1470 οὐ
1105 1416 1513 1487 φιλονεικοῦμεν
1533 1460 1546 1484 ,
1578 1418 1777 1480 εἰδότες

190 1512 273 1574 ὡς
300 1511 365 1563 οὐ
399 1507 845 1577 καταληψόμεθα.
865 1506 1065 1578 Ἀληθῆ
1098 1508 1156 1561 δὲ
1189 1508 1323 1561 Θεοῦ
1352 1508 1597 1572 ἐξουσίαν
1618 1508 1776 1579 ίσμεν

192 1603 258 1655 τὸ
290 1605 426 1671 μήτε
451 1600 701 1671 πονηρῶν
729 1601 993 1671 ἡττᾶσθαι
1019 1602 1113 1653 καὶ
1138 1602 1274 1670 πρὸς
1301 1601 1362 1653 τὸ
1381 1603 1489 1653 τῶν
1516 1602 1777 1671 δημιουρ-

192 1693 467 1761 γημάτων
497 1691 775 1760 συμφέρον
808 1691 1108 1761 κεχρῆσθαι
1139 1693 1204 1761 τῇ
1237 1691 1551 1762 ἀγαθότητι.
1579 1693 1777 1745 Σκόπει

191 1783 254 1835 δὲ
314 1784 572 1835 κάκεῖνοο
618 1782 705 1833 Ἐν
760 1782 1100 1851 κυνηγεσίοις
1133 1782 1493 1853 παροξύνουσι
1545 1784 1777 1853 ταύρους

1879 876 1984 921 tem
2025 867 2209 922 colens
2266 868 2502 932 soboles,
2551 867 2754 921 nullam
2792 868 2901 922 Deo
2948 868 3194 938 iujuriam
3237 886 3329 937 per
3361 871 3447 923 illa

1878 959 2064 1012 eadem
2115 958 2266 1022 facit,
2299 974 2393 1027 per
2436 973 2557 1027 quae
2583 958 2759 1027 ipsum
2800 958 2975 1013 colere
3016 974 3074 1011 se
3112 959 3405 1012 arbitratur
3434 998 3447 1019 ,

1879 1065 2054 1119 neque
2088 1050 2203 1117 ejus
2255 1050 2391 1103 tollit
2422 1050 2740 1115 bonitatem,
2776 1051 3036 1104 malorum
3063 1052 3162 1121 ipsi
3209 1062 3443 1120 potesta-

1881 1150 1987 1195 tem
2023 1143 2389 1204 attribuenda,
2414 1141 2659 1209 injuriam
2688 1143 2831 1196 enim
2860 1144 3036 1197 facere
3082 1158 3252 1211 neque
3293 1144 3450 1197 multo

1881 1235 2049 1297 novit,
2094 1247 2268 1303 neque
2296 1250 2530 1302 unquam
2556 1235 2755 1303 poterit
2789 1233 2967 1288 divina
2999 1236 3235 1303 potentia
3274 1254 3286 1286 :
3321 1250 3447 1299 non,

1880 1342 2039 1397 quem
2074 1331 2186 1384 haec
2230 1328 2551 1381 homicidam
2607 1327 2756 1388 fecit,
2796 1336 2982 1396 postea
3028 1331 3251 1395 castigat
3346 1344 3448 1380 non

1883 1424 1953 1476 ita
2000 1420 2251 1492 prohibet
2276 1420 2404 1481 labi,
2453 1432 2511 1473 ut
2540 1420 2732 1473 deinde
2766 1430 2821 1471 et
2849 1428 3005 1486 cogat
3050 1433 3151 1471 non
3179 1418 3452 1483 obtempe-

1884 1531 2006 1570 rare
2048 1524 2336 1586 praecepto,
2370 1522 2423 1568 et
2467 1515 2650 1581 puniat
2695 1513 3071 1581 negligentem.
3124 1510 3246 1565 Haec
3281 1527 3451 1578 neque

1884 1606 1937 1658 in
1972 1605 2137 1657 Deum
2179 1606 2399 1665 cadunt,
2440 1618 2612 1672 neque
2648 1619 2674 1654 a
2707 1606 2788 1669 pia
2841 1613 3018 1655 mente
3068 1602 3448 1655 admittuntur.

1883 1691 1994 1744 Nos
2032 1700 2210 1744 autem
2259 1706 2375 1758 quae
2404 1699 2764 1744 consentanea
2800 1699 2922 1743 sunt
2949 1700 3124 1743 mente
3160 1692 3448 1758 οείιειιιιικ,

1884 1780 2119 1849 perfecte
2148 1781 2311 1834 Deum
2338 1781 2515 1833 omnia
2548 1796 2667 1849 qua:
2694 1781 2745 1833 in
2780 1780 2978 1833 mundo
3020 1782 3169 1845 liunt,
3204 1796 3451 1848 compre-

191 1874 335 1943 πρὸς
353 1875 400 1905 ⁸⁸
430 1873 610 1943 μάχην
650 1872 1006 1943 ἐρεθίζοντες,
1036 1874 1140 1927 κᾶν
1190 1873 1265 1942 μὴ
1310 1875 1621 1942 χρήσωνται
1664 1876 1778 1935 τοῖς
1808 1862 1851 1917 Β

1808 1862 1851 1917 Β
1880 1872 2115 1926 ltendere
2148 1871 2378 1924 fatemur
2412 1888 2426 1935 ;
2460 1880 2512 1923 at
2549 1886 2649 1923 non
2674 1872 2835 1923 etiam
2880 1872 3450 1939 ipsicompreheudere

192 1966 415 2032 θυμοῖς,
446 1964 847 2032 ἀγανακτοῦσιν
878 1964 928 2016 οί
953 1964 1237 2017 δεσπόται·
1262 1965 1290 2017 ὁ
1315 1963 1372 2016 δὲ
1394 1962 1500 2015 τῶν
1530 1963 1776 2035 ἀστέρων

1881 1964 1995 2018 haec
2033 1964 2428 2025 contendimus,
2479 1964 2611 2016 certi
2657 1978 2751 2017 nos
2783 1978 3053 2031 nunquam
3088 1966 3438 2034 comprehen-

189 2058 399 2127 δρόμος
444 2058 571 2120 τοὺς
618 2057 1125 2127 πιθομένουςιτοῖς
1168 2056 1347 2111 αὐτῶν
1377 2056 1779 2125 ἀποτελέσμασι

1882 2071 2060 2114 suros.
2122 2057 2382 2112 Caeterum
2425 2059 2560 2112 banc
2605 2072 2720 2111 esse
2775 2073 2954 2111 veram
3010 2057 3102 2112 Dei
3158 2061 3446 2125 potentiam

193 2151 457 2213 θανάτοις
485 2149 825 2219 ἀμείϐονται.
856 2149 1087 2212 Δούλους
1113 2150 1276 2204 πάλιν
1299 2150 1458 2219 ἡμεῖς
1486 2147 1779 2202 ἀπειθοῦν-

1884 2149 2249 2217 agnoscimus,
2282 2149 2422 2217 quod
2454 2164 2626 2217 neque
2657 2168 2685 2202 a
2724 2150 2875 2203 malis
2916 2150 3201 2218 aliquando
3228 2166 3445 2221 supere-

190 2260 296 2305 τας
324 2242 652 2312 κολάζομεν,
674 2242 922 2312 τιμῶμεν
942 2241 999 2295 δὲ
1030 2242 1402 2305 ὑπακούοντας
1425 2259 1439 2274 ο
1468 2243 1501 2312 ἡ
1527 2242 1583 2295 δὲ
1613 2241 1784 2296 ταῦτα

1890 2248 1999 2305 tur,
2033 2248 2090 2295 et
2113 2242 2254 2308 quod
2288 2241 2336 2293 in
2376 2254 2553 2294 rerum
2591 2241 2931 2294 conditarum
2984 2242 3266 2295 utilitatem
3296 2242 3448 2295 boni-

193 2336 342 2386 νοεῖν
401 2350 461 2387 τε
515 2335 611 2387 καὶ
663 2333 923 2403 πράττειν
987 2333 1371 2403 ἀναγκάζουσα
1420 2333 1631 2403 γένεσις
1684 2335 1781 2388 καὶ

192 2423 419 2475 πταίειν
448 2422 814 2493 παρακελεύει
842 2423 939 2477 καὶ
964 2424 1256 2497 τιμωρίαις
1276 2424 1477 2493 ὑπάγει
1504 2425 1629 2488 τοὺς
1660 2441 1781 2478 πει-

193 2514 452 2578 σθέντας,
487 2514 581 2567 καὶ
626 2515 773 2583 ἡμᾶς
830 2514 929 2585 μὲν
974 2515 1215 2580 δικαίους
1264 2516 1459 2587 πρὸς⁸³
1499 2516 1625 2579 τοὺς
1674 2515 1779 2569 ὑπὸ

190 2609 357 2676 χεῖρα
414 2606 527 2659 ἔσθ’
556 2608 642 2661 ὅτε
678 2610 841 2673 ποιεῖ,
876 2608 1016 2678 αὐτὴ
1059 2609 1117 2662 δὲ
1155 2609 1227 2676 τᾲ
1252 2607 1562 2664 ἀδικώτατα
1593 2609 1777 2679 δρῶσα

194 2699 279 2759 είς
332 2698 485 2767 ἡμᾶς
538 2697 637 2749 οὐκ
680 2698 1011 2767 αἰσχύνεται.
1037 2693 1164 2770 Ἆρ’
1204 2698 1303 2752 οὐκ
1353 2699 1556 2770 ἐσχάτη
1609 2702 1779 2770 μανία

192 2787 374 2842 ταῦτα
410 2789 683 2858 νομίζεινς
722 2789 880 2844 Ἀλλά
922 2787 1145 2843 τοιαῦτα
1192 2789 1294 2860 μὲν
1325 2791 1417 2843 καὶ
1443 2790 1506 2843 τὸ
1532 2789 1585 2860 μ’
1615 2790 1708 2844 καὶ
1738 2790 1779 2843 ε’

192 2881 558 2949 διαλαμϐάνει
587 2882 900 2951 κεφάλαιον.

1889 2340 2001 2386 tate
2023 2341 2223 2384 utatur.
2254 2332 2322 2384 At
2348 2340 2403 2384 tu
2438 2332 2568 2385 mihi
2592 2331 2751 2384 etiam
2784 2332 2907 2384 illud
2940 2334 3237 2386 considera.
3268 2332 3451 2387 Solent

1887 2421 1941 2478 in
1998 2421 2377 2477 venationibus
2429 2423 2564 2476 tauri
2614 2422 2853 2476 stimulis
2888 2424 3133 2486 excitari,
3173 2434 3332 2492 atque
3384 2427 3449 2478 ad

1886 2514 2225 2583 pugnandum
2246 2513 2521 2583 proritari,
2547 2512 2782 2568 dolorem
2817 2528 3027 2583 quoque
3062 2515 3257 2583 220a
3282 2518 3452 2569 domi-

1886 2606 1970 2659 nis
1988 2605 2366 2669 sentientibus,
2387 2605 2430 2657 si
2455 2603 2591 2659 forte
2621 2606 2798 2660 minus
2815 2607 3228 2660 excandescant.
3258 2603 3452 2659 Verum

1886 2706 2157 2753 astrorum
2210 2698 2299 2753 ille
2342 2712 2534 2752 cursus
2588 2708 2758 2751 morte
2822 2710 3196 2751 remuneratur
3224 2712 3316 2751 eos
3363 2700 3451 2766 qui

1887 2790 2057 2859 ipsius
2105 2788 2358 2844 fatalibus
2419 2790 2650 2844 decretis
2700 2791 2987 2843 obsecutus
3027 2789 3205 2844 fuerit.
3257 2789 3454 2844 Servos

1882 2880 2067 2933 adhaec
2080 2887 2292 2934 nostros
2314 2880 2686 2949 immorigeros
2708 2881 3055 2947 castigamus,
3093 2882 3452 2949 obsequentes

193 2976 431 3047 praemio
458 2975 828 3030 aﬂicimus.At
858 2976 949 3030 illa
970 2991 1089 3046 qua:
1111 2976 1225 3031 haec
1255 2975 1491 3046 cogitare
1516 2988 1580 3031 ac
1604 2974 1785 3029 facere
1813 2973 1956 3042 cogit
1984 2975 2291 3042 genesis,et
2312 2973 2414 3027 labi
2449 2974 2619 3041 jubet,
2686 2983 2739 3028 et
2774 2988 3060 3043 persuasos
3120 2975 3450 3028 cruciatibus

194 3065 444 3131 subjicit.
474 3063 673 3119 Eadem
706 3063 833 3118 item
871 3080 967 3120 nos
994 3065 1208 3134 quidem
1247 3065 1424 3134 justos
1453 3065 1507 3119 in
1535 3062 1779 3120 subditos
1852 3062 2120 3117 interdum
2172 3064 2321 3130 facit,
2372 3077 2493 3117 cum
2546 3066 2654 3133 ipsa
2704 3065 2920 3119 interim
2988 3064 3339 3134 injustissima
3394 3068 3448 3121 in

194 3175 302 3215 nos
328 3160 670 3213 committere
706 3173 809 3212 non
838 3161 1142 3215 erubescat.
1169 3160 1359 3214 Annon
1414 3158 1576 3230 igitur
1607 3165 1867 3213 extrema
1905 3157 2188 3212 dementiae
2236 3159 2349 3213 hare
2387 3169 2627 3212 statuere
2671 3158 2693 3209 ?
2736 3158 2911 3228 Atque
2979 3159 3091 3212 haec
3152 3157 3337 3225 quinto
3394 3170 3447 3213 et

193 3252 623 3320 quadragesimo
650 3250 828 3319 capite
849 3253 1087 3307 disserit.

270 3341 403 3414 [697
428 3340 522 3413 R.]
562 3342 649 3394 'Ev
671 3342 728 3395 δὲ
752 3342 831 3412 τῷ
854 3342 950 3410 μετ’
970 3346 1133 3413 φησὶν
1152 3346 1228 3409 ὡς
1254 3346 1359 3401 ὑπὸ
1382 3344 1483 3416 τῆς
1512 3350 1789 3418 γενεθλια-
1817 3352 1859 3411 C

1788 3352 1859 3411 ac
1961 3342 2383 3412 Quadragesimo
2410 3350 2563 3396 sexto
2616 3341 2788 3409 capite
2818 3343 3011 3396 asserit
3078 3342 3195 3396 illos
3229 3359 3255 3395 a
3290 3361 3450 3415 gene—

189 3435 391 3501 λογίας
423 3435 472 3486 οἱ
507 3434 837 3503 ἐκμανέντες
887 3435 980 3488 καὶ
1022 3438 1360 3506 Δημιουργδν
1391 3440 1500 3492 τῶν
1529 3440 1785 3495 ἀπάντων

1903 3434 2179 3504 thlialogia
2209 3433 2568 3498 dementatos,
2592 3434 2828 3487 omnium
2855 3448 3066 3503 quoque
3098 3436 3448 3491 architecmm

189 3526 568 3578 ὑποτάττουσι
600 3525 793 3599 ταύτῃ.
829 3527 970 3580 Φασὶ
993 3527 1122 3599 γὰρ,
1154 3527 1339 3599 ὥσπερ
1372 3530 1433 3583 τὸ
1461 3530 1783 3604 δικαιοπρα-

1883 3526 2050 3581 Deum
2096 3524 2269 3578 eidem
2325 3523 2623 3592 subjicere.
2678 3523 2750 3576 Ita
2782 3524 2926 3577 enim
2981 3524 3306 3593 loquuntur,
3355 3528 3448 3592 ait,

188 3623 321 3686 γεϊν
350 3618 462 3670 ἀπὸ
485 3617 751 3685 γενέσεως
772 3659 787 3681 ,
814 3617 958 3672 οὑτω
988 3620 1082 3671 καὶ
1110 3619 1171 3672 τὸ
1202 3622 1639 3691 προσευχόμενον
1665 3624 1779 3676 εἰσ-

1882 3615 2330 3688 quemadmodum
2379 3616 2521 3683 juste
2556 3615 2735 3668 vivere
2775 3630 2802 3667 a
2839 3616 3018 3685 genesi
3070 3617 3448 3689 proficiscitur,

188 3708 503 3765 ἀκούεσθαι
531 3709 623 3762 καὶ
646 3708 707 3761 τὸ
734 3708 1072 3779 πληροῦσθαι
1103 3709 1235 3763 Θεοῦ
1269 3715 1568 3781 παρουσίας
1598 3716 1693 3767 καὶ
1721 3714 1782 3768 τὸ

1881 3710 1962 3764 sic
1987 3717 2041 3763 et
2067 3716 2313 3762 orantem
2354 3705 2614 3768 exaudiri,
2653 3714 2705 3758 et
2754 3706 2844 3759 Dei
2884 3707 3163 3774 praesmtia
3221 3708 3446 3777 impleri,

189 3798 603 3866 καταξιοῦσθαι
648 3800 936 3871 θειοτέρων
980 3802 1558 3871 ἀποκαλύψεων.Ὢστε
1604 3806 1663 3870 ἐξ
1706 3799 1782 3863 ὧν

1881 3811 1934 3856 et
1963 3799 2158 3855 divinis
2186 3798 2391 3867 dignari
2420 3798 2863 3865 apparitionibus.
2906 3797 3009 3852 Per
3045 3814 3104 3851 ea
3138 3799 3297 3868 igitur
3335 3816 3452 3868 qua:

188 3893 451 3963 τολμῶσι
475 3891 652 3959 λέγειν
670 3934 684 3956 ,
717 3892 809 3944 τὸν
838 3892 971 3946 Θεὸν
998 3894 1273 3966 ὑπηρέτην
1300 3897 1650 3966 ἀποφαίνουσι
1683 3900 1781 3970 τῆς

190 3983 497 4051 γενέσεως,
528 3982 793 4037 κάκείνων
822 3984 1115 4055 εὐεργέτην
1146 3982 1227 4049 οἷς
1258 3988 1322 4040 ἂν
1358 3991 1386 4042 ὀ
1430 3989 1631 4060 ταύτης
1658 3990 1782 4060 δρό-

192 4094 306 4146 μος
332 4076 455 4127 τὸ⁸⁶
482 4076 712 4145 πάσχειν
740 4073 801 4129 εὖ
828 4076 1117 4148 ἐχαρίσατο
1136 4094 1151 4109 ·
1177 4073 1237 4132 οὑ
1266 4080 1319 4132 τί
1345 4078 1411 4132 ἂν
1438 4082 1521 4151 είη
1550 4081 1783 4136 ἀθεώτε-

191 4186 300 4239 ρον
333 4167 368 4237 ἢ
398 4166 850 4237 δυσσεϐέστερον;
883 4169 946 4223 El
984 4168 1040 4221 δὲ
1082 4167 1252 4223 ταῦτα
1302 4171 1396 4223 καὶ
1442 4172 1510 4225 τά
1560 4174 1779 4227 τοιαῦτα

185 4258 303 4325 τῆς
332 4255 676 4325 εἱμαρμένης
701 4255 1014 4326 ἀφαιροῦσι,
1049 4242 1120 4309 τά
1148 4258 1382 4326 μέγιστα
1418 4259 1526 4313 τῶν
1562 4262 1782 4329 ἀγαθῶν

186 4346 382 4413 αὐτῆς
412 4346 832 4414 ἀποτέμνοντες,
861 4346 1027 4415 μόνης
1056 4347 1335 4412 δεσπόζειν
1362 4351 1624 4421 πονηρίας
1652 4352 1783 4406 ἀνα-

186 4440 534 4510 γράφουσιν.
582 4438 743 4491 Ἀλλά
788 4438 881 4492 καὶ
924 4440 1205 4503 πλείστους
1255 4440 1452 4505 ἔδειξεν
1497 4444 1526 4495 ὁ
1573 4445 1783 4515 μακρὸς

184 4533 403 4602 χρόνος
448 4529 509 4593 ἐξ
557 4530 757 4598 ἀρετῆς
807 4531 887 4593 είς
933 4530 1131 4585 κακίαν
1176 4532 1612 4600 μεταϐαλόνταςο
1640 4536 1780 4590 ὥστε

1882 4545 1912 4585 e
1970 4530 2123 4584 honis
2178 4532 2346 4585 malos
2377 4532 2613 4586 evasisse
2643 4550 2657 4598 ;
2698 4532 2767 4585 ita
2797 4540 2856 4585 ut
2879 4534 3075 4600 probos
3110 4534 3160 4587 in
3182 4533 3452 4602 improbos

186 4623 376 4679 πάλιν
403 4623 599 4692 κρατεῖ
625 4615 699 4675 ὧν
725 4621 825 4675 οὐκ
851 4622 1091 4691 ἐκράτει,
1118 4624 1243 4686 τοὺς
1270 4624 1507 4694 ἀγαθοὺς
1536 4628 1614 4689 είς
1638 4629 1781 4697 φαύ-
1812 4683 1848 4697 Α

1812 4683 1851 4697 Α
1882 4625 2283 4687 commutamlo,
2339 4623 2391 4675 in
2428 4637 2520 4676 eos
2574 4637 2791 4676 rursum
2816 4631 3136 4691 potestatem
3191 4624 3450 4688 obtineat,

183 4716 331 4777 λους
362 4683 792 4783 μετακινήσασα.
814 4683 1000 4776 Οὕτως
1028 4715 1062 4784 ἠ
1079 4683 1292 4784 ταύτης
1318 4683 1572 4780 ὑπόθεσις
1595 4683 1781 4774 ,πάντα
1812 4683 1845 4741 n

1812 4683 1857 4741 θ
1885 4713 1974 4781 qui
2022 4714 2088 4767 ab
2134 4683 2528 4783 ejus-potentia
2560 4713 2711 4769 liberi
2755 4683 2927 4769 erant.
2979 4714 3129 4769 Adeo
3166 4716 3289 4768 dum
3342 4683 3451 4769 lucc

184 4806 407 4875 συγχεῖ
451 4803 549 4857 καὶ
574 4803 850 4875 ταράττει,
882 4804 974 4856 καὶ
1007 4805 1112 4875 πρὸ
1141 4805 1357 4860 πάντων
1386 4807 1582 4878 ἑαυτὴν
1610 4827 1779 4865 κατα-

1885 4804 2168 4868 statuitur,
2203 4805 2389 4861 omnia
2415 4805 2815 4861 confunduntur
2839 4815 2999 4875 atque
3036 4808 3446 4873 conturbantur,

179 4894 398 4948 σάλλει
422 4909 484 4945 τε
509 4893 605 4946 καὶ
631 4894 972 4964 περιτρέπει.

1887 4909 1942 4954 et
1970 4899 2053 4955 vel
2089 4900 2205 4969 ipsa
2252 4915 2375 4956 sese
2410 4910 2533 4957 ante
2561 4902 2741 4957 omnia
2771 4900 3084 4973 prosternit,
3113 4915 3179 4957 ac
3220 4901 3450 4956 circum-

1889 4992 2095 5059 agendo
2120 4993 2341 5046 evertit.

1956 5082 2268 5139 Proximum
2320 5084 2513 5141 deinde
2568 5094 2737 5155 caput
2789 5085 3113 5158 (septimum
3176 5084 3227 5140 id
3283 5094 3451 5141 estet

1883 3904 2125 3946 asserere
2152 3890 2249 3957 ipsi
2276 3890 2497 3951 audent,
2526 3889 2687 3942 Deum
2713 3903 2836 3943 esse
2858 3904 3117 3958 geneseos
3147 3891 3450 3943 ministrum

1882 3983 2184 4045 declarant,
2222 3993 2385 4050 atque
2420 3982 2472 4035 iu
2513 3996 2607 4036 eos
2638 3982 2784 4035 solos
2828 3995 2946 4035 esse
2987 3981 3305 4045 heneticum,
3336 3984 3453 4051 qui-

1883 4072 1981 4128 bus
2015 4072 2175 4142 hujus
2210 4087 2404 4125 cursus
2434 4071 2755 4126 benellcium
2786 4072 3031 4141 accipere
3064 4072 3292 4142 benigne
3325 4088 3454 4127 cou-

1881 4163 2129 4219 cesserit.
2174 4160 2292 4229 Quo
2333 4164 2459 4231 quid
2488 4178 2608 4217 esse
2635 4163 2804 4231 possit
2837 4164 3057 4232 impium
3098 4164 3314 4234 magis?
3360 4164 3452 4216 Sin

1882 4258 1998 4313 hac
2038 4267 2200 4328 atque
2234 4260 2316 4312 his
2344 4258 2537 4312 similia
2571 4259 2836 4323 adimunt,
2865 4259 2973 4326 jam
3022 4260 3270 4314 maximis
3298 4260 3363 4314 ab
3390 4274 3454 4314 eo

1881 4348 2037 4403 bonis
2067 4348 2383 4413 divulsis,in
2406 4364 2563 4402 unam
2604 4350 2872 4404 duntaxat
2902 4351 3163 4404 dominari
3196 4352 3451 4405 malitiam

1880 4441 2217 4508 scripserint.
2256 4440 2506 4495 Attamen
2552 4450 2761 4511 tempus
2792 4442 2970 4496 docuit
3003 4458 3159 4511 quam
3196 4444 3454 4513 plurimos

276 5073 449 5140 Λέγει
478 5072 535 5126 δὲ
565 5072 706 5127 κατά
733 5074 795 5126 τὸ
824 5074 948 5141 ἑξῆς
978 5075 1268 5143 κεφάλαιον
1294 5074 1375 5148 (ζ’
1400 5076 1456 5131 δὲ
1490 5079 1645 5134 τοῦτό
1669 5083 1786 5136 ἐστι

179 5165 301 5221 καὶ
335 5164 415 5233 μ’)
450 5164 527 5228 ὡς
548 5165 643 5219 καὶ
675 5165 783 5218 τῶν
810 5166 938 5236 παρ’
967 5167 1189 5238 Ἕλλησι
1223 5170 1695 5240 φιλοσοφησάντων
1718 5176 1786 5229 τά

176 5251 440 5308 τοιαῦτά
491 5270 635 5319 τινες
678 5256 770 5308 ἐπὶ
816 5256 939 5309 νοῦν
986 5255 1199 5327 θέμενοι
1241 5260 1359 5313 τὸ⁸⁸
1388 5260 1487 5330 τῆς
1523 5264 1787 5331 γενέσεως

176 5344 605 5417 ἑμυσάχθησάν
649 5364 709 5400 τε
757 5347 853 5400 καὶ
898 5349 1263 5417 κατεγέλασαν
1299 5351 1541 5422 πλάσμα.
1593 5355 1785 5409 Καίτοι

172 5433 298 5486 τόν
323 5448 392 5484 τε
414 5431 643 5503 οὐρανὸν
672 5434 959 5506 σφαιρικὸν
986 5438 1137 5491 οὐδὲν
1164 5434 1327 5509 ἦττον
1355 5440 1389 5509 ἢ
1414 5436 1563 5495 οῦτοι
1598 5444 1783 5511 ἐδόξα-

1891 5446 2085 5502 οωίιιιη
2115 5448 2284 5518 ipsum
2310 5465 2415 5504 non
2450 5465 2607 5505 secus
2642 5460 2805 5519 atque
2829 5450 2903 5505 illi
2931 5450 3207 5520 globosum
3237 5465 3445 5505 assere-

175 5526 323 5588 ζον,
353 5524 455 5573 καὶ
507 5521 613 5592 μὴν
641 5523 736 5577 καὶ
780 5525 878 5595 τὴν
919 5525 1027 5579 τῶν
1060 5526 1264 5590 ζωδίων
1289 5528 1536 5584 σύνθεσιν
1563 5534 1654 5585 καὶ
1684 5532 1783 5603 τὴν

1891 5545 2015 5590 rent
2047 5552 2063 5603 ;
2113 5544 2168 5591 et
2203 5554 2309 5593 non
2332 5540 2490 5595 aliter
2518 5540 2583 5595 de
2613 5541 2890 5611 signorum
2920 5540 3329 5609 compositione,
3355 5543 3446 5595 de-

176 5615 317 5670 τῶν
352 5611 643 5684 πλανήτων
672 5615 885 5687 κίνησιν
912 5618 1011 5671 οὐκ
1038 5618 1212 5683 ἄλλως
1256 5621 1521 5690 ἐνόμιζον.
1551 5623 1646 5686 Τίς
1690 5624 1782 5677 οῦν

1888 5642 1992 5697 que
2016 5633 2311 5688 errantium
2343 5634 2619 5691 stellarum
2663 5643 2810 5692 motu
2840 5643 3155 5692 statuerent.
3192 5633 3443 5692 Quaenam

1898 5176 2392 5248 quadragesimum)
2410 5178 2622 5245 asserit,
2641 5176 2862 5233 Grecos
2884 5177 3083 5247 aliquot
3103 5178 3445 5247 philosophos

1888 5263 2002 5318 hac
2048 5265 2229 5320 animo
2271 5266 2701 5331 considerantes.
2750 5266 2877 5321 illud
2914 5268 2978 5321 de
3006 5268 3185 5337 genesi
3227 5270 3446 5335 figmen-

1886 5362 2001 5408 tum
2032 5354 2325 5412 detestatos
2372 5372 2497 5413 esse
2541 5367 2701 5428 atque
2742 5358 2976 5412 irrisisse
3002 5398 3017 5421 ,
3058 5373 3360 5428 quanquam
3395 5370 3445 5413 et

1496 5720 1732 5776 VARle
1778 5722 2182 5781 LEC'I'IONES.

268 5806 327 5838 ⁸⁸
360 5804 523 5877 πρὸς]
548 5806 623 5871 ὡς
654 5810 715 5862 Δ.
792 5810 838 5843 ⁸³
864 5810 1022 5884 πρὸςι
1044 5812 1118 5875 ὡς
1146 5815 1211 5872 Δ.
1282 5815 1327 5849 ⁸⁵
1352 5816 1548 5887 δρόμος
1585 5817 1786 5887 ταύτης
1824 5836 1883 5882 ς.
1985 5821 2029 5855 ⁸⁸
2053 5822 2110 5876 τὸ
2137 5824 2258 5877 add.
2293 5825 2355 5877 Δ.
