4208 6448
733 378 831 447 871

1898 375 2156 433 PIIOTII
2195 372 2695 434 PATRIARCIUE
2728 375 2833 434 (ΖΡ.

3886 375 3999 437 872

738 501 901 560 igitur
971 492 1161 546 horum
1228 486 1495 541 sententia
1561 494 1693 543 est,
1757 483 1897 551 quod
1929 484 2041 537 haec
2098 484 2348 551 quidem,

2449 488 2596 549 ὐτοῖς
2641 487 2673 555 ἠ
2728 486 2940 552 γνώμη,
2973 481 3131 536 τοῦτο
3181 481 3280 551 μὲν
3326 482 3595 551 δέχεσθαι,
3628 484 3882 538 έκεῖνοδὲ
3921 489 4002 559 μὴ

731 588 1044 646 admittant,
1096 580 1222 633 illml
1279 594 1405 631 vero
1442 574 1839 645 nequaquam?
1884 573 1959 627 Ea
2008 588 2129 641 qua:
2179 582 2327 627 terra

742 677 985 742 marique
1024 671 1106 724 vel
1143 671 1192 722 in
1228 684 1353 719 acre
1383 679 1435 719 et
1486 666 1707 719 caeteris
1741 664 2023 718 elementis
2067 663 2325 715 accidunt

742 760 1217 834 prmsignificandi,
1253 758 1353 809 etsi
1402 773 1505 808 non
1537 755 1765 823 cogendi
1804 763 1896 806 aut
1925 752 2186 807 efficiendi
2220 752 2328 804 vim

746 860 945 910 habere
994 862 1263 905 astrorum
1320 865 1541 902 cursum
1583 850 1942 901 arbitrantur.
1982 844 2134 898 llunc
2182 842 2327 897 enim

748 951 812 1001 ad
844 963 962 1001 eum
994 946 1104 998 fere.
1128 944 1345 996 tnoduut
1378 941 1560 993 futura
1587 940 1929 1001 denuntiare,
1951 953 2058 1007 quo
2080 938 2330 990 divinan-

750 1044 823 1105 di,
860 1038 1221 1105 aruspicandi,
1264 1046 1357 1087 aut
1386 1035 1583 1087 similis
1639 1048 1729 1085 ars
1763 1031 2024 1097 quarpiam
2071 1028 2246 1083 solet:
2275 1036 2333 1082 ut

753 1148 857 1181 non
896 1136 1175 1195 propterea
1228 1125 1341 1175 haac
1396 1122 1653 1175 eveniant
1687 1121 1830 1188 quod
1875 1119 2329 1186 pra‘tt-tntientur,

754 1226 846 1276 sed
904 1224 1021 1275 ideo
1080 1217 1547 1288 praenuntieulur,
1608 1217 1751 1283 quod
1821 1211 2090 1265 eveniant.
2147 1206 2333 1277 Neque

756 1317 897 1366 enim
950 1321 1093 1364 astra
1143 1325 1240 1376 per
1272 1309 1379 1361 vim
1430 1307 1737 1376 gubernare
1773 1306 1886 1357 haec
1932 1303 2207 1363 inferiora,
2240 1300 2333 1353 sed

758 1404 1017 1453 duntaxat
1055 1413 1171 1465 quae
1197 1404 1318 1463 post
1345 1405 1605 1447 eventura
1641 1395 1749 1446 sint
1780 1389 2119 1443 denuntiare.
2142 1390 2332 1441 Verum

759 1494 862 1547 etsi
906 1492 997 1560 qui
1029 1491 1222 1559 220b
1255 1490 1333 1542 sic
1385 1488 1652 1551 sentiunt,
1703 1498 1951 1549 magnam
1987 1482 2129 1535 illam
2165 1490 2337 1533 astro-

763 1588 1004 1654 logorum
1056 1584 1388 1649 impietatem
1422 1594 1451 1631 a
1499 1593 1559 1630 se
1599 1575 1914 1644 repuleriut,
1948 1575 2013 1626 ad
2044 1573 2333 1639 perfectam

767 1689 940 1728 tamen
974 1676 1256 1726 veritatem
1290 1686 1393 1724 nou
1438 1674 1820 1737 pervenerunt.
1856 1665 1930 1716 Ita
1980 1664 2243 1730 septimus
2269 1661 2334 1712 li-

766 1770 865 1819 her
895 1764 1219 1817 absolvitur.

836 1858 1074 1912 Octavus
1125 1870 1283 1922 porro
1329 1853 1517 1906 libera
1554 1849 1967 1919 quadragesimo
2014 1855 2209 1900 octavo
2256 1846 2335 1898 in-

767 1950 992 2002 choatus
1048 1947 1249 2012 capite,
1316 1944 1449 1995 duos
1502 1952 1714 1995 creatos
1769 1942 1901 1993 dicit
1955 1939 2139 2001 malos,
2174 1952 2334 1989 unum

768 2041 981 2108 quidem
1043 2035 1355 2104 aspectabili
1420 2035 1521 2087 isto
1577 2033 1849 2101 superius,
1906 2030 2045 2099 quod
2080 2045 2184 2082 una
2216 2043 2335 2081 cum

770 2146 912 2186 terra
954 2130 1280 2191 substiterit,
1322 2129 1549 2181 alterum
1586 2144 1715 2181 vero
1748 2128 1855 2180 hoc
1898 2126 2039 2193 quod
2071 2124 2335 2189 videmus.

770 2223 970 2277 Horum
1026 2237 1153 2291 ergo
1182 2221 1408 2272 duorum
1442 2220 1671 2272 alterum
1706 2219 1829 2272 tecti
1860 2218 2006 2286 quasi
2050 2218 2225 2271 locum
2262 2224 2341 2268 te-

772 2332 921 2375 nete,
982 2315 1209 2367 alterum
1262 2324 1417 2364 terra}
1465 2312 1684 2379 quidem
1730 2312 1854 2364 tecti
1891 2310 2060 2362 vicem
2094 2308 2341 2362 similiter

772 2404 1031 2469 prmbere,
1076 2401 1168 2454 sed
1215 2400 1393 2451 altiori
1449 2400 1519 2451 illi
1580 2399 1717 2451 etnlo
1768 2399 1865 2452 soli
1921 2400 2088 2451 instar
2119 2412 2242 2451 esse
2280 2412 2341 2449 ac

771 2492 1109 2545 fundamenti
1163 2507 1178 2555 ;
1234 2502 1429 2543 terram
1485 2490 1673 2542 adlimc
1699 2503 2053 2554 unamesse;
2103 2487 2339 2541 cmlestia

774 2588 895 2638 item
957 2585 1311 2653 potestatibus
1368 2583 1666 2648 majoribus
1720 2596 1841 2634 esse
1890 2579 2165 2645 subjecta,
2208 2588 2346 2632 utet

772 2677 1072 2728 visibilibus
1101 2690 1163 2727 ea
1217 2688 1336 2742 qua:
1379 2674 1480 2725 sub
1522 2672 1662 2724 cmlo
1711 2682 1857 2724 sunt.
1888 2670 2095 2723 C(elum
2130 2672 2345 2736 insuper

776 2782 884 2819 non
949 2765 1258 2827 rotundum,
1316 2763 1407 2815 sed
1464 2760 1684 2814 tentorii
1733 2774 1795 2812 ac
1833 2759 2057 2812 fornicis
2113 2760 2342 2811 formam

773 2860 1045 2924 pra'rerre.
1076 2856 1175 2908 Pro
1202 2855 1413 2923 quidem
1446 2852 1701 2922 Opinione
1733 2852 2047 2917 Scripturze,
2079 2861 2133 2901 ut
2163 2858 2341 2917 putat,

773 2948 1076 3001 testimonia
1111 2944 1316 3011 profert
1351 2962 1362 2994 :
1397 2959 1501 2997 non
1539 2958 1603 2995 ea
1638 2942 1808 2995 solum
1856 2941 1921 2993 de
1950 2938 2144 3007 ﬁgura,
2173 2939 2265 2991 sed
2295 2948 2349 2990 et

770 3041 837 3091 tle
886 3054 1079 3091 occasu
1130 3046 1290 3103 atque
1345 3045 1465 3086 ortu
1501 3033 1654 3087 solis.
1688 3031 1883 3084 Reddit
1934 3040 1986 3083 et
2016 3045 2232 3084 causam
2262 3028 2347 3081 in-

773 3130 1030 3183 crementi
1067 3143 1129 3180 ac
1160 3127 1491 3179 deerementi
1531 3127 1744 3177 dierum
1774 3138 1835 3176 ac
1875 3123 2108 3175 noctium
2149 3139 2162 3174 :
2194 3121 2345 3174 alia—

772 3236 877 3287 que
912 3221 962 3272 id
1005 3234 1175 3289 genus
1215 3217 1426 3269 curiose
1465 3215 1776 3282 investigat,
1822 3229 1936 3265 mea
1981 3212 2341 3279 quidemzsen-

777 3312 968 3372 lentia,
1027 3324 1145 3376 quae
1203 3307 1507 3359 necessaria
1561 3321 1668 3358 non
1704 3312 1849 3367 sunt,
1892 3303 1990 3355 etsi
2028 3318 2147 3355 eum
2178 3302 2350 3355 sacris

774 3400 1007 3453 oraculis
1032 3397 1422 3452 connexionem
1450 3395 1740 3463 quamdam
1772 3394 1985 3446 habent.
2031 3392 2182 3446 Unde
2205 3392 2348 3459 pium

772 3496 991 3562 quidem
1036 3492 1179 3544 hunc
1214 3490 1413 3551 virum,
1449 3503 1515 3541 ex
1550 3489 1616 3541 iis
1650 3502 1770 3555 quae
1814 3485 1998 3549 refert,
2027 3485 2256 3553 iudices,
2298 3492 2352 3535 at

776 3603 878 3638 non
906 3585 978 3637 ita
1004 3585 1165 3637 etiam
1199 3590 1449 3634 accurata
1477 3594 1602 3632 cum
1636 3578 2049 3630 ratiocinatione
2077 3590 2352 3629 sacrarum

776 3679 1179 3742 Scripturarum
1212 3671 1518 3726 testimonia
1549 3672 1851 3738 producere
1884 3668 2109 3721 dixeris.

846 3770 972 3822 inde
1025 3768 1091 3820 ad
1140 3780 1337 3819 nonum
1367 3773 1421 3817 et
1469 3761 1941 3833 quadragesimum
1970 3768 2131 3826 caput
2181 3766 2359 3810 trans-

778 3864 944 3915 itione
994 3861 1155 3922 facta,
1192 3872 1364 3912 sacrae
1393 3856 1551 3911 nobis
1581 3853 1880 3921 Scriptura:
1918 3850 2089 3919 leges,
2115 3848 2360 3903 admoni-

778 3956 1079 4019 tioncsque,
1126 3960 1180 4004 et
1233 3963 1486 4017 magnum
1542 3946 1673 3999 illud
1734 3940 2117 4009 redemptionis
2168 3948 2362 3993 nostra

777 4045 1094 4113 mysterium
1138 4043 1261 4110 (nec
1290 4038 1565 4091 immerito
1615 4033 1770 4100 sane)
1825 4032 2123 4101 praedicat;
2176 4030 2265 4083 ubi
2308 4037 2363 4083 et

778 4134 1119 4203 asuologiam
1196 4145 1262 4183 ex
1315 4129 1506 4182 iisdem
1566 4126 1675 4180 illis
1705 4123 1903 4178 divinis
1953 4122 2105 4176 libris
2152 4122 2364 4189 egregie

778 4225 1112 4296 perstringit.

842 4314 978 4367 llinc
1011 4314 1075 4365 ad
1102 4309 1615 4380 quinquagesimum
1646 4313 1808 4371 caput
1831 4302 1994 4370 gradu
2026 4300 2189 4364 facto,
2214 4313 2365 4351 eum-

780 4406 902 4457 dem
945 4402 1092 4455 illum
1127 4415 1368 4454 errorem
1402 4396 1574 4450 nihilo
1600 4394 1820 4461 segnius
1846 4400 2139 4460 oppugnat,
2170 4398 2366 4457 prmter

2427 576 2779 648 προσίεσθαι;
2816 576 2940 627 Ὀτι
2967 575 3076 626 τῶν
3104 574 3196 625 ἐπὶ
3223 574 3324 642 γῆς
3347 574 3439 625 καὶ⁸
3463 574 3731 641 θαλάττης
3764 575 4003 642 συμϐαι.

2428 671 2626 723 νόντων
2651 671 2708 720 ὲν
2739 667 2860 737 ἀέρι
2886 684 2947 718 τε
2974 666 3103 737 [562
3129 665 3221 735 Π
3251 665 3343 717 καὶ
3370 667 3481 727 τοῖς
3508 666 3689 728 ἄλλοις
3716 667 4003 735 στοιχείοις

2429 760 2871 830 προσημαντικὸν
2901 759 2997 827 μὲν
3020 754 3158 809 εἷναι
3194 756 3470 826 νομίζουσι
3501 757 3590 809 τὸν
3618 758 3725 807 τῶν
3752 758 4005 827 ἀστέρων

2428 855 2646 924 δρόμον,
2676 853 2789 905 ἀλλ’
2818 854 2916 903 οὐκ
2947 850 3345 917 ἀναγκαστικὸν
3370 849 3402 917 ἢ
3435 850 3736 916 ποιητικὸν,
3776 850 4005 917 μηνύειν

2430 945 2485 997 δὲ
2529 942 2717 996 τοῦτον
2762 942 2829 994 τὰ
2875 942 3107 1010 ἐσόμενα
3135 940 3322 1007 ὥσπερ
3362 941 3456 992 καὶ
3484 940 3581 1009 τὴν
3615 939 3882 1008 μαντικὴν
3912 939 4007 990 καὶ

2429 1039 2529 1105 τὴν
2547 1038 2591 1068 ⁸⁸
2616 1034 2957 1103 οίωνιστικὴν
2986 1033 3080 1086 καὶ
3104 1033 3224 1084 ὅσαι
3249 1032 3439 1089 αὑταῖς
3470 1030 3843 1099 παραπλήσιοι
3868 1046 3881 1057 ·
3908 1030 4004 1081 καὶ

2431 1131 2532 1181 οὐκ
2552 1128 2736 1197 ἐπειδὴ
2757 1128 3008 1196 προλέγει
3030 1126 3258 1192 γίνεται,
3293 1120 3408 1175 ἀλλ’
3435 1122 3621 1191 ἐπειδὴ
3646 1122 3851 1188 γίνεται
3876 1138 4007 1189 προ-

2432 1222 2620 1287 λέγει’
2658 1220 2752 1272 καὶ
2795 1220 2895 1272 οὐκ
2924 1219 3134 1285 ἀνάγκη
3165 1218 3230 1284 τῇ
3263 1213 3359 1267 ἀπ’
3388 1214 3554 1280 αὐτῆς
3584 1213 3905 1265 διοικεῖσθαι
3937 1214 4006 1265 τὰ

2434 1310 2687 1372 ἐνταῦθα,
2722 1307 3117 1379 προσημαίνειν
3149 1305 3205 1357 δὲ
3243 1305 3399 1374 μόνον
3428 1303 3496 1355 τὰ
3525 1304 3778 1371 ἐσόμενα.
3800 1304 4006 1356 Ἀλλ“οί

2432 1402 2603 1455 ταῦτα
2640 1402 2739 1469 μὲν
2774 1401 3086 1469 νομίζοντες
3134 1398 3229 1466 τὴν
3276 1396 3473 1464 πολλὴν
3515 1395 3625 1448 τῶν
3655 1395 4008 1465 ἀστρονόμων

2432 1494 2751 1546 δυσσέϐειαν
2800 1492 3178 1553 ἀπεσείσαντο,
3209 1489 3343 1557 πρὸς
3386 1488 3441 1540 δὲ
3489 1488 3553 1540 τὸ
3598 1489 3695 1557 τῆς
3746 1487 4006 1557 ἀληθείας

2433 1583 2661 1653 ἀκριϐὲς
2700 1583 2801 1635 οὐκ
2847 1582 3127 1649 ἀφίκοντο.
3145 1580 3285 1633 Ἀλλ’
3316 1581 3374 1631 έν
3401 1577 3612 1641 τούτοις
3645 1578 3743 1647 μὲν
3788 1578 3884 1629 καὶ
3910 1577 4006 1630 τοῦ

2435 1673 2479 1735 ζ’
2516 1672 2679 1739 λόγου
2716 1671 2778 1722 τὸ
2817 1671 3009 1739 πέρας.

2520 1848 2578 1902 '0
2602 1849 2678 1914 ζδὲ
2723 1854 2772 1917 η’
2799 1848 2955 1914 λόγος
2979 1886 2993 1909 ,
3028 1843 3167 1897 κατὰ
3217 1843 3277 1895 τὸ
3321 1841 3371 1911 η’
3405 1843 3497 1895 καί⁵
3550 1841 3604 1912 μ’
3629 1842 4007 1912 ἀπαρχόμενος

2437 1940 2755 2009 κεφάλαιον,
2792 1937 2886 1990 δύο
2916 1937 3013 2005 μὲν
3040 1937 3302 2005 οὐρανοὺς
3332 1936 3478 2001 λέγει
3509 1932 3838 2001 γεγενῆσθαι
3861 1972 3876 1995 ,
3910 1933 4006 1984 Eva

2441 2034 2538 2101 μὲν
2575 2030 2671 2083 τοῦ
2721 2029 3000 2099 ὁρωμένου
3050 2026 3341 2093 ἀνώτερον,
3371 2026 3429 2078 ὃν
3472 2026 3566 2077 καὶ
3611 2023 4007 2090 συνυφεστάναι

2439 2126 2506 2193 τῇ
2556 2125 2650 2191 γῇ,
2684 2121 2911 2189 θάτερον
2940 2118 2995 2170 δὲ
3026 2116 3115 2170 τὸν
3144 2115 3416 2186 ὁρώμενον
3436 2131 3449 2144 ·
3498 2113 3590 2166 δύο
3620 2114 3675 2165 δὲ
3702 2112 3871 2165 όντων
3916 2113 4009 2163 τὸν

2443 2215 2540 2283 μὲν
2587 2214 2789 2283 ὀροφῆς
2842 2210 3058 2279 ὲπέχειν
3099 2208 3292 2274 λόγον,
3323 2207 3412 2259 τὸν
3458 2206 3515 2258 δὲ
3565 2205 3700 2274 πρὸς
3760 2204 3861 2274 μὲν
3909 2203 4011 2272 τὴν

2440 2306 2541 2374 γῆν
2570 2304 2773 2374 ὀροφῆς
2801 2301 3081 2367 ὡσαύτως,
3110 2300 3336 2367 ἐδάφους
3364 2300 3421 2351 δὲ
3454 2298 3547 2350 καὶ
3581 2297 3787 2366 βάσεως
3815 2294 4008 2363 πρδςιτ

2439 2398 2529 2449 τὸν
2563 2395 2917 2463 ὑπερέχοντα.
2948 2393 3060 2447 Kal
3087 2392 3190 2459 γῆν
3221 2392 3276 2443 δὲ
3310 2390 3454 2459 μίαν.
3484 2389 3592 2441 Kal
3618 2388 3686 2440 τά
3718 2387 3817 2453 μὲν
3846 2385 4010 2455 οὐρά-

2442 2506 2529 2541 νια
2575 2490 2694 2549 ταῖς
2734 2485 3037 2554 κρείττοσιν
3065 2481 3498 2550 ἀπονενεμῆσθαι
3517 2480 3563 2511 ⁸⁸
3592 2478 3871 2546 δυνάμεσι,
3902 2477 4015 2536 τοῖς

2442 2580 2737 2649 ὁρωμένοις
2763 2578 2821 2628 δὲ
2844 2576 2915 2628 τά
2940 2574 3243 2644 ὑπουράνια
3258 2574 3323 2627 ⁸⁸.
3349 2574 3438 2641 Μὴ
3464 2573 3696 2640 σφαῖραν
3722 2569 3780 2621 δὲ
3809 2568 3900 2621 τὸν
3922 2569 4015 2619 οὺ-

2447 2674 2605 2743 ρανδν
2654 2668 2811 2733 εἶναι,
2841 2670 2977 2722 ἀλλά
3029 2666 3235 2736 σκηνῆς
3283 2668 3376 2717 καὶ
3426 2664 3683 2732 καμάρας
3724 2658 4017 2721 διασώζειν

2445 2767 2650 2834 σχῆμα.
2685 2763 2794 2816 Kal
2840 2760 3042 2830 ταύτης
3086 2759 3183 2828 τῆς
3234 2754 3550 2824 ὑπολήψεως
3592 2753 3893 2821 Γραφικάς,
3941 2750 4017 2811 ὡς

2445 2858 2635 2918 οἴεται,
2664 2853 2955 2924 προϐάλλει
2983 2849 3306 2920 μαρτυρίας,
3328 2848 3388 2899 οὺ
3420 2846 3579 2914 μόνον
3606 2844 3733 2913 περὶ
3760 2842 3857 2894 τοῦ
3883 2842 4019 2910 σχή-

2451 2964 2638 3017 ματος,
2675 2945 2811 2997 ἁλλά
2853 2942 3097 3010 καὶπερὶ
3147 2939 3347 2999 δύσεως
3390 2937 3485 2988 καὶ
3523 2934 3651 3003 περὶ
3692 2933 3957 3001 ἀνατολῆς
3973 2931 4019 2963 ³⁸

2448 3040 2620 3107 ἡλίου.
2653 3035 2952 3100 Αίτιολογεί
2979 3032 3033 3084 δὲ
3063 3032 3156 3083 καὶ
3181 3029 3277 3098 τὴν
3304 3028 3412 3079 τῶν
3443 3026 3663 3095 ήμερῶν
3692 3026 3787 3076 καὶ
3811 3024 4021 3075 νυκτῶν

2447 3128 2829 3197 αὑξομείωσιν,
2862 3125 2957 3178 καὶ
2982 3123 3118 3176 ἄλλα
3145 3122 3267 3172 τινὰ
3295 3118 3519 3171 τοιαῦτα
3552 3116 4019 3184 πολυπραγμονεῖ,

2448 3221 2523 3281 ὡς
2558 3219 2742 3288 ἔμοιγε
2781 3218 2946 3278 δοκεῖ,
2972 3215 3033 3266 τὸ
3082 3212 3374 3275 ἀναγκαῖον
3423 3209 3523 3259 οὐκ
3572 3207 3803 3275 ἔχοντα,
3834 3206 3883 3256 εί
3928 3206 4025 3257 καὶ

2448 3313 2561 3374 τοῖς
2593 3312 2757 3379 ἱεροῖς
2776 3307 2976 3375 λογίοις
3002 3302 3360 3374 προσφύεται.
3378 3298 3467 3362 Ἐξ
3489 3292 3551 3351 οὗ
3574 3295 3904 3350 εὐσεϐοῦντα
3926 3294 4027 3363 μὲν

2449 3404 2543 3455 τὸν
2585 3402 2774 3467 ἄνδρα,
2804 3392 2887 3459 οἷς
2920 3398 3219 3464 κέχρηται,
3248 3394 3365 3459 θείη
3412 3391 3477 3444 ἀν
3526 3406 3631 3449 τις.
3666 3388 3923 3457 ἀκριϐείᾳ.
3967 3387 4027 3439 δὲ

2452 3489 2728 3560 λογισμῶν
2769 3488 2870 3558 τὴν
2912 3486 3021 3539 τῶν
3053 3484 3343 3553 Γραφικὼν
3386 3478 3689 3550 μαρτυρίαν
3723 3476 4031 3547 προτείνειν

2455 3584 2637 3638 οὐκέτι
2675 3581 2872 3650 ὁμοίως
2910 3579 3132 3647 φήσειεν
3146 3577 3212 3629 ’⁸.

2529 3760 2808 3815 Ἐντεῦθεν
2857 3757 2948 3809 ἐπὶ
2995 3754 3057 3807 τὸ
3102 3753 3149 3805 θ’
3181 3752 3276 3804 καὶ
3320 3748 3373 3818 μ’
3392 3750 3436 3781 ⁹²
3474 3748 3813 3818 μεταϐαίνων
3859 3747 4030 3814 κεφά-

2460 3856 2630 3916 λαιον,
2660 3853 2758 3920 τῆς
2791 3851 2941 3920 ίερᾶς
2980 3844 3136 3916 ήμῶν
3174 3842 3393 3911 Γραφῆς
3418 3844 3540 3903 τοὺς
3569 3841 3763 3909 νόμους
3788 3838 3914 3910 [700
3935 3838 4028 3907 IL]

2463 3947 2557 3999 καὶ
2584 3944 2682 4005 τάς
2714 3938 3060 4011 παραινέσεις
3084 3934 3177 3985 καὶ
3202 3933 3263 3985 τὸ
3285 3934 3427 4000 μέγα
3454 3932 3554 3999 τῆς
3576 3930 3848 3999 σωτηρίας
3871 3929 4032 3998 ἡμῶν

2467 4034 2762 4105 μυστήριον
2792 4029 2885 4081 καὶ
2918 4026 3064 4094 μάλα
3091 4022 3315 4084 δικαίως
3345 4023 3566 4090 ὲξυμνεῖ
3587 4036 3603 4051 ·
3631 4022 3688 4072 έν
3724 4012 3769 4084 ᾧ
3806 4021 3901 4072 καὶ
3928 4019 4033 4086 τῆς

2464 4119 2819 4192 ἀστρολογίας
2847 4119 2911 4169 ὲκ
2941 4115 3047 4168 τῶν
3073 4112 3252 4167 αὐτῶν
3277 4112 3618 4182 θεοχρήστων
3643 4111 3836 4178 λογίων
3856 4111 4032 4179 ἀρμο.

2464 4216 2590 4275 δίως
2618 4212 2980 4265 καθάπτεται.

2536 4302 2776 4356 Ἐκεῖθεν
2799 4301 2891 4353 ἐπὶ
2914 4296 2977 4349 τὸ
3003 4293 3228 4364 ν’,ἁνιὼν
3245 4292 3557 4359 κεφάλαιον,
3579 4291 3679 4354 τῆς
3700 4291 3869 4359 αὐτῆς
3892 4289 4035 4342 πλά-

2469 4410 2566 4461 νης
2611 4390 2761 4442 οὐδὲν
2805 4382 2967 4459 ἦττον
3004 4379 3470 4449 καταγωνίζεται,
3519 4378 3692 4443 λέγων
3742 4378 3880 4446 μετά
3922 4378 4035 4428 τῶν

782 4497 881 4548 alia
918 4496 1078 4547 etiam
1111 4494 1211 4545 ista
1249 4489 1515 4542 referens.
1543 4486 1611 4539 Et
1647 4487 1691 4537 si
1720 4484 1865 4551 quid,
1893 4484 1987 4545 ait,
2006 4482 2071 4535 ab
2098 4481 2202 4534 illis
2227 4494 2348 4547 pra:-

2468 4482 2641 4535 ἄλλων
2680 4480 2755 4540 ὡς
2800 4479 2849 4529 εί
2882 4475 2974 4528 καί
3003 4490 3054 4526 τι
3085 4471 3194 4525 τῶν
3221 4468 3635 4540 προλεγομένων
3679 4469 3861 4529 αὐτοῖς
3885 4467 4038 4518 δοκεῖ

780 4587 984 4638 dictum
1003 4583 1219 4637 evenire
1238 4581 1375 4633 forte
1401 4580 1671 4637 videatur,
1696 4590 1798 4627 non
1820 4574 1869 4627 id
1894 4588 2013 4626 mox
2045 4571 2193 4642 [quia
2224 4584 2364 4638 prm-

2466 4571 2759 4632 ὲκϐαἱνειν,
2810 4567 2911 4619 οὐκ
2955 4562 3141 4631 ἐπειδὴ
3186 4561 3283 4631 τὴν
3328 4558 3548 4611 ἔκϐασιν
3587 4558 3809 4625 ἔσχηκε.
3859 4557 4038 4610 Πολλά

783 4679 986 4729 dictum
1015 4673 1135 4745 fuit]
1168 4673 1385 4735 evenit;
1423 4669 1591 4723 multa
1623 4664 1895 4733 siquidem
1925 4673 1979 4717 et
2009 4663 2161 4716 nobis
2180 4676 2348 4714 eorun

2466 4662 2575 4731 γὰρ
2594 4661 2638 4691 ’³
2670 4659 2763 4712 καὶ
2812 4660 2945 4727 ἡμῖν
2991 4654 3361 4723 ἐννοουμένοις
3395 4652 3504 4704 τῶν
3533 4651 3895 4719 ἐννοηθέντων
3923 4653 4038 4704 ἀπ-

781 4784 900 4836 qua:
949 4742 1404 4833 cogita‘verainus,
1444 4759 1782 4817 acciderunt,
1813 4765 1865 4808 et
1915 4755 2111 4823 negotii
2144 4751 2348 4818 alicujus

2467 4754 2695 4821 ήντησε·
2730 4749 2823 4802 καὶ
2853 4748 3083 4816 πρᾶγμα
3128 4744 3481 4813 κεκινημένον
3528 4744 3560 4812 ἢ
3611 4742 4039 4811 κινηθησόμζενον

784 4861 861 4912 vel
912 4859 1038 4911 moti
1072 4857 1206 4921 jam,
1246 4856 1325 4907 vel
1361 4853 1507 4907 brevi
1538 4847 1790 4903 movendi
1828 4846 2226 4913 exspectatione
2252 4859 2348 4899 sus

2472 4839 2959 4911 προσδοκήσαντες,
2983 4835 3100 4886 οἷαν
3130 4834 3435 4901 ἠλπίσαμεν
3468 4832 3643 4902 ἀρχὴν
3669 4832 3852 4885 λαϐεῖν
3880 4833 3912 4901 ἢ
3946 4834 4038 4884 τέ-

1053 4950 1179 5001 illud
1234 4946 1409 5013 ipsum
1444 4942 1550 4994 tale
1612 4937 1869 4993 habuisse
1914 4935 2234 5002 principium
2287 4950 2348 4988 ve

2471 4932 2582 4994 λος,
2604 4928 2842 4981 τοιοῦτον
2868 4925 3049 4977 λαϐεῖν
3063 4924 3109 4955 ’⁵
3140 4922 3529 4990 κατελάϐομεν.
3556 4921 3667 4975 Kal
3693 4922 3752 4972 οὺ
3774 4922 3863 4987 διὰ
3881 4923 4043 4974 τοῦτο

2473 5020 2805 5093 χειροτονίαν
2857 5018 3067 5077 ἑαυτοῖς
3122 5015 3453 5083 προφητείας
3500 5013 3851 5081 ἐπιφέρομεν,
3908 5015 4045 5066 ἀλλά

2476 5110 2758 5180 συντυχίας
2785 5108 2818 5178 ἦ
2848 5107 2941 5159 καὶ
2970 5104 3274 5173 στοχασμοῦ
3324 5104 3420 5174 τὴν
3461 5102 3730 5156 ἀπόϐασιν
3762 5103 3926 5171 ἔργον
3956 5122 4046 5171 γι-

2478 5206 2780 5272 νώσκομεν.
2813 5201 2875 5251 Et
2906 5198 3004 5267 μὲν
3030 5197 3138 5266 γάρ
3167 5213 3218 5247 τι
3246 5195 3340 5248 τοῦ
3365 5194 3706 5263 ἀνθρωπίνου
3737 5194 3853 5262 βίου
3884 5196 4048 5249 ἀλλό-

2482 5312 2632 5365 τριον
2684 5292 3103 5362 προεκήρυττον,
3134 5282 3253 5338 εἶτα
3298 5286 3359 5337 τὸ
3404 5285 3553 5351 ξένον
3599 5285 3779 5355 ἐξέϐη,
3810 5286 3873 5338 οὐ
3902 5287 4050 5354 λέγω

2480 5386 2736 5447 πολλάκις
2765 5381 2877 5435 ἀλλ’
2908 5378 3073 5443 ἅπαξ,
3101 5377 3398 5448 θαυμάζειν
3424 5374 3569 5439 είκδς
3595 5371 3661 5445 ἦν
3681 5391 3695 5405 ⁸
3726 5379 3773 5429 εί
3802 5378 3861 5430 δέ
3895 5396 3958 5446 γε
3978 5379 4051 5431 τά

785 4967 931 5017 pensr
981 4991 995 5015 ,

786 5046 941 5095 tinem
965 5052 1147 5109 postea
1173 5034 1652 5105 deprehendimus,
1678 5027 1893 5097 qualem
1921 5040 2364 5093 speraveramus:

783 5150 957 5203 neque
979 5145 1155 5187 tamen
1189 5139 1476 5199 propterea
1503 5140 1602 5178 nos
1628 5126 1679 5175 in
1714 5123 2094 5187 prophetarum
2125 5118 2365 5171 ordinem

786 5227 1092 5287 referimus,
1164 5223 1256 5276 sed
1306 5234 1467 5271 casus
1519 5230 1643 5269 esse
1699 5214 1840 5265 hunc
1883 5220 2159 5273 eventum,
2205 5220 2363 5276 atque

782 5317 1107 5381 conjeclurm
1156 5312 1519 5381 agnoscimus.
1558 5307 1851 5360 Enimvero
1882 5304 1925 5355 si
1962 5302 2087 5369 quid
2129 5300 2361 5352 alienqu

783 5411 849 5461 ab
890 5408 1124 5460 humana
1174 5406 1280 5455 vita
1325 5401 1713 5470 prmdicerenl,
1758 5411 1820 5447 ac
1865 5393 2053 5446 deinde
2102 5390 2369 5443 insolitum

2061 5527 2295 5581 VARIIE
2340 5523 2745 5581 LECTIONES.

1434 5659 1476 5685 "’
1510 5649 1673 5719 πρὸς]
1701 5650 1776 5710 ὡς
1806 5650 1868 5701 Λ,
1941 5644 1984 5675 ⁸⁸
2006 5643 2439 5719 ύτονενεμῆσθαι
2474 5660 2535 5719 ςἶ
2609 5640 2654 5719 ’ξ
2684 5638 2983 5719 ύπουράνξα
3014 5634 3267 5719 δινξιοιιυδ
3289 5651 3303 5688 :
3325 5633 3687 5703 ύπερουράνια
3714 5650 3772 5695 ς.
3800 5700 3830 5719 ι’
3850 5632 3894 5661 ’⁸
3919 5632 4053 5701 περὶ

854 5663 899 5694 ⁸⁵
919 5662 1016 5729 τὴν
1044 5674 1149 5711 Otn.
1178 5674 1259 5725 pr.
1292 5659 1353 5708 Λ.
1434 5659 1476 5685 ⁸⁷
1510 5659 1673 5719 πρόςΙ
1701 5659 1776 5710 ὼς
1806 5659 1868 5701 Λ,
1941 5659 1984 5675 "’
2006 5659 2439 5712 υπονενεμησυαι
2474 5660 2535 5705 ς.
2609 5659 2653 5669 "
2684 5659 2983 5705 υπουρανια
3015 5659 3067 5685 οι
3090 5659 3267 5687 annuus
3289 5659 3303 5688 :
3325 5659 3687 5703 υπερῡυρανια
3714 5659 3772 5695 ς.
3854 5659 3885 5661 π
3919 5659 4050 5701 πιρι

862 5746 909 5781 in
946 5731 1203 5781 dua-:vﬂi:
1270 5728 1389 5779 add.
1424 5730 1486 5779 Λ.
1565 5725 1607 5753 ³⁸
1646 5724 1808 5788 ιθήσει
1846 5721 1907 5769 Λ.
1987 5717 2029 5745 ⁹¹
2067 5712 2110 5764 0'
2136 5715 2229 5769 καὶ
2267 5722 2317 5785 μ’
2353 5714 2394 5766 Λ
2432 5729 2445 5762 :
2482 5711 2535 5780 μ’
2571 5710 2664 5762 καὶ
2698 5709 2739 5759 0'
2770 5725 2828 5769 ς.
2905 5706 2951 5737 ⁸³
2989 5703 3153 5755 πολλά
3207 5706 3306 5773 μὲν
3331 5706 3458 5774 ίγάρ
3518 5721 3579 5767 ς’.
3656 5704 3697 5734 ’⁸
3730 5700 3913 5753 λαϐεῖν
3964 5723 4050 5771 ιιι.

786 5746 909 5784 τηειρ
946 5728 1203 5781 ἀνατοῖῐς
1270 5728 1389 5779 add.
1424 5730 1486 5779 Λ.

796 5808 839 5859 Α
876 5822 888 5857 :
925 5800 1218 5857 ἀπολαϐεῖν
1251 5816 1308 5863 ς.
