4208 6448
185 405 297 471 873

1211 394 1727 455 ΠῐῐΗᾸΟΤΙΙΕΟΛ.
1753 415 1821 427 --
1859 390 2019 450 COD.
2080 390 2396 454 CCXXIII.

3308 392 3411 458 874

185 519 452 585 φιλουντα
502 512 817 582 συμϐαίνειν
858 508 1070 562 δοκοῦσι
1109 509 1413 577 προλέγειν,
1442 506 1493 558 τί
1530 507 1743 572 θαυμα·
1778 504 1821 559 Δ

1778 504 1821 559 Α
1851 500 2002 567 illud,
2036 518 2139 556 non
2169 504 2289 557 dico
2326 504 2538 573 sacpius,
2561 505 2653 559 sed
2685 505 2851 560 semel
2882 506 3169 561 admodum
3206 512 3358 561 eveni
3390 537 3412 550 -

184 608 314 658 στὸν
346 605 395 657 εί
422 605 815 672 τυγχάνουσινς
850 602 923 651 Οὐ
962 602 1068 665 γὰρ
1095 598 1206 651 ἔστι
1238 598 1430 668 ῥᾳδίως
1460 597 1750 663 ἀποτυχεῖν

184 699 245 747 ἐν
294 695 487 764 πλήθει
533 694 791 760 βάλλοντα
823 694 945 751 τοὺς
992 690 1179 754 λόγους
1202 705 1214 718 ·
1260 686 1569 755 θαυμαστὸν
1600 686 1656 737 δὲ
1685 680 1753 753 ἦν

191 787 394 854 μᾶλλον
416 827 432 848 ,
473 786 523 836 ει
561 783 647 837 διά
680 782 876 843 παντὸς
906 780 1296 848 ἀπετύγχανον.
1330 779 1392 830 Ei
1421 778 1476 829 δὲ
1506 777 1599 827 καὶ
1642 774 1756 827 δαί-

191 896 361 945 μονας
392 877 575 946 ἔχουσι
614 874 931 942 συνεργοὺς,
964 871 1151 939 ὥσπερ
1175 866 1268 922 οὖν
1292 870 1502 937 ἔχουσιν
1531 869 1757 936 ἐπικρα-

189 967 448 1026 τύνοντας
492 964 670 1016 αὐτῶν
715 961 811 1030 τὴν
850 958 973 1031 [563
1002 957 1096 1029 [1.]
1124 958 1459 1027 πρόρρησιν,
1487 954 1660 1007 οὐκέτ’
1693 954 1758 1006 ἀν

191 1062 240 1110 εἰ
267 1056 680 1124 ἐπιτυγχάνοιεν
706 1054 1069 1123 ἀπορήσαιμι,
1098 1048 1232 1101 ἁλλά
1262 1048 1440 1118 πολλῷ
1477 1046 1676 1115 μᾶλλον
1711 1048 1760 1098 εἰ

194 1152 272 1221 μὴ
302 1148 729 1217 ἐπιτυγχάνοιεν.
751 1142 1073 1213 Συνεργοῦσι
1101 1143 1157 1195 δὲ
1184 1140 1387 1203 τούτοις
1417 1142 1464 1191 oi
1490 1138 1759 1208 δαίμονες,

193 1244 399 1304 εἰδότες
432 1240 530 1309 μὲν
559 1240 625 1292 τά
654 1237 805 1306 παρά
845 1239 957 1298 τοῖς
999 1234 1346 1303 ἀστρολόγοις
1384 1230 1761 1301 γεγραμμένα,

194 1332 537 1403 πληροῦσθαι
567 1331 621 1381 δὲ
650 1328 819 1381 ταῦτα
850 1327 1033 1393 ἀγῶνα
1064 1326 1241 1379 πάντα
1282 1323 1761 1390 καταϐαλλόμενοι,

197 1429 287 1479 ἵνα
314 1427 413 1495 τὴν
438 1425 537 1492 τῆς
570 1421 907 1490 εἱμαρμένης
940 1418 1144 1485 πλάνην
1186 1419 1297 1479 τοῖς
1324 1414 1662 1484 πειθομένοις
1684 1415 1767 1465 ὲν-

195 1518 461 1587 τὴξαντες
496 1513 590 1565 τοῦ
621 1513 776 1564 Θείου
824 1510 1210 1579 κατολιγωρεῖν
1240 1507 1592 1561 ἀναπείσωσι.
1626 1507 1767 1574 Προ-

194 1612 349 1676 λέγει
392 1608 450 1658 δὲ
491 1607 557 1657 τά
605 1604 781 1673 βιϐλία
832 1600 1059 1653 πλοῦτον
1088 1600 1181 1652 καὶ
1205 1599 1393 1652 πενίαν
1427 1598 1523 1650 καλ⁸
1564 1599 1664 1650 ὅσα
1712 1596 1769 1647 ὲν

198 1702 322 1769 βίῳ.
343 1699 463 1750 Ἐπὶ
492 1697 548 1748 δὲ
582 1694 754 1746 ταῦτα
777 1694 898 1753 τοὺς
926 1691 1180 1759 δαίμονας
1210 1692 1488 1757 συνεργεῖν
1516 1689 1576 1739 οὐ
1610 1688 1768 1757 χαλε-

197 1792 303 1843 πόν
325 1806 339 1819 °
377 1788 472 1840 καὶ
511 1787 618 1855 γὰρ
659 1785 753 1837 καὶ
784 1786 942 1852 ἡμεῖς
983 1782 1244 1850 ἀλλήλους
1274 1780 1442 1834 πολλά
1468 1778 1671 1832 τούτων
1704 1778 1769 1830 ἂν

1851 607 1958 661 set,
2003 598 2196 650 merito
2246 596 2501 650 admirari
2554 596 2765 650 licebat.
2806 598 2875 650 At
2909 611 3031 650 cum
3063 613 3127 653 ea
3163 615 3281 670 qua‘.
3306 603 3414 672 ple-

1854 703 2079 756 rumque
2118 687 2363 742 accidere
2405 684 2579 740 solent
2608 689 2898 755 prmdicere
2935 689 3253 755 videantur,
3285 694 3412 760 quid

1856 780 2052 832 mirum
2111 778 2155 832 si
2184 789 2328 833 recte
2350 778 2680 844 eonjiciant?
2708 793 2810 832 non
2840 780 2983 834 enim
3018 781 3173 836 facile
3203 793 3283 836 est
3306 793 3412 837 tam

1859 870 2024 923 multa
2058 870 2322 923 dicentem
2362 872 2632 923 aberrare.
2661 871 2855 939 221a
2896 872 3034 938 Quin
3083 873 3207 926 illud
3240 874 3418 943 potius

1861 962 2163 1016 mirandum
2192 962 2282 1026 sit,
2334 976 2543 1029 semper
2576 962 2621 1015 si
2658 963 2991 1017 aberrarent.
3021 962 3139 1018 Jam
3174 966 3219 1019 si
3260 966 3422 1018 etiam

1862 1055 2130 1108 daemones
2168 1054 2401 1107 habeant
2444 1052 2763 1122 adjutores,
2808 1055 3254 1122 quemadmodum
3293 1070 3427 1111 sane

1864 1145 2081 1207 habent,
2108 1144 2196 1213 qui
2240 1146 2471 1213 ipsorum
2504 1144 2900 1212 praedictionem
2930 1146 3275 1210 confirmant,
3319 1164 3425 1203 non

1864 1235 2094 1303 amplius
2125 1245 2236 1289 tum
2270 1237 2435 1289 mirer
2499 1235 2543 1289 si
2584 1246 2727 1289 recte
2764 1236 3087 1301 coniectem,
3132 1237 3225 1292 sed
3261 1239 3430 1293 multo

1866 1327 2037 1394 magis
2096 1326 2139 1380 si
2186 1342 2289 1380 non
2324 1334 2468 1380 recte
2500 1327 2813 1395 conjiciant.
2850 1328 3119 1395 Adjuvant
3154 1330 3296 1383 enim
3335 1344 3432 1384 eos

1868 1418 2157 1475 daemones.
2187 1418 2238 1470 in
2269 1419 2657 1487 astrologorum
2687 1420 2900 1488 scriptis
2951 1420 3183 1474 maxime
3212 1422 3430 1485 versati,

1868 1508 2015 1560 omni
2052 1508 2117 1561 ad
2149 1508 2263 1561 haec
2308 1510 2628 1578 perlicienda
2665 1510 3010 1564 contentione
3045 1511 3433 1580 adhibita,quo

1872 1598 2149 1663 nimirum,
2183 1598 2273 1653 illo
2307 1598 2374 1653 de
2412 1598 2523 1652 fato
2552 1613 2736 1653 errore
2775 1599 2933 1653 nimis
2967 1600 3199 1655 credulis
3232 1602 3429 1667 infuso,

1873 1698 2233 1756 contemptum
2301 1690 2519 1756 insuper
2577 1689 2669 1743 Dei
2719 1689 2805 1743 his
2864 1690 2998 1758 ipsis
3054 1692 3431 1755 persuadeant.

1876 1779 2179 1833 Praedicunt
2212 1792 2390 1833 autem
2429 1781 2731 1846 huiusmodi
2763 1781 2888 1835 libri
2931 1782 3170 1846 divitias,
3209 1799 3437 1852 pauper-

199 1840 556 1948 βουληθέντες
582 1840 894 1942 διαθείημεν
912 1840 990 1942 ,ῠῆ
1022 1840 1298 1931 πείθοντες
1326 1870 1358 1938 ἢ
1386 1868 1698 1930 ἀπατῶντες
1733 1868 1765 1933 ἢ
1802 1840 1844 1894 Β

1802 1840 1844 1894 Β
1874 1880 2056 1935 tatem,
2079 1883 2133 1925 et
2157 1887 2493 1940 quaecunque
2524 1874 2837 1943 contingere
2864 1874 2916 1927 in
2958 1874 3060 1928 hac
3098 1874 3203 1928 vita
3237 1875 3434 1938 solent,

196 1965 724 2034 καταναγκάζοντες.
777 1963 1204 2033 Κατισχύουσι⁹⁸
1242 1962 1300 2014 δὲ
1349 1958 1769 2031 ἁμαρτανόντων

196 2066 260 2115 τὸ
288 2064 564 2131 δαιμόνιον
599 2060 783 2128 φῦλον,
814 2058 1003 2127 ἄγουσί
1031 2075 1088 2110 τε
1120 2056 1213 2109 καὶ
1247 2056 1467 2125 φέρουσι
1492 2054 1617 2116 τοὺς
1646 2069 1768 2104 πει-

199 2159 464 2225 θομένους
495 2155 617 2205 ὅποι
666 2153 731 2204 ἂν
778 2150 1048 2220 βούλοιντο
1064 2148 1131 2203 ’⁸.
1179 2147 1464 2199 Βούλονται
1490 2145 1545 2197 δὲ
1575 2144 1708 2214 πρὸς
1726 2143 1770 2175 ’⁷

198 2247 297 2309 τὰς
328 2247 439 2298 τῶν
467 2245 808 2316 ἀστρολόγων
836 2243 1049 2302 ἀπάτας
1086 2241 1176 2293 τὴν
1220 2240 1485 2310 ἡμέτερον
1516 2236 1774 2306 ἁρμόζειν

199 2341 339 2408 βίον,
370 2341 459 2392 ἵνα
491 2339 587 2399 τὰς
619 2339 715 2405 μὲν
743 2335 995 2397 ἐκϐάσεις
1019 2333 1253 2402 ὁρῶντες
1279 2336 1389 2394 τοῖς
1428 2329 1773 2400 ἀστρολόγοις

200 2432 551 2501 συμφώνους,
580 2429 707 2492 τοὺς
744 2427 800 2479 δὲ
828 2428 999 2479 ταῦτα
1023 2425 1361 2495 πράττοντας
1402 2422 1476 2493 μὴ
1506 2420 1774 2490 συνορῶν-

197 2540 314 2585 τες,
352 2520 446 2573 τοῦ
475 2538 535 2571 τε
568 2520 765 2588 δρόμου
797 2518 904 2570 τῶν
934 2518 1178 2583 ἀστέρων
1205 2516 1255 2566 oi
1293 2513 1631 2582 ἠπατημένοι
1680 2528 1776 2563 κα-

197 2612 570 2681 ταψεύδοιντο,
604 2612 696 2663 καὶ
728 2611 824 2679 τῆς
855 2607 1131 2669 εὐσεϐείας
1153 2606 1248 2659 καὶ
1272 2605 1617 2674 δικαιοσύνης
1644 2605 1777 2672 ἀμε-

199 2705 466 2771 λήσαντες
499 2706 578 2764 είς
603 2702 695 2755 τὸν
727 2705 824 2771 τῆς
856 2699 1105 2761 ἀσεϐείας
1128 2698 1286 2767 βυθὸν
1307 2697 1651 2772 όλισθὴσωσι.
1670 2699 1775 2749 Καὶ

200 2794 336 2846 αὐτὸ
369 2793 425 2845 δὲ
455 2791 610 2843 τοῦτο
631 2833 645 2855 ,
672 2791 735 2843 τὸ
760 2790 832 2861 μὴ
859 2793 1089 2860 συνορᾷν
1115 2790 1312 2850 αὐτοὺς
1342 2789 1400 2840 τὸ
1430 2788 1592 2855 ῥηθὲν
1640 2788 1778 2839 κατὰ

199 2884 311 2934 τῶν
341 2882 646 2951 ἀνθρώπων
674 2883 772 2951 δρα
782 2880 1163 2951 ματούργημα,
1191 2880 1298 2931 τῶν
1326 2880 1593 2947 δαιμόνων
1618 2878 1777 2947 ἔργον

199 2976 270 3026 ἀν
303 2973 413 3040 εἴη,
440 2972 539 3040 τῆς
566 2972 837 3041 ἁμαρτίας
885 2972 978 3022 καὶ
1028 2970 1280 3032 ἀσεϐείας
1316 2969 1707 3038 συναιρομένης
1733 2969 1777 2998 ’³

202 3066 412 3128 αὖτοῖς,
442 3066 537 3116 καὶ
563 3064 622 3115 τό
664 3080 725 3115 τε
771 3061 948 3115 αὐτῶν
982 3061 1282 3131 μηχάνημα
1314 3061 1548 3111 συνιέναι
1578 3060 1777 3112 διακω-

200 3157 439 3226 λυούσης
488 3157 580 3207 καὶ
624 3155 732 3206 τῶν
779 3153 873 3206 τοῦ
915 3154 1047 3205 Θεοῦ
1104 3153 1385 3221 κριμάτων
1428 3151 1688 3212 ὡσαύτως
1719 3152 1780 3202 τὺ

202 3250 394 3318 βάθος.
427 3247 550 3307 Πῶς
598 3246 708 3316 γάρ
758 3246 1095 3312 ἀποκαλύψει
1140 3245 1202 3296 τὸ
1250 3244 1402 3296 Θεῖον
1449 3245 1481 3313 ἢ
1521 3242 1619 3304 τάς
1671 3243 1777 3293 τῶν

199 3339 476 3407 δαιμόνων
503 3337 720 3406 ἐνέδρας
748 3337 778 3406 ἢ
812 3338 908 3397 τὰς
940 3335 1128 3387 ἑαυτοῦ
1161 3336 1494 3404 οἰκονομίας,
1522 3331 1601 3397 οἷς
1635 3351 1776 3403 παρ-

200 3434 340 3501 ορᾷν
387 3429 551 3481 αὐτοῦ
574 3431 618 3460 ⁸⁸
668 3429 1024 3492 σπουδάζεται
1074 3430 1139 3481 τὰ
1189 3429 1622 3497 προστάγματα;
1671 3427 1779 3478 Καὶ

201 3526 318 3589 γὰρ
363 3522 507 3585 ἇπερ
558 3521 711 3589 ῖσμεν
756 3519 933 3581 ἄδικα,
964 3519 1135 3572 ταῦτα
1184 3520 1529 3588 πράττομεν·
1578 3518 1674 3587 οὐχ
1706 3512 1779 3568 ὧν

201 3614 463 3675 ἐπαίνους
498 3612 677 3680 ἴσμεν,
707 3611 880 3663 ταῦτα
918 3610 1345 3679 μεταδιώκομεν.
1370 3612 1477 3662 Καὶ
1501 3612 1615 3672 πῶς
1638 3611 1779 3679 άπερ

202 3705 512 3773 ἀγνοοῦμεν
548 3704 938 3773 μαθησόμεθα;
991 3701 1271 3772 Ἐπραξας
1301 3703 1335 3755 ἃ
1367 3702 1591 3770 ἔμαθες·
1638 3718 1779 3769 παρ-

204 3800 513 3858 εσκεύασας
567 3796 756 3848 ἑαυτὸν
798 3796 864 3847 δι’
891 3796 1086 3865 ἀρετῆς
1136 3795 1227 3846 τοῦ
1283 3795 1471 3863 μαθεῖν
1506 3795 1668 3846 πλέον
1706 3789 1781 3847 ὧν

204 3891 505 3944 ἐπίστασαι
534 3887 711 3951 ἀξιον·
740 3886 985 3954 θαύμαζε
1017 3888 1065 3937 εί
1094 3886 1168 3955 μὴ
1198 3885 1386 3953 μαθεῖν
1416 3884 1568 3953 ἔσχες
1592 3885 1661 3936 τὰ
1689 3900 1777 3935 τε-

205 3979 474 4047 λεώτερα,
512 3978 574 4029 Ei
606 3976 661 4028 δὲ
689 3976 886 4030 πάθεσι
913 3975 1095 4044 βρύεις
1125 3976 1220 4026 καὶ
1243 3974 1377 4026 Θεοῦ
1404 3975 1779 4043 καταφρονεῖς,

205 4070 331 4131 πῶς
364 4069 584 4137 μαθήσῃ
636 4068 731 4127 τάς
766 4067 1076 4135 οἰκονομίας
1106 4065 1268 4117 αὑτοῦ
1321 4066 1351 4135 ἦ
1395 4068 1492 4134 τὴν
1525 4066 1663 4118 κατά
1687 4064 1779 4117 σοῦ

201 4162 319 4213 τῶν
361 4160 649 4227 δαιμονίων
679 4160 973 4226 ἔπήρειαν;
1011 4155 1131 4226 [701
1173 4155 1267 4228 3.]
1297 4156 1419 4218 Πῶς
1460 4156 1517 4207 δὲ
1550 4158 1611 4207 οὑ
1644 4172 1779 4224 κρα-

203 4254 435 4320 τήσειαν
458 4249 706 4319 δαίμονες
736 4249 971 4318 εὐχερῶς
995 4243 1071 4301 ὧν
1094 4250 1191 4300 οὐκ
1214 4249 1326 4300 ἔστι
1348 4249 1406 4300 τὸ
1432 4248 1583 4301 Θεῖον
1612 4248 1781 4317 ὑπέρ-

209 4361 413 4414 μαχον,
466 4344 601 4411 πρὸς
649 4344 827 4393 ἐκεῖνα
875 4342 1094 4403 τούτους
1139 4339 1538 4409 κατασύροντες
1590 4338 1625 4393 ἃ
1672 4342 1780 4393 τῶν

205 4432 557 4502 ἀστρολόγων
589 4432 645 4484 αἱ
681 4430 854 4499 βίϐλοι
884 4430 1262 4499 προλέγουσιν,
1296 4428 1370 4491 ὡς
1396 4428 1462 4481 ἂν
1492 4429 1553 4480 τὸ
1580 4430 1676 4497 τῆς
1702 4431 1779 4481 εί-

1872 1963 1937 2016 ad
1973 1979 2091 2033 quze
2118 1979 2246 2017 sane
2266 1964 2536 2017 daemones
2572 1979 2723 2017 suam
2749 1979 2903 2031 opem
2938 1966 3131 2019 afferre
3160 1980 3265 2019 neu
3300 1966 3441 2020 diffi-

1871 2054 2042 2109 culter
2074 2064 2315 2123 possunt.
2353 2054 2560 2110 Etenim
2583 2060 2743 2110 etiam
2772 2072 2868 2112 nos
2899 2058 3090 2112 borum
3131 2074 3239 2113 non
3271 2074 3438 2129 pauca

1874 2148 1925 2201 in
1977 2149 2131 2209 alios.
2184 2150 2227 2202 si
2255 2149 2412 2203 modo
2455 2150 2721 2212 velimus,
2762 2151 2845 2205 vel
2893 2152 3303 2221 persuadendo,
3354 2154 3441 2207 vel

1879 2240 2219 2309 decipienda,
2244 2240 2326 2295 vel
2355 2240 2462 2294 vim
2493 2240 2814 2303 adhibendo,
2847 2241 3206 2296 conferamus.
3226 2240 3289 2297 Et
3312 2259 3440 2299 vero

1877 2340 2189 2396 peccatores
2238 2330 2289 2382 in
2317 2345 2410 2385 sua
2444 2339 2588 2383 tenet
2636 2340 2903 2397 potestate
2928 2331 3226 2385 dremonum
3260 2335 3437 2396 turba,

1876 2422 2341 2491 obsequentesque
2394 2422 2540 2475 ducit
2582 2431 2743 2490 atque
2782 2423 2892 2492 agit
2939 2438 3047 2493 quo
3083 2424 3215 2479 vult.
3261 2426 3443 2480 Velini.

1877 2523 2059 2568 autem
2104 2517 2169 2568 ad
2204 2516 2598 2586 astrologorum
2642 2517 2881 2571 fallacias
2911 2528 3157 2572 nostram
3191 2521 3442 2589 componi

1879 2606 2043 2660 vitam
2079 2624 2092 2663 :
2130 2617 2185 2660 ut
2208 2618 2432 2663 eventus
2459 2608 2676 2676 quidem
2736 2626 2857 2664 cum
2889 2612 3282 2680 astrologorum
3314 2628 3445 2681 prte-

1878 2699 2206 2752 dictionibus
2237 2701 2547 2755 consentire
2574 2702 3085 2765 auimadvertentes,
3133 2708 3225 2758 sed
3256 2719 3441 2759 eorum

1879 2799 2128 2843 auctores
2152 2804 2255 2843 non
2280 2790 2651 2854 observantes,
2676 2808 2780 2845 non
2803 2793 2975 2847 solum
2999 2804 3265 2850 astrorum
3281 2811 3443 2850 cursu

1878 2881 2083 2949 decepti
2132 2881 2401 2946 fallamur,
2441 2899 2627 2938 verum
2660 2886 2844 2949 etiam,
2874 2886 3090 2955 pietatis
3126 2903 3185 2943 ac
3220 2888 3445 2955 Iustitiae

1880 2970 2021 3023 utilia
2053 2972 2236 3026 habita
2286 2973 2514 3040 ratione,
2542 2975 2594 3028 in
2628 2976 2919 3044 impietatis
2960 2980 3215 3048 abyssum
3241 2980 3446 3034 incida-

1880 3073 2021 3115 mus.
2051 3060 2115 3113 Et
2153 3061 2254 3115 hoc
2282 3062 2495 3130 quidem
2524 3064 2720 3132 ipsum,
2748 3066 2890 3134 quod
2921 3068 3089 3133 illam,
3115 3086 3278 3139 quam
3311 3072 3447 3128 dixi-

1882 3166 2022 3213 mus,
2054 3154 2404 3221 compositam
2428 3155 2687 3211 adversus
2718 3157 2961 3213 homines
2990 3161 3442 3218 machinationem

1882 3241 1934 3294 lii
1965 3257 2067 3295 non
2090 3243 2543 3309 animadvertant,
2564 3246 2865 3301 daemonum
2893 3249 3079 3319 utique
3106 3266 3241 3320 Opus
3262 3252 3445 3321 fuerit,

1882 3340 2106 3397 peccato
2152 3331 2312 3386 simul
2378 3344 2537 3403 atque
2589 3336 2859 3403 impietate
2920 3340 3124 3406 ascitis,
3187 3358 3283 3411 per
3325 3359 3446 3412 qua:

1882 3419 2269 3488 prohibeantur
2293 3421 2523 3495 [miseri]
2556 3435 2607 3478 et
2635 3426 2825 3480 horum
2855 3429 3203 3493 molitionem,
3232 3441 3286 3486 et
3315 3435 3446 3486 divi-

1884 3528 2071 3566 norum
2104 3514 2353 3567 similiter
2374 3516 2694 3583 judiciorum
2732 3519 3148 3586 profunditatem
3176 3522 3442 3592 intellige-

1883 3617 1961 3655 re.
2017 3602 2294 3667 Quomodo
2343 3604 2486 3656 enim
2538 3603 2679 3659 Deus
2712 3617 2804 3659 aut
2842 3608 3144 3662 daemonum
3198 3611 3441 3673 insidias,

1884 3702 1974 3745 aut
2001 3708 2111 3747 sum
2139 3695 2485 3762 providentiae
2518 3698 2772 3767 mysteria
2807 3700 3119 3755 manifestet
3162 3703 3225 3755 iis
3251 3705 3442 3771 quibus

1882 3785 2060 3838 studio
2110 3795 2194 3839 est
2246 3785 2361 3853 ejus
2403 3789 2678 3857 despicere
2717 3802 2979 3860 praecepta
3011 3792 3036 3845 ῖ
3066 3792 3273 3847 Etenim
3324 3812 3441 3862 qua;

1884 3877 2061 3945 iniqua
2098 3892 2217 3932 esse
2264 3881 2481 3943 scimus,
2510 3892 2879 3950 perpetramus
2915 3904 2930 3938 :
2960 3900 3131 3954 neque
3175 3898 3347 3940 tamen
3379 3903 3440 3941 ea

1882 3978 2274 4035 consectamur,
2330 3987 2447 4039 quae
2505 3972 2769 4026 laudanda
2816 3976 3101 4037 novimus;
3159 3988 3213 4030 et
3266 3978 3441 4032 adhuc

1882 4074 2163 4127 speramus
2197 4077 2295 4116 uos
2347 4065 2523 4131 ignota
2552 4077 2899 4132 percepturos
2926 4067 2951 4119 ?
2997 4066 3098 4121 Ubi
3130 4082 3191 4121 ea
3225 4070 3438 4135 feceris,

1882 4168 2001 4221 qme
2042 4154 2293 4219 didicisti,
2345 4165 2504 4224 atque
2526 4170 2622 4224 per
2658 4159 2908 4212 virtutem
2959 4159 3189 4228 teipsum
3221 4162 3439 4231 dignum

1884 4242 2203 4309 reddideris,
2232 4245 2297 4298 ad
2328 4246 2477 4313 plura
2514 4254 2708 4315 praeter
2734 4264 2797 4302 ea
2827 4264 2945 4317 quae
2967 4261 3092 4304 ante
3122 4255 3442 4322 cognoveris

1882 4335 2247 4403 percipienda,
2272 4345 2380 4389 tum
2398 4339 2613 4391 demum
2644 4340 2875 4405 mireris,
2895 4342 2938 4393 si
2968 4356 3089 4409 quae
3121 4343 3440 4410 perfeCtiora

1882 4434 2028 4489 sunt,
2060 4423 2271 4477 discere
2304 4426 2639 4493 nequiveris.
2670 4429 2738 4480 At
2764 4429 2996 4495 quandiu
3027 4434 3440 4497 perturbationi-

210 4524 504 4595 μαρμένης
563 4525 620 4573 ἐν
666 4524 849 4585 αὐτοῖς
895 4520 1290 4591 βεϐαιώσαντες
1340 4521 1566 4587 πλάσμα
1618 4520 1777 4571 πλέον
1810 4532 1853 4587 ι)

1810 4532 1853 4587 ο
1883 4512 1981 4565 bus
2023 4512 2251 4567 refertus
2294 4528 2373 4579 es,
2421 4514 2697 4583 Deumque
2738 4520 3058 4585 contemnis,
3089 4524 3354 4589 quomodo
3383 4534 3439 4578 tu

204 4616 348 4669 Θεοῦ
395 4614 877 4682 ἀποστατήσωσιν;
919 4612 980 4664 Et
1035 4612 1215 4681 μέντοι
1264 4627 1327 4677 γε
1368 4611 1497 4679 ὅσην
1541 4612 1670 4681 περὶ
1711 4612 1778 4663 τὰ

204 4706 361 4760 κακά
392 4706 624 4775 σπουδὴν
660 4706 899 4773 εἴχομεν,
929 4704 1196 4771 τοσαύτην
1236 4702 1361 4771 περὶ
1397 4704 1464 4753 τὰ
1496 4702 1653 4761 καλὰ,
1678 4703 1776 4753 οὐκ

203 4800 275 4851 ἂν
310 4798 653 4866 ἡγνοήσαμεν
684 4798 804 4847 ὅσον
836 4795 939 4846 ὑπὸ
968 4793 1098 4845 Θεοῦ
1128 4792 1489 4861 τετιμήμεθα,
1519 4794 1625 4844 οὐδ’
1656 4794 1777 4845 ὅσον

206 4890 357 4942 κατά
381 4886 649 4955 δαιμόνων
687 4886 959 4953 ῖσχύομεν.
989 4883 1269 4951 Πανταχοῦ
1305 4883 1438 4951 μὲνί
1479 4882 1586 4951 γάρ
1625 4883 1777 4943 Θεὸς,

207 4981 425 5048 ἐγγίζει
464 4979 520 5030 δὲ
568 4978 767 5047 μᾶλλον
801 4980 910 5039 τοῖς
944 4976 1008 5028 δι’
1038 4978 1213 5043 ἔργων
1254 4975 1537 5041 ἀγαπῶσιν
1581 4975 1741 5026 αὐτόν
1763 4992 1774 5003 ·

206 5077 348 5134 ὅπου
377 5070 434 5120 δὲ
464 5069 615 5130 Θεὸς,
644 5069 726 5130 τίς
754 5070 780 5120 ό
805 5068 1078 5119 λανθάνων
1107 5066 1203 5135 τὴν
1228 5066 1515 5133 ἐπιϐουλὴν
1541 5066 1572 5134 ἢ
1605 5069 1631 5116 ό
1660 5067 1778 5115 ἐπι-

207 5160 489 5216 ϐουλεύων
522 5161 692 5225 ὄλως;
737 5158 923 5211 Ταῦτα
951 5157 1217 5209 διαλαϐὼν
1242 5158 1309 5209 τά
1342 5156 1462 5225 ἱερά
1491 5157 1645 5224 λόγια
1676 5157 1779 5208 πά-

206 5257 296 5306 λιν
351 5251 492 5304 κατά
534 5250 633 5317 τῆς
679 5249 1018 5317 εἱμαρμένης
1066 5247 1296 5309 ὁπλίζει,
1330 5247 1608 5315 παραινῶν
1659 5247 1781 5306 τοὺς

207 5341 538 5410 ἀνθρώπους
566 5335 1000 5390 ἀπαλλάττεσθαι
1028 5336 1125 5403 τῆς
1154 5336 1406 5404 τοιαύτης
1437 5336 1660 5403 πλάνης.
1686 5334 1781 5385 Διά

209 5434 269 5485 δὲ
324 5430 420 5483 τοῦ
468 5428 645 5495 λέγειν
692 5430 770 5489 εἰς
824 5429 1022 5497 σημεῖα
1062 5426 1153 5478 καὶ
1188 5427 1268 5489 είς
1298 5430 1519 5496 καιροὺς
1562 5426 1655 5478 καὶ
1701 5426 1781 5486 εἰς

1885 4612 1977 4656 aut
2003 4604 2119 4672 ejus
2153 4605 2497 4673 providentiae
2528 4608 2778 4677 mysteria
2810 4610 3003 4673 disces,
3045 4612 3126 4665 vel
3173 4624 3359 4667 contra
3388 4625 3440 4669 te

1880 4696 2175 4747 daemonum
2205 4697 2499 4769 impetum?
2527 4695 2591 4749 Et
2612 4700 2875 4765 quomodo
2896 4716 2998 4752 non
3042 4701 3197 4756 facile
3226 4705 3442 4758 vincant

1880 4780 2148 4837 dgemooes
2177 4799 2269 4837 eos
2298 4786 2489 4852 quibus
2522 4799 2627 4837 non
2654 4796 2735 4839 est
2758 4784 2899 4839 Deus
2930 4801 3293 4856 propugnator
3320 4790 3342 4842 ?
3371 4793 3437 4843 ad

1882 4878 1969 4931 illa
2019 4877 2269 4931 nimirum
2308 4878 2405 4929 bos
2458 4878 2830 4941 attrahentes,
2879 4892 2997 4944 qua:
3043 4878 3435 4949 astrologorum

1882 4969 2003 5022 libri
2044 4968 2335 5034 praedicunt
2367 4983 2381 5021 :
2408 4976 2465 5018 ut
2487 4966 2577 5018 fati
2605 4967 2654 5017 in
2684 4967 2761 5019 eis
2791 4966 3039 5033 figmento
3067 4969 3438 5033 corroborata,

1883 5060 2111 5128 amplius
2154 5059 2313 5111 etiam
2349 5072 2376 5109 τι
2412 5056 2521 5110 Deo
2543 5057 2813 5111 deficiant.
2862 5059 3045 5125 Atqui,
3074 5060 3117 5112 si
3146 5070 3347 5127 quanto
3372 5064 3438 5115 ad

1884 5151 2082 5203 tnalum
2118 5150 2294 5203 Studio
2315 5149 2711 5213 contendimus,
2745 5156 2891 5201 tanto
2924 5151 3047 5202 item
3079 5149 3144 5201 ad
3186 5151 3435 5205 honesta-

1888 5254 1992 5295 tem
2025 5244 2471 5305 incumberemus,
2503 5255 2604 5294 non
2655 5241 3022 5309 ignoraremus
3056 5241 3249 5309 221b
3274 5258 3433 5311 quam

1890 5333 1997 5386 Deo
2030 5334 2175 5385 ehari
2194 5333 2383 5396 simus,
2413 5346 2583 5399 neque
2608 5342 2863 5399 quantum
2898 5332 3089 5384 virium
3114 5344 3295 5385 contra
3332 5334 3437 5386 du:-

1888 5440 2098 5479 mouem
2136 5426 2447 5478 habeamus.
2490 5423 2599 5477 Etsi
2651 5424 2793 5477 enim
2827 5422 3021 5492 ubique
3052 5424 3211 5487 Deus,
3250 5425 3317 5477 ad
3346 5440 3438 5478 eos

1492 5581 1719 5637 VARle
1751 5584 2151 5641 LECTIONES.

277 5701 327 5731 "
362 5702 709 5771 κατισχύουσι
747 5701 1109 5771 apograpltum
1142 5698 1395 5771 Stephani
1430 5718 1443 5752 :
1480 5700 1864 5767 κατισχύσουσι
1912 5721 1964 5766 ς.

553 5774 599 5847 ῖο
624 5771 790 5825 αὑτοῦ
831 5788 890 5833 ς.
966 5771 979 5799 ¹
1017 5770 1115 5839 μὲν
1142 5782 1197 5823 et
1232 5769 1368 5823 infra
1399 5773 1476 5833 εἰς
1502 5771 1622 5824 add.
1656 5775 1717 5824 Λ.

625 5864 893 5923 l‘nnoL.
925 5864 1037 5922 Gn.
1082 5862 1242 5923 Clll.

220 5777 391 5843 μένης
416 5792 473 5838 ς.

2050 5703 2093 5735 ⁵⁸
2132 5701 2399 5772 βούλοιντο
2435 5721 2489 5765 τ.
2566 5703 2606 5733 ’⁷
2648 5701 2797 5772 πρδς]
2826 5700 2899 5763 ὡς
2944 5703 3005 5752 Δ.
3083 5698 3129 5731 ⁸⁸
3160 5713 3432 5763 συναιρού-

2965 5853 3041 5914 28
