4208 6448
751 369 854 431 875

1890 362 2150 423 ΡΙΙΟΤΙΙ
2190 360 2459 419 PATRIA
2472 359 2690 417 RCIIE
2724 360 2831 417 Cl‘.

3876 361 3987 425 876

746 496 921 536 tamen
947 476 1165 549 propius
1189 473 1414 534 accedit,
1441 473 1527 540 qui
1553 486 1646 541 per
1666 483 1827 538 opera
1855 471 2025 538 ipsum
2052 470 2299 537 diligunt.
2334 476 2375 526 Α
2407 466 2429 515 ὲ

2411 466 2686 527 ἐνιαυτοὺς
2713 465 2962 532 γενέσθαι
2992 466 3138 534 παρὰ
3166 468 3303 520 Θεοῦ
3333 468 3422 520 τὸν
3449 470 3601 537 ἥλιον
3628 471 3721 521 καὶ
3764 472 3862 539 τὴν
3890 488 3986 523 σεο

747 573 843 626 Uhi
895 581 1071 624 autem
1102 567 1241 620 Deus
1263 574 1365 628 est,
1413 578 1655 631 quamam
1686 562 1794 615 illic
1843 561 2045 613 insidia:
2081 560 2300 621 lateant,

745 676 836 717 aut
887 661 1008 730 quis
1040 658 1263 713 omnino
1290 655 1428 707 adsit
1458 653 1736 707 insidiator
1764 652 1785 703 ?
1833 650 1961 715 Qum
2004 650 2095 705 ubi
2130 649 2304 701 disse-

744 756 873 815 ruit,
900 751 1093 804 divinis
1126 762 1337 801 rursum
1355 744 1597 812 Eloquiis
1618 744 1875 796 adversus
1908 741 2071 793 fatum
2106 741 2307 792 instru-

2411 558 2576 626 λήνην
2624 559 2719 609 καὶ
2761 560 2883 619 τοὺς
2926 560 3183 627 ἀστέρας,
3215 560 3283 611 τὰ
3330 562 3423 612 ἐπὶ
3466 562 3642 630 Ἰησοῦ
3688 564 3780 613 τοῦ
3829 564 3989 632 Ναυῆ

2413 651 2752 717 γεγενημένα
2785 650 3071 719 δηλοῦσθαί
3104 668 3234 718 φησι
3268 652 3360 702 καὶ
3390 653 3457 704 τὰ
3487 654 3580 704 ἐπὶ
3621 655 3860 716 Ἐζεκίου
3890 654 3987 707 τοῦ

2416 740 2679 807 βασιλέως
2720 744 2811 793 καὶ
2850 743 2916 793 τὰ
2959 742 3051 793 ἐπὶ
3089 742 3181 793 τοῦ
3219 742 3538 795 δεσποτικοῦ
3579 744 3807 805 πάθους.

743 857 880 907 etus,
912 842 1154 896 homines
1179 837 1518 897 adhortatur,
1550 845 1606 889 ut
1636 849 1691 889 se
1722 835 1809 887 illo
1833 848 2017 888 errore
2046 833 2298 887 liberent.
2341 834 2494 899 Quod
2522 845 2697 887 autem
2733 835 2787 887 in
2820 835 2972 901 signa
3012 842 3067 887 et
3100 842 3342 900 tempora
3369 846 3395 872 ι
3434 844 3487 887 et
3551 849 3721 887 annos
3787 834 3988 887 factum

743 951 863 990 esse
889 952 915 988 a
944 936 1053 988 Deo
1078 932 1245 987 solem
1281 944 1405 983 cum
1438 928 1565 980 luna
1596 936 1647 979 et
1678 925 1847 981 stellis
1880 926 2099 991 dicitur,
2131 927 2215 999 his
2250 940 2309 979 ea
2352 928 2646 994 signiﬁcari
2682 927 2809 989 vult,
2842 940 2961 995 quae.
2992 925 3020 964 δ
3065 926 3166 979 sub
3189 923 3316 979 Jesu
3346 924 3455 978 ﬁlio
3480 923 3626 979 Nave
3685 934 3739 979 et
3768 936 3789 963 ε
3858 926 3992 979 Eze-

744 1028 863 1081 chia
915 1039 1059 1091 rege,
1108 1023 1344 1088 itemque
1386 1019 1438 1072 in
1466 1020 1491 1058 ά
1540 1018 1739 1073 Christi
1775 1020 2026 1087 passione
2068 1021 2429 1089 contigerunt.

818 1119 910 1174 llis
943 1119 1103 1187 igitur
1138 1117 1586 1185 quinquagesimo
1616 1116 1791 1182 capite
1824 1115 2187 1183 pertractatis,
2242 1116 2303 1168 51

743 1212 808 1267 ad
830 1212 1080 1277 deinceps
1112 1207 1326 1271 transit,
1352 1221 1457 1275 quo
1482 1221 1509 1258 a
1536 1206 1828 1259 Bardisaue
1858 1215 2005 1258 ortos
2033 1205 2314 1259 haereticos

745 1303 1045 1371 redarguit,
1090 1299 1229 1369 quod
1269 1314 1388 1352 cum
1420 1297 1771 1367 proﬁteantur
1800 1311 1858 1351 se
1895 1297 2183 1365 prophetas
2215 1296 2313 1348 ad-

745 1397 976 1459 mittere,
1008 1393 1216 1444 auimas
1238 1390 1452 1459 quidem
1487 1403 1517 1443 a
1545 1388 1723 1458 genesi
1754 1388 1952 1443 liberas
1982 1398 2035 1443 et
2065 1389 2147 1442 sui
2176 1388 2313 1457 juris

745 1485 1126 1544 conﬁteantur,
1172 1480 1265 1534 sed
1309 1494 1503 1547 corpus
1531 1478 1889 1532 nihilominus
1926 1478 2085 1545 hujus
2117 1479 2312 1545 guber-

2504 1117 2665 1168 Ἀλλά
2694 1133 2913 1169 τοιαυτα
2944 1117 3043 1184 μὲν
3074 1114 3172 1168 καὶ
3201 1114 3341 1166 κατά
3371 1114 3430 1166 τὸ
3454 1120 3495 1164 ν’
3523 1114 3817 1167 κεφάλαιον
3852 1116 3993 1167 διελ-

2422 1208 2528 1261 Οὼν
2560 1210 2799 1277 μέτεισιν
2829 1209 2920 1259 ἐπὶ
2970 1209 3028 1259 τὸ
3056 1215 3103 1259 α’
3157 1208 3252 1259 καὶ
3286 1206 3351 1268 ν’,
3390 1205 3515 1275 [564
3544 1207 3642 1276 11.1
3672 1206 3730 1258 ὲν
3762 1201 3807 1273 ᾧ
3859 1212 3989 1270 τοὺς

2422 1301 2530 1353 ἀπὸ
2560 1301 2922 1369 Βαρδισάνους
2952 1300 3265 1369 αἱρετικοῦς
3289 1298 3575 1366 διελέγχει,
3611 1298 3861 1366 δέχεσθαι
3893 1299 3993 1367 μὲν

2422 1409 2721 1461 προσποιοῦ
2732 1394 2923 1462 μένους
2947 1393 3071 1454 τοὺς
3095 1391 3403 1461 προφήτας,
3434 1391 3529 1444 καλ⁵
3558 1394 3655 1453 τὰς
3692 1392 3791 1459 μὲν
3812 1393 3993 1461 ψυχάς

2422 1484 2691 1551 γενέσεως
2722 1483 3014 1552 ἐλευθέρας
3036 1483 3129 1534 καὶ
3159 1481 3537 1548 αὑτεξουσίους
3568 1482 3993 1551 ὁμολογοῦντας,

749 1575 958 1631 nationi
993 1572 1302 1641 subjiciant.
1338 1570 1473 1623 Nam
1501 1570 1739 1632 divitias,
1762 1578 2322 1637 paupertatem,mor-
2418 1594 2429 1623 π

2418 1576 2476 1627 τὸ
2503 1577 2661 1641 σῶμα
2679 1576 2734 1627 δὲ
2762 1578 2828 1645 τῇ
2850 1575 3055 1645 ταύτης
3078 1575 3476 1636 ὑποτάττοντας
3500 1575 3763 1643 διοικήσει
3781 1590 3795 1605 ο
3825 1576 3995 1627 πλοῦ-

752 1672 898 1731 bum,
942 1666 1252 1729 sanitatem,
1303 1664 1487 1726 vitam,
1544 1672 1777 1715 mortem
1825 1669 1881 1713 et
1910 1672 2245 1727 quacunque
2269 1660 2321 1712 in
2417 1681 2429 1709 ε

2417 1680 2507 1715 τον
2541 1665 2650 1733 γὰρ
2672 1664 2765 1715 καὶ
2796 1664 3007 1725 πενίαν,
3045 1664 3138 1715 καὶ
3161 1664 3315 1716 νόσον
3337 1664 3431 1716 καὶ
3460 1664 3691 1732 ὑγίειαν,
3717 1666 3812 1717 καὶ
3838 1666 3985 1733 ζωὴν

754 1772 937 1816 nostra
961 1774 1068 1812 non
1101 1765 1225 1811 sunt
1250 1764 1544 1824 potestate,
1599 1768 1696 1822 per
1746 1751 1840 1806 fati
1870 1754 1977 1806 vim
2011 1750 2147 1805 cllici
2180 1750 2321 1805 aﬁir-

750 1861 919 1906 Iuant.
956 1850 1026 1902 At
1046 1849 1088 1903 si
1124 1843 1632 1902 secundumlsaiam
1657 1855 1680 1883 ο
1707 1844 1958 1913 ignorant
1984 1843 2105 1897 coeli
2140 1852 2319 1896 astro-

2418 1754 2512 1805 καὶ
2535 1754 2788 1817 θάνατον,
2819 1755 2913 1806 καὶ
2938 1755 3039 1806 ὅσα
3058 1755 3156 1806 οὐκ
3183 1755 3267 1822 ἐφ’
3290 1756 3311 1784 ⁸
3342 1756 3499 1824 ἡμῖν,
3540 1754 3701 1824 ἔργον
3727 1752 3865 1808 εἶναι
3901 1757 3995 1808 λέ-

2420 1866 2575 1915 γουσι
2594 1852 2693 1917 τῆς
2726 1848 3084 1918 εἱμαρμένης.
3131 1849 3193 1900 Εἰ
3219 1849 3275 1901 δὲ
3304 1849 3443 1903 κατὰ
3477 1851 3569 1901 τὸν
3615 1849 3847 1903 Ἡσαΐαν
3893 1853 3994 1905 οῦκ

749 1946 852 2013 logi
907 1956 1024 2012 qua:
1070 1939 1246 1994 futura
1286 1938 1412 2001 sint,
1462 1946 1516 1991 et
1555 1951 1621 1991 ex
1661 1935 1909 1990 Ieremia:
1938 1934 1957 1972 τ
2023 1935 2314 1996 sententia,
2348 1916 2429 1992 BI

2421 1942 2598 1993 ῐσασιν
2630 1916 2677 1992 οἱ
2706 1916 3021 2009 ἀστρολόγοι
3049 1939 3143 1993 τοῦ
3186 1940 3419 2010 ούρανοῦ
3458 1942 3525 1994 τά
3576 1942 3858 2010 μέλλοντα,
3899 1946 3998 1997 καὶ

747 2049 943 2088 vanum
978 2034 1082 2088 hoc
1105 2043 1264 2084 omne
1292 2030 1524 2083 studium
1573 2038 1677 2095 est,
1728 2027 2003 2096 quomodo
2049 2027 2101 2080 hi
2143 2028 2317 2081 susci-

746 2142 876 2195 pere
904 2138 963 2180 se
1000 2124 1185 2178 dicunt
1219 2124 1533 2191 prophetas,
1580 2120 1672 2189 qui
1716 2134 1911 2188 corpus
1939 2118 2037 2171 fati
2065 2117 2315 2171 servituti

747 2215 1081 2287 subjiciunt?
1132 2212 1343 2267 Etenim
1398 2212 1537 2267 Deus
1572 2211 1776 2266 Judmis
1821 2210 1935 2264 sive
1978 2210 2150 2263 minas
2202 2211 2315 2263 sive

747 2323 934 2380 pmuas
961 2306 1173 2361 nonnisi
1206 2317 1495 2372 corporeas
1526 2302 1789 2364 intendit,
1829 2300 2138 2368 similiaque
2166 2312 2319 2368 parat

749 2398 1031 2464 beneﬁcia,
1085 2412 1312 2467 quorum
1347 2404 1528 2448 tamen
1561 2394 1929 2463 cognitionem
1963 2406 2067 2446 non
2117 2392 2317 2445 habere

751 2488 1053 2558 astrologos
1094 2501 1189 2557 per
1211 2485 1402 2539 Isaiam
1433 2482 1821 2552 pronuntiavit.
1876 2477 2122 2546 Quonam
2154 2481 2317 2549 igitur

752 2592 907 2649 pacto
948 2579 1059 2633 ﬁeri
1101 2587 1296 2645 potest,
1337 2584 1469 2631 utet
1498 2573 1775 2643 prophetis
1804 2573 1934 2628 ﬁdes
1972 2573 2314 2634 adhibeatur,

753 2682 807 2725 et
834 2684 1213 2741 corporeorum
1260 2682 1379 2721 cum
1416 2666 1680 2720 malorum
1714 2674 1829 2719 tum
1865 2665 2131 2719 bonorum
2168 2674 2319 2733 pete-

752 2777 862 2816 stas
904 2762 1080 2817 omnis
1131 2760 1240 2814 fato
1296 2757 1661 2820 concedatur,
1707 2766 1761 2810 et
1800 2756 1925 2809 huic
1952 2756 2177 2809 nimium
2219 2756 2316 2809 ad-

752 2856 879 2909 dicti
938 2853 1113 2907 futura
1155 2850 1494 2922 praedicant?
1544 2849 1650 2903 nisi
1712 2848 1851 2903 forte
1902 2862 1996 2915 per
2048 2848 2317 2902 insaniam

753 2945 1007 3007 dixerint,
1036 2944 1174 2997 bona
1210 2943 1425 3010 quidem
1447 2942 1570 3011 piis,
1610 2941 1745 2995 mala
1776 2954 1904 2994 vero
1927 2940 2106 3009 impiis
2131 2940 2316 2993 distri-

755 3034 937 3093 buere,
969 3042 1025 3086 et
1063 3033 1231 3100 ipsum
1262 3029 1483 3098 insuper
1509 3045 1706 3083 numen
1741 3028 1850 3083 fato
1892 3028 2185 3083 deservire.
2248 3029 2319 3081 At

754 3124 845 3190 qui
879 3124 1068 3175 animm
1106 3122 1288 3191 genesi
1331 3137 1434 3175 non
1483 3121 1863 3189 subjiciantur,
1922 3121 2140 3189 quando
2178 3119 2318 3173 Deus

757 3218 889 3283 ipse,
917 3228 1098 3267 rerum
1133 3213 1371 3266 omnium
1417 3212 1682 3277 conditor,
1706 3226 1809 3265 una
1848 3226 1968 3266 eum
1998 3212 2100 3266 hac
2129 3226 2317 3279 opera-

755 3317 861 3368 tur,
926 3303 1286 3370 l'atalihusque
1318 3300 1521 3357 eﬁ'ectis
1572 3300 1884 3356 subservit?
1940 3298 1996 3353 Si
2022 3315 2151 3354 vero
2196 3316 2316 3369 quae

756 3411 849 3459 per
878 3395 1096 3463 angelos
1136 3394 1265 3446 olim
1326 3408 1388 3447 ac
1437 3394 1727 3462 prophetas
1757 3393 2136 3446 administrata
2166 3402 2314 3455 sunt,

752 3500 815 3538 ea
847 3486 1059 3554 genesis
1090 3500 1193 3538 nou
1226 3482 1405 3547 edicit,
1454 3493 1513 3537 ut
1563 3497 1661 3537 nec
1692 3496 1752 3535 ea
1787 3498 1905 3551 qua:
1934 3480 2191 3537 Dominus
2222 3497 2318 3534 no-

753 3584 865 3628 ster
896 3574 1051 3628 Jesus
1083 3574 1330 3628 Christus
1362 3575 1413 3627 in
1441 3588 1603 3628 carne
1625 3587 1889 3642 apparens
1934 3583 2189 3642 operatus
2214 3582 2315 3638 est,

758 3673 885 3725 dum
908 3670 1353 3724 innumerabilem
1406 3671 1760 3725 humanorum
1805 3685 2092 3738 corporum
2136 3670 2318 3723 multi-

754 3764 986 3817 tudinem
1019 3761 1249 3827 sanavit,
1303 3777 1556 3830 quorsum
1608 3761 1784 3816 adhuc
1808 3760 2006 3815 volunt
2051 3758 2317 3815 afﬁrmare

758 3866 955 3920 corpus
989 3866 1017 3905 a
1053 3852 1237 3921 genesi
1276 3852 1690 3906 administrari?
1743 3850 1876 3905 Nam
1912 3860 2004 3904 aut
2056 3851 2186 3904 illud
2215 3851 2314 3903 fal-

752 3957 868 3995 sum
902 3942 1143 4008 reddent,
1181 3942 1321 4010 quod
1355 3940 1497 3995 Deus
1536 3941 1903 4010 immorigeris
1936 3955 2123 4009 poenas
2156 3941 2317 3994 mini-

750 4043 926 4098 tetur,
985 4033 1591 4102 obtemperantibusque
1668 4032 1897 4102 benigne
1956 4032 2118 4085 iaciat
2165 4051 2177 4085 :
2224 4041 2315 4085 aut

749 4134 915 4185 certe,
983 4124 1026 4176 si
1087 4126 1320 4191 primum
1380 4124 1511 4178 illud
1565 4139 1770 4189 verum,
1808 4124 2101 4179 secundum
2134 4124 2312 4178 fabula

746 4228 847 4269 est.
886 4215 962 4266 Ad
1004 4214 1117 4268 lucc
1158 4214 1351 4282 222a
1386 4215 1478 4284 qui
1515 4214 1630 4269 ﬁeri
1662 4224 1857 4284 potest,
1888 4224 1945 4267 ut
1971 4215 2150 4282 genesi
2189 4229 2311 4268 cor-

747 4319 874 4371 pora
896 4304 1134 4373 subjecta
1154 4319 1275 4358 cum
1310 4305 1438 4367 sint,
1491 4306 1685 4358 anima:
1729 4313 1908 4357 tamen
1941 4303 2056 4370 ejus
2086 4304 2312 4371 imperio

742 4394 1145 4448 subducantur?
1186 4392 1400 4448 Sienim
1427 4410 1453 4446 a
1474 4395 1653 4464 genesi
1676 4394 1886 4448 accidat
1916 4394 2157 4447 inventio
2194 4393 2310 4447 the-

744 4486 911 4550 sauri,
941 4485 1024 4540 vel
1045 4486 1335 4541 aediﬁcatio
1380 4487 1591 4550 domus,
1638 4486 1719 4539 vel
1752 4487 1977 4539 aliarum
2008 4486 2308 4552 aliquarum

2420 2033 2559 2085 κατὰ
2594 2032 2685 2085 τὸν
2736 2032 3010 2102 Ἱερεμίαν
3074 2034 3281 2103 ματαία
3326 2035 3473 2086 ἐστὶν
3520 2036 3555 2104 η
3603 2036 3732 2104 περὶ
3788 2035 3996 2104 ταύτην

2422 2123 2648 2194 σπουδὴ,
2684 2124 2802 2186 πῶς
2830 2118 2974 2177 οὗτοι
3003 2125 3253 2195 δέχεσθαι
3286 2125 3384 2194 μέν
3420 2142 3554 2193 φασι
3594 2127 3719 2189 τοὺς
3768 2131 3991 2197 προφή-

2419 2231 2538 2277 τας,
2573 2214 2632 2265 τὸ
2653 2214 2812 2283 σῶμα
2841 2214 2897 2265 δὲ
2924 2212 3109 2266 δοῦλον
3138 2214 3354 2266 ποιοῦσι
3374 2216 3473 2284 τῆς
3493 2216 3863 2285 είμαρμένηςς
3898 2219 3995 2269 καὶ

2420 2304 2528 2372 γὰρ
2556 2305 2582 2356 ό
2610 2304 2740 2367 Θεὸς
2771 2304 2884 2366 τοῖς
2911 2304 3187 2367 Ἰουδαίοις
3231 2309 3325 2361 καὶ
3351 2307 3450 2370 τὰς
3500 2307 3737 2371 ἀπειλὰς
3772 2309 3869 2361 καὶ
3922 2311 3993 2361 τά

2420 2396 2567 2465 πάθη
2596 2398 2885 2464 σωματικὰ
2906 2397 3130 2468 ἑπηφίει
3154 2398 3195 2462 ³,
3221 2397 3475 2461 τοιαύτας
3494 2399 3550 2452 δὲ
3591 2401 3685 2453 καὶ⁵
3716 2400 3815 2462 τὰς
3838 2402 3995 2470 εὐερ-

2420 2489 2629 2555 γεσίας,
2662 2482 2737 2542 ὧν
2756 2491 2980 2555 ἄγνοιαν
3020 2489 3163 2559 ἔχειν
3183 2491 3311 2554 τοὺς
3354 2491 3715 2560 ἀστρολόγους
3760 2492 3849 2545 διὰ
3896 2493 3994 2546 τοῦ

2436 2581 2659 2634 Ἡσαΐου
2693 2581 3126 2652 κατεψηφίσατο.
3177 2582 3300 2645 Πῶς
3337 2581 3431 2636 οῦν
3478 2586 3713 2654 ἐγχωρεί
3742 2586 3835 2637 καὶ
3879 2588 3993 2647 τοῖς

2423 2674 2730 2742 προφήταις
2756 2672 3064 2738 πείθεσθαι,
3085 2672 3181 2726 καὶ
3204 2672 3314 2727 τῶν
3338 2675 3666 2743 σωματικῶν
3694 2674 3998 2727 κακώσεων

2422 2766 2514 2817 καὶ
2545 2763 2874 2833 εὐεργεσιῶν
2899 2766 2965 2833 τῇ
3001 2764 3311 2835 εἱμαρμένη
3341 2766 3401 2816 τὸ
3424 2767 3623 2834 κράτος
3669 2766 3997 2834 χαρίζεσθαι

2422 2855 2515 2905 καὶ
2551 2853 2841 2923 προλέγειν
2866 2854 2993 2915 τοὺς
3013 2854 3143 2922 περὶ
3175 2853 3346 2922 αὐτὴν
3368 2854 3741 2923 ἐπτοημένους
3778 2854 3850 2907 τὰ
3875 2858 3997 2907 ἐσό-

2423 2961 2591 3013 μενα;
2622 2946 2670 2995 εἰ
2706 2944 2781 3013 μὴ
2809 2943 2917 3013 ἄρα
2950 2944 3254 3012 μεμηνότες
3308 2946 3511 2997 εἴποιεν
3552 2944 3621 2996 τὰ
3662 2945 3761 3013 μὲν
3816 2946 3997 3011 ἀγαθά

2418 3039 2531 3098 τοῖς
2560 3035 2843 3088 εὐσεϐοῦσι
2866 3036 3074 3103 νέμειν,
3108 3035 3367 3089 τάναντία
3387 3036 3407 3065 ⁸
3423 3036 3479 3087 δὲ
3511 3037 3623 3096 τοῖς
3643 3035 3989 3098 δυσσεϐοῦσι,

2422 3130 2512 3181 καὶ
2547 3128 2607 3178 τὸ
2637 3127 2791 3179 Θεῖον
2835 3125 3341 3195 ὲξυπηρετούμενον
3382 3129 3450 3195 τῇ
3490 3126 3821 3198 εἱμαρμένη.
3886 3128 3997 3179 Καὶ

2424 3220 2541 3281 πῶς
2562 3219 2732 3288 ψυχαὶ
2759 3218 2970 3286 γενέσει
3000 3217 3098 3286 οὐχ
3132 3217 3532 3280 ὑποκείσονται,
3570 3217 3703 3268 Θεοῦ
3738 3218 3831 3269 τοῦ
3858 3220 3996 3271 πάν-

2420 3330 2528 3364 των
2558 3308 2891 3380 δημιουργοῦ
2911 3307 3299 3377 συνεργοῦντος
3350 3308 3487 3376 αὐτῇ
3511 3309 3531 3337 ⁸
3563 3309 3655 3360 καὶ
3694 3309 3997 3377 ὑπηρετου-

2424 3405 2585 3471 μένου
2614 3403 2724 3463 τοῖς
2755 3397 3224 3467 άποτελέσμασινς
3259 3398 3320 3449 Εἰ
3356 3397 3413 3448 δὲ
3435 3396 3557 3448 οὔτε
3586 3396 3657 3448 τὰ
3703 3396 3771 3448 δι’
3822 3399 3993 3464 ἀγγὲο

2418 3494 2523 3545 λων
2553 3491 2646 3543 καὶ
2677 3488 2973 3559 προφητῶν
3004 3488 3437 3557 οἰκονομηοέντα
3491 3488 3659 3539 πάλαι
3718 3488 3993 3555 γενέσεως

2418 3587 2578 3654 ἔργον
2592 3579 2810 3652 ἦν,οὑδ’
2838 3584 2977 3651 ἆπερ
3012 3584 3039 3633 ὁ
3070 3582 3273 3650 Κύριος
3298 3581 3453 3651 ἡμῶν
3498 3580 3703 3649 Ἰησοῦς
3754 3582 3993 3649 Χριστὸς

2416 3673 2503 3725 διὰ
2558 3672 2810 3741 σώματος
2866 3671 3054 3737 φανεὶς
3114 3671 3430 3739 εἰργάσατο,
3479 3670 3745 3739 μυριάδας
3790 3671 3992 3737 ἀνθρω-

2418 3762 2586 3815 πείων
2629 3762 2920 3830 ἰασάμενος
2958 3760 3247 3828 σωμάτων,
3290 3760 3404 3818 πῶς
3459 3762 3662 3811 οἴονται
3710 3762 3771 3813 τὸ
3828 3762 3992 3830 σῶμα

2416 3854 2595 3921 λέγειν
2625 3853 2835 3919 γενέσει
2900 3850 3253 3915 διοικεῖσθαι;
3309 3850 3486 3920 ἢγάρ
3533 3851 3592 3903 τὸ
3642 3852 3891 3903 ἀπειλεῖν
3928 3853 3991 3904 τὸ

2416 3946 2570 3997 Θεῖον
2606 3946 2713 4004 τοῖς
2738 3940 3167 4011 παρακούουσιν,
3194 3942 3507 4011 εὐεργετεῖν
3538 3942 3596 3994 δὲ
3632 3944 3758 4004 τοὺς
3808 3944 3992 3995 πειθο-

2420 4032 2635 4101 μένους,
2670 4032 2746 4093 el;
2766 4030 2959 4098 ψεῦδος
2986 4030 3317 4093 ἀπάξουσιν·
3348 4029 3379 4097 ἢ
3415 4030 3462 4081 εί
3511 4030 3570 4081 τὸ
3608 4030 3825 4098 πρῶτον
3857 4032 3991 4099 άλη-

2416 4123 2526 4185 Οὲς,
2555 4122 2781 4191 πλάσμα
2802 4122 2861 4173 τὸ
2886 4121 3163 4189 δεύτερον.
3202 4120 3387 4189 Χωρὶς
3413 4120 3468 4172 δὲ
3490 4120 3599 4172 τῶν
3645 4121 3980 4190 εἰρημένων,

2415 4216 2533 4275 πῶς
2550 4208 2746 4276 οἷόντε,
2771 4212 3023 4279 σώματος
3051 4211 3415 4279 ὑποκειμένου
3433 4210 3665 4278 γενέσει,
3694 4212 3790 4273 τὰς
3810 4211 3986 4279 ψυχάς

2413 4306 2618 4374 ταύτης
2646 4303 3025 4371 ἁπηλλάχθαι;
3059 4303 3107 4353 εἰ
3152 4302 3259 4370 γὰρ
3293 4303 3400 4355 ἀπὸ
3447 4303 3714 4370 γενέσεως
3767 4302 3985 4369 εὕρεσις

2415 4391 2689 4462 Θησαυροῦ
2720 4391 2811 4442 καὶ
2841 4390 2990 4442 οἴκου
3031 4390 3279 4460 κτῆσιςῆ
3306 4390 3509 4458 ἑτέρων
3541 4390 3705 4445 τινῶν
3739 4408 3984 4459 σωματι·

2414 4486 2527 4537 κῶν
2554 4484 2859 4553 πρόσληψις
2898 4483 2929 4551 ἢ
2962 4482 3227 4549 ἀποϐολὴ,
3270 4480 3364 4533 καὶ
3406 4481 3469 4550 δὴ
3487 4482 3577 4533 καὶ
3618 4484 3650 4551 ἡ
3697 4482 3806 4533 τῶν
3851 4502 3983 4552 πορ-

745 4591 1121 4646 corporearum
1159 4590 1341 4630 rerum
1368 4576 1481 4630 sive
1521 4575 1839 4643 assumptio,
1892 4578 2006 4628 sive
2052 4574 2303 4642 abjectio,
2338 4608 2384 4662 υ
2415 4596 2429 4626 ι

2415 4577 2677 4628 νευόντων
2702 4575 2735 4643 ἢ
2758 4574 2863 4626 τῶν
2892 4574 3252 4644 μοιχευόντων
3282 4572 3462 4642 ποινὴ,
3494 4572 3706 4641 ἀνάγκη
3737 4575 3837 4642 τὴν
3888 4577 3984 4642 ψυ-

741 4670 849 4721 imo
894 4675 949 4720 et
996 4666 1418 4720 adulterantium
1455 4676 1616 4734 atque
1666 4664 2055 4718 mmchautium
2120 4680 2301 4731 paena,

740 4757 1111 4813 necessarium
1138 4756 1323 4823 utique
1353 4756 1588 4809 animam
1622 4755 1819 4824 impelli
1845 4754 1912 4807 ad
1942 4754 2305 4809 inventionem

742 4850 979 4903 thesauri
1013 4846 1264 4918 [propter
1292 4847 1466 4914 ipsum
1504 4844 1843 4915 thesaurum]
1866 4886 1880 4909 ,
1916 4855 2077 4913 atque
2103 4850 2167 4902 ad
2200 4848 2310 4902 dis-

2412 4667 2510 4737 χὴν
2533 4666 2973 4735 ὲλαύνεσθαιμὲν
3014 4664 3387 4734 πρὸςεῦρεσιν
3447 4665 3782 4735 θησαυροῦδ,
3844 4669 3984 4736 πρὸς

2414 4757 2649 4826 μάθησιν
2669 4756 2725 4807 δὲ
2750 4756 3065 4821 τεκτονικῆς
3092 4754 3181 4806 διὰ
3218 4756 3307 4806 τὸν
3334 4749 3484 4807 οἷκον
3506 4755 3860 4824 ἢῦφαντικῆς
3892 4757 3981 4807 διὰ

2415 4849 2476 4900 τὸ
2511 4848 2749 4914 ἱμάτιον.
2790 4844 3040 4918 [70411.]
3078 4846 3169 4896 Δεῖ
3205 4846 3259 4897 δὲ
3301 4845 3396 4896 καὶ
3425 4845 3680 4911 γυναικὸς
3716 4846 3981 4913 ἡττᾶσθαι

739 4942 964 4995 cendam
998 4941 1079 4995 vel
1115 4941 1533 4995 architecturam
1567 4950 1786 5009 propter
1816 4940 2053 5001 domum,
2078 4944 2161 4993 vel
2194 4950 2310 4993 tex-
2408 4939 2429 4990 δ

2411 4939 2496 4990 διὰ
2524 4938 2585 4988 τὸ
2625 4936 2817 4988 ⁸’Ἱθεῖν
2847 4935 2907 4986 τὸ
2931 4934 3089 5001 σῶμα
3121 4934 3263 5003 άπερ
3291 4932 3439 5002 αὑτῷ
3483 4935 3738 5002 εἵμαρται
3766 4934 3807 4995 ⁷,
3844 4934 3978 4985 ἀλλὰ

743 5033 932 5087 toriam
969 5041 1192 5101 propter
1232 5042 1462 5085 vestem.
1539 5032 1675 5096 Quin
1722 5044 1752 5083 a
1812 5027 2057 5085 muliebri
2122 5045 2307 5084 amore

739 5124 884 5178 vinci
929 5127 1070 5178 hanc
1111 5132 1325 5194 oportet
1364 5134 1422 5177 ut
1450 5123 1586 5177 ferat
1636 5137 1835 5192 corpus
1872 5124 2073 5193 proprii
2117 5137 2303 5191 poenas

740 5212 1111 5267 delicti:imo
1173 5214 1336 5266 etiam
1415 5215 1479 5265 ad
1533 5215 1735 5267 caedem
1804 5212 2019 5266 incitari
2082 5222 2301 5281 pr0pter

736 5306 998 5375 genesim,
1044 5321 1165 5375 qum
1224 5309 1415 5359 mortis
1454 5306 1779 5359 sententiam
1806 5305 1923 5357 tulit
1954 5323 1966 5357 :
2002 5314 2056 5358 et
2111 5305 2191 5357 sic
2238 5306 2305 5357 de

738 5398 875 5450 aliis.
900 5396 998 5450 Vix
1019 5400 1159 5451 enim
1192 5412 1510 5465 corporeum
1539 5397 1828 5465 quidquam
1864 5396 2091 5460 ﬁet,nisi
2124 5396 2301 5449 anima

740 5522 762 5544 υ
794 5505 925 5561 Gen.
965 5526 1002 5569 ι,
1040 5510 1124 5562 Η.
1205 5510 1231 5547 ιι
1266 5508 1426 5563 Josue
1456 5525 1510 5574 κ,
1547 5509 1633 5562 15.
1715 5521 1735 5547 ε
1769 5508 1834 5562 lV
1877 5510 2010 5578 Reg.
2042 5525 2131 5571 xx,
2165 5509 2217 5562 9.

2298 5508 2321 5546 ἀ
2363 5507 2555 5561 Matth.
2592 5521 2767 5573 xxv",
2798 5506 2887 5559 45.

2415 5030 2509 5080 καὶ
2540 5029 2629 5095 πρῖ
2657 5069 2671 5088 ,
2710 5026 2870 5094 φόνον
2934 5023 3194 5076 ὠθεῖσθαι
3252 5024 3341 5076 διὰ
3379 5024 3476 5092 τὴν
3516 5022 3979 5091 καταψηφισαμέ-

2413 5138 2509 5187 νην
2533 5118 2871 5185 τὸννθάνατον
2895 5116 3125 5182 γένεσιν,
3155 5114 3251 5166 καὶ
3288 5113 3381 5165 ἐπὶ
3416 5112 3521 5164 τῶν
3550 5112 3722 5166 άλλων
3751 5113 3973 5179 ὁμοίως.

2411 5208 2575 5259 Οὐδὲν
2608 5206 2717 5275 γάρ
2768 5204 2953 5275 σχεδὸν
2996 5204 3103 5256 τῶν
3158 5202 3483 5270 σωματικῶν
3534 5202 3634 5268 τῆς
3678 5200 3857 5269 ψυχῆς
3901 5204 3977 5270 μὴ

2410 5299 2799 5367 ύπακουούσης
2856 5298 2947 5349 καὶ
2999 5294 3483 5362 συλλαμϐανούσης
3525 5294 3831 5362 γενήσεται,
3885 5295 3976 5345 καὶ

2413 5392 2627 5460 ἀνάγκη
2656 5391 2779 5452 τοὺς
2813 5390 2876 5441 ὲκ
2910 5388 3278 5457 Βαρδισάνους
3298 5386 3332 5454 ἢ
3356 5387 3449 5437 καὶ¹
3482 5385 3581 5454 τὴν
3609 5384 3787 5453 ψυχὴν
3842 5384 3973 5436 ὑπο-

2970 5514 2992 5543 ο
3022 5502 3126 5557 lsa.
3152 5514 3323 5565 XLVII,
3350 5499 3441 5553 12.
3523 5496 3543 5535 ί
3585 5496 3784 5553 Jerem.
3821 5514 3876 5559 ι,
3915 5499 3969 5550 2.

2022 5598 2254 5652 VAlll/E
2298 5596 2698 5651 LECTIONES.

810 5690 828 5717 ¹
850 5690 932 5756 ἐφ’
958 5688 1216 5759 Scaliger:
1248 5689 1369 5743 libri
1404 5689 1480 5743 ἐν.
1558 5690 1578 5719 ³
1602 5690 1821 5757 ἐπατρίει
1849 5707 1907 5755 ς.
1975 5688 1995 5718 ⁸
2024 5690 2283 5759 τάναντία
2312 5688 2367 5739 δέ
2398 5690 2468 5738 At
2495 5686 2553 5738 δὲ
2570 5687 2827 5759 τάναντία
2865 5706 2923 5751 ς.
3002 5687 3178 5757 ⁸αύτῇ
3197 5687 3239 5741 Δ
3268 5703 3278 5741 :
3305 5684 3484 5748 αὐτοῖς
3507 5700 3565 5748 ς.
3623 5683 3644 5715 ⁸
3677 5678 3972 5751 Θησαυροῦ]

741 5756 1013 5827 θησαυροῦ
1052 5756 1138 5813 διὰ
1166 5761 1257 5813 τὸν
1289 5760 1559 5829 Θησαυρόν
1582 5756 1843 5830 Scaliger.
1918 5758 2097 5827 ταῦτῷ
2122 5760 2374 5827 εἵμαρται
2406 5760 2444 5809 Λ
2478 5773 2488 5807 :
2525 5756 2656 5809 αὐτὸ
2680 5758 2925 5826 ἥμαρτεν
2962 5776 3018 5820 ς.
