4208 6448
185 422 281 488 8'11

1196 394 1824 461 BIBLIOTHECAf—
1856 392 2021 453 COD.
2060 390 2360 451 CCXXIV.

3312 386 3416 448 878

178 537 337 600 τάξαι
365 522 825 601 γενέσει,ῆτοῦτο
876 520 950 590 μή
1011 516 1325 587 τολμῶντας
1360 514 1453 567 καὶ
1493 512 1554 564 τὸ
1585 508 1745 601 σῶμα
1775 508 1822 563 Α

1863 505 2069 560 )ὶ›ο‹Ιίαι
2128 512 2291 572 atque
2344 502 2587 572 adjuvet,
2634 507 2693 553 ut
2744 512 2967 554 necesse
3013 499 3083 552 sit
3113 495 3421 554 Bardisaua:

180 599 388 695 ταύτης
401 619 721 689 ἀποφαίνειν
746 614 1047 682 ἐλεύθερον.
1075 608 1231 662 Οὕτω
1256 606 1355 678 μὶν
1376 604 1471 658 καὶ
1496 604 1555 657 τὺ
1579 601 1622 672 β’
1647 599 1743 654 καὶ

182 727 222 771 ν’
244 710 685 785 ἀποπερατοῦται
718 705 1033 775 κεφάλαιον.

267 979 358 1030 Ἐν
393 975 449 1029 δὲ
480 973 558 1043 τῷ
588 968 787 1038 ἑφεξῆς
818 966 916 1034 τήν
944 961 1180 1032 ἐσχάτην
1201 957 1457 1012 ἀσέϐειαν
1486 952 1752 1043 διελέγχει

182 1070 294 1121 τῶν
323 1042 537 1135 γενέσει
565 1059 886 1129 τολμώντων
916 1051 1236 1106 ὑποϐάλλειν
1268 1049 1363 1101 καὶ
1417 1044 1507 1097 τὸν
1548 1042 1753 1111 Κύριον

181 1158 343 1229 ἡμῶν
374 1151 580 1223 Ἰησοῦν
610 1147 864 1219 Χριστὸν,
894 1145 985 1195 τὸν
1012 1140 1248 1208 φανέντα
1278 1136 1549 1205 πρόφασιν
1573 1148 1758 1183 ποιου-

191 1220 371 1321 μένων
396 1220 621 1313 ἀστέρα,
638 1242 731 1292 καὶ
763 1236 967 1303 ταύτην
990 1228 1049 1286 εὖ
1082 1249 1140 1284 τε
1163 1230 1258 1283 καὶ
1285 1225 1465 1295 σοφῶς
1491 1223 1589 1293 τὴν
1620 1220 1759 1275 ἀπύ-

188 1318 340 1393 νοιαν
382 1332 636 1408 [56511.]
688 1327 1035 1389 καταὸάλλει,
1086 1322 1301 1382 πολλοῖς
1349 1318 1547 1378 αὐτοὺς
1597 1329 1762 1408 stata:

187 1404 508 1502 τιτρώσκων
542 1430 654 1486 τοῖς
692 1421 1103 1490 ἐπιχειρήμασι,
1141 1414 1211 1467 τά
1266 1429 1326 1463 τε
1357 1410 1523 1502 ἄλλα,
1562 1407 1669 1502 καὶ.
1694 1404 1761 1502 δι’

188 1495 530 1576 ὧνδείκνυσι
558 1515 649 1567 τὸν
670 1512 907 1581 φανέντα
946 1507 1151 1577 ἀστέρα
1181 1502 1377 1589 μὴξνα
1415 1499 1525 1551 τῶν
1554 1495 1764 1589 πολλῷν

193 1616 291 1668 καὶ
332 1612 451 1665 κατ’
482 1606 709 1676 οὐρανὸν
738 1599 896 1665 εἶναι,
953 1598 1088 1653 ἀλλά
1135 1586 1363 1663 δύναμίν
1412 1608 1531 1643 τινα
1568 1586 1767 1641 θειοτέ-

197 1723 323 1774 ραν,
356 1703 435 1763 εἰς
466 1700 663 1767 ἄστρον
722 1695 822 1765 μὲν
861 1687 1363 1762 σχηματιζομένην,
1419 1683 1517 1753 τήν
1565 1681 1623 1774 δέ
1671 1676 1766 1774 τοῦ

194 1771 383 1849 ποινοῦ
416 1790 683 1844 Δεσπότου
714 1785 1090 1855 κηρύττουσαν
1112 1779 1345 1845 γένεσιν.
1374 1776 1540 1841 Λέγει
1564 1773 1619 1824 δὲ
1644 1771 1769 1832 τοὺς

1848 605 2171 659 sectatores,
2196 593 2279 648 vel
2314 593 2552 647 animum
2588 590 2857 659 subjicere
2886 604 3096 660 genesi,
3135 590 3219 646 vel
3246 590 3292 645 si
3315 590 3419 645 hoc

1849 704 1955 743 non
2012 687 2267 750 audeant,
2296 684 2459 738 etiam
2500 697 2697 752 corpus
2737 681 2805 735 ab
2844 678 3002 748 huius
3030 679 3255 748 imperio
3285 681 3423 735 libe-

1852 797 1967 835 rum
2012 780 2384 851 pronuntiare.

1855 888 2000 926 mum
2036 881 2199 942 caput
2244 871 2445 924 ﬁnitur.

2466 776 2545 831 lta
2595 774 2890 832 secundum
2938 785 2995 828 et
3041 773 3425 844 quinquagesi‘

1931 961 2186 1016 Proximo
2215 977 2343 1016 vero
2369 972 2666 1015 extremam
2730 960 2875 1014 illam
2915 960 3249 1028 impietatem
3302 973 3433 1013 con-

1860 1054 2207 1107 futateorum
2232 1094 2246 1115 ,
2277 1054 2367 1121 qui
2408 1053 2581 1120 ipsum
2624 1066 2837 1121 quoque
2862 1052 3144 1106 Dominum
3191 1061 3434 1104 nostrum

1859 1145 2044 1199 .lesum
2104 1144 2378 1198 Christum
2410 1144 2586 1214 genesi
2636 1143 2903 1209 subjicere
2965 1144 3213 1210 audent,

1862 1244 1950 1304 pta
2017 1236 2083 1288 de
2150 1244 2371 1289 ostensa
2425 1237 2596 1305 magis
2671 1234 2826 1289 stella
2904 1234 3215 1290 occasione.
3288 1237 3441 1289 Hanc

1864 1340 1997 1395 ergo
2026 1326 2321 1379 amentiam
2350 1327 2489 1380 bene
2547 1335 2601 1379 et
2648 1327 2924 1395 sapienter
2975 1326 3196 1393 refellit,
3257 1328 3442 1381 multis

1869 1416 1991 1471 illos
2032 1416 2346 1471 confodieris
2402 1417 2761 1485 argumentis,
2809 1433 2931 1472 eum
2990 1418 3140 1484 alibi,
3193 1427 3304 1471 tum
3352 1418 3443 1472 ubi

1870 1508 2109 1562 ostendit
2157 1507 2326 1561 visam
2371 1507 2578 1562 stellam
2614 1522 2716 1561 nou
2742 1522 2903 1562 unam
2937 1524 2968 1563 e
2996 1509 3186 1563 multis
3215 1510 3269 1562 in
3308 1509 3446 1563 ctelu

1873 1600 2073 1664 fuisse,
2131 1599 2225 1653 sed
2276 1598 2384 1652 vim
2439 1599 2727 1667 quamdam
2774 1599 3094 1655 diviniorem
3136 1600 3190 1654 in
3238 1608 3447 1653 astrum

1874 1689 2303 1758 conformatamj,
2365 1705 2486 1759 qua:
2534 1691 2773 1744 omnium
2818 1690 3033 1745 Domini
3104 1692 3447 1746 nativitatem

1874 1780 2224 1836 denuntiaret
2250 1781 2389 1850 (64).
2423 1780 2592 1837 Porro
2618 1797 2803 1853 magos
2836 1783 3004 1839 refert
3030 1784 3344 1839 aChaldaais
3376 1785 3449 1838 ita

3290 1159 3437 1197 sum-

200 1888 419 1958 μάγους
470 1849 808 1951 παραλαὸεἴυν
846 1877 942 1947 μὲν
987 1872 1138 1942 παρὰ
1171 1865 1456 1958 Χαλδαίων
1488 1864 1561 1958 ὡς
1585 1862 1773 1958 ἀστήρ
1805 1849 1845 1903 Β

1878 1871 2173 1940 accepisse,
2204 1849 2419 1924 stellam
2456 1849 2746 1939 quamdam
2779 1872 2907 1926 olim
2932 1871 3070 1937 fore,
3109 1888 3229 1941 quae
3268 1884 3451 1927 natum

194 1952 355 2029 ἔσται
387 1974 484 2043 τῆς
507 1971 649 2025 κατά
676 1968 857 2037 σάρκα
915 1962 1219 2031 γεννήσεως
1246 1956 1343 2009 τοῦ
1372 1953 1552 2009 κοινοῦ
1585 1952 1773 2020 Σωτῆ-

198 2084 297 2136 ρος
337 2061 599 2135 μηνυτὴς,
646 2057 878 2117 ἐκείνοις
912 2053 968 2106 δὲ
1016 2051 1093 2114 ὡς
1138 2047 1451 2118 ὁμοτέχνοις
1499 2043 1777 2136 ἀναθεῖναι

195 2133 301 2228 τήν
339 2133 643 2224 πρόρρησιν
666 2149 756 2201 τὸν
792 2143 1066 2214 Βαλαάμ⁸
1097 2142 1324 2202 ἐκεῖνον,
1375 2138 1433 2200 ὂς
1489 2133 1779 2228 και-ἄκων

197 2223 329 2303 ἀντὶ
385 2223 629 2312 πατάρας
688 2239 992 2307 εὐλογήσας
1030 2234 1120 2287 τὸν
1160 2228 1400 2301 Ἰσραὴλ,
1456 2230 1524 2297 τῇ
1559 2223 1780 2293 εὐλογίᾳ

201 2359 267 2393 συ
279 2334 617 2409 μπεριὲλαὸε
647 2332 741 2385 καί
767 2330 864 2399 τὴν
891 2327 985 2380 τοῦ
1011 2322 1414 2394 τεχθησομένου
1438 2319 1649 2387 γένεσιν
1682 2316 1779 2384 βα-

206 2433 400 2491 σιλέως
427 2430 522 2481 καὶ
544 2428 635 2477 τὸν
653 2423 853 2491 ταύτης
877 2422 1097 2490 κήρυκα
1127 2414 1354 2484 ἀστέρα.
1393 2410 1782 2482 Ἐμφανίζεται

202 2527 263 2577 δὲ
304 2521 517 2591 τεχθεὶς
552 2518 791 2586 Πέρσαις
824 2512 928 2582 πρὸ
946 2510 1053 2563 τῶν
1093 2507 1267 2560 ἄλλων
1297 2503 1467 2556 ὲθνῶν
1508 2504 1536 2555 ὁ
1575 2498 1783 2552 Δεσπό-

204 2633 307 2685 της
336 2612 549 2674 ἑαυτὸν,
580 2609 794 2669 δεικνὺς
836 2606 916 2656 ὅτι
947 2602 1041 2655 καὶ
1072 2601 1261 2669 μάγων
1306 2596 1402 2650 καλ⁹
1430 2595 1642 2663 γοήτων
1676 2594 1785 2654 τοῖς

205 2708 499 2760 ἐθέλουσιν
550 2705 583 2771 ή
630 2702 696 2753 δι’
760 2695 925 2751 αὐτοῦ
975 2693 1273 2761 παρέχεται
1332 2689 1493 2759 χάρις
1544 2686 1635 2739 καὶ
1684 2700 1787 2735 σω-

206 2800 403 2869 τηρῖα.

284 2889 475 2943 Ταῦτα
514 2887 607 2938 καὶ
648 2883 715 2935 τὰ
744 2879 970 2933 τοιαῦτα
996 2878 1161 2946 ’ἐτερα
1186 2871 1680 2943 διαπερανάμενος,
1730 2869 1791 2920 τὸ

207 2982 526 3037 τελευταῖον
572 2975 865 3043 κεφάλαιον
896 2967 1371 3035 ἀνακεφαλαίωσιν
1417 2964 1525 3017 τῶν
1570 2963 1791 3033 είρημέ-

210 3093 323 3128 νων
354 3072 612 3130 ποιεῖται,
650 3065 743 3117 καὶ
772 3064 886 3129 ἅμα
913 3060 974 3111 τό
1001 3076 1060 3111 τε
1084 3060 1105 3089 ⁸
1134 3064 1182 3124 γ’
1237 3056 1331 3109 καὶ
1384 3061 1425 3106 ν’
1481 3055 1571 3106 καὶ
1622 3052 1712 3105 τὸν
1742 3051 1791 3121 η’

211 3164 430 3224 τούτοις
458 3155 747 3227 ἁπαρτέζει
783 3155 961 3221 λόγον.

293 3258 452 3308 Ἐστι
484 3254 539 3304 δὲ
573 3250 670 3319 τήν
713 3248 912 3317 φράσιν
941 3243 1177 3312 καθαρὸς
1224 3258 1283 3292 τε
1326 3240 1420 3291 καὶ
1476 3235 1733 3307 εὐκρινὴς
1765 3236 1793 3286 ὁ

215 3351 383 3417 ἀνὴρ,
419 3347 527 3406 τοῖς
556 3343 610 3395 δὲ
643 3340 988 3408 ἐνθυμήμασι
1014 3335 1106 3387 καὶ
1126 3335 1194 3402 τῇ
1215 3331 1323 3382 τῶν
1348 3328 1794 3399 ἐπιχειρημάτων

216 3437 531 3493 διαπλάσει,
561 3427 672 3484 οἷον
712 3429 873 3481 αὑτὸν
906 3427 1042 3478 κατὰ
1071 3424 1233 3494 μέρος
1261 3423 1319 3474 ἐν
1370 3423 1435 3490 τῇ
1468 3421 1578 3472 τῶν
1623 3420 1797 3485 λόγων

219 3532 393 3588 αὑτοῦ
431 3524 788 3593 ὑπεδείξαμεν
816 3519 1036 3587 ἐκλογῇ.

930 3610 1096 3663 ΣΚΔ’.

680 3704 994 3772 Μέμνονος
1016 3697 1339 3763 ἱστορικόν.

1884 1968 1936 2017 in
1980 1976 2145 2017 carne
2176 1977 2518 2017 communem
2571 1962 2917 2019 Servatoretn
2984 1966 3280 2021 nuntiaret.
3341 1965 3453 2019 Hoc

1880 2054 1989 2109 illis
2017 2056 2359 2119 vaticinium,
2415 2066 2672 2126 tanquam
2723 2057 2965 2125 ejusdem
3005 2058 3141 2113 artis
3174 2058 3452 2120 studiosis,

1886 2162 2174 2204 enarrasse
2203 2149 2517 2203 Balaamum
2552 2147 2724 2209 illum,
2780 2149 2871 2220 qui
2899 2150 2981 2204 vel
3016 2150 3220 2205 invitus
3254 2151 3453 2218 impre-

1882 2240 2115 2295 cationis
2160 2242 2281 2295 loco
2339 2242 2478 2296 bene
2507 2242 2778 2312 precando
2835 2240 3040 2309 lsraeli,
3094 2242 3456 2297 benedictioni

1884 2347 1995 2386 suae
2018 2334 2273 2386 nascituri
2312 2332 2456 2402 regis
2488 2342 2692 2396 ortum,
2720 2343 2774 2388 et
2802 2334 2960 2403 hujus
2994 2349 3293 2403 praeconem
3325 2345 3455 2389 st):-

1887 2423 1995 2477 lam
2041 2423 2426 2479 admiscuissct
2462 2425 2510 2479 ⁸.
2578 2424 2714 2480 θυω
2763 2436 2943 2481 autem
3004 2440 3124 2481 sese
3169 2425 3456 2482 videndum

1886 2515 2081 2571 obtulit
2141 2516 2419 2582 Dominus,
2477 2533 2588 2587 pra:
2640 2519 2852 2573 caeteris
2909 2520 3223 2575 nationibus
3282 2519 3461 2574 Persis

1890 2605 2231 2674 potissimum
2265 2606 2376 2674 jam
2412 2614 2571 2662 natus
2603 2609 2877 2676 apparuit,
2931 2611 3076 2678 quod
3105 2609 3461 2678 quibuscum-

1891 2710 1995 2764 que
2024 2710 2145 2750 eani
2179 2698 2581 2767 expetentibus,
2618 2700 2732 2755 sive
2766 2701 2935 2770 magis
2968 2702 3081 2754 sive
3111 2700 3463 2755 ineantatori-

1892 2790 2018 2851 bus,
2061 2804 2160 2859 per
2188 2790 2359 2858 ipsum
2397 2792 2570 2860 gratia
2604 2800 2662 2847 et
2694 2791 2991 2859 redemptio
3018 2792 3333 2845 donaretur.

1966 2879 2060 2933 His
2091 2896 2220 2950 ergo
2245 2892 2408 2951 atque
2435 2882 2558 2937 aliis
2578 2883 2769 2937 borum
2802 2883 3069 2937 similibus
3098 2883 3463 2952 pertractatis,

1894 2971 2085 3026 ultimo
2135 2975 2350 3027 tandem
2400 2976 2580 3045 capite
2635 2975 3015 3042 repetitionem
3084 2975 3464 3044 praedictorum

1894 3064 2136 3117 omnium
2173 3064 2430 3129 instituit,
2491 3065 2766 3134 simulque
2804 3066 3309 3137 quinquagesimum
3357 3074 3467 3121 ter-

1822 3179 1866 3237 c
1899 3154 2031 3207 tium
2081 3164 2262 3223 caput,
2301 3165 2355 3210 et
2384 3164 2631 3210 octavum
2660 3157 2854 3210 librum
2882 3156 3129 3210 absolvit.

1974 3245 2070 3300 Est
2119 3257 2296 3302 autem
2332 3248 2383 3301 in
2444 3248 2712 3317 loquendo
2746 3264 2911 3315 purus
2940 3260 3102 3318 atque
3160 3248 3467 3310 distinctus,

1900 3336 2166 3407 ejusmodi
2202 3340 2622 3410 enthymematis
2658 3350 2819 3409 atque
2854 3340 3269 3408 epicherematis
3309 3338 3471 3394 effor-

1904 3428 2086 3491 matis,
2127 3430 2306 3497 qualia
2364 3446 2429 3485 ex
2469 3431 2757 3501 parteiam
2797 3433 2849 3487 in
2880 3432 2963 3487 his
2993 3433 3137 3487 illius
3159 3432 3339 3501 operis
3374 3447 3471 3486 ex-

1904 3520 2103 3588 cerptis
2142 3522 2518 3578 indicavimus.

2447 3616 2640 3685 222b
2694 3614 2974 3671 CCXXIV.

2189 3704 2482 3760 Memnonis
2518 3707 2877 3763 Historiarum
2911 3710 3035 3763 libri
3060 3710 3194 3778 (65).

1003 3816 1128 3870 CAP.
1172 3813 1214 3867 ι.
1239 3842 1305 3853 -
1335 3810 1550 3865 Summa
1574 3811 1806 3865 historia:
1838 3816 2091 3881 sequentis
2122 3818 2183 3871 de
2214 3819 2471 3874 Heraclea
2496 3818 2737 3875 Pontica.

315 3941 659 4010 ’Δνεγνώσθη
691 3936 894 4005 βιόλίον
928 3933 1207 4000 Μέμνονος
1238 3928 1531 3998 ἱστορικὸν,
1558 3926 1665 3979 ἀπὸ
1706 3926 1802 3979 τοῦ

228 4041 276 4093 0'
304 4039 350 4070 ιο
391 4037 552 4101 λόγου
600 4034 704 4092 ἕως
740 4035 839 4093 ις’.
892 4028 954 4078 Ἠ
988 4025 1042 4076 δὲ
1094 4020 1471 4091 πραγματεία,
1525 4022 1626 4072 ὅσα
1675 4021 1806 4089 περὶ

228 4132 333 4201 τὴν
358 4124 625 4191 Ποντικὴν
651 4120 978 4190 Ἡράκλειαν
998 4113 1317 4182 συνηνέχθη,
1342 4112 1545 4165 σκοπὸν
1565 4112 1807 4181 ἀναγρά-

228 4224 334 4291 ψαι
366 4214 702 4288 προτὋεται,
732 4211 856 4272 τοὺς
884 4210 943 4260 ὲν
991 4207 1131 4275 αὐτῇ
1171 4204 1611 4274 τυραννήσαντας
1675 4204 1807 4255 ἀνα-

231 4311 509 4381 λεγομένη
526 4306 621 4359 καὶ
650 4303 878 4373 πράξεις
926 4296 1107 4351 αὐτῶν
1135 4295 1228 4347 καὶ
1257 4294 1384 4362 ήθη,
1420 4294 1513 4345 καὶ
1540 4295 1663 4354 τοὺς
1710 4291 1808 4345 ἄλ..

234 4411 345 4461 λων
378 4403 548 4473 βίους,
574 4399 668 4449 καὶ
695 4396 764 4448 τά
800 4393 928 4462 τέλη
970 4382 1053 4452 οἷς
1087 4389 1387 4459 ἐχρήσαντο
1445 4386 1540 4438 καὶ
1567 4387 1665 4439 ὅσα
1702 4386 1811 4438 τῶν

234 4496 548 4571 εἰρημένων
579 4490 895 4558 ἐξήρτηται.

1984 3931 2286 3989 Memnonis
2316 3937 2565 4000 historia,
2599 3954 2628 3991 a
2662 3938 2799 3993 libro
2828 3953 2862 3991 ν
2892 3952 3061 4006 usque
3090 3937 3157 3992 ad
3193 3952 3303 4000 xvr,
3360 3954 3479 4007 qum

1914 4025 2060 4078 circa
2114 4025 2429 4083 Heracleam
2494 4029 2770 4086 Ponticam
2830 4032 3149 4087 acciderunt
3208 4030 3283 4098 (id
3334 4033 3476 4085 enim

1914 4116 2098 4183 operis
2118 4117 2424 4173 institutum
2444 4121 2547 4191 est)
2577 4124 2795 4190 exponit
2833 4142 2847 4177 :
2889 4133 2998 4177 tum
3024 4123 3175 4177 urbis
3198 4135 3477 4194 tyrannos,

1914 4218 1968 4260 et
1994 4223 2080 4261 res
2111 4210 2301 4264 borum
2333 4223 2509 4279 gestas
2542 4227 2853 4283 moresque,
2903 4224 3015 4268 tum
3050 4215 3282 4270 aliorum
3316 4216 3478 4270 etiam

1916 4299 2080 4351 vitam
2119 4310 2175 4354 et
2225 4302 2449 4367 exitum,
2503 4314 2558 4358 et
2586 4321 2921 4376 quaecunque
2963 4320 3028 4361 eo
3060 4307 3358 4377 pertinent,
3399 4322 3483 4361 re-

1918 4402 2123 4444 censet.

1113 4599 1240 4654 Car.
1280 4594 1346 4649 11.
1380 4628 1447 4636 -
1483 4597 1719 4649 Clearchi
1750 4597 1961 4665 tyranni
1997 4598 2248 4663 eruditio,
2274 4609 2323 4652 et
2351 4600 2653 4653 crudelitas.

314 4727 599 4793 Κλέαρχον
648 4722 744 4791 μὲν
792 4718 884 4771 οὖν
928 4713 1209 4768 ἐπιθέσθαι
1263 4712 1478 4783 πρῶτον
1535 4711 1810 4779 τυραννίδι

1863 4713 1888 4767 )
1989 4711 2286 4767 Clearchus
2320 4714 2442 4780 (ait)
2484 4716 2686 4783 primus
2717 4716 3049 4785 tyrannidem
3101 4714 3154 4767 in
3210 4714 3347 4768 hanc
3380 4712 3483 4767 sibi

239 4821 388 4878 κατά
406 4819 504 4887 τῆς
531 4814 738 4874 πόλεως
767 4810 1093 4879 ἀναγράφει.
1144 4806 1281 4875 Φησὶ
1309 4804 1364 4856 δὲ
1416 4803 1663 4865 παιδείας
1724 4803 1820 4871 μὲν

241 4916 345 4985 τῆς
377 4910 523 4966 κατὰ
551 4907 867 4975 φιλοσοφίαν
883 4904 983 4955 οὐκ
1015 4902 1382 4969 ἀγύμναστον,
1409 4896 1545 4949 ἀλλά
1566 4896 1657 4948 καὶ
1677 4894 1821 4947 Πλά-

242 4984 420 5064 τωνος
452 4999 562 5051 τῶν
596 4993 884 5065 ἀκροατῶν
926 4992 1025 5043 ἕνα
1074 4988 1376 5055 γεγονέναι,
1431 4985 1525 5037 καὶ
1576 4984 1816 5051 Ἰσοκρά-

245 5110 378 5153 τους
402 5092 459 5142 δὲ
491 5088 586 5140 τοῦ
619 5088 845 5155 ῥήτορος
866 5081 1183 5151 τετραετίαν
1230 5076 1627 5147 ἀκροάσασθαι,
1674 5077 1822 5143 ὠμὸν

248 5185 307 5236 δὲ
334 5185 449 5243 τοῖς
477 5178 739 5245 ὑπηκόοις
778 5175 872 5228 καὶ
905 5173 1208 5243 μιαιφόνον,
1260 5171 1415 5238 εἴπερ
1470 5168 1590 5220 τινὰ
1643 5168 1821 5230 ἄλλον,

1921 4803 2108 4857 urbem
2156 4803 2473 4864 vindicavit,
2554 4806 2855 4873 disciplinze
2900 4805 3286 4874 philosophiae
3344 4806 3485 4856 haud

1919 4894 2168 4962 equidem
2195 4895 2343 4949 rudis
2374 4898 2425 4959 (e
2460 4896 2697 4949 [‘lutuuis
2716 4898 2857 4949 enim
2892 4897 3172 4964 discipulis
3200 4910 3339 4949 uuus
3365 4894 3483 4955 l‘uit,

1922 4995 1975 5038 et
2009 4986 2427 5052 quadriennium
2461 4986 2679 5041 Isocrati
2712 4990 2913 5042 oratori
2945 5003 3165 5057 operam
3198 4988 3396 5052 dedit);
3433 4998 3487 5039 at

1922 5078 2200 5130 enimvero
2232 5077 2522 5139 crudelem,
2587 5083 2630 5132 si
2661 5080 2941 5148 quisquam
2976 5080 3138 5143 alius,
3194 5080 3402 5132 civibus
3429 5093 3484 5131 se

1923 5168 2169 5221 exhibuit
2215 5178 2267 5221 et
2318 5180 2601 5223 cruentum
2632 5190 2643 5222 :
2677 5178 2729 5223 et
2756 5173 2822 5222 ad
2849 5184 3115 5224 summum
3143 5183 3314 5237 usque
3346 5168 3487 5220 inso-

249 5272 649 5341 ἐπιδειχθῆναι,
682 5268 776 5319 καὶ
813 5269 892 5328 είς
943 5266 1108 5333 ἀκρον
1140 5261 1459 5322 ἀλαζονείας
1518 5260 1728 5324 ἐλάσαι,
1753 5260 1827 5322 ὼς

1928 5259 2107 5313 lentia:
2146 5262 2431 5329 processit,
2495 5271 2551 5315 ut
2597 5272 2651 5315 et
2694 5260 2841 5317 Jovis
2885 5276 2943 5316 se
2966 5262 3129 5315 lilium
3164 5260 3467 5315 nominaret

326 5401 349 5425 ι
392 5385 549 5438 Num.
587 5399 731 5446 xxiv,
763 5384 786 5436 1
827 5396 976 5449 seqq.

1540 5467 1774 5522 ν.ιιιιΑε
1808 5467 2205 5523 LECTIONES.

362 5580 384 5609 "
416 5576 731 5629 ΒαλαάκΛ.
797 5575 817 5604 ⁹
854 5573 989 5624 τότε
1022 5572 1063 5621 Λ
1103 5568 1201 5622 ετό
1242 5585 1302 5629 ς.
1405 5565 1445 5594 ¹⁰
1475 5561 1517 5615 θ’
1552 5566 1592 5614 Λ
1622 5579 1634 5612 :
1665 5568 1704 5613 ε’
1729 5579 1789 5624 ς.

1779 5650 2011 5707 NOTAE.

330 5769 445 5835 (δι)
501 5762 702 5835 Eadem
755 5757 921 5835 l_ta_sil.
986 5764 1039 5810 et
1090 5752 1315 5822 Nysscui
1358 5748 1625 5805 senlentia
1666 5743 1824 5799 llotu.

254 5843 324 5893 de
359 5830 597 5890 Mum.
633 5830 857 5884 Domini.

2016 5741 2125 5811 (65)
2155 5741 2255 5813 _De
2312 5738 2582 5813 Heraclea
2636 5739 2869 5795 Pontica:
2917 5744 3180 5813 tyrannis.
3214 5740 3501 5799 Latinitate

1942 5809 2121 5867 donati
2152 5809 2314 5866 Laur.
2351 5811 2737 5868 Rhodoutanuo
2770 5809 3081 5883 interprete.
