4208 6448
751 383 857 452 879

1907 384 2171 445 ΡΗΟΤΙΙ
2195 380 2701 443 PATRIARCIL‘E
2735 382 2844 440 Cl‘.

3906 382 4010 451 880

748 498 863 556 Nec
896 496 1078 551 colore
1112 495 1368 566 genuino,
1422 510 1529 563 quo
1561 504 1753 549 natura
1786 495 1979 549 faciem
2011 495 2128 566 ejus
2159 495 2333 547 tinxe-

2439 494 2530 545 καὶ
2560 493 2679 553 Διὸς
2711 493 2825 544 υἱὸν
2856 490 3049 544 ἑαυτὸν
3078 492 3322 546 ἀνειπεῖν
3341 490 3462 546 ’καὶ
3493 494 3554 545 τὸ
3581 494 3874 563 πρόσωπον
3937 499 4008 566 μὴ

755 602 865 653 rat,
926 596 1240 650 contentus,
1290 586 1519 640 subinde
1548 588 1669 641 aliis
1703 596 1864 656 alque
1899 586 2019 640 aliis
2047 601 2165 639 eam
2200 585 2335 637 fucis

758 686 1019 747 illinebat,
1071 692 1133 737 ut
1158 683 1323 736 nitida
1352 690 1406 735 ct
1440 681 1739 736 rubicunda
1771 681 2101 735 intuentibus
2124 679 2335 733 videre-

758 789 863 832 tur.
906 778 1044 842 Quin
1078 787 1324 831 ctvcstes
1358 775 1423 829 ad
1455 783 1695 829 terrores
1718 787 1771 827 et
1803 773 2024 828 delicias
2056 781 2333 842 permuta-

757 872 868 925 bat.
927 870 1035 923 Nec
1080 884 1209 922 vero
1249 869 1301 923 in
1332 869 1416 923 his
1460 877 1670 923 tantum
1724 866 2003 934 improbus
2052 875 2192 928 erat,
2240 862 2333 917 scd

756 963 921 1014 etiam
952 961 1004 1013 in
1044 959 1427 1015 benefactores
1466 961 1708 1028 ingratus
1739 977 1750 1009 :
1786 968 1837 1010 ct
1866 959 1914 1009 in
1950 956 2197 1009 omnibus
2220 953 2334 1005 vio-

761 1055 957 1117 lcntns,
994 1052 1059 1105 ad
1082 1068 1169 1107 res
1204 1051 1438 1107 nefarias
1473 1052 1670 1105 audax.
1706 1047 1911 1103 Natura
1938 1046 2236 1100 industrius
2269 1044 2333 1095 ad

757 1146 931 1198 cmdes
961 1157 1149 1197 eorum
1191 1158 1326 1212 quos
1364 1145 1667 1212 impeteret,
1724 1156 1829 1193 non
1872 1148 2079 1192 tantum
2113 1137 2156 1190 si
2206 1134 2333 1204 quid

757 1234 952 1289 hostile
990 1236 1351 1288 meditaretur
1380 1245 1568 1288 contra
1598 1232 1912 1300 populares,
1945 1230 2041 1285 sed
2075 1229 2240 1284 etiam
2279 1228 2329 1279 in

757 1337 994 1381 exteros.
1038 1325 1427 1380 Bibliothecam
1454 1337 1628 1378 tamen
1662 1323 1763 1376 sibi
1792 1321 2152 1391 comparavit,
2181 1319 2334 1387 cujus

758 1417 915 1472 laude
947 1417 1317 1486 antegreditur
1347 1415 1479 1469 alios
1520 1430 1654 1485 quos
1686 1412 1935 1483 tyrannis
1958 1410 2193 1465 famosos
2216 1409 2336 1461 red-

765 1514 927 1568 didit.
948 1512 1044 1566 llic
1074 1512 1296 1566 insidias
1317 1510 1510 1564 crebro
1538 1510 1753 1567 multas.
1777 1517 1994 1577 propter
2021 1506 2218 1567 caedes,
2238 1504 2336 1557 im-

758 1605 1105 1667 manitatem,
1126 1612 1181 1655 ct
1212 1601 1441 1670 injurias
1462 1601 1562 1654 sibi
1591 1608 1847 1661 structas,
1869 1595 2087 1665 eﬂ'ugit;
2120 1594 2212 1649 sed
2244 1593 2330 1645 vix

758 1693 972 1746 tandem
1002 1707 1030 1744 a
1060 1691 1267 1746 Chione
1320 1689 1506 1743 Matris
1556 1688 1664 1742 filio
1696 1688 1807 1757 (qui
1847 1686 1929 1738 vir
1960 1695 2075 1739 erat
2113 1697 2336 1749 magna-

761 1786 958 1846 nimus,
1004 1792 1058 1836 et
1098 1780 1499 1835 necessitudine
1552 1779 1832 1846 sanguinis
1886 1789 2115 1847 tyranno
2149 1774 2333 1828 devin-

758 1874 897 1944 ctus)
930 1884 983 1927 et
1018 1873 1195 1926 Leone
1223 1883 1275 1925 et
1302 1870 1607 1935 Euxenone,
1641 1870 1958 1937 ueterisque
1984 1882 2088 1919 non
2121 1866 2329 1933 paucis,

758 1966 1133 2033 conjuratione
1193 1966 1350 2029 inita,
1411 1964 1602 2016 vulnus
1657 1962 1852 2016 lethale
1910 1958 2333 2029 accepitzcujns

757 2059 943 2113 dolore
976 2057 1335 2111 acerbissimo
1366 2066 1449 2108 est
1476 2055 1797 2108 exstinctus.
1858 2050 2155 2105 Commune
2187 2050 2332 2103 enim

759 2150 934 2218 populi
959 2165 1175 2203 sacrum
1202 2151 1395 2219 agebat
1448 2158 1733 2219 tyrannus.
1767 2142 2132 2214 Opportunam
2170 2142 2335 2211 igitur

758 2240 1099 2293 occasionem
1124 2254 1180 2293 se
1207 2240 1431 2307 adeptos
1466 2239 1566 2292 rati
1594 2238 1684 2307 qui
1721 2252 1843 2290 cum
1873 2234 2080 2289 Chione
2118 2232 2335 2300 conspi-

762 2342 1031 2397 raverant,
1071 2346 1228 2384 manu
1260 2328 1484 2383 Chionis
1530 2343 1715 2384 ensem
1766 2338 1914 2380 trans
1954 2326 2044 2379 ilia
2080 2338 2331 2379 commu-

758 2424 841 2477 nis
874 2425 1061 2492 patriaa
1099 2424 1271 2477 hostis
1305 2405 1545 2492 adigunt.
1588 2420 1689 2486 Qui
1727 2421 1867 2474 inter
1899 2418 2097 2473 multos
2145 2428 2201 2473 et
2239 2431 2333 2472 sa:-

757 2517 1007 2570 vissimos
1041 2515 1317 2570 cruciatus
1350 2514 1520 2582 magis
1553 2515 1836 2581 magisque
1866 2512 2332 2582 ingravescentes,

758 2622 811 2662 et
833 2623 1065 2676 pavores
1091 2622 1121 2661 a
1146 2607 1376 2674 spectris
1407 2607 1659 2660 incussos
1688 2614 1869 2674 (erant
1901 2615 2081 2657 autem
2111 2603 2335 2658 simula-

758 2717 849 2753 cra
874 2715 1058 2753 eorum
1089 2714 1225 2767 quos
1249 2698 1524 2753 crudelem
1562 2699 1613 2751 in
1652 2698 1867 2751 modum
1896 2705 2229 2764 necaverat),
2258 2694 2337 2747 al—

760 2802 872 2843 tero
917 2791 1004 2843 die
1046 2798 1168 2858 post
1211 2790 1377 2841 vitam
1413 2803 1534 2843 cum
1567 2795 1742 2841 morte
1785 2786 2186 2847 commutavit,
2214 2800 2333 2839 cum

756 2897 928 2935 annos
951 2882 1221 2949 exegisset
1256 2880 1308 2934 in
1348 2881 1453 2933 vita
1486 2879 1578 2943 58,
1614 2888 1670 2932 et
1699 2878 1765 2931 12
1803 2877 2141 2946 tyrannicum
2173 2878 2338 2943 impe-

756 2975 894 3025 rium
934 2973 1218 3025 tenuisset.
1293 2971 1449 3038 Apud
1481 2969 1690 3023 Persas
1722 2978 1847 3019 tunc
1899 2982 2063 3035 regno
2109 2974 2337 3033 praeerat

753 3063 1103 3124 Artaxerxes,
1138 3070 1191 3115 et
1219 3061 1413 3115 exinde
1446 3061 1627 3114 Ochus
1678 3057 1879 3126 223a
1936 3058 2104 3125 patris
2155 3059 2205 3109 in
2239 3058 2337 3108 im-

2436 585 2725 655 ἀνέχεσθαι
2768 588 2890 647 ταῖς
2944 587 3010 639 ἐκ
3064 587 3279 656 φύσεως
3312 588 3756 657 χρωματίζεσθαι
3791 588 4006 659 βαφαῖς,

2436 679 2623 739 ἄλλαις
2653 678 2709 729 δὲ
2742 678 2837 729 καὶ
2870 678 3059 739 ἄλλαις
3111 678 3277 739 ίδέαις
3324 679 3737 748 ποικιλλόμενον
3796 683 3888 734 ἐπὶ
3941 685 4002 733 τὸ

2439 768 2689 820 στιλπνόν
2734 785 2791 818 τε
2833 769 2928 819 καὶ¹
2978 768 3263 837 ἐνερευθὲς
3298 771 3339 800 ’ί
3374 767 3489 830 τοῖς
3541 771 3742 836 ὁρῶσιν
3790 773 4009 839 ἐπιφαι-

2436 860 2641 923 νεσθαι,
2669 859 3015 924 ἐξαλλάττειν
3052 859 3107 910 δὲ
3143 861 3235 912 καὶ
3265 862 3391 923 τοὺς
3425 862 3658 931 χιτῶνας
3698 863 3792 913 ἐπὶ
3833 863 3892 915 τὸ
3922 881 4011 930 φο-

2438 951 2598 1022 ϐερόν
2629 969 2686 1005 τε
2728 953 2822 1005 καὶ
2854 951 3171 1022 ἁδρότερον.
3214 952 3341 1023 [⁸705
3375 952 3467 1023 IL]
3497 955 3569 1006 Ού
3601 954 3774 1007 ταῦτα
3812 956 3867 1006 δὲ
3923 957 4013 1023 μό-

2438 1062 2527 1096 νον
2568 1044 2821 1104 γενέσθαι
2852 1046 3041 1107 κακὸν,
3066 1043 3202 1097 ἀλλά
3245 1047 3338 1097 καὶ
3391 1046 3530 1114 πρὸς
3571 1047 3694 1108 τοὺς
3723 1048 4012 1117 εὐεργέτας

2439 1135 2735 1205 ἀχάριστον
2768 1134 2863 1187 καὶ
2888 1136 3066 1188 πάντα
3104 1135 3276 1204 βίαιόν
3304 1153 3364 1188 τε
3395 1138 3487 1189 καὶ
3503 1137 3574 1189 τά
3607 1137 3785 1190 ἄτοπα
3815 1140 4013 1208 τολμη-

2442 1229 2531 1297 ρόν
2558 1245 2572 1257 ·
2615 1228 2781 1294 φῦναι
2809 1227 2865 1279 δὲ
2896 1230 2990 1281 καὶ
3034 1228 3363 1299 δραστήριον
3405 1229 3499 1281 τὸν
3549 1229 3890 1298 παλαμναῖον
3934 1227 4013 1291 οἷς

2440 1320 2506 1372 ἂν
2537 1318 2786 1372 ἐπιῦάλοι
2815 1320 2881 1378 ".
2909 1320 2969 1371 ού
3002 1320 3144 1373 κατά
3172 1321 3281 1372 τῶν
3314 1320 3603 1391 ὁμοφύλων
3644 1323 3824 1392 μόνον,
3883 1323 4014 1376 ἀλλὰ

2438 1414 2533 1465 καὶ
2559 1412 2610 1463 εῖ
2632 1430 2685 1464 τι
2716 1413 2775 1464 ἐν
2798 1412 3119 1481 ἀλλοφύλοις
3150 1414 3368 1483 ἐφρόνει
3396 1414 3677 1483 πολέμιον.
3735 1416 4013 1484 Βιδλιοθὴ-

2440 1522 2543 1575 κην
2566 1506 2751 1573 μέντοι
2777 1504 3191 1558 κατασκευάσαι
3223 1506 3330 1575 πρὸ
3358 1507 3467 1559 τῶν
3488 1508 3664 1561 ἄλλων
3707 1508 3800 1571 οὓς
3856 1511 3889 1578 ὴ
3918 1527 4011 1561 τυ-

2441 1596 2622 1664 ραννὶς
2643 1595 2928 1659 ἀπέδειξεν
2968 1597 3359 1664 ὀνομάζεσθαι.
3392 1598 3594 1650 Τοῦτον
3634 1599 3691 1651 δὲ
3721 1601 4011 1663 ἐπιϐουλὰς

2442 1688 2539 1755 μὲν
2570 1686 2774 1749 πολλὰς
2808 1686 3071 1748 πολλάκις
3102 1687 3190 1739 διὰ
3217 1687 3280 1739 τὸ
3346 1688 3634 1758 μιαιφόνον
3676 1690 3769 1741 καὶ
3824 1691 4015 1759 μισάν-

2441 1780 2660 1848 θρωπον
2692 1780 2786 1830 καὶ
2825 1777 3142 1849 ὑϐριστικὸν
3197 1778 3320 1831 κατ’
3352 1778 3520 1831 αὑτοῦ
3580 1782 3849 1840 συστάσας
3903 1782 4016 1833 διαο

2438 1874 2650 1938 φυγεῖν,
2678 1870 2777 1939 ὀψὲ
2814 1871 2870 1923 δέ
2894 1871 2989 1923 καὶ
3042 1870 3197 1935 μόλις
3227 1870 3331 1923 ὑπὸ
3352 1872 3562 1934 Χίωνος
3590 1871 3685 1924 τοῦ
3746 1873 4013 1942 Μάτριος,

2438 1961 2633 2029 ἀνδρὸς
2670 1961 3076 2030 μεγαλόφρονος
3110 1962 3208 2013 καὶ
3234 1963 3522 2015 κοινωνίαν
3545 1963 3682 2034 πρὸς
3718 1962 3879 2015 αὐτὸν
3920 1966 4017 2031 τὴν

2436 2052 2495 2118 ἐξ
2516 2054 2747 2123 αἵματος
2774 2052 3011 2123 ἔχοντος,
3042 2052 3280 2125 [56611.]
3312 2054 3407 2106 καὶ
3440 2054 3672 2117 Λέοντος
3705 2054 3798 2105 καὶ
3851 2052 4016 2118 Εὐξέ-

2436 2162 2604 2207 νωνος
2636 2145 2731 2197 καὶ¹
2761 2144 2964 2215 ἐτέρων
3015 2146 3115 2197 οὐκ
3152 2144 3349 2213 ὀλίγων
3396 2144 3829 2214 συσκευασθῆναι
3882 2143 4020 2211 πλη-

2438 2237 2538 2306 γὴν
2568 2238 2792 2307 καιρίαν
2810 2238 3076 2304 ἐνεγκεῖν,
3128 2238 3222 2289 καὶ
3276 2236 3608 2305 τελευτῆσαι
3654 2234 3868 2305 πικρῶς
3913 2238 4017 2287 ἀπ’,

2437 2330 2530 2382 τοῦ
2560 2329 2894 2400 τραύματος.
2935 2330 3099 2383 Ἔθυε
3135 2330 3232 2400 μὲν
3286 2329 3395 2399 γὰρ
3440 2328 3714 2398 δημοτελῆ
3756 2328 3949 2381 θυσίαν
3994 2331 4021 2380 ὁ

2436 2423 2737 2491 τύραννος*
2772 2424 2818 2474 oi
2863 2423 2918 2475 δὲ
2958 2422 3088 2491 περὶ
3135 2421 3228 2474 τὸν
3272 2421 3460 2474 Χίωνα
3507 2421 3815 2489 ἐπιτήδειον
3880 2415 4019 2472 εἶναι

2439 2515 2527 2567 τὸν
2554 2514 2747 2583 καιρὸν
2781 2517 2847 2583 τῇ
2907 2514 3106 2582 πράξει
3154 2513 3484 2583 νομίσαντες
3531 2516 3598 2583 τῇ
3657 2512 3752 2565 τοῦ
3810 2512 4019 2574 Χίωνος

2438 2610 2583 2678 χειρὶ
2621 2608 2681 2659 τὸ
2716 2607 2869 2674 ξίφος
2894 2607 2986 2658 διά
3008 2607 3118 2659 τῶν
3141 2605 3233 2657 τοῦ
3264 2605 3448 2658 κοινοῦ
3481 2604 3741 2675 πολεμίου
3776 2604 4023 2670 λαγόνων

2441 2699 2777 2751 ἐλαύνουσιν.
2800 2698 2859 2749 Ὀ
2887 2696 2965 2759 δὲ,
2997 2695 3209 2747 πολλῶν
3226 2696 3390 2748 αὐτὸν
3425 2696 3520 2747 καὶ
3551 2694 3765 2763 πικρῶν
3794 2694 4023 2762 ἀλγηδό-

2439 2806 2543 2841 νων
2584 2786 3035 2849 κατατεινόντων,
3057 2786 3153 2837 καὶ
3181 2785 3456 2837 τοσούτων
3489 2785 3790 2853 φασμάτων
3854 2784 4025 2835 ἐκδει-

2443 2879 2756 2949 ματούντων
2797 2877 3015 2947 (εἷδωλα
3068 2876 3126 2929 δὲ
3177 2875 3246 2928 τὰ
3278 2876 3543 2945 φάσματα
3586 2870 3655 2944 ἦν
3690 2866 3765 2925 ὧν
3818 2873 4024 2935 ἐκεῖ.ος

2442 2969 2739 3037 μιαιφόνως
2767 2966 3240 3037 ἀνῃρήκει),οὕτω
3262 2967 3573 3035 δευτεραῖος
3612 2968 3705 3019 τὸν
3740 2967 3854 3036 βίον
3892 2988 4025 3021 κατ-

2440 3060 2687 3129 έστρεψε,
2726 3059 2900 3125 ζήσας
2960 3058 3057 3126 μὲν
3107 3058 3198 3125 ἔτη
3226 3058 3277 3126 η’
3312 3058 3408 3109 καὶ
3440 3065 3508 3118 ν’,
3560 3058 3765 3111 τούτων
3809 3060 3867 3111 δὲ
3935 3078 4028 3111 τυ-

753 3155 903 3223 perio
930 3168 1239 3207 successor.
1302 3153 1381 3205 Ad
1438 3167 1575 3221 quos
1607 3164 1985 3220 saepenumero
2012 3150 2333 3211 Clearchus,

2444 3151 2713 3219 ραννήσας
2746 3148 3092 3201 δυοκαίδεκα.
3128 3144 3255 3217 Εἶχε
3313 3149 3369 3200 δὲ
3434 3148 3532 3218 τὴν
3578 3151 3804 3218 Περσῶν
3851 3153 4029 3221 ἀρχὴν

754 3247 879 3298 dum
940 3247 1048 3299 vita
1106 3246 1322 3309 fruitur,
1371 3243 1579 3313 legatos
1608 3243 1775 3297 misit.

753 3342 1005 3385 auctores
1047 3342 1275 3401 tyranno
1304 3329 1549 3394 fuerant,
1585 3346 1752 3400 prope
1795 3344 2004 3393 omnes,
2052 3331 2249 3396 partim
2309 3344 2339 3381 a

753 3423 1103 3487 satellitibus,
1131 3425 1180 3475 in
1203 3424 1319 3499 ipso
1348 3424 1715 3499 aggressionis
1747 3422 1978 3475 articulo
2006 3423 2118 3490 (ubi
2155 3431 2336 3475 tamen

753 3524 1003 3567 strenuos
1032 3528 1091 3567 se
1120 3513 1266 3566 viros
1286 3516 1569 3582 gerebant)
1599 3514 1825 3577 concisi,
1846 3513 2038 3582 partim
2062 3514 2340 3581 aliquanto

754 3610 873 3666 post
900 3601 1065 3669 capti,
1104 3610 1158 3654 et
1181 3603 1459 3656 atrocibus
1486 3603 1772 3673 suppliciis
1800 3604 1943 3672 (qua:
1968 3600 2186 3657 fortiter
2210 3603 2334 3656 tole-

755 3707 966 3763 rarunt)
1004 3696 1204 3760 affecti,
1230 3698 1557 3753 occubuere.

1868 3242 1969 3309 Qui
2020 3256 2150 3296 vero
2192 3242 2345 3294 necis-

2457 3243 2821 3313 Ἀρταξέρξης
2851 3242 2996 3308 τότε,
3040 3238 3160 3293 εἷτα
3194 3243 3288 3294 καὶ
3316 3238 3484 3311 Ὦχος
3539 3246 3567 3295 ὁ
3591 3245 3792 3312 ταύτην
3831 3248 3894 3296 ἐκ
3927 3264 4029 3297 πα-

2445 3333 2569 3401 τρὸς
2608 3331 2965 3397 ἐκδεξάμενος
2998 3347 3010 3358 ·
3048 3332 3185 3399 πρὸς
3207 3331 3300 3393 οὓς
3342 3334 3435 3383 καὶ
3466 3333 3727 3395 πολλάκις
3749 3334 3830 3386 ἔτι
3864 3337 3974 3397 ζῶν
4002 3338 4029 3387 ὁ

2450 3424 2725 3491 Κλέαρχος
2752 3422 3235 3491 διεπρεσϐεύσατο.
3272 3424 3335 3474 Οἱ
3378 3424 3561 3493 μέντοι
3585 3441 3649 3491 γε
3684 3426 4029 3495 ἀνῃρηκότες

2445 3516 2535 3567 τὸν
2565 3513 2829 3582 τύραννον
2863 3513 3065 3583 μικροῦ
3089 3514 3289 3577 πάντες
3319 3515 3367 3566 οἱ
3406 3515 3505 3584 μὲν
3534 3517 3639 3567 ὑπὸ
3682 3516 3792 3567 τῶν
3835 3534 4027 3584 σωμα-

2445 3606 2768 3675 τοφυλάκων
2820 3606 2942 3656 κατ’
2977 3604 3139 3657 αὑτὸν
3176 3603 3269 3656 τὸν
3326 3606 3427 3671 τῆς
3474 3605 3772 3667 ἐπιθέσεως
3809 3609 4026 3673 καιρὸν,

2457 3701 2831 3768 οὐχ’ἀγεννῶς
2854 3700 3261 3769 ἀνδρισάμενοι,
3316 3699 3721 3767 κατεκόπησαν,
3745 3700 3793 3751 οἱ
3828 3700 3885 3751 δὲ
3936 3706 4032 3754 καὶ

754 3792 981 3861 ὕστερον
1006 3792 1403 3862 συλληφθέντες
1430 3795 1526 3848 καὶ⁵
1572 3797 1798 3863 πικραῖς
1826 3798 2120 3867 τιμωρίαις
2174 3799 2683 3870 ἐγκαρτερήσαντες
2718 3795 3090 3864 ἀνῃρέθησαν.

756 3887 885 3940 Car.
928 3884 1016 3938 lli.
1047 3883 1319 3953 —Salyri
1356 3888 1566 3955 tyranni
1605 3890 1907 3943 immanitas
1939 3901 1986 3944 et
2024 3894 2331 3955 crudelitas,
2354 3889 2698 3959 philustorgia
2728 3890 2780 3938 in
2822 3888 3059 3955 fratrem.
3101 3886 3316 3939 Morbus
3356 3895 3528 3940 atrox.
3568 3885 3810 3940 Vindicta
3844 3890 4032 3943 divina

2127 3965 2287 4015 etiam
2331 3966 2383 4013 in
2412 3963 2507 4011 hac
2548 3961 2672 4009 vita.

824 4049 1052 4117 Satyrus
1114 4060 1316 4115 autem,
1376 4051 1588 4120 tyranni
1650 4067 1962 4121 germanus,
2015 4065 2071 4108 et
2116 4068 2335 4111 curator

755 4155 1045 4208 puerorum
1080 4140 1351 4195 Timothei
1387 4152 1441 4195 et
1477 4141 1715 4215 Dionysii
1754 4145 1996 4210 relictus,
2049 4148 2332 4218 imperium

752 4234 999 4300 suscipit,
1050 4234 1141 4301 qni
1197 4248 1301 4285 non
1355 4232 1678 4288 Clearchum
1734 4237 2093 4301 solummodo,
2149 4255 2331 4294 verum

753 4336 979 4379 cunctos
1019 4327 1183 4378 etiam
1212 4335 1472 4395 tyrannos
1514 4327 1837 4383 crudelitate
1870 4334 2166 4400 superavit.
2219 4332 2332 4388 Non

750 4419 894 4468 enim
958 4416 1025 4469 de
1061 4416 1471 4470 insidiatoribus
1528 4416 1713 4471 fratris
1770 4428 1975 4473 tantum
2040 4421 2333 4473 vindictam

752 4508 1001 4573 sumpsit,
1039 4507 1129 4559 sed
1164 4516 1215 4559 ct
1250 4506 1303 4558 in
1341 4507 1539 4561 liberos
1563 4523 1748 4562 eorum
1772 4511 1863 4578 qui
1898 4511 2059 4565 ctiam
2095 4513 2169 4566 rei
2208 4528 2331 4581 per-

2513 4055 2752 4122 Σάτυρος
2791 4052 2847 4103 δὲ
2882 4054 2909 4103 ὁ
2951 4051 3045 4103 τοῦ
3092 4052 3359 4121 τυράννου
3400 4051 3646 4121 ἀδελφὸς,
3686 4047 3772 4104 οἷα
3813 4053 3878 4121 δὴ
3907 4055 4033 4107 ἐπί-

2438 4162 2635 4214 τροπος
2673 4144 3063 4211 καταλειφθεὶς
3087 4143 3197 4195 τῶν
3240 4144 3450 4196 παίδων
3479 4144 3746 4212 Τιμοθέου
3782 4148 3877 4197 καὶ
3904 4150 4033 4199 Διο-

2438 4238 2643 4297 νυσίου,
2680 4238 2779 4304 τὴν
2826 4234 3003 4303 ἀρχὴν
3044 4234 3391 4303 ὑποδέχεται·
3432 4236 3488 4298 ὃς
3524 4235 3768 4305 ὠμότητι
3818 4240 3917 4306 μὲν
3968 4242 4028 4292 οὐ

2439 4333 2740 4399 Κλέαρχον,
2773 4329 2912 4381 ἀλλά
2954 4331 3047 4381 καὶ
3082 4330 3291 4392 πάντας
3319 4331 3618 4398 τυράννους
3659 4334 4027 4402 ύπερέεαλεν.

2437 4424 2509 4475 Οὐ
2557 4423 2719 4493 μόνον
2774 4422 2882 4489 γάρ
2928 4422 3055 4483 τοὺς
3116 4422 3638 4487 ἐπιϐεϐουλευκότας
3679 4424 3757 4492 τῷ
3805 4427 4029 4497 ἀδελφῷ

2437 4516 2839 4583 ἐτιμωρήσατο,
2871 4549 2891 4565 ν
2928 4514 3004 4565 λὰ
3041 4514 3135 4566 καὶ
3166 4514 3272 4566 τῶν
3304 4516 3511 4568 τέκνων
3538 4516 3573 4569 ἆ
3607 4517 3773 4585 μηδὲν
3799 4523 4026 4591 συνῄδει

750 4607 973 4666 pett-ala)
1004 4597 1204 4651 conscii
1231 4613 1334 4651 non
1359 4610 1566 4663 essent,
1588 4617 1691 4654 non
1717 4603 1895 4657 minus
1927 4605 2119 4657 szeviit.
2158 4608 2332 4671 Atque

2439 4609 2546 4667 τοῖς
2571 4605 2978 4674 γεγεννηκόσιν,
3012 4605 3166 4657 οὐδὲν
3193 4606 3545 4676 ἀνεκτότερον
3574 4609 3894 4679 ἐδηλήσατο,
3926 4616 4028 4665 καὶ

752 4691 822 4742 ita
850 4704 876 4741 a
907 4690 1088 4743 multis
1134 4689 1442 4744 insontibus
1499 4691 1867 4746 maleﬁcorum
1915 4710 2104 4763 poenas
2128 4696 2326 4760 exegit.

751 4779 873 4833 Fuit
899 4781 984 4834 hic
1008 4781 1189 4834 omnis
1219 4781 1480 4835 doctrinae
1506 4783 1899 4852 philosophica:
1932 4795 1985 4839 et
2020 4788 2214 4839 artium
2250 4788 2328 4839 in—

750 4887 1049 4940 genuarum
1080 4872 1305 4926 omnino
1335 4887 1553 4942 expers,
1588 4874 1802 4941 ingenio
1840 4884 2048 4928 tantum
2080 4879 2145 4930 ad
2177 4879 2329 4932 δαενί-

751 4966 878 5014 tiain
933 4978 1245 5031 pr0penso;
1302 4978 1401 5017 nec
1452 4964 1702 5018 voluntas
1751 4964 1799 5018 ei
1849 4975 1987 5028 erat,
2029 4967 2324 5021 humanum

748 5054 950 5121 aliquid
998 5064 1052 5107 et
1102 5055 1439 5107 moderatum
1484 5056 1747 5118 discendi,
1804 5071 1903 5109 nec
1936 5073 1965 5110 a
2017 5068 2206 5110 natura
2245 5061 2325 5110 in-

746 5144 857 5197 iiita
939 5145 1165 5198 facultas
1229 5164 1241 5197 :
1304 5148 1398 5199 sed
1459 5161 1552 5216 per
1602 5148 1785 5199 omnia
1865 5157 1981 5201 erat
2032 5151 2327 5217 pessimus,

748 5237 958 5289 etiamsi
1016 5247 1226 5304 tempus
1295 5238 1469 5305 ipsum
1539 5237 1866 5308 infringcbat
1924 5239 2219 5301 hominem,
2275 5251 2332 5293 ut

748 5330 922 5383 civilis
959 5330 1171 5383 tandem
1226 5330 1504 5398 sanguinis
1539 5340 1593 5384 et
1626 5331 1792 5382 cmdis
1820 5344 1943 5382 eum
1982 5332 2209 5383 satietas
2239 5346 2329 5384 ca-

749 5429 920 5489 peret.
969 5421 1187 5475 Amoris
1224 5432 1399 5475 tamen
1448 5422 1671 5475 fraterni
1721 5421 1927 5488 primas
1981 5422 2120 5476 tulit.
2171 5420 2329 5482 Nam,

749 5523 808 5564 ut
846 5511 1178 5566 dominatum
1240 5513 1425 5568 fratris
1486 5514 1610 5566 filiis
1668 5513 1936 5581 integrum
1989 5513 2057 5565 ab
2114 5514 2326 5580 injuriis

750 5611 1122 5666 conservaret,
1179 5603 1313 5655 adeo
1364 5604 1478 5671 cjtts
1528 5602 1794 5655 rationem
1850 5601 2059 5664 habuit,
2115 5612 2171 5653 ut
2207 5603 2331 5655 licet

2441 4698 2670 4759 πολλοὺς
2707 4696 2985 4757 ἀναιτίους
3024 4694 3350 4765 κακούργων
3381 4697 3535 4761 δίκας
3569 4701 3841 4771 ἀπῄτησε.
3880 4705 4025 4755 Τού-

2439 4807 2527 4840 τον
2559 4789 2614 4839 δὲ
2662 4789 2755 4840 καὶ
2791 4788 3131 4855 μαθημάτων
3170 4790 3277 4839 τῶν
3306 4805 3364 4839 τε
3394 4791 3533 4841 κατὰ
3570 4792 3888 4858 φιλοσοφίαν
3925 4799 4026 4848 καὶ

2445 4881 2554 4932 τῶν
2602 4878 2802 4941 παντὸς
2837 4878 3144 4948 ἐλευθερίου
3176 4880 3336 4933 ἄλλου
3371 4881 3414 4910 ’³
3440 4882 3717 4945 παντελῶς
3777 4886 4022 4955 ὑπάρξαι

2439 4969 2849 5040 ἀπαράῖκτον,
2917 4971 3008 5020 καὶ
3056 4969 3180 5021 νοῦν
3232 4970 3288 5022 δὲ
3340 4972 3475 5041 πρὸς
3541 4975 3638 5037 τὰς
3696 4981 4022 5044 μιαιφονίας

2436 5063 2597 5131 μόνον
2644 5062 2943 5134 τηςύρῤοπον
2998 5062 3187 5130 ἔχοντα
3238 5065 3619 5135 φιλάνθρωπον
3672 5070 3841 5135 μηδὲν
3880 5074 4021 5138 μηδὲ

2432 5156 2637 5222 ἥμερον
2666 5156 2801 5223 μήτε
2829 5154 3020 5218 μαθεῖν
3046 5155 3299 5223 ἐθελῆσαι
3328 5158 3465 5227 μήτε
3493 5158 3652 5224 φῦναι
3681 5162 4019 5230 ἐπιτήδειον.

2446 5245 2608 5295 Ἀλλά
2652 5246 2826 5297 πάντα
2861 5246 2960 5312 μὲν
3000 5241 3065 5314 ἦν
3110 5241 3264 5308 οὗτος
3294 5250 3580 5313 κάκιστος,
3608 5253 3656 5302 εἰ
3700 5255 3793 5305 καὶ
3822 5255 4019 5323 χρόνος

2436 5336 2582 5403 αὐτῷ
2626 5338 2784 5405 κόρον
2817 5336 3000 5387 λαϐεῖν
3038 5337 3146 5387 τῶν
3183 5339 3460 5405 ἐμφυλίων
3504 5342 3753 5410 αἱμάτων
3789 5347 3885 5395 καὶ
3915 5346 4017 5408 τῆς

2441 5428 2753 5493 μιαιφονίας
2786 5426 3099 5489 ύπεξὲλυεν,
3131 5428 3224 5478 ἐπὶ
3250 5430 3306 5480 δέ
3330 5434 3393 5499 τῇ
3422 5432 3742 5503 φιλαδελφία
3770 5434 3831 5485 τό
3860 5437 4014 5504 πρῶ·

2437 5532 2529 5567 τον
2578 5517 2883 5584 ἡνέγκατο’
2940 5518 3039 5585 τὴν
3096 5518 3203 5587 γάρ
3266 5521 3439 5590 ἀρχὴν
3486 5525 3601 5584 τοῖς
3650 5522 3743 5575 τοῦ
3781 5525 4013 5593 ἀδελφοί.

2439 5607 2625 5659 παισὶν
2680 5608 3088 5677 ἀνεπηρέαστον
3142 5613 3563 5679 συντηριτ›ν,ἇττὶ
3618 5614 3867 5667 τοσοῦτον
3911 5618 4013 5685 τῆς

2040 5715 2274 5769 VARUE
2311 5715 2689 5772 LECTIONES

860 5817 895 5846 ¹¹
920 5816 1138 5886 ἐρευθές
1164 5834 1222 5879 ς.

1327 5817 1367 5846 ¹¹
1392 5815 1638 5869 ἐπιϐάλοι
1673 5813 1735 5867 ll.
1778 5812 2085 5882 Stephanus
2122 5828 2135 5866 :
2172 5813 2294 5867 libri
2318 5813 2646 5867 ἐπιϐάλοιεν.

2733 5815 2773 5845 ¹³
2804 5814 2978 5867 ἐλευθ.
3014 5816 3166 5868 ἄλλον
3198 5816 3357 5870 ἄλλου
3384 5835 3440 5880 ς.
