4208 6448
161 420 257 484 881

1180 403 1704 469 BIBLIOTHECA.
1743 423 1813 436 -
1836 398 1995 458 COD.
2039 394 2335 455 CCXXIV.

3290 373 3391 438 882

158 542 338 599 αὐτῶν
386 536 712 608 κηδεμονίας
755 534 913 601 λόγον
933 533 977 563 ¹¹⁵
1011 528 1250 590 ἐτίθετο,
1282 526 1356 586 ώς
1389 524 1481 577 καὶ
1511 517 1730 589 γυναικὶ
1758 528 1773 573 Α

1796 510 2098 580 ,conjugall
2130 509 2334 569 uxoris,
2362 518 2521 573 quam
2552 500 2710 555 unice
2737 494 2971 556 amabat,
3004 487 3394 545 consuetudine

2364 604 2374 608 -
2585 606 2593 608 Α
2626 607 2633 608 κ
2681 604 2728 608 η
2766 598 3051 608 --ΑΑ-..-μ
3082 580 3239 608 ...ιιιηι
3300 576 3393 608 ειη.

161 634 373 697 συνὼν,
429 631 519 683 καὶ
547 628 667 681 τότε
705 626 827 679 λίαν
870 620 1239 692 στεργομένη,
1282 615 1355 686 μὴ
1401 610 1726 681 ἀνασχέσθαι

159 723 577 792 παιὼποιῆσαι,
614 718 753 771 ἀλλά
811 715 1024 786 μηχανῇ
1070 710 1222 781 πάσῃ
1263 707 1428 776 γονῆς
1474 704 1728 775 στέρησιν

160 816 340 885 ἐαυτῷ
392 813 641 876 δικάσαι,
703 809 779 870 ὡς
827 805 892 860 ἂν
954 804 1073 873 μηδ’
1114 802 1248 860 ὅλως
1309 796 1561 851 ὐπολίποι
1610 792 1732 845 τινὰ

162 884 523 977 ἐφεδρεύοντα
556 904 669 964 τοῖς
700 900 793 952 τού
829 895 1060 966 ἀδελφοῦ
1085 892 1292 947 παισίν.
1322 886 1490 953 Οὐτος
1517 887 1597 940 ἔτι
1623 884 1732 949 ζῶν

164 1002 258 1052 καὶ
283 976 431 1068 γήρᾳ
461 993 825 1064 βαρυνόμενος
851 988 1101 1059 Τιμοθέῳ
1127 985 1205 1055 τῷ
1240 980 1597 1055 πρεσϐυτέρῳ
1625 976 1734 1029 τῶν

163 1066 373 1143 παίδων
398 1066 492 1139 τοῦ
527 1084 758 1151 ἀδελφοῦ
792 1079 1085 1150 ἐγχειρίζει
1118 1078 1217 1147 τὴν
1252 1074 1444 1145 ἀρχὴν,
1478 1070 1575 1124 καὶ
1601 1066 1739 1138 μετά

165 1185 362 1253 χρόνον
413 1181 473 1233 οὐ
528 1180 694 1231 πολὺν
738 1174 943 1242 ἀνιάτῳ
982 1171 1156 1225 ¹πάθει
1220 1168 1315 1222 καλ⁹
1368 1162 1738 1236 χαλεπωτάτῳ

170 1274 493 1343 σύαχεθεὶς,
532 1301 596 1311 --
642 1268 966 1339 καρκίνωμα
996 1265 1102 1333 γὰρ
1137 1259 1337 1333 μεταξύ
1385 1255 1650 1329 βουϐῶνός
1682 1270 1741 1307 τε

170 1369 266 1419 καὶ
305 1367 499 1435 ὀσχέου
541 1361 782 1430 ὑποφυὲν
811 1358 909 1427 τὴν
953 1355 1124 1426 νομὴν
1161 1353 1294 1424 πρὸς
1346 1351 1415 1403 τὰ
1461 1349 1606 1402 ἔνδον
1648 1348 1744 1399 ἐπ-

169 1461 349 1512 εδίδου
387 1456 725 1527 πικρότερον,
757 1451 883 1523 [708
916 1447 1007 1519 IL]
1037 1448 1095 1514 ἐξ
1115 1440 1177 1500 οὐ
1214 1445 1407 1515 ἰχῶρες
1427 1443 1744 1509 ἀναστομω-

171 1550 366 1619 θείσης
416 1546 517 1615 τῆς
573 1546 773 1614 σαρκὸς
832 1542 1084 1611 ἐξέρῤεον
1135 1536 1276 1606 βαρὺ
1326 1533 1422 1587 καὶ
1469 1531 1747 1585 δύσοιστον

172 1646 460 1704 πνέουσαι,
505 1642 578 1703 ὼς
615 1637 810 1708 μηκέτι
855 1635 990 1704 μήτε
1023 1632 1084 1685 τὸ
1133 1624 1576 1698 ὐπηρετούμενον
1611 1621 1747 1692 μήτε

171 1739 303 1799 τοὺς
336 1734 554 1805 ἰατροὺς
578 1732 638 1785 τὸ
663 1731 761 1799 τῆς
783 1726 1071 1797 σηπεδόνος
1104 1722 1315 1789 στέγειν
1338 1720 1380 1750 ⁸⁵
1403 1717 1636 1779 δυσῶδες
1656 1713 1751 1767 καὶ⁸

173 1804 573 1881 ἀνυπόστατον.
614 1824 723 1877 Καὶ⁹
776 1822 1019 1889 συνεχεῖς
1048 1816 1172 1888 [567
1208 1812 1302 1884 IL]
1344 1811 1400 1864 δὲ
1429 1808 1612 1862 ὀδύναι
1655 1804 1748 1859 καὶ⁵

172 1923 425 1991 δριμεῖαι
466 1920 586 1972 ὃλον
627 1916 691 1967 τὸ
735 1913 895 1983 σῶμα
946 1910 1284 1967 κατέτεινον,
1331 1902 1421 1972 ὑφ’
1464 1894 1538 1955 ὧν
1571 1901 1745 1967 ἀγρυ-

173 1990 367 2076 πνίαις
400 2029 460 2064 τε
507 2009 601 2063 καὶ
628 2006 899 2075 σπασμοῖς
929 2001 1191 2067 ἐξεδίδοτο
1212 2038 1229 2061 ,
1262 1996 1367 2058 ἓως
1418 1990 1748 2063 προκύψασα

176 2101 380 2171 μέχρις
423 2096 603 2152 αὐτῶν
637 2095 748 2148 τῶν
788 2092 1109 2161 σπλάγχνων
1158 2085 1253 2140 τοῦ
1290 2085 1495 2146 πάθους
1523 2082 1557 2151 ἡ
1609 2078 1748 2148 νομὴ

170 2169 271 2244 τοῦ
315 2190 434 2261 βίου
481 2186 815 2258 ἀπέρρηξεν.
860 2182 1058 2236 Ἐδίδου
1108 2178 1205 2250 μὲν
1240 2177 1334 2229 καὶ
1362 2169 1537 2236 οὗτος,
1563 2170 1749 2239 ῶσπερ

172 2283 271 2333 καὶ
320 2260 637 2349 Κλέαρχος,
679 2273 944 2329 τελευτῶν
984 2273 1097 2333 τοῖς
1126 2268 1324 2339 ὁρῶσιν
1358 2265 1556 2317 ἐννοεῖν
1595 2260 1749 2323 δίκας

172 2370 530 2424 ἀπαιτεῖσθαι
563 2361 637 2420 ὧν
666 2366 835 2436 ὠμῶς
880 2382 939 2417 τε
969 2363 1062 2417 καὶ
1115 2358 1449 2430 παρανόμως
1484 2355 1609 2416 τοὺς
1652 2369 1750 2404 πο-

174 2464 332 2525 λίτας
384 2461 667 2514 διέθεσαν·
708 2456 966 2517 πολλάκις
1021 2454 1129 2524 γὰρ
1177 2451 1341 2505 αὐτόν
1390 2464 1552 2517 φασιν
1589 2447 1647 2497 ἐν
1683 2446 1750 2515 τῇ

172 2556 322 2621 νόσῳ
368 2551 460 2603 τὸν
504 2550 733 2602 θάνατον
760 2546 1011 2600 ἐπελθεῖν
1050 2540 1199 2611 αὐτῷ
1240 2538 1638 2608 κατευχόμενον
1678 2535 1753 2605 μὴ

174 2649 395 2715 τυχεῖν,
446 2643 579 2695 ἀλλὰ
612 2643 835 2710 συχναῖς
863 2640 1097 2709 ἡμέραις
1125 2638 1189 2704 τῇ
1220 2634 1393 2704 πικρᾷ
1432 2635 1524 2685 καὶ
1561 2628 1756 2699 βαρείᾳ

177 2734 723 2802 καταδαπανώμενον
763 2732 904 2801 νόσῳ
946 2728 1117 2790 οὕτως
1154 2726 1410 2781 ἀποτῖσαι
1454 2723 1514 2775 τὸ
1557 2719 1753 2790 χρεὼν,

177 2832 275 2899 ἐτη
324 2829 425 2897 μὲν
459 2825 733 2894 βιώσαντα
764 2824 924 2876 πέντε
953 2820 1045 2873 καὶ
1074 2820 1359 2887 ἐξήκοντα,
1392 2809 1465 2868 ῶν
1495 2816 1526 2883 ἠ
1554 2828 1755 2881 τυραν-

175 2926 263 2984 νὶς
292 2918 443 2989 εἶχεν
470 2918 534 2981 ζ’.
570 2916 893 2988 Ἀγησίλαος
922 2913 979 2966 δὲ
1000 2910 1300 2983 τηνικαῦτα
1318 2904 1758 2976 Λακεδαιμονίων

176 3012 504 3064 ἐϐασίλευεν
531 3009 594 3061 ¹⁶.

176 3204 316 3257 Car.
353 3202 445 3257 IV.
471 3229 538 3239 ——
567 3197 863 3253 Timotheus
902 3195 1037 3260 ﬁlius
1069 3190 1308 3260 Cleon-Iri
1329 3228 1342 3251 ,
1378 3190 1613 3260 princeps
1644 3183 1764 3260 HI.

1832 613 2095 663 uteretur,
2127 600 2328 654 liberos
2360 604 2541 649 tamen
2573 606 2640 646 ex
2671 604 2735 645 ea
2766 598 3053 657 procreare
3082 580 3273 638 nollet,
3300 576 3395 630 scd

1831 695 1975 750 omni
2015 703 2133 747 arte
2179 694 2316 745 lianc
2346 686 2601 743 orbitatis
2640 690 2696 736 et
2744 696 2847 735 non
2892 674 3169 748 gignenda:
3198 667 3399 726 sobolis

1832 804 1929 844 ceu
1976 801 2188 858 pinnam
2236 782 2336 839 sibi
2374 782 2676 848 irrogaret:
2712 787 2777 827 ne
2820 783 2975 838 quem
3007 766 3227 819 omnino
3266 759 3398 814 insi-

1833 851 2097 935 diato-reiu
2128 876 2310 931 fratris
2338 870 2462 926 filiis
2480 868 2831 933 relinqueret.
2873 857 3167 926 Superstes
3202 851 3399 910 adhuc,

1835 972 1930 1029 sed
1964 970 2116 1025 senio
2161 974 2439 1038 gravatus,
2484 957 2791 1019 Timotheo,
2824 949 2915 1020 qui
2957 948 3026 1002 de
3056 944 3183 999 (iliis
3217 941 3403 1038 fratris

1836 1070 1994 1117 aetate
2024 1057 2322 1130 praecessit,
2361 1066 2541 1107 rerum
2582 1058 2849 1103 summam
2906 1037 3090 1103 tradit,
3114 1048 3213 1089 nec
3238 1029 3405 1085 multo

1840 1123 2083 1222 tempore
2136 1156 2259 1218 post
2297 1141 2616 1201 difficillimo
2648 1133 2941 1203 corripitur
2973 1127 3163 1183 morbo
3208 1134 3263 1179 et
3309 1123 3408 1176 im-

1841 1221 2170 1298 medicabili.
2218 1237 2430 1292 Cancer
2463 1230 2609 1287 enim
2645 1228 2786 1281 inter
2815 1224 3027 1292 inguem
3068 1229 3123 1272 et
3169 1221 3407 1269 scrotum

1844 1341 2036 1390 enatus
2074 1330 2141 1384 ad
2170 1326 2425 1382 interiora
2457 1315 2724 1389 pascendo
2752 1312 2977 1368 subinde
3015 1304 3262 1362 acerbius
3290 1316 3413 1370 pro-

1847 1424 2141 1493 serpebat:
2172 1435 2236 1475 ex
2266 1433 2393 1488 quo,
2444 1424 2606 1468 carne
2653 1407 2856 1468 laxata,
2898 1401 3099 1463 sanies,
3156 1394 3411 1465 gravissi~

1850 1488 1967 1569 mos
2000 1524 2056 1568 et
2091 1506 2458 1566 intolerabiles
2505 1499 2790 1569 exspirans
2828 1495 3047 1555 odores,
3092 1488 3413 1558 proﬂuebat,

1849 1616 1907 1661 ut
1938 1619 2041 1659 nec
2072 1599 2305 1656 ministri
2346 1612 2445 1652 nec
2478 1590 2671 1648 medici
2710 1583 3191 1641 virulentissimum
3228 1587 3414 1647 putre-

1852 1698 1995 1752 dinis
2024 1695 2250 1749 fetorem
2298 1687 2633 1745 sustinerent
2663 1695 2725 1733 ac
2766 1674 3097 1747 perferrent.
3124 1668 3419 1724 Continen-

1855 1797 1935 1842 tes
1976 1794 2157 1839 autem
2196 1792 2249 1835 et
2300 1774 2550 1833 acerrimi
2594 1770 2806 1825 dolores
2852 1776 3021 1821 totum
3068 1762 3185 1831 ejus
3224 1773 3422 1826 corpus

1776 1858 1823 1917 Β
1852 1875 2308 1936 excarnificabant
2337 1890 2351 1926 :
2387 1881 2619 1938 quorum
2669 1859 2866 1930 vigiliis
2898 1867 2951 1912 et
2980 1851 3423 1910 convnlsionibus

1852 1982 2089 2039 eousque
2120 1964 2245 2020 mali
2277 1959 2526 2030 contagio
2556 1952 2977 2024 adaugescehat,
3010 1948 3179 2002 donec
3214 1942 3282 1998 ad
3308 1942 3421 2010 ipsa

1854 2033 2062 2116 viscera
2092 2072 2151 2113 se
2192 2054 2489 2115 insinuans,
2516 2048 2684 2101 vitam
2718 2052 2947 2113 tyranno
2987 2037 3226 2105 abrupit.
3276 2033 3422 2099 Qua—

1856 2167 1913 2207 re
1945 2152 2054 2215 liic,
2087 2162 2192 2202 non
2222 2144 2398 2200 minus
2438 2152 2601 2209 quam
2626 2133 2945 2194 Clearchus,
2984 2128 3391 2183 animadverten

1856 2247 2001 2300 tibus
2028 2235 2485 2296 considerandum
2517 2228 2788 2291 exhibuit,
2820 2238 3010 2295 pinnas
3036 2219 3255 2275 tandem
3283 2216 3422 2286 exig=

1859 2337 2071 2392 illorum
2101 2346 2220 2401 qua:
2248 2336 2437 2383 contra
2468 2323 2647 2379 divina
2671 2330 2727 2376 et
2759 2319 2993 2373 humana
3018 2314 3143 2383 jura
3172 2308 3428 2365 immania

1859 2440 1941 2483 ter
1979 2427 2032 2482 in
2070 2427 2218 2479 cives
2262 2419 2634 2475 admisissent.
2676 2415 2829 2480 Saepe
2859 2410 3005 2467 enim
3066 2404 3257 2475 223!)
3289 2403 3429 2457 inter

1861 2519 2039 2574 morbi
2091 2526 2333 2570 torturas
2370 2518 2625 2579 precatus
2664 2506 2882 2568 dicitur,
2934 2511 2993 2556 ut
3027 2497 3428 2569 quamprimum

1858 2628 1917 2669 se
1948 2626 2094 2665 mors
2122 2608 2396 2668 obrueret,
2426 2600 2537 2654 voti
2574 2607 2756 2653 tamen
2794 2609 3017 2661 compos
3056 2606 3164 2645 non
3197 2598 3320 2642 ante
3347 2584 3429 2639 fa-

1855 2714 1994 2767 ctus,
2038 2714 2201 2770 quam
2232 2694 2405 2750 morbi
2437 2693 2489 2746 vi
2529 2700 2583 2745 et
2615 2688 2915 2742 acerbitate
2960 2688 3337 2749 consumptus,
3368 2689 3429 2727 eo

1859 2795 2015 2849 modo
2048 2767 2172 2845 fatis
2208 2788 2448 2843 debitum
2474 2781 2707 2839 exsolvit
2736 2797 2749 2831 :
2778 2786 3063 2846 postquam
3090 2771 3161 2825 65
3200 2771 3253 2823 in
3293 2767 3428 2830 vita,

1859 2888 1909 2941 in
1936 2881 2218 2956 tyrannide
2254 2879 2483 2933 7annos
2532 2871 2918 2940 compleverat.
2990 2863 3059 2918 Et
3116 2867 3433 2929 tempestate

1859 2952 1971 3032 illa‘
1991 2987 2220 3043 regnum
2258 2968 2398 3041 apud
2451 2961 2886 3022 Lacedaemonios
2932 2955 3222 3027 Agesilaus
3260 2952 3432 3006 admi-

1867 3069 2155 3121 nistrahat.

1874 3179 2006 3248 Ejus
2046 3178 2230 3229 merita
2257 3178 2307 3227 in
2343 3171 2593 3248 rempubl.
2628 3179 2677 3223 et
2717 3170 2969 3236 privatos.
3037 3164 3171 3231 Ejus
3228 3158 3437 3213 heroico

755 3244 1197 3318 iit—bellissimus.
1234 3244 1715 3313 Mors'immutura.
1754 3244 1978 3304 Παυὲιιιε
2015 3248 2061 3300 ei
2095 3264 2125 3297 α
2152 3248 2320 3306 fratre
2353 3244 2519 3295 Itonos
2549 3250 2664 3306 post
2698 3249 2935 3291 mortem.

270 3384 333 3438 Ὀ
365 3384 423 3435 δὲ
458 3380 720 3449 Τιμόθεος
750 3373 1083 3447 παραλαϐὼν
1125 3372 1223 3440 τὴν
1258 3370 1431 3440 ἀρχὴν
1467 3367 1609 3420 οὓτω
1634 3365 1765 3418 ταύ-

1796 3365 1835 3423 C.
1938 3357 2449 3423 Timotlieusigitur,
2481 3352 2767 3421 imperium
2789 3350 3034 3416 adeptus,
3063 3347 3136 3400 ita
3156 3345 3224 3399 ad
3252 3345 3437 3398 mode-

186 3495 291 3545 την
325 3474 421 3526 ἐπὶ
444 3473 503 3523 τὸ
530 3471 833 3539 πραότερον
863 3468 958 3521 καὶ
979 3461 1529 3534 δημοκρατικώτερον
1554 3460 1594 3489 ⁸⁷
1627 3475 1759 3528 μετ-

178 3564 565 3636 εῤῥύθμιζεν,
619 3561 691 3624 ὼς
732 3560 927 3630 μηκέτι
976 3556 1258 3624 τύραννον,
1302 3552 1415 3605 ἀλλ’
1472 3550 1768 3621 εὐεργέτην

180 3656 381 3717 αὐτὸν,
408 3648 488 3713 οἷς
522 3653 781 3717 ἔπραττε,
812 3647 906 3700 καὶ
938 3648 1156 3713 σωτῆρα
1188 3642 1565 3713 ὀνομάζεσθαι.
1602 3641 1683 3693 Τά
1712 3656 1768 3690 τε

180 3748 306 3815 γὰρ
358 3744 501 3814 χρέα
534 3746 643 3804 τοῖς
702 3740 1007 3799 δανεισταῖς
1048 3737 1178 3805 παρ’
1229 3732 1421 3786 ἐαυτοῦ
1454 3730 1770 3790 διελύσατο,

185 3842 296 3891 καὶ
338 3839 452 3898 τοῖς
478 3835 741 3904 χρῄζουσι
776 3829 912 3900 πρὸς
942 3829 1039 3892 τάς
1071 3826 1338 3897 ἐμπορίας
1367 3825 1459 3877 καὶ
1488 3823 1579 3874 τὸν
1616 3820 1772 3874 ἄλλον

188 3932 316 3999 βίον
348 3928 527 3979 τόκων
557 3926 683 3977 ἄνευ
717 3926 1015 3990 ἐπήρκεσε,
1049 3920 1141 3972 καὶ
1166 3918 1274 3970 τῶν
1301 3913 1689 3985 δεσμωτηρίων
1713 3910 1771 3961 οὐ

182 4024 324 4084 τοὺς
348 4018 678 4078 ἀνευθύνους
717 4015 875 4084 μόνον
894 4054 907 4074 ,
942 4010 1081 4063 ἀλλά
1111 4010 1206 4063 καὶ
1234 4009 1357 4070 τοὺς
1388 4008 1447 4059 ἐν
1474 4006 1674 4065 αίτίαις
1700 4002 1776 4054 δι-

181 4114 378 4182 ηφίει,
407 4112 503 4162 καὶ
519 4107 775 4176 δικαστὴς
810 4104 1041 4175 ἀκριὸὴς
1074 4099 1140 4171 ἦν
1173 4100 1309 4169 ὁμοῦ
1348 4098 1441 4151 καὶ
1473 4094 1777 4165 φιλάνθρω-

187 4222 325 4266 πος,
365 4204 463 4253 καλ⁸
506 4202 574 4252 τὰ
629 4199 763 4252 ἄλλα
814 4196 1048 4266 χρηστὸς
1083 4193 1176 4246 καὶ
1210 4192 1306 4253 τὰς
1353 4187 1637 4249 ὑποθέσεις
1680 4186 1778 4236 οὐκ

187 4294 629 4359 ἀπιστούμενος.
668 4290 784 4357 Ἐφ’
812 4287 853 4319 ⁸⁸
885 4282 963 4350 οἷς
1000 4287 1095 4339 καλ⁸
1123 4285 1213 4337 τὸν
1245 4281 1473 4348 ἀδελφὸν
1504 4278 1779 4330 Διονύσιον

182 4388 267 4438 τά
296 4401 359 4435 τε
412 4381 550 4433 ἄλλα
586 4378 867 4448 πατρικῶς
914 4376 1163 4445 περιεῖπε
1188 4414 1201 4437 ,
1252 4374 1345 4424 καὶ
1382 4368 1638 4422 κοινωνὸν
1683 4365 1782 4433 μὲν

181 4474 347 4544 εἶχεν
378 4470 579 4524 αὐτίκα
622 4468 721 4535 τῆς
763 4465 958 4536 ἀρχῆς,
991 4462 1265 4532 ἐχομένως
1298 4460 1354 4511 δὲ
1397 4458 1489 4510 καὶ
1516 4455 1777 4523 διάδοχον.

182 4543 278 4619 Uir
312 4565 425 4635 μὴν
458 4560 591 4614 ἀλλά
621 4560 729 4629 γὰρ
753 4558 848 4610 καὶ
882 4554 1019 4625 πρὸς
1049 4553 1146 4615 τὰς
1178 4547 1480 4618 πολεμικὰς
1509 4545 1616 4598 τῶν
1642 4543 1781 4614 πρά-

181 4659 337 4723 ξεων
378 4652 642 4721 ἀνδρείως
681 4650 932 4720 ἐφέρετο,
972 4643 1329 4715 μεγαλόφρων
1358 4640 1414 4692 δὲ
1445 4635 1512 4709 ἦν
1536 4638 1626 4690 καὶ
1659 4652 1782 4704 γεν-

179 4753 351 4810 ναῖος
414 4745 576 4813 σῶμα
632 4743 727 4795 καὶ
774 4740 988 4809 ψυχὴν,
1029 4736 1165 4790 ἀλλά
1216 4735 1311 4786 καὶ
1360 4731 1493 4801 πρὸς
1542 4732 1642 4791 τὰς
1688 4729 1784 4795 τῆς

182 4842 387 4908 μάχης
446 4834 723 4894 διαλύσεις
784 4827 1081 4896 εὐγνώμων
1134 4841 1194 4876 τε
1244 4824 1339 4875 καὶ
1399 4822 1497 4873 οὐκ
1547 4821 1781 4889 ἄχαρις,

180 4906 517 4998 πράγματα
548 4923 646 4991 μέν
679 4920 910 4973 συνιδεῖν
935 4916 1139 4979 ἱκανὸς,
1172 4912 1445 4977 ἐξικέσθαι
1470 4910 1526 4962 δὲ
1555 4909 1688 4977 πρὸς
1720 4906 1788 4957 τὰ

180 4995 605 5084 σύνεωραμένα
637 5011 987 5081 δραστήριος,
1020 5006 1318 5075 οἰκτίρμων
1346 5020 1404 5054 τε
1433 5001 1497 5052 τὸ
1522 4995 1654 5068 ἦθος
1696 4998 1787 5049 καὶ

178 5108 449 5181 χρηστὸς
468 5148 482 5169 ,
509 5106 599 5156 καὶ
624 5105 690 5172 τῇ
727 5102 824 5172 μὲν
862 5098 1121 5167 εὐτολμίᾳ
1153 5094 1342 5156 δεινῶς
1371 5092 1645 5159 ἀπότομος
1668 5128 1683 5152 ,
1720 5088 1784 5156 τῇ

176 5206 244 5257 δὲ
311 5198 631 5269 μετριότητι
685 5192 1071 5263 φιλάνθρωπός
1124 5205 1184 5241 τε
1232 5188 1324 5241 καὶ
1373 5185 1652 5256 μειλίχιος.
1699 5181 1788 5232 Διὸ

179 5294 415 5361 σφόδρα
470 5289 569 5358 μὲν
606 5288 810 5355 περιὼν
848 5286 961 5345 τοῖς
990 5280 1271 5349 πολεμίοις
1306 5276 1533 5347 φοϐερὸς
1574 5271 1663 5345 ἦν,
1696 5275 1791 5326 καὶ

178 5388 414 5445 πάντες
467 5380 629 5432 αὐτὸν
677 5376 1073 5445 κατωρρώδουν
1121 5372 1341 5425 ἐπειδὰν
1395 5370 1786 5438 ἀπεχθάνοιτο,

179 5479 317 5535 τοῖς
339 5473 384 5524 δ’
428 5468 754 5540 ἀρχομένοις
786 5464 987 5532 γλυκύς
1016 5480 1074 5515 τε
1102 5464 1195 5514 καὶ
1224 5462 1452 5529 ἥμερος.
1484 5458 1675 5509 Ἔνθεν
1697 5457 1790 5507 καὶ

177 5560 481 5618 τελευτῶν
529 5560 694 5611 πόθον
738 5555 903 5610 αὐτοῦ
942 5555 1201 5608 κατέλιπε
1232 5552 1420 5614 πολύν,
1453 5549 1544 5602 καὶ
1592 5547 1785 5608 πένθος

180 5664 399 5728 ἧγειρε
446 5649 525 5720 τῷ
562 5649 711 5717 πόθῳ
758 5647 1066 5716 ἐνάμιλλον.
1112 5646 1170 5695 Ὀ
1219 5643 1275 5695 δὲ
1316 5642 1507 5694 τούτου
1560 5637 1785 5702 ἀδελφὸς

1871 3449 2152 3508 rationem,
2178 3456 2229 3499 et
2252 3459 2411 3512 quam
2430 3444 2603 3511 putuit
2627 3439 2859 3493 maxime
2883 3436 3193 3506 popularem
3216 3443 3435 3495 statum,

1873 3539 2000 3593 illud
2028 3535 2261 3599 reduxit,
2291 3544 2349 3587 ut
2379 3549 2482 3585 non
2517 3532 2657 3585 ultra
2688 3540 2969 3597 tyrannus,
3005 3527 3097 3581 sed
3128 3524 3439 3579 benefactor

1871 3640 1921 3685 et
1949 3641 2193 3683 servator
2226 3627 2293 3680 ob
2323 3624 2578 3692 praeclare
2612 3625 2799 3675 merita
2842 3625 3259 3686 nuncuparetur.
3307 3615 3438 3667 Nam

1874 3720 1938 3773 de
1970 3732 2066 3772 suo
2090 3715 2306 3770 nomina
2330 3710 2694 3766 creditoribus
2717 3708 3007 3777 expedivit,
3030 3715 3082 3760 et
3105 3704 3281 3773 in0pia
3304 3703 3423 3756 labo

1877 3810 2120 3864 rantibus
2155 3809 2270 3863 sine
2299 3804 2507 3865 fenore,
2541 3803 2607 3855 ad
2633 3800 3021 3871 negOLiationes
3056 3808 3111 3851 et
3153 3796 3287 3850 alios
3320 3796 3441 3847 vim:

1877 3920 2028 3966 usus,
2056 3901 2311 3969 pecunias
2334 3896 2715 3967 suppeditavit:
2758 3908 2855 3947 nec
2882 3892 3039 3946 modo
3070 3892 3332 3951 insontes,
3352 3889 3443 3942 scd

1878 3994 2085 4047 etveris
2128 3990 2448 4045 criminibus
2482 3985 2747 4039 obnoxios
2765 3981 3072 4036 carceribus
3092 3978 3335 4034 exsolvit.
3354 3976 3446 4031 Ju-

1880 4082 1980 4136 dex
2013 4080 2228 4148 quidem
2259 4085 2541 4131 accuratus
2561 4084 2617 4127 et
2651 4086 2888 4133 severus,
2926 4068 3218 4137 creteroqui
3268 4078 3445 4121 tamen

1883 4174 2146 4227 humanus
2168 4180 2222 4223 et
2250 4168 2534 4236 benignus.
2567 4162 2625 4217 lu
2670 4163 2829 4217 rebus
2877 4161 3002 4215 fidei
3034 4174 3145 4215 sum
3168 4157 3451 4214 credendis

1883 4264 2106 4317 minime
2136 4270 2434 4329 suspectus.
2453 4258 2657 4312 Idcirco
2680 4265 2735 4309 et
2764 4255 2987 4308 fratrem
3005 4252 3311 4324 Dionysiqu
3328 4266 3451 4306 cum

1886 4357 1936 4410 in
1962 4356 2323 4424 aliispaterno
2360 4366 2544 4405 amore
2578 4360 2631 4403 et
2672 4348 2850 4402 studio
2872 4346 3186 4415 complexus
3202 4354 3307 4408 est,
3340 4353 3452 4397 tum

1885 4447 2066 4501 statim
2110 4444 2322 4513 imperii
2373 4450 2678 4496 consortem
2720 4438 2933 4502 ascivit,
2987 4445 3042 4491 et
3081 4449 3452 4491 successorem

1887 4535 1987 4590 sibi
2014 4535 2322 4589 destinavit.
2356 4531 2462 4586 Sed
2490 4531 2769 4583 enimvero
2800 4527 2866 4581 ad
2897 4542 2984 4581 res
3017 4526 3239 4581 bellicas
3266 4523 3453 4587 alacri,

1887 4637 1941 4681 et
1974 4627 2065 4695 qui
2108 4627 2281 4679 virum
2313 4623 2492 4684 decet,
2530 4622 2714 4675 animo
2752 4618 3048 4673 ferebatur.
3087 4615 3283 4684 Magno
3312 4613 3455 4669 enim

1816 4698 1861 4751 D
1889 4717 2105 4786 spiritu,
2143 4724 2197 4769 et
2242 4728 2507 4783 generoso
2546 4710 2790 4779 corporis
2820 4720 2874 4763 et
2911 4708 3073 4761 animi
3110 4707 3302 4760 robore
3343 4712 3461 4757 erat

1886 4808 2161 4881 praeditus.
2212 4806 2348 4871 Quin
2398 4813 2452 4859 et
2480 4802 2546 4856 ad
2581 4801 2982 4857 controversias
3015 4799 3275 4853 bellorum
3320 4795 3457 4849 diri-

1887 4900 2109 4953 mendas
2130 4907 2183 4952 et
2213 4894 2614 4965 componendas
2645 4907 2857 4962 aequum
2895 4891 3205 4958 bonumque
3238 4902 3295 4941 se
3318 4901 3459 4955 prac-

1886 4993 2064 5055 bcbat,
2111 5003 2211 5044 nec
2260 4986 2555 5043 difﬁcilem.
2590 4984 2672 5037 Ad
2729 4982 3159 5052 perspiciendum
3203 4994 3288 5033 res
3342 4978 3460 5031 ido-

1889 5097 2043 5144 neus,
2088 5087 2144 5133 et
2187 5080 2253 5132 ad
2284 5075 2682 5145 exsequendum
2731 5074 2868 5128 bene
2914 5071 3286 5126 consideratas
3320 5078 3457 5122 stre-

1896 5189 2050 5227 nuus.
2093 5171 2310 5241 Ingenio
2362 5180 2415 5223 et
2466 5166 2708 5221 moribus
2755 5165 3015 5228 clemens,
3070 5162 3379 5216 misericors
3407 5170 3462 5213 et

1896 5268 2191 5322 beneficus.
2227 5261 2283 5316 In
2318 5259 2571 5331 periculis
2618 5258 2834 5327 quidem
2884 5256 3149 5309 adeundis
3176 5253 3327 5307 ferox
3360 5271 3373 5307 :
3410 5265 3465 5304 at

1902 5362 1951 5411 iu
1985 5369 2181 5412 caetera
2232 5356 2338 5408 vita
2385 5367 2644 5422 perquam
2678 5351 2941 5403 humanus
2970 5358 3023 5403 et
3082 5347 3271 5401 comis.
3318 5344 3461 5403 ldce.

1895 5450 2128 5517 qtmndiu
2160 5447 2305 5501 salva
2349 5446 2397 5498 ci
2430 5444 2536 5495 vita
2568 5445 2787 5502 mansit,
2826 5441 3069 5494 hostibus
3096 5455 3254 5508 quam
3288 5454 3459 5491 maxi-

1901 5559 1983 5594 inc
2016 5538 2406 5593 formidabilem
2436 5538 2516 5601 (ut
2557 5548 2747 5585 omnes
2783 5532 3105 5599 quibuscum
3150 5529 3460 5582 inimicitias

1897 5640 2229 5696 \‘lis‘l'f‘ltﬂl'al,
2277 5644 2396 5681 cum
2441 5625 2897 5693 expavescerent),
2942 5622 3033 5676 scd
3079 5622 3290 5675 civrbus
3337 5637 3463 5674 sua-

1500 5733 1732 5787 \'.\lil.-IS
1787 5728 2188 5784 LliL’l‘lONIiS.

282 5848 297 5877 ι
320 5855 332 5873 ι
360 5840 485 5910 λης.
530 5839 618 5891 τῂν
647 5838 802 5909 λόγον
834 5856 890 5901 ς,
975 5838 1014 5870 ³⁵
1054 5834 1298 5904 ςτὲῖιγειν
1336 5848 1394 5895 τ.

1480 5830 1520 5861 ίθ
1542 5828 1789 5882 ὲϋαείλςν
1808 5842 1826 5875 3

1834 5844 1888 5877 -v
1918 5841 1970 5888 ζ.

2055 5823 2091 5852 ¹⁷ί
2131 5818 2250 5872 libri
2283 5812 2849 5886 ὅςμῡκρλῑικώτατον.
2934 5812 2969 5842 ¹³
3000 5814 3083 5879 ἐς.
3125 5811 3165 5863 .\
3206 5830 3216 5867 '.
3250 5812 3302 5862 ἰν
3336 5825 3395 5872 ς.
