4208 6448
782 372 889 441 883

1944 380 2199 441 PIIOTII
2231 374 2756 444 PATRIARCHEI
2788 379 2896 439 (ΞΡ.

3914 383 4027 449 884

786 502 905 543 vem
941 496 998 541 et
1026 486 1213 541 mitem
1282 499 1404 540 sese
1453 486 1723 555 prtestitit.
1766 485 1903 540 Hinc
1947 487 2140 541 accidit
2180 495 2243 539 ut
2289 484 2355 539 ad
2387 492 2429 546 Α

2387 492 2429 546 Α
2457 485 2730 545 Διονύσιος
2771 484 2915 537 καίει
2948 483 3047 553 μὲν
3074 483 3135 536 τὸ
3163 484 3320 555 σῶμα
3355 486 3685 552 πολυτελῶς,
3720 488 3935 542 σπένδει
3962 493 4023 545 δὲ

785 580 909 633 vitae
945 580 1150 632 exitum
1187 586 1432 640 vocatus,
1467 578 1655 646 ingens
1681 578 1760 631 sui
1793 577 2116 631 desiderium
2144 577 2351 631 faceret

786 670 1074 737 reliquum,
1100 678 1155 722 et
1180 681 1363 737 parem
1385 668 1653 722 desiderio
1674 668 1871 722 luctum
1900 668 2183 721 excitaret.
2213 667 2350 721 Ger-

786 777 977 816 manus
995 771 1171 814 autem
1190 758 1306 827 ejus
1322 759 1487 812 frater
1503 758 1789 829 Dionysius
1808 759 2104 827 magniﬁcis
2121 759 2352 813 cadaver

786 852 1094 919 sumptibus
1129 865 1261 920 rogo
1309 851 1490 913 tradit,
1522 860 1575 904 et
1598 865 1629 905 e
1657 852 1768 905 suis
1805 850 1958 904 fratri
1984 849 2253 919 palpebris
2279 849 2351 902 la-

787 959 1003 1014 cryntas
1034 959 1134 998 ceu
1184 944 1360 997 libans
1389 940 1637 1005 effundit,
1682 956 1820 1009 eque
1861 942 2092 1010 propriis
2128 940 2349 994 visceri-

786 1034 889 1091 bus
918 1035 965 1089 ei
989 1035 1221 1104 gemitus
1247 1033 1528 1101 impendit.
1555 1031 1733 1086 Ludos
1762 1033 1925 1087 etiam
1955 1041 2257 1100 equestres.
2295 1039 2351 1085 et

787 1136 985 1195 praeter
1028 1127 1147 1189 hos,
1200 1126 1480 1195 gymnicos
1514 1132 1569 1178 et
1601 1123 1923 1195 thymelicos
1959 1133 2014 1178 et
2059 1120 2346 1192 scenicos},

2454 573 2602 643 αὑτῷ
2656 574 2752 625 καὶ
2789 574 2857 627 τά
2900 572 3009 625 ἀπὸ
3054 574 3340 645 βλεφάρων
3379 576 3587 646 δάκρυα
3640 578 3736 630 καὶ
3770 580 3868 637 τὰς
3914 582 4027 632 ἀπὸ

2452 666 2560 717 τῶν
2611 664 2935 732 σπλάγχνων
2968 667 3251 735 οἰμωγάς,
3302 670 3537 721 ἐπιτελεῖ
3577 669 3633 721 δὲ
3674 671 3769 722 καί
3805 672 4028 738 ἀγῶνας

2456 758 2734 823 ἱππικοὺς,
2759 756 2856 825 οὑχ
2888 757 3145 819 ἱππικοὺς
3167 757 3222 809 δὲ
3246 758 3423 827 μόνον.
3444 759 3580 812 ἀλλά
3611 760 3702 812 καὶ
3732 763 4027 827 σκηνικοὺς

2456 848 2547 902 καὶ
2582 848 2907 917 θυμελικοὺς
2945 850 3036 900 καὶ
3072 851 3406 917 γυμνικοὺς,
3462 850 3588 911 τοὺς
3642 852 3739 918 μὲν
3784 851 3984 901 αὑτίκα
4010 892 4026 911 ,

2453 942 2579 1003 τοὺς
2608 940 2665 993 δὲ
2689 940 3103 1009 λαμπροτέρους
3124 942 3215 991 xui.
3245 938 3491 1009 ὕστερον.
3540 940 3700 992 Ἀλλά
3724 940 3899 993 ταῦτα
3928 942 4027 1007 μὲν

2454 1026 2487 1093 ὴ
2525 1024 2566 1077 θ’
2621 1024 2718 1077 καὶ
2757 1030 2785 1076 ι’
2830 1023 2923 1077 τοῦ
2954 1024 3272 1093 Μέμνονος,
3318 1026 3392 1088 ὼς
3432 1029 3489 1078 ἐν
3524 1027 3791 1097 ἐπιδρομῇ
3828 1030 4025 1094 φάναι,

2454 1116 2746 1185 διαγράφει
2782 1115 3007 1184 ἱστορία.

787 1215 925 1270 alios
954 1216 1162 1281 statim,
1202 1216 1336 1269 alios
1361 1225 1564 1283 postea,
1601 1220 1690 1285 qui
1733 1217 2220 1288 magniﬁcentiores
2258 1221 2461 1276 essent,
2496 1214 2717 1281 peregit.
2750 1211 2871 1265 llzec
2902 1227 2954 1266 ιι
2984 1220 3037 1265 et
3060 1211 3109 1278 ξι
3143 1211 3283 1267 libro
3341 1212 3625 1279 (quatenus
3664 1213 3864 1266 cursim
3924 1211 4027 1264 ista

790 1309 1227 1381 perstringimus)
1249 1309 1473 1364 historia
1500 1310 1800 1367 Memnonis
1822 1312 2101 1367 describit.

789 1443 920 1499 CAP.
953 1443 1020 1498 V.
1054 1472 1123 1483 -—
1162 1441 1445 1511 Dionysius
1512 1444 1747 1509 princeps
1807 1442 1888 1497 IV
1912 1484 1927 1508 ,
1988 1461 2078 1498 rex

859 1530 1064 1567 versant
1095 1511 1361 1579 fortunam
1408 1514 1582 1565 studio
1616 1524 1663 1565 et

866 1584 1171 1634 trimonium
1205 1581 1355 1648 felix,
1406 1597 1433 1633 e

1243 1647 1496 1702 Societas.
1548 1651 1587 1702 Α

859 1652 1156 1717 diligentia.
1243 1650 1496 1702 Societas.
1548 1650 1805 1718 Aﬂinitas.
1872 1651 2117 1706 Summus

2137 1445 2586 1512 fortunatissimus
2634 1443 2835 1511 imperii
2888 1445 3115 1513 augendi
3178 1447 3475 1498 occasiones
3514 1459 3614 1496 non
3654 1443 3885 1512 negligit.
3922 1446 4031 1495 Ad-

1708 1513 1818 1581 fato
1853 1525 2088 1580 superat.
2129 1513 2352 1569 Laetitia
2428 1516 2715 1566 ambitiosa:
2758 1529 3019 1567 excessus.
3088 1517 3213 1567 Arte
3253 1515 3481 1567 declinat
3508 1580 3517 1581 ί
3548 1515 3853 1581 periculurn.
3919 1514 4031 1565 Ma-

1487 1580 1715 1648 fortuna'
1746 1583 2025 1637 Amastris.
2071 1582 2213 1637 Mira
2263 1585 2589 1638 vicissitudo.
2630 1582 2849 1650 Imperii
2927 1584 3239 1650 ampliﬁcati
3288 1588 3445 1638 ratio.
3488 1580 3706 1635 Fatum.
3779 1580 4033 1634 Humana

2185 1654 2449 1720 felicitatis
2489 1654 2720 1721 gradus._
2756 1650 3003 1721 Ignavia:
3049 1650 3191 1704 Mors
3226 1662 3273 1704 et
3313 1654 3503 1720 legata.
3572 1650 3795 1721 Benigni
3836 1667 4030 1720 cogno-

859 1714 1093 1773 mentum
1141 1735 1205 1773 ex
1262 1719 1491 1771 moribus
1526 1714 1724 1775 retulit.
1778 1720 2060 1775 Curatores
2110 1714 2348 1791 ﬁliorum
2388 1714 2647 1791 Dionysii.
2688 1714 2949 1774 Amastris
2972 1719 3288 1791 Lysimacho
3318 1714 3504 1787 nupta.

858 1831 1172 1902 Dionysius,
1214 1829 1592 1899 gubernaculis
1628 1831 1839 1900 imperii
1875 1834 2138 1904 acceptis,
2174 1836 2225 1889 in
2268 1850 2357 1889 au-
2388 1843 2429 1898 Β
2468 1840 2502 1901 3.

2388 1843 2429 1898 Β
2468 1840 2502 1901 ς,
2530 1832 2639 1903 Τὴν
2671 1832 2729 1885 δὲ
2755 1832 2929 1904 ἀρχὴν
2951 1831 3334 1901 διαδεξάμενος
3360 1831 3634 1894 Διονύσιος
3663 1831 3867 1902 ηὑξησε
3902 1834 4034 1886 ταῦ-

788 1924 965 1995 gendo
992 1936 1059 1976 eo
1090 1935 1199 1976 non
1232 1934 1422 1975 vanam
1467 1920 1753 1975 collocavit
1782 1935 2020 1991 operam.
2050 1924 2357 1979 Alexander

787 2010 957 2074 enim,
1012 2007 1194 2063 Persis
1248 2008 1314 2062 ad
1374 2006 1664 2064 Granicum
1722 2009 2046 2081 proﬂigatis,
2107 2028 2357 2069 securam

788 2098 1153 2169 ampliﬁcandi
1187 2097 1419 2153 ditiones
1461 2114 1587 2153 suas
1637 2103 1978 2157 occasionem
2030 2105 2360 2172 patefecerat

788 2192 898 2255 his,
937 2192 1027 2262 qui
1078 2190 1316 2247 vellent:
1350 2205 1492 2258 cum,
1524 2208 1645 2263 quae
1676 2195 1942 2253 hactenus
1972 2198 2359 2267 impedimento

787 2280 988 2349 fuerat,
1016 2281 1301 2337 Persarum
1331 2283 1568 2351 potentia
1588 2283 2033 2343 labefactaretur.
2058 2290 2359 2360 Sedfvarias

791 2373 1050 2442 deinceps
1081 2373 1310 2430 fortuna:
1356 2374 1501 2429 vices
1539 2384 1797 2444 expertus
1828 2387 1929 2444 est,
1968 2381 2202 2436 maxime
2230 2398 2357 2438 cum

787 2463 1064 2520 Heracleae
1108 2465 1307 2537 225a
1365 2467 1579 2522 exsules
1625 2470 1967 2526 missitandis
2014 2473 2080 2525 ad
2128 2474 2357 2528 Alexan-

789 2557 947 2610 drum
982 2557 1195 2626 legatis,
1220 2558 1331 2626 jam
1379 2560 1518 2614 haud
1544 2560 1704 2615 dubie
1728 2563 1857 2617 Asia
1890 2564 2145 2631 potitum,
2177 2566 2244 2621 de
2271 2583 2357 2622 re-

790 2646 906 2700 ditu
952 2656 1009 2702 et
1036 2650 1212 2718 patria
1251 2649 1563 2718 reipublicae
1599 2653 2073 2710 administratione
2100 2657 2359 2711 sollicita-

788 2746 932 2791 rent.
985 2738 1166 2803 Quare
1219 2754 1327 2793 non
1387 2740 1612 2795 multum
1673 2742 1845 2797 abfuit
1890 2746 2018 2813 quin
2068 2748 2361 2803 excidisset

790 2826 1044 2896 imperio.
1076 2829 1144 2882 Et
1174 2829 1462 2884 excidisset
1491 2846 1646 2896 sane,
1680 2834 1781 2887 nisi
1808 2836 2091 2899 prudentia
2118 2846 2175 2892 et
2204 2854 2360 2908 saga-

790 2916 958 2969 citate
987 2919 1206 2982 meutls,
1241 2927 1295 2972 et
1323 2921 1515 2975 studiis
1554 2923 1776 2986 civium,
1811 2936 1865 2978 et
1894 2927 2009 2980 suis
2034 2941 2163 2996 erga
2196 2928 2359 2983 Cleo-

791 3014 1001 3074 patram
1031 3009 1327 3077 obsequiis,
1354 3009 1512 3075 bella,
1544 3026 1665 3066 cum
1695 3016 1857 3070 minis
1885 3017 1986 3069 sibi
2020 3019 2355 3084 denuntiata,

792 3096 1071 3162 effugisset
1104 3116 1120 3152 :
1172 3100 1299 3152 dum
1330 3116 1433 3169 qua
1464 3103 1628 3177 cedit,
1663 3103 1909 3173 iramque
1945 3107 2157 3176 mitigat
2190 3120 2244 3163 et
2278 3111 2358 3162 di—

2457 1941 2589 1997 την,
2641 1925 2856 1995 Πέρσας
2897 1924 2991 1977 ἐπὶ
3041 1923 3291 1994 Γρανικῷ
3324 1923 3418 1976 τοῦ
3480 1923 3829 1995 Ἀλεξάνδρου
3884 1924 4034 1995 μάχῃ

2458 2014 2975 2083 καταγωνισαμένου
3007 2014 3102 2067 καὶ
3129 2015 3504 2085 παρασχόντος
3535 2014 3721 2068 ἄδειαν
3749 2018 3861 2077 τοῖς
3906 2016 4031 2085 βου-

2457 2107 2704 2177 λομένοις
2730 2106 2913 2172 αὔξειν
2943 2106 3010 2158 τά
3038 2106 3269 2172 ἑαυτῶν,
3301 2108 3401 2176 τῆς
3419 2107 3557 2170 τέως
3584 2107 3839 2177 ἐμποδὼν
3866 2110 4032 2159 πᾶσιν

2462 2200 2754 2270 ἱσταμένης
2782 2198 3060 2270 Περσικῆς
3092 2198 3275 2269 ἰσχύος
3302 2199 3792 2269 ὑποστελλομένης.
3837 2199 4034 2251 ’Υστε-

2463 2308 2554 2360 ρον
2620 2292 2678 2344 δὲ
2742 2291 2991 2354 ποικίλας
3060 2292 3269 2361 ὑπέστη
3333 2290 3716 2361 περιστάσεις,
3796 2290 4034 2359 μάλιστα

2461 2380 2588 2453 [568
2644 2380 2735 2453 IL]
2784 2400 2846 2449 γε
2898 2382 3006 2436 τῶν
3051 2384 3147 2453 τῆς
3212 2382 3541 2452 Ἡρακλείας
3597 2381 3851 2449 φυγάδων
3898 2382 4035 2449 πρὸς

2461 2472 2588 2545 [709
2624 2472 2715 2545 IL]
2782 2474 3131 2544 Ἀλέξανδρον
3180 2474 3495 2545 περιφανῶς
3532 2474 3630 2544 ⁴ἤδη
3684 2474 3780 2542 τῆς
3848 2474 4035 2535 Ἀσίας

2462 2563 2768 2634 κρατοῦντα
2804 2564 3373 2634 διαπρεσϐευομένων,
3410 2565 3505 2617 καὶ
3556 2563 3777 2617 κάθοδον
3807 2564 3902 2614 καὶ
3936 2564 4035 2631 τὴν

2459 2657 2557 2726 τῆς
2589 2656 2797 2718 πόλεως
2827 2656 3055 2726 πάτριον
3087 2656 3462 2725 δημοκρατίαν
3498 2652 3919 2721 ἐξαιτουμένων.
3958 2654 4037 2703 Δι’

2461 2748 2603 2817 άπερ
2636 2747 2802 2814 ἐγγὺς
2835 2746 2934 2815 μὲν
2980 2746 3214 2814 κατέστη
3254 2743 3349 2796 τοῦ
3381 2744 3637 2795 ἐκπεσεῖν
3681 2743 3778 2810 τῆς
3812 2740 3993 2810 ἀρχῆς
4018 2757 4031 2769 ’

2463 2838 2557 2888 καὶ
2589 2837 2847 2902 ἐξέπεσεν
2884 2837 2970 2902 ἂν,
3005 2838 3055 2888 εί
3100 2836 3173 2905 μὴ
3207 2835 3420 2887 συνέσει
3454 2833 3621 2901 πολλῇ
3654 2834 3745 2886 καὶ
3785 2832 4037 2902 ἀγχινοίᾳ

2461 2930 2555 2980 καὶ
2587 2930 2651 2998 τῇ
2688 2927 2797 2982 τῶν
2840 2927 3097 2996 ὑπηκόων
3134 2926 3319 2995 εὐνοίᾳ
3364 2924 3459 2977 καὶ
3491 2923 3758 2993 θεραπείᾳ
3788 2922 4037 2975 Κλεοπά⁴

2458 3038 2593 3090 τρας
2638 3022 2763 3083 τοὺς
2790 3020 3185 3089 ἀπειληθέντας
3222 3018 3371 3087 αὑτῷ
3399 3016 3668 3086 πολέμους
3696 3016 3941 3082 διέφυγε,
3970 3016 4037 3066 τὰ

2466 3113 2564 3181 μὲν
2603 3112 2846 3164 ὑπείκων
2886 3110 2981 3163 καὶ
3028 3111 3124 3179 τὴν
3161 3110 3330 3179 ὀργὴν
3360 3109 3571 3161 ἐκλύων
3600 3110 3692 3160 καὶ
3728 3108 4038 3177 μεθοδεύων

790 3184 1086 3241 lationibus
1138 3198 1376 3253 coercet,
1412 3172 1515 3258 qua
1541 3193 1707 3247 etiam
1736 3209 1797 3249 se
1824 3172 2031 3261 munit,
2076 3208 2131 3251 et
2173 3210 2361 3253 contra
2389 3172 2431 3229 Ο

2389 3172 2431 3229 C
2464 3172 2585 3263 ταῖς
2610 3201 2919 3265 ἀναϐολαῖς,
2952 3201 3018 3253 τὰ
3040 3172 3096 3252 δέ
3133 3172 3831 3269 ἀντίπαρασκευαζόμενος.
3882 3199 4037 3249 Ἐπεὶ

789 3286 1076 3343 praeparat.
1117 3278 1185 3330 At
1233 3288 1585 3347 posteaquam
1626 3282 1952 3347 Alexander,
2012 3288 2135 3340 dum
2192 3289 2355 3361 Baby-

788 3365 914 3420 lone
950 3368 1081 3437 agit,
1110 3369 1239 3422 vita:
1278 3384 1498 3424 cursum
1541 3373 1795 3438 absolvit,
1839 3375 1923 3429 vel
1969 3393 2099 3432 nece
2125 3381 2360 3435 violenta

788 3458 876 3512 vel
920 3460 1109 3513 morbo
1139 3461 1465 3523 exstinctus,
1513 3477 1673 3531 quam
1708 3466 1943 3534 primum
1976 3471 2184 3537 accepit
2227 3487 2364 3524 nun-

788 3553 922 3603 tium
974 3552 1284 3624 Dionysius,
1334 3553 1559 3610 Latitiae
1610 3566 1845 3611 statuam
1893 3563 2235 3615 consecravit
2264 3580 2280 3617 :
2309 3574 2362 3617 et

789 3643 856 3694 ad
892 3644 1125 3711 primum
1160 3645 1317 3699 fama:
1360 3645 1667 3712 adventum,
1711 3663 1777 3702 eo
1827 3648 2049 3706 affectus
2093 3662 2175 3705 est
2205 3657 2362 3709 modo

787 3745 901 3799 prae
952 3735 1273 3788 exuberanti
1328 3737 1545 3810 gaudio,
1598 3754 1704 3807 quo
1762 3742 2039 3809 repentina
2088 3743 2361 3800 hominem

786 3825 1160 3878 consternatio
1188 3825 1457 3880 affecerit.
1497 3828 1631 3882 Nam
1660 3845 1828 3899 prope
1856 3842 1976 3886 erat
2008 3844 2066 3889 ut
2093 3837 2362 3905 vertigine

787 3925 1071 3982 correptus
1105 3916 1504 3984 prolaberetur,
1549 3928 1606 3973 et
1634 3934 1664 3973 a
1706 3936 1835 3975 sana
1872 3934 2050 3979 mente
2081 3928 2360 3996 conspice-

787 4010 940 4053 retur
982 4002 1212 4057 alienus.
1242 4001 1401 4068 Hinc,
1452 4006 1541 4058 ubi
1588 4007 1876 4063 Perdiccas
1906 4014 2110 4066 summi
2149 4015 2359 4083 imperii

787 4090 1003 4159 negotia
1048 4095 1393 4160 procurabat,
1437 4091 1710 4151 Heraclea:
1740 4100 1959 4154 exsules
1988 4102 2056 4155 ad
2094 4104 2260 4171 petita
2294 4105 2360 4157 ab

785 4180 1097 4234 Alexandro
1122 4183 1288 4236 etiam
1316 4184 1458 4239 hunc
1489 4188 1839 4256 instigarunt.
1870 4189 2160 4261 Dionysius
2198 4194 2360 4265 igitur

784 4272 974 4327 eodem
1006 4282 1165 4327 utens
1196 4277 1540 4344 compendio,
1568 4280 1814 4345 quamvis
1854 4281 1905 4333 in
1945 4283 2060 4335 acie
2082 4285 2359 4338 novaculae

783 4374 953 4429 prope
1000 4362 1347 4425 consisteret,
1391 4366 1629 4433 pericula
1685 4379 1863 4421 tamen
1918 4372 2196 4439 complura
2255 4374 2355 4428 sibi

783 4450 1046 4504 intentata
1122 4453 1398 4507 devitavit.
1460 4454 1661 4509 Verum
1709 4456 2016 4522 Perdiccas,
2069 4463 2211 4530 quod
2256 4466 2357 4518 im-

782 4540 952 4607 probe
984 4556 1042 4594 se
1090 4551 1342 4611 gereret,
1379 4547 1445 4596 ab
1493 4543 1560 4598 iis
1593 4546 1789 4613 quibus
1820 4559 2048 4613 prmerat
2082 4550 2355 4604 interimi-

784 4636 871 4680 tur
894 4647 905 4681 :
927 4640 979 4682 et
1004 4631 1382 4685 simulfervida
1418 4634 1500 4686 illa
1534 4651 1657 4703 spes
1686 4637 1932 4691 exsulum
1964 4641 2352 4711 exstinguitur.

780 4718 1015 4775 Proinde
1057 4737 1144 4775 res
1176 4723 1432 4792 Dionysio
1471 4726 1522 4778 in
1555 4736 1758 4781 statum
1795 4727 2089 4785 feliciorem
2130 4748 2353 4787 conver-

783 4820 988 4864 tuntur.
1048 4814 1129 4865 Ad
1181 4814 1499 4869 felicitatem
1550 4832 1679 4871 vero
1736 4820 2028 4887 plurimum
2071 4824 2117 4876 ei
2174 4826 2355 4878 attulit

782 4903 1032 4955 momenti
1065 4905 1358 4958 secundum
1411 4909 1835 4963 matrimonium.
1886 4912 2157 4967 Amastrin
2209 4919 2350 4970 enim

781 4992 953 5059 duxit,
995 4994 1161 5049 ﬁliam
1210 4996 1486 5051 Oxathraz.
1523 5000 1716 5055 Frater
1765 5004 1809 5057 is
1840 5017 1958 5058 erat
1993 5007 2159 5074 Darii,
2191 5026 2351 5079 quem

780 5085 1087 5142 Alexander
1138 5090 1366 5157 imperio
1423 5093 1592 5157 exuit,
1625 5096 1847 5165 ejusque
1891 5100 2053 5153 tiliam
2097 5102 2351 5156 Statiram

780 5188 1000 5229 uxorem
1033 5177 1136 5230 sibi
1172 5178 1437 5242 adjunxit.
1469 5179 1749 5238 Patrue-les
1778 5187 1937 5255 igitur
1957 5200 2113 5242 erant
2170 5192 2250 5245 lim
2282 5193 2353 5245 l'e-

782 5266 962 5329 minae,
989 5281 1173 5322 amore
1213 5270 1356 5323 inter
1378 5287 1436 5325 se
1468 5274 1669 5329 eximio
1704 5276 1987 5344 devincttr,
2022 5282 2169 5350 quia
2204 5298 2349 5336 com-

782 5358 927 5411 muni
955 5359 1277 5417 educatione
1302 5372 1355 5415 et
1386 5367 1636 5419 convictu
1684 5368 1734 5421 in
1772 5371 1966 5424 animis
1999 5374 2233 5442 ipsarum
2268 5393 2349 5429 ra~

780 5450 925 5506 dices
956 5466 1164 5524 egerat.
1190 5456 1465 5511 Amastrin
1498 5458 1638 5512 hanc
1679 5460 2008 5530 Alexander,
2036 5482 2155 5519 cunt
2189 5467 2351 5521 Stnti-

2387 4512 2434 4569 D

2464 3290 2522 3341 δὲ
2570 3289 2602 3358 ἢ
2656 3289 2869 3358 Θανάτῳ
2907 3290 2946 3321 ⁸⁸
2989 3288 3023 3357 ἢ
3071 3289 3210 3357 νόσῳ
3256 3287 3398 3340 κατά
3449 3285 3747 3339 Βαϐυλῶνα
3794 3288 4038 3352 γεγονὼς

2477 3380 2821 3448 Ἀλέξανδρος
2871 3377 2962 3431 τὸν
3016 3378 3129 3446 βίον
3178 3378 3503 3447 διέδραμεν,
3550 3376 3812 3447 εὐθυμίας
3869 3371 3969 3446 μὲν
4011 3380 4039 3429 ὁ

2464 3471 2737 3532 Διονύσιος
2760 3470 3007 3538 ἄγαλμα,
3050 3468 3148 3539 τὴν
3182 3467 3443 3535 ἀγγελίαν
3472 3467 3733 3530 ἀκούσας,
3759 3468 4036 3536 ἱδρύσατο,

2465 3562 2655 3614 παθὼν
2683 3563 2748 3629 τῇ
2778 3561 2972 3631 πρώτῃ
3001 3558 3276 3629 προσϐολῇ
3307 3559 3406 3627 τῆς
3432 3559 3623 3627 φήμης
3644 3558 3749 3610 ὑπὸ
3780 3559 3881 3627 τῆς
3905 3558 4037 3609 πολ-

2462 3654 2560 3719 λῆς
2607 3654 2782 3721 χαρᾶς
2815 3652 2915 3703 ὅσα
2950 3651 3015 3703 ἀν
3043 3652 3077 3720 ἠ
3120 3650 3327 3717 σφοδρά
3363 3650 3507 3719 λύπη
3544 3649 3761 3718 δράσειε
3785 3664 3799 3678 ’
3839 3648 4037 3719 μικροῦ

2462 3742 2572 3812 γάρ
2620 3741 2981 3811 περιτραπεὶς
3012 3742 3091 3802 είς
3127 3739 3188 3791 τὸ
3238 3743 3425 3791 πεσεῖν
3480 3738 3699 3808 ὑπήχθη
3736 3740 3832 3790 καὶ
3880 3738 4040 3798 ἄνους

2462 3832 2618 3902 ῶφθη
2639 3833 2945 3902 γενόμενος.
2961 3832 3235 3899 Περδίκκα
3250 3831 3304 3883 δὲ
3327 3830 3435 3883 τῶν
3459 3832 3595 3883 ὅλων
3618 3831 3944 3891 ἐπιστάντος
3968 3832 4036 3891 ’⁸,

2462 3926 2510 3977 οἱ
2573 3926 2671 3993 μὲν
2697 3924 2797 3992 τῆς
2845 3922 3176 3992 Ἡρακλείας
3230 3922 3468 3990 φυγάδες
3497 3922 3632 3991 πρὸς
3664 3921 3733 3973 τὰ
3768 3921 3907 3973 αὑτά
3944 3922 4037 3971 καὶ

2462 4016 2651 4068 τοῦτον
2700 4014 3039 4083 παρώξυνον,
3075 4012 3353 4076 Διοσὺσιος
3382 4014 3440 4065 δὲ
3474 4014 3592 4074 ταῖς
3632 4010 3849 4079 ὁμοίαις
3878 4010 4035 4078 μεθόο

2462 4110 2570 4171 δοις
2615 4108 2893 4177 χρώμενος
2938 4106 3033 4158 ἐπὶ
3065 4104 3225 4174 ξυροῦ
3256 4105 3441 4173 ἀκμῆς
3493 4104 3722 4165 πολλοὺς
3756 4103 4039 4164 κινδύνους

2464 4199 2583 4250 κατ’
2612 4196 2775 4249 αὑτοῦ
2810 4196 3110 4258 συστάντας
3142 4195 3351 4257 πάντας
3378 4194 3678 4263 διέδρασεν.
3714 4193 3859 4245 ’Δλλ“
3888 4195 3915 4244 ὁ
3941 4194 4038 4260 μὲν

2465 4287 2766 4355 Περδίκκας
2812 4288 2917 4340 ὑπὸ
2968 4288 3075 4338 τῶν
3114 4288 3434 4357 ἀρχομένων
3478 4284 3750 4353 μοχθηρὸς
3794 4283 4036 4349 γεγονὼς

2460 4380 2745 4449 ἀνῄρηται,
2785 4378 2877 4431 καὶ
2908 4378 2963 4429 αἱ
3006 4378 3112 4428 τῶν
3148 4376 3406 4445 φυγάδων
3435 4376 3651 4437 έλπίδες
3692 4374 4032 4426 έσϐἐννυντο.

2462 4471 2719 4539 Διονυσίῳ
2743 4470 2799 4521 δὲ
2826 4468 3162 4537 πανταχόθεν
3185 4470 3252 4522 τά
3280 4469 3580 4538 πράγματα
3612 4466 3747 4538 πρὸς
3772 4468 3831 4518 τὸ
3856 4468 4035 4518 εὑδαιο

2467 4566 2787 4631 μονέστερον
2838 4561 3215 4629 μετεϐάλοντο.
3267 4560 3330 4611 Ἢ
3378 4560 3434 4610 δὲ
3482 4560 3706 4627 πλείστη
3747 4559 3888 4628 ῥοπὴ
3942 4560 4035 4625 τῆς

2464 4650 2809 4718 εὑδαιμονίας
2842 4652 2869 4701 ὁ
2897 4649 3146 4718 δεύτερος
3171 4648 3318 4717 αὑτῷ
3355 4650 3591 4714 κατέστη
3623 4650 3819 4715 γάμος.
3872 4649 4034 4712 ’Πγά-

2464 4759 2590 4809 γετο
2638 4742 2735 4810 μὲν
2777 4741 2885 4808 γὰρ
2918 4740 3245 4807 ΙἈμαστριν,
3303 4739 3440 4808 αὓτη
3477 4739 3532 4791 δὲ
3570 4735 3638 4807 ἦν
3701 4738 4033 4806 Ὀξάθρου⁸¹

2465 4834 2709 4903 θυγάτηρ
2740 4850 2751 4861 ·
2789 4832 3015 4899 ἀδελφὸς
3043 4832 3098 4883 δὲ
3130 4829 3195 4901 ἦν
3234 4826 3388 4893 οὗτος
3422 4832 3670 4899 Δαρείου,
3704 4829 3761 4880 ὃν
3791 4828 4035 4881 καθελὼν

2480 4926 2827 4995 Ἀλέξανδρος
2852 4926 3146 4993 Στάτειραν
3174 4924 3269 4993 τὴν
3304 4923 3469 4975 αὑτοῦ
3500 4922 3776 4991 θυγατέρα
3804 4924 4035 4987 γυναῖκα

2461 5016 2721 5085 ἠγάγετο,
2770 5015 2843 5075 ὡς
2888 5010 3027 5066 εἶναι
3062 5014 3158 5075 τὰς
3190 5017 3453 5079 γυναῖκας
3487 5012 3744 5079 ἀλλήλαις
3782 5012 4030 5078 ἀνεψιὰς,

2460 5110 2603 5177 ἔχειν
2636 5108 2690 5159 δέ
2715 5125 2765 5157 τι
2810 5104 2944 5174 πρὸς
2977 5105 3174 5167 έαυτάς
3198 5107 3242 5134 ¹²
3288 5107 3381 5156 καὶ
3424 5104 3645 5172 φίλτρον
3676 5100 3979 5170 ἐξαίρετον,
4009 5101 4033 5151 ὃ

2457 5199 2518 5250 τὸ
2573 5198 2902 5266 συντρόφους
2953 5195 3190 5263 ὑπάρξαι
3248 5200 3474 5255 ταύταις
3527 5192 3810 5258 ἐνέφυσεν.
3878 5191 4031 5241 Ἀλλά

2459 5290 2663 5357 ταύτην
2698 5288 2797 5355 τὴν
2853 5287 3161 5356 ΙἌμαστριν
3220 5284 3714 5354 ’Λλέξανδροςηότε
3765 5284 4029 5350 Στατείρᾳ⁵

2463 5383 2783 5449 συνήπτετο,
2823 5379 3089 5447 Κρατερῷ
3121 5377 3248 5445 (τῶν
3281 5378 3620 5446 φιλουμένων
3664 5371 3728 5444 ἦν
3761 5368 3920 5437 οὗτος
3960 5375 4027 5429 ὡς

2464 5473 2728 5541 μάλιστα)
2770 5470 3096 5539 συναρμόζει
3130 5472 3192 5524 ’³.
3248 5469 3600 5537 Ἀλεξάνδρου
3633 5468 3688 5519 δὲ
3718 5466 3779 5530 ἐξ
3825 5464 4025 5535 irrepo}-

2057 5602 2290 5661 VAl’tl/E
2342 5608 2747 5664 LECTIONES.

850 5686 891 5715 ”
918 5685 1152 5758 θανάτῳ]
1182 5692 1456 5757 φαρμάκῳ
1484 5694 1730 5744 tit-ullius.
1815 5695 1853 5723 "°
1888 5697 2302 5765 ἐπιστατοῦντος
2337 5703 2593 5775 Scaliger.
2674 5709 2711 5738 “
2771 5708 3008 5775 Οξὶινθσλυ
3048 5704 3125 5759 \el
3192 5698 3432 5767 υξέιρθυυ
3487 5712 3567 5764 pr.
3612 5696 3671 5745 λ.
3748 5694 3791 5722 ³³
3833 5694 4023 5751 ἑαυτάς

777 5759 985 5811 ευιΓ.Λ
1020 5776 1030 5811 :
1066 5760 1253 5813 ἑαυτόν
1289 5778 1347 5823 ς’.
1428 5764 1469 5793 ³³
1496 5765 1721 5833 ἁρμόζει
1760 5781 1813 5826 ς’.
