4208 6448
214 398 320 460 885

1230 403 1756 463 BIBLIOTHECA.
1787 404 2033 464 —COD.
2065 404 2359 465 CCXXIV.

3335 396 3448 459 886

211 536 331 571 πων
375 517 755 581 ἀποπτάντος,
811 517 907 571 καὶ
948 519 1228 589 Κρατεροῦ
1283 521 1418 589 πρὸς
1470 518 1639 570 Φίλαν
1680 518 1777 588 τὴν
1806 525 1852 581 Α

1806 525 1852 581 Α
1883 534 1996 573 ram
2031 516 2247 571 fecisset
2279 529 2523 579 uxorem,
2579 516 2804 571 Cratero
2843 515 2954 585 (qui
3005 515 3143 568 inter
3192 515 3439 568 charissi-

222 608 581 676 Ἀντιπάτρου
643 606 1057 671 ἀποκλίναντος,
1118 608 1311 679 γνώμῃ
1374 601 1494 660 τοῦ’
1527 608 1780 671 λιπόντος

211 694 472 765 Διονυσίῳ
500 697 531 765 ἠ
564 696 866 766 Ἀμαστρις
892 696 1270 760 συνοικίζεται.
1313 696 1402 759 Ἐξ
1427 690 1495 768 οὗΔ
1520 698 1609 749 ἐπὶ
1638 699 1779 765 μέγα

209 787 243 852 ἡ
273 784 417 853 ἁρχὴ
444 784 589 853 αὑτῷ
610 783 806 853 διήρθη
834 783 1065 837 πλούτου
1087 804 1143 837 τε
1179 784 1437 855 περιϐολῇ
1472 788 1540 878 vi?)
1572 785 1660 838 διὰ
1687 787 1784 855 τῆς

212 876 517 943 ἐπιγαμίας
546 875 904 945 προστεθείσῃ
934 878 1025 928 καὶ
1058 877 1161 947 ἰδίᾳ
1190 875 1513 947 φιλοκαλίᾳλ
1553 878 1646 931 καὶ
1677 879 1783 948 γὰρ

213 966 311 1018 καὶ
350 967 450 1036 τὴν
482 965 576 1017 τοῦ
627 967 901 1019 Διονυσίου
954 969 1131 1021 πᾶσαν
1173 967 1470 1035 ἐπισκευὴν
1504 966 1597 1020 τοῦ
1629 969 1785 1021 Σικε-

210 1056 337 1118 λίας
399 1057 837 1125 τυραννήσαντος
879 1058 1039 1110 αὑτὸν
1094 1057 1325 1127 ἐπῆλθεν
1382 1058 1779 1127 ἐξωνήσασθαι,

211 1150 317 1215 τῆς
344 1148 516 1216 ἀρχῆς
543 1148 749 1202 ἐκείνου
785 1149 1195 1219 διαφθαρείσης.
1224 1150 1299 1202 Οὐ
1325 1150 1498 1202 ταῦτα
1532 1150 1587 1203 δὲ
1627 1150 1785 1218 μόνον

212 1240 368 1307 αὐτῷ
402 1241 501 1307 τὴν
545 1241 719 1310 ἀρχὴν
761 1241 1162 1312 ὲπεκρὰτυνεν,
1204 1240 1338 1292 ἀλλὰ
1368 1242 1461 1292 καὶ
1510 1242 1787 1312 εὐπραγία

214 1330 315 1383 καὶ
338 1329 519 1384 εὔνοια
540 1332 648 1383 τῶν
678 1331 953 1400 ὑπηκόων,
988 1333 1081 1383 καὶ
1108 1330 1315 1383 πολλῶν
1336 1324 1411 1383 ὧν
1438 1332 1538 1382 οὐκ
1567 1332 1788 1401 ἐκράτει

214 1422 488 1489 πρότερον
526 1421 557 1488 ὴ
598 1420 875 1490 κυριότης.
909 1420 1017 1471 Καὶ
1060 1420 1345 1489 Ἀντιγόνῳ
1371 1419 1427 1472 δὲ
1455 1420 1551 1490 τὴν
1605 1421 1787 1474 Ἀσίαν

215 1510 507 1578 κατέχοντι
536 1510 803 1580 λαμπρῶς
835 1512 1223 1580 συμμαχήσας,
1249 1511 1409 1562 ὁπότε
1441 1512 1537 1580 τὴν
1565 1511 1788 1583 Κύπρον

215 1600 550 1668 ἐπολιόρκει,
591 1603 682 1653 τὸν
723 1602 1034 1669 ἀδελφιδοῦν
1083 1602 1415 1670 Πτολεμαῖον
1464 1604 1789 1673 (στρατηγὸς

214 1692 273 1744 δὲ
299 1688 456 1755 οὗτος
486 1690 553 1763 ἦν
581 1696 689 1746 τῶν
716 1696 844 1765 περὶ
873 1696 963 1746 τὸν
1008 1694 1431 1765 Ἑλλήσποντον)
1481 1698 1789 1766 φιλοτιμίας

215 1784 461 1854 ἀμοιϐὴν
491 1784 687 1852 εὕρατο
714 1786 843 1856 παρ’
891 1786 1178 1855 Ἀντιγόνῳ
1214 1787 1463 1856 γαμϐρὸν
1490 1788 1673 1840 λαϐεῖν
1698 1789 1790 1841 ἐπὶ

1887 623 2003 661 mos
2032 609 2080 660 ei
2132 607 2254 670 fuit)
2307 616 2531 675 nuptum
2565 606 2806 660 dederat.
2847 608 2915 657 At
2948 621 3091 669 cum,
3140 606 3443 659 Alexandro

1887 698 2049 752 rebus
2109 698 2418 751 mortalium
2485 712 2710 766 propere
2766 705 3034 766 exempto,
3078 696 3334 751 Craterus
3377 698 3444 748 ad

1884 784 2114 850 Philam,
2144 787 2431 855 Antipatro
2454 798 2654 848 natam,
2692 788 2928 841 animum
2973 786 3254 855 adjiceret,
3284 788 3445 839 Ama-

1889 878 2006 941 tris,
2045 879 2319 933 desertore
2359 894 2463 932 non
2504 880 2691 944 invito,
2741 880 2957 934 domum
2996 893 3028 932 a
3067 878 3319 949 Dionysio
3357 878 3446 932 du-

1886 965 2045 1019 citur.
2080 965 2161 1020 Ex
2201 981 2309 1035 quo
2357 967 2443 1034 ad,
2473 983 2725 1037 magnum
2754 968 2802 1023 ei
2838 976 3182 1038 augmentum
3210 966 3445 1021 domina-

1888 1069 1971 1112 tus
1998 1074 2121 1113 sese
2143 1058 2356 1125 extulit,
2389 1067 2498 1112 tum
2527 1074 2687 1128 opum
2717 1074 2748 1114 e
2778 1058 3081 1114 recentibus
3121 1058 3322 1127 nuptiis
3352 1073 3446 1111 ac-

1888 1149 2154 1213 cessione,
2195 1157 2305 1202 tum
2352 1150 2518 1217 ipsius
2558 1150 2721 1202 etiam
2768 1147 3024 1218 principis
3054 1147 3233 1201 studio
3258 1156 3311 1200 et
3336 1161 3449 1199 ma-

1888 1238 2216 1307 gnificentia.
2252 1238 2382 1293 Nam
2412 1248 2466 1294 et
2506 1238 2772 1310 Dionysii,
2820 1240 2911 1309 qui
2944 1238 3141 1294 Sicilia:
3165 1249 3448 1309 tyrannum

1890 1341 2096 1399 egerat,
2150 1346 2365 1386 omnem
2420 1330 2468 1385 ei
2516 1332 2901 1399 supellectilem
2956 1330 3190 1384 facultas
3237 1330 3448 1384 emendi

1891 1424 2135 1491 contigit,
2168 1425 2381 1491 quando
2410 1424 2475 1479 de
2513 1425 2738 1493 imperio
2789 1422 2929 1477 illius
2976 1432 3157 1476 actum
3191 1422 3310 1476 fuit.
3342 1420 3453 1475 Nec

1890 1526 2020 1569 vero
2050 1513 2136 1567 his
2165 1522 2368 1567 tantum
2397 1514 2755 1568 roborabatur
2783 1514 2831 1565 ei
2863 1520 3125 1580 potestas,
3162 1512 3254 1565 sed
3288 1513 3450 1564 etiam

1891 1618 1956 1657 eo
1988 1606 2130 1673 quod
2162 1618 2419 1674 prospero
2455 1618 2707 1659 successu
2735 1612 2790 1656 et
2819 1602 2999 1656 favore
3028 1603 3222 1655 civium
3270 1604 3457 1655 uteba~

1894 1705 2000 1756 tur,
2048 1704 2104 1748 et
2148 1694 2434 1763 imperium
2472 1695 2768 1762 usurpabat
2805 1692 2859 1745 in
2905 1691 3100 1745 multos
3143 1701 3300 1745 antea
3350 1707 3458 1745 non

1894 1783 2182 1853 subjectos.
2236 1784 2507 1853 Antigono
2558 1783 2743 1846 etiam,
2773 1781 2883 1847 jam
2936 1780 3218 1850 magnifice
3272 1780 3453 1833 Asiam

219 1873 475 1945 θυγατρί.
524 1876 586 1928 Ἦ
617 1876 672 1928 δὲ
700 1880 829 1939 παῖς
874 1880 936 1929 ὲκ
971 1878 1253 1949 προτέρων
1284 1875 1351 1949 ἦν
1383 1879 1531 1949 αὑτῷ
1561 1897 1789 1948 γεγενη-
1822 1868 1861 1922 Β

1822 1868 1861 1922 Β
1892 1875 2085 1947 2241)
2140 1876 2360 1939 tenenti,
2409 1874 2683 1944 suppetias
2726 1873 2885 1937 tulit,
2936 1872 3151 1942 quando
3220 1871 3454 1941 Cyprum

224 1967 362 2036 μένη
380 1969 427 1998 ’⁵
455 1968 669 2037 γάμων.
704 1968 859 2023 Οὕτω
887 1969 1016 2037 γοῦν
1047 1972 1126 2032 είς
1164 1973 1305 2040 μέγα
1353 1970 1510 2041 δόξης
1554 1972 1791 2025 ἀνελθὼν

221 2060 319 2107 καὶ
348 2058 441 2110 τὸν
479 2057 740 2126 τύραννον
768 2058 1083 2123 ἀπαξιώσας
1113 2060 1172 2112 τὸ
1205 2062 1466 2129 βασιλέως
1500 2064 1791 2115 ἁντέλαϐεν

220 2146 417 2215 ὄνομα.
464 2148 589 2219 [569
618 2148 706 2219 Η.]
742 2150 926 2202 Φόϐων
954 2151 1007 2202 δὲ
1036 2151 1128 2202 καὶ
1157 2151 1451 2220 φροντίδων
1483 2151 1793 2222 ἐλευθεριά-

223 2252 328 2298 σας
389 2240 481 2292 καὶ
534 2241 657 2301 ταῖς
712 2240 1103 2309 καθημεριναῖς
1155 2243 1391 2311 τρυφαῖς
1436 2242 1794 2314 ὲκδιαιτηθεὶς

222 2326 521 2398 ὲξωγκῶθη
564 2346 623 2381 τε
667 2330 725 2381 τὸ
761 2330 951 2400 σῶμα,
1006 2332 1222 2385 καὶτοῦ
1276 2332 1413 2386 κατὰ
1460 2333 1620 2401 φύσιν
1657 2335 1792 2388 πολὺ

222 2419 393 2471 πλέον
430 2421 713 2491 ὲλιπάνθη.
756 2421 876 2492 Ὑφ’
914 2417 987 2477 ὧν
1030 2424 1088 2477 οὐ
1127 2426 1286 2494 μόνον
1337 2426 1462 2496 περὶ
1495 2428 1593 2497 τὴν
1623 2427 1794 2499 ἀρχὴν

225 2512 491 2581 ῥαθύμως
515 2510 694 2583 εἶχεν,
730 2516 864 2569 ἀλλὰ
915 2518 1007 2569 καὶ
1036 2518 1257 2572 ἐπειδὰν
1292 2519 1660 2588 ἀφυπνώσειε,
1705 2521 1793 2591 βε-

223 2603 409 2666 λόναις
438 2608 674 2673 μακραῖς
716 2598 964 2678 τὸνσῶμα
1006 2609 1421 2680 διαπειρόμενος
1458 2612 1501 2644 ’⁵
1547 2612 1673 2682 [712
1702 2612 1794 2684 IL]

225 2694 422 2755 (τοῦτο
460 2696 567 2764 γὰρ
591 2698 721 2758 ἄκος
760 2699 918 2765 μόνον
944 2700 1034 2752 τοῦ
1072 2702 1243 2769 κάρου
1279 2703 1373 2757 καὶ
1403 2702 1499 2769 τῆς
1535 2704 1791 2774 ἀναισθη-

230 2784 355 2847 σίας
384 2785 707 2839 ὑπελείπετο
733 2790 823 2854 ¹⁶),
866 2790 1015 2857 μόλις
1036 2792 1133 2860 τῆς
1160 2792 1298 2845 κατὰ
1322 2792 1412 2845 τὸν
1437 2794 1602 2846 ὕπνον
1626 2812 1795 2852 κατα-

1892 1969 2245 2040 oppugnavit,
2293 1980 2348 2024 et
2400 1968 2762 2032 Ptolemaeum,
2818 1968 2959 2022 illius
3018 1968 3186 2022 fratre
3267 1977 3451 2021 natum

1896 2062 1999 2130 (cui
2040 2059 2371 2129 Hellesponti
2421 2062 2714 2129 satrapiam
2745 2060 3110 2129 commiserat)
3133 2060 3284 2129 quasi
3312 2075 3453 2129 prae-

1896 2156 2062 2208 mium
2098 2154 2264 2207 studii
2291 2154 2373 2207 sui
2406 2156 2544 2223 apud
2584 2153 2912 2222 Antigonum
2946 2154 3170 2216 invenit,
3206 2164 3263 2206 ut
3289 2169 3450 2223 gene—

1895 2262 2012 2299 rum
2052 2244 2197 2297 illum
2250 2244 2490 2307 haberet,
2537 2242 2646 2296 ﬁlia
2670 2257 2787 2310 qua:
2818 2257 2881 2295 ex
2912 2242 3089 2310 priore
3120 2242 3296 2296 fuerat
3328 2258 3449 2297 sus-

1893 2345 2048 2405 cepta
2076 2335 2343 2403 coniugio,
2382 2336 2433 2388 in
2470 2333 2867 2387 matrimonium
2925 2334 2973 2388 ei
2999 2334 3228 2388 elocata.
3270 2332 3453 2401 Itaque

1896 2426 1961 2479 ad
2002 2438 2249 2495 magnam
2295 2425 2468 2479 elatus
2515 2423 2777 2492 gloriam,
2807 2421 3019 2489 tyranni
3069 2436 3264 2476 nomen
3309 2422 3460 2475 dedi-

1896 2527 2110 2587 gnatur,
2140 2525 2194 2572 et
2228 2516 2370 2586 regis
2425 2514 2674 2569 assumit.
2707 2513 2929 2581 Jamque
2969 2522 3111 2566 metu
3137 2522 3191 2567 et
3219 2512 3365 2566 curis
3398 2513 3458 2565 l3-

1898 2613 2136 2672 beratus,
2171 2623 2296 2663 cum
2343 2607 2397 2660 in
2434 2604 2764 2676 quotidiauis
2801 2605 2964 2657 vitam
3005 2604 3212 2659 deliciis
3246 2613 3454 2671 ageret,

1899 2701 1951 2753 in
1994 2715 2231 2756 crassam
2290 2698 2542 2767 corporis
2578 2695 2771 2751 molem
2822 2696 3081 2762 excrevit,
3136 2696 3461 2764 pinguedine

1898 2806 2059 2862 supra
2093 2800 2299 2844 naturae
2323 2790 2538 2843 modum
2575 2788 2854 2842 adauctus.
2888 2786 3041 2841 Unde
3065 2786 3245 2840 evenit
3275 2796 3332 2839 ut
3357 2802 3461 2838 non

227 2877 405 2945 φορᾶς
428 2875 762 2939 ἐξανίστατο.
796 2880 1220 2949 Τεκνωσάμενος
1252 2883 1307 2935 δὲ
1339 2886 1484 2952 τρεῖς
1508 2886 1702 2948 παῖδας
1737 2888 1798 2939 ὲκ

1901 2885 2057 2940 modo
2089 2884 2422 2955 negligenter
2456 2895 2682 2949 regnum
2710 2879 3131 2943 administraret,
3171 2866 3266 2933 se'd
3299 2879 3460 2931 etiam

223 2968 329 3034 τῆς
383 2968 802 3039 Ἀμάστριος¹⁷,
854 2972 1150 3041 Κλέαρχον,
1189 2974 1455 3044 Ὀξάθρην
1501 2977 1596 3029 καὶ
1630 2977 1797 3044 θυγα-

1900 2991 2088 3032 somno
2118 2988 2428 3044 oppressus,
2474 2971 2717 3035 aciculis,
2762 2970 2887 3026 licet
2929 2970 3199 3040 oblongis,
3244 2971 3294 3023 in
3346 2985 3464 3024 cor-

222 3073 365 3128 τερα
407 3060 695 3129 ὁμώνυμον
722 3066 788 3131 τῇ
822 3064 1010 3133 μητρὶ,
1049 3064 1254 3133 μέλλων
1301 3068 1557 3137 τελευτᾷν
1594 3069 1797 3138 ταύτην

1796 3092 1797 3101 ι
1900 3084 2028 3138 pore
2056 3067 2177 3120 lixis
2209 3066 2285 3137 (id
2311 3066 2452 3120 enim
2474 3062 2647 3117 solum
2684 3061 2891 3116 veterni
2922 3071 2975 3115 et
3002 3061 3239 3129 stuporis
3265 3076 3458 3129 super-

220 3165 284 3198 τε
308 3148 419 3199 τῶν
448 3150 581 3202 ὅλων
610 3152 893 3205 δέσποιναν
918 3154 1315 3223 καταλιμπάνει
1341 3157 1436 3208 καὶ
1466 3157 1573 3209 τῶν
1595 3157 1796 3211 παίδων
1826 3193 1870 3252 C

1826 3168 2021 3252 Cerat
2073 3156 2395 3227 remedium)
2449 3156 2535 3208 vix
2587 3164 2761 3207 tamen
2811 3168 2840 3205 a
2912 3152 3120 3222 soporis
3176 3153 3463 3221 gravedine

222 3240 429 3309 κομιδῇ
466 3242 674 3310 νηπίων
713 3244 883 3297 ὄντων
915 3245 1009 3297 σύν
1040 3264 1180 3299 τισιν
1228 3248 1436 3316 ἑτέροις
1484 3248 1794 3319 ἐπίτροπον,
1829 3240 1870 3252 ‘-

1829 3240 1870 3252 “
1903 3252 2349 3306 exsuscitaretur.
2407 3247 2604 3302 Tribus
2652 3255 2829 3299 autem
2877 3260 2941 3299 cx
2994 3244 3230 3297 Amastri
3277 3244 3463 3297 liberis

222 3329 381 3397 βιοὺς
420 3331 519 3399 μὲν
552 3331 646 3399 ἐτη
674 3339 717 3384 ε’
750 3336 842 3386 καὶ
864 3340 925 3397 ν’,
951 3331 1024 3387 ὧν
1048 3336 1139 3388 ἐπὶ
1167 3336 1266 3405 τῆς
1295 3338 1466 3407 ἀρχῆς
1494 3337 1536 3389 λ’
1576 3340 1800 3410 ἐγνωρί-

1798 3372 1800 3379 ν
1903 3343 2004 3396 sibi
2038 3340 2357 3411 procreatis,
2385 3340 2667 3400 Clearcho,
2693 3337 2956 3399 Oxathre,
2996 3345 3049 3388 et
3080 3335 3185 3386 lilia
3221 3334 3460 3402 ejusdem

222 3419 399 3484 ζετο,
449 3422 753 3489 πραότατος
809 3426 866 3475 έν
904 3426 1080 3495 αὐτῇ,
1142 3426 1218 3488 ὡς
1270 3426 1505 3497 εἴρηται,
1560 3428 1798 3496 γεγονὼς

221 3509 324 3561 καὶ
376 3511 439 3562 τὸ
477 3513 721 3581 Χρηστὸς
777 3514 1064 3583 ἐπίκλησιν
1113 3517 1175 3568 ἐκ
1227 3516 1334 3567 τῶν
1377 3518 1526 3586 ἠθῶν
1573 3520 1796 3586 ἐνεγκά-

224 3616 429 3666 μενος,
464 3604 556 3654 καὶ
601 3603 767 3657 πολὺν
797 3605 960 3659 πόθον
996 3609 1103 3671 τοῖς
1136 3607 1240 3660 ὑπὸ
1282 3611 1438 3679 χεῖρα
1480 3611 1572 3661 καὶ
1605 3610 1798 3674 πένθος

220 3692 275 3741 λι
285 3691 425 3748 πῶν.

1902 3444 2021 3483 cum
2059 3439 2227 3480 matre
2273 3428 2526 3490 nominis,
2554 3427 2665 3495 jam
2713 3425 2872 3479 morti
2919 3424 3267 3491 pr0pinquus,
3303 3424 3456 3475 uxori

1906 3520 2426 3574 administrationem
2506 3528 2780 3582 cunctam,
2855 3525 2909 3570 et
2985 3516 3301 3582 liberorum,
3376 3516 3463 3583 qui

1906 3611 2078 3666 adhuc
2118 3621 2317 3665 tenera:
2352 3611 2637 3664 admodum
2688 3610 2861 3662 aetatis
2893 3617 3071 3670 erant,
3103 3607 3322 3661 tutelam
3354 3607 3468 3671 (ad--

1899 3701 2102 3769 junctis
2152 3703 2471 3771 quibusdam
2528 3700 2668 3767 aliis)
2719 3698 3011 3765 relinquit:
3067 3714 3187 3750 cum
3238 3699 3467 3751 vixisset

223 3796 407 3835 annos
438 3797 524 3847 LV,
554 3783 605 3837 in
632 3785 858 3853 imperio
891 3797 1068 3844 autem
1094 3793 1421 3861 conspicuus
1448 3793 1640 3847 fuisset
1666 3810 1793 3857 xxx,
1836 3795 1885 3847 in
1927 3809 2034 3860 quo
2085 3809 2143 3849 se
2193 3795 2538 3848 mitissimum
2611 3794 2776 3863 (quod
2829 3792 2960 3860 dixi)
3019 3791 3206 3861 gessit,
3264 3792 3337 3846 ita
3414 3804 3472 3847 ut

221 3884 648 3939 cognomentum
689 3875 911 3947 Benigni
961 3892 1027 3934 ex
1064 3880 1303 3936 moribus
1361 3881 1625 3949 referret;
1675 3899 2033 3954 magnumque
2069 3885 2275 3940 civibus
2328 3885 2652 3940 desiderium
2718 3895 2772 3940 et
2819 3885 3021 3941 luctum
3087 3896 3205 3956 post
3274 3901 3332 3940 se
3395 3902 3471 3939 rc-

226 3966 414 4020 liouit.

314 3982 414 4019 ult.

272 3982 470 4110 th'iﬁév
490 4057 546 4110 δὲ
570 4053 730 4131 ἧττον
756 4060 850 4113 καὶ
879 4063 1016 4130 μετὰ
1042 4064 1142 4134 τὴν
1174 4064 1381 4117 ἐκείνου
1412 4064 1470 4130 ἐξ
1496 4067 1798 4137 ἀνθρώπων

222 4149 580 4218 ἀναχώρησιν
618 4152 683 4204 τὰ
732 4154 829 4222 τῆς
862 4155 1067 4217 πόλεως
1109 4157 1243 4225 πρὸς
1287 4158 1630 4227 εὐδαιμονίαν
1673 4162 1799 4228 εφέ-

229 4258 361 4309 ρετο
383 4281 399 4303 ,
447 4242 749 4309 Ἀντιγόνου
799 4245 905 4297 τῶν
934 4262 991 4297 τε
1038 4247 1240 4300 παίδων
1271 4251 1545 4302 Διονυσίου
1580 4253 1670 4302 καὶ
1697 4252 1803 4303 τῶν

227 4331 470 4384 πολιτῶν
516 4333 575 4384 οὐ
632 4336 925 4405 παρέργως
971 4340 1391 4407 προνοουμένου.
1453 4342 1693 4394 Ἐκείνου
1742 4344 1799 4395 δὲ

1978 4063 2157 4119 Nihilo
2188 4071 2365 4119 tamen
2415 4062 2617 4126 minus,
2646 4070 2765 4130 post
2801 4061 2916 4129 ejus
2949 4076 2976 4115 a
3006 4063 3321 4118 mortalibus
3362 4062 3469 4115 dis-

1905 4173 2139 4221 cessum,
2168 4172 2254 4211 res
2286 4156 2523 4210 civitatis
2556 4154 2607 4208 in
2636 4156 2872 4209 secundo
2903 4155 3130 4208 fortuna:
3191 4171 3316 4209 casu
3342 4170 3471 4222 per-

1909 4249 2217 4313 manebant,
2275 4248 2545 4314 Antigono
2600 4246 2830 4300 filiorum
2882 4246 3121 4316 Dionysii
3168 4259 3221 4301 et
3271 4248 3467 4299 civium

1916 4358 2020 4396 non
2073 4341 2250 4395 obiter
2299 4355 2481 4394 curam
2523 4351 2765 4409 gerente.
2821 4339 2918 4405 Qui
2960 4341 3048 4393 ubi
3086 4341 3151 4393 ad
3206 4341 3307 4393 alia
3350 4351 3470 4394 stu—

227 4424 372 4490 πρὸς
415 4423 578 4494 ἕτερα
629 4426 726 4488 τὰς
770 4428 1054 4495 φροντίδας
1087 4431 1455 4499 τρεψαμένου,
1488 4432 1801 4503 Λυσίμαχος

1905 4434 2049 4486 dium
2084 4433 2301 4493 avertit,
2330 4430 2685 4502 Lysimachus
2713 4434 2765 4485 in
2792 4433 3125 4486 curationem
3155 4432 3467 4487 Heraclien~

227 4514 400 4565 πάλιν
434 4515 541 4567 τῶν
569 4518 696 4585 περὶ
738 4517 1062 4585 Ἡράκλειαν
1092 4523 1187 4572 καὶ
1219 4521 1325 4573 τῶν
1364 4522 1570 4576 παίδων
1600 4523 1802 4593 ἐπεμε-

227 4602 398 4665 λεῖτο,
428 4603 486 4664 ὃς
526 4606 619 4655 καὶ
656 4606 959 4677 Ἀμαστριν
992 4610 1225 4661 ποιεῖται
1255 4613 1506 4677 γυναῖκα.
1543 4612 1655 4664 Καὶ⁸
1681 4614 1802 4666 κατ’

1903 4524 2043 4577 sium
2088 4534 2141 4577 et
2174 4540 2461 4593 puerorum
2497 4525 2781 4579 successit.
2812 4525 2911 4589 Qui
2948 4534 3003 4578 et
3032 4526 3303 4579 Amastrin
3337 4541 3469 4578 uxo-

1908 4628 2018 4666 rem
2055 4614 2154 4668 sibi
2178 4614 2392 4679 ascivit,
2426 4624 2479 4668 et
2504 4614 2660 4669 initio
2693 4615 2920 4669 mirifice
2965 4615 3168 4667 amavit
3196 4627 3210 4665 :
3243 4616 3335 4668 sed
3374 4617 3462 4683 gli-

228 4692 413 4762 ἀρχὰς
440 4692 540 4761 μὲν
572 4694 691 4747 λίαν
716 4672 959 4767 ἔστερξε,
994 4672 1337 4769 πραγμάτων
1366 4702 1422 4755 δὲ
1454 4704 1603 4773 αὐτῷ
1633 4723 1801 4776 προσ·
1830 4672 1883 4731 D

1830 4672 2186 4758 Dscentibus
2248 4706 2479 4774 negotiis
2538 4706 2685 4761 illam
2742 4706 3013 4760 Heraclea:
3050 4706 3329 4774 relinquit,
3362 4708 3473 4773 ipse

229 4785 515 4839 πεσόντων
546 4787 715 4855 αὐτὴν
758 4788 855 4856 μὲν
906 4791 963 4841 ὲν
1008 4790 1307 4862 Ἡρακλείᾳ.
1345 4793 1541 4857 λείπει,
1570 4796 1732 4859 αὐτὸς
1759 4798 1804 4849 δ’

228 4876 415 4944 εἴχετο
451 4875 559 4927 τῶν
592 4878 937 4946 ἐπειγόντων.
979 4879 1072 4944 Είς
1105 4883 1327 4953 Σάρδεις
1358 4885 1413 4938 δὲ
1451 4888 1567 4955 μετ’
1607 4889 1668 4939 οὐ
1710 4906 1805 4941 πο-

230 4969 331 5021 λὺν
355 4968 569 5039 χρόνον,
595 4970 705 5025 τῶν
737 4972 946 5025 πολλῶν
968 4976 1144 5028 πόνων
1168 4978 1385 5047 ῥαΐσας,
1417 4980 1805 5049 μετεπέμψατο

230 5060 462 5128 ταύτην,
493 5062 586 5114 καὶ
630 5062 885 5133 ἔστεργεν
913 5067 1132 5135 ὁμοίως.
1164 5069 1425 5139 Ὕστερον
1452 5072 1509 5124 δὲ
1537 5073 1672 5141 πρὸς
1707 5074 1804 5141 τὴν

234 5151 517 5219 θυγατέρα
546 5152 591 5183 ’⁸
620 5155 951 5225 Πτολεμαίου
1006 5157 1099 5210 τοῦ
1139 5159 1468 5229 Φιλαδέλφου
1518 5163 1799 5233 (Ἀρσινόη

231 5242 289 5293 δὲ
318 5238 386 5311 ἦν
412 5242 475 5295 τὸ
497 5242 706 5314 ὄνομα)
732 5247 823 5299 τὸν
857 5247 1031 5317 ἔρωτα
1060 5251 1331 5319 μεταθεὶς,
1359 5251 1678 5323 διαζυγῆναι
1708 5256 1804 5324 τὴν

238 5336 550 5407 ’Ἄμαστριν
571 5338 735 5391 αὑτοῦ
759 5342 1029 5411 παρέσχεν
1054 5343 1255 5409 αἰτίαν,
1281 5346 1375 5397 καὶ
1398 5345 1804 5399 καταλιποῦσαν

234 5424 429 5479 τοῦτον
452 5428 777 5483 καταλαϐεῖν
806 5432 903 5503 τὴν
937 5433 1285 5501 Ἡράκλειαν.
1324 5435 1557 5506 Ἐγεὶρει
1584 5436 1641 5488 δὲ
1665 5437 1801 5507 αὓτη

236 5519 662 5589 παραγενομένη
691 5523 783 5575 καὶ
812 5524 1101 5588 συνοικίζει
1136 5526 1296 5580 πόλιν
1332 5529 1657 5601 Ἄμαστριν.

1910 4798 2069 4851 rebus
2122 4799 2434 4864 urgentibus
2466 4806 2781 4867 occupatur.
2834 4797 2943 4853 Nec
2990 4800 3148 4866 longo
3191 4799 3472 4851 intervallo

1906 4896 2049 4956 post,
2109 4902 2231 4941 cum
2284 4886 2524 4942 laborum
2578 4888 2929 4943 distractione
2966 4890 3204 4959 quietem
3271 4898 3471 4949 ageret,

1910 4980 2109 5033 Sardes
2153 4980 2295 5035 illam
2348 4984 2666 5035 accersitam
2695 4982 2809 5051 pari
2838 4996 3022 5035 amore
3052 4980 3429 5049 complectitur
3457 4998 3471 5033 :

1910 5082 2194 5140 postquam
2252 5086 2379 5126 vero
2431 5073 2497 5126 ad
2551 5072 2823 5127 Ptolemaei
2879 5072 3219 5141 Philadelphi
3268 5081 3470 5137 natam,

1915 5166 1998 5217 cui
2034 5179 2228 5218 nomen
2264 5166 2518 5229 Arsinoe,
2549 5178 2789 5219 amorem
2832 5165 3216 5229 transtulisset,
3254 5179 3471 5217 causam

1912 5256 2151 5313 Amastri
2201 5258 2429 5325 praebuit
2473 5256 2872 5321 disjunctionis,
2920 5266 3084 5326 utque
3134 5256 3346 5311 deserto
3382 5254 3473 5308 illo

1913 5348 2227 5403 Heracleam
2280 5360 2593 5418 occuparet.
2630 5348 2746 5415 Quo
2777 5363 3010 5413 reversa,
3068 5346 3338 5403 Amastrin
3380 5361 3470 5397 ur-

1908 5440 2028 5495 bem
2061 5439 2254 5508 erexit,
2283 5450 2338 5495 et
2377 5441 2580 5496 colonis
2615 5440 2995 5509 frequentavit.

1513 5642 1744 5696 VAlll/E
1781 5643 2181 5702 LEC'I‘IONES.

432 5729 772 5802 γεγενημένη
816 5732 853 5784 .\
883 5748 922 5802 γε
980 5734 1339 5802 γεγαμημένη
1391 5752 1447 5796 ς.

1544 5736 1588 5764 ²⁶
1623 5734 2033 5811 διαπειρομενος
2082 5752 2224 5789 corr.
2285 5740 2325 5789 A
2380 5755 2387 5788 ;
2427 5738 2850 5811 ὃιαπιιρώμινςις
2884 5758 2934 5803 τΔ
3028 5741 3063 5768 ¹ν
3094 5737 3380 5790 imi-37:37.0
3408 5755 3465 5802 τ,

243 5794 288 5827 ’⁷
330 5794 647 5868 ’Λμὰστρης
675 5794 771 5854 Α.’
800 5804 843 5834 ⁸³⁸
872 5794 1163 5874 θυγατέρὲι]
1186 5794 1450 5873 "animi
1475 5794 1992 5875 \\'csscliug.'0'b:s.
2016 5794 2139 5861 var.
2172 5820 2210 5873 ι,
2243 5807 2331 5862 2b.
