4208 6448
739 417 840 480 887

1890 428 2149 489 PHOTII
2181 430 2686 492 PATRIARCH/E
2715 436 2823 495 ΕΡ.

3868 444 3977 509 888

741 527 861 585 CAP,
928 526 1013 581 Vl.
1064 556 1131 566 -—
1173 524 1458 586 Clearchus
1510 533 1744 605 princeps
1809 534 1871 590 V.
1932 535 2065 601 Eius
2168 542 2328 661 vi"?
2399 542 2601 595 bellica.
2671 540 2910 595 Fortuna
2979 547 3266 601 mutabilis.
3316 547 3674 618 Degeneratio.
3729 550 3975 609 Parﬂt‘i-

2298 627 2423 661 tum.

2298 627 2423 664 tum.

809 713 1102 768 Clearchus
1150 720 1352 777 autem,
1396 714 1461 767 ad
1514 714 1723 768 virilem
1761 725 1888 770 tunc
1923 728 2136 773 aetatem
2185 735 2307 787 pro-
2336 730 2381 785 Α

2336 730 2381 785 Α
2484 725 2763 795 Κλέαρχος
2803 729 2858 781 δέ
2898 728 3194 802 ἀνδρωθεὶς
3222 732 3321 802 ἤδη
3347 732 3446 801 τῆς
3474 750 3531 785 τε
3564 735 3769 799 πόλεως
3810 733 3972 808 ἦρχε,

745 818 985 873 gressus,
1027 812 1081 857 et
1119 802 1326 856 civitati
1375 800 1649 859 Heraclea:
1680 806 1911 873 praefuit,
1966 820 2022 862 et
2067 810 2119 862 in
2151 810 2303 865 bellis

745 910 849 949 non
892 896 1096 964 paucis,
1139 910 1259 964 quae
1292 895 1374 949 vel
1421 911 1522 964 ope
1554 912 1651 951 sua
1684 898 2023 966 propulsaret
2055 900 2123 955 ab
2158 902 2302 967 aliis,

745 987 830 1041 vel
890 987 1037 1041 illata
1103 988 1204 1042 sibi
1250 987 1589 1053 defenderet,
1644 990 1916 1058 specimen
1986 992 2303 1059 praclarum

746 1078 932 1132 edidit.
970 1077 1113 1132 Inter
1157 1092 1277 1147 qua:
1320 1080 1513 1145 etiam,
1558 1080 1755 1150 225a
1794 1082 1918 1135 dum
1980 1082 2306 1154 Lysimacho

745 1179 930 1224 contra
992 1168 1158 1224 Getas
1208 1168 1547 1239 belligeranti
1606 1186 1826 1241 operam
1881 1184 2063 1240 navat,
2118 1187 2307 1245 captus

744 1271 829 1316 est
877 1276 1000 1316 cum
1041 1276 1165 1331 rege
1196 1280 1211 1316 :
1242 1276 1417 1331 eoque
1465 1278 1532 1317 ex
1567 1265 1882 1333 captivitate
1935 1266 2135 1331 soluto,
2191 1268 2305 1337 ipse

745 1354 908 1409 etiam
936 1354 1220 1423 prudentia
1260 1354 1562 1424 Lysimachi
1594 1365 1779 1415 postea
1808 1366 1891 1411 est
1921 1357 2201 1414 dimissus.

813 1446 1109 1504 Clearchus
1137 1447 1321 1514 itaque
1355 1454 1410 1500 et
1432 1446 1600 1500 irater
1632 1448 1687 1500 in
1724 1461 1890 1516 regno
1927 1460 2155 1517 paterno
2186 1466 2308 1505 suc-

746 1550 1009 1601 cessores,
1068 1538 1293 1591 lenitate
1360 1547 1418 1592 et
1459 1537 1813 1592 beneficentia
1871 1554 1999 1609 erga
2063 1543 2308 1597 subditos

746 1638 899 1696 patre
948 1628 1103 1697 longe
1152 1629 1439 1683 inferiores
1506 1639 1813 1683 evaserunt.
1872 1629 2014 1695 Quid
2051 1633 2194 1699 quod
2244 1633 2309 1686 ad

746 1715 1012 1771 nefarium
1053 1727 1109 1772 et
1141 1718 1475 1773 exsecrabile
1508 1717 1715 1773 facinus
1762 1729 1887 1773 sunt
1924 1720 2151 1789 delapsi.
2195 1721 2309 1775 Ma-

754 1817 890 1862 trem
923 1808 1090 1873 enim,
1146 1824 1263 1877 qua:
1285 1809 1417 1861 nihil
1474 1810 1525 1862 in
1574 1823 1670 1863 eos
1718 1810 1919 1878 grande
1965 1822 2308 1879 peccaverat,

746 1914 869 1951 cum
902 1901 1027 1953 navi
1063 1914 1121 1954 se
1151 1900 1536 1963 commisisset,
1578 1900 1772 1969 insigni
1804 1913 2110 1957 commento
2134 1914 2188 1958 et
2216 1903 2313 1958 ila-

744 1989 895 2057 gitio,
932 1992 1064 2046 mari
1092 1990 1452 2046 suﬂ'ocandam
1487 2004 1767 2047 curarunt.

2411 816 2504 870 καὶ
2528 817 2785 887 πολέμοις
2810 822 2909 873 οὐκ
2926 822 3125 891 ὀλίγοις
3154 824 3220 876 τά
3252 826 3349 892 μέν
3374 828 3679 895 συμμαχῶν
3708 829 3887 893 ἄλλοις
3905 832 3973 896 π’,

2408 908 2475 961 τὰ
2495 909 2548 961 δὲ
2571 912 2663 963 καὶ
2684 914 2798 974 τοῖς
2829 914 3243 983 ἐπιφερομένοις
3262 915 3411 986 αὐτῷ
3443 918 3750 987 ἐξητάζετο.
3778 920 3865 973 Ἐν
3891 918 3973 987 οἷς

2410 1002 2504 1052 καὶ
2530 1002 2670 1055 κατὰ
2699 1003 2879 1055 Γετῶν
2913 1006 3214 1075 Λυσιμάχῳ
3230 1006 3275 1036 ³⁸
3303 1009 3728 1078 στρατευόμενος
3751 1011 3793 1042 ³²
3829 1014 3975 1066 ἑάλω

2408 1108 2467 1141 τε
2493 1092 2589 1145 σὺν
2616 1094 2785 1164 αὐτῷ,
2817 1095 2910 1147 καὶ
2938 1095 3220 1159 ἀνεθέντος
3242 1098 3342 1166 τῆς
3362 1100 3736 1168 αἰχμαλωσίας
3765 1105 3975 1157 ἐκείνου

2409 1184 2502 1234 καὶ
2544 1183 2705 1247 αὐτὸς
2756 1186 2979 1237 ὕστερον
3026 1189 3090 1256 τῇ
3133 1190 3449 1259 Λυσιμάχου
3493 1193 3717 1262 προνοίᾳ
3764 1194 3975 1261 ἀφίετο.

2478 1442 2647 1511 Οὗτος
2676 1450 2704 1500 ὁ
2724 1450 3004 1520 Κλέαρχος
3023 1451 3139 1521 ἅμα
3164 1452 3243 1523 τῷ
3271 1453 3486 1524 ἀδελφῷ
3500 1454 3596 1524 τῆς
3616 1455 3789 1524 ἀρχῆς
3810 1473 3980 1508 κατα-

2416 1541 2641 1602 στάντες
2669 1541 2902 1610 διάδοχοι
2944 1543 3080 1611 πρὸς
3136 1544 3233 1611 μὲν
3264 1547 3581 1616 ἡμερότητα
3614 1549 3708 1600 καὶ
3745 1549 3983 1617 χρηστό-

2415 1646 2555 1699 τητα
2585 1630 2718 1682 πολὺ
2760 1630 2857 1683 τοῦ
2890 1633 3094 1702 πατρὸς
3127 1633 3381 1697 ἐλάττους
3416 1640 3526 1699 τοῖς
3561 1637 3821 1706 ὑπηκόοις
3870 1640 3979 1690 άπ-

2418 1721 2618 1790 έὸησαν
2640 1764 2655 1788 ,
2687 1723 2767 1785 εἰς
2804 1723 3070 1794 ἔκθεσμον
3104 1726 3160 1779 δὲ
3201 1727 3293 1779 καὶ
3327 1728 3668 1799 μιαρώτατον
3706 1728 3865 1799 ἔργον
3894 1732 3983 1795 ἐξ-

2419 1814 2648 1866 έπεσον·
2675 1814 2773 1883 τὴν
2817 1814 2923 1885 γάρ
2961 1816 3174 1886 μητέρα
3229 1820 3390 1888 μηδὲν
3441 1821 3569 1890 περὶ
3613 1821 3807 1884 αὐτοὺς
3844 1823 3984 1892 μέγα

2420 1907 2913 1977 πλημμελήσασαν,
2961 1912 3175 1978 μηχανῇ
3206 1909 3351 1981 δεινῇ
3386 1912 3481 1963 καὶ
3518 1914 3825 1983 κακουργίᾳ
3859 1916 3978 1968 ἐπι-

2424 1998 2598 2051 ϐᾶσαν
2624 1998 2751 2068 νηὸς
2786 1998 3031 2071 θαλάσσῃ
3064 2002 3437 2071 ἀποπνιγῆναι
3463 2004 3913 2075 κατειργάσαντο.

1181 2104 1311 2159 CAP.
1364 2102 1472 2157 VII.
1514 2134 1586 2144 —
1630 2104 1915 2160 Parricidii
1951 2107 2465 2180 ultio.Lysimachus
2512 2111 2586 2164 VI
2638 2114 2879 2167 dominus
2921 2124 3163 2169 externus
3200 2126 3248 2170 et
3286 2117 3552 2185 benignus.

810 2222 982 2290 Quam
1032 2223 1104 2276 ob
1140 2236 1357 2275 causam
1404 2221 1782 2290 Lysimachus,
1825 2223 2018 2291 smpius
2052 2223 2106 2277 in
2144 2224 2313 2280 histo-
2343 2232 2387 2289 Β

2343 2232 2387 2289 Β
2482 2230 2559 2280 Δι’
2602 2230 2668 2298 ἥν
2717 2231 2896 2282 αἰτίαν
2946 2229 3041 2283 καὶ
3079 2229 3388 2298 Λυσίμαχος
3418 2233 3446 2283 ό
3494 2230 3752 2293 πολλάκις
3800 2230 3987 2298 ῥηθεὶς

745 2315 826 2369 ria
861 2315 960 2369 ista
1007 2324 1341 2367 memoratus
1364 2313 1383 2383 (
1407 2314 1458 2367 in
1491 2311 1809 2367 Macedonia
1842 2322 2021 2367 autem
2055 2324 2183 2369 tunc
2224 2331 2313 2370 re-

747 2422 866 2460 rum
896 2404 1251 2475 potiebatur),
1283 2405 1384 2459 etsi
1414 2413 1633 2473 propter
1663 2405 1924 2459 Arsinoes
1962 2407 2314 2460 consuetudi—

748 2512 869 2552 nem
909 2496 1185 2551 Amastrin
1234 2511 1263 2548 a
1314 2489 1372 2547 se
1422 2495 1783 2559 abalienarat,
1812 2506 2147 2550 cumtamen
2200 2497 2313 2565 pri-

748 2589 872 2643 stini
917 2588 971 2641 in
1006 2602 1064 2642 se
1097 2586 1301 2641 amoris
1332 2601 1430 2641 ceu
1454 2585 1743 2655 igniculum
1773 2585 1964 2654 ferret,
2001 2598 2055 2641 et
2084 2589 2316 2642 immane

750 2690 914 2749 atque
947 2677 1269 2733 detestabile
1301 2678 1403 2731 hoc
1441 2676 1617 2730 scelus
1650 2692 1754 2730 non
1791 2678 2124 2731 tolerandum
2156 2678 2318 2733 duce-

747 2780 876 2823 ret:
915 2769 1079 2822 animi
1126 2767 1345 2837 quidem
1392 2767 1531 2836 apud
1574 2783 1633 2821 se
1682 2768 1895 2821 decreta
1923 2783 2081 2836 quam
2123 2770 2318 2822 arctis-

751 2860 888 2915 sime
918 2860 1207 2925 continuit,
1253 2859 1487 2928 antiqua:
1509 2858 1727 2913 interim
1762 2860 2184 2915 necessitudinis
2208 2870 2320 2915 stu-

752 2952 897 3005 dium
941 2949 1207 3005 Clearcbo
1242 2957 1569 3003 ostentans:
1621 2948 1715 3001 sed
1755 2959 1933 3002 tamen
1976 2961 2095 3003 arte
2127 2949 2317 3015 multa,

751 3052 807 3096 et
834 3040 1232 3112 strategematis
1262 3042 1329 3094 ad
1360 3040 1652 3094 fallendum
1684 3040 2001 3107 compositis
2023 3041 2321 3109 (occultare

752 3135 895 3187 enim
924 3148 1044 3201 qua:
1070 3132 1255 3195 vellet,
1287 3132 1595 3186 mortalium
1633 3131 2107 3201 ingeniosissimus
2143 3133 2321 3200 perhi-

752 3224 931 3293 betur)
981 3223 1319 3286 Heracleam,
1366 3238 1463 3275 ceu
1497 3221 1712 3291 publico
1760 3222 2141 3291 recipientium
2174 3238 2321 3277 com-

752 3316 914 3368 modo
954 3315 1004 3367 id
1043 3314 1158 3377 iiat,
1201 3312 1507 3383 ingreditur
1544 3329 1558 3365 :
1603 3322 1659 3365 et
1708 3314 1832 3364 dum
1871 3311 2116 3365 intimam
2150 3314 2321 3382 patris

754 3403 1097 3461 atl‘ectiouem
1133 3404 1283 3456 larva
1318 3403 1549 3470 quadam
1594 3401 1860 3457 Clearcho
1901 3402 2060 3469 eique
2091 3404 2323 3457 addictis

754 3510 867 3564 pra
901 3510 959 3549 se
993 3496 1117 3561 fert,
1166 3494 1468 3563 parricidas
1517 3494 1639 3547 illos
1668 3508 1698 3547 e
1744 3492 1919 3547 medio
1949 3493 2112 3558 tollit,
2147 3497 2323 3564 primo

2417 2317 2780 2384 (Μακεδονίας
2827 2320 2884 2372 δὲ
2916 2318 3228 2371 ἐϐασίλευεν
3281 2318 3371 2387 ³¹),
3422 2321 3470 2371 εἰ
3517 2319 3612 2371 καὶ
3662 2322 3760 2389 τὴν
3806 2322 3984 2388 Ἀμα-

2419 2426 2573 2479 στριν
2599 2411 2687 2464 διὰ
2723 2411 2822 2479 τὴν
2851 2413 2898 2443 ³⁸
2932 2412 3227 2478 συνάφειαν
3272 2411 3559 2481 Ἀρσινόης
3603 2411 3777 2463 λιπεῖν
3824 2412 3985 2464 αὐτὸν

2418 2502 2892 2570 παρεσκευάσατο,
2947 2502 3061 2554 ἀλλ’
3116 2502 3208 2554 οὖν
3262 2502 3355 2554 τοῦ
3398 2518 3458 2554 τε
3511 2504 3772 2571 προτέρου
3819 2504 3984 2556 πόθου

2419 2592 2599 2663 φέρων
2634 2592 2693 2641 ἐν
2744 2590 2919 2660 ἐαυτῷ
2974 2593 3035 2643 τὸ
3088 2590 3443 2661 ἐμπύρευμα,
3481 2593 3574 2643 καὶ
3628 2592 3689 2643 τὸ
3744 2595 3985 2663 μυσαρὸν

2420 2682 2513 2732 καὶ
2551 2679 2700 2749 ὠμὸν
2748 2680 2845 2749 τῆς
2885 2678 3137 2749 πράξεως
3182 2678 3282 2731 οὐκ
3314 2679 3609 2745 ἀνασχετὸν
3644 2677 3985 2744 ποιούμενος,

2422 2768 2803 2835 στεγανώτατα
2835 2768 2932 2838 μὲν
2964 2767 3062 2837 τὴν
3086 2766 3248 2819 αὑτοῦ
3283 2770 3531 2836 κατεῖχεν
3561 2767 3704 2819 ἔνδον
3739 2766 3866 2837 [5Ἷο
3894 2766 3985 2836 ιι]

2421 2847 2664 2929 γνώμην,
2686 2860 2783 2929 τὴν
2811 2860 3043 2930 ἀρχαίαν
3078 2859 3135 2912 δὲ
3165 2858 3351 2927 φιλίαν
3374 2860 3508 2930 πρὸς
3533 2860 3656 2921 τοὺς
3684 2860 3815 2929 περὶ
3848 2859 3987 2911 Κλέ-

2421 2969 2585 3021 αρχον
2611 2951 2689 3020 τῷ
2727 2954 2966 3020 σχήματι
2991 2950 3296 3013 ἐπιδεικνὺς
3324 2951 3414 3002 διὰ
3444 2949 3652 3002 πολλῶν
3698 2966 3757 3001 τε
3798 2968 3991 3018 μηχα-

2423 3041 2528 3091 νῶν
2556 3041 2648 3092 καὶ
2686 3040 2793 3091 τῶν
2821 3039 2913 3091 τοῦ
2948 3039 3228 3092 λανθάνειν
3255 3041 3724 3109 στρατηγημάτων
3758 3038 3992 3108 (κρύψαι

2423 3133 2529 3201 γάρ
2560 3133 2620 3183 τὸ
2645 3132 2965 3201 βουλόμενον
2991 3132 3036 3161 ³⁸
3062 3131 3364 3193 δεινότατος
3385 3131 3480 3183 ἀνθ
3491 3130 3684 3199 ρώπων
3707 3130 3992 3197 γεγονέναι

2423 3223 2687 3292 λέγεται),
2724 3225 2780 3276 ἐν
2813 3224 2856 3255 ³⁸
2893 3223 3189 3292 ⁹Ηρακλείᾳ
3224 3223 3321 3291 μὲν
3359 3225 3434 3285 ὡς
3463 3223 3555 3274 ἐπὶ
3583 3221 3661 3289 τῷ
3701 3221 3814 3273 τῶν
3846 3221 3994 3289 δεχο-

2429 3314 2604 3384 μένων
2660 3316 2958 3367 συνοὶσοντι
3004 3314 3388 3383 παραγίνεται,
3433 3313 3639 3383 πατρὸς
3666 3314 3720 3365 δέ
3757 3313 3993 3380 στοργὴν

2425 3404 2502 3474 τῷ
2552 3404 2879 3473 προσωπείῳ
2918 3407 3027 3466 τοῖς
3058 3406 3187 3473 περὶ
3223 3405 3502 3472 Κλέαρχον
3559 3403 3993 3474 προϐαλλόμενος

2426 3495 2640 3563 ἀναιρεῖ
2690 3493 2787 3561 μὲν
2822 3494 2946 3555 τοὺς
2978 3492 3401 3563 μητροκτόνους,
3452 3494 3668 3563 πρῶτον
3704 3493 3803 3560 μέν
3856 3492 3993 3544 Κλέ-

755 3590 1102 3656 Clearchum,
1139 3587 1338 3643 deinde
1377 3588 1538 3642 etiam
1582 3587 1859 3644 Oxathren
1894 3606 1906 3642 :
1960 3600 2013 3642 et
2044 3589 2123 3644 sic
2152 3590 2326 3657 justas
2362 3579 2400 3631 Β

2362 3579 2614 3655 Βαρχον,
2656 3579 2773 3636 εἶτα
2832 3585 2928 3636 καὶ
2998 3582 3299 3653 Ὀξάθρην,
3360 3585 3631 3654 μητρικῆς
3686 3585 3994 3651 ἀπαιτήσας

757 3693 1015 3736 materna:
1041 3682 1204 3737 caedis
1240 3696 1429 3751 poenas
1458 3682 1643 3750 exigit.
1685 3680 1842 3744 llinc,
1883 3684 1969 3733 ubi
2012 3683 2226 3735 redacta
2273 3681 2324 3734 in

756 3775 1065 3829 clientelam
1107 3788 1261 3827 suam
1318 3774 1556 3838 civitate,
1628 3788 1763 3842 Opes
1820 3782 2171 3841 tyrannorum
2227 3774 2325 3828 do-

760 3866 966 3918 minatu
1010 3864 1265 3919 collectas
1322 3864 1375 3917 in
1430 3864 1665 3934 prmdam
1713 3878 1865 3917 suam
1918 3866 2205 3931 vertisset,
2275 3876 2329 3919 et

761 3958 927 4028 (quod
971 3958 1058 4011 diu
1102 3954 1574 4025 exspectaverant)
1631 3953 1854 4007 liberam
1911 3956 2119 4010 civibus
2184 3969 2327 4007 rem-

764 4049 1036 4119 publicam
1063 4047 1409 4109 restituisset,
1456 4047 1508 4102 in
1549 4046 1827 4115 proprium
1882 4060 1944 4099 se
1976 4061 2202 4115 regnum
2237 4060 2321 4099 re-

766 4141 931 4210 cepit.

2434 3677 2746 3745 μιαιφονίας
2768 3676 2922 3737 δίκας
2948 3692 2959 3703 ·
2996 3674 3122 3745 [715
3154 3674 3243 3746 R.]
3284 3678 3376 3728 καὶ
3424 3677 3522 3746 τὴν
3576 3676 3729 3726 πόλιν
3768 3676 3995 3743 ποιησά-

2435 3787 2593 3838 μενος
2633 3770 2736 3821 ὑπὸ
2762 3770 2859 3837 τὴν
2904 3769 3157 3839 πρόνοιαν
3198 3769 3297 3837 τὴν
3342 3767 3529 3830 αὑτοῦ,
3566 3769 3661 3819 καὶ
3708 3766 3775 3818 τὰ
3824 3766 3997 3818 πολλά

2429 3863 2485 3915 δὲ
2535 3863 3013 3933 λαφυραγωγήσας
3044 3855 3119 3914 ῶν
3160 3862 3192 3929 ή
3224 3862 3475 3932 τυραννὶς
3505 3860 3750 3929 ἡθροίκει
3784 3860 3999 3927 χρημά-

2430 3973 2559 4015 των.
2597 3954 2781 4007 ἄδειάν
2815 3972 2873 4005 τε
2907 3953 3033 4014 δοὺς
3072 3952 3531 4021 δημοκρατεῖσθαι
3576 3952 3703 4013 τοὺς
3752 3950 3997 4013 πολίτας,

2431 4044 2491 4101 οὗ
2519 4048 2753 4115 ἐφίεντο,
2784 4047 2920 4116 πρὸς
2957 4046 3055 4116 τὴν
3082 4045 3216 4096 ἰδίαν
3247 4045 3525 4114 βασιλείαν
3554 4042 3856 4095 ἐστέλλετο.

1412 4253 1540 4307 CAP.
1589 4249 2125 4311 VIlL—Heraclius
2208 4260 2459 4318 tyrannus
2498 4245 2626 4300 VU.
2687 4243 2959 4297 Muliebris
3019 4244 3345 4310 impotentia.

834 4374 1107 4428 Reversus
1139 4373 1303 4443 igitur
1333 4374 1396 4427 ad
1426 4389 1541 4437 sua,
1568 4374 1841 4427 Amastrin
1873 4374 2123 4426 laudibus
2152 4373 2331 4426 extol-

2510 4370 2821 4438 Λυσίμαχος
2873 4368 2931 4419 δέ
2982 4366 3082 4434 τὴν
3136 4364 3271 4416 ἰδίαν
3322 4363 3496 4433 ἀρχὴν
3552 4360 3877 4413 καταλαϐὼν
3930 4361 3998 4412 δι’

762 4467 893 4527 lere.
946 4465 1169 4534 ejusque
1210 4479 1386 4518 mores
1417 4474 1472 4519 et
1504 4465 1787 4534 imperium
1821 4465 2104 4527 demirari,
2146 4474 2204 4516 ut
2231 4465 2333 4516 hoc

2436 4460 2675 4513 ἐπαίνων
2704 4458 2802 4528 μὲν
2840 4458 2940 4527 τὴν
2968 4458 3273 4525 ’Ἄμαστριν
3297 4450 3463 4523 εἶχεν,
3492 4452 3770 4520 ἐθαύμαζε
3800 4452 3857 4503 δὲ
3907 4454 4002 4503 αὑ-

761 4557 827 4609 ad
871 4556 921 4609 id
953 4555 1368 4625 magnitudinis,
1417 4558 1673 4623 potentiae
1708 4564 1763 4610 et
1790 4556 2090 4621 maiestatis
2128 4555 2329 4608 elatum

2437 4552 2539 4620 τῆς
2583 4550 2711 4610 τούς
2750 4565 2809 4601 τε
2865 4547 3100 4616 τρόπους
3144 4546 3237 4597 καὶ
3288 4546 3385 4613 τὴν
3416 4544 3612 4613 ἀρχὴν,
3649 4542 3785 4609 προς
3839 4542 4000 4608 ὄγκον

761 4648 1192 4711 corroborasset,
1221 4647 1484 4715 uniceque
1513 4648 1808 4717 przedicare
1838 4646 2150 4701 Heracleam
2187 4664 2202 4700 :
2238 4648 2332 4700 sed

2436 4646 2529 4698 καὶ
2580 4640 2808 4709 μέγεθος
2856 4639 2949 4691 καὶ
2986 4638 3135 4705 ἰσχὺν
3161 4637 3234 4698 ὡς
3268 4635 3619 4702 ἐκρατύνατο,
3648 4634 3880 4702 ἐξαίρων
3904 4634 4002 4702 μὲν

762 4741 814 4792 ul
857 4740 908 4791 in
949 4748 1156 4807 partem
1189 4738 1363 4791 laudis
1404 4739 1654 4791 venirent
1690 4738 1854 4791 etiam
1890 4736 2021 4791 Tius
2062 4745 2117 4792 et
2167 4740 2333 4791 Ama-

2432 4735 2529 4803 τὴν
2593 4731 2940 4801 Ἡράκλειαν,
3000 4728 3162 4798 μέρος
3203 4726 3258 4778 δὲ
3310 4742 3417 4777 των
3470 4725 3705 4777 ἐπαίνων
3758 4725 3853 4776 καὶ
3905 4724 4002 4791 τὴν

762 4831 913 4891 stris,
952 4845 1111 4899 quam
1162 4831 1381 4882 nomine
1422 4843 1521 4881 suo
1550 4828 1820 4881 celebrem
1854 4827 1941 4881 illa
1974 4828 2330 4881 condidisset.

2433 4826 2556 4876 Τῑον
2612 4824 2703 4876 καὶ
2769 4823 2867 4892 τὴν
2926 4824 3269 4889 Ἀμαστριν,
3321 4816 3387 4885 ῆν
3446 4818 3729 4884 ἐπώνυμον
3782 4816 4004 4883 ἤγειρεν

766 4923 895 4977 Ηαιο
940 4923 1132 4975 crebro
1167 4920 1370 4974 habens
1408 4921 1458 4973 in
1500 4934 1614 4985 ore,
1652 4920 1917 4974 Arsinoen
1966 4920 2336 4973 exstimulavit

2435 4917 2640 4982 ἐκείνη,
2674 4913 3017 4980 ποιούμενος.
3041 4911 3150 4962 Καὶ
3171 4908 3341 4960 ταῦτα
3364 4908 3539 4974 λέγων
3578 4907 3621 4936 ³⁸
3676 4904 3773 4973 τὴν
3817 4906 4004 4973 Ἀρσι-

767 5026 824 5069 υι
850 5015 1061 5068 urbium
1094 5022 1375 5083 tantopere
1407 5013 1801 5067 celebratarum
1834 5014 2176 5067 dominatum
2207 5012 2336 5066 all'e-

2435 5008 2561 5076 νόην
2608 5004 2828 5075 ἠρέθιζε
2874 5005 3123 5057 δεσπότιν
3147 5004 3252 5054 τῶν
3299 5002 3708 5071 ἐπαινουμένων
3756 5000 3799 5029 ³⁷
3855 5000 4007 5065 γενέ-

764 5117 974 5171 ctaret,
1003 5121 1230 5175 qumque
1260 5106 1550 5161 allectabat
1580 5106 1679 5160 sibi
1703 5107 1893 5159 donari
1929 5116 2156 5175 peteret.
2187 5107 2256 5159 At
2292 5107 2335 5160 is
2372 5087 2411 5141 ί)

2372 5087 2411 5141 ί)
2443 5100 2586 5152 σθαι.
2631 5098 2693 5149 Ἡ
2724 5097 2781 5149 δὲ
2834 5097 3002 5147 ἐδεῖτο
3029 5097 3210 5163 τυχεῖν
3250 5088 3325 5146 ὧν
3367 5094 3572 5145 ἐπόθει.
3605 5092 3713 5142 Καὶ
3758 5090 3785 5141 ὁ
3834 5091 4003 5142 Λυσί-

768 5198 1087 5268 gravitatem
1141 5199 1381 5251 muneris
1412 5199 1769 5266 praetendens,
1820 5198 1975 5251 initio
2005 5211 2196 5266 preces
2228 5212 2333 5251 non

768 5288 1106 5353 admittebat,
1148 5288 1241 5341 sed
1282 5299 1483 5349 tamen,
1526 5301 1812 5357 progressu
1849 5287 2107 5354 temporis
2142 5301 2328 5341 exoraa

768 5393 875 5442 tus,
902 5379 1193 5434 concessit.
1226 5378 1503 5446 Ingeniosa
1535 5378 1679 5431 enim
1705 5379 1770 5431 ad
1799 5377 2332 5431 circumveniendum

770 5470 869 5525 fuit
909 5471 1159 5535 Arsinoe,
1212 5478 1266 5524 et
1303 5469 1415 5538 jam
1452 5478 1705 5523 senectus
1757 5470 1870 5537 ipsa
1903 5468 2329 5522 mansuefactum

2442 5209 2611 5261 μαχος
2670 5188 2953 5258 σεμνύνων
3004 5186 3065 5238 τὸ
3135 5186 3304 5254 δῶρον
3375 5184 3497 5236 κατ’
3552 5184 3724 5251 ἀρχὰς
3786 5183 3887 5251 μὲν
3942 5182 4000 5232 οὖ

2439 5282 2711 5351 προσίετο,
2747 5278 3133 5348 ἐκλιπαρηθεὶς
3158 5277 3213 5328 δὲ
3240 5278 3417 5347 χρόνῳ
3450 5274 3723 5345 παρέσχεν
3751 5289 3765 5303 ⁸
3799 5269 3869 5341 ἦν
3899 5273 4004 5341 γάρ

2436 5375 2583 5441 δεινὴ
2640 5372 2944 5441 περιελθεῖν
2974 5369 3025 5439 [ἡ
3087 5367 3378 5439 Ἀρσινόη,
3427 5369 3522 5419 καὶ
3566 5368 3626 5417 τὸ
3678 5366 3855 5435 γῆρας
3906 5365 4003 5433 ἤδη

2438 5465 2755 5533 Λυσίμαχον
2815 5465 3074 5531 παρεῖχεν
3131 5461 3174 5492 ³⁸
3232 5460 3660 5529 εὐεπιχείρητον.
3726 5456 3999 5525 Δεξαμένη

2071 5604 2306 5660 VARI/13
2354 5600 2753 5657 LECTIOSES.

842 5707 885 5737 ’³
918 5706 1094 5769 ἄλλοις
1136 5708 1179 5761 Α
1216 5724 1229 5759 :
1269 5704 1517 5774 ἀλλήλοις
1558 5724 1616 5769 ς.

770 5794 828 5828 τε
876 5779 975 5844 τήν
1010 5795 1070 5840 ς.
1149 5777 1194 5808 ³⁵
1241 5776 1621 5844 βουλευόμενον
1672 5791 1814 5844 corr.
1870 5776 1932 5825 Α.
2012 5776 2053 5805 ³⁸
2112 5774 2165 5822 ἐν

772 5842 1008 5899 ἐπαίνων
1034 5864 1094 5911 ς’.
1173 5852 1215 5879 ³⁸
1242 5842 1247 5844 ⁷
1275 5848 1528 5913 πατκῖχεν
1561 5850 1602 5899 Δ
1644 5865 1653 5897 :
1686 5842 1823 5907 ἦγεν
1849 5860 1906 5904 ς.

1711 5707 1753 5735 ³⁰
1790 5706 2103 5771 Λυσιμάχου
2139 5719 2197 5763 ς.
2278 5700 2315 5729 ³¹
2354 5692 3135 5773 συστρατευόμενος,ὃςίιιιῑιξρικ

2205 5771 2326 5823 ἑλείιΙ.
2366 5777 2429 5821 Λ.

2512 5761 2756 5817 ³6ταῦτα
2825 5764 2923 5834 μὶν
2950 5761 3121 5827 λέγων
3173 5778 3229 5823 τ.
3310 5767 3327 5790 ⁴
