4208 6448
122 493 225 558 889

1172 481 1690 544 BIBLIOTHECA.
1724 504 1795 516 --
1840 478 2003 538 COD.
2045 476 2337 537 CCXXIV.

3245 463 3352 530 890

121 604 164 656 δ’
192 598 285 657 οὖν
316 604 348 672 ἡ
399 601 645 672 ’Δρσινόη
688 600 788 671 τῆς
848 596 1174 670 Ἡρακλείας
1207 597 1306 667 τὴν
1334 597 1510 667 ἀρχὴν
1541 596 1685 665 πέμ·
1710 596 1762 652 Α

1710 591 2009 652 Adederat
2052 588 2447 659 Lysimachum.
2498 582 2673 638 Potita
2716 582 2875 653 igitur
2938 580 3207 635 Heraclea:
3261 582 3350 635 do-

123 713 215 749 πει
244 696 360 747 -τὸν
417 695 665 764 Κυμαῖον
723 690 1094 761 Ἡράκλειτον,
1140 689 1306 759 ἄνδρα
1358 690 1455 759 μὲν
1502 687 1691 740 εὔνουν

124 787 287 853 αὐτῇ,
317 785 589 854 ἀπότομον
619 782 675 835 δέ
704 782 877 843 ἄλλως
910 782 1004 832 καὶ
1034 779 1203 833 δεινὸν
1221 780 1280 831 ἐν
1314 778 1691 848 βουλευμάτων

126 876 407 946 ἐντρεχείᾳ
438 875 533 928 καὶ
562 873 799 944 ὀξύτητι.
844 871 903 924 Ὀ
932 871 989 924 δὲ
1015 872 1111 939 τῆς
1146 869 1470 941 Ἡρακλείας
1499 867 1691 931 ἐπιὸὰς

122 970 193 1022 τά
242 985 303 1021 τε
356 969 491 1023 ἅλλα
545 967 746 1035 σφόδρα
811 963 1151 1035 ἐπιστρόφως
1195 962 1303 1014 τῶν
1351 960 1691 1030 πραγμάτων

127 1061 401 1129 ἐξηγεῖτο,
451 1060 546 1112 καὶ
576 1058 803 1121 πολλοὺς
836 1057 1038 1119 αἰτίαις
1084 1054 1399 1108 ὑποϐάλλων
1448 1052 1556 1105 τῶν
1602 1069 1695 1104 που

125 1152 290 1204 λιτῶν
321 1154 422 1205 οὐκ
459 1151 710 1213 ἐλάττους
753 1150 1094 1219 ἐτιμωρεῖτο,
1147 1146 1221 1208 ὼς
1272 1144 1435 1198 πάλιν
1478 1142 1689 1197 ἀποδα-

125 1243 239 1293 λεῖν
270 1242 467 1305 αὐτοὺς
491 1240 591 1309 τὴν
624 1238 777 1309 μόλις
800 1238 1153 1306 ἐπιφανεῖσαν
1180 1233 1548 1303 εὐδαιμονίαν.

1792 685 1994 736 minatu
2050 682 2303 743 Arsinoe,
2347 677 2682 733 Heraclitum
2732 690 2797 729 eo
2837 674 3112 746 Cymwum
3168 674 3354 737 mittit,

1791 775 1983 845 225b
2016 776 2189 828 virum
2225 773 2366 826 illius
2397 772 2772 825 observantem
2804 776 2859 821 et
2912 767 3235 831 studiosum,
3261 767 3355 820 sed

1792 866 1991 936 alioqui
2029 862 2396 933 prasfractum,
2436 870 2490 915 et
2522 860 2575 913 in
2611 857 2852 913 consiliis
2880 857 3072 911 dandis
3108 866 3161 909 et
3198 870 3356 909 exsc-

1791 957 2018 1027 quendis
2050 970 2308 1024 perquam
2354 951 2683 1006 industrium
2719 960 2776 1004 et
2804 964 3000 1003 acrem.
3036 948 3130 1001 llic
3169 946 3358 1016 prazfe-

1792 1058 1909 1103 ctus
1942 1046 2234 1107 Heraclea,
2268 1059 2389 1099 cum
2419 1044 2553 1097 alias
2596 1057 2685 1096 res
2714 1041 2876 1094 nimis
2908 1039 3077 1108 rigide
3121 1038 3354 1091 admini-

1795 1149 1951 1203 strat,
2004 1150 2114 1193 tum
2151 1138 2347 1191 inultos
2387 1136 2587 1190 civium
2640 1132 2959 1187 criminibus
2996 1141 3208 1193 onerat,
3260 1146 3358 1183 nec

1795 1231 2077 1299 pauciores
2125 1229 2382 1298 supplicio
2426 1225 2635 1281 allicit:
2671 1234 2725 1279 et
2756 1225 2835 1279 sic
2883 1223 3195 1279 felicitatem
3236 1224 3355 1275 vix-

1798 1324 1923 1377 dum
1956 1332 2201 1375 exortam
2238 1321 2381 1375 cives
2413 1319 2589 1373 denuo
2625 1317 2967 1371 amittebant.

252 1443 389 1497 CAP.
442 1440 532 1502 IX.
583 1472 652 1483 —
706 1440 784 1494 De
827 1438 1123 1509 Lysimachi
1147 1437 1431 1502 parricidia
1472 1436 1527 1488 in
1578 1433 1748 1503 ﬁlium
1795 1434 2150 1503 Agathoclem,
2186 1430 2398 1486 consilio
2454 1445 2706 1493 novercae,
2744 1428 2953 1497 ejusque
2982 1428 3217 1482 interitu.

208 1559 268 1611 Ὀ
325 1557 506 1628 μέντοι
554 1554 865 1625 Λυσίμαχος
912 1552 1212 1624 περιδρομῇ
1274 1550 1558 1619 Ἀρσινόης
1601 1549 1694 1601 τόν

122 1651 352 1719 ἄριστον
393 1647 502 1698 τῶν
547 1647 752 1699 παίδων
806 1646 899 1697 καὶ
944 1644 1317 1714 πρεσϐύτερον
1361 1641 1694 1708 Ἀγαθοκλέα

121 1742 213 1808 (ἐκ
244 1737 527 1807 προτέρων
564 1736 622 1787 δὲ
661 1736 763 1803 φὺς
805 1729 872 1803 ἦν
906 1732 1052 1800 αύτῴ
1105 1730 1320 1799 γάμων)
1366 1730 1485 1782 κατ’
1520 1730 1694 1799 ἀρχάς

124 1832 228 1900 μὲν
258 1829 576 1881 λανθάνοντι
606 1826 901 1896 φαρμάκῳ,
930 1824 1139 1876 ἐκείνου
1179 1823 1237 1874 δὲ
1270 1821 1409 1874 κατά
1439 1821 1693 1891 πρόνοιαν

1846 1549 2113 1603 Caeterum
2183 1546 2556 1616 Lysimachus,
2634 1544 2819 1596 fraude
2886 1542 3165 1602 Arsinoes,
3232 1553 3359 1594 natu

1799 1641 2091 1694 maximum
2164 1640 2500 1707 etoptimum
2582 1637 2841 1697 filiorum,
2890 1634 3260 1702 Agathoclem,
3331 1650 3362 1687 e

1797 1733 1978 1798 priore
2029 1730 2129 1784 sibi
2180 1730 2407 1799 conjuge
2441 1738 2649 1791 natum,
2698 1726 2870 1796 primo
2900 1726 3114 1793 quidem
3156 1740 3363 1778 veneno

1800 1821 2146 1883 clanculario,
2192 1822 2283 1875 sed
2329 1829 2547 1888 postea,
2585 1820 2685 1873 hoc
2724 1832 2819 1887 per
2843 1817 3105 1871 vomitum
3144 1817 3364 1885 rejecto,

118 1919 495 1988 ἐξεμεθέντος,
527 1915 885 1984 ἀναιδεστάτῃ
911 1912 1302 1983 διαχειρίζεται
1326 1910 1538 1981 γνώμῃ·
1572 1910 1691 1964 δεσ-
1720 1925 1768 1984 Β

1720 1925 1768 1984 Β
1797 1914 2057 1967 sententia
2089 1912 2553 1979 impudentissima
2577 1910 2888 1964 damuatmn
2943 1918 3117 1961 necat.
3154 1907 3210 1960 lu
3245 1921 3362 1959 car-

122 2014 394 2083 μωτηρίῳ
439 2010 693 2080 ἐμϐαλὼν
734 2010 943 2061 κελεύει
973 2008 1371 2077 κατακοπῆναι,
1403 2005 1694 2074 ἐπιϐουλὴν

116 2104 269 2173 αύτῷ
311 2102 797 2171 καταψευσάμενος
821 2102 884 2153 ³⁸.
934 2099 1065 2153 ’(1δέ
1098 2099 1453 2167 Πτολεμαῖος,
1495 2097 1557 2161 ὃς
1608 2099 1695 2150 αύ-

116 2196 308 2265 τόχειρ
360 2193 453 2247 τοῦ
491 2194 797 2263 μιάσματος
827 2192 1091 2259 ἐγεγόνει,
1125 2189 1350 2257 ἀδελφὸς
1386 2185 1453 2259 ἦν
1512 2190 1693 2260 Ἀρσι-

114 2290 269 2357 νόης,
296 2289 393 2340 καὶ
426 2286 711 2354 ἐπώνυμον
737 2285 823 2338 διά
852 2285 948 2354 τὴν
980 2284 1276 2351 σκαιότητα
1314 2284 1406 2335 καὶ
1438 2282 1694 2336 ἀπόνοιαν

115 2383 212 2433 τὸν
248 2378 525 2450 Κεραυνὸν
568 2378 781 2446 ἔφερεν.
828 2378 885 2430 ’0
914 2376 1095 2429 τοίνυν
1120 2374 1431 2444 Λυσίμαχος
1480 2375 1567 2427 διὰ
1597 2374 1693 2445 τὴν

114 2470 503 2523 παιδοκτονίαν
550 2470 708 2539 μῖσός
753 2486 812 2522 τε
860 2466 1068 2521 δίκαιον
1116 2465 1266 2535 παρά
1297 2467 1402 2517 τῶν
1438 2466 1694 2534 ὑπηκόων

114 2563 419 2631 ἐλάμϐανε,
466 2561 560 2614 καὶ
607 2561 869 2623 Σέλευκος
913 2559 1085 2613 ταῦτα
1131 2558 1457 2628 πυθόμενος,
1488 2559 1581 2612 καὶ
1618 2557 1693 2621 ὡς

115 2656 349 2723 εὐχερὲς
381 2655 466 2722 εἴη
493 2650 682 2704 τοῦτον
716 2649 1029 2718 παραλῦσαι
1076 2649 1179 2719 τῆς
1215 2649 1407 2717 ἀρχῆς,
1441 2648 1549 2700 τῶν
1601 2649 1697 2700 πό-

114 2740 258 2791 λεων
321 2739 703 2808 ἀφισταμένων
758 2736 967 2800 αὑτοῦ,
1022 2738 1207 2810 μάχην.
1254 2739 1513 2789 συνάπτει
1560 2737 1695 2805 πρὸς

114 2831 311 2882 αὐτόν.
370 2830 477 2881 Καὶ
528 2829 717 2881 πίπτει
770 2830 829 2881 ἐν
880 2827 961 2896 τῷ
1010 2827 1237 2897 πολέμῳ
1291 2827 1604 2897 Λυσίμαχος
1648 2826 1695 2859 ⁵⁸

115 2921 315 2990 παλτῷ
362 2920 575 2989 βληθείς
600 2939 614 2951 ’
644 2923 672 2973 6
712 2920 766 2972 δὲ
809 2918 986 2990 βαλὼν
1017 2919 1153 2989 ἀνὴρ
1194 2917 1577 2989 Ἡρακλεώτης
1603 2915 1693 2988 ἦν,

114 3014 247 3085 [571
277 3014 375 3086 IL]
404 3014 571 3083 ὄνομα
600 3014 894 3076 Μαλάκων,
932 3013 1035 3066 ὑπὸ
1067 3013 1316 3083 Σελεύκῳ
1343 3014 1689 3081 ταττόμενος.

114 3107 392 3166 Ιῐεσόντος
432 3106 487 3157 δέ
537 3108 569 3173 ἡ
602 3104 787 3157 τούτου
820 3103 962 3173 ἀρχὴ
988 3105 1429 3174 προσχωρήσασα
1478 3107 1545 3173 τῇ
1598 3103 1690 3156 τοῦ

112 3199 395 3251 Σελεύκευ
449 3199 609 3267 μέρος
660 3198 915 3267 κατέστη,
974 3196 1112 3248 Ἀλλ’
1162 3195 1393 3249 ἐνταῦθα
1455 3196 1554 3265 μὲν
1598 3196 1693 3251 καὶ

109 3292 173 3341 τὸ
202 3289 275 3359 ιβ’
303 3290 405 3358 τῆς
430 3289 703 3358 Μέμνονος
729 3289 967 3358 ἱστορίας
992 3288 1169 3359 λήγει.

1797 2022 1972 2060 cerem
2023 2006 2165 2058 enim
2217 2013 2556 2072 compactum
2610 2002 2867 2056 trucidari
2916 2001 3089 2070 jubet,
3139 2000 3362 2054 insidias

1797 2100 1933 2168 patri
1976 2108 2210 2153 structas
2247 2096 2384 2152 falso
2424 2095 2761 2150 criminatus.
2796 2092 3116 2147 Ptolemmus
3159 2102 3362 2155 autem,

1796 2191 1885 2258 qui
1936 2204 2030 2241 sua
2072 2204 2231 2243 manu
2284 2190 2459 2243 scelus
2508 2187 2559 2241 id
2616 2188 2961 2256 perpetravit,
3024 2187 3191 2240 frater
3244 2196 3365 2240 erat

1795 2282 2073 2347 Arsinoes,
2123 2291 2177 2335 et
2220 2280 2450 2358 Cerauni
2499 2279 2574 2351 [id
2636 2286 2718 2333 est
2749 2277 3013 2351 fulminis]
3041 2294 3365 2349 cognomen-

1794 2382 1906 2425 tum
1950 2373 2016 2426 ab
2080 2370 2484 2440 importunitate
2526 2386 2733 2424 morum
2785 2380 2837 2425 et
2872 2370 3120 2424 vecordia
3162 2372 3361 2424 retulit.

1794 2460 2147 2531 Lysimachus
2192 2463 2351 2532 igitur
2378 2469 2599 2531 propter
2637 2461 2726 2515 filii
2764 2463 2960 2516 ctedeni
3004 2463 3055 2514 in
3091 2464 3215 2514 odio
3248 2472 3365 2514 erat

1793 2552 2152 2609 subditorum.
2198 2552 2264 2606 Et
2296 2551 2578 2618 Seleucus,
2623 2552 2706 2607 his
2736 2554 2985 2622 cognitis,
3015 2562 3071 2607 et
3113 2555 3253 2621 quod
3284 2552 3366 2605 fa-

1793 2646 1895 2700 cile
1931 2647 1999 2698 sit
2032 2660 2196 2713 regno
2230 2645 2502 2698 hominem
2542 2656 2817 2710 excutere,
2852 2646 3161 2700 civitatibus
3204 2648 3269 2699 ab
3301 2662 3367 2701 eo

1794 2737 2189 2801 deficientibus,
2238 2737 2485 2806 proelium
2536 2752 2657 2791 cum
2718 2752 2779 2792 en
2832 2738 3088 2804 conserit,
3148 2736 3199 2791 in
3262 2754 3367 2807 qm.

1796 2825 2170 2897 Lysimachus,
2218 2830 2340 2881 dum
2393 2828 2604 2882 fortiter
2652 2827 2905 2893 dimicat,
2950 2828 3058 2896 pilo
3111 2828 3367 2898 trajectus

1794 2921 2043 2974 occubat.
2100 2919 2339 2989 Trajecit
2384 2932 2561 2975 autem
2620 2923 2702 2975 vir
2739 2919 3121 2981 Heracliensis.
3152 2922 3368 2976 nomine

1794 3009 2059 3077 Malacon,
2094 3010 2321 3066 Seleuco
2348 3012 2608 3075 militans,
2636 3012 3002 3079 subversoque
3031 3027 3117 3073 eo,
3148 3026 3365 3080 regnum

1795 3106 1859 3156 ad
1913 3101 2122 3158 Seleuci
2172 3104 2428 3159 ditionem
2465 3110 2547 3172 (ut
2598 3104 2742 3173 pars)
2780 3104 3028 3158 accessit.
3069 3104 3132 3158 Et
3165 3105 3251 3159 hic
3294 3121 3363 3158 λιιι

1796 3196 2094 3253 Memnonis
2142 3197 2279 3253 liber
2307 3196 2597 3251 historicus
2631 3196 2845 3249 desinit.

721 3399 851 3453 CAP.
891 3397 956 3453 Χ.
994 3428 1063 3438 -
1097 3397 1479 3464 Heraclienses,
1529 3399 1746 3467 expulso
1776 3410 2022 3468 tyranno,
2058 3416 2111 3451 se
2142 3398 2197 3451 in
2240 3398 2531 3451 libertatem
2565 3410 2827 3453 asserunt.

197 3517 297 3569 Ἐν
340 3515 399 3567 δέ
451 3513 527 3583 τῷ
573 3520 640 3581 ιγ’
680 3513 806 3575 τοὺς
843 3510 1226 3581 Ἡρακλεώτας
1262 3512 1409 3581 λέγει
1454 3513 1697 3582 πυθομέ-

106 3626 244 3671 νους
284 3609 326 3638 δι
354 3608 453 3675 τὴν
483 3605 765 3675 ἀναίρεσιν
793 3604 1107 3673 Λυσιμάχου
1133 3606 1225 3656 καὶ
1249 3604 1323 3666 ώς
1352 3606 1434 3674 εἴη
1455 3607 1483 3657 6
1514 3604 1701 3657 τοῦτον

107 3698 447 3758 ἀπεκτονὼς
485 3694 887 3765 ⁹Ηρακλεώτης,
919 3696 1017 3756 τάς
1054 3711 1112 3746 τε
1150 3694 1373 3763 γνώμας
1421 3695 1700 3765 ἁναρῤών-

106 3792 318 3847 νυσθαι
344 3791 439 3842 καὶ
466 3790 599 3859 πρὸς
621 3789 710 3840 τὸν
741 3788 837 3857 τῆς
864 3786 1174 3855 ἐλευθερίας
1210 3788 1699 3856 ἀνδραγαθίζεσθαι

107 3884 315 3946 πόθον,
372 3883 437 3951 ἣν
488 3881 528 3933 δ’
582 3882 677 3932 καὶ
724 3885 777 3931 π’
830 3879 1003 3931 ἔτεσιν
1032 3879 1135 3931 ὑπό
1172 3897 1231 3931 τε
1262 3880 1370 3933 τῶν
1424 3880 1698 3949 ἐμφυλίων

100 3976 409 4043 τυράννων
458 3973 550 4023 καὶ
607 3970 723 4040 μετ’
774 3970 1013 4031 ἐκείνους
1068 3970 1171 4022 ὑπδ
1213 3970 1526 4040 Λυσιμάχου
1554 3970 1693 4041 ἀφῄ-

102 4083 313 4136 ρηντο.
350 4062 656 4131 Προσῆλοον
709 4059 801 4114 οὖν
844 4063 1111 4131 πρότερον
1181 4062 1526 4135 Ἡρακλείδῃ,
1571 4065 1693 4116 πεί-

100 4157 311 4215 θοντες
354 4153 515 4206 αὑτὸν
545 4153 645 4221 μὲν
679 4153 941 4221 ἐκχωρεῖν
981 4152 1080 4219 τῆς
1118 4152 1345 4215 πόλεως,
1376 4154 1474 4205 οὐκ
1506 4153 1690 4223 ἀπαθῆ

97 4243 315 4295 κακῶν
370 4240 552 4309 μόνον,
578 4240 711 4293 ἀλλὰ
744 4242 837 4293 καὶ
864 4240 1135 4309 λαμπροῖς
1180 4239 1371 4309 δώροις
1420 4242 1699 4311 ἐφοδιαζὸ-

99 4352 311 4402 μενον,
371 4331 458 4398 ἐφ’
489 4324 531 4398 ᾧ
584 4332 680 4401 τὴν
722 4331 1038 4400 ἐλευθερίαν
1085 4331 1326 4395 ἐκείνους
1384 4334 1692 4388 ἁναλαὸεἶν.

109 4428 207 4487 Ὠς
266 4425 328 4477 δέ
383 4424 445 4474 οὐ
490 4422 648 4490 μόνον
693 4424 791 4474 οὐκ
840 4422 1073 4487 ἔπειθον,
1117 4422 1253 4474 ἀλλὰ
1282 4423 1375 4474 καὶ
1402 4426 1481 4485 είς
1526 4424 1696 4495 ὀργὴν

1878 3512 1933 3566 In
1970 3529 2064 3567 xm
2127 3514 2383 3581 deinceps
2438 3513 2549 3565 ha'c
2598 3525 3020 3575 commemorat,
3063 3514 3369 3569 Ileraclieu-

1804 3617 1932 3665 ses,
1990 3604 2174 3657 audito
2228 3602 2533 3674 Lysimachi
2590 3603 2841 3673 interitu,
2892 3618 2944 3661 et
2994 3612 3132 3675 quod
3182 3624 3209 3659 a
3272 3624 3369 3676 po-

1806 3695 1976 3762 pulari
2027 3710 2129 3751 suo
2189 3713 2291 3751 nex
2342 3700 2389 3752 ei
2451 3700 2597 3756 illata
2654 3710 2835 3764 esset,
2900 3700 3109 3754 animos
3168 3702 3366 3753 contir-

1808 3799 1994 3854 mant,
2051 3800 2106 3843 et
2164 3806 2263 3860 pro
2336 3792 2606 3848 libertatis
2670 3795 3050 3863 recuperandae
3104 3794 3368 3846 desiderio

1797 3879 1962 3935 fortes
1999 3896 2057 3934 se
2096 3881 2246 3937 viros
2296 3884 2599 3951 declarant,
2647 3901 2806 3952 quam
2838 3900 2934 3954 per
2974 3900 3142 3939 annos
3173 3884 3240 3938 84
3282 3896 3365 3953 ty-

1797 3977 1958 4026 raunl
2004 3975 2310 4040 domestici,
2342 3986 2396 4030 et
2438 3987 2556 4045 post
2603 3993 2695 4031 eos
2724 3976 3094 4048 Lysimachus,
3127 3986 3363 4047 ereptam

1797 4074 2100 4119 tenuerant.
2162 4066 2339 4133 Quare
2400 4067 2737 4123 Heraclidem
2791 4072 3140 4133 conveniunt,
3194 4082 3249 4124 et
3309 4080 3367 4123 ut

1794 4170 1897 4208 non
1959 4165 2165 4210 tantum
2222 4158 2407 4213 salvus
2439 4169 2493 4213 et
2522 4160 2832 4223 incolumis,
2880 4164 2971 4215 sed
3002 4163 3161 4215 etiam
3188 4163 3367 4231 splen-

1803 4246 1925 4299 dido
1958 4263 2237 4301 munerum
2261 4251 2458 4304 viatico
2487 4250 2783 4306 instructus
2811 4253 3052 4316 excedat,
3085 4253 3365 4322 pristinam

1805 4338 1961 4391 modo
2002 4338 2302 4392 libertatem
2352 4340 2660 4407 obtineant,
2717 4344 2964 4397 suadent.
3004 4346 3075 4398 At
3106 4361 3225 4398 eum
3260 4356 3366 4398 tam

1801 4430 1986 4498 procul
2045 4430 2213 4484 abfuit
2249 4441 2306 4485 ut
2342 4437 2755 4501 persuaderent,
2793 4447 2846 4489 ut
2881 4437 3043 4490 etiam
3073 4437 3150 4490 ira
3184 4449 3366 4507 tyran-

92 4519 433 4573 ἐκπεσόντα
489 4513 625 4569 εῐδον
679 4517 771 4568 καί
820 4533 971 4578 τινας
1019 4516 1198 4568 αὐτῶν
1253 4516 1347 4568 καὶ
1404 4516 1694 4586 τιμωρίαις

94 4612 428 4675 ὑπάγοντα,
484 4606 609 4677 [716
655 4605 744 4676 IL]
799 4606 1072 4676 συνθήκας
1115 4607 1331 4676 θέμενοι
1385 4607 1519 4676 πρὸς
1568 4606 1695 4668 τοὺς

92 4701 507 4773 φρουράρχους
531 4698 579 4749 oi
606 4699 844 4763 πολῖται,
900 4698 955 4750 αἳ
997 4700 1095 4768 τήν
1131 4698 1176 4729 δ’
1226 4714 1286 4749 τε
1338 4697 1695 4750 ίσοπολιτείαν

90 4799 297 4856 αὐτοῖς
347 4794 542 4861 ἔνεμον
587 4793 679 4842 καὶ
724 4793 848 4853 τοὺς
893 4790 1116 4860 μισθοὺς
1180 4790 1365 4843 λασεῖν
1419 4783 1493 4842 ὧν
1547 4790 1697 4841 ἐστέ-

87 4905 281 4959 ρηντο
305 4886 375 4951 ⁶²,
408 4883 841 4951 συλλαμδάνουσι
861 4882 950 4933 τὸν
986 4882 1341 4951 Ἡρακλείδην
1372 4881 1465 4933 καὶ
1491 4881 1694 4947 φυλατ-

82 4984 342 5049 τόμενον
392 4972 540 5044 εἶχον
578 4977 671 5028 ἐπὶ
706 4977 915 5047 χρόνον.
954 4974 1196 5025 Ἐκεῖθεν
1226 4974 1483 5043 λαμπρὰς
1508 4972 1693 5034 ἁδείας

82 5071 403 5128 λαξέόντες,
438 5067 539 5131 τῆς
576 5083 635 5117 τε
698 5066 1044 5135 ἀκροπόλεως
1105 5065 1299 5133 μέχρις
1347 5064 1576 5131 ἐδάφους
1626 5064 1694 5114 τά

79 5165 261 5231 τείχη
290 5158 620 5218 κατέϐαλον,
644 5158 736 5209 καὶ
770 5156 906 5228 πρὸς
936 5156 1197 5207 Σέλευκον
1224 5154 1690 5224 διεπρεσϐεύοντο,

77 5256 194 5323 τῆς
226 5252 455 5311 πόλεως
482 5249 816 5318 ἐπιμελητὴν
850 5249 1292 5319 προπτησάμενοι
1324 5246 1619 5314 Φώκριτον.

1803 4537 1930 4574 num
1966 4523 2310 4588 inflammari,
2352 4537 2405 4580 et
2450 4529 2739 4582 nonnullos
2771 4531 2834 4582 de
2865 4531 2978 4584 suis
3007 4532 3073 4585 ad
3105 4531 3365 4599 supplicia

1803 4611 1915 4678 rapi
1942 4612 2009 4665 ab
2045 4627 2109 4665 eo
2150 4612 2413 4677 viderent,
2453 4626 2610 4682 pacto
2652 4629 2774 4667 cum
2831 4615 3064 4683 prmsidii
3102 4614 3366 4684 praefectis

1801 4703 1953 4768 inito,
1986 4714 2042 4755 ut
2074 4705 2267 4772 aequali
2301 4706 2354 4758 in
2388 4707 2802 4775 republicajure
2832 4718 3131 4771 uterentur,
3176 4720 3225 4761 et
3254 4710 3369 4776 qui-

1799 4792 1897 4847 bus
1945 4794 2180 4849 fraudati
2219 4808 2402 4852 essent
2449 4799 2715 4866 stipendia
2762 4803 3086 4870 reciperent,
3126 4800 3365 4855 Heracli-

1798 4886 1917 4937 dem
1969 4886 2020 4938 in
2071 4887 2281 4941 vincula
2318 4890 2621 4960 conjectura
2668 4894 2733 4945 ad
2772 4901 2983 4963 tempus
3028 4896 3364 4949 custodiunt.

1797 4971 1938 5026 Metu
1978 4976 2177 5030 dehinc
2228 4979 2416 5042 soluti,
2471 4985 2670 5035 nimuia
2721 4983 2863 5035 arcis
2900 4983 2967 5035 ad
3021 4984 3365 5037 fundamenta

1798 5081 1967 5133 usque
1993 5067 2157 5138 226
2178 5086 2208 5120 a
2234 5069 2470 5136 diruunt,
2515 5082 2569 5125 et
2601 5075 2761 5126 missa
2793 5072 2856 5125 ad
2895 5072 3183 5148 Seleucum
3220 5075 3367 5141 lega-

1800 5160 1964 5223 tione,
2005 5158 2319 5215 Pbocritum
2371 5165 2605 5221 civitatis
2652 5166 2951 5235 principem
2981 5176 3365 5220 etcuratorcm

1802 5250 2003 5303 faciunt

995 5366 1126 5421 Car.
1153 5365 1244 5418 XI.
1266 5394 1337 5406 —
1372 5363 1594 5432 Ziptates
1637 5361 1890 5432 Bithynas
1931 5360 2286 5417 Herai'lt'enses
2323 5364 2553 5433 infestat.

1872 5479 1939 5533 At
1969 5478 2224 5546 Zipmtcs,
2251 5478 2517 5550 Bithynia:
2559 5481 2796 5549 regulus,
2827 5480 3157 5551 Ileraclentis
3198 5484 3366 5537 infen-

1798 5586 1910 5635 sus,
1946 5582 2125 5625 'antea
2174 5570 2501 5639 Lysimachi,
2551 5583 2675 5627 tunc
2731 5576 2890 5629 etiam
2938 5574 3148 5630 Seleuci
3204 5592 3367 5630 causa

161 5484 449 5551 Ζιποίτης
499 5480 555 5532 δέ
606 5484 634 5534 6
678 5480 916 5533 Βιθυνῶν
968 5480 1245 5550 ἐπάρχων,
1290 5478 1500 5549 ἐχθρῶς
1555 5477 1693 5548 ἔχων

93 5574 549 5647 Ἡρακλεώταις
596 5573 861 5643 πρότερον
917 5573 1015 5640 μὲν
1066 5570 1154 5624 διὰ
1187 5571 1520 5639 Λυσίμαχον,
1566 5570 1689 5622 τότε

1402 5729 1636 5785 VARI/13
1675 5730 2086 5788 LECTIONES.

151 5834 207 5865 ⁸⁵
256 5825 738 5897 καταψευδόμενος
768 5843 823 5888 λε’.
908 5828 945 5856 ὐ
989 5825 1100 5877 πο).
1134 5826 1160 5877 ὁ
1188 5823 1493 5894 Λυσίμαχος
1528 5842 1587 5888 ς.
1666 5826 1704 5854 δ’
1740 5823 2091 5891 πειθομένους
2122 5840 2179 5886 τ.
2260 5828 2297 5857 "1
2338 5829 2455 5881 αϊΑ
2495 5847 2504 5882 ;
2534 5827 2589 5880 οἵ
2612 5845 2671 5891 ς.

75 5904 247 5959 συλλ.
292 5914 357 5962 ς.

2754 5829 2793 5860 ³³
2824 5829 3109 5899 ἐστέρηντο
3141 5830 3361 5899 magna
