  <div class='ocr_page' id='page_1' title='image "/cluster/home/n/w/nwhite01/storage/ocr_20150623/103/nnc1.0046979689/453.png"; bbox 0 0 4208 6448; ppageno 0'>
   <div class='ocr_carea' id='block_1_1' title="bbox 822 376 921 441">
    <p class='ocr_par' dir='ltr' id='par_1_1' title="bbox 822 376 921 441">
     <span class='ocr_line' id='line_1_1' title="bbox 822 376 921 441; baseline -0.02 0"><span class='ocrx_word' id='word_1_1' title='bbox 822 376 921 441; x_wconf 84' lang='grc'><strong>891</strong></span> 
     </span>
    </p>
   </div>
   <div class='ocr_carea' id='block_1_2' title="bbox 1973 373 2922 437">
    <p class='ocr_par' dir='ltr' id='par_1_2' title="bbox 1973 373 2922 437">
     <span class='ocr_line' id='line_1_2' title="bbox 1973 373 2922 437; baseline -0.007 0"><span class='ocrx_word' id='word_1_2' title='bbox 1973 377 2233 437; x_wconf 84' lang='grc' dir='ltr'><strong>ΡΗΟΤΙΙ</strong></span> <span class='ocrx_word' id='word_1_3' title='bbox 2271 374 2775 436; x_wconf 61' lang='grc' dir='ltr'><strong>ΡΛΤΙΠΛΗΟΗεῈ</strong></span> <span class='ocrx_word' id='word_1_4' title='bbox 2812 373 2922 432; x_wconf 87' lang='lat' dir='ltr'><strong>CP.</strong></span> 
     </span>
    </p>
   </div>
   <div class='ocr_carea' id='block_1_3' title="bbox 3960 372 4065 432">
    <p class='ocr_par' dir='ltr' id='par_1_3' title="bbox 3960 372 4065 432">
     <span class='ocr_line' id='line_1_3' title="bbox 3960 372 4065 432; baseline 0 0"><span class='ocrx_word' id='word_1_5' title='bbox 3960 372 4065 432; x_wconf 73' lang='lat'><strong>892</strong></span> 
     </span>
    </p>
   </div>
   <div class='ocr_carea' id='block_1_4' title="bbox 825 472 2487 555">
    <p class='ocr_par' dir='ltr' id='par_1_4' title="bbox 825 478 2474 555">
     <span class='ocr_line' id='line_1_4' title="bbox 825 478 2474 555; baseline -0.002 -18"><span class='ocrx_word' id='word_1_6' title='bbox 825 490 972 555; x_wconf 81' lang='lat' dir='ltr'><strong>(nam</strong></span> <span class='ocrx_word' id='word_1_7' title='bbox 1006 494 1126 533; x_wconf 89' lang='lat' dir='ltr'><strong>cum</strong></span> <span class='ocrx_word' id='word_1_8' title='bbox 1146 488 1374 546; x_wconf 87' lang='lat' dir='ltr'><strong>utroque</strong></span> <span class='ocrx_word' id='word_1_9' title='bbox 1396 478 1696 532; x_wconf 74' lang='lat' dir='ltr'><strong>simultates</strong></span> <span class='ocrx_word' id='word_1_10' title='bbox 1720 480 1998 549; x_wconf 86' lang='lat' dir='ltr'><strong>habebat),</strong></span> <span class='ocrx_word' id='word_1_11' title='bbox 2060 482 2400 535; x_wconf 84' lang='lat' dir='ltr'><strong>exeursioni-</strong></span> <span class='ocrx_word' id='word_1_12' title='bbox 2431 491 2474 543; x_wconf 81' lang='grc' dir='ltr'>Α</span> 
     </span>
    </p>
   </div>
   <div class='ocr_carea' id='block_1_5' title="bbox 2408 472 4070 555">
    <p class='ocr_par' dir='ltr' id='par_1_5' title="bbox 2431 472 4070 548">
     <span class='ocr_line' id='line_1_5' title="bbox 2431 472 4070 548; baseline 0.001 -18"><span class='ocrx_word' id='word_1_13' title='bbox 2431 491 2474 543; x_wconf 78' lang='grc' dir='ltr'>Α</span> <span class='ocrx_word' id='word_1_14' title='bbox 2504 479 2560 530; x_wconf 80' lang='grc' dir='ltr'><strong>δὲ</strong></span> <span class='ocrx_word' id='word_1_15' title='bbox 2610 479 2696 530; x_wconf 74' lang='grc' dir='ltr'><strong>διὰ</strong></span> <span class='ocrx_word' id='word_1_16' title='bbox 2741 478 2999 529; x_wconf 81' lang='grc' dir='ltr'>Σέλευκον</span> <span class='ocrx_word' id='word_1_17' title='bbox 3052 476 3331 548; x_wconf 80' lang='grc' dir='ltr'>(διάφορος</span> <span class='ocrx_word' id='word_1_18' title='bbox 3372 477 3479 544; x_wconf 78' lang='grc' dir='ltr'><strong>γὰρ</strong></span> <span class='ocrx_word' id='word_1_19' title='bbox 3526 472 3592 547; x_wconf 81' lang='grc' dir='ltr'>ἦν</span> <span class='ocrx_word' id='word_1_20' title='bbox 3623 477 3910 548; x_wconf 80' lang='grc' dir='ltr'>ἑκατέρῳ),</span> <span class='ocrx_word' id='word_1_21' title='bbox 3972 483 4070 543; x_wconf 59' lang='grc' dir='ltr'><strong>τὴν</strong></span> 
     </span>
    </p>
   </div>
   <div class='ocr_carea' id='block_1_6' title="bbox 832 572 2397 641">
    <p class='ocr_par' dir='ltr' id='par_1_6' title="bbox 832 572 2397 641">
     <span class='ocr_line' id='line_1_6' title="bbox 832 572 2397 641; baseline -0.004 -11"><span class='ocrx_word' id='word_1_22' title='bbox 832 581 930 630; x_wconf 88' lang='lat' dir='ltr'><strong>bus</strong></span> <span class='ocrx_word' id='word_1_23' title='bbox 957 576 1010 629; x_wconf 92' lang='lat' dir='ltr'><strong>in</strong></span> <span class='ocrx_word' id='word_1_24' title='bbox 1054 587 1185 640; x_wconf 82' lang='lat' dir='ltr'><strong>agro</strong></span> <span class='ocrx_word' id='word_1_25' title='bbox 1218 585 1402 623; x_wconf 89' lang='lat' dir='ltr'><strong>eorum</strong></span> <span class='ocrx_word' id='word_1_26' title='bbox 1442 572 1621 633; x_wconf 82' lang='lat' dir='ltr'><strong>factis,</strong></span> <span class='ocrx_word' id='word_1_27' title='bbox 1656 588 1683 623; x_wconf 88' lang='lat' dir='ltr'><strong>a</strong></span> <span class='ocrx_word' id='word_1_28' title='bbox 1716 572 1861 623; x_wconf 88' lang='lat' dir='ltr'><strong>nullo</strong></span> <span class='ocrx_word' id='word_1_29' title='bbox 1890 573 2276 626; x_wconf 86' lang='lat' dir='ltr'><strong>maleficiorum</strong></span> <span class='ocrx_word' id='word_1_30' title='bbox 2314 589 2397 641; x_wconf 83' lang='lat' dir='ltr'><strong>ge-</strong></span> 
     </span>
    </p>
   </div>
   <div class='ocr_carea' id='block_1_7' title="bbox 828 662 2396 731">
    <p class='ocr_par' dir='ltr' id='par_1_7' title="bbox 828 662 2396 731">
     <span class='ocr_line' id='line_1_7' title="bbox 828 662 2396 731; baseline -0.003 -10"><span class='ocrx_word' id='word_1_31' title='bbox 828 684 961 721; x_wconf 84' lang='lat' dir='ltr'><strong>nere</strong></span> <span class='ocrx_word' id='word_1_32' title='bbox 1014 665 1291 717; x_wconf 83' lang='lat' dir='ltr'><strong>abstinuit.</strong></span> <span class='ocrx_word' id='word_1_33' title='bbox 1346 662 1629 715; x_wconf 76' lang='lat' dir='ltr'><strong>Exercitus</strong></span> <span class='ocrx_word' id='word_1_34' title='bbox 1689 672 1864 715; x_wconf 89' lang='lat' dir='ltr'><strong>tamen</strong></span> <span class='ocrx_word' id='word_1_35' title='bbox 1908 664 2047 731; x_wconf 83' lang='lat' dir='ltr'><strong>ejus,</strong></span> <span class='ocrx_word' id='word_1_36' title='bbox 2100 666 2222 716; x_wconf 88' lang='lat' dir='ltr'><strong>dum</strong></span> <span class='ocrx_word' id='word_1_37' title='bbox 2274 666 2396 717; x_wconf 85' lang='lat' dir='ltr'><strong>huic</strong></span> 
     </span>
    </p>
   </div>
   <div class='ocr_carea' id='block_1_8' title="bbox 832 754 2394 829">
    <p class='ocr_par' dir='ltr' id='par_1_8' title="bbox 832 754 2394 829">
     <span class='ocr_line' id='line_1_8' title="bbox 832 754 2394 829; baseline -0.006 -16"><span class='ocrx_word' id='word_1_38' title='bbox 832 761 1049 829; x_wconf 80' lang='lat' dir='ltr'><strong>negotio</strong></span> <span class='ocrx_word' id='word_1_39' title='bbox 1076 755 1357 817; x_wconf 89' lang='lat' dir='ltr'><strong>incumbit,</strong></span> <span class='ocrx_word' id='word_1_40' title='bbox 1405 754 1633 806; x_wconf 86' lang='lat' dir='ltr'><strong>cladium</strong></span> <span class='ocrx_word' id='word_1_41' title='bbox 1658 767 1765 805; x_wconf 89' lang='lat' dir='ltr'><strong>non</strong></span> <span class='ocrx_word' id='word_1_42' title='bbox 1798 769 1991 821; x_wconf 81' lang='lat' dir='ltr'><strong>expers</strong></span> <span class='ocrx_word' id='word_1_43' title='bbox 2036 764 2139 818; x_wconf 90' lang='lat' dir='ltr'><strong>est,</strong></span> <span class='ocrx_word' id='word_1_44' title='bbox 2168 754 2260 807; x_wconf 87' lang='lat' dir='ltr'><strong>sed</strong></span> <span class='ocrx_word' id='word_1_45' title='bbox 2291 769 2394 806; x_wconf 90' lang='lat' dir='ltr'><strong>non</strong></span> 
     </span>
    </p>
   </div>
   <div class='ocr_carea' id='block_1_9' title="bbox 829 843 1938 913">
    <p class='ocr_par' dir='ltr' id='par_1_9' title="bbox 829 843 1938 913">
     <span class='ocr_line' id='line_1_9' title="bbox 829 843 1938 913; baseline -0.008 -9"><span class='ocrx_word' id='word_1_46' title='bbox 829 854 998 905; x_wconf 83' lang='lat' dir='ltr'><strong>multo</strong></span> <span class='ocrx_word' id='word_1_47' title='bbox 1034 850 1299 909; x_wconf 88' lang='lat' dir='ltr'><strong>mitiores,</strong></span> <span class='ocrx_word' id='word_1_48' title='bbox 1324 860 1481 913; x_wconf 91' lang='lat' dir='ltr'><strong>quam</strong></span> <span class='ocrx_word' id='word_1_49' title='bbox 1514 843 1693 905; x_wconf 89' lang='lat' dir='ltr'><strong>infert,</strong></span> <span class='ocrx_word' id='word_1_50' title='bbox 1728 845 1938 909; x_wconf 90' lang='lat' dir='ltr'><strong>recipit.</strong></span> 
     </span>
    </p>
   </div>
   <div class='ocr_carea' id='block_1_10' title="bbox 2494 568 4068 637">
    <p class='ocr_par' dir='ltr' id='par_1_10' title="bbox 2494 568 4068 637">
     <span class='ocr_line' id='line_1_10' title="bbox 2494 568 4068 637; baseline 0.001 -16"><span class='ocrx_word' id='word_1_51' title='bbox 2494 571 2613 621; x_wconf 82' lang='grc' dir='ltr'>κατ’</span> <span class='ocrx_word' id='word_1_52' title='bbox 2664 568 2840 619; x_wconf 84' lang='grc' dir='ltr'>αὐτῶν</span> <span class='ocrx_word' id='word_1_53' title='bbox 2871 568 3189 637; x_wconf 80' lang='grc' dir='ltr'>ἐπιδρομὴν,</span> <span class='ocrx_word' id='word_1_54' title='bbox 3222 568 3358 637; x_wconf 77' lang='grc' dir='ltr'>ἔργα</span> <span class='ocrx_word' id='word_1_55' title='bbox 3397 568 3688 631; x_wconf 80' lang='grc' dir='ltr'><strong>κακώσεως</strong></span> <span class='ocrx_word' id='word_1_56' title='bbox 3718 572 4068 635; x_wconf 68' lang='grc' dir='ltr'>ἀποδεικνὺς,</span> 
     </span>
    </p>
   </div>
   <div class='ocr_carea' id='block_1_11' title="bbox 2494 658 4071 729">
    <p class='ocr_par' dir='ltr' id='par_1_11' title="bbox 2494 658 4071 729">
     <span class='ocr_line' id='line_1_11' title="bbox 2494 658 4071 729; baseline 0.001 -18"><span class='ocrx_word' id='word_1_57' title='bbox 2494 662 2733 711; x_wconf 71' lang='grc' dir='ltr'>ἐποιεῖτο</span> <span class='ocrx_word' id='word_1_58' title='bbox 2765 675 2780 689; x_wconf 74' lang='grc' dir='ltr'><strong>ο</strong></span> <span class='ocrx_word' id='word_1_59' title='bbox 2835 660 2895 711; x_wconf 91' lang='grc' dir='ltr'><strong>οὐ</strong></span> <span class='ocrx_word' id='word_1_60' title='bbox 2950 659 3056 728; x_wconf 81' lang='grc' dir='ltr'>μὴν</span> <span class='ocrx_word' id='word_1_61' title='bbox 3082 660 3200 711; x_wconf 79' lang='grc' dir='ltr'>οὐδὲ</span> <span class='ocrx_word' id='word_1_62' title='bbox 3230 661 3290 711; x_wconf 86' lang='grc' dir='ltr'><strong>τὸ</strong></span> <span class='ocrx_word' id='word_1_63' title='bbox 3322 658 3487 711; x_wconf 80' lang='grc' dir='ltr'>αὐτοῦ</span> <span class='ocrx_word' id='word_1_64' title='bbox 3532 660 3847 729; x_wconf 85' lang='grc' dir='ltr'>στράτευμα</span> <span class='ocrx_word' id='word_1_65' title='bbox 3880 666 4071 717; x_wconf 76' lang='grc' dir='ltr'>κακῶν</span> 
     </span>
    </p>
   </div>
   <div class='ocr_carea' id='block_1_12' title="bbox 2494 749 4069 821">
    <p class='ocr_par' dir='ltr' id='par_1_12' title="bbox 2494 749 4069 821">
     <span class='ocr_line' id='line_1_12' title="bbox 2494 749 4069 821; baseline 0 -18"><span class='ocrx_word' id='word_1_66' title='bbox 2494 752 2722 813; x_wconf 77' lang='grc' dir='ltr'>ἀπαθεῖς</span> <span class='ocrx_word' id='word_1_67' title='bbox 2766 752 3037 820; x_wconf 75' lang='grc' dir='ltr'>ἔπραττον</span> <span class='ocrx_word' id='word_1_68' title='bbox 3075 749 3215 820; x_wconf 78' lang='grc' dir='ltr'>άπερ</span> <span class='ocrx_word' id='word_1_69' title='bbox 3258 749 3544 819; x_wconf 86' lang='grc' dir='ltr'>ἔπραττον,</span> <span class='ocrx_word' id='word_1_70' title='bbox 3596 751 3831 821; x_wconf 79' lang='grc' dir='ltr'>ἔπασχον</span> <span class='ocrx_word' id='word_1_71' title='bbox 3867 756 3922 807; x_wconf 79' lang='grc' dir='ltr'><strong>δὲ</strong></span> <span class='ocrx_word' id='word_1_72' title='bbox 3981 758 4069 807; x_wconf 77' lang='grc' dir='ltr'><strong>καὶ</strong></span> 
     </span>
    </p>
   </div>
   <div class='ocr_carea' id='block_1_13' title="bbox 2494 837 3815 912">
    <p class='ocr_par' dir='ltr' id='par_1_13' title="bbox 2494 837 3815 912">
     <span class='ocr_line' id='line_1_13' title="bbox 2494 837 3815 912; baseline 0.001 -16"><span class='ocrx_word' id='word_1_73' title='bbox 2494 844 2646 897; x_wconf 75' lang='grc' dir='ltr'>αὐτοὶ</span> <span class='ocrx_word' id='word_1_74' title='bbox 2673 837 2747 896; x_wconf 83' lang='grc' dir='ltr'>ὧν</span> <span class='ocrx_word' id='word_1_75' title='bbox 2776 844 2945 911; x_wconf 76' lang='grc' dir='ltr'>ἔδρων</span> <span class='ocrx_word' id='word_1_76' title='bbox 2970 843 3028 893; x_wconf 90' lang='grc' dir='ltr'><strong>οὐ</strong></span> <span class='ocrx_word' id='word_1_77' title='bbox 3056 842 3195 894; x_wconf 79' lang='grc' dir='ltr'>κατὰ</span> <span class='ocrx_word' id='word_1_78' title='bbox 3226 841 3361 894; x_wconf 78' lang='grc' dir='ltr'>πολὺ</span> <span class='ocrx_word' id='word_1_79' title='bbox 3392 843 3717 912; x_wconf 86' lang='grc' dir='ltr'>άνεκτότερα</span> <span class='ocrx_word' id='word_1_80' title='bbox 3750 844 3815 897; x_wconf 68' lang='grc'><strong>⁸⁵.</strong></span> 
     </span>
    </p>
   </div>
   <div class='ocr_carea' id='block_1_14' title="bbox 1058 978 3780 1047">
    <p class='ocr_par' dir='ltr' id='par_1_14' title="bbox 1058 978 3780 1047">
     <span class='ocr_line' id='line_1_14' title="bbox 1058 978 3780 1047; baseline -0.001 -11"><span class='ocrx_word' id='word_1_81' title='bbox 1058 983 1185 1038; x_wconf 74' lang='lat' dir='ltr'><strong>CAP.</strong></span> <span class='ocrx_word' id='word_1_82' title='bbox 1217 980 1335 1034; x_wconf 75' lang='lat' dir='ltr'><strong>XII.</strong></span> <span class='ocrx_word' id='word_1_83' title='bbox 1360 1008 1428 1019; x_wconf 83' lang='lat'><strong>——</strong></span> <span class='ocrx_word' id='word_1_84' title='bbox 1452 978 1650 1033; x_wconf 78' lang='lat' dir='ltr'><strong>Seleuci</strong></span> <span class='ocrx_word' id='word_1_85' title='bbox 1680 981 1741 1031; x_wconf 84' lang='lat' dir='ltr'><strong>ab</strong></span> <span class='ocrx_word' id='word_1_86' title='bbox 1778 978 2201 1033; x_wconf 79' lang='lat' dir='ltr'><strong>Ileracliensibus</strong></span> <span class='ocrx_word' id='word_1_87' title='bbox 2235 979 2506 1034; x_wconf 76' lang='lat' dir='ltr'><strong>alienatio.</strong></span> <span class='ocrx_word' id='word_1_88' title='bbox 2526 978 2788 1033; x_wconf 72' lang='lat' dir='ltr'><strong>Exsulum</strong></span> <span class='ocrx_word' id='word_1_89' title='bbox 2821 980 3015 1032; x_wconf 83' lang='lat' dir='ltr'><strong>reditus</strong></span> <span class='ocrx_word' id='word_1_90' title='bbox 3038 988 3086 1031; x_wconf 85' lang='lat' dir='ltr'><strong>et</strong></span> <span class='ocrx_word' id='word_1_91' title='bbox 3119 979 3413 1047; x_wconf 80' lang='lat' dir='ltr'><strong>reipublica:</strong></span> <span class='ocrx_word' id='word_1_92' title='bbox 3446 979 3780 1033; x_wconf 88' lang='lat' dir='ltr'><strong>instauratio.</strong></span> 
     </span>
    </p>
   </div>
   <div class='ocr_carea' id='block_1_15' title="bbox 905 1091 2393 1158">
    <p class='ocr_par' dir='ltr' id='par_1_15' title="bbox 905 1091 2393 1158">
     <span class='ocr_line' id='line_1_15' title="bbox 905 1091 2393 1158; baseline -0.004 -7"><span class='ocrx_word' id='word_1_93' title='bbox 905 1098 1016 1151; x_wconf 90' lang='lat' dir='ltr'><strong>Sub</strong></span> <span class='ocrx_word' id='word_1_94' title='bbox 1039 1099 1151 1149; x_wconf 77' lang='lat' dir='ltr'><strong>haec</strong></span> <span class='ocrx_word' id='word_1_95' title='bbox 1181 1094 1437 1147; x_wconf 83' lang='lat' dir='ltr'><strong>Seleucus</strong></span> <span class='ocrx_word' id='word_1_96' title='bbox 1496 1091 1877 1158; x_wconf 80' lang='lat' dir='ltr'><strong>Aplirodisium</strong></span> <span class='ocrx_word' id='word_1_97' title='bbox 1905 1105 2308 1158; x_wconf 74' lang='lat' dir='ltr'><strong>procuratorem</strong></span> <span class='ocrx_word' id='word_1_98' title='bbox 2342 1093 2393 1145; x_wconf 91' lang='lat' dir='ltr'><strong>in</strong></span> 
     </span>
    </p>
   </div>
   <div class='ocr_carea' id='block_1_16' title="bbox 829 1181 2398 1255">
    <p class='ocr_par' dir='ltr' id='par_1_16' title="bbox 829 1181 2398 1255">
     <span class='ocr_line' id='line_1_16' title="bbox 829 1181 2398 1255; baseline -0.006 -12"><span class='ocrx_word' id='word_1_99' title='bbox 829 1190 1023 1255; x_wconf 82' lang='lat' dir='ltr'><strong>Oppida</strong></span> <span class='ocrx_word' id='word_1_100' title='bbox 1074 1186 1343 1253; x_wconf 62' lang='lat' dir='ltr'><strong>Phrygiae,</strong></span> <span class='ocrx_word' id='word_1_101' title='bbox 1390 1198 1507 1250; x_wconf 69' lang='lat' dir='ltr'><strong>quae</strong></span> <span class='ocrx_word' id='word_1_102' title='bbox 1556 1182 1801 1250; x_wconf 85' lang='lat' dir='ltr'><strong>adjacent</strong></span> <span class='ocrx_word' id='word_1_103' title='bbox 1846 1181 2037 1243; x_wconf 86' lang='lat' dir='ltr'><strong>Ponto,</strong></span> <span class='ocrx_word' id='word_1_104' title='bbox 2086 1183 2269 1238; x_wconf 83' lang='lat' dir='ltr'><strong>mittit.</strong></span> <span class='ocrx_word' id='word_1_105' title='bbox 2298 1181 2398 1235; x_wconf 83' lang='lat' dir='ltr'><strong>Hie</strong></span> 
     </span>
    </p>
   </div>
   <div class='ocr_carea' id='block_1_17' title="bbox 831 1274 2397 1345">
    <p class='ocr_par' dir='ltr' id='par_1_17' title="bbox 831 1274 2397 1345">
     <span class='ocr_line' id='line_1_17' title="bbox 831 1274 2397 1345; baseline -0.003 -11"><span class='ocrx_word' id='word_1_106' title='bbox 831 1282 994 1335; x_wconf 85' lang='lat' dir='ltr'><strong>rebus</strong></span> <span class='ocrx_word' id='word_1_107' title='bbox 1027 1292 1256 1345; x_wconf 89' lang='lat' dir='ltr'><strong>quarum</strong></span> <span class='ocrx_word' id='word_1_108' title='bbox 1302 1290 1463 1329; x_wconf 89' lang='lat' dir='ltr'><strong>causa</strong></span> <span class='ocrx_word' id='word_1_109' title='bbox 1514 1283 1734 1327; x_wconf 85' lang='lat' dir='ltr'><strong>venerat</strong></span> <span class='ocrx_word' id='word_1_110' title='bbox 1784 1274 2063 1337; x_wconf 88' lang='lat' dir='ltr'><strong>confectis,</strong></span> <span class='ocrx_word' id='word_1_111' title='bbox 2107 1286 2229 1344; x_wconf 82' lang='lat' dir='ltr'><strong>post</strong></span> <span class='ocrx_word' id='word_1_112' title='bbox 2258 1277 2397 1330; x_wconf 84' lang='lat' dir='ltr'><strong>redi-</strong></span> 
     </span>
    </p>
   </div>
   <div class='ocr_carea' id='block_1_18' title="bbox 831 1366 2399 1435">
    <p class='ocr_par' dir='ltr' id='par_1_18' title="bbox 831 1366 2399 1435">
     <span class='ocr_line' id='line_1_18' title="bbox 831 1366 2399 1435; baseline -0.001 -11"><span class='ocrx_word' id='word_1_113' title='bbox 831 1381 970 1435; x_wconf 86' lang='lat' dir='ltr'><strong>tum,</strong></span> <span class='ocrx_word' id='word_1_114' title='bbox 1012 1370 1062 1421; x_wconf 93' lang='lat' dir='ltr'><strong>in</strong></span> <span class='ocrx_word' id='word_1_115' title='bbox 1116 1368 1341 1419; x_wconf 87' lang='lat' dir='ltr'><strong>aliarum</strong></span> <span class='ocrx_word' id='word_1_116' title='bbox 1378 1366 1597 1433; x_wconf 88' lang='lat' dir='ltr'><strong>quidem</strong></span> <span class='ocrx_word' id='word_1_117' title='bbox 1635 1366 1911 1419; x_wconf 74' lang='lat' dir='ltr'><strong>civitatum</strong></span> <span class='ocrx_word' id='word_1_118' title='bbox 1952 1366 2110 1419; x_wconf 83' lang='lat' dir='ltr'><strong>laude</strong></span> <span class='ocrx_word' id='word_1_119' title='bbox 2158 1368 2399 1434; x_wconf 80' lang='lat' dir='ltr'><strong>prolixus</strong></span> 
     </span>
    </p>
   </div>
   <div class='ocr_carea' id='block_1_19' title="bbox 829 1457 2399 1524">
    <p class='ocr_par' dir='ltr' id='par_1_19' title="bbox 829 1457 2399 1524">
     <span class='ocr_line' id='line_1_19' title="bbox 829 1457 2399 1524; baseline -0.003 -7"><span class='ocrx_word' id='word_1_120' title='bbox 829 1472 951 1517; x_wconf 88' lang='lat' dir='ltr'><strong>erat</strong></span> <span class='ocrx_word' id='word_1_121' title='bbox 976 1502 991 1524; x_wconf 93' lang='lat'><strong>,</strong></span> <span class='ocrx_word' id='word_1_122' title='bbox 1024 1458 1401 1512; x_wconf 76' lang='lat' dir='ltr'><strong>lleraclienses</strong></span> <span class='ocrx_word' id='word_1_123' title='bbox 1441 1466 1618 1509; x_wconf 91' lang='lat' dir='ltr'><strong>autem</strong></span> <span class='ocrx_word' id='word_1_124' title='bbox 1668 1457 2057 1510; x_wconf 80' lang='lat' dir='ltr'><strong>criminabatur</strong></span> <span class='ocrx_word' id='word_1_125' title='bbox 2085 1469 2141 1512; x_wconf 91' lang='lat' dir='ltr'><strong>ut</strong></span> <span class='ocrx_word' id='word_1_126' title='bbox 2174 1460 2399 1514; x_wconf 86' lang='lat' dir='ltr'><strong>Seleuco</strong></span> 
     </span>
    </p>
   </div>
   <div class='ocr_carea' id='block_1_20' title="bbox 828 1543 2396 1619">
    <p class='ocr_par' dir='ltr' id='par_1_20' title="bbox 828 1543 2396 1619">
     <span class='ocr_line' id='line_1_20' title="bbox 828 1543 2396 1619; baseline -0.002 -16"><span class='ocrx_word' id='word_1_127' title='bbox 828 1566 1017 1619; x_wconf 87' lang='lat' dir='ltr'><strong>parum</strong></span> <span class='ocrx_word' id='word_1_128' title='bbox 1057 1548 1318 1600; x_wconf 80' lang='lat' dir='ltr'><strong>addictos.</strong></span> <span class='ocrx_word' id='word_1_129' title='bbox 1369 1543 1624 1598; x_wconf 88' lang='lat' dir='ltr'><strong>Seleucus</strong></span> <span class='ocrx_word' id='word_1_130' title='bbox 1667 1560 1819 1613; x_wconf 77' lang='lat' dir='ltr'><strong>ergo,</strong></span> <span class='ocrx_word' id='word_1_131' title='bbox 1866 1543 1967 1597; x_wconf 89' lang='lat' dir='ltr'><strong>hoe</strong></span> <span class='ocrx_word' id='word_1_132' title='bbox 2010 1545 2273 1609; x_wconf 90' lang='lat' dir='ltr'><strong>irritatus,</strong></span> <span class='ocrx_word' id='word_1_133' title='bbox 2317 1547 2396 1600; x_wconf 90' lang='lat' dir='ltr'><strong>le-</strong></span> 
     </span>
    </p>
   </div>
   <div class='ocr_carea' id='block_1_21' title="bbox 830 1632 2394 1708">
    <p class='ocr_par' dir='ltr' id='par_1_21' title="bbox 830 1632 2394 1708">
     <span class='ocr_line' id='line_1_21' title="bbox 830 1632 2394 1708; baseline -0.003 -17"><span class='ocrx_word' id='word_1_134' title='bbox 830 1651 984 1708; x_wconf 81' lang='lat' dir='ltr'><strong>gatos</strong></span> <span class='ocrx_word' id='word_1_135' title='bbox 1017 1637 1081 1688; x_wconf 90' lang='lat' dir='ltr'><strong>ad</strong></span> <span class='ocrx_word' id='word_1_136' title='bbox 1110 1650 1166 1688; x_wconf 85' lang='lat' dir='ltr'><strong>se</strong></span> <span class='ocrx_word' id='word_1_137' title='bbox 1205 1634 1478 1703; x_wconf 90' lang='lat' dir='ltr'><strong>profectos</strong></span> <span class='ocrx_word' id='word_1_138' title='bbox 1517 1632 1744 1694; x_wconf 82' lang='lat' dir='ltr'><strong>fastidit,</strong></span> <span class='ocrx_word' id='word_1_139' title='bbox 1776 1642 1828 1684; x_wconf 86' lang='lat' dir='ltr'><strong>et</strong></span> <span class='ocrx_word' id='word_1_140' title='bbox 1868 1633 2027 1684; x_wconf 78' lang='lat' dir='ltr'><strong>minis</strong></span> <span class='ocrx_word' id='word_1_141' title='bbox 2067 1632 2394 1699; x_wconf 87' lang='lat' dir='ltr'><strong>increpitans</strong></span> 
     </span>
    </p>
   </div>
   <div class='ocr_carea' id='block_1_22' title="bbox 829 1724 2391 1792">
    <p class='ocr_par' dir='ltr' id='par_1_22' title="bbox 829 1724 2391 1792">
     <span class='ocr_line' id='line_1_22' title="bbox 829 1724 2391 1792; baseline -0.002 -9"><span class='ocrx_word' id='word_1_142' title='bbox 829 1738 1017 1784; x_wconf 90' lang='lat' dir='ltr'><strong>terret.</strong></span> <span class='ocrx_word' id='word_1_143' title='bbox 1075 1726 1315 1792; x_wconf 87' lang='lat' dir='ltr'><strong>Quorum</strong></span> <span class='ocrx_word' id='word_1_144' title='bbox 1367 1734 1545 1777; x_wconf 88' lang='lat' dir='ltr'><strong>tamen</strong></span> <span class='ocrx_word' id='word_1_145' title='bbox 1589 1740 1725 1776; x_wconf 93' lang='lat' dir='ltr'><strong>unus</strong></span> <span class='ocrx_word' id='word_1_146' title='bbox 1759 1724 2107 1778; x_wconf 72' lang='lat' dir='ltr'><strong>Clianiteleon</strong></span> <span class='ocrx_word' id='word_1_147' title='bbox 2142 1726 2274 1779; x_wconf 85' lang='lat' dir='ltr'><strong>nihil</strong></span> <span class='ocrx_word' id='word_1_148' title='bbox 2306 1728 2391 1781; x_wconf 87' lang='lat' dir='ltr'><strong>his</strong></span> 
     </span>
    </p>
   </div>
   <div class='ocr_carea' id='block_1_23' title="bbox 2580 1089 4067 1160">
    <p class='ocr_par' dir='ltr' id='par_1_23' title="bbox 2580 1089 4067 1160">
     <span class='ocr_line' id='line_1_23' title="bbox 2580 1089 4067 1160; baseline 0 -17"><span class='ocrx_word' id='word_1_149' title='bbox 2580 1091 2667 1143; x_wconf 84' lang='grc' dir='ltr'>Ἑν</span> <span class='ocrx_word' id='word_1_150' title='bbox 2716 1091 2887 1160; x_wconf 84' lang='grc' dir='ltr'>τούτῳ</span> <span class='ocrx_word' id='word_1_151' title='bbox 2916 1089 2972 1141; x_wconf 85' lang='grc' dir='ltr'>δὲ</span> <span class='ocrx_word' id='word_1_152' title='bbox 3021 1089 3283 1152; x_wconf 83' lang='grc' dir='ltr'>Σέλευκος</span> <span class='ocrx_word' id='word_1_153' title='bbox 3319 1092 3654 1159; x_wconf 81' lang='grc' dir='ltr'>Ἀφροδίσιον</span> <span class='ocrx_word' id='word_1_154' title='bbox 3688 1092 3896 1159; x_wconf 81' lang='grc' dir='ltr'>πέμπει</span> <span class='ocrx_word' id='word_1_155' title='bbox 3935 1093 4067 1145; x_wconf 64' lang='grc' dir='ltr'>διοις</span> 
     </span>
    </p>
   </div>
   <div class='ocr_carea' id='block_1_24' title="bbox 2498 1178 4069 1250">
    <p class='ocr_par' dir='ltr' id='par_1_24' title="bbox 2498 1178 4069 1250">
     <span class='ocr_line' id='line_1_24' title="bbox 2498 1178 4069 1250; baseline -0.002 -17"><span class='ocrx_word' id='word_1_156' title='bbox 2498 1180 2671 1250; x_wconf 81' lang='grc' dir='ltr'>κητὴν</span> <span class='ocrx_word' id='word_1_157' title='bbox 2720 1180 2801 1239; x_wconf 85' lang='grc' dir='ltr'><strong>είς</strong></span> <span class='ocrx_word' id='word_1_158' title='bbox 2848 1196 2906 1231; x_wconf 90' lang='grc' dir='ltr'><strong>τε</strong></span> <span class='ocrx_word' id='word_1_159' title='bbox 2954 1178 3051 1240; x_wconf 74' lang='grc' dir='ltr'><strong>τὰς</strong></span> <span class='ocrx_word' id='word_1_160' title='bbox 3087 1180 3144 1231; x_wconf 80' lang='grc' dir='ltr'><strong>ὲν</strong></span> <span class='ocrx_word' id='word_1_161' title='bbox 3175 1180 3385 1247; x_wconf 72' lang='grc' dir='ltr'>Φρυγίᾳ</span> <span class='ocrx_word' id='word_1_162' title='bbox 3432 1180 3617 1240; x_wconf 88' lang='grc' dir='ltr'>πόλεις</span> <span class='ocrx_word' id='word_1_163' title='bbox 3648 1181 3741 1232; x_wconf 78' lang='grc' dir='ltr'><strong>καὶ</strong></span> <span class='ocrx_word' id='word_1_164' title='bbox 3771 1181 3868 1241; x_wconf 86' lang='grc' dir='ltr'><strong>τὰς</strong></span> <span class='ocrx_word' id='word_1_165' title='bbox 3900 1181 4069 1248; x_wconf 76' lang='grc' dir='ltr'>ὑπερ-</span> 
     </span>
    </p>
   </div>
   <div class='ocr_carea' id='block_1_25' title="bbox 2500 1269 4066 1340">
    <p class='ocr_par' dir='ltr' id='par_1_25' title="bbox 2500 1269 4066 1340">
     <span class='ocr_line' id='line_1_25' title="bbox 2500 1269 4066 1340; baseline -0.001 -16"><span class='ocrx_word' id='word_1_166' title='bbox 2500 1271 2757 1340; x_wconf 80' lang='grc' dir='ltr'><strong>κειμένας</strong></span> <span class='ocrx_word' id='word_1_167' title='bbox 2780 1269 2871 1321; x_wconf 82' lang='grc' dir='ltr'>τοῦ</span> <span class='ocrx_word' id='word_1_168' title='bbox 2899 1270 3123 1323; x_wconf 83' lang='grc' dir='ltr'>Πόντου.</span> <span class='ocrx_word' id='word_1_169' title='bbox 3167 1271 3224 1322; x_wconf 85' lang='grc' dir='ltr'><strong>Ὁ</strong></span> <span class='ocrx_word' id='word_1_170' title='bbox 3261 1270 3338 1332; x_wconf 83' lang='grc' dir='ltr'><strong>δὲ,</strong></span> <span class='ocrx_word' id='word_1_171' title='bbox 3377 1270 3810 1339; x_wconf 77' lang='grc' dir='ltr'>διαπραξάμενος</span> <span class='ocrx_word' id='word_1_172' title='bbox 3841 1272 3875 1323; x_wconf 75' lang='grc' dir='ltr'><strong>ἃ</strong></span> <span class='ocrx_word' id='word_1_173' title='bbox 3912 1272 4066 1322; x_wconf 72' lang='grc' dir='ltr'>ἐϐού-</span> 
     </span>
    </p>
   </div>
   <div class='ocr_carea' id='block_1_26' title="bbox 2500 1360 4067 1430">
    <p class='ocr_par' dir='ltr' id='par_1_26' title="bbox 2500 1360 4067 1430">
     <span class='ocr_line' id='line_1_26' title="bbox 2500 1360 4067 1430; baseline -0.001 -16"><span class='ocrx_word' id='word_1_174' title='bbox 2500 1362 2619 1414; x_wconf 91' lang='grc' dir='ltr'>λετο</span> <span class='ocrx_word' id='word_1_175' title='bbox 2648 1363 2741 1413; x_wconf 79' lang='grc' dir='ltr'><strong>καὶ</strong></span> <span class='ocrx_word' id='word_1_176' title='bbox 2768 1360 3023 1423; x_wconf 81' lang='grc' dir='ltr'>ἐπανιὼν,</span> <span class='ocrx_word' id='word_1_177' title='bbox 3057 1361 3163 1412; x_wconf 85' lang='grc' dir='ltr'><strong>τῶν</strong></span> <span class='ocrx_word' id='word_1_178' title='bbox 3198 1362 3296 1430; x_wconf 82' lang='grc' dir='ltr'><strong>μὲν</strong></span> <span class='ocrx_word' id='word_1_179' title='bbox 3324 1362 3499 1414; x_wconf 83' lang='grc' dir='ltr'>ἄλλων</span> <span class='ocrx_word' id='word_1_180' title='bbox 3548 1362 3753 1413; x_wconf 88' lang='grc' dir='ltr'>πόλεων</span> <span class='ocrx_word' id='word_1_181' title='bbox 3796 1365 3856 1414; x_wconf 85' lang='grc' dir='ltr'>ὲν</span> <span class='ocrx_word' id='word_1_182' title='bbox 3908 1366 4067 1415; x_wconf 78' lang='grc' dir='ltr'><strong>ἐπαὶ-</strong></span> 
     </span>
    </p>
   </div>
   <div class='ocr_carea' id='block_1_27' title="bbox 2499 1446 4068 1520">
    <p class='ocr_par' dir='ltr' id='par_1_27' title="bbox 2499 1446 4068 1520">
     <span class='ocr_line' id='line_1_27' title="bbox 2499 1446 4068 1520; baseline -0.001 -17"><span class='ocrx_word' id='word_1_183' title='bbox 2499 1468 2607 1512; x_wconf 90' lang='grc' dir='ltr'>νοις</span> <span class='ocrx_word' id='word_1_184' title='bbox 2638 1446 2727 1520; x_wconf 80' lang='grc' dir='ltr'>ἦν,</span> <span class='ocrx_word' id='word_1_185' title='bbox 2774 1449 3165 1518; x_wconf 81' lang='grc' dir='ltr'>Ἡρακλεωτῶν</span> <span class='ocrx_word' id='word_1_186' title='bbox 3210 1450 3266 1501; x_wconf 81' lang='grc' dir='ltr'><strong>δὲ</strong></span> <span class='ocrx_word' id='word_1_187' title='bbox 3324 1451 3621 1519; x_wconf 87' lang='grc' dir='ltr'>κατηγόρει</span> <span class='ocrx_word' id='word_1_188' title='bbox 3673 1450 3746 1518; x_wconf 83' lang='grc' dir='ltr'>μὴ</span> <span class='ocrx_word' id='word_1_189' title='bbox 3805 1452 4068 1512; x_wconf 74' lang='grc' dir='ltr'>εὐνοῖκῶς</span> 
     </span>
    </p>
   </div>
   <div class='ocr_carea' id='block_1_28' title="bbox 2498 1534 4068 1608">
    <p class='ocr_par' dir='ltr' id='par_1_28' title="bbox 2498 1534 4068 1608">
     <span class='ocr_line' id='line_1_28' title="bbox 2498 1534 4068 1608; baseline 0 -17"><span class='ocrx_word' id='word_1_190' title='bbox 2498 1540 2639 1608; x_wconf 79' lang='grc' dir='ltr'>ἔχειν</span> <span class='ocrx_word' id='word_1_191' title='bbox 2674 1540 2785 1600; x_wconf 87' lang='grc' dir='ltr'>τοῖς</span> <span class='ocrx_word' id='word_1_192' title='bbox 2833 1537 2928 1589; x_wconf 82' lang='grc' dir='ltr'>τοῦ</span> <span class='ocrx_word' id='word_1_193' title='bbox 2979 1536 3244 1589; x_wconf 80' lang='grc' dir='ltr'><strong>Σελεύκου</strong></span> <span class='ocrx_word' id='word_1_194' title='bbox 3290 1539 3629 1606; x_wconf 79' lang='grc' dir='ltr'>πράγμασιν.</span> <span class='ocrx_word' id='word_1_195' title='bbox 3701 1539 3821 1607; x_wconf 74' lang='grc' dir='ltr'><strong>Ὑφ’</strong></span> <span class='ocrx_word' id='word_1_196' title='bbox 3872 1534 3936 1591; x_wconf 73' lang='grc' dir='ltr'><strong>οὐ</strong></span> <span class='ocrx_word' id='word_1_197' title='bbox 3982 1542 4068 1591; x_wconf 79' lang='grc' dir='ltr'>Σε-</span> 
     </span>
    </p>
   </div>
   <div class='ocr_carea' id='block_1_29' title="bbox 2497 1628 4067 1699">
    <p class='ocr_par' dir='ltr' id='par_1_29' title="bbox 2497 1628 4067 1699">
     <span class='ocr_line' id='line_1_29' title="bbox 2497 1628 4067 1699; baseline 0.001 -18"><span class='ocrx_word' id='word_1_198' title='bbox 2497 1632 2688 1691; x_wconf 80' lang='grc' dir='ltr'>λευκος</span> <span class='ocrx_word' id='word_1_199' title='bbox 2720 1629 3077 1697; x_wconf 70' lang='grc' dir='ltr'>παροξυνθεὶς</span> <span class='ocrx_word' id='word_1_200' title='bbox 3109 1628 3236 1690; x_wconf 84' lang='grc' dir='ltr'>τούς</span> <span class='ocrx_word' id='word_1_201' title='bbox 3268 1645 3326 1680; x_wconf 89' lang='grc' dir='ltr'><strong>τε</strong></span> <span class='ocrx_word' id='word_1_202' title='bbox 3356 1632 3490 1697; x_wconf 89' lang='grc' dir='ltr'>πρὸς</span> <span class='ocrx_word' id='word_1_203' title='bbox 3515 1629 3674 1681; x_wconf 80' lang='grc' dir='ltr'>αὐτὸν</span> <span class='ocrx_word' id='word_1_204' title='bbox 3705 1631 4067 1699; x_wconf 73' lang='grc' dir='ltr'><strong>ἀφικομένους</strong></span> 
     </span>
    </p>
   </div>
   <div class='ocr_carea' id='block_1_30' title="bbox 2500 1719 4070 1790">
    <p class='ocr_par' dir='ltr' id='par_1_30' title="bbox 2500 1719 4070 1790">
     <span class='ocr_line' id='line_1_30' title="bbox 2500 1719 4070 1790; baseline 0.002 -18"><span class='ocrx_word' id='word_1_205' title='bbox 2500 1722 2758 1790; x_wconf 81' lang='grc' dir='ltr'>πρέσῦεις</span> <span class='ocrx_word' id='word_1_206' title='bbox 2796 1720 3164 1788; x_wconf 85' lang='grc' dir='ltr'>άπειλητικοῖς</span> <span class='ocrx_word' id='word_1_207' title='bbox 3198 1719 3516 1787; x_wconf 76' lang='grc' dir='ltr'>ἐξεφαύλιζε</span> <span class='ocrx_word' id='word_1_208' title='bbox 3573 1722 3752 1788; x_wconf 87' lang='grc' dir='ltr'>λόγοις</span> <span class='ocrx_word' id='word_1_209' title='bbox 3793 1723 3889 1773; x_wconf 72' lang='grc' dir='ltr'><strong>καὶ</strong></span> <span class='ocrx_word' id='word_1_210' title='bbox 3943 1741 4070 1775; x_wconf 84' lang='grc' dir='ltr'>κατ·</span> 
     </span>
    </p>
   </div>
   <div class='ocr_carea' id='block_1_31' title="bbox 827 1800 2489 1888">
    <p class='ocr_par' dir='ltr' id='par_1_31' title="bbox 827 1800 2468 1888">
     <span class='ocr_line' id='line_1_31' title="bbox 827 1800 2468 1888; baseline -0.001 -16"><span class='ocrx_word' id='word_1_211' title='bbox 827 1819 1132 1888; x_wconf 85' lang='lat' dir='ltr'><strong>perculsus,</strong></span> <span class='ocrx_word' id='word_1_212' title='bbox 1186 1818 1257 1869; x_wconf 90' lang='lat' dir='ltr'><strong>ita</strong></span> <span class='ocrx_word' id='word_1_213' title='bbox 1290 1831 1468 1883; x_wconf 73' lang='lat' dir='ltr'><strong>regem</strong></span> <span class='ocrx_word' id='word_1_214' title='bbox 1515 1816 1844 1881; x_wconf 86' lang='lat' dir='ltr'><strong>compellat:</strong></span> <span class='ocrx_word' id='word_1_215' title='bbox 1898 1814 2152 1868; x_wconf 79' lang='lat' dir='ltr'><strong>Hercules</strong></span> <span class='ocrx_word' id='word_1_216' title='bbox 2205 1834 2395 1870; x_wconf 86' lang='lat' dir='ltr'><strong>carron</strong></span> <span class='ocrx_word' id='word_1_217' title='bbox 2426 1800 2468 1854; x_wconf 74' lang='grc' dir='ltr'>Β</span> 
     </span>
    </p>
   </div>
   <div class='ocr_carea' id='block_1_32' title="bbox 2404 1800 4066 1888">
    <p class='ocr_par' dir='ltr' id='par_1_32' title="bbox 2426 1800 4066 1886">
     <span class='ocr_line' id='line_1_32' title="bbox 2426 1800 4066 1886; baseline -0.001 -18"><span class='ocrx_word' id='word_1_218' title='bbox 2426 1800 2468 1854; x_wconf 75' lang='grc' dir='ltr'>Β</span> <span class='ocrx_word' id='word_1_219' title='bbox 2499 1816 2785 1886; x_wconf 87' lang='grc' dir='ltr'>έπληττεν,</span> <span class='ocrx_word' id='word_1_220' title='bbox 2805 1816 2922 1878; x_wconf 84' lang='grc' dir='ltr'>ὲνδς</span> <span class='ocrx_word' id='word_1_221' title='bbox 2946 1814 3041 1866; x_wconf 79' lang='grc' dir='ltr'>τοῦ</span> <span class='ocrx_word' id='word_1_222' title='bbox 3067 1813 3473 1882; x_wconf 83' lang='grc' dir='ltr'>Χαμαιλέοντος</span> <span class='ocrx_word' id='word_1_223' title='bbox 3490 1813 3639 1864; x_wconf 85' lang='grc' dir='ltr'>οὐδὲν</span> <span class='ocrx_word' id='word_1_224' title='bbox 3659 1814 4066 1883; x_wconf 75' lang='grc' dir='ltr'>όρρωδήσαντος</span> 
     </span>
    </p>
   </div>
   <div class='ocr_carea' id='block_1_33' title="bbox 830 1904 2395 1977">
    <p class='ocr_par' dir='ltr' id='par_1_33' title="bbox 830 1904 2395 1977">
     <span class='ocr_line' id='line_1_33' title="bbox 830 1904 2395 1977; baseline -0.001 -17"><span class='ocrx_word' id='word_1_225' title='bbox 830 1908 1044 1962; x_wconf 83' lang='lat' dir='ltr'><strong>Seleuce</strong></span> <span class='ocrx_word' id='word_1_226' title='bbox 1075 1907 1320 1977; x_wconf 79' lang='grc' dir='ltr'>(κάρρων</span> <span class='ocrx_word' id='word_1_227' title='bbox 1349 1916 1525 1959; x_wconf 87' lang='lat' dir='ltr'><strong>autem</strong></span> <span class='ocrx_word' id='word_1_228' title='bbox 1570 1904 1920 1958; x_wconf 87' lang='lat' dir='ltr'><strong>Doriensibns</strong></span> <span class='ocrx_word' id='word_1_229' title='bbox 1964 1920 2081 1956; x_wconf 90' lang='lat' dir='ltr'><strong>eutu</strong></span> <span class='ocrx_word' id='word_1_230' title='bbox 2127 1905 2395 1972; x_wconf 82' lang='lat' dir='ltr'><strong>signiﬁcat</strong></span> 
     </span>
    </p>
   </div>
   <div class='ocr_carea' id='block_1_34' title="bbox 835 1997 2398 2069">
    <p class='ocr_par' dir='ltr' id='par_1_34' title="bbox 835 1997 2398 2069">
     <span class='ocr_line' id='line_1_34' title="bbox 835 1997 2398 2069; baseline -0.001 -18"><span class='ocrx_word' id='word_1_231' title='bbox 835 1998 929 2069; x_wconf 89' lang='lat' dir='ltr'><strong>qni</strong></span> <span class='ocrx_word' id='word_1_232' title='bbox 958 2010 1041 2053; x_wconf 92' lang='lat' dir='ltr'><strong>est</strong></span> <span class='ocrx_word' id='word_1_233' title='bbox 1070 1998 1303 2064; x_wconf 91' lang='lat' dir='ltr'><strong>fortior).</strong></span> <span class='ocrx_word' id='word_1_234' title='bbox 1345 1998 1513 2061; x_wconf 82' lang='lat' dir='ltr'><strong>Quam</strong></span> <span class='ocrx_word' id='word_1_235' title='bbox 1552 2012 1735 2049; x_wconf 88' lang='lat' dir='ltr'><strong>vocem</strong></span> <span class='ocrx_word' id='word_1_236' title='bbox 1764 2012 1885 2049; x_wconf 90' lang='lat' dir='ltr'><strong>cum</strong></span> <span class='ocrx_word' id='word_1_237' title='bbox 1918 2012 2009 2049; x_wconf 81' lang='lat' dir='ltr'><strong>rex</strong></span> <span class='ocrx_word' id='word_1_238' title='bbox 2046 2012 2150 2050; x_wconf 92' lang='lat' dir='ltr'><strong>non</strong></span> <span class='ocrx_word' id='word_1_239' title='bbox 2199 1997 2398 2050; x_wconf 89' lang='lat' dir='ltr'><strong>intelli-</strong></span> 
     </span>
    </p>
   </div>
   <div class='ocr_carea' id='block_1_35' title="bbox 832 2090 2400 2167">
    <p class='ocr_par' dir='ltr' id='par_1_35' title="bbox 832 2090 2400 2167">
     <span class='ocr_line' id='line_1_35' title="bbox 832 2090 2400 2167; baseline -0.004 -16"><span class='ocrx_word' id='word_1_240' title='bbox 832 2105 1003 2167; x_wconf 77' lang='lat' dir='ltr'><strong>geret,</strong></span> <span class='ocrx_word' id='word_1_241' title='bbox 1044 2101 1297 2160; x_wconf 89' lang='lat' dir='ltr'><strong>concepta</strong></span> <span class='ocrx_word' id='word_1_242' title='bbox 1330 2091 1379 2143; x_wconf 85' lang='lat' dir='ltr'><strong>ili</strong></span> <span class='ocrx_word' id='word_1_243' title='bbox 1416 2090 1492 2142; x_wconf 90' lang='lat' dir='ltr'><strong>ira</strong></span> <span class='ocrx_word' id='word_1_244' title='bbox 1532 2090 1852 2158; x_wconf 78' lang='lat' dir='ltr'><strong>persistens,</strong></span> <span class='ocrx_word' id='word_1_245' title='bbox 1888 2104 1946 2143; x_wconf 92' lang='lat' dir='ltr'><strong>se</strong></span> <span class='ocrx_word' id='word_1_246' title='bbox 1976 2091 2191 2144; x_wconf 83' lang='lat' dir='ltr'><strong>avertit.</strong></span> <span class='ocrx_word' id='word_1_247' title='bbox 2228 2090 2400 2160; x_wconf 77' lang='lat' dir='ltr'><strong>Lega-</strong></span> 
     </span>
    </p>
   </div>
   <div class='ocr_carea' id='block_1_36' title="bbox 833 2182 2395 2256">
    <p class='ocr_par' dir='ltr' id='par_1_36' title="bbox 833 2182 2395 2256">
     <span class='ocr_line' id='line_1_36' title="bbox 833 2182 2395 2256; baseline -0.003 -15"><span class='ocrx_word' id='word_1_248' title='bbox 833 2190 901 2241; x_wconf 88' lang='lat' dir='ltr'><strong>tis</strong></span> <span class='ocrx_word' id='word_1_249' title='bbox 927 2187 1107 2256; x_wconf 82' lang='lat' dir='ltr'><strong>igitur,</strong></span> <span class='ocrx_word' id='word_1_250' title='bbox 1145 2198 1315 2252; x_wconf 89' lang='lat' dir='ltr'><strong>neque</strong></span> <span class='ocrx_word' id='word_1_251' title='bbox 1347 2183 1560 2235; x_wconf 87' lang='lat' dir='ltr'><strong>domum</strong></span> <span class='ocrx_word' id='word_1_252' title='bbox 1593 2182 1789 2243; x_wconf 85' lang='lat' dir='ltr'><strong>redire,</strong></span> <span class='ocrx_word' id='word_1_253' title='bbox 1816 2196 1989 2249; x_wconf 85' lang='lat' dir='ltr'><strong>neque</strong></span> <span class='ocrx_word' id='word_1_254' title='bbox 2021 2182 2127 2235; x_wconf 80' lang='lat' dir='ltr'><strong>illic</strong></span> <span class='ocrx_word' id='word_1_255' title='bbox 2159 2198 2395 2246; x_wconf 89' lang='lat' dir='ltr'><strong>manere,</strong></span> 
     </span>
    </p>
   </div>
   <div class='ocr_carea' id='block_1_37' title="bbox 830 2270 2399 2344">
    <p class='ocr_par' dir='ltr' id='par_1_37' title="bbox 830 2270 2399 2344">
     <span class='ocr_line' id='line_1_37' title="bbox 830 2270 2399 2344; baseline -0.002 -15"><span class='ocrx_word' id='word_1_256' title='bbox 830 2294 1008 2344; x_wconf 77' lang='lat' dir='ltr'><strong>opera:</strong></span> <span class='ocrx_word' id='word_1_257' title='bbox 1043 2275 1271 2344; x_wconf 85' lang='lat' dir='ltr'><strong>pretium</strong></span> <span class='ocrx_word' id='word_1_258' title='bbox 1298 2274 1603 2325; x_wconf 89' lang='lat' dir='ltr'><strong>videbatur.</strong></span> <span class='ocrx_word' id='word_1_259' title='bbox 1632 2271 1759 2336; x_wconf 70' lang='lat' dir='ltr'><strong>Quae</strong></span> <span class='ocrx_word' id='word_1_260' title='bbox 1792 2286 1913 2324; x_wconf 90' lang='lat' dir='ltr'><strong>cum</strong></span> <span class='ocrx_word' id='word_1_261' title='bbox 1956 2270 2399 2326; x_wconf 85' lang='lat' dir='ltr'><strong>Heracliensibus</strong></span> 
     </span>
    </p>
   </div>
   <div class='ocr_carea' id='block_1_38' title="bbox 829 2363 2398 2429">
    <p class='ocr_par' dir='ltr' id='par_1_38' title="bbox 829 2363 2398 2429">
     <span class='ocr_line' id='line_1_38' title="bbox 829 2363 2398 2429; baseline -0.004 -6"><span class='ocrx_word' id='word_1_262' title='bbox 829 2369 1292 2429; x_wconf 77' lang='lat' dir='ltr'><strong>renuntiarentur,</strong></span> <span class='ocrx_word' id='word_1_263' title='bbox 1338 2376 1448 2415; x_wconf 89' lang='lat' dir='ltr'><strong>ttnn</strong></span> <span class='ocrx_word' id='word_1_264' title='bbox 1499 2363 1712 2415; x_wconf 73' lang='lat' dir='ltr'><strong>czcteris</strong></span> <span class='ocrx_word' id='word_1_265' title='bbox 1760 2377 1817 2415; x_wconf 91' lang='lat' dir='ltr'><strong>se</strong></span> <span class='ocrx_word' id='word_1_266' title='bbox 1846 2364 2117 2427; x_wconf 90' lang='lat' dir='ltr'><strong>muniunt,</strong></span> <span class='ocrx_word' id='word_1_267' title='bbox 2167 2374 2275 2417; x_wconf 94' lang='lat' dir='ltr'><strong>tum</strong></span> <span class='ocrx_word' id='word_1_268' title='bbox 2306 2379 2398 2417; x_wconf 90' lang='lat' dir='ltr'><strong>co-</strong></span> 
     </span>
    </p>
   </div>
   <div class='ocr_carea' id='block_1_39' title="bbox 830 2454 2397 2527">
    <p class='ocr_par' dir='ltr' id='par_1_39' title="bbox 830 2454 2397 2527">
     <span class='ocr_line' id='line_1_39' title="bbox 830 2454 2397 2527; baseline -0.001 -17"><span class='ocrx_word' id='word_1_269' title='bbox 830 2461 947 2527; x_wconf 83' lang='lat' dir='ltr'><strong>pias</strong></span> <span class='ocrx_word' id='word_1_270' title='bbox 985 2458 1277 2510; x_wconf 85' lang='lat' dir='ltr'><strong>anxiliares</strong></span> <span class='ocrx_word' id='word_1_271' title='bbox 1322 2455 1599 2521; x_wconf 65' lang='lat' dir='ltr'><strong>colligunt,</strong></span> <span class='ocrx_word' id='word_1_272' title='bbox 1652 2462 1702 2506; x_wconf 90' lang='lat' dir='ltr'><strong>et</strong></span> <span class='ocrx_word' id='word_1_273' title='bbox 1738 2469 1831 2521; x_wconf 90' lang='lat' dir='ltr'><strong>per</strong></span> <span class='ocrx_word' id='word_1_274' title='bbox 1872 2454 2077 2523; x_wconf 80' lang='lat' dir='ltr'><strong>legatos</strong></span> <span class='ocrx_word' id='word_1_275' title='bbox 2113 2454 2397 2508; x_wconf 85' lang='lat' dir='ltr'><strong>Mithrida-</strong></span> 
     </span>
    </p>
   </div>
   <div class='ocr_carea' id='block_1_40' title="bbox 829 2545 2399 2613">
    <p class='ocr_par' dir='ltr' id='par_1_40' title="bbox 829 2545 2399 2613">
     <span class='ocr_line' id='line_1_40' title="bbox 829 2545 2399 2613; baseline -0.003 -9"><span class='ocrx_word' id='word_1_276' title='bbox 829 2560 961 2613; x_wconf 79' lang='lat' dir='ltr'><strong>tem,</strong></span> <span class='ocrx_word' id='word_1_277' title='bbox 1014 2548 1170 2601; x_wconf 86' lang='lat' dir='ltr'><strong>Ponti</strong></span> <span class='ocrx_word' id='word_1_278' title='bbox 1225 2561 1427 2612; x_wconf 81' lang='lat' dir='ltr'><strong>regem,</strong></span> <span class='ocrx_word' id='word_1_279' title='bbox 1461 2555 1514 2597; x_wconf 90' lang='lat' dir='ltr'><strong>et</strong></span> <span class='ocrx_word' id='word_1_280' title='bbox 1562 2545 1891 2613; x_wconf 80' lang='lat' dir='ltr'><strong>Byzantinos</strong></span> <span class='ocrx_word' id='word_1_281' title='bbox 1925 2554 1977 2597; x_wconf 87' lang='lat' dir='ltr'><strong>et</strong></span> <span class='ocrx_word' id='word_1_282' title='bbox 2007 2545 2399 2600; x_wconf 80' lang='lat' dir='ltr'><strong>Clialcetlonios</strong></span> 
     </span>
    </p>
   </div>
   <div class='ocr_carea' id='block_1_41' title="bbox 829 2636 2398 2707">
    <p class='ocr_par' dir='ltr' id='par_1_41' title="bbox 829 2636 2398 2707">
     <span class='ocr_line' id='line_1_41' title="bbox 829 2636 2398 2707; baseline -0.001 -15"><span class='ocrx_word' id='word_1_283' title='bbox 829 2642 893 2693; x_wconf 87' lang='lat' dir='ltr'><strong>de</strong></span> <span class='ocrx_word' id='word_1_284' title='bbox 922 2656 1021 2707; x_wconf 85' lang='lat' dir='ltr'><strong>0pc</strong></span> <span class='ocrx_word' id='word_1_285' title='bbox 1054 2639 1273 2691; x_wconf 81' lang='lat' dir='ltr'><strong>ferenda</strong></span> <span class='ocrx_word' id='word_1_286' title='bbox 1344 2637 1654 2689; x_wconf 69' lang='lat' dir='ltr'><strong>sollicitant.</strong></span> <span class='ocrx_word' id='word_1_287' title='bbox 1687 2639 1753 2687; x_wconf 84' lang='lat' dir='ltr'><strong>At</strong></span> <span class='ocrx_word' id='word_1_288' title='bbox 1797 2636 2008 2689; x_wconf 76' lang='lat' dir='ltr'><strong>exsules</strong></span> <span class='ocrx_word' id='word_1_289' title='bbox 2044 2638 2110 2689; x_wconf 89' lang='lat' dir='ltr'><strong>ab</strong></span> <span class='ocrx_word' id='word_1_290' title='bbox 2144 2636 2398 2690; x_wconf 86' lang='lat' dir='ltr'><strong>Heraclea</strong></span> 
     </span>
    </p>
   </div>
   <div class='ocr_carea' id='block_1_42' title="bbox 833 2727 2398 2800">
    <p class='ocr_par' dir='ltr' id='par_1_42' title="bbox 833 2727 2398 2800">
     <span class='ocr_line' id='line_1_42' title="bbox 833 2727 2398 2800; baseline -0.001 -18"><span class='ocrx_word' id='word_1_291' title='bbox 833 2733 924 2800; x_wconf 91' lang='lat' dir='ltr'><strong>qui</strong></span> <span class='ocrx_word' id='word_1_292' title='bbox 972 2738 1312 2798; x_wconf 86' lang='lat' dir='ltr'><strong>supererant,</strong></span> <span class='ocrx_word' id='word_1_293' title='bbox 1357 2730 1428 2781; x_wconf 90' lang='lat' dir='ltr'><strong>ita</strong></span> <span class='ocrx_word' id='word_1_294' title='bbox 1487 2730 1697 2781; x_wconf 88' lang='lat' dir='ltr'><strong>tandem</strong></span> <span class='ocrx_word' id='word_1_295' title='bbox 1745 2728 2095 2781; x_wconf 90' lang='lat' dir='ltr'><strong>conveniunt.</strong></span> <span class='ocrx_word' id='word_1_296' title='bbox 2145 2727 2398 2797; x_wconf 78' lang='lat' dir='ltr'><strong>Nymphi-</strong></span> 
     </span>
    </p>
   </div>
   <div class='ocr_carea' id='block_1_43' title="bbox 828 2818 2399 2889">
    <p class='ocr_par' dir='ltr' id='par_1_43' title="bbox 828 2818 2399 2889">
     <span class='ocr_line' id='line_1_43' title="bbox 828 2818 2399 2889; baseline -0.004 -13"><span class='ocrx_word' id='word_1_297' title='bbox 828 2825 970 2888; x_wconf 89' lang='lat' dir='ltr'><strong>dius,</strong></span> <span class='ocrx_word' id='word_1_298' title='bbox 1016 2823 1232 2889; x_wconf 82' lang='lat' dir='ltr'><strong>quidam</strong></span> <span class='ocrx_word' id='word_1_299' title='bbox 1271 2835 1336 2873; x_wconf 83' lang='lat' dir='ltr'><strong>ex</strong></span> <span class='ocrx_word' id='word_1_300' title='bbox 1374 2835 1559 2871; x_wconf 84' lang='lat' dir='ltr'><strong>eorum</strong></span> <span class='ocrx_word' id='word_1_301' title='bbox 1602 2834 1846 2883; x_wconf 88' lang='lat' dir='ltr'><strong>numero,</strong></span> <span class='ocrx_word' id='word_1_302' title='bbox 1892 2818 2122 2870; x_wconf 86' lang='lat' dir='ltr'><strong>reditum</strong></span> <span class='ocrx_word' id='word_1_303' title='bbox 2154 2820 2232 2871; x_wconf 91' lang='lat' dir='ltr'><strong>eis</strong></span> <span class='ocrx_word' id='word_1_304' title='bbox 2272 2833 2399 2871; x_wconf 91' lang='lat' dir='ltr'><strong>sua-</strong></span> 
     </span>
    </p>
   </div>
   <div class='ocr_carea' id='block_1_44' title="bbox 828 2909 2396 2973">
    <p class='ocr_par' dir='ltr' id='par_1_44' title="bbox 828 2909 2396 2973">
     <span class='ocr_line' id='line_1_44' title="bbox 828 2909 2396 2973; baseline -0.003 -7"><span class='ocrx_word' id='word_1_305' title='bbox 828 2915 959 2966; x_wconf 89' lang='lat' dir='ltr'><strong>det:</strong></span> <span class='ocrx_word' id='word_1_306' title='bbox 995 2927 1091 2965; x_wconf 89' lang='lat' dir='ltr'><strong>nec</strong></span> <span class='ocrx_word' id='word_1_307' title='bbox 1126 2910 1407 2965; x_wconf 82' lang='lat' dir='ltr'><strong>difficilem</strong></span> <span class='ocrx_word' id='word_1_308' title='bbox 1454 2910 1595 2961; x_wconf 91' lang='lat' dir='ltr'><strong>hunc</strong></span> <span class='ocrx_word' id='word_1_309' title='bbox 1641 2923 1762 2961; x_wconf 90' lang='lat' dir='ltr'><strong>esse</strong></span> <span class='ocrx_word' id='word_1_310' title='bbox 1796 2909 2155 2973; x_wconf 87' lang='lat' dir='ltr'><strong>demonstrat,</strong></span> <span class='ocrx_word' id='word_1_311' title='bbox 2187 2911 2230 2962; x_wconf 90' lang='lat' dir='ltr'><strong>si</strong></span> <span class='ocrx_word' id='word_1_312' title='bbox 2264 2909 2396 2963; x_wconf 93' lang='lat' dir='ltr'><strong>nihil</strong></span> 
     </span>
    </p>
   </div>
   <div class='ocr_carea' id='block_1_45' title="bbox 827 3002 2397 3070">
    <p class='ocr_par' dir='ltr' id='par_1_45' title="bbox 827 3002 2397 3070">
     <span class='ocr_line' id='line_1_45' title="bbox 827 3002 2397 3070; baseline 0.001 -14"><span class='ocrx_word' id='word_1_313' title='bbox 827 3020 1013 3057; x_wconf 88' lang='lat' dir='ltr'><strong>eorum</strong></span> <span class='ocrx_word' id='word_1_314' title='bbox 1050 3019 1167 3070; x_wconf 72' lang='lat' dir='ltr'><strong>qua:</strong></span> <span class='ocrx_word' id='word_1_315' title='bbox 1200 3002 1433 3069; x_wconf 85' lang='lat' dir='ltr'><strong>majores</strong></span> <span class='ocrx_word' id='word_1_316' title='bbox 1470 3002 1782 3055; x_wconf 80' lang='lat' dir='ltr'><strong>amisissent</strong></span> <span class='ocrx_word' id='word_1_317' title='bbox 1824 3002 2044 3055; x_wconf 85' lang='lat' dir='ltr'><strong>moleste</strong></span> <span class='ocrx_word' id='word_1_318' title='bbox 2088 3004 2397 3057; x_wconf 82' lang='lat' dir='ltr'><strong>viderentur</strong></span> 
     </span>
    </p>
   </div>
   <div class='ocr_carea' id='block_1_46' title="bbox 824 3092 2394 3165">
    <p class='ocr_par' dir='ltr' id='par_1_46' title="bbox 824 3092 2394 3165">
     <span class='ocr_line' id='line_1_46' title="bbox 824 3092 2394 3165; baseline 0.003 -21"><span class='ocrx_word' id='word_1_319' title='bbox 824 3101 880 3144; x_wconf 89' lang='lat' dir='ltr'><strong>et</strong></span> <span class='ocrx_word' id='word_1_320' title='bbox 922 3092 1227 3144; x_wconf 87' lang='lat' dir='ltr'><strong>turbulente</strong></span> <span class='ocrx_word' id='word_1_321' title='bbox 1277 3106 1581 3157; x_wconf 86' lang='lat' dir='ltr'><strong>reposcere,</strong></span> <span class='ocrx_word' id='word_1_322' title='bbox 1617 3102 1670 3144; x_wconf 88' lang='lat' dir='ltr'><strong>et</strong></span> <span class='ocrx_word' id='word_1_323' title='bbox 1711 3107 1870 3159; x_wconf 85' lang='lat' dir='ltr'><strong>quam</strong></span> <span class='ocrx_word' id='word_1_324' title='bbox 1909 3094 2131 3147; x_wconf 87' lang='lat' dir='ltr'><strong>minimo</strong></span> <span class='ocrx_word' id='word_1_325' title='bbox 2181 3098 2394 3165; x_wconf 84' lang='lat' dir='ltr'><strong>negotio</strong></span> 
     </span>
    </p>
   </div>
   <div class='ocr_carea' id='block_1_47' title="bbox 828 3182 2394 3251">
    <p class='ocr_par' dir='ltr' id='par_1_47' title="bbox 828 3182 2394 3251">
     <span class='ocr_line' id='line_1_47' title="bbox 828 3182 2394 3251; baseline 0.003 -16"><span class='ocrx_word' id='word_1_326' title='bbox 828 3184 1117 3250; x_wconf 89' lang='lat' dir='ltr'><strong>persuasit.</strong></span> <span class='ocrx_word' id='word_1_327' title='bbox 1172 3182 1353 3245; x_wconf 87' lang='lat' dir='ltr'><strong>Quare</strong></span> <span class='ocrx_word' id='word_1_328' title='bbox 1399 3198 1518 3235; x_wconf 90' lang='lat' dir='ltr'><strong>cum</strong></span> <span class='ocrx_word' id='word_1_329' title='bbox 1566 3198 1631 3237; x_wconf 90' lang='lat' dir='ltr'><strong>eo</strong></span> <span class='ocrx_word' id='word_1_330' title='bbox 1676 3200 1783 3251; x_wconf 88' lang='lat' dir='ltr'><strong>quo</strong></span> <span class='ocrx_word' id='word_1_331' title='bbox 1829 3186 2179 3239; x_wconf 86' lang='lat' dir='ltr'><strong>consuluerat</strong></span> <span class='ocrx_word' id='word_1_332' title='bbox 2238 3187 2394 3240; x_wconf 91' lang='lat' dir='ltr'><strong>modo</strong></span> 
     </span>
    </p>
   </div>
   <div class='ocr_carea' id='block_1_48' title="bbox 828 3274 2392 3343">
    <p class='ocr_par' dir='ltr' id='par_1_48' title="bbox 828 3274 2392 3343">
     <span class='ocr_line' id='line_1_48' title="bbox 828 3274 2392 3343; baseline 0.003 -18"><span class='ocrx_word' id='word_1_333' title='bbox 828 3274 1035 3326; x_wconf 81' lang='lat' dir='ltr'><strong>felicem</strong></span> <span class='ocrx_word' id='word_1_334' title='bbox 1070 3275 1339 3327; x_wconf 87' lang='lat' dir='ltr'><strong>inveniret</strong></span> <span class='ocrx_word' id='word_1_335' title='bbox 1384 3290 1697 3327; x_wconf 79' lang='lat' dir='ltr'><strong>successum</strong></span> <span class='ocrx_word' id='word_1_336' title='bbox 1748 3277 1974 3337; x_wconf 80' lang='lat' dir='ltr'><strong>reditus.</strong></span> <span class='ocrx_word' id='word_1_337' title='bbox 2016 3287 2122 3329; x_wconf 91' lang='lat' dir='ltr'><strong>tum</strong></span> <span class='ocrx_word' id='word_1_338' title='bbox 2164 3280 2392 3343; x_wconf 91' lang='lat' dir='ltr'><strong>reducti,</strong></span> 
     </span>
    </p>
   </div>
   <div class='ocr_carea' id='block_1_49' title="bbox 828 3366 2393 3436">
    <p class='ocr_par' dir='ltr' id='par_1_49' title="bbox 828 3366 2393 3436">
     <span class='ocr_line' id='line_1_49' title="bbox 828 3366 2393 3436; baseline 0.002 -19"><span class='ocrx_word' id='word_1_339' title='bbox 828 3376 938 3417; x_wconf 90' lang='lat' dir='ltr'><strong>tum</strong></span> <span class='ocrx_word' id='word_1_340' title='bbox 971 3380 1089 3431; x_wconf 74' lang='lat' dir='ltr'><strong>quae</strong></span> <span class='ocrx_word' id='word_1_341' title='bbox 1135 3366 1339 3432; x_wconf 89' lang='lat' dir='ltr'><strong>recepit</strong></span> <span class='ocrx_word' id='word_1_342' title='bbox 1380 3366 1503 3419; x_wconf 82' lang='lat' dir='ltr'><strong>illus</strong></span> <span class='ocrx_word' id='word_1_343' title='bbox 1540 3368 1706 3434; x_wconf 86' lang='lat' dir='ltr'><strong>patria</strong></span> <span class='ocrx_word' id='word_1_344' title='bbox 1760 3368 1809 3418; x_wconf 91' lang='lat' dir='ltr'><strong>in</strong></span> <span class='ocrx_word' id='word_1_345' title='bbox 1846 3369 2115 3421; x_wconf 88' lang='lat' dir='ltr'><strong>communi</strong></span> <span class='ocrx_word' id='word_1_346' title='bbox 2158 3378 2211 3422; x_wconf 94' lang='lat' dir='ltr'><strong>et</strong></span> <span class='ocrx_word' id='word_1_347' title='bbox 2242 3384 2393 3436; x_wconf 65' lang='lat' dir='ltr'><strong>aequa</strong></span> 
     </span>
    </p>
   </div>
   <div class='ocr_carea' id='block_1_50' title="bbox 825 3455 2393 3526">
    <p class='ocr_par' dir='ltr' id='par_1_50' title="bbox 825 3455 2393 3526">
     <span class='ocr_line' id='line_1_50' title="bbox 825 3455 2393 3526; baseline 0.007 -23"><span class='ocrx_word' id='word_1_348' title='bbox 825 3457 1182 3509; x_wconf 84' lang='lat' dir='ltr'><strong>\ersabantur</strong></span> <span class='ocrx_word' id='word_1_349' title='bbox 1231 3455 1415 3507; x_wconf 62' lang='lat' dir='ltr'><strong>laetitia</strong></span> <span class='ocrx_word' id='word_1_350' title='bbox 1450 3468 1500 3508; x_wconf 91' lang='lat' dir='ltr'><strong>et</strong></span> <span class='ocrx_word' id='word_1_351' title='bbox 1531 3458 1835 3526; x_wconf 83' lang='lat' dir='ltr'><strong>voluptate.</strong></span> <span class='ocrx_word' id='word_1_352' title='bbox 1869 3458 1999 3510; x_wconf 82' lang='lat' dir='ltr'><strong>Nam</strong></span> <span class='ocrx_word' id='word_1_353' title='bbox 2033 3469 2083 3512; x_wconf 88' lang='lat' dir='ltr'><strong>et</strong></span> <span class='ocrx_word' id='word_1_354' title='bbox 2117 3460 2393 3513; x_wconf 84' lang='lat' dir='ltr'><strong>humanis-</strong></span> 
     </span>
    </p>
   </div>
   <div class='ocr_carea' id='block_1_51' title="bbox 825 3547 2391 3617">
    <p class='ocr_par' dir='ltr' id='par_1_51' title="bbox 825 3547 2391 3617">
     <span class='ocr_line' id='line_1_51' title="bbox 825 3547 2391 3617; baseline 0.003 -18"><span class='ocrx_word' id='word_1_355' title='bbox 825 3548 963 3599; x_wconf 89' lang='lat' dir='ltr'><strong>sime</strong></span> <span class='ocrx_word' id='word_1_356' title='bbox 1010 3562 1103 3600; x_wconf 90' lang='lat' dir='ltr'><strong>eos</strong></span> <span class='ocrx_word' id='word_1_357' title='bbox 1148 3547 1292 3598; x_wconf 85' lang='lat' dir='ltr'><strong>cives</strong></span> <span class='ocrx_word' id='word_1_358' title='bbox 1342 3548 1670 3609; x_wconf 77' lang='lat' dir='ltr'><strong>tramabant,</strong></span> <span class='ocrx_word' id='word_1_359' title='bbox 1704 3558 1758 3600; x_wconf 89' lang='lat' dir='ltr'><strong>et</strong></span> <span class='ocrx_word' id='word_1_360' title='bbox 1794 3550 1926 3601; x_wconf 88' lang='lat' dir='ltr'><strong>nihil</strong></span> <span class='ocrx_word' id='word_1_361' title='bbox 1959 3551 2148 3602; x_wconf 86' lang='lat' dir='ltr'><strong>horum</strong></span> <span class='ocrx_word' id='word_1_362' title='bbox 2175 3566 2292 3617; x_wconf 62' lang='lat' dir='ltr'><strong>quae</strong></span> <span class='ocrx_word' id='word_1_363' title='bbox 2326 3552 2391 3604; x_wconf 87' lang='lat' dir='ltr'><strong>ad</strong></span> 
     </span>
    </p>
   </div>
   <div class='ocr_carea' id='block_1_52' title="bbox 826 3638 2389 3704">
    <p class='ocr_par' dir='ltr' id='par_1_52' title="bbox 826 3638 2389 3704">
     <span class='ocr_line' id='line_1_52' title="bbox 826 3638 2389 3704; baseline 0.003 -14"><span class='ocrx_word' id='word_1_364' title='bbox 826 3639 1153 3691; x_wconf 86' lang='lat' dir='ltr'><strong>mediocrem</strong></span> <span class='ocrx_word' id='word_1_365' title='bbox 1202 3638 1323 3689; x_wconf 74' lang='lat' dir='ltr'><strong>vita:</strong></span> <span class='ocrx_word' id='word_1_366' title='bbox 1368 3641 1816 3691; x_wconf 85' lang='lat' dir='ltr'><strong>sustentationem</strong></span> <span class='ocrx_word' id='word_1_367' title='bbox 1848 3643 2175 3704; x_wconf 91' lang='lat' dir='ltr'><strong>conducunt,</strong></span> <span class='ocrx_word' id='word_1_368' title='bbox 2205 3644 2389 3696; x_wconf 90' lang='lat' dir='ltr'><strong>delieri</strong></span> 
     </span>
    </p>
   </div>
   <div class='ocr_carea' id='block_1_53' title="bbox 824 3727 2393 3798">
    <p class='ocr_par' dir='ltr' id='par_1_53' title="bbox 824 3727 2393 3798">
     <span class='ocr_line' id='line_1_53' title="bbox 824 3727 2393 3798; baseline 0.003 -17"><span class='ocrx_word' id='word_1_369' title='bbox 824 3730 1194 3796; x_wconf 86' lang='lat' dir='ltr'><strong>patiebantur.</strong></span> <span class='ocrx_word' id='word_1_370' title='bbox 1239 3727 1349 3781; x_wconf 91' lang='lat' dir='ltr'><strong>lloc</strong></span> <span class='ocrx_word' id='word_1_371' title='bbox 1389 3729 1567 3795; x_wconf 89' lang='lat' dir='ltr'><strong>itaque</strong></span> <span class='ocrx_word' id='word_1_372' title='bbox 1612 3731 1769 3781; x_wconf 89' lang='lat' dir='ltr'><strong>modo</strong></span> <span class='ocrx_word' id='word_1_373' title='bbox 1801 3731 1850 3781; x_wconf 95' lang='lat' dir='ltr'><strong>in</strong></span> <span class='ocrx_word' id='word_1_374' title='bbox 1882 3731 2161 3798; x_wconf 88' lang='lat' dir='ltr'><strong>antiquum</strong></span> <span class='ocrx_word' id='word_1_375' title='bbox 2200 3732 2393 3787; x_wconf 83' lang='lat' dir='ltr'><strong>nobili—</strong></span> 
     </span>
    </p>
   </div>
   <div class='ocr_carea' id='block_1_54' title="bbox 828 3816 2219 3886">
    <p class='ocr_par' dir='ltr' id='par_1_54' title="bbox 828 3816 2219 3886">
     <span class='ocr_line' id='line_1_54' title="bbox 828 3816 2219 3886; baseline 0.001 -15"><span class='ocrx_word' id='word_1_376' title='bbox 828 3817 952 3871; x_wconf 86' lang='lat' dir='ltr'><strong>tatis</strong></span> <span class='ocrx_word' id='word_1_377' title='bbox 982 3827 1037 3873; x_wconf 88' lang='lat' dir='ltr'><strong>et</strong></span> <span class='ocrx_word' id='word_1_378' title='bbox 1064 3816 1474 3886; x_wconf 78' lang='lat' dir='ltr'><strong>gubernationis</strong></span> <span class='ocrx_word' id='word_1_379' title='bbox 1514 3817 1678 3870; x_wconf 85' lang='lat' dir='ltr'><strong>decus</strong></span> <span class='ocrx_word' id='word_1_380' title='bbox 1710 3832 1827 3871; x_wconf 90' lang='lat' dir='ltr'><strong>sese</strong></span> <span class='ocrx_word' id='word_1_381' title='bbox 1857 3819 2219 3873; x_wconf 82' lang='lat' dir='ltr'><strong>vindicarunt.</strong></span> 
     </span>
    </p>
   </div>
   <div class='ocr_carea' id='block_1_55' title="bbox 2497 1906 4069 1974">
    <p class='ocr_par' dir='ltr' id='par_1_55' title="bbox 2497 1906 4069 1974">
     <span class='ocr_line' id='line_1_55' title="bbox 2497 1906 4069 1974; baseline 0 -15"><span class='ocrx_word' id='word_1_382' title='bbox 2497 1910 2595 1970; x_wconf 82' lang='grc' dir='ltr'>τὰς</span> <span class='ocrx_word' id='word_1_383' title='bbox 2646 1908 2895 1970; x_wconf 83' lang='grc' dir='ltr'>ἀπειλὰς,</span> <span class='ocrx_word' id='word_1_384' title='bbox 2942 1908 3074 1959; x_wconf 78' lang='grc' dir='ltr'>ἀλλὰ</span> <span class='ocrx_word' id='word_1_385' title='bbox 3115 1907 3382 1974; x_wconf 82' lang='grc' dir='ltr'>φαμένου,</span> <span class='ocrx_word' id='word_1_386' title='bbox 3428 1906 3725 1974; x_wconf 76' lang='grc' dir='ltr'><strong>Ἡρακλῆς</strong></span> <span class='ocrx_word' id='word_1_387' title='bbox 3748 1908 3793 1937; x_wconf 71' lang='grc'><strong>⁸⁸</strong></span> <span class='ocrx_word' id='word_1_388' title='bbox 3832 1909 4069 1974; x_wconf 66' lang='grc' dir='ltr'>κάίρων</span> 
     </span>
    </p>
   </div>
   <div class='ocr_carea' id='block_1_56' title="bbox 2503 2002 4069 2071">
    <p class='ocr_par' dir='ltr' id='par_1_56' title="bbox 2503 2002 4069 2071">
     <span class='ocr_line' id='line_1_56' title="bbox 2503 2002 4069 2071; baseline -0.002 -15"><span class='ocrx_word' id='word_1_389' title='bbox 2503 2002 2759 2057; x_wconf 74' lang='grc' dir='ltr'>Σέλευκε</span> <span class='ocrx_word' id='word_1_390' title='bbox 2795 2002 3045 2070; x_wconf 76' lang='grc' dir='ltr'><strong>(κάῤῥων</strong></span> <span class='ocrx_word' id='word_1_391' title='bbox 3087 2002 3131 2032; x_wconf 77' lang='grc'>⁸⁸</span> <span class='ocrx_word' id='word_1_392' title='bbox 3163 2003 3218 2054; x_wconf 86' lang='grc' dir='ltr'>δὲ</span> <span class='ocrx_word' id='word_1_393' title='bbox 3260 2004 3287 2054; x_wconf 85' lang='grc' dir='ltr'>ὁ</span> <span class='ocrx_word' id='word_1_394' title='bbox 3324 2002 3665 2070; x_wconf 85' lang='grc' dir='ltr'>ἰσχυρότερος</span> <span class='ocrx_word' id='word_1_395' title='bbox 3703 2002 3855 2071; x_wconf 76' lang='grc' dir='ltr'>παρὰ</span> <span class='ocrx_word' id='word_1_396' title='bbox 3903 2006 4069 2071; x_wconf 80' lang='grc' dir='ltr'>Δωρι-</span> 
     </span>
    </p>
   </div>
   <div class='ocr_carea' id='block_1_57' title="bbox 2500 2092 4065 2162">
    <p class='ocr_par' dir='ltr' id='par_1_57' title="bbox 2500 2092 4065 2162">
     <span class='ocr_line' id='line_1_57' title="bbox 2500 2092 4065 2162; baseline -0.002 -15"><span class='ocrx_word' id='word_1_397' title='bbox 2500 2094 2694 2162; x_wconf 83' lang='grc' dir='ltr'>εῦσιν).</span> <span class='ocrx_word' id='word_1_398' title='bbox 2717 2095 2771 2146; x_wconf 88' lang='lat'><strong>&#39;0</strong></span> <span class='ocrx_word' id='word_1_399' title='bbox 2801 2095 2845 2147; x_wconf 89' lang='grc' dir='ltr'>δ’</span> <span class='ocrx_word' id='word_1_400' title='bbox 2883 2092 2974 2146; x_wconf 74' lang='grc' dir='ltr'><strong>οὖν</strong></span> <span class='ocrx_word' id='word_1_401' title='bbox 3000 2095 3256 2157; x_wconf 83' lang='grc' dir='ltr'>Σέλευκος</span> <span class='ocrx_word' id='word_1_402' title='bbox 3292 2093 3353 2145; x_wconf 80' lang='grc' dir='ltr'>τὺ</span> <span class='ocrx_word' id='word_1_403' title='bbox 3394 2094 3491 2162; x_wconf 82' lang='grc' dir='ltr'>μὲν</span> <span class='ocrx_word' id='word_1_404' title='bbox 3524 2093 3684 2161; x_wconf 78' lang='grc' dir='ltr'>ῥηθὲν</span> <span class='ocrx_word' id='word_1_405' title='bbox 3714 2095 3772 2146; x_wconf 88' lang='grc' dir='ltr'><strong>οὐ</strong></span> <span class='ocrx_word' id='word_1_406' title='bbox 3811 2094 4065 2162; x_wconf 80' lang='grc' dir='ltr'>συνῆκεν,</span> 
     </span>
    </p>
   </div>
   <div class='ocr_carea' id='block_1_58' title="bbox 2499 2183 4069 2256">
    <p class='ocr_par' dir='ltr' id='par_1_58' title="bbox 2499 2183 4069 2256">
     <span class='ocr_line' id='line_1_58' title="bbox 2499 2183 4069 2256; baseline -0.001 -19"><span class='ocrx_word' id='word_1_407' title='bbox 2499 2186 2668 2256; x_wconf 79' lang='grc' dir='ltr'>ὀργῆς</span> <span class='ocrx_word' id='word_1_408' title='bbox 2708 2186 2751 2237; x_wconf 76' lang='grc' dir='ltr'>δ’</span> <span class='ocrx_word' id='word_1_409' title='bbox 2779 2185 2854 2247; x_wconf 84' lang='grc' dir='ltr'><strong>ὡς</strong></span> <span class='ocrx_word' id='word_1_410' title='bbox 2912 2183 3047 2254; x_wconf 82' lang='grc' dir='ltr'>εἶχε,</span> <span class='ocrx_word' id='word_1_411' title='bbox 3111 2187 3205 2237; x_wconf 73' lang='grc' dir='ltr'><strong>καὶ</strong></span> <span class='ocrx_word' id='word_1_412' title='bbox 3253 2185 3613 2255; x_wconf 84' lang='grc' dir='ltr'>ἀπετρέπετο.</span> <span class='ocrx_word' id='word_1_413' title='bbox 3670 2184 3796 2247; x_wconf 88' lang='grc' dir='ltr'><strong>Τοῖς</strong></span> <span class='ocrx_word' id='word_1_414' title='bbox 3843 2185 3903 2235; x_wconf 82' lang='grc' dir='ltr'>δὲ</span> <span class='ocrx_word' id='word_1_415' title='bbox 3951 2185 4069 2235; x_wconf 79' lang='grc' dir='ltr'>οὐτε</span> 
     </span>
    </p>
   </div>
   <div class='ocr_carea' id='block_1_59' title="bbox 2500 2277 4071 2347">
    <p class='ocr_par' dir='ltr' id='par_1_59' title="bbox 2500 2277 4071 2347">
     <span class='ocr_line' id='line_1_59' title="bbox 2500 2277 4071 2347; baseline -0.001 -18"><span class='ocrx_word' id='word_1_416' title='bbox 2500 2279 2559 2329; x_wconf 87' lang='grc' dir='ltr'>τὸ</span> <span class='ocrx_word' id='word_1_417' title='bbox 2591 2279 2891 2347; x_wconf 81' lang='grc' dir='ltr'>ἀναχωρεῖν</span> <span class='ocrx_word' id='word_1_418' title='bbox 2915 2278 3117 2340; x_wconf 80' lang='grc' dir='ltr'>οἴκαδε,</span> <span class='ocrx_word' id='word_1_419' title='bbox 3145 2277 3268 2329; x_wconf 73' lang='grc' dir='ltr'>οὔτε</span> <span class='ocrx_word' id='word_1_420' title='bbox 3300 2277 3362 2329; x_wconf 83' lang='grc' dir='ltr'><strong>τὸ</strong></span> <span class='ocrx_word' id='word_1_421' title='bbox 3416 2277 3745 2345; x_wconf 81' lang='grc' dir='ltr'>προσμένειν</span> <span class='ocrx_word' id='word_1_422' title='bbox 3796 2277 4071 2338; x_wconf 80' lang='grc' dir='ltr'>λυσιτελὲς</span> 
     </span>
    </p>
   </div>
   <div class='ocr_carea' id='block_1_60' title="bbox 2500 2368 4071 2438">
    <p class='ocr_par' dir='ltr' id='par_1_60' title="bbox 2500 2368 4071 2438">
     <span class='ocr_line' id='line_1_60' title="bbox 2500 2368 4071 2438; baseline -0.001 -18"><span class='ocrx_word' id='word_1_423' title='bbox 2500 2370 2694 2421; x_wconf 72' lang='grc' dir='ltr'>ἐδόκει.</span> <span class='ocrx_word' id='word_1_424' title='bbox 2753 2371 2936 2422; x_wconf 76' lang='grc' dir='ltr'>Ταῦτα</span> <span class='ocrx_word' id='word_1_425' title='bbox 2994 2371 3050 2423; x_wconf 87' lang='grc' dir='ltr'>δὲ</span> <span class='ocrx_word' id='word_1_426' title='bbox 3112 2369 3487 2438; x_wconf 78' lang='grc' dir='ltr'>Ἡρακλεῶται</span> <span class='ocrx_word' id='word_1_427' title='bbox 3536 2368 3830 2435; x_wconf 87' lang='grc' dir='ltr'>πυθόμενοι</span> <span class='ocrx_word' id='word_1_428' title='bbox 3894 2369 3967 2421; x_wconf 79' lang='grc' dir='ltr'><strong>τά</strong></span> <span class='ocrx_word' id='word_1_429' title='bbox 4018 2386 4071 2419; x_wconf 84' lang='grc' dir='ltr'><strong>τε</strong></span> 
     </span>
    </p>
   </div>
   <div class='ocr_carea' id='block_1_61' title="bbox 2500 2458 4069 2527">
    <p class='ocr_par' dir='ltr' id='par_1_61' title="bbox 2500 2458 4069 2527">
     <span class='ocr_line' id='line_1_61' title="bbox 2500 2458 4069 2527; baseline -0.003 -15"><span class='ocrx_word' id='word_1_430' title='bbox 2500 2459 2635 2512; x_wconf 79' lang='grc' dir='ltr'>ἄλλα</span> <span class='ocrx_word' id='word_1_431' title='bbox 2695 2459 3169 2527; x_wconf 80' lang='grc' dir='ltr'>παρεσκευάζοντο</span> <span class='ocrx_word' id='word_1_432' title='bbox 3242 2459 3335 2509; x_wconf 75' lang='grc' dir='ltr'>καὶ</span> <span class='ocrx_word' id='word_1_433' title='bbox 3401 2458 3721 2526; x_wconf 80' lang='grc' dir='ltr'>συμμάχους</span> <span class='ocrx_word' id='word_1_434' title='bbox 3776 2458 4069 2525; x_wconf 64' lang='grc' dir='ltr'>ἤθροιζον,</span> 
     </span>
    </p>
   </div>
   <div class='ocr_carea' id='block_1_62' title="bbox 2501 2547 4069 2619">
    <p class='ocr_par' dir='ltr' id='par_1_62' title="bbox 2501 2547 4069 2619">
     <span class='ocr_line' id='line_1_62' title="bbox 2501 2547 4069 2619; baseline -0.002 -19"><span class='ocrx_word' id='word_1_435' title='bbox 2501 2552 2636 2619; x_wconf 90' lang='grc' dir='ltr'>πρός</span> <span class='ocrx_word' id='word_1_436' title='bbox 2681 2567 2742 2601; x_wconf 90' lang='grc' dir='ltr'><strong>τε</strong></span> <span class='ocrx_word' id='word_1_437' title='bbox 2786 2550 3124 2619; x_wconf 78' lang='grc' dir='ltr'><strong>Μιθριδάτην</strong></span> <span class='ocrx_word' id='word_1_438' title='bbox 3168 2549 3258 2600; x_wconf 76' lang='grc' dir='ltr'><strong>τὸν</strong></span> <span class='ocrx_word' id='word_1_439' title='bbox 3295 2549 3497 2601; x_wconf 88' lang='grc' dir='ltr'>Πόντου</span> <span class='ocrx_word' id='word_1_440' title='bbox 3531 2547 3755 2616; x_wconf 81' lang='grc' dir='ltr'>βασιλέα</span> <span class='ocrx_word' id='word_1_441' title='bbox 3808 2548 4069 2615; x_wconf 84' lang='grc' dir='ltr'>διαπρεσ-</span> 
     </span>
    </p>
   </div>
   <div class='ocr_carea' id='block_1_63' title="bbox 2502 2637 4067 2710">
    <p class='ocr_par' dir='ltr' id='par_1_63' title="bbox 2502 2637 4067 2710">
     <span class='ocr_line' id='line_1_63' title="bbox 2502 2637 4067 2710; baseline -0.001 -19"><span class='ocrx_word' id='word_1_442' title='bbox 2502 2640 2785 2708; x_wconf 83' lang='grc' dir='ltr'>ϐευόμενοι</span> <span class='ocrx_word' id='word_1_443' title='bbox 2827 2642 2921 2691; x_wconf 75' lang='grc' dir='ltr'>καὶ</span> <span class='ocrx_word' id='word_1_444' title='bbox 2973 2640 3108 2710; x_wconf 80' lang='grc' dir='ltr'>πρὸς</span> <span class='ocrx_word' id='word_1_445' title='bbox 3160 2639 3487 2702; x_wconf 76' lang='grc' dir='ltr'>Βυζαντίους</span> <span class='ocrx_word' id='word_1_446' title='bbox 3517 2641 3612 2692; x_wconf 75' lang='grc' dir='ltr'><strong>καὶ</strong></span> <span class='ocrx_word' id='word_1_447' title='bbox 3651 2637 4067 2706; x_wconf 76' lang='grc' dir='ltr'>Χαλκηδονίους.</span> 
     </span>
    </p>
   </div>
   <div class='ocr_carea' id='block_1_64' title="bbox 2501 2729 4068 2800">
    <p class='ocr_par' dir='ltr' id='par_1_64' title="bbox 2501 2729 4068 2800">
     <span class='ocr_line' id='line_1_64' title="bbox 2501 2729 4068 2800; baseline -0.003 -18"><span class='ocrx_word' id='word_1_448' title='bbox 2501 2733 2563 2783; x_wconf 89' lang='grc' dir='ltr'><strong>Οἱ</strong></span> <span class='ocrx_word' id='word_1_449' title='bbox 2602 2731 2655 2782; x_wconf 84' lang='grc' dir='ltr'>δὲ</span> <span class='ocrx_word' id='word_1_450' title='bbox 2684 2730 3124 2800; x_wconf 80' lang='grc' dir='ltr'>περιλειπόμενοι</span> <span class='ocrx_word' id='word_1_451' title='bbox 3153 2731 3260 2783; x_wconf 83' lang='grc' dir='ltr'><strong>τῶν</strong></span> <span class='ocrx_word' id='word_1_452' title='bbox 3292 2730 3399 2782; x_wconf 83' lang='grc' dir='ltr'>ἀπὸ</span> <span class='ocrx_word' id='word_1_453' title='bbox 3440 2729 3762 2799; x_wconf 77' lang='grc' dir='ltr'>Ἡρακλείας</span> <span class='ocrx_word' id='word_1_454' title='bbox 3796 2730 4068 2796; x_wconf 69' lang='grc' dir='ltr'>φυγάδων,</span> 
     </span>
    </p>
   </div>
   <div class='ocr_carea' id='block_1_65' title="bbox 2502 2819 4070 2891">
    <p class='ocr_par' dir='ltr' id='par_1_65' title="bbox 2502 2819 4070 2891">
     <span class='ocr_line' id='line_1_65' title="bbox 2502 2819 4070 2891; baseline -0.002 -19"><span class='ocrx_word' id='word_1_455' title='bbox 2502 2822 2799 2891; x_wconf 75' lang='grc' dir='ltr'>Νύμφιδος,</span> <span class='ocrx_word' id='word_1_456' title='bbox 2829 2825 2919 2874; x_wconf 70' lang='grc' dir='ltr'><strong>καὶ</strong></span> <span class='ocrx_word' id='word_1_457' title='bbox 2950 2822 3114 2874; x_wconf 79' lang='grc' dir='ltr'>αὐτοῦ</span> <span class='ocrx_word' id='word_1_458' title='bbox 3147 2822 3265 2882; x_wconf 79' lang='grc' dir='ltr'>ἐνὸς</span> <span class='ocrx_word' id='word_1_459' title='bbox 3297 2822 3632 2891; x_wconf 83' lang='grc' dir='ltr'>ὑπάρχοντος</span> <span class='ocrx_word' id='word_1_460' title='bbox 3655 2819 3886 2882; x_wconf 86' lang='grc' dir='ltr'>τούτων,</span> <span class='ocrx_word' id='word_1_461' title='bbox 3943 2820 4070 2871; x_wconf 68' lang='grc' dir='ltr'>καθα</span> 
     </span>
    </p>
   </div>
   <div class='ocr_carea' id='block_1_66' title="bbox 2499 2906 4071 2983">
    <p class='ocr_par' dir='ltr' id='par_1_66' title="bbox 2499 2906 4071 2983">
     <span class='ocr_line' id='line_1_66' title="bbox 2499 2906 4071 2983; baseline -0.001 -19"><span class='ocrx_word' id='word_1_462' title='bbox 2499 2913 2614 2964; x_wconf 87' lang='grc' dir='ltr'>οδον</span> <span class='ocrx_word' id='word_1_463' title='bbox 2678 2914 3067 2981; x_wconf 79' lang='grc' dir='ltr'>βουλεύσαντος</span> <span class='ocrx_word' id='word_1_464' title='bbox 3095 2914 3299 2977; x_wconf 87' lang='grc' dir='ltr'>αὐτοῖς,</span> <span class='ocrx_word' id='word_1_465' title='bbox 3336 2915 3429 2965; x_wconf 79' lang='grc' dir='ltr'><strong>καὶ</strong></span> <span class='ocrx_word' id='word_1_466' title='bbox 3465 2914 3655 2983; x_wconf 70' lang='grc' dir='ltr'>ῥᾳδίαν</span> <span class='ocrx_word' id='word_1_467' title='bbox 3692 2906 3834 2963; x_wconf 79' lang='grc' dir='ltr'>εἶναι</span> <span class='ocrx_word' id='word_1_468' title='bbox 3869 2913 4071 2978; x_wconf 70' lang='grc' dir='ltr'>ταύτην</span> 
     </span>
    </p>
   </div>
   <div class='ocr_carea' id='block_1_67' title="bbox 2500 3001 4071 3071">
    <p class='ocr_par' dir='ltr' id='par_1_67' title="bbox 2500 3001 4071 3071">
     <span class='ocr_line' id='line_1_67' title="bbox 2500 3001 4071 3071; baseline -0.003 -16"><span class='ocrx_word' id='word_1_469' title='bbox 2500 3004 2924 3065; x_wconf 78' lang='grc' dir='ltr'>ἐπιδεικνύντος,</span> <span class='ocrx_word' id='word_1_470' title='bbox 2965 3005 3011 3053; x_wconf 83' lang='grc' dir='ltr'><strong>εί</strong></span> <span class='ocrx_word' id='word_1_471' title='bbox 3048 3003 3210 3071; x_wconf 81' lang='grc' dir='ltr'>μηδὲν</span> <span class='ocrx_word' id='word_1_472' title='bbox 3240 3020 3314 3054; x_wconf 89' lang='grc' dir='ltr'><strong>ων</strong></span> <span class='ocrx_word' id='word_1_473' title='bbox 3337 3002 3380 3032; x_wconf 70' lang='grc'>⁸⁷</span> <span class='ocrx_word' id='word_1_474' title='bbox 3428 3003 3475 3053; x_wconf 79' lang='grc' dir='ltr'>οἱ</span> <span class='ocrx_word' id='word_1_475' title='bbox 3528 3003 3783 3069; x_wconf 79' lang='grc' dir='ltr'>πρόγονοι</span> <span class='ocrx_word' id='word_1_476' title='bbox 3836 3001 4071 3052; x_wconf 79' lang='grc' dir='ltr'>ἀπεστέ-</span> 
     </span>
    </p>
   </div>
   <div class='ocr_carea' id='block_1_68' title="bbox 2504 3090 4069 3163">
    <p class='ocr_par' dir='ltr' id='par_1_68' title="bbox 2504 3090 4069 3163">
     <span class='ocr_line' id='line_1_68' title="bbox 2504 3090 4069 3163; baseline -0.003 -19"><span class='ocrx_word' id='word_1_477' title='bbox 2504 3112 2665 3163; x_wconf 85' lang='grc' dir='ltr'>ρηντο</span> <span class='ocrx_word' id='word_1_478' title='bbox 2716 3094 2871 3145; x_wconf 83' lang='grc' dir='ltr'>αὐτοὶ</span> <span class='ocrx_word' id='word_1_479' title='bbox 2922 3096 3137 3161; x_wconf 75' lang='grc' dir='ltr'>φανεῖεν</span> <span class='ocrx_word' id='word_1_480' title='bbox 3183 3092 3513 3160; x_wconf 76' lang='grc' dir='ltr'>διοχλοῦντες</span> <span class='ocrx_word' id='word_1_481' title='bbox 3556 3090 3805 3160; x_wconf 70' lang='lat'><strong>[57211.]</strong></span> <span class='ocrx_word' id='word_1_482' title='bbox 3869 3090 4069 3156; x_wconf 75' lang='grc' dir='ltr'>ἀναλή-</span> 
     </span>
    </p>
   </div>
   <div class='ocr_carea' id='block_1_69' title="bbox 2500 3182 4071 3252">
    <p class='ocr_par' dir='ltr' id='par_1_69' title="bbox 2500 3182 4071 3252">
     <span class='ocr_line' id='line_1_69' title="bbox 2500 3182 4071 3252; baseline -0.002 -17"><span class='ocrx_word' id='word_1_483' title='bbox 2500 3185 2719 3252; x_wconf 71' lang='grc' dir='ltr'>ψεσθαι,</span> <span class='ocrx_word' id='word_1_484' title='bbox 2753 3184 2940 3235; x_wconf 75' lang='grc' dir='ltr'>ἔπεισέ</span> <span class='ocrx_word' id='word_1_485' title='bbox 2972 3200 3031 3234; x_wconf 90' lang='grc' dir='ltr'><strong>τε</strong></span> <span class='ocrx_word' id='word_1_486' title='bbox 3066 3184 3163 3235; x_wconf 77' lang='grc' dir='ltr'><strong>σὺν</strong></span> <span class='ocrx_word' id='word_1_487' title='bbox 3194 3183 3270 3251; x_wconf 81' lang='grc' dir='ltr'>τῷ</span> <span class='ocrx_word' id='word_1_488' title='bbox 3312 3184 3510 3252; x_wconf 72' lang='grc' dir='ltr'>ρᾁτῳ,</span> <span class='ocrx_word' id='word_1_489' title='bbox 3560 3184 3651 3233; x_wconf 79' lang='grc' dir='ltr'><strong>καὶ</strong></span> <span class='ocrx_word' id='word_1_490' title='bbox 3693 3186 3789 3248; x_wconf 79' lang='grc' dir='ltr'>τῆς</span> <span class='ocrx_word' id='word_1_491' title='bbox 3844 3182 4071 3233; x_wconf 72' lang='grc' dir='ltr'>καθόδου</span> 
     </span>
    </p>
   </div>
   <div class='ocr_carea' id='block_1_70' title="bbox 2498 3274 4071 3345">
    <p class='ocr_par' dir='ltr' id='par_1_70' title="bbox 2498 3274 4071 3345">
     <span class='ocr_line' id='line_1_70' title="bbox 2498 3274 4071 3345; baseline -0.003 -18"><span class='ocrx_word' id='word_1_492' title='bbox 2498 3277 2556 3327; x_wconf 83' lang='grc' dir='ltr'>ὃν</span> <span class='ocrx_word' id='word_1_493' title='bbox 2590 3276 2877 3327; x_wconf 77' lang='grc' dir='ltr'>ἐϐούλευσε</span> <span class='ocrx_word' id='word_1_494' title='bbox 2912 3276 3112 3345; x_wconf 86' lang='grc' dir='ltr'>τρόπον</span> <span class='ocrx_word' id='word_1_495' title='bbox 3142 3274 3514 3342; x_wconf 76' lang='grc' dir='ltr'>γεγενημένης</span> <span class='ocrx_word' id='word_1_496' title='bbox 3545 3276 3597 3324; x_wconf 76' lang='grc' dir='ltr'><strong>οἵ</strong></span> <span class='ocrx_word' id='word_1_497' title='bbox 3624 3291 3677 3323; x_wconf 83' lang='grc' dir='ltr'><strong>τε</strong></span> <span class='ocrx_word' id='word_1_498' title='bbox 3712 3275 4071 3340; x_wconf 74' lang='grc' dir='ltr'>καταχθέντες</span> 
     </span>
    </p>
   </div>
   <div class='ocr_carea' id='block_1_71' title="bbox 2499 3364 4069 3434">
    <p class='ocr_par' dir='ltr' id='par_1_71' title="bbox 2499 3364 4069 3434">
     <span class='ocr_line' id='line_1_71' title="bbox 2499 3364 4069 3434; baseline -0.003 -17"><span class='ocrx_word' id='word_1_499' title='bbox 2499 3368 2590 3417; x_wconf 73' lang='grc' dir='ltr'><strong>καὶ</strong></span> <span class='ocrx_word' id='word_1_500' title='bbox 2625 3369 2655 3434; x_wconf 83' lang='grc' dir='ltr'>ἡ</span> <span class='ocrx_word' id='word_1_501' title='bbox 2690 3365 2959 3434; x_wconf 75' lang='grc' dir='ltr'>δεξαμένη</span> <span class='ocrx_word' id='word_1_502' title='bbox 2993 3365 3145 3427; x_wconf 83' lang='grc' dir='ltr'>πόλις</span> <span class='ocrx_word' id='word_1_503' title='bbox 3180 3367 3236 3416; x_wconf 83' lang='grc' dir='ltr'><strong>ἐν</strong></span> <span class='ocrx_word' id='word_1_504' title='bbox 3262 3364 3473 3432; x_wconf 78' lang='grc' dir='ltr'>ὁμοίαις</span> <span class='ocrx_word' id='word_1_505' title='bbox 3505 3366 3717 3433; x_wconf 79' lang='grc' dir='ltr'>ἡδοναῖς</span> <span class='ocrx_word' id='word_1_506' title='bbox 3753 3366 3845 3414; x_wconf 75' lang='grc' dir='ltr'><strong>καὶ</strong></span> <span class='ocrx_word' id='word_1_507' title='bbox 3878 3366 4069 3432; x_wconf 71' lang='grc' dir='ltr'>εὐφρο-</span> 
     </span>
    </p>
   </div>
   <div class='ocr_carea' id='block_1_72' title="bbox 2500 3455 4068 3526">
    <p class='ocr_par' dir='ltr' id='par_1_72' title="bbox 2500 3455 4068 3526">
     <span class='ocr_line' id='line_1_72' title="bbox 2500 3455 4068 3526; baseline -0.004 -18"><span class='ocrx_word' id='word_1_508' title='bbox 2500 3457 2687 3518; x_wconf 80' lang='grc' dir='ltr'>σύναις</span> <span class='ocrx_word' id='word_1_509' title='bbox 2736 3457 3149 3526; x_wconf 79' lang='grc' dir='ltr'>ἀνεστρέφοντο,</span> <span class='ocrx_word' id='word_1_510' title='bbox 3208 3455 3543 3523; x_wconf 76' lang='grc' dir='ltr'>φιλοφρόνως</span> <span class='ocrx_word' id='word_1_511' title='bbox 3574 3455 3679 3505; x_wconf 80' lang='grc' dir='ltr'><strong>τῶν</strong></span> <span class='ocrx_word' id='word_1_512' title='bbox 3723 3456 3778 3504; x_wconf 84' lang='grc' dir='ltr'><strong>ἐν</strong></span> <span class='ocrx_word' id='word_1_513' title='bbox 3812 3458 3878 3521; x_wconf 83' lang='grc' dir='ltr'>τῇ</span> <span class='ocrx_word' id='word_1_514' title='bbox 3926 3456 4068 3504; x_wconf 72' lang='grc' dir='ltr'>πόλει</span> 
     </span>
    </p>
   </div>
   <div class='ocr_carea' id='block_1_73' title="bbox 2498 3546 4067 3616">
    <p class='ocr_par' dir='ltr' id='par_1_73' title="bbox 2498 3546 4067 3616">
     <span class='ocr_line' id='line_1_73' title="bbox 2498 3546 4067 3616; baseline -0.003 -17"><span class='ocrx_word' id='word_1_515' title='bbox 2498 3548 2718 3610; x_wconf 88' lang='grc' dir='ltr'>τούτους</span> <span class='ocrx_word' id='word_1_516' title='bbox 2778 3547 3184 3616; x_wconf 78' lang='grc' dir='ltr'>δεξιωσαμένων</span> <span class='ocrx_word' id='word_1_517' title='bbox 3241 3547 3331 3597; x_wconf 73' lang='grc' dir='ltr'><strong>καὶ</strong></span> <span class='ocrx_word' id='word_1_518' title='bbox 3389 3547 3555 3615; x_wconf 82' lang='grc' dir='ltr'>μηδὲν</span> <span class='ocrx_word' id='word_1_519' title='bbox 3598 3546 3704 3595; x_wconf 81' lang='grc' dir='ltr'>τῶν</span> <span class='ocrx_word' id='word_1_520' title='bbox 3747 3547 3826 3605; x_wconf 81' lang='grc' dir='ltr'><strong>είς</strong></span> <span class='ocrx_word' id='word_1_521' title='bbox 3867 3547 4067 3612; x_wconf 46' lang='grc' dir='ltr'>αὐτάρ.</span> 
     </span>
    </p>
   </div>
   <div class='ocr_carea' id='block_1_74' title="bbox 2501 3637 4069 3704">
    <p class='ocr_par' dir='ltr' id='par_1_74' title="bbox 2501 3637 4069 3704">
     <span class='ocr_line' id='line_1_74' title="bbox 2501 3637 4069 3704; baseline -0.003 -15"><span class='ocrx_word' id='word_1_522' title='bbox 2501 3656 2654 3689; x_wconf 84' lang='grc' dir='ltr'>κειαν</span> <span class='ocrx_word' id='word_1_523' title='bbox 2711 3640 2897 3698; x_wconf 85' lang='grc' dir='ltr'>αὐτοῖς</span> <span class='ocrx_word' id='word_1_524' title='bbox 2951 3637 3346 3690; x_wconf 86' lang='grc' dir='ltr'>συντελούντων</span> <span class='ocrx_word' id='word_1_525' title='bbox 3412 3637 3917 3704; x_wconf 75' lang='grc' dir='ltr'>παραλελοιπότων.</span> <span class='ocrx_word' id='word_1_526' title='bbox 3968 3640 4069 3687; x_wconf 63' lang='grc' dir='ltr'>Καῖ</span> 
     </span>
    </p>
   </div>
   <div class='ocr_carea' id='block_1_75' title="bbox 2499 3728 4071 3800">
    <p class='ocr_par' dir='ltr' id='par_1_75' title="bbox 2499 3728 4071 3800">
     <span class='ocr_line' id='line_1_75' title="bbox 2499 3728 4071 3800; baseline -0.002 -18"><span class='ocrx_word' id='word_1_527' title='bbox 2499 3733 2547 3782; x_wconf 82' lang='grc' dir='ltr'><strong>οἱ</strong></span> <span class='ocrx_word' id='word_1_528' title='bbox 2592 3730 2994 3800; x_wconf 81' lang='grc' dir='ltr'>Ἠρακλειῶται</span> <span class='ocrx_word' id='word_1_529' title='bbox 3025 3730 3118 3781; x_wconf 89' lang='grc' dir='ltr'><strong>τὸν</strong></span> <span class='ocrx_word' id='word_1_530' title='bbox 3155 3728 3443 3798; x_wconf 81' lang='grc' dir='ltr'>εἰρημένον</span> <span class='ocrx_word' id='word_1_531' title='bbox 3486 3730 3682 3799; x_wconf 81' lang='grc' dir='ltr'>τρόπον</span> <span class='ocrx_word' id='word_1_532' title='bbox 3712 3730 3809 3797; x_wconf 77' lang='grc' dir='ltr'>τῆς</span> <span class='ocrx_word' id='word_1_533' title='bbox 3840 3728 4071 3787; x_wconf 71' lang='grc' dir='ltr'>παλαιᾶς</span> 
     </span>
    </p>
   </div>
   <div class='ocr_carea' id='block_1_76' title="bbox 2503 3820 3785 3889">
    <p class='ocr_par' dir='ltr' id='par_1_76' title="bbox 2503 3820 3785 3889">
     <span class='ocr_line' id='line_1_76' title="bbox 2503 3820 3785 3889; baseline -0.001 -17"><span class='ocrx_word' id='word_1_534' title='bbox 2503 3822 2783 3888; x_wconf 82' lang='grc' dir='ltr'>εὐγενείας</span> <span class='ocrx_word' id='word_1_535' title='bbox 2812 3838 2870 3872; x_wconf 91' lang='grc' dir='ltr'><strong>τε</strong></span> <span class='ocrx_word' id='word_1_536' title='bbox 2892 3822 2986 3873; x_wconf 79' lang='grc' dir='ltr'>καὶ</span> <span class='ocrx_word' id='word_1_537' title='bbox 3022 3820 3297 3881; x_wconf 80' lang='grc' dir='ltr'>πολιτείας</span> <span class='ocrx_word' id='word_1_538' title='bbox 3329 3820 3785 3889; x_wconf 75' lang='grc' dir='ltr'>ἐπελαμϐάνοντο.</span> 
     </span>
    </p>
   </div>
   <div class='ocr_carea' id='block_1_77' title="bbox 1285 3948 3597 4022">
    <p class='ocr_par' dir='ltr' id='par_1_77' title="bbox 1285 3948 3597 4022">
     <span class='ocr_line' id='line_1_77' title="bbox 1285 3948 3597 4022; baseline 0.002 -18"><span class='ocrx_word' id='word_1_539' title='bbox 1285 3948 1415 4004; x_wconf 77' lang='lat' dir='ltr'><strong>CAP.</strong></span> <span class='ocrx_word' id='word_1_540' title='bbox 1447 3948 1584 4004; x_wconf 77' lang='lat' dir='ltr'><strong>Xlll.</strong></span> <span class='ocrx_word' id='word_1_541' title='bbox 1612 3980 1681 3989; x_wconf 90' lang='lat'><strong><em>—</em></strong></span> <span class='ocrx_word' id='word_1_542' title='bbox 1709 3952 1953 4005; x_wconf 77' lang='lat' dir='ltr'><strong>Seleucus</strong></span> <span class='ocrx_word' id='word_1_543' title='bbox 1980 3954 2032 4005; x_wconf 88' lang='lat' dir='ltr'><strong>in</strong></span> <span class='ocrx_word' id='word_1_544' title='bbox 2057 3956 2380 4022; x_wconf 76' lang='lat' dir='ltr'><strong>expeditione</strong></span> <span class='ocrx_word' id='word_1_545' title='bbox 2407 3956 2744 4009; x_wconf 83' lang='lat' dir='ltr'><strong>Macedonica</strong></span> <span class='ocrx_word' id='word_1_546' title='bbox 2777 3974 2807 4007; x_wconf 92' lang='lat' dir='ltr'><strong>a</strong></span> <span class='ocrx_word' id='word_1_547' title='bbox 2848 3955 2983 4008; x_wconf 86' lang='lat' dir='ltr'><strong>Ptol.</strong></span> <span class='ocrx_word' id='word_1_548' title='bbox 3012 3954 3252 4008; x_wconf 84' lang='lat' dir='ltr'><strong>Cerauno</strong></span> <span class='ocrx_word' id='word_1_549' title='bbox 3279 3956 3597 4009; x_wconf 86' lang='lat' dir='ltr'><strong>trucidatur.</strong></span> 
     </span>
    </p>
   </div>
   <div class='ocr_carea' id='block_1_78' title="bbox 896 4062 2395 4132">
    <p class='ocr_par' dir='ltr' id='par_1_78' title="bbox 896 4062 2395 4132">
     <span class='ocr_line' id='line_1_78' title="bbox 896 4062 2395 4132; baseline 0 -15"><span class='ocrx_word' id='word_1_550' title='bbox 896 4065 964 4117; x_wconf 82' lang='lat' dir='ltr'><strong>At</strong></span> <span class='ocrx_word' id='word_1_551' title='bbox 1015 4062 1296 4127; x_wconf 86' lang='lat' dir='ltr'><strong>Seleucus,</strong></span> <span class='ocrx_word' id='word_1_552' title='bbox 1336 4076 1587 4115; x_wconf 85' lang='lat' dir='ltr'><strong>successu</strong></span> <span class='ocrx_word' id='word_1_553' title='bbox 1642 4072 1830 4115; x_wconf 89' lang='lat' dir='ltr'><strong>contra</strong></span> <span class='ocrx_word' id='word_1_554' title='bbox 1871 4063 2253 4132; x_wconf 85' lang='lat' dir='ltr'><strong>Lysimachum</strong></span> <span class='ocrx_word' id='word_1_555' title='bbox 2284 4065 2395 4118; x_wconf 89' lang='lat' dir='ltr'><strong>ela-</strong></span> 
     </span>
    </p>
   </div>
   <div class='ocr_carea' id='block_1_79' title="bbox 828 4154 2395 4227">
    <p class='ocr_par' dir='ltr' id='par_1_79' title="bbox 828 4154 2395 4227">
     <span class='ocr_line' id='line_1_79' title="bbox 828 4154 2395 4227; baseline 0.002 -18"><span class='ocrx_word' id='word_1_556' title='bbox 828 4167 931 4219; x_wconf 89' lang='lat' dir='ltr'><strong>tus,</strong></span> <span class='ocrx_word' id='word_1_557' title='bbox 970 4156 1255 4209; x_wconf 85' lang='lat' dir='ltr'><strong>transitum</strong></span> <span class='ocrx_word' id='word_1_558' title='bbox 1310 4155 1362 4207; x_wconf 93' lang='lat' dir='ltr'><strong>in</strong></span> <span class='ocrx_word' id='word_1_559' title='bbox 1418 4154 1786 4209; x_wconf 85' lang='lat' dir='ltr'><strong>Macedoniam</strong></span> <span class='ocrx_word' id='word_1_560' title='bbox 1842 4158 2075 4211; x_wconf 90' lang='lat' dir='ltr'><strong>instituit</strong></span> <span class='ocrx_word' id='word_1_561' title='bbox 2133 4158 2395 4227; x_wconf 91' lang='lat' dir='ltr'><strong>(impulit</strong></span> 
     </span>
    </p>
   </div>
   <div class='ocr_carea' id='block_1_80' title="bbox 826 4244 2388 4313">
    <p class='ocr_par' dir='ltr' id='par_1_80' title="bbox 826 4244 2388 4313">
     <span class='ocr_line' id='line_1_80' title="bbox 826 4244 2388 4313; baseline 0.001 -14"><span class='ocrx_word' id='word_1_562' title='bbox 826 4248 968 4299; x_wconf 91' lang='lat' dir='ltr'><strong>enim</strong></span> <span class='ocrx_word' id='word_1_563' title='bbox 1009 4261 1161 4297; x_wconf 90' lang='lat' dir='ltr'><strong>amor</strong></span> <span class='ocrx_word' id='word_1_564' title='bbox 1220 4244 1428 4311; x_wconf 66' lang='lat' dir='ltr'><strong>patriae,</strong></span> <span class='ocrx_word' id='word_1_565' title='bbox 1476 4260 1540 4297; x_wconf 78' lang='lat' dir='ltr'><strong>ex</strong></span> <span class='ocrx_word' id='word_1_566' title='bbox 1606 4262 1709 4313; x_wconf 87' lang='lat' dir='ltr'><strong>qna</strong></span> <span class='ocrx_word' id='word_1_567' title='bbox 1740 4248 1878 4312; x_wconf 77' lang='lat' dir='ltr'><strong>[cum</strong></span> <span class='ocrx_word' id='word_1_568' title='bbox 1913 4246 2217 4299; x_wconf 83' lang='lat' dir='ltr'><strong>Alexandro</strong></span> <span class='ocrx_word' id='word_1_569' title='bbox 2252 4249 2388 4301; x_wconf 90' lang='lat' dir='ltr'><strong>mili-</strong></span> 
     </span>
    </p>
   </div>
   <div class='ocr_carea' id='block_1_81' title="bbox 826 4335 2389 4412">
    <p class='ocr_par' dir='ltr' id='par_1_81' title="bbox 826 4335 2389 4412">
     <span class='ocr_line' id='line_1_81' title="bbox 826 4335 2389 4412; baseline 0.001 -22"><span class='ocrx_word' id='word_1_570' title='bbox 826 4349 991 4390; x_wconf 87' lang='lat' dir='ltr'><strong>tatum</strong></span> <span class='ocrx_word' id='word_1_571' title='bbox 1023 4339 1193 4390; x_wconf 88' lang='lat' dir='ltr'><strong>iverat</strong></span> <span class='ocrx_word' id='word_1_572' title='bbox 1218 4336 1259 4412; x_wconf 65' lang='lat'><strong>),</strong></span> <span class='ocrx_word' id='word_1_573' title='bbox 1302 4335 1481 4403; x_wconf 83' lang='lat' dir='ltr'><strong>ibique</strong></span> <span class='ocrx_word' id='word_1_574' title='bbox 1518 4337 1776 4405; x_wconf 88' lang='lat' dir='ltr'><strong>reliquum</strong></span> <span class='ocrx_word' id='word_1_575' title='bbox 1834 4339 1955 4390; x_wconf 61' lang='lat' dir='ltr'><strong>vita}</strong></span> <span class='ocrx_word' id='word_1_576' title='bbox 1990 4349 2197 4406; x_wconf 90' lang='lat' dir='ltr'><strong>tempus</strong></span> <span class='ocrx_word' id='word_1_577' title='bbox 2223 4340 2389 4392; x_wconf 85' lang='lat' dir='ltr'><strong>conﬁ-</strong></span> 
     </span>
    </p>
   </div>
   <div class='ocr_carea' id='block_1_82' title="bbox 823 4426 2385 4494">
    <p class='ocr_par' dir='ltr' id='par_1_82' title="bbox 823 4426 2385 4494">
     <span class='ocr_line' id='line_1_82' title="bbox 823 4426 2385 4494; baseline 0.003 -17"><span class='ocrx_word' id='word_1_578' title='bbox 823 4443 948 4481; x_wconf 77' lang='lat' dir='ltr'><strong>cere</strong></span> <span class='ocrx_word' id='word_1_579' title='bbox 995 4427 1273 4480; x_wconf 83' lang='lat' dir='ltr'><strong>destinatis</strong></span> <span class='ocrx_word' id='word_1_580' title='bbox 1318 4426 1465 4493; x_wconf 88' lang='lat' dir='ltr'><strong>(nam</strong></span> <span class='ocrx_word' id='word_1_581' title='bbox 1504 4426 1657 4479; x_wconf 89' lang='lat' dir='ltr'><strong>senio</strong></span> <span class='ocrx_word' id='word_1_582' title='bbox 1692 4426 1968 4480; x_wconf 87' lang='lat' dir='ltr'><strong>confectus</strong></span> <span class='ocrx_word' id='word_1_583' title='bbox 2004 4428 2164 4494; x_wconf 84' lang='lat' dir='ltr'><strong>erat),</strong></span> <span class='ocrx_word' id='word_1_584' title='bbox 2204 4429 2385 4481; x_wconf 84' lang='lat' dir='ltr'><strong>Asiam</strong></span> 
     </span>
    </p>
   </div>
   <div class='ocr_carea' id='block_1_83' title="bbox 822 4515 2389 4587">
    <p class='ocr_par' dir='ltr' id='par_1_83' title="bbox 822 4515 2389 4587">
     <span class='ocr_line' id='line_1_83' title="bbox 822 4515 2389 4587; baseline 0.003 -19"><span class='ocrx_word' id='word_1_585' title='bbox 822 4518 1018 4587; x_wconf 74' lang='lat' dir='ltr'><strong>226i)</strong></span> <span class='ocrx_word' id='word_1_586' title='bbox 1071 4516 1179 4569; x_wconf 86' lang='lat' dir='ltr'><strong>filio</strong></span> <span class='ocrx_word' id='word_1_587' title='bbox 1226 4516 1496 4585; x_wconf 80' lang='lat' dir='ltr'><strong>Antigono</strong></span> <span class='ocrx_word' id='word_1_588' title='bbox 1573 4515 1994 4570; x_wconf 89' lang='lat' dir='ltr'><strong>commendavit.</strong></span> <span class='ocrx_word' id='word_1_589' title='bbox 2066 4516 2389 4573; x_wconf 63' lang='lat' dir='ltr'><strong>Ptolemalus</strong></span> 
     </span>
    </p>
   </div>
   <div class='ocr_carea' id='block_1_84' title="bbox 824 4607 2389 4677">
    <p class='ocr_par' dir='ltr' id='par_1_84' title="bbox 824 4607 2389 4677">
     <span class='ocr_line' id='line_1_84' title="bbox 824 4607 2389 4677; baseline 0.001 -16"><span class='ocrx_word' id='word_1_590' title='bbox 824 4621 999 4661; x_wconf 85' lang='lat' dir='ltr'><strong>autem</strong></span> <span class='ocrx_word' id='word_1_591' title='bbox 1057 4607 1357 4669; x_wconf 81' lang='lat' dir='ltr'><strong>Ceraunus,</strong></span> <span class='ocrx_word' id='word_1_592' title='bbox 1408 4607 1711 4674; x_wconf 88' lang='lat' dir='ltr'><strong>Lysimachi</strong></span> <span class='ocrx_word' id='word_1_593' title='bbox 1764 4624 1929 4677; x_wconf 82' lang='lat' dir='ltr'><strong>regno</strong></span> <span class='ocrx_word' id='word_1_594' title='bbox 1979 4610 2077 4663; x_wconf 91' lang='lat' dir='ltr'><strong>sub</strong></span> <span class='ocrx_word' id='word_1_595' title='bbox 2107 4611 2389 4663; x_wconf 84' lang='lat' dir='ltr'><strong>arbitrium</strong></span> 
     </span>
    </p>
   </div>
   <div class='ocr_carea' id='block_1_85' title="bbox 825 4700 2389 4766">
    <p class='ocr_par' dir='ltr' id='par_1_85' title="bbox 825 4700 2389 4766">
     <span class='ocr_line' id='line_1_85' title="bbox 825 4700 2389 4766; baseline 0 -13"><span class='ocrx_word' id='word_1_596' title='bbox 825 4700 1033 4753; x_wconf 83' lang='lat' dir='ltr'><strong>Seleuci</strong></span> <span class='ocrx_word' id='word_1_597' title='bbox 1092 4702 1327 4760; x_wconf 83' lang='lat' dir='ltr'><strong>redacto,</strong></span> <span class='ocrx_word' id='word_1_598' title='bbox 1381 4708 1436 4752; x_wconf 91' lang='lat' dir='ltr'><strong>et</strong></span> <span class='ocrx_word' id='word_1_599' title='bbox 1476 4700 1588 4766; x_wconf 90' lang='lat' dir='ltr'><strong>ipse</strong></span> <span class='ocrx_word' id='word_1_600' title='bbox 1626 4701 1725 4753; x_wconf 90' lang='lat' dir='ltr'><strong>sub</strong></span> <span class='ocrx_word' id='word_1_601' title='bbox 1761 4716 1826 4754; x_wconf 89' lang='lat' dir='ltr'><strong>eo</strong></span> <span class='ocrx_word' id='word_1_602' title='bbox 1876 4701 2130 4756; x_wconf 87' lang='lat' dir='ltr'><strong>vivebat:</strong></span> <span class='ocrx_word' id='word_1_603' title='bbox 2166 4717 2267 4755; x_wconf 89' lang='lat' dir='ltr'><strong>nec</strong></span> <span class='ocrx_word' id='word_1_604' title='bbox 2307 4711 2389 4754; x_wconf 83' lang='lat' dir='ltr'><strong>ta-</strong></span> 
     </span>
    </p>
   </div>
   <div class='ocr_carea' id='block_1_86' title="bbox 824 4789 2387 4861">
    <p class='ocr_par' dir='ltr' id='par_1_86' title="bbox 824 4789 2387 4861">
     <span class='ocr_line' id='line_1_86' title="bbox 824 4789 2387 4861; baseline 0 -18"><span class='ocrx_word' id='word_1_605' title='bbox 824 4807 966 4855; x_wconf 89' lang='lat' dir='ltr'><strong>men,</strong></span> <span class='ocrx_word' id='word_1_606' title='bbox 1028 4805 1122 4844; x_wconf 91' lang='lat' dir='ltr'><strong>ceu</strong></span> <span class='ocrx_word' id='word_1_607' title='bbox 1176 4790 1373 4856; x_wconf 84' lang='lat' dir='ltr'><strong>captivi</strong></span> <span class='ocrx_word' id='word_1_608' title='bbox 1414 4789 1553 4853; x_wconf 90' lang='lat' dir='ltr'><strong>loco,</strong></span> <span class='ocrx_word' id='word_1_609' title='bbox 1602 4792 1908 4857; x_wconf 79' lang='lat' dir='ltr'><strong>neglectim,</strong></span> <span class='ocrx_word' id='word_1_610' title='bbox 1964 4792 2058 4846; x_wconf 89' lang='lat' dir='ltr'><strong>sed</strong></span> <span class='ocrx_word' id='word_1_611' title='bbox 2116 4802 2173 4846; x_wconf 93' lang='lat' dir='ltr'><strong>ut</strong></span> <span class='ocrx_word' id='word_1_612' title='bbox 2245 4793 2387 4861; x_wconf 83' lang='lat' dir='ltr'><strong>regia</strong></span> 
     </span>
    </p>
   </div>
   <div class='ocr_carea' id='block_1_87' title="bbox 822 4879 2391 4945">
    <p class='ocr_par' dir='ltr' id='par_1_87' title="bbox 822 4879 2391 4945">
     <span class='ocr_line' id='line_1_87' title="bbox 822 4879 2391 4945; baseline 0.004 -16"><span class='ocrx_word' id='word_1_613' title='bbox 822 4880 1055 4944; x_wconf 88' lang='lat' dir='ltr'><strong>soboles,</strong></span> <span class='ocrx_word' id='word_1_614' title='bbox 1091 4880 1143 4931; x_wconf 91' lang='lat' dir='ltr'><strong>in</strong></span> <span class='ocrx_word' id='word_1_615' title='bbox 1176 4879 1380 4934; x_wconf 85' lang='lat' dir='ltr'><strong>honore</strong></span> <span class='ocrx_word' id='word_1_616' title='bbox 1410 4890 1463 4933; x_wconf 89' lang='lat' dir='ltr'><strong>et</strong></span> <span class='ocrx_word' id='word_1_617' title='bbox 1496 4884 1840 4935; x_wconf 89' lang='lat' dir='ltr'><strong>accuratione</strong></span> <span class='ocrx_word' id='word_1_618' title='bbox 1876 4882 2107 4945; x_wconf 77' lang='lat' dir='ltr'><strong>habitus,</strong></span> <span class='ocrx_word' id='word_1_619' title='bbox 2144 4884 2253 4937; x_wconf 92' lang='lat' dir='ltr'><strong>imo</strong></span> <span class='ocrx_word' id='word_1_620' title='bbox 2280 4900 2391 4935; x_wconf 86' lang='lat' dir='ltr'><strong>ma-</strong></span> 
     </span>
    </p>
   </div>
   <div class='ocr_carea' id='block_1_88' title="bbox 822 4968 2396 5036">
    <p class='ocr_par' dir='ltr' id='par_1_88' title="bbox 822 4968 2396 5036">
     <span class='ocr_line' id='line_1_88' title="bbox 822 4968 2396 5036; baseline 0.004 -19"><span class='ocrx_word' id='word_1_621' title='bbox 822 4968 1033 5035; x_wconf 83' lang='lat' dir='ltr'><strong>gnificis</strong></span> <span class='ocrx_word' id='word_1_622' title='bbox 1081 4969 1242 5020; x_wconf 91' lang='lat' dir='ltr'><strong>etiam</strong></span> <span class='ocrx_word' id='word_1_623' title='bbox 1278 4969 1559 5036; x_wconf 90' lang='lat' dir='ltr'><strong>promissis</strong></span> <span class='ocrx_word' id='word_1_624' title='bbox 1588 4982 1815 5025; x_wconf 91' lang='lat' dir='ltr'><strong>ornatus</strong></span> <span class='ocrx_word' id='word_1_625' title='bbox 1844 4988 1871 5024; x_wconf 90' lang='lat' dir='ltr'><strong>a</strong></span> <span class='ocrx_word' id='word_1_626' title='bbox 1902 4971 2148 5036; x_wconf 89' lang='lat' dir='ltr'><strong>Seleuco,</strong></span> <span class='ocrx_word' id='word_1_627' title='bbox 2190 4973 2305 5027; x_wconf 86' lang='lat' dir='ltr'><strong>fore</strong></span> <span class='ocrx_word' id='word_1_628' title='bbox 2340 4985 2396 5024; x_wconf 92' lang='lat' dir='ltr'><strong>ut</strong></span> 
     </span>
    </p>
   </div>
   <div class='ocr_carea' id='block_1_89' title="bbox 822 5058 2393 5131">
    <p class='ocr_par' dir='ltr' id='par_1_89' title="bbox 822 5058 2393 5131">
     <span class='ocr_line' id='line_1_89' title="bbox 822 5058 2393 5131; baseline 0.004 -21"><span class='ocrx_word' id='word_1_629' title='bbox 822 5058 1074 5110; x_wconf 84' lang='lat' dir='ltr'><strong>defuncto</strong></span> <span class='ocrx_word' id='word_1_630' title='bbox 1116 5070 1335 5126; x_wconf 89' lang='lat' dir='ltr'><strong>parente</strong></span> <span class='ocrx_word' id='word_1_631' title='bbox 1370 5059 1419 5111; x_wconf 95' lang='lat' dir='ltr'><strong>in</strong></span> <span class='ocrx_word' id='word_1_632' title='bbox 1455 5070 1735 5127; x_wconf 88' lang='lat' dir='ltr'><strong>paternum</strong></span> <span class='ocrx_word' id='word_1_633' title='bbox 1768 5060 1988 5131; x_wconf 62' lang='lat' dir='ltr'><strong>lEgypti</strong></span> <span class='ocrx_word' id='word_1_634' title='bbox 2023 5077 2245 5130; x_wconf 84' lang='lat' dir='ltr'><strong>regnum</strong></span> <span class='ocrx_word' id='word_1_635' title='bbox 2296 5063 2393 5116; x_wconf 85' lang='lat' dir='ltr'><strong>de-</strong></span> 
     </span>
    </p>
   </div>
   <div class='ocr_carea' id='block_1_90' title="bbox 821 5148 2390 5210">
    <p class='ocr_par' dir='ltr' id='par_1_90' title="bbox 821 5148 2390 5210">
     <span class='ocr_line' id='line_1_90' title="bbox 821 5148 2390 5210; baseline 0.008 -13"><span class='ocrx_word' id='word_1_636' title='bbox 821 5148 1127 5202; x_wconf 89' lang='lat' dir='ltr'><strong>duceretur.</strong></span> <span class='ocrx_word' id='word_1_637' title='bbox 1194 5148 1267 5201; x_wconf 89' lang='lat' dir='ltr'><strong>lta</strong></span> <span class='ocrx_word' id='word_1_638' title='bbox 1317 5162 1445 5203; x_wconf 88' lang='lat' dir='ltr'><strong>sane</strong></span> <span class='ocrx_word' id='word_1_639' title='bbox 1502 5151 1801 5205; x_wconf 88' lang='lat' dir='ltr'><strong>liberaliter</strong></span> <span class='ocrx_word' id='word_1_640' title='bbox 1851 5163 1906 5206; x_wconf 91' lang='lat' dir='ltr'><strong>et</strong></span> <span class='ocrx_word' id='word_1_641' title='bbox 1953 5153 2248 5210; x_wconf 86' lang='lat' dir='ltr'><strong>honorifice</strong></span> <span class='ocrx_word' id='word_1_642' title='bbox 2303 5157 2390 5209; x_wconf 91' lang='lat' dir='ltr'><strong>ille</strong></span> 
     </span>
    </p>
   </div>
   <div class='ocr_carea' id='block_1_91' title="bbox 822 5239 2389 5313">
    <p class='ocr_par' dir='ltr' id='par_1_91' title="bbox 822 5239 2389 5313">
     <span class='ocr_line' id='line_1_91' title="bbox 822 5239 2389 5313; baseline 0.01 -25"><span class='ocrx_word' id='word_1_643' title='bbox 822 5239 1169 5292; x_wconf 89' lang='lat' dir='ltr'><strong>tractabatur.</strong></span> <span class='ocrx_word' id='word_1_644' title='bbox 1223 5242 1292 5292; x_wconf 87' lang='lat' dir='ltr'><strong>At</strong></span> <span class='ocrx_word' id='word_1_645' title='bbox 1338 5241 1606 5294; x_wconf 88' lang='lat' dir='ltr'><strong>hominem</strong></span> <span class='ocrx_word' id='word_1_646' title='bbox 1654 5244 1958 5313; x_wconf 90' lang='lat' dir='ltr'><strong>improbum</strong></span> <span class='ocrx_word' id='word_1_647' title='bbox 2015 5247 2153 5301; x_wconf 86' lang='lat' dir='ltr'><strong>bene</strong></span> <span class='ocrx_word' id='word_1_648' title='bbox 2197 5250 2389 5303; x_wconf 87' lang='lat' dir='ltr'><strong>merita</strong></span> 
     </span>
    </p>
   </div>
   <div class='ocr_carea' id='block_1_92' title="bbox 821 5329 2390 5394">
    <p class='ocr_par' dir='ltr' id='par_1_92' title="bbox 821 5329 2390 5394">
     <span class='ocr_line' id='line_1_92' title="bbox 821 5329 2390 5394; baseline 0.008 -13"><span class='ocrx_word' id='word_1_649' title='bbox 821 5329 991 5383; x_wconf 86' lang='lat' dir='ltr'><strong>nihilo</strong></span> <span class='ocrx_word' id='word_1_650' title='bbox 1026 5332 1303 5384; x_wconf 89' lang='lat' dir='ltr'><strong>meliorem</strong></span> <span class='ocrx_word' id='word_1_651' title='bbox 1339 5332 1534 5385; x_wconf 87' lang='lat' dir='ltr'><strong>fecere.</strong></span> <span class='ocrx_word' id='word_1_652' title='bbox 1567 5334 1703 5386; x_wconf 88' lang='lat' dir='ltr'><strong>Nam</strong></span> <span class='ocrx_word' id='word_1_653' title='bbox 1744 5334 2148 5391; x_wconf 85' lang='lat' dir='ltr'><strong>benefactorem</strong></span> <span class='ocrx_word' id='word_1_654' title='bbox 2180 5339 2390 5394; x_wconf 90' lang='lat' dir='ltr'><strong>insidiis</strong></span> 
     </span>
    </p>
   </div>
   <div class='ocr_carea' id='block_1_93' title="bbox 820 5424 2390 5499">
    <p class='ocr_par' dir='ltr' id='par_1_93' title="bbox 820 5424 2390 5499">
     <span class='ocr_line' id='line_1_93' title="bbox 820 5424 2390 5499; baseline 0.006 -25"><span class='ocrx_word' id='word_1_655' title='bbox 820 5436 1135 5491; x_wconf 89' lang='lat' dir='ltr'><strong>oppressum</strong></span> <span class='ocrx_word' id='word_1_656' title='bbox 1164 5424 1419 5487; x_wconf 83' lang='lat' dir='ltr'><strong>trucidat,</strong></span> <span class='ocrx_word' id='word_1_657' title='bbox 1453 5436 1507 5479; x_wconf 87' lang='lat' dir='ltr'><strong>et</strong></span> <span class='ocrx_word' id='word_1_658' title='bbox 1536 5427 1658 5493; x_wconf 83' lang='lat' dir='ltr'><strong>equi</strong></span> <span class='ocrx_word' id='word_1_659' title='bbox 1697 5443 1861 5483; x_wconf 89' lang='lat' dir='ltr'><strong>cursu</strong></span> <span class='ocrx_word' id='word_1_660' title='bbox 1888 5430 2106 5497; x_wconf 80' lang='lat' dir='ltr'><strong>adjutus</strong></span> <span class='ocrx_word' id='word_1_661' title='bbox 2145 5428 2390 5499; x_wconf 82' lang='lat' dir='ltr'><strong>Lysima-</strong></span> 
     </span>
    </p>
   </div>
   <div class='ocr_carea' id='block_1_94' title="bbox 2564 4064 4071 4133">
    <p class='ocr_par' dir='ltr' id='par_1_94' title="bbox 2564 4064 4071 4133">
     <span class='ocr_line' id='line_1_94' title="bbox 2564 4064 4071 4133; baseline 0.003 -16"><span class='ocrx_word' id='word_1_662' title='bbox 2564 4068 2827 4128; x_wconf 85' lang='grc' dir='ltr'>Σέλευκος</span> <span class='ocrx_word' id='word_1_663' title='bbox 2870 4066 2927 4117; x_wconf 83' lang='grc' dir='ltr'>δὲ</span> <span class='ocrx_word' id='word_1_664' title='bbox 2980 4068 3094 4127; x_wconf 90' lang='grc' dir='ltr'>τοῖς</span> <span class='ocrx_word' id='word_1_665' title='bbox 3144 4064 3595 4133; x_wconf 79' lang='grc' dir='ltr'>κατωρθωμένοις</span> <span class='ocrx_word' id='word_1_666' title='bbox 3645 4065 3782 4115; x_wconf 78' lang='grc' dir='ltr'><strong>κατὰ</strong></span> <span class='ocrx_word' id='word_1_667' title='bbox 3819 4066 3864 4095; x_wconf 76' lang='grc'><strong>⁸³</strong></span> <span class='ocrx_word' id='word_1_668' title='bbox 3910 4070 4071 4121; x_wconf 66' lang='grc' dir='ltr'>Λυσι·</span> 
     </span>
    </p>
   </div>
   <div class='ocr_carea' id='block_1_95' title="bbox 2495 4155 4068 4227">
    <p class='ocr_par' dir='ltr' id='par_1_95' title="bbox 2495 4155 4068 4227">
     <span class='ocr_line' id='line_1_95' title="bbox 2495 4155 4068 4227; baseline 0 -18"><span class='ocrx_word' id='word_1_669' title='bbox 2495 4158 2668 4227; x_wconf 72' lang='grc' dir='ltr'>μάχου</span> <span class='ocrx_word' id='word_1_670' title='bbox 2702 4156 2983 4226; x_wconf 79' lang='grc' dir='ltr'>ἐπαρθεὶς,</span> <span class='ocrx_word' id='word_1_671' title='bbox 3010 4158 3089 4219; x_wconf 83' lang='grc' dir='ltr'><strong>είς</strong></span> <span class='ocrx_word' id='word_1_672' title='bbox 3137 4155 3236 4224; x_wconf 85' lang='grc' dir='ltr'>τὴν</span> <span class='ocrx_word' id='word_1_673' title='bbox 3270 4156 3607 4207; x_wconf 87' lang='grc' dir='ltr'>Μακεδονίαν</span> <span class='ocrx_word' id='word_1_674' title='bbox 3636 4156 3931 4209; x_wconf 76' lang='grc' dir='ltr'>διαϐαίνειν</span> <span class='ocrx_word' id='word_1_675' title='bbox 3963 4164 4068 4227; x_wconf 74' lang='grc' dir='ltr'><strong>ὧρ-</strong></span> 
     </span>
    </p>
   </div>
   <div class='ocr_carea' id='block_1_96' title="bbox 2495 4242 4073 4317">
    <p class='ocr_par' dir='ltr' id='par_1_96' title="bbox 2495 4242 4073 4317">
     <span class='ocr_line' id='line_1_96' title="bbox 2495 4242 4073 4317; baseline 0.001 -19"><span class='ocrx_word' id='word_1_676' title='bbox 2495 4266 2652 4317; x_wconf 86' lang='grc' dir='ltr'>μητο,</span> <span class='ocrx_word' id='word_1_677' title='bbox 2708 4249 2871 4300; x_wconf 84' lang='grc' dir='ltr'>πόθον</span> <span class='ocrx_word' id='word_1_678' title='bbox 2902 4249 3039 4317; x_wconf 76' lang='grc' dir='ltr'>ἔχων</span> <span class='ocrx_word' id='word_1_679' title='bbox 3078 4248 3176 4314; x_wconf 82' lang='grc' dir='ltr'>τῆς</span> <span class='ocrx_word' id='word_1_680' title='bbox 3221 4246 3495 4314; x_wconf 84' lang='grc' dir='ltr'>πατρίδος,</span> <span class='ocrx_word' id='word_1_681' title='bbox 3542 4247 3598 4309; x_wconf 76' lang='grc' dir='ltr'>ἐξ</span> <span class='ocrx_word' id='word_1_682' title='bbox 3654 4242 3717 4315; x_wconf 81' lang='grc' dir='ltr'>ἦς</span> <span class='ocrx_word' id='word_1_683' title='bbox 3751 4250 3849 4298; x_wconf 71' lang='grc' dir='ltr'><strong>σὺν</strong></span> <span class='ocrx_word' id='word_1_684' title='bbox 3894 4250 4073 4312; x_wconf 74' lang='grc' dir='ltr'>Ἀλεξ-</span> 
     </span>
    </p>
   </div>
   <div class='ocr_carea' id='block_1_97' title="bbox 2490 4337 4068 4408">
    <p class='ocr_par' dir='ltr' id='par_1_97' title="bbox 2490 4337 4068 4408">
     <span class='ocr_line' id='line_1_97' title="bbox 2490 4337 4068 4408; baseline -0.001 -18"><span class='ocrx_word' id='word_1_685' title='bbox 2490 4340 2667 4408; x_wconf 87' lang='grc' dir='ltr'>άνδρῳ</span> <span class='ocrx_word' id='word_1_686' title='bbox 2715 4339 3062 4408; x_wconf 80' lang='grc' dir='ltr'>ἐστράτευτο,</span> <span class='ocrx_word' id='word_1_687' title='bbox 3114 4339 3273 4389; x_wconf 86' lang='grc' dir='ltr'>κάκεῖ</span> <span class='ocrx_word' id='word_1_688' title='bbox 3332 4337 3425 4388; x_wconf 78' lang='grc' dir='ltr'>τοῦ</span> <span class='ocrx_word' id='word_1_689' title='bbox 3484 4337 3598 4405; x_wconf 75' lang='grc' dir='ltr'>βίου</span> <span class='ocrx_word' id='word_1_690' title='bbox 3645 4338 3704 4388; x_wconf 87' lang='grc' dir='ltr'><strong>τὸ</strong></span> <span class='ocrx_word' id='word_1_691' title='bbox 3762 4337 3951 4390; x_wconf 85' lang='grc' dir='ltr'>λεῖπον</span> <span class='ocrx_word' id='word_1_692' title='bbox 3991 4342 4068 4390; x_wconf 79' lang='grc' dir='ltr'>δι-</span> 
     </span>
    </p>
   </div>
   <div class='ocr_carea' id='block_1_98' title="bbox 2493 4427 4069 4498">
    <p class='ocr_par' dir='ltr' id='par_1_98' title="bbox 2493 4427 4069 4498">
     <span class='ocr_line' id='line_1_98' title="bbox 2493 4427 4069 4498; baseline -0.001 -17"><span class='ocrx_word' id='word_1_693' title='bbox 2493 4430 2689 4482; x_wconf 78' lang='grc' dir='ltr'>ανύσαι</span> <span class='ocrx_word' id='word_1_694' title='bbox 2747 4430 2971 4498; x_wconf 77' lang='grc' dir='ltr'>γηραιὸς</span> <span class='ocrx_word' id='word_1_695' title='bbox 3000 4430 3097 4498; x_wconf 73' lang='grc' dir='ltr'>ἤδη</span> <span class='ocrx_word' id='word_1_696' title='bbox 3128 4427 3202 4479; x_wconf 80' lang='grc' dir='ltr'>ὢν</span> <span class='ocrx_word' id='word_1_697' title='bbox 3252 4429 3651 4497; x_wconf 86' lang='grc' dir='ltr'>διανοούμενος,</span> <span class='ocrx_word' id='word_1_698' title='bbox 3677 4428 3773 4497; x_wconf 84' lang='grc' dir='ltr'>τὴν</span> <span class='ocrx_word' id='word_1_699' title='bbox 3797 4430 3854 4481; x_wconf 82' lang='grc' dir='ltr'><strong>δὲ</strong></span> <span class='ocrx_word' id='word_1_700' title='bbox 3886 4431 4069 4481; x_wconf 70' lang='grc' dir='ltr'>’Λσὲαν</span> 
     </span>
    </p>
   </div>
   <div class='ocr_carea' id='block_1_99' title="bbox 2498 4520 4069 4591">
    <p class='ocr_par' dir='ltr' id='par_1_99' title="bbox 2498 4520 4069 4591">
     <span class='ocr_line' id='line_1_99' title="bbox 2498 4520 4069 4591; baseline -0.001 -18"><span class='ocrx_word' id='word_1_701' title='bbox 2498 4523 2789 4591; x_wconf 84' lang='grc' dir='ltr'>Ἀντιγόνῳ</span> <span class='ocrx_word' id='word_1_702' title='bbox 2816 4522 2859 4551; x_wconf 63' lang='grc' dir='ltr'>δ’</span> <span class='ocrx_word' id='word_1_703' title='bbox 2894 4522 3233 4591; x_wconf 87' lang='grc' dir='ltr'>παραθέσθαι</span> <span class='ocrx_word' id='word_1_704' title='bbox 3264 4520 3341 4588; x_wconf 80' lang='grc' dir='ltr'><strong>τῷ</strong></span> <span class='ocrx_word' id='word_1_705' title='bbox 3391 4520 3561 4573; x_wconf 88' lang='grc' dir='ltr'>παιδί.</span> <span class='ocrx_word' id='word_1_706' title='bbox 3624 4521 3957 4588; x_wconf 83' lang='grc' dir='ltr'>Πτολεμαῖος</span> <span class='ocrx_word' id='word_1_707' title='bbox 4020 4522 4069 4573; x_wconf 70' lang='grc' dir='ltr'><strong>δὲ</strong></span> 
     </span>
    </p>
   </div>
   <div class='ocr_carea' id='block_1_100' title="bbox 2498 4610 4069 4681">
    <p class='ocr_par' dir='ltr' id='par_1_100' title="bbox 2498 4610 4069 4681">
     <span class='ocr_line' id='line_1_100' title="bbox 2498 4610 4069 4681; baseline -0.003 -17"><span class='ocrx_word' id='word_1_708' title='bbox 2498 4616 2525 4664; x_wconf 82' lang='grc' dir='ltr'>ὁ</span> <span class='ocrx_word' id='word_1_709' title='bbox 2549 4613 2847 4681; x_wconf 74' lang='grc' dir='ltr'>Κεραυνὸς,</span> <span class='ocrx_word' id='word_1_710' title='bbox 2876 4613 2981 4664; x_wconf 81' lang='grc' dir='ltr'><strong>τῶν</strong></span> <span class='ocrx_word' id='word_1_711' title='bbox 3002 4613 3318 4679; x_wconf 85' lang='grc' dir='ltr'>Λυσιμάχου</span> <span class='ocrx_word' id='word_1_712' title='bbox 3344 4612 3677 4679; x_wconf 79' lang='grc' dir='ltr'>πραγμάτων</span> <span class='ocrx_word' id='word_1_713' title='bbox 3698 4610 3804 4661; x_wconf 81' lang='grc' dir='ltr'>ὑπὸ</span> <span class='ocrx_word' id='word_1_714' title='bbox 3826 4612 4069 4677; x_wconf 60' lang='grc' dir='ltr'>Σελεύκῳ</span> 
     </span>
    </p>
   </div>
   <div class='ocr_carea' id='block_1_101' title="bbox 2498 4701 4065 4771">
    <p class='ocr_par' dir='ltr' id='par_1_101' title="bbox 2498 4701 4065 4771">
     <span class='ocr_line' id='line_1_101' title="bbox 2498 4701 4065 4771; baseline -0.003 -16"><span class='ocrx_word' id='word_1_715' title='bbox 2498 4705 2910 4771; x_wconf 72' lang='grc' dir='ltr'>γεγενημένων,</span> <span class='ocrx_word' id='word_1_716' title='bbox 2948 4703 3042 4754; x_wconf 77' lang='grc' dir='ltr'><strong>καὶ</strong></span> <span class='ocrx_word' id='word_1_717' title='bbox 3087 4702 3253 4763; x_wconf 83' lang='grc' dir='ltr'>αὐτὸς</span> <span class='ocrx_word' id='word_1_718' title='bbox 3297 4702 3387 4751; x_wconf 84' lang='grc' dir='ltr'>ὐπ’</span> <span class='ocrx_word' id='word_1_719' title='bbox 3419 4702 3577 4751; x_wconf 83' lang='grc' dir='ltr'>αὐτὸν</span> <span class='ocrx_word' id='word_1_720' title='bbox 3622 4701 3812 4761; x_wconf 77' lang='grc' dir='ltr'>ἐτέλει,</span> <span class='ocrx_word' id='word_1_721' title='bbox 3846 4702 3945 4768; x_wconf 67' lang='grc' dir='ltr'>οὐχ</span> <span class='ocrx_word' id='word_1_722' title='bbox 3999 4703 4065 4761; x_wconf 76' lang='grc' dir='ltr'><strong>ως</strong></span> 
     </span>
    </p>
   </div>
   <div class='ocr_carea' id='block_1_102' title="bbox 2498 4788 4066 4863">
    <p class='ocr_par' dir='ltr' id='par_1_102' title="bbox 2498 4788 4066 4863">
     <span class='ocr_line' id='line_1_102' title="bbox 2498 4788 4066 4863; baseline -0.026 15"><span class='ocrx_word' id='word_1_723' title='bbox 2498 4795 2841 4863; x_wconf 55' lang='grc' dir='ltr'>αἰχμάλωτος</span> <span class='ocrx_word' id='word_1_724' title='bbox 2875 4792 3287 4862; x_wconf 73' lang='grc' dir='ltr'>παρορώμενος,</span> <span class='ocrx_word' id='word_1_725' title='bbox 3318 4790 3430 4842; x_wconf 79' lang='grc' dir='ltr'>ἀλλ’</span> <span class='ocrx_word' id='word_1_726' title='bbox 3453 4788 3537 4841; x_wconf 75' lang='grc' dir='ltr'>οἷα</span> <span class='ocrx_word' id='word_1_727' title='bbox 3560 4790 3621 4857; x_wconf 81' lang='grc' dir='ltr'>δὴ</span> <span class='ocrx_word' id='word_1_728' title='bbox 3653 4793 3779 4851; x_wconf 80' lang='grc' dir='ltr'>παῖς</span> <span class='ocrx_word' id='word_1_729' title='bbox 3802 4792 4066 4857; x_wconf 76' lang='grc' dir='ltr'>βασιλέως</span> 
     </span>
    </p>
   </div>
   <div class='ocr_carea' id='block_1_103' title="bbox 2498 4882 4065 4955">
    <p class='ocr_par' dir='ltr' id='par_1_103' title="bbox 2498 4882 4065 4955">
     <span class='ocr_line' id='line_1_103' title="bbox 2498 4882 4065 4955; baseline -0.004 -16"><span class='ocrx_word' id='word_1_730' title='bbox 2498 4890 2661 4955; x_wconf 80' lang='grc' dir='ltr'>τιμῆς</span> <span class='ocrx_word' id='word_1_731' title='bbox 2700 4903 2759 4936; x_wconf 92' lang='grc' dir='ltr'><strong>τε</strong></span> <span class='ocrx_word' id='word_1_732' title='bbox 2785 4885 2880 4937; x_wconf 75' lang='grc' dir='ltr'>καὶ</span> <span class='ocrx_word' id='word_1_733' title='bbox 2910 4884 3165 4952; x_wconf 83' lang='grc' dir='ltr'>προνοίας</span> <span class='ocrx_word' id='word_1_734' title='bbox 3200 4884 3542 4952; x_wconf 77' lang='grc' dir='ltr'>ἀξιούμενος,</span> <span class='ocrx_word' id='word_1_735' title='bbox 3579 4883 3638 4933; x_wconf 91' lang='grc' dir='ltr'><strong>οὐ</strong></span> <span class='ocrx_word' id='word_1_736' title='bbox 3670 4884 3767 4949; x_wconf 86' lang='grc' dir='ltr'><strong>μὲν</strong></span> <span class='ocrx_word' id='word_1_737' title='bbox 3798 4882 3937 4933; x_wconf 83' lang='grc' dir='ltr'>ἀλλὰ</span> <span class='ocrx_word' id='word_1_738' title='bbox 3979 4886 4065 4934; x_wconf 75' lang='grc' dir='ltr'><strong>καὶ</strong></span> 
     </span>
    </p>
   </div>
   <div class='ocr_carea' id='block_1_104' title="bbox 2500 4971 4065 5043">
    <p class='ocr_par' dir='ltr' id='par_1_104' title="bbox 2500 4971 4065 5043">
     <span class='ocr_line' id='line_1_104' title="bbox 2500 4971 4065 5043; baseline -0.004 -15"><span class='ocrx_word' id='word_1_739' title='bbox 2500 4977 2824 5043; x_wconf 81' lang='grc' dir='ltr'>ὑποσχέσεσι</span> <span class='ocrx_word' id='word_1_740' title='bbox 2898 4974 3387 5043; x_wconf 70' lang='grc' dir='ltr'>λαμπρυνάμενος,</span> <span class='ocrx_word' id='word_1_741' title='bbox 3451 4974 3516 5034; x_wconf 84' lang='grc' dir='ltr'>ἃς</span> <span class='ocrx_word' id='word_1_742' title='bbox 3584 4971 3731 5041; x_wconf 81' lang='grc' dir='ltr'>αὐτῷ</span> <span class='ocrx_word' id='word_1_743' title='bbox 3806 4972 4065 5032; x_wconf 77' lang='grc' dir='ltr'>Σέλευκος</span> 
     </span>
    </p>
   </div>
   <div class='ocr_carea' id='block_1_105' title="bbox 2498 5064 4063 5137">
    <p class='ocr_par' dir='ltr' id='par_1_105' title="bbox 2498 5064 4063 5137">
     <span class='ocr_line' id='line_1_105' title="bbox 2498 5064 4063 5137; baseline -0.004 -19"><span class='ocrx_word' id='word_1_744' title='bbox 2498 5066 2838 5137; x_wconf 76' lang='grc' dir='ltr'>προύτεινεν,</span> <span class='ocrx_word' id='word_1_745' title='bbox 2881 5066 2929 5116; x_wconf 84' lang='grc' dir='ltr'>εἰ</span> <span class='ocrx_word' id='word_1_746' title='bbox 2961 5066 3333 5132; x_wconf 80' lang='grc' dir='ltr'>τελευτήσειεν</span> <span class='ocrx_word' id='word_1_747' title='bbox 3378 5066 3405 5115; x_wconf 89' lang='grc' dir='ltr'><strong>ό</strong></span> <span class='ocrx_word' id='word_1_748' title='bbox 3457 5064 3802 5131; x_wconf 83' lang='grc' dir='ltr'>γεινάμενος,</span> <span class='ocrx_word' id='word_1_749' title='bbox 3867 5064 3971 5132; x_wconf 83' lang='grc' dir='ltr'><strong>τὴν</strong></span> <span class='ocrx_word' id='word_1_750' title='bbox 4023 5064 4063 5092; x_wconf 76' lang='grc'><strong>⁵⁵</strong></span> 
     </span>
    </p>
   </div>
   <div class='ocr_carea' id='block_1_106' title="bbox 2496 5154 4064 5227">
    <p class='ocr_par' dir='ltr' id='par_1_106' title="bbox 2496 5154 4064 5227">
     <span class='ocr_line' id='line_1_106' title="bbox 2496 5154 4064 5227; baseline -0.004 -15"><span class='ocrx_word' id='word_1_751' title='bbox 2496 5161 2791 5227; x_wconf 79' lang='grc' dir='ltr'>Αἴγυπτον,</span> <span class='ocrx_word' id='word_1_752' title='bbox 2831 5157 3095 5227; x_wconf 84' lang='grc' dir='ltr'>πατρῴαν</span> <span class='ocrx_word' id='word_1_753' title='bbox 3124 5154 3290 5209; x_wconf 80' lang='grc' dir='ltr'>οὖσαν</span> <span class='ocrx_word' id='word_1_754' title='bbox 3323 5156 3518 5225; x_wconf 83' lang='grc' dir='ltr'>ἀρχὴν,</span> <span class='ocrx_word' id='word_1_755' title='bbox 3552 5160 3906 5221; x_wconf 87' lang='grc' dir='ltr'>καταγαγεῖν.</span> <span class='ocrx_word' id='word_1_756' title='bbox 3944 5155 4064 5225; x_wconf 78' lang='grc'><strong>[717</strong></span> 
     </span>
    </p>
   </div>
   <div class='ocr_carea' id='block_1_107' title="bbox 2498 5248 4064 5324">
    <p class='ocr_par' dir='ltr' id='par_1_107' title="bbox 2498 5248 4064 5324">
     <span class='ocr_line' id='line_1_107' title="bbox 2498 5248 4064 5324; baseline -0.005 -19"><span class='ocrx_word' id='word_1_757' title='bbox 2498 5253 2590 5324; x_wconf 64' lang='lat'><strong>[1.]</strong></span> <span class='ocrx_word' id='word_1_758' title='bbox 2642 5252 2779 5304; x_wconf 80' lang='grc' dir='ltr'>Ἀλλ’</span> <span class='ocrx_word' id='word_1_759' title='bbox 2810 5253 2837 5304; x_wconf 87' lang='grc' dir='ltr'><strong>ό</strong></span> <span class='ocrx_word' id='word_1_760' title='bbox 2865 5251 2961 5321; x_wconf 81' lang='grc' dir='ltr'>μὲν</span> <span class='ocrx_word' id='word_1_761' title='bbox 2984 5250 3236 5318; x_wconf 87' lang='grc' dir='ltr'>τοιαύτης</span> <span class='ocrx_word' id='word_1_762' title='bbox 3269 5249 3590 5318; x_wconf 84' lang='grc' dir='ltr'>κηδεμονίας</span> <span class='ocrx_word' id='word_1_763' title='bbox 3636 5248 3855 5315; x_wconf 81' lang='grc' dir='ltr'>ἠξίωτο,</span> <span class='ocrx_word' id='word_1_764' title='bbox 3899 5249 4064 5300; x_wconf 76' lang='grc' dir='ltr'>κακὸν</span> 
     </span>
    </p>
   </div>
   <div class='ocr_carea' id='block_1_108' title="bbox 2497 5339 4061 5413">
    <p class='ocr_par' dir='ltr' id='par_1_108' title="bbox 2497 5339 4061 5413">
     <span class='ocr_line' id='line_1_108' title="bbox 2497 5339 4061 5413; baseline -0.005 -16"><span class='ocrx_word' id='word_1_765' title='bbox 2497 5344 2554 5397; x_wconf 82' lang='grc' dir='ltr'><strong>δὲ</strong></span> <span class='ocrx_word' id='word_1_766' title='bbox 2593 5345 2698 5413; x_wconf 74' lang='grc' dir='ltr'>ἄρα</span> <span class='ocrx_word' id='word_1_767' title='bbox 2726 5344 2779 5395; x_wconf 84' lang='grc' dir='ltr'>αἱ</span> <span class='ocrx_word' id='word_1_768' title='bbox 2810 5340 3116 5411; x_wconf 82' lang='grc' dir='ltr'>εὐεργεσίαι</span> <span class='ocrx_word' id='word_1_769' title='bbox 3145 5341 3297 5393; x_wconf 82' lang='grc' dir='ltr'>οὐδὲν</span> <span class='ocrx_word' id='word_1_770' title='bbox 3324 5340 3596 5393; x_wconf 80' lang='grc' dir='ltr'>ἐὸελτίουν</span> <span class='ocrx_word' id='word_1_771' title='bbox 3625 5341 3691 5393; x_wconf 83' lang='grc'><strong>⁸¹.</strong></span> <span class='ocrx_word' id='word_1_772' title='bbox 3739 5339 4061 5404; x_wconf 75' lang='grc' dir='ltr'>Ἐπιϐουλὴν</span> 
     </span>
    </p>
   </div>
   <div class='ocr_carea' id='block_1_109' title="bbox 2500 5429 4057 5504">
    <p class='ocr_par' dir='ltr' id='par_1_109' title="bbox 2500 5429 4057 5504">
     <span class='ocr_line' id='line_1_109' title="bbox 2500 5429 4057 5504; baseline -0.005 -18"><span class='ocrx_word' id='word_1_773' title='bbox 2500 5434 2606 5503; x_wconf 71' lang='grc' dir='ltr'><strong>γὰρ</strong></span> <span class='ocrx_word' id='word_1_774' title='bbox 2658 5434 2951 5503; x_wconf 80' lang='grc' dir='ltr'>συστήσας,</span> <span class='ocrx_word' id='word_1_775' title='bbox 2977 5429 3302 5504; x_wconf 88' lang='grc' dir='ltr'>προσπεσὼν</span> <span class='ocrx_word' id='word_1_776' title='bbox 3349 5432 3438 5483; x_wconf 84' lang='grc' dir='ltr'><strong>τὸν</strong></span> <span class='ocrx_word' id='word_1_777' title='bbox 3489 5432 3783 5501; x_wconf 79' lang='grc' dir='ltr'>εὐεργέτην</span> <span class='ocrx_word' id='word_1_778' title='bbox 3832 5431 4057 5497; x_wconf 80' lang='grc' dir='ltr'>ἀναιρεῖ,</span> 
     </span>
    </p>
   </div>
   <div class='ocr_carea' id='block_1_110' title="bbox 2099 5542 2770 5597">
    <p class='ocr_par' dir='ltr' id='par_1_110' title="bbox 2099 5542 2770 5597">
     <span class='ocr_line' id='line_1_110' title="bbox 2099 5542 2770 5597; baseline 0.003 -4"><span class='ocrx_word' id='word_1_779' title='bbox 2099 5542 2333 5596; x_wconf 64' lang='grc' dir='ltr'>νΑΙιιΑε</span> <span class='ocrx_word' id='word_1_780' title='bbox 2368 5542 2770 5597; x_wconf 81' lang='lat' dir='ltr'><strong>LECTIONES.</strong></span> 
     </span>
    </p>
   </div>
   <div class='ocr_carea' id='block_1_111' title="bbox 895 5625 1413 5695">
    <p class='ocr_par' dir='ltr' id='par_1_111' title="bbox 895 5625 1413 5695">
     <span class='ocr_line' id='line_1_111' title="bbox 895 5625 1413 5695; baseline 0.002 -17"><span class='ocrx_word' id='word_1_781' title='bbox 895 5625 939 5656; x_wconf 75' lang='lat'><strong>“</strong></span> <span class='ocrx_word' id='word_1_782' title='bbox 968 5628 1318 5695; x_wconf 89' lang='grc' dir='ltr'>ἀνεκτότερον</span> <span class='ocrx_word' id='word_1_783' title='bbox 1356 5646 1413 5691; x_wconf 69' lang='grc' dir='ltr'>ς.</span> 
     </span>
    </p>
   </div>
   <div class='ocr_carea' id='block_1_112' title="bbox 828 5694 1496 5751">
    <p class='ocr_par' dir='ltr' id='par_1_112' title="bbox 828 5694 1496 5751">
     <span class='ocr_line' id='line_1_112' title="bbox 828 5694 1496 5751; baseline 0.006 -4"><span class='ocrx_word' id='word_1_784' title='bbox 828 5694 874 5724; x_wconf 72' lang='grc'><strong>⁸⁸</strong></span> <span class='ocrx_word' id='word_1_785' title='bbox 902 5699 1040 5750; x_wconf 86' lang='grc' dir='ltr'>κατά</span> <span class='ocrx_word' id='word_1_786' title='bbox 1076 5694 1496 5751; x_wconf 72' lang='lat' dir='ltr'><strong>liliodmnannus</strong></span> 
     </span>
    </p>
   </div>
   <div class='ocr_carea' id='block_1_113' title="bbox 1536 5722 1802 5758">
    <p class='ocr_par' dir='ltr' id='par_1_113' title="bbox 1536 5722 1802 5758">
     <span class='ocr_line' id='line_1_113' title="bbox 1536 5722 1802 5758; baseline 0.008 -2"><span class='ocrx_word' id='word_1_787' title='bbox 1536 5722 1546 5756; x_wconf 73' lang='grc' dir='ltr'>ζ</span> <span class='ocrx_word' id='word_1_788' title='bbox 1585 5723 1721 5758; x_wconf 69' lang='grc' dir='ltr'>μετα</span> <span class='ocrx_word' id='word_1_789' title='bbox 1748 5724 1802 5758; x_wconf 57' lang='lat'><strong>&#39;7.</strong></span> 
     </span>
    </p>
   </div>
   <div class='ocr_carea' id='block_1_114' title="bbox 828 5753 1771 5833">
    <p class='ocr_par' dir='ltr' id='par_1_114' title="bbox 828 5753 1771 5833">
     <span class='ocr_line' id='line_1_114' title="bbox 828 5753 1771 5833; baseline 0.004 -17"><span class='ocrx_word' id='word_1_790' title='bbox 828 5765 979 5820; x_wconf 73' lang='grc' dir='ltr'>σείουν</span> <span class='ocrx_word' id='word_1_791' title='bbox 1008 5770 1052 5821; x_wconf 80' lang='grc' dir='ltr'>Α</span> <span class='ocrx_word' id='word_1_792' title='bbox 1086 5785 1098 5821; x_wconf 86' lang='grc'>;</span> <span class='ocrx_word' id='word_1_793' title='bbox 1133 5768 1417 5821; x_wconf 70' lang='grc' dir='ltr'>ἐπετέλουν</span> <span class='ocrx_word' id='word_1_794' title='bbox 1447 5786 1503 5833; x_wconf 74' lang='grc' dir='ltr'>ς.</span> <span class='ocrx_word' id='word_1_795' title='bbox 1538 5753 1545 5756; x_wconf 64' lang='grc'>⁷</span> <span class='ocrx_word' id='word_1_796' title='bbox 1756 5754 1771 5767; x_wconf 68' lang='grc'><strong><em>⁸</em></strong></span> 
     </span>
    </p>
   </div>
   <div class='ocr_carea' id='block_1_115' title="bbox 1493 5630 4013 5703">
    <p class='ocr_par' dir='ltr' id='par_1_115' title="bbox 1493 5630 4013 5703">
     <span class='ocr_line' id='line_1_115' title="bbox 1493 5630 4013 5703; baseline 0 -1"><span class='ocrx_word' id='word_1_797' title='bbox 1493 5630 1534 5662; x_wconf 64' lang='grc'><strong>⁵⁵</strong></span> <span class='ocrx_word' id='word_1_798' title='bbox 1586 5633 1863 5703; x_wconf 73' lang='grc' dir='ltr'><strong>Ἡρακλῆς</strong></span> <span class='ocrx_word' id='word_1_799' title='bbox 1901 5651 2042 5688; x_wconf 85' lang='lat' dir='ltr'><strong>corr.</strong></span> <span class='ocrx_word' id='word_1_800' title='bbox 2075 5637 2111 5687; x_wconf 78' lang='grc' dir='ltr'><strong>Α</strong></span> <span class='ocrx_word' id='word_1_801' title='bbox 2152 5652 2163 5685; x_wconf 90' lang='lat'><strong>:</strong></span> <span class='ocrx_word' id='word_1_802' title='bbox 2212 5636 2499 5702; x_wconf 79' lang='grc' dir='ltr'>Ἡρακλεῖς</span> <span class='ocrx_word' id='word_1_803' title='bbox 2527 5653 2586 5697; x_wconf 78' lang='grc' dir='ltr'>ς.</span> <span class='ocrx_word' id='word_1_804' title='bbox 2667 5635 2707 5663; x_wconf 65' lang='grc'><strong>³⁵</strong></span> <span class='ocrx_word' id='word_1_805' title='bbox 2737 5631 2979 5703; x_wconf 63' lang='grc' dir='ltr'><strong>κάῤῥωνῖ</strong></span> <span class='ocrx_word' id='word_1_806' title='bbox 3028 5630 3147 5703; x_wconf 56' lang='grc' dir='ltr'>ιιυιὲ</span> <span class='ocrx_word' id='word_1_807' title='bbox 3182 5630 3385 5703; x_wconf 49' lang='lat'><strong>7:195&quot;—</strong></span> <span class='ocrx_word' id='word_1_808' title='bbox 3420 5630 3679 5703; x_wconf 60' lang='lat' dir='ltr'><strong>__&quot;t&quot;t5=&quot;!</strong></span> <span class='ocrx_word' id='word_1_809' title='bbox 3706 5630 3749 5680; x_wconf 72' lang='grc' dir='ltr'><strong>Α</strong></span> <span class='ocrx_word' id='word_1_810' title='bbox 3791 5648 3801 5677; x_wconf 73' lang='grc'><strong><em>⁵</em></strong></span> <span class='ocrx_word' id='word_1_811' title='bbox 3835 5630 3972 5703; x_wconf 56' lang='grc' dir='ltr'><strong>Ητβέ</strong></span> <span class='ocrx_word' id='word_1_812' title='bbox 4004 5647 4013 5703; x_wconf 69' lang='grc' dir='ltr'><strong>ἶ</strong></span> 
     </span>
    </p>
   </div>
   <div class='ocr_carea' id='block_1_116' title="bbox 1889 5698 4060 5774">
    <p class='ocr_par' dir='ltr' id='par_1_116' title="bbox 1889 5698 4060 5774">
     <span class='ocr_line' id='line_1_116' title="bbox 1889 5698 4060 5774; baseline -0.003 -18"><span class='ocrx_word' id='word_1_813' title='bbox 1889 5707 1929 5736; x_wconf 64' lang='grc'><strong>³³</strong></span> <span class='ocrx_word' id='word_1_814' title='bbox 1964 5698 2547 5774; x_wconf 59' lang='grc' dir='ltr'>’ΔντιγόνῳῘΛντιόχιμ</span> <span class='ocrx_word' id='word_1_815' title='bbox 2586 5698 2898 5760; x_wconf 53' lang='grc' dir='ltr'>Ρειὶιιιεΐῖυει</span> <span class='ocrx_word' id='word_1_816' title='bbox 2940 5698 2982 5735; x_wconf 56' lang='grc' dir='ltr'><strong>’δ</strong></span> <span class='ocrx_word' id='word_1_817' title='bbox 3021 5699 3135 5770; x_wconf 58' lang='lat' dir='ltr'><strong>tiri!</strong></span> <span class='ocrx_word' id='word_1_818' title='bbox 3168 5701 3245 5761; x_wconf 74' lang='grc' dir='ltr'>εἰς</span> <span class='ocrx_word' id='word_1_819' title='bbox 3276 5702 3373 5768; x_wconf 80' lang='grc' dir='ltr'>τήν</span> <span class='ocrx_word' id='word_1_820' title='bbox 3416 5698 3770 5754; x_wconf 67' lang='lat' dir='ltr'><strong>llmschcliurs.</strong></span> <span class='ocrx_word' id='word_1_821' title='bbox 3833 5700 3872 5730; x_wconf 79' lang='grc'><strong>⁸¹</strong></span> <span class='ocrx_word' id='word_1_822' title='bbox 3912 5699 4060 5749; x_wconf 65' lang='lat'><strong>&#39;56:)-</strong></span> 
     </span>
    </p>
   </div>
   <div class='ocr_carea' id='block_1_117' title="bbox 2667 5628 4053 5704">
    <p class='ocr_par' dir='ltr' id='par_1_117' title="bbox 2667 5628 4053 5704">
     <span class='ocr_line' id='line_1_117' title="bbox 2667 5628 4053 5704; baseline -0.006 -19"><span class='ocrx_word' id='word_1_823' title='bbox 2667 5635 2707 5663; x_wconf 71' lang='grc'><strong>’⁵⁵</strong></span> <span class='ocrx_word' id='word_1_824' title='bbox 2737 5631 2979 5704; x_wconf 71' lang='grc' dir='ltr'>κάρρων]</span> <span class='ocrx_word' id='word_1_825' title='bbox 3028 5630 3147 5704; x_wconf 69' lang='lat' dir='ltr'><strong>libri</strong></span> <span class='ocrx_word' id='word_1_826' title='bbox 3182 5629 3385 5698; x_wconf 75' lang='grc' dir='ltr'>καρῶν.</span> <span class='ocrx_word' id='word_1_827' title='bbox 3462 5628 3679 5704; x_wconf 67' lang='grc' dir='ltr'>’⁵⁷μηδέν</span> <span class='ocrx_word' id='word_1_828' title='bbox 3706 5630 3749 5680; x_wconf 78' lang='grc' dir='ltr'><strong>Α</strong></span> <span class='ocrx_word' id='word_1_829' title='bbox 3791 5648 3801 5677; x_wconf 85' lang='grc'>;</span> <span class='ocrx_word' id='word_1_830' title='bbox 3836 5629 3972 5704; x_wconf 54' lang='grc' dir='ltr'>μηδέ</span> <span class='ocrx_word' id='word_1_831' title='bbox 4004 5646 4053 5689; x_wconf 60' lang='grc' dir='ltr'>ς.</span> 
     </span>
    </p>
   </div>
  </div>
