4208 6448
167 425 271 488 893

1266 420 1789 482 BIBLIOTIIECA.
1826 446 1893 458 —
1927 418 2088 482 COD.
2121 419 2419 483 CCXXIV.

3302 420 3410 484 894

166 536 263 588 καὶ
294 535 461 588 ἵππου
492 535 685 597 ἐπιϐὰς
726 535 862 603 πρὸς
910 533 1257 603 Λυσιμαχίαν
1313 533 1537 601 φεύγειο
1591 535 1649 586 ὲν
1700 528 1811 604 ᾖΛ

1766 542 1811 596 Α
1838 531 2017 585 chiam
2064 529 2334 599 profugit:
2370 530 2460 582 ub.
2496 529 2876 599 imposita_silii
2918 528 3244 592 diademate,
3282 546 3400 583 eum

159 626 399 693 διάδημα
427 625 782 696 περιθέμενος
807 626 943 693 μετά
966 625 1224 695 λαμπρᾶς
1246 625 1568 694 δορυφορίας
1595 641 1731 675 κατ-

163 716 381 767 έϐαινεν
429 717 508 776 είς
571 715 632 766 τὸ
674 717 1021 783 στράτευμα,
1071 715 1375 783 δεχομένων
1420 715 1582 766 αὑτὸν
1628 712 1731 766 ὑπὸ

162 806 263 869 τῆς
321 805 567 872 ἀνάγκης
610 808 705 857 καὶ
746 805 969 874 βασιλέα
1009 806 1314 859 καλούντων
1369 807 1417 859 οἳ
1468 806 1732 874 πρότερον

164 894 415 963 Σελεύκῳ
448 896 739 963 ὑπήκουον.

1843 622 2131 677 satellitum
2163 636 2321 674 manu
2346 621 2745 688 speciosissima
2787 622 2852 674 ad
2885 622 3182 675 exercitum
3214 622 3404 675 tendit.

1842 714 1921 768 lbi
1966 712 2285 766 necessitate
2318 713 2580 781 compulsi
2635 728 2757 766 eum
2810 714 3177 781 recipiunt,et
3230 728 3409 779 regem

1843 805 2101 867 salutant,
2148 804 2235 870 qui
2282 804 2440 871 paqu
2484 811 2607 857 ante
2658 804 2882 860 Seleuco
2929 806 3255 859 sacramenti
3287 805 3410 857 reli-

1845 898 2004 967 gione
2032 895 2237 948 astricti
2272 904 2450 950 erant.

321 1012 451 1066 CAP.
496 1010 634 1065 XIV.
671 1042 741 1051 —
774 1012 1017 1079 Antigoni
1061 1011 1322 1076 expeditio
1371 1009 1422 1060 in
1462 1006 1788 1070 Ceraunum,
1826 1004 2241 1059 Heracliensium
2272 1004 2469 1057 auxilio
2496 1006 2830 1059 instructum.
2864 1005 3105 1073 Antigoni
3126 1006 3274 1074 fuga.

252 1104 557 1169 Ἀντίγονος
590 1102 645 1155 δὲ
680 1105 707 1154 ό
736 1102 1048 1171 Δημητρίου
1088 1102 1156 1154 τὰ
1194 1100 1585 1170 συνενεχθέντα
1634 1117 1741 1168 μα-

169 1198 304 1258 θὼν,
342 1198 437 1247 ἐπὶ
473 1194 807 1247 Μακεδονίαν
850 1193 1145 1247 διαϐαίνειν
1166 1192 1441 1262 ἐπεχείρει
1477 1189 1625 1259 πεξῷ
1649 1190 1743 1242 καὶ¹

166 1285 331 1354 νηΐτῃ
363 1281 752 1351 στρατεύματι,
778 1280 1089 1349 προφθάσαι
1123 1279 1368 1332 σπεύδων
1408 1278 1499 1329 τὸν
1539 1276 1745 1329 Πτολε-

172 1373 356 1440 μαῖον.
412 1369 471 1422 Ὀ
506 1370 560 1421 δὲ
597 1370 929 1437 Πτολεμαῖος
953 1367 1051 1428 τὰς
1082 1366 1397 1434 Λυσιμάχου
1425 1365 1557 1433 νῆας
1604 1362 1743 1432 ἔχων

167 1462 396 1530 ἀπήντα
426 1460 519 1512 καὶ
550 1458 1062 1528 ἀντιπαρετάττετο.
1106 1452 1288 1510 Ἦσαν
1342 1455 1388 1507 δ’
1435 1456 1493 1507 ὲν
1548 1456 1741 1517 αὑταῖς

166 1549 331 1602 ἄλλαι
365 1565 423 1599 τε
457 1547 679 1617 καὶτῆς
722 1547 1045 1617 Ἡρακλείας
1099 1548 1153 1599 αἱ
1199 1546 1605 1615 μετάπεμπτοι,
1645 1544 1738 1611 ἑξ-

167 1642 331 1710 ήρεις
365 1656 423 1692 τε
455 1640 548 1691 καὶ
575 1640 863 1707 πεντήρεις
891 1654 952 1689 τε
995 1636 1088 1690 καὶ
1117 1636 1407 1707 ἄφρακτοι,
1446 1636 1541 1688 καὶ
1579 1636 1742 1704 ὀκτή-

172 1749 278 1802 ρης
312 1731 410 1801 μία
440 1733 472 1800 η
498 1731 849 1798 λεοντοφόρος
866 1729 1194 1798 καλουμένη,
1222 1728 1485 1797 μεγέθους
1504 1728 1549 1757 δ’
1579 1727 1741 1778 ἕνεκα

168 1826 271 1877 καὶ
311 1824 539 1886 κάλλους
563 1823 770 1892 ἥκουσα
796 1824 875 1885 είς
902 1820 1083 1888 θαῦμα
1107 1837 1120 1850 ·
1159 1822 1215 1873 ὲν
1238 1818 1412 1890 ταύτῃ
1432 1818 1538 1888 γὰρ
1572 1824 1616 1888 ρ’
1645 1818 1744 1887 μὲν

1915 1098 2220 1165 Antigonus
2261 1107 2437 1149 autem
2498 1096 2751 1150 Demetrii
2803 1097 2964 1159 tilius,
2996 1098 3097 1151 hoc
3132 1099 3413 1153 intellecto

1847 1203 1999 1250 casu,
2035 1187 2435 1255 expeditionem
2482 1188 2718 1256 suscepit
2745 1189 2795 1241 in
2832 1188 3219 1253 Macedoniam,
3249 1199 3411 1259 pede-

1848 1281 2054 1335 stribus
2110 1290 2164 1333 et
2207 1278 2437 1332 nauticis
2478 1280 2649 1347 c0piis
2698 1279 3045 1334 Ptolemaeum
3107 1285 3418 1338 antevenire

1845 1383 2167 1439 properans.
2203 1370 2272 1421 At
2304 1366 2626 1423 Ptolemaeus
2692 1370 2971 1437 expeditas
3026 1372 3227 1426 habens
3259 1372 3415 1443 148⁵-

1847 1458 2023 1513 machi
2076 1471 2259 1521 naves,
2330 1457 2589 1512 instructa
2633 1459 2749 1514 acie
2801 1461 3076 1514 occurrit:
3110 1463 3249 1515 inter
3286 1479 3418 1531 quas

1849 1564 2007 1608 erant
2037 1562 2149 1606 tum
2189 1553 2327 1620 alia,
2365 1562 2473 1606 tum
2503 1554 2570 1607 ab
2601 1552 2857 1607 Heraclea
2895 1558 3172 1608 accersitte
3196 1558 3419 1611 hexeres

1855 1654 2198 1713 etpenteres,
2229 1656 2281 1700 et
2314 1646 2509 1713 quibus
2541 1645 2831 1715 Aphractis
2860 1657 2944 1701 est
2967 1662 3156 1701 nomen
3194 1657 3284 1699 εει
3315 1664 3418 1700 una

1851 1736 2076 1801 octeris,
2112 1735 2284 1789 leonis
2316 1734 2442 1789 ferte
2502 1734 2718 1789 nomine
2750 1736 3001 1805 insignis,
3038 1753 3157 1803 quae
3212 1737 3417 1805 magni-

1854 1825 2041 1878 tudine
2086 1833 2140 1878 et
2180 1825 2442 1893 elegantia
2498 1824 2551 1877 in
2597 1824 3011 1879 admirationem
3065 1827 3333 1879 veniebat.
3362 1825 3417 1877 In

166 1915 365 1981 ἄνδρες
407 1915 636 1966 ’ἑκαστον
686 1914 895 1979 στοῖχον
924 1911 968 1941 ⁸³
998 1911 1243 1979 ήρεττον,
1277 1908 1352 1969 ὡς
1394 1916 1451 1961 ω’
1482 1910 1545 1960 ὲκ
1589 1907 1747 1959 θατέ-
1780 1918 1821 1973 Β

1780 1918 1821 1973 Β
1852 1916 1950 1967 hac
1970 1915 2115 1968 enim
2142 1913 2245 1969 100
2274 1915 2391 1979 viri,
2418 1930 2529 1969 suae
2556 1916 2756 1984 quique
2791 1916 3047 1969 centuriae
3095 1916 3302 1977 ordine,
3340 1931 3422 1968 re-

170 2025 268 2078 ρου
308 2007 506 2075 μέρους
533 2004 805 2072 γενέσθαι,
833 2003 891 2066 ἐξ
925 2000 1201 2071 ἑκατέρων
1227 2001 1283 2053 δὲ
1312 1999 1512 2069 χιλίους
1551 1998 1642 2051 καὶ
1664 2003 1711 2066 χ’
1729 2013 1743 2027 ·

167 2100 223 2150 οἱ
266 2097 325 2149 δὲ
349 2097 455 2149 ἀπὸ
487 2096 595 2148 τῶν
642 2093 1126 2162 καταστρωμάτων
1176 2089 1544 2159 μαχησόμενοι
1586 2088 1745 2156 χίλιοι

168 2188 272 2242 καὶ
312 2194 357 2239 σ¹
384 2228 398 2251 ,
434 2188 528 2239 καὶ
570 2185 897 2255 κυϐερνῆται
939 2182 1003 2252 β’.
1037 2182 1146 2251 Τῆς
1170 2180 1263 2234 οὖν
1292 2179 1565 2249 συμϐολῆς
1601 2195 1747 2246 γενο-

174 2275 376 2344 μένης,
401 2276 592 2345 κρατεῖ
626 2273 961 2340 Πτολεμαῖος
1002 2271 1063 2323 τὸ
1106 2269 1362 2323 ναυτικὸν
1406 2269 1749 2338 τρεψάμενος

166 2366 270 2420 τοῦ
303 2366 637 2433 Ἀντιγόνου,
669 2353 1039 2435 ἀνδρειότερον
1062 2362 1171 2415 τῶν
1202 2361 1377 2415 ἄλλων
1402 2358 1749 2427 ἀγωνισαμέ-

168 2478 282 2515 νων
334 2460 380 2492 ⁵⁸
434 2460 491 2512 αἳ
536 2454 676 2528 ἦσαν
718 2459 776 2524 ἐξ
824 2454 1252 2526 Ἡρακλεώτιδος
1279 2470 1291 2483 ·
1328 2454 1507 2507 αὐτῶν
1536 2452 1595 2506 δὲ
1636 2452 1747 2504 τῶν

180 2553 635 2625 Ἠρακλεωτίδων
666 2552 726 2604 τὸ
775 2551 1051 2621 ἐξαίρετον
1092 2548 1287 2619 ἔφερεν
1322 2551 1355 2618 ἠ
1400 2547 1748 2617 λεοντοφὸρος

166 2646 437 2714 ὀκτήρης.
481 2643 634 2697 Οὕτω
670 2630 853 2704 κακῶς
900 2640 1203 2709 Ἀντίγονος
1232 2638 1309 2708 τῷ
1336 2638 1506 2708 στόλῳ
1537 2638 1749 2709 πράξας

168 2736 257 2796 είς
307 2734 411 2803 τὴν
469 2733 731 2785 Βοιωτίαν
778 2732 1115 2802 ἀνεχώρησε.
1171 2731 1504 2797 Πτολεμαῖος
1550 2729 1609 2782 δὲ
1656 2730 1750 2781 ἐπὶ

167 2826 519 2885 Μακεδονίαν
544 2826 716 2897 δίέὸῃ,
745 2828 837 2879 καὶ
864 2825 1096 2895 βεσαίως
1124 2823 1249 2894 ἔσχε
1280 2823 1379 2894 τὴν
1410 2825 1605 2893 ἀρχήν.

1856 2019 1972 2057 mos
1992 2004 2277 2066 ducebant,
2306 2013 2365 2057 ut
2417 2020 2481 2059 ex
2535 2004 2702 2059 altera
2743 2014 2894 2074 parte
2927 2005 3051 2068 800,
3080 2022 3144 2061 ex
3198 2019 3423 2073 utraque

1854 2103 2033 2144 autem
2068 2090 2205 2145 1600
2239 2105 2459 2146 numero
2491 2100 2671 2146 essent
2705 2106 2719 2144 :
2752 2092 2843 2160 qui
2890 2107 3019 2146 vero
3061 2094 3126 2147 de
3156 2092 3288 2146 foris
3325 2109 3423 2161 pu-

1855 2192 2106 2249 gnarent,
2153 2182 2312 2237 1200.
2345 2182 2413 2237 Et
2441 2183 2544 2237 duo
2584 2184 2793 2236 inerant
2818 2186 3228 2252 gubernatores.
3266 2185 3427 2238 Post-

1856 2290 2017 2342 quam
2048 2276 2099 2328 in
2134 2274 2303 2329 aciem
2339 2276 2659 2330 descensum
2688 2277 3052 2344 est.superior
3088 2278 3267 2331 evadit
3298 2276 3421 2329 Pto-

1856 2366 2165 2431 lemmus,in
2194 2364 2374 2436 fugam
2412 2382 2564 2421 versa
2596 2366 2849 2436 Antigoni
2887 2368 3083 2420 classe.
3106 2367 3201 2421 Ubi
3229 2368 3424 2421 fortius

1854 2459 2067 2512 ceteris
2110 2469 2413 2528 pugnarunt
2452 2475 2619 2514 naves
2680 2474 2745 2511 ex
2804 2459 3195 2523 Heracleonde,
3231 2470 3283 2511 et
3313 2459 3429 2527 pal-

1857 2565 1998 2602 mam
2031 2549 2174 2603 inter
2211 2550 2305 2603 has
2339 2552 2459 2604 tulit
2494 2550 3087 2605 octoremisleonifera.
3126 2551 3418 2604 Sinistram

1858 2642 2040 2710 itaque
2069 2644 2334 2695 fortunam
2356 2643 2547 2697 classis
2574 2655 2827 2711 expertus
2845 2644 3166 2712 Antigonus,
3196 2647 3245 2697 in
3270 2644 3430 2698 Boeo-

1859 2735 1990 2787 tiam
2021 2750 2080 2788 se
2107 2737 2311 2803 recepit
2336 2754 2348 2790 :
2375 2746 2427 2789 et
2462 2735 2809 2801 Ptolemaeus,
2838 2738 3067 2790 transitu
3099 2738 3151 2791 in
3190 2736 3433 2791 Maccdo-

1861 2827 2006 2880 niain
2043 2826 2206 2890 facto,
2235 2827 2345 2894 jam
2378 2828 2609 2881 ﬁrmiter
2642 2842 2863 2898 regnum
2914 2830 3149 2882 tenebat.

548 2941 673 2995 CAP.
706 2938 821 2993 XV.
847 2968 913 2980 —
940 2939 1165 2993 Cerauni
1213 2940 1417 3008 ﬂagitia
1448 2949 1496 2993 et
1554 2940 1818 2997 interitus.
1842 2940 2090 3009 Antigoni
2123 2941 2180 2992 in
2213 2957 2367 3009 regno
2401 2938 2725 2993 Macedoniae
2756 2943 3035 2994 successio.

244 3034 460 3086 Αὐτίκα
483 3032 639 3099 γοῦν,
678 3033 775 3100 τὴν
801 3032 1006 3083 οἰκείαν
1037 3031 1235 3101 μᾶλλον
1262 3031 1536 3099 ὲκφαίνων
1574 3031 1753 3083 σκαιό-

166 3142 337 3193 τητα,
383 3124 667 3193 Ἀρσινόην
694 3123 813 3192 μὲν,
839 3122 914 3184 ὡς
967 3122 1195 3189 πάτριον
1235 3120 1392 3172 τοῦτο
1432 3122 1544 3181 τοῖς
1584 3120 1753 3187 Αἰγυ-

167 3217 387 3278 πτίοις,
416 3216 514 3282 τὴν
561 3214 794 3281 ἀδελφὴν
845 3215 1031 3280 γαμεῖ,
1059 3214 1184 3274 τοὺς
1237 3213 1301 3263 ὲκ
1333 3211 1649 3281 Λυσιμάχου
1694 3210 1751 3262 δὲ

167 3309 381 3370 παῖδας
429 3308 565 3375 αὐτῇ
593 3306 988 3374 γεγενημένους
1016 3306 1226 3373 ἀναιρεῖ
1251 3320 1265 3333 ·
1305 3304 1423 3373 μεθ’
1451 3302 1545 3366 οὓς
1566 3302 1750 3355 κάκεί-

164 3417 276 3469 νην
304 3399 406 3466 τῆς
449 3397 720 3466 βασιλείας
748 3395 1064 3464 ἐξεκήρυξε.
1100 3395 1209 3446 Καὶ
1238 3392 1407 3444 πολλὰ
1434 3393 1528 3445 καὶ
1558 3392 1750 3461 παρά-

167 3508 321 3559 νομα
358 3491 419 3539 ὲν
461 3489 580 3540 δυσὶ
653 3487 1093 3555 διαπραξάμενος
1134 3486 1177 3517 ⁵⁵
1232 3484 1397 3546 ἔτεσι,
1450 3480 1751 3535 Γαλατικοῦ

172 3583 311 3655 [573
358 3578 455 3650 ιι]
506 3581 704 3649 μέρους
752 3579 852 3645 τῆς
901 3577 1155 3647 πατρίδος
1190 3576 1623 3644 μεταναστάντος
1665 3574 1754 3627 διὰ

172 3674 363 3744 λιμὸν,
395 3666 488 3722 καὶ
511 3670 852 3723 Μακεδονίαν
890 3666 1305 3720 καταλαϐόντων
1328 3665 1422 3717 καὶ
1460 3667 1539 3727 είς
1571 3665 1753 3733 μάχην

174 3764 337 3833 αὐτῴ
369 3762 742 3830 συναψάντων,
774 3759 939 3823 ἀξίως
964 3756 1061 3826 τῆς
1084 3756 1361 3826 ὠμότητος
1391 3758 1753 3826 καταστρέφει

174 3856 273 3908 τὸν
330 3854 467 3923 βίον,
520 3852 952 3922 διασπαραχθεὶς
1001 3850 1105 3902 ὑπὸ
1143 3848 1251 3900 τῶν
1297 3847 1589 3900 Γαλατῶνο
1646 3846 1755 3910 ζῶν

175 3949 294 4017 γὰρ
329 3945 561 4015 ἐλήφθη,
596 3944 690 3996 τοῦ
717 3944 1030 4012 ἐλέφαντος,
1055 3945 1113 3994 ὲν
1136 3934 1180 4008 ᾧ
1212 3941 1425 4008 ὠχεῖτο,
1457 3937 1756 4008 τρωθέντος

178 4044 279 4093 καὶ
311 4038 711 4099 καταϐαλόντος
748 4036 932 4088 αὐτόν.
979 4032 1279 4097 ’Δντίγονος
1305 4032 1362 4085 δὲ
1393 4034 1419 4083 ὁ
1443 4027 1757 4098 Δημητρίου

179 4131 444 4200 ἡττηθεὶς
493 4130 539 4159 ⁵⁵
585 4128 661 4197 τῷ
702 4126 961 4196 ναυτικῷ,
1013 4124 1348 4194 Πτολεμαίου
1405 4121 1755 4194 ἀνῃρημένου

175 4226 282 4294 τὴν
315 4221 644 4277 Μακεδόνων
677 4219 944 4289 λαμϐάνει
969 4220 1162 4288 ἀρχήν.

1938 3031 2131 3086 Statim
2164 3032 2343 3100 igitur,
2384 3042 2439 3085 ut
2504 3032 2820 3100 improbitas
2881 3032 2997 3101 ejus
3054 3048 3117 3087 eo
3174 3032 3344 3100 magis
3378 3034 3429 3085 in

1861 3122 2048 3177 oculos
2083 3124 2359 3176 hominum
2396 3125 2658 3189 incurrat,
2691 3124 2960 3176 Arsinoen
2990 3138 3256 3186 sororem,
3289 3126 3431 3192 queil

1861 3215 2095 3282 patrium
2134 3216 2235 3269 hoc
2271 3216 2339 3267 sit
2387 3214 2653 3284 Egyptiis
2687 3216 3043 3283 praetendens,
3105 3214 3429 3267 matrimonii

1861 3307 2061 3362 {cedere
2089 3305 2189 3359 sibi
2241 3306 2510 3374 astringit,
2560 3314 2616 3360 et
2661 3314 2814 3359 natos
2863 3305 2912 3360 ei
2992 3321 3055 3359 ex
3112 3305 3432 3373 Lysimacho

1862 3399 2096 3452 trucidat
2128 3414 2142 3451 :
2175 3398 2302 3465 quin
2328 3413 2449 3451 mox
2478 3396 2640 3451 etiam
2674 3398 2868 3465 ipsam,
2900 3411 3001 3449 non
3043 3397 3181 3451 citra
3239 3408 3430 3450 contu-

1862 3488 2103 3552 meliam,
2166 3502 2331 3557 regno
2379 3488 2617 3557 expellit.
2664 3487 2906 3555 Cumque
2952 3488 3181 3556 plurima
3244 3499 3430 3541 contra

1872 3578 2029 3632 deum
2058 3577 2441 3645 hominumque
2484 3578 2628 3646 leges
2649 3578 2789 3630 intra
2821 3578 3094 3631 biennium
3125 3586 3429 3644 perpetras-

1864 3682 1970 3735 set,
2024 3671 2223 3725 accidit
2281 3678 2339 3723 ut
2396 3686 2522 3739 pars
2577 3673 2821 3739 quaedam
2877 3669 3149 3723 Gallorum
3187 3668 3327 3720 fame
3367 3683 3429 3720 ex

1861 3763 2037 3831 patria
2094 3762 2328 3832 migrare
2397 3770 2607 3824 coacta,
2648 3760 3017 3816 Macedoniam
3073 3757 3371 3822 invaderet,
3403 3772 3431 3810 a

1862 3854 2076 3921 quibus,
2130 3863 2383 3908 conserto
2417 3854 2631 3921 prtPliO.
2691 3868 2789 3907 rex
2848 3852 2999 3905 vivus
3038 3851 3273 3921 capitur,
3321 3849 3428 3901 ele-

1863 3946 2087 4012 phanto,
2120 3958 2227 4013 quo
2278 3944 2595 4006 vehebatur,
2652 3942 2895 3996 sauciato
2950 3955 3231 4004 excussus,
3280 3937 3435 3992 etab

1859 4033 2113 4087 hostibus
2161 4034 2483 4101 discerptus,
2513 4034 2731 4101 dignum
2756 4032 3194 4087 crudelitatesua
3234 4029 3433 4098 227a

1863 4126 2068 4179 exitum
2097 4124 2319 4178 invenit.
2357 4126 2660 4194 Antigonus
2687 4133 2865 4179 autem
2919 4124 3199 4187 Demetrii,
3219 4122 3307 4189 qui
3336 4136 3433 4187 pu-

1868 4231 1969 4283 gna
1995 4213 2158 4282 (quod
2208 4215 2409 4268 dictum
2440 4215 2543 4283 est)
2593 4215 2769 4268 navali
2801 4214 3312 4279 succubuerat,jam
3340 4214 3434 4265 ho-

1868 4315 1952 4360 ste
1970 4305 2203 4368 sublato,
2233 4303 2565 4359 Macedoniae
2588 4320 2812 4373 regnum
2838 4313 3083 4373 occupat.

570 4421 698 4475 CAP.
734 4417 871 4471 XVI.
904 4447 973 4458 —
1016 4417 1282 4473 Patrocles
1319 4419 1567 4473 Antiochi
1616 4418 1897 4485 prwfectus
1943 4435 1973 4471 a
2053 4416 2292 4486 Bithynis
2352 4432 2470 4469 cum
2511 4417 2743 4469 exercitu
2794 4416 3014 4469 avditur

265 4514 329 4566 Ὀ
352 4511 410 4564 δὲ
442 4511 701 4564 Σελεύκου
745 4512 1015 4579 Ἀντίοχος
1049 4510 1259 4572 πολλοῖς
1289 4510 1563 4578 πολέμοις,
1592 4511 1639 4561 εί
1664 4510 1757 4561 καὶ
1790 4512 1833 4565 D

1790 4512 1833 4565 Ι)
1930 4505 2231 4561 Antiochus
2271 4506 2508 4570 interim,
2546 4506 2758 4561 Seleuci
2815 4506 2983 4569 lilius,
3019 4520 3139 4558 cum
3179 4506 3263 4557 vix
3312 4514 3432 4557 tau-

182 4608 342 4677 μῶιις
371 4605 468 4657 καὶ
496 4605 616 4656 οὐδὲ
654 4606 856 4667 πᾶσαν,
886 4606 1037 4672 ὅμως
1076 4602 1499 4669 ἀνασωσάμενος
1534 4601 1633 4668 τὴν
1658 4618 1763 4653 πα-

175 4698 370 4769 τρῴαν
423 4696 617 4765 ἀρχὴν,
676 4697 885 4764 πέμπει
943 4695 1247 4761 στρατηγὸν
1300 4692 1613 4760 Πατροκλέα
1666 4692 1765 4743 σὺν

179 4787 630 4857 ὲκστρατεύματι
680 4788 760 4847 είς
804 4786 902 4854 τὴν
947 4785 1162 4837 ἐπιτάδε
1196 4785 1292 4837 τοῦ
1342 4784 1585 4853 Ταύρου·
1631 4787 1658 4837 ὁ
1704 4785 1762 4837 δὲ

191 4882 540 4951 Ἑρμογένην
564 4880 605 4910 ⁸⁷
636 4880 1033 4947 προσαιρεῖται,
1069 4879 1129 4930 τὸ
1167 4878 1319 4944 γένος
1363 4877 1671 4929 Ἀσπένδιον
1693 4878 1761 4942 ⁵⁸,

179 4974 242 5036 ὂς
296 4972 390 5025 ἐπί
448 4988 507 5022 τε
562 4970 743 5033 πόλεις
789 4970 951 5029 ἄλλας
1003 4970 1096 5020 καὶ
1141 4970 1232 5020 ἐπὶ
1280 4967 1377 5036 τὴν
1434 4968 1765 5035 Ἡράκλειαν

181 5064 419 5132 ὥρμητο
448 5060 738 5115 εἰσϐαλεῖν.
771 5060 892 5112 Τῶν
920 5060 976 5112 δὲ
1020 5058 1412 5127 Ἡρακλεωτῶν
1440 5059 1575 5128 πρὸς
1603 5056 1766 5110 αὑτὸν

181 5152 693 5221 πρεσϐευσαμένων
720 5151 786 5212 ⁵⁸,
810 5150 909 5217 τῆς
938 5148 1119 5218 χώρας
1148 5149 1419 5217 ἀναχωρεῖ
1457 5147 1550 5198 καὶ
1584 5147 1766 5213 φιλίαν

184 5244 525 5307 συντίθεται,
553 5243 644 5293 ἐπὶ
689 5241 787 5310 τὴν
820 5241 1070 5291 Βιθυνίαν
1114 5240 1201 5291 διὰ
1232 5239 1332 5307 τῆς
1363 5237 1602 5307 Φρυγίας
1634 5254 1768 5306 τρα-

184 5340 451 5408 πόμενος.
494 5334 858 5403 Ἐνεδρευοεὶς
881 5334 935 5384 δὲ
967 5334 1068 5384 ὑπὸ
1098 5333 1204 5383 τῶν
1234 5331 1473 5385 Βιθυνῶν
1503 5330 1766 5400 διεφθάρη

184 5447 249 5482 τε
282 5430 453 5490 αὐτὸς
490 5426 586 5479 καὶ
624 5429 656 5495 ἡ
704 5430 800 5478 σὺν
832 5426 978 5496 αὐτῷ
1010 5425 1255 5493 στρατιὰ,
1291 5424 1481 5493 ἀνδρὸς
1523 5423 1662 5493 ἔργα
1706 5423 1765 5474 τὸ

188 5521 315 5576 καθ’
354 5520 547 5573 ἑαυτὸν
574 5521 649 5583 εἰς
679 5519 967 5588 πολεμίους
989 5519 1033 5549 ⁸⁸
1058 5515 1482 5586 ἐπιδειξάμενος.

1868 4600 1990 4652 dem
2022 4598 2206 4651 multis
2274 4588 2455 4661 bellis,
2512 4611 2611 4651 nec
2671 4598 2981 4650 universum
3023 4608 3202 4650 tamen
3267 4599 3435 4664 patris

1870 4705 2092 4759 regnum
2127 4698 2520 4757 recuperasset,
2588 4690 2894 4757 expeditam
2951 4704 3167 4741 manum
3214 4690 3264 4742 in
3297 4690 3434 4741 ulte-

1868 4782 2012 4834 riora
2046 4779 2207 4834 Tauri
2231 4782 2417 4843 mittit,
2444 4781 2691 4835 Patrocle
2716 4782 2871 4845 duce,
2902 4782 2992 4849 qui
3022 4781 3433 4850 Hermogenem,

1865 4873 2199 4941 Aspendium
2243 4888 2464 4942 genere,
2496 4873 2730 4939 legatum
2765 4873 2867 4925 sibi
2896 4874 3133 4940 adoptat.
3172 4871 3266 4925 Hic
3311 4887 3433 4925 cum

1878 4965 2013 5020 alias
2054 4964 2236 5027 urbes,
2270 4974 2381 5017 tum
2425 4963 2739 5018 Heracleam
2778 4977 2992 5031 quoque
3025 4962 3280 5015 infestare
3302 4977 3431 5015 con-

1864 5056 2118 5109 stituerat
2151 5072 2165 5107 :
2201 5070 2386 5109 verum
2430 5053 2856 5107 Heraclicnsium
2890 5051 3156 5120 legatione
3191 5052 3433 5120 placatus

1864 5160 1894 5199 e
1913 5146 2107 5199 finibus
2129 5159 2314 5198 eorum
2333 5145 2565 5206 excedit,
2584 5155 2639 5197 et
2663 5159 2919 5212 percusso
2942 5142 3193 5195 amicitia:
3211 5142 3429 5204 (cedere,

1870 5251 1965 5305 per
1988 5235 2237 5305 Phrygite
2270 5251 2430 5304 agros
2461 5238 2511 5287 in
2548 5235 2857 5304 Bithyniam
2893 5248 2953 5289 se
3004 5234 3291 5288 convertit.
3329 5233 3432 5284 Ex-

1868 5338 2056 5397 ceptus
2090 5343 2215 5381 vero
2245 5326 2594 5395 Bithynorum
2649 5327 2881 5388 insidiis,
2915 5340 3017 5379 una
3052 5325 3427 5378 cumexercitu

1877 5420 2249 5476 internecione
2301 5420 2544 5484 caeditur,
2585 5437 2708 5475 cum
2763 5418 2968 5475 strenui
3016 5417 3119 5472 viri
3171 5416 3431 5479 facinora,

1877 5529 1975 5568 suo
1998 5513 2137 5576 loco,
2180 5512 2233 5567 in
2268 5511 2448 5567 hostes
2487 5514 2767 5567 edidisset.

1470 5631 1703 5685 VARIA'J
1741 5627 2143 5685 LECTIONES.

264 5731 309 5761 "
350 5727 473 5780 καλ.
510 5730 542 5793 ἡ
576 5725 834 5792 μεγέθους
864 5743 921 5787 τ.
998 5726 1040 5755 ⁵³
1072 5726 1297 5775 ἕκαστον
1332 5727 1539 5791 στοῖχον
1577 5723 1907 5793 Palinerius.
1955 5724 2159 5793 ἕκατονΔ
2184 5734 2391 5793 στοιχον
2418 5721 2457 5771 A
2487 5740 2497 5772 :
2550 5720 2925 5793 ἐκατόστοιχον
2953 5735 3021 5779 ς’,
3088 5720 3131 5749 ⁸⁵
3164 5716 3432 5793 ἀγωνιστ-

195 5802 363 5868 μένου
389 5817 448 5865 ς.

192 5864 305 5925 διον
329 5864 407 5924 Αμ
474 5868 519 5899 ⁸³
552 5866 1133 5939 διαπρεσϐευσαειένων
1162 5882 1219 5929 ς.
1302 5864 1344 5893 ⁶⁰
1399 5864 1657 5932 mitigo);
1684 5879 1738 5925 τ.

528 5784 976 5856 ὃίδιὲικιραιστάᾶτος
1017 5812 1075 5855 ς.
1118 5793 1197 5824 ’δ”
1233 5784 1482 5863 ἡττηθείς
1516 5794 1555 5845 .-\
1595 5813 1606 5845 :
1636 5792 1837 5862 ἡττήθη
1862 5810 1916 5857 τ.
1955 5788 2226 5847 addendos
2262 5789 2539 5845 ttt'tiCttlUs.
2615 5792 2657 5820 δ”
2698 5784 3030 5859 Ἑρμογένης
3060 5804 3120 5852 ς.
3168 5784 3425 5860 ³⁸.’Λσπὲν
