4208 6448
772 398 874 461 895

1922 386 2187 451 ΡΗΟΤΙΙ
2223 383 2730 449 PATRIARCII/E
2772 383 2883 445 ΟΡ.

3928 382 4039 446 896

1174 504 1302 558 Car.
1358 501 1520 557 XVII.
1567 533 1639 544 —
1670 500 2091 554 lleracliemium
2157 515 2276 551 cum
2340 496 2626 549 Nicomede
2676 496 2921 547 uarietas
2958 504 3007 546 et
3062 494 3266 546 urbium
3301 494 3640 560 recuperatio.

846 623 955 677 Ilac
972 624 1036 677 de
1068 634 1251 685 causa,
1282 618 1547 672 Antiocho
1583 618 1634 670 in
1664 616 1926 685 Bithynos
1954 615 2350 683 expeditionem
2384 622 2427 673 Α

776 717 1111 773 ἰηειίιιιοηιθ,
1154 726 1247 764 rex
1277 711 1464 763 horum
1486 709 1803 763 Nicomedes
1830 723 1924 775 per
1952 706 2153 775 legatos
2172 706 2347 760 διημί-

778 809 922 860 dium
954 809 1018 859 ab
1051 804 1490 858 lleracliensibus
1531 803 1666 868 petit
1713 812 1768 855 et
1808 801 2088 869 impetrat:
2117 800 2343 867 gratiam

778 915 833 951 se
862 898 1174 958 relaturum,
1209 895 1297 948 ubi
1334 895 1385 947 in
1420 895 1579 948 simili
1623 892 1950 946 necessitate
1986 900 2200 959 tempus
2252 890 2347 942 lla-

783 990 932 1055 gitct,
975 988 1265 1055 pollicitus.
1318 984 1429 1039 llae
1466 984 1753 1038 occasione
1774 983 2014 1044 Cierum,
2062 993 2118 1035 et
2165 980 2346 1046 Tium,

780 1089 832 1132 et
876 1078 1154 1131 Thiuidem
1191 1087 1411 1140 terram,
1445 1076 1628 1128 multis
1659 1076 1910 1143 expensis
1950 1073 2013 1126 ad
2078 1087 2137 1126 se
2189 1072 2349 1125 redu-

784 1176 997 1221 xerunt.
1038 1168 1311 1219 Amastrin
1358 1166 1564 1218 interea
1596 1168 1739 1233 (qua:
1786 1174 1839 1217 et
1880 1164 1991 1231 ipsa
2051 1177 2172 1215 cum
2234 1162 2352 1214 aliis

783 1260 1031 1327 adempta
1066 1259 1263 1323 fuerat)
1301 1266 1411 1310 tam
1444 1258 1583 1311 bello
1626 1272 1785 1323 quam
1817 1258 1992 1324 pretio
2028 1269 2351 1323 recuperare

785 1354 906 1405 dum
937 1351 1278 1419 percupiunt,
1316 1364 1568 1404 successu
1593 1358 1781 1404 carent
1832 1348 1984 1401 felice
2016 1365 2028 1405 :
2068 1355 2350 1417 proiiterea

784 1443 925 1509 quod
965 1443 1055 1511 qui
1088 1441 1229 1495 illam
1266 1442 1483 1495 tenebat
1545 1442 1833 1505 Eumenes,
1868 1441 2220 1504 Ariobazani,
2255 1438 2354 1491 Mi-

786 1534 1038 1586 thridatis
1066 1532 1192 1595 filio,
1242 1532 1409 1601 gratis
1466 1547 1583 1585 eam
1633 1532 1873 1595 tradere,
1906 1546 2067 1600 quam
2125 1531 2351 1600 pecunia

787 1626 1080 1680 reveudere
1118 1624 1553 1680 lleracliensibus
1576 1624 1780 1689 mallet,
1812 1626 2031 1678 vesania
2083 1623 2177 1678 ira:
2224 1625 2353 1679 sub-

786 1726 960 1769 actus.

2529 610 2627 660 Διὰ
2672 610 2845 661 ταῦτα
2876 610 2937 677 δὴ
2974 608 3392 676 ἐπιστρατεύειν
3422 608 3721 675 ἐγνωκότος
3755 608 4037 678 Ἀντιόχου

2452 704 2595 756 κατα
2622 701 2883 761 Βιθυνῶν,
2909 704 2936 753 6
2961 700 3165 753 τούτων
3190 699 3443 768 βασιλεὺς
3465 699 3781 768 Νικομήδης
3806 701 4038 770 διαπρε-

2454 795 2706 847 σϐεύεται
2760 793 2896 863 πρὸς
2966 792 3295 860 Ἡράκλειαν
3350 792 3666 860 συμμαχίαν
3698 793 3887 856 αἰτῶν,
3939 794 4040 843 καὶ

2452 887 2710 956 τυγχάνει
2733 888 2830 955 τῆς
2856 887 3109 954 σπουδῆς,
3141 888 3198 937 ἐν
3226 886 3435 955 ὁμοίοις
3457 888 3669 955 καιροῖς
3695 887 3788 937 καὶ
3819 886 4037 954 χρείαις

2452 977 2550 1048 τὴν
2581 978 2815 1047 ἀμοιϐὴν
2849 978 3236 1047 ὑποσχόμενος.
3300 978 3387 1029 Ἐν
3417 978 3592 1046 τούτῳ
3618 978 3676 1027 δὲ
3718 977 4038 1045 Ἡρακλεῶ-

2452 1090 2541 1125 ται
2571 1074 2673 1141 τήν
2715 1089 2772 1124 τε
2810 1072 2905 1123 Κίε
2918 1088 3008 1141 ρον
3038 1071 3133 1123 καὶ
3160 1070 3256 1139 τὴν
3284 1072 3408 1122 Τίον
3443 1069 3787 1122 ἀνεσώσαντο
3813 1070 3907 1120 καὶ
3937 1070 4039 1134 τὴν

2452 1165 2649 1217 Θυνίδα
2686 1166 2808 1234 γῆν,
2856 1165 2984 1235 [7‘20
3023 1164 3113 1235 IL]
3150 1164 3322 1216 πολλὰ
3368 1163 3476 1216 τῶν
3521 1163 3817 1233 χρημάτων
3862 1162 4040 1214 δαπα-

2454 1258 2738 1326 νήσαντες·
2770 1256 2869 1326 τὴν
2898 1257 2955 1308 δέ
2985 1256 3291 1325 Ἀμαστριν
3323 1250 3425 1325 (ἦν
3456 1253 3566 1324 γάρ
3599 1255 3694 1306 καὶ
3725 1252 3861 1321 αὐτὴ
3898 1252 4042 1317 μετά

2454 1349 2562 1400 τῶν
2609 1348 2785 1399 ἀλλων
2832 1348 3205 1419 ἀφῃρημένη)
3255 1347 3349 1400 καὶ
3395 1348 3615 1416 πολέμῳ
3650 1346 3741 1399 καὶ
3789 1347 4042 1414 χρήμασι

2461 1439 2820 1509 βουληθέντες
2845 1440 2983 1500 τέως
3014 1439 3302 1492 ἀναλαϐεῖν
3336 1439 3509 1508 αὐτὴν
3539 1440 3599 1491 οὐ
3638 1436 4040 1505 κατώρθωσαν,

2458 1532 2553 1584 τοῦ
2594 1532 2919 1600 κατέχοντος
2967 1533 3137 1602 αὐτὴν
3181 1532 3458 1601 Εὐμένους
3514 1531 3912 1601 Ἀριοϐαρζάνῃ
3964 1530 4045 1599 τῷ

2459 1623 2791 1691 Μιθριδάτου
2816 1624 2965 1676 παιδὶ
2988 1626 3193 1693 προῖκα
3220 1623 3420 1691 μᾶλλον
3446 1621 3781 1691 παραδοῦναι
3811 1621 4044 1688 ταύτην.

2460 1716 2492 1783 ἢ
2545 1716 2845 1786 παρέχουσι
2892 1718 3152 1786 χρήματα
3196 1717 3311 1779 τοῖς
3368 1714 3775 1785 Ἡρακλεώταις
3801 1752 3817 1776 ,
3852 1714 3943 1765 διὰ
3986 1712 4049 1763 τὸ

2457 1806 2558 1877 τῆς
2587 1809 2756 1879 ὀργῆς
2784 1808 3117 1878 ὑπαχθέντος
3144 1808 3452 1876 ἀλόγιστον.

1358 1914 1486 1969 Car.
1530 1914 1715 1969 XVIII.
1743 1944 1811 1954 —
1852 1912 2274 1970 Ileracliemium
2305 1933 2421 1969 cum
2446 1917 2643 1987 Zipwta
2678 1922 2889 1991 bellum,
2910 1922 3085 1976 clades
3115 1932 3161 1977 et
3192 1925 3432 1978 victoria.

849 2037 1189 2106 Subftempus
1217 2036 1368 2099 illud,
1388 2036 1585 2090 beilum
1609 2035 1867 2090 adversus
1897 2034 2142 2105 Zipmten
2166 2034 2357 2106 Bithy-
2390 2045 2433 2100 Β

793 2147 943 2193 I’llllll,
966 2132 1054 2198 qui
1086 2129 1419 2198 'l‘hyniacam
1450 2144 1569 2181 cum
1614 2128 1843 2195 imperio
1891 2127 2184 2183 Thraciam
2217 2128 2358 2182 obti-

796 2224 980 2284 nebat,
1011 2221 1382 2275 lleraclienses
1418 2222 1649 2289 excepit.
1697 2220 1822 2285 Quo
1878 2220 1930 2274 in
1990 2220 2131 2274 bello
2195 2217 2361 2273 llera-

800 2317 1093 2369 cleotarum
1135 2315 1268 2367 bona
1290 2328 1433 2381 pars,
1467 2311 1681 2366 fortiter
1713 2312 2038 2377 dimicando,
2071 2327 2209 2365 caesa
2241 2311 2359 2365 fuit.

798 2408 865 2461 Et
899 2407 1119 2461 victoria
1154 2407 1368 2475 quidem
1402 2421 1607 2459 summa
1638 2406 1686 2457 vi
1741 2405 1942 2473 potitur
1978 2404 2210 2472 Zipaates
2232 2420 2246 2459 :
2272 2405 2364 2459 sed

798 2502 887 2553 ubi
930 2500 1197 2553 sociorum
1266 2499 1462 2552 auxilia
1518 2506 1949 2565 supervenerant
2010 2497 2363 2565 lleraeleotis,

804 2594 925 2658 fugi
949 2594 1091 2644 illam
1113 2591 1453 2645 dehonestat.
1484 2592 1623 2659 Ergo
1654 2592 1741 2659 qui
1766 2592 1921 2644 modo
1950 2590 2366 2653 succubuerant,

805 2687 1064 2737 cadavera
1132 2700 1350 2737 SUOl'lllll
1403 2694 1671 2746 asserunt,
1723 2694 1774 2736 et
1822 2691 2065 2737 cremant
2130 2696 2365 2735 δεοιιτος

804 2785 858 2827 et
875 2775 1066 2827 exinde
1091 2777 1189 2827 sub
1223 2774 1506 2827 arbitrium
1537 2790 1690 2826 suum
1728 2774 1998 2841 redigunt,
2062 2772 2132 2826 de
2168 2772 2368 2839 quibus

806 2869 945 2922 bello
973 2868 1393 2935 disceptabatur,
1427 2875 1479 2918 et
1537 2880 1657 2919 ossa
1732 2865 2137 2918 interfectorum
2176 2863 2230 2916 in
2274 2878 2366 2915 ur-

808 2962 927 3012 bem
968 2961 1154 3021 relata,
1189 2958 1475 3026 magnifice
1529 2960 1579 3010 in
1618 2958 1872 3023 prteclare
1932 2958 2248 3011 meritorum
2305 2954 2371 3008 de

811 3053 981 3119 patria
1021 3060 1367 3104 monumento
1401 3049 1731 3102 conducunt.

2549 2038 2684 2091 Ὑπὸ
2709 2040 2764 2092 δὲ
2792 2040 2916 2102 τοὺς
2945 2040 3143 2104 αὐτοὺς
3167 2041 3393 2111 χρόνους
3416 2041 3693 2110 ἐκδέχεται
3716 2042 3843 2102 τοὺς
3875 2039 4049 2110 Ἦρα-

2466 2129 2708 2193 κλεώτας
2748 2132 2776 2183 6
2825 2131 2961 2198 πρὸς
2993 2132 3251 2201 Ζιποίτην
3285 2133 3377 2186 τὸν
3414 2132 3635 2184 Βιθυνὸν
3683 2130 3917 2200 πόλεμος
3940 2174 3957 2196 ,
3994 2131 4053 2193 ὃς

2464 2223 2565 2289 τῆς
2592 2222 2866 2291 Θυνιακῆς
2894 2222 3102 2293 ἐπῆρχε
3133 2222 3379 2293 Θράκης.
3420 2224 3509 2276 Ἐν
3539 2217 3583 2291 ᾧ
3610 2222 3829 2293 πολέμῳ
3863 2222 4055 2275 πολλοὶ

2467 2314 2575 2364 τῶν
2614 2314 3008 2383 Ἡρακλεωτῶν
3033 2315 3299 2382 γενναίως
3325 2315 3711 2385 ἀνδρισάμενοι
3736 2316 4057 2383 κατεκόπη-

2473 2426 2590 2470 σαν,
2633 2409 2725 2460 καὶ
2754 2410 2879 2478 νικᾷ
2908 2409 3007 2477 μὲν
3048 2409 3189 2461 κατὰ
3216 2409 3259 2439 “
3304 2410 3505 2478 κράτος
3526 2410 3554 2461 6
3586 2409 3844 2478 Ζιποίτης
3865 2448 3881 2471 ,
3912 2425 4056 2477 συμ-

2473 2503 2697 2571 μαχίδος
2722 2502 2778 2554 δέ
2802 2502 3084 2571 δυνάμεως
3118 2506 3228 2565 τοῖς
3258 2501 3663 2572 Ἡρακλεώταις
3693 2501 4055 2571 ἐπελθούσης,

2471 2597 2613 2661 φυγῇ
2646 2593 2744 2663 τὴν
2776 2592 2931 2661 νίκην
2963 2595 3343 2662 καταισχύνει.
3389 2595 3452 2645 Οί
3484 2594 3542 2645 δὲ
3590 2594 3886 2662 ἡττημένοι
3926 2595 4058 2653 τοὺς

2471 2685 2771 2755 σφετέρους
2812 2686 3041 2756 νεκροὺς
3080 2686 3253 2748 ἀδεῶς
3284 2686 3644 2744 ἀναλαϐόντες
3678 2688 3773 2737 καὶ
3813 2686 4055 2737 καύσαν-

2471 2798 2583 2844 τες,
2609 2777 2730 2834 εἶτα
2754 2780 2847 2833 καὶ
2879 2782 3097 2833 πάντων
3126 2779 3309 2849 κύριοι
3336 2821 3350 2843 ,
3382 2781 3508 2849 περὶ
3544 2774 3617 2832 ὧν
3638 2775 3703 2849 ἦν
3737 2782 3765 2831 ὁ
3791 2780 4053 2847 πόλεμος,

2476 2873 2865 2936 καταστάντες,
2896 2872 2989 2924 καὶ
3030 2871 3099 2923 τὰ
3128 2873 3262 2924 ὀστᾶ
3295 2871 3401 2924 τῶν
3448 2873 3808 2941 ἀνῃρημένων
3849 2872 4026 2923 ἀνακο

2481 2963 2738 3031 μίσαντες
2775 2963 2853 3023 είς
2881 2961 2980 3031 τὴν
3027 2961 3205 3025 πόλιν,
3251 2962 3528 3029 ἐπιφανῶς
3577 2963 3636 3013 ἐν
3677 2960 3756 3030 τῷ
3787 2960 3901 3014 τῶν
3936 2960 4061 3030 ἀρι-

2485 3053 2655 3105 στέων
2690 3053 2895 3121 ἔθαψαν
2921 3052 3191 3121 μνήματι.

1297 3164 1423 3217 Car.
1468 3162 1944 3218 XlX.—-Antiochi
1966 3177 2085 3215 cum
2112 3161 2372 3231 Antigono
2397 3174 2444 3216 et
2475 3163 2761 3217 Nicomede
2792 3163 2979 3217 bellum
3001 3173 3050 3217 et
3088 3162 3308 3215 Heracl.
3343 3162 3565 3215 auxilia.

879 3280 1032 3333 Circa
1063 3279 1175 3332 hac
1216 3278 1641 3345 tempora,inter
1694 3277 2015 3330 Antiochum
2075 3276 2289 3331 Seleuci
2316 3287 2371 3330 et

810 3368 1137 3436 Antigonum
1192 3366 1688 3433 Demetrii,iugens
1750 3376 1993 3419 movetur
2040 3366 2282 3420 bellum:
2318 3376 2374 3419 et

2551 3279 2707 3331 Κατά
2751 3278 2807 3329 δὲ
2852 3279 2977 3339 τοὺς
3018 3276 3218 3337 αὐτοὺς
3267 3275 3491 3344 χρόνους
3540 3274 3801 3344 Ἀντιόχῳ
3844 3273 3928 3345 τῷ
3972 3276 4064 3327 Σε-

2479 3371 2673 3423 λεύκου
2699 3372 2791 3423 καὶ
2829 3369 3119 3436 Ἀντιγόνῳ
3146 3367 3225 3435 τῷ
3262 3367 3602 3436 Δημητρίου,
3638 3365 3896 3433 μεγάλων
3934 3367 4063 3417 ἐκα-

810 3461 937 3512 dum
979 3471 1201 3522 magnos
1238 3455 1494 3519 utrinque
1534 3465 1830 3521 apparatus
1859 3455 2067 3508 faciunt
2094 3456 2146 3507 in
2187 3456 2371 3523 cepias
2401 3492 2430 3549 ε

2482 3459 2715 3527 τέρωθεν
2730 3457 3151 3527 στρατευμάτων
3167 3456 3813 3524 ἀντιπαραταττομένων,
3834 3456 4065 3507 κινεῖτα.

811 3551 1093 3611 militares,
1145 3556 1357 3614 tempus
1394 3548 1527 3599 satis
1570 3546 1785 3614 longum
1808 3550 2161 3600 consumitur.
2204 3547 2372 3601 Alteri

810 3639 1129 3692 Nicomedes
1161 3638 1353 3704 227b
1389 3636 1654 3705 Bithynia:
1692 3654 1783 3689 rex
1841 3652 2058 3705 Operam
2098 3640 2325 3691 navabat
2356 3656 2372 3703 ;

817 3730 1084 3783 Antiocho
1147 3727 1451 3796 complures
1532 3728 1645 3782 alii.
1708 3728 1945 3781 Necdqu
2035 3730 2373 3796 eruptionem

816 3822 1020 3873 fecerat
1065 3819 1116 3870 iu
1174 3818 1501 3885 Antigonum
1538 3819 1860 3878 Antiochus,
1888 3835 2008 3871 cum
2050 3820 2245 3871 bellum
2278 3820 2376 3872 ad-

814 3927 1003 3963 versus
1027 3911 1369 3964 Nicomedem
1413 3910 1663 3963 instituit.
1703 3909 1798 3963 llic
1853 3910 2014 3978 igitur
2055 3909 2373 3963 Nicomedes

813 4014 866 4055 et
898 4003 1110 4055 aliunde
1135 4002 1331 4053 auxilia
1365 4002 1587 4065 colligit,
1622 4010 1675 4054 et
1704 4002 1767 4054 de
1800 4002 1920 4053 belli
1954 4004 2213 4055 societate
2267 4000 2376 4055 lle-

819 4095 1048 4146 racleam
1106 4093 1287 4145 missis
1338 4093 1546 4158 legatis,
1575 4092 1641 4145 15
1674 4094 1727 4145 iu
1768 4092 2063 4146 subsidium
2124 4095 2374 4147 triremes

816 4184 1030 4249 accipit,
1090 4192 1144 4234 et
1198 4193 1305 4235 tum
1348 4182 1561 4235 demum
1637 4181 1867 4235 classem
1913 4196 2064 4234 suam
2116 4184 2373 4235 Antiochi

817 4277 975 4327 classi
1015 4275 1255 4341 opponit.
1308 4274 1417 4326 Etsi
1454 4284 1636 4326 autem
1670 4275 1925 4327 adversas
1959 4274 2267 4342 aliquandiu
2304 4286 2375 4327 te-

818 4370 1012 4420 nebant
1036 4370 1201 4429 acies,
1240 4368 1410 4419 neutri
1446 4378 1625 4420 tamen
1649 4382 1839 4435 pugna:
1888 4370 2100 4419 initium
2142 4368 2370 4431 faciunt,

816 4458 908 4509 sed
941 4456 1141 4523 absque
1158 4455 1347 4509 effectu
1382 4457 1601 4508 tandem
1644 4455 1997 4509 divelluntur.

2480 3554 2509 3603 6
2540 3550 2794 3620 πόλεμος,
2824 3552 2917 3601 καὶ
2945 3549 3139 3617 χρόνον
3172 3547 3366 3618 συχνὸν
3410 3546 3726 3615 κατέτριψεο
3766 3549 4067 3617 συνεμάχει

2482 3644 2537 3695 δὲ
2561 3644 2639 3711 τῷ
2672 3643 2770 3711 μὲν
2799 3644 2827 3694 6
2851 3642 2949 3710 τῆς
2986 3640 3239 3701 Βιθυνίας
3269 3639 3520 3708 βασιλεὺς
3546 3638 3862 3709 Νικομήδης
3886 3679 3903 3702 ,
3952 3642 4067 3692 ’Λν-

2481 3736 2644 3805 τιόχῳ
2669 3734 2725 3785 δὲ
2744 3733 2927 3785 πολλοὶ
2952 3734 3149 3801 ἕτεροι.
3184 3731 3349 3784 Οὔπω
3369 3732 3425 3784 δὲ
3458 3732 3756 3802 συρραγεις
3787 3732 4064 3801 Ἀντίοχος

2493 3826 2782 3894 Ἀντιγόνῳ
2813 3824 2904 3877 τὸν
2929 3823 3064 3892 πρὸς
3083 3823 3401 3893 Νικομήδην
3428 3822 3725 3893 χειρίζεται
3748 3822 4011 3889 πόλεμον·
4042 3823 4068 3872 6

2481 3919 2537 3970 δὲ
2568 3916 2885 3985 Νικομήδης
2925 3914 3223 3983 ἀλλαχόθεν
3252 3930 3313 3966 τε
3353 3914 3609 3983 δυνάμεις
3638 3912 3882 3982 ἀθροίζει
3909 3953 3925 3975 ,
3977 3912 4067 3964 καὶ

2480 4008 2792 4075 συμμαχεῖν
2863 4005 3001 4076 πρὸς
3048 4002 3434 4073 Ἡρακλεώτας
3497 4002 4070 4072 διαπρεσϐευσάμενος

2476 4099 2723 4167 τριήρεις
2752 4096 2821 4164 ιγ’
2852 4095 2981 4167 [574
3011 4093 3104 4167 Η.]
3132 4095 3455 4164 συμμάχους
3489 4093 3779 4162 λαμϐάνει,
3830 4094 3931 4146 καὶ
3959 4093 4068 4144 λοι-

2478 4188 2579 4241 πὸν
2614 4188 3063 4241 ἀντικαθίσταται
3113 4186 3193 4254 τῷ
3240 4184 3336 4237 τοῦ
3376 4185 3651 4254 Ἀντιόχου
3709 4184 3903 4252 στόλῳ.
3953 4184 4071 4236 Ἐπὶ

2478 4282 2669 4349 χρόνον
2710 4279 2766 4331 δέ
2795 4296 2917 4331 τινα
2960 4275 3460 4337 ἁντικαταστάντες
3486 4275 3757 4343 ἀλλήλοις,
3792 4274 4070 4346 οὐδέτεροι

2483 4372 2663 4441 μάχης
2692 4368 2884 4442 ἦρξαν,
2913 4369 3029 4423 ἀλλ’
3061 4369 3336 4438 ἄπρακτοι
3364 4368 3409 4399 ⁸³
3442 4366 3785 4436 διελύθησαν.

1509 4570 1635 4624 ΕΜ».
1670 4570 1786 4624 XX.
1810 4603 1878 4611 -—
1904 4571 2175 4627 Gallorum
2201 4577 2256 4628 in
2282 4574 2461 4627 Asiam
2486 4572 2898 4640 transmigratio,
2929 4581 2975 4623 et
3004 4570 3147 4623 sedes
3179 4569 3450 4620 distincta.

888 4681 1177 4747 l'ostquam
1206 4695 1333 4733 vero
1362 4679 1495 4733 Galli
1522 4681 1587 4733 ad
1640 4680 1958 4751 Byzantium
1984 4683 2164 4748 delati,
2202 4684 2379 4737 maxi.
2410 4687 2454 4741 D

821 4789 960 4826 Iu.uu
992 4772 1208 4823 ditionis
1240 4783 1444 4839 partem
1500 4773 1981 4839 depopularentur,
2044 4775 2197 4828 fracti
2242 4776 2381 4829 bello

820 4862 1121 4929 Byzantini,
1168 4862 1462 4925 sociorum,
1498 4864 1601 4916 huc
1636 4864 1760 4915 illuc
1796 4865 2150 4928 missitantes,
2184 4868 2381 4920 auxilia

821 4956 1135 5021 implorant,
1159 4964 1211 5006 et
1242 4953 1469 5020 quisque
1489 4969 1585 5021 pro
1624 4956 1814 5007 virium
1850 4957 2009 5008 modo
2052 4959 2378 5027 suppeditat.

820 5046 1193 5100 lleraclieuses
1222 5048 1380 5099 etiam
1418 5061 1613 5100 aureos
1660 5048 1803 5101 tnille
1831 5049 2060 5118 (tantum
2117 5052 2259 5104 enim
2309 5052 2384 5105 le-

820 5141 929 5206 gati
960 5137 1244 5207 petierant)
1273 5138 1702 5191 subministrant.
1755 5140 1863 5193 Nec
1888 5141 2099 5211 longum
2130 5142 2180 5195 in
2208 5142 2384 5196 medio

822 5233 1074 5299 spatium,
1125 5246 1245 5284 cum
1287 5231 1604 5284 Nicomedes
1644 5231 1812 5287 Gallis
1870 5232 1963 5303 [ιιι.
2030 5234 2256 5305 Calatis]
2296 5237 2383 5303 qui

822 5325 1111 5379 iucursatis
1149 5325 1323 5378 adhuc
1384 5324 1805 5395 Byzantinorum
1872 5327 2086 5391 finibus,
2166 5329 2381 5381 tametsi

832 5433 1203 5485 saepenumero
1234 5418 1287 5470 in
1338 5419 1520 5472 Asiam
1578 5419 1830 5485 trajicere
1861 5422 2061 5486 conati,
2112 5422 2270 5475 toties
2322 5421 2389 5475 ab

829 5510 1039 5577 incepto
1058 5511 1339 5574 desistere,
1373 5512 1786 5565 adversantibus
1852 5512 2182 5581 Byzantinis,
2214 5514 2386 5566 coacti

832 5611 1029 5665 essent,
1058 5602 1220 5656 certis
1248 5612 1425 5655 tamen
1480 5602 1887 5655 conditionibus
1925 5603 2212 5655 transitum
2265 5616 2385 5655 cou-

2566 4683 2717 4735 Ἐπεὶ
2746 4682 2801 4733 δέ
2832 4682 3066 4733 Γαλάται
3091 4680 3228 4751 πρὸς
3260 4680 3321 4731 τὸ
3345 4679 3639 4742 Βυζάντιον
3676 4673 3811 4745 ἧκον
3847 4678 3949 4730 καὶ
3979 4680 4071 4746 τήν

2491 4776 2749 4845 πλείστην
2781 4775 2949 4843 αὐτῆς
2983 4773 3246 4844 ἐδῄωσαν,
3280 4771 3356 4840 τῷ
3390 4772 3614 4838 πολέμῳ
3639 4770 4071 4831 ταπεινωθέντες

2489 4869 2537 4921 οἱ
2600 4871 2658 4920 ἐν
2718 4866 2995 4935 Βυζαντίῳ
3050 4866 3325 4935 πέμπουσι
3379 4862 3511 4932 πρὸς
3569 4864 3693 4924 τοὺς
3750 4865 4071 4933 συμμάχους

2487 4962 2728 5031 δεόμενοι
2753 4959 3040 5026 ὠφελείας.
3074 4958 3181 5009 Καὶ
3218 4957 3489 5026 παρέσχον
3521 4956 3617 5023 μὲν
3660 4956 3868 5017 πάντες
3898 4957 3977 5018 ὡς
4003 4952 4069 5007 εἷ-

2490 5071 2582 5123 χον
2618 5054 2798 5120 ἰςχύος
2824 5094 2837 5116 ,
2873 5051 3145 5120 παρέσχον
3172 5049 3227 5100 δὲ
3260 5049 3353 5100 καὶ
3376 5050 3425 5100 οἱ
3455 5050 3551 5116 τῆς
3588 5047 3917 5115 Ἡρακλείας
3953 5052 4067 5111 (τοο

2492 5146 2683 5198 σοῦτον
2732 5143 2839 5214 γάρ
2879 5144 2911 5212 ἡ
2961 5141 3227 5212 πρεσϐεία
3265 5140 3402 5209 ᾔτει)
3456 5138 3689 5208 χρυσοῦς
3722 5156 4069 5208 τετρακισχι·

2491 5237 2659 5297 λίους.
2700 5235 2832 5287 Μετ’
2877 5234 2937 5285 οὐ
2986 5233 3117 5285 πολὺ
3156 5232 3213 5283 δὲ
3262 5230 3579 5299 Νικομήδης
3612 5230 3737 5291 τοὺς
3781 5228 4066 5291 Γαλάτας.

2493 5321 2571 5387 οἷς
2595 5328 2627 5395 ή
2658 5323 2975 5393 καταδρομὴ
3000 5322 3105 5375 τῶν
3132 5321 3437 5386 Βυζαντίων
3462 5320 3773 5387 ἐγεγένητο,
3807 5319 4069 5378 πολλάκις

2497 5418 2598 5485 μὲν
2629 5418 3084 5487 ἐπιχειρήσαντας
3110 5416 3208 5485 τήν
3250 5415 3434 5468 Ἀσίαν
3457 5413 3856 5484 περαιωθῆναι,
3888 5430 4071 5464 τοσαυ-

2494 5510 2649 5571 τάκις
2683 5509 2739 5559 δὲ
2790 5507 3180 5576 άποτυχόντας,
3209 5507 3305 5559 οὐκ
3351 5507 3692 5577 ἀνεχομένων
3746 5503 3845 5575 τὴν
3876 5505 4071 5574 πρᾶξιν

2497 5600 2824 5664 Βυζαντίων,
2861 5600 2952 5653 ἐπὶ
2990 5599 3283 5669 συνθήκαις
3336 5600 3487 5666 ὅμως
3529 5596 3944 5667 παρασκευάζει
3977 5612 4071 5647 πε-

2096 5735 2330 5789 νᾹΒΙΛΞ
2375 5734 2776 5791 LECTIONI‘LS.

906 5830 947 5862 "
981 5832 1117 5887 καεοὶ
1149 5833 1224 5893 .-\.'
1257 5832 1358 5888 ἀνά
1382 5850 1439 5899 τ.

1521 5835 1562 5865 ω
1593 5832 1866 5902 ἄπρακτοι
1900 5832 1942 5885 Α
1976 5850 1987 5885 :
2028 5832 2386 5902 ἀπεράόεκτοι
2420 5848 2481 5894 τ.
