4208 6448
102 426 206 491 891

1186 412 1716 477 BIBLIOTHECA.
1756 438 1824 449 -·
1861 411 2028 475 COD.
2065 414 2367 478 CCXXIV.

3254 417 3364 481 898

97 537 419 609 ραιωθῆναι.
460 536 527 589 Δί
551 536 609 588 δὲ
652 534 939 604 συνθῆκαι,
973 529 1275 599 Νικομήδει
1309 527 1411 598 μέν
1439 527 1535 581 καὶ
1562 528 1673 587 τοῖς

1788 524 2001 579 tiliavit.
2029 525 2415 581 Conditionum
2446 524 2680 579 formula
2707 524 2820 579 haec
2841 533 2995 579 erat:
3030 522 3101 580 Ut
3146 526 3361 581 barbari

94 628 341 697 ἐκγόνοις
388 628 476 680 ἀεὶ
506 627 635 695 φίλα
668 627 886 694 φρονεῖν
924 624 1048 683 τοὺς
1078 622 1390 692 βαρϐάρους
1412 660 1428 685 ,
1458 619 1553 673 καί
1578 617 1677 687 τῆς

92 720 321 789 γνώμης
366 717 461 770 τοῦ
512 717 856 785 Νικομήδους
913 714 1083 784 χωρὶς
1132 713 1323 782 μηδενὶ
1369 712 1679 778 συμμαχεῖν

92 813 195 865 τῶν
233 812 373 880 πρὸς
419 810 621 872 αὐτοὺς
654 808 1221 877 διαπρεσϐευομένων,
1256 803 1371 857 ἀλλ’
1404 801 1545 856 εἶναι
1588 800 1678 868 φι-

92 904 213 964 λους
258 904 358 971 μὲν
386 906 496 965 τοῖς
541 902 739 969 φίλοις,
773 899 1070 968 πολεμίους
1099 898 1155 949 δὲ
1188 899 1301 960 τοῖς
1331 896 1392 948 οὐ
1442 893 1679 961 φιλοῦσι,

95 995 409 1062 συμμαχεῖν
452 992 507 1044 δὲ
556 992 649 1044 καὶ
687 991 1003 1054 Βυζαντίοις
1030 1030 1045 1053 ,
1096 988 1147 1041 εἰ
1186 1005 1287 1040 που
1336 987 1553 1056 δεήσοι,
1589 985 1682 1038 καὶ

94 1087 312 1147 Τιανοῖς
338 1084 397 1137 δὲ
429 1085 523 1137 καὶ
564 1084 975 1153 Ἡρακλεώταις
1008 1083 1100 1135 καὶ
1149 1080 1539 1149 Καλχηδονίοις
1590 1078 1683 1131 καὶ

94 1177 390 1245 Κιερανοῖς
426 1177 519 1228 καί
559 1193 699 1227 τισιν
733 1176 943 1245 ἑτέροις
990 1175 1161 1228 ἐθνῶν
1204 1174 1489 1243 ἄρχουσιν.
1559 1169 1684 1223 Ἐπὶ

95 1268 321 1328 ταύταις
350 1268 449 1337 μὲν
470 1269 589 1329 ταῖς
615 1268 913 1335 συνθήκαις
943 1265 1264 1334 Νικομήδης
1292 1263 1352 1315 τὸ
1384 1261 1684 1314 Γαλατικὸν

100 1359 306 1426 πλῆθος
336 1361 415 1420 εἰς
456 1357 642 1410 Ἀσίαν
663 1356 989 1420 διαϐιϐάζειο
1013 1351 1087 1409 ὧν
1116 1357 1436 1426 περιφανεῖς
1464 1354 1561 1421 μὲν
1593 1352 1685 1404 ἐπὶ

100 1450 159 1499 τὸ
193 1450 238 1479 ⁸³
273 1449 464 1517 ἄρχειν
500 1448 565 1512 ιζ’
603 1450 693 1501 τὸν
726 1448 958 1518 ἀριθμὸν
1008 1444 1173 1518 ἦσαν,
1212 1451 1259 1499 ot
1294 1446 1351 1499 δὲ
1382 1447 1472 1497 καὶ
1506 1443 1685 1496 αὐτῶν

99 1540 312 1592 τούτων
367 1541 793 1610 προκεκριμένοι
847 1540 942 1592 καὶ
995 1541 1283 1609 κορυφαῖοι
1340 1534 1686 1604 Λεωννώριος

101 1634 279 1701 ήστην
324 1633 418 1684 καὶ
452 1631 797 1702 Λουτούριος.

174 1790 319 1861 [721
377 1789 483 1862 R.]
545 1789 693 1860 Αὕτη
763 1785 941 1843 τοίνυν
1006 1790 1115 1843 τῶν
1188 1792 1443 1845 Γαλατῶν
1498 1796 1531 1863 ή
1595 1795 1687 1848 ἐπὶ

1780 611 2062 673 Nicomedi
2108 616 2335 686 ejusque
2367 617 2603 685 posteris
2650 626 2914 685 perpetuo
2960 617 3214 671 amicitia:
3270 618 3364 671 [ω-

1780 712 1913 767 dere
1956 712 2231 779 conjuncti
2276 721 2584 775 manerent,
2637 712 2840 779 absque
2874 709 3180 765 Nicomedis
3240 726 3363 765 sen-

1782 805 1948 858 tentia
1982 814 2037 859 et
2064 805 2340 859 voluntate
2375 803 2602 865 nemini,
2643 817 2672 854 a
2710 817 2819 871 quo
2846 817 2941 870 per
2975 802 3178 871 legatos
3211 803 3361 856 solli-

1782 896 2106 957 citarentur,
2144 896 2196 949 in
2219 895 2371 948 bellis
2394 909 2547 962 opem
2590 894 2791 946 ferrent
2818 911 2830 945 :
2862 893 2954 947 sed
2987 894 3176 947 amicis
3206 894 3361 959 hujus

1782 990 1967 1054 amici,
1993 998 2044 1043 et
2066 989 2301 1043 inimicis
2330 989 2515 1041 hostes
2543 986 2739 1040 forent.
2764 986 2808 1039 A
2855 985 3168 1055 Byzantinis
3198 987 3362 1039 etiam

1784 1088 2019 1144 starent,
2080 1080 2125 1134 si
2182 1096 2286 1149 qua
2337 1078 2638 1133 necessitas
2693 1077 2973 1131 incideret.
3027 1076 3362 1130 Societatem

1785 1182 2052 1239 prmterea
2078 1171 2326 1227 colerent
2356 1186 2477 1225 cum
2506 1170 2694 1224 Tianis
2715 1178 2770 1223 et
2814 1169 3275 1233 Heraclicnsibus,
3309 1180 3364 1222 et

1790 1262 2192 1326 Chalcedoniis,
2240 1273 2289 1317 et
2344 1261 2618 1324 Cieranis,
2670 1271 2727 1315 et
2779 1261 3051 1315 nonnullis
3083 1262 3173 1329 qui
3231 1260 3365 1314 alias

1787 1357 1886 1409 sub
1932 1356 2315 1425 jnrisdictione
2362 1363 2548 1423 gentes
2604 1352 2881 1406 haberent.
2944 1352 3038 1406 llis
3087 1364 3363 1421 pactorum

1788 1445 2000 1513 legibus
2036 1442 2359 1498 Nicomedes
2397 1442 2675 1496 Gallorum
2733 1440 2833 1512 [αι.
2857 1440 3193 1513 Galatarum]
3229 1442 3367 1495 mul-

1791 1537 2073 1589 titndinem
2116 1537 2165 1589 in
2201 1538 2384 1590 Asiam
2424 1535 2752 1589 transmisit.
2786 1532 2985 1587 llorum
3024 1536 3287 1602 principes
3312 1535 3365 1587 in

1788 1627 2015 1694 imperio
2050 1625 2287 1679 illustres
2318 1626 2383 1680 l7
2413 1624 2586 1689 fuere,
2637 1626 2781 1678 inter
2834 1639 2969 1691 quos
3016 1625 3269 1694 prmcipui
3313 1633 3368 1678 et

1788 1716 2009 1779 summi,
2044 1713 2345 1770 Leonorius
2378 1724 2431 1769 et
2459 1713 2738 1767 Lutarius.

1863 1806 1988 1861 Hmc
2034 1808 2199 1877 igitur
2255 1807 2532 1862 Gallorum
2584 1806 2636 1859 in
2698 1804 2881 1858 Asiam
2940 1802 3366 1871 transmigratio,

96 1884 196 1952 τὴν
266 1884 455 1936 Ἀσίαν
501 1883 753 1945 διάϐασις
810 1885 930 1936 κατ’
990 1884 1165 1953 ἀρχάς
1220 1886 1319 1954 μὲν
1376 1886 1469 1938 ἐπὶ¹
1532 1887 1687 1957 κακῷ

1796 1898 1971 1967 primo
2009 1900 2252 1967 quidem,
2285 1899 2347 1951 ad
2385 1897 2687 1951 incolarum
2718 1896 3100 1949 detrimentum
3123 1908 3369 1963 progres-

97 1976 209 2025 τῶν
262 1976 566 2044 οἰκητόρων
622 1976 905 2045 προελθεῖν
958 1975 1254 2046 ἐνομίσθη,
1319 1977 1379 2030 τὸ
1432 1978 1486 2030 δὲ
1538 1980 1689 2040 τέλος

103 2068 313 2130 ἔδειξεν
360 2067 657 2137 ἀποκριθὲν
688 2066 823 2137 πρὸς
853 2067 913 2121 τὸ
951 2069 1263 2139 συμφέρονο
1314 2070 1426 2122 τῶν
1460 2070 1567 2143 γὰρ
1597 2072 1691 2141 βα-

100 2160 303 2211 σιλέων
338 2159 437 2229 τήν
476 2159 587 2212 τῶν
613 2160 822 2213 πόλεων
866 2160 1241 2231 δημοκρατίαν
1282 2162 1502 2231 ἀφελεῖν
1526 2182 1694 2217 σπου-

97 2253 398 2317 δαζόντων,
439 2253 597 2304 αὐτοὶ
631 2254 832 2323 μᾶλλον
865 2254 1069 2323 ταύτην
1100 2254 1145 2285 ⁴¹¹⁵
1188 2254 1491 2321 ἐϐεϐαίουν,
1540 2257 1692 2309 ἀντι-

100 2344 501 2414 καθιστάμενοι
528 2347 637 2408 τοῖς
663 2345 1089 2414 ἐπιτιθεμένοις.
1124 2346 1442 2417 Νικομήδης
1466 2347 1523 2401 δὲ
1551 2348 1691 2401 κατὰ

102 2431 351 2488 Βιθυνῶν
386 2435 621 2505 πρῶτον,
678 2435 1113 2506 συμμαχούντων
1156 2436 1307 2507 αὐτῷ
1342 2439 1434 2491 καὶ
1479 2439 1586 2490 τῶν
1632 2438 1692 2504 ἐξ

112 2526 451 2595 Ἡρακλείας
469 2566 484 2591 ,
518 2527 645 2589 τοὺς
678 2526 985 2597 βαρϐάρους
1012 2527 1301 2591 ἐξοπλίσας
1324 2568 1338 2590 ,
1367 2531 1467 2595 τῆς
1493 2546 1549 2582 τε
1583 2529 1690 2599 χώ-

105 2639 208 2691 ρας
241 2621 516 2690 ἐκράτησε
559 2620 655 2673 καὶ
681 2622 825 2682 ’τοὺς
875 2618 1218 2681 ἐνοικοῦντας
1252 2620 1524 2688 κατέκοψε
1546 2661 1560 2684 ,
1594 2621 1693 2691 τὴν

104 2716 279 2782 ἄλλην
325 2712 475 2765 λείαν
523 2712 631 2764 τῶν
672 2711 930 2764 Γαλατῶν
966 2712 1181 2772 ἑαυτοῖς
1230 2710 1689 2781 διανειμαμένων.

105 2799 279 2858 Οὗτοι
320 2804 376 2857 δέ
409 2804 611 2871 πολλὴν
648 2803 969 2863 ἐπελθόντες
1000 2801 1186 2872 χώραν
1215 2787 1379 2864 ἀὖθις
1410 2802 1693 2874 ἀνεχώρη-

106 2916 236 2959 σαν,
272 2898 370 2948 καὶ
402 2897 501 2965 τῆς
533 2896 847 2965 αἱρεθείσης
882 2896 1068 2957 αὐτοῖς
1103 2895 1445 2964 ἀπετέμοντο
1474 2895 1571 2965 τὴν
1600 2896 1695 2950 νῦν

106 2988 388 3039 Γαλατίαν
422 2986 782 3055 καλουμένην,
814 2988 893 3048 είς
934 2988 1081 3054 τρεῖς
1120 2987 1312 3056 μοίρας
1344 2985 1547 3052 ταύτην
1578 2987 1694 3039 δια-

105 3082 408 3148 νείμαντες
436 3118 450 3138 .
500 3079 751 3141 καὶτοὺς
799 3079 898 3147 μὲν
946 3078 1249 3147 Τρωγμοῦς
1296 3077 1692 3146 ὀνομάσαντες,

104 3174 237 3231 τοὺς
270 3170 330 3221 δὲ
363 3169 839 3234 Τολοστοϐογίους,
873 3168 998 3230 τοὺς
1025 3168 1080 3219 δὲ
1113 3168 1484 3234 Τεκτοσάγας.
1527 3169 1693 3221 Ἐδεί-

108 3278 290 3329 μαντο
324 3260 383 3311 δὲ
417 3262 600 3321 πόλεις
631 3259 893 3329 Τρωγμοὶ
924 3259 1019 3327 μὲν
1041 3260 1348 3328 Ἄγκυραν,
1370 3259 1693 3312 Τολοστοϐό-

105 3372 225 3422 γιοι
255 3354 316 3406 δέ
347 3353 575 3415 Ταϐίαν,
609 3352 949 3419 Τεκτοσάγες
976 3350 1031 3403 δὲ
1064 3350 1407 3404 Πισινοῦντα.

1790 2006 1916 2046 Sura
1944 1990 2353 2045 existimabatur
2389 2010 2401 2045 :
2446 1991 2537 2041 sed
2568 1989 2762 2051 exitus,
2798 1987 3095 2039 commodis
3132 1986 3367 2051 ipsorum

1792 2084 2119 2139 destinatum
2146 2085 2246 2140 hoc
2263 2084 2523 2139 ostendit.
2551 2081 2681 2133 Dum
2709 2080 2849 2131 enim
2882 2094 3034 2147 reges
3053 2078 3369 2145 ponnlarent

1792 2173 2099 2229 civitatibus
2137 2182 2339 2231 statum
2402 2175 2665 2242 abrogare
2713 2180 2999 2234 satagunt,
3039 2168 3196 2230 Galli,
3256 2170 3371 2221 baac

1794 2261 2152 2317 molientibus
2189 2263 2523 2323 obsistendo,
2577 2259 2749 2328 magis
2798 2258 2943 2312 illam
2994 2260 3367 2312 corroborant.

1794 2350 2119 2407 Nicomedes
2148 2354 2313 2423 igitur
2339 2362 2529 2407 contra
2573 2351 2834 2421 Bithynos
2860 2352 3118 2418 primum,
3155 2351 3370 2405 illorum

1793 2445 1994 2500 auxilio
2016 2455 2071 2500 et
2100 2461 2235 2514 quos
2264 2461 2330 2501 ex
2362 2445 2623 2501 Heraclea
2686 2454 2951 2497 armasset
2990 2444 3370 2508 barbarorum,

1794 2542 1848 2588 et
1883 2536 2218 2603 provinciam
2265 2536 2511 2606 subegit,
2556 2544 2610 2589 et
2658 2536 2895 2589 concidit
2944 2535 3191 2590 incolas:
3233 2537 3373 2603 qnod

1795 2626 2035 2693 alioquin
2091 2638 2210 2681 erat
2241 2629 2455 2695 praedm,
2510 2628 2653 2679 inter
2697 2642 2755 2681 se
2795 2627 3064 2696 dispertiti
3100 2637 3225 2681 sunt
3259 2626 3373 2681 Ga-

1796 2716 1935 2770 latae.
1987 2717 2049 2771 lli
2108 2721 2253 2771 enim
2310 2718 2466 2787 longe
2514 2717 2731 2785 lateque
2803 2728 3001 2772 terram
3066 2720 3374 2788 depopulati

1799 2819 1946 2861 retro
1980 2811 2193 2863 demum
2228 2822 2544 2865 cesserunt:
2581 2820 2637 2865 et
2669 2811 2733 2864 de
2764 2810 2993 2865 subacta
3024 2810 3077 2864 id
3115 2811 3218 2865 sibi
3260 2828 3376 2863 am-

1796 2907 2072 2965 putarunt,
2116 2900 2255 2968 quod
2288 2914 2429 2954 nunc
2470 2899 2695 2954 Galatiae
2726 2914 2921 2953 nomen
2958 2901 3140 2962 habet,
3164 2900 3376 2970 228a

1796 2989 1848 3041 in
1879 3001 1989 3042 tres
2018 3000 2203 3059 partes
2235 2992 2607 3045 distributum.
2631 2992 2779 3045 Alios
2806 2993 2949 3045 enim
2982 2991 3247 3061 Trogmos
3278 3008 3377 3046 no-

1798 3081 2051 3145 minant;
2104 3082 2284 3146 alios,
2335 3082 2765 3153 Tolistobogios;
2815 3084 2976 3148 alios,
3026 3084 3374 3152 Tectosages,

1798 3172 1973 3227 Urbes
1998 3174 2159 3227 etiam
2182 3175 2540 3230 condiderunt
2572 3190 2589 3230 :
2623 3173 2840 3245 Trogmi
2878 3175 3169 3245 Ancyram,
3194 3173 3376 3231 Τολίε-

1804 3266 2003 3337 tobogii
2044 3264 2290 3330 Tabiam,
2331 3264 2656 3337 Tectosages
2686 3266 3031 3322 Pesinuntent
3063 3264 3205 3338 (65).

553 3463 682 3515 CAP.
715 3459 859 3514 XXI.
899 3488 972 3500 ——
1010 3458 1082 3512 De
1108 3459 1301 3512 Astaco
1342 3470 1388 3512 et
1421 3458 1731 3516 Nicomedia
1775 3464 2003 3518 urbibus.
2025 3465 2367 3538 Bithynorum
2400 3469 2693 3536 principum
2738 3468 2915 3521 series.

196 3584 265 3635 '0
295 3581 351 3633 δὲ
382 3578 701 3648 Νικομήδης
731 3580 809 3639 είς
836 3575 1098 3645 λαμπρὰν
1131 3574 1473 3642 εὐδαιμονίαν
1516 3575 1703 3645 ἀρθεὶς

113 3674 285 3725 πόλιν
318 3668 499 3737 ἐαυτῷ
523 3666 820 3735 ὁμώνυμον
850 3665 1121 3733 ἀνεγείρει
1145 3664 1372 3732 ἀντικρὺ
1416 3664 1699 3717 Ἀστακοῦ.

116 3766 240 3833 Τὴν
309 3759 571 3812 Ἀστακὸν
630 3758 687 3810 δὲ
758 3755 1054 3825 Μεγαρέων
1087 3754 1338 3823 ιῴκισαν
1390 3755 1432 3785 ⁸³
1489 3754 1705 3808 ἄποικοι

129 3852 507 3923 Ὀλυμπιάδος
540 3849 838 3918 ἱσταμένης
871 3848 955 3912 ιζ’,
1002 3846 1266 3899 ’Δστακδν
1296 3845 1527 3913 ἐπίκλην
1565 3846 1705 3898 κατά

115 3946 383 4020 χρησμὸν
414 3944 629 4013 θέμενοι
667 3940 773 3994 ἀπό
805 3957 949 4001 τινος
974 3939 1083 3990 τῶν
1109 3938 1415 4007 λεγομένων
1448 3937 1704 4008 σπαρτῶν

115 4042 221 4095 καὶ
250 4036 504 4105 γηγενῶν
525 4034 631 4086 τῶν
647 4035 692 4064 ⁶⁶
715 4031 998 4099 ἀπογόνων
1016 4030 1123 4082 τῶν
1145 4030 1203 4080 ἐν
1236 4028 1461 4099 Θήϐαις,
1506 4029 1703 4080 Ἀστα-

118 4130 225 4183 κοῦ
263 4129 363 4197 τὴν
395 4125 607 4193 ιλῆσιν,
636 4122 826 4191 ἀνδρὸς
855 4121 1106 4187 γενναίου
1150 4118 1244 4171 καὶ
1284 4116 1707 4187 μεγαλόφρονος.

116 4221 284 4289 Αὕτη
336 4215 537 4277 πολλὰς
582 4213 857 4273 ἐπιθέσεις
902 4210 1053 4279 παρά
1101 4227 1159 4262 τε
1213 4208 1320 4262 τῶν
1367 4207 1709 4278 ὁμορούντων

118 4311 424 4369 ὑποστᾶσα
482 4307 576 4359 καὶ
634 4305 891 4372 πολέμοις
956 4303 1216 4364 πολλάκις
1268 4300 1713 4370 ἐκτρυχωθεῖσα,

133 4400 453 4471 Ἀθηναίων
481 4397 609 4468 [575
638 4394 729 4465 H.]
758 4394 926 4462 αὐτὴν
950 4394 1085 4461 μετὰ
1109 4392 1403 4461 Μεγαρέας
1430 4390 1716 4459 ἐπῳκηκό-

115 4515 241 4551 των
274 4491 432 4560 ἔληξέ
459 4507 517 4541 τε
550 4488 656 4540 τῶν
688 4484 985 4554 συμφορῶν
1018 4486 1110 4536 καὶ
1141 4485 1233 4535 ἐπὶ
1268 4484 1409 4551 μέγα
1435 4483 1594 4551 δόξης
1624 4483 1717 4535 καὶ

122 4586 329 4655 ἰσχύος
365 4582 615 4648 ἐγένετο,
669 4574 938 4629 Δυδαλσοῦ
984 4573 1284 4643 τηνικαῦτα
1337 4574 1435 4641 τὴν
1480 4572 1716 4625 Βιθυνῶν

1881 3578 2201 3634 Nicomedes
2226 3589 2427 3647 autem,
2474 3581 2525 3633 in
2584 3581 2872 3649 conspicuo
2894 3579 3168 3636 felicitatis
3204 3586 3368 3655 gradu

1809 3672 2040 3739 positus,
2065 3672 2132 3726 de
2153 3674 2369 3726 nomine
2419 3687 2515 3725 suo
2540 3673 2807 3725 exstruxit
2854 3672 3039 3726 urbem
3084 3688 3113 3728 e
3155 3676 3374 3744 regione

1811 3762 2018 3815 Astaci.
2067 3761 2238 3829 Quam
2292 3762 2684 3830 Megarensium
2734 3762 2941 3818 colonia
2995 3765 3097 3819 sub
3162 3766 3373 3819 initium

1809 3852 2141 3923 Olympiadis
2210 3869 2318 3907 xvn
2391 3853 2786 3922 frequentarat,
2856 3854 3110 3906 Astacum
3168 3853 3375 3908 oraculi

1803 3941 1957 4009 jussu
2012 3942 2411 3995 denominatam
2438 3981 2452 4005 ,
2489 3941 2557 3994 ab
2598 3943 2797 3995 Astaeo
2838 3940 3068 4010 quodam
3115 3955 3376 4008 generoso

1810 4042 1864 4088 et
1895 4033 2124 4087 cordato
2175 4034 2317 4095 viro,
2347 4048 2413 4087 ex
2447 4047 2632 4087 eorum
2680 4032 2924 4101 prosapia
2964 4033 3055 4101 qui
3098 4031 3278 4103 Sparti
3319 4041 3375 4088 et

1816 4126 2097 4193 terrigena:
2127 4124 2255 4177 olim
2292 4122 2494 4179 Thebis
2522 4124 2875 4177 vocabantur.
2912 4121 3035 4177 Hec
3086 4122 3310 4177 multum
3340 4139 3375 4178 a

1819 4216 2061 4270 finitimis
2092 4216 2349 4285 appetita,
2370 4226 2426 4270 et
2447 4216 2653 4270 crebris
2675 4217 2852 4269 accisa
2886 4215 3059 4278 bellis,
3080 4216 3374 4269 Athenien-

1814 4309 1951 4361 sium
2017 4308 2235 4363 colonis
2297 4308 2640 4377 postmodum
2703 4307 2954 4375 adjectis,
3028 4308 3375 4361 vexationum

1816 4398 2001 4461 finem,
2036 4408 2091 4451 et
2125 4399 2456 4454 incrementa
2513 4398 2696 4469 gloria:
2728 4406 2781 4451 et
2830 4400 3079 4467 potentia:
3112 4414 3214 4452 non
3261 4414 3375 4451 me-

1815 4490 2015 4543 diocria
2068 4491 2255 4559 adepta
2312 4500 2415 4556 est,
2462 4490 2695 4560 Dydalso
2744 4500 2868 4543 tunc
2926 4490 3065 4543 inter
3116 4490 3376 4560 Bithynos

1814 4595 1994 4633 rerqu
2048 4582 2309 4647 potiente.
2366 4576 2486 4645 Quo
2543 4580 2825 4639 defuncto,
2884 4577 3095 4632 Botiras
3166 4590 3373 4649 regnat,

121 4680 316 4747 ἀρχὴν
353 4673 602 4739 ἐχοντος·
648 4665 707 4720 οὗ
753 4666 1174 4733 τελευτήσαντος
1218 4664 1374 4732 ἄρχει
1425 4664 1683 4732 Βοτείρας

1788 4708 1791 4731 .
1817 4672 1882 4723 ad
1914 4672 1981 4724 76
2011 4685 2182 4724 annos
2210 4680 2368 4724 :etate
2405 4672 2684 4740 producta.
2722 4668 2779 4722 Ei
2808 4669 2947 4723 illius
2973 4668 3075 4722 Bas
3101 4671 3376 4724 succedit:

124 4771 315 4838 ζήσας
348 4768 403 4827 ς’
435 4763 530 4812 καὶ
557 4760 597 4811 ο¹
632 4760 748 4827 ἐτη.
781 4757 980 4809 Τοῦτον
1019 4755 1321 4822 διαδέχεται
1352 4753 1459 4815 Βᾶς
1485 4754 1513 4803 ὀ
1561 4754 1675 4814 υἱὸς
1699 4795 1714 4818 ,

123 4862 187 4923 ὃς
233 4858 337 4909 καὶ
373 4853 651 4907 Κάλαντον
676 4852 717 4881 ⁶⁷
785 4848 1136 4915 Ἀλεξάνδρου
1182 4846 1505 4915 στρατηγὸν,
1540 4845 1716 4898 καίτοι

124 4968 194 5019 γε
228 4947 357 4999 λίαν
389 4942 902 5013 παρεσκευασμένον
937 4940 1070 5009 πρὸς
1098 4938 1197 5005 τὴν
1231 4937 1429 5006 μάχην,
1464 4954 1717 5005 κατηγω-

127 5043 365 5099 νίσατο,
416 5038 508 5087 καὶ
555 5036 649 5103 τῆς
683 5032 931 5093 Βιθυνίας
966 5030 1344 5101 παρεσκεύασε
1374 5031 1499 5090 τοὺς
1531 5030 1719 5081 Μακε-

126 5134 304 5191 δόνας
338 5125 695 5194 ἀποσχέσθαι.
752 5124 953 5176 Τούτου
1007 5122 1119 5190 βίος
1169 5120 1267 5189 μὲν
1299 5121 1540 5186 ἐγεγόνει
1586 5118 1721 5169 ἐτῶν

129 5234 176 5278 α’
203 5224 311 5276 καὶ
342 5227 407 5283 ο’,
441 5212 515 5270 ὧν
550 5217 866 5270 ἐϐασίλευσε
898 5214 962 5268 ν’.
995 5213 1069 5266 Οὒ
1098 5214 1226 5273 παῖς
1246 5253 1260 5275 ,
1287 5211 1383 5279 τῆς
1410 5211 1583 5279 ἀρχῆς
1610 5209 1724 5261 διά-

128 5322 323 5386 δοχος,
358 5312 649 5379 Ζιποίτηςξ,
681 5308 934 5377 λαμπρὸς
964 5308 1021 5359 ἐν
1055 5304 1311 5372 πολέμοις
1336 5302 1574 5370 γεγονὼς
1593 5341 1606 5363 ,
1634 5303 1725 5352 καὶ

132 5413 271 5471 τοὺς
316 5406 638 5475 Λυσιμάχου
672 5401 1009 5473 στρατηγοὺς
1044 5400 1132 5451 τὸν
1160 5400 1259 5469 μὲν
1291 5396 1514 5459 ἀνελὼν,
1544 5396 1635 5447 τὸν
1665 5394 1721 5446 δὲ

1822 4759 1912 4828 qui
1929 4762 2092 4814 etiam
2116 4759 2424 4825 Calantum,
2444 4760 2728 4813 Alexandri
2751 4760 3021 4828 copiarum
3042 4759 3379 4827 praefectum,

1823 4849 1948 4904 licet
1996 4852 2197 4919 Optime
2242 4853 2310 4905 ad
2375 4865 2606 4919 pugnam
2672 4853 3015 4913 instructum,
3080 4850 3381 4918 profligavit

1825 4942 1959 5006 acie,
1990 4952 2042 4995 et
2072 4952 2128 4996 ut
2158 4942 2472 4999 Macedones
2492 4959 2519 4997 a
2544 4944 2789 5013 Bithynia
2820 4943 3149 4998 abstinerent
3178 4943 3377 4997 effecit.

1826 5030 1975 5085 Vixit
2012 5036 2100 5089 hic
2155 5034 2217 5087 7i
2268 5050 2457 5100 annos,
2491 5044 2545 5087 et
2594 5035 2658 5088 de
2701 5035 2765 5087 iis
2806 5032 2873 5087 50
2934 5048 3155 5103 regnum
3191 5035 3381 5097 tenuit,

1833 5124 2107 5192 filiumque
2143 5124 2328 5177 habuit
2351 5140 2719 5179 successorem
2747 5126 3011 5193 Zipaaten,
3043 5126 3159 5193 qni,
3207 5127 3383 5179 clarus

1833 5215 2006 5281 bellis,
2040 5232 2069 5270 e
2100 5216 2397 5287 Lysimachi
2432 5217 2700 5285 praefectis
2729 5217 2891 5271 alium
2943 5218 3173 5279 occidit,
3218 5218 3382 5271 alium

1832 5319 1990 5373 qnam
2040 5307 2350 5373 longissime
2406 5322 2434 5360 τι
2480 5306 2677 5363 finibus
2719 5307 2831 5361 suis
2870 5306 3092 5373 depulit.
3148 5306 3284 5373 Quin
3328 5315 3386 5360 et

1829 5396 2004 5464 ipsum
2080 5395 2454 5466 Lysimachum
2497 5398 2766 5465 repressit.
2829 5397 3059 5453 Posthac
3118 5400 3382 5453 Antiocho

1427 5524 1659 5581 VARIE
1701 5524 2097 5580 LECTIONI‘ZS.

221 5640 271 5671 ⁸³
303 5637 398 5689 ἐπὶ
422 5631 508 5703 τό]
532 5633 637 5687 imo
657 5633 747 5684 ἐπὶ
775 5631 872 5701 τῷ.
948 5629 993 5659 ⁸⁸
1024 5628 1193 5695 αὑτήν
1219 5643 1276 5687 ς.

1358 5624 1401 5655 ⁸⁵
1428 5623 1545 5676 libri
1570 5620 1698 5690 ῷκητ

1788 5640 1811 5672 ν.
1891 5621 1933 5651 ⁸⁸
1961 5622 2067 5676 τῶν
2089 5636 2209 5692 post
2232 5626 2475 5695 γηγενῶν
2506 5642 2611 5683 om.
2644 5629 2707 5681 A.
2784 5630 2825 5659 ⁵⁷
2848 5628 3029 5681 Κάλαν
3058 5630 3148 5681 τὸν
3182 5630 3259 5680 ’Λισ
3329 5648 3380 5693 ζ’-

1660 5732 1883 5789 ΝΟΤ.Ἐ.

227 5848 344 5920 (65)
381 5842 621 5900 Vid.‘lib.
653 5855 689 5895 tt
716 5838 840 5895 Rcr.
877 5834 1022 5893 Boic.
1058 5830 1220 5888 Marci
1250 5825 1474 5892 Velscri,
1508 5840 1559 5893 p.
1592 5824 1677 5877 7|.
