4208 6448
818 381 923 443 899

1998 366 2257 427 PHOTII
2312 358 2815 424 I‘ATRIARCIIE
2840 358 2948 417 ΕΡ.

3975 340 4084 403 900

822 484 1055 547 Seleuci,
1092 481 1179 550 qui
1236 476 1418 530 Asiam
1474 484 1653 526 tamen
1702 481 1757 525 ct
1811 470 2129 525 Macedones
2182 474 2407 539 imperio

2511 469 2603 519 ἐπὶ
2634 469 2893 536 μήκιστον
2918 464 3015 531 τῆς
3043 462 3248 523 οἰκείας
3278 460 3552 520 ἀπελάσας
3582 458 3777 527 ἀρχῆς,
3808 457 3947 509 ἀλλᾶ
3986 458 4081 508 καὶ

824 578 1129 637 coercebat,
1173 570 1421 641 superior
1451 568 1649 629 factus,
1691 565 1879 619 urbem
1915 566 2097 618 condit
2129 566 2193 617 ad
2238 564 2408 632 Lype-

827 686 947 724 rum
975 676 1239 726 montem,
1266 662 1500 714 nomine
1540 673 1639 711 suo
1664 658 1957 724 insignem.
2001 654 2097 707 IIic
2122 655 2209 707 vbi
2242 655 2402 705 vitam

828 765 880 814 in
909 760 995 823 '76,
1031 768 1084 811 et
1121 751 1656 809 administrationem
1686 746 1836 815 regni
1887 747 1937 797 in
1978 744 2046 797 43
2078 759 2248 797 annos
2312 756 2403 794 ex-

831 855 1098 912 tenderat,
1132 847 1165 899 4
1198 846 1336 897 filios
1379 842 1619 909 reliquit.
1676 839 1928 903 Eumque
1971 836 2023 887 in
2054 850 2218 903 regno
2248 832 2403 885 Nico-

830 942 1011 996 medes
1043 948 1169 992 natu
1197 935 1463 988 maximus
1500 930 1736 998 excepit,
1773 926 2035 980 fratribus
2068 940 2170 977 non
2214 922 2404 985 frater,

829 1035 920 1087 sed
979 1033 1138 1085 lictor
1212 1029 1407 1081 factus.
1462 1022 1818 1075 Confirmavit
1873 1028 2049 1070 tamen
2097 1016 2260 1069 etiam
2320 1015 2407 1067 hic

834 1126 1093 1194 Bithynia:
1126 1134 1373 1189 regnum,
1412 1115 1646 1169 maxime
1675 1127 1760 1173 eo,
1795 1111 1937 1179 quod
1978 1108 2200 1161 Galatas
2248 1108 2404 1160 sedes

830 1220 883 1271 in
926 1218 1103 1269 Asiam
1138 1211 1533 1266 transferentes
1584 1205 1810 1272 adjuvit,
1842 1203 2162 1270 urbemque,
2194 1208 2252 1252 ut
2289 1199 2401 1267 jam

832 1306 1124 1357 indicatum
1159 1312 1264 1361 est,
1290 1298 1371 1352 sui
1409 1295 1647 1349 nominis
1685 1292 1889 1346 eduxit.

831 1397 1072 1455 Γαλάτας
1107 1394 1197 1444 ἐπὶ
1242 1391 1340 1457 τὴν
1380 1387 1564 1438 Ἀσίαν
1597 1381 2062 1452 διαπεραιωθῆναι
2096 1380 2485 1449 συναράμενος’
2511 1384 2606 1430 καὶ
2644 1378 2816 1442 πόλιν,

836 1492 955 1559 ρίαν
985 1488 1250 1553 ἀνέστησε
1276 1482 1568 1551 φέρουσαν.

2509 558 2676 613 αὑτοῦ
2708 557 3022 624 Λυσιμάχου
3047 555 3115 616 ⁵³,
3147 549 3261 604 εἶτα
3300 552 3395 605 καὶ
3439 551 3711 617 Ἀντιόχου
3756 548 3849 600 τοῦ
3884 548 4081 608 mae;

2510 651 2772 701 Σελεύκου
2804 646 3261 714 ἐπικρατέστερος
3286 641 3541 710 γεγονὼς,
3563 641 3655 691 τοῦ
3684 657 3742 690 τε
3766 640 3864 705 τῆς
3894 640 4084 699 Ἀσίας

2508 740 2883 811 βασιλεύοντος
2920 736 3133 790 καὶτοῦ
3170 735 3515 794 Μακεδόνων,
3554 732 3728 792 κτίζει
3771 730 3929 782 πόλιν
3980 730 4085 780 ὑπὸ

2506 832 2584 900 τῷ
2614 830 2983 900 Λυπεριῷδρει
3008 869 3019 890 ,
3052 832 3116 897 τῇ
3149 825 3313 879 αὑτοῦ
3346 829 3532 895 κλήσει
3567 823 3875 890 ἐπώνυμον.
3910 815 4086 881 Οὗτος

2512 926 2657 992 βιοὺς
2696 927 2793 993 μὲν
2836 924 2930 992 ἐτη
2959 930 3011 986 ς’
3042 924 3135 975 καὶ
3160 930 3221 982 ο¹,
3259 921 3538 989 κρατήσας
3572 919 3630 970 δὲ
3682 919 3778 985 τῆς
3824 918 4005 983 ἀρχῆς
4039 912 4084 981 η’

2510 1017 2604 1068 καὶ
2636 1022 2708 1083 μ’,
2741 1014 3062 1067 καταλείπει
3095 1013 3290 1073 παῖδας
3327 1013 3389 1062 δ’.
3426 1010 3624 1061 Τοῦτον
3651 1010 3694 1047 ⁸ο
3724 1010 3752 1058 ό
3781 1006 4086 1075 πρεσϐύτε-

2512 1122 2604 1175 ρος
2631 1106 2736 1156 τῶν
2767 1106 2973 1157 παίδων
3006 1103 3322 1172 Νικομήδης
3346 1101 3664 1169 διαδέχεται,
3694 1100 3804 1159 τοῖς
3833 1096 4087 1163 ἀδελφοῖς

2507 1199 2607 1248 οὑκ
2630 1195 2850 1261 ἀδελφὸς
2881 1196 3015 1247 ἀλλὰ
3042 1196 3232 1262 δήμιος
3257 1192 3516 1261 γεγονώς.
3557 1189 3925 1259 Ἐκρατύνατο
3956 1187 4086 1255 μέν-

2504 1306 2586 1339 τοι
2622 1289 2714 1339 καὶ
2752 1282 2906 1350 οὗτος
2947 1288 3044 1357 τὴν
3082 1286 3323 1339 Βιθυνῶν
3362 1284 3556 1354 ἀρχὴν,
3592 1280 3822 1350 μάλιστά
3865 1296 3929 1344 γε
3964 1279 4088 1339 τοὺς

2896 1379 2972 1439 ώς
3004 1378 3345 1447 προείρηται,
3410 1376 3508 1443 τὴν
3577 1371 3741 1426 αὑτοῦ
3807 1383 4087 1441 προσηγο-

1312 1601 1444 1655 Car.
1475 1596 1637 1651 XXII.
1672 1625 1741 1635 —-
1776 1594 2192 1663 Byzantinorum
2228 1590 2417 1642 bellant
2462 1606 2579 1641 cum
2616 1586 2910 1641 Calatianis
2954 1581 3375 1638 Heracliensittm
3400 1578 3629 1632 colonia.

905 1721 1200 1788 Intcrlapso
1233 1717 1358 1770 hinc
1394 1726 1637 1781 tempore
1672 1709 1876 1776 aliquo,
1920 1706 2233 1776 Byzantinis
2286 1701 2401 1755 bel-

836 1817 943 1869 lum
996 1816 1253 1866 adversus
1302 1808 1612 1862 Calatianos
1644 1800 2116 1871 (Heracleotarum
2186 1795 2402 1850 colonia

2584 1704 2659 1755 Οὐ
2720 1700 2899 1769 πολλῷ
2925 1701 2980 1752 δὲ
3024 1699 3252 1768 ὕστερον
3298 1695 3474 1764 χρόνῳ
3522 1693 3758 1759 πόλεμος
3802 1690 4087 1759 ἀνερράγη

2512 1792 2827 1856 Βυζαντίοις
2897 1789 3034 1858 πρὸς
3090 1786 3465 1846 Καλατιανοὺς
3519 1785 3770 1852 (ἄποικοι
3830 1782 3888 1833 δὲ
3940 1778 4090 1835 οὗτοι

838 1912 949 1960 tunc
973 1906 1075 1970 est)
1112 1912 1162 1957 et
1198 1900 1457 1954 Istrianos
1515 1896 1716 1963 erupit,
1778 1901 1997 1960 propter
2030 1887 2251 1951 Tontin,
2290 1901 2406 1940 em-

2524 1880 2917 1952 Ἠρακλεωτῶν
2948 1876 3112 1950 ἦσαν)
3158 1878 3252 1931 καὶ
3291 1877 3424 1945 πρὸς
3468 1874 3795 1942 Ἰστριανοὺς
3823 1874 3955 1942 περὶ
3990 1871 4089 1923 Τό-

836 1998 1042 2067 porium
1069 1993 1361 2049 Calatianis
1386 1989 1645 2050 vicinum,
1680 1984 1823 2054 quod
1864 1982 2229 2050 monopolium
2261 1993 2325 2031 ex
2345 1990 2409 2030 eo

838 2090 1017 2142 facere
1089 2086 1268 2138 animo
1323 2088 1693 2148 conceperant
1761 2074 2051 2131 Calatiani.
2112 2070 2408 2138 Propterea

841 2184 1096 2248 utrinque
1132 2177 1197 2231 ad
1240 2173 1615 2227 Ileraclienses
1649 2172 1714 2223 de
1738 2168 1863 2222 belli
1892 2166 2152 2220 societate
2178 2162 2411 2215 mittitur

839 2272 1051 2341 legatio.
1079 2268 1150 2321 At
1185 2266 1238 2319 hi
1280 2264 1456 2317 neutri
1519 2261 1717 2330 228!)
1772 2258 1907 2326 parti
1961 2254 2203 2309 bellicam
2253 2268 2407 2319 opem

842 2367 1104 2425 tribuunt,
1140 2359 1230 2413 sed
1260 2357 1441 2425 legant
1472 2354 1536 2407 ad
1575 2364 1851 2417 utrosque,
1891 2349 1979 2416 qui
2031 2348 2251 2415 pacitice
2282 2359 2397 2397 con-

840 2455 1155 2507 troversiam
1183 2450 1488 2513 transigant
1524 2464 1537 2499 :
1593 2444 1805 2497 tametsi
1857 2441 2058 2508 absque
2089 2436 2281 2490 effectu
2312 2437 2414 2489 hoc

842 2546 971 2613 ipsis
1020 2543 1257 2595 studimn
1306 2537 1493 2591 exivit.
1531 2535 1709 2589 Multis
1757 2533 1921 2601 igitur
1965 2530 2307 2584 detrimentis
2338 2528 2416 2581 af-

840 2636 962 2688 fecti
988 2632 1247 2687 Calatidis
1282 2630 1491 2689 incol-.12,
1529 2627 1591 2679 ad
1628 2625 1779 2693 pacis
1810 2624 2025 2676 demum
2078 2620 2419 2673 conditiones

841 2723 1249 2777 descenderunt.
1279 2717 1387 2770 Nec
1413 2715 1709 2785 quidquam
1740 2713 1852 2767 fere
1882 2711 1949 2765 ab
1982 2711 2086 2764 ista
2113 2708 2423 2763 calamitate

840 2816 1037 2867 vit-ium
1075 2818 1368 2880 potuerunt
1401 2810 1660 2874 recipere.

2518 1993 2663 2047 μεως
2690 1974 2781 2027 τοῦ
2825 1973 3091 2043 ἐμπορίου
3115 2008 3130 2032 ,
3161 1971 3189 2022 ὃ
3231 1972 3341 2031 τοῖς
3369 1967 3728 2026 Καλατιανοῖς
3768 1966 3974 2033 ὅμορον
4001 1959 4088 2032 ἦν,

2519 2067 2854 2139 μονοπώλιον
2900 2064 3058 2117 τοῦτο
3101 2062 3498 2129 διανοουμένων
3540 2059 3949 2110 κατασκευάσαι
3981 2055 4091 2106 τῶν

2515 2157 2893 2216 Καλατιανῶν.
2925 2151 3384 2223 Διεπρεσὸεύοντο
3410 2145 3503 2201 οὖν
3532 2148 3668 2219 πρὸς
3705 2145 4093 2215 Ἡρακλεώτας

2519 2251 2612 2303 ἐπὶ
2640 2245 2957 2316 συμμαχίαν
2983 2245 3026 2275 ⁷ο
3052 2244 3323 2310 ἑκάτεροι.
3355 2241 3416 2293 OI
3445 2239 3500 2292 δὲ
3535 2238 3834 2307 πολεμικὴν
3871 2237 3973 2305 μὲν
4007 2238 4092 2305 ῥο-

2519 2342 2628 2411 πὴν
2674 2339 2940 2407 οὐδετέρῳ
2970 2338 3162 2404 ἔνεμον
3211 2335 3387 2403 μέρει,
3423 2330 3873 2400 διαλλακτηρίους
3906 2329 3966 2381 δὲ
4004 2330 4094 2380 άν-

2520 2435 2649 2501 δρας
2698 2431 2977 2500 ἑκατέροις
3014 2426 3364 2486 ἀπέστελλον,
3398 2425 3498 2476 κᾶν
3536 2424 3813 2492 ἄπρακτος
3848 2421 4091 2487 αὐτῶνή

2525 2524 2729 2593 σπουδὴ
2758 2523 2878 2574 τότε
2902 2521 3111 2587 γέγονε.
3145 2518 3271 2588 [724
3294 2514 3384 2586 IL]
3418 2515 3594 2567 Πολλά
3616 2515 3669 2566 δὲ
3699 2514 3745 2565 οἱ
3776 2514 3876 2581 τῆς
3907 2514 4095 2566 Καλα-

2521 2614 2663 2676 τίδος
2704 2614 2807 2666 ὑπὸ
2838 2613 2945 2665 τῶν
2977 2612 3255 2677 πολεμίων
3292 2608 3584 2669 παθόντες,
3626 2606 3850 2674 ὕστερον
3878 2605 3957 2667 εἰς
3986 2605 4096 2655 δια-

2524 2705 2706 2765 λύσεις
2739 2700 2924 2771 ⁴ἦλθον,
2952 2702 3061 2755 ἀπὸ
3086 2700 3287 2768 ταύτης
3308 2700 3408 2766 τῆς
3436 2698 3721 2766 συμφορᾶς
3752 2695 3938 2747 οὐκέτι
3973 2711 4096 2763 σχε-

2522 2797 2609 2849 δὸν
2641 2794 2927 2848 ἀναλαϐεῖν
2954 2794 3150 2853 αὐτοὺς
3179 2789 3517 2859 δυνηθέντες.

967 2926 1096 2979 CAP.
1122 2921 1309 2975 XXIII.
1342 2950 1411 2959 —
1440 2919 1831 2972 Testamentum
1878 2914 2186 2966 Nicomedis
2211 2955 2225 2979 ,
2272 2922 2317 2964 et
2361 2909 2519 2962 Zeila:
2571 2909 2769 2961 exclusi
2802 2908 2991 2959 bellant
3031 2923 3147 2959 cum
3181 2904 3440 2972 Bithynis,
3478 2921 3571 2970 ope
3628 2902 3969 2956 Galatarum.

916 3050 1023 3102 Nec
1060 3046 1289 3100 multum
1330 3044 1587 3109 temporis
1630 3039 1861 3101 efﬂuxit,
1909 3051 2034 3090 cum
2076 3050 2171 3088 rex
2234 3034 2421 3102 Bithy-

847 3156 1039 3194 norum
1092 3137 1411 3191 Niconnedes
1466 3137 1779 3203 (postquam
1836 3144 1865 3182 e
1922 3129 2101 3196 priore
2156 3127 2204 3177 ei
2261 3134 2421 3176 natus

844 3231 1096 3298 conjugio
1149 3227 1331 3280 Zeilas
1358 3227 1420 3277 ad
1456 3224 1837 3276 Armeniorum
1879 3232 2054 3285 regem
2078 3215 2423 3283 profugisset,

844 3324 1099 3391 expulsus
1156 3332 1409 3371 noverca:
1463 3316 1699 3366 Iitazetae
1750 3310 2039 3369 machinis,
2088 3306 2241 3373 cujus
2270 3304 2423 3357 liberi

845 3419 1019 3468 adlmc
1054 3414 1104 3463 in
1143 3422 1323 3463 tenera
1348 3417 1508 3459 relate
1532 3403 1731 3471 erant),
1752 3410 1923 3454 morte
1946 3401 2055 3465 jam
2085 3396 2421 3455 imminente,

843 3524 908 3560 ex
968 3505 1135 3556 altera
1172 3511 1327 3555 natos
1362 3511 1529 3550 uxore
1580 3493 1824 3547 literedes
1869 3489 2019 3557 regni
2069 3486 2286 3554 scripsit
2323 3503 2335 3538 :
2372 3492 2424 3535 et

844 3608 1156 3655 Curatores,
1216 3590 1567 3645 Ptolemaeum
1641 3598 1765 3636 cum
1812 3581 2087 3647 Antigono
2133 3586 2185 3630 et
2235 3576 2426 3644 populo

846 3688 1418 3758 Byzantinorummcc
1464 3694 1569 3731 non
1623 3672 2053 3728 Ileracliensium
2106 3669 2428 3722 Cianorum-

845 3796 969 3849 que,
1004 3776 1320 3844 designavit.
1355 3771 1532 3823 Zeilas
1559 3778 1738 3820 autem
1777 3779 1897 3817 cum
1935 3765 2209 3815 instructa
2241 3774 2423 3821 manu,

845 3871 931 3921 cui
965 3883 993 3919 e
1020 3865 1225 3919 Galatis
1260 3858 1616 3927 Tolistobogii
1650 3855 1862 3908 animos
1897 3854 2208 3921 augebant,
2251 3854 2303 3903 in
2338 3862 2423 3901 re-

844 3973 1006 4025 gnum
1042 3964 1324 4022 paternum
1360 3951 1520 4003 redit.
1567 3949 1635 3999 At
1661 3944 1906 4014 Bithyni,
1946 3944 2069 3996 dum
2101 3952 2426 3995 conservare

844 4049 1174 4100 dominatum
1251 4040 1491 4111 parvulis
1568 4045 1872 4105 satagunt,
1928 4044 2155 4086 matrem
2230 4034 2421 4084 horum

846 4137 1152 4191 Nicomedis
1185 4133 1340 4186 fratri
1388 4132 1443 4183 in
1497 4127 1905 4183 matrimonium
1955 4124 2187 4182 elocant,
2220 4132 2272 4175 et
2324 4120 2423 4187 ipsi

844 4238 1068 4293 accepto
1099 4242 1126 4276 a
1159 4222 1501 4277 curatoribus
1531 4219 1774 4272 exercitu
1806 4214 2011 4267 Zeilam
2052 4214 2424 4281 opperiuntur.

844 4321 907 4373 Et
929 4317 1134 4371 crebris
1159 4315 1445 4378 utrobique
1473 4310 1680 4379 prtcliis
1706 4317 1761 4360 et
1792 4305 1997 4357 viribus
2022 4303 2121 4365 usi,
2152 4315 2335 4370 pacem
2360 4299 2425 4352 ad

842 4420 1149 4464 extremum
1230 4406 1416 4457 ineunt
1469 4416 1646 4454 :cum
1708 4396 2085 4449 Heraclienses
2128 4393 2181 4445 in
2236 4392 2428 4459 pugnis

844 4503 949 4554 illis
983 4497 1402 4557 excelluissent,
1433 4500 1488 4547 et
1521 4493 1571 4543 in
1605 4487 2003 4556 compositione
2035 4484 2155 4537 belli
2189 4483 2427 4549 egissent

841 4596 1034 4659 quaain
1075 4606 1187 4644 rem
1226 4588 1422 4641 forent.
1479 4584 1691 4637 Idcirco
1743 4579 1946 4633 Galatae
1987 4575 2321 4636 Heracleam,
2369 4584 2425 4626 ut

2600 3034 2673 3083 Ού
2706 3028 2900 3081 πολλοῦ
2928 3029 2981 3080 δέ
3022 3029 3162 3080 πάνυ
3188 3027 3427 3096 ἶρυέντος
3453 3024 3642 3093 χρόνου
3673 3024 3699 3073 ὁ
3724 3022 3832 3073 τῶν
3864 3020 4099 3072 Βιθυνῶν

2532 3124 2785 3189 βασιλεὺς
2816 3121 3134 3189 Νικομήδης
3157 3161 3170 3182 ,
3202 3120 3323 3170 ἐπεὶ
3357 3121 3383 3169 ὁ
3413 3119 3509 3185 μὲν
3542 3119 3603 3168 ἐκ
3640 3116 3926 3184 προτέρων
3956 3114 4101 3181 αὐτῷ

2530 3215 2723 3281 γάμων
2753 3212 2988 3278 γεγονὼς
3015 3214 3143 3272 παῖς
3176 3210 3373 3277 Ζηῖλας
3400 3208 3575 3276 φυγάς
3614 3204 3681 3277 ἦν
3716 3206 3853 3275 πρὸς
3880 3207 3971 3256 τὸν
3999 3206 4101 3256 τῶν

2546 3304 2847 3373 Ἀρμενίων
2896 3302 3141 3369 βασιλέα,
3168 3304 3286 3363 ταῖς
3334 3301 3432 3368 τῆς
3478 3301 3747 3369 μητρυιᾶς
3814 3298 4100 3361 Ἑταζέτας

2532 3397 2804 3463 μηχαναῖς
2834 3394 3047 3455 ἐλαθεὶς
3068 3432 3082 3455 ,
3130 3394 3176 3444 οἱ
3206 3392 3262 3444 δὲ
3296 3393 3359 3443 ἐκ
3392 3392 3597 3459 ταύτης
3626 3390 3775 3458 αὐτῷ
3817 3392 4101 3456 γεγονότες

2529 3482 2843 3552 ἐνηπίαζον,
2877 3485 3013 3551 πρὸς
3034 3482 3169 3551 τῷτί
3198 3482 3452 3550 τελευτᾷν
3475 3481 3711 3547 γεγονὼς
3735 3483 4102 3550 κληρονόμους

2530 3576 2628 3643 μὲν
2658 3576 2783 3637 τοὺς
2832 3576 2896 3626 ἐκ
2930 3576 3027 3643 τῆς
3061 3575 3316 3643 δευτέρας
3346 3575 3599 3640 γυναικὸς
3626 3574 3827 3641 γράφει
3873 3576 4100 3634 παῖδας,

2528 3665 2856 3733 ἐπιτρόπους
2904 3664 2961 3715 δὲ
3010 3665 3343 3732 Πτολεμαῖον
3394 3666 3487 3715 καὶ
3534 3664 3843 3731 Ἀντίγονον
3894 3668 4103 3717 καὶτὸν

2530 3756 2701 3824 δῆμον
2732 3757 2838 3807 τῶν
2871 3755 3179 3819 Βυζαντίων
3206 3757 3298 3808 καὶ
3335 3755 3398 3825 δὴ
3430 3755 3526 3808 καὶ
3556 3755 3663 3809 τῶν
3705 3757 4102 3826 Ἡρακλεωτῶν

2533 3847 2754 3900 καὶτὸν
2789 3847 2897 3899 τῶν
2945 3848 3164 3899 Κιανῶν
3217 3848 3518 3914 ἐφίστησιν.
3570 3847 3627 3900 ὐ
3672 3850 3855 3917 μέντοι
3910 3849 4101 3917 Ζηῖλας

2536 3939 2672 4006 μετα
2698 3939 2980 4007 δυνάμεως
3004 3978 3019 4003 ,
3056 3940 3122 4007 ἢν
3153 3938 3300 4007 αὐτῷ
3327 3940 3433 3991 τῶν
3464 3940 3717 3993 Γαλατῶν
3759 3942 3808 3992 οἱ
3844 3942 4101 3993 Τολοστο-

2532 4033 2703 4097 ϐόγιοι
2736 4032 2972 4101 θάρσους
3006 4032 3299 4101 ἐπλήρουν,
3327 4033 3419 4083 ἐπὶ
3446 4033 3545 4100 τὴν
3577 4033 3857 4101 βασιλείαν
3890 4035 4098 4103 κατῄει.

2533 4122 2749 4175 Βιθυνοὶ
2775 4124 2832 4175 δὲ
2882 4124 2981 4191 τὴν
3012 4124 3186 4192 ἀρχὴν
3219 4123 3409 4185 σώζειν
3456 4127 3566 4185 τοῖς
3604 4124 3820 4191 νηπίοις
3864 4128 4100 4178 σπουδά-

2530 4214 2732 4275 ζοντες,
2767 4213 2864 4283 τὴν
2896 4214 2994 4281 μὲν
3023 4213 3227 4265 τούτων
3257 4214 3466 4283 μητέρα
3494 4214 3711 4282 ἀδελφῷ
3741 4217 4099 4278 συνοικίζουσι

2528 4304 2607 4370 τῷ
2637 4304 3000 4372 Νικομήδους,
3034 4304 3187 4355 αὐτοὶ
3218 4304 3273 4355 δὲ
3302 4304 3614 4374 στράτευμα
3644 4305 3791 4374 παρὰ
3816 4307 3924 4357 τῶν
3951 4309 4100 4375 εἰρη-

2532 4395 2707 4463 μένων
2753 4396 3064 4464 ἐπιτρόπων
3120 4394 3372 4455 λα6όντες
3418 4396 3686 4463 ὑπέμενον
3740 4379 3849 4448 τὸν’
3882 4399 4095 4466 Ζηῖλαν.

2530 4486 2756 4553 Συχναῖς
2782 4485 2837 4535 δὲ
2867 4485 3066 4553 μάχαις
3107 4486 3199 4536 καὶ
3234 4485 3550 4552 μεταϐολαῖς
3575 4485 3824 4555 ἑκάτεροι
3854 4485 3982 4558 [576
4012 4486 4096 4555 IL]

2533 4577 3010 4646 ἀποχρησάμενοι,
3035 4578 3097 4628 τὸ
3118 4578 3422 4629 τελευταῖον
3451 4580 3791 4647 κατέστησαν
3814 4581 4095 4648 είςζδιαλύ-

843 4685 1139 4745 inimicam,
1168 4682 1510 4738 invaserunt,
1545 4672 1614 4726 ad
1660 4671 1919 4725 Calletem
1955 4682 2127 4735 usque
2155 4666 2371 4718 ﬂuvium
2412 4682 2423 4715 :

2536 4684 2667 4732 σεις,
2703 4668 3092 4735 Ἡρακλεωτῶν
3119 4671 3177 4719 ἐν
3200 4670 3321 4729 ταῖς
3347 4668 3545 4735 μάχαις
3575 4669 3975 4737 ἀριστευόντων
4004 4674 4096 4722 κάν

843 4776 1118 4840 multaque
1151 4771 1304 4824 ditati
1332 4769 1533 4834 praeda,
1572 4765 1795 4816 domum
1833 4759 2179 4825 repetierunt.

2533 4762 2653 4821 ταῖς
2689 4761 2989 4830 συμϐάσεσι
3034 4764 3096 4813 τὸ
3132 4762 3408 4831 συμφέρον
3456 4766 3971 4833 καταπραττόντων.
4016 4768 4097 4820 Διὸ

844 4864 1079 4916 Γαλάται
1110 4862 1184 4920 ὼς
1214 4857 1415 4926 ἐχθρὰν
1450 4855 1548 4922 τὴν
1590 4849 1921 4919 Ἡράκλειαν
1964 4846 2303 4915 κατέδραμον
2329 4844 2431 4906 ἓως
2467 4848 2750 4919 Κάλλητος
2833 4859 3115 4926 ποταμοῦ·
3170 4858 3262 4911 καὶ
3341 4850 3536 4921 πολλῆς
3583 4860 3762 4928 κύριοι
3822 4865 4095 4930 γεγονότες

843 4959 990 5018 λείας
1026 4952 1209 5007 οἴκαδε
1243 4947 1625 5015 ἀνεχώρησαν.

1380 5059 1510 5113 CAP.
1549 5055 1744 5110 XXIV.
1771 5084 1840 5097 —
1876 5049 2289 5104 Heracliensium
2324 5049 2624 5115 paciﬁcatio
2646 5052 2785 5105 inter
2813 5057 3128 5110 Antiochum
3149 5070 3195 5111 et
3226 5058 3569 5128 Byzantinos.

915 5184 1027 5236 Sub
1059 5182 1173 5233 haec
1204 5173 1519 5245 Byzantinis
1572 5171 1841 5223 infcrente
1890 5163 2087 5217 bellum
2142 5160 2432 5226 Antiocho,

2138 5262 2191 5305 et
2246 5252 2437 5303 horum

848 5366 1046 5417 factum
1091 5370 1173 5414 est
1220 5373 1379 5425 opera
1434 5364 1493 5407 ut
1558 5352 1625 5405 ad
1682 5348 1861 5404 minas
1903 5341 2269 5397 tantummodo
2314 5355 2437 5408 pro-

848 5276 914 5327 40
942 5272 1253 5324 triremibus
1302 5264 1639 5318 Ileracleotae
1688 5258 2021 5311 auxiliantur
2066 5269 2080 5303 :

848 5468 1092 5525 gressum
1127 5451 1356 5504 haberet
1390 5446 1615 5502 bellum.

2613 5144 2938 5209 Βυζαντίους
2994 5149 3050 5201 δὲ
3113 5148 3385 5219 Ἀντιόχου
3441 5149 3802 5220 πολεμοῦντος
3861 5154 4099 5220 τριήρεσι

2541 5240 2924 5307 συνεμάχησαν
2968 5247 3018 5308 μ’
3062 5242 3109 5292 οί
3169 5241 3569 5308 Ἡρακλεῶται,
3603 5245 3699 5298 καὶ
3748 5243 3840 5295 τὸν
3874 5246 4099 5313 πόλεμον

2538 5331 2958 5399 παρεωεύασαν
2984 5332 3029 5363 ⁷¹
3071 5331 3261 5402 μέχρις
3291 5332 3532 5385 ἀπειλῶν
3561 5334 3851 5403 πρεηκόψαι.

2156 5571 2385 5628 VARIE
2438 5567 2842 5625 LECTIONES.

925 5692 968 5723 "'
996 5689 1155 5743 αὑτὸν
1183 5689 1493 5760 Λυςίμαχον
1561 5699 1707 5741 corr.
1768 5680 1832 5736 A.
1912 5680 1953 5710 δί’
1986 5676 2187 5729 τούτων
2225 5687 2361 5727 corr.
2389 5669 2454 5725 Α.

846 5764 1001 5816 eam;
1016 5779 1147 5813 αταν
1174 5778 1231 5822 ς.

2531 5669 2575 5699 το
2611 5662 2895 5737 συμμαχία
2926 5660 3247 5731 Stephanus.
3359 5661 3401 5690 τ’
3449 5658 3522 5728 τῷ
3546 5660 3588 5713 Δ
3618 5678 3630 5714 :
3664 5662 3724 5714 τό
3750 5678 3810 5723 ς.
3916 5664 3963 5693 "
3990 5678 4095 5713 κατ-
