4208 6448
104 408 210 475 901

1204 395 1732 457 BIBLIOTIIECA.
1786 416 1855 429 --
1895 390 2060 452 COD.
2102 389 2403 451 CCXXIV.

3264 391 3370 457 902

356 512 509 567 CAP.
540 510 706 566 XXV.
727 540 792 550 -
818 506 1030 561 Heracl.
1066 503 1365 558 Mithridati
1398 504 1733 554 auxiliantur
1763 510 1945 554 contra
1983 497 2164 551 Gallos
2188 537 2204 562 ,
2230 499 2319 550 sed
2352 510 2497 548 caro.
2539 491 2798 563 NgMphis
2828 493 3127 549 historicus.

176 634 393 703 Συνέϐη
419 634 473 685 δὲ
500 632 615 701 μετ’
644 630 704 682 οὐ
738 628 870 681 πολὺ
898 627 955 692 ἐξ
985 622 1288 694 ἀνθρώπων
1332 622 1688 693 Ἀριοϐαρζά-
1718 631 1765 685 Α

1718 631 1765 685 Α
1863 618 1973 674 Nec
2011 619 2173 687 longe
2204 625 2325 685 post
2368 629 2398 668 e
2438 616 2546 667 vita
2581 615 2890 669 mortalium
2920 617 3181 670 eximitur
3207 619 3366 674 Ario-

106 748 200 796 νην
231 725 511 792 γενέσθαι,
545 722 706 774 παῖδα
736 719 1071 787 Μιθριδάτην
1097 716 1466 770 καταλιπόντα
1504 716 1600 767 καὶ
1633 716 1690 765 ἐν

103 819 342 887 διαφορᾷ
376 818 511 886 πρὸς
541 816 667 875 τοὺς
712 812 953 873 Γαλάτας
978 810 1265 878 γεγονόταο
1313 806 1378 859 δι’
1415 808 1479 877 ἢν
1509 807 1690 860 αίτίαν

105 909 620 979 καταιρρονήσαντες
660 903 753 957 τοῦ
786 904 973 964 παιδὸς
1005 896 1151 955 οὗτοι
1202 900 1300 969 τὴν
1338 898 1503 952 αὐτοῦ
1540 897 1691 965 βασι-

104 1002 253 1051 λείαν
311 999 570 1051 ἐσίνοντο.
608 997 719 1048 Καὶ
768 995 1000 1064 ἀπορίας
1046 993 1243 1054 αὐτοὺς
1275 988 1692 1055 καταλαϐούσης

104 1091 487 1158 ἀνελάμϐανον
510 1090 557 1140 oi
588 1088 692 1140 ἀπὸ
722 1089 817 1153 τῆς
860 1084 1211 1155 Ἡρακλείας,
1246 1085 1388 1135 σῖτον
1421 1082 1499 1142 εἰς
1535 1080 1690 1147 Ἀμι-

104 1185 193 1235 σὸν
210 1185 256 1214 ⁷³
294 1184 622 1253 πέμποντες,
650 1180 709 1244 ἐξ
730 1174 795 1251 ἦς
824 1180 953 1248 ῥᾷον
981 1173 1049 1247 ἦν
1075 1178 1200 1237 τοὺς
1230 1175 1323 1249 τοῦ
1359 1172 1689 1242 Μιθριδάτου

105 1278 356 1343 σιτηγεῖν
397 1276 605 1334 ἑαυτοῖς
658 1274 752 1325 καὶ
795 1268 1107 1336 ἐξακεῖσθαι
1162 1266 1260 1336 τὴν
1314 1264 1541 1317 ἔνδειαν.
1592 1262 1692 1314 Διὰ

101 1366 279 1419 ταῦτα
310 1365 472 1419 πάλιν
499 1368 546 1417 οἱ
580 1364 812 1417 Γαλάται
850 1363 931 1424 είς
968 1360 1065 1430 τὴν
1113 1355 1484 1428 Ἠρακλεῶτιν
1520 1354 1693 1422 ἔπεμ-

99 1458 211 1522 ψαν
244 1457 599 1525 στράτευμα,
636 1453 730 1506 καὶ
775 1453 979 1520 ταύτην
1011 1450 1363 1517 κατέτρεχον,
1404 1445 1594 1514 μέχρις
1624 1440 1690 1495 ἂν

96 1553 146 1601 oi
186 1549 569 1618 Ἡρακλεῶται
592 1544 1082 1616 διεπρεσϐεύσαντο
1118 1538 1254 1609 πρὸς
1285 1535 1503 1597 αὐτούς.
1540 1533 1690 1602 Νύμ-

97 1660 192 1709 φις
226 1643 286 1694 δὲ
327 1637 395 1711 ἦν
449 1642 476 1691 ὁ
512 1639 778 1710 ἱστορικὸς
807 1640 835 1691 ὁ
883 1635 1181 1706 κορυφαῖος
1218 1630 1327 1684 τῶν
1378 1627 1685 1700 πρέσϐεωνο

94 1730 152 1789 ὃς
180 1728 279 1779 τὸν
318 1728 419 1797 μὲν
444 1730 672 1799 στρατὸν
702 1728 759 1778 ὲν
785 1725 861 1793 τῷ
892 1723 1055 1792 κοινῷ
1078 1724 1301 1793 χρυσοῖς
1332 1734 1688 1787 πεντακισχι-

94 1820 259 1883 λίοις,
297 1821 427 1882 τοὺς
461 1820 518 1872 δὲ
547 1818 820 1890 ἡγεμόνας
856 1816 961 1885 ἰδίᾳ
990 1814 1285 1875 διακοσίοις
1310 1806 1689 1879 ὑποθεραπεύ-

98 1927 228 1975 σας,
256 1911 358 1979 τῆς
382 1909 564 1981 χώρας
593 1906 971 1978 ἀπαναστῆναι
1002 1903 1435 1975 παρεσκεύασεν.

1797 710 2087 773 barzanes,
2150 705 2426 773 ﬁliumque
2487 705 2747 773 relinquit
2793 705 3158 761 Mithridatem
3214 729 3227 761 :
3281 710 3369 764 cui

1792 802 1917 856 lites
1949 815 2073 854 cum
2124 797 2332 853 Galatis
2370 797 2752 850 intercessere.
2808 796 2978 861 Quam
3027 799 3097 852 ob
3145 814 3366 855 causam

1802 892 1878 955 hi,
1904 898 2214 957 contempta
2252 888 2401 955 pueri
2456 895 2639 949 aetate,
2672 901 2899 956 regnum
2944 888 3060 954 ejus
3091 890 3362 946 divexant.

1791 981 2034 1050 Cumque
2058 981 2235 1048 inopia
2263 994 2440 1033 rerum
2467 978 2779 1033 laborarent
2800 978 2927 1047 regii
2953 1017 2968 1041 ,
2992 976 3364 1037 lleraclienses

1792 1090 1887 1129 eos
1938 1080 2273 1132 sustentant,
2339 1069 2613 1123 frumento
2653 1067 2897 1121 Amisum
2948 1070 3193 1131 advecto,
3224 1074 3365 1126 unde

1793 1165 2007 1220 facilior
2040 1174 2185 1219 esset
2214 1161 2603 1216 Mithridaticis
2635 1162 2812 1215 victus
2843 1162 2994 1230 copia
3017 1203 3031 1225 ,
3068 1170 3122 1215 et
3151 1172 3362 1232 egesta-

1796 1259 1864 1313 tis
1918 1256 2147 1312 medela.
2181 1253 2411 1323 Propter
2464 1254 2580 1308 htec
2632 1254 2829 1308 iterum
2881 1254 3106 1308 hostiles
3151 1255 3202 1307 in
3260 1255 3367 1307 lle-

1792 1349 2142 1404 racleotidem
2193 1347 2380 1415 copias
2440 1346 2679 1413 mittunt,
2735 1361 2963 1415 eamque
3033 1346 3365 1413 depopulan-

1793 1452 1881 1495 tur
1924 1460 1938 1495 :
1983 1455 2155 1510 usque
2225 1440 2353 1494 dum
2403 1441 2471 1494 ab
2528 1438 2965 1493 Heracliensihus
3022 1454 3117 1509 per
3166 1440 3366 1508 legatos

1792 1532 2121 1603 mitigantur.
2158 1530 2418 1600 Princeps
2447 1540 2625 1585 autem
2660 1528 2867 1598 legatus
2913 1537 3031 1582 erat
3084 1528 3362 1598 Nymphis,

1801 1626 2041 1681 historia:
2110 1625 2345 1694 scriptor
2396 1642 2409 1680 :
2466 1624 2554 1693 qui
2590 1638 2709 1676 cum
2749 1621 3044 1675 exercitum
3082 1620 3275 1689 229a
3311 1622 3361 1675 in

1791 1731 2077 1773 commune
2122 1718 2303 1772 aureis
2338 1716 2496 1781 5000,
2534 1716 2805 1783 ducesque
2839 1728 3084 1768 seorsum
3115 1712 3221 1767 200
3266 1713 3360 1766 de-

1791 1808 2074 1873 linivisset,
2114 1819 2173 1864 ut
2207 1825 2236 1863 a
2262 1808 2455 1863 ﬁnibus
2484 1806 2849 1871 discederent,
2880 1805 3082 1860 etlecit.

950 2019 1077 2077 CAP.
1117 2018 1305 2073 XXVI.
1328 2048 1400 2058 —
1428 2016 1699 2071 Ptolemwi
1739 2012 2028 2067 liberalitas
2059 2014 2113 2067 in
2158 2010 2541 2066 Heraclienses.

168 2152 508 2222 Πτολεμαῖος
538 2152 593 2205 δὲ
622 2152 651 2204 ό
678 2153 778 2223 τῆς
804 2150 1079 2220 Αἰγύπτου
1109 2148 1363 2220 βασιλεὺς
1400 2149 1477 2211 είς
1504 2146 1676 2217 ἄκρον

88 2244 452 2313 εὐδαιμονίας
509 2242 715 2307 ἀναϐὰς
786 2242 1200 2312 λαμπροτάταις
1281 2239 1380 2311 μὲν
1450 2239 1678 2309 δωρεαῖς

88 2338 417 2402 εὐεργετεῖν
477 2335 575 2397 τὰς
628 2336 811 2397 πόλεις
861 2335 1154 2404 προήγετο,
1211 2328 1425 2401 ἔπεμψε
1482 2329 1538 2382 δὲ
1586 2329 1680 2382 καὶ

85 2430 206 2490 τοῖς
270 2426 687 2495 Ἡρακλεώταις
757 2426 998 2497 ἀρτάϐας
1054 2422 1229 2495 πυροῦ
1292 2422 1677 2486 πεντακοσίας,

86 2528 188 2572 καὶ
225 2519 368 2571 νεὼν
405 2519 589 2581 αὐτοῖς
622 2518 1019 2591 Προκοννησίας
1049 2518 1255 2588 πέτρας
1296 2516 1355 2569 ἐν
1398 2517 1463 2587 τῇ
1514 2516 1683 2585 ἀκρο-

87 2612 255 2664 πόλει
305 2610 604 2679 Ἡρακλέος
630 2610 969 2680 ἀνεδείματο.

1854 2144 2172 2199 Ptolemaeus
2213 2154 2389 2199 autem
2432 2159 2525 2198 rex
2569 2142 2785 2214 Egypti
2819 2183 2832 2209 ,
2888 2142 3205 2197 altissimum
3263 2143 3358 2197 be-

1790 2239 1966 2308 nignae
2040 2237 2265 2290 fortunae
2339 2237 2561 2307 gradum
2632 2245 2949 2298 assecutus,
3007 2235 3358 2304 magnilicen-

1786 2330 2007 2385 tissimis
2032 2330 2281 2383 civitates
2312 2330 2623 2383 muneribus
2666 2328 2927 2382 demereri
2985 2328 3353 2381 constituerat.

1786 2418 1973 2491 Itaque
2006 2421 2169 2474 etiam
2217 2418 2653 2473 lleracliensibus
2684 2417 2785 2470 500
2819 2415 3037 2470 artabas
3072 2416 3164 2485 (sic
3188 2414 3356 2467 Persa:

1788 2515 2108 2568 medimnum
2136 2511 2341 2581 vorant)
2386 2509 2548 2564 tritici
2583 2510 2748 2574 misit,
2766 2518 2816 2562 et
2851 2506 3359 2577 teniplutherculis

1787 2624 1817 2664 e
1842 2606 2208 2662 Proconnesio
2232 2620 2364 2659 saxo
2392 2604 2443 2658 in
2475 2618 2601 2658 arce
2629 2604 2707 2657 eis
2737 2601 3020 2656 exstruxit.

81 2752 231 2806 CAP.
292 2749 515 2806 XXVII.
561 2780 630 2791 --
672 2749 891 2805 Summa
956 2738 1323 2803 narrationum
1367 2751 1431 2803 de
1484 2747 1657 2801 Romae
1714 2748 1880 2801 initiis
1935 2757 1983 2800 et
2030 2747 2397 2810 incrementis,
2444 2762 2622 2814 regno,
2685 2742 3003 2801 consulibus,
3077 2740 3357 2805 imperato-

988 2822 1152 2885 ribus,
1178 2821 1325 2873 bellis
1362 2835 1477 2873 cum
1492 2818 1719 2889 Pyrrho,
1762 2819 2038 2886 Annibale,
2074 2815 2287 2881 Perseo,
2312 2817 2587 2871 Antiocho.

159 2957 357 3025 Μέχρι
398 2954 585 3007 τούτου
627 2957 842 3023 φθάσας
880 2958 909 3009 ό
948 2958 1296 3027 συγγραφεὺς
1324 2960 1406 3021 εἰς
1445 2957 1543 3028 τὴν
1572 2957 1685 3010 τῶν

94 3047 411 3115 Ῥωμαίων
457 3047 818 3115 ἐπικράτειαν
849 3047 947 3118 τὴν
997 3049 1225 3119 ἐκϐολὴν
1272 3052 1527 3111 ποιεῖται,
1565 3050 1686 3101 ὅθεν

74 3158 140 3191 τε
177 3139 388 3206 γένους
416 3136 640 3202 ἔφυσαν,
672 3138 766 3188 καὶ
803 3138 926 3189 τίνα
955 3137 1156 3205 τρόπον
1204 3138 1300 3205 τῆς
1336 3136 1561 3197 Ἰταλίας
1594 3137 1684 3187 ἐν-

76 3231 276 3283 ταῦθα
308 3228 661 3296 κατῴκησαν,
680 3228 779 3279 ὅσα
807 3244 865 3279 τε
896 3230 973 3289 είς
997 3228 1095 3297 τὴν
1124 3229 1224 3297 τῆς
1258 3229 1474 3299 Ῥώμης
1504 3232 1682 3285 κτίσιν

74 3320 390 3393 προῦλαϐε
413 3337 472 3372 τε
500 3320 593 3372 καὶ
620 3318 894 3388 ἐπράχθη,
929 3322 1021 3371 καὶ
1050 3320 1157 3372 τῶν
1195 3322 1552 3391 ἐπαρξάντων
1584 3324 1683 3376 αύ-

1864 2958 1981 3011 Huc
2005 2965 2195 3011 auctor
2236 2971 2560 3026 progressus
2610 2956 2675 3010 ad
2742 2955 3024 3025 imperium
3060 2954 3358 3011 Romanum

1794 3048 2174 3103 excursionem
2205 3047 2333 3101 fecit
2364 3064 2377 3102 :
2404 3062 2511 3117 quo
2547 3062 2743 3115 genere
2787 3048 2913 3111 orti,
2946 3049 3213 3116 quomodo
3247 3050 3360 3103 haec

1791 3140 1957 3195 Italia:
1984 3140 2103 3195 loca
2147 3140 2444 3195 insederint
2474 3158 2488 3193 :
2516 3154 2744 3209 quaeque
2785 3149 2909 3193 ante
2939 3142 3125 3194 urbem
3168 3142 3357 3195 condi-

1793 3242 1901 3287 tam
1931 3232 2214 3288 evenerint
2244 3242 2297 3285 et
2334 3240 2481 3298 gesta
2520 3233 2645 3287 sint.
2698 3230 2842 3296 Quos
2890 3232 3051 3284 etiam
3091 3234 3361 3300 principes

1792 3322 2080 3378 habuerint
2112 3363 2127 3389 ,
2154 3324 2466 3392 perstringit
2521 3341 2532 3375 :
2563 3338 2682 3391 qum
2709 3338 2828 3376 cum
2862 3322 2979 3375 aliis
3015 3322 3151 3375 bella
3182 3337 3362 3391 gesse—

73 3418 198 3468 τῶν
229 3412 567 3482 ἐπιτρέχων,
589 3414 682 3465 καὶ
707 3414 844 3481 πρὸς
868 3411 960 3476 οὓς
986 3413 1240 3482 πολέμοις
1264 3415 1681 3484 διηγωνίσαντο,
1712 3453 1735 3515 (

1712 3453 1756 3515 C
1789 3416 1919 3481 rint,
1949 3414 2079 3482 quid
2126 3415 2341 3468 condito
2389 3428 2550 3481 regno
2588 3414 2876 3477 acciderit;
2935 3421 2988 3467 et
3038 3422 3095 3466 ut
3149 3414 3358 3466 tandem

77 3510 180 3559 καὶ
239 3508 349 3570 τήν
385 3520 441 3555 τε
473 3504 579 3556 τῶν
625 3503 892 3572 βασιλέων
948 3506 1282 3558 κατάστασιν
1325 3508 1419 3561 καὶ
1463 3508 1561 3579 τὴν
1608 3510 1687 3573 είς

74 3600 349 3657 ὑπάτους
406 3596 503 3663 τῆς
562 3596 862 3664 μοναρχίας
918 3596 1239 3667 μεταϐολὴν,
1271 3598 1419 3662 ὅπως
1474 3616 1534 3652 τε
1585 3600 1690 3652 ὑπὸ

72 3688 365 3740 Γαλατῶν
410 3685 667 3753 Ῥωμαῖοι
698 3686 1011 3755 ἡττήθησαν
1044 3688 1111 3752 ⁷⁸,
1156 3690 1251 3740 καὶ
1279 3689 1395 3757 ἥλω
1425 3690 1492 3743 ἂν
1524 3691 1557 3761 ὴ
1586 3693 1684 3743 πό-

71 3782 195 3842 λις,
258 3778 313 3828 εἰ
367 3776 444 3843 μὴ
484 3775 763 3844 Κάμιλλος
793 3776 840 3805 ⁷⁵
872 3775 1242 3845 ἐπιϐοηθήσας
1284 3777 1380 3847 τὴν
1416 3778 1571 3831 πόλιν
1606 3782 1693 3849 ep.

72 3872 331 3940 ῥύσατο.
360 3864 493 3936 [⁵725
526 3865 613 3935 IL]
641 3865 831 3928 Ὅπως
856 3883 913 3918 τε
943 3867 1037 3918 ἐπὶ
1059 3868 1157 3937 τὴν
1198 3868 1384 3921 Ἀσίαν
1440 3870 1690 3936 Ἀλεξάν-

67 3967 203 4034 δρψ
239 3960 609 4021 διαϐαίνοντι,
658 3960 748 4011 καὶ
793 3959 1125 4031 γράψαντιῆ
1175 3964 1419 4031 κρατεῖν,
1458 3963 1552 4014 ἐὰν
1595 3963 1693 4032 ἄρ-

70 4074 207 4126 χειν
236 4052 538 4112 δύνωνται,
570 4050 601 4117 ῆ
638 4052 752 4111 τοῖς
788 4051 1092 4120 κρείττοσιν
1124 4051 1389 4116 ὑπείκειν,
1429 4054 1690 4122 στέφανον

73 4144 348 4220 χρυσοῦν
386 4144 494 4195 ἀπὸ
527 4141 725 4194 ἱκανῶν
749 4142 1022 4195 ταλάντων
1058 4144 1316 4211 Ῥωμαῖοι
1343 4146 1688 4216 ἐξέπεμψαν·

74 4243 184 4293 καὶ
232 4239 323 4298 ὡς
359 4236 497 4303 πρὸς
526 4234 894 4302 Ταραντίνους
934 4237 1027 4287 καὶ
1063 4236 1277 4305 Πύρρον
1300 4237 1345 4268 ⁷⁸
1376 4238 1465 4290 τὸν
1505 4239 1692 4292 Ἠπει-

75 4333 295 4402 ρώτην
358 4324 751 4393 συμμαχοῦντα
798 4325 1011 4387 τούτοις
1065 4327 1431 4399 ἐπολέμησαν,
1483 4333 1575 4383 καὶ
1623 4332 1692 4386 τὰ

73 4424 191 4491 μὲν
232 4416 551 4479 παθόντες,
586 4415 653 4467 τὰ
684 4414 738 4467 δὲ
767 4414 952 4476 κακῶς
998 4417 1125 4479 τοὺς
1184 4419 1476 4488 πολεμίους
1510 4422 1690 4475 διαθέ-

72 4528 283 4582 μενοι,
322 4504 697 4575 Ταραντίνους
728 4506 827 4574 μέν
852 4506 1219 4575 ὑπηγάγοντο,
1245 4509 1461 4581 Πύρρον
1490 4512 1545 4565 δέ
1582 4514 1692 4567 τῶν

66 4605 185 4673 τῆς
238 4597 491 4660 Ἰταλίας
517 4599 825 4666 ἀπήλασαν.
865 4599 1004 4652 Ὅσα
1032 4617 1089 4651 τε
1121 4601 1258 4670 πρὸς
1289 4603 1694 4674 Καρχηδονίους

66 4696 180 4748 καὶ
238 4686 509 4742 Ἀννίϐαν
544 4686 837 4755 Ῥωμαίοις
885 4687 1153 4757 ἐπράχθη,
1211 4690 1305 4739 καὶ
1339 4690 1436 4741 ὅσα
1471 4691 1515 4721 ττ
1556 4692 1692 4763 πρὸς

1791 3506 1936 3575 regia
1957 3515 2199 3575 potestas
2226 3506 2277 3558 in
2307 3505 2596 3559 consulare
2624 3515 2825 3558 mutata
2853 3504 3012 3557 fuerit
3054 3504 3359 3572 imperium,

1795 3605 1957 3665 utque
2002 3611 2033 3649 a
2064 3595 2229 3651 Gallis
2260 3596 2487 3651 Romani
2520 3597 2740 3659 deviCti,
2792 3606 2945 3664 capta
2972 3596 3358 3664 propemodum

1792 3704 1917 3743 arce
1954 3704 2078 3743 cum
2104 3689 2235 3743 urbe
2266 3731 2279 3753 ,
2318 3688 2417 3741 nisi
2474 3700 2688 3742 maturo
2733 3688 3118 3756 superveniens
3158 3688 3360 3742 auxilio

1789 3777 2047 3831 Camillus
2085 3792 2206 3832 eam
2256 3778 2542 3832 liberasset
2575 3796 2587 3831 :
2618 3788 2675 3830 ut
2714 3778 2873 3831 etiam
2922 3776 3250 3838 Alexandro.
3302 3783 3353 3831 in

1794 3869 1974 3923 Asiam
2008 3867 2317 3937 trajicienti,
2347 3878 2401 3923 et
2428 3884 2524 3939 per
2554 3868 2759 3923 litteras
2785 3868 2863 3923 eis
2895 3868 3255 3931 denuntianti,
3294 3878 3353 3922 nt

1793 3971 1884 4015 aut
1918 3962 2217 4027 vincerent,
2268 3962 2312 4017 si
2364 3962 2601 4030 gerendo
2649 3961 2873 4028 imperio
2912 3972 3093 4015 essent
3148 3961 3353 4022 idonei,

1793 4061 1882 4107 aut
1914 4053 2312 4121 potentioribus
2364 4055 2637 4116 cederent,
2675 4068 2892 4106 auream
2932 4066 3183 4106 coronam
3214 4052 3353 4120 (qua:

1793 4144 2006 4199 talentis
2033 4159 2136 4197 non
2163 4144 2347 4213 paucis
2374 4147 2667 4213 constaret)
2696 4151 2884 4199 contra
2909 4144 3171 4197 miserint.
3208 4142 3274 4195 Et
3302 4152 3360 4195 ut

1792 4236 1930 4291 bella
1970 4237 2238 4308 gesserint
2285 4240 2541 4292 adversus
2571 4236 2934 4301 Tarentinos,
2985 4246 3040 4290 et
3088 4234 3353 4307 Pyrrhum

1790 4326 2082 4395 Epiroten,
2136 4328 2236 4381 hos
2282 4328 2481 4381 auxilio
2532 4329 2858 4397 juvantem:
2899 4337 2953 4382 et
2992 4336 3069 4389 ut,
3115 4342 3219 4395 qua
3263 4342 3359 4394 pa-

1790 4419 1989 4483 tiendo,
2032 4433 2136 4488 qua
2184 4419 2463 4473 inferendo
2502 4420 2714 4485 clades,
2757 4421 2938 4473 hostes
2992 4420 3201 4472 tandem
3258 4420 3358 4471 do-

1792 4512 2071 4575 muerint,
2127 4521 2180 4563 et
2234 4511 2499 4581 Pyrrhum
2556 4511 2706 4566 Italia
2762 4512 3078 4580 expulerint.
3126 4510 3358 4579 Quaeque

1790 4618 1911 4656 cum
1944 4604 2461 4673 Carthaginensibus
2507 4612 2561 4658 et
2605 4603 2869 4658 Annibale
2917 4604 3127 4671 negotia
3170 4603 3355 4656 confe-

1794 4692 1964 4745 rerint
1997 4709 2010 4744 :
2042 4701 2096 4745 et
2129 4706 2246 4760 qua:
2298 4702 2482 4747 contra
2547 4691 2846 4761 Hispanos,
2902 4707 3025 4745 cum
3075 4692 3186 4757 alii,
3246 4703 3354 4743 tum

72 4787 215 4855 ’16η
229 4799 345 4855 ρας
379 4779 561 4839 ἄλλοις
599 4795 657 4830 τε
691 4780 780 4831 καὶ
810 4779 1068 4831 Σκιπίωνι
1101 4780 1459 4852 κατωρθὼθη,
1499 4784 1592 4836 καὶ
1616 4784 1691 4847 ὡς
1723 4796 1734 4852 ]

1723 4796 1767 4852 ι)
1798 4780 1995 4850 Scipio,
2035 4780 2203 4835 Marte
2237 4784 2473 4839 secundo
2513 4784 2821 4854 peregerint
2861 4802 2873 4837 :
2910 4792 3071 4852 utque
3107 4784 3191 4836 hic
3232 4781 3353 4834 His-

62 4878 253 4945 παρὰ
288 4870 408 4923 τῶν
455 4869 674 4937 Ἰϐήρων
709 4870 959 4938 βασιλεὺς
1002 4871 1293 4939 ψηφισθεὶς
1320 4875 1420 4927 ούκ
1449 4875 1685 4941 ἐδέξατο,

61 4975 245 5029 ὅπως
290 4980 359 5014 τε
395 4961 869 5031 καταπολεμηθεὶς
909 4961 1109 5031 ἔφυγεν
1144 4961 1411 5027 Ἀννίϐας.
1464 4967 1575 5021 Καὶ
1613 4967 1689 5031 ὡς

63 5065 282 5130 πέραν
323 5054 423 5106 τοῦ
466 5054 671 5105 Ἰωνίου
717 5054 973 5124 Ῥωμαῖοι
1002 5053 1257 5123 διέϐησαν
1280 5071 1295 5085 ·
1328 5056 1421 5108 καὶ
1450 5056 1526 5120 ὡς
1551 5059 1691 5127 Περ-

66 5158 224 5216 σεὺς
260 5152 297 5203 ὁ
326 5146 603 5199 Φιλίππου
628 5146 724 5215 τὴν
752 5146 1076 5200 Μακεδόνων
1109 5147 1285 5218 ἀρχὴν
1314 5147 1689 5219 ἐκδεξάμενος,

60 5252 175 5303 καὶ
215 5243 342 5302 τὰς
379 5239 654 5307 συνθήκας
680 5238 805 5310 [577
857 5238 949 5308 H.]
978 5239 1077 5301 τὰς
1104 5241 1239 5308 πρὸς
1269 5240 1360 5293 τὸν
1391 5241 1557 5294 αὐτοῦ
1587 5260 1690 5294 πα-

58 5343 226 5407 τέρα,
301 5330 607 5399 Ῥωμαίοις
652 5332 1020 5400 γεγενημένας
1069 5331 1281 5401 νεότητι
1326 5333 1509 5397 κινῶν,
1564 5352 1694 5387 κατ-

55 5423 457 5495 επολεμήθη,
512 5422 722 5475 Παύλου
770 5423 832 5476 τὸ
870 5424 991 5476 κατ’
1041 5425 1267 5479 αύτὸν⁷⁸
1298 5425 1695 5495 ἀναστήσαντος

1794 4888 2057 4941 panorum
2089 4875 2306 4929 decreto
2339 4890 2430 4929 rex
2462 4876 2784 4944 appellatus,
2820 4876 3075 4930 honorem
3120 4889 3223 4927 non
3255 4874 3354 4926 ad-

1798 4963 2005 5017 miserit
2058 4979 2073 5017 :
2128 4976 2187 5018 ut
2240 4966 2536 5021 debellatus
2580 4967 2811 5020 Annibal
2874 4967 3093 5034 fugerit.
3152 4964 3247 5020 Hic
3298 4979 3356 5017 ιιι

1795 5052 2002 5108 Ionium
2036 5069 2184 5110 mare
2202 5060 2603 5119 transmissum,
2631 5067 2685 5110 et
2711 5072 2830 5110 cum
2859 5056 3075 5119 Perseo,
3129 5056 3352 5123 Philippi

1796 5148 1849 5199 in
1882 5159 2049 5215 regno
2096 5144 2449 5201 Macedonum
2507 5147 2753 5212 haeretle,
2810 5149 2936 5202 dum
2990 5148 3161 5202 [trdus
3233 5163 3350 5201 cum

1798 5250 1953 5307 patre
1981 5254 2008 5292 a
2037 5236 2296 5293 Romanis
2331 5240 2903 5309 pereussuni,juvcnili
2935 5240 3234 5294 temeritate
3268 5254 3350 5290 re-

1799 5330 2031 5395 scindit,
2082 5332 2153 5385 sit
2207 5331 2565 5396 debellatum,
2629 5330 2851 5385 Aﬁmilio
2898 5331 3060 5385 Paulo
3124 5332 3190 5385 de
3239 5332 3352 5399 ipso

1806 5424 2187 5491 triun‘nphante.
2218 5422 2287 5480 Ut
2331 5426 2681 5489 Antiochum,
2736 5424 2905 5494 Syria:
2944 5434 2999 5477 et
3040 5423 3355 5490 Comageuze

1393 5597 1626 5653 VARIIE
1681 5597 2079 5654 LECTIONES.

142 5744 202 5776 τι
252 5734 633 5806 Ἀμησόνιςη
682 5735 729 5766 ⁷⁸
762 5736 1091 5805 ἡττήθησαν,
1149 5737 1466 5806 ἡττηθέντες
1490 5739 1553 5793 Α.

47 5812 258 5871 αὑτοῦ
321 5805 589 5874 Scaliger.
623 5805 762 5861 idem
818 5823 935 5860 IIIUS
969 5811 1222 5877 expungit
1258 5805 1411 5876 πρός.

1632 5741 1673 5772 τ⁵
1696 5738 1953 5808 Κάμηλος
1998 5741 2061 5793 Λ.

2168 5742 2213 5771 ⁷⁸
2272 5740 2443 5812 Πύρον
2475 5744 2535 5793 Λ.
2644 5743 2683 5771 ⁷⁷
2713 5742 2810 5793 ὅσα
2856 5755 2913 5792 τε
2946 5757 3002 5804 ς.
3080 5742 3123 5773 ’⁸
3175 5738 3355 5811 αύτδνξ
