4208 6448
811 381 915 447 903

1987 388 2249 450 PIIOTII
2290 392 2792 455 PATRIARCIUE
2823 396 2929 456 ΠΡ.

3939 400 4044 462 θοι

810 514 865 553 et
921 497 1119 553 Jndmzc
1170 512 1383 564 regem,
1443 496 1656 554 duabus
1701 501 1892 569 pugnis
1947 501 2259 569 infractum,
2304 522 2366 559 ex
2406 514 2447 567 Α

2406 514 2447 567 Α
2479 509 2775 574 τρόπαιονο
2816 510 2964 571 ὅπως
3006 527 3063 562 τε
3106 510 3239 579 πρὸς
3278 511 3541 579 ’Λντίοχον
3588 511 3679 561 τὸν
3724 511 3924 579 Συρίας
3949 514 4044 562 καὶ

814 592 1023 661 Europa
1054 592 1337 661 ejecerint.

2489 601 2823 669 Κομαγήνης
2878 602 2972 653 καὶ
3013 604 3270 665 Ἰουδαίας
3318 606 3364 636 ⁷⁸
3414 604 3641 672 βασιλέα.
3678 604 3799 654 δυσὶ
3845 603 4046 671 μάχαις

2486 692 2802 759 νικήσαντες
2831 695 2925 760 τῆς
2952 693 3218 762 Εὐρώπης
3249 694 3524 758 ἐξέϐαλον.

1177 814 1307 869 CAP.
1333 812 1565 867 XXVIII.
1594 844 1663 855 —-
1684 816 2098 869 Heracliettsium
2129 818 2281 887 legali
2322 835 2353 869 a
2390 818 2638 873 Romanis
2680 823 2731 873 in
2762 823 2885 875 Asia
2913 824 3129 877 ducibus
3173 826 3467 877 humaniter
3488 824 3698 891 accepti.

890 940 983 993 Illa
1016 939 1176 1008 igitur
1206 938 1311 991 huc
1332 954 1499 1007 usque
1532 940 1600 994 de
1642 940 1866 1007 imperio
1894 940 2134 993 Romano
2182 958 2391 995 commc

820 1042 993 1085 morat
1020 1040 1226 1084 ant-tor.
1267 1029 1470 1083 Exinde
1512 1032 1841 1098 propositam
1868 1031 1965 1083 sibi
2003 1031 2283 1085 historiam
2313 1033 2385 1086 ita

820 1120 1117 1175 continuat.
1138 1120 1533 1183 lleraclienses,
1556 1122 1923 1175 Romanorum
1954 1123 2118 1177 duces
2144 1126 2193 1175 in
2212 1124 2393 1176 Asiam

824 1226 1210 1279 transgressos,
1242 1212 1422 1264 missis
1456 1214 1644 1280 legatis
1668 1213 2018 1276 conveniunt,
2054 1214 2141 1280 qui
2172 1214 2396 1265 comiter

822 1306 1048 1373 accepti,
1077 1305 1282 1356 litteras
1300 1305 1492 1372 229b
1520 1306 1873 1358 humanitatis
1893 1307 2155 1373 pleuasab
2173 1307 2392 1360 Emilio

824 1397 987 1449 Paulo
1018 1396 1131 1463 (al.
1172 1394 1362 1448 Publio
1396 1395 1640 1462 tEuiilio)
1687 1398 1982 1449 retulerant
2028 1414 2041 1448 :
2083 1398 2276 1465 quibus
2338 1409 2391 1451 et

825 1487 1054 1539 amicum
1088 1487 1216 1553 ipsis
1252 1484 1365 1537 fore
1401 1497 1673 1547 senatum,
1708 1502 1807 1540 nec
1839 1486 1942 1539 ulla
1985 1488 2034 1539 iu
2062 1504 2119 1541 re
2161 1489 2390 1554 pruden-

827 1578 953 1627 tiam
1004 1577 1365 1628 Romanorum
1416 1586 1470 1629 et
1517 1593 1704 1631 curam
1738 1580 1817 1644 (si
1865 1582 2078 1645 quando
2137 1580 2218 1633 his
2248 1582 2387 1634 indi-

826 1666 1019 1734 geant)
1064 1666 1368 1719 defuturam
1427 1668 1731 1733 pollicetur.
1779 1670 2036 1737 Deinceps
2082 1671 2240 1723 etiam
2322 1674 2385 1723 ad

825 1756 1139 1809 Cornelium
1198 1756 1525 1822 Scipionem,
1569 1760 1660 1825 qui
1698 1759 1931 1814 Africam
1967 1760 2224 1815 Romanis
2256 1762 2389 1815 bello

828 1849 1081 1910 asseruit,
1127 1848 1445 1915 legationem
1494 1852 1713 1915 misere,
1762 1861 2010 1905 testatam
2049 1854 2199 1922 prius
2251 1856 2387 1906 ami-

828 1941 1005 1992 citiam
1039 1949 1093 1992 ιιι
1126 1940 1529 1993 conﬁrmarent.
1556 1943 1619 1995 Et
1646 1954 1765 2010 post
1790 1945 1903 1997 haec
1927 1946 2171 1999 eumdem
2204 1960 2391 1998 rursos

827 2046 924 2097 per
948 2030 1151 2099 legatos
1184 2041 1360 2096 orant,
1400 2042 1457 2084 ut
1488 2034 1813 2087 Antiochum
1846 2034 1896 2087 in
1923 2036 2145 2105 gratiam
2167 2048 2391 2104 reponat

828 2125 967 2188 apud
996 2123 1267 2177 Romanos
1298 2141 1310 2175 :
1343 2136 1396 2177 et
1424 2128 1726 2194 perscripto
1762 2128 1828 2181 ad
1868 2144 2043 2199 regem
2085 2130 2387 2196 plebiscito,

828 2225 887 2267 ιιι
921 2215 1113 2267 bellum
1168 2225 1351 2268 contra
1398 2215 1671 2271 Romanos
1718 2220 1969 2288 deponat,
2015 2221 2389 2273 adhortantur.

825 2305 1106 2359 Cornelius
1146 2307 1307 2357 etiam
1364 2305 1547 2374 Scipio
1580 2347 1595 2370 ,
1657 2307 1992 2364 IIeracleotis
2036 2312 2340 2367 rescribens
2373 2353 2388 2373 ,

828 2396 929 2448 hac
969 2396 1319 2463 inscriptione
1376 2398 1587 2450 utitur:
1632 2398 1809 2464 Scipio
1842 2402 2149 2468 imperator,
2184 2421 2387 2469 procos.

831 2484 1209 2551 Romanorum,
1240 2488 1443 2540 senatui
1471 2488 1762 2559 populoque
1794 2490 2205 2545 Heracliensium
2256 2494 2392 2546 salu-

830 2590 948 2629 tem.
979 2579 1041 2630 Et
1084 2580 1165 2630 his
1197 2579 1391 2631 litteris
1427 2581 1859 2634 benevolentiam
1886 2598 2010 2649 erga
2050 2586 2192 2650 ipsos
2217 2595 2387 2637 ratam

825 2680 878 2719 et
906 2671 1109 2720 tirtnam
1143 2684 1291 2731 esse,
1340 2680 1395 2720 et
1426 2670 1621 2723 bellum
1654 2686 1775 2725 cum
1818 2674 2083 2727 Antiocho
2140 2674 2386 2739 solvisse,

826 2759 1095 2811 ltomanos
1178 2759 1431 2813 allirmat.
1512 2761 1714 2815 Eadem
1770 2778 1889 2832 quas
1938 2763 2159 2829 Lucius,
2227 2767 2385 2820 etiam

826 2849 883 2901 Ρ.
917 2850 1200 2902 Cornelius
1254 2850 1433 2915 Scipio
1478 2852 1594 2920 ejus
1642 2852 1833 2917 frater,
1879 2862 1931 2906 et
1968 2853 2154 2907 classis
2184 2855 2387 2922 prazl'e—

822 2951 965 3002 ctus,
998 2939 1453 3003 lleracliensibus,
1498 2952 1621 3008 post
1669 2943 1886 2995 missam
1933 2944 2254 3012 legationem
2305 2962 2387 3000 re-

822 3030 1057 3095 spondit.
1088 3030 1243 3082 Brevi
1270 3040 1391 3097 post
1422 3031 1722 3084 Antiochus
1756 3032 1948 3083 bellum
1992 3033 2252 3087 adversus
2280 3033 2387 3086 Ro-

2562 944 2641 994 Τὰ
2661 945 2705 974 ¹¹⁰
2749 944 2847 1011 μὲν
2890 940 2981 997 οὖν
3018 947 3146 1011 περῖ
3192 946 3287 1013 τῆς
3335 944 3644 1011 Ῥωμαῖκῆς
3683 942 3857 1009 ἀρχῆς
3893 942 4049 1009 μέχρι

2490 1036 2641 1087 τοῦδε
2681 1035 2870 1088 δίεισιν
2924 1040 2951 1088 ὁ
2993 1036 3338 1103 συγγραφεύς
3370 1052 3385 1065 ⁸
3424 1033 3704 1086 ἀναλαϐὼν
3742 1032 3798 1083 δὲ
3852 1034 4051 1100 γράφει

2492 1128 2639 1185 ὅπως
2699 1127 3093 1197 Ἡρακλεῶται,
3148 1126 3701 1196 διαπρεσϐευσάμενοι
3745 1124 3881 1189 πρὸς
3931 1123 4051 1182 τοὺς

2493 1218 2601 1269 τῶν
2643 1218 2928 1286 Ῥωμαίων
2956 1220 3293 1288 στρατηγοὺς
3325 1219 3415 1269 ἐπὶ
3449 1218 3545 1286 τὴν
3588 1215 3771 1266 Ἀσίαν
3797 1214 4052 1279 διαϐεϐη-

2498 1308 2683 1369 κότας,
2732 1310 2982 1375 ἀσμένως
3011 1326 3067 1361 τε
3108 1308 3478 1375 ἀπεδέχοησαν
3525 1308 3615 1358 καὶ¹
3659 1306 3947 1371 ἐπιστολῆς
3970 1323 4053 1371 φι-

2498 1397 2917 1467 λοφρονούμενοι
2956 1398 3143 1466 ἔτυχον
3180 1398 3249 1459 ⁸⁸,
3295 1397 3526 1449 Ποπλίου
3567 1396 3771 1459 ταύτην
3800 1397 4053 1446 ἀποστεί-

2495 1490 2707 1551 λαντος,
2737 1490 2796 1541 ὲν
2892 1491 3076 1558 φιλίαν
3108 1507 3166 1541 τε
3208 1490 3342 1558 πρδς
3382 1488 3578 1548 αὐτοὺς
3615 1488 3715 1554 τῆς
3753 1487 4053 1553 συγκλήτου

2498 1580 2695 1647 βουλῆς
2741 1582 3076 1649 ὑπισχνεῖτο,
3119 1582 3211 1631 καὶ
3264 1580 3329 1629 τὰ
3388 1579 3519 1632 ἄλλα
3570 1578 3821 1647 προνοίας
3853 1595 3913 1627 τε
3967 1578 4057 1627 καὶ

2498 1672 2833 1736 ἐπιμελείας,
2867 1671 3084 1723 ἐπειδάν
3124 1688 3266 1731 τινος
3315 1669 3491 1721 αὐτῶν
3533 1668 3753 1723 δέοιντο,
3789 1666 4057 1732 μηδεμιᾶς

2501 1762 2862 1830 ὑστερεῖσθαι.
2898 1763 3165 1831 ’Ὕστερον
3207 1761 3263 1812 δὲ
3307 1762 3400 1810 καὶ
3435 1759 3567 1825 πρὸς
3602 1756 3899 1824 Κορνήλιον
3934 1757 4059 1806 Σκι-

2495 1854 2669 1906 πίωνα
2691 1855 2781 1904 τὸν
2798 1853 2897 1919 τὴν
2918 1852 3124 1919 Λιϐύην
3148 1850 3435 1919 Ῥωμαίοις
3470 1849 3807 1916 στησάμενον
3827 1846 4059 1913 διαπέμ-

2493 1960 2653 1994 πουσι
2696 1942 3010 2011 πρεσϐείαν,
3048 1942 3146 2010 τὴν
3200 1940 3618 2007 ὡμολογημένην
3653 1940 3832 2005 φιλίαν
3875 1939 4060 1988 ἐπικυ-

2497 2034 2733 2103 ροῦντες.
2760 2035 2914 2087 Μετὰ
2935 2032 3103 2086 ταῦτα
3126 2032 3181 2083 δὲ
3204 2032 3361 2083 πάλιν
3386 2033 3518 2098 πρὸς
3539 2031 3628 2080 τὸν
3656 2030 3813 2081 αὑτὸν
3831 2030 4055 2093 διαπρε-

2493 2125 2798 2187 σϐεύονται,
2852 2125 3186 2178 διαλλάττειν
3231 2124 3364 2192 πρὸς
3419 2123 3722 2191 Ῥυηιαίους
3778 2121 4060 2187 ἀξιοῦντες

2490 2218 2583 2268 etv
2642 2216 2866 2284 βασιλέα
2911 2216 3211 2286 Ἀντίοχοψ
3265 2216 3360 2268 καὶ
3407 2216 3659 2282 ψήφισμα
3717 2213 3850 2280 πρὸς
3896 2214 4058 2264 αὑτὸν

2493 2308 2733 2377 ἔγραψαν
2757 2310 2825 2374 θ’,
2855 2308 3241 2379 παραινοῦντες
3274 2308 3433 2359 αὑτὸν
3462 2307 3559 2374 τὴν
3585 2306 3718 2371 πρὸς
3752 2304 4057 2371 Ῥωμαίους

2490 2402 2845 2455 διαλύσασθαι
2879 2404 2925 2433 ⁸⁸
2972 2402 3195 2471 ἔχθραν.
3241 2402 3299 2452 '0
3360 2401 3414 2451 δὲ
3480 2399 3770 2465 Κορνήλιος
3814 2398 4057 2448 Σκιπίων

2491 2494 2919 2546 ἁντεπιστέλλων
2965 2497 3076 2555 τοῖς
3124 2490 3521 2561 Ἡρακλεώταις
3562 2490 3853 2555 ἐπιγράφει
3888 2485 4053 2537 οὕτωσ

2491 2588 2751 2639 Σκιπίων
2849 2585 3226 2653 στρατηγὸς,
3315 2582 3655 2645 ἀνθύπατος
3729 2580 4053 2645 Ῥωμαίων.

2501 2674 2923 2743 ’Πρακλεωτῶν
2945 2672 3238 2740 τῇβοιιλῇ
3275 2672 3371 2723 καὶ
3404 2670 3480 2734 τῷ
3509 2671 3672 2738 δήμῳ
3712 2672 3960 2737 χαίρειν,
3998 2671 4056 2717 ἐν

2490 2770 2662 2840 ταύτῃ
2706 2770 2802 2837 τήν
2828 2787 2885 2820 τε
2918 2768 3055 2837 πρὸς
3082 2768 3274 2830 αὐτοὺς
3307 2767 3523 2819 εὔνοιαν
3558 2764 3907 2823 ὲπιϐεϐαιῶν,
3961 2764 4056 2813 καὶ

2489 2864 2566 2924 ὡς
2623 2861 2963 2913 διαλύσαιντο
2995 2861 3255 2929 Ῥωμαῖοι
3291 2859 3390 2927 τὴν
3439 2857 3576 2924 πρὸς
3622 2855 3891 2921 ’Ᾱντίοχον
3949 2856 4056 2921 μά-

2489 2972 2612 3022 χην.
2676 2953 2756 3004 Τὰ
2803 2954 2942 3003 αὐτὰ
3003 2951 3061 3002 δὲ
3114 2949 3327 3018 Λευκίῳ
3360 2949 3405 2978 ⁸⁸
3465 2946 3695 3005 Πόπλιος
3754 2945 4056 3012 Κορνήλιος

2488 3042 2729 3093 Σκιπίων
2773 3041 2801 3091 ὁ
2836 3041 3062 3108 ἁδελφὸς
3094 3042 3187 3092 καί¹
3216 3039 3513 3109 στρατηγὸς
3534 3038 3625 3089 τοῦ
3657 3036 3912 3088 ναυτικοῦ
3944 3041 4057 3097 τοῖς

820 3133 1007 3169 manos
1041 3118 1394 3186 rediutegrat,
1443 3129 1497 3172 et
1530 3120 1724 3187 prmlio
1748 3122 1974 3173 summis
2001 3121 2205 3175 viribus
2234 3136 2379 3175 com—
2412 3151 2453 3207 ο

2412 3151 2453 3207 c
2501 3127 2905 3201 Ἡρακλεώταις
2938 3129 3527 3198 διαπρεσϐευσαμένοις
3556 3126 3883 3193 ἀντέγραψε.
3923 3127 4053 3178 Μετ’

819 3211 984 3260 misso
1039 3210 1234 3271 victus,
1289 3225 1438 3262 arma
1511 3212 1751 3279 deponit,
1798 3213 1946 3278 pacis
1988 3214 2387 3267 conditionibus

817 3299 1071 3363 acceptis.
1110 3298 1238 3363 Quae
1268 3307 1321 3351 et
1358 3309 1467 3351 tota
1500 3316 1621 3353 eum
1666 3300 1796 3354 Asia
1833 3301 2041 3357 Minore
2072 3303 2383 3367 excludunt,

815 3398 869 3439 ct
897 3389 1199 3455 elephantis
1250 3391 1571 3457 naviumque
1630 3392 1797 3445 classi
1830 3407 1951 3446 eum
2001 3396 2236 3461 privant,
2284 3395 2387 3447 Co-

816 3496 1038 3543 magena
1084 3490 1137 3533 et
1188 3480 1341 3549 Syria
1386 3494 1436 3535 et
1493 3482 1675 3537 Judma
1722 3488 2099 3540 tantummodo
2157 3488 2381 3541 relictis.

815 3570 1242 3625 lleracliensinm
1295 3574 1490 3627 dehinc
1549 3576 1745 3629 civitas
1793 3576 1930 3643 apud
1977 3576 2383 3644 imperatorum,

812 3664 987 3730 (quos
1030 3663 1185 3713 modo
1212 3664 1317 3715 dixi
1348 3666 1363 3729 )
1401 3665 1594 3719 missos
1626 3681 1655 3718 a
1704 3665 1962 3720 Romanis
2015 3681 2385 3728 successores,

810 3756 996 3806 eadem
1025 3755 1197 3823 gratia
1232 3765 1285 3808 et
1314 3756 1650 3811 humanitate
1710 3760 1913 3826 potitur
1940 3777 1951 3811 :
1992 3761 2161 3815 dbnec
2192 3762 2256 3813 ad
2292 3761 2387 3814 bas

812 3848 1022 3897 tandem
1056 3846 1196 3914 leges
1223 3847 1364 3899 inter
1395 3847 1671 3903 Romanos
1697 3860 1748 3903 et
1777 3850 2123 3906 Heracleotas
2174 3867 2387 3919 proces-

809 3952 924 3989 sunt
943 3948 1055 3989 est:
1085 3948 1137 3988 ut
1168 3955 1264 3991 non
1289 3942 1439 3992 modo
1460 3942 1748 3993 amicitiam
1766 3944 1901 3994 inter
1928 3959 2003 4007 se,
2030 3960 2206 3995 verum
2230 3946 2386 3996 etiam

804 4030 1121 4091 societatem,
1167 4038 1347 4082 contra
1387 4048 1515 4098 quos
1552 4043 1598 4084 et
1656 4049 1876 4097 quorum
1911 4035 2086 4101 gratia
2135 4052 2261 4102 opus
2288 4038 2378 4097 sit,

805 4119 1000 4169 colant.
1040 4118 1283 4185 Suntque
1317 4120 1534 4173 [traderis
1579 4122 1738 4188 hujus
1784 4132 1973 4189 pacta,
2022 4122 2259 4190 ejusdem
2297 4134 2379 4175 te-

806 4208 954 4261 noris
1005 4219 1059 4261 et
1134 4209 1341 4275 formae,
1401 4213 1450 4264 in
1507 4211 1718 4265 tabulas
1789 4228 1964 4266 teneas
2014 4214 2179 4267 relata
2224 4215 2377 4277 duas,

803 4314 1032 4363 quorum
1060 4301 1227 4352 altera
1279 4317 1443 4369 penes
1493 4302 1792 4365 Romanos,
1845 4305 1895 4356 in
1926 4303 2247 4371 Capitolino,
2284 4304 2377 4357 Jo-

801 4390 884 4443 vis
910 4393 1127 4459 templo,
1159 4393 1329 4446 altera
1366 4392 1660 4456 Heraclcm,
1694 4396 1856 4447 etiam
1883 4396 1995 4464 ipsa
2026 4398 2079 4449 in
2110 4394 2261 4450 Jovis
2286 4412 2375 4450 sa-

802 4485 978 4533 erario
1004 4491 1085 4535 est
1112 4482 1290 4535 aﬂixa.

2486 3221 2545 3272 οὐ
2600 3220 2733 3272 πολὺ
2777 3220 2834 3272 δὲ
2877 3220 3042 3271 πάλιν
3098 3220 3177 3280 είς
3224 3223 3402 3286 μάχην
3450 3219 3717 3284 Ἀντίοχος
3759 3217 4056 3285 Ῥωμαίοις

2485 3311 2750 3379 κατέστη,
2811 3310 2905 3363 καὶ
2956 3311 3059 3363 ἀνὰ
3091 3310 3291 3378 κράτος
3323 3308 3575 3377 ἡττηθεὶς
3612 3310 3704 3359 ἐπὶ
3758 3308 4057 3370 συνθήκαις

2482 3402 2763 3455 διελύσατο
2804 3402 2904 3470 τὴν
2968 3402 3188 3471 ἔχθραν,
3253 3402 3308 3453 αἳ
3370 3402 3463 3452 καὶ
3504 3401 3603 3467 τῆς
3661 3401 3843 3459 ’Λείας
3895 3401 4056 3452 αὑτὸν

2482 3496 2701 3563 ἁπάσης
2732 3498 3018 3562 ἀπεῖργον,
3051 3496 3144 3547 καὶ
3173 3495 3295 3555 τοὺς
3322 3494 3616 3560 ἐλέφαντας
3648 3496 3741 3545 καὶ
3772 3493 3882 3543 τῶν
3911 3494 4056 3559 νηῶν

2488 3586 2897 3653 συναφῃροῦντο
2935 3586 3026 3637 τὸν
3051 3584 3255 3647 στόλον,
3292 3586 3390 3650 τῆς
3421 3586 3799 3652 Κομμαγήνης
3832 3584 3985 3649 αύτῴ
4013 3585 4056 3613 ³⁸

2486 3677 2580 3725 καὶ
2623 3678 2719 3739 τῆς
2766 3676 3021 3736 Ἰουδαίας
3057 3676 3135 3728 είς
3184 3674 3355 3741 ἀρχὴν
3394 3673 3858 3738 ὑπολειπομένων.
3902 3672 3967 3721 'II
4001 3674 4056 3722 δὲ

2484 3764 2592 3816 τῶν
2635 3765 3023 3829 Ἡρακλεωτῶν
3064 3764 3217 3823 πόλις
3271 3762 3405 3830 πρὸς
3430 3763 3552 3822 τοὺς
3599 3761 4057 3827 ὲκπεμπομὲνους

2485 3854 2635 3917 παρὰ
2660 3854 2765 3905 τῶν
2819 3851 3109 3919 Ῥωμαίων
3155 3849 3263 3903 τῶν
3305 3847 3625 3918 στρατηγῶν
3668 3847 3948 3913 διαδόχους
3992 3848 4059 3897 τα

2486 3942 2623 3993 αὑτά
2674 3958 2731 3992 τε
2786 3938 3221 4009 διεπρεσϐεύετο,
3273 3938 3364 3989 καὶ
3411 3941 3527 3997 ταῖς
3580 3936 3785 4001 ὁμοίαις
3836 3936 4056 3985 ἀντεδε-

2490 4030 2665 4093 ξιοῦτο
2693 4032 2924 4092 εὐνοίαις
2974 4032 3067 4081 καὶ.
3102 4030 3538 4097 φιλοφρονήσεσι.
3588 4028 3692 4076 Καὶ
3730 4026 3881 4087 τέλος
3933 4043 4058 4076 συν-

2488 4120 2649 4187 θῆκαι
2699 4120 2965 4188 προῆλθον
3013 4118 3300 4186 Ῥωμαίοις
3354 4134 3412 4168 τε
3484 4118 3574 4167 καὶ
3620 4114 4055 4183 Ἡρακλεώταις,

2490 4211 2563 4280 μὴ
2588 4211 2772 4278 φίλους
2798 4206 2934 4261 εἶναι
2964 4209 3142 4276 μόνον,
3170 4208 3303 4260 ἀλλὰ
3325 4208 3415 4258 καὶ
3438 4208 3754 4274 συμμάχους
3778 4206 4052 4271 ἀλλήλοις,

2487 4302 2605 4353 καθ’
2636 4295 2709 4351 ὧν
2743 4318 2801 4351 τε
2823 4301 2916 4351 καὶ
2944 4300 3081 4368 ὑπὲρ
3118 4292 3192 4350 ὧν
3220 4300 3456 4368 δεηθεῖεν
3486 4298 3757 4365 ἑκάτεροι.
3796 4298 3927 4367 [728
3959 4298 4050 4365 IL]

2486 4392 2597 4443 Καὶ
2650 4393 2839 4459 χαλκοῖ
2890 4390 3114 4451 πίνακες
3162 4389 3253 4441 δύο
3304 4390 3399 4451 τάς
3441 4390 3731 4456 ὁμολογίας
3778 4391 3927 4449 ἴσους
3960 4392 4055 4439 καὶ

2480 4481 2670 4543 ὁμοίας
2689 4480 2880 4546 ἔφερον
2903 4499 2914 4509 ·
2936 4473 3009 4531 ὧν
3031 4481 3057 4530 ὁ
3092 4479 3188 4547 μὲν
3216 4480 3366 4548 παρὰ
3404 4478 3691 4546 Ῥωμαίοις
3724 4480 3779 4529 ὲν
3798 4479 3877 4545 τῷ
3908 4479 4053 4529 κατά

2480 4568 2541 4618 τὸ
2606 4568 2949 4619 Καπιτώλιον
2973 4568 3103 4636 ἱερῷ
3147 4568 3239 4619 τοῦ
3268 4568 3385 4629 Διὸς
3418 4567 3729 4637 καθηλώοη,
3761 4570 3788 4618 ὁ
3826 4568 3880 4619 δὲ
3907 4571 4052 4619 κατὰ

2478 4661 2575 4730 τὴν
2615 4660 2941 4728 Ἡράκλειαν
2977 4660 3069 4711 καλ⁸
3108 4660 3266 4719 αὐτὸς
3297 4662 3341 4689 ⁸⁸
3380 4660 3436 4710 ἐν
3484 4659 3557 4725 τῷ
3586 4658 3678 4709 τοῦ
3722 4659 3843 4720 Διὸς
3890 4659 4047 4727 ἱερῷ.

1318 4746 1445 4799 CAP.
1480 4747 1673 4801 XXIX.
1703 4780 1773 4787 —
1794 4747 2153 4802 Ilet'aclienses
2181 4769 2211 4802 a
2248 4749 2437 4802 Prusia
2465 4752 2516 4803 in
2548 4755 2814 4819 angustias
2852 4753 3060 4813 coacti;
3088 4751 3336 4819 Imjusque
3362 4752 3551 4804 clades.

873 4857 995 4909 llarc
1048 4868 1337 4926 postquam
1374 4876 1468 4912 xm
1504 4870 1557 4913 et
1596 4875 1685 4912 xrv
1736 4860 1985 4913 Historiae
2034 4861 2172 4914 libro
2202 4876 2370 4929 expo-
2404 4865 2445 4918 D

2404 4865 2445 4918 D
2550 4863 2734 4914 Ταῦτα
2794 4861 3079 4927 διεξελθὼν
3119 4862 3147 4912 ὁ
3180 4862 3523 4930 συγγραφεὺς
3562 4860 3701 4911 κατὰ
3754 4859 3816 4910 τὸ
3848 4866 3917 4925 ιγ’
3951 4863 4046 4917 καὶ

798 4950 930 5009 smt,
967 4963 1032 4999 xv
1091 4964 1315 5002 exorsus
1368 4953 1480 5003 haec
1517 4950 1709 5005 refert.
1761 4949 2004 5015 PrUsias,
2049 4952 2239 5018 inquit,
2284 4950 2373 5002 Bi-

802 5040 1088 5106 thynorum
1139 5056 1254 5100 rex.
1304 5042 1528 5094 miriliee
1559 5042 1858 5093 industrius
1886 5052 1939 5094 et
1974 5058 2199 5109 guavus,
2236 5043 2372 5094 mul-

804 5132 982 5199 tisque
1015 5136 1172 5185 rebus
1202 5136 1366 5201 gestis
1388 5135 1590 5199 clarus,
1627 5135 1770 5186 inter
1798 5134 1897 5185 alia
1940 5136 2101 5187 etiam
2134 5133 2371 5197 Cierum,

802 5224 1165 5279 Ileracliensis
1239 5228 1459 5280 ditionis
1516 5227 1729 5291 urbem,
1780 5226 1916 5280 bello
1975 5226 2223 5295 subjecit,
2274 5242 2369 5293 pro

800 5318 959 5369 (itero
999 5317 1315 5369 Prusiadcm
1362 5332 1702 5383 uuucupans.
1750 5318 1903 5369 Tituu
1944 5318 2106 5370 etiam
2159 5332 2370 5370 eorum-

800 5408 920 5459 dem
950 5408 1312 5475 jurisdictioni
1362 5409 1653 5461 obnoxiam
1692 5410 1835 5475 cepit
1877 5426 1890 5460 :
1932 5420 1985 5460 ut
2031 5409 2108 5461 sic
2140 5410 2370 5475 undique

800 5497 995 5566 2300
1026 5514 1171 5550 mare
1194 5499 1671 5552 circumscriberet
1696 5498 2025 5551 Heracleam.
2057 5498 2183 5550 lndc
2207 5499 2367 5549 etiam

2496 4955 2554 5005 ιδ’
2589 4954 2685 5020 τῆς
2743 4954 2999 5019 ἱστορίας,
3048 4954 3127 5013 είς
3184 4955 3281 5019 τὴν
3341 4958 3401 5002 ιε’
3456 4948 3719 5001 εἰσϐαλὼν
3772 4951 4046 5017 διηγεῖται

2478 5046 2624 5106 ὅπως
2654 5045 2921 5111 Προυσίας
2952 5046 2980 5094 ὁ
3003 5043 3243 5094 Βιθυνῶν
3275 5041 3546 5110 βασιλεὺς,
3589 5042 3914 5110 δραστήριος
3968 5041 4045 5091 ὢν

2479 5136 2573 5188 καὶ
2602 5135 2768 5187 πολλὰ
2797 5135 3029 5204 πράξας,
3062 5134 3197 5203 μετὰ
3226 5134 3330 5184 τῶν
3358 5134 3530 5184 (illum
3554 5134 3645 5183 καὶ
3668 5133 3865 5200 Κίερον
3886 5134 4043 5183 πόλιν

2490 5227 2878 5296 Ἡρακλεωτῶν
2912 5222 3075 5278 οὖσαν
3120 5225 3209 5291 ὑφ’
3235 5225 3420 5276 ἑαυτὸν
3463 5224 3612 5275 ἔθετο
3661 5223 3737 5291 τῷ
3784 5224 4039 5292 πολέμῳ,

2477 5320 2593 5370 ἀντὶ
2627 5319 2825 5386 Κιέρου
2873 5317 3175 5387 Προυσιάδα
3201 5317 3449 5379 καλέσας,
3480 5312 3587 5367 εἷλε
3611 5317 3663 5367 δὲ
3684 5314 3915 5384 καὶίῦἹδ
3944 5315 4037 5384 IL]

2476 5412 2574 5478 τὴν
2610 5412 2754 5473 Τίον,
2786 5410 2881 5461 καὶ
2912 5409 3078 5477 αὐτὴν
3104 5409 3340 5475 ὑπήκοον
3369 5407 3550 5467 αὐτοῖς
3583 5406 3766 5468 οὖσαν,
3804 5406 3946 5457 ὥστε
3975 5410 4038 5458 ἐκ

2476 5500 2741 5567 θαλάττης
2764 5501 2841 5561 είς
2872 5499 3143 5551 Θάλασσαν
3172 5499 3266 5566 τὴν
3307 5498 3631 5566 Ἡράκλειαν
3670 5498 4033 5565 περιγράψαι.

2111 5619 2337 5673 VARI/I3
2374 5621 2773 5675 LIZCTIONES.

872 5729 917 5757 "
960 5729 1052 5779 καὶ
1075 5731 1173 5792 τῆς
1222 5733 1480 5793 Ἰουδαίας
1513 5752 1573 5796 ς.

1682 5735 1728 5764 ⁸⁸
1754 5734 1822 5785 τά
1852 5736 1892 5787 Α
1930 5754 1941 5786 :
1974 5735 2141 5787 ταῦτα
2174 5755 2231 5799 ς’.

805 5796 848 5828 ⁸⁵
866 5799 1171 5852 ῑιαὶύεεοαι
1202 5820 1259 5864 τ.

1340 5805 1387 5832 ’⁸⁸
1423 5805 1642 5871 Λευκίῳ
1676 5805 1716 5857 Α
1752 5825 1760 5857 :
1804 5807 2065 5873 Σελευκίῳ
2102 5826 2154 5870 τ.

2310 5737 2351 5767 ⁸¹
2380 5738 2697 5807 φιλοφρὸνου
2724 5739 2819 5806 μὲν
2849 5737 3032 5805 ἔτυχον
3072 5754 3131 5799 ς.

2234 5808 2275 5837 ⁸³
2303 5808 2447 5876 αὐτῷ
2502 5810 2560 5861 ιι.
2587 5811 2889 5878 Stephanus
2918 5827 2929 5860 :
2964 5810 3077 5860 libri
3126 5806 3322 5858 αὐτῶν.

3226 5735 3271 5766 ³²
3294 5734 3429 5803 ψηφ.
3456 5732 3944 5802 προσαντέγραψαν
3974 5753 4033 5797 τ,

3397 5806 3441 5835 ⁸⁶
3498 5804 3626 5856 αὐτὸ
3679 5820 3739 5864 ς.
