4208 6448
270 419 381 481 905

1348 412 1868 472 BlBLlUTHECA.
1896 438 1962 447 -
1981 414 2143 475 COD.
2183 414 2477 475 CCXXIV.

3407 418 3519 481 906

286 532 404 599 Ἐφ’
428 526 516 591 αἷς
542 527 805 597 κάκείνην
833 526 1108 597 κραταιῶς
1147 525 1473 593 ἐπολιόρκει,
1506 524 1595 575 καὶ
1629 522 1856 585 πολλοὺς
1887 533 1925 583 Α

1853 541 1856 550 ’
1887 533 1925 583 Α
1959 525 2195 578 violenta
2224 540 2343 578 eam
2372 523 2660 578 obsidione
2699 524 2920 592 pressit,
2949 532 3001 578 et
3048 522 3309 593 plurimos
3332 524 3515 581 obses-

274 620 377 688 μὲν
404 618 512 669 τῶν
554 616 1025 687 πολιορκουμένων
1072 612 1417 677 ἀπέκτεινεν,
1479 613 1646 679 ἐγγὺς
1692 612 1738 663 δ’
1782 611 1850 664 ἂν

268 709 371 760 καὶ
415 710 463 777 τη
512 708 663 770 πόλις
712 706 806 759 τοῦ
854 706 1058 759 ἁλῶναι
1112 706 1385 770 κατέστη,
1441 705 1597 772 εἰμὴ
1634 703 1851 770 ὲπὶτῆς

269 800 540 868 κλίμακος
592 797 894 851 ἀναϐαίνων
946 798 1221 865 Προυσίας
1272 797 1403 865 λίθῳ
1438 796 1689 864 βαλόντος
1733 796 1851 858 ἐνὸς

271 892 382 942 τῶν
414 892 521 944 ἀπὸ
552 893 647 959 τῆς
676 890 955 955 ὲπάλξεως
985 888 1273 958 συνετρίϐη
1305 890 1364 941 τὸ
1383 889 1595 950 σκέλος,
1626 888 1722 939 καὶ
1745 888 1844 953 τὴν

270 983 596 1052 πολιορκίαν
652 984 713 1034 τὸ
762 982 932 1044 πάθος
992 982 1235 1034 διέλυσε·
1296 983 1535 1050 φοράδην
1583 982 1691 1050 γὰρ
1746 980 1841 1032 6⁸⁷

274 1072 517 1139 βληθεὶς,
552 1073 652 1125 οὐκ
689 1073 815 1125 ἄνευ
842 1072 1074 1139 ἀγῶνος,
1106 1073 1209 1122 ὑπὸ
1234 1071 1342 1122 τῶν
1376 1071 1614 1122 Βιθυνων
1652 1071 1847 1121 ἀνακο-

277 1164 497 1231 μισθεὶς
536 1166 614 1225 είς
646 1163 713 1214 τά
745 1164 918 1214 οἰκεῖα
952 1162 1272 1231 ἀνέστρεψε,
1304 1161 1465 1212 κάκεῖ
1498 1159 1645 1227 βιοὺς
1668 1158 1762 1226 ἔτη
1784 1158 1845 1209 οὒ

274 1257 474 1316 πολλὰ,
510 1257 604 1307 καὶ
642 1255 811 1323 χωλὸς
854 1258 945 1307 καὶ
976 1254 1052 1306 ὣν
1081 1255 1174 1306 καὶ
1216 1252 1567 1321 καλούμενος,
1605 1252 1696 1302 τὸν
1738 1250 1849 1319 βίον

274 1348 646 1418 κατέστρεψεν
676 1346 744 1400 ⁸⁸.

1951 631 2134 669 sorum
2172 614 2461 669 interfecit.
2515 614 2580 668 Et
2601 615 2714 681 jam
2762 630 2926 684 prope
2948 625 3066 670 erat
3098 627 3158 669 ut
3187 618 3318 672 urbs
3348 632 3515 686 cape-

1954 718 2124 769 retur,
2167 707 2267 760 nisi
2305 704 2529 769 Prusiae,
2563 707 2690 759 dum
2733 706 2891 759 scalis
2928 721 3141 761 sursum
3184 708 3399 773 nititur,
3434 711 3515 761 la-

1952 794 2073 863 pide
2101 794 2399 863 cuiuspiam
2426 795 2491 847 de
2518 795 2932 863 propugnaculis
2963 796 3091 860 icto,
3122 812 3249 852 crus
3283 798 3515 855 fractum

1950 895 2115 951 esset,
2144 894 2197 939 et
2223 886 2311 938 hic
2356 900 2514 939 casus
2556 885 2625 939 ab
2658 888 3054 954 oppugnatione
3097 890 3363 945 desistere
3390 908 3510 946 eum

1949 977 2237 1045 coegisset.
2270 977 2344 1030 Ita
2380 976 2522 1031 enim
2546 992 2860 1045 percussus,
2888 978 3102 1041 lectica,
3136 994 3240 1033 non
3272 981 3391 1035 sine
3420 985 3516 1033 tiu-

1948 1066 2082 1121 loris
2109 1068 2426 1133 acerbitate,
2481 1068 2699 1121 domum
2749 1082 2777 1120 a
2820 1067 3064 1139 Bithynis
3098 1072 3211 1123 suis
3243 1070 3514 1132 refertur,

1950 1172 2049 1212 nec
2083 1158 2266 1212 multis
2310 1167 2439 1226 post
2458 1158 2631 1224 ;annis
2674 1159 2899 1219 exactis,
2936 1161 3157 1214 nomine
3199 1173 3253 1215 et
3278 1176 3335 1215 re
3367 1162 3518 1216 clau—

1952 1252 2071 1315 dus,
2104 1250 2265 1303 linem
2292 1248 2503 1304 vivendi
2536 1247 2686 1303 fecit.

1205 1459 1332 1513 CAP.
1360 1458 1529 1512 XXX.
1554 1487 1621 1497 —-
1655 1457 1924 1510 Heraclea:
1950 1456 2210 1508 obsidium
2236 1472 2270 1507 α
2299 1450 2525 1508 Calatis.

348 1558 411 1608 Οί
440 1556 495 1609 δὲ
533 1557 672 1626 ὑπὲρ
718 1556 809 1609 τὸν
840 1556 1041 1609 Πόντον
1064 1556 1301 1609 Γαλάται
1334 1598 1348 1619 ,
1384 1558 1536 1609 οὔπω
1568 1558 1674 1610 τῶν
1715 1556 1839 1609 Ῥω-

279 1650 479 1717 μαίων,
528 1651 605 1710 εἰς
637 1648 734 1718 τὴν
776 1650 965 1701 Ἀσίαν
992 1649 1415 1719 διαϐεϐηκότων,
1439 1649 1601 1702 πόθον
1638 1649 1851 1717 ἔχοντες

272 1742 478 1805 πεῖραν
498 1738 681 1792 λαϐεῖν
702 1740 801 1807 τῆς
823 1739 1097 1809 θαλάσσης
1126 1740 1379 1809 προελεῖν
1416 1740 1731 1810 ἐπεχείρουν
1755 1740 1851 1807 τὴν

288 1830 639 1895 Ἡράκλειαν,
675 1831 767 1882 καὶ
789 1831 848 1883 οὐ
877 1830 1111 1900 χαλεπὸν
1147 1830 1394 1901 ἐνόμιζον
1416 1849 1429 1861 ·
1458 1830 1593 1883 πολὺ
1620 1831 1728 1901 γάρ
1751 1832 1850 1898 τῆς

2024 1553 2271 1608 Nondum
2304 1552 2358 1606 in
2388 1554 2570 1606 Asiam
2604 1553 2829 1606 Romani
2880 1555 3225 1623 trajecerant,
3260 1573 3380 1612 cum
3415 1560 3520 1614 Ga-

1952 1645 2093 1707 latae,
2126 1644 2281 1698 Ponti
2312 1644 2531 1707 accolae,
2573 1644 2737 1697 maris
2779 1647 3021 1698 tentandi
3067 1648 3379 1715 cupiditate,
3412 1649 3515 1703 lle-

1956 1737 2187 1789 racleam
2231 1735 2381 1802 prius
2428 1749 2694 1803 occupare
2735 1747 3021 1800 conantur,
3066 1754 3171 1791 non
3224 1740 3434 1794 diﬂicile
3466 1744 3518 1795 id

1955 1827 2070 1882 lore
2124 1828 2545 1881 existimantes:
2596 1828 2860 1895 siquidem
2900 1831 2965 1883 de
3008 1833 3227 1899 antiqua
3283 1836 3516 1901 potentia

272 1922 520 1975 sentiatde
570 1922 761 1992 νώμης
785 1922 971 1989 ὑφεῖτο
1008 1923 1249 1994 καὶπρὸς
1268 1924 1326 1975 τὸ
1338 1923 1844 1993 καταφρονούμενον
1879 1963 1917 2016 Β

1879 1963 1917 2016 Β
1956 1917 2307 1986 mnltumjam
2331 1916 2679 1982 diminutum,
2714 1928 2770 1971 et
2807 1920 2871 1971 ad
2913 1929 3278 1986 contemptum
3308 1922 3510 1989 prolabi

274 2013 529 2082 ὑπέρῥει.
578 2013 938 2082 ..τρατεύουσι
979 2014 1034 2067 δὲ
1067 2012 1185 2066 κατ’
1216 2015 1383 2083 αὐτῆς
1440 2016 1677 2076 ἁπάσαις
1726 2016 1844 2075 ταῖς

276 2105 596 2173 δυνάμεσιν,
625 2104 733 2157 οὐδ’
757 2105 926 2175 αὐτῆς
949 2106 1251 2175 συμμάχων
1267 2104 1593 2174 ἀμελούσης,
1626 2104 1741 2157 ἀλλ’
1768 2106 1847 2166 είς

272 2199 378 2249 ὅσα
405 2200 664 2266 παρεῖχεν
685 2199 711 2250 6
738 2198 930 2267 καιρὸς
948 2200 1471 2269 παρασκευαζομένη
1484 2218 1524 2259 ς.
1568 2198 1845 2265 Ἑπολιορ-

272 2292 428 2342 κεῖτο
480 2291 578 2358 μὲν
611 2289 703 2342 οὖν
754 2289 920 2359 αὕτη,
945 2292 1040 2342 καί
1086 2292 1275 2359 χρόνος
1321 2290 1585 2361 ἐτρίϐετο,
1624 2291 1682 2353 ὃς
1722 2294 1847 2355 τοὺς

272 2382 524 2443 Γαλάτας
588 2385 666 2444 εἰς
714 2381 923 2434 ἔνδειαν
968 2382 1075 2435 τῶν
1124 2384 1440 2450 ἀναγκαίων
1500 2383 1794 2452 συνήλαυνε
1830 2402 1843 2413 ⁸

274 2471 437 2542 θυμῷ
496 2474 601 2541 γὰρ
650 2475 742 2525 καὶ
793 2474 854 2526 οὑ
902 2477 1217 2543 παρασκευῇ
1261 2478 1327 2544 τῇ
1367 2474 1557 2545 δεούσῃ
1603 2476 1847 2546 Γαλάτης

270 2562 417 2630 ἀνὴρ
468 2560 558 2613 τὸν
596 2562 833 2629 πόλεμον
880 2563 1161 2633 διαφέρειν
1208 2561 1341 2618 οἶδε.
1395 2566 1537 2634 Πρὸς
1581 2564 1673 2620 οὖν
1726 2570 1847 2620 συλ-

272 2652 443 2721 λογὴν
493 2653 597 2706 τῶν
629 2654 952 2724 ἐπιτηδείων
981 2657 1042 2708 τὸ
1089 2657 1448 2726 στρατόπεδον
1494 2659 1848 2712 ἀπολελοιπό-

272 2761 411 2806 ταν,
455 2744 821 2814 ἐκδραμόντες
868 2748 915 2798 οἱ
970 2748 1067 2815 τῆς
1114 2748 1320 2810 πόλεως
1360 2750 1455 2801 καὶ
1494 2750 1777 2817 ἀδοκήτοις
1804 2751 1847 2780 ¹¹⁹

274 2838 633 2899 ἐπιπεσόντες
674 2828 805 2891 αὐτό
847 2856 909 2891 τε
954 2833 1097 2891 εἷλον
1127 2840 1221 2890 καὶ
1260 2839 1488 2901 πολλοὺς
1517 2841 1723 2893 ἀνεῖλον
1756 2841 1850 2893 καὶ

271 2930 403 2989 τοὺς
444 2930 671 2997 ἔπι-τῆς
718 2929 902 3001 χώρας
945 2930 1337 2992 σκεδασθέντας
1364 2932 1424 2983 οὑ
1450 2932 1696 3000 χαλεπῶς
1727 2950 1849 2985 συν-

273 3018 603 3087 ελάμϐανον,
638 3020 712 3082 ὡς
760 3021 891 3090 μηδὲ
925 3022 1025 3090 τὴν
1058 3020 1247 3091 τρίτην
1281 3024 1474 3092 μοῖραν
1501 3022 1595 3074 τοῦ
1622 3023 1849 3075 Γαλατι-

274 3106 377 3159 κοῦ
406 3113 812 3177 στρατεύματος
848 3114 928 3172 είς
958 3111 1221 3163 Γαλατίαν
1251 3113 1605 3181 ἀναστρέψαι.
1662 3114 1757 3165 Ἐκ
1784 3114 1841 3166 δὲ

275 3198 375 3250 τοῦ
431 3200 859 3267 κατορθώματος
918 3203 1080 3255 πάλιν
1139 3206 1219 3265 εἰς
1274 3202 1371 3274 τὴν
1430 3206 1703 3276 προτέραν
1754 3207 1847 3258 εὖτ

272 3288 464 3341 κλειαν
491 3291 537 3321 ’⁸
578 3293 671 3342 καὶ
709 3292 1052 3361 εὐδαιμονίαν
1099 3293 1321 3356 ἐλπίδας
1358 3294 1665 3365 ἐλάμϐανον
1710 3297 1847 3350 ἀνα-

272 3380 464 3449 ϐῆναι.

1950 2010 2152 2063 sensim
2192 2017 2450 2078 cmperat.
2489 2006 2616 2062 Ideo
2652 2010 2920 2064 universis
2969 2026 3085 2063 eam
3127 2012 3294 2079 copiis
3342 2014 3517 2082 impn-

1950 2112 2139 2171 gnant.
2175 2099 2292 2170 lpsa
2329 2112 2507 2155 tamen
2535 2102 2804 2155 sociorum
2839 2102 3050 2155 interim
3084 2118 3189 2157 non
3217 2112 3300 2157 est
3331 2105 3518 2160 imme-

1951 2210 2088 2258 mor,
2116 2194 2209 2247 sed
2246 2203 2503 2261 quantum
2545 2194 2764 2246 occasio
2808 2208 3038 2263 praesens
3085 2194 3359 2249 facultatis
3387 2213 3515 2249 con-

1950 2287 2113 2347 cedit,
2149 2301 2210 2340 se
2236 2294 2423 2339 contra
2471 2286 2662 2339 munit.
2701 2284 2990 2340 Obsidione
3036 2287 3196 2355 igitur
3228 2288 3279 2341 in
3309 2296 3518 2357 tempus

1950 2378 2165 2444 aliquod
2216 2386 2480 2442 extracta,
2530 2386 2925 2430 commeatuum
2985 2378 3162 2447 inopia
3210 2381 3261 2434 in
3310 2394 3516 2435 arctum

1948 2480 2216 2539 coguntur
2248 2469 2470 2525 Galatae.
2515 2470 2597 2523 lra
2645 2472 2813 2531 enim,
2846 2485 2952 2523 non
2982 2482 3239 2539 apparatu
3273 2490 3518 2528 necessa-

1950 2562 2033 2615 rio
2074 2562 2387 2624 instructus,
2417 2561 2613 2615 bellum
2649 2561 2851 2615 inlerre
2892 2562 3109 2617 Galatas
3142 2566 3310 2620 novit.
3341 2565 3518 2632 Quare

1950 2668 2073 2707 cum
2105 2652 2172 2706 ad
2198 2654 2641 2723 comportandum
2670 2656 2972 2708 necessaria
3000 2656 3193 2709 castris
3220 2656 3516 2713 abscessis—

1950 2755 2089 2808 sent,
2118 2746 2287 2811 cives,
2318 2746 2601 2814 eruptione
2643 2747 2806 2807 l'acta,
2834 2756 2887 2799 et
2918 2750 3113 2801 castris
3141 2749 3436 2817 potiuntur,
3464 2760 3519 2803 et

1950 2835 2215 2902 plurimos
2256 2838 2493 2891 caedunt.
2540 2837 2875 2905 Dispalantes
2910 2841 3071 2892 etiam
3103 2856 3196 2907 per
3225 2856 3379 2908 agros
3414 2858 3513 2894 neu

1951 2940 2146 2995 magno
2176 2928 2390 2995 negotio
2420 2931 2905 2997 comprehendunt.
2944 2934 3117 2998 Atque
3151 2934 3224 2985 ita
3256 2949 3354 2987 nec
3387 2949 3513 3000 pars

1953 3020 2115 3071 tertia
2164 3019 2387 3074 Galatici
2418 3022 2693 3075 exercitus
2743 3021 2795 3073 in
2841 3020 3102 3075 Galatiam
3135 3024 3437 3077 revertitur.
3473 3026 3515 3077 Δ

1951 3123 2057 3176 quo
2097 3124 2408 3164 successum
2452 3112 2517 3162 ad
2566 3110 2847 3176 pristinam
2895 3115 3205 3181 emergendi
3247 3113 3515 3169 lortuuam

1950 3206 2005 3250 et
2032 3196 2398 3251 celebritatem
2445 3213 2568 3265 spes
2596 3201 2863 3267 concepit.

885 3524 1011 3578 CAP.
1045 3524 1235 3578 XXXI.
1270 3556 1333 3567 -—
1374 3528 1694 3585 Ilerarlcolat
1734 3531 1980 3588 Romanis
2018 3537 2368 3592 auxiliantur.
2408 3538 2702 3592 Marrucini
2739 3541 2936 3608 papuli.

360 3612 651 3679 Ῥωμαίοις
681 3613 735 3665 δὲ
764 3615 897 3683 πρὸς
933 3617 1189 3684 Μάρσους
1212 3635 1267 3668 τε
1301 3620 1395 3670 xui.
1429 3621 1719 3686 Πελιγνοὺς
1750 3624 1844 3676 καὶ

272 3704 655 3773 Μαρουκίνους
679 3706 720 3734 ⁹¹
751 3704 896 3775 (ἔθνη
928 3706 1103 3759 δέείσι
1126 3709 1294 3761 ταῦτα
1315 3710 1454 3780 ὑπὲρ
1480 3712 1684 3782 Λιϐύης
1714 3733 1843 3767 κατ-

276 3797 563 3864 ῳκημένα,
616 3797 882 3868 Γαδείρων
919 3800 1112 3871 ὅμορα)
1141 3801 1261 3854 δυσί
1290 3821 1349 3854 τε
1402 3805 1649 3874 τριήρεσι
1681 3808 1725 3837 ⁹²
1753 3826 1847 3860 κα-

276 3888 616 3954 ταφράκτοις
674 3889 1048 3956 Ἡρακλεῶται
1104 3893 1506 3962 συνεμάχησαν,
1567 3896 1659 3947 καὶ
1716 3913 1846 3964 συγ-

279 3980 729 4049 κατορθώσαντες
777 3983 869 4032 τὸν
920 3984 1155 4051 πόλεμον
1188 3986 1278 4036 καὶ
1319 3985 1526 4038 πολλῶν
1560 3988 1847 4057 ἀριστείων

278 4070 611 4134 ἀξιωθέντες
673 4079 742 4123 ια’
795 4072 905 4124 ἔτει
953 4074 1087 4143 πρὸς
1144 4077 1243 4144 τὴν
1292 4078 1527 4148 πατρίδα
1594 4081 1853 4150 ἀνεκομί-

284 4164 520 4227 σθησαν.

2025 3632 2285 3685 Romanis
2315 3633 2476 3684 etiam
2528 3632 2666 3685 bello
2693 3641 2879 3685 contra
2912 3630 3133 3694 Marsos,
3166 3631 3429 3700 Pelignos.
3463 3645 3516 3688 et

1952 3723 2288 3777 Marrucinos
2316 3723 2333 3793 (
2358 3723 2592 3791 gentium
2637 3725 2824 3776 harum
2859 3726 3012 3776 sedes
3070 3734 3149 3776 est
3188 3740 3344 3791 supra
3375 3724 3516 3778 Alri-

1952 3826 2092 3873 cam,
2138 3812 2189 3863 in
2242 3811 2487 3865 conﬁniis
2533 3810 2802 3880 Gadium)
2846 3811 3052 3864 duabus
3088 3812 3517 3879 quadriremibus

1954 3905 2110 3957 tectis
2160 3904 2491 3959 Heracleotae
2556 3904 2908 3957 auxiliantur.
2959 3904 3023 3957 Et
3073 3906 3208 3958 bello
3261 3920 3509 3974 prospere

1955 3994 2222 4059 conlecto,
2272 3998 2452 4051 multis
2494 3997 2707 4050 eximiae
2768 3998 2981 4050 virtutis
3044 4000 3217 4051 ornati
3263 4000 3513 4066 prmtiiiis,

1962 4088 2246 4141 undecimo
2277 4089 2494 4142 tandem
2532 4104 2675 4141 anno
2706 4090 2757 4141 in
2791 4090 3016 4157 patriam
3049 4099 3170 4143 sunt
3204 4090 3423 4144 revecti.

1032 4276 1161 4331 CAP.
1194 4275 1407 4334 XXXII.
1442 4309 1509 4320 —-
1537 4279 1738 4335 Bellum
1790 4283 2117 4336 Mithridatis
2147 4300 2261 4335 cum
2293 4282 2537 4337 Romanis
2559 4294 2603 4336 et
2632 4300 2825 4337 causar.

352 4372 505 4425 Μετὰ
546 4372 718 4423 ταῦτα
768 4372 823 4424 δὲ
869 4373 896 4424 6
942 4374 1075 4442 πρὸς
1114 4375 1412 4442 Ῥωμαίους
1446 4375 1613 4445 βαρὺς
1662 4379 1855 4449 Μιθρι-

278 4463 415 4531 δάτῃ
449 4461 523 4529 τῷ
551 4462 750 4514 Πόντου
786 4460 999 4531 βασιλεῖ
1043 4467 1273 4534 συνέστη
1306 4466 1561 4535 πόλεμος,
1590 4469 1854 4536 φαινομέ-

281 4570 380 4621 ν-ην
400 4551 581 4604 λαϐὼν
604 4553 783 4604 αἰτίαν
816 4555 915 4621 τὴν
953 4554 1050 4621 τῆς
1082 4556 1476 4617 Καππαδοκίας
1511 4557 1811 4626 κατάληψιν
1834 4572 1850 4587 ⁸

279 4644 487 4709 ταύτης
516 4643 623 4712 γάρ
653 4643 721 4695 δι’
750 4646 966 4713 ἀπάτης
1005 4646 1097 4697 καὶ
1130 4645 1309 4715 ὅρκων
1337 4646 1727 4716 συμϐατηρίων
1762 4650 1853 4703 τὸν

279 4734 593 4801 ἀδελφιδοῦν
634 4735 871 4805 Ἀράθην
926 4735 1203 4788 συλλαϐὼν
1239 4738 1265 4788 6
1302 4736 1658 4806 Μιθριδάτης,
1692 4740 1851 4792 αὑτο-

279 4829 464 4896 χειρία
494 4828 840 4893 ἀποσφάξας,
877 4829 1148 4897 ἐκράτησε
1180 4843 1193 4856 ’
1231 4832 1360 4891 παῖς
1387 4828 1442 4881 δὲ
1466 4831 1493 4880 6
1539 4830 1771 4899 ’Ᾱράθης
1792 4834 1853 4885 ὲκ

278 4919 383 4984 τῆς
422 4917 657 4986 ἀδελφῆς
691 4918 784 4969 τοῦ
830 4918 1160 4987 Μιθριδάτου
1204 4919 1515 4990 ’Λριαράθῳ
1566 4922 1850 4993 γεγένητο.

279 5007 653 5069 Φονικώτατος
708 5009 751 5060 δ’
804 5011 867 5059 ὲκ
924 5009 1109 5071 παιδὸς
1151 5010 1179 5061 ὁ
1218 5012 1551 5080 Μιθριδάτης
1587 5009 1654 5082 ἦν
1686 5029 1699 5042 ·
1755 5015 1855 5081 τὴν

278 5099 395 5167 γάρ
424 5098 597 5167 ἀρχὴν
619 5100 1102 5169 τρισκαιδεκαὲτης
1132 5102 1460 5170 παραλαϐὼν
1504 5104 1619 5169 μετ’
1638 5104 1696 5154 οὐ
1722 5104 1853 5155 πολὺ

275 5193 378 5257 τὴν
420 5191 650 5258 μητέρα,
677 5191 929 5243 κοινωνὸν
969 5191 1115 5260 αὐτῷ
1166 5194 1314 5261 παρὰ
1356 5192 1449 5245 τοῦ
1510 5195 1710 5263 πατρὸς
1757 5195 1853 5263 τῆς

279 5280 560 5348 βασιλείας
590 5281 1060 5348 καταλειφθεῖσαν,
1089 5282 1327 5353 [7291i.]
1361 5284 1719 5354 δεσμωτηρίῳ
1749 5302 1849 5336 κα-

275 5372 497 5440 τασχὼν
530 5372 617 5441 βία
637 5376 730 5425 καὶ
758 5374 933 5444 χρόνῳ
953 5373 1257 5438 ὲξανάλωσε
1283 5376 1349 5439 ⁹³,
1385 5377 1477 5426 καὶ
1507 5376 1595 5427 τὸν
1619 5377 1846 5445 ἀδελφὸν

276 5464 593 5516 ἀπέκτεινε.
636 5466 1056 5535 Κατεστρέψατο
1080 5465 1135 5517 δὲ
1172 5465 1391 5537 πολέμῳ
1427 5467 1520 5518 καὶ
1557 5469 1683 5531 τοὺς
1715 5470 1841 5539 περὶ

2026 4378 2155 4431 Post
2189 4380 2299 4432 haec
2326 4381 2650 4432 acerrimum
2670 4379 2997 4434 Mithridatis
3036 4381 3294 4436 adversus
3321 4383 3514 4436 Roma-

1954 4486 2049 4523 nos
2087 4470 2283 4523 bellum
2334 4470 2613 4525 conﬂatur.
2637 4469 2987 4537 Cappadocia:
3018 4472 3067 4524 iit
3100 4474 3329 4541 speciem
3353 4490 3512 4529 causa

1953 4563 2237 4629 arripitur.
2275 4558 2423 4615 Hanc
2476 4564 2618 4616 enim
2679 4562 3034 4626 Mithridates,
3082 4581 3202 4617 cum
3238 4566 3513 4618 Ariatltum

1956 4653 2156 4705 sororis
2186 4652 2747 4721 lilium,jnrisjurandi
2786 4654 2994 4721 paciﬁci
3018 4655 3138 4705 dolo
3189 4657 3238 4707 in
3277 4666 3515 4723 pntcsta-

1960 4754 2063 4794 tem
2090 4744 2388 4806 redactum,
2423 4758 2515 4794 sua
2554 4758 2712 4795 manu
2735 4746 3131 4804 olttruncassct,
3162 4761 3253 4812 per
3280 4748 3381 4796 vim
3410 4748 3511 4798 sibi

1958 4836 2275 4888 vindicarat.
2304 4834 2587 4887 Ariatltum
2612 4835 2751 4888 hunc
2777 4834 2977 4904 23οὸ
3003 4852 3066 4889 ex
3099 4852 3281 4889 sorore
3311 4837 3513 4888 Mithri-

1957 4926 2099 4977 datis
2142 4937 2404 4992 genuerat
2445 4926 2722 4978 Ariatlins.
2778 4926 2907 4978 Nam
2963 4943 3179 4993 apnero
3230 4928 3291 4979 ad
3346 4930 3514 4979 cmdes

1960 5016 2421 5083 propensissimus
2452 5028 2568 5069 erat
2597 5017 2956 5079 Mithridates,
2992 5036 3111 5069 cum
3143 5021 3283 5070 enim
3328 5020 3390 5071 13
3420 5038 3512 5070 an-

1960 5122 2146 5159 norum
2181 5107 2498 5161 adolescens
2527 5123 2747 5177 regnum
2780 5112 3090 5176 accepisset.
3118 5112 3324 5162 modico
3349 5111 3513 5162 inter-

1958 5195 2109 5264 lapso
2147 5205 2409 5264 tempore,
2457 5206 2707 5263 matrem,
2754 5200 2899 5265 regni
2944 5209 3246 5254 conso'tcm
3291 5214 3317 5249 a
3366 5210 3513 5265 patre

1955 5288 2303 5352 destinatam,
2353 5289 2479 5343 dum
2510 5304 2726 5343 carcere
2763 5291 2995 5342 vinctam
3051 5302 3212 5353 tenet,
3258 5290 3506 5341 violentia

1959 5378 2080 5443 ista,
2136 5390 2190 5433 et
2238 5381 2495 5448 temporis
2544 5380 2902 5433 diuturnitate
2960 5382 3210 5433 conlinit.
3266 5378 3504 5430 Fratrmn

1947 5471 2108 5524 etiam
2143 5472 2373 5525 necavit.
2408 5471 2555 5525 Bello
2584 5481 2762 5525 autem
2796 5473 3005 5540 subegit
3036 5490 3181 5542 reges
3215 5474 3352 5525 circa
3381 5471 3514 5523 Plin.

1505 5626 1739 5681 VARIAE
1774 5627 2175 5685 LECTIONES.

352 5732 396 5759 επ
426 5729 532 5797 γὰρ
578 5731 668 5781 καὶ
697 5733 722 5782 ὁ
758 5746 817 5795 ς,
930 5732 973 5763 ⁸⁸
1003 5734 1363 5800 μετέστρεψεν
1402 5752 1464 5797 ς·-

279 5802 325 5833 ⁹²
363 5800 643 5866 πιλιγνοὺς
675 5805 768 5855 καὶ
833 5804 1225 5870 μαργουκίνους
1263 5800 1321 5860 Α.

523 5893 786 5951 ΙἈτιιοι..
823 5898 936 5952 (in.
973 5893 1126 5954 Clll.

1560 5736 1602 5766 ⁸⁸
1629 5737 1721 5787 καὶ
1772 5736 2053 5808 ἀδοκήτοις
2084 5738 2125 5790 A
2162 5756 2173 5789 :
2213 5740 2487 5808 ἀδοκήτως
2518 5759 2577 5805 ς’.

1400 5807 1444 5837 ⁹²
1474 5821 1531 5856 τε
1570 5805 1839 5877 τριήρεσι]
1888 5805 2172 5877 τετρήρεσι
2216 5805 2538 5877 Stephanus.
2613 5814 2979 5882 ⁹³ὲξηνάλωσε

2653 5744 2697 5775 9⁸
2727 5742 2973 5795 εὔκλειαν
3004 5744 3043 5793 Α
3066 5761 3086 5795 τ
3120 5743 3399 5797 εὐλάϐειαν
3448 5760 3512 5805 ς.

3060 5900 3136 5959 29
