4208 6448
786 415 891 476 907

1917 414 2177 476 PIIOTII
2219 415 2721 476 PATRIARCII/E
2757 417 2864 476 CP.

3904 421 4018 485 908

787 534 893 595 sin,
927 545 1100 600 usque
1148 530 1213 583 ad
1253 530 1468 584 climata
1503 539 1652 584 trans
1699 529 2043 584 Caucasum:
2082 546 2353 602 regnoque
2380 537 2427 593 Α

2380 537 2427 593 Α
2454 530 2547 581 τὸν
2568 531 2735 582 Φᾶσιν
2769 529 3003 593 τασιλεῖς
3040 529 3146 594 ἓως
3168 530 3277 583 τῶν
3311 531 3591 601 κλιμάτων
3615 533 3723 586 τῶν
3752 533 3896 605 ὑπὲρ
3932 537 4022 588 τὸν

786 624 996 690 magnis
1032 623 1233 676 viribus
1259 622 1605 691 antplilicato,
1645 639 1895 691 maguum
1922 627 2241 692 arrogantiae
2266 636 2352 677 tu-

785 732 987 769 tnoretn
1051 716 1377 767 ostentabat.
1435 713 1820 779 Quamobrem,
1890 728 2009 766 cum
2072 730 2137 767 eo
2186 717 2354 785 magis

781 806 1008 861 consilio
1064 805 1179 870 ejus
1223 815 1473 872 suspecta
1530 806 1788 858 haberent
1847 804 2074 857 Romani
2107 818 2353 858 senatus-

782 897 1087 950 aOusultntn
1123 895 1391 957 fet-erant,
1418 904 1475 946 ut
1511 903 1727 963 paterna
1776 896 1988 962 regibus
2030 894 2350 963 Scytharum

783 1000 947 1054 regna
996 985 1367 1039 constitueret.
1410 985 1478 1037 At
1527 986 1571 1038 is
1634 985 1909 1037 moderate
1952 986 2165 1053 quidem
2203 1001 2355 1037 inau-

782 1077 923 1131 datis
969 1076 1192 1145 obsequi
1241 1091 1255 1127 :
1292 1076 1385 1129 sed
1426 1076 1638 1129 interim
1693 1074 1922 1129 Parthos
1952 1086 1999 1130 et
2047 1076 2249 1141 Medos,
2301 1086 2356 1131 et

783 1167 1073 1237 Tigranem
1102 1169 1443 1233 Armenium,
1479 1183 1741 1238 regesque
1765 1171 2115 1238 Scytharum.
2151 1180 2203 1224 et
2235 1172 2355 1224 Ihe-

785 1273 894 1322 ras,
928 1257 981 1311 in
1029 1258 1343 1312 societatem
1407 1259 1862 1314 hclliasciscere:
1924 1262 2164 1329 aliasque
2227 1261 2348 1314 belli

784 1365 978 1404 causas
1008 1350 1321 1418 adjuugere.
1361 1348 1496 1404 Cum
1530 1361 1755 1405 senatus
1785 1350 1928 1404 enim
1969 1352 2152 1405 Romze.
2196 1353 2354 1408 Nico-

784 1443 1019 1505 medem,
1045 1457 1109 1495 ex
1155 1440 1443 1495 Nicomede
1486 1453 1537 1495 et
1560 1442 1699 1513 Nysa
1758 1444 2129 1513 progenitum,
2173 1443 2358 1514 Bithy-

782 1531 886 1586 niae
914 1546 1091 1599 regem
1119 1532 1464 1597 instituisset,
1489 1532 1825 1589 Mithridates
1841 1534 2206 1599 Nicomedem,
2225 1535 2358 1588 Fru-

781 1624 832 1691 gi
862 1636 1240 1692 cognomento,
1280 1624 1352 1677 illi
1386 1628 1658 1691 opposuit.
1691 1624 1979 1680 Prwvaluit
2015 1636 2194 1680 tamen
2247 1626 2357 1681 ele-

782 1714 893 1767 ctio
924 1712 1311 1778 Romanorum,
1347 1712 1655 1768 Mithridate
1689 1715 1875 1768 invito.

2457 622 2771 684 Καὺκασον,
2821 624 2913 674 καὶ
2966 625 3065 693 τὴν
3117 623 3289 693 ἀρχὴν
3333 625 3559 694 ηὔξησε,
3604 628 3695 677 καὶ
3737 629 3829 679 ἐπὶ
3880 629 4023 697 Ι,διέγα

2457 712 2775 776 ἀλαζονείας
2825 712 3131 781 ἐξώγκωτο.
3188 716 3266 765 Δι’
3301 715 3336 768 ἃ
3379 718 3577 784 μᾶλλον
3612 718 3875 787 Ῥωμαῖοι
3926 721 4025 789 τὴν

2461 803 2624 856 αὑτοῦ
2671 803 2911 855 διάνοιαν
2952 801 3192 855 ὕποπτον
3232 805 3359 875 [578
3422 806 3476 860 b.
3539 804 3629 876 ΙΙ.]
3686 808 4022 875 ποιούμενοι,

2454 897 2569 957 τοῖς
2628 894 2852 947 Σκυθῶν
2901 894 3215 964 βασιλεῦσιν
3251 894 3583 965 ἐψηφίσαντο
3621 896 3721 958 τάς
3764 898 4025 968 πατρῴας

2456 985 2621 1037 αὑτὸν
2657 985 2833 1054 ἀρχάς
2865 986 3335 1055 ἀποκαταστῆσαι.
3371 988 3428 1040 Ὀ
3445 987 3500 1040 δὲ
3526 990 3762 1057 μετρίως
3786 989 3887 1055 μὲν
3910 992 4026 1051 τοῖς

2458 1079 2953 1147 προσταττομένοις
2974 1079 3238 1148 ὑπήκουε,
3256 1079 3575 1148 συμμάχους
3596 1079 3652 1131 δὲ
3671 1079 3918 1148 Πάρθους
3932 1083 4025 1134 καὶ

2456 1167 2677 1237 Μήδους
2705 1169 2799 1219 καὶ
2825 1166 3103 1238 Τιγράνην
3140 1169 3421 1237 Ἀρμένιον
3448 1170 3543 1221 καὶ
3573 1170 3696 1231 τοὺς
3725 1171 4025 1232 Σκυθικοὺς

2459 1258 2701 1327 βασιλεῖς
2746 1258 2950 1311 καὶτὸν
2976 1260 3171 1328 Ἴϐηρα
3202 1260 3671 1331 προσηταιρίζετο.
3706 1262 4025 1330 Προσετίθει

2456 1347 2512 1398 δὲ
2547 1347 2641 1399 καὶ
2672 1347 2863 1416 ἐτέρας
2896 1348 2990 1400 τοῦ
3029 1348 3267 1417 πολέμου
3310 1351 3521 1412 αίτίας·
3564 1351 3666 1417 τῆς
3700 1354 3809 1419 γὰρ
3857 1352 3917 1401 ὲν
3958 1354 4023 1421 τῇ

2469 1438 2653 1509 Ῥώμῃ
2689 1440 2995 1510 συγκλήτου
3028 1440 3345 1511 Νικομήδην
3376 1442 3465 1494 τὸν
3502 1445 3548 1474 ’δ
3590 1445 3653 1494 ὲκ
3684 1443 4025 1513 Νικομήδους

2459 1532 2552 1583 καὶ
2573 1529 2757 1599 Νύσης
2786 1531 3005 1600 βασιλέα
3020 1532 3273 1596 Βιθυνίας
3299 1533 3662 1603 καθιστὼσης,
3691 1534 4026 1603 Μιθριδάτης

2457 1621 2549 1673 τὸν
2612 1623 2847 1691 χρηστὸν
2894 1622 3257 1690 ἐπικληθέντα
3318 1623 3636 1693 Νικομήδην
3689 1624 3734 1655 ⁸⁸
3800 1627 4018 1675 ἀντεκα-

2460 1710 2618 1778 θίστη
2644 1725 2657 1739 ·
2702 1711 2999 1781 ἐπεκράτει
3042 1710 3084 1762 δ’
3133 1710 3283 1780 ὅμως
3316 1713 3350 1781 ὴ
3403 1714 3687 1783 Ῥωμαίων
3723 1713 3903 1783 κρίσις
3934 1715 4028 1765 καὶ

2461 1803 2686 1864 ἄκοντος
2708 1801 3061 1871 Μιθριδάτου.

1165 1911 1291 1965 ίῖιιι.
1325 1908 1559 1966 XXXIII.
1589 1940 1657 1949 —
1687 1907 2005 1963 Mithridatis
2034 1911 2264 1965 victoria
2288 1913 2352 1965 de
2393 1911 2696 1977 Nicomede,
2728 1926 2774 1968 et
2805 1928 3002 1985 strages
3028 1915 3219 1968 civium
3244 1913 3396 1969 Rom.
3427 1917 3484 1969 in
3522 1918 3671 1972 Asia.

849 2005 1045 2073 Intcrje
1084 2017 1140 2061 to
1175 2016 1437 2072 tempore,
1470 2020 1590 2059 cum
1616 2004 1774 2076 Sylla:
1817 2014 1870 2059 et
1928 2002 2081 2058 Marii
2116 2005 2167 2058 in
2202 2019 2355 2073 repu-
2392 2011 2438 2069 Β

782 2098 923 2152 hlica
952 2098 1193 2151 Romana
1221 2098 1417 2151 svditio
1458 2097 1783 2160 exarsisset,
1821 2095 2145 2151 Archelaum
2177 2096 2359 2163 copia-

784 2206 899 2243 rum
923 2191 1111 2243 ducent
1150 2188 1488 2242 Mithridates
1520 2189 1687 2242 £5000
1708 2187 2191 2257 peditum,et1000
2209 2189 2361 2257 equi-

784 2291 928 2341 tum,
967 2280 1016 2330 in
1069 2277 1331 2346 Bithynos
1369 2278 1569 2331 ducere
1609 2277 1793 2346 jussit,
1836 2278 2153 2346 collatisque
2189 2278 2359 2346 signis

786 2373 957 2424 \‘it'lOl‘
990 2372 1172 2425 evadit
1204 2369 1527 2424 Archelaus.
1555 2370 1619 2424 Et
1648 2370 1783 2440 fugit
1813 2386 1935 2424 cum
1967 2372 2154 2440 paucis
2196 2373 2356 2425 etiam

784 2462 1121 2515 Nicomedes.
1141 2462 1257 2528 Quo
1274 2462 1492 2530 cognito
1526 2461 1888 2524 Mithridates,
1910 2478 2030 2517 cum
2057 2463 2161 2516 sub
2196 2478 2356 2517 manu

780 2564 963 2615 essent
996 2554 1318 2619 auxiliares,
1354 2554 1550 2607 castris
1574 2568 1605 2608 e
1637 2553 1878 2622 subjecto
1906 2555 2136 2608 Amasite
2167 2570 2359 2623 campo

784 2650 961 2714 tumis,
978 2665 1071 2718 per
1093 2644 1507 2719 Paphlagoniam
1532 2643 1635 2702 iter
1660 2643 1811 2708 facit,
1836 2642 2041 2698 l50000
2058 2646 2356 2699 exercitum

782 2742 1072 2793 adducens.
1106 2739 1306 2794 Marius
1338 2751 1514 2793 autem
1539 2740 1639 2793 sub
1671 2740 1841 2809 signts
1873 2735 2077 2794 habens
2104 2734 2355 2795 Nicome-

782 2835 866 2885 dis
893 2834 1078 2899 copias
1125 2836 1264 2901 (qua:
1295 2834 1361 2885 atl
1388 2832 1562 2885 solam
1602 2831 1927 2885 Mithridatis
1952 2832 2149 2886 famam
2192 2832 2354 2889 dissi-

782 2924 1092 2991 pabantur),
1122 2940 1244 2977 cutn
1273 2924 1462 2990 exigua
1501 2922 1870 2978 Romanorum
1905 2939 2064 2977 manu
2098 2939 2215 2979 sese
2232 2927 2353 2979 sub-

779 3016 911 3082 jecit
963 3016 1309 3084 Menophani,
1350 3016 1681 3070 Mithridatis
1740 3018 1977 3079 tribuno,
2010 3027 2065 3070 et
2113 3018 2356 3085 repuisns

782 3105 941 3173 fugit,
974 3111 1120 3159 omni
1152 3108 1397 3159 exercitu
1441 3107 1661 3159 amisso.
1712 3105 1915 3159 Secure
1967 3106 2131 3174 igitur
2173 3107 2355 3176 Bithy-

784 3199 929 3250 niam
975 3199 1240 3252 invadens
1277 3197 1638 3262 Mithridates,
1670 3208 1725 3252 et
1770 3198 1934 3253 urbes
1982 3210 2035 3252 et
2079 3202 2352 3268 regionem

782 3292 918 3343 citra
963 3306 1197 3360 pugnant
1235 3290 1446 3344 obtinet
1478 3307 1490 3342 :
1522 3300 1952 3357 ceterarumque
1985 3290 2127 3344 Asia!
2159 3292 2351 3345 civita-

784 3391 896 3435 tum
957 3383 1075 3437 alia:
1107 3383 1415 3452 capiuntur,
1440 3382 1559 3436 alia:
1587 3382 1643 3435 in
1672 3380 1828 3435 [idem
1860 3382 1999 3451 regis
2035 3386 2353 3436 concedunt.
2384 3354 2428 3414 c

782 3473 848 3526 Et
885 3486 1101 3540 repente
1162 3475 1356 3543 ingens
1410 3473 1461 3525 lit
1506 3489 1685 3526 rerum
1724 3474 2096 3538 commutatio,
2134 3473 2357 3529 Rhodiis

782 3566 1123 3621 solummodo
1148 3566 1199 3618 in
1234 3564 1470 3617 amicitia
1511 3562 1879 3617 Romanorum
1915 3562 2353 3631 perdurantibus.

784 3658 1012 3723 Ideoque
1054 3665 1196 3708 terra
1236 3654 1480 3721 marique
1523 3652 1720 3707 bellum
1750 3661 1943 3706 contra
1994 3653 2139 3721 ipsos
2188 3653 2356 3705 movit

786 3744 1149 3808 Mithridates,
1186 3745 1311 3798 licet
1340 3742 1535 3797 Rhodii
1566 3745 1766 3796 \‘irlute
1788 3751 1841 3797 et
1862 3741 2075 3795 fortuna
2103 3742 2175 3795 ita
2209 3753 2358 3796 ante-

782 3838 1062 3899 cellerent,
1086 3849 1323 3907 utprupe
1354 3846 1500 3891 esset
1550 3838 1723 3904 ipsum
1756 3850 1935 3904 regem
1971 3835 2145 3889 navali
2175 3836 2357 3902 prreiio

785 3933 836 3981 iu
889 3931 1120 3982 hostium
1174 3929 1359 3982 venire
1410 3944 1623 3983 manus.
1672 3928 1948 3982 Intellecto
1995 3936 2114 3996 post
2154 3925 2356 3996 231a

786 4019 1143 4080 Mithridates,
1169 4020 1318 4072 cives
1350 4018 1624 4073 Romanos
1648 4034 1744 4086 per
1779 4017 1950 4071 urbes
1976 4016 2118 4071 Asia:
2144 4018 2357 4085 disper-

783 4125 873 4163 sus
916 4110 1158 4164 consiliis
1197 4110 1308 4163 suis
1362 4110 1750 4176 impedimento
1793 4123 1935 4171 esse,
1986 4108 2051 4161 ad
2106 4109 2355 4163 civitates

784 4203 1025 4271 scripsit,
1071 4213 1126 4255 ut
1155 4218 1263 4255 uno
1297 4203 1383 4254 die
1414 4217 1603 4256 omnes
1635 4203 1775 4271 apud
1810 4217 1869 4255 se
1908 4201 2180 4256 Romanos
2205 4203 2356 4256 occi-

783 4297 992 4348 derent.
1030 4294 1093 4347 Et
1133 4295 1403 4363 pleneque
1448 4294 1593 4347 dicto
1628 4294 1745 4363 ejus
1788 4292 2103 4357 audientes,
2154 4294 2354 4345 eaedem

786 4396 991 4438 tantam
1040 4394 1361 4454 patrarunt,
1413 4394 1472 4437 ιιι
1524 4399 1630 4439 uno
1682 4385 1980 4452 eodemque
2033 4385 2121 4439 die
2183 4383 2357 4438 80000

783 4479 963 4545 gladio
994 4490 1221 4531 tnurtetn
1262 4486 1604 4545 oppeterent.

2545 2006 2813 2077 ’Υστερον
2844 2008 2900 2060 δὲ
2940 2006 3113 2062 Σύλλα
3142 2010 3235 2061 καὶ
3264 2008 3476 2077 Μαρίου
3507 2010 3631 2076 περὶ
3660 2025 3761 2077 την
3794 2007 4027 2076 Ῥωμαῖ-

2460 2096 2560 2168 κὴν
2586 2099 2862 2152 πολιτείαν
2888 2101 3365 2172 άναρριπισάντων
3382 2101 3479 2169 τήν
3510 2100 3719 2164 στάσιν,
3755 2101 4027 2167 τέσσαρας

2461 2187 2729 2256 μυριάδας
2796 2190 2976 2253 πεζῶν
3022 2189 3119 2242 καὶ
3156 2190 3381 2260 μυρίους
3411 2190 3457 2220 ’⁸
3506 2189 3706 2251 ἱππέας
3748 2190 4029 2257 Ἀρχελάῳ

2456 2277 2533 2347 τῷ
2558 2279 2849 2350 στρατηγῷ
2890 2281 3168 2349 παραδοὺς
3192 2283 3221 2333 6
3252 2280 3589 2351 Μιθριδάτης
3620 2285 3762 2334 κατὰ
3786 2281 4028 2333 Βιθυνῶν

2458 2369 2712 2422 ἐκέλευσε
2744 2372 3081 2440 στρατεύειν.
3127 2374 3235 2425 Καὶ
3268 2375 3461 2443 κρατεῖ
3492 2376 3587 2443 τῆς
3617 2374 3793 2442 μάχης
3814 2373 4028 2441 συμΰα-

2459 2459 2565 2512 λὼν
2591 2462 2906 2530 Ἀρχέλαος,
2964 2464 3155 2532 φεύγει
3200 2465 3255 2516 δὲ
3287 2466 3378 2516 καὶ
3410 2464 3727 2534 Νικομήδης
3768 2465 3886 2532 μετ’
3922 2464 4029 2514 61i-

2458 2567 2589 2617 γων.
2619 2552 2804 2603 Ταῦτα
2832 2551 3020 2621 μαθὼν
3047 2554 3387 2625 Μιθριδάτης
3411 2556 3850 2623 παραγεγονότος
3879 2554 4030 2622 αὑτῷ

2460 2642 2553 2694 καὶ
2580 2642 2672 2693 τοῦ
2703 2645 3076 2713 συμμαχικοῦ,
3107 2646 3243 2716 ἄρας
3264 2649 3372 2699 ἀπὸ
3400 2647 3494 2699 τοῦ
3522 2648 3647 2718 πρὸς
3672 2651 3738 2715 τῇ
3760 2648 4030 2717 Ἀμασείκ

2460 2733 2640 2784 πεδίου
2685 2734 2775 2786 διὰ
2802 2735 2899 2804 τῆς
2942 2737 3327 2804 Παφλαγονίας
3355 2739 3463 2808 ᾔει,
3513 2741 3903 2793 πεντεκαίδεκα
3932 2760 4032 2810 μυ-

2460 2822 2649 2898 ριάδας
2669 2811 2903 2899 στρατὸν
2937 2828 3297 2896 ἑπαγόμενος.
3336 2830 3541 2893 Μάνιος
3579 2833 3621 2863 ’⁷
3657 2832 3712 2883 δὲ
3737 2832 3848 2883 τῶν
3886 2834 4030 2900 ἀμφὶ

2456 2920 2775 2990 Νικομήδην
2834 2919 3352 2994 συστρατευομένων
3407 2921 3557 2997 αὐτῷ
3600 2922 3739 2998 μόνῃ
3800 2925 3866 2997 τῇ
3930 2927 4023 2979 τοῦ

2458 3012 2793 3083 Μιθριδάτου
2824 3017 2982 3085 φήμῃ
3010 3016 3526 3083 διασκεδασθέντων,
3556 3022 3693 3088 μετὰ
3738 3018 4030 3088 Ῥωμαίων

2456 3104 2652 3171 ὀλίγων
2680 3106 3215 3174 ἀντιπαρατάσσεται
3252 3110 3567 3179 Μηνοφάνει
3588 3110 3665 3179 τῷ
3698 3110 4029 3178 Μιθριδάτου

2458 3195 2777 3263 στρατηγῷ,
2827 3197 2921 3249 καὶ
2954 3200 3184 3267 τραπεὶς
3214 3201 3424 3267 φεύγει,
3470 3204 3651 3253 πᾶσαν
3679 3202 3777 3269 τὴν
3800 3201 4029 3270 δύναμιν

2458 3286 2774 3341 ἁποὸαλών.
2811 3288 3097 3357 Ἐμὸαλὼν
3145 3289 3202 3340 δὲ
3248 3291 3345 3343 σὺν
3394 3292 3547 3361 ἀδείᾳ
3586 3291 3921 3360 Μιθριδάτης
3954 3294 4031 3353 εἰς

2460 3378 2557 3443 τὴν
2586 3378 2838 3432 Βιθυνίαν
2864 3380 2962 3442 τάς
2986 3398 3045 3432 τε
3079 3381 3261 3441 πόλεις
3304 3386 3395 3435 καὶ
3422 3384 3523 3451 τὴν
3570 3384 3752 3453 χώραν
3792 3385 3966 3451 ἀμαχὶ
3986 3382 4025 3413 "

2464 3472 2733 3540 κατέσχε·
2772 3473 2865 3525 καὶ
2911 3473 3018 3525 τῶν
3047 3472 3224 3526 ἄλλων
3250 3474 3306 3526 δὲ
3356 3476 3564 3527 πόλεων
3605 3477 3715 3528 τῶν
3763 3478 3906 3528 κατὰ
3934 3479 4031 3545 τὴν

2470 3562 2656 3615 Ἀσίαν
2693 3566 2747 3615 αἱ
2793 3565 2891 3633 μὲν
2925 3566 3213 3633 ἡλίσκοντο
3252 3570 3307 3619 αἱ
3329 3568 3384 3619 δὲ
3417 3569 3799 3638 προσεχώρουν
3827 3569 3906 3637 τῷ
3938 3570 4029 3637 βα-

2460 3655 2615 3717 σιλεῖ,
2665 3656 2758 3707 καὶ
2813 3657 3082 3727 μεταϐολὴ
3133 3660 3242 3711 τῶν
3305 3662 3442 3712 ὓλων
3494 3660 3669 3729 ἀθρόα
3712 3662 4028 3722 καθίστατο,

2472 3744 2686 3797 Ῥοδίων
2733 3746 2891 3815 μόνον
2942 3747 3037 3818 τὴν
3072 3749 3209 3818 πρὸς
3243 3748 3549 3818 Ῥωμαίους
3585 3750 3920 3819 στεργόντων
3947 3769 4031 3813 φι-

2462 3835 2603 3890 λίαν.
2654 3836 2731 3889 Δι’
2779 3839 2846 3907 ἡν
2895 3841 3014 3892 κατ’
3040 3841 3221 3893 αὐτῶν
3265 3842 3602 3911 Μιθριδάτης
3644 3844 3903 3895 καὶκατὰ
3931 3844 4031 3910 γῆν

2463 3930 2557 3981 καὶ
2614 3933 2755 3983 κατὰ
2789 3932 3057 3985 Θάλατταν
3114 3934 3282 3986 ἐκίνει
3328 3935 3419 3986 τὸν
3464 3936 3717 4003 πόλεμον,
3769 3938 3817 3987 εί
3854 3937 3947 3987 καὶ
3976 3936 4031 3986 τὸ

2464 4022 2625 4074 πλέον
2661 4024 2855 4075 Ῥόδιοι
2887 4026 3063 4095 ἔσχον.
3102 4026 3177 4088 ὼς
3211 4027 3305 4078 καὶ
3347 4028 3509 4080 αὑτὸν
3541 4029 3876 4100 Μιθριδάτην
3902 4047 4028 4081 ναυ-

2465 4115 2745 4183 μαχοῦντα
2780 4118 2943 4183 ἐγγὺς
2974 4117 3067 4169 τοῦ
3098 4118 3302 4170 ἁλῶναι
3334 4119 3531 4171 ἐλθεῖν.
3581 4120 3735 4172 Μετὰ
3764 4121 3819 4173 δὲ
3862 4121 4032 4173 ταῦτα

2468 4206 2656 4275 μαθὼν
2697 4207 3033 4279 Μιθριδάτης
3064 4211 3137 4272 ὡς
3165 4212 3215 4262 οἱ
3252 4214 3386 4263 κατά
3417 4212 3515 4273 τάς
3552 4210 3737 4273 πόλεις
3770 4213 4032 4281 σποράδες

2478 4299 2742 4370 Ῥωμαῖοι
2783 4303 2891 4355 τῶν
2940 4306 3072 4375 παρ’
3125 4305 3291 4358 αὑτοῦ
3335 4307 3732 4373 διανοουμένων
3784 4308 4033 4377 ἐμποδὼν

2463 4390 2732 4452 ἵστανται.
2776 4397 2976 4463 γράφει
3009 4398 3142 4466 πρὸς
3171 4400 3351 4461 πάσας
3382 4399 3486 4451 ὑπὸ
3520 4400 3648 4467 μίαν
3672 4402 3887 4468 ἡμέραν
3908 4401 4030 4459 τοὺς

2461 4485 2591 4551 παρ’
2609 4484 2797 4547 αὐταῖς
2838 4486 3141 4557 Ῥωμαίους
3156 4488 3425 4555 φονεύειν.
3448 4491 3557 4543 Καὶ
3580 4490 3765 4542 πολλοὶ
3786 4489 4029 4541 πεισθένο

779 4588 869 4633 τες
897 4569 1152 4623 τοσοῦτον
1201 4570 1362 4638 φόνον
1398 4570 1759 4638 εἰργάσαντο,
1790 4570 1866 4631 ὡς
1912 4568 2179 4639 μυριάδας
2206 4568 2351 4622 ὀκτὼ
2395 4571 2454 4622 ὲν
2498 4579 2596 4647 μιᾷ
2633 4581 2726 4631 καὶ
2776 4583 2842 4650 τῇ
2875 4579 3012 4650 αὒτῇ
3058 4582 3242 4651 ήμέρᾳ
3300 4582 3392 4633 τὸν
3418 4582 3504 4634 διὰ
3576 4584 3764 4652 ξίφους
3817 4571 4033 4653 ὄλεθρον

781 4662 1099 4728 ὑποστῆναι.

1282 4774 1409 4827 CAP.
1446 4770 1683 4826 XXXIV.
1714 4804 1773 4812 -
1804 4771 1967 4842 Sylla’
1992 4775 2220 4827 victorire
2248 4776 2311 4826 de
2340 4774 2521 4827 Toxile
2557 4785 2605 4827 et
2633 4777 2887 4831 Archelao
2921 4776 3249 4832 Mithridatis
3274 4782 3512 4834 ducibus.

856 4888 953 4942 Uhi
992 4903 1119 4941 vero
1154 4887 1358 4941 Eretria
1391 4896 1445 4940 et
1472 4887 1687 4940 Chalcis
1714 4890 1958 4954 atIqune
1996 4897 2101 4941 tota
2162 4888 2362 4943 Euboea
2397 4893 2442 4947 ι)

780 4984 846 5034 ad
885 4982 1245 5034 Mithridatem
1278 4993 1401 5032 sese
1441 4979 1818 5045 applicaraut,
1858 4977 2084 5045 alizeque
2125 4983 2190 5034 ad
2234 4998 2355 5035 eum

782 5076 1028 5127 civitates
1063 5072 1453 5133 transiverant,
1498 5071 1658 5124 vietis
1703 5072 1867 5124 etiam
1912 5068 2355 5130 Lacedmmoniis,

780 5162 981 5233 Syllant
1018 5176 1139 5213 cum
1174 5161 1321 5229 justo
1353 5163 1569 5229 agmine
1617 5158 1842 5212 Romani
1877 5161 2152 5212 emittunt.
2190 5159 2357 5226 Cujus

781 5260 1012 5310 adventu
1031 5255 1305 5317 civitates,
1327 5252 1520 5321 partim
1553 5261 1744 5319 sponte
1764 5250 2094 5304 deditionem
2121 5249 2353 5313 faciunt,

781 5350 975 5419 partim
1029 5349 1077 5401 vi
1134 5347 1185 5400 in
1258 5353 1571 5414 potestatem
1624 5343 1743 5412 ejus
1801 5343 2049 5398 veniunt.
2083 5341 2192 5395 Nec
2239 5343 2356 5396 exi-

780 5458 914 5509 guas
950 5439 1294 5494 Puntieorutn
1338 5436 1521 5505 copias
1574 5435 1752 5488 fundit
1794 5445 1849 5489 et
1895 5432 2066 5503 fugat.
2116 5435 2361 5488 Athenas

781 5534 939 5585 etiam
973 5531 1116 5599 cepit
1146 5548 1159 5584 :
1187 5541 1241 5584 et
1279 5528 1394 5582 Solo
1440 5527 1568 5582 urbs
1598 5537 1803 5594 tnquata
1841 5536 2005 5590 esset,
2056 5526 2158 5579 nisi
2207 5527 2359 5579 ocius

2550 4889 2832 4957 Ἐρετρίας
2864 4891 2919 4942 δὲ
2960 4891 3053 4942 καὶ
3084 4891 3346 4955 Χαλκίδος
3376 4896 3472 4947 καὶ
3506 4895 3635 4964 ὅλης
3663 4895 3895 4959 Εὖϐοίας
3927 4900 4034 4959 τοῖς

2464 4979 2557 5031 τοῦ
2615 4980 2944 5050 Μιθριδάτου
2988 4983 3411 5052 προσθεμένων,
3460 4988 3554 5037 καὶ
3606 4987 3784 5040 ἄλλων
3833 4990 4036 5042 πόλεων

2465 5071 2615 5139 αὐτῷ
2655 5074 3150 5141 προσχωρούντων,
3185 5076 3280 5128 καὶ
3321 5076 3426 5145 μὴν
3466 5078 3558 5129 καὶ
3600 5080 4035 5149 Λακεδαιμονίων

2466 5162 2842 5230 ἡττηθέντων,
2888 5164 3095 5218 Σύλλαν
3116 5169 3159 5197 ’⁸
3211 5168 3587 5235 ἐκπέμπουσιν
3633 5172 3683 5222 οι
3738 5171 4032 5239 Ῥωμαῖοι,

2466 5253 2658 5323 ἱκανὴν
2688 5255 2836 5324 αὐτῷ
2866 5258 3350 5327 συνεκπέμψαντες
3375 5262 3657 5330 στρατιάν,
3702 5262 3761 5312 ’0
3784 5263 3841 5314 δὲ
3866 5281 4035 5331 παραυ

2465 5345 2703 5413 γεγονὼς
2733 5348 2842 5399 τῶν
2882 5347 3089 5400 πόλεων
3126 5350 3224 5411 τάς
3254 5350 3352 5419 μὲν
3394 5352 3735 5423 ἑκουσιότητι
3775 5354 4037 5422 μεταϐαλ-

2464 5438 2726 5505 λομένας,
2759 5439 2857 5501 τὰς
2889 5439 2943 5491 δὲ
2974 5441 3068 5492 κα)⁵
3096 5440 3187 5512 βίᾳ
3219 5443 3504 5512 κατέσχεν,
3537 5445 3637 5497 οὐκ
3665 5444 3846 5511 ὀλίγον
3881 5450 4031 5516 στράσ

2464 5547 2637 5598 τευμα
2663 5530 2771 5582 τῶν
2800 5530 3076 5584 Ποντικῶν
3122 5533 3270 5603 μάχῃ
3314 5534 3672 5605 τρεψάμενος.
3703 5533 3831 5589 Είλε
3867 5538 3924 5591 δὲ
3956 5540 4039 5591 καὶ

2059 5668 2294 5723 VARle
2342 5669 2743 5730 LECTIONES.

850 5770 895 5798 θλ
926 5768 1017 5818 τὸν
1048 5782 1156 5820 om.
1191 5768 1254 5819 A.

782 5838 825 5869 "
856 5839 1053 5905 ἅμα-(ἐι
1082 5856 1144 5901 ς.
1221 5839 1263 5869 ’⁵
1300 5838 1465 5887 σέλαι]
1501 5839 1559 5892 Α.

1350 5766 1395 5796 ³⁵
1430 5767 1518 5817 τὸν
1535 5796 1602 5804 --
1630 5764 1970 5835 Νικομήδην]
2005 5765 2299 5835 Σωκράτην
2321 5766 2408 5818 τὸν
2428 5768 2802 5839 -Νικομήδει
2833 5769 3148 5826 Palnterius.
3220 5772 3262 5803 "
3291 5771 3492 5842 μυρίας
3523 5789 3583 5836 ς.

3662 5775 3705 5806 ⁸⁷
3738 5774 3953 5843 Μάριος
3983 5791 4037 5837 ς.
