4208 6448
256 403 367 464 909

1325 400 1843 463 BIBIJOTHECA.
1866 425 1931 436 -
1958 400 2120 460 COD.
2143 399 2435 459 CCXXIV.

3378 393 3482 458 910

255 515 359 575 τὰς
411 510 641 579 Ἀθήνας
666 525 682 542 ·
740 511 837 562 καὶ
888 509 1235 563 κατέσκαπτο
1267 510 1335 564 ἄν
1379 514 1412 581 ἡ
1453 511 1626 575 πόλις,
1670 512 1720 562 εἰ
1756 511 1830 579 μὴ
1858 519 1904 571 Α

1821 528 1830 579 ι
1858 519 1904 571 Α
1931 521 2149 565 senatus
2176 510 2450 563 ltomanus
2471 505 2629 576 Sylla
2651 505 2981 576 propositum
3014 504 3338 577 iuiregisset.
3359 502 3483 560 Post

258 604 476 656 θᾶττον.
500 603 534 671 ή
560 599 864 669 σύγκλητος
895 600 1180 667 Ῥωμαίων
1206 600 1303 669 τὴν
1352 600 1447 652 τοῦ
1491 601 1665 653 Σύλλα
1691 598 1829 667 γνώ-

1928 602 2150 655 t-rebros
2197 610 2377 653 autem
2422 596 2744 663 conﬂictus,
2794 597 2853 652 in
2906 597 3104 667 quibus
3155 598 3490 653 excellebant

259 708 373 761 μην
401 689 653 758 ἀνέκοψε.
686 688 903 755 Συχνῶν
932 687 986 740 δὲ
1015 689 1369 757 παρατάξεων
1399 691 1826 758 συνισταμένων,

1823 731 1826 746 ,
1926 692 2160 755 Pontici,
2179 707 2302 746 cum
2320 690 2462 745 felici
2477 691 2586 759 jam
2615 705 2870 746 successu
2893 706 2982 745 res
3003 701 3485 751 commutarentur,

256 786 319 836 ὲν
344 778 434 844 αἷς
464 783 523 834 τὺ
551 783 735 834 πλεῖον
762 775 912 850 εἶχον
940 782 993 832 οἱ
1024 782 1298 839 Ποντικοί.
1330 783 1422 834 καὶ
1447 781 1831 851 συμμεταϐαλο

255 873 505 941 λομένων
543 871 649 925 τῶν
684 871 1028 941 πραγμάτων
1078 872 1191 927 τοῖς
1224 869 1678 940 κατορθουμένοις
1698 911 1713 935 ,
1747 870 1831 923 έν-

256 964 379 1016 δεια
408 965 519 1025 τοῖς
572 962 871 1031 βασιλικοῖς
904 962 1005 1031 τῆς
1048 961 1256 1029 διαίτης
1288 962 1510 1029 ἐπέστη,
1559 962 1687 1033 [732
1736 960 1829 1032 8.]

256 1054 489 1115 ἀσώτως
526 1069 585 1103 τε
620 1052 754 1121 πρὸς
800 1051 1002 1121 ταύτην
1031 1050 1159 1121 [579
1196 1047 1286 1119 11.]
1333 1050 1697 1118 διακειμένοις
1736 1050 1831 1102 καὶ

254 1148 544 1218 ταμιεύειν
580 1148 650 1200 τὰ
688 1148 955 1217 κτηθέντα
983 1148 1000 1177 ⁸
1046 1148 1120 1217 μὴ
1154 1148 1559 1218 ἐπισταμένοις.
1598 1148 1709 1201 Καὶ
1749 1148 1829 1209 είς

260 1239 561 1309 συμφορῶν
593 1240 658 1292 ἂν
687 1238 943 1303 ἐξέπεσον
964 1239 1065 1307 τὴν
1095 1240 1351 1310 ισχάτην,
1384 1243 1432 1293 εί
1463 1240 1537 1309 μὴ
1567 1238 1833 1307 Ταξὶλλης

274 1329 600 1399 ’Δμφίπολιν
658 1329 826 1390 ἑλὼν,
868 1328 963 1381 καὶ
992 1328 1083 1381 διὰ
1129 1330 1302 1383 ταῦτα
1350 1332 1450 1399 τῆς
1496 1329 1833 1391 Μακεδονίας

260 1424 405 1493 πρὸς
464 1422 623 1474 αὑτὸν
677 1421 1148 1490 μεταϐαλομένης,
1180 1421 1389 1474 ἐκεῖθεν
1436 1423 1533 1489 τὴν
1574 1419 1835 1489 ἀφθονίαν

261 1513 573 1582 ἐχορήγησε
600 1511 709 1563 τῶν
739 1510 1079 1578 ἐπιτηδείων.
1122 1506 1289 1572 Οὗτος
1323 1510 1381 1563 δὲ
1414 1511 1508 1561 καὶ
1547 1508 1836 1578 Ἀρχέλαος

264 1604 637 1675 συμμίξαντες
656 1604 725 1655 τά
749 1587 1172 1673 στρατεύματα⁸
1203 1602 1342 1670 ὑπὲρ
1367 1599 1463 1660 τὰς
1483 1598 1543 1663 ἓξ
1569 1601 1835 1670 μυριάδας

261 1696 328 1747 τὺ
379 1696 622 1764 πλῆθος³
659 1692 812 1764 ἦγον,
862 1694 971 1747 Καὶ
1018 1692 1528 1761 στρατοπεδεύονται
1569 1694 1709 1747 κατὰ
1736 1694 1835 1761 τὴν

263 1786 483 1840 Φωκίδα
513 1786 730 1857 χώραν,
762 1784 1186 1846 ύπαντιάσοντες
1214 1783 1292 1851 τῷ
1324 1780 1519 1851 Σύλλα.
1564 1784 1621 1835 ’0
1654 1784 1710 1836 δὲ
1741 1784 1836 1836 καὶ

1931 784 2203 837 alimoniae
2234 782 2412 850 inopia
2441 783 2604 853 regiis
2627 782 2888 849 incubuit,
2923 782 3064 852 quod
3090 782 3313 851 prodige
3342 782 3491 836 victu

1934 874 2311 939 abuterentur,
2331 882 2386 927 et
2410 872 2675 940 acquisita
2699 881 2845 928 recte
2865 871 3179 943 dispensare
3194 872 3487 928 nescirent.

1932 964 1999 1018 Et
2030 964 2081 1017 in
2111 972 2407 1018 extremam
2439 965 2725 1019 deventum
2770 975 2915 1018 esset
2945 966 3305 1018 calamitatem
3325 1007 3339 1029 ,
3388 965 3492 1019 nisi

1932 1055 2169 1120 Taxiles,
2217 1065 2372 1123 capta
2419 1054 2749 1124 Amphipoli,
2799 1057 3025 1125 ideoque
3069 1056 3377 1110 Macedonia
3424 1060 3492 1112 ad

1932 1147 2107 1216 ipsum
2167 1145 2468 1211 deﬁciente,
2542 1147 2744 1215 largam
2802 1148 3129 1202 cibariorum
3185 1149 3493 1203 facultatem

1933 1238 2056 1294 intle
2088 1240 2576 1295 subministrassct.
2617 1238 2716 1293 llic
2751 1250 2805 1294 et
2838 1240 3158 1306 Archelaus,
3195 1237 3495 1297 commistis

1934 1331 2259 1399 agminibus,
2311 1330 2431 1400 plus
2468 1345 2627 1399 quam
2660 1329 2835 1385 60000
2883 1332 3156 1385 hominum
3199 1334 3297 1386 sub
3327 1335 3496 1403 signis

1933 1421 2224 1487 ducebant,
2250 1431 2305 1476 et
2336 1423 2612 1476 occursuri
2648 1422 2808 1492 Sylla:
2853 1422 2905 1478 in
2940 1422 3173 1478 Phocide
3228 1424 3497 1479 habebant

1935 1513 2154 1566 stativa.
2189 1510 2279 1566 Ille
2300 1527 2445 1577 vero,
2482 1511 2543 1566 L.
2583 1512 2872 1568 Hortensio
2900 1524 3200 1583 assumpto,
3234 1516 3323 1584 qui
3354 1514 3497 1570 6000

1934 1616 1999 1655 ex
2036 1600 2181 1655 Italia
2226 1600 2548 1668 adduxerat,
2586 1603 2723 1659 satis
2755 1604 2966 1674 longum
3018 1605 3072 1657 in
3111 1605 3287 1660 medio
3329 1605 3498 1660 inter-

1939 1693 2134 1747 vallum
2171 1693 2503 1764 relinquens,
2522 1706 2701 1750 castra
2724 1698 2893 1766 ponit.
2915 1698 3164 1753 Archelai
3195 1709 3373 1752 autem
3402 1700 3502 1752 nti—

1938 1785 2122 1839 litibus
2178 1787 2534 1854 incomposite
2578 1788 2644 1843 ad
2710 1788 3143 1844 l‘rumentandum
3202 1793 3501 1854 conversis,

264 1874 503 1927 Λούκιον
537 1874 852 1946 Ὀρτήνσιον
878 1875 899 1902 ⁸
935 1871 1076 1941 ὑπὲρ
1111 1872 1210 1933 τὰς
1235 1870 1295 1935 ἒξ
1319 1870 1560 1940 χιλιάδας
1580 1871 1601 1900 ⁸
1624 1873 1828 1934 ἄγοντα
1866 1868 1905 1921 Β

1866 1868 1905 1921 Β
1936 1874 2229 1944 improviso
2258 1876 2476 1932 adortus
2502 1886 2700 1941 castra.
2749 1888 3007 1950 quotquot
3026 1882 3215 1936 robore
3242 1882 3503 1949 pollentes

264 1964 332 2029 ἐξ
369 1960 598 2026 Ἰταλίός
627 1963 1095 2035 συμπαραλαϐὼν,
1118 1963 1225 2014 άπὸ
1256 1960 1451 2031 συχνοῦ
1472 1960 1836 2030 διαστήματος

262 2055 878 2127 ἀντεστρατοπεδεύετο.
941 2055 1062 2107 Ἐπὶ
1119 2055 1418 2121 σιτολογίαν
1476 2053 1533 2106 δὲ
1578 2056 1728 2124 παρα
1778 2056 1838 2107 τὸ

262 2150 484 2219 πρέπον
516 2147 625 2200 τῶν
656 2147 786 2217 περὶ
815 2148 906 2198 τὸν
949 2146 1238 2216 Ἀρχέλαον
1278 2145 1594 2215 τραπέντων
1615 2184 1629 2208 ,
1662 2146 1838 2215 ἀπρο-

264 2239 451 2299 ὁπτως
483 2237 685 2299 Σύλλας
721 2236 1020 2289 ἐπιτίθεται
1048 2236 1124 2305 τῷ
1149 2235 1259 2288 τῶν
1299 2235 1568 2304 πολεμίων
1611 2251 1838 2305 στρατο-

266 2331 449 2398 πέδῳ,
480 2328 575 2380 καὶ
603 2329 727 2390 τους
758 2329 858 2396 μὲν
887 2326 1189 2397 εὐρώστους
1236 2313 1342 2379 τῶν
1369 2326 1604 2378 ἁλόντων
1634 2325 1833 2378 αὐτίκα

263 2422 494 2485 κτείνει,
523 2421 581 2485 ἐξ
609 2414 683 2473 ὧν
710 2421 766 2473 δὲ
789 2420 952 2488 φόϐον
982 2418 1276 2481 ἐπιθέσεως
1313 2418 1413 2471 ούκ
1451 2413 1584 2487 εἶχε,
1619 2416 1840 2481 τούτους

1942 1967 2083 2034 cepit
2112 1964 2279 2037 Sylla,
2328 1970 2525 2022 occidit
2559 1987 2571 2023 :
2604 1985 2632 2023 a
2677 1971 2875 2039 quibus
2908 1982 3087 2026 autem
3130 1973 3307 2027 nnlltts
3351 1975 3503 2028 inva-

1942 2054 2101 2107 dendi
2144 2066 2315 2110 metus
2347 2068 2486 2119 erat,
2533 2058 2631 2113 bos
2664 2058 2784 2113 loco
2813 2060 3175 2116 circumdatos
3220 2063 3367 2130 ignes
3408 2078 3501 2115 ac-

1940 2144 2170 2199 cendere
2183 2145 2354 2212 jubet,
2377 2159 2431 2201 nt
2455 2168 2483 2201 ιι
2510 2148 2848 2218 pabulatione
2873 2161 3204 2206 revertentes
3229 2154 3506 2221 cpperiar:-

1948 2244 2056 2298 tur,
2092 2237 2235 2290 nulla
2266 2240 2475 2293 adversi
2507 2256 2666 2295 casus
2696 2243 3005 2310 suspicione
3035 2244 3275 2312 praebita.
3311 2244 3418 2299 llot:
3450 2257 3509 2298 ut

1942 2327 2237 2395 prudenter
2274 2332 2343 2385 ab
2388 2333 2715 2397 imperatore
2771 2336 3042 2402 provisum
3085 2349 3224 2401 erat,
3277 2338 3507 2392 feliciter

1944 2420 2116 2472 exivit
2154 2439 2166 2473 :
2210 2425 2601 2496 magniﬁcaque
2628 2427 2849 2484 victoria
2878 2434 3153 2500 pmiuntur
3187 2435 3412 2505 Syllaui.

266 2515 585 2585 περιίστησι
626 2515 702 2583 τῷ
738 2515 919 2585 χωρίῳ
948 2515 1045 2566 καὶ⁵
1082 2514 1231 2582 πυρα
1265 2513 1475 2567 κελεύει
1530 2512 1730 2575 καίειν,
1776 2513 1850 2577 ὡς
1897 2514 2025 2575 τοὺς
2068 2515 2177 2568 άπδ
2254 2519 2352 2589 τῆς
2416 2523 2720 2591 σιτολογίας
2777 2526 3203 2598 ἀφικνουμένους
3274 2530 3509 2600 δέχοιντο

268 2609 543 2679 μηδεμίαν
589 2608 846 2661 ὑπόνοιαν
903 2606 1264 2676 παρεχόμενοι
1303 2605 1399 2659 τοῦ
1441 2606 1681 2668 πάθουςσ
1743 2607 1835 2659 καὶ
1883 2607 2084 2679 συνέϐη
2130 2610 2206 2674 ὼς
2253 2614 2674 2689 ἐστρατηγήθη,
2708 2620 2803 2673 καὶ
2849 2620 3111 2691 λαμπράν
3184 2624 3282 2692 τὴν
3353 2626 3509 2695 νίκην

270 2706 434 2774 ἔσχον
470 2706 522 2756 oi
562 2706 688 2773 περὶ
723 2703 816 2755 τὸν
846 2702 1072 2755 Σύλλαν.

678 2826 806 2879 Car.
842 2822 1057 2877 XXXV.
1088 2854 1155 2863 —
1189 2822 1549 2877 Heraclicnscs
1602 2822 1755 2877 Chios
1808 2841 1841 2876 α
1886 2824 2120 2895 Dorylao
2164 2828 2218 2880 in
2247 2832 2537 2885 seruitutem
2566 2835 2801 2887 redactos
2834 2836 3115 2892 vindicant.

347 2922 511 2981 Χίους
557 2921 613 2973 δὲ
660 2920 734 2983 ὼς
802 2918 1027 2980 Ῥοδίοις
1079 2918 1545 2987 συμμαχήσαντας
1598 2918 1848 2971 αίτιασά-

274 3031 437 3083 μενος
464 3014 493 3066 ό
516 3011 874 3082 Μιθριδάτης,
903 3012 1020 3062 κατ’
1041 3009 1218 3061 αὐτῶν
1246 3012 1351 3078 Δορ
1365 3010 1524 3061 ύλαον
1547 3008 1847 3077 ἐκπέμπει,

2020 2918 2183 2975 Chios
2217 2932 2341 2978 tunc
2388 2924 2643 2980 incusans
2674 2926 3026 2993 Mithridates,
3090 2930 3235 2997 quod
3289 2930 3510 2982 Rhodiis

1950 3012 2153 3065 auxilia
2203 3014 2498 3075 misissent,
2564 3014 2775 3087 Dorylai
2832 3032 2992 3085 opera
3052 3018 3327 3088 impugnat
3360 3036 3372 3071 :
3411 3020 3502 3086 qui

269 3103 357 3165 ὃς,
395 3105 443 3153 εἰ
473 3102 566 3153 καὶ
596 3099 773 3168 πολλῷ
812 3100 979 3167 πόνῳ,
1011 3099 1109 3165 τήν
1140 3097 1295 3148 πόλιν
1331 3096 1583 3165 κατέσχε,
1617 3095 1711 3149 καὶ
1749 3096 1849 3163 τὴν

1950 3102 2143 3171 (ιιιιιΙιο
2178 3102 2301 3158 licet
2340 3104 2544 3175 labore)
2583 3116 2637 3158 et
2666 3108 2851 3159 urbem
2885 3107 3046 3173 cepit,
3078 3117 3131 3159 et
3173 3122 3328 3174 agros
3374 3105 3512 3159 Pon-

276 3194 380 3263 μὲν
425 3192 606 3261 χώραν
635 3191 924 3259 κατένειμε
969 3192 1079 3250 τοῖς
1120 3188 1418 3250 Ποντικοῖς,
1464 3187 1587 3248 τοὺς
1613 3186 1669 3238 δὲ
1700 3185 1845 3238 πολί-

1952 3193 2074 3246 ticis
2098 3193 2300 3257 divisit,
2325 3205 2378 3247 et
2406 3196 2551 3250 cives
2596 3196 2820 3265 navigiis
2865 3197 3056 3266 πιέν
3104 3198 3379 3266 impositos
3406 3197 3510 3249 huc

271 3299 376 3344 τας
408 3281 610 3341 πλοίοις
634 3278 889 3347 ἐμϐαλὼν
917 3277 1163 3346 διέφερεν
1182 3278 1273 3328 ἐπὶ
1302 3277 1389 3327 τὸν
1418 3277 1633 3329 Πόντον.
1679 3276 1850 3347 Ὶίρα⁴
1876 3324 1918 3381 c

1876 3324 1918 3381 ε
1956 3284 2080 3339 illuc
2108 3288 2159 3339 in
2190 3285 2362 3341 Ponto
2396 3289 2620 3342 distulit.
2666 3291 2736 3341 At
2778 3287 3165 3352 lleraclienses,
3200 3288 3341 3354 quod
3377 3289 3513 3340 ami-

274 3368 514 3422 κλεῶται
546 3368 625 3432 δὲ,
657 3368 777 3418 ἐπεὶ
800 3367 949 3435 φιλία
984 3366 1164 3427 αὐτοῖς
1193 3365 1329 3435 πρδς
1357 3365 1518 3424 Χίους
1545 3361 1635 3436 ἦν,
1674 3367 1733 3419 ὲν
1769 3366 1846 3437 τῷ

275 3458 552 3527 παράπλῳ
589 3459 686 3519 τας
717 3458 981 3517 Ποντικάς
1016 3457 1169 3524 νῆας,
1212 3456 1267 3509 αῖ
1307 3458 1432 3516 τοὺς
1469 3457 1845 3525 αἰχμαλώτους

274 3547 435 3619 ἦγον,
470 3552 879 3618 ἐφορμήσαντες
905 3549 1092 3610 αὑταῖς
1124 3547 1232 3601 οὐδ’
1257 3545 1677 3615 ἀνθισταμέναις
1702 3548 1843 3615 (οὐδὲ

277 3642 389 3709 γάρ
423 3640 721 3711 ἐξήρκουν)
754 3641 992 3709 κατῆγον
1028 3642 1119 3692 ἐπὶ
1149 3641 1248 3711 τὴν
1278 3640 1455 3694 πόλιν.
1486 3639 1595 3693 Καὶ
1634 3656 1843 3708 παραυ-

275 3736 409 3787 τίκα
451 3734 521 3786 τά
556 3734 691 3803 πρὸς
719 3736 816 3805 τὴν
845 3735 1030 3804 χρείαν
1058 3736 1418 3806 χορηγοῦντες
1454 3735 1702 3803 ἀφθόνως
1732 3738 1844 3798 τοῖς

277 3829 521 3890 Χιώταις
568 3831 787 3892 τούτους
831 3830 1235 3900 ἀνελάμϐανον,
1277 3831 1371 3883 καὶ
1412 3829 1636 3900 ὕστερον
1675 3846 1848 3899 μεγα-

277 3920 574 3989 λοπρετιῶς
621 3922 997 3991 δωρησάμενοι
1045 3923 1103 3973 ὲν
1167 3922 1234 3991 τῇ
1307 3920 1525 3991 πατρίδι
1571 3921 1846 3974 ἀπεκατέ-

279 4030 384 4083 στη
394 4031 509 4067 σαν.

1951 3380 2077 3433 citia
2105 3379 2233 3448 ipsis
2254 3394 2373 3433 cum
2398 3380 2548 3435 Chiis
2570 3380 2892 3445 intercessit,
2924 3380 3175 3433 Ponticas
3202 3380 3254 3433 in
3284 3379 3511 3432 transitu

1953 3488 2136 3536 naves,
2161 3488 2278 3540 qua
2311 3474 2552 3540 captivos
2571 3473 2856 3537 vehebant,
2881 3473 3074 3534 adorti,
3107 3487 3173 3525 ne
3205 3472 3513 3525 resistentes

1950 3566 2163 3634 quidem
2207 3567 2337 3632 (non
2382 3565 2524 3620 enim
2574 3575 2658 3620 sal
2706 3566 2899 3617 virium
2937 3563 3074 3633 erat)
3110 3565 3161 3618 in
3197 3563 3382 3617 urbem
3423 3565 3513 3615 de-

1950 3662 2169 3714 duxere.
2202 3656 2265 3712 Et
2284 3672 2425 3713 nunc
2452 3657 2666 3727 quidem
2691 3657 2838 3727 large
2864 3656 3021 3713 rebus
3045 3657 3362 3712 necessariis
3385 3671 3513 3721 snp-

1950 3751 2204 3819 peditatis
2269 3749 2514 3806 reficiunt
2545 3749 2766 3805 Chiotas
2800 3769 2812 3804 :
2844 3752 3183 3819 postmodum
3226 3764 3372 3812 vero,
3404 3752 3513 3804 esi-

1956 3840 2083 3897 miis
2109 3843 2330 3896 aifectos
2356 3840 2668 3896 muneribus
2685 3876 2704 3906 ,
2732 3838 2787 3894 in
2814 3842 3043 3910 patriam
3074 3839 3378 3895 restituunt.

509 4125 638 4181 Car.
678 4125 918 4180 XXXVI.
953 4157 999 4168 —
1061 4126 1298 4181 Valerius
1322 4126 1566 4193 Flaccus,
1607 4144 1872 4181 successor
1897 4124 2081 4196 Sylla,
2123 4122 2415 4174 trucidatur
2434 4135 2467 4173 α
2489 4116 2729 4173 Fimbria
2751 4119 3009 4189 Itttjusquc
3035 4136 3319 4174 successus.

369 4253 433 4305 Ἦ
460 4254 515 4306 δὲ
548 4251 845 4321 σύγκλητος
879 4252 1127 4305 Φλάκκον
1150 4251 1442 4319 Οὐαλέριον
1468 4253 1562 4304 καὶ
1588 4252 1858 4322 Φιμϐρίαν

2035 4245 2147 4301 Sub
2172 4261 2234 4299 ea
2271 4244 2453 4297 Roma:
2482 4253 2702 4297 senatus
2733 4240 2948 4294 Valerio
2979 4240 3171 4294 Flacco
3194 4252 3246 4293 et
3273 4238 3519 4294 Fimbria:

284 4345 495 4410 πέμπει
529 4344 781 4412 πολεμεῖν
820 4344 1148 4415 Μιθριδάτῃ,
1184 4344 1516 4413 ἐπιτρέψασα
1556 4345 1650 4395 καὶ
1681 4343 1857 4412 Σύλλᾳ

1854 4382 1857 4391 .
1962 4337 2157 4389 bellum
2185 4334 2599 4388 Mithridaticum
2628 4331 2916 4386 committit
2946 4347 2961 4383 :
2993 4347 3113 4384 cum
3144 4333 3427 4394 mandatis,
3461 4344 3516 4383 ttt

284 4436 688 4504 συλλαμϐάνειν
740 4434 818 4505 τῷ
870 4436 1163 4505 πολέμῳ⁶,
1220 4438 1380 4505 ὃμοια
1446 4434 1729 4505 φρονοῦντι
1787 4438 1854 4505 τῇ

1962 4428 2194 4496 Syllum,
2236 4428 2278 4481 si
2325 4438 2507 4496 partes
2545 4436 2769 4479 senatus
2814 4434 3048 4487 tueatur,
3098 4422 3392 4491 adjuveut;
3436 4426 3518 4476 sin

284 4528 610 4596 συγκλήτῳ·
643 4528 768 4579 είδέ
802 4529 897 4596 μὴ,
920 4527 1020 4595 τὴν
1054 4528 1191 4597 πρὸς
1232 4528 1393 4580 αὐτὸν
1428 4528 1692 4597 πρότερον
1726 4544 1854 4579 συν-

1963 4522 2161 4583 minus,
2192 4534 2313 4573 cum
2344 4519 2457 4587 ipso
2492 4518 2640 4585 prius
2686 4531 2875 4570 manus
2899 4525 3205 4569 conserant.
3240 4516 3328 4568 llle
3361 4517 3522 4581 igitur

283 4619 421 4685 άψαι
470 4616 668 4686 μάχην.
727 4610 896 4678 Οὗτος
931 4617 1050 4670 κατ’
1092 4618 1266 4686 ἀρχὰς
1296 4618 1394 4687 μὲν
1431 4618 1702 4676 ποικίλαις
1726 4619 1860 4669 ἐπά-

1857 4648 1860 4656 ›
1964 4613 2127 4665 variis
2165 4613 2316 4665 initio
2349 4609 2744 4665 colluctabatttr
2782 4609 2947 4663 sortis
2992 4609 3232 4663 adversa:
3286 4610 3519 4662 CilStlillS.

284 4708 405 4759 λαιε
436 4707 739 4773 συμφοραῖς
771 4705 950 4774 (λιμόν
978 4721 1035 4757 τε
1065 4706 1173 4775 γὰρ
1202 4708 1293 4756 καὶ
1313 4707 1381 4757 τά
1416 4704 1523 4758 ἀπὸ
1549 4706 1646 4774 τῆς
1678 4705 1856 4775 μάχης
1891 4719 1932 4771 ι)

1891 4719 1932 4771 ι)
1963 4702 2093 4755 Nam
2118 4713 2172 4754 et
2201 4703 2394 4756 famem
2438 4712 2493 4756 et
2533 4701 2720 4754 Martis
2756 4700 3096 4768 iniquitatem
3123 4700 3379 4753 sustinuit
3418 4718 3430 4753 :
3469 4700 3520 4752 in

284 4796 606 4864 πταίσματα
637 4795 827 4863 ἔσχε),
857 4795 1186 4866 κατώρθωσε
1219 4796 1401 4865 μέντοι
1430 4797 1499 4848 τὰ
1530 4797 1698 4848 πλείω
1721 4813 1735 4826 ·
1770 4798 1858 4849 δια

1836 4798 1858 4848 it
1962 4795 2232 4863 plerisque
2270 4804 2445 4847 tamen
2493 4809 2752 4863 prospero
2792 4795 3022 4848 fortunae
3069 4808 3323 4847 successu
3372 4809 3498 4845 usus

284 4891 343 4943 δὲ
382 4889 689 4950 Βυζαντίων
719 4890 814 4940 ἐπὶ
842 4887 1092 4939 Βιθυνίαν
1130 4887 1436 4951 διαϐαλὼν,
1478 4888 1731 4940 κάκεῖθεν
1769 4890 1858 4940 ἐπὶ

1962 4887 2168 4954 Perque
2208 4885 2623 4956 Byzantinoruut
2668 4886 2803 4940 ﬁnes
2850 4888 2900 4939 itt
2946 4886 3245 4956 Bithyniam
3276 4900 3525 4954 progres-

286 4981 543 5041 Νίκαιαν,
582 4980 679 5048 τῆς
726 4978 952 5048 πορείας
983 4977 1135 5046 ἔστη.
1178 4978 1450 5041 Ὡσαύτως
1498 4980 1555 5031 δὲ
1590 4980 1683 5031 καὶ
1726 4981 1859 5048 Φιμ-

1858 5011 1859 5016 η
1963 4993 2077 5041 sus,
2138 4987 2188 5031 et
2235 4979 2355 5031 inde
2394 4976 2629 5031 Nicaeam
2685 4993 2896 5041 versus,
2947 4981 3143 5030 stativa
3195 4977 3399 5030 habuit.
3457 4979 3520 5027 At

289 5071 451 5141 ϐρίας
488 5071 603 5138 ἅμα
633 5072 747 5131 τοῖς
796 5072 894 5122 σὺν
929 5069 1077 5138 αύτῷ
1104 5069 1487 5138 διεπεραιώθη.
1516 5069 1767 5121 Φλάκκου
1804 5070 1860 5121 δὲ

1965 5065 2257 5129 Flaccum,
2296 5069 2422 5121 dum
2474 5069 2691 5135 indigne
2738 5066 2841 5120 fert
2886 5069 2951 5120 ab
2986 5069 3227 5121 exercitu
3276 5066 3526 5119 Fintbrize

286 5160 732 5229 δυσχεραίνοντος
765 5160 846 5212 ὅτι
885 5158 1155 5229 Φιμϐρίαν
1194 5159 1393 5228 μᾶλλον
1414 5200 1429 5221 ,
1463 5160 1555 5212 ᾶτε
1585 5159 1648 5228 δὴ
1680 5161 1863 5228 φιλαν-

1967 5158 2084 5225 plns
2133 5158 2296 5213 favori
2326 5199 2341 5221 ,
2401 5160 2795 5228 imperiumque
2836 5159 2981 5228 ejus,
3018 5170 3198 5225 utpote
3246 5161 3425 5212 mitius
3474 5169 3526 5210 et

288 5251 525 5323 θρώπως
566 5252 834 5322 ἄρχοντα,
890 5251 950 5303 τὸ
998 5251 1197 5320 πλῆθος
1234 5250 1477 5322 [ἄρχειν]
1509 5252 1721 5317 ἠγάπα,
1772 5252 1865 5302 καὶ

1861 5290 1865 5301 ,
1970 5254 2275 5315 humanius,
2310 5251 2574 5320 pra-ferri,
2618 5255 2845 5320 Ideoque
2888 5261 2943 5305 et
2987 5253 3157 5319 ipsum
3198 5263 3252 5304 et
3300 5251 3523 5303 militum

289 5344 791 5413 διαλοιδορουμένου
824 5342 971 5412 αύτῷ
1008 5361 1068 5394 τε
1104 5344 1196 5395 καὶ
1224 5343 1334 5393 τῶν
1367 5342 1713 5410 στρατιωτῶν
1754 5345 1867 5406 τοῖς

1864 5360 1867 5395 τ
1970 5344 2261 5398 nobiliores
2294 5346 2638 5404 Criminatur,
2674 5346 2779 5395 tlttu
2816 5359 2923 5411 pne
2953 5344 3073 5397 aliis
3100 5345 3176 5393 ira
3215 5342 3526 5395 inﬂammati

290 5435 765 5502 ἐπιφανεστέρας,
798 5432 890 5485 δύο
922 5434 1029 5485 τῶν
1055 5432 1229 5485 ἄλλων
1276 5433 1436 5484 πλέον
1460 5432 1536 5493 είς
1583 5433 1754 5503 ὀργὴν
1781 5430 1867 5498 ἰξ-

1865 5464 1867 5471 -
1969 5438 2257 5490 trucitlattt.
2305 5437 2419 5501 Quo
2450 5438 2663 5491 nomine
2694 5447 2913 5489 senatus
2945 5435 3193 5490 Fimbria:
3224 5436 3380 5489 irasci
3410 5437 3527 5504 qui-

288 5526 552 5595 αφθέντες
574 5526 1008 5591 ἀποσφάττουσιν
1033 5526 1214 5579 αὐτόν.
1248 5523 1346 5593 Ἑφ
1395 5518 1475 5589 οἷς
1498 5525 1536 5595 ὴ
1566 5524 1867 5596 σύγκλητος

1864 5545 1867 5553 ν
1972 5530 2116 5591 dem,
2153 5532 2245 5583 sed
2283 5538 2458 5583 tamen
2501 5530 2836 5583 dissimulata
2880 5530 3246 5599 indignatione
3280 5530 3526 5583 Consula-

1557 5638 1794 5693 VAIllAS
1822 5639 2221 5695 uacuum-.3.

399 5726 415 5802 ξ
450 5724 735 5777 κτισθέντα
765 5744 825 5789 ς.
880 5728 923 5802 _’
952 5727 1011 5802 ῖδ
1042 5729 1355 5802 στράτευμα
1388 5750 1447 5796 ς’.
1526 5735 1544 5764 ³
1580 5735 1775 5799 πλῆθος
1820 5735 1880 5786 Α.
1919 5734 1979 5783 τὸ
2030 5735 2210 5787 πλεῖον
2241 5753 2300 5797 ς.

399 5732 415 5755 ¹
450 5732 735 5777 κτισθέντα
765 5744 825 5789 ς.
902 5732 923 5758 ¹
952 5732 1011 5779 τὸ
1042 5732 1355 5802 στράτευμα
1388 5750 1447 5796 ς’.
1526 5735 1544 5764 ³
1580 5735 1775 5799 πλῆθος
1820 5735 1880 5786 Α.
1919 5734 1979 5783 τὸ
2030 5735 2210 5787 πλεῖον
2241 5753 2300 5797 ς.
2415 5735 2435 5763 ⁵
2469 5736 2769 5787 λουκίνσιον
2823 5734 3088 5803 ὀρτίνσιον
3141 5734 3204 5787 Α.
3268 5732 3533 5786 λουϐίσιιιν

302 5797 527 5853 ipsiatov
562 5813 622 5853 ς.
682 5799 916 5853 corruit
959 5797 1216 5853 SCuliuer.
1296 5806 1313 5833 ’⁵
1351 5803 1580 5853 ιικάὺὁλξ
1613 5810 1691 5853 Ᾱξ
1728 5804 1986 5853 υκυιίαἶλϊ
2023 5821 2083 5853 τ’.
2162 5806 2181 5835 ⁸
2215 5806 2303 5853 τοῦ
2347 5806 2577 5853 πολέμου
2618 5806 2937 5853 Sclu'fcrus.

289 5812 527 5862 ορτισιον
562 5813 622 5860 ς.
682 5809 916 5853 corrc-att
959 5809 1216 5868 δςιιιικυιο.
1244 5860 1255 5875 ε

1350 5803 1580 5867 μωᾶδλς
1613 5810 1691 5857 .t:
1727 5804 1986 5869 11.334413};
2023 5821 2083 5868 ς.
2162 5806 2181 5835 ⁸
2215 5806 2303 5857 τοῦ
2347 5806 2577 5870 πολέμου
2618 5806 2937 5861 Scha'l'erus.
