4208 6448
726 377 828 441 895
1876 366 2141 431 ΡΗΟΤΙΙ
2177 363 2684 429 PATRIARCH/E
2725 363 2837 425 (ΖΡ.
3878 362 3985 427 896

1128 484 1256 538 CAP.
1312 480 1475 537 XVII.
1522 513 1593 524 —
1623 480 2045 534 lleracliemium
2110 494 2230 531 cum
2294 476 2579 529 Nicomede
2629 476 2875 526 tsocietas
2912 483 2960 526 et
3016 474 3219 526 urbium
3254 474 3593 539 recuperatio.

800 602 910 657 llac
927 604 990 656 de
1022 614 1205 664 causa,
1236 598 1501 651 Antiocho
1537 597 1589 650 in
1619 596 1880 665 Bithynos
1907 595 2304 663 expeditionem
2337 601 2381 653 Α

2482 589 2580 640 Διά
2625 589 2799 642 ταῦτα
2829 590 2891 656 δὴ
2927 588 3345 656 ἐπιστρατεύειν
3376 587 3673 654 ἐγνωκότος
3709 588 3982 659 Ἀντιόχου

730 697 1066 753 ἱῑιειὶιιιεηιθ,
1108 706 1200 744 rex
1230 690 1418 743 horum
1440 689 1757 743 Nicomedes
1785 703 1878 754 per
1906 686 2107 754 legatos
2126 686 2301 739 Sllbsi-

732 789 876 839 dium
908 789 972 838 ab
1006 783 1444 837 lleracliensibus
1485 782 1620 847 petit
1667 790 1723 834 et
1762 781 2041 849 impetrat:
2070 779 2297 846 gratiam

732 894 787 930 se
817 878 1129 937 relaturum,
1163 874 1251 927 ubi
1288 874 1339 927 in
1374 874 1533 927 simili
1577 871 1903 925 necessitate
1940 879 2154 938 tempus
2206 869 2301 922 lla-

737 970 886 1035 gitct,
929 967 1219 1034 pollicitus.
1272 964 1383 1019 llae
1419 963 1707 1017 occasione
1728 962 1968 1023 Cierum,
2016 972 2071 1014 et
2120 958 2300 1025 Tium,

734 1068 787 1112 et
831 1058 1108 1111 Thinidem
1145 1066 1365 1119 terram,
1398 1055 1582 1107 multis
1612 1056 1865 1122 expensis
1904 1052 1967 1105 ad
2032 1066 2091 1105 se
2142 1050 2303 1103 redu-

737 1156 951 1201 xerunt.
993 1147 1265 1199 Amastrin
1312 1145 1518 1198 interea
1550 1147 1693 1212 (qua:
1740 1153 1793 1197 et
1834 1144 1945 1211 ipsa
2005 1156 2127 1195 cum
2187 1141 2306 1194 aliis

737 1240 984 1307 adempta
1020 1238 1217 1303 fuerat)
1255 1246 1366 1290 tam
1398 1238 1536 1290 bello
1579 1252 1739 1303 quam
1771 1238 1946 1304 pretio
1982 1249 2304 1303 recuperare

738 1333 860 1385 dum
891 1330 1232 1399 percupiunt,
1270 1343 1521 1383 successu
1547 1337 1735 1384 carent
1785 1328 1938 1381 felice
1969 1344 1982 1386 :
2022 1335 2303 1396 propterea

738 1423 879 1490 quod
920 1423 1009 1491 qui
1041 1421 1183 1474 illam
1220 1422 1438 1475 tenebat
1499 1422 1787 1485 Eumenes,
1822 1420 2174 1483 Ariobazani,
2209 1418 2307 1471 Mi-

740 1513 992 1565 thridatis
1020 1512 1145 1574 lilio,
1196 1512 1363 1580 gratis
1420 1527 1537 1565 eam
1587 1512 1827 1574 tradere,
1861 1526 2021 1579 quam
2079 1510 2304 1579 pecunia

740 1606 1034 1659 reveudere
1071 1604 1508 1659 lleraeliensibus
1530 1604 1734 1669 mallet,
1766 1606 1985 1657 vesania
2037 1602 2131 1657 ira:
2178 1604 2306 1658 sub-

740 1705 913 1748 actus.

2406 684 2549 735 κατὰ
2575 680 2836 742 Βιθυνῶν,
2862 683 2889 732 6
2915 680 3119 733 τούτων
3143 679 3396 748 βασιλεὺς
3418 678 3734 748 Νικομήδης
3759 680 3984 749 διαπρε-

2408 774 2660 827 σϐεύεται
2714 773 2850 843 πρὸς
2919 772 3248 840 Ἡράκλειαν
3303 772 3619 840 συμμαχίαν
3651 773 3840 836 αἰτῶν,
3889 774 3986 823 καὶ

2405 867 2664 936 τυγχάνει
2687 867 2783 935 τῆς
2809 866 3063 933 σπουδῆς,
3095 868 3151 917 ὲν
3179 865 3388 935 ὁμοίοις
3410 868 3622 935 καιροῖς
3648 866 3742 917 καὶ
3772 866 3984 933 χρείαις

2406 957 2504 1028 τὴν
2534 958 2769 1027 ἀμοιόὴν
2803 957 3189 1027 ὑποσχόμενος.
3252 958 3341 1009 Ἐν
3371 958 3546 1025 τούτῳ
3572 958 3629 1007 δὲ
3671 957 3985 1025 Ἡρακλεῶ-

2406 1069 2496 1103 ται
2524 1053 2627 1121 τήν
2668 1069 2725 1103 τε
2764 1051 2962 1120 Κίερον
2992 1050 3086 1102 καὶ
3112 1049 3209 1119 τήν
3237 1051 3361 1101 Τίον
3397 1048 3741 1101 ἀνεσώσαντο
3767 1050 3859 1100 καὶ
3888 1050 3987 1115 τὴν

2406 1144 2603 1197 Θυνίδα
2640 1146 2762 1213 γῆν,
2810 1144 2938 1214 [7‘20
2977 1143 3067 1214 IL]
3104 1143 3276 1196 πολλά
3322 1142 3429 1195 τῶν
3474 1142 3771 1212 χρημάτων
3814 1142 3988 1193 δαπα-

2408 1238 2691 1305 νήσαντες·
2724 1236 2822 1306 τήν
2852 1236 2908 1287 δὲ
2938 1236 3244 1304 ’Ἄμαστριν
3277 1229 3377 1304 (ἦν
3410 1232 3519 1304 γάρ
3553 1234 3647 1286 καὶ
3678 1232 3813 1301 αὑτὴ
3852 1232 3990 1301 μετά

2408 1328 2516 1379 τῶν
2563 1327 2739 1379 ἄλλων
2785 1327 3158 1397 ἀφῃρημένη)
3208 1326 3302 1380 καὶ
3348 1326 3568 1396 πολέμῳ
3603 1325 3696 1379 καὶ
3742 1326 3991 1394 χρήμασι

2414 1418 2773 1488 βουληθέντες
2799 1418 2937 1479 τέως
2968 1419 3255 1471 ἀναλαϐεῖν
3290 1418 3462 1488 αὐτὴν
3492 1420 3553 1470 οὐ
3592 1416 3989 1486 κατώρθωσαν,

2411 1512 2507 1563 τού
2548 1511 2873 1579 κατέχοντος
2920 1512 3090 1581 αὐτὴν
3135 1512 3412 1580 Εὐμένους
3468 1511 3865 1580 Ἀριοϐαρζάνῃ
3913 1508 3993 1579 τῷ

2412 1602 2745 1670 Μιθριδάτου
2769 1603 2919 1655 παιδὶ
2942 1605 3147 1673 προῖκα
3174 1603 3374 1671 μᾶλλον
3400 1601 3734 1671 παραδοῦναι
3765 1600 3991 1668 ταύτην.

2413 1696 2445 1763 ἢ
2498 1696 2799 1766 παρέχουσι
2846 1697 3106 1765 χρήματα
3151 1697 3265 1758 τοῖς
3321 1693 3728 1765 Ἡρακλεώταις
3755 1732 3770 1755 ,
3805 1693 3894 1744 δια
3936 1691 3998 1743 τὸ

2411 1786 2511 1856 τῆς
2540 1788 2709 1858 ὀργῆς
2738 1787 3072 1857 ὑπαχθέντος
3098 1787 3405 1855 ἀλόγιστον.

1312 1894 1441 1948 Car.
1484 1893 1670 1948 XVIII.
1698 1923 1766 1933 —
1806 1892 2228 1949 Ilerarliemium
2259 1913 2374 1949 cum
2400 1896 2597 1966 Zipccta
2631 1901 2842 1969 bellum,
2864 1902 3039 1955 clades
3069 1912 3115 1957 et
3147 1904 3385 1957 victoria.

803 2016 1143 2086 Subjtempus
1170 2016 1322 2078 illud,
1342 2015 1540 2069 bellum
1564 2014 1821 2069 adversus
1852 2013 2096 2084 Zipmten
2120 2014 2310 2085 Bitby-
2343 2025 2386 2079 Β

746 2126 896 2173 num,
919 2111 1007 2177 qui
1039 2109 1373 2178 'I‘byniacam
1404 2123 1524 2161 cum
1568 2108 1797 2174 imperio
1846 2106 2137 2161 Thraciam
2170 2107 2312 2161 obti-

2502 2017 2638 2070 Ὑπὸ
2662 2018 2718 2071 δὲ
2745 2019 2869 2082 τοὺς
2899 2019 3098 2083 αὐτοὺς
3121 2020 3346 2090 χρόνους
3369 2020 3646 2089 ἐκδέχεται
3670 2022 3797 2081 τοὺς
3827 2018 3998 2089 Ἦρα-

750 2203 933 2264 nebat,
964 2200 1335 2255 lleraclieuses
1372 2202 1603 2269 excepit.
1651 2198 1776 2264 Quo
1832 2199 1884 2253 in
1944 2198 2084 2253 bello
2148 2197 2314 2251 llera-

752 2296 1046 2349 cleotarnm
1088 2294 1221 2347 bona
1244 2308 1387 2361 pars,
1420 2291 1635 2346 fortiter
1668 2291 1992 2356 dimicando,
2024 2306 2163 2344 caesa
2194 2290 2313 2344 fuit.

752 2387 818 2441 Et
852 2387 1073 2440 victoria
1108 2387 1321 2454 quidem
1355 2400 1561 2439 summa
1591 2386 1639 2437 vi
1695 2385 1895 2452 potitur
1932 2383 2164 2451 Zipmtes
2186 2399 2200 2438 :
2225 2384 2318 2438 sed

752 2481 840 2533 ubi
883 2480 1151 2532 sociorum
1219 2478 1415 2532 auxilia
1472 2486 1902 2545 supervenerant
1964 2476 2317 2544 lleracleotis,

758 2573 879 2639 l‘aga
902 2574 1045 2624 illam
1067 2571 1407 2624 deboaestat.
1438 2571 1577 2639 Ergo
1608 2572 1694 2639 qui
1719 2572 1874 2623 modo
1904 2569 2320 2633 succubuerant,

758 2666 1018 2717 cadavera
1085 2680 1304 2717 suorqu
1357 2674 1625 2725 asserunt,
1676 2674 1728 2715 et
1776 2670 2019 2717 cremant
2084 2676 2319 2714 secure:

758 2755 1019 2807 etexinde
1045 2757 1142 2806 sub
1177 2754 1460 2806 arbitriqu
1491 2769 1644 2805 suum
1682 2753 1952 2820 redigunt,
2015 2751 2085 2805 de
2122 2752 2321 2819 quibus

759 2849 899 2902 bello
926 2847 1347 2914 disceptabatur,
1380 2854 1433 2898 et
1490 2860 1611 2898 ossa
1686 2845 2091 2897 interfectorum
2130 2844 2184 2895 in
2227 2857 2320 2894 ur-

761 2941 879 2991 bem
921 2940 1107 3001 relata,
1143 2937 1429 3005 magniﬁce
1482 2939 1534 2989 in
1572 2938 1825 3003 prmclare
1886 2937 2202 2991 meritorum
2258 2934 2325 2987 de

764 3033 935 3099 patria
975 3039 1321 3084 monumento
1356 3028 1685 3081 conducunt.

2420 2108 2662 2172 κλεώτας
2702 2111 2730 2161 ὁ
2778 2110 2915 2178 πρὸς
2947 2111 3205 2181 Ζιποίτην
3239 2112 3331 2165 τὸν
3367 2111 3588 2164 Βιθυνὸν
3636 2110 3870 2179 πόλεμος
3893 2152 3908 2175 ,
3941 2110 4003 2172 ὃς

2419 2202 2519 2269 τῆς
2546 2201 2819 2271 Θυνιακῆς
2848 2202 3056 2272 ἐπῆρχε
3087 2202 3333 2273 Θρᾴκης.
3373 2204 3463 2255 Ἐν
3492 2196 3536 2270 ᾧ
3562 2202 3783 2272 πολέμῳ
3815 2200 4004 2254 πολλοὶ

2421 2294 2529 2344 τῶν
2567 2293 2963 2362 Ἡρακλεωτῶν
2987 2294 3254 2361 γενναίως
3278 2294 3664 2364 ἀνδρισάμενοι
3690 2294 4007 2363 κατεκόπη-

2427 2405 2544 2449 σαν,
2587 2388 2679 2439 καὶ
2708 2389 2833 2457 νικᾷ
2862 2388 2961 2457 μὲν
3002 2388 3143 2440 κατά
3170 2389 3214 2418 “
3258 2389 3458 2457 κράτος
3480 2389 3507 2440 6
3539 2388 3797 2456 Ζιποίτης
3817 2426 3832 2451 ,
3864 2404 4007 2456 συμ-

2427 2482 2651 2551 μαχίδος
2676 2482 2732 2533 δὲ
2755 2480 3038 2550 δυνάμεως
3071 2484 3182 2544 τοῖς
3212 2480 3616 2551 Ἡρακλεώταις
3646 2480 4006 2550 ἐπελθούσης,

2424 2576 2567 2642 φυγῇ
2600 2572 2699 2642 τὴν
2729 2571 2885 2640 νίκην
2917 2574 3296 2641 καταισχύνει.
3342 2574 3406 2624 Ol
3438 2573 3496 2624 δὲ
3543 2573 3836 2641 ἡττημένοι
3877 2573 4009 2633 τοὺς

2425 2665 2725 2735 σφετέρους
2766 2665 2995 2735 νεκροὺς
3033 2665 3207 2727 ἀδεῶς
3237 2665 3597 2723 ἀναλαὸόντες
3632 2667 3727 2716 καὶ
3767 2666 4006 2717 καύσαν-

2425 2777 2537 2823 τες,
2562 2756 2684 2814 εἷτα
2708 2759 2801 2812 καὶ
2832 2761 3051 2812 πάντων
3078 2758 3263 2828 κύριοι
3289 2800 3303 2822 ,
3335 2760 3462 2829 περὶ
3497 2753 3571 2811 ὧν
3592 2754 3657 2828 ἦν
3692 2761 3719 2811 6
3744 2759 4004 2825 πόλεμος,

2430 2852 2819 2915 καταστάντες,
2850 2852 2943 2903 καὶ
2983 2850 3053 2902 τὰ
3081 2852 3215 2903 ὀστᾶ
3248 2850 3354 2903 τῶν
3402 2852 3761 2921 ἀνῃρημένων
3802 2852 3975 2902 ἀνακο

2435 2942 2692 3011 μίσαντες
2729 2943 2807 3003 εἰς
2835 2941 2934 3011 τήν
2981 2940 3158 3005 πόλιν,
3205 2942 3481 3009 ἐπιφανῶς
3530 2943 3590 2993 ἐν
3631 2940 3710 3009 τῷ
3740 2940 3850 2994 τῶν
3884 2939 4013 3009 ἀρι-

2439 3032 2609 3085 στέων
2644 3032 2849 3101 ἔθαψαν
2875 3032 3145 3101 μνήματι.

1251 3144 1378 3197 (ΖΜ).
1422 3140 1898 3197 XlX.-—Autiochi
1919 3157 2038 3195 cum
2066 3140 2326 3211 Antigono
2350 3154 2397 3195 et
2428 3142 2714 3197 Nicomede
2746 3143 2932 3197 bellum
2955 3152 3004 3196 et
3042 3142 3261 3195 Heracl.
3296 3141 3518 3195 auxilia.

832 3259 985 3312 Circa
1017 3259 1129 3311 btec
1170 3258 1594 3324 tempora,inter
1648 3257 1969 3310 Antiochum
2029 3256 2243 3310 Seleuci
2270 3266 2325 3311 et

764 3348 1091 3415 Antigonum
1146 3345 1642 3413 Dernetrii,ingens
1703 3355 1946 3398 movetur
1993 3346 2236 3399 bellum:
2272 3356 2327 3399 et

764 3441 891 3491 dum
933 3451 1154 3501 magnos
1191 3435 1448 3500 utrinque
1488 3444 1783 3501 apparatus
1812 3435 2021 3487 faciunt
2048 3435 2099 3487 in
2140 3435 2325 3502 copias

765 3530 1046 3591 militares,
1098 3536 1311 3593 tempus
1348 3527 1481 3578 satis
1524 3526 1738 3594 longum
1762 3529 2115 3580 consumitur.
2158 3526 2325 3581 Alteri

762 3618 1083 3672 Nicomedes
1115 3618 1307 3683 22Ὶὸ
1342 3616 1608 3685 Bithynia:
1646 3633 1737 3669 rex
1794 3632 2011 3684 Operam
2051 3619 2279 3670 navabat
2310 3635 2326 3682 ;

771 3710 1037 3762 Antiocho
1100 3707 1405 3775 complures
1486 3708 1599 3762 alii.
1661 3707 1899 3761 Necdum
1988 3709 2327 3775 eruptionem

770 3801 974 3853 fecerat
1019 3799 1069 3850 in
1128 3798 1454 3865 Antigonum
1492 3798 1814 3857 Antiochus,
1841 3814 1961 3850 cum
2004 3799 2198 3850 bellum
2232 3799 2330 3851 ad-

768 3906 956 3943 versus
981 3890 1323 3943 Nicomedem
1366 3889 1616 3942 instituit.
1656 3888 1752 3943 llic
1807 3890 1968 3957 igitur
2009 3888 2327 3943 Nicomedes

766 3992 820 4034 et
852 3982 1064 4034 aliunde
1088 3981 1285 4033 auxilia
1318 3981 1541 4044 colligit,
1575 3990 1629 4033 et
1657 3982 1721 4033 de
1754 3981 1873 4032 belli
1907 3983 2167 4034 societate
2221 3979 2330 4034 lle-

772 4074 1002 4125 racleam
1060 4072 1241 4123 missis
1291 4072 1499 4137 legatis,
1529 4071 1594 4124 l5
1627 4073 1681 4125 in
1722 4071 2017 4125 subsidium
2077 4075 2328 4127 triremes

770 4163 983 4228 accipit,
1044 4172 1097 4213 et
1152 4172 1259 4213 tum
1302 4161 1515 4213 demum
1590 4160 1821 4214 classem
1867 4176 2017 4213 suam
2069 4164 2326 4215 Antioehi

770 4255 929 4306 classi
969 4254 1209 4320 opponit.
1262 4253 1370 4305 Etsi
1408 4263 1589 4305 autem
1624 4254 1879 4306 adversas
1912 4254 2221 4321 aliquandiu
2258 4265 2329 4307 te-

772 4348 965 4398 nebant
989 4348 1155 4408 acies,
1192 4346 1363 4399 neutri
1400 4357 1579 4399 tamen
1602 4360 1793 4415 pugnae
1842 4348 2053 4399 initium
2095 4347 2323 4411 faciunt,

770 4436 862 4488 sed
895 4436 1095 4503 absque
1112 4434 1301 4488 etlectu
1336 4436 1555 4487 tandem
1598 4434 1951 4488 divelluntur.

2504 3258 2661 3310 Κατά
2705 3257 2761 3309 δὲ
2805 3258 2931 3319 τοὺς
2972 3256 3172 3317 αὐτοὺς
3220 3254 3444 3324 χρόνους
3494 3254 3753 3324 Ἀντιόχῳ
3796 3252 3875 3323 τῷ
3918 3254 4016 3305 Σε-

2433 3351 2627 3403 λεύκου
2653 3351 2744 3403 καὶ
2782 3348 3072 3415 Ἀντιγόνῳ
3100 3346 3178 3415 τῷ
3215 3346 3556 3415 Δημητρίου,
3592 3345 3845 3412 μεγάλων
3882 3346 4015 3397 ἑκα-

2436 3440 2491 3489 τὲ
2502 3439 2669 3507 ρωθεν
2683 3436 3104 3506 στρατευμάτων
3121 3434 3765 3503 ἀντιπαραταττομένων,
3786 3434 3992 3486 κινεῖτα
4004 3473 4017 3485 .

2434 3533 2463 3583 6
2494 3530 2747 3599 πόλεμος,
2777 3532 2871 3581 καὶ
2898 3528 3092 3596 χρόνον
3126 3525 3319 3597 συχνὸν
3362 3526 3679 3595 κατέτριψε·
3720 3527 4018 3595 συνεμάχει

2435 3624 2491 3674 δὲ
2515 3623 2593 3691 τῷ
2626 3622 2723 3691 μὲν
2752 3623 2779 3673 6
2804 3622 2903 3689 τῆς
2939 3619 3192 3680 Βιθυνίας
3222 3618 3474 3687 βασιλεὺς
3499 3618 3814 3687 Νικομήδης
3837 3658 3852 3681 ,
3898 3619 4018 3670 Ἀν-

2435 3716 2598 3784 τιόχῳ
2622 3714 2679 3765 δὲ
2698 3711 2881 3765 πολλοὶ
2905 3713 3102 3780 ἕτεροι.
3138 3710 3302 3763 Οὔπω
3322 3711 3378 3763 δὲ
3411 3712 3710 3781 συρῤαγεὶς
3740 3710 4015 3779 Ἀντίοχος

2447 3806 2736 3873 Ἀντιγόνῳ
2766 3804 2858 3856 τὸν
2882 3802 3017 3871 πρὸς
3037 3802 3354 3873 Νικομήδην
3380 3800 3679 3871 χειρίζεται
3701 3800 3956 3869 πόλεμον·
3990 3801 4019 3851 6

2435 3898 2492 3949 δὲ
2521 3895 2839 3965 Νικομήδης
2879 3893 3176 3962 ἀλλαχόθεν
3206 3909 3266 3944 τε
3307 3892 3563 3961 δυνάμεις
3591 3891 3833 3961 ἀθροίζει
3858 3931 3873 3954 ,
3924 3890 4018 3942 καὶ

2434 3987 2746 4055 συμμαχεῖν
2816 3984 2954 4055 πρὸς
3001 3980 3388 4053 Ἡρακλεώτας
3450 3981 4022 4051 διαπρεσόευσάμενος

2430 4078 2677 4147 τριήρεις
2706 4075 2775 4143 ιγ’
2806 4074 2935 4146 [574
2964 4072 3057 4146 H.]
3085 4074 3408 4143 συμμάχους
3443 4072 3733 4141 λαμὸάνει,
3782 4072 3878 4124 καὶ
3906 4071 4019 4122 λοι-

2432 4168 2532 4220 πὸν
2568 4167 3016 4221 ὰντικαθίσταται
3066 4165 3146 4233 τῷ
3193 4164 3289 4215 τοῦ
3329 4164 3604 4233 Ἀντιόχου
3663 4162 3853 4231 στόλῳ.
3900 4163 4023 4214 Ἐπὶ

2432 4262 2622 4330 χρόνον
2664 4259 2720 4311 δέ
2748 4276 2870 4310 τινα
2913 4254 3413 4316 άντικαταστάντες
3440 4254 3711 4322 ἀλλήλοις,
3746 4253 4021 4324 οὐδέτεροι

2436 4352 2617 4421 μάχης
2645 4348 2837 4422 ἦρξαν,
2867 4348 2981 4402 ἀλλ’
3014 4348 3289 4417 ἄπρακτοι
3317 4347 3363 4378 ⁶²
3396 4345 3739 4415 διελύθησαν.

1463 4550 1589 4604 CAP.
1624 4550 1740 4603 ΧΧ.
1764 4582 1832 4590 -
1858 4550 2129 4606 Gallorum
2155 4556 2210 4607 in
2236 4554 2414 4607 Asiam
2439 4551 2851 4619 transmigratio,
2882 4560 2928 4603 et
2957 4550 3100 4603 sedes
3132 4548 3404 4600 distincta.

843 4660 1132 4725 l'ostquam
1161 4674 1287 4712 vero
1316 4658 1449 4712 Galli
1476 4661 1541 4713 ad
1594 4660 1912 4730 Byzantium
1938 4663 2118 4727 delati,
2156 4664 2332 4717 maxi.
2364 4667 2407 4721 D

774 4768 914 4805 mam
946 4751 1162 4803 ditionis
1193 4762 1399 4818 partem
1454 4752 1935 4819 depopularentur,
1998 4755 2151 4807 fracti
2195 4756 2335 4809 bello

773 4842 1075 4908 Byzantini,
1122 4842 1416 4905 sociorum,
1452 4843 1555 4895 huc
1590 4844 1715 4895 illnc
1750 4845 2104 4908 missilautes,
2138 4847 2335 4900 auxilia

776 4934 1089 4999 implorant,
1113 4942 1165 4985 et
1196 4933 1423 5000 quisque
1443 4950 1539 5001 pro
1577 4936 1768 4987 virium
1804 4937 1963 4989 modo
2007 4939 2332 5006 suppeditat.

775 5025 1147 5079 lleraclienses
1177 5027 1335 5078 etiam
1372 5040 1568 5080 aureos
1614 5028 1756 5080 mille
1785 5029 2014 5097 (tantum
2071 5032 2213 5083 enim
2263 5032 2337 5084 le-

776 5119 884 5186 gati
915 5117 1199 5186 petierant)
1228 5118 1656 5171 subministrant.
1709 5119 1816 5173 Nec
1841 5120 2053 5190 longum
2084 5122 2135 5175 iu
2162 5122 2337 5175 medio

776 5212 1028 5278 spatium,
1080 5225 1200 5264 cum
1242 5210 1559 5265 Nicomedes
1599 5211 1766 5266 Gallis
1824 5211 1917 5283 [ιιι.
1984 5213 2210 5285 Calatis]
2250 5216 2337 5282 qni

776 5304 1065 5358 iucursatis
1104 5305 1278 5358 adhuc
1340 5304 1759 5375 Byzantinorum
1826 5306 2040 5370 linibns,
2119 5308 2334 5361 tametsi

785 5413 1157 5465 saepenumero
1188 5397 1241 5449 in
1292 5398 1475 5451 Asiam
1532 5398 1784 5464 trajicere
1814 5401 2015 5466 conati,
2066 5402 2223 5455 toties
2276 5401 2343 5454 ab

782 5490 993 5557 incepto
1012 5490 1293 5553 desistere,
1327 5492 1740 5545 adversantibus
1806 5492 2136 5561 Byzantinis.
2168 5494 2339 5547 coacti

785 5591 983 5646 essent,
1012 5582 1175 5636 certis
1203 5592 1380 5635 tamen
1435 5582 1841 5635 conditionibus
1879 5583 2166 5636 transitum
2219 5597 2339 5634 con-

2520 4663 2671 4715 Ἐπεὶ
2699 4662 2754 4713 δὲ
2786 4661 3019 4713 Γαλάται
3044 4659 3181 4730 πρὸς
3213 4660 3274 4711 τὸ
3299 4658 3594 4722 Βυζάντιον
3630 4652 3764 4724 ἧκον
3799 4656 3894 4708 καὶ
3922 4657 4023 4724 τὴν

2444 4755 2703 4825 πλείστην
2734 4754 2903 4823 αὐτῆς
2936 4753 3199 4823 ἐδῄωσαν,
3234 4751 3310 4820 τῷ
3344 4751 3568 4818 πολέμῳ
3593 4748 4024 4809 ταπεινωθέντες

2442 4849 2491 4901 οἱ
2554 4851 2611 4900 ἐν
2672 4846 2948 4915 Βυζαντίῳ
3002 4846 3279 4914 πέμπουσι
3332 4843 3465 4913 πρὸς
3522 4845 3647 4903 τοὺς
3704 4842 4025 4910 συμμάχους

2440 4941 2681 5011 δεόμενοι
2706 4939 2993 5006 ὡφελείας.
3026 4938 3135 4989 Καὶ
3171 4937 3443 5007 παρέσχον
3474 4935 3571 5003 μὲν
3614 4935 3817 4996 πάντες
3848 4935 3921 4996 ὡς
3946 4929 4021 4985 εἷ-

2444 5050 2536 5102 χον
2572 5034 2751 5100 ἰσχύος
2777 5074 2791 5095 ,
2826 5031 3098 5099 παρέσχον
3126 5029 3180 5080 δὲ
3214 5029 3307 5080 καὶ
3330 5029 3379 5080 οἱ
3408 5029 3504 5095 τῆς
3541 5027 3864 5095 Ἡρακλείας
3900 5029 4021 5091 (το-

2445 5126 2637 5177 σοῦτον
2685 5122 2793 5194 γάρ
2833 5124 2865 5190 ἡ
2914 5120 3181 5191 πρεσϐεία
3218 5120 3356 5188 ᾔτει)
3410 5117 3643 5187 χρυσοῦς
3676 5134 4021 5187 τετρακισχιο

2444 5216 2612 5277 λίους.
2654 5214 2785 5267 Μετ’
2831 5214 2890 5265 ού
2939 5212 3069 5263 πολὺ
3109 5212 3166 5263 δὲ
3216 5210 3532 5278 Νικομήδης
3565 5210 3690 5270 τοὺς
3735 5207 4018 5269 Γαλάτας,

2447 5300 2525 5367 οἷς
2549 5307 2580 5375 ή
2612 5303 2928 5373 καταδρομὴ
2954 5302 3057 5354 τῶν
3086 5300 3391 5365 Βυζαντίων
3416 5299 3726 5366 ἐγεγένητο,
3760 5298 4023 5358 πολλάκις

2451 5397 2551 5465 μὲν
2582 5398 3037 5467 ἐπιχειρήσαντας
3062 5395 3161 5465 τὴν
3202 5394 3387 5447 Ἀσίαν
3411 5392 3807 5462 περαιωθῆναι,
3839 5408 4026 5443 τοσαυ-

2448 5490 2603 5551 τάκις
2636 5488 2693 5539 δὲ
2744 5487 3133 5556 ἀποτυχόντας,
3162 5487 3259 5538 οὐκ
3304 5486 3647 5557 ἀνεχομένων
3700 5482 3796 5554 τήν
3828 5484 4026 5553 πρᾶξιν

2450 5580 2778 5645 Βυζαντίων,
2814 5579 2905 5632 ἐπὶ
2943 5578 3236 5648 συνθήκαις
3289 5579 3441 5645 ὅμως
3483 5575 3894 5647 παρασκευάζει
3927 5590 4026 5627 πε-

2050 5715 2284 5769 νληιΑε
2328 5714 2729 5772 LECTIONES.

860 5810 901 5843 “
936 5812 1071 5867 xa'l
1103 5813 1179 5873 .-\;
1212 5812 1313 5868 avi
1336 5830 1395 5877 τ.

1476 5814 1517 5845 (³
1548 5812 1821 5881 ἄπρακτοι
1854 5812 1896 5865 .\
1930 5831 1940 5866 :
1982 5812 2340 5882 άπεράδεκτοι
2374 5828 2435 5873 ς.
