4208 6448
152 386 257 452 891

1232 374 1762 437 BIBLIOTHECA.
1802 399 1870 410 -
1908 372 2075 435 COD.
2111 375 2414 439 CCXXIV.

3301 378 3410 442 898

147 498 466 571 ραιωθῆναι.
508 496 573 550 Δί
598 496 656 549 δὲ
699 494 986 565 συνθῆκαι,
1019 490 1322 559 Νικομήδει
1355 488 1457 559 μὲν
1485 488 1581 541 καὶ
1608 488 1720 547 τοῖς

1834 485 2047 540 :iliavit.
2075 486 2462 541 Conditionum
2492 485 2727 539 formula
2752 485 2866 540 hate
2887 494 3041 540 erat:
3076 483 3148 541 Ut
3192 487 3406 542 barbari

143 589 389 657 ἐκγόνοις
435 588 523 640 ἀεὶ
554 587 683 655 φίλα
715 588 933 655 φρονεῖν
971 585 1095 644 τοὺς
1125 582 1436 653 βαρϐάρους
1458 620 1474 645 ,
1504 580 1599 633 καί
1625 578 1723 648 τῆς

142 680 369 749 γνώμης
413 677 508 731 τοῦ
560 677 903 746 Νικομήδους
960 674 1131 744 χωρὶς
1179 673 1369 743 μηδενὶ
1415 672 1726 739 συμμαχεῖν

140 774 247 825 τῶν
282 772 418 841 πρὸς
466 771 667 833 αὐτοὺς
702 768 1268 839 διαπρεσϐευομένων,
1302 764 1417 817 ἀλλ’
1449 762 1591 816 εἶναι
1635 761 1724 828 φί-

142 865 264 925 λους
306 864 404 931 μὲν
432 865 543 924 τοῖς
588 862 785 930 φίλοις,
820 859 1117 929 πολεμίους
1146 859 1202 910 δὲ
1234 860 1347 921 τοῖς
1378 856 1439 908 οὐ
1488 854 1725 923 φιλοῦσι,

144 956 456 1023 συμμαχεῖν
499 952 554 1004 δὲ
603 952 696 1005 καὶ
734 952 1050 1015 Βυζαντίοις
1077 991 1091 1014 ,
1142 949 1195 1002 εἴ
1232 966 1333 1001 που
1382 948 1599 1017 δεήσοι,
1636 946 1728 999 καὶ

142 1047 359 1107 Τιανοῖς
386 1045 445 1097 δὲ
477 1046 571 1098 καὶ
611 1044 1022 1113 Ἡρακλεώταις
1054 1043 1147 1095 καὶ
1196 1040 1586 1110 Καλχηδονίοις
1636 1039 1729 1091 καὶ

144 1138 437 1205 Κιερανοῖς
474 1138 566 1189 καί
605 1154 745 1188 τισιν
779 1137 989 1206 ἑτέροις
1036 1135 1207 1188 ἐθνῶν
1250 1135 1535 1203 ἄρχουσιν.
1606 1130 1730 1183 Ἐπὶ

144 1228 369 1289 ταύταις
396 1228 497 1297 μὲν
516 1230 635 1290 ταῖς
661 1228 960 1296 συνθήκαις
990 1225 1310 1295 Νικομήδης
1339 1224 1398 1276 τδ
1430 1222 1731 1274 Γαλατικὸν

149 1319 352 1387 πλῆθος
383 1321 462 1380 εἰς
502 1318 689 1371 Ἀσίαν
710 1317 1035 1380 διαϐιϐάζει·
1059 1312 1133 1370 ὧν
1162 1318 1482 1387 περιφανεῖς
1510 1315 1608 1381 μὲν
1639 1313 1732 1364 ἐπὶ

148 1410 212 1461 τὸ
244 1410 288 1440 ⁸³
321 1409 511 1479 ἄρχειν
547 1409 611 1472 ιζ’
649 1411 740 1461 τὸν
772 1409 1005 1479 ἀριθμὸν
1055 1404 1219 1479 ἦσαν,
1258 1411 1306 1459 οι
1341 1406 1397 1459 δὲ
1428 1408 1518 1458 καὶ
1551 1404 1731 1456 αὐτῶν

150 1500 359 1553 τούτων
414 1502 840 1570 προκεκριμένοι
894 1501 988 1553 καὶ
1042 1501 1328 1569 κορυφαῖοι
1386 1495 1732 1565 Λεωννώριος

151 1594 327 1662 ήστην
371 1592 465 1644 καὶ
499 1592 844 1663 Λουτούριος.

226 1750 366 1822 [721
424 1749 530 1822 IL]
592 1750 739 1821 Αὕτη
810 1745 988 1804 τοίνυν
1052 1751 1161 1804 τῶν
1234 1752 1489 1806 Γαλατῶν
1545 1758 1577 1825 ἠ
1642 1756 1733 1808 ἐπὶ

1826 572 2108 635 Nicomedi
2155 577 2382 647 ejusque
2414 578 2650 646 posteris
2696 587 2960 646 perpetuo
3006 578 3259 632 amicitiae
3316 580 3410 633 toe-

1826 673 1959 727 dere
2003 672 2277 740 conjuncti
2322 682 2630 736 manerent,
2683 673 2886 739 absque
2919 670 3226 726 Nicomedis
3286 686 3409 726 sen-

1829 766 1995 819 tentia
2029 775 2083 820 et
2111 766 2386 819 voluntate
2422 764 2648 827 nemini,
2688 778 2717 815 a
2756 778 2865 832 quo
2892 778 2986 831 per
3021 762 3224 832 legatos
3257 764 3407 817 solli-

1828 857 2153 917 citarentur,
2190 857 2242 909 in
2265 856 2418 909 bellis
2440 870 2593 923 opem
2636 856 2837 907 [errent
2865 872 2875 906 :
2908 854 3000 907 sed
3033 855 3222 908 amicis
3252 854 3407 920 hujus

1828 950 2013 1015 amici,
2039 959 2091 1004 et
2112 950 2347 1003 inimicis
2376 950 2561 1002 hostes
2590 948 2785 1001 forent.
2810 946 2854 999 Α
2900 946 3213 1016 Byzantinis
3244 947 3408 1000 etiam

1830 1050 2065 1105 starent,
2126 1040 2171 1095 si
2228 1056 2332 1110 qua
2383 1039 2684 1094 necessitas
2739 1038 3019 1091 incideret.
3073 1036 3407 1091 Societatem

1831 1142 2098 1200 prmterea
2124 1132 2372 1187 colerent
2402 1147 2523 1185 cum
2553 1131 2740 1185 Tianis
2761 1138 2815 1184 et
2860 1130 3321 1193 Heracliensibus,
3355 1142 3409 1183 et

1837 1223 2238 1286 Chalcedoniis,
2286 1234 2335 1277 et
2390 1222 2664 1285 Gieranis,
2716 1232 2772 1275 et
2825 1222 3097 1275 nonnullis
3129 1223 3219 1290 qui
3276 1221 3411 1275 alias

1833 1317 1932 1369 sub
1978 1317 2361 1385 jurisdictione
2408 1324 2594 1383 gentes
2649 1314 2927 1367 haberent.
2990 1312 3084 1367 llis
3132 1324 3409 1381 pactorum

1834 1406 2046 1473 legibus
2082 1403 2405 1459 Nicomedes
2443 1403 2720 1457 Gallorum
2778 1401 2878 1473 [αι.
2903 1401 3239 1474 Galatarum]
3276 1403 3413 1456 mul-

1837 1498 2119 1549 titudincm
2161 1497 2211 1550 in
2247 1499 2430 1551 Asiam
2470 1496 2798 1550 transmisit.
2832 1494 3031 1548 Horum
3070 1496 3333 1563 principes
3357 1495 3411 1548 in

1834 1587 2061 1655 imperio
2095 1586 2333 1640 illustres
2363 1586 2429 1641 17
2459 1585 2631 1649 fuere,
2682 1586 2826 1639 inter
2879 1600 3015 1652 quos
3061 1586 3315 1655 prmcipui
3358 1595 3414 1639 et.

1834 1676 2055 1739 summi,
2090 1674 2391 1731 Leonorius
2424 1686 2476 1730 et
2505 1674 2784 1728 Lutarius.

1909 1766 2034 1821 Hazc
2080 1769 2245 1837 igitur
2301 1768 2577 1823 Gallorum
2629 1767 2681 1820 in
2743 1766 2927 1819 Asiam
2986 1763 3412 1833 transmigratio,

149 1844 247 1913 τὴν
315 1844 503 1896 Ἀσίαν
548 1844 799 1905 διάϐασις
856 1846 977 1896 κατ’
1036 1844 1211 1913 ἀρχὰς
1265 1846 1365 1915 μὲν
1422 1846 1515 1899 ἐπὶ
1578 1848 1733 1917 κακῷ

1842 1860 2018 1928 primo
2055 1860 2297 1927 quidem,
2331 1860 2393 1912 ad
2432 1858 2732 1911 incolarum
2764 1856 3145 1910 detrimentum
3168 1869 3415 1923 progres-

149 1936 259 1985 τῶν
311 1936 612 2004 οἰκητόρων
670 1936 951 2006 προελθεῖν
1005 1936 1301 2007 ἐνομίσθη,
1365 1938 1426 1990 τὸ
1478 1938 1533 1990 δὲ
1584 1940 1735 2001 τέλος

154 2027 361 2090 ἔδειξεν
408 2027 703 2097 ἀποκριθὲν
734 2026 869 2097 πρὸς
899 2028 959 2081 τὸ
998 2029 1308 2099 συμφέρον·
1360 2030 1472 2082 τῶν
1506 2030 1613 2103 γάρ
1643 2032 1737 2101 βα-

152 2120 351 2171 σιλέων
385 2120 483 2189 τὴν
522 2119 633 2172 τῶν
659 2121 867 2173 πόλεων
912 2120 1287 2192 δημοκρατίαν
1328 2123 1547 2191 ἀφελεῖν
1573 2142 1739 2177 σπου-

148 2213 445 2277 δαζόντων,
486 2213 642 2265 αὐτοὶ
678 2214 878 2282 μᾶλλον
911 2214 1115 2283 ταύτην
1146 2215 1190 2245 ⁸⁸
1233 2215 1537 2282 ἐϐεϐαίουν,
1586 2218 1737 2270 ἀντι-

152 2303 546 2374 καθιστάμενοι
574 2307 684 2368 τοῖς
709 2305 1135 2373 ἐπιτιθεμένοις.
1170 2306 1488 2377 Νικομήδης
1512 2308 1568 2361 δὲ
1597 2309 1736 2362 κατά

155 2392 399 2448 Βιθυνῶν
433 2396 668 2465 πρῶτον,
724 2396 1158 2466 συμμαχούντων
1202 2397 1353 2467 αὑτῷ
1387 2400 1480 2451 καὶ
1526 2399 1632 2451 τῶν
1678 2398 1738 2464 ἐξ

165 2486 530 2555 Ἡρακλείας,
565 2488 691 2549 τοὺς
724 2487 1030 2558 βαρϐάρους
1058 2487 1347 2552 ἐξοπλίσας
1369 2528 1384 2550 ,
1412 2492 1513 2556 τῆς
1539 2507 1595 2543 τε
1628 2490 1736 2561 χώ-

158 2599 259 2652 ρας
292 2581 561 2651 ἐκράτησε
606 2582 702 2633 καὶ
727 2582 871 2643 ’τοὺς
921 2580 1265 2641 ἐνοικοῦντας
1298 2580 1569 2649 κατέκοψε
1592 2622 1606 2644 ,
1640 2582 1738 2653 τὴν

157 2675 330 2743 ἄλλην
372 2672 522 2725 λείαν
569 2673 677 2724 τῶν
718 2671 976 2724 Γαλατῶν
1012 2673 1227 2733 ἐαυτοῖς
1275 2671 1735 2741 διανειμαμένων.

160 2759 329 2818 Οὗτοι
368 2764 423 2817 δέ
456 2764 657 2830 πολλὴν
694 2763 1015 2823 ἐπελθόντες
1046 2762 1233 2833 χώραν
1261 2748 1424 2824 ἀὖθις
1456 2763 1739 2834 ἀνεχώρη-

162 2875 288 2919 σαν,
323 2858 417 2908 καὶ
448 2857 547 2925 τῆς
580 2856 893 2926 αίρεθείσης
928 2856 1113 2917 αὐτοῖς
1149 2856 1491 2924 ἀπετέμοντο
1519 2856 1617 2926 τὴν
1646 2856 1740 2911 νῦν

162 2948 436 3000 Γαλατίαν
469 2947 827 3015 καλουμένην,
860 2949 939 3008 εἰς
980 2949 1127 3015 τρεῖς
1165 2947 1358 3017 μοίρας
1390 2945 1593 3013 ταύτην
1624 2948 1739 3000 δια-

162 3041 496 3108 νείμαντες,
546 3040 640 3091 καὶ
674 3040 797 3100 τοὺς
845 3039 944 3107 μὲν
991 3038 1295 3107 Τρωγμοῦς
1342 3038 1738 3107 ὀνομάσαντες,

161 3133 288 3191 τοὺς
321 3130 377 3181 δὲ
410 3129 885 3195 Τολοστοϐογίους,
918 3128 1045 3191 τοὺς
1070 3128 1125 3180 δὲ
1159 3128 1529 3194 Τεκτοσάγας.
1573 3130 1739 3181 Ἑδεί-

167 3238 340 3288 μαντο
372 3220 429 3272 δὲ
463 3222 646 3282 πόλεις
678 3219 940 3289 Τρωγμοὶ
969 3219 1065 3288 μὲν
1086 3220 1393 3289 Ἄγκυραν,
1416 3220 1739 3273 Τολοστοϐό-

163 3330 275 3382 γιοι
305 3314 364 3366 δὲ
392 3313 621 3375 Ταϐίαν,
655 3312 995 3380 Τεκτοσάγες
1021 3310 1076 3363 δὲ
1110 3311 1453 3365 Πισινοῦντα.

1837 1966 1962 2007 sura
1990 1951 2400 2007 existimabatur
2435 1971 2447 2006 :
2492 1952 2582 2002 sed
2613 1950 2808 2011 exitus,
2844 1948 3140 2001 commodis
3178 1947 3412 2013 ipsorum

1837 2045 2165 2100 destinatum
2191 2046 2292 2101 hoc
2309 2046 2568 2100 ostendit.
2596 2042 2726 2094 Dum
2754 2040 2894 2091 cnim
2927 2039 3413 2109 rcgespopntarent

1838 2133 2145 2189 civitatibus
2183 2143 2385 2191 statum
2447 2137 2711 2203 abrogare
2759 2142 3045 2195 satagunt,
3084 2129 3242 2191 Galli,
3302 2132 3416 2181 haec

1840 2221 2197 2277 molientibus
2234 2224 2569 2283 obsistendo,
2622 2220 2794 2289 magis
2844 2220 2988 2272 illam
3040 2220 3412 2273 corroborant.

1840 2310 2165 2368 Nicomedes
2194 2315 2359 2385 igitur
2385 2322 2575 2368 contra
2618 2312 2879 2381 Bithynos
2906 2312 3163 2380 primum,
3201 2312 3415 2366 illorum

1838 2406 2040 2461 auxilio
2062 2416 2117 2461 et
2146 2422 2281 2475 quos
2310 2422 2375 2461 ex
2407 2406 2668 2461 Heraclea
2731 2416 2997 2458 armasset
3036 2404 3415 2469 barbarorum,

1840 2503 1893 2548 et
1929 2496 2263 2563 provinciam
2311 2497 2557 2567 subegit,
2601 2506 2655 2549 et
2703 2496 2941 2550 concidit
2989 2496 3236 2551 incolas:
3278 2498 3418 2564 quod

1841 2587 2081 2655 alioquin
2137 2599 2255 2642 erat
2286 2590 2500 2656 praedae,
2556 2588 2698 2641 inter
2742 2603 2800 2641 se
2840 2588 3110 2657 dispertiti
3146 2598 3270 2643 sunt
3304 2588 3417 2642 Ga-

1842 2677 1980 2731 latae.
2032 2678 2095 2732 lli
2155 2681 2298 2732 enim
2355 2679 2511 2749 longe
2560 2678 2776 2745 lateque
2848 2690 3046 2733 terram
3112 2681 3419 2749 depopulati

1844 2780 1992 2822 retro
2025 2772 2239 2823 demum
2274 2783 2589 2825 cesserunt:
2626 2781 2681 2826 et
2714 2772 2778 2825 de
2810 2771 3039 2825 subacta
3070 2771 3123 2825 id
3161 2772 3264 2827 sibi
3306 2789 3422 2824 ain-

1842 2868 2118 2925 putarunt,
2161 2861 2301 2929 quod
2335 2876 2474 2915 nunc
2516 2860 2741 2915 Galatiae
2772 2876 2967 2914 nomen
3004 2862 3186 2923 habet,
3210 2862 3421 2932 228a

1842 2950 1894 3001 in
1924 2961 2035 3003 tres
2064 2961 2249 3019 partes
2280 2952 2653 3005 diStributum.
2677 2952 2824 3007 Alios
2852 2954 2994 3006 enim
3028 2952 3293 3022 Trogmos
3324 2969 3422 3007 no-

1844 3042 2097 3106 minant;
2150 3042 2329 3107 alios,
2381 3043 2811 3114 Tolistobogios;
2860 3046 3022 3110 alios,
3072 3045 3419 3113 Tectosages,

1844 3132 2018 3188 Urbes
2044 3134 2205 3189 etiam
2228 3136 2585 3191 condiderunt
2618 3151 2634 3191 :
2668 3134 2885 3206 TrOgmi
2923 3136 3215 3206 Ancyram,
3240 3134 3421 3192 'l‘olis-

1850 3226 2049 3298 tobogii
2089 3225 2336 3291 Tabiam,
2377 3225 2701 3297 Tectosages
2731 3228 3077 3283 Pesinuntem
3109 3226 3251 3299 (65).

599 3423 729 3475 CAP.
761 3420 905 3475 XXI.
944 3449 1017 3461 —
1056 3419 1127 3472 De
1154 3420 1346 3473 Astaca
1387 3430 1433 3472 et
1466 3419 1777 3477 Nicomedia
1820 3425 2049 3479 urbibus.
2071 3425 2413 3499 Bithynorum
2446 3429 2739 3497 principum
2784 3429 2961 3482 series.

250 3544 314 3595 '0
343 3541 397 3593 δὲ
429 3538 747 3608 Νικομήδης
777 3540 855 3599 εἰς
882 3536 1144 3606 λαμπρὰν
1177 3534 1519 3603 εὐδαιμονίαν
1562 3535 1749 3605 ἀρθεὶς

171 3633 334 3685 πόλιν
366 3628 545 3697 ἐαυτῷ
569 3626 865 3695 ὁμώνυμον
895 3625 1168 3693 ἀνεγείρει
1191 3624 1418 3693 ἀντικρὺ
1461 3624 1745 3677 Ἀστακοῦ.

173 3725 289 3792 Τὴν
358 3720 617 3773 Ἀστακὸν
676 3718 733 3770 δὲ
805 3715 1100 3785 Μεγαρέων
1134 3714 1383 3783 ιῷκισαν
1436 3716 1477 3747 ⁶⁸
1534 3715 1750 3769 ἄποικοι

186 3813 554 3883 ὐλυμπιάδος
586 3810 884 3878 ἱσταμένης
917 3809 1001 3872 ιζ’,
1048 3807 1311 3859 Ἀστακὸν
1341 3806 1573 3873 ἐπίκλην
1612 3806 1750 3859 κατά

173 3906 429 3979 χρησμὸν
461 3904 675 3973 θέμενοι
712 3901 818 3954 ἀπό
850 3918 994 3962 τινος
1020 3899 1129 3951 τῶν
1154 3898 1461 3968 λεγομένων
1494 3897 1749 3969 σπαρτῶν

174 4001 274 4054 καὶ
299 3996 549 4066 γηγενῶν
571 3995 676 4046 τῶν
693 3995 737 4025 ⁶⁶
762 3992 1043 4059 ἀπογόνων
1062 3990 1168 4042 τῶν
1191 3991 1248 4041 ἐν
1282 3988 1507 4059 Θήϐαις,
1552 3990 1749 4041 Ἀστα-

177 4089 279 4143 κοῦ
311 4089 409 4157 τὴν
441 4085 652 4153 γλῆσιν,
681 4083 872 4151 ἀνδρὸς
901 4082 1152 4148 γενναίου
1197 4078 1290 4131 καὶ
1330 4077 1752 4148 μεγαλόφρονος.

176 4180 332 4249 Αὕτη
384 4175 582 4237 πολλάς
627 4174 903 4233 ἐπιθέσεις
948 4171 1099 4240 παρά
1147 4187 1204 4222 τε
1258 4169 1366 4222 τῶν
1413 4168 1755 4239 ὁμορούντων

180 4271 469 4327 ὑποστᾶσα
529 4268 622 4320 καὶ
679 4266 937 4332 πολέμοις
1002 4263 1261 4324 πολλάκις
1313 4260 1759 4331 ἐκτρυχωθεῖσα,

194 4360 499 4431 Ἀθηναίων
526 4357 655 4428 [375
683 4354 775 4425 8.]
803 4355 971 4422 αὐτὴν
995 4354 1131 4421 μετά
1154 4353 1448 4421 Μεγαρέας
1476 4351 1761 4420 έπῳκηκό-

179 4474 296 4509 των
323 4451 478 4520 έληξέ
504 4467 562 4501 τε
595 4449 700 4499 τῶν
734 4445 1030 4515 συμφορῶν
1063 4446 1155 4496 καὶ
1186 4445 1279 4495 ἐπὶ
1314 4444 1455 4511 μέγα
1481 4443 1640 4512 δόξης
1669 4444 1763 4496 καὶ

186 4546 377 4613 ῖσχύος
412 4542 661 4608 ἐγένετο,
714 4535 984 4589 Δυδαλσοῦ
1029 4534 1330 4604 τηνικαῦτα
1382 4534 1481 4602 τὴν
1526 4533 1762 4585 Βιθυνῶν

1926 3539 2247 3595 Nicomedes
2272 3550 2472 3608 autem,
2519 3542 2571 3594 in
2630 3542 2917 3610 conspicuo
2940 3540 3214 3597 ielicitatis
3249 3547 3414 3616 gradu

1854 3632 2086 3700 positus,
2110 3633 2178 3687 de
2200 3634 2415 3686 nomine
2464 3648 2561 3687 suo
2586 3634 2853 3685 exstruxit
2900 3634 3085 3687 urbem
3129 3650 3159 3689 e
3200 3637 3420 3705 regione

1856 3722 2064 3776 Astaci.
2112 3722 2284 3789 Quam
2338 3722 2729 3791 Megarensium
2780 3723 2987 3779 colonia
3040 3726 3142 3780 sub
3207 3726 3418 3781 initium

1854 3812 2187 3884 Olympiadis
2256 3830 2364 3867 xvu
2438 3814 2832 3883 frequentarat,
2902 3814 3155 3867 Astacum
3213 3815 3419 3869 oraculi

1848 3902 2003 3969 jussu
2058 3902 2457 3957 denominatam
2484 3942 2498 3966 ,
2535 3902 2603 3955 ab
2644 3904 2842 3956 Astaco
2884 3901 3113 3970 quodam
3160 3917 3421 3969 generoso

1855 4003 1909 4048 et
1940 3994 2170 4048 cordato
2220 3994 2363 4057 viro.
2393 4008 2459 4047 ex
2492 4008 2678 4047 eorum
2726 3993 2971 4062 prosapia
3010 3993 3101 4061 qui
3143 3992 3324 4064 Sparti
3364 4002 3420 4049 et

1861 4086 2144 4155 terrigenae
2173 4085 2301 4139 olim
2338 4083 2540 4139 Thebis
2568 4086 2920 4138 vocabantur.
2958 4082 3081 4138 Haec
3131 4084 3355 4137 multum
3385 4100 3419 4139 a

1865 4177 2107 4231 finitimis
2138 4177 2395 4246 appetita,
2416 4187 2472 4231 et
2492 4178 2699 4231 crebris
2720 4178 2898 4230 accisa
2931 4176 3105 4239 bellis,
3124 4177 3419 4230 Athenien-

1860 4269 1997 4322 sium
2062 4269 2280 4323 colonis
2344 4269 2685 4338 postmodmn
2748 4268 3000 4336 adjectis,
3074 4269 3420 4321 vexationum

1862 4358 2047 4422 linem,
2082 4369 2136 4412 et
2171 4359 2502 4415 incrementa
2558 4358 2742 4429 gloria:
2774 4368 2827 4413 et
2876 4360 3125 4428 potentia:
3158 4374 3260 4413 non
3306 4376 3421 4411 me-

1860 4450 2061 4504 diocria
2113 4452 2301 4520 adepta
2358 4462 2461 4517 est,
2508 4451 2741 4520 Dydalso
2790 4461 2914 4504 tunc
2972 4452 3111 4505 inter
3162 4451 3421 4521 Bithynos

1860 4556 2040 4594 rerum
2093 4543 2355 4608 potiente.
2412 4538 2532 4607 Quo
2589 4540 2870 4601 defuncto,
2930 4538 3140 4593 Botiras
3211 4552 3419 4611 regnat,

184 4639 365 4705 ἀρχὴν
401 4633 648 4700 ἔχοντος·
693 4625 753 4681 οῦ
798 4627 1219 4694 τελευτήσαντος
1264 4624 1419 4693 ἄρχει
1470 4624 1728 4692 Βοτείρας

1834 4669 1837 4692 .
1863 4633 1928 4685 ad
1960 4632 2027 4685 76
2056 4646 2228 4685 annos
2256 4640 2414 4685 aetate
2451 4634 2731 4701 producta.
2768 4630 2825 4683 Ei
2854 4630 2992 4684 [ilius
3019 4629 3121 4683 Bas
3147 4632 3421 4685 succedit:

186 4728 364 4796 ζήσας
396 4729 448 4787 ς’
482 4723 576 4772 καὶ
603 4721 643 4771 o'
678 4720 794 4787 ἔτη.
826 4718 1026 4769 Τοῦτον
1065 4715 1366 4783 διαδέχεται
1397 4714 1505 4775 Βᾶς
1531 4715 1558 4763 ὁ
1606 4714 1721 4775 υἱὸς
1745 4757 1759 4779 ,

186 4819 247 4880 ὃς
291 4817 387 4869 καὶ
419 4814 696 4866 Κάλαντον
722 4813 763 4842 ⁸⁷
830 4808 1181 4876 Ἀλεξάνδρου
1228 4807 1551 4876 στρατηγὸν,
1586 4806 1762 4859 καίτοι

189 4925 254 4977 γε
284 4906 405 4958 λίαν
434 4902 948 4973 παρεσκευασμένον
983 4900 1116 4970 πρὸς
1144 4899 1243 4966 τὴν
1277 4898 1474 4967 μάχην,
1510 4914 1762 4965 κατηγω-

192 5000 413 5058 νίσατο,
461 4998 552 5047 καὶ
600 4996 695 5063 τῆς
730 4992 978 5053 Βιθυνίας
1011 4990 1390 5061 παρεσκεύασε
1420 4992 1544 5050 τοὺς
1576 4990 1765 5042 Μακε-

192 5090 354 5150 δόνας
386 5086 741 5154 ἀποσχέσθαι.
797 5084 999 5136 Τούτου
1053 5082 1164 5151 βίος
1215 5080 1313 5149 μὲν
1345 5081 1586 5147 ἐγεγόνει
1632 5078 1766 5130 ἐτῶν

196 5189 243 5234 α’
266 5183 360 5233 καὶ
390 5186 451 5243 ο’,
486 5172 559 5230 ὧν
596 5177 912 5230 ἐϐασίλευσε
944 5174 1007 5229 ν’.
1040 5174 1115 5226 Οῦ
1144 5175 1272 5233 παῖς
1292 5214 1306 5235 ,
1332 5172 1428 5240 τῆς
1456 5172 1629 5240 ἀρχῆς
1656 5170 1769 5221 διά-

196 5277 373 5342 δοχος,
406 5272 695 5339 Ζιποίτηςῖ,
726 5268 979 5338 λαμπρὸς
1009 5268 1066 5320 ὲν
1100 5265 1356 5333 πολέμοις
1381 5262 1619 5331 γεγονὼς
1638 5302 1652 5323 ο
1679 5263 1771 5313 καὶ

199 5370 326 5429 τοὺς
367 5366 685 5436 Λυσιμάχου
718 5362 1055 5434 στρατηγοὺς
1089 5361 1177 5413 τὸν
1206 5360 1305 5430 μὲν
1336 5357 1559 5419 ἀνελὼν,
1590 5356 1680 5407 τὸν
1710 5355 1766 5406 δὲ

1868 4720 1957 4789 qui
1975 4723 2138 4775 etiam
2162 4720 2470 4785 Calantnm,
2490 4721 2775 4774 Alexandri
2796 4721 3067 4789 copiarum
3088 4720 3424 4789 praefectum,

1868 4809 1993 4864 licet
2041 4812 2243 4879 Optime
2288 4814 2355 4866 ad
2421 4826 2652 4880 pugnant
2718 4813 3061 4874 instructum,
3126 4811 3427 4879 proﬂigavit

1870 4902 2004 4966 acie,
2036 4913 2087 4956 et
2117 4913 2173 4957 ut
2203 4903 2517 4959 Macedones
2537 4920 2564 4957 a
2590 4904 2835 4975 Bithynia
2865 4904 3194 4958 abstinerent
3224 4904 3422 4959 effecit.

1873 4990 2021 5046 Vixit
2057 4996 2146 5050 hic
2200 4995 2262 5047 71
2314 5010 2503 5060 annos,
2537 5006 2591 5048 et
2640 4996 2704 5049 de
2746 4996 2811 5048 iis
2852 4993 2919 5048 50
2978 5008 3201 5064 regnum
3237 4996 3426 5057 tenuit,

1879 5084 2153 5153 filiumque
2189 5084 2373 5138 habuit
2397 5101 2764 5139 successorem
2793 5087 3058 5153 Zipmten,
3088 5087 3204 5154 qui,
3253 5088 3428 5140 clarus

1878 5175 2051 5241 bellis,
2085 5193 2115 5231 e
2145 5176 2442 5248 Lysimachi
2478 5177 2746 5246 rrwfectis
2775 5178 2937 5231 alium
2989 5178 3218 5239 occidit,
3264 5179 3427 5231 alimn

1877 5279 2036 5334 quam
2085 5268 2396 5333 longissime
2452 5283 2480 5320 a
2526 5267 2723 5323 ﬁnibus
2765 5268 2877 5322 suis
2916 5267 3138 5334 depulit.
3193 5267 3329 5333 Quin
3374 5276 3431 5321 et

1874 5356 2051 5425 ipsum
2126 5356 2500 5427 Lysimachum
2543 5360 2812 5427 repressit.
2874 5357 3105 5413 Posthac
3164 5360 3427 5413 Antiocho

1472 5485 1705 5541 VARIIE
1746 5484 2143 5541 LECTIONES.

279 5598 325 5628 ⁸³
354 5597 445 5647 ἐπὶ
469 5592 554 5663 τό]
577 5593 683 5646 itno
703 5593 792 5645 ἐπὶ
820 5592 917 5661 τῷ.
994 5590 1038 5620 ⁸⁵
1070 5589 1238 5655 αὐτήν
1265 5604 1321 5648 ς.
1404 5585 1446 5615 ⁸⁸
1473 5583 1590 5637 libri
1616 5581 1856 5651 ᾤκησαν.
1936 5582 1979 5611 ⁶⁶
2006 5583 2112 5636 τῶν
2134 5596 2255 5652 post
2278 5587 2521 5655 γηγενῶν
2551 5602 2657 5643 om.
2690 5590 2753 5642 A.
2830 5590 2871 5619 ⁸⁷
2894 5589 3075 5642 Κάλαν
3103 5590 3194 5641 τὸν
3228 5592 3305 5641 ‘A:
3375 5609 3426 5654 τ.

1706 5692 1928 5749 ΝΟΤκΕ.

282 5805 395 5877 (65)
432 5803 551 5858 Vid.
576 5802 667 5857 tib.
699 5815 734 5854 tt
761 5798 886 5855 Rcr.
922 5794 1067 5853 Boic.
1103 5791 1266 5848 Marci
1296 5786 1519 5853 Vetscri,
1553 5801 1604 5853 p.
1636 5785 1722 5837 7t.
