4208 6448
793 374 897 435 899

1973 371 2231 432 PHOTII
2286 370 2789 431 PATRIARCIIIE
2814 371 2921 430 (ΣΡ.

3939 366 4055 429 900

796 478 1029 541 Seleuci,
1065 476 1153 545 qui
1209 474 1392 527 Asiam
1448 483 1626 526 tamen
1675 483 1729 526 ct
1783 473 2103 530 Macedones
2155 480 2363 545 IlllpCl’it

2484 478 2577 528 ἐπὶ
2606 480 2866 547 μήκιστον
2891 478 2989 545 τῆς
3016 478 3221 540 οἰκείας
3251 478 3525 540 ἀπελάσας
3555 479 3750 547 ἀρχῆς,
3778 480 3912 533 ἀλλά
3948 484 4050 534 καὶ

797 572 1101 632 coercebat,
1145 568 1393 637 superior
1424 566 1621 629 factus,
1663 566 1851 621 urbem
1887 570 2069 622 condit
2100 572 2165 622 ad
2210 570 2381 638 Lype-

799 679 919 715 rum
946 671 1211 721 montem,
1237 660 1471 711 'nomine
1511 673 1611 710 suo
1636 658 1927 725 insignem.
1972 658 2069 711 llic
2094 660 2179 712 vbi
2213 662 2374 711 vitam

799 756 850 806 in
880 753 965 816 '16,
1001 762 1054 805 et
1091 749 1626 804 administrationem
1656 748 1805 816 regni
1857 750 1907 800 in
1948 748 2016 800 48
2048 764 2219 803 annos
2282 763 2374 801 ex-

800 848 1067 907 temlerat,
1102 842 1135 894 4
1168 842 1305 893 filios
1350 841 1588 908 reliquit.
1645 840 1897 905 Eumque
1940 839 1992 890 in
2024 854 2187 907 regno
2217 838 2372 891 Nico-

800 935 979 988 medes
1012 943 1137 985 natu
1166 932 1432 983 maximus
1468 930 1704 998 excepit,
1742 928 2003 982 fratribus
2036 945 2139 982 non
2182 928 2373 992 frater,

796 1027 888 1079 sed
947 1026 1106 1079 lictor
1180 1025 1374 1076 factus.
1429 1020 1785 1073 Coulirmavit
1840 1030 2016 1073 tamen
2065 1021 2227 1074 etiam
2288 1023 2374 1075 hic

800 1118 1061 1187 Bithynia:
1092 1130 1339 1184 regnum,
1379 1114 1612 1167 maxime
1641 1128 1727 1173 eo,
1762 1114 1903 1180 quod
1945 1111 2167 1167 Galatas
2215 1115 2371 1167 sedes

796 1212 849 1262 in
892 1211 1068 1262 Asiam
1104 1207 1498 1261 transferentes
1549 1204 1776 1272 adjuvit,
1807 1206 2128 1274 urbemque,
2160 1214 2218 1258 ut
2254 1206 2366 1274 jam

797 1298 1088 1350 indicatum
1124 1306 1229 1357 est,
1254 1295 1336 1348 sui
1374 1294 1611 1346 nominis
1649 1293 1853 1346 eduxit.

794 1389 1035 1448 Γαλάτας
1072 1389 1161 1439 ἑπί
1206 1386 1304 1453 τὴν
1344 1385 1528 1436 Ἀσίαν
1561 1384 2025 1453 διαπεραιωθῆναι
2059 1387 2449 1455 συναράμενος’
2475 1393 2569 1439 καὶ
2607 1390 2779 1453 πόλιν,

799 1484 917 1551 ρίαν
948 1482 1213 1548 ἀνέστησε
1238 1478 1531 1548 φέρουσαν.

2481 568 2648 621 αὑτοῦ
2680 570 2994 637 Λυσιμάχου
3020 570 3087 631 ⁸⁸,
3119 565 3233 620 εἷτα
3272 571 3367 623 καὶ
3412 570 3683 637 Ἀντιόχου
3727 570 3819 623 τοῦ
3854 573 4049 634 παιδὸς

2481 661 2744 711 Σελεύκου
2776 661 3232 727 ἐπικρατέστερος
3257 660 3512 727 γεγονὼς,
3533 661 3625 712 τοῦ
3655 678 3713 711 τε
3736 662 3833 727 τῆς
3862 664 4053 725 Ἀσίας

2478 752 2854 820 βασιλεύοντος
2890 754 2984 804 καὶ
3011 752 3102 803 τοῦ
3140 754 3484 814 Μακεδόνων,
3524 753 3697 813 κτίζει
3740 754 3895 804 πόλιν
3941 755 4052 806 ὑπὸ

2475 842 2553 910 τῷ
2584 844 2817 912 Λυπερῴ
2838 845 2951 911 ὄρει
2977 884 2989 904 ,
3021 847 3084 912 τῇ
3118 842 3282 896 αὑτοῦ
3315 848 3501 914 κλήσει
3536 844 3842 911 ἐπώνυμον.
3876 839 4053 906 Οὗτος

2480 936 2626 1001 βιοὺς
2664 939 2762 1003 μὲν
2804 937 2899 1005 ετη
2927 944 2979 1000 ς’
3011 939 3103 990 καὶ
3128 946 3189 998 ον.
3226 940 3506 1007 κρατήσας
3540 940 3598 991 δὲ
3650 940 3745 1007 τῆς
3790 941 3965 1007 ἀρχῆς
3999 937 4049 1007 η’

2477 1028 2571 1077 καὶ
2603 1033 2675 1094 μ’,
2709 1028 3029 1079 καταλείπει
3063 1030 3257 1089 παῖδας
3294 1031 3356 1080 δ’.
3393 1029 3591 1081 Τοῦτον
3618 1031 3661 1068 ⁸⁸
3691 1032 3719 1080 ὁ
3748 1030 4050 1097 πρεσϐύτε-

2478 1132 2571 1184 ρος
2598 1116 2703 1167 τῶν
2734 1119 2940 1169 παίδων
2972 1120 3287 1188 Νικομήδης
3312 1120 3629 1188 διαδέχεται,
3660 1122 3769 1181 τοῖς
3796 1120 4051 1187 ἀδελφοῖς

2473 1208 2572 1257 οὐκ
2596 1206 2815 1273 ἀδελφὸς
2846 1209 2980 1260 ἀλλά
3007 1211 3197 1277 δήμιος
3222 1212 3480 1278 γεγονώς.
3522 1212 3886 1280 Ἐκρατύνατο
3916 1212 4049 1279 μέν-

2469 1315 2551 1348 τοι
2587 1300 2678 1349 καὶ
2717 1295 2871 1363 οὗτος
2911 1302 3008 1371 τὴν
3047 1302 3287 1355 Βιθυνῶν
3326 1304 3519 1373 ἀρχὴν,
3555 1304 3785 1370 μάλιστά
3826 1320 3889 1368 γε
3924 1303 4050 1364 τοὺς

2859 1392 2935 1453 ὡς
2968 1394 3308 1463 προείρηται,
3373 1394 3471 1461 τὴν
3540 1392 3703 1447 αὑτοῦ
3770 1408 4048 1464 προσηγο-

1273 1598 1405 1651 CAP.
1436 1595 1599 1651 XXII.
1634 1626 1703 1635 —-
1737 1595 2154 1665 Byzantinorum
2190 1596 2378 1648 bellum
2423 1615 2541 1650 cum
2577 1597 2871 1651 Calatianis
2916 1597 3335 1652 Heracliensinm
3361 1597 3591 1651 colonia.

866 1715 1160 1783 lnterlapso
1195 1713 1319 1765 hinc
1355 1722 1597 1779 tempore
1632 1710 1835 1777 aliquo,
1880 1711 2193 1779 Byzantiuis
2246 1709 2362 1762 bel-

796 1809 902 1861 lum
955 1809 1212 1860 adversus
1261 1804 1571 1857 Calatianos
1603 1802 2075 1871 (Ileracleolarum
2146 1802 2362 1855 colonia

2544 1714 2619 1765 Οὐ
2680 1712 2859 1781 πολλῷ
2884 1714 2939 1765 δὲ
2985 1713 3212 1784 ὕστερον
3257 1713 3433 1781 χρόνῳ
3482 1713 3717 1780 πόλεμος
3762 1715 4045 1785 ἀνερράγη

2472 1801 2786 1865 Βυζαντίοις
2856 1803 2993 1872 πρὸς
3049 1804 3424 1864 Καλατιανοὺς
3478 1804 3729 1871 (ἄποικοι
3789 1805 3846 1856 δὲ
3896 1802 4047 1859 οὗτοι.

796 1904 907 1951 lucc
931 1900 1033 1964 est)
1070 1907 1120 1951 et
1157 1896 1416 1950 Istrianos
1474 1896 1675 1963 erupit,
1736 1904 1955 1961 propter
1989 1891 2209 1956 Tomin,
2249 1908 2363 1947 em-

2483 1893 2875 1961 Ἠρακλεωτῶν
2906 1890 3070 1963 ἦσαν)
3117 1894 3210 1946 καὶ
3249 1894 3382 1963 πρὸς
3426 1895 3753 1962 Ἰστριανοὺς
3781 1898 3909 1965 περὶ
3943 1896 4046 1947 Τό-

794 1991 999 2058 porium
1026 1988 1318 2042 Calatianis
1343 1987 1603 2050 vicinum,
1637 1985 1779 2054 quod
1822 1986 2186 2053 monopolium
2218 2000 2282 2037 ex
2302 1998 2367 2037 eo

794 2081 973 2134 facere
1044 2080 1224 2133 animo
1279 2088 1650 2147 conceperant
1718 2077 2007 2132 Calatiani.
2068 2074 2364 2144 Propterea

797 2176 1051 2242 utrinque
1088 2172 1153 2225 ad
1195 2170 1571 2224 Heraclienses
1605 2172 1668 2224 de
1694 2170 1818 2223 belli
1847 2170 2107 2223 societate
2133 2169 2365 2221 mittitur

794 2265 1005 2333 legatio.
1034 2262 1105 2315 At
1140 2262 1192 2315 hi
1234 2262 1411 2313 neutri
1474 2262 1671 2329 2281)
1726 2260 1861 2327 parti
1916 2259 2158 2312 bellicam
2207 2275 2362 2326 opem

796 2360 1057 2419 tribuunt,
1093 2354 1183 2407 sed
1214 2354 1394 2422 legant
1426 2353 1489 2406 ad
1528 2365 1803 2418 utrosque,
1844 2352 1932 2419 qui
1984 2352 2205 2419 pacilice
2235 2366 2350 2404 con-

793 2448 1107 2499 troversiam
1135 2446 1440 2510 transigant
1476 2463 1489 2498 :
1546 2444 1757 2497 tametsi
1809 2444 2010 2511 absque
2042 2442 2233 2495 effectu
2265 2444 2366 2497 hoc

793 2539 922 2604 ipsis
972 2538 1209 2589 studium
1258 2535 1445 2589 exivit.
1482 2534 1661 2589 Multis
1708 2534 1872 2603 igitur
1917 2536 2258 2589 detrimentis
2290 2536 2368 2589 af-

792 2628 912 2680 fecti
939 2627 1197 2679 Calalidis
1234 2626 1441 2687 incol-.12,
1479 2627 1541 2677 ad
1578 2626 1729 2693 pacis
1760 2625 1975 2677 demum
2028 2626 2369 2678 conditiones

790 2717 1198 2769 descenderunt.
1229 2714 1337 2767 Nec
1362 2714 1658 2783 quidquam
1689 2714 1801 2768 fere
1832 2714 1898 2767 ab
1931 2714 2035 2767 ista
2063 2714 2372 2767 calamitate

790 2808 985 2859 virium
1024 2814 1317 2873 potuerunt
1350 2808 1609 2872 recipere.

2475 2003 2620 2055 μεως
2646 1985 2738 2038 τοῦ
2783 1987 3047 2055 ἐμπορίου
3072 2024 3087 2047 ,
3118 1987 3146 2038 ὃ
3188 1988 3299 2049 τοῖς
3326 1986 3685 2048 Καλατιανοῖς
3724 1988 3927 2055 ὅμορον
3954 1982 4044 2057 ἦν,

2476 2078 2810 2148 μονοπώλιον
2857 2078 3015 2130 τοῦτο
3057 2078 3454 2147 διανοουμένων
3496 2082 3902 2133 κατασκευάσαι
3932 2080 4047 2131 τῶν

2471 2170 2848 2225 Καλατιανῶν.
2880 2167 3339 2237 Διεπρεσϐεύοντο
3366 2163 3458 2220 οὖν
3487 2168 3623 2238 πρὸς
3660 2168 4049 2237 Ἡρακλεώτας

2474 2262 2566 2312 ἐπὶ
2595 2257 2911 2327 συμμαχίαν
2937 2260 2981 2289 ⁷ο
3006 2259 3277 2326 ἑκάτεροι.
3310 2260 3371 2311 OI
3399 2258 3454 2310 δὲ
3488 2258 3788 2329 πολεμικὴν
3824 2260 3923 2328 μὲν
3957 2263 4047 2329 ῥοο

2472 2352 2581 2421 πὴν
2628 2351 2893 2420 οὐδετέρῳ
2923 2351 3115 2418 ἔνεμον
3164 2352 3340 2419 μέρει,
3377 2350 3825 2421 διαλλακτηρίους
3859 2353 3915 2405 δὲ
3953 2355 4049 2405 ἄν·

2472 2444 2602 2511 δρας
2650 2442 2929 2512 ἑκατέροις
2966 2442 3315 2504 ἀπέστελλον,
3350 2444 3451 2495 κᾶν
3487 2444 3767 2513 ἄπρακτος
3800 2445 3983 2497 αὐτῶν
4013 2448 4045 2514 ἡ

2476 2534 2680 2603 σπουδὴ
2710 2535 2828 2585 τότε
2853 2534 3062 2600 γέγονε.
3097 2533 3222 2604 [725
3245 2533 3335 2604 [1.]
3370 2534 3545 2586 Πολλά
3566 2536 3621 2587 δὲ
3651 2536 3697 2587 οἱ
3727 2536 3827 2604 τῆς
3858 2538 4049 2590 Καλα-

2472 2624 2613 2686 τέδος
2654 2626 2757 2677 ὑπὸ
2788 2625 2895 2677 τῶν
2928 2626 3205 2693 πολεμίων
3242 2626 3535 2689 παθόντες,
3576 2626 3801 2695 ὕστερον
3828 2628 3907 2690 εἰς
3934 2629 4049 2680 δια-

2474 2714 2655 2775 λύσεις
2689 2711 2873 2782 ἦλθον,
2902 2716 3010 2767 ἀπὸ
3036 2716 3236 2785 ταύτης
3258 2717 3357 2784 τῆς
3385 2718 3671 2787 συμφορᾶς
3702 2718 3887 2770 οὐκέτι
3920 2735 4048 2787 σχε-

2470 2806 2557 2869 δὸν
2590 2806 2876 2858 ἀναλαϐεῖν
2903 2808 3099 2868 αὐτοὺς
3128 2807 3465 2876 δυνηθέντες.

915 2919 1044 2971 CAP.
1072 2916 1257 2969 XXIII.
1290 2947 1358 2956 —
1388 2917 1777 2970 Testamentum
1824 2917 2134 2970 Nicomedis
2159 2960 2172 2984 ,
2219 2928 2265 2970 et
2308 2918 2466 2971 Zeilte
2518 2920 2716 2971 exclusi
2749 2920 2938 2972 bellum
2978 2938 3094 2973 cum
3128 2920 3387 2989 Bithynis,
3425 2940 3518 2989 ope
3574 2923 3914 2977 Galatarum.

863 3042 969 3094 Nec
1007 3041 1235 3094 multum
1276 3042 1533 3107 temporis
1576 3040 1807 3102 effluxit,
1854 3056 1979 3093 cum
2021 3055 2117 3093 rex
2180 3040 2367 3109 Bithy-

792 3149 985 3185 norum
1038 3133 1355 3185 Nicomedes
1411 3134 1724 3201 (postquam
1781 3146 1810 3184 e
1866 3132 2047 3198 priore
2101 3132 2148 3183 ei
2206 3140 2366 3182 natus

788 3224 1041 3291 conjugio
1095 3222 1275 3275 Zeilas
1301 3223 1364 3274 ad
1400 3224 1781 3274 Armeniorum
1824 3236 1998 3287 regem
2022 3220 2367 3287 profugisset,

787 3317 1042 3383 expulsus
1100 3330 1352 3365 noverca:
1406 3314 1643 3365 Iitazettae
1693 3312 1981 3373 machinis,
2030 3311 2183 3378 cujus
2214 3310 2366 3363 liberi

787 3410 961 3459 adhuc
996 3408 1046 3457 in
1085 3416 1264 3458 tenera
1289 3414 1450 3457 aetate
1475 3404 1673 3471 erant).
1693 3412 1865 3455 morte
1887 3404 1997 3468 jam
2026 3402 2362 3462 imminente,

784 3516 850 3551 ex
909 3498 1077 3549 altera
1113 3506 1268 3549 natos
1304 3510 1469 3548 uxore
1521 3494 1765 3547 lneredes
1811 3493 1960 3559 regni
2010 3492 2227 3559 scripsit
2264 3510 2276 3544 :
2312 3499 2365 3543 et

784 3600 1096 3649 Curatores,
1156 3587 1507 3640 Plolemamm
1581 3599 1704 3636 cum
1754 3584 2027 3651 Antigono
2073 3592 2125 3635 et
2174 3584 2366 3651 populo

786 3682 1357 3749 Byzantinorum,nec
1403 3693 1509 3729 non
1563 3674 1991 3728 IIeracliensium
2046 3674 2367 3727 Cianorum-

784 3788 907 3840 que,
942 3772 1258 3839 designavit.
1294 3768 1471 3820 Zeilas
1497 3778 1676 3819 autem
1715 3781 1836 3818 cum
1873 3768 2146 3819 instructa
2178 3781 2361 3828 manu,

782 3863 868 3911 cui
902 3876 930 3912 e
957 3858 1162 3912 Calatis
1198 3857 1553 3926 'folistobogii
1587 3855 1799 3909 animos
1834 3857 2144 3923 augebant,
2188 3859 2239 3908 in
2274 3869 2360 3909 re-

780 3964 943 4017 gnum
979 3959 1261 4016 paternum
1297 3948 1457 4001 redit.
1504 3948 1572 3998 At
1598 3946 1842 4014 Bithyni,
1882 3946 2005 3999 dum
2037 3960 2361 3999 conservare

779 4041 1110 4092 dominatum
1187 4038 1427 4106 parvulis
1504 4046 1807 4105 satagunt,
1864 4046 2089 4089 matrem
2165 4039 2356 4089 horum

780 4128 1086 4183 N‘comedis
1120 4129 1274 4181 fratri
1323 4129 1377 4181 in
1432 4128 1839 4181 matrimonium
1889 4127 2120 4185 elocant.
2153 4138 2206 4180 et
2259 4128 2357 4194 ipsi

777 4232 1001 4286 accepto
1032 4236 1059 4270 a
1092 4219 1434 4271 curatoribus
1464 4218 1707 4271 exercitu
1740 4215 1944 4269 Zeilam
1985 4219 2357 4286 opperiuntur.

776 4313 839 4364 Et
862 4312 1067 4364 crebris
1092 4310 1378 4375 utrobique
1406 4309 1612 4376 pruzliis
1638 4318 1693 4361 et
1724 4307 1929 4359 viribus
1954 4307 2053 4369 usi,
2084 4322 2267 4375 pacem
2293 4306 2358 4359 ad

773 4412 1080 4455 extremum
1162 4401 1347 4453 ineunt
1400 4417 1412 4451 :
1455 4415 1576 4452 cum
1638 4396 2016 4451 Heraclienses
2060 4398 2113 4450 in
2169 4400 2359 4466 pugnis

774 4495 880 4546 illis
914 4492 1333 4554 excelluissent,
1364 4498 1419 4544 et
1452 4491 1501 4542 in
1535 4489 1932 4557 compositione
1966 4488 2086 4542 belli
2120 4490 2357 4555 egissent

770 4590 964 4651 quaem
1005 4600 1117 4637 rem
1157 4583 1351 4637 forent.
1410 4582 1620 4635 Idcirco
1673 4580 1875 4634 Galatae
1916 4579 2250 4643 Heracleam,
2298 4592 2354 4634 ut

2546 3044 2619 3092 Οὐ
2652 3041 2846 3092 πολλοῦ
2874 3043 2927 3093 δὲ
2969 3044 3108 3095 πάνυ
3135 3044 3373 3112 Ῐρυέντος
3399 3043 3588 3111 χρόνου
3619 3045 3645 3093 ὁ
3670 3042 3778 3094 τῶν
3810 3043 4049 3096 Βιθυνῶν

2477 3132 2731 3197 βασιλεὺς
2761 3135 3080 3204 Νικομήδης
3102 3176 3115 3197 ,
3147 3138 3268 3187 ἐπεὶ
3303 3138 3328 3187 ὁ
3358 3137 3455 3202 μὲν
3487 3138 3548 3187 ἐκ
3585 3138 3867 3205 προτέρων
3899 3138 4050 3207 αὐτῷ

2474 3224 2667 3291 γάμων
2697 3225 2932 3290 γεγονὼς
2960 3229 3088 3287 παῖς
3121 3226 3317 3294 Ζηῖλας
3344 3228 3519 3295 φυγὰς
3558 3224 3625 3297 ἦν
3661 3228 3796 3297 πρὸς
3821 3230 3914 3279 τὸν
3940 3231 4049 3281 τῶν

2394 3356 2437 3415 C
2489 3314 2791 3382 Ἀρμενίων
2839 3315 3084 3382 βασιλέα,
3111 3321 3229 3379 ταῖς
3277 3318 3375 3386 τῆς
3422 3323 3691 3389 μητρυιᾶς
3757 3322 4047 3385 Ἐταζέτας

2474 3408 2747 3473 μηχαναῖς
2776 3406 2990 3469 ἐλαθεὶς
3010 3446 3025 3469 ,
3072 3410 3118 3459 οἱ
3148 3410 3203 3459 δὲ
3238 3410 3301 3460 ἐκ
3335 3412 3539 3479 ταύτης
3568 3412 3717 3480 αὐτῷ
3759 3416 4047 3479 γεγονότες

2469 3493 2784 3561 ἐνηπίαζον,
2819 3498 2955 3564 πρὸς
2976 3498 3053 3566 τῷ
3069 3499 3111 3527 ⁷¹
3139 3498 3393 3568 τελευτᾷν
3416 3502 3653 3567 γεγονὼς
3677 3505 4047 3574 κληρονόμους

2470 3586 2569 3652 μὲν
2599 3587 2724 3647 τοὺς
2773 3589 2837 3639 ἐκ
2870 3589 2967 3656 τῆς
3002 3590 3256 3659 δευτέρας
3286 3594 3540 3657 γυναικὸς
3567 3595 3766 3661 γράφει
3811 3600 4043 3660 παῖδας,

2468 3674 2796 3743 ἐπιτρόπους
2844 3677 2900 3728 δὲ
2949 3679 3282 3747 Πτολεμαῖον
3334 3685 3427 3733 καὶ
3474 3684 3781 3751 Ἀντίγονον
3830 3691 4045 3742 καὶτὸν

2468 3764 2639 3833 δῆμον
2670 3768 2777 3819 τῶν
2810 3768 3117 3832 Βυζαντίων
3145 3774 3236 3824 καὶ
3274 3773 3336 3843 δὴ
3369 3774 3465 3826 καὶ
3495 3774 3602 3829 τῶν
3644 3778 4043 3847 Ἡρακλεωτῶν

2470 3858 2692 3909 καὶτὸν
2727 3859 2835 3911 τῶν
2884 3862 3102 3913 Κιανῶν
3154 3864 3455 3931 ἐφίστησιν.
3508 3866 3565 3919 ὐ
3610 3870 3791 3937 μέντοι
3842 3872 4043 3940 Ζηῖλας

2472 3949 2609 4015 μετά
2635 3950 2917 4020 δυνάμεως
2940 3992 2955 4017 ,
2992 3954 3058 4021 ἢν
3089 3954 3237 4023 αὐτῷ
3264 3957 3370 4007 τῶν
3400 3959 3654 4012 Γαλατῶν
3696 3964 3743 4013 οἱ
3780 3964 4041 4017 Τολοστο-

2467 4042 2639 4107 ϐόγιοι
2672 4044 2908 4112 θάρσους
2941 4046 3235 4116 ἐπλήρουν,
3264 4050 3355 4100 ἐπὶ
3382 4052 3481 4119 τὴν
3513 4052 3792 4121 βασιλείαν
3822 4059 4036 4126 κατῄει.

2468 4131 2683 4185 Βιθυνοὶ
2710 4136 2766 4186 δὲ
2817 4137 2915 4203 τὴν
2946 4138 3121 4207 ἀρχὴν
3153 4139 3344 4202 σώζειν
3390 4146 3501 4204 τοῖς
3539 4146 3753 4212 νηπίοις
3798 4151 4039 4202 σπουδά-

2464 4223 2666 4285 ζοντες,
2700 4224 2797 4294 τὴν
2829 4228 2927 4294 μὲν
2956 4227 3161 4280 τούτων
3190 4232 3400 4299 μητέρα
3429 4233 3644 4303 ἀδελφῷ
3675 4239 4036 4301 συνοικίζουσι

2460 4312 2539 4380 τῷ
2569 4314 2932 4383 Νικομήδους,
2966 4318 3119 4369 αὐτοὶ
3150 4320 3206 4371 δὲ
3234 4322 3547 4392 στράτευμα
3578 4327 3724 4395 παρά
3747 4329 3851 4380 τῶν
3879 4332 4037 4399 εἰρη-

2463 4404 2639 4471 μένων
2684 4408 2995 4476 ἐπιτρόπων
3052 4408 3305 4472 λαὸόντες
3351 4414 3618 4481 ὑπέμενον
3672 4401 3779 4469 τὸν⁸
3812 4421 4031 4489 Ζηῖλαν.

2460 4494 2686 4563 Συχναῖς
2712 4496 2767 4547 δὲ
2797 4498 2996 4565 μάχαις
3038 4501 3129 4551 καὶ
3164 4502 3481 4569 μεταϐολαῖς
3506 4506 3753 4576 ἑκάτεροι
3782 4507 3909 4579 [576
3940 4512 4032 4581 ΙΙ.]

2462 4587 2939 4658 ἀποχρησάμενοι,
2965 4592 3026 4643 τὸ
3048 4594 3353 4646 τελευταῖον
3382 4598 3721 4667 κατέστησαν
3743 4603 4030 4671 εἰςζδιαλύ-

772 4677 1069 4740 iniinicam,
1097 4676 1439 4735 invaserunt,
1473 4672 1541 4725 ad
1588 4671 1847 4725 Callelem
1884 4687 2056 4739 usque
2084 4671 2300 4724 fluvium
2340 4690 2350 4723 :

2464 4694 2594 4742 σεις,
2631 4680 3020 4746 Ἡρακλεωτῶν
3047 4686 3105 4735 ἐν
3128 4687 3250 4746 ταῖς
3276 4685 3475 4753 μάχαις
3504 4688 3900 4756 ἀριστευόντων
3930 4698 4031 4747 κὰν

772 4769 1045 4833 multaque
1078 4767 1231 4818 ditati
1259 4767 1461 4830 praeda,
1500 4764 1722 4814 domum
1761 4764 2107 4828 repetierunt.

2460 4773 2579 4832 ταῖς
2616 4774 2916 4841 συμϐάσεσι
2962 4779 3023 4828 τὸ
3060 4779 3336 4847 συμφέρον
3384 4787 3895 4854 καταπραττόντων,
3942 4793 4031 4845 Διὸ

772 4857 1005 4909 Γαλάται
1036 4856 1109 4915 ὡς
1140 4853 1342 4923 ἐχθρὰν
1377 4853 1474 4920 τὴν
1516 4851 1848 4919 Ἡράκλειαν
1892 4851 2229 4921 κατέδραμον
2256 4851 2357 4914 ἕως
2393 4857 2676 4930 Κάλλητος
2760 4874 3042 4940 ποταμοῦ.
3096 4875 3188 4927 καὶ
3268 4869 3463 4940 πολλῆς
3511 4851 3688 4949 κάμοι
3747 4888 4027 4952 γεγονότες

770 4950 915 5011 λείας
952 4947 1133 5000 οἴκαδε
1168 4944 1550 5013 ἀνεχώρησαν.

1304 5056 1434 5110 CAP.
1474 5054 1669 5109 XXIV.
1696 5086 1766 5099 —
1801 5052 2213 5106 lleracliensium
2248 5058 2549 5123 paciﬁcatio
2571 5063 2709 5117 inter
2737 5070 3052 5125 Antiochum
3073 5087 3119 5127 et
3151 5075 3495 5145 Byzantinos.

838 5176 950 5228 Sub
982 5175 1096 5227 haec
1128 5170 1442 5239 Byzantinis
1496 5171 1765 5223 inferente
1814 5166 2011 5219 bellum
2064 5168 2355 5233 Antiocho,

768 5268 836 5320 40
864 5266 1175 5317 triremibus
1224 5262 1561 5313 lleraclcotre
1612 5259 1944 5311 auxiliantur
1988 5272 2003 5307 :
2060 5267 2113 5310 et
2168 5258 2359 5310 horum

768 5358 966 5409 factum
1011 5365 1092 5408 est
1140 5368 1300 5420 opera
1355 5362 1414 5405 ut
1480 5351 1547 5403 ad
1605 5349 1783 5404 minas
1825 5346 2190 5401 tantummodo
2234 5362 2357 5415 pro-

767 5463 1011 5517 gressum
1046 5446 1276 5499 haberet
1311 5444 1535 5498 bellum.

2536 5155 2861 5222 Βυζαντίους
2917 5164 2973 5215 δὲ
3036 5164 3308 5236 Ἀντιόχου
3364 5169 3726 5240 πολεμοῦντος
3783 5176 4028 5243 τριήρεσι

2463 5251 2846 5319 συνεμάχησαν
2890 5261 2941 5322 μ’
2984 5257 3031 5307 οἱ
3091 5257 3491 5326 Ἡρακλεῶται,
3526 5265 3623 5319 καὶ
3670 5264 3761 5316 τὸν
3794 5268 4028 5335 πόλεμον

2460 5343 2879 5410 παρεσεεύασαν
2906 5346 2950 5377 ⁷⁸
2992 5347 3183 5417 μέχρις
3212 5351 3453 5404 ἀπειλῶν
3482 5355 3770 5425 πρεηκόψαι.

2076 5578 2303 5634 VARI/ﬁ
2358 5577 2760 5633 LECTIONES.

842 5685 885 5715 "
912 5684 1072 5737 αὐτὸν
1101 5686 1411 5756 Λυσίμαχον
1480 5699 1626 5739 corr.
1686 5682 1751 5736 Α.

763 5772 1063 5808 campani:
1091 5773 1147 5818 ς.

1830 5683 1871 5713 ⁶⁹
1904 5680 2105 5733 τούτων
2143 5694 2279 5733 corr.
2307 5678 2372 5732 A.

2450 5678 2493 5707 το
2529 5674 2813 5746 συμμαχίᾳ
2843 5673 3165 5745 Stephanus.
3278 5679 3319 5707 τ’
3367 5677 3441 5747 τῷ
3464 5680 3506 5732 Δ
3536 5698 3548 5734 :
3583 5683 3641 5735 τό
3668 5699 3726 5744 τ.
3832 5685 3877 5715 "
3904 5703 4020 5736 κατ-
