4208 6448
111 405 223 473 901

1215 393 1742 455 BIBLIOTIIECA.
1795 415 1864 428 -
1904 389 2069 451 COD.
2112 388 2413 450 CCXXIV.

3274 390 3379 457 902

366 509 517 565 CAP.
550 507 715 563 XXV.
735 538 801 548 —
827 504 1039 559 lleracl.
1076 501 1375 556 Mithridati
1407 502 1742 553 auxiliantur
1772 508 1955 553 contra
1993 496 2173 550 Gallos
2197 536 2213 561 ,
2238 498 2329 549 sed
2361 509 2506 547 caro.
2549 490 2807 561 Nymphis
2837 493 3135 548 historicus.

189 631 396 700 Συνέϐη
428 631 483 683 δὲ
509 630 624 699 μετ’
653 627 713 680 οὐ
746 626 879 678 πολὺ
907 625 965 690 ἐξ
994 620 1298 692 ἀνθρώπων
1341 621 1697 691 Ἀριοϐαρζά-
1728 629 1774 684 Α

1728 629 1774 684 Α
1872 617 1982 672 Nec
2020 618 2182 685 longe
2212 624 2333 683 post
2377 628 2407 667 e
2446 614 2555 666 vita
2590 615 2899 668 mortalium
2929 617 3189 670 eximitur
3216 620 3375 673 Ario-

114 744 213 794 νην
245 722 520 789 γενέσθαι,
554 719 716 771 παῖδα
744 718 1080 784 Μιθριδάτην
1106 714 1475 768 καταλιπόντα
1513 714 1609 766 καὶ
1642 715 1699 763 ἐν

112 815 351 885 διαφορᾷ.
384 816 519 883 πρὸς
550 812 675 873 τοὺς
720 810 963 871 Γαλάτας
988 808 1274 877 γεγονότα·
1322 804 1387 857 δι’
1424 806 1489 875 ἢν
1518 806 1699 859 αίτίαν

114 907 629 976 καταφρονήσαντες
670 902 762 955 τοῦ
795 902 982 962 παιδὸς
1015 894 1161 953 οὗτοι
1210 898 1309 967 τὴν
1348 896 1512 950 αὑτοῦ
1549 896 1699 964 βασι-

114 998 267 1049 λείαν
320 997 578 1048 ἐσίνοντο.
618 994 728 1046 Καὶ
777 993 1009 1061 ἀπορίας
1055 992 1252 1052 αὐτοὺς
1284 986 1701 1054 καταλαϐούσης

115 1088 496 1156 ἀνελάμϐανον
518 1088 566 1137 oi
596 1086 701 1138 άπὸ
731 1086 826 1151 τῆς
869 1082 1219 1153 Ἡρακλείας,
1254 1084 1397 1133 σῖτον
1430 1080 1508 1141 εἰς
1545 1079 1700 1145 Ἀμι-

116 1182 270 1233 σδν⁷³
305 1181 631 1250 πέμποντες,
658 1178 718 1242 ἐξ
738 1171 803 1249 ἧς
833 1177 961 1245 ῥᾷον
990 1171 1057 1245 ἦν
1084 1176 1209 1235 τοὺς
1239 1172 1332 1246 τοῦ
1367 1170 1699 1240 Μιθριδάτου

117 1276 365 1340 σιτηγεῖν
406 1273 614 1332 ἑαυτοῖς
667 1271 760 1322 καὶ
804 1266 1116 1333 ἐξακεῖσθαι
1171 1264 1269 1334 τὴν
1323 1262 1550 1315 ἔνδειαν.
1601 1260 1701 1312 Διὰ

114 1364 292 1416 ταῦτα
320 1363 481 1416 πάλιν
508 1365 556 1414 οἱ
588 1362 821 1414 Γαλάται
859 1360 938 1422 είς
977 1358 1073 1428 τὴν
1122 1352 1493 1426 Ἡρακλεῶτιν
1530 1352 1701 1421 ἐπεμ-

112 1456 224 1520 ψαν
257 1454 607 1523 στράτευμα,
644 1452 739 1504 καὶ
784 1450 987 1518 ταύτην
1020 1448 1372 1515 κατέτρεχον,
1412 1443 1603 1513 μέχρις
1633 1438 1699 1492 ἂν

112 1550 163 1598 οί
202 1546 578 1615 Ἡρακλεῶται
601 1542 1091 1614 διεπρεσϐεύσαντο
1127 1536 1263 1607 πρὸς
1293 1533 1511 1595 αὐτούς.
1549 1531 1699 1599 Νύμ-

114 1657 207 1707 φις
239 1640 299 1691 δὲ
336 1634 404 1709 ἦν
458 1640 485 1689 ὁ
521 1637 786 1707 ἱστορικὸς
815 1638 843 1688 ό
892 1634 1189 1703 κορυφαῖος
1226 1628 1335 1682 τῶν
1387 1625 1694 1698 πρέσϐεων*

111 1726 169 1786 ὃς
197 1726 291 1777 τὸν
328 1726 427 1794 μὲν
453 1727 681 1796 στρατὸν
710 1726 768 1775 ἐν
794 1722 869 1790 τῷ
900 1720 1063 1790 κοινῷ
1086 1721 1309 1790 χρυσοῖς
1340 1732 1697 1784 πεντακισχι-

112 1817 272 1880 λίοις,
310 1818 435 1879 τοὺς
470 1817 526 1869 δὲ
555 1815 829 1887 ἡγεμόνας
864 1813 970 1882 ἰδίᾳ
999 1812 1293 1872 διακοσίοις
1318 1804 1698 1876 ὑποθεραπεύ-

118 1924 239 1972 σας,
269 1908 367 1977 τῆς
391 1906 573 1978 χώρας
601 1904 981 1974 ἀπαναστῆναι
1010 1901 1443 1973 παρεσκεύασεν.

1806 709 2096 772 barzanes,
2158 704 2435 772 liliumque
2496 704 2756 772 relinquit
2802 704 3166 760 Mithridatem
3222 728 3235 761 :
3289 710 3377 764 cui

1800 800 1926 854 lites
1958 814 2081 853 cum
2132 796 2341 852 Calatis
2378 796 2761 849 intercessere.
2817 794 2987 860 Quam
3035 799 3105 851 ob
3154 813 3374 855 causam

1812 892 1887 954 hi,
1913 897 2222 956 contempta
2260 887 2410 954 pueri
2465 894 2648 948 atate,
2680 900 2908 955 regnum
2952 887 3069 953 ejus
3099 889 3371 945 divexant.

1799 980 2043 1049 Cumque
2066 980 2243 1047 inopia
2271 993 2448 1032 rerum
2475 978 2787 1032 laborarent
2808 977 2936 1046 regii
2960 1016 2977 1041 ,
3001 975 3372 1036 Ileraclienses

1801 1088 1895 1127 eos
1947 1079 2281 1131 sustentant,
2347 1068 2621 1122 frumento
2662 1067 2905 1120 Amisum
2957 1069 3201 1131 advecto,
3232 1074 3374 1125 unde

1802 1164 2016 1219 facilior
2049 1172 2193 1217 esset
2223 1160 2612 1215 Mithridaticis
2643 1161 2820 1214 victus
2851 1161 3003 1229 copia
3026 1203 3039 1224 ,
3076 1170 3130 1215 et
3159 1173 3370 1231 egesta-

1804 1257 1873 1311 tis
1926 1255 2155 1311 medela.
2189 1252 2420 1322 Propter
2472 1253 2588 1307 haec
2640 1254 2837 1307 iterum
2889 1254 3115 1307 hostiles
3159 1254 3210 1306 in
3269 1254 3375 1307 lle-

1801 1348 2151 1403 racleotidem
2202 1346 2388 1413 copias
2448 1346 2687 1412 mittunt,
2743 1360 2971 1414 eamque
3041 1346 3372 1412 depopulan-

1801 1449 1890 1493 tur
1933 1457 1947 1494 :
1992 1454 2163 1509 usque
2234 1438 2361 1493 dum
2410 1440 2479 1493 ab
2537 1437 2973 1492 Heracliensihus
3029 1453 3125 1508 per
3174 1439 3373 1507 legatos

1801 1531 2130 1601 mitigantur.
2167 1529 2426 1599 Princeps
2455 1538 2633 1583 autem
2668 1528 2875 1597 legatus
2921 1537 3039 1581 erat
3090 1527 3370 1597 Nymphis,

1810 1624 2050 1679 historiae
2118 1624 2353 1693 scriptor
2404 1641 2417 1679 :
2474 1622 2563 1691 qui
2598 1637 2717 1674 cum
2757 1620 3052 1674 exercitum
3090 1620 3283 1688 229a
3318 1620 3369 1674 in

1799 1729 2086 1771 commune
2131 1716 2312 1770 aureis
2346 1715 2504 1781 5000,
2542 1714 2813 1782 ducesque
2846 1726 3091 1767 seorsum
3123 1711 3227 1765 200
3273 1712 3367 1765 de—

1800 1806 2083 1871 linivisset,
2123 1817 2181 1862 ut
2215 1823 2245 1861 a
2270 1807 2463 1861 ﬁnibus
2492 1805 2856 1871 discederent,
2888 1803 3089 1859 ellecit.

958 2017 1086 2074 Car.
1125 2016 1313 2071 XXVI.
1336 2046 1407 2057 -—
1435 2014 1708 2069 Ptolemati
1748 2010 2036 2066 liberalitas
2067 2012 2121 2065 in
2166 2008 2549 2064 Heraclienses.

186 2150 516 2219 Πτολεμαῖος
545 2149 600 2202 δὲ
631 2149 660 2201 ὁ
686 2150 786 2221 τῆς
812 2147 1086 2217 Αἰγύπτου
1117 2146 1371 2218 βασιλεὺς
1408 2147 1486 2209 είς
1513 2144 1684 2216 ἄκρον

111 2242 459 2309 εὐδαιμονίας
517 2240 723 2303 ἀναϐὰς
795 2240 1207 2310 λαμπροτάταις
1289 2237 1387 2309 μέν
1458 2238 1686 2308 δωρεαῖς

112 2334 426 2400 εὐεργετεῖν
484 2332 583 2395 τὰς
636 2333 819 2395 πόλεις
869 2332 1162 2402 προήγετο,
1219 2326 1433 2399 έπεμψε
1490 2328 1546 2380 δὲ
1594 2327 1688 2380 καὶ¹

111 2427 222 2486 τοῖς
283 2422 695 2492 Ἡρακλεώταις
764 2424 1006 2494 ἀρτάϐας
1062 2420 1237 2493 πυροῦ
1300 2420 1685 2485 πεντακοσίας,

113 2522 207 2569 καί
238 2516 375 2567 νεὼν
413 2516 597 2577 αὐτοῖς
630 2516 1027 2589 Προκοννησίας
1058 2515 1263 2586 πέτρας
1305 2514 1363 2567 ἐν
1406 2515 1471 2585 τῇ
1522 2515 1691 2583 ἀκρο-

116 2608 268 2660 πόλει
316 2607 612 2675 Ἡρακλέος
638 2608 977 2677 ἀνεδείματο.

1862 2142 2180 2198 Ptolemaeus
2220 2153 2397 2197 autem
2440 2158 2533 2197 rex
2576 2140 2792 2213 Egypti
2826 2182 2840 2207 ,
2895 2140 3213 2196 altissimum
3270 2142 3366 2196 be-

1798 2237 1974 2307 nigna)
2048 2236 2273 2289 fortuna:
2347 2236 2569 2305 gradum
2640 2244 2957 2297 assecutus,
3014 2235 3366 2303 magniﬁcen-

1793 2328 2014 2384 tissimis
2040 2328 2289 2381 civitates
2320 2328 2631 2382 muneribus
2673 2327 2934 2381 demereri
2992 2326 3361 2380 constituerat.

1794 2417 1980 2489 Itaque
2013 2420 2176 2472 etiam
2225 2416 2660 2471 lleracliensibns
2691 2416 2792 2469 500
2827 2414 3044 2469 artabas
3079 2415 3172 2484 (sic
3195 2413 3364 2467 Persa:

1796 2513 2115 2566 medimnum
2144 2510 2349 2579 vocant)
2394 2507 2556 2562 tritici
2591 2508 2755 2573 misit,
2773 2518 2823 2561 et
2859 2505 3366 2575 templumHerculis

1795 2622 1825 2663 e
1851 2604 2216 2660 Proconnesio
2240 2618 2373 2658 saxo
2399 2602 2451 2657 in
2482 2616 2607 2657 arce
2636 2602 2715 2655 eis
2744 2600 3028 2654 exstruxit.

113 2748 247 2802 Car.
304 2747 523 2803 XXVII.
568 2777 638 2789 --
680 2746 899 2802 Summa
965 2736 1330 2801 narrationum
1374 2748 1438 2800 de
1491 2745 1665 2799 Romw
1722 2746 1887 2799 initiis
1942 2756 1991 2799 et
2038 2745 2404 2808 incrementis,
2451 2760 2629 2812 regno,
2693 2741 3010 2801 consulibus,
3084 2739 3363 2805 imperato-

996 2820 1159 2881 ribus,
1186 2819 1333 2871 bellis
1369 2833 1485 2871 cum
1500 2816 1727 2886 Pyrrho,
1770 2818 2045 2884 Annibale,
2082 2814 2294 2879 Perseo,
2319 2816 2595 2869 Antiocho.

186 2953 365 3022 Μέχρι
406 2952 593 3004 τούτου
635 2954 850 3020 φθάσας
888 2956 917 3007 ό
956 2956 1304 3025 συγγραφεὺς
1331 2958 1414 3019 είς
1452 2954 1551 3026 τὴν
1580 2954 1693 3008 τῶν

130 3042 419 3111 Ῥωμαίων
464 3044 826 3113 ἐπικράτειαν
857 3044 955 3116 τὴν
1005 3046 1233 3116 ἐκϐολὴν
1279 3050 1535 3107 ποιεῖται,
1572 3048 1694 3099 ὅθεν

113 3153 172 3187 τε
204 3135 395 3202 γένους
422 3133 648 3199 ἔφυσαν,
680 3136 774 3185 καὶ
810 3135 934 3187 τίνα
964 3135 1163 3203 τρόπον
1212 3136 1308 3203 τῆς
1344 3134 1568 3195 Ἰταλίας
1602 3135 1692 3184 ἐν·

114 3226 289 3278 ταῦοα
320 3226 787 3293 κατιξ›κησαν,ὅσα
814 3242 872 3277 τε
904 3228 982 3286 είς
1004 3226 1102 3294 τὴν
1132 3227 1231 3295 τῆς
1265 3227 1482 3297 Ῥώμης
1512 3230 1690 3283 κτίσιν

114 3318 396 3389 προῦλαϐε
421 3334 478 3369 τε
506 3317 600 3369 καὶ
628 3316 901 3385 ἐπράχθη,
937 3320 1029 3369 καὶ
1057 3318 1165 3370 τῶν
1202 3320 1559 3389 ἑπαρξάντων
1591 3322 1690 3374 αὑ-

1871 2956 1988 3010 Huc
2012 2964 2202 3010 auctor
2244 2970 2567 3025 progressus
2617 2955 2682 3009 ad
2749 2954 3031 3024 imperium
3067 2952 3365 3010 Romanum

1802 3046 2181 3101 excursionem
2212 3046 2340 3099 l'ecit
2371 3062 2384 3100 :
2411 3061 2518 3115 quo
2554 3060 2751 3114 genere
2795 3047 2921 3110 orti,
2953 3048 3219 3115 quomodo
3254 3048 3366 3102 haec

1799 3138 1964 3193 Italiae
1992 3138 2110 3193 loca
2155 3138 2451 3193 insederint
2481 3156 2495 3192 :
2523 3152 2752 3207 quaeque
2792 3148 2916 3193 ante
2947 3141 3132 3192 urbem
3174 3140 3363 3193 condi—

1800 3240 1909 3285 tam
1938 3231 2221 3286 evenerint
2251 3240 2303 3283 et
2341 3240 2489 3297 gesta
2527 3232 2653 3285 sint.
2706 3230 2849 3295 Quos
2897 3231 3058 3283 etiam
3097 3232 3367 3299 principes

1800 3320 2087 3376 habuerint
2120 3361 2134 3386 ,
2161 3321 2474 3390 perstringit
2528 3340 2539 3373 :
2570 3337 2689 3390 quae
2716 3337 2835 3374 cum
2869 3320 2986 3374 aliis
3022 3320 3158 3373 bella
3189 3336 3368 3389 gesse-

113 3412 224 3462 τῶν
250 3410 574 3479 ἐπιτρέχων,
597 3411 689 3462 καὶ
715 3412 851 3479 πρὸς
875 3409 969 3473 οὓς
993 3410 1247 3480 πολέμοις
1272 3412 1689 3483 διηγωνίσαντο,
1719 3450 1763 3512 C

1719 3450 1763 3512 Ο
1797 3414 1926 3478 rint,
1957 3412 2087 3480 quid
2133 3413 2348 3466 condito
2396 3427 2557 3479 regno
2596 3412 2883 3475 acciderit;
2942 3420 2994 3466 et
3044 3420 3101 3465 ut
3156 3413 3364 3465 tandem

117 3504 210 3554 καὶ
260 3504 360 3567 τήν
391 3518 449 3552 τε
480 3501 587 3553 τῶν
633 3500 899 3569 βασιλέων
956 3504 1289 3555 κατάστασιν
1333 3506 1427 3559 καὶ
1470 3506 1569 3577 τὴν
1615 3508 1695 3571 είς

116 3594 361 3654 ὑπάτους
413 3593 510 3661 τῆς
570 3593 869 3662 μοναρχίας
925 3594 1247 3665 μεταϐολὴν,
1278 3595 1426 3660 ὅπως
1482 3614 1541 3650 τε
1592 3598 1697 3650 ὑπὸ

115 3683 374 3734 Γαλατῶν
417 3682 675 3751 Ῥωμαῖοι
706 3684 1018 3753 ἡττήθησαν
1052 3686 1119 3750 ⁷⁸,
1163 3688 1258 3737 καὶ
1286 3687 1402 3756 ἥλω
1433 3688 1499 3740 ἂν
1532 3690 1564 3758 ἡ
1593 3691 1692 3742 πό-

116 3776 224 3836 λις,
277 3774 327 3824 εἰ
376 3773 451 3840 μὴ
491 3772 770 3841 Κάμιλλος
801 3773 848 3803 ⁷⁸
878 3772 1249 3843 ἐπιϐοηθήσας
1290 3774 1387 3844 τὴν
1422 3776 1578 3829 πόλιν
1614 3780 1699 3847 es.

118 3865 344 3933 ῥύσατο.
370 3861 499 3932 [7⁸25
534 3862 622 3932 IL]
649 3862 837 3926 Ὅπως
863 3880 921 3915 τε
950 3864 1043 3916 ἐπὶ
1066 3866 1165 3934 τὴν
1206 3867 1391 3919 Ἀσίαν
1448 3868 1697 3933 Ἀλεξάν-

115 3959 231 4027 ἱρῳ
263 3956 617 4018 διαϐαίνοντι,
666 3957 756 4008 καὶ
800 3957 1132 4027 γράψαντιῆ
1182 3962 1427 4028 κρατεῖν,
1465 3960 1559 4012 ἐάν
1602 3960 1700 4030 ἆρ-

118 4067 236 4118 χειν
262 4048 546 4109 δύνωνται,
578 4047 608 4115 ἦ
646 4049 760 4108 τοῖς
795 4048 1099 4117 κρείττοσιν
1131 4049 1396 4113 ὑπείκειν,
1436 4052 1697 4120 στέφανον

120 4140 360 4212 χρυσοῦν
394 4141 501 4192 άπὸ
535 4138 733 4192 ἱκανῶν
757 4140 1029 4193 ταλάντων
1065 4141 1323 4208 Ῥωμαῖοι
1350 4144 1695 4214 ἐξέπεμψαν

122 4236 218 4285 καὶ
259 4234 336 4295 ὡς
371 4233 505 4301 πρὸς
532 4230 901 4299 Ταραντίνους
942 4234 1035 4283 καὶ
1070 4233 1283 4303 Πύρρον
1307 4236 1352 4266 ⁷⁸
1382 4235 1472 4288 τὸν
1512 4236 1699 4290 Ἠπει-

126 4325 309 4394 ρώτην
369 4321 758 4391 συμμαχοῦντα
806 4322 1017 4385 τούτοις
1073 4324 1437 4397 ἐπολέμησαν,
1490 4330 1582 4381 καὶ
1630 4330 1699 4384 τά

125 4416 226 4482 μὲν
261 4412 559 4476 παθόντες,
593 4413 660 4464 τὰ
690 4412 745 4464 δὲ
775 4412 959 4473 κακῶς
1005 4414 1133 4476 τοὺς
1191 4417 1482 4486 πολεμίους
1517 4420 1697 4473 διαθέ-

125 4521 302 4573 μενοι,
336 4500 703 4571 Ταραντίνους
736 4502 834 4571 μὲν
859 4504 1227 4572 ὑπηγάγοντο,
1252 4506 1467 4579 Πύρρον
1496 4510 1552 4563 δὲ
1588 4511 1698 4565 τῶν

120 4596 221 4664 τῆς
268 4594 497 4656 Ἰταλίας
523 4595 833 4663 ἀπήλασαν.
872 4596 1012 4649 Ὅσα
1039 4614 1096 4649 τε
1128 4598 1265 4668 πρὸς
1295 4600 1700 4672 Καρχηδονίους

123 4687 219 4739 καὶ
266 4683 514 4736 Ἀννίϐαν
551 4684 845 4752 Ῥωμαίοις
892 4684 1160 4754 ἐπράχθη,
1218 4688 1312 4737 καὶ
1345 4688 1443 4739 ὅσα
1478 4689 1522 4719 ⁷⁷
1563 4690 1699 4761 πρὸς

1798 3504 1943 3573 regis
1964 3514 2206 3573 potestas
2233 3504 2285 3557 in
2314 3503 2604 3557 consulare
2631 3513 2833 3557 mutata
2860 3503 3018 3556 fuerit
3060 3503 3366 3571 imperium,

1802 3604 1963 3663 utque
2010 3610 2040 3648 a
2070 3593 2236 3649 Gallis
2268 3594 2494 3649 Romani
2527 3595 2748 3658 deviCti,
2798 3604 2951 3662 capta
2978 3595 3364 3662 prOpemotlutn

1799 3702 1924 3741 arce
1961 3702 2085 3741 cum
2111 3688 2243 3741 urbe
2274 3729 2286 3751 ,
2326 3688 2425 3740 nisi
2481 3698 2695 3740 maturo
2740 3687 3126 3755 superveniens
3164 3686 3367 3740 auxilio

1796 3775 2053 3829 Camillus
2093 3790 2213 3830 eam
2263 3777 2550 3831 liberasset
2582 3795 2595 3830 :
2625 3786 2683 3829 ut
2720 3776 2880 3829 etiam
2929 3774 3256 3837 Alexandro,
3308 3782 3359 3829 in

1800 3867 1980 3921 Asiam
2015 3866 2324 3935 trajicienti,
2354 3876 2409 3921 et
2436 3883 2531 3937 per
2562 3867 2766 3922 litteras
2792 3867 2870 3921 eis
2902 3867 3261 3930 denuntianti,
3301 3878 3359 3921 ιιι

1800 3969 1892 4013 aut
1924 3960 2223 4026 vincerent,
2275 3961 2319 4015 si
2370 3960 2609 4028 gerendo
2656 3960 2880 4027 imperio
2919 3970 3100 4013 essent
3154 3960 3359 4021 idonei,

1799 4059 1890 4105 aut
1921 4051 2319 4119 potentioribus
2372 4054 2644 4114 cederent,
2682 4066 2898 4104 auream
2938 4065 3189 4105 coronam
3220 4051 3360 4119 (qnw

1800 4142 2013 4197 talentis
2040 4157 2143 4195 non
2170 4143 2355 4211 paucis
2381 4145 2674 4211 constaret)
2703 4150 2891 4197 contra
2916 4143 3177 4196 miserint.
3215 4142 3280 4194 Et
3308 4151 3366 4194 ut

1798 4234 1937 4289 bella
1978 4236 2244 4306 gesserint
2292 4238 2548 4291 adversus
2578 4235 2940 4299 Tarentinos,
2992 4244 3047 4288 et
3094 4232 3360 4305 Pyrrhum

1798 4324 2088 4392 Epiroten,
2143 4326 2243 4380 hos
2288 4326 2488 4380 auxilio
2538 4327 2864 4397 juvantem:
2906 4335 2959 4381 et
2999 4335 3076 4389 ut,
3121 4340 3225 4394 qua
3270 4340 3365 4393 pa-

1796 4417 1997 4481 tiendo,
2038 4432 2142 4485 qua
2190 4417 2470 4472 inferendo
2508 4419 2721 4483 clades,
2763 4419 2944 4471 hostes
2998 4418 3208 4471 tandem
3265 4418 3364 4471 do-

1799 4509 2077 4573 mtterint,
2132 4519 2186 4561 et
2240 4509 2505 4579 Pyrrltttnt
2562 4510 2712 4564 Italia
2769 4510 3085 4578 expulerint.
3132 4509 3365 4579 Quaeque

1797 4616 1917 4654 cum
1950 4602 2468 4671 Carthaginensibus
2513 4611 2568 4656 et
2612 4601 2875 4656 Annibale
2924 4602 3134 4669 negotia
3176 4601 3361 4655 conle-

1800 4690 1971 4743 rerint
2003 4707 2016 4743 :
2048 4700 2102 4743 et
2136 4704 2253 4757 qua:
2304 4700 2489 4745 contra
2554 4689 2852 4759 Hispanos,
2909 4705 3032 4744 cum
3081 4691 3192 4755 alii,
3253 4701 3361 4742 tum

127 4778 248 4847 ’16η
261 4794 356 4847 ρας
387 4776 568 4837 ἄλλοις
606 4792 664 4827 τε
698 4776 788 4827 καὶ
818 4776 1075 4829 Σκιπίωνι
1109 4778 1465 4850 κατωρθώθη,
1505 4782 1599 4833 καὶ
1623 4782 1697 4845 ὡς
1729 4793 1774 4849 D

1729 4793 1774 4849 ι)
1805 4778 2002 4848 Scipio,
2041 4778 2209 4833 Marte
2243 4782 2479 4836 secundo
2520 4782 2827 4852 peregerint
2867 4800 2879 4835 ι
2916 4790 3078 4851 utque
3114 4782 3198 4835 hic
3239 4780 3360 4833 Ilis-

122 4871 280 4937 παρά
308 4866 415 4919 τῶν
460 4866 680 4934 Ἰϐήρων
716 4867 965 4936 βασιλεὺς
1008 4868 1300 4937 ψηφισθεὶς
1326 4872 1427 4924 οὐκ
1456 4873 1692 4939 ἐδέξατο,

122 4963 275 5021 ὅπως
310 4976 368 5010 τε
403 4958 877 5028 καταπολεμηθεὶς
916 4959 1115 5028 ἔφυγεν
1152 4958 1418 5024 ’Δννίϐας.
1472 4965 1581 5018 Καὶ
1619 4965 1695 5028 ὡς

126 5054 303 5120 πέραν
334 5050 428 5102 τοῦ
472 5051 677 5101 Ἰωνίου
724 5050 979 5121 Ῥωμαῖοι
1009 5050 1264 5120 διέϐησαν
1288 5068 1302 5082 ⁸
1335 5054 1429 5105 καὶ
1456 5053 1532 5117 ὡς
1557 5056 1698 5125 Περ-

127 5147 259 5207 σεὺς
288 5146 315 5196 ό
338 5143 609 5195 Φιλίππου
634 5143 731 5212 τὴν
759 5143 1083 5197 Μακεδόνων
1116 5144 1292 5215 ἀρχὴν
1320 5144 1696 5216 ἐκδεξάμενος,

126 5240 220 5289 καὶ
251 5236 353 5298 τάς
389 5236 661 5304 συνθήκας
686 5235 812 5307 [577
863 5234 955 5305 IL]
984 5236 1083 5298 τάς
1110 5238 1246 5305 πρὸς
1276 5238 1367 5290 τὸν
1398 5238 1563 5291 αὑτοῦ
1594 5256 1697 5292 πα-

124 5328 260 5396 τέρα
320 5327 613 5396 Ῥωμαίοις
658 5329 1027 5397 γεγενημένας
1075 5328 1288 5398 νεότητι
1332 5330 1515 5395 κινῶν,
1570 5348 1701 5384 κατ·

125 5419 463 5490 επολεμήθη,
518 5418 728 5472 Παύλου
776 5420 839 5473 τὸ
876 5420 997 5473 κατ’
1048 5422 1273 5476 αύτδντ⁸
1305 5422 1703 5493 ἀναστήσαντος

1801 4885 2063 4939 panorutn
2095 4873 2312 4926 decreto
2345 4888 2436 4927 rex
2468 4874 2790 4942 appellatus,
2826 4874 3081 4928 honorem
3126 4888 3229 4926 non
3262 4874 3361 4925 atl-

1804 4962 2012 5015 miserit
2064 4977 2079 5015 :
2134 4974 2193 5017 ut
2246 4964 2542 5019 debellatus
2587 4966 2817 5019 Annibal
2881 4965 3099 5033 fugerit.
3158 4963 3253 5018 Hic
3304 4977 3362 5016 ιιι

1802 5050 2008 5105 Ionium
2042 5058 2610 5117 maretransmissum,
2637 5064 2690 5108 et
2717 5070 2836 5108 cum
2865 5055 3081 5118 Perseo,
3135 5054 3358 5122 Philippi

1803 5145 1856 5197 in
1888 5158 2055 5213 regno
2102 5142 2456 5199 Macedonum
2514 5146 2759 5209 haerede,
2816 5147 2941 5201 dum
2996 5146 3166 5200 {tedas
3239 5162 3357 5199 cum

1804 5248 1959 5305 patre
1987 5252 2015 5289 a
2043 5234 2302 5291 Romanis
2338 5251 2673 5307 percussum,
2686 5238 2909 5305 juvenili
2941 5239 3240 5292 temeritate
3275 5253 3357 5289 rv-

1805 5327 2037 5392 scindit,
2089 5330 2160 5383 sit
2214 5329 2571 5393 debellatum,
2635 5328 2857 5384 AEmilio
2904 5329 3066 5383 Paulo
3130 5330 3196 5383 de
3245 5330 3359 5397 ipso

1811 5421 2193 5489 triumphante.
2224 5420 2294 5477 Ut
2337 5423 2687 5486 Antiochum,
2742 5422 2911 5492 Syria:
2950 5432 3005 5475 et
3046 5421 3361 5488 Comagnna!

1400 5594 1633 5650 VARIIE
1688 5594 2085 5651 LECTIONES.

197 5732 243 5763 τι
264 5730 641 5803 ΙΑμησᾷνίςη
672 5732 735 5803 7⁷⁵
767 5732 1097 5802 ἡττήθησαν,
1155 5734 1472 5803 ἡττηθέντες
1497 5736 1559 5790 Α.

124 5802 287 5854 αὑτοῦ
337 5802 597 5870 Scaliger.
630 5801 767 5857 idem
823 5801 1228 5873 ntux'eXpungit
1264 5801 1417 5873 πρός.

1638 5737 1679 5769 ⁷⁵
1703 5735 1959 5805 Κάμηλος
2004 5738 2068 5790 Λ.

2174 5739 2218 5768 ⁷⁸
2279 5738 2449 5809 Πύρον
2480 5741 2541 5791 Α.
2651 5740 2689 5768 ⁷⁷
2720 5740 2816 5791 ὅσα
2861 5753 2919 5790 τε
2951 5755 3008 5802 ς’.
3086 5740 3129 5770 ’⁸
3181 5737 3360 5809 αύτδνζ
