4208 6448
793 367 897 434 903

1968 374 2194 434 ΙἾΙΟΤΙ
2206 376 2230 435 Ι
2271 376 2773 438 PATRIARCII/E
2804 380 2910 440 ΠΡ.

3918 382 4032 445 9οι

792 500 848 539 et
903 484 1100 540 Jndmze
1152 498 1366 551 regem,
1425 482 1638 540 duabus
1682 486 1874 555 pugnis
1928 487 2239 554 infractum,
2285 506 2348 543 ex
2387 499 2428 551 Α

2387 499 2428 551 Α
2461 493 2756 558 τρόπαιον·
2797 494 2945 555 ὅπως
2986 510 3045 545 τε
3087 494 3221 562 πρδς
3260 494 3523 563 ’Λντίοχον
3570 494 3661 545 τὸν
3707 493 3903 561 Συρίας
3927 496 4032 544 καὶ

796 578 1005 647 Europa
1036 578 1319 647 ejecerint.

2470 585 2805 653 Κομαγήνης
2859 586 2954 637 καὶ
2995 586 3252 649 Ἰουδαίας
3299 589 3345 619 ⁷⁸
3396 587 3623 655 βασιλέα
3660 586 3781 637 δυσὶ
3828 585 4034 653 μάχαις

2467 677 2784 743 νικήσαντες
2812 678 2907 745 τῆς
2934 676 3199 746 Εὐρώπης
3230 677 3507 741 ἐξέϐαλον.

1159 799 1290 854 Car.
1315 798 1546 853 XXVIII.
1576 830 1645 840 —
1667 801 2079 854 Heracliensium
2111 803 2263 871 legati
2304 819 2335 854 (ι
2371 802 2620 858 Romanis
2662 807 2713 857 in
2743 807 2866 858 Asia
2895 808 3111 861 ducibus
3155 810 3448 860 humaniter
3471 806 3679 873 accepti.

873 925 965 979 Illa
998 925 1159 994 igitur
1189 924 1293 977 huc
1314 939 1482 991 usque
1515 925 1583 979 de
1625 925 1848 992 imperio
1876 925 2115 978 Romano
2164 942 2372 980 commc

804 1028 976 1071 morat
1002 1026 1209 1071 auctor.
1250 1015 1453 1069 Exinde
1495 1017 1823 1084 propositam
1850 1016 1948 1068 sibi
1986 1016 2265 1069 historiam
2294 1018 2366 1070 ita

803 1106 1099 1162 continuat.
1121 1106 1516 1169 IIeracIienses,
1537 1106 1905 1160 Romanorum
1937 1107 2101 1161 duces
2126 1110 2175 1159 in
2194 1108 2375 1161 Asiam

807 1212 1192 1264 transgressos,
1224 1197 1405 1249 missis
1438 1199 1627 1265 legatis
1650 1197 2001 1260 conveniunt,
2036 1199 2123 1264 qui
2154 1199 2379 1250 comiter

806 1292 1031 1359 accepti,
1059 1290 1265 1342 litteras
1283 1290 1476 1357 2296
1503 1291 1855 1343 humanitatis
1876 1292 2137 1358 plenasah
2155 1292 2374 1345 AEmilio

807 1383 970 1435 Paulo
1001 1382 1114 1449 (al.
1155 1380 1345 1433 Publio
1380 1380 1622 1447 Emilio)
1669 1382 1965 1433 retulerant
2011 1398 2023 1433 :
2065 1382 2258 1450 quibus
2320 1393 2373 1436 et

807 1474 1037 1525 amicum
1071 1472 1199 1538 ipsis
1236 1470 1348 1523 fore
1383 1482 1656 1533 senatum,
1691 1486 1789 1525 nec
1821 1471 1925 1524 ulla
1967 1472 2017 1524 in
2046 1488 2103 1525 re
2144 1474 2373 1538 pruden-

810 1563 937 1614 tiam
987 1563 1348 1613 Romanorum
1399 1572 1453 1615 et
1500 1578 1687 1616 curam
1721 1564 1799 1629 (si
1848 1566 2061 1630 quando
2119 1565 2201 1617 his
2231 1566 2370 1618 indi-

809 1652 1002 1721 geant)
1047 1651 1351 1704 defuturam
1410 1652 1714 1719 pollicetur.
1762 1654 2019 1721 Deinceps
2065 1655 2222 1707 etiam
2305 1658 2368 1708 ad

808 1742 1123 1795 Cornelium
1181 1741 1508 1808 Scipionem,
1552 1745 1643 1810 «uti
1681 1743 1915 1798 Africam
1948 1744 2207 1799 Romanis
2239 1746 2373 1799 bello

810 1835 1065 1897 aSsernit,
1110 1834 1429 1901 legationem
1477 1836 1696 1900 misere,
1745 1846 1993 1889 testatam
2032 1839 2182 1906 prius
2234 1840 2371 1891 ami-

811 1926 989 1977 citiam
1022 1935 1077 1977 ut
1110 1926 1512 1978 conﬁrmarent.
1539 1928 1602 1980 Et
1629 1938 1748 1995 post
1772 1930 1885 1982 hazc
1910 1931 2155 1983 eumdem
2186 1944 2374 1982 rursus

810 2032 908 2083 per
930 2017 1135 2083 legatos
1168 2026 1343 2081 orant,
1383 2028 1440 2070 ut
1471 2020 1796 2072 Antiochum
1829 2019 1879 2073 in
1906 2020 2129 2089 gratiam
2152 2032 2375 2088 reponat

812 2111 951 2174 apud
980 2109 1250 2162 Romanos
1282 2126 1294 2160 :
1327 2121 1380 2163 et
1408 2114 1709 2180 perscripto
1746 2113 1811 2165 ad
1852 2129 2027 2183 regem
2069 2115 2371 2180 plebiscito,

810 2211 871 2253 ut
904 2201 1096 2253 bellum
1152 2210 1335 2253 contra
1382 2201 1655 2257 Romanos
1702 2204 1953 2272 deponat,
1998 2206 2372 2258 adhortantur.

809 2291 1089 2344 Cornelius
1130 2292 1291 2343 etiam
1348 2291 1530 2359 Scipio
1564 2332 1579 2355 ,
1640 2292 1975 2349 Ileracleotis
2021 2297 2323 2351 rescr'ibens
2357 2337 2371 2357 ,

811 2382 913 2434 hac
953 2382 1303 2449 inscriptione
1360 2384 1571 2435 utitur:
1616 2382 1792 2449 Scipio
1826 2387 2133 2453 imperator,
2168 2406 2369 2453 procos.

814 2470 1193 2537 Romanorum,
1224 2474 1427 2526 senatui
1455 2473 1746 2544 populoque
1779 2475 2188 2530 Heracliensium
2239 2478 2375 2530 salu-

814 2576 932 2615 tem.
963 2564 1025 2616 Et
1068 2565 1149 2616 his
1182 2565 1375 2617 litteris
1411 2565 1843 2619 benevolentiam
1870 2583 1994 2635 erga
2034 2570 2176 2635 ipsos
2200 2579 2370 2621 ratam

809 2666 862 2705 et
890 2656 1093 2706 lirtnattl
1128 2670 1276 2716 esse,
1324 2666 1379 2705 et
1410 2655 1604 2708 bellum
1637 2671 1759 2710 cum
1802 2658 2067 2712 Antiocho
2124 2659 2369 2724 solvisse,

811 2745 1079 2797 Romanos
1163 2744 1415 2799 allirmat.
1496 2746 1698 2800 Eadem
1754 2764 1873 2817 quae
1922 2748 2143 2814 Lucius,
2211 2751 2369 2805 etiam

810 2835 868 2887 Ρ.
901 2835 1185 2887 Cornelius
1239 2835 1417 2901 Scipio
1463 2837 1578 2905 ejus
1626 2837 1818 2902 frater,
1863 2846 1916 2891 et
1952 2838 2138 2892 classis
2168 2839 2371 2907 prml’e—

806 2936 949 2987 ctus,
981 2925 1438 2989 lleracliensibus,
1482 2936 1605 2993 post
1653 2927 1870 2980 missam
1917 2928 2238 2996 legationem
2290 2946 2372 2984 re-

806 3016 1042 3081 spondit.
1072 3016 1227 3067 Brevi
1256 3025 1377 3082 post
1406 3016 1706 3069 Antiochus
1741 3016 1933 3068 bellum
1977 3017 2236 3070 adversus
2264 3017 2371 3070 Ro-

2543 928 2623 978 Τὰ
2643 929 2687 958 ⁸ο
2731 928 2828 995 μὲν
2872 924 2963 981 οὖν
2999 930 3128 994 περῖ
3174 929 3270 995 τῆς
3317 926 3626 994 Ῥωμαῖκῆς
3665 924 3839 991 ἀρχῆς
3873 924 4037 991 μέχρι

2472 1020 2623 1071 τοῦδε
2662 1019 2852 1072 δίεισιν
2906 1023 2933 1071 6
2974 1019 3320 1087 συγγραφεύς
3353 1035 3367 1048 ·
3406 1016 3685 1068 ἀναλαϐὼν
3724 1015 3779 1065 δὲ
3834 1016 4039 1082 γράφει

2475 1112 2620 1169 ὅπως
2681 1111 3075 1181 Ἡρακλεῶται,
3130 1109 3683 1179 διαπρεσϐευσάμενοι
3727 1106 3862 1172 πρὸς
3910 1106 4039 1164 τοὺς

2475 1203 2583 1253 τῶν
2624 1201 2910 1270 Ῥωμαίων
2938 1203 3276 1272 στρατηγοὺς
3307 1202 3397 1253 ἐπὶ
3431 1200 3528 1269 τὴν
3571 1198 3753 1249 Ἀσίαν
3778 1196 4039 1262 διαϐεϐη-

2480 1293 2666 1353 κότας,
2714 1293 2964 1359 ἀσμένως
2992 1310 3049 1344 τε
3090 1291 3461 1359 ἁπεδέχθησαν
3508 1291 3598 1341 καὶ
3642 1288 3928 1354 ἐπιστολῆς
3951 1306 4041 1353 φι-

2480 1381 2899 1450 λοφρονούμενοι
2938 1382 3125 1450 ἔτυχον
3162 1382 3231 1443 ⁸¹,
3277 1380 3509 1433 Ποπλίου
3550 1378 3753 1442 ταύτην
3782 1379 4041 1429 ἀποστεί-

2477 1473 2689 1535 λαντος,
2719 1474 2779 1525 ὲν
2874 1474 3058 1542 φιλίαν
3090 1490 3149 1524 τε
3190 1473 3325 1542 πρὸς
3365 1471 3561 1531 αὖτοὺς
3598 1471 3698 1537 τῆς
3736 1469 4041 1536 συγκλήτου

2480 1564 2678 1631 βουλῆς
2723 1566 3058 1633 ὑπισχνεῖτο,
3101 1566 3193 1616 καὶ
3247 1563 3312 1614 τὰ
3371 1562 3502 1614 ἄλλα
3552 1561 3803 1630 προνοίας
3836 1577 3894 1610 τε
3947 1561 4044 1609 καὶ

2480 1656 2816 1720 ἐπιμελείας,
2850 1655 3067 1707 ἐπειδάν
3107 1671 3249 1714 τινος
3298 1652 3474 1704 αὐτῶν
3516 1650 3737 1705 δέοιντο,
3771 1649 4044 1714 μηδεμιᾶς

2484 1746 2845 1814 ὑστερεῖσθαι.
2880 1746 3147 1814 ’Ὕστερον
3190 1743 3245 1795 δὲ
3291 1744 3383 1793 καὶ
3418 1742 3550 1808 πρὸς
3584 1739 3880 1807 Κορνήλιον
3916 1739 4045 1788 Σκι-

2478 1837 2651 1890 πίωνα
2674 1838 2764 1888 τὸν
2782 1836 2879 1903 τὴν
2901 1835 3107 1903 Λιϐύην
3130 1833 3418 1901 Ῥωμαίοις
3453 1832 3790 1899 στησάμενον
3809 1828 4045 1895 διαπέμ-

2476 1944 2636 1978 πουσι
2680 1926 2993 1994 πρεσϐείαν,
3030 1926 3129 1994 τὴν
3183 1923 3602 1990 ὡμολογημένην
3637 1922 3816 1988 φιλίαν
3859 1921 4046 1970 ἐπικυ-

2480 2018 2716 2086 ροῦντες.
2743 2018 2897 2070 Μετά
2918 2016 3086 2069 ταῦτα
3109 2016 3164 2066 δὲ
3188 2015 3344 2067 πάλιν
3368 2015 3502 2081 πρὸς
3522 2013 3611 2063 τὸν
3639 2012 3796 2063 αὑτὸν
3815 2012 4041 2075 διαπρε-

2476 2109 2781 2170 σϐεύονται,
2836 2109 3170 2161 διαλλάττειν
3214 2108 3347 2174 πρὸς
3402 2106 3706 2174 Ῥωμαίους
3761 2103 4047 2169 ἀξιοῦντες

2473 2202 2566 2252 τὸν
2626 2200 2849 2268 βασιλέα
2894 2200 3194 2269 Ἀντίοχον·
3248 2200 3343 2251 κα)⁵
3390 2198 3643 2265 ψήφισμα
3701 2195 3835 2263 πρὸς
3878 2195 4045 2246 αὑτὸν

2476 2292 2716 2361 ἔγραψαν
2740 2293 2808 2358 ⁸²,
2838 2291 3225 2362 παραινοῦντες
3257 2290 3416 2342 αὑτὸν
3446 2290 3543 2357 τὴν
3568 2288 3702 2355 πρὸς
3736 2286 4045 2353 Ῥιιιμαίους

2474 2386 2829 2438 διαλύσασθαι
2862 2388 2908 2417 ⁸⁸
2956 2385 3179 2454 ἔχθραν.
3225 2386 3282 2435 '0
3343 2384 3398 2435 δὲ
3463 2381 3754 2449 Κορνήλιος
3797 2380 4045 2431 Σκιπίων

2474 2477 2902 2530 ἁντεπιστέλλων
2948 2480 3059 2538 τοῖς
3107 2474 3505 2544 Ἡρακλεώταις
3546 2472 3836 2538 ἐπιγράφει
3872 2468 4039 2519 οὕτω·

2475 2572 2735 2623 Σκιπίων
2833 2568 3167 2637 στρατηγὸς
3196 2606 3210 2625 ,
3298 2565 3638 2627 ἀνθύπατος
3713 2562 4040 2628 Ῥωμαίων.

2484 2657 2907 2727 Ἡρακλεωτῶν
2930 2655 3222 2724 τῇβουλῇ
3258 2655 3354 2707 καὶ
3387 2653 3463 2716 τῷ
3493 2654 3656 2721 δήμῳ
3695 2654 3944 2719 χαίρειν,
3983 2653 4043 2700 ἐν

2474 2753 2646 2824 ταύτῃ
2690 2754 2786 2821 τήν
2812 2770 2869 2804 τε
2902 2752 3039 2820 πρὸς
3066 2751 3258 2813 αὐτοὺς
3291 2750 3508 2802 εὖνοιαν
3542 2746 3890 2805 ὲπιϐεϐαιῶν,
3945 2746 4043 2795 καὶ

2473 2848 2550 2908 ώς
2607 2844 2947 2896 διαλύσαιντο
2979 2844 3239 2911 Ῥωμαῖοι
3274 2842 3374 2909 τὴν
3423 2840 3560 2907 πρὸς
3605 2837 3875 2904 Ἀντίοχον
3933 2838 4043 2903 μά-

2473 2956 2596 3005 χην.
2660 2937 2740 2987 Τὰ
2786 2937 2926 2987 αὐτὰ
2988 2934 3044 2986 δὲ
3098 2932 3311 3001 Λευκίῳ
3344 2932 3389 2962 ⁸⁸
3448 2928 3679 2988 Πόπλιος
3738 2927 4042 2994 Κορνήλιος

2472 3026 2712 3078 Σκιπίων
2756 3025 2785 3075 6
2820 3024 3046 3092 ἁδελφὸς
3078 3025 3171 3075 καὶ
3200 3022 3498 3092 στρατηγὸς
3518 3021 3610 3072 τοῦ
3641 3018 3895 3071 ναυτικοῦ
3927 3023 4043 3080 τοῖς

806 3119 992 3156 mauos
1025 3103 1379 3172 redintegrat,
1428 3114 1482 3157 et
1516 3104 1708 3172 proelio
1733 3106 1959 3158 summis
1986 3105 2190 3159 viribus
2218 3121 2363 3159 com-
2396 3135 2437 3191 ο

2396 3135 2437 3191 c
2484 3111 2889 3185 Ἡρακλεώταις
2922 3112 3512 3181 διαπρεσϐευσαμένοις
3540 3108 3867 3176 ἀντέγραψε.
3905 3109 4039 3161 Μετ’

804 3197 969 3246 misso
1023 3196 1219 3258 victus,
1274 3210 1423 3247 arma
1496 3196 1736 3263 deponit,
1783 3197 1930 3263 pacis
1972 3198 2371 3251 conditionibus

802 3284 1055 3349 acceptis.
1095 3283 1223 3348 Quae
1253 3292 1305 3337 et
1343 3294 1452 3336 tota
1484 3300 1605 3338 eum
1652 3284 1781 3339 Asia
1818 3285 2025 3341 Minore
2057 3287 2367 3351 excludunt,

800 3383 855 3425 et
882 3374 1185 3441 elephantis
1235 3376 1556 3442 naviumque
1616 3376 1781 3430 classi
1815 3392 1936 3430 eum
1986 3380 2221 3445 privant,
2269 3380 2371 3432 Co-

802 3481 1023 3529 magena
1070 3475 1123 3518 et
1173 3465 1326 3535 Syria
1370 3478 1421 3520 et
1478 3468 1660 3521 Jadtea
1706 3471 2083 3525 tantunnnodo
2142 3471 2366 3525 relictis.

800 3556 1227 3610 lleraclicnsium
1280 3559 1475 3611 dehinc
1534 3561 1730 3613 civitas
1778 3560 1915 3627 apud
1962 3561 2368 3628 imperatorum,

798 3649 973 3715 (quos
1016 3648 1171 3699 modo
1197 3648 1303 3700 dixi
1334 3651 1348 3714 )
1385 3650 1579 3704 missos
1610 3665 1640 3702 a
1689 3650 1947 3704 Romanis
2000 3665 2370 3712 successores,

795 3741 982 3791 eadem
1011 3740 1182 3808 gratia
1217 3750 1271 3793 et
1299 3741 1635 3795 humanitate
1695 3744 1897 3810 potitur
1925 3761 1937 3795 :
1977 3745 2146 3799 donec
2177 3746 2241 3797 ad
2277 3744 2373 3799 has

797 3832 1007 3881 tandem
1042 3832 1181 3898 leges
1209 3832 1349 3884 inter
1380 3832 1655 3888 Romanos
1682 3844 1733 3887 et
1762 3833 2108 3889 Heracleotas
2160 3851 2372 3903 proces-

794 3937 909 3974 sum
929 3933 1041 3975 est:
1070 3933 1123 3973 ut
1153 3940 1250 3975 non
1274 3926 1425 3976 modo
1445 3926 1733 3977 amicitiam
1751 3927 1887 3978 inter
1914 3942 1989 3991 se,
2015 3943 2191 3980 verum
2216 3929 2371 3979 etiam

790 4015 1107 4075 societatem,
1152 4024 1333 4066 contra
1372 4033 1501 4082 quos
1537 4027 1583 4068 et
1642 4034 1862 4081 quorum
1896 4019 2071 4084 gratia
2120 4036 2247 4085 opus
2274 4020 2363 4081 sit,

790 4104 985 4154 rotant.
1025 4103 1269 4170 Suntque
1303 4104 1520 4158 imiteris
1565 4105 1724 4173 hujus
1770 4116 1958 4173 pacta,
2008 4106 2245 4173 ejusdem
2283 4117 2365 4159 te-

792 4194 940 4247 noris
990 4204 1045 4246 et
1119 4194 1326 4260 lormze,
1386 4197 1435 4249 in
1493 4195 1703 4249 tabulas
1775 4212 1950 4250 teneas
2000 4198 2165 4250 relata
2210 4198 2363 4261 duas,

789 4300 1017 4347 quorum
1046 4286 1213 4338 altera
1265 4302 1428 4354 penes
1478 4286 1778 4349 Romanos,
1831 4288 1881 4341 in
1912 4287 2233 4355 Capitolino,
2270 4287 2363 4341 Jo—

787 4375 871 4427 vis
896 4378 1113 4444 templo,
1144 4377 1314 4431 altera
1351 4377 1646 4440 Heraclctp,
1679 4380 1842 4431 etiam
1869 4380 1981 4448 ipsa
2011 4382 2064 4433 in
2096 4379 2247 4433 Jovis
2272 4396 2361 4434 sa-

788 4470 964 4518 erario
990 4476 1072 4520 est
1098 4467 1277 4519 aﬂixa.

2471 3205 2530 3256 ού
2584 3203 2717 3256 πολὺ
2761 3204 2818 3255 δὲ
2862 3203 3025 3255 πάλιν
3081 3203 3161 3263 είς
3208 3205 3386 3269 μάχην
3434 3201 3701 3267 Ἀντίοχος
3744 3200 4043 3267 Ῥωμαίοις

2469 3295 2734 3362 κατέστη,
2794 3294 2889 3346 καὶ
2940 3294 3044 3346 ἀνὰ
3075 3293 3276 3361 κράτος
3307 3291 3560 3361 ἡττηθεὶς
3596 3292 3689 3342 ἐπὶ
3742 3290 4042 3353 συνθήκαις

2466 3386 2747 3438 διελύσατο
2788 3386 2888 3453 τὴν
2952 3385 3172 3454 ἔχθραν,
3237 3384 3292 3435 αἳ
3354 3384 3448 3434 καὶ
3488 3384 3587 3450 τῆς
3646 3382 3826 3441 Ἀσίας
3877 3383 4041 3434 αὐτὸν

2467 3480 2686 3547 ἀπάσης
2716 3481 3003 3545 ἀπεῖργον,
3035 3479 3128 3530 καὶ
3158 3478 3280 3538 τοὺς
3306 3477 3601 3543 ἐλέφαντας
3633 3478 3727 3528 καὶ
3756 3476 3865 3526 τῶν
3893 3476 4042 3542 νηῶν

2472 3569 2881 3637 συναφῃροῦντο
2920 3569 3010 3620 τὸν
3036 3567 3239 3629 στόλον,
3276 3568 3375 3633 τῆς
3405 3569 3784 3635 Κομμαγήνης
3816 3566 3967 3631 αὐτῷ
3995 3567 4040 3595 ⁸⁵

2471 3660 2565 3708 καὶ
2607 3661 2703 3723 τῆς
2750 3659 3005 3719 ἰουδαίας
3042 3659 3120 3711 εἰς
3168 3657 3339 3724 ἀρχὴν
3379 3656 3841 3720 ὑπολειπομένων.
3885 3654 3949 3704 'II
3983 3656 4039 3705 δὲ

2468 3748 2577 3800 τῶν
2620 3748 3008 3812 Ἡρακλεωτῶν
3049 3748 3202 3806 πόλις
3255 3745 3389 3813 πρὸς
3414 3745 3537 3805 τοὺς
3585 3743 4040 3810 ἐπιπεμπομένους

2470 3837 2621 3901 παρὰ
2645 3837 2751 3888 τῶν
2804 3834 3093 3903 Ῥωμαίων
3141 3833 3249 3886 τῶν
3290 3830 3611 3901 στρατηγῶν
3653 3830 3928 3896 διαδόχους
3973 3830 4040 3879 τα

2471 3926 2609 3977 αὑτά
2659 3942 2716 3975 τε
2770 3921 3206 3992 διεπρεσϐεύετο,
3258 3921 3350 3972 καὶ
3396 3923 3513 3980 ταῖς
3566 3918 3771 3985 ὁμοίαις
3819 3917 4036 3968 ἀντεδε-

2475 4013 2650 4075 ξιοῦτο
2678 4014 2910 4075 εὐνοίαις
2959 4015 3052 4064 καὶ
3088 4013 3523 4080 φιλοφρονήσεσι.
3574 4010 3679 4059 Καὶ
3716 4009 3865 4069 τέλος
3915 4024 4038 4058 συν-

2473 4103 2634 4171 θῆκαι
2685 4103 2951 4171 προῆλθον
2999 4101 3285 4169 Ῥωμαίοις
3341 4118 3397 4151 τε
3470 4101 3560 4150 καὶ
3606 4097 4035 4167 Ἡρακλεώταις,

2476 4193 2549 4264 μὴ
2573 4194 2757 4261 φίλους
2784 4189 2920 4244 εἶναι
2950 4192 3128 4259 μόνον,
3155 4190 3288 4243 ἀλλὰ
3311 4191 3401 4241 καὶ
3424 4190 3740 4257 συμμάχους
3764 4189 4032 4252 ἀλλήλοις,

2472 4285 2591 4336 καθ’
2622 4278 2695 4335 ὧν
2728 4302 2787 4335 τε
2810 4284 2901 4334 καὶ
2930 4283 3067 4351 ὑπὲρ
3104 4274 3177 4333 ὧν
3206 4282 3442 4351 δεηθεῖεν
3472 4281 3744 4348 ἑκάτεροι.
3782 4280 3909 4349 [7:28
3942 4278 4030 4346 IL]

2471 4375 2583 4427 Καὶ
2636 4376 2826 4442 χαλκοῖ
2876 4373 3099 4434 πίνακες
3147 4373 3239 4425 δύο
3290 4373 3386 4433 τὰς
3427 4372 3717 4438 ὁμολογίας
3765 4374 3911 4431 ἴσους
3943 4373 4034 4421 καὶ

2466 4464 2656 4527 ὁμοίας
2675 4463 2865 4530 ἔφερον
2889 4482 2900 4492 ·
2922 4456 2995 4514 ὧν
3017 4464 3043 4512 ὁ
3077 4462 3175 4530 μὲν
3202 4463 3351 4531 παρὰ
3390 4461 3678 4529 Ῥωμαίοις
3710 4462 3766 4512 ὲν
3785 4460 3863 4527 τῷ
3894 4460 4034 4511 κατὰ

2466 4552 2527 4601 τδ
2591 4551 2935 4603 Καπιτώλιον
2960 4551 3089 4619 ἱερῷ
3133 4551 3224 4602 τοῦ
3254 4551 3372 4612 Διὸς
3404 4549 3715 4620 καθηλώθη,
3748 4552 3775 4600 6
3811 4550 3866 4601 δὲ
3892 4552 4032 4600 κατὰ

2463 4645 2561 4713 τὴν
2601 4643 2927 4711 Ἡράκλειαν
2963 4643 3056 4694 καὶ
3095 4643 3253 4702 αὐτὸς
3283 4644 3328 4671 ⁸⁸
3366 4643 3422 4692 ἐν
3468 4641 3543 4709 τῷ
3572 4640 3665 4691 τοῦ
3708 4641 3827 4702 Διὸς
3876 4640 4026 4709 ἱερῷ.

1304 4730 1431 4784 CAP.
1467 4731 1660 4785 XXIX.
1688 4764 1759 4772 —-—
1782 4731 2139 4785 Ileraclienses
2167 4752 2198 4785 a
2234 4733 2424 4786 Prusia
2451 4735 2502 4787 in
2534 4738 2801 4803 angustias
2838 4736 3003 4787 coacti
3027 4751 3046 4796 ;
3074 4734 3323 4801 lmjusque
3348 4734 3537 4787 clades.

859 4842 982 4893 llrec
1034 4853 1323 4911 postquam
1360 4860 1455 4897 χιιι
1490 4855 1543 4898 et
1581 4859 1672 4896 xw
1723 4843 1972 4897 llistorite
2021 4845 2158 4897 libro
2188 4860 2356 4912 expo-
2390 4849 2431 4901 Ι)

2390 4849 2431 4901 D
2536 4846 2721 4897 Ταῦτα
2780 4844 3065 4910 διεξελθὼν
3106 4845 3133 4894 ὁ
3166 4845 3509 4913 συγγραφεὺς
3548 4842 3688 4893 κατὰ
3741 4841 3802 4892 τὸ
3834 4848 3903 4907 ιγ’
3935 4844 4027 4898 καὶ

784 4936 916 4995 snit,
953 4948 1019 4985 xv
1077 4949 1302 4987 exorsus
1354 4937 1467 4987 hazc
1503 4934 1695 4989 refert.
1748 4933 1990 4999 PrUsias,
2036 4935 2225 5002 inquit,
2270 4933 2360 4985 Bi-

788 5026 1074 5091 thynorum
1124 5042 1241 5085 rex.
1290 5027 1515 5078 miritice
1546 5026 1845 5077 industrius
1873 5036 1925 5078 et
1960 5041 2185 5093 gnavus,
2222 5026 2359 5077 mul-

791 5118 968 5184 tisque
1001 5121 1159 5171 rebus
1188 5120 1353 5187 gestis
1375 5120 1577 5183 clarus,
1614 5119 1757 5170 inter
1786 5118 1883 5169 alia
1927 5120 2087 5171 etiam
2120 5116 2357 5180 Cierum,

790 5210 1151 5264 Ileracliensis
1226 5212 1447 5264 ditionis
1502 5212 1715 5275 urbem,
1766 5210 1903 5264 bello
1962 5210 2209 5278 subjecit,
2261 5225 2356 5276 pro

787 5304 946 5354 (ΣιρΓο
986 5302 1301 5355 Prusiadem
1349 5317 1689 5368 nuncupans.
1736 5302 1889 5353 Tium
1931 5302 2092 5354 etiam
2146 5315 2357 5354 eorum-

786 5394 907 5444 dem
938 5394 1298 5460 jUI'IStIICIIOIII
1348 5393 1640 5446 obnoxiam
1679 5394 1822 5459 cepit
1864 5410 1877 5444 :
1918 5404 1972 5444 ut
2018 5393 2095 5444 sic
2126 5394 2357 5459 undique

786 5483 982 5551 2300
1014 5500 1159 5535 mare
1180 5484 1657 5537 circumscriberet
1683 5482 2012 5535 Heracleam.
2044 5482 2170 5533 Inde
2194 5483 2354 5533 etiam

2482 4938 2540 4989 ιδ’
2576 4937 2673 5003 τῆς
2730 4937 2985 5002 ἱστορίας,
3035 4936 3114 4996 εἰς
3170 4938 3268 5002 τὴν
3328 4941 3388 4985 ιε’
3443 4930 3706 4983 εἰσϐαλὼν
3759 4932 4027 4999 διηγεῖται

2464 5030 2611 5089 ὅπως
2641 5028 2908 5095 Προυσίας
2939 5029 2966 5077 ὁ
2990 5025 3229 5077 Βιθυνῶν
3262 5024 3532 5093 βασιλεὺς,
3575 5024 3900 5092 δραστήριος
3952 5022 4026 5073 ῶν

2465 5120 2560 5171 καὶ
2588 5118 2755 5169 πολλὰ
2783 5118 3016 5187 πράξας,
3049 5116 3184 5185 μετὰ
3213 5116 3317 5167 τῶν
3345 5116 3517 5167 ἄλλων
3540 5116 3632 5165 καὶ
3654 5115 3850 5182 Κίερον
3870 5114 4025 5165 πόλιν

2477 5210 2865 5279 Ἡρακλεωτῶν
2899 5205 3062 5261 οὖσαν
3106 5208 3196 5274 ὑφ’
3222 5208 3407 5259 ἑαυτὸν
3450 5206 3599 5258 ἔθετο
3648 5205 3724 5274 τῷ
3771 5205 4022 5273 πολέμῳ,

2464 5304 2581 5353 ἀντὶ
2614 5302 2811 5369 Κιέρου
2859 5300 3162 5370 Προυσιάδα
3188 5300 3437 5362 καλέσας,
3467 5294 3573 5349 εἷλε
3598 5299 3651 5349 δὲ
3671 5296 3900 5365 καὶΙῦἹδ
3927 5296 4020 5365 IL]

2464 5395 2560 5462 τὴν
2597 5395 2741 5457 Τῐον,
2772 5393 2869 5444 κα)⁴
2899 5392 3065 5460 αὐτὴν
3091 5392 3327 5458 ὑπήκοον
3355 5389 3537 5449 αὐτοῖς
3570 5388 3753 5450 οὖσαν,
3792 5388 3928 5438 ὥστε
3956 5390 4023 5438 ἐκ

2462 5484 2728 5550 θαλάττης
2751 5484 2829 5545 εἰς
2860 5482 3131 5534 θάλασσαν
3160 5481 3254 5549 τὴν
3295 5480 3619 5549 Ἡράκλειαν
3657 5478 4016 5546 περιγράψαι.

2098 5603 2324 5657 VARI/ﬂ
2361 5604 2760 5658 LECTIONES.

860 5714 905 5743 τ’
948 5714 1039 5764 καὶ
1063 5716 1159 5777 τῆς
1208 5718 1467 5778 Ἰουδαίας
1500 5736 1561 5781 ς.
1669 5719 1715 5748 ⁸⁸
1741 5718 1808 5769 τά
1840 5720 1879 5771 Α
1918 5738 1929 5770 :
1961 5719 2129 5771 ταῦτα
2161 5740 2219 5784 ς.

792 5782 1159 5837 υδιαλύεσθαι
1189 5805 1246 5849 τ.
1327 5790 1374 5817 ⁸⁵
1410 5790 1629 5855 Λευκίῳ
1663 5789 1703 5841 Α
1739 5809 1748 5841 :
1790 5792 2053 5857 Σελευκίῳ
2089 5810 2141 5853 τ.

2296 5721 2338 5750 ⁸¹
2368 5721 2684 5790 φιλοφρὸνου
2711 5722 2807 5790 μὲν
2836 5720 3020 5789 ἔτυχον
3060 5737 3118 5782 ς.

2220 5792 2263 5821 ⁸⁵
2291 5792 2434 5860 αὐτῷ
2490 5788 2548 5844 ιιζ
2575 5788 2876 5861 Stephanus
2906 5810 2917 5843 :
2951 5792 3065 5843 libri
3114 5788 3309 5841 αὐτῶν.

3213 5718 3258 5749 ⁸²
3281 5716 3415 5785 ψηφ.
3444 5714 3925 5784 προσαντὲγραψαν
3950 5732 4014 5775 τ.

3384 5788 3428 5817 ⁸⁵
3486 5786 3613 5838 αὑτό
3666 5802 3726 5846 ς.
