4208 6448
295 419 403 480 905

1371 411 1890 471 BIBLIOTHECA.
1918 437 1984 446 -
2003 414 2166 475 COD.
2205 414 2499 474 CCXXIV.

3429 417 3540 481 906

311 531 426 598 Ἐφ’
449 526 538 591 αἷς
565 526 827 597 κάκείνην
855 525 1129 596 κραταιῶς
1169 524 1495 593 ἐπολιόρκει,
1528 523 1618 574 καλ⁵
1652 521 1878 584 πολλοὺς
1909 532 1948 582 Α

1875 540 1878 549 ’
1909 532 1948 582 Α
1981 524 2217 577 violenta
2246 539 2366 579 eam
2395 523 2683 577 obsidione
2722 523 2942 592 pressit,
2971 531 3023 578 et
3070 522 3331 592 plurimos
3353 524 3537 581 obses-

297 620 399 687 μὲν
426 617 534 668 τῶν
576 615 1047 687 πολιορκουμένων
1095 612 1439 676 ἀπέκτεινεν,
1502 612 1668 679 ἐγγὺς
1713 612 1761 663 δ’
1804 610 1873 663 ἂν

292 708 393 759 καὶ
436 710 485 776 εὴ
533 708 685 769 πόλις
734 706 828 757 τοῦ
876 705 1079 758 ἁλῶναι
1134 705 1406 770 κατέστη,
1464 704 1619 770 εἰμὴ
1656 702 1873 769 ὲπὶτῆς

292 799 562 866 κλίμακος
614 796 917 849 ἀναϐαίνων
968 797 1243 863 Προυσίας
1294 796 1425 864 λίθῳ
1460 796 1711 863 βαλόντος
1755 796 1873 857 ἑνὸς

293 890 404 941 τῶν
435 890 543 943 ἀπὸ
574 892 671 958 τῆς
698 889 976 953 ὲπάλξεως
1007 888 1295 957 συνετρίϐη
1327 888 1386 940 τὸ
1405 889 1617 949 σκέλος,
1648 888 1744 939 καὶ
1767 887 1866 952 τὴν

294 982 618 1051 πολιορκίαν
674 983 736 1033 τὸ
784 981 954 1042 πάθος
1014 982 1257 1034 διέλυσε*
1319 982 1558 1050 φοράδην
1605 981 1714 1049 γὰρ
1767 980 1863 1032 6⁸⁷

296 1071 539 1139 βληθεὶς,
574 1072 674 1123 οὐκ
712 1072 837 1124 ἄνευ
864 1071 1096 1138 ἀγῶνος,
1128 1072 1232 1121 ὑπὸ
1256 1070 1364 1121 τῶν
1397 1070 1637 1121 Βιθυνων
1674 1070 1870 1121 ἀνακο-

301 1163 519 1229 μισοε“ις
558 1165 636 1223 είς
668 1162 736 1213 τά
768 1162 941 1213 οἰκεῖα
974 1161 1295 1230 ἀνέστρεψε,
1326 1160 1487 1211 κάκεῖ
1520 1158 1667 1226 βιοὺς
1691 1157 1784 1225 ἐτη
1807 1157 1867 1208 ού

296 1256 495 1315 πολλὰ,
531 1255 626 1305 καὶ
664 1254 833 1322 χωλὸς
877 1256 968 1306 καὶ
998 1253 1075 1305 ὣν
1104 1254 1196 1305 καὶ
1238 1250 1589 1320 καλούμενος,
1628 1251 1717 1302 τὸν
1759 1249 1871 1318 βίον

296 1347 668 1417 κατέστρεψεν
698 1344 766 1398 ⁸⁸.

1973 631 2157 669 sorum
2194 614 2484 669 interfecit.
2537 615 2602 668 Et
2624 614 2737 681 jam
2784 629 2948 684 prope
2970 625 3088 669 erat
3121 626 3179 669 ut
3210 617 3339 672 urbs
3370 632 3536 685 cape-

1976 717 2146 769 retur,
2189 706 2289 759 nisi
2326 704 2551 768 Prusia,
2585 706 2713 759 dum
2755 705 2913 759 scalis
2950 720 3162 760 sursum
3206 709 3421 772 nititur,
3456 711 3537 761 la-

1974 793 2096 862 pide
2124 793 2422 862 cujuspiam
2448 794 2513 847 de
2540 794 2954 863 prapugnaculis
2986 795 3113 859 icto,
3144 812 3271 851 crus
3304 798 3536 854 fractum

1972 894 2137 950 esset,
2167 893 2219 938 et
2246 885 2333 938 hic
2378 900 2536 939 casus
2578 885 2647 939 ab
2680 888 3076 953 oppugnatione
3120 890 3385 945 desistere
3412 907 3532 945 eum

1972 976 2259 1045 coegisset.
2293 976 2367 1030 Ita
2402 976 2545 1030 enim
2569 992 2882 1044 percussus,
2910 978 3123 1041 lectica,
3158 994 3262 1032 non
3293 980 3412 1034 sine
3443 984 3538 1032 dn-

1971 1064 2104 1120 Ioris
2132 1068 2449 1132 acerbitate,
2504 1068 2721 1120 domum
2771 1082 2799 1119 a
2841 1067 3086 1138 Bithynis
3120 1072 3233 1122 suis
3265 1070 3499 1123 refertur
3521 1112 3535 1131 ,

1971 1172 2071 1211 nec
2106 1157 2289 1211 multis
2333 1166 2462 1226 post
2481 1157 2653 1223 [annis
2696 1158 2921 1218 exactis,
2957 1160 3179 1213 nomine
3221 1171 3275 1214 et
3299 1176 3357 1214 re
3388 1161 3539 1215 clau-

1974 1250 2093 1314 dus,
2126 1248 2287 1302 linem
2314 1248 2526 1304 vivendi
2558 1246 2708 1303 fecit.

1228 1458 1354 1513 CAP.
1384 1456 1551 1511 XXX.
1576 1486 1643 1496 —
1677 1456 1946 1509 Heraclea:
1972 1455 2232 1507 obsidium
2259 1471 2292 1507 α
2321 1450 2547 1507 Galatia.

369 1556 433 1607 Οί
461 1554 517 1607 δὲ
554 1555 694 1625 ὑπὲρ
740 1555 833 1608 τὸν
863 1556 1063 1607 Πόντον
1086 1555 1323 1608 Γαλάται
1356 1597 1370 1617 ,
1406 1557 1558 1608 οὔπω
1590 1557 1697 1609 τῶν
1737 1555 1862 1608 Ῥω-

301 1649 501 1716 μαίων,
549 1650 627 1709 εἰς
660 1648 756 1717 τὴν
798 1649 987 1700 Ἀσίαν
1015 1648 1437 1718 διαϐεϐηκότων,
1461 1648 1623 1701 πόθον
1660 1648 1873 1717 ἔχοντες

294 1741 499 1804 πεῖραν
520 1738 703 1791 λαϐεῖν
725 1739 823 1806 τῆς
847 1738 1120 1807 θαλάσσης
1149 1739 1401 1808 προελείν
1438 1739 1753 1809 ἐπεχείρουν
1776 1740 1874 1807 τὴν

310 1829 662 1894 Ἡράκλειαν,
697 1830 790 1881 καὶ
811 1831 871 1882 ού
900 1830 1134 1899 χαλεπὸν
1169 1829 1416 1900 ἐνόμιζον
1438 1848 1451 1861 ⁸
1480 1830 1615 1883 πολὺ
1642 1830 1750 1900 γὰρ
1773 1831 1871 1896 τῆς

2045 1552 2293 1607 Nondum
2327 1552 2381 1605 in
2412 1552 2592 1606 Asiam
2626 1552 2851 1605 Romani
2901 1554 3246 1622 trajecerant,
3282 1573 3401 1611 cum
3436 1558 3541 1613 Ga-

1975 1644 2116 1707 latae,
2147 1643 2303 1697 Ponti
2335 1643 2554 1705 accolae,
2595 1643 2759 1696 maris
2801 1645 3042 1697 tentandi
3089 1648 3401 1714 cupiditate,
3433 1648 3537 1702 ile-

1978 1737 2209 1788 racleam
2253 1734 2404 1801 prius
2451 1748 2716 1802 occupare
2757 1746 3043 1799 conantur,
3087 1753 3193 1790 non
3246 1739 3455 1793 diilicile
3488 1743 3539 1793 id

1976 1826 2092 1881 {ore
2146 1827 2567 1880 existimantes:
2619 1828 2882 1894 siquidem
2922 1830 2987 1882 de
3030 1831 3249 1898 antiqua
3305 1835 3539 1900 potentia

294 1921 542 1975 παλαιᾶς
593 1921 784 1991 suam;
808 1922 994 1989 ὑφεῖτο
1031 1922 1271 1993 καὶπρὸς
1290 1922 1866 1993 τὺκαταφρονούμενον
1901 1962 1940 2016 Β

1901 1962 1940 2016 Β
1978 1916 2329 1984 multumjam
2354 1916 2701 1981 diminutum,
2737 1927 2793 1969 et
2829 1919 2893 1970 ad
2934 1928 3301 1985 contemptum
3330 1922 3532 1988 prolabi

294 2012 551 2081 ὑπέρῤει.
600 2012 960 2081 ..τρατεύουσι
1002 2013 1057 2066 δὲ
1089 2012 1207 2066 κατ’
1238 2014 1405 2082 αὐτῆς
1463 2015 1699 2075 ἁπάσαις
1747 2014 1867 2074 ταῖς

297 2104 618 2171 δυνάμεσιν,
647 2103 756 2156 οὐδ’
779 2104 948 2173 αὐτῆς
972 2104 1273 2174 συμμάχων
1290 2104 1616 2173 ἀμελούσης,
1649 2103 1763 2155 ἀλλ’
1790 2105 1867 2166 είς

294 2198 400 2248 ὅσα
427 2199 686 2266 παρεῖχεν
708 2198 733 2249 ό
760 2197 952 2266 καιρὸς
970 2198 1547 2268 παρασκευαζομένης.
1590 2197 1867 2265 Ἐπολιορ-

294 2292 450 2341 κεῖτο
502 2290 600 2358 μὲν
633 2288 725 2341 οὖν
776 2288 1062 2359 αὖτη,κα“ι
1108 2291 1297 2358 χρόνος
1344 2290 1607 2360 ἐτρίϐετο,
1647 2290 1703 2353 ὃς
1744 2294 1869 2355 τοὺς

295 2381 545 2443 Γαλάτας
609 2384 688 2444 εἰς
736 2381 945 2433 ἔνδειαν
990 2381 1097 2433 τῶν
1147 2383 1463 2449 ἀναγκαίων
1522 2382 1817 2452 συνήλαυνε
1852 2400 1865 2412 ’

296 2470 458 2541 θυμῷ
518 2472 623 2541 γὰρ
673 2474 764 2524 καὶ
816 2473 876 2525 οὐ
924 2476 1239 2543 παρασκευῇ
1284 2477 1350 2543 τῇ
1389 2473 1579 2544 δεούσῃ
1625 2475 1869 2545 Γαλάτης

293 2562 439 2629 ἀνὴρ
490 2559 580 2613 τὸν
618 2561 856 2629 πόλεμον
902 2562 1184 2633 διαφέρειν
1231 2560 1363 2618 οἶδε.
1417 2565 1558 2633 Πρὸς
1603 2563 1695 2619 οὖν
1748 2568 1869 2620 συλ-

295 2651 465 2720 λογὴν
515 2652 619 2705 τῶν
652 2654 974 2723 ἐπιτηδείων
1004 2657 1065 2708 τὸ
1112 2656 1470 2726 στρατόπεδον
1517 2658 1870 2711 ἀπολελοιπό-

295 2760 432 2805 τοςν,
478 2744 843 2813 ἐκδραμόντες
890 2747 937 2797 oi
992 2747 1091 2814 τῆς
1136 2747 1343 2810 πόλεως
1384 2749 1477 2800 καὶ
1516 2750 1799 2815 ἀδοκήτοις
1826 2750 1870 2779 ⁸⁸

297 2837 655 2899 ἐπιπεσόντες
696 2826 828 2890 αὑτό
870 2854 931 2890 τε
976 2833 1119 2890 εἷλον
1150 2840 1243 2890 κα)⁸
1283 2838 1509 2900 πολλοὺς
1538 2841 1744 2893 ἀνεῖλον
1778 2840 1871 2892 καὶ

294 2929 426 2988 τοὺς
465 2930 559 2979 ἐπὶ
597 2929 694 2997 τῆς
740 2929 924 3000 χώρας
967 2930 1359 2992 σκεδασθέντας
1387 2932 1447 2982 ού
1472 2932 1719 3000 χαλεπῶς
1749 2949 1871 2984 συν-

296 3017 624 3086 ελάμϐανον,
660 3019 734 3081 ὠς
782 3021 913 3089 μηδὲ
947 3020 1047 3089 τὴν
1081 3019 1269 3090 τρίτην
1302 3023 1496 3091 μοῖραν
1523 3022 1617 3074 τοῦ
1644 3022 1871 3075 Γαλατι-

298 3105 399 3158 κοῦ
428 3112 834 3176 στρατεύματος
871 3114 949 3172 είς
981 3111 1243 3163 Γαλατίαν
1273 3112 1628 3180 ἀναστρέψαι.
1684 3113 1779 3165 Ἐκ
1806 3113 1863 3165 δὲ

299 3197 397 3249 τοῦ
454 3199 882 3266 κατορθώματος
940 3202 1102 3254 πάλιν
1162 3204 1241 3264 εἰς
1296 3202 1393 3273 τὴν
1452 3205 1725 3275 προτέραν
1776 3206 1869 3257 εὖ-

295 3286 486 3340 κλειαν
513 3290 559 3320 ⁹⁰
600 3292 694 3341 καὶ
731 3292 1075 3360 εὐδαιμονίαν
1122 3292 1342 3355 ἐλπίδας
1381 3294 1687 3363 ἐλάμϐανον
1732 3296 1870 3350 ἀνα-

295 3379 485 3449 ϐῆναι.

1971 2009 2174 2062 sensim
2215 2016 2473 2077 coeperat.
2512 2005 2638 2061 Ideo
2674 2009 2942 2063 universis
2990 2024 3107 2062 eam
3148 2012 3316 2078 copiis
3363 2013 3539 2081 impn-

1971 2111 2161 2169 gnant.
2197 2098 2315 2169 Ipsa
2351 2111 2530 2155 tamen
2557 2101 2826 2155 sociorum
2860 2100 3071 2154 interim
3106 2118 3211 2155 non
3239 2110 3321 2157 est
3352 2105 3539 2159 immeo

1974 2208 2110 2257 mor,
2138 2193 2231 2246 sed
2268 2202 2526 2259 quantum
2567 2193 2786 2245 occasio
2830 2208 3060 2261 praesens
3108 2193 3381 2248 facultatis
3408 2212 3536 2248 con-

1973 2286 2135 2345 cedit,
2171 2300 2232 2339 se
2258 2293 2446 2339 contra
2494 2285 2684 2338 munit.
2723 2283 3012 2339 Obsidione
3058 2286 3217 2354 igitur
3250 2287 3300 2340 in
3330 2296 3539 2355 tempus

1971 2377 2187 2444 aliquod
2238 2385 2502 2441 extracta,
2552 2384 2947 2429 commeatuum
3007 2377 3183 2445 inopia
3231 2379 3283 2433 in
3332 2392 3537 2434 aretum

1970 2480 2238 2538 coguntur
2270 2468 2493 2524 Galate.
2537 2469 2619 2523 Ira
2668 2470 2835 2530 enim,
2868 2484 2974 2522 non
3004 2481 3261 2539 apparati:
3295 2489 3539 2527 necessa-

1973 2561 2055 2615 rio
2096 2561 2408 2623 instructus,
2439 2560 2635 2614 bellum
2672 2560 2873 2615 iulerre
2914 2562 3131 2616 Galatas
3164 2565 3331 2619 novit.
3363 2564 3539 2630 Quare

1972 2667 2095 2705 cum
2127 2651 2194 2705 ad
2221 2654 2664 2721 comportandum
2692 2654 2994 2708 necessaria
3022 2656 3215 2709 castris
3242 2656 3538 2712 abscessis—

1973 2754 2110 2808 sent,
2141 2745 2309 2810 cives,
2340 2745 2623 2814 eruptione
2665 2746 2828 2806 facta,
2856 2755 2909 2799 et
2940 2749 3135 2800 castris
3163 2749 3458 2815 potiuntur.
3485 2759 3541 2801 et

1972 2834 2237 2901 plurimos
2278 2836 2515 2890 cadunt.
2562 2836 2897 2905 Dispalantes
2932 2840 3093 2891 etiam
3125 2855 3218 2907 per
3246 2856 3400 2907 agros
3435 2857 3535 2893 non

1973 2939 2168 2993 magno
2198 2928 2413 2995 negotio
2442 2930 2927 2996 comprehendunt.
2966 2932 3139 2997 Atque
3173 2933 3245 2984 ita
3278 2948 3376 2986 nec
3408 2947 3535 2999 pars

1975 3018 2137 3070 tertia
2186 3018 2409 3073 Galatici
2440 3022 2716 3074 exercitus
2765 3020 2817 3073 in
2863 3020 3124 3075 Galatiam
3157 3023 3459 3076 revertitur.
3493 3024 3536 3076 Α

1973 3122 2079 3175 quo
2120 3123 2431 3163 successum
2475 3111 2539 3162 ad
2588 3110 2869 3175 pristinam
2917 3114 3227 3180 emergeudi
3268 3112 3536 3168 lortuuatn

1972 3205 2027 3249 et
2054 3195 2421 3251 celebritatem
2467 3213 2590 3264 spes
2618 3200 2885 3267 concepit.

907 3522 1034 3577 Car.
1068 3523 1258 3577 XXXI.
1293 3555 1356 3566 ——-
1396 3527 1716 3584 Ilerarlcotw
1756 3530 2001 3588 Romanis
2041 3536 2391 3592 auxiliantur.
2431 3536 2724 3591 Marrucini
2761 3540 2958 3607 pepuli.

383 3610 673 3679 Ῥωμαίοις
703 3612 757 3664 δὲ
786 3614 919 3682 πρὸς
956 3616 1211 3683 Μάρσους
1234 3634 1291 3667 τε
1323 3619 1417 3669 καὶ
1452 3620 1741 3685 Πελιγνοὺς
1773 3623 1866 3675 καὶ

296 3703 678 3772 Μαρουκίνους
702 3704 743 3733 ⁹¹
774 3704 919 3775 (ἔθνη
951 3705 1004 3757 δέ
1022 3709 1125 3758 είσι
1148 3708 1317 3760 ταῦτα
1337 3709 1477 3779 ὑπὲρ
1502 3711 1706 3781 Λιϐύης
1736 3731 1865 3766 κατ-

300 3796 586 3863 ῳκημένα,
639 3797 904 3867 Γαδείρων
942 3800 1135 3870 ὅμορα)
1163 3800 1283 3853 δυσί
1313 3820 1372 3853 τε
1424 3805 1671 3873 τριήρεσι
1703 3807 1747 3836 θ’
1776 3825 1869 3859 κα-

300 3888 639 3953 ταφράκτοις
696 3888 1070 3955 Ἡρακλεῶται
1126 3892 1529 3961 συνεμάχησαν,
1588 3895 1682 3946 καὶ
1738 3912 1869 3963 συγ-

303 3979 751 4048 κατοροώσαντες
799 3982 891 4031 τὸν
942 3983 1177 4051 πόλεμον
1210 3985 1299 4036 καὶ
1341 3984 1549 4037 πολλῶν
1582 3987 1869 4057 ἀριστείων

302 4069 633 4133 ἀξιωθέντες
695 4078 764 4123 ια’
816 4072 927 4124 έτει
975 4074 1109 4142 πρὸς
1166 4077 1265 4143 τὴν
1314 4077 1550 4147 πατρίδα
1617 4080 1875 4149 ἀνεκομί-

307 4163 542 4226 σθησαν.

2048 3630 2307 3683 Romanis
2337 3632 2499 3684 etiam
2550 3631 2689 3684 bello
2715 3640 2900 3684 contra
2934 3628 3155 3694 Marsos,
3187 3630 3451 3699 Pelignos,
3485 3644 3538 3688 et

1975 3722 2310 3776 Marrucinos
2338 3722 2615 3791 (gentium
2659 3724 2847 3774 harum
2881 3725 3034 3776 sedes
3092 3733 3171 3775 est
3210 3739 3365 3790 supra
3398 3725 3538 3777 Afri-

1974 3826 2115 3872 cam,
2160 3811 2211 3862 in
2264 3811 2511 3864 conﬁniis
2556 3810 2825 3880 Gadium)
2868 3810 3073 3864 duabus
3110 3811 3539 3879 quadriremibus

1976 3904 2133 3955 tectis
2182 3902 2513 3958 Heracleotzn
2579 3903 2930 3957 auxiliantur.
2981 3903 3044 3955 Et
3094 3905 3229 3957 bello
3282 3920 3532 3973 prospero

1978 3993 2245 4057 conlecto,
2294 3996 2475 4050 multis
2516 3996 2729 4049 eximia:
2790 3997 3003 4049 virtutis
3066 3998 3239 4051 ornati
3285 3999 3535 4065 pru'tuiis,

1984 4087 2269 4140 undecimo
2300 4089 2516 4141 tandem
2554 4103 2697 4141 anno
2729 4088 2779 4141 in
2814 4089 3037 4156 patriam
3071 4098 3192 4142 sunt
3226 4089 3445 4143 revecti.

1054 4276 1183 4330 CAP.
1216 4274 1430 4334 XXXII.
1464 4309 1532 4319 —
1559 4278 1760 4335 Bellum
1813 4281 2139 4335 Mithridatis
2169 4299 2283 4334 cum
2316 4281 2559 4335 Romanis
2581 4293 2626 4335 et
2655 4300 2847 4336 causan.

375 4371 528 4423 Μετά
570 4371 740 4423 ταῦτα
790 4371 844 4424 δὲ
891 4373 918 4423 ό
964 4374 1097 4441 πρὸς
1135 4374 1435 4441 Ῥωμαίους
1468 4374 1636 4444 βαρὺς
1685 4378 1877 4447 Μιθρι-

301 4462 438 4530 δάτῃ
471 4460 547 4528 τῷ
574 4462 772 4513 Πόντου
808 4460 1021 4531 βασιλεί
1065 4466 1295 4532 συνέστη
1328 4465 1583 4534 πόλεμος,
1612 4469 1876 4536 φαινομέ-

303 4569 403 4620 νην
424 4549 603 4602 λαϐὼν
627 4553 805 4603 αἰτίαν
837 4554 937 4621 τὴν
975 4553 1072 4621 τῆς
1104 4554 1498 4616 Καππαδοκίας
1533 4556 1833 4625 κατάληψιν
1856 4571 1872 4587 ⁸

301 4642 509 4708 ταύτης
539 4642 645 4711 γὰρ
676 4643 742 4694 δι’
772 4645 987 4713 ἀπάτης
1027 4645 1119 4696 καὶ
1152 4645 1331 4714 ὅρκων
1360 4645 1749 4715 συμϐατηρίων
1784 4649 1875 4702 τὸν

302 4732 616 4800 ἀδελφιδοῦν
657 4734 893 4804 Ἀράθην
948 4735 1225 4787 συλλαϐὼν
1261 4737 1288 4787 ὁ
1324 4735 1680 4805 Μιθριδάτης,
1714 4740 1873 4791 αύτο-

302 4827 487 4895 χειρίᾳ
516 4827 861 4892 ἀποσφάξας,
899 4828 1170 4896 ἐκράτησε
1202 4843 1215 4855 ·
1254 4830 1383 4889 παῖς
1410 4827 1464 4880 δὲ
1487 4830 1515 4879 ὁ
1561 4829 1793 4897 Ἀράοης
1814 4832 1876 4883 ὲκ

299 4918 407 4983 τῆς
446 4916 679 4985 ἀδελφῆς
713 4918 806 4968 τοῦ
853 4917 1183 4986 Μιθριδάτου
1226 4918 1537 4989 ’Λριαράθῳ
1588 4922 1872 4991 γεγένητο.

298 5006 675 5068 Φονικώτατος
730 5008 773 5059 δ’
826 5010 888 5058 ὲκ
945 5008 1130 5069 παιδὸς
1174 5010 1201 5060 ό
1240 5011 1573 5079 Μιθριδάτης
1610 5008 1677 5081 ἦν
1709 5028 1722 5041 ·
1777 5014 1877 5080 τὴν

298 5098 418 5165 γάρ
446 5097 619 5165 ἀρχὴν
641 5099 1125 5167 τρισκαιδεκαετὴς
1154 5101 1483 5168 παραλαϐὼν
1526 5103 1642 5169 μετ’
1661 5103 1718 5153 ού
1744 5103 1875 5154 πολὺ

296 5192 401 5257 τὴν
442 5189 672 5257 μητέρα.
699 5190 951 5241 κοινωνὸν
992 5190 1137 5259 αύτῷ
1189 5192 1336 5261 παρὰ
1378 5191 1471 5244 τοῦ
1533 5194 1732 5261 πατρὸς
1780 5195 1875 5261 τῆς

301 5279 583 5347 βασιλείας
613 5280 1082 5346 καταλειφθεῖσαν,
1112 5281 1350 5351 Ι72911.]
1383 5282 1742 5353 δεσμωτηρίῳ
1771 5301 1871 5335 κα-

297 5370 519 5439 τασχὼν
552 5370 640 5440 βίᾳ
659 5374 752 5423 καὶ
779 5373 956 5443 χρόνῳ
976 5373 1279 5437 ὲξανάλωσε
1305 5374 1371 5437 ’³,
1408 5376 1500 5425 καὶ
1529 5375 1617 5426 τὸν
1642 5376 1868 5443 ἀδελφὸν

300 5462 615 5515 ἀπέκτεινε.
659 5464 1079 5533 Κατεστρέψατο
1103 5464 1158 5516 δὲ
1194 5463 1414 5535 πολέμῳ
1449 5466 1542 5517 καὶ
1580 5468 1705 5530 τοὺς
1737 5470 1864 5538 περὶ

2049 4376 2177 4430 Post
2212 4379 2321 4431 haec
2348 4380 2672 4431 acerrimum
2693 4378 3019 4433 \lititridatis
3057 4380 3315 4435 adversus
3342 4382 3535 4435 Roma-

1976 4485 2072 4521 nos
2109 4469 2305 4521 bellum
2356 4469 2635 4524 conflatur.
2660 4468 3009 4537 Cappadocia:
3040 4472 3089 4523 in
3122 4474 3351 4540 speciem
3375 4489 3534 4529 causa

1976 4561 2259 4628 arripitur.
2297 4558 2445 4614 Hanc
2498 4563 2640 4615 enim
2701 4561 3055 4625 Mithridates,
3104 4580 3224 4615 cum
3260 4565 3535 4618 Ariatltum

1978 4651 2178 4703 sororis
2209 4651 2769 4719 filium,jurisjurandi
2808 4653 3016 4719 paciﬁci
3040 4654 3160 4705 dolo
3211 4656 3259 4705 in
3299 4665 3537 4722 potesta—

1982 4753 2085 4793 tem
2112 4743 2410 4805 redactum,
2445 4757 2537 4793 sua
2576 4757 2734 4794 manu
2758 4744 3152 4803 obtruncasset,
3184 4760 3275 4811 per
3301 4747 3404 4795 vim
3432 4747 3534 4797 sibi

1980 4834 2297 4886 vindicarat.
2324 4832 2609 4886 Ariathum
2633 4834 2773 4887 hunc
2798 4833 2999 4903 230b
3025 4851 3088 4888 ex
3120 4851 3302 4887 sorore
3332 4836 3536 4887 Mithri-

1979 4924 2121 4976 datis
2164 4935 2427 4991 genuerat
2467 4925 2744 4977 Arialhus.
2800 4925 2929 4977 Nam
2985 4942 3010 4977 a
3040 4942 3201 4992 puero
3251 4927 3313 4977 ad
3368 4929 3536 4978 aedes

1982 5016 2443 5082 propensissimus
2474 5027 2589 5069 erat
2619 5016 2977 5078 Mithridates,
3013 5035 3133 5068 cum
3165 5019 3305 5069 eiiim
3350 5020 3412 5069 l3
3442 5037 3534 5069 ull-

1982 5121 2168 5158 norum
2204 5106 2520 5160 adolescens
2549 5123 2770 5176 regnum
2802 5110 3112 5175 accepissct,
3140 5111 3346 5161 modico
3371 5110 3535 5161 inter-

1980 5194 2131 5263 lapso
2169 5204 2430 5263 tempore,
2479 5205 2729 5262 matrem,
2776 5198 2921 5264 regni
2966 5208 3268 5253 (‘OIISO"l(-Itl
3314 5213 3339 5248 a
3387 5209 3533 5263 patre

1978 5287 2325 5351 destinatam,
2375 5288 2501 5341 dum
2532 5302 2748 5341 carcere
2785 5290 3017 5341 vinciam
3072 5302 3233 5351 tenet,
3279 5288 3527 5339 violentia

1982 5377 2103 5442 ista,
2158 5389 2213 5433 et
2260 5380 2517 5447 temporis
2566 5378 2923 5431 diuturnitate
2982 5380 3231 5431 conlinit.
3288 5377 3526 5429 Fratrem

1969 5470 2131 5523 etiam
2166 5472 2395 5523 necavit.
2431 5470 2577 5524 Bello
2606 5480 2784 5524 autem
2817 5471 3027 5538 subegit
3058 5488 3202 5541 reges
3237 5473 3373 5523 circa
3403 5469 3535 5521 Plia.

1528 5625 1762 5679 VARIAS
1797 5626 2196 5683 LECTIONES.

376 5729 419 5759 εγ
449 5728 555 5796 γὰρ
600 5729 690 5781 καὶ
720 5732 745 5781 ὁ
781 5745 840 5794 ς,
953 5732 996 5761 ⁸⁸
1025 5733 1384 5798 μετέστρεψεν
1424 5751 1485 5796 ς-

306 5800 351 5831 ⁹²
388 5800 664 5865 πιλιγνοὺς
697 5804 791 5853 καὶ
854 5802 1248 5869 μαργουκίνους
1285 5800 1344 5859 Α.

544 5892 808 5949 Ρηιιοι..
844 5897 958 5951 (in.
996 5892 1149 5953 Clll.

1582 5734 1625 5765 ⁸⁹
1651 5736 1744 5786 καὶ
1796 5735 2074 5807 ἀδοκήτοις
2107 5737 2147 5789 Α
2184 5755 2195 5788 :
2235 5738 2509 5807 ἀδοκήτως
2540 5758 2599 5804 ς.

1423 5806 1467 5835 ⁹¹
1497 5820 1553 5855 τε
1593 5804 1861 5876 τριήρεσι]
1910 5806 2195 5876 τετρήρεσι
2238 5804 2560 5876 Stephanus.

2675 5743 2719 5774 9°
2748 5741 2995 5793 εὖκλειαν
3026 5743 3064 5792 Α
3086 5760 3107 5793 τ
3142 5741 3421 5795 εὐλάϐειαν
3470 5758 3533 5804 go

2635 5813 2677 5843 ’³
2700 5812 3000 5881 ἐξηνάλωσε
3034 5830 3091 5874 ς.

3082 5899 3158 5958 29
