4208 6448
743 396 847 458 907

1874 396 2133 456 ΡΠΟΤΙΙ
2174 396 2677 457 ΡΛΤΠῘΛΠΠΠΆΕ
2713 398 2820 457 CP.

3859 402 3985 466 908

744 515 849 576 sin,
883 526 1057 581 usque
1104 511 1170 564 ad
1210 511 1424 565 climata
1459 520 1608 564 trans
1655 510 2000 565 Caucasmu:
2038 527 2344 582 regnoque,

2416 510 2503 562 τὸν
2524 512 2691 562 Φᾶσιν
2726 510 2959 573 ίασιλεῖς
2996 510 3101 574 ἕως
3124 510 3232 563 τῶν
3267 511 3547 582 κλιμάτων
3572 512 3678 566 τῶν
3707 514 3849 585 ὑπὲρ
3883 517 3992 569 τὸν

742 606 951 671 magnis
987 604 1189 657 viribus
1216 603 1562 672 amplificata,
1602 620 1851 672 maguum
1878 606 2197 672 arrogantiae
2222 616 2309 657 tu—

741 713 944 750 morem
1007 697 1333 748 ostentabat.
1392 694 1777 759 Quamobrem,
1846 709 1965 747 cum
2028 710 2094 747 eo
2142 697 2311 765 magis

737 788 964 842 consilio
1020 787 1136 852 ejus
1180 796 1429 853 suspecta
1486 786 1744 839 haberent
1804 784 2030 837 Rotitaui
2064 798 2309 839 senatus-

738 878 1043 932 musultum
1079 876 1347 937 fecerant,
1374 884 1431 927 ut
1467 884 1683 943 paterna
1732 876 1945 943 regibus
1986 875 2307 943 Scytharum

739 982 904 1036 regna
952 966 1323 1021 constitueret.
1366 966 1435 1018 At
1483 966 1528 1019 is
1591 965 1865 1018 moderate
1908 966 2123 1033 quidem
2160 982 2311 1018 mau-

738 1058 879 1113 datis
925 1057 1149 1126 obsequi
1198 1072 1211 1108 :
1249 1056 1342 1110 sed
1383 1058 1595 1111 interim
1650 1054 1880 1109 Parthos
1909 1066 1956 1111 et
2004 1056 2205 1122 Medos,
2258 1066 2312 1111 et

740 1148 1030 1219 Tigranem
1059 1150 1400 1214 Armenium,
1436 1164 1697 1218 regesque
1722 1151 2072 1218 Scytharum,
2108 1160 2161 1204 et
2192 1152 2312 1204 Ihe-

742 1253 851 1303 ras,
884 1238 937 1292 in
986 1239 1301 1293 societatem
1364 1239 1819 1295 helliascisrere:
1881 1242 2121 1309 aliasque
2183 1241 2305 1294 belli

741 1346 935 1385 causas
965 1331 1278 1399 adjuugere.
1318 1329 1453 1385 Cum
1487 1342 1712 1385 senatus
1742 1331 1885 1384 enim
1926 1333 2109 1386 Roma!
2153 1332 2311 1388 Nico-

740 1424 975 1486 medem,
1002 1438 1065 1476 ex
1112 1422 1399 1477 Nicomede
1442 1434 1493 1476 et
1516 1423 1656 1494 Nysa
1715 1424 2086 1494 progenitum,
2130 1424 2314 1494 Ilithy-

739 1513 843 1567 nite
871 1528 1047 1581 regem
1076 1513 1421 1578 instituisset,
1446 1513 1781 1571 Mithridates
1799 1514 2164 1580 Nicomedem,
2182 1515 2315 1568 Fru-

738 1605 789 1672 gi
820 1618 1197 1673 cognomento,
1237 1605 1309 1658 illi
1343 1609 1615 1673 opposuit.
1648 1605 1935 1660 Prwvaluit
1972 1617 2151 1661 tamen
2204 1606 2314 1661 ele-

739 1695 850 1749 ctio
881 1693 1268 1759 Romanorum,
1305 1693 1612 1748 Mithridate
1645 1696 1831 1749 invito.

2414 602 2727 664 Καύκασον,
2776 604 2869 654 καὶ
2922 605 3021 673 τὴν
3073 603 3245 673 ἀρχὴν
3289 605 3516 673 ηὔξησε,
3559 608 3652 657 καὶ¹
3692 609 3782 659 ἐπὶ
3832 609 3993 677 μέγα

2413 692 2731 756 ἀλαζονείας
2781 692 3087 761 ἐξώγκωτο.
3144 696 3222 745 Δι’
3258 695 3292 748 ἃ
3336 698 3533 764 μᾶλλον
3568 697 3828 766 Ῥωμαῖοι
3878 701 3994 768 τὴν

2418 783 2581 835 αὑτοῦ
2627 783 2866 835 διάνοιαν
2907 781 3148 835 ὕποπτον
3188 785 3315 854 [5'78
3378 786 3432 840 Ι).
3496 785 3585 857 ΙΙ.]
3641 788 3989 855 ποιούμενοι,

2410 877 2526 937 τοῖς
2584 874 2808 927 Σκυθῶν
2857 874 3171 944 βασιλεῦσιν
3208 874 3539 945 ἐψηφίσαντο
3577 877 3677 939 τάς
3718 878 3994 948 πατρῴας

2412 966 2577 1018 αὐτὸν
2614 965 2789 1035 ἀρχὰς
2821 966 3292 1035 ἀποκαταστῆσαι.
3328 968 3385 1020 '0
3402 967 3457 1020 δὲ
3483 969 3717 1037 μετρίως
3741 970 3841 1035 μὲν
3865 972 3993 1031 τοῖς

2415 1060 2910 1127 προσταττομένοις
2930 1059 3195 1129 ὑπήκουε,
3212 1059 3532 1128 συμμάχους
3552 1059 3609 1110 δὲ
3628 1059 3873 1127 Πάρθους
3886 1062 3992 1114 καὶ

2413 1147 2633 1217 Μήδους
2661 1149 2755 1200 καὶ
2782 1146 3060 1218 Τιγράνην
3096 1150 3377 1217 Ἀρμένιον
3405 1150 3500 1201 καὶ
3529 1150 3653 1211 τοὺς
3682 1150 3993 1211 Σκυθικοίις

2416 1238 2657 1307 βασιλεῖς
2703 1239 2906 1291 καὶτὸν
2932 1239 3127 1308 Ἴϐηρα
3160 1240 3628 1311 προσηταιρίζετο.
3662 1242 3991 1310 Προσετίθει

2414 1328 2469 1379 δὲ
2504 1328 2598 1379 καὶ
2629 1327 2820 1396 ἑτέρας
2853 1328 2946 1380 τοῦ
2986 1328 3224 1396 πολέμου
3267 1331 3477 1391 αἰτίας·
3519 1330 3622 1397 τῆς
3656 1332 3765 1400 γὰρ
3812 1332 3873 1382 ἐν
3913 1334 3987 1400 τῇ

2426 1419 2611 1490 Ῥώμῃ
2646 1420 2951 1490 συγκλήτου
2985 1420 3302 1491 Νικομήδην
3332 1423 3422 1474 τὸν
3458 1425 3504 1454 ’⁵
3546 1425 3609 1474 ὲκ
3640 1423 3990 1492 Νικομήδους

2416 1513 2509 1563 καὶ
2529 1511 2715 1580 Νύσης
2744 1512 2962 1581 βασιλέα
2978 1512 3230 1576 Βιθυνίας
3256 1513 3619 1583 καθιστώσης,
3647 1514 3991 1582 Μιθριδάτης

2414 1602 2506 1653 τὸν
2570 1603 2804 1671 χρηστὸν
2852 1602 3214 1671 ἐπικληθέντα
3276 1603 3592 1672 Νικομήδην
3645 1605 3690 1635 ³⁵
3756 1606 3980 1655 ἀντεκα-

2417 1690 2575 1759 θίστη
2601 1706 2614 1720 ο
2659 1691 2955 1761 ἐπεκράτει
2999 1690 3041 1743 δ’
3090 1691 3239 1760 ὅμως
3273 1694 3307 1760 ή
3360 1693 3644 1763 Ῥωμαίων
3680 1693 3861 1763 κρίσις
3892 1694 3993 1745 καὶ

2418 1784 2643 1845 ἄκοντος
2665 1781 3019 1852 Μιθριδάτου.

1122 1892 1248 1947 CAP.
1282 1889 1516 1947 XXXIII.
1546 1920 1614 1930 —
1644 1889 1962 1944 Mithridatis
1992 1892 2221 1946 victoria
2246 1894 2309 1946 de
2350 1892 2653 1957 Nicomede,
2686 1906 2731 1948 et
2763 1908 2959 1965 strages
2986 1896 3176 1948 civium
3201 1893 3352 1949 Rom.
3383 1897 3440 1948 in
3478 1897 3628 1951 Asia.

807 1986 1003 2054 Interie
1042 1998 1097 2042 to
1132 1997 1394 2053 tempore,
1427 2001 1547 2040 cum
1574 1985 1731 2056 Sylla:
1774 1994 1827 2040 et
1885 1983 2039 2038 Marii
2073 1985 2124 2038 in
2160 2000 2313 2054 rcpu-
2349 1992 2395 2049 B

739 2079 880 2134 blica
910 2079 1150 2133 Romana
1177 2078 1374 2133 srditio
1415 2078 1739 2141 exarsisset,
1778 2076 2103 2131 Archelaum
2134 2077 2315 2143 copia-

740 2187 857 2225 rum
881 2173 1069 2225 ducem
1108 2169 1445 2224 Mithridates
1476 2170 1643 2223 £5000
1665 2168 2148 2237 peditum,et1000
2166 2169 2319 2237 equi-

742 2272 886 2322 tum,
925 2261 974 2311 iu
1026 2258 1288 2328 Bithynos
1326 2258 1526 2312 ducere
1566 2258 1750 2327 jussit,
1793 2258 2110 2327 collatisque
2147 2258 2317 2326 signis

744 2354 915 2405 vit'tor
948 2354 1129 2405 evadit
1160 2350 1484 2405 Archelaus.
1512 2351 1577 2405 Et
1606 2352 1740 2421 fugit
1770 2366 1893 2405 cum
1925 2353 2112 2421 paucis
2153 2354 2314 2406 etiam

742 2443 1078 2497 Nicomedes.
1099 2444 1215 2509 Quo
1232 2444 1449 2511 cognito
1482 2443 1846 2506 Mithridates,
1867 2459 1987 2497 cum
2015 2443 2118 2497 sub
2153 2459 2313 2497 mauu

738 2546 921 2596 essent
954 2535 1276 2600 auxiliares,
1311 2535 1507 2589 castris
1532 2550 1563 2589 e
1594 2534 1835 2603 subjecto
1863 2536 2093 2589 Amasize
2125 2550 2317 2604 campo

742 2632 919 2695 mntis,
936 2646 1030 2699 per
1051 2625 1465 2700 Paphlagoniam
1490 2624 1591 2683 iter
1618 2624 1768 2688 facit,
1794 2623 1999 2678 150000
2015 2627 2314 2681 exercitum

740 2723 1030 2774 adducens.
1064 2720 1264 2775 Marius
1295 2732 1472 2774 autem
1496 2721 1596 2774 sub
1628 2722 1799 2790 signis
1830 2716 2034 2775 habens
2060 2714 2312 2776 Nicome-

740 2816 824 2866 (iis
851 2815 1035 2880 copias
1083 2818 1222 2883 (qua:
1252 2815 1318 2866 ad
1346 2812 1520 2867 solam
1560 2812 1884 2867 Mithridatis
1910 2813 2107 2867 famam
2150 2813 2311 2869 dissi-

740 2905 1050 2972 pabantur),
1079 2921 1202 2958 cum
1231 2905 1420 2971 exigua
1459 2902 1827 2959 Romanorum
1863 2920 2021 2958 manu
2055 2920 2173 2960 sese
2190 2907 2311 2960 sub-

736 2997 868 3063 jecit
921 2997 1267 3065 Ileuuphaui,
1307 2997 1638 3051 Mithridatis
1698 2998 1935 3059 tribuno,
1968 3007 2023 3051 et
2070 2999 2313 3065 repuisus

740 3086 899 3154 fugit,
932 3092 1078 3140 OlllliI
1110 3089 1355 3140 exercitu
1399 3087 1619 3140 amisso.
1670 3085 1872 3140 Secure
1925 3087 2088 3154 igitur
2131 3088 2312 3156 Bithy-

742 3180 887 3231 niam
933 3179 1198 3233 invadens
1235 3178 1595 3243 Mithridates,
1628 3189 1683 3232 et
1728 3179 1893 3234 urbes
1939 3190 1994 3232 et
2037 3182 2309 3249 regionem

741 3273 876 3323 citra
921 3287 1154 3341 pugnam
1193 3271 1404 3324 obtinet
1436 3288 1448 3322 :
1479 3280 1910 3338 ceterarumque
1942 3271 2084 3325 Asiae
2116 3272 2309 3325 civita-

2503 1987 2770 2057 ’Υστερον
2802 1988 2857 2041 δὲ
2898 1987 3071 2042 Σύλλα
3098 1991 3192 2040 καὶ
3221 1988 3433 2057 Μαρίου
3463 1989 3587 2055 περὶ
3617 2004 3718 2056 την
3750 1987 3991 2055 Ῥωμαῖ-

2416 2077 2517 2149 κὴν
2543 2079 2819 2133 πολιτείαν
2845 2081 3322 2152 ἀναρριπισάντων
3339 2080 3436 2149 τὴν
3467 2079 3675 2143 στάσιν,
3712 2080 3991 2147 τέσσαρας

2419 2168 2687 2236 μυριάδας
2753 2170 2933 2233 πεζῶν
2979 2169 3076 2222 καὶ⁵
3114 2170 3337 2239 μυρίους
3368 2170 3413 2200 ’⁸
3462 2168 3663 2231 ἱππέας
3705 2169 3992 2237 Ἀρχελάῳ

2414 2257 2491 2327 τῷ
2516 2260 2807 2329 στρατηγῷ
2848 2261 3125 2329 παραδοὺς
3150 2263 3178 2313 ὁ
3209 2260 3545 2329 Μιθριδάτης
3577 2264 3719 2314 κατὰ
3743 2261 3991 2313 Βιθυνῶν

2416 2349 2669 2402 ἐκέλευσε
2701 2352 3037 2420 στρατεύειν.
3085 2354 3192 2405 Καὶ
3225 2355 3418 2423 κρατεί
3449 2356 3544 2422 τῆς
3573 2354 3749 2422 μάχης
3770 2353 3991 2421 ωμῦα-

2417 2439 2522 2491 λὼν
2549 2442 2863 2510 Ἀρχέλαος.
2921 2444 3112 2511 φεύγει
3157 2444 3213 2496 δὲ
3244 2445 3335 2496 καὶ
3365 2444 3683 2514 Νικομήδης
3726 2444 3843 2512 μετ’
3880 2444 3993 2494 ὀλί-

2416 2548 2546 2597 γων.
2576 2532 2761 2583 Ταῦτα
2789 2531 2976 2601 μαθὼν
3004 2534 3344 2605 Μιθριδάτης
3368 2536 3807 2602 παραγεγονότος
3836 2534 3993 2602 αὐτῷ

2417 2623 2512 2675 καὶ
2537 2622 2629 2674 τοῦ
2660 2625 3033 2694 συμμαχικοῦ,
3064 2626 3201 2696 ἄρας
3223 2629 3330 2679 άπὸ
3356 2627 3451 2679 τοῦ
3479 2628 3604 2698 πρὸς
3628 2632 3695 2695 τῇ
3716 2628 3992 2698 Ἀμασεία

2418 2713 2597 2764 πεδίου
2642 2714 2732 2765 διὰ
2759 2715 2857 2783 τῆς
2899 2717 3285 2785 Παφλαγονίας
3313 2719 3420 2788 ᾔει,
3470 2720 3861 2772 πεντεκαίδεκα
3890 2739 3995 2790 μυ-

2418 2802 2606 2878 ριάδας
2627 2790 2861 2880 στρατὸν
2893 2807 3255 2876 ἑπαγόμενος.
3293 2810 3498 2872 Μάνιος
3536 2813 3578 2842 ’⁷
3614 2811 3669 2863 δὲ
3695 2811 3805 2863 τῶν
3842 2813 3993 2879 ἀμφὶ

2414 2900 2732 2971 Νικομήδην
2792 2898 3310 2973 συστρατευομένων
3365 2900 3514 2977 αὑτῴ
3558 2901 3696 2977 μόνῃ
3757 2904 3823 2976 τῇ
3888 2906 3983 2958 τοῦ

2415 2993 2749 3064 Μιθριδάτου
2782 2997 2939 3065 φήμῃ
2967 2996 3483 3063 διασκεδασθέντων,
3514 3001 3650 3068 μετὰ
3695 2998 3991 3067 Ῥωμαίων

2413 3084 2609 3151 ὀλίγων
2637 3086 3173 3154 ἀντιπαρατάσσεται
3209 3090 3525 3158 Μηνοφάνει
3545 3089 3622 3158 τῷ
3656 3088 3990 3157 Μιθριδάτου

2416 3175 2734 3244 στρατηγῷ,
2784 3177 2879 3228 καὶ
2911 3179 3142 3247 τραπεὶς
3172 3180 3382 3247 φεύγει,
3427 3183 3608 3232 πᾶσαν
3636 3181 3735 3247 τήν
3757 3180 3990 3249 δύναμιν

2417 3266 2731 3320 ἀποϐαλών.
2769 3267 3055 3337 Ἐμϐαλὼν
3102 3269 3159 3320 δὲ
3205 3271 3303 3322 σὺν
3352 3271 3504 3341 ἀδείᾳ
3544 3270 3879 3339 Μιθριδάτης
3912 3274 3991 3333 εἰς

741 3372 855 3417 tum
916 3364 1033 3419 alia}
1065 3364 1374 3432 capiuntur,
1398 3362 1516 3417 alia:
1545 3363 1600 3416 in
1630 3361 1785 3415 fidem
1819 3363 1957 3431 regis
1992 3365 2310 3417 concedunt.
2342 3353 2344 3375 ¹

2418 3359 2514 3423 τὴν
2544 3358 2796 3411 Βιθυνίαν
2822 3360 2920 3422 τάς
2944 3377 3002 3412 τε
3036 3360 3219 3421 πόλεις
3262 3365 3353 3414 καὶ
3379 3364 3481 3430 τὴν
3528 3362 3710 3431 χώραν
3750 3364 3924 3430 ἀμαχὶ
3946 3362 3986 3393 ’⁸

740 3454 806 3507 Ει
843 3467 1060 3521 repente
1120 3456 1314 3524 ingens
1368 3454 1419 3505 lit
1464 3469 1642 3507 rermn
1683 3454 2054 3518 commutatio,
2091 3453 2315 3509 Rhodiis

740 3547 1081 3602 solummodo
1106 3546 1157 3599 in
1193 3545 1429 3599 amicitia
1469 3542 1837 3598 Romanorum
1872 3543 2311 3612 perdurantibus.

741 3639 970 3704 Ideoque
1012 3645 1155 3689 terra
1195 3636 1439 3701 marique
1481 3633 1678 3687 bellum
1708 3642 1901 3686 contra
1952 3633 2097 3701 ipsos
2146 3633 2314 3685 movit

744 3726 1107 3788 Mithridates,
1144 3725 1269 3779 licet
1298 3722 1492 3778 Rhodii
1524 3726 1723 3777 virtute
1746 3732 1799 3777 et
1820 3722 2033 3775 fortuna
2061 3722 2133 3775 ita
2167 3733 2316 3775 aute-

740 3819 1019 3880 cellereut,
1044 3830 1281 3887 utprope
1313 3827 1458 3871 esset
1508 3818 1681 3885 ipsum
1713 3830 1893 3885 regem
1928 3814 2103 3869 navali
2132 3816 2315 3882 praelio

744 3914 795 3962 iu
848 3912 1079 3963 hostium
1132 3910 1317 3963 venire
1368 3924 1581 3963 manus.
1630 3908 1906 3963 Intellecto
1953 3917 2072 3976 post
2111 3906 2313 3976 231a

744 4000 1102 4061 Mithridates,
1128 4000 1276 4053 cives
1309 3999 1582 4053 Romanos
1606 4014 1702 4066 per
1737 3998 1908 4052 urbes
1934 3996 2076 4051 Asia:
2102 3998 2315 4065 disper-

741 4106 831 4144 sus
875 4090 1117 4145 consiliis
1156 4091 1267 4144 SIIIS
1320 4090 1708 4157 impedimento
1752 4103 1893 4152 esse,
1944 4088 2008 4142 ad
2064 4090 2313 4143 civitates

742 4185 983 4252 scripsit,
1028 4194 1085 4236 ut
1114 4199 1221 4236 uno
1255 4184 1341 4235 die
1373 4198 1561 4237 omnes
1593 4184 1733 4252 apud
1768 4197 1827 4235 se
1865 4182 2138 4237 Romanos
2163 4183 2314 4237 occi-

742 4278 951 4329 derent.
988 4275 1051 4328 Et
1091 4276 1361 4343 plerazquc
1406 4275 1551 4329 dicto
1586 4274 1703 4343 ejus
1746 4273 2061 4337 audientes,
2113 4275 2312 4326 caedem

744 4378 949 4419 tantam
998 4375 1319 4435 patrarunt,
1372 4375 1430 4418 ut
1482 4380 1589 4419 uno
1640 4366 1938 4433 eodemque
1991 4365 2079 4419 die
2141 4364 2315 4419 80000

742 4460 922 4527 gladio
952 4470 1179 4512 mortem
1221 4467 1563 4527 oppeterent.

2422 3451 2651 3521 κατέσχε
2680 3468 2691 3480 °
2730 3453 2823 3505 καὶ
2869 3452 2975 3505 τῶν
3005 3452 3181 3506 ἄλλων
3207 3453 3263 3506 δὲ
3314 3454 3521 3507 πόλεων
3562 3455 3673 3507 τῶν
3720 3457 3864 3506 κατὰ
3892 3458 3992 3525 τὴν

2428 3542 2613 3595 Ἀσίαν
2650 3544 2705 3594 αἱ
2750 3545 2849 3612 μὲν
2883 3545 3171 3613 ἡλίσκοντο
3209 3547 3341 3599 αἰδὲ
3375 3548 3757 3617 προσεχώρουν
3784 3548 3865 3616 τῷ
3897 3548 3991 3616 βα-

2418 3635 2573 3697 σιλεῖ,
2623 3636 2716 3686 καὶ
2771 3637 3040 3707 μεταϐολὴ
3091 3639 3199 3691 τῶν
3263 3641 3399 3692 ὅλων
3452 3640 3626 3709 ἀθρόα
3670 3641 3991 3702 καθίστατο,

2430 3724 2644 3776 Ῥοδίων
2691 3726 2849 3795 μόνον
2899 3727 2995 3798 τὴν
3031 3728 3167 3798 πρὸς
3200 3728 3507 3797 Ῥωμαίους
3543 3729 3878 3798 στεργόντων
3906 3749 3993 3793 φι-

2420 3815 2561 3870 λίαν.
2612 3816 2689 3869 Δι“
2737 3818 2805 3887 ἣν
2853 3821 2972 3872 κατ’
2998 3821 3178 3873 αὐτῶν
3223 3821 3559 3891 Μιθριδάτης
3601 3823 3861 3874 καὶκατὰ
3890 3824 3994 3890 γῆν

2421 3910 2515 3961 καὶ
2572 3912 2713 3964 κατὰ
2747 3912 3015 3965 θάλατταν
3072 3914 3240 3965 ὲκίνει
3286 3915 3377 3966 τὸν
3421 3916 3675 3983 πόλεμον,
3726 3917 3775 3966 εἰ
3812 3917 3906 3967 καὶ
3935 3916 3995 3966 τὸ

2422 4002 2583 4054 πλέον
2619 4004 2813 4055 Ῥόδιοι
2845 4005 3021 4075 ἔσχον,
3061 4006 3135 4068 ὡς
3169 4007 3263 4059 καί
3305 4008 3466 4059 αὑτὸν
3499 4008 3834 4080 Μιθριδάτην
3861 4027 3991 4061 ναυ-

2424 4096 2703 4163 μαχοῦντα
2738 4098 2902 4164 ὲγγὺς
2933 4098 3026 4150 τοῦ
3056 4098 3260 4150 ἁλῶναι
3292 4100 3489 4151 ἐλθεῖν.
3539 4100 3693 4152 Μετὰ
3721 4099 3777 4153 δὲ
3819 4101 3995 4152 ταῦτα

2426 4186 2615 4255 μαθὼν
2655 4188 2991 4259 Μιθριδάτης
3022 4191 3095 4252 ὠς
3123 4192 3172 4242 οί
3209 4193 3345 4243 κατά
3376 4191 3473 4253 τὰς
3510 4190 3694 4253 πόλεις
3727 4193 3995 4261 σποράδες

2437 4279 2700 4350 Ῥωμαῖοι
2741 4284 2849 4334 τῶν
2899 4286 3030 4355 παρ’
3083 4285 3249 4337 αὑτοῦ
3293 4287 3690 4353 διανοουμένων
3742 4288 3996 4357 ἐμποδὼν

2421 4370 2691 4432 ἵστανται.
2734 4377 2935 4443 γράφει
2967 4378 3100 4446 πρὸς
3128 4380 3310 4441 πάσας
3340 4379 3444 4431 ὑπὸ
3477 4380 3606 4446 μίαν
3629 4380 3845 4448 ἡμέραν
3868 4381 3994 4440 τοὺς

2419 4465 2549 4532 παρ’
2567 4464 2755 4527 αὐταῖς
2796 4466 3099 4537 Ῥωμαίους
3114 4469 3383 4536 φονεύειν.
3406 4470 3514 4523 Καὶ
3537 4469 3722 4522 πολλοὶ
3744 4469 3992 4521 πεισθέν-

738 4569 828 4615 τες
856 4550 1111 4605 τοσοῦτον
1160 4551 1320 4619 φόνον
1356 4550 1717 4619 εἰργάσαντο,
1749 4550 1825 4612 ὡς
1870 4548 2137 4619 μυριάδας
2164 4549 2309 4602 ὀκτὼ
2353 4552 2412 4603 ὲν
2456 4560 2555 4627 μιᾷ
2592 4561 2685 4611 καὶ
2735 4562 2800 4630 τῇ
2833 4560 2971 4630 αὐτῇ
3017 4561 3200 4631 ήμέρᾳ
3259 4562 3461 4614 τὸνδιὰ
3534 4564 3721 4631 ξίφους
3775 4552 3997 4633 ὄλεθρον

740 4643 1057 4709 ὑποστῆναι.

1240 4754 1368 4808 CAP.
1405 4752 1641 4807 XXXIV.
1673 4785 1732 4793 —
1763 4751 1926 4823 Sylla’
1952 4756 2179 4807 victoriis
2207 4756 2270 4807 de
2298 4754 2479 4807 Taxile
2516 4766 2564 4808 et
2592 4758 2845 4811 Archelao
2879 4757 3207 4812 Mithridatis
3232 4762 3470 4814 ducibus.

815 4869 912 4923 Uhi
950 4884 1077 4923 vero
1113 4869 1317 4922 Eretria
1350 4877 1403 4921 et
1431 4868 1645 4920 Chalcis
1672 4870 1916 4934 ademlne
1954 4878 2060 4922 tota
2121 4869 2321 4922 Etlsta
2356 4873 2400 4927 ι)

740 4965 804 5015 ad
844 4963 1204 5016 Mithridatem
1237 4974 1360 5013 sese
1400 4960 1777 5026 applicaraut,
1817 4958 2043 5026 aliaeque
2084 4964 2149 5014 ad
2193 4978 2314 5015 eum

740 5057 987 5108 civitates
1022 5054 1412 5114 trausiverant,
1457 5052 1616 5105 victis
1662 5053 1826 5105 etiam
1871 5049 2314 5111 Lacedmmouiis.

740 5143 940 5215 Syllam
977 5157 1098 5195 cum
1133 5142 1280 5209 justo
1312 5144 1527 5209 agmine
1576 5138 1802 5192 llouiani
1836 5142 2111 5193 emittunt.
2148 5140 2317 5206 Cujus

740 5242 971 5292 adventu
990 5236 1264 5298 civitates,
1286 5233 1480 5302 partim
1512 5242 1703 5299 sponte
1723 5230 2053 5285 deditionem
2080 5230 2312 5294 faciunt,

740 5331 934 5400 partim
988 5330 1036 5383 vi
1094 5328 1145 5381 iu
1217 5334 1531 5395 potestatem
1584 5324 1703 5392 ejus
1759 5323 2008 5378 veniunt.
2042 5321 2151 5376 Nec
2198 5324 2315 5376 cxi-

739 5439 873 5491 guas
909 5420 1253 5475 Ponticormn
1296 5417 1480 5485 copias
1534 5416 1711 5469 fundit
1754 5424 1807 5469 et
1855 5413 2025 5485 fugat.
2076 5416 2320 5469 Athenas

740 5515 898 5567 etiam
931 5512 1075 5579 cepit
1106 5529 1118 5565 :
1147 5522 1199 5565 et
1238 5509 1353 5564 SUIO
1398 5508 1527 5562 urbs
1557 5518 1763 5575 aequata
1800 5517 1965 5571 esset,
2015 5507 2118 5559 nisi
2166 5506 2318 5559 ocius

2510 4870 2791 4938 Ἐρετρίας
2822 4870 2878 4923 δὲ
2919 4871 3011 4923 καὶ
3043 4872 3304 4935 Χαλκίδος
3335 4875 3430 4927 καὶ
3463 4874 3592 4944 ὅλης
3621 4875 3853 4939 Εὐϐοίας
3886 4881 4000 4940 τοῖς

2422 4959 2516 5011 τοῦ
2574 4960 2903 5030 Μιθριδάτου
2947 4963 3369 5032 προσθεμένων,
3418 4968 3513 5017 καὶ
3564 4966 3739 5019 ἄλλων
3791 4970 4003 5021 πόλεων

2424 5052 2574 5120 αὐτῷ
2614 5053 3109 5121 προσχωρούντων,
3144 5056 3238 5107 καὶ
3280 5056 3384 5123 μὴν
3425 5059 3517 5109 καὶ
3558 5059 4001 5129 Λακεδαιμονίων

2424 5142 2801 5211 ἡττηθέντων,
2847 5145 3054 5199 Σύλλαν
3075 5149 3118 5177 ’³
3169 5148 3545 5216 ἐκπέμπουσιν
3591 5151 3641 5202 oi
3696 5150 3960 5219 Ῥωμαῖοι
3987 5196 3999 5214 ,

2425 5234 2617 5304 ἱκανὴν
2646 5235 2795 5304 αὐτῷ
2825 5238 3309 5307 συνεκπέμψαντες
3334 5241 3617 5310 στρατιάν.
3660 5242 3718 5292 '0
3740 5242 3798 5293 δὲ
3824 5260 4002 5311 παρα-

2424 5325 2662 5394 γεγονὼς
2692 5328 2801 5379 τῶν
2841 5327 3047 5380 πόλεων
3085 5330 3182 5391 τάς
3214 5330 3312 5399 μὲν
3353 5332 3694 5403 ὲκουσιότητι
3732 5336 4006 5401 μεταϐαλ-

2423 5418 2685 5485 λομένας,
2718 5419 2817 5481 τὰς
2848 5419 2902 5471 δὲ
2933 5420 3027 5473 καὶ
3054 5420 3146 5491 βίᾳ
3178 5423 3463 5491 κατέσχεν.
3496 5425 3596 5477 οὐκ
3624 5424 3804 5491 ὀλίγον
3837 5429 3998 5496 στράν

2423 5527 2597 5578 τευμα
2622 5510 2730 5562 τῶν
2759 5510 3035 5564 Ποντικῶν
3080 5513 3229 5583 μάχῃ
3273 5514 3631 5585 τρεψάμενος.
3662 5512 3787 5569 Εἷλε
3824 5517 3880 5569 δὲ
3912 5522 4008 5571 καὶ

2019 5648 2253 5704 \‘ARIJE
2302 5650 2703 5710 LECTIONES.

809 5752 854 5779 θδ
884 5750 976 5799 τὸν
1008 5763 1115 5801 om.
1150 5749 1213 5800 Α.

742 5820 783 5851 ³⁸
814 5820 1012 5887 ἀμαχεὶ
1042 5837 1103 5883 ς.
1180 5820 1222 5850 ’⁸
1259 5819 1424 5869 σζλαν
1460 5820 1518 5872 Α.

1309 5748 1355 5823 ff
1389 5748 1561 5823 τὸν-ο
1589 5745 1929 5816 Νικομήδην]
1964 5745 2259 5815 Σωγράτην
2281 5747 2367 5799 τὸν
2387 5748 2762 5820 -Νικομηδει
2792 5748 3107 5806 Palmerius.
3179 5752 3222 5783 ³⁸
3251 5751 3451 5822 μυρίας
3483 5769 3543 5816 ς.
3620 5754 3662 5785 ⁸⁷
3696 5753 3909 5823 Μάριος
3941 5772 4005 5817 ς.
