4208 6448
305 406 414 467 909

1372 403 1889 467 BIBIJOTBECA.
1913 429 1977 440 -
2005 403 2167 463 COD.
2189 402 2482 463 CCXXIV.

3425 397 3529 461 910

305 518 407 578 τις
458 513 688 583 Ἀθήνας
714 528 730 545 ο
787 514 884 565 καὶ
936 513 1282 567 κατέσκαπτο
1313 514 1382 567 άν
1426 517 1459 584 ἡ
1500 515 1673 578 πόλις,
1716 515 1767 566 εἰ
1802 514 1876 582 μὴ
1905 522 1951 574 Α

1867 531 1876 582 ι
1905 522 1951 574 Α
1978 524 2196 569 senatus
2222 514 2496 566 llomanus
2517 509 2676 579 Sylla:
2698 508 3028 579 propositum
3060 508 3385 580 iulregisset.
3405 506 3529 563 Post

307 607 524 659 θᾶττον.
547 606 581 675 ἡ
607 602 910 673 σύγκλητος
942 603 1227 670 Ῥωμαίων
1252 604 1350 673 τὴν
1398 604 1493 656 τοῦ
1538 605 1711 657 Σύλλα

1975 606 2197 659 crebros
2244 614 2423 657 autem
2469 600 2790 666 conﬂictus,
2841 601 2899 655 in
2953 601 3151 671 quibus
3202 601 3536 656 excellebant

308 712 420 763 μην
448 693 700 761 άνέκοψε.
734 690 950 759 Συχνῶν
979 691 1034 743 δὲ
1062 694 1416 760 παρατάξεων
1446 694 1873 762 συνισταμένων,

1870 735 1873 750 .
1972 696 2207 758 Pontici,
2226 710 2349 749 cum
2367 694 2509 749 felici
2524 695 2633 762 jam
2662 709 2917 750 successu
2939 709 3029 749 res
3050 705 3532 754 commutarentur.

306 790 367 839 ἐν
392 782 482 848 αἷς
511 787 570 838 τὸ
597 786 782 838 πλεῖον
810 778 959 853 εἶχον
987 786 1040 835 οἱ
1070 785 1345 843 Ποντικοί.
1376 786 1468 837 καὶ
1494 784 1878 854 συμμεταϐαλ-

306 877 552 944 λομένων
590 874 697 928 τῶν
731 874 1075 944 πραγμάτων
1125 875 1239 930 τοῖς
1272 873 1759 943 κατορθουμένοις,
1794 873 1878 927 ἑν·-

306 967 426 1019 δεισ.
454 968 566 1028 τοῖς
619 965 917 1034 βασιλικοῖς
951 966 1052 1034 τῆς
1095 964 1303 1032 διαίτης
1336 966 1557 1033 ἐπέστη,
1606 965 1735 1037 [732
1782 963 1876 1036 8.]

305 1057 535 1118 ἀσώτως
573 1072 631 1107 τε
667 1056 801 1125 πρὸς
846 1054 1049 1125 ταύτην
1078 1053 1206 1123 [579
1242 1051 1333 1122 1].]
1380 1054 1745 1122 διακειμένοις
1783 1054 1878 1105 καὶ

303 1151 591 1221 ταμιεύειν
627 1151 697 1203 τά
734 1152 1002 1220 κτηθέντα
1030 1151 1046 1181 ¹
1093 1151 1167 1220 μὴ
1202 1152 1606 1221 ἐπισταμένοις.
1645 1152 1757 1205 Καὶ
1796 1151 1875 1212 είς

309 1242 607 1313 συμφορῶν
641 1243 705 1295 άν
734 1242 990 1305 ἐξέπεσον
1011 1242 1112 1310 τὴν
1141 1243 1398 1313 ἐσχάτην,
1430 1246 1478 1295 εί
1510 1243 1584 1313 μὴ
1614 1242 1879 1311 Ταξίλλης

322 1333 647 1402 ’Δμφίπολιν
706 1332 873 1394 ἐλὼν,
915 1332 1010 1385 καὶ
1039 1333 1129 1384 διά
1175 1333 1349 1386 ταῦτα
1397 1335 1497 1402 τῆς
1542 1332 1880 1394 Μακεδονίας

308 1427 451 1496 πρὸς
511 1425 670 1477 αὐτὸν
724 1424 1194 1493 μεταϐαλομένης.
1228 1424 1435 1478 ἐκεῖθεν
1482 1426 1580 1492 τὴν
1620 1422 1882 1493 ἀφθονίαν

310 1516 620 1585 ἐχορήγησε
648 1515 756 1566 τῶν
786 1514 1126 1582 ἐπιτηδείων.
1168 1509 1336 1576 Οὗτος
1370 1514 1427 1566 δέ
1461 1514 1555 1564 καὶ
1594 1512 1883 1581 Ἀρχέλαος

312 1607 684 1678 συμμίξαντες
703 1607 771 1659 τά
796 1605 1218 1677 στρατεύματα¹
1250 1605 1389 1673 ὑπὲρ
1414 1602 1510 1663 τάς
1530 1602 1589 1666 ἓξ
1616 1604 1882 1675 μυριάδας

310 1699 374 1751 τὸ
427 1699 669 1768 πλῆθος³
705 1695 859 1767 ἦγον.
909 1698 1017 1750 Καὶ
1065 1695 1575 1765 στρατοπεδεύονται
1616 1697 1756 1750 κατά
1783 1697 1882 1764 τὴν

312 1790 530 1843 Φωκίδα
560 1789 777 1860 χώραν,
810 1788 1233 1849 ὐπαντιάσοντες
1260 1786 1339 1855 τῷ
1370 1785 1566 1854 Σύλλα.
1611 1787 1667 1838 ὐ
1700 1786 1757 1839 δὲ
1788 1787 1882 1840 καὶ

1978 788 2250 841 alimonia:
2281 785 2459 854 inopia
2488 787 2650 856 regiis
2673 785 2935 853 incubuit,
2970 786 3111 855 quod
3137 786 3359 855 prodige
3389 786 3537 839 victu

1981 878 2358 942 abuterentur,
2377 886 2433 931 et
2457 876 2722 944 acquisita
2746 884 2892 931 recte
2912 875 3225 946 dispensare
3240 876 3534 931 nescirent.

1979 967 2045 1022 Et
2076 967 2128 1021 in
2158 976 2453 1021 extremam
2486 967 2772 1022 deventum
2816 978 2960 1021 esset
2992 969 3352 1022 calamitatem
3372 1010 3386 1033 ,
3435 969 3538 1023 nisi

1978 1058 2216 1123 Taxiles,
2263 1068 2419 1127 capta
2466 1058 2795 1127 Amphipoli,
2846 1061 3071 1129 ideoque
3116 1059 3424 1114 Macedonia
3470 1064 3539 1115 ad

1980 1150 2153 1219 ipsum
2213 1148 2515 1215 deﬁciente,
2589 1150 2790 1218 largam
2848 1152 3175 1205 cibariorum
3232 1153 3539 1206 facultatem

1980 1242 2103 1297 inde
2135 1242 2623 1299 subministrasset.
2664 1241 2763 1297 llic
2798 1253 2852 1297 et
2884 1244 3204 1310 Archelaus,
3242 1241 3541 1300 comniistis

1981 1335 2305 1402 agminibus,
2358 1333 2478 1404 plus
2514 1348 2675 1403 quam
2706 1332 2881 1389 60000
2930 1335 3203 1389 hominum
3246 1338 3343 1390 sub
3374 1339 3543 1407 signis.

1980 1425 2271 1490 ducebant,
2298 1434 2353 1479 et
2383 1426 2659 1479 occursuri
2695 1426 2855 1496 Syllae
2900 1426 2952 1481 in
2987 1426 3220 1481 Phocide
3274 1427 3544 1482 habebant

1981 1517 2200 1569 stativa.
2236 1514 2326 1570 Ille
2346 1530 2493 1581 vero,
2529 1515 2590 1570 L.
2630 1515 2919 1572 Hortensio
2947 1528 3246 1587 assumpto,
3280 1519 3370 1587 qui
3401 1517 3544 1573 6000

1981 1619 2045 1658 ex
2083 1604 2228 1658 Italia
2273 1604 2595 1671 adduxerat,
2633 1607 2769 1663 satis
2802 1607 3013 1678 longum
3065 1608 3119 1660 in
3158 1609 3334 1663 medio
3376 1609 3544 1664 inter-

1986 1696 2181 1751 vallum
2218 1697 2749 1767 relinquens,castra
2771 1700 2940 1769 ponit.
2963 1701 3211 1756 Archelai
3242 1712 3419 1755 autem
3448 1703 3549 1756 mi-

1984 1789 2169 1843 litibus
2224 1790 2580 1858 incomposite
2625 1792 2691 1846 ad
2758 1792 3191 1848 lrumentandum
3249 1796 3547 1858 conversis.

313 1878 550 1930 Λούκιον
583 1877 899 1950 Ὀρτήνσιον
925 1879 945 1905 ⁵
982 1875 1123 1945 ὑπὲρ
1158 1876 1257 1937 τάς
1282 1873 1341 1938 ἐξ
1366 1873 1607 1943 χιλιάδας
1627 1874 1647 1904 ⁵
1671 1877 1875 1939 άγοντα
1913 1872 1951 1925 Β

1913 1872 1951 1925 Β
1983 1878 2276 1947 improviso
2304 1880 2523 1935 adertus
2548 1890 2747 1944 castra.
2796 1892 3054 1953 quotquot
3073 1886 3262 1939 robore
3289 1886 3550 1953 pollentes

312 1968 378 2032 ἐξ
416 1963 644 2029 ’ἰταλίός
674 1966 1141 2037 συμπαραλαϐὼν,
1165 1966 1271 2018 άπὸ
1303 1963 1498 2034 συχνοῦ
1518 1964 1883 2034 διαστήματος

311 2058 925 2130 ἀντεστρατοπεδεύετο.
989 2059 1109 2111 Ἐπὶ
1166 2058 1465 2125 σιτολογίαν
1523 2057 1580 2110 δὲ
1624 2060 1775 2127 παρά
1825 2059 1885 2111 τὸ

310 2153 531 2222 πρέπον
562 2152 671 2203 τῶν
703 2151 833 2221 περὶ
862 2152 953 2202 τὸν
996 2149 1284 2219 Ἀρχέλαον
1325 2149 1677 2219 τραπέντων,
1708 2150 1884 2219 άπρο-

312 2243 498 2303 όπτως
530 2240 732 2303 Σύλλας
768 2239 1067 2293 ἐπιτίθεται
1095 2240 1171 2309 τῷ
1196 2239 1306 2291 τῶν
1346 2238 1616 2307 πολεμίων
1657 2255 1885 2309 στρατο-

314 2334 495 2402 πέδῳ,
527 2332 622 2384 καὶ
650 2333 773 2393 τοὺς
805 2333 905 2401 μὲν
934 2330 1237 2400 εὐρώστους
1282 2316 1389 2382 τῶν
1416 2329 1651 2382 ἁλόντων
1681 2329 1879 2381 αὐτίκα

312 2425 541 2488 κτείνει,
570 2424 628 2488 ἐξ
656 2417 730 2476 ὧν
756 2424 813 2476 δὲ
836 2423 999 2492 φόϐον
1030 2422 1323 2484 ἐπιθέσεως
1360 2422 1459 2474 οὐκ
1498 2416 1630 2491 εἶχε,
1666 2420 1887 2484 τούτους

1988 1970 2129 2038 cepit
2159 1968 2326 2040 Sylla,
2375 1973 2572 2026 occidit
2606 1991 2618 2026 :
2650 1988 2679 2026 a
2724 1974 2922 2042 quibus
2956 1985 3133 2030 autem
3177 1976 3354 2031 nullus
3398 1979 3549 2031 inva-

1989 2058 2148 2111 dendi
2191 2069 2362 2113 metus
2393 2071 2533 2122 erat,
2580 2062 2678 2116 hos
2710 2062 2831 2117 loco
2860 2064 3222 2120 circumdatos
3266 2066 3413 2134 ignes
3455 2081 3547 2118 ac-

1987 2148 2401 2215 centlerejuhet,
2423 2162 2478 2204 ut
2502 2172 2529 2205 a
2556 2151 2895 2221 pabulatione
2920 2164 3250 2209 revertentes
3276 2158 3553 2225 opperian-

1995 2247 2102 2301 tur,
2138 2240 2282 2293 nulla
2312 2244 2522 2296 adversi
2554 2260 2713 2299 casus
2743 2246 3051 2314 suspicione
3082 2248 3321 2315 praebita.
3358 2247 3465 2303 llot:
3497 2261 3555 2302 ut

1990 2330 2283 2399 prudenter
2321 2336 2390 2388 ab
2435 2336 2762 2401 imperatore
2818 2340 3089 2405 provisum
3131 2352 3270 2405 erat,
3324 2342 3553 2395 feliciter

1991 2423 2163 2476 exivit
2201 2443 2213 2477 :
2257 2428 2648 2500 magniﬁcaque
2674 2430 2896 2487 victoria
2925 2437 3201 2504 patiuntur
3234 2438 3459 2509 Syllani.

315 2519 632 2588 περιίστησι
673 2518 749 2587 τῷ
784 2518 967 2588 χωρίῳ
996 2518 1091 2569 καὶ
1129 2518 1277 2586 πυρα
1312 2516 1522 2570 κελεύει
1577 2515 1777 2579 καίειν,
1823 2517 1897 2580 ὡς
1944 2518 2071 2579 τοὺς
2115 2519 2224 2572 άπὸ
2300 2523 2399 2592 τῆς
2463 2527 2767 2595 σιτολογίας
2824 2530 3249 2602 ἀφικνουμένους
3321 2534 3555 2603 δέχοιντο

316 2612 590 2682 μηδεμίαν
636 2611 892 2665 ὑπόνοιαν
951 2610 1311 2679 παρεχόμενοι
1350 2609 1446 2662 τοῦ
1488 2610 1728 2672 πάθους·
1789 2611 1882 2663 καὶ
1930 2610 2131 2683 συνέϐη
2176 2614 2253 2677 ὡς
2300 2618 2721 2693 ἐστρατηγήθη,
2754 2624 2849 2677 καὶ
2896 2624 3157 2695 λαμπράν
3232 2628 3329 2696 τὴν
3400 2630 3556 2699 νίκην

320 2710 482 2778 ἔσχον
516 2709 568 2759 oi
609 2709 735 2777 περὶ⁵
770 2706 862 2758 τὸν
893 2705 1119 2758 Σύλλαν.

725 2829 853 2883 CAP.
889 2826 1103 2881 XXXV.
1135 2857 1201 2867 -—
1236 2825 1595 2880 Heraclieuses
1649 2826 1802 2880 Chios
1855 2845 1888 2880 a
1933 2827 2167 2899 Dorylae
2212 2832 2265 2884 in
2293 2836 2585 2888 servitutem
2613 2839 2848 2891 redactos
2881 2840 3162 2896 vindicant.

394 2926 557 2985 Χίους
604 2924 660 2976 δὲ
707 2924 781 2986 ὡς
850 2921 1074 2983 Ῥοδίοις
1126 2922 1593 2990 συμμαχήσαντας
1644 2922 1894 2974 αίτιασάο

323 3034 484 3087 μενος
512 3018 540 3069 ὁ
563 3015 921 3086 Μιθριδάτης,
950 3015 1066 3065 κατ’
1088 3013 1265 3065 αὐτῶν
1294 3015 1398 3081 Δορ
1411 3013 1571 3064 ύλαον
1594 3013 1894 3081 ἐκπέμπει,

318 3106 404 3169 ὃς,
442 3108 490 3157 εἰ
519 3105 613 3157 καὶ
642 3103 820 3172 πολλῷ
859 3103 1027 3171 πόνῳ,
1058 3102 1155 3169 τὴν
1187 3100 1342 3151 πόλιν
1378 3100 1631 3169 κατέσχε,
1663 3099 1757 3153 καί⁵
1796 3100 1896 3167 τὴν

324 3198 428 3266 μὲν
472 3195 653 3265 χώραν
682 3194 971 3261 κατένειμε
1016 3195 1127 3253 τοῖς
1166 3192 1465 3254 Ποντικοῖς,
1510 3190 1633 3252 τοὺς
1660 3189 1717 3242 δὲ
1748 3189 1892 3241 πολί-

319 3303 424 3347 τας
456 3284 657 3345 πλοίοις
680 3280 936 3351 ὲμϐαλὼν
964 3281 1210 3350 διέφερεν
1229 3282 1320 3331 ἐπὶ
1349 3280 1435 3331 τὸν
1465 3280 1679 3333 Πόντον.
1726 3280 1897 3350 Ἠραο

322 3371 561 3425 κλεῶται
593 3371 671 3436 δὲ,
704 3372 823 3421 ἐπεὶ
847 3370 997 3439 φιλία
1032 3370 1211 3430 αὐτοῖς
1240 3369 1375 3439 πρὸς
1404 3368 1565 3427 Χίους
1591 3365 1682 3440 ἦν,
1720 3370 1779 3423 έν
1816 3369 1892 3440 τῷ

323 3462 598 3531 παράπλῳ
636 3462 733 3523 τὰς
764 3462 1027 3521 nomn;
1063 3461 1217 3528 νῆας,
1258 3460 1313 3512 αἶ
1354 3461 1479 3519 τοὺς
1516 3460 1892 3529 αίχμαλώτους

322 3551 483 3622 ἦγον,
517 3555 926 3622 ἐφορμήσαντες
952 3552 1139 3615 αὑταῖς
1171 3551 1279 3605 οὐδ’
1303 3549 1724 3619 ἀνθισταμέναις
1749 3551 1890 3620 (οὐδὲ

326 3646 437 3712 γάρ
472 3644 768 3714 ἐξήρκουν)
801 3644 1038 3713 κατῆγον
1074 3646 1165 3696 ἐπὶ
1196 3645 1295 3715 τὴν
1324 3644 1503 3698 πόλιν.
1533 3643 1643 3697 Καὶ
1681 3659 1890 3712 παραυ-

324 3739 457 3790 τίκα
499 3738 567 3790 τά
602 3738 739 3807 πρὸς
765 3739 863 3809 τὴν
892 3738 1077 3808 χρείαν
1104 3740 1464 3810 χορηγοῦντες
1500 3738 1748 3807 ἀφθόνως
1779 3742 1891 3801 τοῖς⁹

325 3832 567 3895 Χιώταις
615 3834 834 3896 τούτους
878 3834 1282 3903 ἀνελάμϐανον,
1323 3836 1417 3888 καὶ
1459 3833 1683 3904 ὕστερον
1722 3850 1895 3903 μεγα-

326 3923 621 3992 λοπρετιῶς
667 3926 1044 3994 δωρησάμενοι
1092 3927 1150 3977 ἐν
1214 3926 1281 3995 τῇ
1354 3924 1572 3995 πατρίδι
1618 3925 1893 3978 ἀπεκατέ-

328 4033 432 4086 στη
442 4034 555 4070 σαν.

2067 2922 2229 2978 Chios
2264 2936 2388 2981 tunc
2434 2928 2690 2984 incusans
2720 2929 3073 2997 Mithridates,
3137 2934 3281 3001 quod
3335 2933 3557 2986 Rhodiis

1997 3015 2200 3068 auxilia
2250 3018 2545 3078 misissent.
2612 3018 2822 3090 Dorylai
2880 3036 3039 3088 Opera
3099 3021 3419 3091 impugnat:
3457 3024 3548 3089 qui

1998 3106 2190 3174 (multo
2224 3106 2348 3161 licet
2386 3108 2591 3179 labore)
2630 3120 2684 3162 et
2713 3112 2897 3163 urbem
2932 3111 3093 3177 cepit,
3125 3121 3178 3163 et
3220 3125 3375 3177 agros
3421 3108 3559 3163 Pun-

1999 3196 2120 3249 ticis
2145 3196 2346 3260 divisit,
2371 3209 2425 3251 et
2452 3199 2597 3253 cives
2644 3200 2867 3268 navigiis
2912 3200 3103 3270 galli
3151 3201 3425 3269 impositos
3453 3201 3557 3252 huc

2002 3287 2127 3341 illuc
2155 3292 2205 3342 in
2236 3289 2408 3344 Ponto
2443 3292 2667 3345 distulit.
2713 3295 2782 3345 At
2824 3290 3211 3355 lleraclienses,
3246 3291 3387 3357 quod
3424 3293 3560 3343 ami-

1998 3383 2124 3436 citia
2152 3383 2279 3451 ipsis
2301 3398 2421 3437 cum
2444 3384 2595 3438 Chiis
2617 3384 2939 3448 intercessit,
2971 3383 3221 3437 Pomicas
3249 3384 3301 3437 in
3331 3383 3557 3435 transitu

2000 3491 2182 3539 naves,
2208 3492 2325 3544 qua:
2358 3478 2599 3543 captivos
2618 3476 2902 3540 vehebant,
2928 3476 3120 3537 adorti,
3154 3490 3219 3528 ne
3251 3476 3560 3528 resistentes

1997 3569 2209 3638 quidem
2254 3570 2383 3635 (non
2430 3569 2571 3623 enim
2620 3578 2704 3624 sat
2753 3569 2947 3621 viriqu
2984 3566 3121 3636 erat)
3157 3568 3208 3621 in
3244 3566 3428 3620 urbem
3469 3568 3559 3619 de-

1997 3666 2216 3716 duxere.
2248 3660 2313 3716 Et
2330 3676 2473 3716 nunc
2499 3661 2713 3731 quidem
2738 3660 2885 3731 large
2911 3659 3068 3717 rebus
3091 3660 3409 3715 necessariis
3432 3675 3559 3725 sup-

1997 3754 2251 3823 peditatis
2316 3753 2561 3810 reﬁciunt
2591 3753 2812 3808 Chiotas
2846 3772 2858 3808 :
2891 3755 3229 3822 postmodum
3272 3768 3419 3816 vero,
3450 3756 3560 3807 exi-

2003 3844 2129 3901 miis
2156 3846 2377 3899 allectos
2402 3844 2715 3900 muneribus
2732 3880 2750 3910 ,
2779 3842 2834 3898 iu
2861 3845 3089 3914 patriam
3121 3843 3424 3899 restituunt.

556 4129 684 4184 Car.
725 4129 965 4184 XXXVI.
1000 4161 1046 4171 —
1107 4130 1344 4185 Valerius
1369 4129 1613 4197 Flaccus,
1653 4147 1919 4185 successor
1944 4127 2127 4199 Sylla,
2170 4125 2463 4178 trucidatur
2482 4139 2513 4176 σ
2536 4119 2777 4176 Fimbria
2797 4123 3056 4193 hujusque
3081 4140 3365 4179 successus.

418 4256 481 4308 ΊΙ
507 4257 562 4309 δὲ
594 4255 892 4325 σύγκλητος
926 4255 1174 4308 Φλάκκον
1196 4254 1489 4323 Οὐαλέριον
1514 4257 1609 4308 καὶ
1634 4256 1904 4326 Φιμϐρίαν

331 4348 542 4414 πέμπει
576 4348 828 4416 πολεμεῖν
866 4348 1195 4418 Μιθριδάτῃ,
1230 4347 1563 4417 ἐπιτρέψασα
1602 4348 1696 4399 καὶ
1728 4347 1903 4416 Σύλλᾳ

331 4439 735 4507 συλλαμϐάνειν
788 4438 865 4509 τῷ
917 4440 1210 4508 πολέμῳ⁶,
1267 4441 1427 4508 ὅμοια
1493 4438 1776 4509 φρονοῦντι
1834 4441 1900 4508 τῇ

332 4531 657 4599 συγκλήτῳ’
690 4531 815 4583 εἰδέ
849 4533 944 4599 μὴ,
967 4531 1067 4599 τὴν
1101 4531 1237 4601 πρὸς
1279 4532 1440 4583 αὑτὸν
1475 4532 1738 4601 πρότερον
1773 4547 1901 4583 συν-

330 4622 469 4688 άψαι
518 4620 715 4689 μάχην.
774 4614 943 4682 Οὗτος
978 4620 1097 4673 κατ’
1139 4622 1313 4690 άρχάς
1343 4622 1441 4690 μὲν
1478 4621 1749 4679 ποικίλαις
1773 4622 1906 4673 ὲπά-

2082 4249 2193 4304 Sub
2219 4264 2281 4302 ea
2317 4247 2499 4301 Roma
2528 4256 2749 4300 senatus
2780 4243 2994 4297 Valerio
3026 4243 3217 4298 Flacco
3241 4255 3293 4297 et
3319 4242 3567 4298 Fimbria:

2009 4340 2204 4393 bellum
2232 4338 2646 4392 Mithridaticum
2674 4335 2963 4389 committit
2993 4350 3008 4386 :
3040 4350 3160 4388 cum
3190 4336 3473 4397 mandatis,
3508 4347 3564 4387 nt

2008 4432 2240 4499 Syllum,
2282 4431 2324 4485 si
2372 4441 2553 4499 partes
2592 4439 2816 4483 senatus
2860 4436 3095 4489 tueatur,
3144 4426 3439 4495 adjuvent;
3483 4429 3566 4480 sin

2009 4526 2207 4587 minus,
2239 4537 2360 4577 cum
2390 4523 2504 4591 ipso
2538 4520 2687 4589 prius
2733 4534 2922 4573 manus
2946 4528 3251 4573 conserant.
3287 4520 3374 4572 Ille
3407 4520 3569 4585 igitur

2011 4617 2174 4669 variis
2211 4616 2363 4669 initio
2396 4613 2790 4668 colluctabatur
2829 4612 2994 4666 sortis
3038 4612 3278 4667 adversa:
3332 4614 3567 4665 CilSlilllS.

331 4711 452 4763 λαιε
483 4711 785 4777 συμφοραῖς
818 4708 996 4778 (λιμόν
1025 4725 1082 4760 τε
1112 4710 1220 4778 γάρ
1248 4711 1341 4760 καὶ
1360 4710 1428 4760 τά
1462 4708 1571 4761 άπὸ
1596 4709 1692 4777 τῆς
1725 4708 1903 4779 μάχης
1938 4721 1979 4774 D

1938 4721 1979 4774 ο
2009 4705 2140 4759 Nam
2166 4717 2219 4758 et
2248 4707 2440 4759 famem
2485 4716 2539 4760 et
2580 4704 2767 4758 Martis
2803 4704 3143 4771 iniquitatem
3169 4704 3425 4757 sustinuit
3464 4722 3476 4756 :
3516 4704 3567 4756 in

332 4800 653 4867 πταίσματα
684 4798 874 4867 ἔσχε),
904 4799 1232 4869 κατώρθωσε
1265 4799 1448 4869 μέντοι
1477 4800 1546 4852 τά
1577 4801 1744 4851 πλείω
1768 4817 1781 4830 ·
1817 4802 1905 4852 διά

333 4894 393 4945 δὲ
430 4892 736 4953 Βυζαντίων
766 4893 860 4943 ἐπὶ
889 4891 1139 4943 Βιθυνίαν
1177 4891 1483 4955 διαϐαλὼν,
1525 4892 1777 4943 κάκεῖθεν
1815 4894 1905 4944 ἐπὶ

336 4984 590 5044 Νίκαιαν,
629 4983 726 5051 τῆς
774 4982 999 5051 πορείας
1029 4980 1182 5050 ἔστη.
1225 4981 1496 5045 Ὡσαύτως
1545 4984 1601 5035 δὲ
1636 4983 1729 5034 καὶ
1772 4984 1906 5051 Φιμ-

338 5074 499 5144 ϐρίας
534 5075 649 5142 ἆμα
679 5075 794 5134 τοῖς
843 5076 941 5125 σὺν
976 5072 1124 5141 αύτῷ
1151 5073 1533 5142 διεπεραιώθη.
1562 5073 1813 5125 Φλάκκου
1850 5073 1907 5125 δὲ

337 5164 779 5232 δυσχεραίνοντος
812 5163 894 5216 ὅτι
932 5162 1203 5233 Φιμϐρίαν
1241 5163 1475 5232 μᾶλλον,
1510 5164 1602 5216 ἆτε
1631 5162 1695 5232 δὴ
1727 5164 1910 5231 φιλαν-

338 5254 572 5324 θρώπως
613 5256 881 5325 ἄρχοντα,
936 5255 997 5306 τὸ
1045 5254 1244 5323 πλῆθος
1281 5254 1523 5325 Ῐᾶρχειν]
1556 5255 1767 5320 ἠγάπα,
1818 5256 1912 5305 καὶ

2009 4799 2278 4866 plerisque
2317 4808 2492 4851 tamen
2540 4813 2799 4868 prospero
2839 4798 3069 4851 fortunae
3116 4812 3370 4850 successu
3419 4813 3546 4848 usus

2009 4890 2215 4957 Perque
2254 4888 2670 4959 Byzantinorum
2715 4890 2849 4944 lines
2896 4891 2947 4943 itt
2993 4890 3291 4959 Bithyniam
3322 4904 3572 4957 progres-

2010 4996 2123 5045 sus,
2184 4990 2235 5035 et
2282 4983 2402 5035 inde
2442 4980 2676 5035 Nicaeam
2732 4996 2943 5045 versus,
2994 4984 3190 5033 stativa
3241 4980 3446 5033 balmit.
3503 4984 3568 5031 At

2012 5069 2304 5133 Flaccum,
2342 5073 2469 5125 dum
2520 5073 2737 5138 indigne
2784 5070 2887 5124 l‘ert
2932 5072 2997 5123 ab
3033 5072 3274 5124 exercitu
3324 5069 3573 5123 Fimbria-

2013 5162 2130 5228 plus
2179 5162 2342 5215 lavari
2373 5203 2388 5225 .
2448 5163 2843 5231 imperiumque
2883 5162 3027 5231 ejus,
3065 5174 3245 5227 utpote
3292 5164 3472 5215 mitius
3521 5173 3573 5214 et

2017 5257 2321 5319 ltutnanius,
2356 5255 2621 5323 pra-ferri,
2665 5258 2892 5323 Ideoque
2934 5264 2989 5309 et.
3033 5256 3204 5321 ipsum
3244 5266 3299 5307 et
3346 5254 3570 5306 militum

341 5348 838 5416 διαλοιδορουμένου
870 5346 1019 5415 αὐτῷ
1056 5364 1115 5397 τε
1151 5348 1243 5398 καὶ
1271 5346 1380 5396 τῶν
1413 5346 1760 5413 στρατιωτῶν
1801 5348 1914 5409 τοῖς

1911 5364 1914 5373 ’
2017 5348 2308 5401 nobiliores
2341 5349 2685 5407 eriminatur,
2721 5350 2826 5398 dun
2863 5362 2970 5415 prae
3000 5347 3121 5399 aliis
3147 5348 3223 5397 ira
3262 5346 3573 5398 inﬂammati

342 5438 813 5505 ἐπιφανεστέρας,
845 5435 937 5489 δύο
968 5437 1077 5487 τῶν
1102 5436 1276 5488 ἄλλων
1324 5436 1482 5487 πλέον
1506 5436 1582 5497 είς
1630 5436 1801 5507 ὀργὴν
1827 5434 1913 5501 ὄξ-

341 5529 600 5597 αφθέντες
622 5530 1054 5595 ἀποσφάττουσιν
1080 5530 1261 5582 αὐτόν.
1294 5526 1393 5595 Ἐφ
1442 5522 1522 5593 οἷς
1544 5529 1583 5599 ἡ
1612 5528 1913 5599 σύγκλητος

2016 5441 2303 5493 trucidant.
2351 5440 2467 5504 Quo
2496 5441 2709 5493 nomine
2741 5450 2959 5493 senatus
2992 5438 3240 5493 Fimbria:
3270 5439 3427 5493 irasci
3457 5440 3575 5507 qui-

2019 5534 2163 5594 dem,
2200 5536 2291 5585 sed
2329 5541 2504 5586 tamen
2548 5533 2883 5586 dissimulata
2927 5533 3292 5601 indignatione
3327 5533 3574 5586 consula-

1603 5641 1840 5696 ΥΑΙὶΙΛΞ
1869 5643 2267 5698 Ll‘LCTiONES.

449 5729 464 5806 ξ
499 5728 782 5781 κτισθέντα
812 5747 871 5793 ς.
926 5731 970 5806 Δ²
1000 5730 1057 5806 τὸ
1088 5732 1402 5806 στράτευμα
1435 5753 1493 5799 τ’.
1571 5738 1590 5767 ³
1626 5738 1821 5803 πλῆθος
1866 5739 1927 5790 Λ.

340 5799 576 5865 ὀρτίσιον
611 5816 670 5864 ς.
728 5802 962 5856 corruit
1006 5799 1263 5872 Scaliger.
1291 5864 1303 5879 ι
1328 5799 1360 5836 ”¹

1966 5738 2025 5787 τὸ
2076 5738 2257 5791 πλεῖον
2288 5756 2346 5801 ς.

1397 5807 1626 5871 uati/3.1.;
1660 5813 1738 5861 ,λζ
1774 5808 2032 5873 ;).-λ;.-ι;.ἰα;
2069 5825 2129 5872 ς.
2209 5810 2228 5839 ⁶
2261 5810 2349 5861 τοῦ
2394 5810 2624 5874 πολέμου
2665 5810 2984 5865 Seba'l'crus.

2462 5739 2481 5766 ⁸
2515 5740 2815 5791 λουκίνσιον
2869 5736 3135 5807 ὀρτίνσιον
3188 5736 3251 5791 Α.
3315 5735 3580 5789 λουϐίσιιιν
