4208 6448
748 402 847 463 911

1894 386 2156 448 1⁷11οΤ11
2199 376 2697 443 PATRIARCIIIE
2734 376 2841 435 (ΖΡ.

3884 365 4001 431 912

740 531 850 571 tntn
877 515 925 569 el
977 509 1373 569 decernendum
1424 522 1633 562 curare.
1675 505 1773 561 llic
1810 519 1958 572 ergo.
1987 516 2175 556 omnes
2218 500 2318 553 sub
2347 500 2390 558 Α

2347 500 2390 558 Α
2418 494 2557 547 κατὰ
2578 490 2841 560 Φιμϐρίου
2866 488 3266 557 ἠγανάκτησεν.
3295 485 3485 554 Ὅμως
3528 484 3620 537 οὖν
3647 483 3745 553 τὴν
3790 485 3998 551 ἀγανα-

745 609 967 678 imperio
991 608 1174 676 copias
1213 603 1436 663 habens,
1471 600 1738 660 civitates.
1773 598 1905 650 alias
1936 596 2208 649 voluntate
2247 594 2320 658 ip-

746 718 947 763 sarum,
972 700 1106 752 alias
1127 698 1177 750 vi
1207 711 1300 748 sua
1325 693 1585 761 adjunxit.
1609 688 1929 743 Mithridatis
1959 695 2131 739 autem
2156 685 2316 744 filius,

2420 601 2614 655 κτησιν
2632 581 2947 650 κρύπτουσα
2970 577 3231 631 ὑπατείαν
3251 575 3398 645 αύτῷ
3418 574 3757 645 ψηφισθῆναι
3772 575 4005 645 διιιτιιριτὶ⁶

2420 676 2567 742 ξατο.
2617 674 2674 725 Ὀ
2706 673 2783 733 δὲ,
2818 672 2999 739 πάσης
3030 668 3271 736 γεγονὼς
3309 666 3533 736 ἡγεμὼν
3560 666 3659 734 τῆς
3687 666 4003 735 δυνάμεως,

746 808 862 847 runt
905 790 1092 844 Taxile
1125 798 1179 841 et
1230 786 1530 853 Diaphanto
1574 792 1627 836 et
1671 779 1987 841 Menandro,
2027 779 2314 828 ductorum

2418 768 2515 829 τὰς
2548 767 2645 835 μὲν
2682 763 2913 823 ἑκούσας
2953 762 3049 822 τάς
3079 760 3135 811 δὲ
3167 759 3262 811 καὶ
3290 758 3607 825 βιαζόμενος
3637 756 3749 807 τῶν
3786 756 4004 808 πόλεων

747 881 1203 953 przestantissimis
1245 878 1583 946 conjunctus,
1622 883 1675 928 et
1724 887 1918 940 magno
1964 873 2176 938 agmine
2237 868 2319 920 in-

747 985 1007 1037 structus,
1042 970 1296 1026 Fimbria:
1340 976 1589 1021 occursat
1619 985 1632 1019 ε
1659 975 1712 1017 et
1742 964 1916 1032 primo
1959 961 2319 1013 llarbarortttn

750 1068 894 1119 vires
922 1063 1258 1134 praecellunt.
1297 1058 1475 1125 Quare
1503 1057 1831 1112 detrimenta
1862 1054 1911 1104 in
1944 1052 2194 1106 conflictu
2224 1065 2320 1103 ac-

750 1167 943 1225 cepta,
1008 1160 1391 1221 stratagemale
1456 1149 1723 1204 resarcire
1774 1147 2015 1216 cogitans
2079 1142 2320 1196 Fimbria

752 1248 943 1316 (hostis
967 1246 1109 1300 enim
1144 1256 1366 1297 numero
1401 1241 1626 1294 militum
1648 1238 1891 1305 superior
1918 1234 2079 1305 erat),
2106 1249 2225 1287 cum
2258 1233 2321 1284 ad

753 1336 945 1391 ﬂumen
980 1335 1252 1404 quoddam
1300 1343 1615 1403 perventum
1648 1339 1829 1391 esset,
1870 1328 2009 1395 quod
2040 1336 2327 1391 utrumque

752 1429 1047 1483 exercitum
1071 1426 1357 1487 divideret,
1380 1425 1549 1476 imbre
1570 1423 1669 1477 suh
1694 1435 1943 1474 auroram
1972 1420 2112 1473 forte
2134 1416 2325 1476 effuso,

753 1536 818 1575 ex
860 1519 1147 1588 improviso
1194 1517 1465 1570 [lonianus
1521 1514 1815 1580 imperator
1860 1509 2077 1563 fluvium
2144 1518 2324 1560 trans-

755 1625 996 1680 gressus,
1049 1609 1231 1662 hostes
1281 1606 1332 1659 in
1386 1606 1633 1657 tentoriis
1684 1616 1873 1655 somno
1932 1610 2182 1669 gravatos
2251 1597 2327 1649 ita

757 1701 1044 1770 oppressit,
1078 1710 1133 1753 ut
1166 1714 1233 1753 ne
1265 1696 1530 1751 sentirent
1559 1695 1773 1764 quidem
1804 1710 1817 1744 :
1849 1703 1904 1746 et
1933 1706 2120 1759 magna
2149 1699 2329 1757 strage

757 1793 921 1854 edita,
970 1789 1343 1858 prmfectornm
1404 1803 1505 1839 non
1562 1786 1714 1839 multi
1770 1794 1825 1837 et
1875 1784 2082 1851 equites
2141 1796 2326 1835 necem

2421 861 2755 931 προσήγετο.
2795 856 2852 910 '0
2879 856 2933 906 δὲ
2963 852 3058 905 τοῦ
3094 851 3423 920 Μιθριδάτου
3446 850 3583 914 υίὸς,
3609 848 3878 919 Ταξίλλῃν
3902 850 4008 899 καὶ

2422 954 2712 1020 Διόφαντον
2754 949 2848 1003 καὶ
2881 945 3190 1014 Μένανδρον
3214 943 3341 1003 τοὺς
3373 941 3628 1011 ἀρίστους
3664 939 3773 991 τῶν
3798 956 4006 1009 στρατ-

2423 1046 2572 1116 ηγῶν
2609 1046 2747 1112 ἔχων
2783 1040 2901 1111 μεθ’
2928 1036 3121 1091 ἑαυτοῦ
3184 1035 3277 1097 καὶ
3325 1032 3532 1099 πολλὴν
3570 1031 3720 1097 ἄγων
3747 1028 4007 1098 δύναμιν,

2422 1139 2501 1207 τῷ
2528 1136 2770 1205 Φιμϐρίᾳ
2796 1130 3113 1202 ὑπηντίαζε.
3142 1128 3223 1181 Τὰ
3253 1126 3349 1195 μὲν
3380 1124 3511 1195 [580
3544 1121 3640 1194 IL]
3677 1118 3769 1174 οὖν
3810 1121 4013 1190 πρῶτα

2424 1231 2485 1283 τὸ
2526 1226 2990 1296 ὲπικρατέστερον
3020 1221 3069 1271 oi
3101 1215 3369 1286 βάρϐαροι
3409 1213 3624 1284 ἔφερον.
3651 1209 3923 1278 Φιμϐρίας
3952 1210 4014 1260 δὲ.

2425 1314 2854 1376 ἀνασώσασθαιτ
2906 1310 3326 1380 στρατηγήματι
3383 1306 3482 1367 τὰς
3531 1304 3596 1354 ὲκ
3647 1300 4014 1370 παρατάξεως

2426 1407 2746 1469 ἐλαττώσεις
2770 1403 3148 1471 διανοούμενος
3178 1397 3275 1468 (τί)
3304 1397 3414 1466 γάρ
3461 1393 3720 1462 πολέμιον
3746 1392 4014 1459 ὑπερεῖχε

2430 1500 2682 1571 πλήθει),
2720 1498 2794 1559 ὼς
2824 1494 2915 1548 ὲπί
2945 1510 3065 1545 τινα
3110 1489 3353 1558 ποταμὸν
3386 1486 3493 1540 τῶν
3524 1483 3849 1555 μαχομένων
3880 1482 4016 1532 ἑκα-

2427 1596 2558 1664 τέρα
2582 1592 2811 1659 δύναμις
2842 1584 2942 1658 ἦκε
2980 1585 3106 1656 [755
3137 1582 3231 1652 [1.]
3258 1582 3353 1634 καὶ
3385 1580 3550 1650 μέσον
3581 1578 3788 1645 άμεροίν
3818 1572 4014 1625 τοῦτον

2430 1687 2790 1754 ἐποιήσαντο,
2846 1678 3055 1749 ὄμϐρου
3109 1675 3237 1743 περὶ
3289 1674 3381 1725 τὸν
3417 1672 3438 1703 ⁸
3498 1670 3695 1739 ὄρθρον
3751 1666 4018 1737 ῥαγέντος

2429 1776 2835 1847 ἀπροσδόκητος
2862 1772 2882 1803 ⁹
2924 1771 2953 1822 ὁ
2985 1768 3094 1821 τῶν
3138 1764 3425 1834 Ῥωμαίων
3457 1759 3761 1830 στρατηγὸς
3796 1754 4014 1809 διαϐαίο

758 1880 1073 1948 effugerunt.
1111 1880 1251 1931 Inter
1277 1892 1412 1945 quos
1443 1877 1603 1928 etiam
1630 1874 1957 1928 Mithridatis
1982 1873 2127 1941 regis
2158 1872 2318 1932 filius,
2359 1844 2401 1901 Β

2359 1844 2401 1901 Β
2431 1844 2524 1923 νει-
2564 1869 2655 1920 τὸν
2691 1864 2969 1934 ποταμὸν,
3019 1859 3114 1912 καὶ
3157 1857 3311 1925 ὕπνῳ
3352 1854 3459 1906 τῶν
3492 1850 3768 1919 πολεμίων
3805 1849 3865 1899 ὲν
3896 1850 4017 1907 ταῖς

761 1970 1073 2041 Pergamum
1130 1969 1194 2022 ad
1251 1979 1625 2037 patrem,una
1671 1981 1791 2019 cum
1850 1966 2092 2033 equitum
2146 1964 2318 2017 comi-

2437 1959 2659 2027 σκηναῖς
2692 1953 3074 2023 κατεχομένων
3108 1946 3386 2001 ἐπιπεσὼν
3422 1942 3548 2015 μηδ’
3586 1939 4016 2007 αἰσθανομένους

764 2074 895 2130 tatu,
949 2064 1144 2133 232a
1187 2061 1371 2116 salvus
1414 2063 1603 2113 evasit.
1644 2059 1776 2111 'l'am
1844 2059 2021 2126 gravis
2069 2057 2231 2125 igitur
2274 2064 2329 2107 et

2434 2049 2807 2109 κατέκτεινεν,
2838 2045 3033 2111 ὀλίγων
3060 2040 3169 2093 τῶν
3199 2040 3256 2090 ὲν
3292 2034 3612 2108 ἡγεμονίαις
3650 2028 4019 2133 διαπεφευγὸ-

768 2155 996 2220 insignis
1042 2153 1219 2206 clades
1249 2150 1338 2203 tibi
1369 2148 1531 2218 regiis
1559 2148 1775 2212 accidit,
1806 2147 2048 2216 plurimae
2077 2146 2326 2200 civitates

2432 2157 2540 2196 των
2577 2142 2667 2192 τὸν
2706 2137 2926 2208 ὀλεθρον
2961 2137 3055 2188 καὶ
3089 2133 3195 2185 τῶν
3226 2130 3458 2184 ίππέων.
3497 2126 3633 2181 Μεθ’
3673 2115 3749 2177 ὧν
3770 2122 3868 2174 καὶ
3910 2121 4020 2173 Μι-

762 2248 828 2297 ad
869 2244 1140 2297 Romanos
1168 2244 1533 2298 desciverunt.

2445 2232 2703 2303 θριδάτης
2734 2232 2762 2283 ὁ
2794 2227 3147 2299 Μιθριδάτου,
3176 2224 3271 2276 καὶ
3308 2220 3444 2290 πρὸς
3472 2218 3534 2271 τὸ
3567 2217 3859 2287 Πέργαμον
3883 2210 4021 2303 πρὸς

763 2338 853 2391 τὸν
885 2338 1099 2407 πατέρα
1130 2335 1466 2405 Μιθριδάτην
1521 2335 1637 2403 ἃμα
1676 2337 1789 2396 τοῖς
1834 2331 2391 2401 συνεξιππασαμένοις
2454 2302 2795 2391 διασώζεται.
2854 2322 3012 2376 υῦτω
3071 2320 3127 2372 δὲ
3177 2316 3399 2388 βαρείας
3451 2313 3554 2382 τῆς
3593 2310 3878 2380 συμφορᾶς
3929 2302 4025 2358 καὶ

763 2433 1020 2501 λαμπρᾶς
1050 2435 1161 2494 τοῖς
1193 2430 1489 2500 βασιλικοῖς
1537 2428 1920 2498 συμπεσούσης
1942 2469 1956 2491 ,
1985 2431 2039 2481 αί
2068 2429 2317 2481 πλεῖσται
2343 2428 2453 2480 τῶν
2478 2426 2684 2478 πόλεων
2707 2422 2841 2492 πρὸς
2865 2421 2990 2482 τοὺς
3023 2415 3325 2485 Ῥωμαίους
3362 2410 3667 2484 μετέθεντο.

1763 2546 1888 2600 Car.
1935 2544 2196 2598 XXXVII.
2224 2574 2293 2583 -—
2324 2544 2486 2614 Sylla:
2516 2558 2620 2610 pax
2675 2556 2792 2593 cum
2827 2536 3154 2591 Mithridate.

795 2653 809 2670 ’
836 2658 1043 2714 Interea
1085 2661 1254 2715 Mario
1282 2676 1311 2715 e
1355 2661 1475 2729 fuga
1518 2662 1732 2715 domum
1786 2676 2043 2727 reverso,
2096 2670 2339 2715 metuens

2513 2657 2728 2726 Μαρίου
2777 2656 2834 2708 δὲ
2867 2654 2974 2707 ἀπὸ
3017 2652 3114 2720 τῆς
3156 2649 3337 2717 φυγῆς
3375 2643 3753 2704 ἀνασωθέντος
3792 2643 3873 2704 είς
3928 2641 4028 2709 τὴν

771 2752 914 2820 Sylla
962 2754 1107 2820 (nam
1154 2754 1217 2805 de
1253 2752 1591 2804 inimicorum
1628 2752 1744 2818 ejus
1788 2751 2021 2803 factione
2065 2750 2151 2803 ille
2201 2750 2337 2815 erat)

2456 2751 2675 2818 Ῥώμην
2696 2792 2708 2811 ,
2739 2748 2943 2807 Σύλλας
2973 2742 3157 2802 δεδιὼς
3184 2740 3314 2810 (τῶν
3350 2733 3789 2792 ἀντιστασιωτῶν
3818 2734 3929 2801 γὰρ
3961 2729 4027 2801 ἦν

774 2857 838 2894 ne
885 2843 1092 2905 simile,
1138 2853 1354 2910 propter
1394 2842 1617 2910 injurias
1650 2843 1701 2893 in
1740 2842 1921 2904 illum,
1964 2843 2062 2894 sibi
2094 2842 2340 2893 exsilium

2446 2840 2688 2909 ἐκεῖνος)
2742 2837 2814 2908 μὴ
2868 2840 2935 2907 τῇ
2985 2836 3147 2903 ὁμοία
3199 2832 3344 2898 φυγῇ
3390 2827 3489 2898 τὴν
3536 2822 3613 2887 εἷς
3653 2824 3817 2876 αὐτὸν
3866 2822 4024 2890 ὕϐριν

776 2934 1077 3001 irrogaret,
1107 2934 1269 2986 missa
1318 2933 1615 3001 legatione,
1658 2934 1722 2986 de
1757 2948 1886 2999 pace
1924 2948 2042 2984 cum
2088 2931 2345 2986 Romanis

2447 2931 2724 3000 ἀπαιτήσῃ
2745 2930 2786 2959 ¹⁰
2806 2968 2819 2990 ,
2854 2926 2991 2997 πρὸς
3024 2922 3362 2992 Μιθριδάτην
3391 2913 3811 2987 διεπρεσϐεύετο
3832 2953 3846 2972 ,
3887 2929 4026 2978 συμ-

773 3024 994 3075 cunsilia
1051 3022 1349 3075 Mithridati
1403 3024 1690 3092 suggessit.
1747 3022 1864 3087 Quo
1919 3037 2101 3089 paCein
2154 3022 2345 3087 cupide

2449 3024 2635 3083 ϐάσεις
2663 3020 2812 3088 αὐτῷ
2832 3020 2873 3049 ¹¹
2908 3019 3004 3078 τὰς
3031 3016 3167 3084 προς
3217 3010 3524 3080 Ῥωμαίους
3567 3005 4027 3073 ὕποϐαλλόμενος.

772 3115 1038 3181 amplexo,
1063 3126 1117 3168 et
1147 3124 1367 3183 rogante
1391 3125 1446 3167 nt
1480 3117 1544 3167 ad
1576 3116 1951 3182 paciscendum
1973 3115 2341 3175 convenirent,

2446 3115 2551 3168 Τοῦ
2590 3115 2644 3166 δὲ
2692 3113 2783 3163 καὶ
2826 3112 2945 3170 ταῖς
2992 3107 3326 3175 συμϐάσεσιν
3374 3100 3796 3170 ἁσμενίσαντος,
3838 3096 4027 3162 ἀφικέ-

774 3203 861 3257 ille
885 3216 1127 3271 prompte
1148 3219 1206 3257 se
1234 3205 1325 3256 dat
1357 3206 1408 3257 in
1452 3206 1615 3258 viam.
1646 3205 1888 3271 Cumque
1915 3218 2007 3271 per
2043 3204 2255 3272 aliquod
2290 3204 2341 3253 in

2449 3210 2571 3260 σθαι
2610 3224 2667 3258 τε
2703 3206 2795 3257 ἐπὶ
2839 3203 3065 3261 ταύταις
3108 3198 3459 3265 αἰτήσαντος,
3515 3192 3677 3252 αὐτὸς
3723 3188 4028 3258 προθύμως

775 3296 949 3348 medio
977 3296 1230 3362 spatium,
1261 3295 1394 3347 alter
1417 3295 1466 3347 in
1496 3295 1717 3348 alterius
1740 3310 2019 3346 occursum
2046 3293 2340 3361 processis-
2369 3298 2413 3357 C

2369 3298 2413 3357 C
2444 3296 2743 3349 ἐστέλλετο.
2772 3291 2927 3345 Οὖτω
2952 3288 3079 3357 γοῦν
3108 3287 3215 3338 τῶν
3243 3280 3552 3351 ἀναμεταξὺ
3586 3278 3832 3348 ἀλλήλων
3891 3294 4028 3346 προ-

775 3396 930 3447 sent,
973 3386 1313 3449 Dardanum,
1353 3385 1418 3437 ad
1463 3386 1901 3453 transigendum,
1938 3385 2013 3437 cis
2052 3384 2342 3451 hospitium

2449 3387 2812 3455 εληλυθότων,
2850 3383 3119 3452 Δάρδανον
3159 3377 3353 3436 αὐτοὺς
3380 3376 3420 3405 ¹⁹
3456 3374 3546 3426 ἐπὶ
3580 3374 3699 3432 ταῖς
3736 3369 4031 3437 συνθήκαις

773 3479 936 3531 dedit.
990 3476 1088 3542 lbi,
1127 3478 1291 3547 jussis
1335 3478 1587 3531 secedere
1640 3478 1903 3531 ministris
1947 3486 2001 3529 et
2036 3475 2345 3538 comitibus,

774 3579 929 3636 pacta
951 3573 1081 3623 tiunt
1113 3570 1165 3623 in
1193 3571 1334 3623 hunc
1365 3570 1577 3626 modum
1623 3587 1636 3621 :
1675 3587 1693 3619 ι
1724 3569 2060 3622 Mithridates
2095 3568 2346 3620 Romanis

774 3661 899 3713 Asia
952 3662 1230 3724 concedat,
1255 3661 1495 3729 Bithynis
1514 3670 1565 3713 et
1595 3660 2003 3729 Cappadocibus
2040 3673 2193 3727 reges
2216 3673 2347 3724 prae—

776 3751 885 3801 sint
931 3749 1175 3817 gentiles.
1240 3747 1533 3802 Mithridati
1586 3750 1752 3802 totius
1802 3747 1955 3801 Ponti
2006 3761 2229 3816 regnum
2280 3747 2350 3799 sit

776 3840 1173 3895 confirmatum.
1215 3839 1570 3893 Peculiariter
1604 3854 1729 3892 vero
1761 3838 1919 3907 Sylla:
1964 3839 2211 3906 expediat
2250 3836 2347 3888 tri-

778 3946 951 3987 remes
975 3931 1044 3986 80
1074 3942 1125 3987 et
1168 3929 1308 3986 5000
1354 3930 1642 3994 talentum,
1675 3932 1739 3984 ad
1784 3931 2012 3983 reditum
2046 3944 2204 3997 quem
2238 3929 2349 3995 ipse

777 4025 1000 4078 Romam
1033 4022 1704 4078 instituisset.Civitatibus
1728 4023 1867 4091 apud
1907 4022 2178 4074 Romanos
2202 4020 2341 4072 haud

780 4120 849 4170 sit
881 4133 1029 4171 noue
1067 4118 1206 4185 quod
1235 4118 1300 4168 ad
1328 4115 1687 4168 Mithridatem
1735 4114 2050 4167 defecerint.
2091 4132 2109 4163 ›
2135 4111 2186 4165 Id
2206 4110 2347 4180 quod

777 4218 987 4272 tamen,
1018 4208 1169 4277 juxta
1200 4208 1346 4276 pacis
1374 4206 1681 4269 formulam,
1714 4222 1819 4260 non
1856 4206 2041 4259 habuit
2071 4216 2343 4258 eventum.

778 4299 910 4351 Nam
946 4302 1141 4353 multas
1184 4312 1366 4368 postea
1414 4299 1596 4353 servili
1638 4299 1767 4368 jugo
1798 4311 2199 4367 oppresserunt.
2244 4297 2348 4351 llo-

782 4391 1004 4443 norifice
1036 4392 1227 4444 dehinc
1264 4389 1405 4459 Sylla
1440 4391 1490 4442 in
1522 4390 1726 4443 Italiam
1772 4400 1994 4443 remeat.
2028 4389 2335 4456 Mariusque

780 4485 952 4535 denuo
985 4483 1113 4534 urbe
1140 4482 1351 4535 excedit
1374 4496 1389 4543 ;
1422 4492 1474 4534 et
1499 4480 1831 4534 Mithridates
1856 4482 1919 4532 ad
1946 4497 2038 4533 sua
2064 4497 2120 4534 se
2144 4480 2306 4534 refert
2330 4496 2343 4531 :

2451 3478 2804 3546 ὑποδέχεται,
2839 3476 2933 3527 καὶ
2979 3471 3089 3522 τῶν
3135 3469 3264 3535 περὶ
3295 3466 3492 3525 αὐτοὺς
3548 3458 4030 3529 ὑποχωρησάντων

2449 3567 2732 3637 ὁμολογίαι
2756 3564 3014 3631 γίνονται,
3038 3556 3377 3625 Μιθριδάτην
3407 3554 3505 3622 μὲν
3541 3550 3836 3615 Ῥωμαίοις
3860 3550 4032 3613 ἐκχω-

2450 3663 2563 3731 ρεῖν
2592 3660 2687 3727 τῆς
2730 3657 2933 3717 Ἀσίας,
2959 3652 3053 3705 καὶ⁵
3082 3652 3123 3681 ¹³
3151 3646 3389 3701 Βιθυνῶν
3417 3645 3472 3696 δὲ
3517 3644 3610 3695 καὶ
3635 3638 4034 3697 Καππαδοκίας

2450 3727 2639 3817 ἀρχειν
2698 3746 2821 3807 τοὺς
2854 3745 2917 3795 ὲκ
2962 3741 3151 3809 γένους
3208 3735 3492 3806 βασιλέας,
3554 3729 3921 3800 βεϐαιωθῆναι
3969 3727 4024 3777 δὲ

2448 3839 2757 3909 Μιθριδάτῃ
2786 3838 2879 3890 τοῦ
2913 3837 3112 3889 Πόντου
3138 3832 3336 3891 παντὸς
3372 3827 3468 3896 τὴν
3510 3822 3811 3894 βασιλείαν,
3848 3837 4031 3888 παρα-

2453 3936 2600 4003 σχεῖν
2630 3932 2673 3983 δ’
2710 3931 2851 3992 ίδίως
2891 3927 3065 3997 Σύλλᾳ
3096 3925 3342 3994 τριήρεις
3371 3926 3422 3972 π’
3451 3918 3543 3970 καὶ
3588 3914 3828 4003 τάλαντα
3861 3928 4022 3978 τρισ-

2451 4002 2595 4092 χίλια
2628 4021 2766 4091 πρὸς
2807 4020 2905 4089 τὴν
2950 4016 3083 4069 ἰδίαν
3110 4014 3202 4065 ἐπὶ
3236 4012 3336 4079 τὴν
3372 4007 3595 4075 Ῥώμην
3635 4002 3897 4063 κάθοδον,
3934 4003 4030 4051 καὶ

2460 4117 2771 4187 Ῥωμαίους
2822 4114 2989 4183 μηδὲν
3040 4113 3161 4171 ταῖς
3209 4107 3397 4159 πόλεσι
3450 4099 3861 4172 μνησικακῆσαι
3913 4095 4032 4148 ἀνθ’

2448 4204 2524 4263 ὧν
2573 4206 2863 4278 μετέϐαλον
2896 4207 2975 4267 είς
3016 4199 3373 4269 Μιθριδάτην,
3410 4196 3456 4246 εί
3486 4193 3582 4247 καὶ⁵
3638 4191 3714 4260 μὴ
3741 4189 3885 4240 κατὰ
3928 4188 4031 4278 τάς

2450 4277 2743 4370 ὁμολογίας
2776 4297 2935 4350 τοῦτο
2984 4292 3186 4358 συνέϐη
3209 4306 3221 4319 '
3278 4287 3477 4347 πολλὰς
3521 4285 3627 4350 γὰρ
3662 4280 3893 4348 ὕστερον
3923 4277 4061 4328 τιὶν·

2453 4394 2661 4447 πόλεων
2684 4388 3069 4443 ἐδουλώσαντο.
3095 4384 3300 4443 Σύλλας
3337 4381 3436 4449 μὲν
3466 4376 3558 4429 οὖν
3584 4374 3728 4426 οὕτω
3754 4369 4034 4439 λαμπρῶς

2451 4489 2530 4547 είς
2578 4484 2676 4552 τὴν
2735 4481 2962 4534 Ἰταλίαν
3009 4477 3268 4544 ἀφίκετο,
3326 4473 3421 4523 καὶ
3478 4468 3689 4535 Μάριος
3739 4458 3897 4523 αὖθις
3936 4462 4034 4527 τῆς

780 4572 1081 4639 inultasque
1135 4571 1311 4623 denuo
1356 4580 1567 4638 gentes,
1616 4586 1736 4638 quae
1790 4580 2009 4638 propter
2063 4574 2343 4624 adversam
2385 4638 2405 4639 ί

2385 4638 2405 4639 7
2453 4575 2659 4635 πόλεως
2726 4569 3085 4639 ὑπεχώρησε,
3144 4567 3239 4617 καὶ
3299 4560 3637 4627 Μιθριδάτης
3702 4552 4036 4621 ἀνέστρεψεν

778 4663 894 4730 ejus
929 4665 1194 4716 fortunam
1228 4661 1586 4721 desciverant,
1627 4664 1727 4715 sub
1764 4677 1977 4714 manum
2010 4664 2228 4731 redegit.

2381 4638 2425 4693 ι)
2457 4662 2640 4713 οἴκαδε
2663 4701 2677 4721 ,
2711 4638 2883 4711 πολλά
2906 4658 3013 4711 τῶν
3046 4654 3136 4707 διὰ
3175 4654 3272 4720 τὴν
3307 4654 3364 4704 ὲν
3483 4643 3793 4713 κατηνέχθη
3818 4641 3862 4671 ¹δ
3898 4657 4037 4705 σκαμ-

2457 4750 2628 4821 φοράν
2655 4749 3010 4801 ἀποστάντων
3036 4745 3207 4797 ἐθνῶν
3238 4742 3297 4807 ἐξ
3324 4737 3575 4808 ὑπαρχῆς
3599 4731 4033 4803 χειρωσάμενος.

915 4892 1043 4945 CAP.
1074 4890 1359 4946 XXXVIII.
1391 4921 1457 4930 —
1494 4891 1716 4943 Murena
1756 4890 1944 4943 bellum
1996 4893 2242 4945 adversus
2277 4891 2637 4946 Mithridatem
2687 4899 2919 4945 renovat.
2960 4885 3327 4941 Ileraclieuses
3375 4878 3548 4933 neutri
3596 4871 3946 4941 apiluiantur.

858 5003 983 5058 Post
1009 5004 1120 5057 lucc
1148 5001 1363 5055 Murena
1392 5002 1529 5055 bello
1557 5002 1873 5069 praeficitur.
1910 5004 1986 5054 Ad
2023 5018 2179 5071 quem
2206 5004 2350 5072 lega-

780 5110 865 5153 tos
891 5099 1143 5152 amandat
1174 5096 1509 5149 Mithridates
1529 5137 1543 5159 ,
1589 5097 1735 5164 pacis
1766 5111 1884 5147 cum
1920 5094 2064 5165 Sylla
2104 5097 2250 5150 inita:
2274 5096 2348 5150 le-

790 5206 883 5259 ges
906 5197 1228 5260 prtetexens,
1251 5198 1304 5241 et
1331 5196 1388 5241 ut
1419 5196 1549 5239 ratae
1576 5188 1681 5239 sint
1704 5186 1975 5254 firmaeque
1997 5188 2347 5240 contendens.

779 5281 850 5330 At
896 5278 940 5330 is
975 5276 1238 5346 legatione
1281 5290 1387 5329 non
1428 5274 1674 5343 placatus
1715 5278 1913 5342 (erant
1959 5276 2099 5329 enim
2134 5277 2350 5331 natione

778 5366 970 5432 Graci,
999 5376 1053 5421 et
1109 5368 1231 5421 vita:
1288 5367 1491 5421 ratione
1530 5367 1857 5436 philosophi,
1916 5368 2004 5436 qui
2065 5368 2183 5436 plus
2235 5368 2349 5421 cul-

2526 5003 2683 5075 Παρὰ
2727 5003 2823 5071 τῆς
2869 5000 3172 5067 συγκλήτου
3206 4996 3261 5048 δὲ
3300 4992 3594 5061 Μουρήνας
3628 4983 3852 5054 ἡγεμὼν
3896 4982 4036 5075 πέμ-

2455 5074 2639 5157 πεται,
2682 5094 2775 5147 καὶ
2816 5091 3152 5161 Μιθριδάτης
3180 5081 3633 5153 διαπρεσϐεύεται
3675 5076 3813 5145 πρὸς
3844 5074 4030 5130 αὑτὸν,

2452 5189 2551 5249 τὰς
2587 5186 2721 5256 πρὸς
2751 5184 2956 5237 Σύλλαν
2991 5180 3285 5251 ὁμολογίας
3313 5177 3429 5243 ἅμα
3456 5190 3515 5225 τε
3536 5171 3579 5201 ¹⁸
3612 5167 3914 5238 προτείνων
3942 5168 4032 5215 καὶ

2456 5277 2707 5347 βεϐαίους
2738 5275 2905 5341 ἀξιῶν
2940 5268 3099 5325 εἶναι.
3140 5271 3200 5322 Ὀ
3225 5269 3281 5321 δὲ
3309 5268 3382 5335 μὴ
3415 5264 3641 5332 θέμενος
3670 5261 3736 5329 τῇ
3766 5257 4033 5328 πρεσϐεῖα

2455 5369 2572 5440 (καὶ
2618 5370 2725 5438 γὰρ
2762 5367 2854 5419 καὶ
2896 5366 2945 5419 οί
2991 5360 3271 5433 πρέσϐεις,
3309 5356 3572 5425 ’Έλληνες
3620 5352 3772 5410 ὄντες
3816 5349 3910 5400 καὶ
3942 5349 4031 5398 τὸν

2069 5522 2299 5577 νΑΙιιιΕ
2347 5521 2747 5579 LECTIONES.

844 5649 865 5679 ν
896 5643 1169 5695 ἀνασῶσαι
1206 5660 1264 5707 ς.
1342 5642 1362 5671 ¹¹
1388 5642 1480 5693 τὸν
1530 5658 1640 5693 uni.
1678 5642 1741 5693 Λ.

780 5730 917 5766 corr:
956 5717 994 5765 Λ
1030 5728 1043 5764 :
1076 5714 1257 5773 αὐτοῖς
1301 5728 1359 5774 ς.

781 5805 832 5852 μ.
878 5784 974 5836 185
1002 5802 1031 5835 ιι
1071 5784 1150 5835 15.
1185 5783 1287 5835 206
1323 5803 1351 5833 ιι
1384 5780 1467 5833 4⁵3.
1502 5781 1607 5832 ⁵208
1633 5780 1659 5831 b
1695 5782 1779 5831 I3.

1818 5643 1837 5670 '
1877 5639 2295 5708 ἀπροσδοκήτοις
2326 5658 2386 5703 ς.

1440 5712 1480 5741 ³³
1518 5712 1612 5762 καὶ
1675 5711 1949 5762 abundare
1981 5719 2163 5761 censet
2203 5710 2463 5779 Scaliger.

2466 5641 2506 5671 '°
2543 5638 2774 5707 ἀποτίσῃ
2838 5635 3098 5704 Scaliger.
3195 5635 3233 5665 ”
3267 5637 3415 5707 αὐτῳ
3470 5634 3592 5707 add.
3629 5632 3710 5707 A._
3758 5634 3801 5664 ¹¹
3832 5636 4027 5697 α’ύτοὺς

2562 5709 2603 5740 ³⁸
2635 5703 3047 5776 κατηνέχθησαν
3079 5722 3117 5767 ς·
3210 5707 3251 5735 ⁸⁸
3279 5703 3397 5773 ἅμα
3438 5721 3497 5756 τε
3535 5706 3596 5757 Α.
3634 5720 3645 5755 :
3686 5703 3779 5757 ᾰτε
3846 5723 3904 5767 ς.
3953 5706 4020 5758 cf.
