4208 6448
212 415 319 482 913

1245 404 2023 469 BlBl.lO'l‘IlECA.-COD.
2052 402 2345 463 CCXXIV.

3341 372 3441 435 914

213 528 332 599 βίον
362 527 658 596 φιλόσοφοι,
709 525 801 576 τδν
845 521 1179 591 Μιθριδάτην
1218 520 1416 589 μᾶλλον
1448 517 1696 583 διέσυρον
1744 514 1775 582 ἢ
1809 520 1850 572 Α

1809 520 1850 572 Α
1882 521 2070 581 parent
2102 508 2463 564 Mithridatem
2488 515 2649 571 quam
2675 491 3138 559 commendarent)
3170 490 3222 543 in
3260 499 3438 554 regem

216 618 514 681 συνίστων)
553 616 775 684 ὥρμητο
808 612 901 664 ἐπὶ
936 610 1026 662 τὸν
1062 608 1416 677 Μιθριδάτην.
1450 604 1561 657 Καὶ
1607 602 1683 670 τῷ
1716 618 1773 653 τε

216 707 615 768 Καππαδοκίας
660 702 1048 774 ’Δριοϐαρζάνῃ
1082 700 1179 769 τὴν
1222 696 1392 767 ἀρχὴν
1429 693 1776 763 βεϐαιοτέραν

216 800 431 859 ἐποίει,
482 797 574 849 καὶ
622 798 713 847 ἐπὶ
759 797 877 855 ταῖς
918 791 1181 852 εἰσϐολαῖς
1210 790 1253 819 ¹⁶
1296 791 1393 855 τῆς
1447 785 1777 853 Μιθριδάτου

222 888 503 957 βασιλείας
557 885 728 947 κτίζει
761 885 915 936 πόλιν
963 881 1248 933 Ἐκίνειαν.
1304 879 1391 929 Ἐν
1432 876 1639 937 τούτοις
1665 876 1692 927 ὃ
1720 891 1777 926 τε

218 983 515 1048 Μουρήνας
550 980 644 1032 καὶ
673 979 702 1030 ὁ
750 976 1084 1044 Μιθριδάτης
1129 972 1611 1043 διαπρεσϐεύονται
1646 968 1781 1037 πρὸς

232 1072 640 1139 Ἡρακλεώτας,
688 1069 789 1121 ἀνὰ
822 1067 985 1138 μέρος
1015 1066 1271 1133 ἑκάτερος
1302 1062 1440 1114 κατά
1472 1061 1565 1113 τοῦ
1596 1059 1781 1127 ἐτέρου

219 1162 406 1213 καλῶν
457 1161 551 1213 ἐπὶ
602 1160 907 1229 συμμαχίᾳ.
951 1156 1072 1209 Τῶν
1105 1155 1201 1224 μὲν
1245 1149 1337 1206 οὖν
1377 1150 1658 1219 Ῥωμαίων
1685 1146 1783 1216 τὴν

223 1254 379 1322 ἰσχὺν
406 1252 642 1320 φοϐεράν
692 1252 939 1320 ἡγοῦντο,
986 1247 1275 1317 ὠρρώδουν
1314 1244 1370 1295 δέ
1414 1243 1507 1295 καὶ
1534 1242 1633 1310 τὴν
1669 1255 1784 1307 γει-

218 1346 434 1395 τνίασιν
466 1344 561 1397 τοῦ
622 1342 975 1413 Μιθριδάτου.
1016 1338 1106 1391 Διὸ
1160 1337 1544 1406 ἀποκρίνονται
1574 1333 1615 1363 ¹⁷
1672 1333 1784 1392 τοῖς

222 1433 348 1505 [581
389 1434 477 1505 IL]
525 1435 652 1505 παρ’
686 1434 862 1487 αὐτῶν
894 1432 1186 1502 πρέσϐεσιν
1220 1429 1293 1490 ὡς
1320 1426 1585 1479 τοσούτων
1626 1422 1782 1475 πολέ-

224 1544 346 1594 μων
375 1526 792 1596 ἀναρραγέντων
825 1524 972 1593 μόλις
1002 1522 1067 1576 ἂν
1096 1521 1194 1590 τὴν
1230 1520 1365 1571 ίδίαν
1402 1518 1588 1586 τηρεῖν
1627 1514 1786 1566 δύνα·

223 1616 373 1679 σθαι,
411 1619 538 1685 μήτι
580 1633 642 1682 γε
684 1615 890 1683 ἐτέροις
932 1612 1266 1679 ἐπικουρεῖν.
1311 1608 1469 1660 Ἀλλὰ
1503 1606 1610 1674 γὰρ
1644 1605 1786 1656 Μου-

226 1709 371 1777 ρήνα
403 1707 501 1774 μὲν
531 1705 908 1757 συνεϐούλευον
935 1703 1033 1755 οὐκ
1057 1702 1227 1767 ὀλίγοι
1254 1700 1386 1767 πρὸς
1415 1698 1511 1767 τὴν
1538 1694 1786 1762 Σινώπην

220 1798 406 1865 ὁρμᾷν
437 1796 527 1847 καὶ
572 1795 821 1866 περὶτοῦ
860 1794 1130 1863 βασιλείου
1172 1793 1343 1843 κινεῖν
1379 1790 1471 1841 τὸν
1516 1788 1782 1855 πόλεμον,

219 1855 311 1948 di;-
339 1855 387 1937 ἐι
419 1888 620 1956 ταύτην
647 1855 779 1949 ἐλοι,
808 1855 915 1937 των
954 1884 1154 1935 λοιπῶν
1190 1882 1454 1952 κρατήσει
1500 1879 1729 1949 ῥαδίως
1763 1878 1791 1928 ὁ
1824 1855 1863 1909 Β

219 1980 279 2029 δὲ
338 1977 671 2047 Μιθριδάτης
715 1978 886 2045 πολλῇ
955 1975 1182 2043 δυνάμει
1244 1972 1790 2040 κατασφαλισάμενος

219 2068 433 2137 ταύτην
464 2069 543 2129 είς
566 2067 988 2137 αὐτοπρόσωπον
1016 2065 1252 2133 πόλεμον
1279 2062 1646 2131 καθειστήκει.
1684 2061 1791 2113 Καὶ

222 2160 450 2229 πείραις
483 2162 579 2229 μὲν
625 2162 743 2222 ταῖς
796 2160 915 2211 κατ’
943 2158 1116 2228 ἀρχὰς
1146 2158 1585 2227 ἐπικρατέστερα
1620 2150 1686 2225 ἦν
1722 2153 1791 2206 τὰ

220 2253 320 2304 τοῦ
372 2252 672 2321 βασιλέως·
725 2251 844 2305 εἶτα
887 2252 965 2314 είς
1015 2250 1405 2320 ἀγχώμαλονή
1468 2250 1614 2317 μάχη
1673 2264 1795 2299 συν-

221 2344 495 2413 εστράφη,
536 2345 629 2396 καὶ
662 2346 739 2407 είς
764 2343 917 2395 ὄκνον
949 2343 981 2411 ἠ
1018 2342 1163 2411 μάχη
1218 2341 1279 2392 τὸ
1326 2339 1601 2411 πρόθυμον
1642 2355 1796 2407 περι-

1880 578 2047 658 ntovit
2081 621 2095 656 :
2130 610 2186 654 et
2222 595 2566 652 Ariobarzani
2614 604 2835 661 regnum
2870 582 3217 652 Cappadocia:
3275 578 3444 645 magis

1879 693 2163 749 confirmat
2195 707 2209 743 :
2240 698 2293 744 et
2328 688 2471 740 circa
2519 685 2821 751 ingressum
2862 676 3010 743 regni
3056 669 3436 728 Mithridatici,

1881 788 2068 840 urbem
2097 782 2277 836 condit
2304 777 2557 833 Nicaeam.
2584 774 2725 827 Inter
2754 771 2865 824 haac
2898 767 3115 821 Murena
3148 775 3203 817 et
3230 760 3435 815 Mithri-

1881 878 2056 939 dates,
2080 889 2177 943 pro
2210 887 2269 928 se
2298 871 2525 940 quisque
2556 874 2745 920 contra
2779 863 3004 914 alterum
3029 856 3237 926 legatis,
3271 854 3444 905 Hera~

1881 970 2110 1023 clienses
2154 966 2219 1019 de
2271 963 2485 1017 auxiliis
2537 957 2844 1013 sollicitant.
2897 952 3001 1005 Sed
3038 965 3158 1003 cum
3207 944 3440 1015 potentia

1883 1055 2247 1110 Romanorum
2280 1046 2632 1104 formidabilis
2663 1043 2931 1095 videretur
2963 1037 3113 1105 ipsis,
3138 1044 3191 1087 et
3232 1031 3441 1085 Mithri-

1884 1144 2024 1198 datis
2054 1140 2381 1196 vicinitatem
2407 1138 2564 1191 etiam
2592 1134 2861 1190 timerent,
2894 1128 3080 1195 legatis
3101 1122 3440 1192 respondent,

1886 1236 1938 1289 in
1976 1242 2126 1289 tanta
2182 1230 2443 1286 bellorum
2488 1230 2822 1292 tempestate,
2868 1216 3151 1272 difficulter
3196 1211 3441 1282 proprios

1885 1340 1944 1379 se
1972 1324 2112 1377 lares
2144 1319 2304 1383 tueri,
2340 1317 2531 1370 nedum
2566 1312 2687 1366 aliis
2725 1307 2927 1378 εδει
2981 1301 3225 1357 auxiliari
3267 1314 3442 1369 pOSsc.

1886 1415 2121 1469 Murena:
2198 1422 2375 1463 tamen
2442 1420 2545 1458 non
2604 1402 2759 1471 pauci
2819 1401 2947 1452 dant
3017 1395 3335 1453 consilium,
3390 1400 3448 1442 ut

1888 1508 2138 1574 Sinopem
2184 1502 2461 1563 invadens,
2491 1496 2558 1550 de
2598 1495 2740 1561 regia
2770 1492 2880 1559 ipsa
2908 1489 3103 1542 bellum
3131 1494 3357 1538 moveat.
3388 1481 3444 1535 Si

1886 1601 2027 1653 enim
2062 1598 2201 1649 hanc
2233 1592 2456 1661 ceperit,
2500 1587 2656 1641 facile
2696 1587 2856 1640 etiam
2893 1591 3083 1634 caetera
3125 1579 3177 1632 iu
3212 1586 3445 1645 potesta—

1887 1702 1993 1745 tem
2020 1697 2265 1741 ventura.
2306 1683 2373 1737 At
2406 1680 2761 1737 Mithridates,
2805 1675 2994 1727 Validis
3039 1672 3145 1725 hac
3189 1668 3449 1737 praesidiis

1890 1782 2241 1838 communita,
2273 1774 2386 1843 ipse
2430 1771 2567 1825 bello
2594 1767 2829 1837 gerendo
2874 1762 3156 1816 incumbit.
3202 1759 3449 1824 Interque

1896 1871 2047 1925 initia
2081 1870 2167 1921 ubi
2198 1868 2263 1920 ad
2302 1879 2491 1919 manus
2518 1869 2737 1914 ventum
2758 1865 2892 1921 erat,
2929 1855 3058 1922 regii
3090 1852 3295 1904 viribus
3315 1864 3450 1915 prae-

1895 1964 2117 2034 pollent.
2151 1961 2338 2014 Postea
2373 1958 2585 2011 fortuna
2621 1965 2810 2022 pugnae
2841 1955 3170 2015 exaequatur.
3207 1941 3445 1995 Tandem

1896 2055 2165 2126 praeliandi
2204 2054 2413 2106 mdium
2442 2048 2686 2103 hoslibus
2717 2042 3048 2096 alacritatem
3080 2036 3240 2090 animi
3286 2034 3451 2087 demi-

1899 2148 2030 2201 nuit.
2071 2144 2192 2197 ldeo
2227 2142 2292 2195 ad
2332 2140 2586 2194 interiora
2632 2136 2774 2190 circa
2822 2132 3015 2185 Phasin
3054 2138 3107 2181 et
3148 2127 3446 2179 Caucasum

1900 2256 1957 2296 se
1979 2234 2263 2294 convertit.
2290 2233 2506 2287 Murena
2538 2243 2665 2282 vero
2688 2225 2870 2295 copias
2900 2224 2950 2276 in
2984 2222 3162 2274 Asiam
3197 2216 3449 2279 traducit,

1901 2344 1955 2389 et
1980 2346 2073 2387 sua
2100 2340 2208 2381 tum
2231 2326 2460 2396 quisque
2487 2321 2845 2375 administrat.

222 2398 430 2501 ἔστησε
462 2398 585 2487 ’τῶν
612 2398 905 2503 πολεμίων.
1227 2431 1315 2482 Διὸ
1343 2398 1437 2482 καὶ
1475 2398 1806 2498 Μιθριδάτης
1830 2423 1925 2495 μὲν
1955 2423 2033 2483 είς
2065 2420 2131 2472 τὰ
2161 2416 2289 2487 περὶ
2317 2415 2405 2467 τὸν
2448 2414 2615 2465 Φᾶσιν
2680 2408 2774 2462 καὶ
2823 2405 2913 2458 τὸν
2958 2402 3246 2456 Καύκασον
3293 2398 3451 2468 ἐτρά-

223 2545 383 2594 πετο,
430 2530 722 2599 Μουρήνας
768 2529 823 2582 δὲ
851 2530 1066 2599 ἀπῆρεν
1108 2529 1186 2589 είς
1214 2527 1311 2596 τὴν
1369 2525 1573 2588 Ἀσίαν,
1603 2522 1697 2575 καὶ
1728 2523 1793 2574 τὰ
1822 2521 1996 2573 οἰκεῖα
2024 2516 2249 2576 ἕκαστος
2282 2508 2517 2564 διετίθει.

936 2642 1064 2698 CAP.
1106 2640 1347 2696 XXXIX.
1376 2670 1446 2679 —
1471 2638 1679 2693 Luculli
1708 2646 1755 2690 et
1787 2634 1951 2689 Come
1986 2633 2038 2683 in
2084 2628 2437 2683 Mithridatem
2490 2619 2765 2687 expeditio.

300 2762 437 2815 Μετ’
484 2762 543 2813 ού
583 2763 747 2814 πολὺν
793 2762 849 2813 δέ
882 2762 1072 2829 χρόνον
1114 2760 1318 2821 Σύλλας
1369 2760 1428 2811 ἐν
1471 2756 1657 2827 Ῥώμῃ
1703 2772 1795 2806 τε-

226 2856 434 2923 λευτᾷ,
474 2855 568 2906 καὶ
617 2854 925 2921 πέμπουσιν
976 2855 1007 2921 ἠ
1058 2852 1360 2919 σύγκλητος
1407 2852 1496 2903 ἐπὶ
1549 2852 1645 2920 μέν
1698 2850 1795 2919 τὴν

230 2944 485 2996 Βιθυνίαν
516 2943 783 3013 Δύρήλιον
813 2944 1045 3004 Κότταν,
1078 2944 1169 2994 ἐπὶ
1200 2942 1257 2994 δέ
1301 2940 1399 3011 τὴν
1444 2941 1625 2996 ’Δσίαν
1656 2940 1795 2991 Λεύ-

227 3051 350 3086 κιον
391 3034 688 3086 Λεύκολλον
715 3075 729 3097 ,
774 3028 855 3094 οἷς
891 3037 921 3100 ἡ
959 3033 1146 3101 ἐντολὴ
1175 3033 1433 3097 πολεμεῖν
1468 3031 1791 3100 Μιθριδάτῃ.

228 3125 570 3193 Μιθριδάτης
599 3124 653 3176 δέ
686 3124 840 3176 ἄλλον
871 3142 929 3175 τε
975 3124 1202 3192 στρατὸν
1235 3123 1424 3191 συχνὸν
1458 3122 1798 3190 παρεσκευά-

1973 2747 2081 2802 Nec
2107 2746 2263 2814 longe
2293 2751 2410 2811 post
2439 2738 2586 2808 Sylla
2618 2737 2800 2789 [toruae
2823 2749 2852 2787 e
2882 2735 3014 2786 vivis
3038 2732 3229 2799 migrat
3256 2746 3269 2782 :
3298 2736 3351 2783 ct
3375 2743 3457 2782 2e-

1903 2852 2058 2895 natus
2115 2841 2168 2891 in
2222 2833 2525 2903 Bithyniam
2578 2829 2743 2882 mittit
2796 2825 3067 2880 Aurelium
3118 2822 3349 2882 Cottam,
3406 2820 3456 2872 in

1902 2929 2082 2984 Asiam
2108 2940 2232 2981 vero
2260 2924 2318 2977 L.
2356 2919 2668 2981 Lucullum,
2722 2930 2841 2968 cum
2874 2912 3137 2966 mandatis
3180 2919 3237 2961 ut
3265 2907 3455 2960 bellum

1905 3020 2197 3076 Mithridati
2231 3016 2519 3070 facessunt.
2552 3010 2618 3061 At
2649 3007 3004 3066 Mithridates,
3042 3017 3160 3055 cum
3195 3001 3353 3053 alium
3402 2997 3453 3049 in

1907 3112 2186 3183 procinctu
2231 3108 2430 3161 habens
2455 3101 2755 3155 exercitum
2788 3094 3313 3163 frequentissimum,
3348 3102 3456 3142 tum

229 3219 381 3279 ζετο,
412 3218 505 3268 καὶ
541 3216 784 3285 τριήρεις
825 3216 924 3283 μὲν
952 3214 1017 3277 υ’,
1058 3214 1164 3266 τῶν
1196 3214 1251 3265 δὲ
1282 3212 1619 3281 μικροτέρων
1658 3210 1799 3279 νηῶν
1829 3218 1872 3277 C

1797 3229 1799 3243 ι
1829 3218 1872 3277 C
1905 3206 2153 3260 triremes
2184 3200 2287 3254 400
2316 3196 2636 3261 naviumque
2668 3192 2959 3249 minorum,
3002 3200 3138 3253 quas
3173 3194 3459 3251 penteoon-

226 3307 678 3374 πεντηκοντέρων
703 3306 746 3337 ¹⁸
771 3322 828 3357 τε
862 3307 954 3357 καὶ
987 3304 1300 3371 κερκούρων
1339 3303 1567 3372 ἀριθμὸς
1598 3299 1665 3372 ἦν
1699 3304 1800 3353 ούκ

225 3398 438 3465 ὀλίγος.
480 3396 758 3465 Διοφάντῳ
807 3396 863 3448 δὲ
912 3395 987 3465 τῷ
1039 3395 1270 3465 Μιθάρῳ
1301 3395 1342 3425 ι’
1396 3394 1623 3462 δύναμιν
1677 3394 1799 3457 δοὺς

228 3488 447 3554 πέμπει
475 3488 607 3555 πρὸς
633 3487 729 3553 τὴν
772 3486 1185 3549 Καππαδοκίαν,
1218 3486 1459 3555 φρουρὰς
1500 3487 1613 3545 ταῖς
1648 3484 1803 3535 πόλε-

235 3594 324 3629 σιν
365 3577 783 3643 ἐγκαθιστάναι,
819 3579 867 3628 εἰ
902 3576 957 3628 δὲ
1007 3578 1305 3641 Λεύκολλος
1350 3580 1430 3641 είς
1463 3579 1551 3630 τὸν
1602 3578 1803 3628 Πόντον

228 3668 523 3735 ἀφίκοιτο,
601 3670 948 3733 ὑπαντιάζειν
1011 3669 1105 3721 καὶ
1164 3670 1262 3734 τῆς
1324 3671 1510 3739 πρόσω
1581 3670 1804 3737 πορείας

231 3758 543 3825 ἀπείργειν.
581 3758 747 3820 Αὐτὸς
776 3759 833 3811 δὲ
874 3761 989 3827 μεθ’
1020 3758 1213 3811 ἐαυτοῦ
1257 3759 1419 3821 πεζὸν
1449 3760 1545 3827 μὲν
1574 3760 1803 3825 στρατὸν

234 3847 344 3916 ἦγε
372 3855 431 3900 ιε’
466 3849 748 3918 μυριάδας,
784 3850 963 3913 ἱππεῖς
987 3851 1042 3901 δέ
1062 3851 1345 3919 δισχιλίους
1368 3851 1411 3881 ‘°
1436 3852 1529 3901 ἐπὶ
1560 3852 1670 3911 τοῖς
1706 3868 1805 3919 μυ·

238 3942 400 4006 ρίοις.
454 3940 710 4007 Ἀρματά
757 3958 815 3992 τε
856 3942 1247 4011 δρεπανηφόρα
1278 3942 1579 4010 συνεπῆγεν
1628 3939 1677 3991 κ’
1713 3940 1806 3993 καὶ

235 4046 310 4096 ς,
364 4032 456 4083 καὶ
512 4032 694 4083 πᾶσαν
735 4031 900 4099 ἄλλην
955 4034 1320 4103 μηχανοποιὸν
1370 4034 1469 4085 οὐκ
1521 4032 1806 4087 ἐνδέουσαν

237 4120 475 4189 πληθύν.
521 4121 807 4188 Ἡπείγετο
841 4122 898 4175 δὲ
941 4121 1029 4175 διά
1056 4123 1153 4191 τῆς
1184 4122 1538 4190 Τιμωνιτίδος
1588 4122 1807 4187 Παφλα-

237 4213 431 4278 γονίας
460 4212 539 4274 είς
564 4214 661 4281 τὴν
687 4213 975 4279 Γαλατίαν,
1019 4215 1112 4266 καὶ
1144 4215 1389 4276 ἐναταῖος
1417 4216 1494 4275 είς
1527 4216 1627 4283 τὴν
1652 4214 1809 4266 Βιθυ-

235 4303 364 4357 νίαν
391 4303 719 4369 ἀφικνεῖται.
758 4304 1057 4365 Λεύκολλος
1087 4304 1142 4356 δέ
1173 4305 1383 4357 Κότταν
1411 4305 1508 4375 μὲν
1550 4308 1808 4375 ἐφορμεῖν

236 4391 459 4446 κελεύει
501 4392 579 4462 τῷ
610 4392 990 4463 Καλχηδονίων
1020 4395 1197 4463 λιμένι
1236 4397 1401 4448 παντὶ
1433 4396 1509 4465 τῷ
1548 4394 1805 4465 ναυτικῷ.

1906 3311 2047 3353 teres
2063 3304 2116 3349 et
2151 3304 2405 3349 cercuras
2461 3286 2720 3348 vocitant,
2749 3298 2850 3335 non
2887 3281 3110 3349 exiguus
3131 3286 3250 3329 erat
3272 3288 3456 3326 nurne-

1905 3407 2013 3445 rus.
2047 3388 2402 3455 DiOphautum
2425 3381 2585 3434 etiam
2614 3377 2923 3436 Milharnm,
2942 3387 3061 3425 cum
3082 3368 3250 3423 valida
3274 3381 3458 3424 manu,

1907 3485 1958 3535 in
2003 3476 2396 3547 Cappadociam
2444 3470 2684 3529 dimittit,
2745 3475 2801 3519 ut
2848 3462 3089 3532 praesidia
3138 3460 3189 3513 in
3244 3458 3464 3511 urbibus

1910 3573 2135 3626 collucet
2166 3585 2181 3623 :
2217 3576 2293 3631 et,
2324 3565 2371 3619 si
2406 3560 2652 3617 Lucullus
2691 3559 2917 3611 Pontum
2965 3553 3294 3621 ingrediatur
3316 3591 3330 3613 ,
3373 3564 3463 3603 oc-

1909 3673 2123 3726 currat,
2172 3672 2226 3715 et
2276 3669 2611 3728 progressum
2652 3651 2767 3718 ejus
2802 3646 3142 3701 intercludat.
3182 3642 3295 3710 Ipse
3335 3656 3461 3693 vero

1913 3754 2120 3809 150000
2158 3752 2392 3821 peditum
2434 3748 2531 3801 sub
2579 3741 2789 3798 vexillis
2837 3739 2973 3807 apud
3025 3751 3085 3790 se
3132 3735 3364 3794 retinet,
3412 3743 3467 3785 et

1911 3847 2083 3900 12000
2114 3844 2353 3913 equitum
2374 3879 2388 3905 ,
2412 3852 2546 3907 quos
2575 3834 2756 3889 falcati
2792 3840 3086 3900 sequuntur
3118 3840 3306 3880 currus
3338 3821 3465 3887 ﬁt),

1912 3954 2012 3993 nec
2054 3936 2159 3989 ulla
2204 3933 2574 3988 machinarum
2623 3928 2800 3985 omnis
2836 3925 3048 3994 generis
3094 3920 3245 3990 capia
3292 3917 3462 3968 abest.

1912 4029 2193 4084 Concitato
2238 4026 2396 4093 igitur
2438 4024 2648 4083 itinere,
2691 4033 2787 4087 per
2817 4015 3216 4076 Timonitidem,
3253 4010 3466 4077 Cappa-

1915 4123 2125 4175 dociam
2164 4129 2219 4175 et
2250 4117 2513 4172 Galatiam
2574 4125 2824 4183 pergens,
2864 4110 2929 4164 ad
2978 4109 3117 4162 diem
3154 4120 3348 4158 nonum
3383 4099 3469 4154 Bi-

1918 4213 2157 4283 thyniam
2188 4211 2420 4279 attingit.
2443 4206 2695 4262 Lucullus
2724 4202 2944 4257 interim
2969 4200 3181 4255 Cottam
3225 4196 3276 4249 in
3309 4192 3469 4248 Chal-

1915 4304 2261 4358 cedoniorum
2312 4310 2467 4370 portu
2545 4297 2829 4353 stationem
2884 4291 3084 4345 habere
3144 4288 3295 4356 jubet
3346 4300 3467 4337 cum

1916 4396 2061 4449 omni
2095 4393 2286 4447 classe.

522 4503 650 4560 CAP.
693 4505 802 4559 XL.
830 4535 901 4545 --
947 4505 1307 4560 Heracliemes
1352 4506 1645 4560 Mithridati
1696 4524 1749 4560 se
1802 4507 2091 4576 adjunguut
2131 4513 2179 4557 et
2211 4502 2512 4571 publicanos
2556 4499 2815 4553 Romanos
2853 4493 3190 4560 interﬁciunt.

315 4622 393 4674 Τὸ
426 4621 482 4674 δὲ
525 4622 855 4692 Μιθριδάτου
886 4626 1139 4677 ναυτικὸν
1168 4626 1480 4695 παραπλέον
1509 4627 1607 4694 τὴν
1642 4626 1814 4696 Ἡρά-
1848 4631 1892 4684 Ι)

1808 4654 1814 4666 ·
1848 4631 1892 4684 Ι)
1989 4624 2309 4679 Mithridatis
2335 4632 2512 4676 autem
2533 4620 2721 4675 classis
2742 4616 3047 4671 Heracleam
3071 4610 3470 4684 prmterlegens,

238 4715 432 4769 κλειαν
475 4714 605 4784 παρ’
644 4716 814 4785 αὐτῆς
862 4717 961 4768 οὐκ
1012 4717 1240 4787 ἐδέχθη,
1293 4719 1406 4771 ἀλλ’
1446 4720 1648 4789 ἀγορὰν
1713 4720 1812 4788 μὲν

237 4805 627 4873 αἰτησαμένων
682 4808 977 4875 παρέσχον.
1026 4802 1127 4860 Οἷα
1172 4808 1229 4860 δὲ
1286 4810 1465 4871 εἰκὸς,
1530 4810 1812 4878 ἐπιμιξίας

235 4896 543 4964 γενομένης
614 4896 903 4966 Ἀρχέλαος
967 4900 995 4951 ό
1048 4897 1144 4949 τοῦ
1206 4898 1458 4950 ναυτικοῦ
1512 4902 1812 4970 στρατηγὸς

236 4983 505 5035 συνέλαϐε
577 4984 797 5054 Σιλῆνον
828 4988 871 5017 ’⁸
927 4988 1021 5039 καὶ
1083 4988 1319 5057 Σάτυρον
1380 4992 1659 5056 ἐπιφανεῖς
1713 4992 1810 5059 τῆς

252 5073 586 5143 Ἡρακλείας
623 5074 842 5144 ἄνδρας,
876 5083 968 5130 και
1009 5080 1107 5131 οὐκ
1151 5080 1350 5148 ἀνῆκεν
1384 5081 1485 5142 ἕως
1520 5082 1584 5132 ἂν
1626 5081 1813 5133 ἔπεισε

237 5165 433 5216 λαϐεῖν
458 5165 619 5217 πέντε
653 5169 896 5237 τριήρεις
924 5170 1269 5239 συμμαχίδας
1297 5173 1375 5233 εἰς
1409 5171 1501 5223 τὸν
1544 5174 1681 5225 κατά
1706 5172 1814 5225 τῶν

250 5255 545 5321 Ῥωμαίων
595 5256 852 5326 πόλεμον.
890 5259 1001 5311 Καὶ
1048 5261 1155 5311 ἀπὸ
1195 5260 1398 5328 ταύτης
1424 5264 1522 5331 τῆς
1566 5263 1815 5330 πράξεως

242 5348 409 5413 (ἶπερ
468 5346 559 5398 καὶ
610 5345 900 5417 Ἀρχέλαος
953 5351 1301 5419 ἐμηχανᾶτο)
1363 5352 1461 5420 τὴν
1534 5352 1817 5419 Ῥωμαίων

240 5436 545 5503 ἀπέχθειαν
592 5438 621 5490 ὁ
676 5438 1060 5510 Ἡρακλεώτης
1093 5441 1263 5511 δῆμος
1301 5444 1586 5511 ἐκτήσατο.
1632 5447 1810 5513 Δημο·

243 5530 474 5593 οιωνίας
520 5530 577 5582 δὲ
619 5530 729 5583 τῶν
789 5532 1073 5602 Ῥωμαίων
1129 5534 1187 5584 ἐν
1235 5535 1355 5596 ταῖς
1393 5533 1578 5596 ἄλλαις
1629 5533 1815 5586 πόλεσι

1910 4719 1984 4771 ab
2023 4732 2086 4770 ea
2121 4732 2223 4769 non
2257 4715 2511 4783 recipitur
2541 4730 2555 4767 :
2592 4711 2764 4765 forum
2806 4718 2981 4763 tamen
3008 4708 3195 4761 venale
3238 4705 3475 4773 roganti—

1918 4809 2017 4861 bus
2049 4808 2289 4876 praebent
2324 4821 2338 4858 :
2368 4816 2419 4860 et
2442 4803 2783 4859 commerciis
2804 4842 2818 4867 ,
2850 4810 2908 4855 ut
2946 4800 3058 4855 fieri
3096 4798 3266 4862 solet,
3308 4799 3473 4860 initis,

1919 4898 2213 4952 Archelaus
2253 4898 2526 4966 copiarum
2576 4892 2844 4948 navalium
2892 4892 3101 4952 ductor,
3142 4889 3378 4943 Silenum
3423 4901 3476 4942 et

1921 4989 2197 5060 Satyrum,
2228 4989 2435 5041 nobiles
2459 5003 2522 5042 ex
2552 4985 2809 5040 Heraclea
2841 4984 3008 5046 viros,
3034 4980 3473 5048 comprehendit:

1919 5097 2017 5134 nec
2059 5082 2205 5148 prius
2242 5081 2479 5143 dimisit,
2527 5081 2687 5147 quam
2735 5076 3094 5146 persuasisset
3144 5082 3198 5125 ut
3239 5074 3477 5139 quinque

1922 5174 2232 5227 triremibus
2278 5174 2448 5240 ipsum
2480 5172 2530 5224 in
2564 5172 2663 5224 hoc
2692 5186 2811 5223 cum
2854 5168 3111 5222 Romanis
3153 5167 3289 5219 bello
3325 5165 3473 5231 adju-

1920 5276 2129 5319 vareut.
2174 5262 2285 5317 Hoc
2328 5262 2467 5316 facto
2512 5263 2674 5330 (quod
2719 5270 2773 5314 et
2815 5259 3114 5313 Archelaus
3156 5257 3477 5311 veteratorie

1924 5356 2143 5409 molitus
2169 5354 2306 5424 erat)
2352 5354 2713 5406 Romanorum
2754 5350 3084 5404 iuimicitiaut
3120 5347 3345 5416 populus
3374 5344 3479 5397 lle-

1922 5444 2200 5497 racliensis
2222 5444 2324 5496 sibi
2355 5441 2679 5495 conciliavit.
2706 5439 2838 5492 Cum
2879 5439 3040 5506 igitur
3072 5436 3347 5489 auctiones
3382 5451 3477 5501 pu-

1924 5534 2089 5587 blicas
2110 5532 2333 5586 Romani
2370 5533 2424 5585 in
2464 5534 2584 5587 aliis
2613 5532 2924 5584 civitatibus
2962 5530 3327 5592 instituerent,
3371 5530 3474 5581 lle-

1485 5623 1717 5679 VARUE
1765 5624 2164 5679 LECTIONES.

320 5718 364 5798 ’ξ
402 5714 739 5799 ἐκϐρλαῖςρς.
818 5705 1237 5799 ’τάπεκρίνοντό
1261 5734 1324 5785 ς,
1400 5719 1441 5750 ¹⁸
1473 5718 1589 5773 libri
1616 5720 2078 5790 πεντηκοντήρων,
2162 5719 2202 5749 ¹⁹
2237 5716 2479 5785 Μιθάρου
2516 5718 2594 5772 vel
2621 5717 2877 5789 Μιθάρεω
2931 5716 3189 5783 Scaliger.

236 5785 454 5854 ,χιλίους
485 5786 523 5837 Α
567 5802 581 5837 :
615 5786 708 5839 δύο
744 5803 802 5849 ς.
879 5788 921 5819 ¹¹
952 5785 1147 5841 σιλῖνον
1174 5794 1237 5843 Α.

3292 5714 3337 5744 ’⁸
3362 5713 3474 5767 δισ-
